2466 3805
297 233 309 258 1
325 215 383 272 48

287 310 381 347 sinit.
409 310 448 347 Si
475 310 534 347 hic
566 319 644 361 post
663 310 937 360 quadringentos
966 319 1074 343 annos
1092 305 1260 353 libertas,
1288 309 1311 338 D

289 370 375 420 quid
393 370 543 416 mirum,
564 370 592 407 si
617 370 774 420 idipsum
793 369 828 405 in
856 381 964 418 regno
984 366 1078 403 fiat?
1100 367 1264 402 Attamen

288 430 356 468 hoc
371 431 451 468 fecit
460 460 470 478 ‚
488 444 550 467 nec
563 439 699 479 tempus
713 427 827 478 potuit
840 427 970 464 falsum
984 439 1057 463 esse
1072 437 1267 463 sermonem

291 489 536 541 comprobare,
557 487 620 524 etsi
638 499 707 524 non
726 486 865 523 modica
883 485 1041 537 oppressi
1060 485 1131 522 sint
1149 483 1265 523 servi-

288 559 372 587 tute.
392 551 513 598 Neque
530 547 612 585 satis
632 546 699 598 ipsi
724 547 792 583 fuit
817 546 897 583 illos
915 545 1099 597 punivisse
1112 574 1122 593 ,
1144 544 1208 582 sed
1233 553 1266 582 et

287 610 341 646 his
361 609 451 646 hona
471 607 657 659 promittit.
677 606 829 646 Videtur
847 615 964 644 autem
987 605 1077 643 mihi
1098 605 1156 643 hic
1174 604 1268 643 velle

285 669 370 720 ipsis
388 668 557 706 beneficia
576 667 612 705 in
640 667 848 705 memoriam
866 680 1042 706 revocare.
1063 665 1099 704 8.
1120 667 1175 704 Et
1195 666 1264 702 de-

285 730 339 766 dit
356 729 418 766 illi
442 736 711 767 testamentum
726 730 1051 775 circumcisionis,
1071 735 1105 765 et
1125 728 1179 764 sic
1198 739 1263 778 ge-

285 792 367 827 nuit
388 792 516 828 Isaac.
542 790 610 828 Hic
625 791 700 841 jam
723 789 909 828 demissius
930 789 1101 840 loquitur.
1121 789 1174 826 Et
1193 790 1266 825 cir-

283 851 465 889 cumcidit
497 865 584 890 eum
620 853 681 889 die
718 860 854 889 octavo
874 866 884 886 .·
912 859 947 888 et
979 853 1094 888 Isaac
1117 850 1265 897 Jacob7

284 919 319 948 ct
334 911 456 948 Jacob
473 912 672 950 duodecim
682 912 944 963 patriarchas.
965 911 1017 948 Et
1028 910 1265 962 patriarcha?

284 972 525 1018 mutilantes,
548 974 690 1023 Joseph
709 972 967 1009 vendiderunt
983 973 1024 1007 in,
1040 971 1264 1021 AEgrptum.

283 1034 357 1071 Hoc
376 1042 410 1071 et
433 1034 468 1071 in
499 1033 639 1070 Christo
665 1033 798 1070 sactum
817 1040 869 1069 est
898 1047 906 1068 :
930 1044 1014 1069 nam
1032 1030 1129 1068 illius
1148 1030 1266 1080 figura

282 1104 354 1133 crat
386 1094 541 1146 Joseph3
572 1093 720 1143 ideoque
750 1091 980 1131 subindicans
1012 1090 1123 1136 illud,
1156 1099 1265 1127 totam

283 1156 369 1194 texit
389 1156 585 1194 historiam.
611 1156 701 1192 Cum
719 1154 812 1192 enim
831 1153 921 1191 nihil
941 1161 1062 1190 contra
1082 1151 1187 1189 illum
1202 1150 1266 1187 ha-

280 1217 419 1266 berent,
445 1216 509 1254 sed
536 1215 670 1255 veniret
698 1215 758 1252 ille
782 1223 821 1251 ut
849 1213 968 1251 cibum
987 1213 1152 1261 afferret,
1174 1211 1267 1248 male

279 1276 398 1328 ipsum
417 1285 640 1329 exceperunt.
667 1276 715 1314 Et
732 1274 815 1315 vide
835 1274 894 1311 hie
913 1274 1042 1311 iterum
1060 1270 1265 1324 promissio-

280 1352 359 1377 nem
377 1339 441 1377 diu
459 1337 743 1391 exspectandam,
764 1351 842 1387 quae
861 1345 978 1373 tamen
996 1335 1104 1372 finem
1124 1333 1265 1384 accipit.

280 1401 333 1437 Et
352 1408 434 1438 crat
454 1401 560 1437 Deus
583 1412 671 1437 cum
693 1412 736 1436 eo
765 1413 775 1434 .·
806 1406 840 1435 et
865 1396 934 1435 hoc
962 1395 1108 1434 illorum
1134 1393 1259 1446 gratia.

281 1462 344 1499 10.
362 1463 415 1499 Et
429 1463 567 1512 eripuit
587 1474 673 1499 eum
689 1474 736 1499 ex
753 1461 928 1497 omnibus
949 1458 1264 1496 tribulationibus

277 1524 370 1574 ejus.
388 1521 456 1559 Hic
469 1521 624 1560 ostendit
639 1521 721 1559 illos
738 1519 866 1558 inscios
881 1518 927 1557 ad
944 1517 1140 1571 prophetiae
1156 1529 1264 1556 even-

275 1590 354 1620 tum
378 1583 567 1621 contulisse
578 1598 590 1634 5
609 1583 774 1635 ipsosque
793 1590 950 1619 auctores
968 1579 1075 1617 fuisse
1086 1609 1097 1630 7
1117 1588 1152 1618 et
1169 1579 1264 1618 mala

276 1644 313 1681 in
329 1644 424 1695 ipsos
443 1643 619 1682 recidisse.
632 1645 686 1681 Et
703 1644 808 1681 dedit
825 1645 860 1680 ei
871 1643 1040 1694 gratiam
1059 1648 1094 1678 et
1111 1643 1262 1691 sapien-

277 1710 371 1744 tiam
401 1710 443 1744 in
475 1715 680 1758 conspectu
712 1707 936 1743 Pharaonis
969 1705 1067 1755 regis
1088 1704 1318 1754 sEgypti·12s

277 1768 439 1806 Gratiam
451 1767 569 1817 dedit,
588 1767 696 1819 idque
709 1766 807 1818 apud
821 1765 1015 1803 barbarum
1030 1777 1149 1815 regem
1157 1794 1169 1814 7
1190 1778 1264 1802 ser·
1285 1765 1310 1794 Λ

277 1842 341 1877 vo,
364 1828 507 1880 captivo
527 1843 535 1865 :
556 1842 660 1878 quem
678 1828 802 1865 fratres
830 1826 979 1877 quidem
1001 1824 1236 1865 vendiderant
1250 1854 1261 1875 ‚

277 1890 337 1927 ille.
355 1903 438 1928 vero
456 1888 655 1927 honoravit.
690 1890 750 1924 11.
787 1889 899 1925 Venit
928 1895 1058 1924 autem
1067 1887 1203 1938 sames
1223 1889 1265 1923 in,

281 1952 500 1987 universam
535 1958 677 1987 terram
711 1950 801 1999 [Egj
809 1950 871 2000 pti
902 1955 939 1985 et
972 1948 1166 1985 Clzanaan
1180 1976 1192 1993 ,
1229 1956 1266 1984 et

283 2008 482 2045 tribulatio
508 2020 680 2059 magna5
712 2015 748 2044 et
779 2020 855 2044 non
883 2007 1132 2043 inveniebant
1162 2007 1266 2042 cibos

281 2074 409 2118 patres
429 2068 562 2103 nostri.
591 2067 654 2103 ta.
681 2065 778 2102 Cum
801 2065 970 2102 audisset
986 2072 1115 2101 autem
1142 2064 1266 2100 Jacob

285 2140 365 2164 esse
367 2127 575 2178 frumenta
589 2129 631 2163 in
649 2127 832 2176 AEgrpto,
851 2128 956 2163 misit
967 2134 1097 2176 patres
1118 2133 1265 2162 nostros

284 2186 464 2235 primum.
485 2184 547 2220 15.
566 2185 618 2220 Et
629 2186 670 2220 in
682 2184 847 2220 secundo
863 2184 1036 2233 cognitus
1047 2190 1103 2219 est
1122 2182 1153 2219 J
1152 2183 1266 2232 oseplt

287 2256 312 2279 a
334 2243 532 2294 fratribus
564 2243 653 2278 suis.
685 2240 951 2278 Descenderunt
969 2238 1114 2288 emturi,
1147 2248 1180 2277 et
1204 2239 1267 2277 illo

288 2317 376 2355 opus
393 2303 561 2340 habuere.
584 2301 678 2348 Quid
703 2301 814 2352 igitur
831 2300 920 2338 ille?
939 2302 1018 2339 Non
1037 2313 1075 2337 ea
1096 2299 1131 2337 in
1154 2313 1192 2337 re
1206 2314 1266 2337 so-

288 2366 364 2402 lum
381 2364 635 2415 benignitatem
655 2376 755 2401 suam
774 2361 929 2399 ostendit
940 2376 950 2410 3
971 2360 1031 2398 sed
1051 2360 1157 2398 etiam
1176 2361 1269 2398 Pha-

290 2426 388 2464 raoni
404 2425 438 2463 id
455 2425 648 2475 indicavit,
667 2424 819 2474 illosque
838 2422 1003 2460 deduxit.
1027 2423 1080 2459 Et
1102 2424 1270 2459 innotuit

291 2489 494 2525 Pharaoni
516 2499 636 2539 genus
668 2486 825 2537 Joseplz.
855 2485 918 2521 44.
951 2485 1112 2521 Mittens
1142 2492 1269 2521 autem

292 2549 323 2586 J
322 2549 454 2600 oseph,
490 2549 691 2586 accersivit
722 2546 845 2584 Jacob
875 2552 1025 2596 patrem
1062 2558 1170 2581 suum
1186 2575 1198 2591 ,
1235 2553 1270 2582 et

294 2622 443 2647 omnem
455 2610 723 2660 cognationem
734 2619 843 2643 suam
856 2608 896 2641 in
911 2607 1114 2642 animabus
1125 2613 1272 2656 septua-

292 2673 403 2721 ginta
434 2672 617 2721 quinque.
655 2669 715 2707 15.
753 2668 806 2703 Et
839 2666 1037 2704 descendit
1072 2666 1196 2703 Jacob
1231 2669 1272 2702 in

295 2730 520 2780 AEgyptum‚
543 2727 823 2778 defunctusque
840 2734 896 2762 est
910 2727 990 2775 ipse
1005 2732 1041 2761 et
1054 2732 1185 2775 patres
1203 2738 1271 2762 no-

295 2793 374 2828 stri.
395 2792 454 2828 16.
473 2790 526 2827 Et
542 2788 727 2826 translati
742 2796 829 2824 sunt
845 2789 885 2823 in
905 2786 1068 2831 Siclzem,
1099 2794 1135 2823 et
1158 2788 1275 2836 positi

295 2859 384 2890 sunt
413 2853 454 2888 in
469 2849 641 2901 sepulcro
654 2877 666 2893 ,
690 2847 794 2898 quod
820 2848 911 2883 emit
930 2845 1137 2882 Abraham
1152 2849 1275 2896 pretio

297 2915 446 2964 argenti
465 2925 488 2949 a
493 2911 597 2963 filiis
617 2910 762 2946 Hemor
788 2907 867 2958 filii
899 2907 1062 2945 Siclzem.
1096 2908 1156 2945 17.
1179 2908 1275 2945 Cum

298 2981 427 3011 autem
455 2973 778 3023 appropinquaret
810 2976 954 3019 tempus
978 2971 1242 3018 promissionis
1260 2999 1273 3015 ,

298 3035 344 3072 de
363 3047 441 3085 qua
451 3035 653 3085 juraverat
681 3031 786 3067 Deus
805 3029 999 3074 Abrahae,
1023 3032 1141 3067 crevit
1158 3043 1277 3081 popu-

301 3096 372 3140 lus,
389 3102 425 3132 et
439 3093 717 3143 multiplicatus
728 3099 781 3127 est
801 3092 841 3126 in
857 3091 1038 3141 AEgypto‚
1054 3090 1116 3128 18.
1135 3093 1278 3143 quoad-

732 231 749 251 G

731 251 768 259 m·

806 229 987 260 JOANMS
1024 225 1266 256 CHRYSOST.

1308 226 1510 257 ARCfflEP.
1548 227 1822 258 CONSTANTIN
1831 229 1904 258 ΟΡ.

1336 313 1553 357 πειρασμοῖς.
1572 308 1617 345 Εἰ
1634 309 1779 346 ἐνταῦθα
1799 309 1888 358 μετὰ
1906 310 2114 361 τετρακόσια
2133 309 2194 355 ἔτη
2219 312 2240 355 ἡ
2261 312 2351 347 ἐλευ-

1337 365 1457 416 θερία,
1487 366 1522 403 τί
1548 368 1758 418 θαυμαστὸν,
1785 369 1842 406 ἐπὶ
1859 371 1922 415 τῆς
1946 369 2124 420 βασιλείας
2150 371 2180 407 εἰ
2202 369 2242 407 τὸ
2269 369 2353 407 αὐτὸ

1336 424 1467 475 γίνεται
1478 442 1487 474 3
1507 426 1631 477 “Opaoq
1647 431 1727 478 γοῦν
1748 428 1901 475 ἐποίησε,
1916 429 1975 466 καὶ
1994 431 2056 467 οὔκ
2074 429 2213 482 ἴσχιυσεν
2234 432 2251 467 ὃ
2269 428 2352 480 χρό-

1337 500 1390 529 νος
1408 487 1454 529 ὡς
1469 487 1577 538 ψευδῆ
1596 486 1730 538 ἐλέγξαι
1747 487 1803 525 τὸν
1821 487 1935 537 λόγον,
1955 488 2068 526 καίτοι
2092 492 2129 527 οὗ
2145 489 2207 536 τὴν
2221 491 2352 540 τυχοῦ-

1338 561 1400 582 σαν
1440 547 1596 584 δουλείαν
1627 547 1829 597 ὓπέμειναν.
1859 550 1912 586 Οὐ
1942 548 2009 598 μὴν
2040 549 2117 586 οὐδὲ
2149 549 2254 601 μέχρι
2291 550 2354 594 τῆς

1336 607 1503 660 τιμωρίας
1524 610 1586 654 τῆς
1605 607 1743 646 ἐκείνων
1763 607 1844 655 ἔστη
1856 637 1865 655 ,
1896 608 1986 646 ἀλλὰ
2005 609 2063 646 καὶ
2083 610 2197 653 αὐτοῖς
2215 609 2353 661 χρηστὰ

1335 667 1598 719 ἐπαγγέλλεται.
1620 669 1724 718 Ἐμοὶ
1743 668 1777 706 δὲ
1799 670 1890 706 δοκεῖ
1920 667 1977 706 διὰ
2000 668 2128 706 τούτων
2150 669 2268 712 αὐτοὺς
2294 669 2355 707 καὶ

1338 728 1613 778 ἀναμιμνήσκειν
1632 731 1695 774 τῆς
1714 727 1920 781 εὐεργεσίας,
1934 723 1974 774 ἧς
1990 728 2125 780 ἔτυχον.
2143 728 2213 767 Καὶ
2229 730 2354 767 ἔδωκεν

1337 790 1430 840 αὐτῷ
1461 788 1628 836 διαθήκην
1661 791 1866 840 περιτομῆς,
1895 788 1956 826 καὶ
1982 788 2089 832 οὕτως
2110 789 2270 841 ἐγέννησε
2296 789 2353 828 τὸν

1336 849 1471 888 Ἰσαάκ.
1492 849 1663 888 Ἐνταῦθα
1691 850 1810 888 λοιπὸν
1839 849 2040 901 καθυφίησι.
2062 851 2130 888 Καὶ
2152 849 2353 903 περιέτεμεν

1338 910 1437 948 αὐτὸν
1465 912 1507 962 τῇ
1525 910 1641 962 ἡμέρᾳ
1658 912 1702 962 τῇ
1728 909 1830 962 ὀγδόῃ
1845 924 1853 934 ⁸
1876 910 1935 948 καὶ
1955 913 1972 948 ὃ
1988 910 2112 949 Ἰσαὰκ
2129 911 2186 949 τὸν
2211 910 2354 958 Ἰακὼὸ,

1337 969 1395 1006 καὶ
1416 972 1434 1007 ὃ
1453 969 1582 1008 Ἰακὼὸ
1610 970 1687 1014 τοὺς
1712 970 1846 1009 δώδεκα
1875 971 2107 1025 πατριάρχας.
2129 971 2199 1009 Καὶ
2225 973 2257 1009 οἱ
2287 988 2354 1009 πα-

1336 1029 1501 1083 τριάρχαι
1517 1029 1735 1077 ζηλώσαντες
1760 1031 1816 1069 τὸν
1847 1031 1976 1084 Ἰωσὴφ
1991 1061 2001 1079 ,
2036 1031 2204 1070 ἀπέδοντο
2234 1033 2280 1075 εἷς
2293 1032 2356 1071 Αἴ-

1334 1105 1477 1141 γυπτον.
1497 1092 1529 1128 Τ
1532 1094 1610 1128 οῧτο
1635 1090 1695 1128 καὶ
1714 1091 1771 1129 ἐπὶ
1790 1094 1849 1130 τοῦ
1868 1093 2021 1144 Χριστοῦ
2044 1091 2164 1143 γέγονε
2179 1107 2187 1115 ·
2214 1092 2274 1130 καὶ
2287 1091 2355 1143 γὰρ

1337 1151 1441 1187 αὐτοῦ
1472 1149 1578 1193 τύπος
1606 1152 1624 1188 ὃ
1651 1151 1781 1203 Ἰωσήφ
1798 1166 1806 1174 ·
1840 1152 1892 1189 ’διὸ
1922 1152 1982 1190 καὶ
2014 1151 2265 1203 αἰνιττόμενος,
2290 1151 2353 1198 τὴν

1335 1208 1489 1260 ἱστορίαν
1512 1211 1556 1247 δι’
1577 1210 1656 1248 ὅλου
1676 1211 1858 1255 ἐπέξεισιν.
1877 1211 1987 1250 Οὐδὲν
2008 1212 2074 1264 γὰρ
2094 1211 2229 1264 ἔχοντες
2245 1214 2354 1263 ἐγκα-

1334 1270 1418 1317 λεῖν,
1437 1270 1512 1307 ἀλλ’
1536 1269 1678 1308 ἐλθόντα
1700 1271 1758 1309 ἐπὶ
1771 1270 1900 1323 τροφὴν
1915 1270 1977 1317 τὴν
1998 1272 2129 1319 αὐτῶν,
2148 1274 2265 1316 κακῶς
2284 1272 2356 1310 διέ-

1335 1333 1455 1377 θηκαν.
1489 1329 1557 1368 Καὶ
1585 1329 1662 1383 ὅρα,
1695 1329 1747 1368 ὅτι
1775 1330 1834 1368 καὶ
1865 1332 2012 1369 ἐνταῦθα
2039 1331 2144 1369 πάλιν
2166 1331 2356 1383 ἐπαγγελία

1336 1390 1472 1442 μακρὰ,
1498 1390 1556 1429 καὶ
1576 1390 1670 1441 ὅμως
1695 1391 1792 1436 τέλος
1820 1391 2006 1442 λαμὸάνει.
2037 1391 2108 1430 Καὶ
2140 1386 2181 1439 ἦν
2218 1395 2236 1430 ὃ
2267 1393 2357 1436 Θεὸς

1335 1451 1413 1502 μετ’
1434 1452 1538 1489 αὐτοῦ
1560 1467 1567 1475 ·
1591 1455 1693 1490 τοῦτο
1720 1452 1780 1490 καὶ
1813 1451 1898 1504 ὑπὲρ
1939 1453 2067 1490 αὖτῶν.
2106 1452 2177 1491 Καὶ
2207 1453 2356 1497 ἐξείλετο

1335 1511 1434 1549 αὐτὸν
1459 1514 1497 1550 ἐκ
1515 1515 1636 1550 πασῶν
1657 1515 1723 1550 τῶν
1743 1511 1914 1564 εθλίψεων
1952 1515 2065 1551 αὐτοῦ.
2088 1515 2261 1552 Ἐνταῦθα
2287 1514 2355 1552 δεί-

1332 1587 1464 1620 κνυσιν,
1494 1571 1547 1610 ὅτι
1577 1574 1637 1611 οὐκ
1667 1572 1791 1616 εἰδότες
1821 1572 2052 1624 συνέπραττον
2081 1577 2123 1625 τῇ
2144 1574 2349 1627 προφητείᾳ,

1333 1632 1391 1670 καὶ
1409 1632 1461 1670 ὅτι
1481 1632 1576 1670 αὐτοὶ
1597 1632 1699 1670 αἴτιοι
1720 1633 1891 1684 ἐγίνοντο,
1910 1634 1969 1671 καὶ
1988 1633 2032 1671 τὰ
2052 1633 2144 1672 κακὰ
2164 1637 2210 1677 εἷς
2230 1634 2353 1678 αὐτοὺς

1332 1692 1590 1744 περιετρέπετο.
1622 1693 1694 1731 Καὶ
1730 1693 1855 1730 ἔδωκεν
1885 1696 1978 1746 αὐτῷ
2008 1695 2110 1746 χάριν
2147 1695 2206 1732 καὶ
2232 1695 2352 1747 σοφίαν

1334 1751 1447 1790 ἔναντι
1466 1752 1604 1804 Φαραὼ
1625 1752 1794 1804 βασιλέως
1817 1752 2006 1804 Αἰγύπτου.
2021 1754 2132 1807 Χάριν
2153 1755 2274 1804 ἔδωκε,
2293 1756 2353 1794 καὶ

1333 1817 1444 1850 ταῦτα
1455 1813 1511 1851 ἐπὶ
1525 1812 1702 1865 βαρὸἄρου
1715 1813 1848 1865 ἀνδρὸς,
1859 1817 1909 1866 τῷ
1922 1814 2030 1866 δούλῳ
2042 1815 2101 1852 καὶ
2116 1815 2331 1868 αἰχμαλώτῳ
2345 1832 2351 1839 ·

1335 1873 1370 1911 ὃν
1399 1875 1429 1911 οἱ
1458 1873 1518 1925 μὲν
1555 1873 1696 1925 ἀδελφοὶ
1732 1874 1918 1923 ἀπέδοντο,
1950 1878 2077 1920 ἐκεῖνος
2108 1876 2144 1915 δὲ
2172 1877 2350 1928 ἐτίμησεν.

1337 1934 1498 1985 Ἐγένετο
1514 1933 1550 1972 δὲ
1564 1934 1664 1985 λιμὸς
1679 1936 1730 1986 ἐφ’
1745 1934 1828 1980 ὅλην
1845 1934 1907 1982 τὴν
1924 1939 1988 1987 γῆν
2005 1937 2182 1988 Αἰγύπτου
2198 1938 2258 1976 καὶ
2281 1940 2355 1976 Χα-

1335 1993 1434 2041 ναὰν,
1447 1994 1507 2032 καὶ
1521 1996 1634 2046 θλῖψις
1650 1994 1797 2045 μεγάλη,
1808 1995 1867 2032 καὶ
1877 1997 1942 2047 οὐχ
1952 1995 2353 2050 εὕρισκονχορτοίσματα

1338 2056 1369 2092 οἳ
1405 2054 1553 2106 πατέρες
1586 2057 1702 2105 ἡμῶν.
1739 2054 1904 2099 Ἀκούσας
1935 2055 1971 2093 δὲ
2000 2056 2130 2094 'Ia-m&
2162 2058 2245 2096 ὄντα
2276 2064 2356 2097 σῖτα

1337 2118 1370 2155 ἕν
1389 2114 1570 2167 Αἰγύπτῳ,
1587 2114 1806 2159 ἐξαπέστειλε
1823 2115 1901 2159 τοὺς
1915 2116 2069 2168 πατέρας
2085 2120 2185 2168 ἡμῶν
2204 2121 2355 2171 πρῶτον.

1337 2175 1408 2212 Καὶ
1425 2178 1457 2213 ἐν
1478 2178 1528 2226 τῷ
1545 2174 1692 2227 δευτέρῳ
1710 2176 1943 2228 ἀνεγνωρίσθη
1961 2176 2092 2229 Ἰωσὴφ
2108 2184 2179 2223 τοῖς
2199 2180 2358 2232 ἀδελφοῖς

1338 2237 1455 2272 αὐτοῦ.
1485 2237 1667 2280 Κατῆλθον
1694 2235 1925 2285 ὠνησόμενοι,
1949 2238 2008 2274 καὶ
2035 2237 2164 2277 ἐκείνου
2193 2241 2229 2277 ἐν
2255 2240 2358 2294 χρείᾳ

1337 2294 1566 2340 κατέστησαν.
1592 2294 1639 2333 Τί
1661 2289 1716 2332 οὖν
1747 2295 1865 2342 αὐτός
1898 2298 1951 2334 Οὐ
1986 2297 2090 2349 μέχρι
2115 2299 2234 2338 τούτου
2268 2286 2356 2347 ίἶτῆν

1337 2355 1596 2407 φιλανθρωπίαν
1614 2355 1822 2399 ἐπεδείξατο,
1839 2355 1928 2394 ἀλλὰ
1942 2357 2001 2394 καὶ
2019 2361 2068 2410 τῷ
2088 2359 2226 2410 Φαραὼ
2255 2360 2356 2411 ἐγνώ-

1341 2432 1434 2468 ρισε,
1452 2416 1511 2454 καὶ
1530 2416 1652 2460 αὐτοὺς
1671 2416 1861 2468 κατήγαγε.
1886 2417 1957 2455 Καὶ
1984 2419 2128 2471 φανερὸν
2150 2420 2284 2472 ἐγένετο
2306 2424 2356 2473 τῷ

1339 2478 1476 2531 Φαραὼ
1495 2477 1534 2515 τὸ
1553 2477 1649 2527 γένος
1665 2481 1724 2515 τοῦ
1744 2477 1887 2530 Ἰωσήφ.
1905 2477 2127 2523 Ἀποστείλας
2147 2480 2181 2518 δὲ
2207 2481 2356 2533 Ἰωσὴφ,

1342 2538 1596 2589 μετεκαλέσατο
1614 2539 1671 2576 τὸν
1700 2538 1835 2591 πατέρα
1855 2539 1959 2576 αὐτοῦ
1977 2539 2126 2587 Ἰακὼὸ,
2155 2541 2215 2579 καὶ
2241 2549 2358 2580 πᾶσαν

1341 2598 1403 2645 τὴν
1432 2598 1630 2650 συγγένειαν
1656 2601 1690 2637 ἐν
1723 2598 1963 2649 ἑὸδομήκοντα
1993 2600 2052 2638 καὶ
2085 2601 2188 2639 πέντε
2216 2603 2357 2654 ψυχαῖς.

1343 2659 1483 2705 Κατέὸη
1503 2659 1538 2698 δὲ
1558 2658 1689 2697 Ἰακὼὸ
1708 2661 1755 2703 εἷς
1776 2659 1965 2710 Αἴγυπτον,
1985 2660 2045 2698 καὶ
2060 2661 2280 2709 ἐτελεύτησεν
2299 2665 2363 2701 αὖ·

1342 2721 1398 2763 τὸς
1413 2719 1473 2757 καὶ
1499 2720 1530 2757 οἳ
1550 2719 1696 2772 πατέρες
1718 2721 1832 2770 ἡμῶν.
1859 2720 1930 2758 Καὶ
1957 2720 2191 2771 μετετέθησαν
2217 2724 2264 2766 εἷς
2293 2725 2360 2761 Συ-

1344 2780 1414 2833 χὲμ
1427 2811 1437 2828 ,
1469 2779 1528 2818 καὶ
1556 2779 1720 2826 ἐτέθησαν
1758 2783 1792 2818 ἐν
1831 2782 1880 2832 τῷ
1918 2781 2096 2831 μνήματι,
2138 2781 2155 2819 ὃ
2202 2783 2360 2830 ὠνήσατο

1345 2841 1502 2895 Ἀδραὰμ
1519 2843 1624 2892 τιμῆς
1645 2840 1807 2892 ἀργυρίου
1825 2840 1922 2892 παρὰ
1940 2843 2008 2878 τῶν
2029 2845 2111 2880 υἱῶν
2128 2843 2280 2896 Ἑμμὼρ
2301 2851 2361 2885 τοῦ

1346 2903 1479 2955 Συχέμ.
1500 2900 1624 2945 Καθὼς
1643 2901 1678 2939 δὲ
1696 2901 1834 2952 ἤγγιζεν
1853 2901 1975 2953 χρόνος
1996 2905 2058 2948 τῆς
2076 2905 2299 2955 ἐπαγγελίας,
2320 2901 2362 2953 ἧς

1346 2964 1481 3014 ὤμοσεν
1508 2965 1526 3000 ὅ
1558 2961 1647 3005 Θεὸς
1673 2964 1723 3014 τῷ
1743 2961 1914 3014 Ἀδραὰμ,
1945 2962 2091 3010 ηὔξησεν
2124 2967 2141 3002 ὃ
2175 2966 2274 3014 λαὸς,
2301 2967 2361 3006 καὶ

1348 3023 1538 3071 ἐπληθύνθη
1560 3025 1594 3061 ἐν
1616 3022 1800 3074 Αἰγύπτῳ,
1828 3022 1928 3075 ἄχρις
1963 3017 2001 3061 οῧ
2039 3024 2164 3072 ἀνέστη
2201 3027 2361 3078 βασιλεὺς

1347 3085 1478 3137 ἕτερος,
1497 3083 1532 3128 ὃς
1550 3086 1611 3121 οὐκ
1629 3083 1705 3134 ᾔδει
1727 3082 1784 3120 τὸν
1803 3083 1945 3135 Ἰωσήφ.
1965 3084 2078 3122 Πάλιν
2109 3086 2198 3133 ἄλλη
2220 3075 2361 3126 ἀνελπιέ

301 3156 594 3207 ηςᾳιιεςιιννε.τὶἰ
616 3166 682 3190 rea:
703 3152 819 3197 alius,
837 3153 904 3202 qui
916 3153 1107 3189 nesciebat
1121 3154 1275 3205 Joseph.
1300 3153 1324 3184 C
1349 3146 1427 3185 στία
1445 3161 1452 3169 ·
1472 3144 1595 3198 πρώτη
1625 3143 1687 3194 μὲν
1714 3146 1732 3181 ὅ
1750 3143 1850 3194 λιμὸς
1862 3173 1872 3192 ,
1892 3144 2034 3197 δευτέρα
2069 3147 2108 3184 τὸ
2131 3148 2293 3198 ἐμπεσεῖν
2315 3151 2362 3193 εἷς

301 3219 435 3254 Rursus
454 3215 522 3253 alia
541 3212 747 3265 desperandi
766 3226 869 3250 causa
887 3227 894 3248 :
912 3212 1025 3263 prima
1046 3213 1112 3252 fuit
1137 3213 1245 3253 fames
1261 3231 1273 3267 3

339 3363 341 3371 ¹
369 3349 425 3381 :Xiii
445 3354 474 3383 O)
492 3356 564 3391 ’,ό-των
584 3352 689 3381 akob.
712 3352 758 3381 ml
782 3352 836 3381 ὅτι.

1349 3213 1468 3260 χεῖρας
1487 3209 1545 3244 τοῦ
1562 3206 1722 3256 ἀδελφοῦ,
1740 3204 1800 3242 καὶ
1826 3204 1926 3257 τρίτη
1947 3205 1985 3243 τὸ
2014 3209 2229 3259 ἀναιρεῖσθαι
2249 3211 2361 3261 ψῆφον

1405 3359 1416 3373 ss
1433 3347 1493 3380 Alii
1511 3352 1563 3386 τὴν
1580 3349 1677 3391 φιλίαν
1697 3347 1776 3380 ἐπεῧ.
