<?xml version="1.0" encoding="UTF-8"?>
<!DOCTYPE html PUBLIC "-//W3C//DTD XHTML 1.0 Transitional//EN"
    "http://www.w3.org/TR/xhtml1/DTD/xhtml1-transitional.dtd">
<html xmlns="http://www.w3.org/1999/xhtml" xml:lang="en" lang="en">
 <head>
  <title>
</title>
<meta http-equiv="Content-Type" content="text/html;charset=utf-8" />
  <meta name='ocr-system' content='tesseract 3.04.00' />
  <meta name='ocr-capabilities' content='ocr_page ocr_carea ocr_par ocr_line ocrx_word'/>
</head>
<body>
  <div class='ocr_page' id='page_1' title='image "./operaomniaquaeex09johnuoft/operaomniaquaeex09johnuoft_0138.png"; bbox 0 0 2466 3805; ppageno 0'>
   <div class='ocr_carea' id='block_1_1' title="bbox 705 222 720 229">
    <p class='ocr_par' dir='ltr' id='par_1_1' title="bbox 705 222 720 229">
     <span class='ocr_line' id='line_1_1' title="bbox 705 222 720 229; baseline 0 0"><span class='ocrx_word' id='word_1_1' title='bbox 705 222 720 229; x_wconf 57' lang='lat' dir='ltr'><strong><em>a</em></strong></span> 
     </span>
    </p>
   </div>
   <div class='ocr_carea' id='block_1_2' title="bbox 273 220 1242 252">
    <p class='ocr_par' dir='ltr' id='par_1_2' title="bbox 273 220 1242 252">
     <span class='ocr_line' id='line_1_2' title="bbox 273 220 1242 252; baseline -0.002 -2"><span class='ocrx_word' id='word_1_2' title='bbox 273 223 358 252; x_wconf 86' lang='lat'><em>120</em></span> <span class='ocrx_word' id='word_1_3' title='bbox 703 230 741 252; x_wconf 63' lang='grc' dir='ltr'><em>ὓ.</em></span> <span class='ocrx_word' id='word_1_4' title='bbox 778 222 959 252; x_wconf 72' lang='lat' dir='ltr'>JOANMS</span> <span class='ocrx_word' id='word_1_5' title='bbox 994 220 1242 250; x_wconf 75' lang='lat' dir='ltr'><strong>CHRYSOST.</strong></span> 
     </span>
    </p>
   </div>
   <div class='ocr_carea' id='block_1_3' title="bbox 251 305 1297 3271">
    <p class='ocr_par' dir='ltr' id='par_1_3' title="bbox 251 305 1297 2839">
     <span class='ocr_line' id='line_1_3' title="bbox 264 305 1240 356; baseline -0.005 -14"><span class='ocrx_word' id='word_1_6' title='bbox 264 305 419 344; x_wconf 88' lang='lat' dir='ltr'><em>dicentes</em></span> <span class='ocrx_word' id='word_1_7' title='bbox 439 322 446 342; x_wconf 77' lang='grc' dir='ltr'>ε</span> <span class='ocrx_word' id='word_1_8' title='bbox 468 306 608 344; x_wconf 83' lang='lat' dir='ltr'><em>Nonne</em></span> <span class='ocrx_word' id='word_1_9' title='bbox 623 305 877 356; x_wconf 64' lang='lat' dir='ltr'><em>praecipiendo</em></span> <span class='ocrx_word' id='word_1_10' title='bbox 895 305 1142 354; x_wconf 84' lang='lat' dir='ltr'><em>proecepimus</em></span> <span class='ocrx_word' id='word_1_11' title='bbox 1166 314 1240 337; x_wconf 84' lang='lat' dir='ltr'><em>vo-</em></span> 
     </span>
     <span class='ocr_line' id='line_1_4' title="bbox 266 360 1242 418; baseline -0.008 -13"><span class='ocrx_word' id='word_1_12' title='bbox 266 369 321 405; x_wconf 88' lang='lat' dir='ltr'><em>bis</em></span> <span class='ocrx_word' id='word_1_13' title='bbox 349 381 398 404; x_wconf 86' lang='lat' dir='ltr'><em>ne</em></span> <span class='ocrx_word' id='word_1_14' title='bbox 423 367 666 418; x_wconf 78' lang='lat' dir='ltr'><em>loquamini?</em></span> <span class='ocrx_word' id='word_1_15' title='bbox 686 365 733 402; x_wconf 90' lang='lat' dir='ltr'><em>Et</em></span> <span class='ocrx_word' id='word_1_16' title='bbox 752 364 851 412; x_wconf 73' lang='lat' dir='ltr'><em>vide,</em></span> <span class='ocrx_word' id='word_1_17' title='bbox 873 362 1054 412; x_wconf 89' lang='lat' dir='ltr'><em>quomodo</em></span> <span class='ocrx_word' id='word_1_18' title='bbox 1074 375 1136 412; x_wconf 90' lang='lat' dir='ltr'><em>per</em></span> <span class='ocrx_word' id='word_1_19' title='bbox 1153 360 1242 398; x_wconf 86' lang='lat' dir='ltr'><em>alios</em></span> 
     </span>
     <span class='ocr_line' id='line_1_5' title="bbox 265 422 1241 468; baseline -0.009 -2"><span class='ocrx_word' id='word_1_20' title='bbox 265 427 383 465; x_wconf 82' lang='lat' dir='ltr'><em>omnia</em></span> <span class='ocrx_word' id='word_1_21' title='bbox 413 427 560 465; x_wconf 86' lang='lat' dir='ltr'><strong>discant.</strong></span> <span class='ocrx_word' id='word_1_22' title='bbox 581 425 715 463; x_wconf 81' lang='lat' dir='ltr'><em>Vident</em></span> <span class='ocrx_word' id='word_1_23' title='bbox 742 423 835 460; x_wconf 88' lang='lat' dir='ltr'><em>enim</em></span> <span class='ocrx_word' id='word_1_24' title='bbox 865 422 1026 459; x_wconf 65' lang='lat' dir='ltr'><em>clausum</em></span> <span class='ocrx_word' id='word_1_25' title='bbox 1054 433 1241 468; x_wconf 84' lang='lat' dir='ltr'>carcerem,</span> 
     </span>
     <span class='ocr_line' id='line_1_6' title="bbox 266 483 1242 533; baseline -0.008 -7"><span class='ocrx_word' id='word_1_26' title='bbox 266 496 299 526; x_wconf 91' lang='lat' dir='ltr'><em>et</em></span> <span class='ocrx_word' id='word_1_27' title='bbox 317 487 477 525; x_wconf 86' lang='lat' dir='ltr'>custodes</span> <span class='ocrx_word' id='word_1_28' title='bbox 495 493 624 523; x_wconf 87' lang='lat' dir='ltr'><em>stantes</em></span> <span class='ocrx_word' id='word_1_29' title='bbox 643 492 723 520; x_wconf 87' lang='lat' dir='ltr'><em>ante</em></span> <span class='ocrx_word' id='word_1_30' title='bbox 731 483 872 533; x_wconf 82' lang='lat' dir='ltr'><em>januas.</em></span> <span class='ocrx_word' id='word_1_31' title='bbox 897 484 940 519; x_wconf 62' lang='lat' dir='ltr'><em>Q</em></span> <span class='ocrx_word' id='word_1_32' title='bbox 953 511 960 518; x_wconf 91' lang='lat'><strong>.</strong></span> <span class='ocrx_word' id='word_1_33' title='bbox 985 483 1060 532; x_wconf 86' lang='lat' dir='ltr'><em>Qui</em></span> <span class='ocrx_word' id='word_1_34' title='bbox 1073 495 1160 519; x_wconf 90' lang='lat' dir='ltr'><em>cum</em></span> <span class='ocrx_word' id='word_1_35' title='bbox 1175 495 1242 518; x_wconf 89' lang='lat' dir='ltr'><em>au-</em></span> 
     </span>
     <span class='ocr_line' id='line_1_7' title="bbox 265 541 1245 593; baseline -0.006 -9"><span class='ocrx_word' id='word_1_36' title='bbox 265 548 421 591; x_wconf 82' lang='lat' dir='ltr'><em>dissent,</em></span> <span class='ocrx_word' id='word_1_37' title='bbox 443 548 684 582; x_wconf 83' lang='lat' dir='ltr'><em>intraverunt</em></span> <span class='ocrx_word' id='word_1_38' title='bbox 713 542 884 579; x_wconf 87' lang='lat' dir='ltr'><em>diluculo</em></span> <span class='ocrx_word' id='word_1_39' title='bbox 913 544 954 578; x_wconf 89' lang='lat' dir='ltr'><em>in</em></span> <span class='ocrx_word' id='word_1_40' title='bbox 983 541 1180 593; x_wconf 89' lang='lat' dir='ltr'><em>templum,</em></span> <span class='ocrx_word' id='word_1_41' title='bbox 1207 549 1245 578; x_wconf 91' lang='lat' dir='ltr'><em>et</em></span> 
     </span>
     <span class='ocr_line' id='line_1_8' title="bbox 251 594 1244 654; baseline -0.004 -11"><span class='ocrx_word' id='word_1_42' title='bbox 251 594 464 643; x_wconf 74' lang='lat' dir='ltr'><em>docebant.</em></span> <span class='ocrx_word' id='word_1_43' title='bbox 480 604 705 641; x_wconf 73' lang='lat' dir='ltr'><em>Adveniens</em></span> <span class='ocrx_word' id='word_1_44' title='bbox 721 610 850 639; x_wconf 91' lang='lat' dir='ltr'><em>autem</em></span> <span class='ocrx_word' id='word_1_45' title='bbox 863 605 1039 654; x_wconf 88' lang='lat' dir='ltr'><em>princeps</em></span> <span class='ocrx_word' id='word_1_46' title='bbox 1064 602 1244 640; x_wconf 86' lang='lat' dir='ltr'><em>sacerdo-</em></span> 
     </span>
     <span class='ocr_line' id='line_1_9' title="bbox 265 666 1242 716; baseline -0.002 -14"><span class='ocrx_word' id='word_1_47' title='bbox 265 675 360 711; x_wconf 87' lang='lat' dir='ltr'><em>tum,</em></span> <span class='ocrx_word' id='word_1_48' title='bbox 373 673 409 702; x_wconf 89' lang='lat' dir='ltr'><em>et</em></span> <span class='ocrx_word' id='word_1_49' title='bbox 425 666 492 716; x_wconf 89' lang='lat' dir='ltr'><em>qui</em></span> <span class='ocrx_word' id='word_1_50' title='bbox 505 677 590 701; x_wconf 83' lang='lat' dir='ltr'><em>cum</em></span> <span class='ocrx_word' id='word_1_51' title='bbox 603 677 645 701; x_wconf 92' lang='lat' dir='ltr'><em>eo</em></span> <span class='ocrx_word' id='word_1_52' title='bbox 658 671 780 712; x_wconf 81' lang='lat' dir='ltr'><em>erant,</em></span> <span class='ocrx_word' id='word_1_53' title='bbox 794 672 1102 702; x_wconf 89' lang='lat' dir='ltr'><em>convocaverunt</em></span> <span class='ocrx_word' id='word_1_54' title='bbox 1115 666 1242 702; x_wconf 88' lang='lat' dir='ltr'><em>conci—</em></span> 
     </span>
     <span class='ocr_line' id='line_1_10' title="bbox 264 725 1243 777; baseline -0.001 -14"><span class='ocrx_word' id='word_1_55' title='bbox 264 727 371 772; x_wconf 85' lang='lat' dir='ltr'><em>lium,</em></span> <span class='ocrx_word' id='word_1_56' title='bbox 387 734 424 763; x_wconf 90' lang='lat' dir='ltr'><em>et</em></span> <span class='ocrx_word' id='word_1_57' title='bbox 443 738 572 762; x_wconf 90' lang='lat' dir='ltr'><em>omnes</em></span> <span class='ocrx_word' id='word_1_58' title='bbox 588 727 755 762; x_wconf 87' lang='lat' dir='ltr'><em>seniores</em></span> <span class='ocrx_word' id='word_1_59' title='bbox 759 725 941 777; x_wconf 86' lang='lat' dir='ltr'><em>filiorum</em></span> <span class='ocrx_word' id='word_1_60' title='bbox 960 725 1102 768; x_wconf 86' lang='lat' dir='ltr'><em>Israel;</em></span> <span class='ocrx_word' id='word_1_61' title='bbox 1117 733 1153 763; x_wconf 91' lang='lat' dir='ltr'><em>et</em></span> <span class='ocrx_word' id='word_1_62' title='bbox 1172 727 1243 762; x_wconf 91' lang='lat' dir='ltr'><em>mi-</em></span> 
     </span>
     <span class='ocr_line' id='line_1_11' title="bbox 261 786 1241 824; baseline -0.002 0"><span class='ocrx_word' id='word_1_63' title='bbox 261 794 391 824; x_wconf 83' lang='lat' dir='ltr'><em>serunt</em></span> <span class='ocrx_word' id='word_1_64' title='bbox 414 786 468 824; x_wconf 88' lang='lat' dir='ltr'><em>ad</em></span> <span class='ocrx_word' id='word_1_65' title='bbox 485 799 675 823; x_wconf 84' lang='lat' dir='ltr'><em>carcerem</em></span> <span class='ocrx_word' id='word_1_66' title='bbox 698 793 738 823; x_wconf 89' lang='lat' dir='ltr'><em>ut</em></span> <span class='ocrx_word' id='word_1_67' title='bbox 756 786 1048 823; x_wconf 80' lang='lat' dir='ltr'><em>adducerentur.</em></span> <span class='ocrx_word' id='word_1_68' title='bbox 1064 788 1126 824; x_wconf 59' lang='lat'><em>92.</em></span> <span class='ocrx_word' id='word_1_69' title='bbox 1146 786 1241 823; x_wconf 88' lang='lat' dir='ltr'><em>Cum</em></span> 
     </span>
     <span class='ocr_line' id='line_1_12' title="bbox 260 848 1243 897; baseline 0 -14"><span class='ocrx_word' id='word_1_70' title='bbox 260 854 390 884; x_wconf 87' lang='lat' dir='ltr'><em>autem</em></span> <span class='ocrx_word' id='word_1_71' title='bbox 399 848 596 883; x_wconf 85' lang='lat' dir='ltr'><em>venissent</em></span> <span class='ocrx_word' id='word_1_72' title='bbox 612 848 794 892; x_wconf 85' lang='lat' dir='ltr'><em>ministri,</em></span> <span class='ocrx_word' id='word_1_73' title='bbox 806 853 842 882; x_wconf 91' lang='lat' dir='ltr'><em>et</em></span> <span class='ocrx_word' id='word_1_74' title='bbox 853 854 984 897; x_wconf 88' lang='lat' dir='ltr'><em>aperto</em></span> <span class='ocrx_word' id='word_1_75' title='bbox 999 859 1152 883; x_wconf 84' lang='lat' dir='ltr'><em>carcere</em></span> <span class='ocrx_word' id='word_1_76' title='bbox 1165 858 1243 883; x_wconf 88' lang='lat' dir='ltr'><em>non</em></span> 
     </span>
     <span class='ocr_line' id='line_1_13' title="bbox 260 906 1242 955; baseline 0.001 -13"><span class='ocrx_word' id='word_1_77' title='bbox 260 908 494 944; x_wconf 87' lang='lat' dir='ltr'><em>invenissent</em></span> <span class='ocrx_word' id='word_1_78' title='bbox 515 906 618 951; x_wconf 87' lang='lat' dir='ltr'><em>illos,</em></span> <span class='ocrx_word' id='word_1_79' title='bbox 638 908 780 943; x_wconf 87' lang='lat' dir='ltr'><em>reversi</em></span> <span class='ocrx_word' id='word_1_80' title='bbox 800 908 1090 955; x_wconf 85' lang='lat' dir='ltr'><em>nuntiaverunt,</em></span> <span class='ocrx_word' id='word_1_81' title='bbox 1110 906 1171 943; x_wconf 63' lang='lat'><em>95.</em></span> <span class='ocrx_word' id='word_1_82' title='bbox 1185 907 1242 943; x_wconf 90' lang='lat' dir='ltr'><em>di—</em></span> 
     </span>
     <span class='ocr_line' id='line_1_14' title="bbox 259 966 1241 1018; baseline 0 -15"><span class='ocrx_word' id='word_1_83' title='bbox 259 974 419 1004; x_wconf 87' lang='lat' dir='ltr'><em>centes.-</em></span> <span class='ocrx_word' id='word_1_84' title='bbox 442 967 643 1004; x_wconf 89' lang='lat' dir='ltr'><em>Carcerem</em></span> <span class='ocrx_word' id='word_1_85' title='bbox 659 966 815 1018; x_wconf 84' lang='lat' dir='ltr'><em>quidem</em></span> <span class='ocrx_word' id='word_1_86' title='bbox 833 968 1050 1004; x_wconf 76' lang='lat' dir='ltr'><em>invenimus</em></span> <span class='ocrx_word' id='word_1_87' title='bbox 1064 967 1241 1004; x_wconf 82' lang='lat' dir='ltr'><em>clausum</em></span> 
     </span>
     <span class='ocr_line' id='line_1_15' title="bbox 259 1029 1243 1080; baseline 0 -14"><span class='ocrx_word' id='word_1_88' title='bbox 259 1042 347 1066; x_wconf 87' lang='lat' dir='ltr'><em>cum</em></span> <span class='ocrx_word' id='word_1_89' title='bbox 368 1031 473 1066; x_wconf 91' lang='lat' dir='ltr'><em>omni</em></span> <span class='ocrx_word' id='word_1_90' title='bbox 495 1029 711 1080; x_wconf 80' lang='lat' dir='ltr'><em>diligentia,</em></span> <span class='ocrx_word' id='word_1_91' title='bbox 734 1037 771 1065; x_wconf 90' lang='lat' dir='ltr'><em>et</em></span> <span class='ocrx_word' id='word_1_92' title='bbox 791 1029 963 1066; x_wconf 82' lang='lat' dir='ltr'><em>custodes</em></span> <span class='ocrx_word' id='word_1_93' title='bbox 983 1036 1129 1066; x_wconf 85' lang='lat' dir='ltr'><em>stantes</em></span> <span class='ocrx_word' id='word_1_94' title='bbox 1150 1038 1243 1066; x_wconf 90' lang='lat' dir='ltr'><em>ante</em></span> 
     </span>
     <span class='ocr_line' id='line_1_16' title="bbox 251 1092 1242 1142; baseline -0.001 -14"><span class='ocrx_word' id='word_1_95' title='bbox 251 1092 419 1142; x_wconf 87' lang='lat' dir='ltr'><em>januas;</em></span> <span class='ocrx_word' id='word_1_96' title='bbox 435 1092 649 1142; x_wconf 83' lang='lat' dir='ltr'><em>aperientes</em></span> <span class='ocrx_word' id='word_1_97' title='bbox 664 1098 793 1127; x_wconf 89' lang='lat' dir='ltr'><em>autem</em></span> <span class='ocrx_word' id='word_1_98' title='bbox 810 1092 999 1126; x_wconf 89' lang='lat' dir='ltr'><em>neminem</em></span> <span class='ocrx_word' id='word_1_99' title='bbox 1018 1092 1121 1127; x_wconf 90' lang='lat' dir='ltr'><em>intus</em></span> <span class='ocrx_word' id='word_1_100' title='bbox 1137 1092 1242 1127; x_wconf 88' lang='lat' dir='ltr'><em>inve-</em></span> 
     </span>
     <span class='ocr_line' id='line_1_17' title="bbox 259 1149 1241 1203; baseline 0 -15"><span class='ocrx_word' id='word_1_101' title='bbox 259 1154 398 1190; x_wconf 86' lang='lat' dir='ltr'><em>nimus.</em></span> <span class='ocrx_word' id='word_1_102' title='bbox 409 1151 555 1203; x_wconf 74' lang='lat' dir='ltr'><em>Duplex</em></span> <span class='ocrx_word' id='word_1_103' title='bbox 565 1150 731 1188; x_wconf 81' lang='lat' dir='ltr'><em>securitas</em></span> <span class='ocrx_word' id='word_1_104' title='bbox 742 1158 781 1186; x_wconf 93' lang='lat' dir='ltr'><em>ut</em></span> <span class='ocrx_word' id='word_1_105' title='bbox 792 1149 827 1186; x_wconf 90' lang='lat' dir='ltr'><em>in</em></span> <span class='ocrx_word' id='word_1_106' title='bbox 838 1150 1011 1201; x_wconf 84' lang='lat' dir='ltr'><em>sepulcro,</em></span> <span class='ocrx_word' id='word_1_107' title='bbox 1020 1150 1241 1201; x_wconf 81' lang='lat' dir='ltr'><em>signaculum</em></span> 
     </span>
     <span class='ocr_line' id='line_1_18' title="bbox 259 1209 1243 1260; baseline -0.002 -10"><span class='ocrx_word' id='word_1_108' title='bbox 259 1221 292 1249; x_wconf 92' lang='lat' dir='ltr'><em>et</em></span> <span class='ocrx_word' id='word_1_109' title='bbox 309 1212 481 1250; x_wconf 89' lang='lat' dir='ltr'><em>homines.</em></span> <span class='ocrx_word' id='word_1_110' title='bbox 500 1210 610 1258; x_wconf 87' lang='lat' dir='ltr'><em>Vide,</em></span> <span class='ocrx_word' id='word_1_111' title='bbox 626 1224 734 1260; x_wconf 86' lang='lat' dir='ltr'><em>quam</em></span> <span class='ocrx_word' id='word_1_112' title='bbox 747 1219 859 1247; x_wconf 82' lang='lat' dir='ltr'><em>essent</em></span> <span class='ocrx_word' id='word_1_113' title='bbox 880 1211 955 1247; x_wconf 90' lang='lat' dir='ltr'><em>Deo</em></span> <span class='ocrx_word' id='word_1_114' title='bbox 976 1209 1126 1247; x_wconf 88' lang='lat' dir='ltr'><em>inimici.</em></span> <span class='ocrx_word' id='word_1_115' title='bbox 1144 1210 1243 1248; x_wconf 81' lang='lat' dir='ltr'><em>Haec-</em></span> 
     </span>
     <span class='ocr_line' id='line_1_19' title="bbox 258 1270 1240 1321; baseline -0.001 -11"><span class='ocrx_word' id='word_1_116' title='bbox 258 1273 333 1310; x_wconf 90' lang='lat' dir='ltr'><em>cine</em></span> <span class='ocrx_word' id='word_1_117' title='bbox 348 1273 504 1310; x_wconf 88' lang='lat' dir='ltr'><em>humana</em></span> <span class='ocrx_word' id='word_1_118' title='bbox 526 1280 637 1319; x_wconf 79' lang='lat' dir='ltr'><em>erant,</em></span> <span class='ocrx_word' id='word_1_119' title='bbox 652 1270 711 1308; x_wconf 87' lang='lat' dir='ltr'><em>dic</em></span> <span class='ocrx_word' id='word_1_120' title='bbox 732 1270 836 1320; x_wconf 83' lang='lat' dir='ltr'><em>mihi,</em></span> <span class='ocrx_word' id='word_1_121' title='bbox 857 1284 934 1321; x_wconf 86' lang='lat' dir='ltr'><em>quae</em></span> <span class='ocrx_word' id='word_1_122' title='bbox 951 1270 1042 1307; x_wconf 86' lang='lat' dir='ltr'><em>circa</em></span> <span class='ocrx_word' id='word_1_123' title='bbox 1056 1270 1136 1308; x_wconf 84' lang='lat' dir='ltr'><em>illos</em></span> <span class='ocrx_word' id='word_1_124' title='bbox 1150 1271 1240 1309; x_wconf 85' lang='lat' dir='ltr'><em>facta</em></span> 
     </span>
     <span class='ocr_line' id='line_1_20' title="bbox 257 1331 1240 1384; baseline -0.002 -12"><span class='ocrx_word' id='word_1_125' title='bbox 257 1334 362 1372; x_wconf 75' lang='lat' dir='ltr'><em>sunt?</em></span> <span class='ocrx_word' id='word_1_126' title='bbox 382 1334 460 1384; x_wconf 88' lang='lat' dir='ltr'><em>quis</em></span> <span class='ocrx_word' id='word_1_127' title='bbox 486 1333 567 1371; x_wconf 83' lang='lat' dir='ltr'><em>illos</em></span> <span class='ocrx_word' id='word_1_128' title='bbox 595 1331 720 1369; x_wconf 82' lang='lat' dir='ltr'><em>eduxit</em></span> <span class='ocrx_word' id='word_1_129' title='bbox 741 1332 859 1383; x_wconf 82' lang='lat' dir='ltr'><em>januis</em></span> <span class='ocrx_word' id='word_1_130' title='bbox 889 1331 1043 1369; x_wconf 75' lang='lat' dir='ltr'><em>clausis?</em></span> <span class='ocrx_word' id='word_1_131' title='bbox 1063 1332 1240 1382; x_wconf 85' lang='lat' dir='ltr'><em>quomodo</em></span> 
     </span>
     <span class='ocr_line' id='line_1_21' title="bbox 256 1392 1239 1433; baseline -0.002 0"><span class='ocrx_word' id='word_1_132' title='bbox 256 1396 419 1433; x_wconf 78' lang='lat' dir='ltr'><em>exierunt</em></span> <span class='ocrx_word' id='word_1_133' title='bbox 433 1393 639 1432; x_wconf 87' lang='lat' dir='ltr'><em>custodibus</em></span> <span class='ocrx_word' id='word_1_134' title='bbox 653 1401 732 1430; x_wconf 84' lang='lat' dir='ltr'><em>ante</em></span> <span class='ocrx_word' id='word_1_135' title='bbox 749 1393 840 1430; x_wconf 88' lang='lat' dir='ltr'><em>fores</em></span> <span class='ocrx_word' id='word_1_136' title='bbox 851 1392 1050 1430; x_wconf 76' lang='lat' dir='ltr'><em>stantibus?</em></span> <span class='ocrx_word' id='word_1_137' title='bbox 1071 1395 1165 1432; x_wconf 86' lang='lat' dir='ltr'><em>Vere</em></span> <span class='ocrx_word' id='word_1_138' title='bbox 1181 1394 1239 1431; x_wconf 91' lang='lat' dir='ltr'><em>fu—</em></span> 
     </span>
     <span class='ocr_line' id='line_1_22' title="bbox 254 1454 1239 1502; baseline 0.001 -9"><span class='ocrx_word' id='word_1_139' title='bbox 254 1456 409 1493; x_wconf 86' lang='lat' dir='ltr'><em>rentium</em></span> <span class='ocrx_word' id='word_1_140' title='bbox 418 1463 452 1493; x_wconf 90' lang='lat' dir='ltr'><em>et</em></span> <span class='ocrx_word' id='word_1_141' title='bbox 462 1455 643 1493; x_wconf 85' lang='lat' dir='ltr'><em>ebriorum</em></span> <span class='ocrx_word' id='word_1_142' title='bbox 652 1454 761 1493; x_wconf 71' lang='lat' dir='ltr'><em>verba</em></span> <span class='ocrx_word' id='word_1_143' title='bbox 774 1463 867 1491; x_wconf 88' lang='lat' dir='ltr'><em>sunt.</em></span> <span class='ocrx_word' id='word_1_144' title='bbox 882 1455 981 1502; x_wconf 90' lang='lat' dir='ltr'><em>Quos</em></span> <span class='ocrx_word' id='word_1_145' title='bbox 994 1468 1062 1492; x_wconf 91' lang='lat' dir='ltr'><em>non</em></span> <span class='ocrx_word' id='word_1_146' title='bbox 1073 1454 1239 1494; x_wconf 86' lang='lat' dir='ltr'><em>detinue—</em></span> 
     </span>
     <span class='ocr_line' id='line_1_23' title="bbox 254 1515 1239 1569; baseline 0 -14"><span class='ocrx_word' id='word_1_147' title='bbox 254 1526 336 1555; x_wconf 84' lang='lat' dir='ltr'><em>runt</em></span> <span class='ocrx_word' id='word_1_148' title='bbox 350 1531 468 1555; x_wconf 87' lang='lat' dir='ltr'><em>carcer</em></span> <span class='ocrx_word' id='word_1_149' title='bbox 480 1525 514 1554; x_wconf 91' lang='lat' dir='ltr'><em>et</em></span> <span class='ocrx_word' id='word_1_150' title='bbox 524 1516 670 1565; x_wconf 61' lang='lat' dir='ltr'><em>Vincula</em></span> <span class='ocrx_word' id='word_1_151' title='bbox 682 1516 842 1565; x_wconf 86' lang='lat' dir='ltr'><em>foresque</em></span> <span class='ocrx_word' id='word_1_152' title='bbox 853 1515 994 1563; x_wconf 83' lang='lat' dir='ltr'><em>clausae,</em></span> <span class='ocrx_word' id='word_1_153' title='bbox 1006 1516 1112 1554; x_wconf 87' lang='lat' dir='ltr'><em>hosce</em></span> <span class='ocrx_word' id='word_1_154' title='bbox 1124 1531 1239 1569; x_wconf 88' lang='lat' dir='ltr'><em>spera-</em></span> 
     </span>
     <span class='ocr_line' id='line_1_24' title="bbox 252 1573 1239 1627; baseline -0.001 -13"><span class='ocrx_word' id='word_1_155' title='bbox 252 1576 338 1623; x_wconf 84' lang='lat' dir='ltr'><em>bant</em></span> <span class='ocrx_word' id='word_1_156' title='bbox 359 1590 395 1613; x_wconf 88' lang='lat' dir='ltr'><em>se</em></span> <span class='ocrx_word' id='word_1_157' title='bbox 414 1590 515 1627; x_wconf 85' lang='lat' dir='ltr'><em>posse</em></span> <span class='ocrx_word' id='word_1_158' title='bbox 533 1589 713 1627; x_wconf 79' lang='lat' dir='ltr'><em>superare,</em></span> <span class='ocrx_word' id='word_1_159' title='bbox 736 1573 981 1625; x_wconf 88' lang='lat' dir='ltr'><em>insipientium</em></span> <span class='ocrx_word' id='word_1_160' title='bbox 1004 1575 1239 1626; x_wconf 87' lang='lat' dir='ltr'><em>puerulorum</em></span> 
     </span>
     <span class='ocr_line' id='line_1_25' title="bbox 253 1634 1239 1687; baseline 0.001 -13"><span class='ocrx_word' id='word_1_161' title='bbox 253 1651 352 1674; x_wconf 88' lang='lat' dir='ltr'><em>more</em></span> <span class='ocrx_word' id='word_1_162' title='bbox 372 1636 501 1675; x_wconf 86' lang='lat' dir='ltr'><em>affecti.</em></span> <span class='ocrx_word' id='word_1_163' title='bbox 521 1635 681 1674; x_wconf 88' lang='lat' dir='ltr'><em>Ministri</em></span> <span class='ocrx_word' id='word_1_164' title='bbox 702 1649 807 1687; x_wconf 89' lang='lat' dir='ltr'><em>porro</em></span> <span class='ocrx_word' id='word_1_165' title='bbox 828 1648 950 1672; x_wconf 89' lang='lat' dir='ltr'><em>eorum</em></span> <span class='ocrx_word' id='word_1_166' title='bbox 968 1634 1047 1674; x_wconf 91' lang='lat' dir='ltr'><em>ideo</em></span> <span class='ocrx_word' id='word_1_167' title='bbox 1061 1636 1190 1674; x_wconf 83' lang='lat' dir='ltr'><em>adsunt</em></span> <span class='ocrx_word' id='word_1_168' title='bbox 1206 1646 1239 1675; x_wconf 90' lang='lat' dir='ltr'><em>et</em></span> 
     </span>
     <span class='ocr_line' id='line_1_26' title="bbox 253 1696 1238 1747; baseline 0.002 -12"><span class='ocrx_word' id='word_1_169' title='bbox 253 1699 386 1736; x_wconf 85' lang='lat' dir='ltr'><em>sactum</em></span> <span class='ocrx_word' id='word_1_170' title='bbox 408 1698 633 1747; x_wconf 79' lang='lat' dir='ltr'><em>confitentur,</em></span> <span class='ocrx_word' id='word_1_171' title='bbox 655 1705 692 1734; x_wconf 87' lang='lat' dir='ltr'><em>ut</em></span> <span class='ocrx_word' id='word_1_172' title='bbox 716 1710 855 1734; x_wconf 88' lang='lat' dir='ltr'><em>omnem</em></span> <span class='ocrx_word' id='word_1_173' title='bbox 881 1696 952 1734; x_wconf 91' lang='lat' dir='ltr'><em>illis</em></span> <span class='ocrx_word' id='word_1_174' title='bbox 968 1698 1160 1736; x_wconf 81' lang='lat' dir='ltr'><em>excludant</em></span> <span class='ocrx_word' id='word_1_175' title='bbox 1176 1713 1238 1737; x_wconf 77' lang='lat' dir='ltr'><em>ex-</em></span> 
     </span>
     <span class='ocr_line' id='line_1_27' title="bbox 256 1755 1237 1808; baseline 0.003 -14"><span class='ocrx_word' id='word_1_176' title='bbox 256 1758 446 1796; x_wconf 85' lang='lat' dir='ltr'><em>cusationis</em></span> <span class='ocrx_word' id='word_1_177' title='bbox 477 1771 608 1795; x_wconf 87' lang='lat' dir='ltr'><em>ansam.</em></span> <span class='ocrx_word' id='word_1_178' title='bbox 629 1756 760 1796; x_wconf 80' lang='lat' dir='ltr'><em>Viden’</em></span> <span class='ocrx_word' id='word_1_179' title='bbox 782 1755 953 1793; x_wconf 86' lang='lat' dir='ltr'><em>miracula</em></span> <span class='ocrx_word' id='word_1_180' title='bbox 982 1757 1137 1808; x_wconf 75' lang='lat' dir='ltr'><em>diversa,</em></span> <span class='ocrx_word' id='word_1_181' title='bbox 1167 1759 1237 1797; x_wconf 86' lang='lat' dir='ltr'><em>alia</em></span> 
     </span>
     <span class='ocr_line' id='line_1_28' title="bbox 254 1817 1237 1873; baseline 0.002 -17"><span class='ocrx_word' id='word_1_182' title='bbox 254 1820 333 1857; x_wconf 86' lang='lat' dir='ltr'><em>aliis</em></span> <span class='ocrx_word' id='word_1_183' title='bbox 345 1820 483 1872; x_wconf 84' lang='lat' dir='ltr'><em>adjecta</em></span> <span class='ocrx_word' id='word_1_184' title='bbox 494 1836 505 1870; x_wconf 87' lang='lat'>;</span> <span class='ocrx_word' id='word_1_185' title='bbox 527 1818 692 1870; x_wconf 57' lang='lat' dir='ltr'><em>quaedam</em></span> <span class='ocrx_word' id='word_1_186' title='bbox 714 1818 760 1855; x_wconf 82' lang='lat' dir='ltr'><em>ab</em></span> <span class='ocrx_word' id='word_1_187' title='bbox 779 1817 851 1855; x_wconf 84' lang='lat' dir='ltr'><em>illis</em></span> <span class='ocrx_word' id='word_1_188' title='bbox 872 1818 976 1866; x_wconf 78' lang='lat' dir='ltr'><em>facta,</em></span> <span class='ocrx_word' id='word_1_189' title='bbox 993 1820 1157 1869; x_wconf 79' lang='lat' dir='ltr'><em>quaedam</em></span> <span class='ocrx_word' id='word_1_190' title='bbox 1172 1835 1237 1873; x_wconf 87' lang='lat' dir='ltr'><em>pro</em></span> 
     </span>
     <span class='ocr_line' id='line_1_29' title="bbox 253 1878 1238 1932; baseline 0.001 -14"><span class='ocrx_word' id='word_1_191' title='bbox 253 1881 340 1928; x_wconf 89' lang='lat' dir='ltr'><em>illis,</em></span> <span class='ocrx_word' id='word_1_192' title='bbox 356 1896 434 1932; x_wconf 84' lang='lat' dir='ltr'><em>quae</em></span> <span class='ocrx_word' id='word_1_193' title='bbox 451 1882 557 1919; x_wconf 86' lang='lat' dir='ltr'><em>etiam</em></span> <span class='ocrx_word' id='word_1_194' title='bbox 569 1879 717 1918; x_wconf 83' lang='lat' dir='ltr'><em>clariora</em></span> <span class='ocrx_word' id='word_1_195' title='bbox 731 1878 858 1916; x_wconf 74' lang='lat' dir='ltr'><em>erant?</em></span> <span class='ocrx_word' id='word_1_196' title='bbox 874 1879 967 1916; x_wconf 84' lang='lat' dir='ltr'><em>Bene</em></span> <span class='ocrx_word' id='word_1_197' title='bbox 978 1880 1124 1931; x_wconf 80' lang='lat' dir='ltr'><em>factum,</em></span> <span class='ocrx_word' id='word_1_198' title='bbox 1143 1881 1238 1931; x_wconf 88' lang='lat' dir='ltr'><em>quod</em></span> 
     </span>
     <span class='ocr_line' id='line_1_30' title="bbox 253 1938 1238 1993; baseline 0.002 -15"><span class='ocrx_word' id='word_1_199' title='bbox 253 1955 322 1979; x_wconf 92' lang='lat' dir='ltr'><em>non</em></span> <span class='ocrx_word' id='word_1_200' title='bbox 350 1942 469 1979; x_wconf 85' lang='lat' dir='ltr'><em>statim</em></span> <span class='ocrx_word' id='word_1_201' title='bbox 493 1940 581 1993; x_wconf 87' lang='lat' dir='ltr'><em>ipsis</em></span> <span class='ocrx_word' id='word_1_202' title='bbox 609 1939 813 1977; x_wconf 89' lang='lat' dir='ltr'><em>nuntiatum</em></span> <span class='ocrx_word' id='word_1_203' title='bbox 840 1938 897 1986; x_wconf 85' lang='lat' dir='ltr'><em>sit,</em></span> <span class='ocrx_word' id='word_1_204' title='bbox 922 1939 983 1978; x_wconf 87' lang='lat' dir='ltr'><em>sed</em></span> <span class='ocrx_word' id='word_1_205' title='bbox 1011 1941 1109 1992; x_wconf 90' lang='lat' dir='ltr'><em>prius</em></span> <span class='ocrx_word' id='word_1_206' title='bbox 1138 1942 1238 1980; x_wconf 77' lang='lat' dir='ltr'><em>anxii</em></span> 
     </span>
     <span class='ocr_line' id='line_1_31' title="bbox 252 2001 1235 2053; baseline 0.001 -14"><span class='ocrx_word' id='word_1_207' title='bbox 252 2002 396 2051; x_wconf 82' lang='lat' dir='ltr'><em>fuerint,</em></span> <span class='ocrx_word' id='word_1_208' title='bbox 418 2010 457 2039; x_wconf 89' lang='lat' dir='ltr'><em>ut</em></span> <span class='ocrx_word' id='word_1_209' title='bbox 480 2002 751 2039; x_wconf 86' lang='lat' dir='ltr'><em>internoscentes</em></span> <span class='ocrx_word' id='word_1_210' title='bbox 777 2001 938 2040; x_wconf 68' lang='lat' dir='ltr'><em>divinam</em></span> <span class='ocrx_word' id='word_1_211' title='bbox 957 2016 1030 2040; x_wconf 88' lang='lat' dir='ltr'><em>esse</em></span> <span class='ocrx_word' id='word_1_212' title='bbox 1054 2003 1235 2053; x_wconf 78' lang='lat' dir='ltr'><em>virtutem,</em></span> 
     </span>
     <span class='ocr_line' id='line_1_32' title="bbox 254 2062 1237 2102; baseline 0.002 -2"><span class='ocrx_word' id='word_1_213' title='bbox 254 2064 303 2101; x_wconf 81' lang='lat' dir='ltr'><em>sie</em></span> <span class='ocrx_word' id='word_1_214' title='bbox 331 2063 449 2102; x_wconf 86' lang='lat' dir='ltr'><em>omnia</em></span> <span class='ocrx_word' id='word_1_215' title='bbox 468 2062 618 2101; x_wconf 81' lang='lat' dir='ltr'><em>discant.</em></span> <span class='ocrx_word' id='word_1_216' title='bbox 638 2062 703 2099; x_wconf 65' lang='lat'><em>94.</em></span> <span class='ocrx_word' id='word_1_217' title='bbox 727 2064 776 2100; x_wconf 84' lang='lat' dir='ltr'><em>Ut</em></span> <span class='ocrx_word' id='word_1_218' title='bbox 797 2072 927 2101; x_wconf 88' lang='lat' dir='ltr'><em>autem</em></span> <span class='ocrx_word' id='word_1_219' title='bbox 949 2064 1156 2102; x_wconf 87' lang='lat' dir='ltr'><em>audierunt</em></span> <span class='ocrx_word' id='word_1_220' title='bbox 1169 2066 1237 2102; x_wconf 77' lang='lat' dir='ltr'><em>hos</em></span> 
     </span>
     <span class='ocr_line' id='line_1_33' title="bbox 254 2126 1238 2177; baseline 0.001 -15"><span class='ocrx_word' id='word_1_221' title='bbox 254 2138 446 2162; x_wconf 85' lang='lat' dir='ltr'><em>sermones</em></span> <span class='ocrx_word' id='word_1_222' title='bbox 474 2126 723 2175; x_wconf 80' lang='lat' dir='ltr'><em>magistratus</em></span> <span class='ocrx_word' id='word_1_223' title='bbox 749 2126 881 2176; x_wconf 88' lang='lat' dir='ltr'><em>templi</em></span> <span class='ocrx_word' id='word_1_224' title='bbox 908 2134 944 2163; x_wconf 90' lang='lat' dir='ltr'><em>et</em></span> <span class='ocrx_word' id='word_1_225' title='bbox 962 2128 1154 2177; x_wconf 83' lang='lat' dir='ltr'><em>principes</em></span> <span class='ocrx_word' id='word_1_226' title='bbox 1176 2141 1238 2164; x_wconf 89' lang='lat' dir='ltr'><em>sa-</em></span> 
     </span>
     <span class='ocr_line' id='line_1_34' title="bbox 255 2185 1237 2237; baseline 0.003 -15"><span class='ocrx_word' id='word_1_227' title='bbox 255 2185 466 2233; x_wconf 79' lang='lat' dir='ltr'><em>cerdotum,</em></span> <span class='ocrx_word' id='word_1_228' title='bbox 485 2185 733 2234; x_wconf 82' lang='lat' dir='ltr'><em>ambigebant</em></span> <span class='ocrx_word' id='word_1_229' title='bbox 752 2185 800 2221; x_wconf 84' lang='lat' dir='ltr'><em>de</em></span> <span class='ocrx_word' id='word_1_230' title='bbox 818 2185 899 2222; x_wconf 83' lang='lat' dir='ltr'><em>illis</em></span> <span class='ocrx_word' id='word_1_231' title='bbox 915 2186 1237 2237; x_wconf 83' lang='lat' dir='ltr'><em>quidnamfieret.</em></span> 
     </span>
     <span class='ocr_line' id='line_1_35' title="bbox 256 2245 1236 2295; baseline 0.002 -12"><span class='ocrx_word' id='word_1_232' title='bbox 256 2246 321 2283; x_wconf 63' lang='lat'><em>95.</em></span> <span class='ocrx_word' id='word_1_233' title='bbox 347 2245 576 2282; x_wconf 73' lang='lat' dir='ltr'><em>Adveniens</em></span> <span class='ocrx_word' id='word_1_234' title='bbox 600 2252 730 2280; x_wconf 87' lang='lat' dir='ltr'><em>autem</em></span> <span class='ocrx_word' id='word_1_235' title='bbox 749 2245 907 2295; x_wconf 85' lang='lat' dir='ltr'><em>quidam</em></span> <span class='ocrx_word' id='word_1_236' title='bbox 935 2248 1129 2283; x_wconf 87' lang='lat' dir='ltr'><em>nuntiavit</em></span> <span class='ocrx_word' id='word_1_237' title='bbox 1149 2250 1205 2285; x_wconf 85' lang='lat' dir='ltr'><em>eis</em></span> <span class='ocrx_word' id='word_1_238' title='bbox 1226 2264 1236 2284; x_wconf 90' lang='lat'><em>:</em></span> 
     </span>
     <span class='ocr_line' id='line_1_36' title="bbox 258 2306 1240 2356; baseline 0.002 -13"><span class='ocrx_word' id='word_1_239' title='bbox 258 2307 361 2343; x_wconf 91' lang='lat' dir='ltr'><em>Ecce</em></span> <span class='ocrx_word' id='word_1_240' title='bbox 376 2307 468 2351; x_wconf 82' lang='lat' dir='ltr'><em>viri,</em></span> <span class='ocrx_word' id='word_1_241' title='bbox 487 2317 581 2356; x_wconf 84' lang='lat' dir='ltr'><em>quos</em></span> <span class='ocrx_word' id='word_1_242' title='bbox 595 2306 778 2355; x_wconf 89' lang='lat' dir='ltr'><em>posuistis</em></span> <span class='ocrx_word' id='word_1_243' title='bbox 801 2307 843 2341; x_wconf 87' lang='lat' dir='ltr'><em>in</em></span> <span class='ocrx_word' id='word_1_244' title='bbox 864 2319 1069 2352; x_wconf 88' lang='lat' dir='ltr'><em>carcerem,</em></span> <span class='ocrx_word' id='word_1_245' title='bbox 1085 2316 1175 2345; x_wconf 87' lang='lat' dir='ltr'><em>sunt</em></span> <span class='ocrx_word' id='word_1_246' title='bbox 1199 2311 1240 2345; x_wconf 88' lang='lat' dir='ltr'><em>in</em></span> 
     </span>
     <span class='ocr_line' id='line_1_37' title="bbox 259 2365 1241 2417; baseline 0.004 -14"><span class='ocrx_word' id='word_1_247' title='bbox 259 2366 401 2417; x_wconf 85' lang='lat' dir='ltr'><em>templo</em></span> <span class='ocrx_word' id='word_1_248' title='bbox 424 2373 571 2403; x_wconf 81' lang='lat' dir='ltr'><em>stantes</em></span> <span class='ocrx_word' id='word_1_249' title='bbox 592 2372 629 2401; x_wconf 90' lang='lat' dir='ltr'><em>et</em></span> <span class='ocrx_word' id='word_1_250' title='bbox 650 2365 828 2402; x_wconf 85' lang='lat' dir='ltr'><em>docentes</em></span> <span class='ocrx_word' id='word_1_251' title='bbox 843 2366 1038 2417; x_wconf 88' lang='lat' dir='ltr'><em>populum.</em></span> <span class='ocrx_word' id='word_1_252' title='bbox 1055 2369 1117 2406; x_wconf 64' lang='lat'><em>96.</em></span> <span class='ocrx_word' id='word_1_253' title='bbox 1135 2369 1241 2407; x_wconf 87' lang='lat' dir='ltr'><em>Tunc</em></span> 
     </span>
     <span class='ocr_line' id='line_1_38' title="bbox 260 2428 1241 2478; baseline 0.003 -14"><span class='ocrx_word' id='word_1_254' title='bbox 260 2429 357 2464; x_wconf 82' lang='lat' dir='ltr'><em>abiit</em></span> <span class='ocrx_word' id='word_1_255' title='bbox 371 2429 621 2478; x_wconf 82' lang='lat' dir='ltr'><em>magistratus</em></span> <span class='ocrx_word' id='word_1_256' title='bbox 642 2439 728 2462; x_wconf 87' lang='lat' dir='ltr'><em>cum</em></span> <span class='ocrx_word' id='word_1_257' title='bbox 748 2428 947 2473; x_wconf 82' lang='lat' dir='ltr'><em>ministris,</em></span> <span class='ocrx_word' id='word_1_258' title='bbox 965 2436 1001 2464; x_wconf 92' lang='lat' dir='ltr'><em>et</em></span> <span class='ocrx_word' id='word_1_259' title='bbox 1016 2429 1179 2466; x_wconf 76' lang='lat' dir='ltr'><em>adduxit</em></span> <span class='ocrx_word' id='word_1_260' title='bbox 1195 2431 1241 2467; x_wconf 88' lang='lat' dir='ltr'><em>il-</em></span> 
     </span>
     <span class='ocr_line' id='line_1_39' title="bbox 260 2487 1241 2541; baseline 0.004 -18"><span class='ocrx_word' id='word_1_261' title='bbox 260 2488 316 2525; x_wconf 86' lang='lat' dir='ltr'><em>los</em></span> <span class='ocrx_word' id='word_1_262' title='bbox 338 2490 422 2525; x_wconf 87' lang='lat' dir='ltr'><em>sine</em></span> <span class='ocrx_word' id='word_1_263' title='bbox 440 2489 483 2524; x_wconf 83' lang='lat' dir='ltr'><em>vi</em></span> <span class='ocrx_word' id='word_1_264' title='bbox 501 2502 510 2521; x_wconf 93' lang='lat'><em>:</em></span> <span class='ocrx_word' id='word_1_265' title='bbox 530 2487 717 2523; x_wconf 85' lang='lat' dir='ltr'><em>timebant</em></span> <span class='ocrx_word' id='word_1_266' title='bbox 739 2488 838 2522; x_wconf 90' lang='lat' dir='ltr'><em>enim</em></span> <span class='ocrx_word' id='word_1_267' title='bbox 861 2487 1058 2538; x_wconf 80' lang='lat' dir='ltr'><em>populum,</em></span> <span class='ocrx_word' id='word_1_268' title='bbox 1079 2503 1125 2526; x_wconf 88' lang='lat' dir='ltr'><em>ne</em></span> <span class='ocrx_word' id='word_1_269' title='bbox 1147 2490 1241 2541; x_wconf 88' lang='lat' dir='ltr'><em>lapi-</em></span> 
     </span>
     <span class='ocr_line' id='line_1_40' title="bbox 258 2545 1240 2599; baseline 0.004 -15"><span class='ocrx_word' id='word_1_270' title='bbox 258 2549 456 2585; x_wconf 86' lang='lat' dir='ltr'><em>darentur.</em></span> <span class='ocrx_word' id='word_1_271' title='bbox 471 2547 504 2584; x_wconf 90' lang='lat' dir='ltr'>O</span> <span class='ocrx_word' id='word_1_272' title='bbox 523 2545 782 2597; x_wconf 72' lang='lat' dir='ltr'><em>insipientiam!</em></span> <span class='ocrx_word' id='word_1_273' title='bbox 802 2546 1004 2595; x_wconf 86' lang='lat' dir='ltr'><em>Timebant‚</em></span> <span class='ocrx_word' id='word_1_274' title='bbox 1019 2548 1149 2599; x_wconf 82' lang='lat' dir='ltr'><em>inquit,</em></span> <span class='ocrx_word' id='word_1_275' title='bbox 1166 2559 1240 2588; x_wconf 89' lang='lat' dir='ltr'><em>tur-</em></span> 
     </span>
     <span class='ocr_line' id='line_1_41' title="bbox 257 2605 1239 2659; baseline 0.005 -14"><span class='ocrx_word' id='word_1_276' title='bbox 257 2608 353 2645; x_wconf 85' lang='lat' dir='ltr'><em>bam.</em></span> <span class='ocrx_word' id='word_1_277' title='bbox 364 2606 463 2655; x_wconf 88' lang='lat' dir='ltr'><em>Quid</em></span> <span class='ocrx_word' id='word_1_278' title='bbox 475 2605 639 2658; x_wconf 83' lang='lat' dir='ltr'><em>proderat</em></span> <span class='ocrx_word' id='word_1_279' title='bbox 654 2605 780 2643; x_wconf 73' lang='lat' dir='ltr'><em>turba?</em></span> <span class='ocrx_word' id='word_1_280' title='bbox 796 2606 887 2644; x_wconf 92' lang='lat' dir='ltr'><em>Cum</em></span> <span class='ocrx_word' id='word_1_281' title='bbox 901 2608 1111 2659; x_wconf 86' lang='lat' dir='ltr'><em>oportuisset</em></span> <span class='ocrx_word' id='word_1_282' title='bbox 1124 2612 1239 2650; x_wconf 89' lang='lat' dir='ltr'><em>Deum</em></span> 
     </span>
     <span class='ocr_line' id='line_1_42' title="bbox 256 2665 1239 2718; baseline 0.004 -12"><span class='ocrx_word' id='word_1_283' title='bbox 256 2669 400 2718; x_wconf 79' lang='lat' dir='ltr'><em>timeie,</em></span> <span class='ocrx_word' id='word_1_284' title='bbox 428 2666 491 2718; x_wconf 86' lang='lat' dir='ltr'><em>qui</em></span> <span class='ocrx_word' id='word_1_285' title='bbox 520 2680 658 2718; x_wconf 90' lang='lat' dir='ltr'><em>sempe1</em></span> <span class='ocrx_word' id='word_1_286' title='bbox 691 2665 771 2703; x_wconf 86' lang='lat' dir='ltr'><em>illos</em></span> <span class='ocrx_word' id='word_1_287' title='bbox 795 2675 976 2718; x_wconf 84' lang='lat' dir='ltr'><em>tamquam</em></span> <span class='ocrx_word' id='word_1_288' title='bbox 1005 2669 1131 2708; x_wconf 74' lang='lat' dir='ltr'><em>volum</em></span> <span class='ocrx_word' id='word_1_289' title='bbox 1124 2685 1167 2709; x_wconf 90' lang='lat' dir='ltr'><em>es</em></span> <span class='ocrx_word' id='word_1_290' title='bbox 1193 2687 1239 2710; x_wconf 78' lang='lat' dir='ltr'><em>ex</em></span> 
     </span>
     <span class='ocr_line' id='line_1_43' title="bbox 258 2714 1297 2781; baseline 0.004 -15"><span class='ocrx_word' id='word_1_291' title='bbox 258 2729 422 2766; x_wconf 88' lang='lat' dir='ltr'><em>manibus</em></span> <span class='ocrx_word' id='word_1_292' title='bbox 447 2729 607 2779; x_wconf 80' lang='lat' dir='ltr'><em>ipsoium</em></span> <span class='ocrx_word' id='word_1_293' title='bbox 634 2726 892 2778; x_wconf 81' lang='lat' dir='ltr'><em>e1ipiehat‚ilh&#39;</em></span> <span class='ocrx_word' id='word_1_294' title='bbox 912 2742 996 2767; x_wconf 75' lang='lat' dir='ltr'><em>veio</em></span> <span class='ocrx_word' id='word_1_295' title='bbox 1023 2730 1139 2781; x_wconf 89' lang='lat' dir='ltr'><em>potius</em></span> <span class='ocrx_word' id='word_1_296' title='bbox 1165 2741 1238 2770; x_wconf 87' lang='lat' dir='ltr'><em>tur·</em></span> <span class='ocrx_word' id='word_1_297' title='bbox 1251 2714 1297 2780; x_wconf 46' lang='grc' dir='ltr'><em>Ὺ</em></span> 
     </span>
     <span class='ocr_line' id='line_1_44' title="bbox 257 2787 1237 2839; baseline 0.005 -13"><span class='ocrx_word' id='word_1_298' title='bbox 257 2789 340 2826; x_wconf 82' lang='lat' dir='ltr'><em>bam</em></span> <span class='ocrx_word' id='word_1_299' title='bbox 368 2788 582 2826; x_wconf 84' lang='lat' dir='ltr'><em>metuebant.</em></span> <span class='ocrx_word' id='word_1_300' title='bbox 606 2787 669 2824; x_wconf 65' lang='lat'><em>97.</em></span> <span class='ocrx_word' id='word_1_301' title='bbox 692 2788 877 2839; x_wconf 83' lang='lat' dir='ltr'><em>Princeps</em></span> <span class='ocrx_word' id='word_1_302' title='bbox 901 2797 1030 2826; x_wconf 86' lang='lat' dir='ltr'><em>autem</em></span> <span class='ocrx_word' id='word_1_303' title='bbox 1060 2794 1237 2831; x_wconf 81' lang='lat' dir='ltr'><em>sacerdo-</em></span> 
     </span>
    </p>

    <p class='ocr_par' dir='ltr' id='par_1_4' title="bbox 259 2849 1238 2905">
     <span class='ocr_line' id='line_1_45' title="bbox 259 2849 1238 2905; baseline 0.004 -18"><span class='ocrx_word' id='word_1_304' title='bbox 259 2859 338 2887; x_wconf 86' lang='lat' dir='ltr'><em>tum</em></span> <span class='ocrx_word' id='word_1_305' title='bbox 357 2850 608 2900; x_wconf 82' lang='lat' dir='ltr'><em>interrogavit</em></span> <span class='ocrx_word' id='word_1_306' title='bbox 627 2861 704 2893; x_wconf 85' lang='lat' dir='ltr'><em>eos,</em></span> <span class='ocrx_word' id='word_1_307' title='bbox 727 2849 858 2886; x_wconf 87' lang='lat' dir='ltr'><em>dicens</em></span> <span class='ocrx_word' id='word_1_308' title='bbox 873 2864 884 2884; x_wconf 92' lang='grc'><em>.·</em></span> <span class='ocrx_word' id='word_1_309' title='bbox 899 2849 961 2888; x_wconf 61' lang='grc'><em>98.</em></span> <span class='ocrx_word' id='word_1_310' title='bbox 982 2852 1121 2889; x_wconf 81' lang='lat' dir='ltr'><em>Nonne</em></span> <span class='ocrx_word' id='word_1_311' title='bbox 1142 2868 1238 2905; x_wconf 84' lang='lat' dir='ltr'><em>prae-</em></span> 
     </span>
    </p>

    <p class='ocr_par' dir='ltr' id='par_1_5' title="bbox 257 2910 1237 2962">
     <span class='ocr_line' id='line_1_46' title="bbox 257 2910 1237 2962; baseline 0.006 -15"><span class='ocrx_word' id='word_1_312' title='bbox 257 2911 431 2962; x_wconf 86' lang='lat' dir='ltr'><em>cipiendo</em></span> <span class='ocrx_word' id='word_1_313' title='bbox 449 2911 698 2961; x_wconf 85' lang='lat' dir='ltr'><em>proecepimus</em></span> <span class='ocrx_word' id='word_1_314' title='bbox 717 2910 829 2946; x_wconf 81' lang='lat' dir='ltr'><em>vobis</em></span> <span class='ocrx_word' id='word_1_315' title='bbox 851 2924 899 2946; x_wconf 89' lang='lat' dir='ltr'><em>ne</em></span> <span class='ocrx_word' id='word_1_316' title='bbox 913 2911 1098 2951; x_wconf 85' lang='lat' dir='ltr'><em>doceretis</em></span> <span class='ocrx_word' id='word_1_317' title='bbox 1113 2917 1155 2951; x_wconf 92' lang='lat' dir='ltr'><em>in</em></span> <span class='ocrx_word' id='word_1_318' title='bbox 1171 2929 1237 2953; x_wconf 92' lang='lat' dir='ltr'><em>no—</em></span> 
     </span>
    </p>

    <p class='ocr_par' dir='ltr' id='par_1_6' title="bbox 258 2970 1238 3021">
     <span class='ocr_line' id='line_1_47' title="bbox 258 2970 1238 3021; baseline 0.006 -12"><span class='ocrx_word' id='word_1_319' title='bbox 258 2976 359 3010; x_wconf 89' lang='lat' dir='ltr'><em>mine</em></span> <span class='ocrx_word' id='word_1_320' title='bbox 375 2976 447 3010; x_wconf 89' lang='lat' dir='ltr'><em>isto</em></span> <span class='ocrx_word' id='word_1_321' title='bbox 461 2976 476 3008; x_wconf 74' lang='lat' dir='ltr'><em>P</em></span> <span class='ocrx_word' id='word_1_322' title='bbox 489 2973 543 3008; x_wconf 87' lang='lat' dir='ltr'><em>Et</em></span> <span class='ocrx_word' id='word_1_323' title='bbox 558 2983 643 3007; x_wconf 84' lang='lat' dir='ltr'><em>ecce</em></span> <span class='ocrx_word' id='word_1_324' title='bbox 658 2970 811 3021; x_wconf 84' lang='lat' dir='ltr'><em>repletis</em></span> <span class='ocrx_word' id='word_1_325' title='bbox 827 2972 1045 3010; x_wconf 82' lang='lat' dir='ltr'><em>Jerusalem</em></span> <span class='ocrx_word' id='word_1_326' title='bbox 1061 2975 1238 3015; x_wconf 88' lang='lat' dir='ltr'><em>doctrina</em></span> 
     </span>
    </p>

    <p class='ocr_par' dir='ltr' id='par_1_7' title="bbox 256 3031 1237 3087">
     <span class='ocr_line' id='line_1_48' title="bbox 256 3031 1237 3087; baseline 0.001 -16"><span class='ocrx_word' id='word_1_327' title='bbox 256 3042 403 3079; x_wconf 76' lang='lat' dir='ltr'><em>vestra,</em></span> <span class='ocrx_word' id='word_1_328' title='bbox 417 3041 454 3070; x_wconf 89' lang='lat' dir='ltr'><em>et</em></span> <span class='ocrx_word' id='word_1_329' title='bbox 470 3032 590 3069; x_wconf 84' lang='lat' dir='ltr'><em>vultis</em></span> <span class='ocrx_word' id='word_1_330' title='bbox 606 3031 786 3068; x_wconf 87' lang='lat' dir='ltr'><em>inducere</em></span> <span class='ocrx_word' id='word_1_331' title='bbox 799 3045 913 3083; x_wconf 88' lang='lat' dir='ltr'><em>super</em></span> <span class='ocrx_word' id='word_1_332' title='bbox 928 3047 995 3071; x_wconf 89' lang='lat' dir='ltr'><em>nos</em></span> <span class='ocrx_word' id='word_1_333' title='bbox 1011 3040 1237 3087; x_wconf 80' lang='lat' dir='ltr'><em>sanguinem</em></span> 
     </span>
    </p>

    <p class='ocr_par' dir='ltr' id='par_1_8' title="bbox 256 3090 1237 3143">
     <span class='ocr_line' id='line_1_49' title="bbox 256 3090 1237 3143; baseline 0.007 -13"><span class='ocrx_word' id='word_1_334' title='bbox 256 3095 422 3131; x_wconf 78' lang='lat' dir='ltr'><em>hominis</em></span> <span class='ocrx_word' id='word_1_335' title='bbox 437 3095 557 3130; x_wconf 82' lang='lat' dir='ltr'><em>istius.</em></span> <span class='ocrx_word' id='word_1_336' title='bbox 569 3090 669 3137; x_wconf 88' lang='lat' dir='ltr'><em>Quid</em></span> <span class='ocrx_word' id='word_1_337' title='bbox 684 3090 795 3142; x_wconf 81' lang='lat' dir='ltr'><em>igitur</em></span> <span class='ocrx_word' id='word_1_338' title='bbox 813 3093 989 3143; x_wconf 73' lang='lat' dir='ltr'><em>apostoli?</em></span> <span class='ocrx_word' id='word_1_339' title='bbox 1007 3095 1140 3135; x_wconf 89' lang='lat' dir='ltr'><em>Iterum</em></span> <span class='ocrx_word' id='word_1_340' title='bbox 1155 3113 1237 3138; x_wconf 84' lang='lat' dir='ltr'><em>cum</em></span> 
     </span>
    </p>

    <p class='ocr_par' dir='ltr' id='par_1_9' title="bbox 255 3151 1237 3211">
     <span class='ocr_line' id='line_1_50' title="bbox 255 3151 1237 3211; baseline 0.005 -21"><span class='ocrx_word' id='word_1_341' title='bbox 255 3152 522 3191; x_wconf 77' lang='lat' dir='ltr'><em>mansuetudine</em></span> <span class='ocrx_word' id='word_1_342' title='bbox 536 3151 767 3201; x_wconf 88' lang='lat' dir='ltr'><em>alloquuntur</em></span> <span class='ocrx_word' id='word_1_343' title='bbox 782 3165 840 3189; x_wconf 89' lang='lat' dir='ltr'><em>eos</em></span> <span class='ocrx_word' id='word_1_344' title='bbox 851 3167 863 3202; x_wconf 78' lang='lat'>3</span> <span class='ocrx_word' id='word_1_345' title='bbox 887 3154 1023 3192; x_wconf 80' lang='lat' dir='ltr'><em>tametsi</em></span> <span class='ocrx_word' id='word_1_346' title='bbox 1040 3155 1157 3195; x_wconf 81' lang='lat' dir='ltr'><em>dicere</em></span> <span class='ocrx_word' id='word_1_347' title='bbox 1174 3174 1237 3211; x_wconf 87' lang='lat' dir='ltr'><em>po-</em></span> 
     </span>
    </p>

    <p class='ocr_par' dir='ltr' id='par_1_10' title="bbox 253 3212 1233 3271">
     <span class='ocr_line' id='line_1_51' title="bbox 253 3212 1233 3271; baseline -0.001 -20"><span class='ocrx_word' id='word_1_348' title='bbox 253 3222 363 3251; x_wconf 84' lang='lat' dir='ltr'><em>terant</em></span> <span class='ocrx_word' id='word_1_349' title='bbox 382 3230 389 3249; x_wconf 93' lang='lat'>:</span> <span class='ocrx_word' id='word_1_350' title='bbox 407 3212 562 3259; x_wconf 86' lang='lat' dir='ltr'><em>Quinam</em></span> <span class='ocrx_word' id='word_1_351' title='bbox 582 3212 664 3250; x_wconf 85' lang='lat' dir='ltr'><em>estis</em></span> <span class='ocrx_word' id='word_1_352' title='bbox 686 3225 763 3260; x_wconf 76' lang='lat' dir='ltr'><em>vos,</em></span> <span class='ocrx_word' id='word_1_353' title='bbox 779 3213 840 3263; x_wconf 83' lang='lat' dir='ltr'><em>qni</em></span> <span class='ocrx_word' id='word_1_354' title='bbox 858 3215 1031 3253; x_wconf 82' lang='lat' dir='ltr'><em>contraria</em></span> <span class='ocrx_word' id='word_1_355' title='bbox 1055 3218 1131 3256; x_wconf 86' lang='lat' dir='ltr'><em>Deo</em></span> <span class='ocrx_word' id='word_1_356' title='bbox 1145 3233 1233 3271; x_wconf 76' lang='lat' dir='ltr'><em>prae-</em></span> 
     </span>
    </p>
   </div>
   <div class='ocr_carea' id='block_1_4' title="bbox 1263 1408 1287 1436">
    <p class='ocr_par' dir='ltr' id='par_1_11' title="bbox 1263 1408 1287 1436">
     <span class='ocr_line' id='line_1_52' title="bbox 1263 1408 1287 1436; baseline 0 -4"><span class='ocrx_word' id='word_1_357' title='bbox 1263 1408 1287 1436; x_wconf 84' lang='lat' dir='ltr'>D</span> 
     </span>
    </p>
   </div>
   <div class='ocr_carea' id='block_1_5' title="bbox 293 3340 639 3383">
    <p class='ocr_par' dir='ltr' id='par_1_12' title="bbox 293 3340 639 3383">
     <span class='ocr_line' id='line_1_53' title="bbox 293 3340 639 3383; baseline 0.012 -12"><span class='ocrx_word' id='word_1_358' title='bbox 293 3346 309 3371; x_wconf 60' lang='grc' dir='ltr'><em>Β,</em></span> <span class='ocrx_word' id='word_1_359' title='bbox 327 3340 388 3374; x_wconf 72' lang='lat' dir='ltr'><em>Alii</em></span> <span class='ocrx_word' id='word_1_360' title='bbox 407 3346 639 3383; x_wconf 52' lang='grc' dir='ltr'>ἐπιπιεᾴἀμευοε.</span> 
     </span>
    </p>
   </div>
   <div class='ocr_carea' id='block_1_6' title="bbox 1283 219 1885 252">
    <p class='ocr_par' dir='ltr' id='par_1_13' title="bbox 1283 219 1885 252">
     <span class='ocr_line' id='line_1_54' title="bbox 1283 219 1885 252; baseline 0.008 -5"><span class='ocrx_word' id='word_1_361' title='bbox 1283 219 1492 249; x_wconf 70' lang='grc' dir='ltr'><em>ΑΚΕΠΙΕΡ.</em></span> <span class='ocrx_word' id='word_1_362' title='bbox 1530 221 1804 251; x_wconf 52' lang='lat' dir='ltr'><em>CONSTime&#39;</em></span> <span class='ocrx_word' id='word_1_363' title='bbox 1812 223 1885 252; x_wconf 86' lang='grc' dir='ltr'><em>ΟΡ.</em></span> 
     </span>
    </p>
   </div>
   <div class='ocr_carea' id='block_1_7' title="bbox 1311 300 2335 1935">
    <p class='ocr_par' dir='ltr' id='par_1_14' title="bbox 1311 300 2335 1935">
     <span class='ocr_line' id='line_1_55' title="bbox 1315 300 2333 355; baseline 0.002 -19"><span class='ocrx_word' id='word_1_364' title='bbox 1315 300 1376 352; x_wconf 73' lang='grc' dir='ltr'><em>λίᾳ</em></span> <span class='ocrx_word' id='word_1_365' title='bbox 1395 301 1679 352; x_wconf 86' lang='grc' dir='ltr'>παρηγγείλαμεν</span> <span class='ocrx_word' id='word_1_366' title='bbox 1708 305 1789 352; x_wconf 78' lang='grc' dir='ltr'>ὑμῖν</span> <span class='ocrx_word' id='word_1_367' title='bbox 1813 303 1861 353; x_wconf 80' lang='grc' dir='ltr'><em>μὴ</em></span> <span class='ocrx_word' id='word_1_368' title='bbox 1888 305 1932 341; x_wconf 93' lang='grc' dir='ltr'><em>λα</em></span> <span class='ocrx_word' id='word_1_369' title='bbox 1949 309 2026 351; x_wconf 67' lang='grc' dir='ltr'>,εῖνς</span> <span class='ocrx_word' id='word_1_370' title='bbox 2047 303 2117 342; x_wconf 79' lang='grc' dir='ltr'><em>Καὶ</em></span> <span class='ocrx_word' id='word_1_371' title='bbox 2147 302 2229 355; x_wconf 81' lang='grc' dir='ltr'>ὄρα,</span> <span class='ocrx_word' id='word_1_372' title='bbox 2260 304 2333 343; x_wconf 87' lang='grc' dir='ltr'><em>πῶς</em></span> 
     </span>
     <span class='ocr_line' id='line_1_56' title="bbox 1315 359 2332 415; baseline 0.003 -20"><span class='ocrx_word' id='word_1_373' title='bbox 1315 361 1358 396; x_wconf 76' lang='grc' dir='ltr'>δι’</span> <span class='ocrx_word' id='word_1_374' title='bbox 1380 359 1504 412; x_wconf 83' lang='grc' dir='ltr'>ἑτέρων</span> <span class='ocrx_word' id='word_1_375' title='bbox 1532 362 1759 411; x_wconf 73' lang='grc' dir='ltr'>μανθάνουσιν</span> <span class='ocrx_word' id='word_1_376' title='bbox 1782 362 1932 401; x_wconf 86' lang='grc' dir='ltr'>ἅπαντα.</span> <span class='ocrx_word' id='word_1_377' title='bbox 1949 363 2083 415; x_wconf 59' lang='grc' dir='ltr'><em>τΟρῶσι</em></span> <span class='ocrx_word' id='word_1_378' title='bbox 2102 362 2170 413; x_wconf 75' lang='grc' dir='ltr'>γὰρ</span> <span class='ocrx_word' id='word_1_379' title='bbox 2199 363 2332 399; x_wconf 84' lang='grc' dir='ltr'>κεκλει-</span> 
     </span>
     <span class='ocr_line' id='line_1_57' title="bbox 1315 419 2332 474; baseline 0.004 -19"><span class='ocrx_word' id='word_1_380' title='bbox 1315 419 1444 470; x_wconf 81' lang='grc' dir='ltr'>σμένην</span> <span class='ocrx_word' id='word_1_381' title='bbox 1461 419 1524 466; x_wconf 81' lang='grc' dir='ltr'><em>τὴν</em></span> <span class='ocrx_word' id='word_1_382' title='bbox 1543 421 1696 472; x_wconf 74' lang='grc' dir='ltr'>φυλακὴν</span> <span class='ocrx_word' id='word_1_383' title='bbox 1721 423 1808 471; x_wconf 83' lang='grc' dir='ltr'>μετὰ</span> <span class='ocrx_word' id='word_1_384' title='bbox 1824 423 2030 474; x_wconf 76' lang='grc' dir='ltr'>ἀσφαλείας,</span> <span class='ocrx_word' id='word_1_385' title='bbox 2048 424 2108 461; x_wconf 80' lang='grc' dir='ltr'><em>καὶ</em></span> <span class='ocrx_word' id='word_1_386' title='bbox 2126 421 2202 465; x_wconf 68' lang='grc' dir='ltr'>τοὺς</span> <span class='ocrx_word' id='word_1_387' title='bbox 2221 422 2332 473; x_wconf 74' lang='grc' dir='ltr'>φύλα-</span> 
     </span>
     <span class='ocr_line' id='line_1_58' title="bbox 1315 482 2334 534; baseline 0.003 -18"><span class='ocrx_word' id='word_1_388' title='bbox 1315 495 1378 523; x_wconf 88' lang='grc' dir='ltr'><em>κας</em></span> <span class='ocrx_word' id='word_1_389' title='bbox 1396 482 1550 524; x_wconf 78' lang='grc' dir='ltr'>ἑστῶτας</span> <span class='ocrx_word' id='word_1_390' title='bbox 1575 482 1642 533; x_wconf 84' lang='grc' dir='ltr'><em>πρὸ</em></span> <span class='ocrx_word' id='word_1_391' title='bbox 1660 486 1727 520; x_wconf 88' lang='grc' dir='ltr'><em>τῶν</em></span> <span class='ocrx_word' id='word_1_392' title='bbox 1755 485 1876 534; x_wconf 85' lang='grc' dir='ltr'>θυρῶν.</span> <span class='ocrx_word' id='word_1_393' title='bbox 1897 483 2119 527; x_wconf 82' lang='grc' dir='ltr'>Ἀκούσαντες</span> <span class='ocrx_word' id='word_1_394' title='bbox 2139 483 2173 522; x_wconf 81' lang='grc' dir='ltr'><em>δὲ</em></span> <span class='ocrx_word' id='word_1_395' title='bbox 2189 514 2199 531; x_wconf 83' lang='grc'><em>,</em></span> <span class='ocrx_word' id='word_1_396' title='bbox 2218 483 2334 528; x_wconf 70' lang='grc' dir='ltr'>εἰσῆλ-</span> 
     </span>
     <span class='ocr_line' id='line_1_59' title="bbox 1316 537 2335 595; baseline 0.003 -18"><span class='ocrx_word' id='word_1_397' title='bbox 1316 544 1371 578; x_wconf 89' lang='grc' dir='ltr'><em>θον</em></span> <span class='ocrx_word' id='word_1_398' title='bbox 1391 541 1458 578; x_wconf 79' lang='grc' dir='ltr'><em>ὑπὸ</em></span> <span class='ocrx_word' id='word_1_399' title='bbox 1473 541 1531 579; x_wconf 84' lang='grc' dir='ltr'><em>τὸν</em></span> <span class='ocrx_word' id='word_1_400' title='bbox 1549 542 1668 594; x_wconf 78' lang='grc' dir='ltr'>ὄρθρον</span> <span class='ocrx_word' id='word_1_401' title='bbox 1685 545 1733 586; x_wconf 87' lang='grc' dir='ltr'><em>εἷς</em></span> <span class='ocrx_word' id='word_1_402' title='bbox 1751 543 1790 580; x_wconf 83' lang='grc' dir='ltr'><em>τὸ</em></span> <span class='ocrx_word' id='word_1_403' title='bbox 1809 543 1899 594; x_wconf 76' lang='grc' dir='ltr'>ἱερὸν</span> <span class='ocrx_word' id='word_1_404' title='bbox 1917 537 1982 581; x_wconf 79' lang='grc' dir='ltr'><em>καὶ</em></span> <span class='ocrx_word' id='word_1_405' title='bbox 2006 544 2194 582; x_wconf 80' lang='grc' dir='ltr'>ἐδίδασκον.</span> <span class='ocrx_word' id='word_1_406' title='bbox 2212 546 2335 595; x_wconf 90' lang='grc' dir='ltr'>Παρα-</span> 
     </span>
     <span class='ocr_line' id='line_1_60' title="bbox 1314 601 2335 656; baseline 0.004 -18"><span class='ocrx_word' id='word_1_407' title='bbox 1314 601 1496 652; x_wconf 84' lang='grc' dir='ltr'>γενόμενος</span> <span class='ocrx_word' id='word_1_408' title='bbox 1511 602 1546 641; x_wconf 79' lang='grc' dir='ltr'><em>δὲ</em></span> <span class='ocrx_word' id='word_1_409' title='bbox 1565 606 1582 641; x_wconf 85' lang='grc' dir='ltr'>ὁ</span> <span class='ocrx_word' id='word_1_410' title='bbox 1599 602 1778 655; x_wconf 79' lang='grc' dir='ltr'>ἀρχιερεὺς</span> <span class='ocrx_word' id='word_1_411' title='bbox 1791 633 1801 651; x_wconf 90' lang='grc'>,</span> <span class='ocrx_word' id='word_1_412' title='bbox 1816 604 1875 641; x_wconf 86' lang='grc' dir='ltr'><em>καὶ</em></span> <span class='ocrx_word' id='word_1_413' title='bbox 1892 606 1923 641; x_wconf 82' lang='grc' dir='ltr'>οἱ</span> <span class='ocrx_word' id='word_1_414' title='bbox 1941 603 2001 641; x_wconf 79' lang='grc' dir='ltr'><em>σὺν</em></span> <span class='ocrx_word' id='word_1_415' title='bbox 2020 606 2131 656; x_wconf 80' lang='grc' dir='ltr'>αὐτῷ,</span> <span class='ocrx_word' id='word_1_416' title='bbox 2154 605 2335 642; x_wconf 67' lang='grc' dir='ltr'>συνεκάλε«</span> 
     </span>
     <span class='ocr_line' id='line_1_61' title="bbox 1316 662 2331 716; baseline 0.002 -15"><span class='ocrx_word' id='word_1_417' title='bbox 1316 678 1378 701; x_wconf 88' lang='grc' dir='ltr'><em>σαν</em></span> <span class='ocrx_word' id='word_1_418' title='bbox 1395 662 1434 700; x_wconf 83' lang='grc' dir='ltr'><em>τὸ</em></span> <span class='ocrx_word' id='word_1_419' title='bbox 1451 663 1637 715; x_wconf 76' lang='grc' dir='ltr'>συνέδριον,</span> <span class='ocrx_word' id='word_1_420' title='bbox 1662 664 1721 701; x_wconf 89' lang='grc' dir='ltr'><em>καὶ</em></span> <span class='ocrx_word' id='word_1_421' title='bbox 1737 670 1853 702; x_wconf 80' lang='grc' dir='ltr'>πᾶσαν</span> <span class='ocrx_word' id='word_1_422' title='bbox 1870 663 1932 711; x_wconf 78' lang='grc' dir='ltr'><em>τὴν</em></span> <span class='ocrx_word' id='word_1_423' title='bbox 1957 665 2140 716; x_wconf 84' lang='grc' dir='ltr'>γερουσίαν</span> <span class='ocrx_word' id='word_1_424' title='bbox 2162 668 2230 703; x_wconf 87' lang='grc' dir='ltr'><em>τῶν</em></span> <span class='ocrx_word' id='word_1_425' title='bbox 2249 667 2331 703; x_wconf 82' lang='grc' dir='ltr'>υἱῶν</span> 
     </span>
     <span class='ocr_line' id='line_1_62' title="bbox 1314 724 2333 776; baseline 0.002 -16.024"><span class='ocrx_word' id='word_1_426' title='bbox 1314 724 1478 776; x_wconf 87' lang='grc' dir='ltr'>Ἰσραηλ·</span> <span class='ocrx_word' id='word_1_427' title='bbox 1497 724 1556 762; x_wconf 89' lang='grc' dir='ltr'><em>καὶ</em></span> <span class='ocrx_word' id='word_1_428' title='bbox 1576 725 1784 764; x_wconf 82' lang='grc' dir='ltr'>ἀπέστειλαν</span> <span class='ocrx_word' id='word_1_429' title='bbox 1805 727 1853 769; x_wconf 86' lang='grc' dir='ltr'><em>εἷς</em></span> <span class='ocrx_word' id='word_1_430' title='bbox 1870 724 1910 762; x_wconf 73' lang='grc' dir='ltr'><em>τὸ</em></span> <span class='ocrx_word' id='word_1_431' title='bbox 1929 724 2164 776; x_wconf 72' lang='grc' dir='ltr'>δεσμωτηριον</span> <span class='ocrx_word' id='word_1_432' title='bbox 2182 727 2333 776; x_wconf 79' lang='grc' dir='ltr'>ἀχθηναι</span> 
     </span>
     <span class='ocr_line' id='line_1_63' title="bbox 1317 783 2332 836; baseline 0 -15"><span class='ocrx_word' id='word_1_433' title='bbox 1317 783 1451 827; x_wconf 81' lang='grc' dir='ltr'>αυτούς.</span> <span class='ocrx_word' id='word_1_434' title='bbox 1478 785 1763 836; x_wconf 86' lang='grc' dir='ltr'>Παραγενόμενοι</span> <span class='ocrx_word' id='word_1_435' title='bbox 1795 785 1830 823; x_wconf 81' lang='grc' dir='ltr'><em>δὲ</em></span> <span class='ocrx_word' id='word_1_436' title='bbox 1863 787 1894 822; x_wconf 82' lang='grc' dir='ltr'>οἱ</span> <span class='ocrx_word' id='word_1_437' title='bbox 1926 785 2097 836; x_wconf 76' lang='grc' dir='ltr'>ὑπηρέται</span> <span class='ocrx_word' id='word_1_438' title='bbox 2135 786 2200 836; x_wconf 79' lang='grc' dir='ltr'>οὐχ</span> <span class='ocrx_word' id='word_1_439' title='bbox 2236 789 2332 836; x_wconf 85' lang='grc' dir='ltr'>εὗρον</span> 
     </span>
     <span class='ocr_line' id='line_1_64' title="bbox 1314 844 2332 898; baseline 0.001 -17"><span class='ocrx_word' id='word_1_440' title='bbox 1314 844 1434 888; x_wconf 80' lang='grc' dir='ltr'>αὐτους</span> <span class='ocrx_word' id='word_1_441' title='bbox 1457 848 1490 884; x_wconf 81' lang='grc' dir='ltr'><em>ἓν</em></span> <span class='ocrx_word' id='word_1_442' title='bbox 1507 849 1549 897; x_wconf 73' lang='grc' dir='ltr'><em>τῇ</em></span> <span class='ocrx_word' id='word_1_443' title='bbox 1572 848 1731 898; x_wconf 72' lang='grc' dir='ltr'>φυλακῃ</span> <span class='ocrx_word' id='word_1_444' title='bbox 1752 845 2064 898; x_wconf 73' lang='grc' dir='ltr'>ἀναστρέψαντες</span> <span class='ocrx_word' id='word_1_445' title='bbox 2047 844 2082 883; x_wconf 89' lang='lat'><strong>03</strong></span> <span class='ocrx_word' id='word_1_446' title='bbox 2103 845 2332 895; x_wconf 80' lang='grc' dir='ltr'>ἀπήγγειλαν,</span> 
     </span>
     <span class='ocr_line' id='line_1_65' title="bbox 1314 905 2332 958; baseline -0.001 -14"><span class='ocrx_word' id='word_1_447' title='bbox 1314 905 1487 957; x_wconf 79' lang='grc' dir='ltr'>λέγοντες,</span> <span class='ocrx_word' id='word_1_448' title='bbox 1519 907 1571 945; x_wconf 76' lang='grc' dir='ltr'><em>ὅτι</em></span> <span class='ocrx_word' id='word_1_449' title='bbox 1601 906 1640 944; x_wconf 84' lang='grc' dir='ltr'><em>τὸ</em></span> <span class='ocrx_word' id='word_1_450' title='bbox 1672 906 1733 957; x_wconf 79' lang='grc' dir='ltr'><em>μὲν</em></span> <span class='ocrx_word' id='word_1_451' title='bbox 1767 906 2004 957; x_wconf 74' lang='grc' dir='ltr'>δεσμωτήριον</span> <span class='ocrx_word' id='word_1_452' title='bbox 2034 906 2176 958; x_wconf 74' lang='grc' dir='ltr'>εὕρομεν</span> <span class='ocrx_word' id='word_1_453' title='bbox 2197 907 2332 943; x_wconf 88' lang='grc' dir='ltr'>κεκλει-</span> 
     </span>
     <span class='ocr_line' id='line_1_66' title="bbox 1315 966 2332 1020; baseline -0.001 -16"><span class='ocrx_word' id='word_1_454' title='bbox 1315 966 1439 1018; x_wconf 80' lang='grc' dir='ltr'>σμένον</span> <span class='ocrx_word' id='word_1_455' title='bbox 1454 970 1488 1006; x_wconf 79' lang='grc' dir='ltr'><em>ἒν</em></span> <span class='ocrx_word' id='word_1_456' title='bbox 1507 968 1603 1020; x_wconf 70' lang='grc' dir='ltr'>πάσῃ</span> <span class='ocrx_word' id='word_1_457' title='bbox 1626 967 1797 1020; x_wconf 70' lang='grc' dir='ltr'>ἀσφαλείᾳ</span> <span class='ocrx_word' id='word_1_458' title='bbox 1810 998 1820 1016; x_wconf 86' lang='grc'>,</span> <span class='ocrx_word' id='word_1_459' title='bbox 1840 966 1988 1011; x_wconf 77' lang='grc' dir='ltr'>καὶτοὺς</span> <span class='ocrx_word' id='word_1_460' title='bbox 2007 967 2163 1020; x_wconf 78' lang='grc' dir='ltr'>φύλακας</span> <span class='ocrx_word' id='word_1_461' title='bbox 2180 968 2332 1009; x_wconf 77' lang='grc' dir='ltr'>ἑστῶτας</span> 
     </span>
     <span class='ocr_line' id='line_1_67' title="bbox 1314 1027 2331 1080; baseline -0.002 -15"><span class='ocrx_word' id='word_1_462' title='bbox 1314 1027 1382 1080; x_wconf 79' lang='grc' dir='ltr'><em>πρὸ</em></span> <span class='ocrx_word' id='word_1_463' title='bbox 1404 1032 1473 1066; x_wconf 84' lang='grc' dir='ltr'><em>τῶν</em></span> <span class='ocrx_word' id='word_1_464' title='bbox 1497 1031 1606 1080; x_wconf 85' lang='grc' dir='ltr'>θυρῶν</span> <span class='ocrx_word' id='word_1_465' title='bbox 1621 1044 1628 1052; x_wconf 89' lang='grc'>·</span> <span class='ocrx_word' id='word_1_466' title='bbox 1658 1029 1852 1073; x_wconf 82' lang='grc' dir='ltr'>ἀνοίξαντες</span> <span class='ocrx_word' id='word_1_467' title='bbox 1879 1028 1915 1066; x_wconf 76' lang='grc' dir='ltr'><em>δὲ</em></span> <span class='ocrx_word' id='word_1_468' title='bbox 1941 1029 2009 1067; x_wconf 81' lang='grc' dir='ltr'>ἔσω</span> <span class='ocrx_word' id='word_1_469' title='bbox 2030 1027 2150 1066; x_wconf 73' lang='grc' dir='ltr'>οὐδένα</span> <span class='ocrx_word' id='word_1_470' title='bbox 2174 1027 2331 1080; x_wconf 74' lang='grc' dir='ltr'>εὕρομεν.</span> 
     </span>
     <span class='ocr_line' id='line_1_68' title="bbox 1314 1089 2333 1142; baseline -0.001 -15"><span class='ocrx_word' id='word_1_471' title='bbox 1314 1091 1429 1136; x_wconf 70' lang='grc' dir='ltr'>Διπλῆ</span> <span class='ocrx_word' id='word_1_472' title='bbox 1448 1093 1469 1136; x_wconf 80' lang='grc' dir='ltr'>ἦ</span> <span class='ocrx_word' id='word_1_473' title='bbox 1488 1090 1659 1142; x_wconf 67' lang='grc' dir='ltr'>ἀσφάλεια</span> <span class='ocrx_word' id='word_1_474' title='bbox 1680 1089 1798 1142; x_wconf 83' lang='grc' dir='ltr'>ὥσπερ</span> <span class='ocrx_word' id='word_1_475' title='bbox 1815 1091 1872 1130; x_wconf 79' lang='grc' dir='ltr'><em>ἐπὶ</em></span> <span class='ocrx_word' id='word_1_476' title='bbox 1889 1094 1948 1127; x_wconf 76' lang='grc' dir='ltr'><em>τοῦ</em></span> <span class='ocrx_word' id='word_1_477' title='bbox 1963 1090 2071 1142; x_wconf 64' lang='grc' dir='ltr'>τάφου</span> <span class='ocrx_word' id='word_1_478' title='bbox 2083 1117 2092 1135; x_wconf 88' lang='grc'>,</span> <span class='ocrx_word' id='word_1_479' title='bbox 2110 1089 2170 1127; x_wconf 73' lang='grc' dir='ltr'><em>καὶ</em></span> <span class='ocrx_word' id='word_1_480' title='bbox 2188 1091 2210 1135; x_wconf 80' lang='grc' dir='ltr'>ἡ</span> <span class='ocrx_word' id='word_1_481' title='bbox 2226 1103 2333 1140; x_wconf 69' lang='grc' dir='ltr'>σφρα-</span> 
     </span>
     <span class='ocr_line' id='line_1_69' title="bbox 1312 1146 2331 1205; baseline -0.002 -18"><span class='ocrx_word' id='word_1_482' title='bbox 1312 1150 1363 1200; x_wconf 77' lang='grc' dir='ltr'>γὶς</span> <span class='ocrx_word' id='word_1_483' title='bbox 1378 1150 1438 1188; x_wconf 81' lang='grc' dir='ltr'><em>καὶ</em></span> <span class='ocrx_word' id='word_1_484' title='bbox 1454 1154 1484 1189; x_wconf 81' lang='grc' dir='ltr'>οἱ</span> <span class='ocrx_word' id='word_1_485' title='bbox 1500 1152 1685 1202; x_wconf 75' lang='grc' dir='ltr'>ἅνθρωποι.</span> <span class='ocrx_word' id='word_1_486' title='bbox 1697 1150 1806 1205; x_wconf 67' lang='grc' dir='ltr'><em>ςὈροι,</em></span> <span class='ocrx_word' id='word_1_487' title='bbox 1821 1155 1895 1194; x_wconf 86' lang='grc' dir='ltr'><em>πῶς</em></span> <span class='ocrx_word' id='word_1_488' title='bbox 1911 1146 1999 1198; x_wconf 59' lang='grc' dir='ltr'>ἦσαν</span> <span class='ocrx_word' id='word_1_489' title='bbox 2017 1149 2195 1202; x_wconf 80' lang='grc' dir='ltr'>θεομάχοι.</span> <span class='ocrx_word' id='word_1_490' title='bbox 2208 1151 2331 1187; x_wconf 72' lang='grc' dir='ltr'>Ταῦτα</span> 
     </span>
     <span class='ocr_line' id='line_1_70' title="bbox 1314 1209 2332 1263; baseline -0.001 -15"><span class='ocrx_word' id='word_1_491' title='bbox 1314 1211 1530 1263; x_wconf 85' lang='grc' dir='ltr'>ἀνθρώπινα,</span> <span class='ocrx_word' id='word_1_492' title='bbox 1556 1212 1632 1251; x_wconf 79' lang='grc' dir='ltr'>εἶπέ</span> <span class='ocrx_word' id='word_1_493' title='bbox 1662 1227 1740 1263; x_wconf 84' lang='grc' dir='ltr'>μοι,</span> <span class='ocrx_word' id='word_1_494' title='bbox 1768 1213 1811 1250; x_wconf 76' lang='grc' dir='ltr'><em>τὰ</em></span> <span class='ocrx_word' id='word_1_495' title='bbox 1839 1213 1895 1250; x_wconf 76' lang='grc' dir='ltr'><em>ἐπ’</em></span> <span class='ocrx_word' id='word_1_496' title='bbox 1915 1214 2028 1250; x_wconf 72' lang='grc' dir='ltr'>αὐτῶν</span> <span class='ocrx_word' id='word_1_497' title='bbox 2060 1210 2249 1262; x_wconf 78' lang='grc' dir='ltr'>γενόμενα;</span> <span class='ocrx_word' id='word_1_498' title='bbox 2279 1209 2332 1252; x_wconf 83' lang='grc' dir='ltr'><em>τίς</em></span> 
     </span>
     <span class='ocr_line' id='line_1_71' title="bbox 1314 1270 2332 1324; baseline 0 -16"><span class='ocrx_word' id='word_1_499' title='bbox 1314 1271 1436 1314; x_wconf 74' lang='grc' dir='ltr'>αὐτοὺς</span> <span class='ocrx_word' id='word_1_500' title='bbox 1454 1271 1600 1324; x_wconf 71' lang='grc' dir='ltr'>ἐξήγαγε</span> <span class='ocrx_word' id='word_1_501' title='bbox 1625 1276 1694 1310; x_wconf 81' lang='grc' dir='ltr'><em>τῶν</em></span> <span class='ocrx_word' id='word_1_502' title='bbox 1714 1275 1824 1324; x_wconf 85' lang='grc' dir='ltr'>θυρῶν</span> <span class='ocrx_word' id='word_1_503' title='bbox 1843 1273 2116 1323; x_wconf 82' lang='grc' dir='ltr'>κεκλεισμένων;</span> <span class='ocrx_word' id='word_1_504' title='bbox 2139 1274 2214 1314; x_wconf 90' lang='grc' dir='ltr'><em>πῶς</em></span> <span class='ocrx_word' id='word_1_505' title='bbox 2234 1270 2332 1317; x_wconf 70' lang='grc' dir='ltr'>ἐξῆλ-</span> 
     </span>
     <span class='ocr_line' id='line_1_72' title="bbox 1314 1331 2333 1386; baseline 0 -17"><span class='ocrx_word' id='word_1_506' title='bbox 1314 1336 1370 1370; x_wconf 86' lang='grc' dir='ltr'><em>θον</em></span> <span class='ocrx_word' id='word_1_507' title='bbox 1395 1334 1463 1369; x_wconf 87' lang='grc' dir='ltr'><em>τῶν</em></span> <span class='ocrx_word' id='word_1_508' title='bbox 1485 1334 1646 1384; x_wconf 72' lang='grc' dir='ltr'>φυλάκων</span> <span class='ocrx_word' id='word_1_509' title='bbox 1671 1332 1739 1386; x_wconf 78' lang='grc' dir='ltr'><em>πρὸ</em></span> <span class='ocrx_word' id='word_1_510' title='bbox 1764 1335 1832 1370; x_wconf 86' lang='grc' dir='ltr'><em>τῶν</em></span> <span class='ocrx_word' id='word_1_511' title='bbox 1860 1336 1970 1386; x_wconf 80' lang='grc' dir='ltr'>θυρῶν</span> <span class='ocrx_word' id='word_1_512' title='bbox 1998 1331 2176 1379; x_wconf 80' lang='grc' dir='ltr'>ἓστώτων;</span> <span class='ocrx_word' id='word_1_513' title='bbox 2194 1331 2333 1374; x_wconf 85' lang='grc' dir='ltr'>Ὄντως</span> 
     </span>
     <span class='ocr_line' id='line_1_73' title="bbox 1314 1391 2333 1446; baseline -0.002 -15"><span class='ocrx_word' id='word_1_514' title='bbox 1314 1393 1531 1443; x_wconf 82' lang='grc' dir='ltr'>μαινομένων</span> <span class='ocrx_word' id='word_1_515' title='bbox 1549 1393 1607 1431; x_wconf 82' lang='grc' dir='ltr'><em>καὶ</em></span> <span class='ocrx_word' id='word_1_516' title='bbox 1624 1393 1818 1444; x_wconf 76' lang='grc' dir='ltr'>μεθυόντων</span> <span class='ocrx_word' id='word_1_517' title='bbox 1845 1393 1889 1431; x_wconf 77' lang='grc' dir='ltr'><em>τὰ</em></span> <span class='ocrx_word' id='word_1_518' title='bbox 1920 1393 2075 1446; x_wconf 74' lang='grc' dir='ltr'>ῥήματα.</span> <span class='ocrx_word' id='word_1_519' title='bbox 2095 1391 2167 1436; x_wconf 74' lang='grc' dir='ltr'>Οὒς</span> <span class='ocrx_word' id='word_1_520' title='bbox 2180 1395 2218 1430; x_wconf 80' lang='grc' dir='ltr'>οὗ</span> <span class='ocrx_word' id='word_1_521' title='bbox 2232 1391 2333 1430; x_wconf 84' lang='grc' dir='ltr'>κατέ-</span> 
     </span>
     <span class='ocr_line' id='line_1_74' title="bbox 1313 1453 2329 1508; baseline 0 -17"><span class='ocrx_word' id='word_1_522' title='bbox 1313 1470 1376 1506; x_wconf 61' lang='lat' dir='ltr'><em>qs</em></span> <span class='ocrx_word' id='word_1_523' title='bbox 1412 1454 1547 1507; x_wconf 72' lang='grc' dir='ltr'>φυλακὴ</span> <span class='ocrx_word' id='word_1_524' title='bbox 1560 1486 1569 1502; x_wconf 85' lang='grc'>,</span> <span class='ocrx_word' id='word_1_525' title='bbox 1603 1455 1662 1492; x_wconf 74' lang='grc' dir='ltr'><em>καὶ</em></span> <span class='ocrx_word' id='word_1_526' title='bbox 1695 1455 1818 1505; x_wconf 73' lang='grc' dir='ltr'>δεσμὰ,</span> <span class='ocrx_word' id='word_1_527' title='bbox 1840 1454 1899 1493; x_wconf 75' lang='grc' dir='ltr'><em>καὶ</em></span> <span class='ocrx_word' id='word_1_528' title='bbox 1932 1454 2032 1508; x_wconf 83' lang='grc' dir='ltr'>θύραι</span> <span class='ocrx_word' id='word_1_529' title='bbox 2064 1453 2329 1504; x_wconf 79' lang='grc' dir='ltr'>κεκλεισμέναι,</span> 
     </span>
     <span class='ocr_line' id='line_1_75' title="bbox 1311 1515 2329 1570; baseline 0 -18"><span class='ocrx_word' id='word_1_530' title='bbox 1311 1515 1441 1552; x_wconf 84' lang='grc' dir='ltr'>τούτων</span> <span class='ocrx_word' id='word_1_531' title='bbox 1464 1516 1723 1568; x_wconf 74' lang='grc' dir='ltr'>προσεδόκησαν</span> <span class='ocrx_word' id='word_1_532' title='bbox 1747 1516 1988 1570; x_wconf 81' lang='grc' dir='ltr'>περιέσεσθαι,</span> <span class='ocrx_word' id='word_1_533' title='bbox 2015 1515 2148 1554; x_wconf 77' lang='grc' dir='ltr'>παίδων</span> <span class='ocrx_word' id='word_1_534' title='bbox 2175 1515 2329 1561; x_wconf 77' lang='grc' dir='ltr'>ἀνοήτων</span> 
     </span>
     <span class='ocr_line' id='line_1_76' title="bbox 1311 1575 2330 1630; baseline 0 -16"><span class='ocrx_word' id='word_1_535' title='bbox 1311 1583 1459 1629; x_wconf 79' lang='grc' dir='ltr'>πρᾶγμα</span> <span class='ocrx_word' id='word_1_536' title='bbox 1476 1577 1652 1621; x_wconf 82' lang='grc' dir='ltr'>παθόντες.</span> <span class='ocrx_word' id='word_1_537' title='bbox 1673 1580 1719 1617; x_wconf 84' lang='grc' dir='ltr'><em>Οἱ</em></span> <span class='ocrx_word' id='word_1_538' title='bbox 1735 1577 1906 1630; x_wconf 71' lang='grc' dir='ltr'>ὑπηρέται</span> <span class='ocrx_word' id='word_1_539' title='bbox 1925 1582 2004 1629; x_wconf 75' lang='grc' dir='ltr'>γοῦν</span> <span class='ocrx_word' id='word_1_540' title='bbox 2025 1579 2135 1614; x_wconf 79' lang='grc' dir='ltr'>αὐτῶν</span> <span class='ocrx_word' id='word_1_541' title='bbox 2151 1575 2207 1613; x_wconf 77' lang='grc' dir='ltr'>διὰ</span> <span class='ocrx_word' id='word_1_542' title='bbox 2228 1580 2330 1614; x_wconf 82' lang='grc' dir='ltr'>τοῦτο</span> 
     </span>
     <span class='ocr_line' id='line_1_77' title="bbox 1312 1637 2330 1690; baseline -0.001 -14"><span class='ocrx_word' id='word_1_543' title='bbox 1312 1640 1579 1690; x_wconf 81' lang='grc' dir='ltr'>παραγίνονται,</span> <span class='ocrx_word' id='word_1_544' title='bbox 1607 1639 1666 1677; x_wconf 77' lang='grc' dir='ltr'><em>καὶ</em></span> <span class='ocrx_word' id='word_1_545' title='bbox 1688 1642 1892 1690; x_wconf 73' lang='grc' dir='ltr'>ὁμολογοῦσι</span> <span class='ocrx_word' id='word_1_546' title='bbox 1905 1639 1945 1676; x_wconf 82' lang='grc' dir='ltr'><em>τὸ</em></span> <span class='ocrx_word' id='word_1_547' title='bbox 1959 1637 2096 1690; x_wconf 75' lang='grc' dir='ltr'>γεγονὸς</span> <span class='ocrx_word' id='word_1_548' title='bbox 2109 1668 2118 1685; x_wconf 83' lang='grc'>,</span> <span class='ocrx_word' id='word_1_549' title='bbox 2137 1637 2194 1676; x_wconf 81' lang='grc' dir='ltr'><em>ἵνα</em></span> <span class='ocrx_word' id='word_1_550' title='bbox 2212 1645 2330 1676; x_wconf 83' lang='grc' dir='ltr'>πᾶσαν</span> 
     </span>
     <span class='ocr_line' id='line_1_78' title="bbox 1313 1698 2331 1752; baseline 0 -16"><span class='ocrx_word' id='word_1_551' title='bbox 1313 1701 1426 1743; x_wconf 76' lang='grc' dir='ltr'>αὐτοῖς</span> <span class='ocrx_word' id='word_1_552' title='bbox 1446 1701 1682 1739; x_wconf 82' lang='grc' dir='ltr'>ἀποκλείσωσι</span> <span class='ocrx_word' id='word_1_553' title='bbox 1701 1699 2006 1752; x_wconf 61' lang='grc' dir='ltr'>πρόφασιν.“ορᾂ’ς</span> <span class='ocrx_word' id='word_1_554' title='bbox 2030 1705 2162 1749; x_wconf 83' lang='grc' dir='ltr'>σημεῖα</span> <span class='ocrx_word' id='word_1_555' title='bbox 2186 1698 2244 1736; x_wconf 82' lang='grc' dir='ltr'><em>ἐπὶ</em></span> <span class='ocrx_word' id='word_1_556' title='bbox 2271 1715 2331 1746; x_wconf 87' lang='grc' dir='ltr'>ση-</span> 
     </span>
     <span class='ocr_line' id='line_1_79' title="bbox 1314 1758 2331 1813; baseline 0 -16"><span class='ocrx_word' id='word_1_557' title='bbox 1314 1760 1422 1811; x_wconf 87' lang='grc' dir='ltr'>μείοις</span> <span class='ocrx_word' id='word_1_558' title='bbox 1446 1760 1612 1813; x_wconf 70' lang='grc' dir='ltr'>διάφορα,</span> <span class='ocrx_word' id='word_1_559' title='bbox 1630 1762 1674 1799; x_wconf 79' lang='grc' dir='ltr'><em>τὰ</em></span> <span class='ocrx_word' id='word_1_560' title='bbox 1698 1761 1758 1812; x_wconf 78' lang='grc' dir='ltr'><em>μὲν</em></span> <span class='ocrx_word' id='word_1_561' title='bbox 1782 1763 1841 1798; x_wconf 79' lang='grc' dir='ltr'><em>ὑπ’</em></span> <span class='ocrx_word' id='word_1_562' title='bbox 1860 1761 1986 1806; x_wconf 77' lang='grc' dir='ltr'>αὐτῶν,</span> <span class='ocrx_word' id='word_1_563' title='bbox 2012 1759 2056 1798; x_wconf 81' lang='grc' dir='ltr'><em>τὰ</em></span> <span class='ocrx_word' id='word_1_564' title='bbox 2082 1759 2117 1798; x_wconf 77' lang='grc' dir='ltr'><em>δὲ</em></span> <span class='ocrx_word' id='word_1_565' title='bbox 2143 1762 2191 1803; x_wconf 81' lang='grc' dir='ltr'><em>εἷς</em></span> <span class='ocrx_word' id='word_1_566' title='bbox 2210 1758 2331 1802; x_wconf 79' lang='grc' dir='ltr'>αὐτοὺς</span> 
     </span>
     <span class='ocr_line' id='line_1_80' title="bbox 1311 1816 2330 1874; baseline 0 -16"><span class='ocrx_word' id='word_1_567' title='bbox 1311 1821 1496 1873; x_wconf 84' lang='grc' dir='ltr'>γενόμενα,</span> <span class='ocrx_word' id='word_1_568' title='bbox 1519 1838 1540 1859; x_wconf 90' lang='grc' dir='ltr'><em>α</em></span> <span class='ocrx_word' id='word_1_569' title='bbox 1559 1838 1619 1860; x_wconf 87' lang='grc' dir='ltr'><em>και</em></span> <span class='ocrx_word' id='word_1_570' title='bbox 1637 1822 1866 1874; x_wconf 84' lang='grc' dir='ltr'>λαμπρότερα</span> <span class='ocrx_word' id='word_1_571' title='bbox 1887 1816 1944 1868; x_wconf 63' lang='grc' dir='ltr'><em>ἦν;</em></span> <span class='ocrx_word' id='word_1_572' title='bbox 1962 1822 2087 1864; x_wconf 79' lang='grc' dir='ltr'>Καλως</span> <span class='ocrx_word' id='word_1_573' title='bbox 2110 1820 2186 1858; x_wconf 71' lang='grc' dir='ltr'>οὐδὲ</span> <span class='ocrx_word' id='word_1_574' title='bbox 2207 1821 2330 1864; x_wconf 80' lang='grc' dir='ltr'>εὐθέως</span> 
     </span>
     <span class='ocr_line' id='line_1_81' title="bbox 1312 1880 2329 1935; baseline 0 -16"><span class='ocrx_word' id='word_1_575' title='bbox 1312 1885 1426 1925; x_wconf 77' lang='grc' dir='ltr'>αὐτοῖς</span> <span class='ocrx_word' id='word_1_576' title='bbox 1451 1882 1605 1933; x_wconf 79' lang='grc' dir='ltr'>ἐμηνύθη</span> <span class='ocrx_word' id='word_1_577' title='bbox 1620 1914 1629 1930; x_wconf 85' lang='grc'>,</span> <span class='ocrx_word' id='word_1_578' title='bbox 1651 1882 1739 1920; x_wconf 84' lang='grc' dir='ltr'>ἀλλὰ</span> <span class='ocrx_word' id='word_1_579' title='bbox 1758 1881 1923 1935; x_wconf 84' lang='grc' dir='ltr'>πρότερον</span> <span class='ocrx_word' id='word_1_580' title='bbox 1943 1882 1976 1918; x_wconf 80' lang='grc' dir='ltr'><em>ἓν</em></span> <span class='ocrx_word' id='word_1_581' title='bbox 1995 1880 2122 1934; x_wconf 80' lang='grc' dir='ltr'>ἀπορίᾳ</span> <span class='ocrx_word' id='word_1_582' title='bbox 2140 1881 2329 1932; x_wconf 87' lang='grc' dir='ltr'>γεγονόσιν</span> 
     </span>
    </p>
   </div>
   <div class='ocr_carea' id='block_1_8' title="bbox 1313 1942 1430 1980">
    <p class='ocr_par' dir='ltr' id='par_1_15' title="bbox 1313 1942 1430 1980">
     <span class='ocr_line' id='line_1_82' title="bbox 1313 1942 1430 1980; baseline 0 0"><span class='ocrx_word' id='word_1_583' title='bbox 1313 1959 1367 1980; x_wconf 92' lang='grc' dir='ltr'><em>ινα</em></span> <span class='ocrx_word' id='word_1_584' title='bbox 1388 1942 1430 1963; x_wconf 47' lang='lat'><em>¹³*</em></span> 
     </span>
    </p>
   </div>
   <div class='ocr_carea' id='block_1_9' title="bbox 1308 1941 2333 3271">
    <p class='ocr_par' dir='ltr' id='par_1_16' title="bbox 1312 1941 2333 2420">
     <span class='ocr_line' id='line_1_83' title="bbox 1413 1941 2328 1995; baseline -0.002 -14.951"><span class='ocrx_word' id='word_1_585' title='bbox 1413 1943 1681 1995; x_wconf 58' lang='grc' dir='ltr'>οιασκεὺάμενοι</span> <span class='ocrx_word' id='word_1_586' title='bbox 1700 1943 1792 1980; x_wconf 86' lang='grc' dir='ltr'>θείαν</span> <span class='ocrx_word' id='word_1_587' title='bbox 1813 1947 1900 1980; x_wconf 86' lang='grc' dir='ltr'>εἰναι</span> <span class='ocrx_word' id='word_1_588' title='bbox 1922 1942 2080 1991; x_wconf 75' lang='grc' dir='ltr'>δύναμιν,</span> <span class='ocrx_word' id='word_1_589' title='bbox 2101 1941 2189 1979; x_wconf 84' lang='grc' dir='ltr'>ούτω</span> <span class='ocrx_word' id='word_1_590' title='bbox 2205 1941 2328 1992; x_wconf 82' lang='grc' dir='ltr'>μάθω-</span> 
     </span>
     <span class='ocr_line' id='line_1_84' title="bbox 1312 2002 2330 2054; baseline -0.003 -11"><span class='ocrx_word' id='word_1_591' title='bbox 1312 2021 1365 2043; x_wconf 88' lang='grc' dir='ltr'><em>σιν</em></span> <span class='ocrx_word' id='word_1_592' title='bbox 1385 2004 1434 2042; x_wconf 79' lang='grc' dir='ltr'><em>ἅτ-</em></span> <span class='ocrx_word' id='word_1_593' title='bbox 1424 2020 1538 2042; x_wconf 83' lang='grc' dir='ltr'>αντα.</span> <span class='ocrx_word' id='word_1_594' title='bbox 1560 2003 1661 2047; x_wconf 86' lang='grc' dir='ltr'>Ὡς</span> <span class='ocrx_word' id='word_1_595' title='bbox 1643 2003 1678 2041; x_wconf 80' lang='grc' dir='ltr'>οὲ</span> <span class='ocrx_word' id='word_1_596' title='bbox 1697 2003 1849 2050; x_wconf 80' lang='grc' dir='ltr'>ἥκουσαν</span> <span class='ocrx_word' id='word_1_597' title='bbox 1863 2002 2075 2054; x_wconf 85' lang='grc' dir='ltr'>τουςλόγους</span> <span class='ocrx_word' id='word_1_598' title='bbox 2096 2002 2235 2046; x_wconf 82' lang='grc' dir='ltr'>τούτους</span> <span class='ocrx_word' id='word_1_599' title='bbox 2255 2018 2274 2039; x_wconf 91' lang='grc' dir='ltr'>ο</span> <span class='ocrx_word' id='word_1_600' title='bbox 2292 2018 2330 2040; x_wconf 89' lang='grc' dir='ltr'><em>τε</em></span> 
     </span>
     <span class='ocr_line' id='line_1_85' title="bbox 1313 2063 2330 2119; baseline -0.002 -17"><span class='ocrx_word' id='word_1_601' title='bbox 1313 2065 1491 2119; x_wconf 72' lang='grc' dir='ltr'>ἀρχιερεὺς</span> <span class='ocrx_word' id='word_1_602' title='bbox 1506 2065 1565 2103; x_wconf 78' lang='grc' dir='ltr'><em>καὶ</em></span> <span class='ocrx_word' id='word_1_603' title='bbox 1581 2067 1598 2103; x_wconf 87' lang='grc' dir='ltr'>ὁ</span> <span class='ocrx_word' id='word_1_604' title='bbox 1618 2065 1811 2117; x_wconf 79' lang='grc' dir='ltr'>στρατηγὸς</span> <span class='ocrx_word' id='word_1_605' title='bbox 1825 2068 1884 2102; x_wconf 77' lang='grc' dir='ltr'><em>τοῦ</em></span> <span class='ocrx_word' id='word_1_606' title='bbox 1902 2065 1992 2115; x_wconf 73' lang='grc' dir='ltr'>ἱεροῦ</span> <span class='ocrx_word' id='word_1_607' title='bbox 2008 2063 2068 2100; x_wconf 77' lang='grc' dir='ltr'><em>καὶ</em></span> <span class='ocrx_word' id='word_1_608' title='bbox 2084 2065 2115 2101; x_wconf 84' lang='grc' dir='ltr'>οἱ</span> <span class='ocrx_word' id='word_1_609' title='bbox 2136 2066 2330 2116; x_wconf 83' lang='grc' dir='ltr'>ἀρχιερεῖς,</span> 
     </span>
     <span class='ocr_line' id='line_1_86' title="bbox 1312 2124 2331 2179; baseline -0.001 -15"><span class='ocrx_word' id='word_1_610' title='bbox 1312 2127 1496 2179; x_wconf 76' lang='grc' dir='ltr'>διηπόρουν</span> <span class='ocrx_word' id='word_1_611' title='bbox 1511 2126 1591 2178; x_wconf 79' lang='grc' dir='ltr'>περὶ</span> <span class='ocrx_word' id='word_1_612' title='bbox 1611 2129 1723 2164; x_wconf 80' lang='grc' dir='ltr'>αὐτῶν</span> <span class='ocrx_word' id='word_1_613' title='bbox 1744 2126 1779 2164; x_wconf 84' lang='grc' dir='ltr'><em>τί</em></span> <span class='ocrx_word' id='word_1_614' title='bbox 1795 2126 1834 2163; x_wconf 80' lang='grc' dir='ltr'><em>ἂν</em></span> <span class='ocrx_word' id='word_1_615' title='bbox 1851 2124 1983 2178; x_wconf 77' lang='grc' dir='ltr'>γένοιτο</span> <span class='ocrx_word' id='word_1_616' title='bbox 2001 2128 2114 2162; x_wconf 69' lang='grc' dir='ltr'>τοῦτο.</span> <span class='ocrx_word' id='word_1_617' title='bbox 2128 2125 2331 2176; x_wconf 84' lang='grc' dir='ltr'>Παραγενό-</span> 
     </span>
     <span class='ocr_line' id='line_1_87' title="bbox 1315 2185 2329 2238; baseline -0.003 -13"><span class='ocrx_word' id='word_1_618' title='bbox 1315 2203 1414 2238; x_wconf 82' lang='grc' dir='ltr'>μενος</span> <span class='ocrx_word' id='word_1_619' title='bbox 1442 2187 1478 2224; x_wconf 77' lang='grc' dir='ltr'><em>δέ</em></span> <span class='ocrx_word' id='word_1_620' title='bbox 1496 2203 1547 2229; x_wconf 86' lang='grc' dir='ltr'><em>τις</em></span> <span class='ocrx_word' id='word_1_621' title='bbox 1568 2187 1775 2238; x_wconf 71' lang='grc' dir='ltr'>ἀπήγγειλεν</span> <span class='ocrx_word' id='word_1_622' title='bbox 1803 2188 1915 2229; x_wconf 78' lang='grc' dir='ltr'>αὐτοῖς</span> <span class='ocrx_word' id='word_1_623' title='bbox 1931 2216 1940 2233; x_wconf 85' lang='grc'><em>,</em></span> <span class='ocrx_word' id='word_1_624' title='bbox 1966 2185 2019 2223; x_wconf 82' lang='grc' dir='ltr'><em>ὅτι</em></span> <span class='ocrx_word' id='word_1_625' title='bbox 2038 2185 2109 2223; x_wconf 76' lang='grc' dir='ltr'>ἰδοὺ</span> <span class='ocrx_word' id='word_1_626' title='bbox 2137 2187 2168 2223; x_wconf 82' lang='grc' dir='ltr'>οἱ</span> <span class='ocrx_word' id='word_1_627' title='bbox 2194 2186 2329 2237; x_wconf 78' lang='grc' dir='ltr'>ἄνδρες,</span> 
     </span>
     <span class='ocr_line' id='line_1_88' title="bbox 1314 2247 2331 2320; baseline -0.001 -35"><span class='ocrx_word' id='word_1_628' title='bbox 1314 2264 1370 2291; x_wconf 89' lang='grc' dir='ltr'><em>ους</em></span> <span class='ocrx_word' id='word_1_629' title='bbox 1392 2248 1539 2285; x_wconf 68' lang='grc' dir='ltr'>ἔθεσθεε</span> <span class='ocrx_word' id='word_1_630' title='bbox 1524 2263 1557 2284; x_wconf 90' lang='grc' dir='ltr'><em>εν</em></span> <span class='ocrx_word' id='word_1_631' title='bbox 1578 2264 1620 2298; x_wconf 77' lang='grc' dir='ltr'><em>τῃ</em></span> <span class='ocrx_word' id='word_1_632' title='bbox 1642 2249 1799 2320; x_wconf 70' lang='grc' dir='ltr'>ιρυλακῃ,</span> <span class='ocrx_word' id='word_1_633' title='bbox 1821 2247 1904 2285; x_wconf 78' lang='grc' dir='ltr'>εἰσιν</span> <span class='ocrx_word' id='word_1_634' title='bbox 1932 2249 1966 2284; x_wconf 80' lang='grc' dir='ltr'><em>ἐν</em></span> <span class='ocrx_word' id='word_1_635' title='bbox 1991 2263 2041 2284; x_wconf 79' lang='grc' dir='ltr'><em>τι)</em></span> <span class='ocrx_word' id='word_1_636' title='bbox 2069 2248 2151 2298; x_wconf 85' lang='grc' dir='ltr'>ἷερῶ</span> <span class='ocrx_word' id='word_1_637' title='bbox 2184 2249 2331 2289; x_wconf 80' lang='grc' dir='ltr'>ἑστῶτες</span> 
     </span>
     <span class='ocr_line' id='line_1_89' title="bbox 1314 2286 2333 2359; baseline -0.002 -12"><span class='ocrx_word' id='word_1_638' title='bbox 1314 2309 1373 2347; x_wconf 80' lang='grc' dir='ltr'><em>καὶ</em></span> <span class='ocrx_word' id='word_1_639' title='bbox 1390 2309 1607 2351; x_wconf 70' lang='grc' dir='ltr'>διδασκοντες</span> <span class='ocrx_word' id='word_1_640' title='bbox 1625 2309 1680 2345; x_wconf 79' lang='grc' dir='ltr'><em>τὸν</em></span> <span class='ocrx_word' id='word_1_641' title='bbox 1701 2308 1796 2345; x_wconf 90' lang='grc' dir='ltr'>λαόν.</span> <span class='ocrx_word' id='word_1_642' title='bbox 1822 2307 1913 2346; x_wconf 89' lang='grc' dir='ltr'>Τότε</span> <span class='ocrx_word' id='word_1_643' title='bbox 1932 2309 2021 2345; x_wconf 84' lang='grc' dir='ltr'>ἀπελ</span> <span class='ocrx_word' id='word_1_644' title='bbox 2023 2286 2118 2345; x_wconf 54' lang='grc' dir='ltr'>θων(</span> <span class='ocrx_word' id='word_1_645' title='bbox 2106 2325 2122 2346; x_wconf 93' lang='grc' dir='ltr'>ο</span> <span class='ocrx_word' id='word_1_646' title='bbox 2140 2324 2333 2359; x_wconf 83' lang='grc' dir='ltr'>στρατηγός</span> 
     </span>
     <span class='ocr_line' id='line_1_90' title="bbox 1315 2367 2331 2420; baseline -0.002 -13"><span class='ocrx_word' id='word_1_647' title='bbox 1315 2385 1375 2408; x_wconf 89' lang='grc' dir='ltr'><em>συν</em></span> <span class='ocrx_word' id='word_1_648' title='bbox 1404 2375 1473 2412; x_wconf 82' lang='grc' dir='ltr'>τοῖς</span> <span class='ocrx_word' id='word_1_649' title='bbox 1503 2368 1714 2420; x_wconf 75' lang='grc' dir='ltr'>υπ-ηρέταις,</span> <span class='ocrx_word' id='word_1_650' title='bbox 1743 2367 1871 2419; x_wconf 81' lang='grc' dir='ltr'>ἤγαγεν</span> <span class='ocrx_word' id='word_1_651' title='bbox 1893 2367 2014 2412; x_wconf 77' lang='grc' dir='ltr'>αὐτους</span> <span class='ocrx_word' id='word_1_652' title='bbox 2042 2384 2079 2406; x_wconf 90' lang='grc' dir='ltr'><em>ου</em></span> <span class='ocrx_word' id='word_1_653' title='bbox 2109 2368 2198 2419; x_wconf 75' lang='grc' dir='ltr'>μετὰ</span> <span class='ocrx_word' id='word_1_654' title='bbox 2230 2368 2331 2419; x_wconf 88' lang='grc' dir='ltr'>βίας·</span> 
     </span>
    </p>

    <p class='ocr_par' dir='ltr' id='par_1_17' title="bbox 1309 2427 2333 2907">
     <span class='ocr_line' id='line_1_91' title="bbox 1315 2427 2333 2482; baseline -0.001 -15"><span class='ocrx_word' id='word_1_655' title='bbox 1315 2430 1497 2482; x_wconf 65' lang='grc' dir='ltr'>ἔφοὸοῧντο</span> <span class='ocrx_word' id='word_1_656' title='bbox 1520 2429 1588 2482; x_wconf 75' lang='grc' dir='ltr'>γὰρ</span> <span class='ocrx_word' id='word_1_657' title='bbox 1611 2428 1668 2466; x_wconf 72' lang='grc' dir='ltr'><em>τὸν</em></span> <span class='ocrx_word' id='word_1_658' title='bbox 1696 2428 1792 2476; x_wconf 72' lang='grc' dir='ltr'>λαὸν,</span> <span class='ocrx_word' id='word_1_659' title='bbox 1811 2428 1867 2466; x_wconf 80' lang='grc' dir='ltr'><em>ἵνα</em></span> <span class='ocrx_word' id='word_1_660' title='bbox 1889 2428 1937 2480; x_wconf 83' lang='grc' dir='ltr'><em>μὴ</em></span> <span class='ocrx_word' id='word_1_661' title='bbox 1957 2430 2183 2467; x_wconf 85' lang='grc' dir='ltr'>λιθασθῶσιν.</span> <span class='ocrx_word' id='word_1_662' title='bbox 2200 2427 2249 2466; x_wconf 85' lang='grc' dir='ltr'>Ὢ</span> <span class='ocrx_word' id='word_1_663' title='bbox 2270 2433 2333 2476; x_wconf 75' lang='grc' dir='ltr'>τῆς</span> 
     </span>
     <span class='ocr_line' id='line_1_92' title="bbox 1315 2488 2333 2542; baseline 0.001 -15"><span class='ocrx_word' id='word_1_664' title='bbox 1315 2491 1442 2533; x_wconf 80' lang='grc' dir='ltr'>ἀνοίας.</span> <span class='ocrx_word' id='word_1_665' title='bbox 1461 2490 1691 2542; x_wconf 64' lang='grc' dir='ltr'>Ἔφοὸοῧντο,</span> <span class='ocrx_word' id='word_1_666' title='bbox 1708 2489 1811 2541; x_wconf 74' lang='grc' dir='ltr'>φησί,</span> <span class='ocrx_word' id='word_1_667' title='bbox 1831 2490 1888 2527; x_wconf 77' lang='grc' dir='ltr'><em>τὸν</em></span> <span class='ocrx_word' id='word_1_668' title='bbox 1916 2490 2030 2541; x_wconf 75' lang='grc' dir='ltr'>ὄχλον.</span> <span class='ocrx_word' id='word_1_669' title='bbox 2052 2489 2099 2528; x_wconf 92' lang='grc' dir='ltr'><em>Τί</em></span> <span class='ocrx_word' id='word_1_670' title='bbox 2118 2489 2185 2542; x_wconf 81' lang='grc' dir='ltr'>γὰρ</span> <span class='ocrx_word' id='word_1_671' title='bbox 2210 2488 2333 2533; x_wconf 77' lang='grc' dir='ltr'>αὐτοὺς</span> 
     </span>
     <span class='ocr_line' id='line_1_93' title="bbox 1313 2549 2331 2602; baseline -0.001 -13"><span class='ocrx_word' id='word_1_672' title='bbox 1313 2555 1330 2589; x_wconf 86' lang='grc' dir='ltr'>ὁ</span> <span class='ocrx_word' id='word_1_673' title='bbox 1345 2552 1445 2602; x_wconf 75' lang='grc' dir='ltr'>ὄχλος</span> <span class='ocrx_word' id='word_1_674' title='bbox 1459 2552 1602 2602; x_wconf 53' lang='grc' dir='ltr'>ὠφέλεῃ</span> <span class='ocrx_word' id='word_1_675' title='bbox 1618 2549 1703 2586; x_wconf 78' lang='grc' dir='ltr'>Δέον</span> <span class='ocrx_word' id='word_1_676' title='bbox 1718 2551 1774 2588; x_wconf 51' lang='grc' dir='ltr'><em>τὶν</em></span> <span class='ocrx_word' id='word_1_677' title='bbox 1786 2550 1876 2588; x_wconf 74' lang='grc' dir='ltr'>Θεὸν</span> <span class='ocrx_word' id='word_1_678' title='bbox 1891 2551 2084 2602; x_wconf 62' lang='grc' dir='ltr'>φοέηθῆναι</span> <span class='ocrx_word' id='word_1_679' title='bbox 2099 2551 2156 2588; x_wconf 76' lang='grc' dir='ltr'><em>τὸν</em></span> <span class='ocrx_word' id='word_1_680' title='bbox 2173 2550 2331 2601; x_wconf 76' lang='grc' dir='ltr'>καθάπερ</span> 
     </span>
     <span class='ocr_line' id='line_1_94' title="bbox 1311 2611 2327 2665; baseline 0.001 -15"><span class='ocrx_word' id='word_1_681' title='bbox 1311 2612 1460 2658; x_wconf 68' lang='grc' dir='ltr'>πτηνοὺς</span> <span class='ocrx_word' id='word_1_682' title='bbox 1488 2612 1541 2650; x_wconf 81' lang='grc' dir='ltr'><em>ἀεὶ</em></span> <span class='ocrx_word' id='word_1_683' title='bbox 1573 2614 1641 2649; x_wconf 87' lang='grc' dir='ltr'><em>τῶν</em></span> <span class='ocrx_word' id='word_1_684' title='bbox 1669 2614 1796 2663; x_wconf 73' lang='grc' dir='ltr'>χειρῶν</span> <span class='ocrx_word' id='word_1_685' title='bbox 1835 2611 1956 2655; x_wconf 67' lang='grc' dir='ltr'>αὐτοὺς</span> <span class='ocrx_word' id='word_1_686' title='bbox 1992 2611 2227 2665; x_wconf 80' lang='grc' dir='ltr'>ἓξαρπάζοντα</span> <span class='ocrx_word' id='word_1_687' title='bbox 2259 2616 2327 2651; x_wconf 87' lang='grc' dir='ltr'><em>τῶν</em></span> 
     </span>
     <span class='ocr_line' id='line_1_95' title="bbox 1311 2673 2328 2726; baseline 0.001 -15"><span class='ocrx_word' id='word_1_688' title='bbox 1311 2674 1466 2712; x_wconf 86' lang='grc' dir='ltr'>εκείνων·</span> <span class='ocrx_word' id='word_1_689' title='bbox 1488 2677 1518 2713; x_wconf 80' lang='grc' dir='ltr'>οἱ</span> <span class='ocrx_word' id='word_1_690' title='bbox 1534 2673 1569 2712; x_wconf 82' lang='grc' dir='ltr'><em>δὲ</em></span> <span class='ocrx_word' id='word_1_691' title='bbox 1587 2676 1716 2725; x_wconf 81' lang='grc' dir='ltr'>μᾶλλον</span> <span class='ocrx_word' id='word_1_692' title='bbox 1737 2674 1792 2711; x_wconf 81' lang='grc' dir='ltr'><em>τὸν</em></span> <span class='ocrx_word' id='word_1_693' title='bbox 1809 2674 1911 2725; x_wconf 74' lang='grc' dir='ltr'>ὄχλον</span> <span class='ocrx_word' id='word_1_694' title='bbox 1933 2674 2130 2726; x_wconf 66' lang='grc' dir='ltr'>φοδοῦνται.</span> <span class='ocrx_word' id='word_1_695' title='bbox 2147 2673 2192 2712; x_wconf 77' lang='lat' dir='ltr'><em>‘O</em></span> <span class='ocrx_word' id='word_1_696' title='bbox 2208 2673 2244 2713; x_wconf 77' lang='grc' dir='ltr'><em>δὲ</em></span> <span class='ocrx_word' id='word_1_697' title='bbox 2263 2677 2328 2726; x_wconf 44' lang='grc' dir='ltr'><em>ἀρὴ</em></span> 
     </span>
     <span class='ocr_line' id='line_1_96' title="bbox 1309 2734 2329 2789; baseline 0.002 -17"><span class='ocrx_word' id='word_1_698' title='bbox 1309 2750 1404 2787; x_wconf 76' lang='grc' dir='ltr'>χιερε</span> <span class='ocrx_word' id='word_1_699' title='bbox 1391 2751 1443 2778; x_wconf 77' lang='grc' dir='ltr'><em>,υς</em></span> <span class='ocrx_word' id='word_1_700' title='bbox 1463 2734 1684 2788; x_wconf 68' lang='grc' dir='ltr'>ἐτηρωττσεν</span> <span class='ocrx_word' id='word_1_701' title='bbox 1704 2750 1844 2781; x_wconf 87' lang='grc' dir='ltr'>αυτους,</span> <span class='ocrx_word' id='word_1_702' title='bbox 1870 2734 1998 2785; x_wconf 76' lang='grc' dir='ltr'>λέγων’</span> <span class='ocrx_word' id='word_1_703' title='bbox 2013 2751 2050 2772; x_wconf 91' lang='grc' dir='ltr'><em>ου</em></span> <span class='ocrx_word' id='word_1_704' title='bbox 2052 2750 2090 2786; x_wconf 67' lang='grc' dir='ltr'>χι</span> <span class='ocrx_word' id='word_1_705' title='bbox 2108 2735 2329 2789; x_wconf 79' lang='grc' dir='ltr'>παραγγελιᾳ</span> 
     </span>
     <span class='ocr_line' id='line_1_97' title="bbox 1310 2793 2327 2847; baseline 0 -14"><span class='ocrx_word' id='word_1_706' title='bbox 1310 2794 1594 2847; x_wconf 85' lang='grc' dir='ltr'>παρηγγείλαμεν</span> <span class='ocrx_word' id='word_1_707' title='bbox 1623 2797 1703 2832; x_wconf 67' lang='grc' dir='ltr'>ὑμῖν</span> <span class='ocrx_word' id='word_1_708' title='bbox 1734 2794 1783 2844; x_wconf 84' lang='grc' dir='ltr'><em>μὴ</em></span> <span class='ocrx_word' id='word_1_709' title='bbox 1816 2793 1988 2832; x_wconf 77' lang='grc' dir='ltr'>διδάσκειν</span> <span class='ocrx_word' id='word_1_710' title='bbox 2017 2794 2075 2831; x_wconf 82' lang='grc' dir='ltr'><em>ἐπὶ</em></span> <span class='ocrx_word' id='word_1_711' title='bbox 2103 2810 2152 2831; x_wconf 79' lang='grc' dir='ltr'><em>τι)</em></span> <span class='ocrx_word' id='word_1_712' title='bbox 2182 2796 2327 2844; x_wconf 85' lang='grc' dir='ltr'>ὀνόματι</span> 
     </span>
     <span class='ocr_line' id='line_1_98' title="bbox 1310 2854 2328 2909; baseline 0 -15"><span class='ocrx_word' id='word_1_713' title='bbox 1310 2856 1436 2909; x_wconf 77' lang='grc' dir='ltr'>τούτῳ;</span> <span class='ocrx_word' id='word_1_714' title='bbox 1454 2856 1551 2894; x_wconf 85' lang='grc' dir='ltr'><em>Και</em></span> <span class='ocrx_word' id='word_1_715' title='bbox 1543 2855 1612 2893; x_wconf 74' lang='grc' dir='ltr'>ιδου</span> <span class='ocrx_word' id='word_1_716' title='bbox 1632 2855 1860 2907; x_wconf 79' lang='grc' dir='ltr'>ἐπληρωσατε</span> <span class='ocrx_word' id='word_1_717' title='bbox 1874 2871 1935 2902; x_wconf 85' lang='grc' dir='ltr'><em>την</em></span> <span class='ocrx_word' id='word_1_718' title='bbox 1954 2854 2146 2905; x_wconf 87' lang='grc' dir='ltr'>Ιερουσαλ</span> <span class='ocrx_word' id='word_1_719' title='bbox 2123 2871 2183 2904; x_wconf 86' lang='grc' dir='ltr'><em>ημ</em></span> <span class='ocrx_word' id='word_1_720' title='bbox 2201 2858 2262 2901; x_wconf 77' lang='grc' dir='ltr'>τ’ῆς</span> <span class='ocrx_word' id='word_1_721' title='bbox 2278 2858 2328 2894; x_wconf 73' lang='grc' dir='ltr'><em>δι·</em></span> 
     </span>
    </p>

    <p class='ocr_par' dir='ltr' id='par_1_18' title="bbox 1308 2915 2327 3271">
     <span class='ocr_line' id='line_1_99' title="bbox 1311 2915 2327 2970; baseline 0.001 -15"><span class='ocrx_word' id='word_1_722' title='bbox 1311 2919 1420 2970; x_wconf 76' lang='grc' dir='ltr'>ὃαχης</span> <span class='ocrx_word' id='word_1_723' title='bbox 1453 2919 1561 2967; x_wconf 78' lang='grc' dir='ltr'>ὑμῶν,</span> <span class='ocrx_word' id='word_1_724' title='bbox 1595 2932 1655 2954; x_wconf 87' lang='grc' dir='ltr'><em>και</em></span> <span class='ocrx_word' id='word_1_725' title='bbox 1687 2915 1849 2967; x_wconf 74' lang='grc' dir='ltr'>βούλεσθε</span> <span class='ocrx_word' id='word_1_726' title='bbox 1876 2917 2063 2966; x_wconf 78' lang='grc' dir='ltr'>ἐπαγαγεῖν</span> <span class='ocrx_word' id='word_1_727' title='bbox 2084 2918 2135 2968; x_wconf 72' lang='lat' dir='ltr'><strong>32p’</strong></span> <span class='ocrx_word' id='word_1_728' title='bbox 2164 2920 2257 2967; x_wconf 79' lang='grc' dir='ltr'>ἧμας</span> <span class='ocrx_word' id='word_1_729' title='bbox 2287 2934 2327 2956; x_wconf 90' lang='grc' dir='ltr'><em>το</em></span> 
     </span>
     <span class='ocr_line' id='line_1_100' title="bbox 1313 2976 2326 3029; baseline 0 -13"><span class='ocrx_word' id='word_1_730' title='bbox 1313 2982 1402 3028; x_wconf 79' lang='grc' dir='ltr'>αἷμα</span> <span class='ocrx_word' id='word_1_731' title='bbox 1432 2982 1491 3016; x_wconf 48' lang='grc' dir='ltr'><em>τοῦ</em></span> <span class='ocrx_word' id='word_1_732' title='bbox 1524 2977 1704 3029; x_wconf 69' lang='grc' dir='ltr'>ἀνθρωττοι)</span> <span class='ocrx_word' id='word_1_733' title='bbox 1733 2976 1864 3015; x_wconf 77' lang='grc' dir='ltr'>τούτου.</span> <span class='ocrx_word' id='word_1_734' title='bbox 1888 2976 1935 3014; x_wconf 84' lang='grc' dir='ltr'><strong><em>Γ</em></strong></span> <span class='ocrx_word' id='word_1_735' title='bbox 1925 2992 1935 3012; x_wconf 89' lang='grc' dir='ltr'>ι</span> <span class='ocrx_word' id='word_1_736' title='bbox 1964 2980 2021 3014; x_wconf 79' lang='grc' dir='ltr'><em>οὐν</em></span> <span class='ocrx_word' id='word_1_737' title='bbox 2055 2979 2085 3015; x_wconf 88' lang='grc' dir='ltr'>οἱ</span> <span class='ocrx_word' id='word_1_738' title='bbox 2117 2977 2326 3026; x_wconf 81' lang='grc' dir='ltr'>ἀπόστολοι;</span> 
     </span>
     <span class='ocr_line' id='line_1_101' title="bbox 1311 3037 2327 3090; baseline 0.001 -14"><span class='ocrx_word' id='word_1_739' title='bbox 1311 3039 1425 3078; x_wconf 76' lang='grc' dir='ltr'>Πάλιν</span> <span class='ocrx_word' id='word_1_740' title='bbox 1451 3040 1524 3089; x_wconf 88' lang='grc' dir='ltr'>μετ’</span> <span class='ocrx_word' id='word_1_741' title='bbox 1545 3038 1731 3081; x_wconf 81' lang='grc' dir='ltr'>ἐπιεικείας</span> <span class='ocrx_word' id='word_1_742' title='bbox 1758 3038 1873 3080; x_wconf 83' lang='grc' dir='ltr'>αυτοῖς</span> <span class='ocrx_word' id='word_1_743' title='bbox 1894 3037 2126 3089; x_wconf 79' lang='grc' dir='ltr'>διαλέγονται·</span> <span class='ocrx_word' id='word_1_744' title='bbox 2156 3038 2269 3077; x_wconf 86' lang='grc' dir='ltr'>καίτοι</span> <span class='ocrx_word' id='word_1_745' title='bbox 2287 3055 2327 3090; x_wconf 90' lang='grc' dir='ltr'><em>γε</em></span> 
     </span>
     <span class='ocr_line' id='line_1_102' title="bbox 1312 3098 2326 3150; baseline 0.001 -13"><span class='ocrx_word' id='word_1_746' title='bbox 1312 3101 1390 3147; x_wconf 71' lang='grc' dir='ltr'>ε’νῆν</span> <span class='ocrx_word' id='word_1_747' title='bbox 1411 3102 1538 3138; x_wconf 78' lang='grc' dir='ltr'>εἰπεῖν·</span> <span class='ocrx_word' id='word_1_748' title='bbox 1566 3098 1655 3141; x_wconf 81' lang='grc' dir='ltr'>τίνες</span> <span class='ocrx_word' id='word_1_749' title='bbox 1672 3098 1739 3150; x_wconf 84' lang='grc' dir='ltr'>γάρ</span> <span class='ocrx_word' id='word_1_750' title='bbox 1765 3101 1842 3136; x_wconf 81' lang='grc' dir='ltr'>ἐστε</span> <span class='ocrx_word' id='word_1_751' title='bbox 1871 3101 1967 3147; x_wconf 78' lang='grc' dir='ltr'>ὑμεῖς</span> <span class='ocrx_word' id='word_1_752' title='bbox 1988 3099 2326 3150; x_wconf 75' lang='grc' dir='ltr'>ἀντιδιαταττόμενοι</span> 
     </span>
     <span class='ocr_line' id='line_1_103' title="bbox 1308 3158 2326 3212; baseline 0 -15"><span class='ocrx_word' id='word_1_753' title='bbox 1308 3162 1357 3212; x_wconf 75' lang='grc' dir='ltr'><em>τῷ</em></span> <span class='ocrx_word' id='word_1_754' title='bbox 1383 3162 1486 3212; x_wconf 74' lang='grc' dir='ltr'><em>Θεῷ;</em></span> <span class='ocrx_word' id='word_1_755' title='bbox 1511 3158 1616 3197; x_wconf 73' lang='grc' dir='ltr'>Ἀλλὰ</span> <span class='ocrx_word' id='word_1_756' title='bbox 1631 3158 1687 3206; x_wconf 84' lang='grc' dir='ltr'><em>τί;</em></span> <span class='ocrx_word' id='word_1_757' title='bbox 1709 3158 1822 3196; x_wconf 77' lang='grc' dir='ltr'>Πάλιν</span> <span class='ocrx_word' id='word_1_758' title='bbox 1843 3159 1877 3196; x_wconf 79' lang='grc' dir='ltr'><em>ἐν</em></span> <span class='ocrx_word' id='word_1_759' title='bbox 1897 3158 1991 3202; x_wconf 76' lang='grc' dir='ltr'>τάξει</span> <span class='ocrx_word' id='word_1_760' title='bbox 2010 3159 2245 3212; x_wconf 76' lang='grc' dir='ltr'>παραινέσεως</span> <span class='ocrx_word' id='word_1_761' title='bbox 2267 3160 2326 3198; x_wconf 83' lang='grc' dir='ltr'><em>καὶ</em></span> 
     </span>
     <span class='ocr_line' id='line_1_104' title="bbox 1308 3218 2320 3271; baseline -0.002 -12"><span class='ocrx_word' id='word_1_762' title='bbox 1308 3221 1524 3271; x_wconf 70' lang='grc' dir='ltr'>συμῖἷουλῆς,</span> <span class='ocrx_word' id='word_1_763' title='bbox 1545 3219 1603 3257; x_wconf 81' lang='grc' dir='ltr'><em>καὶ</em></span> <span class='ocrx_word' id='word_1_764' title='bbox 1618 3218 1705 3268; x_wconf 79' lang='grc' dir='ltr'>μετὰ</span> <span class='ocrx_word' id='word_1_765' title='bbox 1721 3218 1906 3262; x_wconf 79' lang='grc' dir='ltr'>ἐπιεικείας</span> <span class='ocrx_word' id='word_1_766' title='bbox 1921 3221 2051 3265; x_wconf 65' lang='grc' dir='ltr'>πολλῆς</span> <span class='ocrx_word' id='word_1_767' title='bbox 2066 3219 2320 3271; x_wconf 81' lang='grc' dir='ltr'>ἀποκρίνονται.</span> 
     </span>
    </p>
   </div>
  </div>
 </body>
</html>
