2502 3810
756 249 795 278 lx
835 249 975 278 EPIST·
1018 248 1075 277 AD
1113 248 1220 277 ROM.

141 330 208 365 τῶν
229 327 359 380 σφόδρα
376 328 584 373 καταδήλων
602 329 785 380 κερδαίνει.
806 330 875 367 Καὶ
890 329 956 381 γὰρ
972 334 1031 368 τοῦ
1048 329 1158 379 Ἀδὰμ

139 389 178 425 τὸ
199 389 307 438 ὄνομα
326 389 363 426 οὗ
386 388 507 440 μικρὸν
524 393 616 439 ἡμᾶς
633 390 788 428 παιδεύει
806 390 1006 443 φιλοσοφίας
1021 421 1031 438 ,
1050 391 1108 428 καὶ
1120 390 1159 428 τὸ

139 455 198 488 τοῦ
218 449 339 492 παιδὸς
358 449 508 497 ἐκείνου,
529 450 587 487 καὶ
603 454 665 497 τῆς
683 451 843 502 γυναικὸς
862 454 966 497 αὐτῆς
982 483 990 496 ,
1010 452 1070 489 καὶ
1089 454 1156 488 τῶν

138 511 253 548 ἄλλων
273 510 317 548 τὰ
336 510 456 548 πλείω.
485 512 630 549 Πολλῶν
651 511 717 564 γάρ
738 514 811 550 ἐστι
838 512 1053 564 πραγμάτων
1074 515 1159 550 ὕπο-

140 571 308 621 μνήματα
322 570 366 609 τὰ
382 572 534 621 ὀνόματα
545 588 552 595 ·
571 572 629 610 καὶ
644 574 736 611 Θεοῦ
752 573 946 625 εὐεργεσίαν
967 571 1025 610 καὶ
1041 587 1158 623 γυναι-

139 634 207 669 κῶν
227 631 394 669 δείκνυσιν
416 633 638 684 εὐχαριστίαν
652 649 659 656 ·
683 633 990 683 συλλαμὸάνουσαι
1005 631 1080 693 γὰρ
1090 631 1158 669 ἀπὸ

139 694 201 737 τῆς
221 696 279 729 τοῦ
300 694 392 730 Θεοῦ
423 693 575 744 δωρεᾶς,
607 693 652 731 τὰ
680 692 804 731 παιδία
833 692 1010 742 ὠνόμαζον
1038 695 1157 729 αὗται.

139 752 243 790 Ἀλλὰ
271 752 304 789 τί
320 757 378 790 νῦν
395 755 473 805 περὶ
493 754 670 804 ὀνομάτων
687 756 950 806 φιλοσοφοῦμεν,
970 754 1157 803 νοημάτων
1179 764 1203 795 C

138 815 308 853 τοσούτων
331 815 588 866 ἀμελουμένων,
609 816 667 854 καὶ
686 817 823 853 πολλῶν
845 815 921 854 οὐδὲ
941 814 984 853 τὰ
1005 816 1158 865 ὀνόματα

141 875 230 913 αὐτὰ
259 879 326 913 τῶν
344 875 518 928 Ξἱβιίῗλίωνὲ
533 876 692 923 alodum,
722 875 821 921 Πλὴν
858 877 934 913 ἀλλ’
961 877 1030 914 οὐδ’
1050 876 1159 918 οὕτως

139 936 382 987 ἀναχωρητεόν
419 940 503 986 ἡμῖν
541 939 602 981 τῆς
632 936 710 987 περὶ
740 936 784 974 τὰ
817 940 961 974 τοιαῦτα
993 938 1155 982 σπουδῆς.

138 996 236 1034 Ἔδει
252 997 318 1049 γάρ
339 1012 376 1034 σε
388 1026 397 1043 ,
416 997 524 1048 φησὶ,
539 997 750 1034 καταὸαλεῖν
768 996 808 1034 τὸ
827 996 986 1048 ἀργύριον
1003 996 1157 1060 ἐπὶΝτοὺς

136 1057 354 1109 τραπεζίτας.
374 1058 505 1109 Διόπερ
525 1056 588 1094 κᾶν
609 1057 728 1106 μηδεὶς
747 1060 764 1094 ὃ
783 1056 1035 1108 ὑποδεχόμενος
1056 1061 1076 1109 ᾐ
1092 1087 1101 1103 ,
1117 1057 1156 1094 τὸ

137 1120 249 1154 αὑτῶν
277 1120 444 1166 ποιῶμεν,
463 1117 522 1155 καὶ
549 1117 757 1167 δεικνόωμεν
777 1117 871 1155 οὐδὲν
893 1118 1053 1169 περιττὸν
1079 1118 1156 1180 οέδὲ

137 1179 212 1223 εἰκῆ
229 1182 242 1197 ³
255 1177 510 1230 προφερόμενον
540 1182 615 1220 ταῖς
634 1183 794 1230 γραφαῖς.
814 1179 859 1215 Εἰ
874 1177 941 1230 γὰρ
959 1177 1066 1228 μηδὲν
1082 1182 1157 1230 εἶχε

135 1243 244 1276 ταῦτα
264 1237 404 1289 κέρδος,
436 1238 506 1275 οὐδ’
528 1236 566 1275 ἂν
596 1237 788 1290 προσετέθη
808 1240 850 1289 τῇ
871 1240 1056 1290 ἐπιστολῗ,
1088 1240 1156 1277 οὐδ’

135 1299 174 1336 ἂν
206 1300 345 1342 Παῦλος
365 1299 512 1350 ἔγραψεν
540 1298 628 1352 ἅπερ
657 1297 816 1350 ἔγραψεν.
837 1299 943 1338 Ἀλλὰ
974 1299 1042 1351 γὰρ
1068 1299 1156 1338 οὕτω

134 1359 223 1402 τινές
239 1361 305 1396 εἶσι
319 1360 486 1410 βάναυσοι
504 1359 563 1397 καὶ
579 1364 701 1411 χαῦνοι
721 1360 780 1398 καὶ
802 1363 869 1398 τῶν
902 1363 1054 1412 οὐρανῶν
1072 1361 1158 1399 ἀνά-

136 1421 198 1464 ξιοι
214 1451 223 1468 ,
249 1423 296 1464 ὡς
315 1420 363 1471 μὴ
392 1420 493 1471 μόνον
524 1420 698 1470 ὀνόματα,
720 1420 809 1458 ἀλλὰ
837 1421 896 1458 καὶ
916 1422 1089 1473 ὁλόκληρα
1106 1425 1159 1473 βι-
1176 1433 1201 1462 D

134 1483 216 1521 Ελία
233 1481 379 1534 περιττὰ
404 1475 491 1519 εἶναι
511 1481 674 1531 νομίζειν,
690 1484 736 1524 ὡς
754 1482 793 1520 τὸ
812 1482 1004 1530 Λευῖτιν-ον,
1033 1485 1079 1526 ὥς
1098 1483 1154 1520 τὸν

134 1546 284 1591 Ἰησοῦν,
307 1543 366 1580 καὶ
383 1541 484 1593 ἕτερα
514 1541 668 1580 πλείονα.
691 1541 794 1580 Οὕτω
822 1543 882 1580 καὶ
901 1543 963 1590 τὴν
990 1544 1155 1582 Παλαιὰν

131 1605 254 1643 πολλοὶ
272 1607 340 1641 τῶν
361 1603 515 1649 ἀνοήτων
534 1603 694 1647 ἕξέὸαλον
709 1619 716 1626 ·
747 1603 805 1641 καὶ
825 1605 892 1655 ὁδῷ
910 1604 1154 1657 προὲαίνοντες

131 1670 173 1713 τῆ
206 1665 274 1704 ἀπὸ
295 1671 448 1715 πονηρᾶς
468 1663 597 1710 ταύτης
625 1664 826 1712 συνηθείας,
859 1665 973 1702 πολλὰ
1005 1665 1063 1703 καὶ
1094 1669 1155 1713 τῆς

130 1711 264 1771 Καινῆς
285 1724 509 1776 περιέκοψαν.
529 1724 634 1763 Ἀλλὰ
652 1725 779 1763 τούτων
800 1724 861 1776 μὲν
879 1726 939 1763 ἅτε
961 1726 1155 1776 μεθυόντων

128 1787 186 1826 καὶ
203 1790 246 1838 τῆ
265 1785 367 1839 σαρκὶ
385 1784 521 1829 ζώντων
540 1788 576 1824 οὐ
599 1785 704 1829 πολὺς
719 1790 804 1836 ἡμῖν
824 1789 841 1824 ὁ
859 1786 960 1837 λόγος
975 1803 982 1810 ·
1005 1789 1033 1824 εἷ
1051 1787 1087 1826 δέ
1103 1804 1155 1831 τις

127 1847 328 1901 φιλοσοφίας
349 1846 517 1900 ἐραστὴς,
541 1846 601 1884 καὶ
619 1850 860 1897 πνευματικῆς
878 1849 1077 1900 ἀκροάσεως
1099 1849 1152 1900 φί-

126 1912 202 1957 λος,
224 1908 378 1947 ἀκουέτω
400 1908 452 1946 ὅτι
470 1908 547 1945 οὐδὲ
566 1907 609 1946 τὰ
626 1907 736 1959 μικρὰ
756 1909 921 1946 δοκοῦντα
944 1903 1031 1947 εἶναι
1053 1911 1086 1947 ἐν
1108 1913 1151 1961 τῆ

127 1972 250 2022 Γραφῇ
262 2001 270 2017 ,
289 1972 363 2020 εἰκῆ
381 1976 492 2007 κεῖται
504 1969 563 2007 καὶ
581 1969 706 2020 μάτην,
725 1970 785 2007 καὶ
804 1968 855 2007 ὅτι
874 1970 933 2008 καὶ
951 1970 995 2008 τὰ
1017 1971 1151 2010 παλαιὰ

127 2030 214 2069 πολὺ
232 2031 327 2082 φέρει
355 2031 394 2068 τὸ
409 2030 541 2081 κέρδος.
565 2032 688 2068 Ταῦτα
706 2029 773 2082 γὰρ
796 2030 911 2068 πάντα
939 2031 1042 2069 τόποι
1059 2063 1069 2079 ,
1090 2032 1149 2069 καὶ
1171 2035 1195 2064 Ε

127 2092 212 2144 πρὸς
226 2091 402 2130 νουθεσίαν
421 2094 520 2140 ἡμῶν
539 2091 671 2143 ἐγράφη
687 2121 695 2138 ,
713 2090 809 2143 φησί.
827 2092 890 2129 Διὸ
906 2092 965 2129 καὶ
985 2093 1148 2144 Τιμοθέῳ

125 2152 221 2203 ἔλεγε
236 2181 245 2196 ,
276 2151 437 2203 Πρόσεχε
465 2155 506 2203 τῆ
537 2150 751 2202 ἀναγνώσει,
775 2154 818 2202 τῆ
838 2153 1078 2210 παρακλήσει,
1101 2157 1149 2198 εἷς

123 2213 185 2260 τὴν
224 2216 291 2250 τῶν
321 2215 479 2250 παλαιῶν
510 2212 611 2250 αὐτὸν
644 2212 837 2264 ἀνάγνωσιν
871 2213 1055 2264 ἐμῧάλλων
1095 2217 1148 2265 βι-

123 2272 243 2319 ὅλίων,
271 2273 450 2326 ἄνθρωπον
470 2277 629 2311 τοσοῦτον
660 2277 798 2323 πνεῦμα
829 2274 979 2325 ἔχοντα,
1009 2278 1055 2318 ὡς
1086 2276 1145 2313 καὶ

121 2333 282 2384 δαιμόνια
296 2332 448 2371 ἐλαύνειν
468 2333 527 2371 καὶ
539 2332 679 2384 νεκροὺς
698 2333 852 2386 ἐγείρειν.
866 2334 1055 2386 Ἔχώμεθα
1076 2336 1166 2377 τοί-,

119 2411 176 2433 νυν
212 2399 279 2433 τῶν
320 2394 569 2447 προκειμένων.
600 2394 818 2433 Ἀσπάσασθε
854 2395 1059 2435 Ἐπαίνετον
1087 2398 1144 2435 τὸν

120 2455 300 2506 ἀγαπητόν
316 2472 392 2506 μου.
405 2455 516 2500 Ἄξιον
535 2458 686 2494 ἐντεῦθεν
704 2457 799 2503 ἰδεῖν,
820 2460 893 2500 πῶς
913 2457 1049 2510 ἑκάστῳ
1068 2458 1184 2523 ”rebem

1261 249 1410 279 nonu„
1445 251 1570 284 xxxt.
2121 247 2205 291 821

1231 329 1411 381 negligens
1438 335 1502 382 est,
1531 347 1573 371 ne
1604 334 1649 372 ab
1681 335 1724 373 iis
1752 335 1895 386 quidem
1923 352 2001 388 quae
2030 341 2214 380 manifesta

1229 397 1323 436 sunt,
1344 390 1531 443 quidpiam
1563 393 1732 433 lucratur.
1753 395 1895 434 Etenim
1924 397 2053 436 Adami
2085 414 2213 439 nomen

1230 464 1298 488 non
1320 453 1458 491 modica
1480 469 1542 493 nos
1556 457 1781 510 philosophia
1800 459 1942 509 imbuit,
1971 455 2125 514 itemque
2145 465 2213 502 filii

1230 511 1352 563 ipsius,
1369 524 1472 565 atque
1495 518 1631 568 uxoris,
1648 520 1871 572 aliorumque
1889 523 2062 574 plurium.
2086 526 2213 564 Nomi-

1228 585 1272 609 na
1288 573 1432 625 quippe,
1453 577 1648 615 multarum
1663 593 1781 617 rerum
1802 591 1883 619 sunt
1905 594 2131 622 monumenta
2153 600 2214 623 :ac

1228 633 1294 669 Dei
1313 634 1581 674 beneficentiam
1600 639 1860 691 mulierumque
1880 644 2074 693 gratiarum
2096 647 2210 684 aetio—
2253 661 2258 664 ⁴

1228 706 1307 730 nem
1327 696 1515 734 ostendunt
1536 713 1543 733 :
1563 712 1644 735 nam
1664 713 1744 737 cum
1764 715 1807 738 ex
1835 703 1902 739 Dei
1919 703 2011 742 dono
2033 708 2211 759 concepis-

1229 762 1316 800 sent,
1353 755 1437 806 ipsae
1466 756 1553 793 filiis
1590 758 1663 795 suis
1695 760 1838 797 nomina
1863 762 2101 814 imponebant.
2138 768 2211 805 Sed

1229 814 1314 863 quid
1329 829 1422 853 nunc
1441 817 1486 854 de
1500 818 1702 857 nominibus
1721 821 2026 873 philosophamur,
2051 840 2131 864 cum
2159 838 2211 866 tot

1227 884 1403 926 tantaeque
1423 879 1602 916 sententiae
1622 880 1858 931 negligantur,
1875 892 1907 920 et
1923 885 2029 922 multi
2042 901 2083 924 ne
2099 889 2209 926 nomi-

1227 950 1270 973 na
1285 937 1428 986 quidem
1442 937 1616 976 librorum
1632 941 1770 979 sciant?
1792 944 1954 981 Attamen
1970 960 2039 983 non
2054 947 2132 986 ideo
2147 963 2210 987 no-

1226 996 1281 1033 bis
1301 997 1346 1034 ab
1365 997 1574 1049 hujusmodi
1605 1015 1724 1038 rerum
1741 1002 1860 1040 studio
1880 1004 2113 1045 recedendum
2130 1018 2181 1046 est
2201 1025 2207 1045 :

1220 1058 1402 1095 Debebas
1419 1061 1538 1107 enim,
1561 1060 1689 1111 inquit,
1711 1073 1913 1115 argentum
1928 1068 2146 1118 deposuisse
2159 1071 2212 1107 ad
2224 1090 2334 1117 Mauh.
2354 1089 2405 1120 25,

1223 1119 1516 1157 nummularios.
1545 1121 1782 1175 Quapropter,
1815 1125 1953 1164 etiamsi
1971 1141 2074 1166 nemo
2088 1129 2133 1167 sit
2149 1131 2210 1180 qui
2226 1138 2274 1168 27·

1220 1178 1387 1230 excipiat,
1416 1181 1510 1230 quod
1530 1191 1692 1221 nostrum
1711 1194 1761 1222 est
1783 1186 1967 1236 faciamus,
1990 1198 2023 1226 et
2043 1190 2210 1228 ostenda-

1225 1252 1305 1276 mus
1321 1239 1412 1277 nihil
1431 1255 1732 1293 supervacaneum
1760 1247 1818 1284 vel
1841 1247 1972 1285 frustra
1993 1251 2145 1301 proferri
2176 1252 2212 1290 in

1222 1300 1429 1352 Scripturis.
1464 1304 1541 1341 Nisi
1572 1305 1667 1343 enim
1686 1306 1761 1344 haec
1782 1308 1919 1358 aliquid
1943 1310 2035 1348 lucri
2065 1312 2212 1351 habuis-

1223 1371 1311 1411 sent,
1335 1362 1504 1414 Epistolae
1519 1365 1656 1417 adjecta
1677 1382 1744 1405 non
1761 1369 1923 1417 fuissent,
1942 1385 2055 1422 neque
2077 1374 2213 1412 Paulus

1222 1422 1297 1459 haec
1325 1424 1533 1476 scripsisset.
1554 1429 1690 1466 Verum
1709 1422 1865 1479 quidam*
1880 1431 1928 1469 ita
1950 1443 2031 1471 sunt
2050 1434 2155 1472 rudes
2172 1450 2213 1473 ac

1223 1483 1359 1534 stupidi
1392 1485 1553 1536 caelisque
1572 1487 1725 1539 indigni,
1758 1499 1797 1527 ut
1817 1505 1886 1529 non
1914 1493 2022 1531 modo
2051 1496 2210 1545 nomina,

1223 1543 1281 1580 sed
1300 1543 1456 1595 integros
1476 1546 1586 1585 libros
1609 1563 1887 1600 supervacaneos
1923 1568 1996 1592 esse
2015 1554 2148 1606 dicant,
2173 1568 2212 1596 ut

1223 1604 1435 1654 Leviticum,
1474 1607 1625 1646 Librum
1651 1611 1770 1660 Josue,
1795 1612 1953 1664 aliosque
1987 1616 2120 1668 plures.
2152 1619 2211 1657 Sic

1223 1665 1328 1703 etiam
1343 1668 1457 1706 Vetus
1475 1669 1742 1710 Testamentum
1760 1674 1863 1711 multi
1885 1675 2086 1728 insipientes
2106 1694 2210 1732 repu-

1222 1725 1388 1764 diarunt:
1409 1737 1442 1766 et
1471 1732 1648 1781 progressi
1665 1732 1701 1769 in
1726 1748 1835 1785 prava
1857 1736 1920 1774 illa
1939 1740 2208 1791 consuetudine,

1223 1788 1328 1824 etiam
1343 1789 1455 1826 multa
1472 1791 1565 1829 Novi
1580 1793 1798 1832 Testamenti
1813 1797 2127 1839 absciderunt.Sed
2144 1802 2211 1840 ho-

1221 1862 1303 1886 rum
1325 1850 1486 1899 quidem,
1504 1861 1626 1904 utpote
1647 1855 1826 1894 ebriorum
1842 1867 1877 1908 et
1894 1860 1989 1897 carni
2009 1862 2208 1901 viventium

1221 1922 1290 1947 non
1309 1911 1420 1948 multa
1441 1913 1543 1950 nobis
1566 1915 1656 1953 ratio
1674 1925 1744 1953 est:
1766 1917 1796 1955 si
1810 1918 1888 1968 quis
1906 1934 1990 1958 vero
2007 1922 2052 1959 sit
2081 1924 2206 1974 philo-

1220 1971 1355 2023 sophiae
1372 1983 1557 2022 amator,et
1568 1976 1763 2027 spiritualis
1780 1981 1959 2020 concionis
1981 1984 2206 2035 amicus,au-

1218 2034 1293 2071 diat
1307 2049 1418 2086 neque
1437 2051 1575 2088 ea,quae
1590 2039 1623 2076 in
1641 2041 1826 2093 Scriptura
1846 2044 2042 2084 minuscula
2059 2062 2132 2086 esse
2151 2050 2204 2087 vi-

1217 2096 1492 2145 dentur-,frustra
1509 2100 1566 2137 vel
1580 2101 1615 2138 in
1636 2117 1775 2141 cassum
1789 2105 1954 2156 jaee1·e,et
1969 2118 2085 2147 vetera
2097 2111 2202 2148 etiam

1216 2159 1371 2196 multum
1397 2161 1523 2199 afferre
1545 2162 1651 2201 lucri.
1682 2167 1776 2203 Haec
1801 2168 1895 2205 enim
1916 2174 2045 2208 omnia
2056 2172 2202 2224 figuroe
2221 2194 2247 2212 1.
2266 2185 2336 2213 Cor.
2353 2194 2404 2214 10.

1216 2229 1320 2266 sunt,
1339 2221 1470 2272 inquit,
1499 2231 1535 2261 et
1555 2225 1608 2261 ad
1622 2235 1792 2264 nostram
1811 2231 2090 2270 institutionem
2105 2237 2202 2271 scri-
2221 2234 2269 2255 ¹¹·

2220 2275 2246 2296 Ι.
2267 2269 2342 2295 Tim.
2367 2269 2402 2306 4.
2432 2297 2439 2301 .

1211 2290 1291 2331 pta.
1307 2281 1461 2333 Ideoque
1478 2284 1668 2323 Timotheo
1679 2287 1818 2326 dicebat
1842 2305 1849 2325 τ
1870 2290 2045 2330 Attende
2065 2294 2200 2332 lectio—
2221 2310 2269 2339 13,

1214 2343 1269 2391 ni,
1285 2343 1561 2392 adhortationi,
1584 2345 1629 2383 ad
1645 2356 1805 2386 veterum
1819 2349 1995 2389 librorum
2015 2353 2202 2393 lectionem

1214 2401 1332 2453 ipsum
1353 2402 1536 2452 inducens,
1557 2405 1738 2445 hominem
1765 2418 1902 2448 tantum
1922 2411 2109 2452 habentem
2130 2416 2203 2468 spi-

1187 2497 1200 2519 6
1213 2463 1334 2511 ritum,
1352 2473 1391 2501 ut
1410 2464 1584 2503 daemonia
1605 2467 1747 2520 ejiceret
1770 2479 1802 2507 et
1823 2481 1980 2511 mortuos
2001 2475 2199 2515 suscitaret.

122 2516 280 2559 ἐπαίνους
298 2516 464 2567 ἀπονέμει
481 2516 663 2569 διαφόρως.
681 2516 773 2554 Οὐδὲ
789 2516 856 2569 γὰρ
878 2519 999 2572 μικρὸς
1014 2514 1112 2563 οὗτος
1127 2523 1144 2557 ὁ
1166 2535 1192 2564 Α
1214 2524 1400 2576 Proposito
1446 2526 1566 2577 itaque
1605 2538 1724 2566 nostro
1769 2531 1976 2571 haereamus.
2024 2537 2201 2576 Salutate

121 2577 276 2623 ἔπαινος,
297 2577 386 2615 ἀλλὰ
412 2576 471 2615 καὶ
491 2578 619 2628 σφόδρα
641 2577 748 2629 μέγας
774 2579 832 2616 καὶ
853 2581 983 2626 πολλῆς
1018 2583 1142 2630 ἀρετῆς

119 2638 345 2685 ἐνδεικτικὸς,
367 2638 405 2675 τὸ
425 2639 565 2675 Παῦλον
591 2638 682 2689 ἔχειν
714 2640 906 2689 ἀγαπητὸν,
926 2640 983 2677 τὸν
1004 2643 1066 2678 οὐκ
1088 2644 1142 2679 εἷ-

119 2698 200 2737 δότα
218 2699 360 2751 χάριτι,
375 2698 465 2737 ἀλλὰ
479 2697 591 2751 κρίσει
607 2700 728 2750 φιλεῖν.
748 2694 837 2736 Εἶτα
857 2700 915 2737 καὶ
932 2700 1018 2738 ἄλλο
1033 2701 1142 2753 ἐγκώ-

120 2775 197 2810 μιον
210 2775 218 2783 ·
238 2759 307 2802 “Oc
339 2760 431 2797 ἐστιν
464 2758 607 2811 ἀπαρχὴ
629 2762 692 2805 τῆς
709 2759 870 2811 Ἀχαΐας.
887 2759 938 2797 *H
955 2760 1022 2812 γὰρ
1041 2763 1142 2801 τοῦτο’

118 2837 238 2873 φησιν,
260 2821 312 2859 ὅτι
331 2824 397 2858 τῶν
418 2821 533 2859 ἄλλων
554 2819 715 2858 ἁπάντων
736 2821 958 2872 προεπήδησε
986 2823 1044 2859 καὶ
1061 2823 1137 2860 ε’πί-

139 2882 372 2933 τευσεν,,ὅπερ
389 2882 426 2919 οὗ
457 2880 578 2933 μικρὸς
597 2881 736 2923 ἔπαινος
751 2911 760 2928 ,
781 2880 803 2927 ἢ
825 2884 876 2919 ὅτι
908 2882 1048 2920 πάντων
1069 2886 1136 2921 τῶν

117 2943 231 2979 ἄλλων
247 2942 389 2980 πλείονα
407 2941 639 2980 ἐπιδείκνυται
658 2941 719 2988 τὴν
737 2942 931 2980 εὐλάέειαν.
949 2944 1137 2983 Διὰ-τοῦτο

117 3001 235 3050 εἰπὼν,
254 3002 322 3046 ζὈς
343 3004 436 3041 ἐστιν
456 3002 600 3054 ἀπαρχὴ
620 3004 682 3047 τῆς
699 3002 838 3054 Ἀχαίας
853 3034 862 3051 ,
884 3007 944 3042 οὐκ
963 3005 1139 3056 ἐσίγησεν,

116 3062 171 3099 ἵνα
200 3062 247 3112 μὴ
266 3063 329 3109 τὴν
350 3063 520 3113 κοσμικὴν
543 3063 761 3113 ὑποπτεύσῃς
783 3064 896 3109 δόξαν,
920 3066 1009 3104 ἀλλὰ
1028 3082 1137 3118 προσ-

119 3128 252 3174 έθηκεν,
268 3129 329 3171 Εἰς
357 3129 520 3180 Χριστόν.
542 3131 585 3167 Εἰ
605 3129 672 3182 γὰρ
692 3131 725 3167 ἐν
749 3136 818 3174 τοῖς
837 3132 1027 3175 πολιτικοῖς
1043 3132 1136 3183 πρά«

116 3203 245 3239 γμασιν
267 3191 283 3225 ὅ
303 3188 486 3240 πρωτεύων
508 3189 615 3240 με’γας
644 3184 731 3228 εἶναι
761 3192 852 3229 δοκεῖ
876 3191 934 3229 καὶ
954 3194 1130 3244 λαμπρός·

1213 2587 1441 2636 Epoerzetum
1474 2588 1655 2626 dilectum
1674 2604 1811 2628 meum.
1841 2593 1940 2631 Licet
1967 2595 2052 2633 hinc
2079 2598 2199 2636 obser-

1204 2658 1309 2693 vare,
1332 2646 1509 2695 quomodo
1529 2648 1678 2698 singulis
1708 2664 1789 2688 suas
1806 2652 1903 2690 varie
1920 2654 2042 2693 laudes
2074 2657 2198 2695 distri-

1212 2705 1309 2743 buat.
1327 2707 1451 2756 Neque
1468 2707 1562 2744 enim
1582 2723 1691 2760 parva
1710 2710 1785 2748 haec
1799 2712 1878 2750 laus
1901 2724 1966 2762 est,
1991 2717 2053 2754 sed
2069 2732 2197 2769 magna

1212 2766 1405 2804 admodum
1435 2777 1468 2805 et
1504 2769 1654 2808 multam
1688 2772 1849 2812 indicans
1875 2775 2058 2826 virtutem,
2100 2781 2197 2830 quod

1213 2828 1345 2865 Paulus
1377 2829 1480 2867 illum
1499 2830 1669 2870 dilectum
1700 2834 1839 2884 habeat,
1877 2837 1936 2887 qui
1958 2839 2133 2878 nesciebat
2150 2856 2194 2879 ex

1210 2889 1332 2939 gratiae
1369 2891 1513 2940 affectti,
1535 2893 1598 2930 sed
1627 2908 1669 2931 ex
1703 2895 1841 2947 judicio
1860 2898 2020 2950 diligere.
2058 2903 2193 2941 Deinde

1209 2950 1308 2988 aliud
1343 2951 1501 3002 sequitur
1545 2955 1766 3002 encomium,
1809 2958 1884 3008 Qui
1924 2969 1979 2998 est
2012 2966 2194 3012 primitia·

1209 3011 1387 3050 Aclzaioe.
1423 3013 1492 3051 Vel
1525 3015 1617 3051 enim
1634 3017 1701 3053 hoc
1732 3017 1834 3068 dicit,
1853 3020 1948 3070 quod
1964 3022 2053 3059 alios
2074 3037 2192 3062 omnes

1209 3073 1382 3111 credendo
1414 3075 1644 3126 praeverterit,
1676 3092 1752 3127 quae
1773 3093 1841 3116 non
1863 3081 2001 3119 modica
2026 3083 2104 3123 laus
2119 3094 2191 3133 cst;

1208 3133 1266 3171 vel
1295 3133 1392 3183 quod
1424 3135 1504 3186 plus
1524 3135 1663 3187 pietatis
1693 3139 1911 3192 exhibuerit,
1933 3157 2040 3192 quam
2064 3146 2190 3197 reliqui

1211 3208 1342 3232 omnes.
1388 3195 1471 3232 Ideo
1508 3210 1588 3233 cum
1620 3197 1781 3248 dixisset,
1817 3202 1891 3251 Qui
1918 3213 1974 3241 est
2009 3208 2191 3253 primitia>

117 3250 236 3301 πολλῷ
266 3251 395 3299 μᾶλλον
413 3252 447 3288 ἐν
462 3250 604 3294 τούτοις.
623 3250 727 3289 Ἐπεὶ
745 3251 811 3304 γὰρ
832 3252 920 3296 εἰκὸς
947 3248 988 3300 ἦν
1016 3255 1137 3299 αὐτοὺς
1160 3265 1183 3295 Β
1210 3256 1388 3307 Aclzaice,
1405 3270 1472 3295 non
1499 3259 1619 3309 tacuit,
1650 3273 1692 3298 ne
1719 3262 1935 3303 mundanam
1961 3268 2190 3319 suspicareris

165 3368 178 3383 π
201 3358 339 3393 Savilius
356 3360 387 3392 in
407 3371 510 3403 marg.-
527 3362 573 3403 [et
586 3362 638 3403 A.]
653 3369 872 3408 προσκείμενον.
