2466 3805
673 278 715 308 IN
754 278 866 307 ACTA
904 274 1247 306 APOSTOLORUM.
1287 274 1443 303 HOMtL.
1483 275 1560 304 xil.
2060 258 2145 303 115

1168 369 1295 393 verum
1322 364 1372 392 est
1392 355 1486 392 illud
1507 372 1514 391 :
1538 356 1798 406 Cognoscetur
1835 355 2026 392 Dominus
2039 356 2146 406 judi·
2162 351 2346 390 Psal.9.17.

1168 418 1230 452 eia
1233 417 1409 468 faciens.
1431 416 1489 454 Sic
1503 425 1537 453 et
1553 415 1588 453 in
1601 429 1681 453 arca
1705 416 1838 453 factum
1856 425 1907 453 est
1929 431 1935 451 ε
1956 416 2053 452 Ozan
2082 430 2149 467 pu—
2165 406 2299 443 alleg-6
2316 416 2330 439 7
2344 429 2348 433 ·

79 359 147 403 θεὶς
171 361 192 396 ὁ
225 357 383 409 βασιλεὺς
417 358 582 397 ἀπώσατο
614 360 675 406 τὴν
701 359 865 397 κιὸωτόν·
898 360 1042 396 ἐνταῦθα
1062 355 1097 394 δὲ

78 413 171 457 οὗτοι
193 419 323 469 μᾶλλον
344 419 655 472 προσεκτικώτεροι
685 421 848 472 γίνονται.
879 413 997 463 Εἶδες,
1025 420 1099 460 πῶς

78 480 141 516 οὔκ
157 478 301 516 ἐκάλεσε
322 478 427 525 αὐτὴν
443 481 460 516 ὃ
474 479 617 531 Πέτρος,
637 483 711 518 ἀλλ’
730 480 903 530 ἀνέμεινεν
924 478 1014 516 ὥστε
1033 480 1099 515 εἷσ-

77 541 186 577 ελθεῖν
198 555 205 562 ·
227 539 302 577 οὐδὲ
320 542 387 577 τῶν
418 540 532 578 ἄλλων
547 557 598 584 τις
612 541 800 591 ἐτόλμησεν
819 539 961 584 ἐξειπεῖν
980 538 1019 576 τὸ
1044 552 1099 587 γε·

77 599 185 651 γονός.
206 601 318 638 Τοῦτο
337 600 438 652 φόὸος
457 602 662 640 διδασκάλου
675 631 684 648 ,
701 605 800 639 τοῦτο
814 600 900 649 τιμὴ
920 601 1096 650 μαθητῶν,

77 664 177 698 τοῦτο
198 661 347 707 ὑπακοή.
367 663 485 712 Τριῶν
507 665 605 714 ὡρῶν
629 661 820 712 διάστημα.
842 660 912 698 Καὶ
927 661 988 696 οὒκ
1007 658 1098 708 ἔμα-

79 725 134 759 θεν
164 724 185 767 ἡ
203 722 307 773 γυνὴ,
324 722 398 760 οὐδὲ
419 723 531 766 ἐξεῖπε
550 739 602 766 τις
620 726 688 760 τῶν
709 722 907 773 παρόντων,
927 719 1042 757 καίτοι
1059 734 1098 768 γε

77 782 195 820 ἱκανὸν
229 777 270 829 ἦν
300 783 531 835 ἐξηχηθῆναι·
567 785 643 821 ἀλλ’
669 784 862 835 ἐφοέοῧντο.
882 783 995 818 Τοῦτο
1018 783 1096 829 γοῦν

79 843 138 880 καὶ
162 844 345 893 θαυμάζων
362 847 378 881 ὁ
397 843 613 896 συγγραφεὺς
631 843 745 893 λέγει,
768 842 820 879 ὅτι
841 840 903 887 Μὴ
931 840 1039 877 εἰδυῖα
1058 838 1097 875 τὸ

78 903 232 954 γεγονὸς,
261 906 409 949 εἰσῆλθε.
428 904 552 942 Καίτοι
570 919 609 955 γε
629 904 697 941 ἀπὸ
715 902 834 940 τούτου
855 903 933 946 ἐνῆν
957 902 1097 949 μαθεῖν,

79 962 132 1000 ὅτι
149 957 218 1001 οἶδε
237 963 280 1002 τὰ
299 963 521 1002 λανθάνοντα.
538 963 606 1000 Διὰ
617 963 651 1000 τί
668 964 734 1014 γὰρ
755 960 887 1012 μηδένα
903 958 1097 1011 ἐρωτήσας,

79 1026 170 1075 ὑμᾶς
188 1026 319 1076 ἐρωτᾷ;
334 1022 384 1061 Ἢ
406 1026 524 1071 δῆλον,
546 1023 598 1061 ὅτι
617 1026 663 1066 ὡς
691 1021 807 1070 εἰδώς,
829 1021 921 1058 Ἀλλ’
946 1023 967 1066 ἡ
984 1019 1096 1066 πολλὴ

79 1083 242 1135 πώρωσις
261 1087 321 1122 οὐκ
338 1083 452 1122 εἴασεν
476 1084 581 1131 αὐτὴν
602 1084 641 1121 τὸ
657 1083 817 1134 ἔγκλημα
840 1079 1097 1127 ἀποδύσασθαι,

80 1144 170 1182 ἀλλὰ
188 1144 303 1194 ι’μετὰ
335 1144 514 1188 αὐθαδείας
542 1144 674 1190 πολλῆς
706 1142 946 1194 ἀποκρίνεται·
965 1140 1098 1191 ἐνόμιζε

78 1204 144 1256 γὰρ
164 1205 247 1256 πρὸς
269 1205 447 1257 ἄνθρωπον
467 1204 696 1256 διαλέγεσθαι.
717 1205 769 1242 Τὸ
785 1203 891 1241 δεινὸν
906 1207 1027 1248 τοῦτο,
1047 1201 1100 1240 ὅτι

78 1268 124 1308 ὡς
143 1266 182 1303 ἐκ
197 1272 278 1316 μιᾶς
296 1268 420 1317 βουλῆς
446 1266 502 1304 ἐπὶ
525 1266 587 1312 τὴν
607 1265 781 1317 ἁμαρτίαν
802 1261 918 1313 ἦλθον,
938 1264 960 1311 ἢ
980 1265 1098 1315 ὥσπερ

80 1326 149 1364 ἀπὸ
167 1326 336 1374 συνθήκης
365 1327 466 1370 τινός.
485 1326 532 1365 Τί
550 1327 603 1366 ὅτι
626 1326 847 1378 συνεφωνήθη
868 1329 964 1377 ὑμῖν,
987 1325 1071 1378 φησὶ
1087 1355 1096 1371 ,

76 1393 241 1439 πειρᾶσαι
259 1387 299 1425 τὸ
320 1389 466 1438 Πνεῦμα
479 1387 518 1426 τὸ
537 1388 655 1439 ἅγιον,
676 1388 764 1427 Ἰδοὺ
785 1391 816 1426 οἱ
830 1387 932 1430 πόδες
946 1391 1014 1425 τῶν
1033 1391 1098 1424 θα-

77 1448 213 1500 ψάντων
234 1449 290 1487 τὸν
307 1449 414 1500 ἄνδρα
429 1466 489 1488 σου
509 1449 634 1496 ἐπὶτὴν
652 1449 768 1502 θύραν,
785 1449 843 1487 καὶ
863 1448 1032 1492 ἓξοίσουσί
1047 1464 1096 1486 σε.

76 1509 274 1563 ςΠρότερον
298 1510 405 1556 αὐτὴν
430 1511 586 1549 διδάσκει
619 1510 659 1548 τὸ
693 1509 908 1563 ἁμάρτημα,
933 1510 992 1548 καὶ
1019 1509 1098 1548 τότε

77 1570 262 1619 δείκνυσιν,
284 1570 335 1609 ὅτι
361 1571 502 1614 δικαίως
532 1571 576 1608 τὰ
601 1570 689 1609 αὐτὰ
712 1570 870 1609 πείσεται
896 1573 946 1623 τῷ
978 1569 1096 1623 ἀνδρί·

77 1632 196 1679 ἐπειδὴ
226 1632 285 1670 καὶ
304 1632 349 1670 τὰ
368 1632 456 1671 αὐτὰ
479 1632 627 1684 ἥμαρτε.
648 1632 718 1670 Καὶ
737 1635 832 1680 πῶς,
848 1631 954 1683 φησὶ,
973 1633 1099 1684 Παρα·

76 1697 201 1744 χρῆμα
225 1693 327 1731 ἔπεσε
350 1693 448 1745 παρὰ
469 1693 546 1738 τοὺς
567 1694 675 1737 πόδας
703 1695 823 1741 αὐτοῦ,
845 1693 903 1731 καὶ
923 1691 1100 1744 ἐξέψυξεν,

76 1752 162 1791 εὈτι
177 1753 324 1800 πλησίον
340 1755 505 1801 εἱστήκει.
525 1754 648 1798 Οὕτως
663 1755 760 1792 αὐτοὶ
785 1757 861 1792 καθ’
883 1757 1011 1792 ἑαυτῶν
1039 1752 1100 1800 τὴν

78 1814 247 1867 τιμωρίαν
265 1815 519 1853 ἐπεσπάσαντο.
539 1814 603 1858 Τίς
627 1816 745 1854 λοιπὸν
769 1817 830 1854 οὐκ
850 1815 889 1853 ἂν
910 1814 1101 1866 ἐξεπλάγη;

78 1874 130 1918 τίς
153 1876 214 1912 οὐκ
243 1875 281 1913 ἂν
311 1876 418 1915 ἔδεισε
449 1876 507 1914 τὸν
525 1876 738 1924 ἀπόστολον,
758 1877 809 1920 τίς
830 1878 892 1915 οὐκ
921 1876 960 1914 ἂν
980 1876 1102 1914 ⁶500&-

81 1952 188 1986 μασε,
209 1937 279 1974 Καὶ
308 1931 396 1982 ἦσαν
427 1936 661 1987 ὁμοθυμαδὸν,
682 1937 784 1989 φησὶν
798 1967 807 1984 ,
827 1937 977 1981 ἅπαντες
1006 1940 1039 1975 ἐν
1059 1941 1101 1989 τῇ

81 2003 165 2048 στοᾷ
186 1998 422 2048 Σολομῶντος.
446 1998 512 2036 Ἐκ
523 1997 644 2035 τούτου
664 1998 783 2045 δῆλον,
797 1997 849 2035 ὅτι
867 2000 928 2036 οὐκ
943 2001 976 2036 ἐν
994 1998 1102 2050 οἰκίᾳ,

82 2057 170 2095 ἀλλὰ
190 2058 229 2095 τὸ
250 2059 338 2110 ἱερὸν
359 2057 615 2101 καταλαέόντες
637 2059 707 2096 ἐκεῖ
728 2058 896 2110 διέτριὸον
909 2074 917 2081 ·
938 2059 1014 2097 οὔτε
1035 2059 1102 2110 μὴν

80 2118 198 2156 λοιπὸν
219 2119 424 2171 ἀκαθάρτων
442 2119 612 2157 ἅπτεσθαι
629 2119 875 2171 ἐφυλάττοντο,
891 2121 967 2158 ἀλλ’
986 2120 1104 2162 ἁπλῶς

81 2178 231 2223 ἥπτοντο
255 2181 323 2216 τῶν
341 2182 480 2230 νεκρῶν.
511 2179 580 2217 Καὶ
600 2179 681 2231 ὅρα,
704 2183 778 2223 πῶς
809 2181 842 2218 ἓν
869 2179 930 2230 μὲν
955 2186 1026 2223 τοῖς
1053 2181 1103 2217 οἰ-

83 2238 187 2281 κείοις
204 2238 270 2276 εἶσὶ
286 2239 444 2291 σφοδροὶ,
464 2241 497 2276 ἐν
524 2239 559 2276 δὲ
586 2246 655 2282 τοῖς
676 2240 868 2290 ἀλλοτρίοις
887 2242 924 2278 οὔ
949 2239 1100 2292 κέχρην-

83 2314 140 2335 ται
159 2302 201 2349 τῇ
225 2299 377 2349 δυνάμει.
404 2302 548 2338 Μᾶλλον
565 2299 601 2337 δὲ
614 2329 624 2347 ,
644 2301 749 2352 φησὶ,
777 2301 1018 2353 προσετίθεντο
1039 2317 1100 2339 πι-

84 2358 256 2403 στεύοντες
278 2363 328 2412 τῷ
355 2361 474 2414 Κυρίῳ
493 2361 609 2408 πλήθη
637 2362 769 2413 ἀνδρῶν
789 2378 827 2400 τε
845 2363 1105 2414 καὶγυναικῶν.

84 2418 193 2456 ε’.Ωστε
222 2419 311 2458 κατὰ
341 2420 402 2464 τὰς
426 2421 593 2464 πλατείας
621 2422 753 2460 τιθέναι
773 2421 850 2465 τοὺς
879 2424 1030 2467 ἀσθενεῖς
1050 2423 1106 2462 ἐπὶ

87 2481 211 2518 κλινῶν
231 2480 290 2518 καὶ
310 2481 536 2533 κραὸὅάτων,
554 2481 609 2520 ἵνα
629 2483 816 2535 ἐρχομένου
834 2483 972 2535 Πέτρου
992 2484 1055 2523 κᾶν
1084 2487 1105 2530 ἡ

91 2540 173 2578 σκιὰ
202 2542 388 2593 ἔπισκιάσῃ
407 2543 473 2581 τινὶ
498 2545 621 2581 αὐτῶν.

141 2909 261 2958 Πολλὴ
278 2914 346 2949 τῶν
361 2911 573 2963 προσιόντων
591 2917 611 2960 ἦ
633 2914 748 2957 πίστις
760 2943 770 2961 ,
793 2915 852 2953 καὶ
874 2915 998 2965 μείζων
1015 2916 1036 2963 ἢ
1050 2917 1106 2956 ἐπὶ

90 2973 148 3009 τοῦ
167 2972 332 3024 Χριστοῦ.
360 2973 471 3011 Πόθεν
499 2973 540 3021 δὴ
562 2977 660 3012 τοῦτο
678 2974 834 3027 γε’γονεν;
852 2976 936 3015 Ἀπὸ
957 2981 1016 3015 τοῦ
1049 2980 1106 3017 τὸν

90 3031 239 3083 Χριστὸν
271 3033 515 3085 ἀποφήνασθαι
546 3035 606 3072 καὶ
638 3037 762 3074 εἰπεῖν·
781 3036 826 3073 ‘O
853 3037 1026 3076 πιστεύων
1060 3042 1107 3082 εἷς

92 3091 171 3142 ἐμὲ,
202 3091 246 3131 τὰ
275 3093 378 3146 ἔργα,
406 3094 427 3132 ἃ
455 3095 524 3146 ἐγὼ
542 3099 652 3143 ποιῶ,
682 3097 841 3144 ποιήσει,
875 3098 934 3136 καὶ
967 3098 1107 3149 μείζονα

91 3152 240 3199 ποιήσει.
259 3155 443 3193 Μενόντων
459 3155 525 3207 γὰρ
545 3157 657 3194 αὐτῶν
678 3158 749 3195 ἐκεῖ
767 3157 825 3195 καὶ
841 3160 879 3196 οὐ
893 3158 1107 3211 περιιόντων,

93 3212 210 3265 ἔφερον
241 3214 366 3260 πάντες
393 3216 450 3254 ἐπὶ
478 3219 546 3254 τῶν
574 3219 699 3256 κλινῶν
728 3219 786 3256 καὶ
814 3220 1020 3270 κραὸὃάτων
1053 3221 1109 3265 οὓς

142 3332 159 3355 b
178 3330 236 3363 Alii
254 3339 334 3374 μετὰ.
350 3339 515 3381 παῤῥησίας
533 3341 652 3376 πολλῆς.

142 3394 153 3406 Γ
172 3382 231 3415 Alii
247 3392 391 3430 πρότερον
407 3391 495 3425 αὐτῆς
511 3392 638 3423 παιδεύει
656 3398 698 3422 τὸ.

231 3458 319 3481 Toxi.
341 3459 394 3483 ΙΧ.

1171 476 1265 513 nitus
1284 485 1346 524 est,
1359 486 1392 513 et
1405 477 1488 514 hinc
1498 477 1604 514 timor
1620 477 1711 514 aliis.
1729 476 1800 515 Sed
1817 477 1891 514 illie
1902 476 2047 527 quidem
2070 491 2145 514 me-

1172 545 1272 574 tuens
1288 551 1366 587 reX,
1381 551 1499 575 arcam
1526 537 1676 588 amovit3
1690 537 1749 575 hic
1772 547 1889 576 autem
1911 537 1971 576 alii
1987 537 2150 576 attentio-

1172 611 1224 634 res
1239 597 1323 634 facti
1339 607 1433 635 sunt.
1453 598 1585 648 Vides,
1603 598 1780 648 quomodo
1799 613 1867 636 non
1889 599 2031 638 vocavit
2049 599 2150 637 illam

1171 659 1311 708 Petrus,
1344 659 1407 696 scd
1447 659 1663 710 exspectavit
1696 659 1807 698 donec
1838 661 1985 698 intraret
2009 676 2016 697 :
2037 674 2150 711 neque

1170 719 1261 756 alius
1277 720 1454 771 quispiam
1473 735 1579 758 ausus
1592 730 1644 758 est
1660 722 1867 760 annuntiare
1888 723 1984 774 quod
2011 722 2149 760 accide-

1170 788 1237 816 rat.
1250 780 1325 817 Hoc
1338 780 1499 830 magistri
1514 781 1621 818 timor
1631 791 1718 831 erat,
1727 782 1840 819 honor
1851 784 2110 835 discipulorum
2118 792 2151 821 et

1169 839 1380 877 obedientia.
1405 842 1537 878 Trium
1553 843 1736 878 horarum
1754 847 1933 893 spatium.
1948 846 2068 894 Neque
2087 844 2148 881 di-

1168 899 1257 937 dicit
1279 914 1380 950 uxor,
1395 914 1458 938 nec
1475 901 1556 951 quis
1573 902 1801 953 praesentium
1817 904 2007 952 nuntiavit,
2029 919 2149 955 quam-

1172 959 1226 999 vis
1241 960 1287 997 ad
1305 960 1570 1012 divulgandum
1601 971 1653 999 sat
1682 963 1850 1015 temporis
1880 974 1984 1013 esset3
2023 981 2147 1005 verum

1170 1021 1352 1058 timebant.
1372 1021 1448 1059 Hoc
1472 1022 1579 1059 etiam
1600 1021 1780 1060 admirans
1809 1025 1960 1076 scriptor
1987 1026 2058 1063 ait:
2075 1029 2121 1064 N
2138 1051 2151 1057 -

1170 1085 1292 1120 sciens
1328 1084 1434 1134 quod
1451 1084 1612 1136 sactzcm
1626 1085 1781 1136 ficerat,
1817 1088 2005 1124 introivit.
2042 1090 2152 1139 Atqui

1171 1143 1254 1181 hinc
1273 1143 1407 1182 discere
1421 1145 1550 1183 licebat
1567 1145 1685 1197 ipsum
1699 1145 1839 1184 novisse
1854 1161 1906 1193 ea,
1923 1163 2000 1198 quae
2016 1151 2152 1188 occulta

1171 1213 1279 1242 erant.
1296 1206 1368 1242 Cur
1387 1205 1481 1243 enim
1501 1205 1563 1257 qui
1579 1205 1754 1243 neminem
1774 1206 2070 1260 interrogaverat,
2089 1225 2151 1249 vos

1172 1265 1389 1317 interrogat?
1410 1268 1552 1316 Annon,
1574 1275 1613 1303 ut
1642 1267 1766 1317 liquet,
1794 1268 1876 1317 quia
1911 1270 2065 1308 sciebat?
2084 1271 2153 1309 Sed

1171 1326 1280 1364 nimia
1311 1326 1446 1364 caecitas
1479 1340 1549 1364 non
1580 1327 1741 1378 permisit
1762 1327 1861 1365 illam
1893 1330 2024 1368 crimen
2045 1332 2155 1384 depo-

1171 1400 1269 1435 nere3
1290 1386 1350 1424 sed
1367 1400 1448 1424 cum
1470 1386 1619 1424 audacia
1639 1386 1752 1424 multa
1772 1388 1983 1440 respondet:
2002 1392 2156 1430 Putabat

1171 1447 1265 1485 enim
1282 1462 1317 1485 se
1333 1462 1414 1485 eum
1430 1447 1574 1485 homine
1587 1448 1698 1499 loqui.
1721 1448 1798 1486 Hoc
1816 1463 1924 1501 grave
1941 1460 2031 1501 erat,
2058 1454 2155 1503 quod

1170 1523 1241 1546 uno
1263 1508 1412 1546 consilio
1431 1517 1464 1546 et
1483 1508 1583 1559 quasi
1602 1523 1648 1546 ex
1670 1518 1773 1560 pacto
1791 1520 1974 1561 peccatum
1992 1512 2154 1552 admisis-

1170 1579 1256 1609 sent.
1279 1571 1382 1620 Quid
1409 1572 1540 1622 utique
1559 1573 1740 1608 convenit
1757 1574 1884 1619 vobis,
1904 1572 2032 1624 inquit,
2067 1583 2154 1612 ten-

1173 1639 1255 1668 tare
1267 1630 1450 1682 Spiritum
1463 1640 1640 1669 sanctum
1655 1635 1672 1668 Ρ
1685 1632 1722 1669 E
1724 1645 1788 1669 ece
1796 1633 1911 1683 pedes
1930 1647 2074 1684 eorum,
2088 1639 2154 1688 qui

1173 1692 1403 1743 sepelierunt
1421 1694 1552 1729 virum
1578 1700 1701 1742 tuum,
1724 1693 1778 1729 ad
1800 1696 1963 1742 ostium;
1991 1704 2028 1733 et
2056 1698 2155 1749 effe—

1173 1760 1259 1789 rent
1278 1760 1327 1789 te.
1356 1751 1462 1789 Prius
1495 1751 1597 1789 illam
1623 1751 1725 1789 docet
1755 1753 1852 1802 quod
1880 1756 2092 1806 peccaverit,
2124 1766 2158 1794 et

1175 1822 1259 1850 tunc
1278 1812 1432 1850 ostendit
1453 1812 1554 1850 illam
1582 1814 1688 1865 juste,
1721 1828 1798 1863 quae
1826 1814 1882 1864 vir
1909 1830 2035 1866 passus
2071 1827 2156 1865 erat,

1175 1888 1359 1926 passuram
1379 1888 1463 1922 esse,
1490 1873 1573 1924 quia
1586 1873 1733 1925 perinde
1750 1886 1968 1926 peccaverat.
1992 1877 2040 1915 Et
2072 1893 2158 1928 quo—

1175 1936 1296 1986 modo,
1328 1936 1476 1987 inquies,
1508 1937 1720 1988 Confestim
1746 1939 1883 1975 cecidit
1918 1948 2010 1977 ante
2043 1943 2158 1992 pedes

1175 1999 1271 2049 ejas,
1293 1999 1547 2048 etexspiravit
1561 2001 1577 2033 Ρ
1598 1997 1694 2044 Quia
1707 2011 1818 2049 prope
1832 1997 2005 2038 adstabat.
2024 2001 2083 2039 Sic
2100 2002 2155 2039 illi

1174 2058 1211 2095 in
1233 2057 1365 2109 seipsos
1379 2057 1549 2095 ultionem
1567 2066 1801 2096 attraxerunt.
1818 2059 1908 2105 Quis
1919 2060 2064 2099 demum
2086 2076 2155 2100 non

1175 2118 1437 2169 obstupuisset?
1451 2117 1530 2168 quis
1549 2117 1751 2169 apostolum
1763 2133 1832 2156 non
1846 2119 2046 2159 timuisset?
2079 2124 2157 2173 quis

1175 2192 1245 2216 non
1259 2177 1409 2215 miratus
1423 2177 1536 2215 esset?
1561 2178 1597 2214 E
1601 2185 1615 2214 t
1629 2186 1755 2224 erant,
1778 2178 1908 2229 inquit,
1923 2185 2159 2221 unanimiter

1176 2253 1305 2277 omnes
1325 2241 1366 2276 in
1391 2241 1543 2291 porticu
1560 2239 1794 2278 Salomonis.
1828 2241 1921 2280 Hinc
1939 2243 2058 2294 palam
2094 2255 2158 2294 est,

1174 2301 1256 2339 illos
1275 2314 1344 2338 non
1358 2300 1395 2337 in
1410 2300 1516 2338 domo
1535 2300 1720 2352 quapiam,
1743 2302 1807 2340 sed
1824 2302 1861 2340 in
1879 2305 2011 2356 templo
2039 2321 2159 2345 versa—

1175 2371 1229 2399 tos
1245 2361 1470 2411 esse.Neque
1497 2360 1592 2398 ultra
1605 2361 1775 2399 cavebant
1805 2362 1873 2400 sibi
1901 2377 1945 2401 ne
1974 2365 2158 2406 immunda

1176 2423 1430 2474 contingerent,
1463 2422 1525 2460 sed
1550 2423 1624 2460 sine
1653 2423 1821 2475 scrupulo
1854 2434 2013 2464 mortuos
2038 2437 2159 2480 tange-

1176 2485 1273 2523 bant.
1289 2485 1337 2523 Et
1350 2483 1443 2533 vide⁷
1460 2484 1639 2535 quomodo
1662 2498 1745 2536 erga
1758 2499 1840 2524 suos
1851 2487 1964 2525 severi
1975 2488 2057 2539 sint,
2078 2505 2160 2542 erga

1177 2546 1265 2584 alios
1279 2554 1398 2583 autem
1417 2553 1588 2597 potestate
1602 2559 1672 2582 non
1687 2553 1844 2583 utantur.
1859 2548 1989 2599 Magis
2015 2559 2156 2598 autem,

1178 2607 1308 2658 inquit,
1324 2608 1539 2658 augebatur
1554 2606 1790 2643 credentium
1807 2609 1848 2644 in
1865 2608 2033 2646 Domino
2061 2613 2160 2649 miil-

1179 2669 1302 2707 titudo
1324 2671 1497 2705 virorum
1518 2675 1555 2704 et
1573 2666 1776 2703 mulierum
1786 2683 1800 2711 ;
1827 2669 1884 2704 ita
1899 2676 1940 2705 ut
1961 2671 2002 2706 in
2018 2671 2159 2721 plateis

1175 2737 1363 2782 ponerent
1378 2729 1554 2780 infirmos
1582 2730 1624 2764 in
1651 2727 1803 2765 lectulis
1825 2741 1871 2765 ac
1897 2732 2086 2780 grabatis,
2119 2742 2160 2770 ut

1178 2795 1358 2829 ‘veniente
1377 2792 1494 2828 Petro
1509 2789 1647 2827 saltem
1670 2790 1805 2826 umbra
1821 2789 1928 2828 illius
1953 2793 2159 2831 adumbra-

1179 2863 1237 2892 νεῖ
1256 2865 1491 2906 quemquam
1506 2851 1674 2888 illorum.

1232 2916 1270 2952 5.
1302 2915 1435 2964 Magna
1457 2911 1698 2949 accedentium
1725 2911 1828 2961 fides,
1853 2922 1886 2950 et
1913 2915 2026 2966 major
2052 2931 2158 2967 quam

1179 2977 1246 3014 sub
1275 2975 1351 3027 ipso
1384 2973 1535 3011 Christo.
1561 2972 1665 3011 Unde
1695 2981 1811 3010 autem
1833 2973 1900 3011 hoe
1927 2975 2061 3015 factum
2082 2979 2159 3016 est?

1180 3037 1273 3084 Quia
1295 3035 1457 3074 Christus
1481 3035 1548 3072 hoc
1575 3035 1829 3086 praenuntiarat
1844 3043 1879 3071 et
1907 3035 2060 3077 dixerat.
2087 3041 2263 3090 Qui-soon·
2292 3038 2337 3078 ¹⁷}-

1181 3099 1301 3142 credit
1321 3100 1363 3134 in
1381 3110 1454 3145 me,
1477 3108 1604 3147 opera,
1623 3108 1707 3147 qzcae
1731 3109 1797 3145 ego
1813 3096 1942 3147 facio,
1950 3099 2095 3150 faciet,
2125 3110 2161 3139 et
2178 3090 2224 3110 η’

1184 3161 1335 3212 majora
1349 3158 1492 3210 faciet.
1508 3155 1737 3194 Manentibus
1756 3164 1874 3193 autem
1896 3157 1968 3196 illis
1982 3159 2076 3211 istie,
2099 3175 2161 3200 nec

1182 3217 1507 3264 circumeuntibus,
1538 3230 1656 3253 omnes
1684 3216 1874 3255 afferebant
1897 3218 1932 3256 in
1962 3219 2102 3260 lectulis
2131 3232 2164 3260 et

1208 3341 1224 3364 d
1242 3339 1302 3371 Alii
1320 3343 1477 3380 ἐθαύμασε.
1501 3342 1541 3374 τίς
1559 3339 1608 3368 9ρκ
1626 3341 1659 3368 ἂν
1677 3340 1801 3376 {poc-aon
1815 3349 1822 3377 ς
1838 3343 1885 3371 καὶ
1903 3343 1986 3376 ἦσαν,

1917 3456 1940 3488 Ε)
