2466 3805
645 275 685 303 ΙΝ
723 274 839 303 ACTA

71 354 147 399 τοὺς
159 354 316 398 ἐξένισεν.
334 353 454 404 Ὁρᾷς,
468 353 570 391 πόθεν
585 356 606 400 ἡ
626 354 718 407 ἀρχὴ
734 354 866 405 γίνεται
879 354 946 389 τῶν
960 353 1085 398 ἐθνῶν,

72 415 153 452 Ἀπὸ
185 413 305 466 ἀνδρὸς
334 413 511 459 εὖσεὸοῧς,
535 413 627 457 ἀξίου
646 413 809 465 φανέντος
835 413 903 450 ἀπὸ
931 427 998 449 των
1027 410 1086 462 ἕρ-

70 491 151 525 γων.
173 476 216 512 Εἰ
235 474 302 526 γὰρ
324 489 382 512 και
401 490 502 512 τουτο
522 474 652 526 γέγονε,
683 475 742 512 καὶ
773 473 866 523 ὅμως
898 471 1086 511 σκανδαλί-

70 538 203 580 ζονται,
234 538 264 572 εἷ
295 534 342 584 μὴ
370 538 470 572 τουτο
499 538 560 580 ἠν,
585 534 618 571 τί
647 536 708 572 οὐκ
729 534 768 570 ἂν
790 537 884 571 εἶπον
904 532 1084 577 Ἰουδαῖοι;

70 596 373 645 Εἷσκαλεσοίμενος
407 599 462 632 οὖν
479 625 488 643 ,
520 596 643 647 φησὶν,
677 594 799 637 αὐτους
837 596 871 638 ἐς
857 594 974 631 ένισε.
1009 592 1086 630 Θεα

70 656 161 702 πόση
194 656 376 708 ἀσφάλεια.
404 656 512 694 εΏστε
542 655 650 705 μηδὲν
683 655 806 698 αὐτοὺς
828 658 947 692 παθεῖν
966 652 1087 699 δεινὸν,

71 719 292 761 εἷσκαλεῖται,
313 716 372 753 καὶ
385 716 472 766 μετὰ
487 716 682 768 παρρησίας
696 715 814 753 λοιπὸν
836 715 1085 752 συνδιαιτᾶται.

68 780 124 829 Τῇ
146 778 180 815 δὲ
197 777 356 829 ἐπαύριον
375 777 526 820 ἀναστὰς
545 780 563 814 ὁ
581 776 726 827 Πέτρος,
743 775 862 821 ἐξῆλθε
880 774 939 812 σὺν
960 775 1086 818 αὐτοῖς,

71 838 129 875 καί
155 854 244 881 τινες
268 841 336 875 τῶν
366 839 522 888 ἀδελφῶν
551 840 618 874 τῶν
653 836 721 873 ἀπὸ
742 835 888 881 Ἰόππης
917 836 1086 880 συνῆλθον

71 901 164 950 αὐτῷ
178 930 187 946 ,
207 899 267 936 καὶ
283 902 325 950 τῇ
344 898 504 949 ἐπαύριον
524 900 680 943 εἰσ-ἦλθον
707 899 753 939 εἷς
773 896 835 942 τὴν
857 895 1086 945 Καισάρειαν.

70 959 268 1009 Ἔπίσημος
288 954 330 1005 ἦν
351 963 368 997 ὃ
391 958 498 1010 ἀνὴρ,
518 960 564 1001 ὡς
591 959 625 994 ἐν
658 957 819 1007 ἐπισήμῳ
834 955 936 993 πόλει
953 954 1086 1005 τυγχα-

70 1036 147 1058 νων.
169 1021 232 1058 Διὸ
252 1019 311 1057 καὶ
334 1021 388 1056 ἐπ’
409 1021 501 1069 αὐτῷ
518 1018 633 1056 πάντα
651 1021 735 1066 ὁμοῦ
763 1019 1012 1065 οἰκονομεῖται,
1029 1014 1086 1051 καὶ

71 1081 140 1118 ἀπὸ
166 1082 227 1124 τῆς
254 1078 420 1120 Ἰουδαίας
439 1077 551 1128 ἀρχὴν
569 1077 741 1126 λαμὸοίνει
765 1076 804 1113 τὸ
828 1081 975 1126 πρᾶγμα
990 1090 997 1097 ·
1018 1069 1086 1112 οἷον

69 1140 108 1176 τὸ
127 1138 174 1188 μὴ
196 1142 354 1176 ὑπνουντι
373 1139 535 1188 ὀφθῆναι,
557 1137 633 1173 ἀλλ’
658 1135 872 1187 ἐγρηγορότι,
888 1134 927 1171 τὸ
947 1135 980 1170 ἐν
1000 1133 1085 1183 ἡμέ

74 1214 137 1249 ρᾳ·
157 1198 237 1250 περὶ
257 1197 380 1243 ἐνάτην
400 1197 466 1248 γὰρ
486 1195 602 1247 ὥραν·
627 1195 733 1238 οὕτως
753 1197 865 1232 ἑαυτῶ
891 1200 1087 1246 προσεῖχεν.

70 1260 161 1296 Ἀλλ’
185 1257 311 1308 ἴοωμεν
331 1257 458 1294 ἄνωθεν
480 1257 525 1294 τὰ
544 1256 721 1309 εἷρηαενα.
741 1255 810 1294 Και
830 1259 923 1293 εἶπεν
944 1258 960 1292 ὃ
979 1255 1088 1306 ἄγγε-

71 1321 148 1366 λος,
169 1320 204 1356 αἱ
231 1317 329 1370 εὐχαί
353 1334 412 1356 σου
437 1334 496 1356 και
521 1320 556 1355 αἱ
577 1316 808 1366 ἐλεημοσύναι
834 1332 894 1354 σου
916 1315 1088 1361 ἀνέδησαν

71 1381 119 1422 εἷς
147 1379 363 1429 μνημόσυνον
384 1377 528 1416 ἐνώπιον
557 1383 617 1416 τοῦ
643 1380 746 1416 Θεοῦ.
765 1376 944 1414 Ἐντεῦθεν
973 1377 1088 1422 δῆλον,

71 1439 125 1478 ὅτι
148 1439 204 1477 διὰ
225 1442 337 1491 φωνῆς
367 1438 527 1477 ἐκάλεσεν
550 1442 568 1477 ὁ
592 1439 753 1490 ἅγγελος,
780 1437 840 1475 καὶ
866 1436 977 1478 οὕτως
1004 1430 1088 1474 εἶδεν

73 1499 173 1537 αὐτόν
191 1515 198 1523 ·
219 1503 264 1542 ὡς
281 1501 311 1536 εἷ
339 1498 387 1550 μὴ
408 1499 590 1546 ἐκάλεσεν,
610 1500 678 1537 οὐδ’
699 1498 740 1536 ἂν
771 1492 858 1536 εἶδεν
874 1514 881 1521 ·
906 1497 994 1535 οὕτω
1013 1512 1089 1535 συν-

72 1560 257 1611 τεταμένος
289 1555 330 1606 ἦν
366 1560 434 1598 ἀπὸ
473 1575 532 1598 του
563 1560 789 1613 πράγματος,
817 1561 851 1597 ἐν
882 1553 910 1610 ᾧ
935 1554 989 1605 ἦν.
1021 1556 1091 1595 Καὶ

76 1619 283 1671 μετάπεμψε
319 1619 466 1669 Σίμωνα
505 1621 562 1659 τὸν
602 1619 903 1670 *ἐπικαλούμενον
940 1618 1090 1670 Πέτρον.

77 1680 194 1727 Ἰέι)ς,
223 1680 273 1717 ὅτι
296 1680 352 1718 ἐπι
370 1687 535 1732 χρηστοῖς
558 1681 657 1719 αὐτὸν
689 1680 984 1731 μετακαλέσεται,
1013 1679 1094 1725 ἐδή-

77 1743 183 1778 λωσε“
206 1740 316 1783 ποίοις
339 1741 374 1779 δὲ
395 1746 577 1792 χρηστοῖς,
602 1743 663 1778 οὐκ
683 1740 747 1778 ἔτι.
779 1740 902 1783 Οὕτως
921 1739 997 1777 οὐδὲ
1016 1738 1093 1776 Πέ-

77 1817 154 1852 τρος
181 1801 274 1851 λέγει
301 1802 340 1839 τὸ
367 1809 434 1839 πᾶν
454 1816 462 1824 ·
495 1801 583 1839 ἀλλὰ
612 1806 792 1854 πανταχοῦ
826 1803 866 1838 ἐκ
896 1799 1019 1852 μέρους
1050 1799 1094 1836 τὰ

77 1861 292 1911 διηγήματα,
316 1860 427 1898 ἃῶστε
452 1862 627 1937 οιεγείρειν
649 1862 727 1905 τους
757 1861 956 1903 ἀκούοντας.
987 1859 1094 1898 Ουτω

76 1938 135 1960 και
150 1923 330 1960 Φίλιππον
350 1923 448 1959 καλε
421 1939 448 1959 ι
473 1922 574 1972 μόνον
591 1925 637 1966 εἶς
658 1923 720 1969 τὴν
744 1923 884 1976 ἔρημον
911 1921 1010 1959 ’Ave-{0
989 1937 1032 1967 οη
1057 1921 1093 1958 δὲ

75 1983 208 2034 Πέτρος
227 1983 282 2021 ἐπὶ
304 1984 343 2021 τὸ
363 1985 462 2033 δῶμα
487 1983 740 2035 προσεύξασθαι
766 1999 845 2035 περι
864 1981 956 2034 ὥραν
977 1982 1092 2029 ἕκτην,

77 2044 135 2081 καὶ
155 2044 274 2081 ἔπεσεν
295 2046 348 2081 ἐπ’
377 2043 477 2080 αὐτὸν
499 2043 677 2091 ἔκστασις,
698 2044 757 2081 καὶ
777 2048 896 2096 θεωρεῖ
922 2042 1044 2086 σκεῦός
1059 2058 1093 2079 τι

79 2106 124 2146 ὡς
140 2103 271 2150 ὀθόνην.
289 2103 432 2150 Σκόπει,
451 2103 504 2140 ὅτι
523 2104 598 2142 οὐδὲ
617 2109 638 2151 ἦ
654 2110 755 2142 πεῖνα
776 2104 973 2154 ἠνάγκασεν
991 2102 1092 2140 αὐτὸν

79 2163 313 2213 προσδραμεῖν
329 2165 372 2213 τῇ
393 2162 530 2200 σινδόνι.
548 2162 623 2201 Ἵνα
647 2163 681 2200 δὲ
698 2163 747 2213 μὴ
765 2165 799 2200 ἐν
815 2162 948 2200 πλείονι
967 2160 1095 2212 ἀπορία

80 2226 98 2260 ὃ
116 2223 248 2273 Πέτρος
265 2217 300 2272 ᾖ,
321 2223 438 2260 ἀκούει
464 2223 631 2273 λεγούσης
656 2226 771 2276 φωνῆς
787 2239 794 2246 ·
817 2222 992 2270 Ἀναστὰς,
1016 2222 1094 2260 Πέ-

80 2298 151 2334 τρε,
172 2287 272 2320 θῦσον
303 2283 362 2320 καὶ
384 2283 483 2334 φάγε.
506 2283 609 2327 Ἴσως
628 2284 684 2322 ἐπὶ
702 2283 831 2335 γόνατα
852 2282 1008 2333 κείμενος
1026 2276 1094 2318 εἶδε

79 2344 141 2389 τὴν
156 2343 324 2380 ὀπτασίαν
339 2359 347 2366 ·
367 2344 444 2393 ἐμοὶ
468 2343 503 2381 δὲ
518 2345 610 2382 δοκεῖ
630 2343 686 2382 διὰ
707 2344 748 2382 τὸ
771 2343 938 2396 κήρυγμα
965 2342 1095 2389 ταύτην

79 2403 280 2454 ἑωρακέναι.
296 2403 381 2442 εὈτι
401 2403 436 2442 δὲ
463 2404 522 2442 καὶ
542 2409 628 2442 θεῖον
653 2400 695 2451 ἦν
714 2405 753 2443 τὸ
769 2404 966 2456 γινόμενον,
1012 2405 1094 2450 ἧλον

79 2464 117 2501 ἔκ
136 2479 174 2501 τε
201 2467 260 2502 τοῦ
286 2464 415 2502 ἄνωθεν
443 2466 526 2503 ἰδεῖν
546 2466 776 2512 καταὸαῖνον,
792 2466 831 2503 ἔκ
845 2481 882 2502 τε
898 2469 958 2503 τοῦ
987 2468 1021 2503 ἐν
1045 2468 1097 2503 ἐκ·

81 2524 201 2562 στάσει
220 2525 388 2575 γενέσθαι.
408 2527 460 2564 Τὸ
480 2526 515 2564 δὲ
531 2526 590 2564 καὶ
605 2526 721 2578 φωνὴν
742 2529 869 2565 ἐκεῖθεν
902 2528 1097 2578 ἐνεχθῆναι,

82 2584 141 2622 καὶ
162 2586 201 2622 τὸ
221 2585 294 2636 τρὶς
314 2590 413 2639 τοῦτο
428 2586 608 2637 γενέσθαι,
625 2587 685 2625 καὶ
703 2587 741 2625 τὸ
760 2586 899 2639 οὐρανὸν
917 2589 1097 2638 ἀνεωχθῆ-

84 2660 159 2691 ναι,
175 2644 235 2682 καὶ
251 2646 290 2683 τὸ
309 2647 436 2684 ἐκεῖθεν
459 2646 555 2692 ἥκειν
568 2677 577 2695 ,
594 2648 654 2685 καὶ
677 2648 716 2686 τὸ
735 2650 806 2685 ἐκεῖ
831 2649 1097 2700 ἀναρπασθῆναι

83 2704 204 2752 πάλιν,
221 2705 311 2756 μέγα
329 2707 455 2757 δεῖγμα
468 2712 527 2746 τοῦ
542 2712 630 2746 θεῖον
645 2701 732 2746 εἶναι
747 2707 787 2746 τὸ
801 2714 961 2761 πρᾶγμα.

137 2975 203 3012 Διὰ
218 2975 252 3013 τί
269 2976 304 3015 ’δὲ
320 2981 418 3015 τοῦτο
434 2978 584 3029 γίνεται,
600 2979 667 3018 Διὰ
684 2980 763 3023 τοὺς
788 2981 877 3030 μετὰ
902 2984 1027 3029 ταῦτα,
1049 2976 1097 3025 οἷς

86 3036 203 3084 μέλλει
223 3035 436 3086 ἐξηγεῖσθαι·
456 3039 531 3077 ἐπεὶ
546 3038 672 3083 ὴαῦτὸς
697 3040 764 3087 ἤδη
790 3040 940 3085 ἀκούσας
956 3037 997 3089 ἦν
1010 3072 1019 3089 ,
1045 3042 1097 3080 ὅτι

86 3097 180 3138 Εἰς(
168 3095 242 3132 οοὸν
265 3099 366 3134 ἐθνων
393 3098 440 3148 μὴ
463 3099 650 3147 ἀπέλθητε.
671 3101 740 3139 Καὶ
760 3101 808 3152 μὴ
835 3103 1027 3154 θαυμάσῃς.
1051 3104 1096 3141 Εἰ

84 3172 151 3208 γαρ
181 3160 368 3209 περιτουὲῆς
397 3159 518 3207 ἐοεήθη
548 3161 607 3198 καὶ
643 3161 762 3205 θυσίας
794 3163 949 3207 Παυλος,
977 3165 1095 3215 πολλῳ

88 3340 147 3371 Ed
132 3291 355 3382 [ἷυκὶουα
343 3295 461 3328 νονΙ).
479 3303 511 3327 et
528 3295 613 3327 Bibl.
638 3297 677 3328 V.
696 3309 728 3339 p.
750 3299 823 3338 ⁴8⁴,
846 3299 883 3331 Α.
903 3302 1083 3342 ›tathone-:ow

142 3349 177 3372 iti

135 3402 147 3416 a
164 3393 225 3423 Hic
243 3393 352 3424 omnia
369 3393 495 3426 diverse
512 3405 625 3428 narrat
642 3409 742 3439 unus,
761 3399 806 3430 ita
824 3406 860 3430 ut
877 3398 921 3431 ad
941 3401 1083 3433 varieta-

876 268 1220 301 Apos'rOLORUM.

1259 268 1414 298 nomn„
1456 269 1570 299 xxii.
2061 258 2146 318 193

1108 354 1132 383 B
1159 349 1316 401 paruerit
1345 349 1388 386 ei.
1416 350 1480 387 35.
1512 351 1767 388 Introducens
1793 360 1881 402 ergo
1905 362 1980 396 eos,
2011 355 2151 402 recepit

1161 411 1335 461 hospitio.
1344 408 1492 459 Viden’,
1503 409 1597 448 unde
1609 411 1672 448 fiat
1685 410 1828 448 initium
1838 411 1997 461 gentium
2004 411 2054 447 ΡΑ
2072 411 2151 449 viro

1159 470 1219 521 pio
1242 470 1303 520 qui
1325 471 1370 507 ab
1395 471 1560 522 operibus
1580 471 1712 522 dignus
1730 472 1830 509 visus
1849 480 1914 508 est.
1932 473 2023 508 Nam
2044 471 2072 508 si
2095 472 2152 510 vel

1160 545 1196 568 re
1211 531 1259 567 ita
1283 540 1377 580 gesta
1401 531 1629 569 offenduntur
1651 531 1789 571 Judaei:
1809 532 1837 569 si
1851 546 1906 569 res
1925 545 1993 569 non
2018 532 2152 582 fuisset,

1159 591 1246 640 quid
1261 605 1328 628 non
1343 590 1475 628 dicturi
1489 593 1605 630 crant?
1627 593 1890 639 Introducens,
1908 592 2037 643 inquit,
2059 593 2149 630 illos

1160 654 1299 702 recepit
1326 652 1505 702 hospitia
1518 652 1612 690 Vide
1637 662 1766 703 quanta
1804 652 1983 690 securitas.
1998 654 2051 689 Ne
2065 651 2154 702 quid

1160 710 1232 748 illis
1243 724 1351 761 grave
1367 712 1505 749 accidat
1524 712 1616 763 ipsos
1632 713 1839 762 introducit,
1858 722 1891 750 et
1904 713 2053 750 fidenter
2071 727 2152 750 cum

1159 772 1231 808 illis
1248 772 1400 808 victitat.
1421 773 1602 823 Sequenti
1618 783 1747 811 antem
1766 776 1827 811 die
1840 777 1979 812 Petrus
1993 788 2153 827 surgens

1158 834 1354 885 profectus
1369 842 1424 870 est
1443 848 1530 871 cum
1553 835 1647 880 illis,
1666 844 1702 871 et
1718 837 1879 886 quidam
1898 850 1945 872 ex
1953 838 2153 887 fratribus

1162 894 1210 928 ab
1246 893 1369 944 Joppe
1400 897 1574 930 comitati
1601 903 1690 931 sunt
1721 897 1898 933 enmstEA.
1924 897 2068 932 Altera
2085 910 2154 933 αιι-

1163 961 1237 989 tem
1253 953 1316 989 die
1327 956 1555 990 introierant
1573 956 1803 991 Coesaream.
1815 955 1970 1004 Insignis
1988 955 2044 991 vir
2061 965 2150 1002 erat,

1162 1021 1201 1049 ut
1223 1012 1258 1048 in
1273 1013 1404 1064 insigni
1425 1014 1512 1050 urbe
1533 1028 1687 1052 versans.
1704 1016 1824 1061 Quare
1840 1014 1875 1051 in
1890 1015 1952 1051 illo
1971 1015 2090 1052 omnia
2110 1016 2155 1053 si-

1162 1073 1239 1109 mul
1251 1072 1515 1124 dispensantur,
1533 1084 1637 1124 atque
1650 1089 1668 1112 a
1686 1074 1811 1113 Judaea
1830 1089 1885 1112 res
1898 1075 2038 1127 incipit,
2057 1076 2157 1113 velut

1161 1132 1258 1184 quod
1268 1148 1336 1170 non
1350 1134 1554 1183 dormienti,
1563 1135 1625 1172 sed
1636 1135 1815 1185 vigilanti,
1826 1145 1931 1186 atque
1942 1135 2036 1186 quod
2049 1136 2157 1173 inter-

1162 1194 1224 1231 diu
1237 1209 1291 1232 res
1310 1195 1467 1245 accidat,
1485 1196 1576 1233 circa
1596 1210 1725 1234 nonam
1742 1197 1837 1234 enim
1851 1198 1975 1235 horam
1993 1213 2000 1234 ε
2022 1198 2070 1235 ita
2087 1198 2156 1236 sibi

1163 1256 1232 1308 ipsi
1246 1257 1458 1295 attendebat.
1479 1258 1552 1296 Sed
1573 1259 1737 1310 superius
1754 1258 1850 1297 dicta
1871 1270 2082 1311 repetamus.
2107 1261 2157 1297 Et

1164 1318 1266 1354 dixit
1285 1319 1445 1369 angelus
1468 1335 1476 1354 :
1504 1321 1707 1357 Orationes
1740 1328 1813 1357 tuoe
1842 1329 1878 1357 et
1902 1321 2156 1368 eleemosynae

1166 1386 1240 1414 tuce
1269 1380 1527 1416 ascenderunt
1555 1382 1596 1416 in
1622 1384 1848 1418 memoriam
1880 1384 1921 1417 in
1954 1390 2157 1432 conspectu

1166 1440 1252 1475 Dei.
1267 1439 1359 1476 Hine
1379 1440 1499 1492 palam
1520 1450 1594 1490 est,
1618 1441 1783 1491 angelum
1805 1441 1931 1478 emissa
1947 1456 2032 1479 voce
2051 1441 2156 1478 illum

1166 1500 1413 1552 appellavisse,
1441 1511 1546 1552 atque
1566 1502 1613 1539 ita
1640 1502 1732 1540 vidit
1765 1503 1881 1541 illum.
1904 1502 2010 1549 Quod
2030 1502 2059 1539 si
2086 1516 2156 1540 non

1167 1572 1350 1611 vocasset,
1375 1577 1445 1601 non
1483 1566 1605 1614 utique
1635 1563 1782 1601 vidisset
1805 1579 1813 1600 :
1835 1564 1885 1601 ita
1907 1564 2060 1601 intentus
2082 1572 2157 1600 erat

1166 1623 1232 1671 rei,
1252 1639 1359 1674 quam
1379 1625 1518 1676 agebat.
1545 1627 1599 1662 Et
1619 1628 1765 1663 accersi
1781 1626 1986 1671 Simonem,
2006 1628 2072 1677 qui
2094 1638 2156 1662 co-

1166 1689 1418 1737 gnominatur
1432 1688 1583 1724 Petrus.
1600 1687 1746 1725 Interim
1767 1687 1861 1738 quod
1880 1687 1928 1725 ad
1939 1687 2156 1725 utiliaillum

1168 1756 1359 1784 vocaturus
1381 1748 1438 1794 sit,
1457 1747 1627 1797 declarat,
1649 1748 1691 1785 ad
1713 1763 1790 1799 quae
1816 1763 1902 1787 vero
1920 1749 2022 1786 utilia
2038 1778 2049 1799 ,
2068 1762 2156 1785 non-

1169 1808 1270 1846 dum.
1303 1809 1363 1853 Sic
1380 1824 1492 1860 neque
1510 1812 1637 1848 Petrus
1658 1820 1771 1848 totum
1797 1811 1976 1859 declarat3
1996 1811 2056 1849 sed
2075 1812 2156 1848 ubi-

1169 1883 1236 1919 que
1253 1878 1334 1907 sunt
1346 1871 1487 1907 succisae
1502 1870 1730 1917 narrationes,
1738 1880 1778 1908 ut
1791 1871 1972 1909 audientes
1987 1871 2152 1908 excitent.

1168 1930 1228 1967 Sic
1253 1939 1287 1968 et
1321 1931 1532 1982 Philippum
1569 1931 1683 1968 solum
1717 1941 1819 1969 vocat
1846 1932 1881 1968 in
1914 1932 2153 1969 solitudinem.

1167 1991 1358 2028 Ascendit
1376 2001 1504 2029 autem
1518 1993 1658 2029 Petrus
1673 1993 1726 2029 ad
1740 1995 1950 2043 superiora,
1972 2002 2013 2030 nt
2027 2001 2155 2030 oraret

1169 2055 1271 2089 cirea
1312 2054 1449 2090 horam
1476 2061 1640 2090 sertam.
1674 2054 1729 2090 Et
1763 2055 1901 2090 cecidit
1925 2068 2038 2105 super
2069 2068 2155 2090 eum

1169 2116 1306 2151 mentis
1325 2128 1513 2159 excessus,
1537 2122 1573 2151 et
1592 2115 1692 2150 vidit
1720 2128 1793 2152 vas
1824 2116 2020 2166 quoddam
2045 2116 2156 2152 velut

1169 2175 1340 2211 linteum.
1364 2174 1559 2226 Perpende,
1587 2174 1765 2224 quomodo
1789 2189 1901 2225 neque
1919 2176 2028 2212 fames
2043 2176 2157 2227 coegit

1168 2248 1250 2271 eum
1272 2249 1413 2272 currere
1433 2234 1479 2272 ad
1510 2234 1709 2272 sindonem.
1735 2236 1788 2272 Ne
1819 2250 1902 2273 vero
1918 2236 2031 2287 magis
2052 2237 2158 2275 haesi-

1168 2304 1258 2334 taret
1289 2297 1431 2345 Petrus,
1463 2296 1563 2334 audit
1590 2311 1715 2334 vocem
1735 2296 1913 2336 dicentem
1930 2314 1937 2334 :
1958 2299 2122 2350 Surgens
2141 2329 2153 2345 ‚

1170 2357 1288 2395 Petre
1301 2387 1313 2404 ‚
1338 2366 1467 2394 macta
1481 2366 1518 2395 et
1532 2359 1739 2395 manduca.
1770 2359 1875 2396 Forte
1889 2359 1925 2396 in
1942 2373 2056 2410 genua
2076 2375 2157 2412 pro-

1169 2420 1337 2457 cumbens
1367 2418 1460 2456 vidit
1480 2419 1655 2457 visionem
1686 2419 1857 2458 :videtur
1894 2421 1983 2457 mihi
2012 2431 2157 2473 propter

1170 2480 1460 2533 praedicationem
1476 2480 1574 2517 illam
1592 2480 1737 2518 vidisse.
1761 2481 1876 2532 Quod,
1891 2496 1973 2520 vero
1991 2482 2157 2521 divinum

1171 2550 1258 2579 esset
1269 2541 1320 2590 id,
1337 2540 1432 2591 quod
1450 2539 1611 2587 videbat,
1631 2540 1714 2577 hinc
1733 2541 1958 2579 manifestum
1978 2551 2039 2587 est,
2060 2543 2156 2593 quod

1171 2602 1262 2640 illud
1285 2615 1435 2653 superne
1457 2599 1696 2649 descenderet,
1720 2610 1797 2638 tum
1817 2602 1935 2649 etiam,
1959 2602 2053 2651 quod
2079 2603 2156 2654 ipse

1171 2664 1210 2701 in
1223 2677 1367 2702 excessu
1386 2661 1513 2698 mentis
1537 2670 1625 2698 esset
1647 2678 1656 2699 :
1678 2661 1832 2712 itemque
1849 2662 1945 2712 quod
1969 2677 2041 2700 vox
2073 2663 2158 2700 inde

1171 2726 1324 2763 ferretur
1341 2722 1468 2773 ,quod
1488 2720 1580 2759 illud
1597 2730 1649 2758 ter
1667 2721 1778 2770 fieret,
1807 2721 1904 2772 quod
1923 2723 2049 2760 caelum
2071 2737 2156 2774 ape-

1172 2786 1316 2834 riretur,
1335 2782 1431 2834 quod
1452 2781 1543 2819 illud
1558 2780 1640 2818 inde
1658 2781 1808 2829 veniret,
1831 2791 1864 2819 et
1877 2782 1964 2819 illuc
1980 2783 2155 2835 arripere-

1172 2855 1282 2894 retur,
1310 2856 1479 2896 magnum
1505 2851 1578 2880 erat
1604 2841 1777 2879 indicium
1802 2856 1877 2880 rem
1907 2857 1979 2885 esse
2010 2857 2155 2895 prorsus

1171 2907 1343 2946 divinam.

1225 2977 1262 3013 5.
1292 2976 1364 3013 Cur
1381 2988 1465 3013 vero
1484 2973 1534 3010 sic
1552 2986 1606 3010 res
1619 2972 1767 3023 agitur?
1802 2974 1949 3025 Propter
1981 2987 2053 3023 eos,
2074 2974 2155 3024 qui—

1172 3038 1239 3075 bus
1269 3046 1389 3090 postea
1410 3034 1501 3072 illud
1533 3043 1741 3071 narraturus
1765 3043 1838 3071 erat
1856 3048 1958 3071 :nam
1978 3034 2053 3086 ipse
2079 3035 2154 3086 jam

1111 3137 1155 3161 181
1172 3099 1355 3137 audierat:
1375 3099 1423 3134 In
1445 3099 1553 3134 viam
1575 3097 1745 3162 gentium
1766 3109 1812 3131 ne
1831 3097 2012 3132 abieritis.
2035 3094 2081 3132 Et
2111 3109 2154 3132 ne

1121 3175 1145 3203 A
1172 3175 1322 3200 mtrerls.
1356 3160 1394 3198 Sl
1427 3173 1521 3197 enlm
1546 3170 1811 3195 elrcumfflsmne
1838 3166 1872 3194 et
1897 3157 2044 3196 VlCtlma
2065 3172 2153 3211 OPUS

1152 3308 1198 3331 tes
1219 3296 1408 3330 referendas
1425 3302 1494 3327 tota
1512 3295 1629 3337 pagina
1648 3292 1863 3325 exscribenda
1882 3304 1984 3337 esset;
2001 3294 2058 3328 sed
2072 3308 2153 3329 unus

1151 3363 1262 3383 sensus
1276 3348 1396 3392 ubique
1413 3355 1473 3379 est.

1196 3405 1211 3428 b
1229 3403 1321 3435 Unus
1337 3400 1421 3434 Cod.
1442 3403 1527 3435 αὐτὸς
1540 3404 1670 3439 ἤκουσεν,
1689 3400 1733 3430 ὅτι
1751 3403 1797 3435 εἰς.

2167 3109 2279 3137 Matlh.
2305 3117 2354 3137 io.

2167 3150 2198 3179 5
