2466 3805
735 238 775 267 m*
812 238 928 269 ACTA
950 227 1314 268 'APOSTOLORUM.
1352 239 1507 269 nomn..
1546 241 1642 271 xxi.

126 318 331 356 ἀπέστειλαν
362 320 643 371 παρακαλοῦντες
670 319 718 369 μὴ
741 321 886 366 ὀκνῆσαι
906 322 1047 359 διελθεῖν
1075 320 1139 363 ἕως

123 380 246 416 αὐτῶν.
269 378 377 429 εὈρα,
400 380 442 416 δι’
466 379 590 432 ἑτέρων
615 379 792 430 πέμπουσι
813 381 874 418 καὶ
889 383 1064 420 καλοῦσιν.
1095 380 1139 418 ‘O

124 437 159 474 δὲ
178 437 332 475 πείθεται
350 439 408 475 καὶ
429 439 528 486 ἥκει,
558 441 622 490 οὐχ
640 439 737 491 ῧῧριν
757 440 796 478 τὸ
812 447 960 492 πρᾶγμα
979 440 1139 490 νομίζων,

123 498 162 536 τὸ
177 499 364 545 κληθῆναι·
385 499 474 537 οὕτω
495 500 584 551 μέγα
603 504 624 548 ἡ
641 502 753 552 Ολῖψις
774 502 901 553 ἀγαθόν
916 518 923 525 ·
941 506 1041 540 τοῦτο
1059 518 1138 553 συγ-

124 564 240 609 κροτεῖ
268 559 328 602 τὰς
349 561 522 613 ἡμετέρας
547 561 673 612 ψυχάς.
702 563 866 612 Οὐδαμοῧ
891 563 1035 606 κοπετὸς
1056 566 1138 610 ἐκεῖ,

123 619 275 669 οὐδαμοῦ
308 624 440 673 θρῆνος.
481 621 674 664 Λούσαντες
704 622 831 669 αὐτὴν,
865 623 1138 674 φησὶν,ἔθηκαν

124 681 158 716 ἐν
185 680 348 732 ὑπερῴαν
377 682 532 720 τουτέστι
546 711 556 729 ,
573 682 616 720 τὰ
634 682 689 720 ἐπὶ
703 685 813 734 νεκρῷ
831 683 944 721 πάντα
961 683 1138 730 ἐποίησαν.

125 740 290 783 Ἀναστὰς
317 741 352 779 δὲ
383 741 516 793 Πέτρος
548 744 710 787 συνῆλθεν
740 744 865 785 αὐτοῖς.
893 743 961 780 Καὶ
987 742 1138 780 ἀνελθὼν

125 802 171 842 εἰς
192 801 230 838 τὸ
249 804 415 853 ὑπερῷον,
437 803 503 845 θεὶς
517 803 562 840 τὰ
580 801 708 853 γόνατα
725 803 942 855 προσηύξατο
956 832 965 848 ,
983 803 1041 840 καὶ
1059 806 1136 840 ἐπιἦ

125 861 274 912 στρέψας
305 863 388 915 πρὸς
412 863 451 900 τὸ
482 865 584 912 σῶμα
617 857 730 900 εἶπεν·
759 863 927 911 Ταὸηθὰ,
956 864 1136 909 ἀνάστηθι.

125 923 178 959 Οὐ
202 922 314 959 πάντα
335 928 507 974 συγχωρεῖ
526 927 543 960 ὃ
559 924 647 965 Θεὸς
671 922 758 972 μετὰ
776 926 839 968 τῆς
857 926 963 968 αὐτῆς
983 922 1139 966 εὐκολίας
1161 929 1184 959 C

125 981 194 1019 τὰ“
207 989 337 1032 σημεῖα
358 983 572 1034 ἐργάζεσθαι.
594 985 708 1021 Τοῦτο
727 982 762 1020 δὲ
784 982 905 1026 αὐτοὺς
921 983 1058 1034 ὠφέλει.
1082 985 1136 1020 Οὐ

124 1041 192 1094 γὰρ
217 1042 257 1089 δὴ
292 1043 393 1092 μόνον
422 1046 485 1088 τῆς
513 1045 582 1080 τῶν
608 1043 722 1080 ἄλλων
747 1043 923 1094 ἐφρόντιζε
952 1042 1138 1094 σωτηρίας,

125 1102 214 1139 ἀλλὰ
245 1104 304 1140 καὶ
330 1107 392 1149 τῆς
412 1105 535 1141 αὐτῶν.
567 1102 610 1140 ‘O
629 1108 708 1153 γοῦν
726 1106 769 1154 τῇ
787 1109 869 1153 σκιᾷ
884 1102 1066 1145 τοσούτους
1081 1106 1138 1139 θε-

126 1163 304 1213 ραπεύων,
320 1169 376 1201 νῦν
408 1168 561 1201 τοσαῦτα
592 1162 678 1215 πρὸς
717 1164 756 1201 τὸ
783 1163 1013 1209 ἐξαναστῆσαι
1034 1168 1138 1201 ποιεῖ.

122 1221 225 1261 Ἔστι
243 1222 278 1261 δὲ
299 1222 382 1262 ὅπου
401 1223 495 1270 καὶὴ
517 1223 632 1266 πίστις
648 1226 716 1261 τῶν
731 1223 943 1276 προσιόντων
964 1223 1138 1275 συνήργει.

122 1283 262 1329 Ταύτην
290 1278 346 1321 οὖν
372 1284 514 1335 πρώτην
541 1284 664 1336 νεκρὰν
685 1283 860 1331 ἀνίστησι,
884 1286 1000 1323 καλῶν
1018 1284 1053 1328 ἐξ
1067 1283 1140 1322 ὀνό-

125 1360 248 1395 ματος·
280 1345 302 1391 ἣ
333 1345 392 1382 καὶ
419 1344 539 1396 ὥσπερ
567 1345 600 1388 ἐξ
632 1343 738 1382 ὕπνου
766 1348 966 1396 ἐγερθεῖσα,
1003 1348 1139 1396 πρῶτον

126 1405 237 1451 ἤνοιξε
264 1405 341 1449 τοὺς
371 1405 583 1458 ὀφθαλμοὺς,
614 1400 688 1443 εἶτα
720 1406 815 1450 εὐθὺς
845 1408 965 1444 ἰδοῦσα
989 1407 1045 1444 τὸν
1069 1406 1141 1444 Πέ-

126 1482 205 1518 τρον
239 1468 421 1506 ἀνεκάθισε
435 1498 444 1515 ,
476 1467 535 1505 καὶ
556 1468 751 1505 τελευταῖον
772 1467 840 1505 ἀπὸ
865 1471 927 1513 τῆς
945 1467 1060 1520 χειρὸς
1079 1472 1141 1514 τ’ἦς

127 1528 216 1579 ἇφῆς
238 1533 446 1580 στερεοῦται.
483 1527 532 1566 Σὺ
563 1527 600 1565 δέ
635 1544 693 1578 μοι
717 1528 840 1566 σκόπει
869 1529 908 1567 τὸ
927 1529 1045 1581 κέρδος
1063 1532 1138 1572 πῶς

117 1589 231 1635 ,πάλιν
247 1619 256 1636 ,
278 1589 337 1626 καὶ
366 1589 422 1626 τὸν
448 1589 580 1640 καρπὸν
603 1590 640 1626 οὔ
659 1589 745 1641 πρὸς
763 1588 925 1633 ἐπίδειξιν
945 1590 1038 1628 ὄντα.
1074 1589 1142 1627 Διὰ

126 1652 227 1686 τοῦτο
244 1653 322 1699 γοῦν
347 1650 405 1687 καὶ
427 1650 590 1688 &agmen
605 1650 737 1692 πάντας
756 1649 833 1695 ἔξω,
860 1650 918 1688 τὸν
933 1651 1140 1689 διδάσκαλον

126 1712 191 1747 κάν
213 1710 322 1760 τούτῳ
341 1710 563 1760 μιμούμενος.
600 1710 711 1748 ,Ένθα
731 1711 798 1763 γὰρ
818 1710 969 1762 δάκρυα,
990 1716 1140 1750 τοιοῦτον

128 1770 315 1822 μυστήριον
336 1772 372 1807 οὐ
394 1772 443 1808 δεῖ
460 1773 643 1809 τελεῖσθαι·
665 1773 794 1822 μᾶλλον
817 1771 865 1818 δὲ,
876 1771 955 1809 ἔνθα
968 1772 1140 1822 θαύματα,

125 1833 163 1869 οὐ
180 1833 230 1869 δεῖ
249 1832 381 1884 δάκρυα
395 1839 567 1884 παρεῖναι.
589 1832 787 1879 Ἀκούσατε,
806 1835 1016 1885 παρακαλῶ,
1037 1835 1066 1871 εἷ
1082 1833 1142 1871 καὶ

127 1892 175 1941 μὴ
197 1893 347 1930 τοιοῦτόν
372 1909 405 1930 τι
431 1893 583 1944 γίνεται,
605 1894 694 1931 ἀλλὰ
713 1894 772 1931 καὶ
796 1896 829 1931 ἐν
846 1900 917 1937 τοῖς
931 1898 989 1932 νῦν
1011 1901 1143 1946 νεκροῖς

125 1953 215 2003 μέγα
242 1955 390 1991 τελεῖται
412 1954 612 2005 μυστήριον.
636 1954 721 1992 Εἰπὲ
742 1954 781 2000 δή
801 1970 871 2004 μοι,
892 1957 920 1993 εἷ
937 1955 1141 2005 καθημένων

124 2016 224 2063 ἡμῶν
239 2014 391 2065 ἔπεμψεν
406 2018 423 2051 ὁ
441 2014 600 2065 βασιλεύς
618 2031 695 2052 τινα
709 2016 825 2052 καλῶν
842 2017 890 2058 εἷς
909 2016 952 2053 τὰ
969 2016 1140 2066 βασίλεια,

124 2074 255 2111 κλαίειν
284 2074 352 2111 ἔδει
367 2075 426 2112 καὶ
446 2078 603 2126 θρηνεῖν;
628 2075 785 2126 Ἄγγελοι
806 2076 966 2128 πάρεισιν
981 2077 1015 2120 ἒξ
1035 2079 1140 2129 οὖρα-

124 2137 190 2171 νῶν
207 2134 462 2184 ἀπεσταλμένοι
477 2138 634 2173 κάκεῖθεν
651 2136 804 2184 ἥκοντες,
824 2139 906 2187 παρ’
926 2140 1030 2175 αὐτοῦ
1045 2153 1140 2187 πεμ-

125 2194 263 2245 φθέντες
284 2200 343 2232 τοῦ
368 2195 537 2246 βασιλέως
555 2196 613 2233 τὸν
633 2195 813 2234 σύνδουλον
833 2197 979 2235 καλέσαι
997 2198 1055 2236 τὸν
1076 2200 1139 2235 αὖ-

125 2257 193 2291 τῶν
210 2271 216 2278 ·
238 2255 296 2293 καὶ
316 2254 356 2292 σὺ
382 2256 529 2301 κλαίεις,
559 2258 636 2293 Οὐκ
657 2250 749 2299 οἶδας
768 2251 836 2294 οἷον
857 2258 1045 2310 μυστήριόν
1065 2260 1139 2296 ἐστι

125 2317 164 2354 τὸ
179 2316 355 2366 γινόμενον
367 2345 378 2364 ,
412 2319 487 2359 πῶς
511 2317 652 2368 φρικτὸν
668 2319 727 2354 καὶ
743 2317 887 2370 φοίῗερὸν
903 2348 912 2367 ,
942 2319 1002 2356 καὶ
1021 2317 1138 2369 ὕμνων

126 2375 142 2396 ¹’
157 2376 247 2419 ἄξιον
267 2376 371 2419 ὅντως
388 2376 447 2414 καὶ
465 2382 577 2429 χαρᾶς
593 2392 600 2420 ;

178 2569 302 2607 Βούλει
325 2573 458 2619 μαθεῖν,
484 2569 540 2607 ἵνα
564 2572 673 2622 εἰδῇς,
688 2570 742 2609 ὅτι
760 2572 838 2623 οὐχὶ
854 2573 1012 2624 δακρύων
1028 2578 1045 2612 ὃ
1064 2591 1138 2612 και-

127 2630 196 2682 ρός,
216 2632 290 2675 Τῆς
313 2634 372 2668 τοῦ
389 2632 480 2668 Θεοῦ
511 2631 630 2682 σοφίας
659 2631 819 2682 μέγιστόν
842 2635 915 2671 ἐστι
941 2637 1041 2672 τοῦτο
1070 2652 1138 2686 μυ-

124 2689 275 2741 στήριον.
296 2690 517 2742 “sheep-,1029
537 2707 614 2729 τινα
629 2691 739 2730 οἰκίαν
761 2694 899 2744 ἀφιεῖσα
913 2724 922 2741 ,
942 2694 1097 2745 πρόεισιν
1117 2699 1138 2743 ἡ

121 2750 216 2800 ψυχὴ
236 2751 321 2803 πρὸς
348 2751 405 2788 τὸν
427 2753 550 2797 ἑαυτῆς
580 2752 785 2803 ἐπειγομένη
806 2753 1004 2802 Δεσπότην·
1032 2755 1073 2793 σὺ
1105 2757 1140 2795 δὲ

121 2813 272 2857 πενθεῖς;
292 2813 428 2849 Οὐκοῦν
460 2812 519 2849 καὶ
548 2813 749 2863 τικτομένου
783 2818 841 2851 τοῦ
870 2816 1008 2854 παιδίου
1042 2822 1141 2856 τοῦτο

122 2877 230 2909 ποιεῖν
250 2874 373 2924 ἐχρῆν·
396 2872 454 2909 καὶ
474 2872 541 2924 γὰρ
562 2877 662 2911 τοῦτο
680 2873 779 2917 τόκος
799 2875 890 2913 ἐστὶν
911 2876 1040 2915 ἐκείνου
1061 2880 1140 2929 βελ-

123 2930 216 2968 τίων.
241 2933 387 2985 Πρόεισι
405 2933 473 2986 γὰρ
491 2935 543 2985 ἐφ’
565 2933 680 2986 ἕτερον
699 2938 770 2986 φῶς
782 2966 791 2982 ,
812 2936 1002 2976 ἀπολύεται
1021 2937 1138 2990 ὥσπερ

125 2991 193 3028 ἀπὸ
211 2993 445 3047 δεσμωτηρίου
462 2995 569 3042 τινὸς,
588 2998 634 3038 ὡς
660 2997 728 3034 ἀπὸ
750 2999 880 3048 ἀγῶνος
908 2997 1020 3042 ἔξεισι.
1040 3000 1111 3038 Ναὶ

1126 3030 1135 3047 '
1151 3040 1197 3065 17l1

2107 224 2187 270 185

1210 333 1273 357 nec
1286 319 1348 357 illa
1362 330 1500 359 mortua
1515 330 1614 359 esset.
1635 321 1852 359 Audientes
1866 328 1994 358 autem
2011 321 2189 372 discipuli

1209 382 1393 419 miserunt
1428 391 1630 433 rogantes,
1665 396 1711 420 ne
1736 383 1988 433 pigritaretur
2026 384 2190 419 transire

1209 441 1263 476 ad
1283 454 1356 479 eos.
1384 441 1478 479 Vide
1494 472 1505 491 7
1536 456 1600 494 per
1619 442 1705 480 alios
1731 442 1877 479 mittunt
1905 450 1939 479 et
1962 450 2103 479 vocant.
2125 441 2191 479 Ille

1208 516 1290 539 vero
1317 503 1535 555 obtemperat
1557 513 1589 542 et
1620 505 1739 553 venit;
1770 518 1834 542 nec
1861 503 2082 541 contumeliae
2114 503 2191 541 loco

1208 563 1314 600 hahet
1342 564 1438 614 quod
1466 565 1698 603 vocem-:ita
1727 579 1895 617 magnum
1926 573 1977 601 est
2008 564 2192 602 tribulatio

1207 623 1342 660 bonum
1358 654 1367 672 7
1389 625 1484 675 quod
1505 626 1640 663 animas
1667 636 1804 663 nostras
1821 625 1972 677 copulet.
1989 625 2118 663 Nullus
2141 625 2192 662 ibi

1208 683 1325 721 luctus
1341 715 1352 731 7
1375 685 1536 736 planctus
1558 687 1690 724 nullus.
1720 688 1845 736 Quam
1867 700 1954 723 eum
1977 686 2187 732 lavassent,

1206 754 1416 795 posuerunt
1444 749 1484 782 in
1512 748 1736 791 ccenaeuZ07·
1763 746 1803 783 id
1834 755 1884 783 est
1900 776 1911 795 7
1939 746 2056 783 omnia
2081 747 2192 784 fecere

1207 819 1284 854 quae
1306 815 1444 843 mortuo
1469 808 1722 858 competebant.
1749 809 1971 858 Exsztrgens
2001 822 2094 845 vero
2117 810 2192 845 Pe-

1209 873 1313 910 trus,
1336 869 1446 902 venit
1468 880 1555 903 eum
1581 867 1675 904 illis.
1707 869 1761 903 Et
1784 880 1870 903 eum
1896 870 2127 905 ascendisset
2153 871 2193 905 ίη

1208 926 1461 972 coenaculum,
1477 930 1612 977 positis
1629 930 1787 978 genibus
1807 930 1954 973 oravit,
1977 937 2012 965 et
2033 943 2192 965 conver·-

1208 999 1273 1023 sus
1300 987 1354 1022 ad
1390 1000 1525 1037 eorpus
1562 987 1660 1023 dizit
1680 1002 1690 1022 :
1737 989 1771 1024 T
1770 987 1904 1023 abitha
1911 1016 1923 1032 7
1958 1000 2079 1037 surge.
2117 990 2195 1025 Non

1209 1045 1327 1082 omnia
1349 1046 1522 1096 permittit
1543 1048 1639 1084 Deus
1667 1046 1768 1097 signa
1795 1060 1875 1083 cum
1891 1045 2013 1084 eadem
2030 1048 2197 1086 facilitate

1209 1103 1299 1141 fieri.
1321 1104 1396 1142 Hoc
1414 1114 1532 1142 autem
1550 1106 1623 1144 illis
1643 1106 1818 1158 proderat.
1847 1108 1928 1145 Non
1950 1107 2044 1145 enim
2060 1118 2197 1147 tantum

1209 1164 1361 1202 aliorum
1392 1166 1543 1203 salutem
1583 1166 1729 1204 curabat
1747 1196 1758 1216 7
1795 1166 1855 1204 sed
1885 1167 1992 1204 etiam
2023 1168 2193 1220 ipsorum.

1210 1225 1283 1270 Qui
1308 1239 1390 1276 ergo
1420 1226 1548 1263 umbra
1568 1240 1630 1264 sua
1651 1236 1704 1264 tot
1730 1227 1891 1265 homines
1914 1228 2081 1276 curabat,
2105 1244 2198 1267 nunc

1211 1295 1262 1324 tot
1284 1296 1451 1338 tantaque
1466 1288 1547 1325 facit
1565 1288 1612 1326 ad.
1631 1288 1730 1326 illam
1756 1288 1993 1329 excitandam.
2015 1290 2195 1327 Interdum

1211 1348 1317 1385 etiam
1332 1348 1422 1386 fides
1441 1348 1683 1386 accedentium
1701 1350 1967 1401 cooperabatur.
1990 1349 2090 1388 Hanc
2115 1365 2198 1402 ergo

1210 1409 1365 1462 primam
1388 1419 1564 1447 mortuam
1584 1410 1729 1448 suscitat
1741 1440 1752 1460 7
1775 1410 1918 1448 nomine
1944 1424 2098 1449 vocans:
2121 1426 2199 1462 quae

1211 1470 1311 1521 quasi
1339 1484 1384 1507 ex
1418 1485 1540 1508 somno
1568 1472 1811 1523 expergefacta
1828 1501 1838 1520 7
1874 1471 2031 1523 primum
2062 1473 2200 1524 aperuit

1212 1532 1357 1582 oculos7
1399 1531 1528 1569 deinde
1560 1532 1679 1569 statim
1715 1532 1841 1570 videns
1876 1534 2049 1581 Petrum,
2083 1533 2199 1582 sedit,

1212 1593 1429 1643 demumque
1443 1608 1462 1630 a
1481 1602 1575 1631 tactu
1595 1607 1721 1631 manus
1738 1594 1913 1631 firmatur.
1934 1594 1992 1630 Tu
2011 1609 2095 1632 vero
2111 1595 2201 1632 mihi

1211 1654 1353 1691 lucrum
1383 1653 1564 1691 considera
1582 1684 1592 1703 7
1623 1653 1801 1704 quomodo
1833 1654 1962 1691 iterum
1991 1655 2126 1692 fruetus
2156 1655 2203 1692 sit

1212 1728 1282 1751 non
1302 1712 1346 1750 ad
1365 1713 1643 1751 ostentationem.
1677 1713 1761 1750 Ideo
1781 1728 1862 1751 sane
1882 1728 2003 1751 omnes
2026 1715 2119 1752 foras
2138 1715 2201 1766 eji—

1213 1774 1282 1820 cit,
1306 1773 1342 1810 in
1360 1773 1428 1811 hoc
1444 1773 1658 1824 Magistrum
1677 1773 1847 1811 imitatus.
1876 1772 1950 1811 Ubi
1975 1775 2068 1811 enim
2082 1775 2200 1827 lacry-

1213 1848 1279 1871 mae
1310 1842 1391 1871 sunt
1406 1863 1417 1883 7
1451 1847 1520 1871 nou
1541 1842 1678 1885 oportet
1702 1843 1841 1871 tantum
1860 1834 2071 1886 mysterium
2091 1836 2200 1887 perfi-

1214 1894 1244 1932 ci
1267 1909 1278 1943 ;
1313 1894 1384 1931 imo
1423 1894 1486 1931 ubi
1522 1903 1603 1931 suut
1649 1894 1841 1941 miracula,
1885 1908 1954 1932 non
1995 1895 2095 1932 decet
2127 1910 2200 1933 esse

1212 1955 1399 2006 lacrymas.
1418 1954 1560 2003 Audite,
1574 1968 1703 2004 quaeso7
1724 1954 1789 1991 etsi
1806 1968 1874 1991 non
1894 1954 1981 2005 quid
2000 1955 2199 2008 similejam

1212 2016 1275 2053 fiat
1288 2045 1300 2065 7
1321 2025 1438 2053 tamen
1459 2029 1552 2053 nunc
1577 2016 1681 2052 etiam
1707 2015 1743 2052 in
1763 2015 1911 2053 mortuis
1930 2029 2101 2066 magnum
2116 2031 2197 2069 my-

1211 2077 1357 2114 sterium
1389 2076 1585 2128 perficitur.
1622 2075 1690 2113 Dic
1720 2085 1838 2113 autem
1873 2076 1964 2113 mihi
1984 2093 1992 2113 :
2028 2077 2058 2114 si
2091 2077 2197 2118 nobis

2258 2111 2399 2141 Defunet'n

1211 2137 1414 2174 sedentibus
1445 2138 1641 2188 Imperator
1666 2136 1870 2188 quempiam
1901 2137 1939 2174 in
1968 2138 2101 2188 regiam
2132 2153 2196 2177 vo·
2210 2165 2266 2182 00„
2299 2155 2399 2181 admo-

1211 2206 1315 2245 caret,
1339 2211 1382 2234 an
1403 2197 1561 2235 flendum
1576 2206 1609 2234 et
1627 2197 1825 2247 lugendum
1847 2197 1961 2234 esset?
1990 2198 2114 2248 Ange-li
2133 2199 2196 2236 ad·
2210 2196 2279 2242 '³9¹¹'
2294 2195 2397 2231 lugen-

1210 2267 1291 2296 sunt
1318 2257 1362 2295 de
1386 2257 1470 2295 caelo
1499 2257 1598 2295 missi
1615 2287 1627 2306 7
1656 2257 1810 2308 indeque
1828 2258 2008 2296 venientes
2015 2289 2027 2309 7
2051 2259 2097 2296 ab
2119 2259 2196 2312 ipso
2210 2237 2240 2264 ὼ

1210 2322 1305 2372 Rege
1351 2320 1451 2358 missi
1465 2350 1475 2369 7
1514 2330 1553 2358 ut
1600 2335 1812 2360 conservum
1851 2335 1955 2358 suum
1988 2332 2114 2361 vocent
2129 2353 2140 2372 7
2164 2334 2198 2362 et

1210 2392 1249 2420 tu
1283 2382 1437 2435 ploras?
1471 2382 1595 2420 Nescis
1621 2383 1724 2433 quale
1755 2382 1800 2420 sit
1829 2383 2042 2434 mysterium
2078 2384 2193 2434 illud,

1210 2459 1318 2496 quam
1335 2443 1585 2490 horrendum,
1617 2458 1726 2494 quam
1756 2444 2005 2495 tremendum7
2037 2459 2077 2483 ac
2113 2460 2196 2485 vere

1211 2508 1357 2562 hymnis
1384 2509 1585 2560 gaudioque
1613 2509 1796 2562 dignum?

1262 2572 1299 2609 4.
1324 2570 1392 2609 Vis
1410 2570 1544 2607 discere
1558 2570 1626 2607 hoc
1652 2584 1722 2608 non
1749 2585 1824 2609 esse
1848 2580 1986 2624 tempus
2019 2573 2195 2626 lacryma-

1210 2632 1314 2670 rum?
1331 2631 1400 2669 Dei
1419 2631 1598 2682 sapientiae
1610 2631 1809 2669 maximum
1823 2632 1891 2670 hoc
1902 2643 1953 2671 est
1969 2635 2193 2686 mysterium,

1212 2693 1339 2731 Anima
1360 2692 1492 2743 quippe
1521 2705 1584 2730 ceu
1605 2691 1753 2729 domum
1783 2694 1990 2745 quampiam
2014 2695 2193 2746 deserens,

1210 2753 1327 2806 pergit
1344 2753 1390 2791 ad
1407 2753 1604 2790 Dominum
1641 2767 1763 2802 suum;
1783 2763 1823 2792 tu
1839 2769 1925 2793 vero
1959 2755 2087 2807 luges?
2117 2758 2193 2796 Hoc

1210 2828 1293 2866 ergo
1312 2828 1393 2852 eum
1413 2828 1502 2865 puer
1522 2813 1680 2851 nascitur
1692 2815 1805 2852 faeere
1823 2824 2015 2866 oporteret:
2039 2831 2119 2854 nam
2135 2818 2194 2856 hic

1210 2886 1332 2929 partus
1351 2876 1413 2914 illo
1432 2876 1557 2914 melior
1591 2886 1653 2914 est.
1674 2877 1792 2929 Pergit
1811 2877 1906 2915 enim
1924 2879 1971 2916 ad
2004 2879 2112 2917 aliam
2138 2881 2192 2918 lu-

1209 2953 1296 2987 cem,
1318 2937 1469 2976 solvitur
1481 2938 1581 2988 quasi
1595 2952 1639 2975 ex
1654 2938 1806 2976 vinculis
1830 2939 1992 2988 carceris,
2027 2941 2127 2991 quasi
2148 2956 2193 2980 ex

1209 3012 1320 3050 agone
1339 2997 1494 3049 quodam
1513 2998 1703 3049 egreditur.
1737 2998 1868 3047 Etiam,
1906 2999 2058 3050 inquies7
2092 3000 2130 3038 id
2148 3002 2192 3040 de

125 3051 250 3101 φησίν·
279 3053 335 3090 ἐπὶ
364 3053 423 3103 μὲν
443 3058 510 3092 τῶν
534 3056 722 3104 εὐδοκίμων
753 3059 868 3101 καλῶς
886 3062 995 3096 ταῦτα
1015 3059 1137 3111 λε’γεις.
1163 3078 1188 3105 A
1210 3060 1332 3113 probis
1346 3069 1438 3097 recte
1451 3059 1553 3097 dieis.
1576 3059 1621 3096 Et
1649 3058 1738 3109 quid
1770 3060 1837 3096 hoe
1864 3060 1909 3097 ad
1936 3069 1982 3111 te,
2002 3075 2022 3099 0
2055 3062 2192 3100 homo?

127 3111 195 3148 Καὶ
210 3111 243 3148 τί
259 3114 342 3165 πρὸς
367 3115 403 3153 σὲ
415 3145 424 3162 ,
444 3115 618 3166 ἄνθρωπε,
637 3115 678 3154 σὺ
692 3117 760 3169 γὰρ
776 3117 850 3156 οὐδὲ
872 3119 928 3156 ἐπὶ
948 3120 1139 3170 εὐδοκίμων

126 3174 226 3209 τοῦτο
240 3179 358 3216 ποιεῖς.
374 3175 463 3213 Εἰπὲ
481 3175 521 3222 δή
541 3192 599 3226 μοι
613 3207 623 3224 ,
640 3176 674 3214 τί
691 3181 750 3216 τοῦ
765 3178 904 3216 παιδίου
921 3184 1140 3230 καταγνῶναι

172 3363 183 3377 ⁸
202 3352 288 3385 Alius
305 3363 411 3397 σημεῖα
432 3361 553 3390 ἐποίουν.
575 3362 660 3391 τοῦτο
678 3361 719 3391 δέ.

1210 3131 1247 3160 tu
1268 3121 1363 3158 enim
1393 3134 1474 3171 erga
1494 3120 1623 3171 probos
1637 3133 1706 3157 non
1722 3120 1790 3157 hoe
1809 3120 1896 3171 agis.
1911 3121 1981 3159 Dic
1994 3136 2078 3160 vero
2089 3124 2191 3173 mihi,

1211 3181 1300 3233 quid
1318 3181 1353 3219 in
1385 3181 1536 3233 parvulo
1557 3181 1689 3218 infante
1707 3180 2036 3233 reprehendendum
2055 3185 2193 3224 habes?

1240 3364 1254 3386 ¹*
1271 3363 1364 3394 Unus
1376 3361 1459 3394 flod.
1477 3366 1556 3400 ἀξιον
1570 3365 1657 3400 ὅντως
1670 3367 1717 3396 καὶ
1736 3367 1831 3396 atum.

2274 2247 2374 2274 quare-
