2502 3810
729 279 771 310 IN
809 279 950 310 EPIST.

94 360 350 414 Ιβεαρατιπῶματι
370 364 391 408 ἡ
413 360 569 412 σωτηρία
585 366 654 404 τοῖς
673 360 814 406 ἔθνεσιν,
834 360 910 398 οὐδὲ
927 360 966 399 τὸ
988 359 1105 412 παρά-

94 436 219 472 πτωμα
249 424 361 460 αὐτῶν
386 422 531 463 πλοῦτος
559 420 708 471 κόσμου,
730 420 805 458 οὐδὲ
826 421 881 457 διὰ
899 423 999 458 τοῦτο
1018 418 1105 456 ἐσώ·

92 485 197 531 θημεν
220 481 338 528 ἐπειδὴ
364 481 498 529 ἔπεσον,
526 480 615 518 ἀλλὰ
634 480 843 518 τούναντίον.
864 480 934 518 Καὶ
954 478 1105 517 δείκνυσι

92 541 353 593 προηγουμένην
376 541 434 579 καὶ
459 542 522 588 τὴν
552 544 598 584 εἷς
620 540 663 578 τὰ
688 541 766 586 ἔθνη
793 540 968 592 πρόνοιαν,
988 542 1018 577 εἰ
1045 538 1104 576 καὶ

92 601 183 638 δοκεῖ
207 601 332 652 ἑτέρως
353 601 581 653 σχηματίζειν
601 601 645 639 τὰ
664 600 848 653 εἰρημένα·
877 601 936 637 καὶ
963 599 1041 638 ὅλον
1066 599 1106 637 τὸ

91 660 217 712 χωρίον
240 663 282 698 δι’
312 662 513 705 ἀντιθέσεως
543 661 694 712 ὑφαίνει,
726 661 844 699 ἑαυτὸν
873 659 1104 698 ἀπαλλάττων

91 724 152 766 τῆς
170 721 261 759 κατὰ
281 722 343 768 τὴν
361 722 548 773 ἀπέχθειαν
565 722 744 769 ὑπονοίας,
766 722 825 759 καὶ
853 722 1105 772 εὐπαράόεκτον

91 783 197 818 ποιῶν
215 781 272 818 τὸν
291 781 403 832 λόγον.
425 784 562 824 Καλῶς.
575 782 747 833 Ἔπῇνεσε
763 782 802 819 τὸ
818 782 997 833 εἰρημένον
1008 796 1016 804 ·
1033 775 1107 817 εἶτα

92 840 150 879 καὶ
165 841 263 892 <poesi
279 842 383 879 πάλιν
404 841 512 891 λέγων
527 858 535 865 ·
553 844 608 893 Τῇ
626 842 770 894 ἀπιστία
786 842 1053 888 ἐξεκλάσθησαν,
1066 840 1106 878 σὺ

93 901 126 938 δὲ
140 903 182 951 τῇ
204 901 318 939 πίστει
339 902 606 953 ἐνεκεντρίσθης.
623 902 711 940 Ἰδοὺ
725 902 828 939 πάλιν
842 900 978 952 ι’ἕτερον
995 902 1106 938 αὐτῶν

92 962 276 1013 ἐγκώμιον,
291 962 348 1000 καὶ
364 961 501 1000 ἐκείνων
522 962 723 1013 κατηγορία.
744 960 848 999 Ἀλλὰ
867 961 972 998 πάλιν
994 962 1107 998 αὐτῶν

91 1022 320 1060 καταστέλλει
347 1024 386 1061 τὸ
411 1022 555 1073 φύσημα
570 1052 579 1069 ,
615 1022 753 1072 ἐπάγων
785 1021 844 1058 καὶ
878 1020 1005 1072 λέγων·
1043 1020 1104 1066 Μὴ

90 1082 320 1134 ὑψηλοφρόνει
332 1111 341 1128 ,
362 1081 450 1120 ἀλλὰ
468 1083 585 1133 φοέοῧ.
606 1083 658 1119 Οὐ
673 1082 739 1132 γὰρ
755 1081 888 1133 φύσεως
904 1081 942 1118 τὸ
959 1080 1107 1132 πρᾶγμά

90 1142 196 1187 ἐστιν,
213 1141 301 1179 ἀλλὰ
317 1141 465 1183 πίστεως
485 1142 543 1179 καὶ
559 1141 732 1184 ἀπιστίας.
756 1142 825 1179 Καὶ
843 1142 935 1179 δοκεῖ
955 1141 1016 1191 μὲν
1036 1141 1106 1178 ποί-

89 1202 142 1238 λιν
167 1200 399 1251 ἐπιστομίζειν
419 1201 477 1239 τὸν
498 1200 532 1244 ἐξ
550 1203 668 1248 ἐθνῶν,
699 1202 854 1240 διδάσκει
875 1201 910 1239 δὲ
936 1202 993 1239 τὸν
1016 1200 1108 1239 Ἰου-

90 1262 196 1308 δαῖον,
216 1261 268 1298 &n
285 1262 321 1299 οὗ
338 1262 388 1299 δεῖ
409 1265 452 1313 τῇ
468 1265 529 1308 τῆς
545 1261 678 1314 φύσεως
698 1262 880 1315 συγγενείᾳ
901 1262 1084 1314 προσέχειν
1099 1277 1107 1285 ·

89 1320 140 1358 διὸ
159 1321 217 1359 καὶ
232 1321 373 1373 ἐπάγει,
392 1322 454 1368 Μὴ
479 1322 722 1375 ὑψηλοφρόνει.
744 1323 813 1361 Καὶ
833 1324 895 1360 οὐκ
923 1317 1018 1369 εἶπε,
1040 1338 1108 1360 τα-

88 1386 206 1420 πεινοῦ
223 1412 232 1429 ,
254 1383 364 1430 ἀλλὰ,
386 1383 523 1421 Φοὸοῦ·
545 1387 566 1429 ἡ
589 1384 656 1435 γὰρ
680 1384 825 1421 ἀπόνοια
852 1383 1108 1435 καταφρόνησιν

95 1445 232 1494 ἐμποιεῖ
252 1445 310 1482 καὶ
327 1444 511 1497 ῥᾳθυμίαν.
531 1439 621 1482 Εἶτα
642 1444 776 1495 μέλλων
794 1446 1022 1497 ἐκτραγῳδεῖν
1052 1447 1111 1482 αὖ·

95 1507 163 1542 τῶν
178 1505 240 1552 τὴν
257 1505 448 1557 συμφορὰν,
468 1505 556 1543 ὥστε
574 1505 868 1557 ἀνεπαχθέσι-ερον
891 1509 1035 1551 ποιῆσαι
1054 1507 1112 1544 τὸν

95 1565 209 1615 λόγον,
232 1568 266 1602 ἐν
286 1566 379 1609 τάξει
406 1568 468 1611 τῆς
498 1565 583 1617 πρὸς
613 1567 739 1603 ἐκεῖνον
766 1565 1000 1616 ἐπιτιμήσεως
1032 1567 1113 1605 αὐτὸ

95 1625 231 1671 τίθησιν
251 1626 339 1664 οὕτω
351 1626 462 1678 λέγων
478 1643 485 1650 ·
506 1628 549 1664 Ei
571 1627 637 1678 γὰρ
658 1631 675 1664 ὁ
694 1627 782 1670 Θεὸς
806 1630 874 1664 τῶν
896 1626 986 1664 κατὰ
1011 1626 1111 1678 φύσιν

96 1686 231 1723 κλάδων
250 1689 310 1725 οὐκ
328 1687 487 1738 ἐφείσατο
501 1702 508 1709 ·
529 1687 588 1724 καὶ
615 1689 676 1725 οὐκ
695 1681 801 1734 εἶπεν,
820 1687 896 1724 οὐδὲ
918 1690 977 1724 σοῦ
998 1686 1113 1738 φείσε-

95 1761 175 1794 ται,
197 1747 306 1793 ἀλλὰ,
325 1747 384 1793 Μή
405 1763 478 1790 πως
494 1747 569 1785 οὐδὲ
586 1752 645 1786 σοῦ
665 1746 845 1799 φείσηται·
874 1747 1111 1797 ὑποτεμνόμε-

96 1823 151 1850 νος
171 1812 229 1845 τοῦ
248 1809 349 1859 λόγου
375 1808 413 1846 τὸ
440 1808 612 1861 φορτικὸν,
634 1809 691 1846 καὶ
716 1811 822 1847 ποιῶν
850 1807 1032 1858 ἐναγώνιον
1055 1809 1112 1846 τὸν

94 1869 215 1907 πιστὸν
236 1862 341 1917 εἶναι,
358 1869 534 1912 κάκείνους
554 1870 779 1921 ἐφελκόμενος
791 1900 800 1917 ,
822 1869 881 1906 καὶ
900 1868 1037 1913 τούτους
1053 1885 1114 1907 κα-

95 1929 303 1967 ταστέλλων.
321 1930 391 1967 Ἴδε
407 1924 462 1967 οὖν
481 1929 705 1981 χρηστότητα
721 1930 779 1967 καὶ
799 1930 992 1980 ἀποτομίαν
1008 1931 1111 1968 Θεοῦ.

95 1987 179 2026 Ἐπὶ
195 1988 257 2039 μὲν
271 1989 348 2033 τοὺς
363 1989 530 2033 πεσόντας
546 2020 554 2036 ,
578 1990 792 2040 ἀποτομίαν·
812 1990 870 2028 ἐπὶ
891 1991 925 2028 δὲ
947 1990 983 2029 σὲ
997 2021 1008 2038 ,
1024 2006 1113 2043 χρη-

96 2050 265 2097 στότητα,
286 2050 343 2088 ἐὰν
362 2050 539 2101 ἐπιμείνης
557 2054 600 2102 τῇ
620 2050 853 2103 χρηστότητι,
881 2051 955 2089 ἐπεὶ
984 2051 1042 2088 καὶ
1071 2050 1111 2088 σὺ

98 2111 288 2162 ἐκκοπήσῃ.
309 2111 378 2149 Καὶ
392 2115 453 2149 οὐκ
473 2106 580 2158 εἶπεν,
601 2111 651 2149 ἴδε
667 2106 723 2149 οὖν
743 2112 952 2162 κατόρθωμα
972 2112 1041 2157 σὸν,
1063 2112 1112 2149 ἴδε

97 2166 153 2209 οὖν
179 2172 299 2214 πόνους
325 2171 423 2219 σοὺς,
455 2172 544 2210 ἀλλὰ
566 2174 657 2210 Θεοῦ
685 2171 956 2224 φιλανθρωπίαν,
983 2171 1112 2216 δεικνὺς

94 2231 147 2269 ὅτι
163 2232 201 2270 τὸ
216 2239 283 2270 πᾶν
301 2235 363 2278 τῆς
378 2232 519 2285 χάριτος
535 2236 595 2278 τῆς
615 2232 743 2270 ἄνωθεν
764 2232 882 2283 γέγονε
894 2263 904 2280 ,
921 2233 980 2271 καὶ
998 2249 1112 2284 παρα-

97 2293 271 2336 σκευάζων
290 2293 440 2346 τρέμειν.
467 2292 513 2330 ‘H
531 2292 598 2344 γὰρ
617 2292 776 2335 ὑπόθεσις
794 2296 856 2339 τ’ῆς
883 2293 1087 2345 καυχήσεως
1101 2324 1129 2344 ,Β

96 2352 182 2400 αὕτη
213 2369 251 2391 σε
275 2360 368 2391 ποιεῖ
395 2353 595 2391 δεδοικέναι.
624 2353 727 2391 Ἐπεὶ
756 2354 823 2405 γὰρ
849 2355 1001 2406 χρηστὸς
1033 2354 1112 2405 περὶ

95 2413 132 2452 σὲ
152 2414 285 2465 γέγονεν
303 2417 320 2451 ὁ
340 2414 536 2461 Δεσπότης,
556 2413 612 2451 διὰ
628 2417 729 2452 τοῦτο
748 2415 872 2465 9066&-
893 2416 931 2451 οὗ
947 2414 1014 2466 γὰρ
1036 2415 1112 2452 ἀκί-

94 2473 182 2520 νητά
208 2489 261 2511 σοι
287 2474 380 2525 μένει
407 2475 451 2513 τὰ
471 2473 605 2525 ἀγαθὰ,
633 2474 691 2512 ἐὰν
713 2477 886 2526 ῥᾳθυμῇς·
913 2474 1032 2527 ὥσπερ
1055 2470 1112 2513 οὖν

95 2533 170 2572 οὐδὲ
190 2535 328 2578 ἐκείνοις
358 2534 402 2573 τὰ
426 2535 538 2583 κακὰ,
559 2535 616 2573 ἐὰν
639 2535 919 2586 μεταῧάλωνται.
947 2537 1017 2574 Καὶ
1044 2537 1112 2588 γὰρ

95 2594 156 2643 σὺ,
176 2596 291 2646 φησὶν,
311 2595 370 2633 ἐὰν
392 2595 440 2646 μὴ
461 2596 641 2647 ἐπιμείνῃς
670 2599 713 2647 τῇ
743 2595 882 2643 πίστει,
913 2596 1111 2647 ἐκκοπήσῃ·

94 2655 164 2693 Καὶ
197 2659 320 2694 ἐκεῖνοι
345 2656 398 2704 δὲ,
421 2655 478 2694 ἐὰν
503 2655 551 2706 μὴ
573 2658 775 2706 ἐπιμείνωσι
794 2659 837 2707 τῇ
860 2656 1028 2708 ἀπιστία,
1055 2660 1110 2708 ἐγ-

93 2717 411 2768 κεντρισθῆσονται.
442 2718 494 2755 Οὐ
525 2716 591 2768 γὰρ
619 2719 636 2754 ὅ
660 2715 750 2759 Θεὸς
781 2715 903 2760 αὐτοὺς
939 2716 1109 2769 ἐξέκοψεν,

93 2779 170 2816 ἀλλ’
201 2778 296 2816 αὐτοὶ
329 2778 596 2824 ἐξεκλάσθησαν,
622 2776 704 2815 ἔ’καὶ
734 2775 868 2815 ἔπεσον.
899 2777 969 2815 Καὶ
995 2780 1111 2821 καλῶς

93 2832 199 2885 εἶπεν,
228 2838 506 2886 Ἐξεκλάσθησαν
524 2853 531 2860 ·
558 2836 720 2876 οὐδέποτε
748 2837 815 2888 γὰρ
848 2837 955 2882 οὕτως
991 2838 1110 2882 αὐτοὺς

92 2899 252 2947 ἐξεΈαλε,
273 2900 387 2938 καίτοι
407 2899 520 2937 πολλὰ
538 2898 707 2941 πολλάκις
729 2898 988 2951 ἡμαρτηκότας.
1010 2893 1110 2943 Εἶδες

91 2959 169 2997 ὅσον
188 2962 250 3005 τῆς
266 2960 500 3013 προαιρέσεως
525 2959 563 2997 τὸ
589 2963 710 3010 κῦρος
730 2958 822 3005 πόση
843 2962 905 3005 τῆς
925 2958 1066 3011 γνώμης
1087 2963 1108 3006 ἡ

92 3019 245 3067 ἐξουσία,
261 3020 370 3059 Οὐδὲν
389 3020 455 3072 γὰρ
474 3020 603 3058 τούτων
625 3019 799 3066 ἀκίνητον,
819 3019 897 3058 οὔτε
910 3019 949 3058 τὸ
969 3019 1026 3058 σὸν
1047 3036 1109 3058 κα-

91 3080 162 3128 λὸν,
182 3080 260 3118 οὔτε
286 3081 325 3119 τὸ
346 3080 476 3118 ἐκείνου
502 3079 621 3118 κακόν.
653 3073 754 3123 Εἶδες
786 3082 861 3123 πῶς
891 3080 950 3117 καὶ
982 3082 1109 3118 ἐκεῖνον

92 3140 374 3191 ἀπογινώσκοντα
398 3140 583 3187 ἀνέστησε,
613 3139 672 3178 καὶ
693 3144 811 3177 τοῦτον
832 3143 1024 3191 θαρροῦντα
1041 3155 1107 3177 κα-

92 3200 259 3249 τέστειλε,
275 3201 377 3248 Μήτε
392 3201 458 3252 γὰρ
472 3200 512 3238 σὺ
530 3200 725 3250 ἀποτομίαν
746 3200 893 3250 ἀκούων,
914 3200 1107 3251 ἀπαγορεύ-

133 3343 149 3369 b
176 3337 264 3370 Editi
290 3343 389 3381 ἕτερον
417 3343 572 3380 ἐγκώμιον,
598 3337 720 3370 omisso
747 3342 853 3378 αὐτῶν,
871 3349 942 3382 quae
965 3350 1028 3372 vox
1054 3340 1087 3371 in

93 3392 167 3425 libs.
183 3390 398 3423 interseritur.
417 3389 530 3432 [Abest
546 3388 587 3422 ab
602 3390 623 3420 Α
644 3390 655 3432 ]

990 278 1049 308 ΑΒ
1085 277 1173 308 ROM
1185 297 1193 306 .

1233 277 1388 307 HOMIL.
1426 276 1521 307 XIX.

2065 277 2087 325 7
2103 279 2156 326 ¹9

1174 357 1334 405 accessit,
1347 371 1459 407 neque
1477 356 1648 394 delictum
1661 369 1782 395 eorum
1796 357 1931 398 divitiae
1951 367 2032 396 sunt
2052 372 2157 397 mun-

1175 417 1228 467 di,
1250 431 1361 467 neque
1380 417 1458 455 ideo
1484 431 1546 455 nos
1566 418 1697 457 servati
1721 432 1857 466 sumus,
1874 419 1970 469 quod
1992 419 2045 456 illi
2069 419 2158 471 lapsi

1128 491 1151 521 C
1176 478 1245 515 sint
1259 494 1269 527 3
1281 478 1340 515 sed
1350 487 1470 516 contra
1485 479 1639 518 omnino.
1654 482 1767 530 Atque
1777 480 1930 518 ostendit
1943 481 2159 532 praecipuam

1178 552 1259 577 vere
1275 552 1349 576 esse
1364 539 1463 576 illam
1483 553 1564 589 erga
1583 548 1701 589 gentes
1720 540 1981 591 providentiam
1993 572 2002 589 ‚
2020 541 2159 579 etiamsi

1178 611 1217 635 ea
1236 613 1313 649 quae
1328 598 1423 636 dicta
1443 608 1525 636 sunt
1543 599 1642 637 aliud
1659 600 1868 639 adumbrate
1887 601 2084 653 significare
2107 602 2161 640 vi-

1176 657 1347 695 deantur:
1363 667 1545 709 totumque
1572 659 1690 696 locum
1708 674 1772 711 per
1797 661 2027 712 objectionem
2056 662 2159 707 texit,

1179 731 1252 754 sese
1269 717 1315 754 ab
1334 717 1530 755 inimicitiae
1543 718 1743 770 suspicione
1760 720 1929 768 liberans,
1951 731 1984 759 et
2000 731 2160 773 accepta-

1178 779 1286 817 bilem
1307 780 1455 817 rcddens
1472 794 1679 818 sermonem.
1694 783 1756 819 20.
1772 784 1888 820 Bene.
1902 784 2010 830 Quod.
2025 784 2162 822 dictum

1178 849 1228 878 est
1248 840 1368 878 laudat
1387 857 1394 877 :
1412 841 1540 878 deinde
1559 850 1664 878 terret
1689 841 1817 891 denuo,
1837 844 1978 882 dicens:
2004 848 2081 883 Per
2099 849 2160 882 in-

1178 901 1444 938 credulitatem
1461 902 1585 952 fracti
1601 910 1691 938 sunt
1704 919 1719 948 ;
1738 911 1778 939 tzc
1797 917 1891 940 vero
1897 904 1977 954 fide
1997 908 2162 943 insertus

1177 974 1229 997 es.
1245 960 1336 997 Ecce
1351 974 1474 996 rursus
1493 959 1591 996 aliud
1612 961 1797 1010 gentilium
1810 964 2023 1010 encomium,
2047 974 2079 1002 et
2098 967 2163 1004 Ju-

1177 1019 1336 1056 daeorum
1358 1019 1546 1056 accusatio.
1568 1019 1638 1057 Sed
1656 1035 1778 1058 rursus
1795 1022 1939 1059 illorum
1955 1024 2083 1061 fastum
2103 1025 2164 1062 (le-

1178 1078 1314 1130 primit,
1327 1093 1367 1116 ac
1380 1079 1565 1131 subjungit
1576 1081 1680 1117 :Noli
1692 1081 1814 1119 altum
1827 1095 1970 1133 sapere,
1980 1086 2046 1121 sed
2062 1088 2163 1122 time.

1177 1139 1255 1176 Non
1275 1138 1367 1177 enim
1389 1149 1524 1177 naturae
1544 1141 1724 1191 negotium
1740 1150 1803 1190 est,
1823 1142 1883 1180 sed
1903 1142 1986 1180 fidei
2003 1153 2036 1181 et
2055 1144 2165 1183 incre-

1178 1198 1353 1244 dulitatis.
1370 1199 1526 1239 Videtur
1543 1201 1690 1250 quidem
1711 1216 1832 1240 rursus
1850 1204 2026 1242 refrenare
2049 1206 2166 1256 genti—

1178 1259 1272 1310 lem,
1300 1261 1359 1298 sed
1387 1261 1489 1299 docet
1509 1261 1690 1311 Judaeum,
1719 1277 1788 1300 non
1816 1264 2070 1304 attendendum
2095 1281 2169 1304 esse

1180 1321 1332 1358 naturali
1361 1322 1562 1373 cognationi
1581 1339 1588 1359 :
1611 1333 1826 1375 quapropter
1847 1325 2053 1378 subjungit:
2076 1329 2170 1365 Noli

1179 1384 1304 1421 altum
1320 1398 1464 1435 sapere.
1482 1387 1559 1423 Non
1579 1385 1685 1433 dixit,
1704 1386 1863 1424 Humilis
1881 1396 1954 1425 esto
1975 1403 1983 1424 :
2004 1389 2080 1437 sed,
2108 1392 2169 1427 Ti-

1181 1457 1240 1480 me
1253 1459 1263 1479 .·
1278 1457 1360 1481 nam
1372 1446 1572 1496 arrogantia
1590 1454 1805 1483 contemtum
1821 1447 1912 1498 parit
1926 1457 1958 1485 et
1973 1448 2166 1499 ignaviam.

1181 1503 1317 1540 Deinde
1334 1504 1479 1542 illorum
1501 1506 1737 1543 calamitatem
1758 1508 1890 1559 tragice
1904 1509 2168 1561 descripturus,

1181 1573 1220 1601 ut
1239 1565 1460 1603 tolerabilius
1474 1567 1640 1617 loquatur
1652 1598 1661 1614 ,
1677 1582 1716 1605 ac
1731 1569 1759 1606 si
1775 1571 1941 1620 gentilem
1962 1572 2171 1624 increparet,

1181 1625 1249 1662 hoc
1267 1635 1369 1676 pacto
1388 1626 1560 1677 loquitur.
1584 1630 1648 1665 921.
1666 1629 1706 1667 Si
1722 1632 1822 1667 enim
1843 1632 1950 1669 Deus
1973 1634 2172 1670 naturali-

1183 1687 1250 1723 bus
1271 1689 1395 1724 ramis
1428 1701 1504 1725 non
1533 1692 1729 1740 pepercit,·
1748 1704 1810 1728 nec
1833 1691 1989 1742 addidit,
2011 1694 2084 1731 Nec
2105 1694 2171 1732 tibi

1182 1756 1324 1798 parcet:
1347 1747 1420 1797 sed,
1438 1750 1497 1785 Ne
1507 1751 1620 1801 sorte
1644 1764 1712 1787 nec
1740 1754 1809 1788 tibi
1825 1761 1963 1803 pareat
1979 1769 1989 1789 .·
2013 1754 2172 1792 breviter

1183 1815 1418 1845 transvertcns
1435 1807 1473 1845 id
1487 1808 1581 1858 quod
1598 1824 1785 1848 onerosum
1800 1821 1883 1860 erat,
1896 1821 1928 1850 et
1947 1813 2090 1851 fidelem
2111 1824 2170 1852 at-

1179 1875 1316 1904 tentum
1335 1868 1599 1919 sollicitumque
1618 1870 1786 1919 reddens;
1812 1872 1955 1911 Judaeos
1975 1875 2169 1926 attrahens,

1180 1936 1213 1964 et
1237 1928 1383 1978 gentiles
1400 1929 1605 1981 reprimens.
1627 1933 1691 1968 Ἦ.
1717 1933 1812 1969 Vide
1844 1947 1932 1984 ergo
1960 1936 2171 1972 bonitatem

1180 1995 1218 2024 et
1237 1991 1478 2026 severitatem
1497 1991 1574 2027 Dei
1591 2006 1602 2026 .·
1621 1993 1662 2027 in
1676 2004 1738 2029 eos
1762 1993 1930 2043 quidem,
1946 1997 2013 2045 qui
2029 1996 2171 2032 cecide-

1181 2056 1285 2093 runt,
1315 2051 1558 2087 severitatem
1574 2066 1589 2095 ;
1621 2053 1663 2087 in
1695 2059 1731 2088 te
1743 2061 1874 2090 alitem
1893 2055 2118 2104 bonitatem,
2139 2059 2172 2093 si

1182 2104 1370 2147 manseris
1390 2112 1431 2147 in
1447 2112 1620 2148 bonitate
1637 2127 1648 2147 .-
1667 2113 1844 2164 alioquin
1859 2122 1895 2152 et
1916 2123 1956 2151 tu
1971 2118 2170 2155 evcideris.

1182 2170 1261 2206 Non
1286 2168 1406 2207 dixit:
1429 2170 1524 2209 Vide
1541 2168 1651 2222 igitur
1667 2172 1803 2209 bonum
1831 2187 1919 2225 opus
1946 2183 2063 2224 tuum,
2086 2176 2170 2215 vide

1181 2228 1320 2266 labores
1349 2238 1428 2267 tuos
1442 2245 1454 2279 3
1490 2230 1563 2279 sed,
1585 2232 1650 2268 Dei
1681 2231 1953 2283 benignitatem,
1985 2236 2171 2274 ostendens

1182 2296 1295 2327 totum
1316 2303 1361 2327 ex
1383 2304 1533 2342 superna
1552 2292 1665 2342 gratia
1686 2293 1819 2331 factum
1838 2307 1925 2344 esse,
1948 2294 1993 2332 ad
2012 2305 2172 2335 tremen-

1183 2349 1269 2387 dum
1309 2350 1492 2389 inducens.
1526 2352 1586 2390 Ob
1612 2353 1792 2404 jactantiae
1825 2354 1919 2392 enim
1955 2358 2171 2396 occasionem

1184 2410 1308 2449 timere
1324 2411 1442 2450 debes.
1460 2412 1554 2458 Quia
1571 2413 1663 2451 enim
1680 2413 1855 2466 benignus
1874 2430 1955 2467 erga
1972 2426 2006 2455 te
2022 2419 2171 2457 fuitDo—

1184 2472 1314 2520 minus,
1328 2469 1407 2510 ideo
1423 2473 1508 2511 time
1525 2489 1532 2510 ε
1552 2488 1664 2524 neque
1680 2475 1775 2512 enim
1791 2475 1989 2515 immobilia
2006 2479 2070 2516 tibi
2091 2490 2173 2518 sunt

1183 2532 1275 2570 bona
1289 2533 1373 2581 illa,
1393 2533 1423 2571 si
1444 2534 1571 2585 ignave
1591 2543 1624 2572 te
1638 2548 1758 2585 geras,
1775 2545 1820 2573 ut⁴
1835 2551 1897 2575 nec
1916 2538 1988 2576 illis
2007 2540 2098 2578 mala
2111 2571 2123 2591 ,
2143 2541 2172 2578 si

1182 2593 1309 2630 mutati
1321 2594 1464 2631 fuerint.
1486 2595 1578 2631 Nam
1596 2603 1628 2632 et
1650 2604 1700 2642 tn,
1720 2595 1851 2646 inquit,
1869 2597 1937 2635 nisi
1951 2600 2120 2638 manseris
2136 2601 2171 2639 in

1126 2386 1174 2409 650

1182 2655 1266 2704 fide,
1287 2656 1472 2693 excideris.
1492 2658 1556 2694 5⁷25.
1575 2658 1645 2694 Illi
1660 2666 1787 2696 autem
1809 2662 1843 2696 si
1863 2674 1940 2696 non
1956 2666 2171 2701 manserint

1182 2718 1223 2752 in
1247 2717 1531 2765 incredulitate,
1563 2720 1791 2757 inserentur.
1812 2720 1935 2769 Neque
1960 2722 2054 2759 euim
2074 2724 2170 2761 Deus

1181 2775 1261 2812 illos
1280 2775 1428 2825 excidit,
1454 2776 1513 2813 sed
1531 2777 1599 2828 ipsi
1618 2777 1723 2814 fracti
1739 2788 1820 2816 sunt
1840 2789 1873 2816 et
1891 2781 2103 2820 ceciderunt.
2117 2786 2169 2822 Ac

1182 2835 1269 2873 bene
1289 2835 1398 2885 dixit,
1415 2838 1552 2873 Fraeti
1565 2846 1654 2874 sunt
1672 2853 1684 2873 .·
1703 2851 1896 2889 numquam
1912 2841 2003 2878 enim
2025 2842 2072 2880 ita
2088 2844 2169 2881 illos

1181 2896 1294 2947 ejecit,
1316 2896 1380 2933 etsi
1408 2911 1500 2948 saepe
1527 2906 1560 2934 et
1586 2897 1740 2936 multum
1766 2902 2004 2951 peccaverint.
2036 2903 2166 2942 Viden'

1182 2966 1311 3007 quanta
1326 2957 1372 2995 sit
1390 2957 1494 2995 liberi
1514 2958 1650 2995 arbitrii
1666 2959 1841 2997 facultas?
1855 2962 1993 3007 Quanta
2010 2965 2119 3002 animi
2134 2975 2167 3003 ct

1181 3019 1376 3057 voluntatis
1395 3018 1580 3070 potentia?
1599 3019 1699 3057 Nihil
1720 3020 1813 3059 enim
1834 3022 1961 3060 horum
1983 3024 2167 3064 immobile

1181 3088 1245 3125 est,
1279 3093 1341 3116 nec
1369 3079 1501 3116 bonum
1532 3089 1631 3116 tuum
1653 3094 1713 3118 nec
1742 3081 1840 3119 illius
1868 3084 2015 3121 malum.
2035 3085 2164 3124 Viden'

1181 3138 1358 3190 quomodo
1375 3148 1408 3176 et
1432 3139 1537 3176 illum
1559 3139 1802 3192 desperantem
1827 3144 1996 3195 erexerit,
2021 3154 2054 3183 et
2070 3146 2166 3184 bunc

1183 3199 1349 3237 fidentem
1377 3199 1612 3251 represserit?
1636 3201 1756 3252 Neque
1779 3216 1860 3254 ergo
1882 3212 1921 3242 tu
1945 3205 2166 3245 severitatem

1208 3347 1220 3362 a
1235 3335 1349 3370 Codex
1369 3348 1449 3369 unus
1469 3337 1538 3379 [A]
1556 3343 1602 3370 καὶ
1620 3341 1789 3372 ›ratim-202,
