2502 3810
699 248 744 279 IN
779 248 921 279 EPIST.
961 247 1020 278 AD
1056 249 1164 279 ROM.

64 327 124 371 τ’ἤς
143 327 268 377 ἀρετῆς
295 327 530 380 εὐκολωτέραν
557 328 754 381 ἐργάζεται,
785 329 981 380 ἀναγκαίως
998 331 1073 367 λοι-

63 386 126 424 πὸν
146 386 267 436 ἐπάγει
293 386 355 432 τὴν
378 388 579 438 παραίνεσιν
607 388 717 439 λέγων
731 404 738 412 ·
759 392 878 427 οὐκοῦν
907 391 968 427 οὐκ
987 389 1078 441 ὀφεί-

62 447 167 495 λομεν
184 448 244 494 ζῆν
261 447 351 485 κατὰ
371 448 496 499 σάρκα.
514 449 604 487 Ἀλλ’
622 449 712 487 οὕτω
730 449 792 499 μὲν
810 451 872 487 οὐκ
892 443 965 487 εἶπε
978 479 988 496 ,
1003 451 1078 487 ἐπι-

61 505 342 557 πληκτικώτερον
381 507 416 545 δὲ
447 510 566 561 πολλῷ
602 509 661 546 καὶ
693 508 925 562 δυνατώτερον
958 508 1076 555 εἰπὼν,

60 565 233 617 ὀφειλέται
251 566 353 616 ἐσμὲν
373 570 422 619 τῷ
442 568 624 618 Πνεύματι
639 584 646 592 ·
662 569 701 606 τὸ
713 569 779 621 γὰρ
794 571 914 615 εἰπεῖν,
934 568 987 605 ὅτι
1000 570 1076 606 Οὐκ

61 624 164 673 ἐσμὲν
179 626 351 677 ὀφειλέται
365 631 407 677 τῇ
425 628 549 679 σαρκὶ,
566 634 666 666 τοῦτο
682 629 846 675 ἐδήλωσε.
861 628 930 666 Καὶ
945 643 1076 666 παντα-

60 689 123 736 χοῦ
142 689 243 724 τοῦτο
261 688 530 733 κατασκευάζει,
548 688 679 731 δεικνὺς
692 688 745 727 ὅτι
759 688 802 726 τὰ
819 688 880 738 μὲν
902 688 998 739 παρὰ
1017 692 1076 726 τοῦ
1094 700 1119 728 Ε

61 747 153 783 Θεοῦ
188 748 236 790 εἷς
269 751 361 798 ἡμᾶς
389 748 602 799 γεγενημένα
640 751 703 787 οὔκ
736 751 875 800 ὀφειλῆς
903 743 957 795 ἦν,
987 749 1077 786 ἀλλὰ

7 817 11 819 ’
62 808 194 856 γυμνῆς
213 807 369 860 χάριτος·
387 807 431 845 τὰ
451 808 486 846 δὲ
505 810 588 859 παρ’
607 812 707 858 ἡμῶν
735 809 822 858 μετὰ
843 812 954 846 ταῦτα
978 809 1075 859 γινό-

64 882 168 916 μενα,
187 867 300 905 οὐκέτι
314 868 513 919 φιλοτιμίας
525 897 534 914 ,
556 869 632 905 ἀλλ’
653 869 803 919 ὀφειλῆς.
821 868 890 905 Καὶ
909 868 977 919 γὰρ
996 869 1074 905 ὅταν

2032 233 2125 280 635

1149 331 1248 380 quasi
1267 331 1333 369 alis
1354 331 1486 370 additis
1517 331 1675 380 extollat,
1691 343 1732 367 ac
1753 329 1897 368 virtutis
1923 329 2020 368 viam
2038 330 2126 367 faci-

1147 390 1271 428 liorem
1300 391 1439 442 reddat‚
1459 391 1653 430 necessario
1677 390 1824 428 demum
1849 389 2125 427 admonitionem

1148 449 1286 488 inducit
1318 451 1437 490 dicens
1458 467 1466 488 ε
1496 452 1593 502 Ergo
1624 464 1693 488 non
1729 449 1899 487 debemus
1932 449 2126 487 secundum

1148 524 1288 549 carnem
1302 512 1434 551 vivere.
1452 516 1497 551 At
1514 527 1584 551 non
1602 513 1650 549 ita
1668 511 1785 561 dixit;
1802 511 1863 549 sed
1878 511 1994 548 acrius
2010 519 2043 548 et
2064 525 2127 548 va-

1146 572 1254 610 lidius
1281 574 1457 624 loquitur‚
1484 575 1667 613 Debitores
1686 588 1809 611 sumus
1832 573 1985 625 Spiritui
2010 589 2018 609 :
2043 587 2126 610 nam

1145 646 1227 670 cum
1246 634 1305 682 ait,
1329 636 1419 672 Non
1435 636 1622 673 debitores
1638 647 1767 671 sumus
1787 636 1909 680 carni,
1933 633 2000 671 1106
2016 632 2125 683 signi-

1146 693 1280 732 ficavit.
1308 696 1421 744 Atque
1442 694 1599 746 idipsum
1618 693 1749 742 ubique
1772 693 1915 744 probat,
1941 692 2126 730 ostendens

1146 764 1198 798 ea,
1220 765 1299 801 quae
1316 753 1412 789 Deus
1434 752 1536 789 nobis
1565 751 1725 798 contulit,
1744 764 1814 787 non
1845 750 1979 800 debita,
2007 749 2067 788 sed
2081 764 2127 787 ex

1145 824 1242 848 mera
1262 812 1375 862 gratia
1400 812 1507 849 fuisse
1527 827 1535 847 τ
1556 825 1634 861 quae
1655 824 1739 848 vero
1752 824 1770 847 a
1792 810 1893 848 nobis
1924 820 2043 862 postea
2067 812 2125 848 fa—

1147 881 1201 910 cta
1219 882 1312 921 sunt,
1328 887 1396 911 non
1416 874 1610 910 liberaliter
1623 872 1716 919 dari,
1732 872 1795 909 sed
1813 872 1930 910 debita
1953 888 2037 911 csse.
2054 873 2125 910 Et-

1203 249 1357 282 HOMlL.
1396 252 1491 282 XIV.

0 1063 10 1068 ·
59 1048 140 1093 τῶν,
160 1048 200 1084 τὸ
216 1049 298 1085 αὒτὸ
317 1052 416 1086 τοῦτο
432 1049 544 1093 δηλοῖ.
565 1047 634 1085 Καὶ
652 1047 793 1097 ἑτέρωθι
822 1045 857 1084 δὲ
884 1047 989 1084 πάλιν
1007 1049 1075 1084 τῶν

61 926 169 978 λέγῃ·
191 929 222 965 Τ
227 932 308 977 ιμῆς
325 928 561 985 ἠγοράσθητε,
586 927 634 977 μὴ
651 927 783 978 γίνεσθε
811 928 923 964 δοῦλοι
943 927 1077 977 ἀνθρώ·
1147 932 1241 970 enim
1259 946 1339 970 cum
1365 932 1454 971 dicit
1475 935 1631 972 :Pretio
1651 935 1743 971 emti
1767 935 1869 978 estis,
1894 934 2013 970 nolite
2031 933 2127 984 fieri
2145 951 2169 970 ι.
2195 942 2264 971 cor.
2294 955 2322 983 7.

1144 995 1245 1030 servi
1260 994 1471 1042 hominum,
1486 993 1642 1044 idipsum
1661 992 1838 1042 significat
1861 1007 1868 1028 τ
1888 1001 1921 1028 et
1941 1007 2021 1030 cum
2044 993 2128 1030 scri-
2141 983 2192 1013 ²3·

1143 1051 1212 1099 bit,
1240 1053 1331 1089 Non
1361 1055 1452 1090 estis
1485 1054 1620 1099 vestri,
1658 1051 1725 1089 hoc
1756 1051 1875 1102 ipsum
1903 1051 2050 1090 indicat.
2082 1053 2128 1090 Et
2142 1069 2260 1099 lhid 6⁴
2278 1077 2312 1107 ,9

1145 1113 1233 1151 alibi
1251 1128 1394 1152 rursum
1413 1114 1488 1152 haec
1503 1123 1754 1153 commemorat
1777 1114 1834 1151 his
1854 1114 1974 1152 verbis
1991 1129 1998 1150 ε
2021 1116 2126 1165 Quo-
2142 1140 2170 1159 2,
2190 1131 2259 1158 cor,
2273 1130 2303 1158 5.

1149 1177 1254 1212 niam
1269 1178 1303 1213 si
1322 1189 1420 1213 unus
1437 1189 1507 1226 pro
1536 1177 1712 1213 omnibus
1740 1183 1911 1213 mortuus
1940 1184 2009 1223 est,
2040 1190 2128 1228 ergo
2146 1175 2191 1211 ¹4·
2227 1172 2272 1201 ¹5·

1148 1250 1278 1275 omnes
1308 1239 1451 1274 mortni
1477 1246 1594 1275 sunt.-
1613 1245 1649 1275 et
1661 1250 1731 1288 pro
1759 1238 1934 1274 omnibus
1959 1246 2129 1276 mortuus

467 1342 485 1349 Ν
743 1342 762 1350 Ν
1148 1308 1217 1346 est,
1238 1307 1280 1337 ut
1293 1307 1329 1336 et
1341 1301 1411 1349 qui
1427 1302 1583 1349 vivunt,
1593 1301 1681 1351 jam
1698 1313 1777 1336 non
1791 1300 1861 1335 sibi
1884 1301 2038 1337 vivant.
2054 1299 2130 1337 Hoc

60 1346 260 1398 Ὄφῑῑλέταῑ
290 1347 406 1398 ἐσμέν·
438 1349 546 1396 Εἶτα,
580 1348 699 1394 ἐπειδὴ
732 1352 838 1396 Εἶπεν,
867 1351 945 1387 Οὐκ
972 1349 1075 1400 ἐσμὲν
1086 1386 1131 1409 575
1150 1361 1267 1413 ipsum
1289 1361 1346 1399 hic
1371 1361 1556 1400 adstmens
1581 1361 1644 1412 ait,
1671 1363 1874 1398 Debitores
1898 1375 2042 1399 sumus.
2060 1363 2132 1399 De-

61 1406 235 1456 &qadim
252 1411 294 1458 τῇ
315 1408 436 1461 σαρκὶν
455 1408 511 1446 ἵνα
536 1408 584 1459 μὴ
614 1408 659 1446 τὰ
692 1408 862 1459 λεγόμενα
893 1410 996 1447 πάλιν
1029 1413 1076 1455 εἷς
1098 1423 1124 1451 A
1149 1421 1232 1459 inde
1251 1436 1332 1459 cum
1348 1421 1512 1473 dixisset,
1535 1423 1624 1460 Non
1639 1432 1781 1459 sumus·
1799 1423 1987 1459 debitores
2003 1424 2126 1466 carni,

61 1466 124 1513 τὴν
140 1471 202 1513 τῆς
224 1469 348 1520 σαρκὸς
363 1469 483 1512 λάέοῑς
498 1469 612 1521 φύσιν)
627 1472 687 1508 Οὐκ
702 1469 873 1521 ἐσίγησεν)
893 1472 970 1509 ἀλλ’
990 1472 1077 1518 5m3-
1150 1497 1192 1520 ne
1202 1483 1269 1521 hoc
1284 1483 1328 1521 de
1338 1483 1453 1521 carnis
1469 1492 1595 1521 natura
1607 1482 1832 1533 intelligeres,
1848 1496 1915 1519 non
1931 1481 2054 1528 tacuit,
2069 1481 2130 1519 sed

1149 1543 1279 1595 adjecit
1304 1560 1312 1580 z
1341 1546 1392 1582 Ut
1406 1545 1616 1581 secundum
1643 1557 1800 1581 carnem
1825 1545 2019 1580 vivamus.
2039 1543 2132 1579 Nam

1150 1604 1266 1641 multa
1278 1603 1345 1655 ipsi
1360 1603 1592 1651 debemus‚ut
1605 1603 1699 1640 alere
1711 1603 1824 1649 illam,
1836 1603 1966 1650 fovere,
1975 1602 2132 1651 quietem

1149 1665 1393 1717 dare‚‘aegram
1404 1678 1542 1713 curare,
1556 1664 1715 1712 induere,
1727 1673 1760 1701 et
1775 1664 1843 1700 alia
1861 1664 2044 1701 innumera
2061 1663 2131 1714 ipsi

1151 1727 1433 1765 subministrare.
1456 1727 1510 1764 Ne
1528 1735 1670 1778 putares
1695 1737 1777 1775 ergo
1797 1724 1901 1761 illum
1921 1723 2131 1774 hujusmodi

1150 1787 1386 1826 ministerium
1398 1787 1533 1836 tollere,
1549 1795 1737 1838 postquam
1748 1784 1903 1835 dixerat,
1920 1786 2011 1822 Non
2025 1785 2131 1821 debi-

1151 1857 1249 1886 tores
1269 1861 1399 1886 sumus
1426 1849 1550 1894 carni,
1579 1845 1617 1883 id
1635 1848 1890 1897 interpretatur
1914 1844 2058 1883 dicens:
2081 1846 2132 1883 Ut

1148 1909 1359 1946 secundum
1374 1921 1530 1946 carnem
1546 1910 1738 1945 vivamus.
1753 1906 1857 1943 Illam
1873 1905 1979 1954 enim,
1997 1905 2128 1954 inquit,

1149 1983 1271 2007 curam
1295 1969 1396 2019 tollo,
1419 1982 1496 2019 quae
1515 1967 1561 2005 ad
1584 1975 1771 2020 peccatum
1804 1965 1924 2015 ducit;
1954 1979 2036 2003 nam
2052 1980 2130 2015 quae

61 2013 228 2063 βούλομαι
241 2013 395 2064 γίνεσθαι
408 2030 415 2037 ’
429 2014 513 2066 ὅπερ
533 2014 592 2051 καὶ
609 2013 738 2066 προϊὼν
753 2015 937 2061 ἐδήλωσεν·
953 2014 1077 2052 Εἰπὼν
1102 2025 1125 2054 Β
1149 2031 1194 2069 ad
1210 2031 1308 2069 illius
1327 2045 1448 2068 curam
1467 2030 1644 2082 pertinent
1662 2029 1739 2066 fieri
1766 2028 1849 2067 volo
1868 2043 1875 2064 ε
1906 2027 2002 2079 quod
2021 2027 2129 2065 etiam

60 2073 127 2125 γὰρ
145 2076 207 2118 Τῆς
227 2074 351 2125 σαρκὸς
369 2074 416 2124 μὴ
434 2079 608 2112 ποῑὶἷσθαῑ
632 2075 806 2126 πρόνοιαν,
824 2076 885 2113 Οὐχ
905 2075 1078 2127 ἐσίγησεν,
1148 2101 1268 2145 postea
1287 2091 1516 2143 significavit.
1534 2091 1626 2128 Cum
1643 2088 1793 2126 dixisset
1812 2088 1907 2126 enim
1926 2088 2041 2125 carnis
2062 2102 2129 2125 cu-

62 2136 137 2171 ἀλλ,
160 2134 345 2185 ἐπή”(α“ίεν’
361 2136 423 2178 Εἰς
443 2134 646 2185 ἐπιθυμίας’
665 2135 682 2174 ὃ
699 2135 739 2181 δὴ
760 2135 818 2173 καὶ
835 2137 981 2173 ἐνταῦθα
996 2151 1080 2173 παι·
1147 2168 1223 2192 ram
1242 2168 1312 2191 non
1332 2152 1534 2190 habendam
1558 2165 1646 2200 esse,
1667 2164 1737 2188 non
1767 2149 1880 2199 siluit,
1903 2149 1966 2187 sed
1984 2149 2129 2201 adjecit,

1146 2215 1218 2253 Ad
1227 2215 1555 2265 concupiscentias
1572 2227 1583 2247 .·
1599 2210 1695 2261 quod
1707 2210 1766 2247 hic
1785 2210 1891 2247 etiam
1908 2209 2010 2247 docet
2032 2225 2039 2245 :
2058 2210 2131 2246 Cu—

62 1003 149 1034 πων,
164 991 262 1026 τοῦτο
277 988 479 1026 αἰνίττεται·
495 987 553 1025 καὶ
568 987 649 1026 ὅταν
663 987 778 1039 γράφῃ
791 1015 800 1029 ‚
817 989 892 1024 Οὐκ
907 986 983 1024 ἐστὲ
997 989 1079 1024 ἑαυ-

61 1108 172 1144 αὖτῶν
191 1108 449 1157 ἀναμιμνήσκει
473 1107 614 1155 τούτων,
635 1107 724 1145 οὕτω
751 1106 874 1158 λέγων,
891 1106 944 1144 ὅτι
958 1109 1004 1145 Εἰ
1029 1102 1076 1151 εἷς

60 1165 149 1218 ὑπὲρ
170 1166 308 1204 πάντων
330 1166 512 1215 ἀπέθανεν,
527 1167 594 1217 ἄρα
610 1170 640 1205 οἱ
660 1167 787 1210 πάντες
806 1166 976 1205 ἀπέθανον
991 1182 998 1190 ·
1017 1167 1076 1205 καὶ

61 1225 146 1277 ὑπὲρ
165 1226 303 1264 πάντων
333 1226 514 1274 ἀπέθανεν,
533 1226 589 1264 ἵνα
608 1229 638 1264 οἱ
655 1229 777 1271 ζῶντες
800 1227 925 1277 μηκέτι
946 1231 1077 1271 ἑαυτοῖς

61 1288 156 1330 ζῶσι.
175 1289 288 1326 Τοῦτο
319 1287 360 1333 δὴ
395 1288 454 1326 καὶ
484 1289 631 1327 ἐνταῦθα
662 1287 929 1332 κατασκευάζων
960 1289 1076 1341 φησὶν,

60 1543 146 1579 γαγε
157 1543 164 1551 ·
183 1530 255 1566 Τοῦ
271 1529 361 1566 κατὰ
378 1529 490 1581 σάρκα
504 1532 575 1581 ζῇν.
591 1530 660 1567 Καὶ
675 1529 742 1581 γὰρ
758 1530 871 1568 πολλὰ
886 1533 971 1581 αὐτῇ
989 1531 1079 1582 ὀφεί-

61 1589 182 1638 λομεν,
204 1589 243 1627 τὸ
266 1590 401 1640 τρέφειν
425 1589 542 1637 αὐτὴν,
560 1590 599 1628 τὸ
619 1590 761 1628 θάλπειν
775 1621 783 1637 ,
814 1590 853 1628 τὸ
874 1591 1078 1640 ἀναπαύειν,

62 1648 101 1685 τὸ
129 1649 328 1700 θεραπεύειν
356 1655 533 1698 νοσοῦσαν,
555 1649 593 1687 τὸ
624 1651 861 1701 περιὸάλλειν,
881 1651 941 1689 καὶ
974 1651 1079 1704 μυρία

62 1709 162 1760 ἔτερα
181 1711 401 1761 λειτουργεῖν.
420 1710 486 1748 Ἵν’
514 1705 570 1748 οῧν
600 1710 648 1760 μὴ
678 1710 841 1762 νομίσῃς,
864 1711 916 1749 ὅτι
948 1712 1078 1759 ταύτην

62 1774 194 1823 ἀναιρεῖ
221 1771 283 1818 τὴν
316 1772 503 1819 διακονίαν,
524 1772 642 1819 εἰπὼν,
664 1775 740 1810 Οὐκ
771 1772 873 1822 ἐσμὲν
905 1772 1080 1824 ὀφειλέται

60 1835 103 1882 τῇ
137 1832 257 1883 σαρκὶ,
293 1831 475 1883 ἑρμηνεύει
492 1832 573 1870 αὐτὸ
599 1833 708 1883 λέγων
723 1848 730 1855 ·
752 1835 825 1872 Τοῦ
846 1832 937 1871 κατὰ
965 1832 1079 1885 σάρκα

60 1895 133 1943 ζῇν.
155 1892 316 1939 Ἐκείνην
345 1893 411 1945 γὰρ
438 1895 569 1945 ἀναιρεῖ)
595 1893 658 1940 τὴν
694 1895 859 1941 σπουδὴν,
880 1894 987 1946 φησὶ,
1015 1894 1078 1941 τὴν

60 1954 117 1992 ἐπὶ
137 1953 309 2006 ἁμαρτίαν
338 1954 500 2002 ἄγουσαν,
516 1957 563 1996 ὡς
586 1953 630 1991 τά
647 1970 686 2005 γε
718 1954 952 2006 θεραπεύοντα
974 1954 1079 2002 αὐτὴν

60 2195 150 2232 δεύει
182 2193 304 2245 λέγων,
333 2194 385 2232 ὅτι
403 2195 668 2247 ἶ’θεραπευέσθω
689 2195 773 2245 μέν·
801 2195 982 2247 ὀφείλομεν
1010 2195 1078 2248 γὰρ

59 2259 145 2307 αὐτῇ
166 2260 266 2294 τοῦτο
277 2272 284 2279 ·
310 2255 358 2305 μὴ
377 2255 493 2306 μέντοι
509 2255 600 2293 κατὰ
615 2255 728 2307 σάρκα
747 2258 860 2306 ζῶμεν
875 2271 882 2279 ·
897 2255 1073 2302 τουτέστι,

59 2317 107 2368 μὴ
127 2320 280 2368 ποιῶμεν
302 2316 408 2363 αὐτὴν
438 2315 559 2366 κυρίαν
581 2319 643 2362 τῆς
672 2319 761 2362 ζωῆς
792 2320 855 2362 τ’ῆς
885 2316 1072 2369 ἡμετέρας.

55 2376 230 2415 “Effectum
251 2377 319 2428 γὰρ
339 2376 446 2423 αὐτὴν
473 2378 671 2424 ἀναγκαῖον,
699 2378 765 2429 οὐχ
792 2381 974 2429 ἡγεῖσθαι,
998 2376 1075 2415 οὐδὲ

57 2436 161 2483 αὐτὴν
183 2437 354 2488 ῥυθμίζειν
383 2436 440 2474 τὸν
472 2436 544 2488 βίον
569 2436 628 2474 τὸν
655 2437 839 2490 ἡμέτερον,
873 2436 964 2475 ἀλλὰ
996 2437 1076 2482 τοὺς

56 2500 116 2534 τοῦ
135 2497 340 2547 Πνεύματος
358 2496 520 2548 δέχεσθαι
542 2496 678 2548 νόμους.
705 2500 817 2537 Τοῦτο
837 2497 949 2535 τοίνυν
970 2499 1077 2550 διορι-

58 2556 222 2607 σάμενος,
252 2557 311 2594 καὶ
346 2558 634 2604 κατασκευάσας,
674 2558 727 2596 ὅτι
760 2558 936 2611 ὀφειλέται
968 2558 1072 2608 ἐσμὲν

58 2620 106 2669 τῷ
128 2617 330 2667 Πνεύματι,
350 2611 423 2654 εἶτα
448 2617 580 2660 δεικνὺς
608 2617 710 2656 τίνων
732 2618 906 2670 ὀφειλέται
933 2620 1073 2669 εὐεργε-

1146 2284 1244 2313 retur
1263 2274 1425 2325 quidem,
1446 2273 1513 2311 hoc
1533 2271 1589 2309 illi
1618 2270 1801 2317 debemus,
1825 2269 1886 2308 sed
1913 2283 1984 2307 non
2008 2283 2130 2307 sccun-

1145 2337 1234 2375 dum
1250 2349 1391 2374 carnem
1409 2334 1576 2374 vivamus
1583 2348 1594 2382 ;
1619 2332 1688 2369 hoo
1706 2341 1768 2379 est,
1785 2332 1838 2369 Ne
1863 2330 1918 2368 illi
1938 2330 2135 2383 imperium-

1145 2397 1182 2435 in
1200 2397 1313 2437 vitam
1330 2404 1486 2434 nostram
1511 2394 1723 2432 deferamus.
1742 2392 1847 2429 Illam
1875 2391 1973 2442 sequi
1992 2405 2135 2428 necesse

1145 2467 1210 2509 est,
1231 2472 1302 2496 non
1332 2457 1468 2510 praeire,
1488 2469 1603 2506 neque
1627 2454 1739 2493 vitam
1767 2463 1924 2491 nostram
1952 2452 2129 2500 ordinare,

1145 2519 1208 2558 sed
1223 2518 1381 2571 Spiritus
1400 2517 1494 2568 leges
1510 2514 1678 2566 accipere.
1700 2514 1776 2551 Hoc
1795 2527 1877 2551 cum
1892 2512 2126 2561 definivisset‚

1144 2589 1178 2617 et
1191 2579 1373 2632 probasset
1387 2591 1450 2615 nos
1462 2575 1639 2614 debitores
1653 2588 1726 2611 esse
1742 2573 1909 2625 Spiritui,
1932 2573 1995 2610 ubi
2010 2582 2130 2611 osten-

1143 2641 1197 2679 dit
1212 2655 1364 2691 quorum
1381 2637 1637 2677 beneficiorum
1665 2634 1842 2672 debitores
1870 2648 2036 2680 essemus,
2056 2648 2126 2671 non

58 2681 154 2724 ouh,
174 2680 211 2715 Οὐ
239 2678 281 2715 τὰ
300 2677 515 2730 παρελθόντα
539 2677 651 2728 λέγει’
672 2680 722 2729 ἐφ’
742 2682 770 2730 ᾧ
789 2677 942 2728 μάλιστα
971 2677 1071 2716 αὐτόν
1097 2685 1120 2715 C
1147 2703 1216 2739 ‘am
1243 2699 1421 2752 praeterita
1440 2697 1542 2743 dicit,
1569 2695 1632 2732 ubi
1659 2694 1814 2731 maxime
1833 2694 1908 2744 ejus
1937 2693 2126 2744 prudentia

58 2742 149 2777 ἐστιν
177 2741 394 2789 ἐκπλαγῆναι
423 2742 485 2785 τῆς
516 2738 699 2787 συνέσεως,
717 2738 807 2776 ἀλλὰ
825 2739 868 2776 τὰ
889 2738 1071 2788 μέλλοντα.

57 2799 180 2838 Καίτοι
199 2815 238 2850 γε
258 2799 360 2837 ἱκανὰ
378 2793 419 2844 ἦν
448 2802 612 2837 κάκεῖνα·
637 2800 713 2837 ἀλλ’
742 2799 837 2848 ὅμως
868 2802 905 2836 οὐ
936 2798 1071 2844 τίθησιν

58 2860 146 2898 αὐτὰ
162 2865 231 2907 νῦν,
248 2860 324 2898 οὐδὲ
340 2859 431 2911 λέγει
448 2860 508 2903 τὰς
525 2859 720 2911 εὐεργεσίας
734 2858 804 2903 τὰς.
815 2859 967 2911 ἀφάτους
986 2859 1073 2897 ἐκεί-

57 2948 135 2979 νας,
157 2931 244 2968 ἀλλὰ
267 2930 309 2968 τὰ
334 2930 516 2980 μέλλοντα.
537 2930 629 2969 Οὐδὲ
644 2929 711 2983 γὰρ
727 2929 835 2973 οὕτως
858 2929 950 2973 ἅπαξ
972 2933 994 2976 ἡ
1015 2929 1073 2966 δο-

56 3000 151 3036 θεῖσα
168 2996 365 3048 εὖεργεσία,
390 3000 437 3039 ὡς
457 2999 478 3042 ἡ
495 2995 766 3048 προσδοκωμένη
786 2995 845 3033 καὶ
872 2995 1043 3045 μέλλουσα
1062 3024 1071 3042 ,

56 3064 244 3114 ἐπάγεσθαι
262 3062 338 3106 τοὺς
364 3062 510 3105 πολλοὺς
539 3062 646 3100 εἴωθε.
669 3062 740 3100 Καὶ
762 3067 862 3101 τοῦτο
878 3061 1073 3114 προσθέμε-

57 3147 128 3178 νος,
147 3130 310 3181 πρότερον
342 3128 410 3167 ἀπὸ
438 3132 505 3167 τῶν
527 3131 692 3180 λυπηρῶν
717 3129 815 3181 φοὸεῖ
835 3128 894 3166 καὶ
918 3131 985 3165 τῶν
1009 3143 1072 3164 κα-

59 3199 128 3234 κῶν
147 3199 214 3233 τῶν
244 3195 431 3246 γινομένων
464 3196 503 3232 ἐκ
534 3198 593 3232 τοῧ
627 3194 717 3233 κατὰ
746 3194 859 3246 σάρκα
889 3195 962 3245 ζῇν,
982 3191 1071 3229 οὕτω

57 3266 165 3316 λέγων
181 3283 187 3289 ·
203 3267 247 3304 Εἰ
263 3264 296 3304 δὲ
311 3265 400 3303 κατὰ
417 3265 529 3317 σάρκα
547 3267 625 3312 ζῆτε
635 3296 644 3313 ,
664 3266 806 3317 μέλλετε
823 3263 1049 3311 ἀποθνήσκειν
1064 3278 1072 3286 ·

99 3417 110 3431 ³
137 3407 222 3439 Alius
241 3409 466 3450 θεραπῑύπομευ.

1144 2760 1354 2801 admiranda
1373 2768 1438 2804 est,
1461 2756 1522 2795 sed
1551 2757 1680 2793 futura.
1699 2755 1807 2804 Atqui
1825 2754 1945 2806 priora
1962 2754 2024 2791 illa
2041 2754 2125 2792 satis

1144 2834 1242 2863 erant
1255 2840 1266 2874 3
1289 2832 1442 2861 attamen
1468 2833 1537 2857 non
1556 2832 1651 2856 nunc
1677 2817 1738 2854 illa
1757 2817 1874 2865 affert,
1898 2831 2010 2867 neque
2035 2817 2125 2854 inef-

1143 2887 1267 2925 fabilia
1286 2885 1348 2922 illa
1365 2881 1538 2920 beneficia
1559 2888 1745 2928 memorat,
1766 2879 1828 2916 sed
1845 2880 1979 2916 futura.
2002 2880 2125 2929 Neque

1145 2950 1238 2989 enim
1252 2949 1326 3001 jam
1346 2946 1515 2984 collatum
1533 2941 1747 2981 beneficium
1766 2942 1813 2978 ita
1833 2941 1964 2979 multos
1982 2955 2124 2979 movere

1146 3012 1244 3060 solet,
1264 3018 1303 3046 ut
1318 3006 1414 3058 quod
1432 3006 1595 3042 futurum
1612 3011 1848 3054 exspectatur.
1868 3002 1958 3039 Cum
1975 3002 2042 3039 hoc
2060 3001 2122 3039 ad-

1142 3072 1294 3126 jecisset,
1316 3069 1432 3121 primo
1452 3081 1472 3104 a
1499 3064 1661 3103 tristibus
1681 3072 1799 3108 terret,
1823 3071 1856 3100 et
1875 3077 1893 3099 a
1908 3062 2010 3100 malis
2039 3062 2124 3100 inde

1144 3134 1245 3183 ortis,
1266 3130 1361 3184 quod
1380 3126 1572 3167 secundum
1588 3138 1727 3162 carnem
1744 3124 1899 3171 vivatur,
1916 3124 1965 3161 sic
1977 3123 2098 3161 dicens
2112 3139 2120 3160 ε

1143 3200 1183 3238 Si
1197 3198 1300 3235 enim
1326 3193 1536 3232 secundum
1561 3201 1718 3227 carnem
1734 3189 1929 3235 vixeritis,
1947 3189 2124 3224 morituri

1143 3260 1232 3297 estis
1243 3273 1257 3302 ,·
1277 3263 1427 3293 mortem
1458 3250 1557 3288 illam
1583 3247 1685 3287 nobis
1705 3247 1941 3285 immortalem
1960 3246 2123 3285 subindi-
