2466 3805
685 273 728 302 IN
762 274 874 303 ACTA
916 272 1245 302 APOSTOLORUM
1283 270 1438 301 nomn„
1477 272 1603 302 xxlx.

104 352 222 403 μέσον,
243 352 331 391 ἀλλὰ
348 352 411 399 τὴν
433 356 492 390 τοῦ
518 354 609 391 Θεοῦ
630 354 901 407 φιλανθρωπίαν,
921 357 1035 393 ἐκεῖνα
1056 355 1119 391 αὗ-

2086 261 2172 319 247

1187 352 1249 391 18.
1263 353 1299 390 Ε
1303 361 1318 390 t
1329 366 1398 404 per
1412 354 1674 405 quadraginta
1687 367 1879 392 annorum
1892 362 2035 405 tempus
2049 368 2170 392 mores

101 419 172 457 τοῖς
188 414 284 465 ἀφεὶς
303 413 508 464 λογίζεσθαι.
531 414 601 451 Καὶ
617 417 662 456 ὡς
678 414 937 466 τεσσαράκοντα
957 413 1017 460 ἔτη
1038 412 1119 464 χρό-
1141 422 1166 451 Ε
1189 427 1320 451 eorum
1349 417 1531 453 sustinuit
1561 417 1602 452 in
1622 415 1783 453 deserto.
1811 414 1950 453 Deinde
1981 415 2170 453 habitatio—

101 487 157 509 νον
177 473 451 523 ἐτροποφόρησεν
469 471 588 515 αὐτοὺς
608 475 641 510 ἐν
657 476 699 523 τῇ
721 473 852 526 ἐρήμῳ.
870 468 959 511 Εἶτα
976 474 1039 520 τὴν
1057 489 1117 511 κα·

101 531 234 570 τοικίαν
253 533 362 584 λέγει·
381 533 450 570 Καὶ
469 532 623 571 καθελὼν
645 533 723 580 ἔθνη
740 534 829 572 ἑπτὰ
849 536 881 571 ἐν
901 538 946 586 γῇ
964 533 1118 579 Χαναὰν,

100 593 117 613 b
129 595 474 645 κατεκληρονόμησεν
512 596 625 638 αὐτοῖς
657 598 720 640 τῆν
749 598 814 646 γ’ἧν
850 598 972 633 αὐτῶν.
1004 595 1074 633 Καὶ
1102 598 1119 632 ὃ

99 655 221 707 χρόνος
252 656 375 699 πολύς·
394 655 603 709 τετρακόσια
621 655 687 707 γὰρ
720 656 936 702 πεντήκοντα
957 655 1031 701 ἔτη.
1050 655 1119 693 Καὶ

101 717 190 768 μετὰ
220 723 329 756 ταῦτα
354 720 400 761 ὡς
432 718 523 756 ἔτεσι
552 717 787 769 τετρακοσίοις
815 718 875 755 καὶ
904 717 1120 763 πεντήκοντα

99 777 226 816 ἔδωκεν
257 781 371 821 αὐτοῖς
398 778 519 830 κριτὰς
547 778 612 820 ἕως
643 778 813 827 Σαμουὴλ
840 782 899 814 τοῦ
926 776 1117 829 προφήτου..

99 838 274 877 Ἐνταῦθα
290 839 342 877 ὅτι
359 839 529 892 διαφόρως
548 838 718 890 ᾠκονόμει
732 838 776 874 τὰ
796 840 873 875 κατ’
900 836 1021 879 αὐτοὺς
1037 836 1116 881 ἐδή-

1127 877 1175 900 226

1187 489 1268 512 nem
1289 484 1387 512 terrae
1405 475 1511 512 dicit:
1529 477 1591 515 19.
1606 477 1660 513 Et
1671 477 1870 514 destruens
1887 485 2018 528 gentes
2030 486 2172 529 septem

1190 538 1231 572 in
1251 544 1355 573 terra
1376 536 1571 573 Chanaan
1582 565 1593 582 ,
1623 545 1725 574 sorte
1744 538 1940 574 distribuit
1958 539 2011 574 eis
2029 545 2170 574 terram

1187 610 1332 634 eorum.
1361 596 1408 633 Et
1429 596 1582 634 multum
1602 596 1796 635 intercessit
1816 606 1970 651 tempus,
2001 597 2171 648 quadrin-

1188 666 1374 707 gentorum
1385 665 1418 694 et
1434 657 1690 708 quinquaginta
1711 672 1895 696 annorum.
1909 660 1972 697 20.
1990 660 2044 696 Et
2059 663 2172 712 quasi

1184 725 1269 768 post
1293 718 1594 768 quadringentos
1609 726 1645 755 et
1666 721 1947 769 quinquaginta
1968 733 2092 758 annos
2111 721 2170 757 de-

1186 778 1243 813 dit
1262 779 1316 814 eis
1324 778 1491 828 judices,
1507 791 1625 828 usque
1641 779 1693 814 ad
1707 778 1922 817 Samuelem
1930 782 2168 831 prophetam.

1185 836 1254 873 Hie
1272 836 1425 873 ostendit
1443 836 1561 888 ipsum
1590 837 1687 875 varie
1720 839 1921 889 providisse
1953 841 2058 877 rebus
2090 841 2169 878 illo-

100 902 203 939 λωσε.
228 902 395 939 Κάκεῖθεν
412 900 586 951 ᾐτήσαντο
607 899 764 950 βασιλέα.
781 899 850 936 Καὶ
871 900 909 936 οὐ
938 896 1031 947 λέγει
1055 895 1116 942 τὴν
1140 915 1164 942 Α
1185 910 1280 933 rum.
1303 899 1366 934 21.
1389 898 1442 934 Et
1468 898 1607 934 eoeinde
1624 899 1918 948 postulaverunt
1940 913 2075 952 regem.
2098 903 2170 939 Nec

102 961 352 1011 ἀγνωμοσύνην
371 962 499 1003 αὐτῶν,
532 958 622 996 ἀλλὰ
649 962 829 1008 πανταχοῦ
856 957 918 1003 τὴν
948 961 1008 995 τοῦ
1028 959 1120 995 Θεοῦ

99 1021 371 1074 φιλανθρωπίαν.
392 1020 461 1057 Καὶ
475 1019 600 1056 ἔδωκεν
616 1020 730 1060 αὐτοῖς
743 1018 799 1055 τὸν
817 1017 935 1055 Σαοὺλ
949 1018 1020 1055 υἱον
1036 1016 1100 1060 Κὶς
1112 1047 1121 1064 ,

101 1082 210 1133 ἄνδρα
228 1083 267 1118 ἐκ
287 1083 396 1132 φυλῆς
414 1079 591 1129 Βενιαμὶν,
611 1079 670 1125 ἔτη
693 1078 963 1131 τεσσαράκοντα·
984 1078 1043 1116 καὶ
1064 1093 1122 1128 με·

99 1140 277 1185 ταστήσας
292 1139 392 1177 αὐτὸν
408 1140 543 1191 ἤγειρεν
561 1141 675 1182 αὐτοῖς
688 1138 745 1176 τὸν
761 1138 871 1176 Δαυὶδ
887 1141 934 1182 εἷς
951 1138 1098 1190 βασιλέα
1112 1155 1119 1162 ·

99 1195 128 1253 ᾧ
145 1201 204 1238 καὶ
223 1195 296 1238 εἷπε
313 1200 539 1252 μαρτυρήσας
551 1216 558 1224 ·
576 1196 673 1252 εὗρον
694 1201 804 1238 Δαυὶδ
818 1201 876 1238 τὸν
887 1204 945 1238 τοῦ
966 1199 1097 1238 Ἰεσσαὶ
1112 1229 1121 1246 ,

98 1262 206 1314 ἄνδρα
228 1261 319 1300 κατὰ
347 1261 410 1308 τὴν
432 1261 575 1315 καρδίαν
606 1277 669 1312 μου
685 1290 694 1307 ,
718 1261 753 1305 ὃς
775 1261 915 1308 ποιήσει
936 1262 1051 1299 πάντα
1077 1261 1121 1299 τὰ

101 1323 281 1373 θελήματά
300 1338 380 1372 μου.
409 1325 462 1361 Οὐ
486 1323 609 1374 μικρὸν
631 1328 730 1361 τοῦτο
752 1322 791 1360 τὸ
812 1322 880 1361 ἀπὸ
901 1322 1009 1360 Δαυὶδ
1034 1316 1120 1360 εἶναι

101 1385 158 1422 τὸν
168 1383 330 1435 Χριστόν.
353 1377 443 1421 Εἶτα
458 1384 517 1421 καὶ
534 1383 699 1430 Ἰωάννην
719 1384 852 1435 εἰσάγει
868 1388 1120 1436 μαρτυροῦντα,

99 1444 208 1495 λέγων
222 1461 230 1468 ·
255 1444 386 1483 Τούτου
399 1448 416 1482 ὃ
434 1445 522 1488 Θεὸς
540 1445 608 1483 ἀπὸ
624 1449 682 1483 τοῦ
701 1445 900 1497 σπέρματος
919 1447 996 1483 κατ’
1015 1447 1122 1497 ἐπαγ-

99 1506 216 1557 γελίαν
247 1506 365 1559 ἤγειρε
390 1509 439 1558 τῷ
459 1506 602 1557 Ἰσραὴλ
624 1508 777 1560 Σωτῆρα
798 1506 977 1557 [Ἰησοῦν],
994 1522 1123 1557 προκη-

102 1568 262 1619 ρύξαντος
282 1568 442 1606 Ἰωάννου
463 1568 530 1619 πρὸ
553 1567 741 1619 προσώπου
770 1571 831 1614 τῆς
865 1568 997 1606 εἰσόδου
1020 1569 1123 1606 αὐτοῦ

102 1629 286 1679 βάπτισμα
307 1628 488 1679 μετανοίας
517 1629 622 1667 παντὶ
654 1632 703 1681 τῷ
730 1631 806 1682 λαῷ
833 1630 990 1681 Ἰσραήλ.
1010 1630 1072 1673 Ὡς
1087 1630 1122 1668 δὲ

101 1690 252 1741 ἐπλήρου
271 1693 288 1728 ὃ
308 1689 472 1736 Ἰωάννης
487 1688 544 1726 τὸν
571 1689 710 1741 δρόμον,
731 1690 846 1742 ἔλεγε·
869 1690 947 1727 τίνα
965 1707 1008 1740 με
1035 1693 1115 1728 ὓπο-

101 1756 206 1788 νοεῖτε
224 1745 328 1797 sivum
345 1753 405 1788 οὐκ
425 1750 497 1800 εἰμὶ
508 1749 576 1800 ἐγώ
589 1766 596 1773 ·
615 1751 690 1788 ἀλλ’
706 1749 776 1788 ἰδοὺ
794 1750 934 1802 ἔρχεται
949 1754 1023 1801 μετ’
1041 1750 1122 1801 ἐμὲ,

101 1805 139 1848 οὗ
161 1813 222 1849 οὐκ
241 1813 312 1862 εἰμὶ
332 1811 445 1854 ἱκανὸς
461 1811 500 1849 τὸ
515 1812 680 1862 ὑπόδημα
697 1814 764 1849 τῶν
785 1814 899 1850 ποδῶν
922 1813 1036 1850 λῦσαι.
1053 1812 1123 1850 Καὶ

101 1871 266 1918 Ἰωάννης
283 1872 317 1910 δὲ
336 1878 504 1924 μαρτυρεῖ
532 1874 596 1924 οὐχ
622 1873 741 1915 ἁπλῶς
753 1902 761 1918 ,
785 1871 874 1910 ἀλλὰ
892 1873 954 1920 τὴν
973 1873 1069 1918 δόξαν
1091 1873 1124 1918 ἐξ

101 1934 225 1971 ἑαυτοῦ
243 1933 537 1984 ἀποκρουόμενος,
557 1933 672 1971 καίτοι
691 1933 832 1972 πάντων
850 1936 904 1971 εἶπ’
921 1935 1021 1972 αὐτὸν
1040 1934 1124 1973 ταύ-

887 1995 1037 2039 διδόντος
1063 1996 1123 2034 καὶ

100 2057 238 2092 πολλῶν
259 2055 484 2108 παρεχόντων
512 2054 641 2101 ταύτην
670 2055 732 2102 τὴν
766 2056 872 2106 τιμὴν
906 2057 1122 2105 διωθεῖσθαι,

192 1997 201 2009 2
239 1994 246 2005 ι
413 1996 422 2007 a
473 1994 486 2007 ν
566 1993 594 2008 <xi
625 1994 639 2009 a(
775 1996 790 2008 *s
830 1995 838 2008 x

100 2010 162 2041 την
183 2010 351 2046 αγΟντων.
374 1996 452 2032 Ουκ
469 2010 542 2033 ἔστι
563 2010 599 2031 ΟΕ
627 2010 695 2033 mov
719 2010 864 2046 μηΟΕνΟς

101 2117 160 2154 καὶ
197 2117 284 2168 μηδὲ
316 2118 452 2165 ἁπλῶς,
489 2116 578 2155 ἀλλὰ
599 2117 687 2168 μετὰ
716 2117 884 2164 τοσαύτης
915 2119 1122 2165 ὑποστολῆς.

101 2175 239 2230 Ἄνδρες
258 2177 418 2229 ἀδελφοὶ,
438 2177 504 2214 υἱοὶ
520 2178 640 2228 γένους
661 2176 821 2230 Ἀδραὰμ
834 2207 844 2225 ,
858 2176 917 2215 καὶ
938 2181 968 2216 οἱ
990 2180 1024 2216 ἐν
1041 2180 1123 2229 ὑμῖν

102 2238 309 2291 φοῧούμενοι
328 2239 385 2276 τὸν
402 2239 505 2283 Θεὸν,
519 2241 600 2289 ὑμῖν
617 2242 634 2276 ὃ
653 2239 753 2290 λόγος
770 2242 831 2286 τῆς
853 2239 1027 2292 σωτηρίας
1042 2239 1124 2278 ταύ-

99 2316 162 2347 της
188 2299 417 2346 ἐξαπεστάλη.
435 2301 481 2338 Οἱ
510 2299 577 2353 γὰρ
603 2304 842 2344 κατοικοῦντες
867 2300 1099 2354 Ἰερουσαλὴμ
1114 2332 1124 2350 ,

100 2361 159 2399 καὶ
186 2364 216 2399 οἱ
240 2361 404 2415 ἄρχοντες
429 2362 541 2398 αὐτῶν
567 2364 687 2398 τοῦτον
710 2361 961 2413 ἀγνοήσαντες,
983 2362 1042 2400 καὶ
1063 2361 1124 2406 τὰς

100 2422 213 2475 φωνὰς
232 2426 299 2460 τῶν
317 2424 504 2474 προφητῶν
525 2420 586 2464 τὰς
601 2422 692 2460 κατὰ
711 2429 780 2459 πᾶν
796 2422 974 2462 σάὸὅατον
998 2426 1124 2475 ἀναγι-

100 2484 336 2534 νωσκομένας,
353 2483 531 2534 κρίναντες
553 2483 760 2535 ἐπλήρωσαν
773 2500 781 2508 ·
801 2485 860 2522 καὶ
878 2485 1052 2536 μηδεμίαν
1074 2488 1124 2524 αἰ-

100 2545 176 2583 τίαν
194 2545 338 2583 θανάτου
361 2544 516 2596 εὑρόντες
534 2544 710 2596 ᾐτήσαντο
728 2547 883 2585 Πιλᾶτον
902 2549 1124 2600 ἀναιρεθῆναι

102 2605 217 2643 αὐτόν.
248 2607 438 2656 Πανταχοῦ
470 2611 570 2644 τοῦτο
602 2606 832 2651 σπουδάζουσι
861 2607 968 2652 δεῖξαι
999 2612 1122 2647 οἰκεῖον

101 2667 211 2703 αὐτῶν
232 2665 269 2703 ὂν
289 2665 327 2703 τὸ
345 2665 484 2717 ἀγαθὸν,
499 2664 555 2703 ἵνα
576 2665 624 2716 μὴ
639 2669 684 2709 ὡς
705 2668 876 2720 ἀλλοτρίῳ
896 2669 1125 2722 προσέχοντες

100 2727 282 2780 φεύγωσιν,
315 2725 434 2773 ἐπειδὴ
456 2726 678 2778 ἐσταύρωσαν
701 2727 815 2767 αὐτόν.
836 2730 983 2777 Τοῦτον,
1007 2731 1124 2782 φησὶν,

101 2787 352 2840 ἀγνοήσαντες·
376 2787 467 2824 ὥστε
496 2787 636 2838 ἀγνοίας
658 2783 698 2835 ἦν
727 2788 766 2826 τὸ
798 2790 1007 2842 ἁμάρτημα.
1028 2789 1125 2841 (Ὀρα

101 2854 176 2893 πῶς
203 2849 263 2887 καὶ
295 2849 382 2901 ὑπὲρ
417 2849 556 2887 ἐκείνων
582 2851 807 2902 ἀπολογεῖται
837 2852 965 2904 ἠρέμα.
994 2852 1064 2890 Καὶ
1088 2854 1125 2891 οὗ

101 2914 201 2948 τοῦτο
224 2909 325 2960 μόνον
339 2925 347 2933 ·
371 2912 448 2948 ἀλλ’
471 2910 524 2948 ὅτι
547 2910 606 2948 καὶ
626 2910 733 2955 οὕτως
754 2912 822 2950 ἔδει
840 2912 998 2963 γενέσθαι
1015 2929 1125 2966 προσ-

102 2971 231 3017 τίθησι.
259 2971 329 3009 Καὶ
353 2970 412 3009 ἵνα
439 2972 488 3022 μή
517 2988 570 3015 τις
590 2973 670 3024 εἴπῃ
684 3004 693 3021 ,
713 2973 815 3012 πόθεν
838 2975 953 3022 δῆλον,
974 2975 1027 3013 ὅτι
1047 2975 1126 3013 ἀνέ-

103 3047 169 3077 στη
186 3048 195 3078 ;
216 3031 300 3083 φησὶ
314 3030 372 3078 τὸ,
390 3033 459 3070 Καὶ
478 3033 650 3085 μάρτυρες
670 3036 772 3073 αὐτοῦ
792 3037 890 3074 εἰσιν.
912 3029 1001 3073 Εἶτα
1019 3036 1124 3073 πάλιν

103 3091 171 3129 ἀπὸ
189 3094 258 3128 τῶν
276 3093 423 3144 Γραφῶν
444 3094 668 3146 ἰσχυρίζεται.
685 3093 747 3138 Ὡς
767 3095 802 3134 δὲ
825 3095 986 3134 ἐτέλεσαν
1009 3095 1124 3133 πάντα

102 3151 146 3189 τὰ
165 3152 244 3202 περὶ
265 3153 366 3189 αὐτοῦ
395 3154 639 3205 γεγραμμένα,
665 3155 868 3200 καθελόντες
888 3156 957 3194 ἀπὸ
983 3159 1041 3193 τοῦ
1065 3156 1124 3200 ξύ-

102 3216 185 3261 λου,
213 3213 338 3258 ἔθηκαν
360 3216 406 3256 εἷς
428 3221 608 3266 μνημεῖον.
630 3215 675 3254 ‘O
702 3216 737 3255 δὲ
756 3218 844 3261 Θεὸς
867 3217 966 3255 αὐτὸν
987 3217 1123 3271 ἤγειρεν

103 3275 143 3312 ἐκ
162 3276 305 3326 νεκρῶν,
326 3273 360 3316 ὃς
378 3273 475 3326 ὤφθη
498 3276 554 3314 ἐπὶ
573 3276 708 3328 ἡμέρας
723 3277 861 3321 πλείους
884 3284 953 3322 τοῖς
972 3293 1123 3317 συνανα-

106 3335 207 3373 ὅᾶσιν
246 3336 340 3387 αὐτῷ
379 3335 448 3373 ἀπὸ
485 3339 545 3382 τῆς
573 3338 764 3381 Γαλιλαίας
797 3341 843 3381 εἷς
871 3338 1122 3391 Ἰερουσαλὴμ,

152 3441 167 3464 b
186 3438 331 3480 Quidam
353 3443 652 3485 κατεκληροῧότησεν.

1185 965 1356 994 memorat
1384 956 1564 1007 ingratum
1583 957 1728 994 illorum
1745 959 1919 1007 animum,
1942 961 2004 998 sed
2037 961 2171 1011 ubique

1185 1017 1254 1055 Dei
1275 1018 1508 1055 clementiam.
1528 1019 1582 1056 Et
1601 1019 1705 1056 dedit
1728 1020 1808 1057 illis
1829 1021 2068 1074 Saiilszlium
2089 1024 2167 1067 Cis,

1185 1081 1317 1116 virum
1330 1080 1377 1116 de
1388 1081 1490 1116 tribu
1505 1081 1726 1131 Benjamin,
1744 1084 1860 1118 annis
1877 1084 2141 1135 quadraginta
2159 1101 2168 1119 .-

1185 1142 1249 1177 99.
1270 1148 1308 1177 et
1340 1149 1469 1177 amoto
1492 1141 1574 1186 illo,
1596 1144 1800 1179 suscitavit
1818 1146 1872 1181 eis
1893 1145 2028 1181 David
2052 1147 2094 1181 in
2113 1159 2170 1182 re-

1183 1214 1268 1252 gem
1287 1216 1298 1236 :
1320 1204 1382 1238 cui
1414 1204 1677 1239 testimonium
1703 1204 1921 1254 perhibens,
1941 1207 2038 1243 dix-it
2064 1222 2074 1241 :
2097 1208 2169 1243 In—

1188 1265 1274 1300 veni
1294 1264 1428 1300 David
1429 1263 1566 1315 filiu-m
1585 1265 1616 1301 J
1615 1278 1708 1310 esse,
1727 1268 1856 1303 virum
1873 1269 2081 1305 secundum
2106 1282 2172 1306 cor

1186 1337 1326 1373 meum,
1346 1325 1551 1377 quisaeiet
1568 1339 1698 1363 omnes
1718 1327 1942 1366 voluntates
1959 1343 2077 1367 meas.
2092 1332 2169 1367 Non

1186 1399 1342 1437 parvum
1374 1385 1455 1435 hoc,
1495 1385 1589 1436 quod
1620 1401 1664 1424 ex
1699 1388 1840 1426 Davide
1869 1390 2034 1429 Christus
2068 1402 2168 1430 esset.

1186 1447 1325 1485 Deinde
1345 1449 1517 1487 Joannem
1545 1448 1684 1486 inducit
1719 1450 1985 1501 testificantem,
2017 1453 2137 1492 dicens
2162 1471 2168 1490 :

1188 1509 1252 1549 25.
1274 1510 1403 1561 HuJus
1423 1510 1530 1547 Deus
1545 1524 1592 1547 ex
1617 1513 1760 1548 semine
1779 1514 1989 1550 secundum
2003 1518 2171 1565 promis—

1189 1572 1335 1608 sionem
1368 1571 1503 1608 eduxit
1535 1572 1694 1609 Israelis
1734 1573 1975 1612 Salvatorem
2021 1577 2169 1622 Jesum,

1189 1631 1252 1668 24.
1270 1632 1509 1682 praedicante
1528 1633 1686 1669 Joanne
1705 1642 1798 1671 ante
1817 1635 1961 1685 faciem
1985 1638 2173 1675 adventus

1145 1703 1167 1732 Β
1189 1695 1271 1745 ejus
1284 1694 1513 1744 baptismum
1523 1696 1758 1744 paenitentiae
1769 1699 1875 1732 omni
1883 1698 2026 1748 populo
2036 1700 2172 1736 Israel.

1190 1756 1254 1792 ⁶25.
1295 1755 1393 1792 Cum
1426 1755 1601 1805 impleret
1638 1763 1767 1793 autem
1802 1758 1978 1796 Joannes
2020 1774 2174 1797 cursum

1191 1829 1316 1862 suum,
1342 1816 1494 1853 dicebat
1518 1831 1529 1850 .·
1555 1817 1675 1865 Quem
1710 1831 1769 1853 me
1798 1820 2045 1856 arbitramini
2077 1835 2169 1867 esse,

1194 1889 1272 1913 non
1290 1890 1375 1914 sum
1394 1890 1461 1928 ego
1480 1892 1490 1912 .·
1510 1878 1578 1914 sed
1607 1891 1692 1915 ecce
1720 1881 1830 1916 venit
1848 1888 1934 1930 post
1957 1895 2029 1927 me,
2064 1884 2173 1933 cujus

1193 1951 1271 1975 non
1289 1950 1372 1975 sum
1397 1938 1536 1988 dignus
1556 1938 1822 1976 calceamenta
1838 1941 1979 1991 pedum
2009 1943 2169 1981 solvere.

1191 1997 1240 2035 Et
1256 1999 1409 2037 Joannes
1436 1997 1650 2035 testificatur
1668 2012 1738 2036 non
1768 1999 1999 2052 simpliciter,
2018 2003 2081 2041 scd
2100 2005 2174 2054 glo-

1192 2058 1280 2096 riam
1302 2073 1322 2096 a
1351 2073 1388 2097 se
1407 2059 1598 2110 depellens,
1622 2060 1760 2098 etiamsi
1778 2075 1899 2100 omnes
1932 2064 2083 2114 gloriam
2106 2066 2175 2118 ipsi

1191 2120 1372 2157 referrent.
1399 2121 1480 2157 Non
1513 2133 1579 2171 par
1600 2133 1654 2157 res
1674 2129 1725 2158 est
1743 2130 1860 2159 autem
1880 2124 1978 2161 nullo
2000 2125 2105 2163 dante
2121 2141 2175 2164 re-

1190 2180 1334 2232 pellere,
1347 2189 1380 2218 et
1394 2180 1559 2218 omnibus
1578 2180 1816 2220 tribuentibus
1835 2184 2004 2223 honorem
2020 2187 2177 2239 rejicere,

1191 2255 1303 2292 neque
1346 2241 1578 2293 simpliciter,
1608 2242 1670 2280 sed
1706 2257 1787 2281 cum
1826 2253 1923 2283 tanta
1953 2247 2180 2288 demissione.

1191 2303 1257 2341 26.
1283 2304 1366 2341 Viri
1373 2304 1542 2355 fratres,
1559 2303 1647 2355 filii
1663 2308 1814 2355 generis
1833 2305 1875 2343 A
1879 2309 2024 2355 brahae,
2046 2318 2083 2347 et
2112 2313 2178 2362 qui

1193 2367 1235 2402 in
1257 2367 1371 2402 vobis
1398 2367 1533 2402 timent
1555 2365 1695 2413 Deum,
1718 2369 1833 2405 vobis
1855 2371 2019 2408 verbum
2038 2372 2178 2410 salutis

1193 2427 1309 2479 hujus
1329 2428 1486 2464 missum
1517 2434 1585 2464 est.
1610 2429 1676 2465 27.
1713 2428 1789 2478 Qui
1815 2433 1918 2468 enim
1945 2433 2180 2472 habitabant

1192 2488 1412 2526 Jerusalem
1426 2496 1463 2525 et
1471 2490 1664 2539 principes
1675 2502 1806 2527 eorum
1823 2492 1928 2530 hunc
1942 2495 2179 2545 ignorantes,

1191 2557 1228 2587 et
1241 2562 1353 2586 voces
1363 2549 1650 2599 prophetarum,
1667 2563 1752 2601 quoe
1761 2565 1831 2600 per
1849 2565 1961 2590 omne
1975 2557 2178 2593 sabbatum

1192 2610 1385 2662 leguntur,
1402 2610 1643 2662 judicantes,
1660 2611 1915 2661 impleverunt
1932 2629 1942 2649 :
1958 2613 2021 2652 98.
2042 2625 2079 2652 et
2095 2617 2178 2653 nul-

1194 2670 1275 2707 lam
1295 2682 1457 2706 causam
1477 2671 1610 2706 mortis
1629 2672 1868 2709 invenientes
1899 2675 1941 2709 in
1970 2687 2028 2720 eo,
2059 2678 2180 2726 petie-

1192 2739 1284 2768 runt
1313 2743 1338 2767 a
1366 2730 1502 2767 Pilato
1535 2737 1577 2767 ut
1607 2731 1900 2783 interficeretur.
1938 2735 2082 2786 Ubique
2112 2737 2180 2775 hoe

1193 2790 1376 2829 ostendere
1386 2799 1564 2841 satagunt,
1581 2791 1716 2828 bonum
1736 2791 1894 2844 ipsorum
1909 2795 1978 2832 hoc
1993 2797 2181 2849 proprium

1193 2865 1279 2899 esse,
1299 2865 1343 2889 ne
1361 2860 1544 2902 tamquam
1563 2851 1719 2889 alienum
1748 2853 2006 2894 considerantes
2024 2857 2178 2909 fugiant,

1194 2926 1234 2950 eo
1258 2912 1355 2963 quod
1374 2912 1634 2950 crucifixissent
1654 2927 1746 2951 eum.
1766 2915 1897 2963 Hunc,
1922 2917 2052 2968 inquit,
2073 2922 2180 2971 igno-

1194 2982 1337 3012 rantes.
1368 2975 1493 3024 Itaque
1531 2974 1738 3025 ignorantiae
1759 2986 1944 3027 peccatum
1979 2988 2065 3019 erat.
2085 2981 2181 3020 Vide

1193 3035 1372 3086 quomodo
1406 3035 1487 3073 illos
1509 3035 1636 3073 leniter
1664 3035 1841 3075 defendat.
1862 3040 1985 3089 Neque
2017 3041 2086 3079 hoc
2106 3051 2182 3080 tan*

1194 3104 1269 3133 tum
1283 3111 1292 3144 ;
1309 3095 1372 3134 sed
1388 3096 1494 3134 etiam
1509 3096 1557 3133 ita
1573 3096 1650 3133 fieri
1669 3097 1867 3148 oportuisse
1884 3099 2020 3152 adjicit.
2035 3103 2088 3141 Ne
2102 3103 2182 3153 quis

1193 3172 1278 3196 vero
1301 3157 1447 3207 diceret,
1472 3157 1576 3196 Unde
1595 3158 1823 3197 manifestum
1854 3170 1906 3199 cst
1937 3162 2042 3201 illum
2060 3179 2182 3203 resur-

1193 3218 1356 3256 rexisse?
1375 3218 1462 3256 dicit
1481 3218 1599 3265 etiam,
1631 3219 1759 3256 Testes
1794 3220 1901 3259 illius
1922 3232 2023 3260 sunt.
2045 3225 2184 3264 Deinde

1201 3293 1344 3317 rursum
1363 3293 1407 3318 ex
1436 3279 1635 3331 Scripturis
1653 3293 1727 3317 rem
1749 3281 1948 3321 confirmat.
1979 3285 2044 3323 29.
2066 3287 2183 3324 Cum-

1201 3355 1274 3393 que
1289 3349 1617 3380 consummassent
1637 3344 1780 3389 omnia,
1797 3357 1883 3394 quoe
1894 3345 1940 3383 de
1955 3346 2025 3384 illo
2041 3351 2183 3399 scripta

1146 2368 1169 2398 C
