2502 3810
723 276 768 305 IN
804 274 944 305 EPIST.
984 274 1043 304 AD
1079 275 1186 305 ROM.

85 355 174 393 Ἀλλ’
192 354 268 394 οὐδὲ
289 355 388 394 τοῦτό
410 372 443 393 τι
459 356 544 408 πρὸς
562 355 728 402 ἐκείνους,
749 358 777 394 εἰ
795 356 842 406 μὴ
857 355 1100 409 προσελήφθη-

85 432 159 453 σαν.
180 415 228 454 ςῸ
246 417 281 454 δὲ
299 416 392 468 λέγει
408 446 418 464 ,
437 417 588 455 τοιοῦτόν
605 418 697 454 ἐστιν
709 433 716 440 ·
746 419 776 454 εἶ
802 417 1019 468 ὀργιζόμενος
1038 419 1101 455 αὖ-

84 483 173 524 τοῐς,
187 481 338 516 τοσαῦτα
359 478 548 530 ἐχαρίσατο
570 477 698 526 ἑτέροις
712 508 721 525 ,
741 477 821 515 ὅταν
843 480 956 520 αὐτοῖς
975 479 1103 515 καταλ-

84 537 193 588 λαγῇ,
210 537 246 574 τί
263 539 300 575 οὐ
319 543 511 589 χαριεῖ-σας
535 537 625 574 Ἀλλ’
652 537 770 588 ὥσπερ
787 541 808 584 ἡ
827 538 1014 580 ἀνάστασις
1032 539 1101 574 τῶν

85 601 213 651 νεκρῶν
233 601 270 636 οὐ
297 599 352 636 διὰ
371 599 433 645 τὴν
455 598 651 651 πρόσληψιν
671 601 794 645 αὐτῶν,
816 598 923 641 οὕτως
944 596 1021 636 οὐδὲ
1042 601 1100 635 νῦν

85 661 107 703 ἡ
127 658 283 711 σωτηρία
301 662 323 705 ἡ
340 659 495 712 ἡμετέρα
527 660 570 696 δι’
595 658 732 701 αὐτούς·
761 659 837 695 ἀλλ’
869 657 1101 704 ἕξεὸλήθησαν

87 718 148 768 μὲν
163 721 202 757 ἐκ
212 723 273 766 τῆς
285 719 401 763 ἀνοίας
417 722 541 766 αὐτῶν,
551 720 730 768 ἐσώθημεν
742 718 777 756 δὲ
794 718 862 756 ἀπὸ
878 722 939 764 τῆς
955 717 1103 760 πίστεως

85 782 185 828 ἡμεῖς
204 780 262 816 καὶ
282 781 343 824 τ’ἧς
365 779 493 817 ἄνωθεν
514 778 667 830 χάριτος.
686 778 828 816 Τούτων
848 777 883 815 δὲ
903 778 997 816 οὐδὲν
1018 776 1103 815 ἐκεί-

85 855 161 882 νους
189 840 368 891 ὠφελῆσαι
400 839 603 886 δυνήσεται,
632 840 662 876 εἷ
695 838 743 888 μὴ
768 838 831 884 τὴν
861 838 1102 891 προσήκουσαν

85 898 312 943 ἐπιδείξαιντο
339 899 470 937 πίστιν.
507 898 608 946 Πλὴν
646 897 736 936 ἀλλὰ
764 898 808 936 τὰ
842 900 935 949 αὐτῷ
972 897 1103 944 συνήθη

86 961 207 1005 ποιῶν,
227 960 373 1010 προάγει
392 958 448 997 τὸν
469 958 567 1010 λόγον
584 961 631 1002 εἷς
649 958 764 1009 ἕτερον
785 957 971 1008 ἐγκώμιον,
992 959 1052 995 οὒκ
1068 957 1104 994 ὃν

87 1019 273 1070 ἐγκώμιον,
307 1019 397 1057 ἀλλὰ
429 1020 546 1057 δοκοῦν
579 1013 667 1056 εἶναι
702 1017 817 1068 μόνον,
847 1016 925 1060 τοὺς
947 1017 1107 1070 ἀρίστους

86 1083 154 1117 τῶν
175 1082 301 1132 ἷατρῶν
329 1080 561 1130 μιμούμενος,
590 1079 622 1116 οἲ
651 1081 803 1116 τοσαῦτα
822 1082 1108 1131 παραμυθοῦνται

87 1139 164 1182 τοὺς
179 1140 372 1188 κάμνοντας
386 1169 394 1185 ,
416 1139 480 1177 ὅσα
496 1143 517 1185 ἡ
534 1142 595 1185 τῆς
612 1138 807 1190 ἀρρωστίας
823 1138 981 1177 ἐνδίδωσι
995 1136 1106 1189 φύσις.

87 1199 134 1238 Ti
152 1199 219 1252 γάρ
234 1215 358 1251 φησιν,
378 1201 423 1237 Εἰ
438 1199 473 1238 δὲ
494 1202 515 1245 ἡ
537 1199 680 1251 ἀπαρχὴ
699 1199 781 1250 ἁγία
793 1229 802 1247 ,
822 1199 935 1237 καὶτὸ
951 1199 1106 1250 φύραμα·

87 1259 146 1297 καὶ
161 1261 190 1296 εἷ
203 1262 225 1305 ἦ
246 1259 322 1311 ῥίζα
341 1259 423 1310 ἁγία
438 1289 448 1306 ,
467 1259 525 1297 καὶ
546 1262 577 1297 οἱ
595 1258 717 1297 κλάδοι
730 1274 738 1282 ·
759 1258 924 1312 ἀπαρχὴν
963 1261 1108 1297 ἐνταῦθα

88 1320 148 1358 καὶ
165 1320 259 1372 ῥίζαν
278 1321 409 1366 καλῶν,
427 1320 504 1364 τοὺς
523 1320 603 1371 περὶ
620 1320 678 1358 τὸν
706 1319 865 1372 Ἀὸραὰμ
894 1319 954 1358 καὶ
985 1319 1108 1358 Ἰσαὰκ

89 1380 149 1419 καὶ
168 1380 298 1418 ’laxae
312 1410 321 1426 ‚
350 1379 428 1424 τοὺς
453 1380 655 1432 προφήτας,
674 1380 752 1423 τοὺς
772 1380 1012 1432 πατριάρχας,
1032 1380 1109 1423 τοὺς

89 1442 148 1479 ἐπὶ
177 1444 238 1487 τῆς
264 1443 427 1484 Παλαιᾶς
449 1441 721 1492 εὖδοκιμηκότας
752 1442 930 1485 ἅπαντας·
963 1442 1110 1485 κλάδους

257 1501 272 1513 9
321 1504 330 1516 '5

91 1502 126 1540 δὲ
145 1501 223 1544 τοὺς
239 1504 272 1545 ἐς
294 1504 404 1540 αυτῶν
423 1501 686 1546 πιστεύσαντας.
703 1496 800 1540 Εἶτα
819 1502 937 1549 ἐπειδὴ
963 1502 1108 1540 ἀντέπι-

1142 1544 1148 1557 Ι

91 1579 174 1601 πτεν
203 1564 294 1614 αὐτῷ
314 1562 353 1599 τὸ
380 1562 526 1606 πολλοὺς
545 1562 799 1610 ἧπιστηκέναι,
825 1563 889 1615 ὅρα
908 1565 1005 1606 8πῶς
1028 1563 1111 1601 αὐτὸ
1124 1543 1170 1609 Εἰ

91 1623 196 1662 ποίλιν
213 1623 443 1673 ὑποτέμνεται
458 1652 467 1669 ,
490 1623 550 1661 καί
569 1639 671 1674 φησιν
685 1639 692 1646 ·
709 1625 754 1661 Εἰ
769 1623 806 1660 δέ
821 1639 910 1667 τινες
933 1627 1001 1661 τῶν
1023 1623 1111 1662 κλά-

93 1685 160 1721 δων
175 1683 442 1730 ἐξεκλάσθησαν.
460 1684 529 1721 Καὶ
545 1684 613 1735 μὴν
628 1683 698 1721 ἄνω
710 1683 842 1734 ἔλεγες,
858 1683 912 1722 ὅτι
927 1687 958 1722 οἱ
971 1683 1110 1727 πλείους

93 1743 272 1782 ἀπώλοντο
287 1774 296 1791 ,
318 1744 378 1782 καὶ
398 1743 507 1795 ὀλίγοι
527 1743 739 1789 διεσώθησαν
755 1759 763 1767 ·
791 1747 865 1787 πῶς
885 1738 942 1783 οὖν
966 1747 1112 1783 ἐνταῦθα

93 1804 150 1842 ἐπὶ
170 1808 237 1842 τῶν
255 1804 503 1855 ἀπολλυμένων
529 1804 587 1850 τὸ,
602 1804 702 1848 Τινὲς
715 1833 724 1850 ,
740 1804 896 1848 τέθεικας
912 1834 921 1851 ,
938 1805 1023 1858 ὅπερ
1042 1807 1112 1843 ὄλι-

92 1864 236 1914 γότητός
255 1866 349 1902 ἐστιν
366 1864 594 1916 ἐμφαντικόν,
615 1866 692 1902 Οὐκ
710 1866 869 1916 ἐμαυτῷ,
891 1865 993 1916 φησὶ,
1015 1879 1113 1914 περι-

92 1925 245 1972 πίπτων,
265 1924 354 1963 ἀλλὰ
374 1929 582 1977 θεραπεῦσαι
599 1923 756 1963 σπεύδων
776 1925 834 1963 καὶ
851 1925 1113 1972 ἀνακτήσασθαι

92 1984 169 2028 τοὺς
187 1985 440 2031 πεπονηκότας.
458 1979 559 2029 Εἶδες
587 1988 660 2029 πῶς
681 1985 737 2023 ’διὰ
762 1984 888 2028 παντὸς
907 1989 966 2023 τοῦ
982 1984 1112 2038 χωρίου

94 2046 266 2084 δείκνυται
285 2051 384 2084 τοῦτο
402 2046 682 2092 κατασκευάζων,
697 2046 735 2084 τὸ
755 2045 937 2095 βούλεσθαι
951 2062 1113 2098 παραμυ-

96 2106 265 2152 θήσασθαι
287 2106 428 2152 αὐτούς;
448 2106 511 2143 κᾶν
529 2105 652 2157 ἀνέλῃς
675 2106 778 2153 αὐτὸ,
801 2105 914 2144 πολλὰ
934 2106 1054 2157 ἕψεται
1070 2105 1114 2142 τὰ

93 2166 347 2216 ἐναντιώματα.
376 2165 426 2204 Σὺ
446 2166 483 2204 δέ
508 2181 567 2216 μοι
595 2166 719 2203 σκόπει
745 2167 848 2204 αὐτοῦ
883 2165 946 2212 τὴν
973 2165 1110 2217 σοφίαν,

94 2230 168 2274 πῶς
184 2228 292 2265 δοκῶν
309 2226 396 2279 ὑπὲρ
412 2228 523 2263 αὖτῶν
540 2225 665 2276 λέγειν,
685 2226 743 2263 καὶ
759 2225 984 2278 παραμυθίαν
1000 2228 1113 2269 αὐτοῖς

93 2289 252 2332 ἐπινοεῖν,
274 2286 333 2324 καὶ
352 2286 498 2332 πλήττει
516 2286 771 2330 λανθανόντως,
798 2285 858 2324 καὶ
882 2286 998 2332 πάσης
1023 2289 1114 2325 ἀπο-

92 2346 210 2395 λογίας
229 2346 398 2384 δείκνυσιν
417 2346 682 2398 ἐστερημένους,
717 2346 787 2384 ἀπό
815 2348 878 2391 τῆς
910 2346 1021 2398 ῥίζης,
1043 2346 1112 2385 ἀπὸ

93 2410 154 2452 τ’ἥς
172 2409 344 2459 ἀπαρχῆς.
364 2406 550 2453 Ἐννόησον
569 2406 635 2460 γὰρ
655 2405 823 2457 πονηρίαν
854 2409 923 2444 τῶν
955 2407 1107 2453 κλάδων,

92 2468 148 2505 ὅτε
168 2467 256 2517 μηδὲ
282 2467 377 2519 ῥίζαν
407 2467 542 2519 ἔχοντες
570 2469 746 2519 γλυκεῖαν,
770 2471 958 2517 μιμοῦνται
986 2468 1110 2515 αὐτήν·

93 2528 152 2565 καὶ
171 2527 232 2574 τὴν
253 2527 377 2565 κακίαν
403 2532 462 2565 τοῦ
483 2528 702 2579 φυράματος,
727 2527 808 2566 ὅταν
834 2528 922 2578 μηδὲ
952 2528 1021 2566 ἀπὸ
1049 2531 1111 2574 τῆς

94 2591 256 2639 ἀπαρχῆς
276 2588 554 2638 μεταὸοίλληται.
585 2590 630 2626 Εἰ
653 2587 689 2625 δέ
709 2603 797 2630 τινες
816 2591 884 2625 τῶν
904 2587 1040 2625 κλάδων
1057 2587 1111 2632 ἐξ·

93 2648 326 2694 εκλάσθησαν.
344 2648 414 2686 Καὶ
428 2647 496 2698 μὴν
512 2648 551 2686 τὸ
565 2647 668 2686 πλέον
687 2647 876 2694 ἓξεκλοίσθη
888 2660 896 2668 ·
918 2649 1008 2695 ἀλλ’,
1027 2647 1113 2700 ὅπερ

96 2708 192 2761 ἔφην,
212 2709 370 2759 βούλεται
388 2710 510 2752 αὐτοὺς
523 2712 816 2760 παραμυθεῖσθαι.
837 2707 905 2745 Διὰ
920 2712 1018 2746 τοῦτο
1037 2708 1114 2746 οὐδὲ

95 2772 179 2821 παρ’
200 2772 342 2817 ἑαυτοῦ,
371 2769 462 2808 ἀλλὰ
487 2772 570 2821 παρ’
591 2769 731 2807 ἐκείνων
753 2768 885 2820 εἰσάγει
913 2768 970 2806 τὸν
1001 2768 1118 2820 λόγον,

96 2830 154 2868 καὶ
171 2832 205 2868 ἐν
225 2830 336 2882 τούτῳ
355 2829 590 2873 λανθανόντως
617 2831 728 2867 αὐτῶν
750 2828 1015 2879 καθικνούμενος
1027 2860 1036 2876 ,
1055 2828 1115 2866 καὶ

97 2890 227 2934 δεικνὺς
257 2893 318 2936 τῆς
344 2895 403 2928 τοῦ
424 2889 583 2942 Ἀὸραδιμ
602 2889 800 2941 συγγενείας
828 2889 1114 2933 ἐκπεπτωκότας·

97 2952 198 2988 τοῦτο
216 2951 283 3003 γὰρ
299 2946 354 2999 ἦν,
371 2951 388 2990 ὃ
403 2951 564 2989 ἔσπευδεν
586 2953 705 2996 εἰπεῖν,
725 2949 773 2988 ζ’τι
788 2949 883 2989 οὐδὲν
903 2950 1014 2988 κοινὸν
1031 2951 1116 3002 πρὸς

102 3011 228 3050 ἐκεῖνον
263 3011 413 3063 ἔχουσιν.
444 3013 488 3049 Εἰ
508 3010 574 3062 γὰρ
597 3011 678 3062 ἁγία
699 3014 720 3058 ἦ
745 3010 842 3063 ῥίζα,
878 3005 971 3048 οὗτοι
998 3010 1034 3048 δὲ
1055 3012 1118 3062 οὐχ

101 3071 212 3121 ἅγιοι,
233 3072 301 3122 ἄρα
314 3072 431 3124 πόῤῥω
451 3074 513 3118 τῆς
535 3071 628 3124 ῥίζης
650 3065 756 3110 οὗτοι.
772 3065 861 3109 Εἶτα
873 3072 982 3109 δοκῶν
1001 3087 1118 3122 παρα-

103 3130 682 3180 μυθήσασθαιτονἸουδαῖον,ποίλιν
693 3131 839 3178 πλήττει
855 3131 911 3169 διὰ
930 3134 990 3178 τῆς
1010 3147 1120 3177 κατη·

104 3189 219 3240 γορίας
246 3191 320 3233 τοὺς
353 3191 385 3235 ἐξ
413 3193 517 3229 ἐθνῶν
533 3207 540 3215 ·
565 3191 669 3230 εἰπὼν
699 3192 791 3243 γὰρ,
812 3193 856 3229 Εἰ
878 3191 914 3230 δέ
938 3207 1025 3234 τινες
1053 3194 1122 3229 τῶν

106 3251 240 3289 κλάδων
256 3250 507 3299 ἐξεκλάσθησαν
512 3282 523 3299 ‚
538 3252 693 3304 ἐπήγαγε
710 3269 716 3275 ·
734 3252 784 3291 Σὺ
799 3252 833 3290 δὲ
852 3251 1046 3304 ἀγριέλαιος
1063 3251 1123 3299 ὢν,

152 3378 164 3393 a
189 3368 263 3401 MSS.
282 3377 341 3406 πῶς
357 3373 459 3408 αὐτοὺς
476 3374 573 3405 πάλιν.

1223 276 1377 306 HOMIL.
1417 276 1507 306 xlx.
2062 276 2149 320 717

1180 357 1273 407 Quoe
1292 360 1491 403 assumtio,
1507 358 1580 394 nisi
1600 360 1686 394 vita
1696 370 1742 394 ex
1754 359 1937 394 mortuis?
1956 355 2027 395 Sed
2042 370 2153 406 neque

1174 417 1241 454 hoc
1258 417 1304 454 ad
1319 417 1414 468 illos,
1435 417 1503 455 nisi
1522 417 1668 455 assumti
1684 417 1844 455 fuissent.
1865 415 1974 465 Quod
1994 431 2079 456 vero
2097 416 2152 454 di-

1175 477 1243 526 cit,
1264 478 1337 515 tale
1350 486 1401 516 est
1419 494 1426 514 :
1444 478 1472 516 si
1500 478 1634 518 Judaeis
1653 479 1786 528 iratus,
1808 486 1860 516 tot
1879 487 2046 528 tantaque
2073 477 2153 516 aliis

1175 537 1323 588 largitus
1342 547 1412 586 est3
1435 538 1576 588 quando
1593 553 1675 577 cum
1689 539 1760 576 illis
1776 538 2021 576 reconciliatus
2035 537 2152 585 fuerit,

1175 597 1263 647 quid
1285 611 1354 635 non
1376 598 1580 649 largietur?
1607 600 1744 639 Verum
1764 599 1854 635 sicut
1877 597 2086 635 resurrectio
2109 611 2154 635 ex

1177 659 1328 697 mortuis
1347 672 1416 696 non
1431 668 1483 697 est
1496 668 1639 711 propter
1653 659 1798 697 illorum
1814 660 2065 698 assumtionem
2076 689 2087 709 ,
2105 659 2155 697 ita

1178 734 1290 770 neque
1308 721 1404 758 salus
1428 730 1546 759 nostra
1569 730 1710 773 propter
1738 722 1817 760 illos
1851 731 1926 770 est;
1957 723 2018 760 sed
2053 724 2155 775 ejecti

1177 781 1323 832 quidem
1342 791 1423 820 sunt
1441 782 1487 820 ob
1508 782 1768 833 insipientiam,
1794 797 1856 820 nos
1887 798 1972 821 vero
2007 785 2157 823 salutem

1178 841 1272 878 nacti
1297 856 1419 879 sumus
1445 856 1492 879 ex
1521 842 1592 879 fide.
1619 851 1653 879 et
1679 856 1831 893 superna
1864 844 1986 894 gratia.
2019 845 2158 883 Horum

1179 915 1262 939 vero
1284 901 1377 939 nihil
1394 902 1467 940 illis
1489 901 1656 953 prodesse
1684 902 1840 954 poterit,
1863 904 1930 941 nisi
1959 918 2157 957 congruen-

1182 970 1250 998 tem
1286 961 1392 999 fidem
1429 962 1633 999 exhibeant.
1670 963 1847 1000 Caeterum
1875 979 1918 1002 ex
1956 966 2058 1004 solito
2090 968 2160 1005 sibi

1180 1036 1277 1059 more
1312 1021 1357 1060 ad
1394 1023 1595 1060 encomium
1626 1023 1728 1061 aliud
1756 1038 1954 1062 sermonem
1983 1029 2159 1076 transfert,

1182 1081 1276 1132 quod
1287 1083 1487 1120 encomium
1504 1097 1587 1121 vere
1603 1097 1672 1121 non
1692 1093 1762 1129 est,
1801 1085 1865 1122 etsi
1885 1086 2048 1124 videatur
2065 1102 2137 1125 csse
2151 1119 2161 1137 ,

1182 1143 1334 1194 optimos
1352 1143 1573 1181 medicorum
1594 1144 1753 1182 imitatus
1766 1175 1775 1193 ,
1801 1145 1862 1195 qui
1883 1155 2023 1184 eatenus
2054 1162 2164 1199 aegros

1183 1204 1342 1241 solantur
1361 1234 1371 1252 ,
1398 1213 1570 1255 quatenus
1586 1205 1701 1243 morbi
1721 1215 1846 1244 natura
1867 1208 2039 1245 concedit.
2065 1209 2165 1257 Quid

1185 1264 1277 1303 enim
1297 1265 1377 1304 ait?
1399 1265 1463 1304 46.
1499 1267 1612 1316 Quod
1631 1269 1665 1304 si
1689 1270 1869 1318 primitia?
1885 1278 2031 1306 sanctae
2049 1278 2162 1319 sunt,

1184 1329 1401 1378 conspersio
1419 1341 1570 1379 quoque
1583 1336 1721 1366 sancta
1735 1344 1749 1373 ,·
1770 1336 1806 1366 et
1820 1331 1853 1365 si
1867 1330 1983 1366 radix
1998 1339 2136 1378 sancta
2151 1360 2162 1376 ,

1184 1397 1221 1426 et
1246 1390 1348 1426 rami
1367 1401 1546 1440 quoqu65
1572 1388 1750 1440 primitias
1779 1388 1839 1426 hic
1857 1398 1890 1426 et
1914 1389 2069 1428 radicem
2100 1405 2167 1429 vo-

1185 1463 1266 1486 cans
1286 1448 1466 1486 Abraham
1485 1478 1495 1497 ,
1515 1449 1612 1486 Isaac
1631 1458 1664 1487 et
1684 1450 1795 1488 Jacob
1810 1479 1822 1498 ,
1844 1450 2033 1502 prophetas
2055 1460 2088 1489 et
2107 1466 2166 1503 pa-

1186 1509 1357 1546 triarchas
1370 1538 1380 1557 ,
1403 1517 1435 1546 et
1455 1518 1629 1559 quotquot
1648 1510 1683 1547 in
1710 1510 1832 1549 Veteri
1853 1511 2078 1549 Testamento
2094 1513 2166 1550 cla-

1186 1584 1313 1619 ruere3
1346 1582 1462 1607 ramos
1487 1579 1604 1607 autem
1629 1584 1691 1609 eos
1707 1600 1718 1616 ,
1746 1570 1808 1621 qui
1834 1585 1879 1608 ex
1898 1570 1969 1609 illis
1989 1572 2057 1609 orti
2088 1582 2168 1610 sunt

1186 1629 1374 1667 credentes.
1412 1630 1550 1668 Deinde
1577 1630 1658 1680 quia
1693 1631 1907 1682 objiciebant
1938 1632 2012 1681 illi,
2037 1633 2170 1671 multos

1186 1704 1255 1728 non
1275 1689 1466 1729 credidisse
1477 1721 1488 1740 ,
1507 1690 1589 1729 vide
1605 1691 1784 1741 quomodo
1801 1691 1838 1729 id
1858 1706 1979 1729 rursus
1993 1703 2166 1743 amoveat,

1185 1751 1326 1789 dicens:
1344 1753 1407 1789 17.
1427 1753 1540 1802 Quod
1553 1754 1586 1789 si
1602 1752 1728 1803 aliqui
1742 1766 1788 1789 ex
1799 1754 2052 1805 ramissracti
2067 1763 2168 1792 sunt.

1188 1812 1296 1863 Atqui
1317 1827 1424 1864 supra
1444 1812 1586 1850 dicebas
1606 1842 1616 1862 ,
1641 1813 1754 1850 multo
1778 1813 1899 1865 plures
1927 1813 2075 1865 periisse
2093 1845 2102 1863 ,
2136 1825 2169 1853 et

1187 1887 1316 1926 paucos
1331 1873 1447 1911 salvos
1467 1872 1573 1912 fuisse
1593 1888 1600 1909 :
1620 1873 1798 1923 quomodo
1818 1888 1901 1925 ergo
1915 1873 1974 1911 hic
1994 1873 2038 1912 de
2050 1875 2094 1912 iis
2108 1876 2169 1926 qui

1187 1933 1322 1985 periere
1337 1933 1428 1971 dicis
1455 1933 1619 1985 Aliqui,
1653 1933 1693 1971 id
1721 1933 1815 1984 quod
1846 1948 1977 1986 paucos
2009 1935 2171 1978 indicat?

1188 1995 1267 2032 Non
1288 1994 1396 2042 mihi,
1414 1993 1549 2044 inquit,
1573 1993 1775 2031 contradico
1789 2024 1801 2041 ,
1819 1994 1880 2032 sed
1899 1995 2096 2033 laborantes
2111 2011 2172 2034 cu-

1188 2069 1266 2093 rare
1282 2064 1316 2093 et
1342 2054 1509 2093 reducere
1527 2054 1666 2092 studeo.
1697 2054 1829 2094 Viden’
1853 2056 2030 2106 quomodo
2048 2057 2084 2094 in
2103 2057 2170 2094 hoc

1188 2117 1264 2155 loco
1282 2131 1421 2170 semper
1433 2116 1718 2169 deprehendatur
1737 2116 1775 2155 id
1791 2131 1914 2155 curare
1926 2148 1938 2169 ,
1955 2127 1996 2155 ut
2015 2119 2170 2157 console-

1188 2187 1246 2216 tur
1265 2178 1374 2215 illos‘?
1394 2177 1470 2214 Hoc
1485 2177 1514 2214 si
1528 2176 1573 2215 de
1591 2176 1706 2216 medio
1722 2177 1837 2225 tollas,
1852 2179 1963 2216 multa
1980 2189 2170 2229 sequentur

1188 2238 1374 2276 contraria.
1406 2239 1465 2276 Tu
1491 2251 1576 2275 vero
1600 2237 1689 2274 mihi
1712 2238 1909 2276 consideres
1934 2239 2045 2278 velim
2072 2240 2172 2278 illius

1187 2298 1408 2350 sapientiam,
1428 2296 1605 2348 quomodo
1619 2296 1706 2334 dum
1725 2298 1871 2336 videtur
1887 2313 1951 2350 pro
1966 2299 2038 2337 illis
2056 2299 2173 2337 dicere

1188 2368 1221 2396 et
1236 2358 1509 2397 consolationem
1537 2357 1739 2409 excogitare
1753 2388 1764 2408 ,
1787 2358 1880 2396 clam
1898 2359 2113 2410 perstringat
2139 2370 2172 2398 et

1188 2420 1303 2458 omnis
1315 2418 1552 2457 excusationis
1567 2427 1728 2470 expertes
1741 2418 1838 2456 dicat
1852 2434 1863 2468 3
1881 2419 1988 2470 idque
2003 2435 2022 2458 a
2036 2421 2170 2471 radice,

1188 2495 1207 2518 a
1228 2479 1411 2533 primitiis.
1438 2478 1564 2530 Cogita
1579 2493 1761 2516 ramorum
1792 2479 1964 2517 malitiam
1980 2510 1991 2531 ,
2010 2481 2071 2531 qui
2089 2495 2173 2519 cum

1188 2541 1345 2579 radicem
1362 2539 1505 2577 dulcem
1526 2553 1596 2576 non
1615 2539 1769 2577 habeant
1784 2569 1796 2589 ,
1827 2540 2014 2578 imitantur
2038 2542 2138 2580 illam
2159 2559 2168 2579 :

1188 2604 1363 2642 malitiam
1383 2616 1524 2652 quoque
1544 2601 1823 2653 conspersionis,
1845 2602 1986 2652 quando
2005 2617 2077 2641 nea
2095 2604 2171 2655 pri-

1190 2666 1300 2705 mitiis
1322 2665 1474 2716 quidem
1511 2672 1681 2701 mutatur.
1726 2665 1838 2714 Quod
1871 2667 1904 2702 si
1937 2667 2097 2716 quidam
2123 2681 2170 2704 ex

1190 2730 1315 2777 ramis·
1317 2728 1442 2777 fracti
1466 2723 1568 2762 suni.
1590 2723 1694 2773 Atqui
1716 2725 1830 2775 major
1848 2739 1930 2776 pars
1959 2726 2070 2764 fracta
2090 2736 2140 2764 est
2156 2743 2167 2777 5

1191 2787 1250 2826 sed
1261 2817 1274 2837 ,
1296 2796 1335 2824 ut
1356 2785 1436 2823 dixi
1451 2814 1462 2835 ,
1486 2785 1565 2823 vult
1579 2784 1659 2821 illos
1673 2784 1847 2822 consolari
1870 2801 1878 2821 ε
1900 2785 2050 2837 ideoque
2068 2801 2137 2825 non
2150 2803 2170 2825 a

1189 2848 1326 2900 seipso,
1364 2845 1427 2884 sed
1446 2845 1490 2882 ab
1518 2844 1590 2881 illis
1621 2857 1817 2882 sermonem
1845 2843 2012 2895 inducit,
2045 2847 2080 2885 in
2103 2847 2171 2886 hoc

1191 2925 1330 2964 quoque
1348 2910 1440 2948 clam
1457 2908 1537 2946 illos
1556 2907 1729 2945 insectans
1745 2937 1756 2957 ,
1778 2917 1812 2946 et
1829 2909 2015 2948 ostendens
2031 2910 2112 2949 illos
2127 2912 2172 2949 ab

1193 2977 1386 3018 Abrahami
1414 2975 1619 3027 cognatione
1638 2973 1820 3012 excidisse.
1850 2975 1925 3013 Hoc
1943 2977 2037 3014 enim
2067 2987 2142 3014 erat
2162 3008 2171 3025 ,

1193 3045 1288 3099 quod
1300 3044 1417 3082 dicere
1432 3042 1608 3090 studebat,
1625 3041 1719 3093 ipsos
1733 3055 1856 3094 nempe
1884 3043 1975 3080 nihil
1989 3057 2174 3082 commune

1195 3126 1276 3152 cum
1290 3111 1352 3149 illo
1371 3109 1513 3147 habere.
1531 3109 1622 3146 Nam
1637 3108 1665 3145 si
1685 3107 1790 3145 radix
1812 3118 1930 3146 sancta
1952 3118 2002 3147 est
2021 3139 2032 3159 ,
2058 3110 2098 3147 hi
2115 3123 2175 3148 ve-

1197 3195 1234 3218 ro
1253 3192 1321 3216 non
1342 3177 1453 3215 sancti
1473 3185 1569 3225 sunt,
1592 3189 1673 3213 sane
1686 3175 1811 3227 procul
1830 3190 1849 3213 a
1865 3176 1985 3214 radice
2004 3176 2056 3214 illi
2079 3186 2174 3215 sunt.

1200 3246 1334 3288 Deinde
1360 3245 1447 3283 dum
1471 3243 1637 3284 Judaeum
1671 3244 1842 3283 consolari
1867 3244 2032 3294 videtur,
2058 3260 2180 3285 rursus
