2466 3805
614 262 658 290 IN
697 260 811 290 ACTA
846 257 1195 291 APOSTOLORUM.
1234 257 1390 287 HOMIL.
1427 256 1559 287 XXIV.
2029 258 2121 304 209

47 344 260 390 τασκευάζει.
277 344 349 382 Καὶ
359 344 445 395 ὅρα,
465 346 538 387 πῶς
558 344 802 393 ἀπολογεῖται,
820 342 878 381 καὶ
895 344 955 380 οὒκ
976 341 1063 385 ἀξιοῖ
1084 344 1109 374 Ε
1136 341 1263 386 domo,
1286 342 1328 376 in
1350 353 1428 392 qua
1451 353 1572 386 eram,
1595 341 1702 377 missi
1726 352 1751 376 a
1773 337 1953 376 Coesarea
1975 341 2034 378 ad
2050 352 2121 377 me.

46 410 95 459 τῷ
111 410 170 445 τοῦ
186 406 394 444 διδασκάλου
413 404 586 456 ἀξιώματι
621 404 864 456 1’κεχρῆσθαν
893 403 969 452 ᾔδει
997 401 1064 455 γὰρ

45 468 118 515 ὅτι,
145 466 215 519 ὅσῳ
243 465 492 520 ἐπιεικέστερον
519 464 724 517 φθέγγεται,
751 463 902 516 τοσούτῳ
934 465 1063 514 μᾶλλον

46 528 167 571 αὐτοὺς
185 531 380 579 χειροῦται.
412 526 592 565 Οὐδέποτε
619 527 756 572 εἷο-ἦλθε
772 553 781 571 ,
811 525 929 577 φησὶν,
959 527 1007 567 εἷς
1025 524 1065 562 τὸ

42 588 156 639 στόμα
191 604 256 638 μου
284 588 397 625 κοινὸν
421 587 443 633 ἢ
471 586 678 639 ἀκάθαρτον.
711 585 836 628 Οὕτως
869 584 1065 636 οἰκονομίας

41 656 138 688 πᾶσα
155 644 197 696 ἦν
216 654 238 697 ἡ
260 649 441 700 ἀπολογία.
461 649 530 686 Καὶ
556 648 625 686 ἰδοὺ
646 648 679 692 ἐξ
701 649 807 693 αὐτῆς
833 653 923 699 τρεῖς
947 647 1066 698 ἄνδρες

43 710 237 757 ἐπέστησαν
258 712 292 748 ἐν
312 714 354 761 τῇ
377 710 487 760 οἰκίᾳ,
517 711 551 746 ἐν
580 704 604 760 ᾗ
635 709 742 761 ἤμην.
777 703 866 748 Eius
886 710 922 748 δέ
947 723 1007 759 μοι
1026 708 1065 745 τὸ

45 772 188 821 Πνεῦμα
208 772 378 809 συνελθεῖν
400 772 515 813 αὐτοῖς
535 770 641 820 μηδὲν
662 769 932 821 διακρινόμενον.

95 1017 221 1069 εΟρᾷς,
238 1016 291 1055 ὅτι
309 1015 513 1065 Πνεύματος
526 1018 547 1061 ἦ
564 1013 765 1064 νομοθεσία,
781 1006 914 1051 ὟΗλθον
939 1011 975 1049 δὲ
998 1011 1059 1050 σὺν

264 1076 296 1089 ἢν
322 1077 331 1090 2
341 1077 355 1089 Ν

43 1078 120 1128 ἐμοὶ
139 1077 197 1114 καὶ
212 1080 242 1114 οἱ
261 1090 296 1120 ες
313 1075 453 1127 αοελφοὶ
473 1069 577 1112 οὗτοι.
599 1074 647 1112 Τί
664 1073 787 1126 γένοιτ’
808 1073 848 1111 ἂν
862 1073 1061 1111 ταπεινότε-

1070 1107 1118 1134 194

1135 401 1265 438 Narrat
1285 414 1338 445 ea,
1358 414 1435 451 quae
1452 400 1645 438 necessaria
1664 408 1782 449 erant;
1797 399 1866 436 alia
1885 408 1987 449 tacet,
2004 400 2076 438 imo
2090 408 2124 437 et

1135 475 1198 513 per
1217 461 1293 499 haec
1314 461 1376 498 illa
1394 462 1534 514 probat.
1555 461 1602 498 Et
1622 460 1717 510 vide,
1738 459 1915 512 quomodo
1937 475 2010 498 sese
2029 476 2122 513 pur-

1135 531 1206 573 get,
1226 522 1348 560 nolens
1366 521 1522 559 doctoris
1541 521 1750 560 auctoritate
1772 521 1825 559 uti
1846 537 1854 558 :
1874 521 2006 559 sciebat
2027 521 2122 560 enim

1135 597 1171 620 se
1189 592 1320 633 quanto
1342 582 1535 622 modestius
1554 583 1780 633 loquebatur,
1797 592 1893 620 tanto
1914 583 2027 634 magis
2042 583 2123 621 illos

1135 652 1322 695 capturum
1339 658 1423 681 esse.
1439 645 1663 695 ZVumquam
1679 647 1865 690 introivit,
1883 644 2014 694 inquit,
2025 647 2067 682 in
2082 659 2122 684 os

1135 717 1260 740 meum
1284 717 1485 741 commune
1509 705 1576 741 vel
1597 706 1847 744 immundum.
1866 705 1914 742 Et
1935 705 1987 742 sic
2009 714 2124 744 totum

1135 767 1336 804 oeconomice
1352 767 1508 804 defensio
1525 776 1610 804 erat.
1624 769 1677 804 Et
1697 782 1783 805 ecce
1800 777 1873 806 tres
1889 771 1968 805 ‘viri
1983 770 2122 821 confe—

1133 830 1221 864 stim
1239 829 1473 865 adstiterunt
1487 830 1528 864 in
1549 829 1677 874 domo,
1695 831 1737 865 in
1747 843 1823 879 qua
1835 843 1953 867 eram.
1969 832 2031 868 49.
2044 832 2122 868 Di—

1131 887 1192 924 xit
1202 895 1332 924 autem
1351 888 1448 924 mihi
1461 887 1639 938 Spiritus,
1659 896 1700 925 ut
1715 891 1808 925 irem
1824 889 2004 926 cumillis
2020 892 2121 928 nihil

1132 947 1329 983 lioesitans.

1183 1011 1220 1045 9.
1251 1007 1381 1046 Viden’
1398 1008 1495 1058 quod
1521 1008 1676 1060 Spiritus
1704 1008 1749 1046 sit
1772 1008 1976 1059 legislatio?
1993 1010 2119 1047 Vene-

1131 1077 1220 1105 runt
1235 1077 1363 1106 autem
1378 1083 1525 1106 mecum
1543 1078 1579 1107 et
1602 1083 1682 1122 sex·
1685 1071 1830 1119 fratres
1850 1073 1925 1108 isti.
1943 1070 2045 1116 Quid
2058 1072 2120 1109 Pe-

44 1155 99 1191 ρον
114 1138 267 1188 Πέτρου,
287 1137 322 1179 ὃς
336 1136 404 1173 ἀπὸ
422 1134 552 1181 ταύτης
566 1134 624 1172 καὶ
637 1137 704 1172 τῶν
721 1135 876 1185 ἀδελφῶν
892 1133 954 1179 τὴν
972 1150 1061 1187 μαρ-
1081 1145 1107 1173 Α
1130 1138 1184 1166 tro
1207 1129 1396 1179 humilius,
1420 1130 1483 1181 qui
1503 1130 1609 1168 ctiam
1630 1131 1688 1168 hic
1705 1131 1857 1168 fratrum
1876 1133 2120 1171 testimonium

42 1198 159 1250 τυρίαν
179 1196 414 1248 προέοίλλεται
426 1211 436 1243 ;
457 1197 632 1242 Συνῆλθον
655 1195 691 1233 δέ
711 1210 770 1246 μοι
790 1198 820 1233 οἱ
840 1194 876 1238 ἓξ
896 1195 1037 1247 ἀδελφοὶ
1052 1226 1061 1242 ,

40 1259 98 1296 καὶ
117 1259 318 1308 εἰσήλθομεν
343 1259 389 1300 εἷς
408 1256 470 1302 τὴν
491 1256 601 1294 οἰκίαν
622 1260 682 1293 τοῦ
700 1256 833 1308 ἀνδρός.
855 1255 1061 1307 Ἀπηγγειλε

41 1319 75 1358 δὲ
92 1323 189 1370 ἡμῖν,
205 1322 279 1362 πῶς
299 1311 366 1356 εἶδε
385 1317 442 1356 τὸν
464 1318 608 1369 ἄγγελον
627 1319 660 1356 ἐν
679 1318 729 1369 τῷ
749 1316 833 1369 οἴκῳ
853 1319 958 1355 αὐτοῦ
978 1333 1062 1355 στα-

40 1382 142 1418 θέντα
160 1380 218 1418 καὶ
239 1379 379 1418 εἰπόντα
395 1380 505 1430 αὐτῷ·
527 1380 730 1417 ἀπόστειλον
751 1380 798 1421 εἷς
818 1377 964 1425 Ἰόππην
1000 1379 1062 1417 ἅν-

40 1442 142 1492 δρας,
174 1441 233 1477 καὶ
259 1440 488 1491 μετάπεμψαι
513 1438 658 1489 Σίμωνα
693 1438 750 1476 τὸν
786 1439 1059 1489 ἐπικαλούμενον

40 1501 188 1554 Πέτρον,
207 1501 242 1545 ὃς
263 1500 411 1547 λαλήσει
434 1501 574 1553 ῥήματα
593 1500 678 1553 πρὸς
700 1499 738 1538 σὲ
755 1530 764 1546 ,
792 1501 826 1537 ἐν
848 1495 897 1543 οἷς
916 1501 1057 1554 σωθήσῃ

39 1561 80 1600 σὺ
99 1562 159 1599 καὶ
174 1569 241 1605 πᾶς
259 1566 276 1600 ὃ
290 1555 380 1604 οἶκός
400 1577 472 1599 σου.
491 1560 559 1599 Καὶ
578 1564 639 1598 οὐκ
655 1554 728 1598 εἷπε
743 1559 788 1598 τὰ
804 1561 902 1612 παρὰ
916 1564 976 1599 τοῦ
997 1564 1059 1613 ἀγ-

38 1623 139 1673 γέλου
173 1622 319 1673 ῥηθέντα
343 1624 394 1673 τῷ
412 1622 618 1674 Κορνηλίῳ·
644 1623 690 1659 Αἱ
718 1621 818 1673 εὐχαί
847 1637 906 1659 σου
937 1621 996 1659 καὶ
1022 1624 1057 1659 αἱ

41 1683 268 1733 ἐλεημοσύναι
297 1699 356 1721 σου
387 1682 560 1729 ἀνέδησαν
589 1685 635 1725 εἷς
656 1683 874 1732 μνημόσυνον
909 1682 1056 1722 ἐνώπιον

40 1748 100 1782 τοῦ
121 1747 212 1783 Θεοῦ
226 1774 236 1791 ,
262 1743 318 1781 ἵνα
347 1742 394 1794 μὴ
419 1747 552 1795 προστῇ
575 1745 688 1787 αὐτοῖς
702 1758 709 1766 ·
729 1746 831 1781 ’Ἱὰλλ’
853 1743 941 1796 ἅπερ
961 1744 1057 1782 οὐδὲν

39 1799 133 1857 εἶχον
154 1805 260 1855 μέγα·
281 1804 438 1850 Λαλήσει
454 1804 595 1857 ῥήματα
613 1805 696 1856 πρὸς
711 1804 749 1842 σὲ
762 1834 771 1851 ,
793 1806 826 1842 ἐν
847 1799 896 1848 οἷς
915 1805 1056 1858 σωθήσῃ
1078 1818 1102 1848 Β

41 1865 81 1903 σὺ
110 1865 169 1902 καὶ
195 1871 263 1908 πᾶς
282 1868 299 1902 ὃ
319 1858 410 1907 οἶκός
430 1881 501 1903 σου.
522 1864 629 1916 Ὁρᾷς
643 1895 652 1912 ,
683 1868 757 1908 πῶς
777 1865 819 1902 δι’
849 1865 934 1917 ὅπερ
953 1865 1057 1918 ἔφθην

39 1926 235 1977 ἐπείγεται;
255 1927 324 1964 Καὶ
354 1925 449 1964 οὐδὲν
476 1925 569 1977 λέγει
596 1925 759 1978 περὶτῆς
783 1926 970 1970 ἐπιεικείας
997 1931 1057 1966 τοῦ

39 1988 169 2040 ἀνδρός.
190 1990 262 2026 Τοῦ
282 1987 486 2037 Πνεύματος
500 1987 612 2025 τοίνυν
638 1987 839 2039 πέμψαντος
856 2017 866 2033 ,
884 1992 944 2026 τοῦ
966 1990 1058 2027 Θεοῦ

39 2049 282 2096 κελεύσαντος,
299 2049 355 2086 διὰ
373 2052 431 2088 τοῦ
449 2048 595 2099 ἀγγέλου
612 2051 738 2087 ἐκεῖθεν
756 2049 984 2097 καλέσαντος,
1006 2052 1059 2088 ἐν·

39 2114 155 2149 τεῦθεν
174 2111 360 2158 ὠθοῦντος,
379 2109 517 2153 λύοντος
535 2110 597 2156 τὴν
618 2109 781 2162 διαφορὰν
800 2114 869 2148 τῶν
891 2111 1060 2164 πραγμά-

39 2188 108 2209 των
126 2202 133 2216 ,
152 2171 185 2209 τί
215 2175 359 2218 ποι-ἧσαι
388 2171 472 2219 ἔδει;
493 2171 583 2209 Ἀλλ’
609 2171 646 2208 οὗ
670 2171 763 2222 λέγει
786 2171 916 2209 τούτων
951 2172 1057 2221 οὐδὲν,

39 2234 116 2271 ἀλλ’
139 2233 208 2271 ἀπὸ
226 2238 284 2271 τοῦ
312 2232 455 2285 ὑστέρου
487 2231 698 2284 ἰσχυρίζεται
714 2246 721 2255 ·
743 2231 761 2269 ὃ
780 2233 838 2270 καὶ
865 2236 942 2272 κατ’
977 2235 1059 2272 αὐτὸ

41 2294 348 2346 ἀναμφισὸήτητον
364 2288 406 2340 ἦν
428 2292 630 2346 μαρτύριον.
647 2293 716 2331 Καὶ
733 2292 790 2331 διὰ
804 2293 859 2341 τί,
884 2295 987 2347 φησὶ,
1009 2296 1056 2347 μὴ

40 2358 140 2392 τοῦτο
159 2353 277 2406 γέγονε
299 2353 422 2405 μόνον,
447 2355 512 2392 Ἐκ
532 2353 731 2405 περιουσίας
749 2354 845 2408 παρὰ
864 2360 923 2394 τοῦ
939 2360 1030 2396 Θεοῦ
1046 2387 1055 2404 ,

35 2415 92 2454 ἵνα
110 2416 230 2467 δειχθῇ
247 2415 307 2453 καὶ
324 2419 345 2462 ἡ
370 2414 461 2467 ἀρχὴ
485 2416 522 2453 οὗ
541 2416 636 2468 παρὰ
657 2420 717 2453 τοῦ
734 2416 940 2456 ἀποστόλου.
957 2420 1002 2456 Εἰ
1023 2418 1058 2456 δὲ

39 2476 231 2528 αὐτόματος
253 2480 421 2525 ἀπῆλθεν,
445 2478 577 2521 οὐδενὸς
595 2477 724 2516 τούτων
745 2479 929 2530 γενομένου
941 2510 950 2528 ,
967 2481 1057 2519 ποίνυ

37 2538 76 2576 ἂν
96 2538 298 2590 ἐπλήγησαν
312 2555 320 2563 ·
340 2538 431 2577 ὥστε
457 2539 586 2577 ἄνωθεν
608 2541 718 2577 αὐτῶν
741 2539 804 2587 τὴν
825 2541 978 2580 διάνοιαν
1001 2545 1057 2581 οἷ-
1079 2555 1103 2586 c

37 2606 142 2646 κειοῖ,
161 2598 272 2652 λέγων
303 2599 390 2653 πρὸς
421 2599 564 2644 αὐτούς·
594 2599 732 2645 Οῗτινες
768 2602 807 2640 τὸ
839 2603 988 2653 Πνεῦμα
1017 2604 1057 2642 τὸ

37 2661 132 2712 ἅγιον
147 2661 271 2699 ἔλαὸον
285 2664 333 2705 ὡς
353 2661 411 2699 καί
426 2665 541 2712 ἡμεῖς.
558 2662 628 2700 Καὶ
647 2662 771 2701 πάλιν·
789 2663 851 2702 Ἔν
869 2664 904 2703 δὲ
924 2667 972 2717 τῷ
990 2665 1056 2716 ἅρ-

37 2721 159 2766 ξασθαί
176 2739 219 2774 με
241 2725 375 2771 λαλεῖν,
393 2723 544 2761 ἐπέπεσε
571 2724 610 2762 τὸ
640 2725 788 2775 Πνεῦμα
807 2725 847 2763 τὸ
879 2725 975 2777 ἅγιον
1004 2729 1058 2766 ἐπ’

37 2783 178 2830 αὐτοὺς,
199 2784 316 2836 ὥσπερ
334 2785 393 2822 καὶ
413 2787 464 2836 ἐφ’
485 2788 579 2835 ἡμᾶς
597 2787 632 2823 ἐν
648 2788 755 2838 ἀρχῇ.
775 2786 844 2824 Καὶ
864 2789 926 2825 οὐκ
942 2790 1057 2840 ἀρκεῖ-

36 2858 93 2880 ται
112 2844 219 2897 τούτῳ
234 2874 243 2892 ,
260 2845 349 2883 ἀλλὰ
369 2845 428 2883 καὶ
450 2845 602 2897 ῥήματος
626 2847 885 2897 ἀναμιμνήσκει
903 2853 964 2887 τοῦ
987 2852 1056 2888 Κυ-

41 2902 124 2954 ρίου.
150 2904 352 2954 Ἔμνήσθην
372 2906 408 2945 δὲ
426 2911 485 2945 τοῦ
513 2908 666 2959 ῥήματος
689 2908 817 2960 Κυρίου
846 2911 893 2952 ὡς
920 2909 1057 2961 ἔλεγεν·

38 2962 200 3010 Ἰωάννης
219 2965 279 3015 μὲν
307 2966 492 3006 {goin-,ww
514 2968 631 3017 ὕδατι,
651 2972 750 3020 ὑμεῖς
766 2969 801 3008 δὲ
818 2973 1058 3021 βαπτισθήσε-

39 3028 97 3062 σθε
117 3025 150 3061 ἐν
170 3026 350 3076 Πνεύματι
379 3026 506 3081 Ι’ἁγίῳ
532 3029 648 3068 “Qu-rs
665 3029 761 3068 οὐδὲν
777 3031 973 3084 καινότερον
994 3033 1057 3084 γέ-

83 3163 100 3186 b
117 3161 178 3194 Alii
196 3170 372 3208 κεχρῆσθαι·
391 3171 448 3210 ὅσῳ
471 3173 530 3214 γὰρ
547 3174 772 3216 ἐπιεικέστερον.

82 3225 95 3239 ³
111 3216 204 3247 Unus
219 3221 264 3250 ἵνα
285 3224 329 3260 μὴ
348 3230 463 3266 προστῇ·
480 3227 588 3260 αὐτοῖς.
610 3226 691 3257 ἀλλὰ
706 3228 735 3257 τί
751 3235 836 3268 φησι,
855 3227 975 3261 λαλήσει
990 3227 1047 3268 ,ἑή-

40 3282 138 3309 μ-ἌΤΖ-
158 3266 247 3299 ῙῙῙῑῑίῙ
263 3277 372 3302 aulem
397 3276 442 3306 ἵνα
462 3279 506 3316 μὴ
529 3282 645 3317 προστῇ
671 3279 786 3312 αὐτοῖς,
802 3286 870 3306 non
886 3273 1047 3306 intellexit

39 3325 133 3349 vetus
160 3319 319 3362 interpres
343 3323 500 3366 Latinus,
524 3327 580 3367 qui
602 3327 719 3364 xerffl,
748 3326 806 3357 Ne
828 3327 955 3359 scilicet
978 3327 1046 3358 illis

40 3368 177 3409 tribnat,
195 3382 269 3402 cum
296 3373 490 3406 vertendum
507 3377 568 3417 sit,
584 3376 642 3409 ⁴Ne
660 3377 736 3408 illos
751 3377 946 3419 offenderet.
959 3377 1043 3410 Ver-

40 3420 117 3453 bum
136 3423 220 3454 euim
242 3433 420 3465 προσστῆναι
436 3425 696 3470 frequentissime
710 3429 857 3461 occurrit
869 3429 933 3461 boc
949 3441 1043 3462 sensu

1129 1189 1304 1228 adhibet?
1323 1192 1519 1229 Venerunt
1546 1200 1675 1229 nutem
1706 1206 1854 1229 mecum
1876 1207 1943 1230 sex
1947 1195 2118 1246 fratres,

1130 1258 1167 1287 et
1185 1252 1349 1301 ingressi
1366 1265 1496 1289 sumus
1509 1254 1551 1288 in
1567 1253 1722 1290 domum
1739 1255 1833 1290 viri.
1851 1255 1912 1291 15.
1932 1255 2123 1293 Narravit

1129 1320 1259 1349 autem
1298 1315 1419 1360 nobis,
1448 1315 1640 1366 quomodo
1668 1315 1831 1352 vidisset
1865 1316 2048 1367 angelum
2080 1319 2124 1354 in

1129 1374 1243 1412 domo
1280 1387 1353 1412 sna
1375 1383 1543 1412 stantem
1559 1384 1595 1413 et
1615 1377 1804 1413 dicentem
1823 1379 1896 1414 sibi
1916 1392 1923 1413 :
1945 1379 2063 1414 Mitte
2080 1381 2122 1415 in

1128 1435 1159 1471 J
1159 1448 1282 1486 oppen
1298 1437 1418 1484 viros,
1436 1445 1472 1473 et
1490 1439 1637 1474 accersi
1654 1437 1848 1475 Simonem
1865 1441 2121 1489 cognomina-

1130 1503 1210 1532 tum
1242 1497 1417 1543 Petrum,
1442 1497 1503 1534 14.
1524 1499 1591 1550 qui
1619 1498 1800 1550 loquetur
1825 1500 1894 1535 tibi
1922 1501 2056 1545 verba,
2080 1502 2122 1536 in

1129 1558 1267 1608 quibus
1289 1557 1421 1595 salvus
1441 1560 1517 1596 eris
1537 1567 1577 1595 tu
1607 1567 1641 1596 et
1672 1561 1853 1597 universa
1877 1560 2012 1597 domus
2040 1568 2119 1597 tua.

1125 1618 1204 1655 Non
1219 1617 1315 1655 dixit
1334 1632 1388 1667 ea,
1408 1633 1486 1669 quae
1505 1620 1550 1656 ab
1568 1620 1694 1671 angelo
1710 1620 1807 1658 dicta
1824 1621 1966 1658 fuerant
1985 1622 2119 1659 Corne-

1127 1679 1175 1717 lio
1192 1695 1200 1717 :
1220 1682 1423 1718 Orationes
1435 1691 1510 1719 tuoe
1528 1691 1565 1720 et
1577 1683 1832 1732 eleemosynae
1846 1692 1920 1721 tuoe
1935 1685 2118 1722 ascende-

1127 1749 1217 1777 runt
1239 1743 1280 1778 in
1306 1744 1533 1779 memoriam
1558 1745 1601 1779 in
1632 1752 1836 1795 conspectu
1867 1745 1956 1794 Dei,
1973 1758 2017 1782 ne
2036 1744 2118 1782 illos

1127 1803 1336 1852 offenderem
1357 1804 1417 1841 sed
1439 1819 1478 1842 ea
1498 1806 1622 1855 verba,
1643 1820 1722 1856 quae
1738 1806 1832 1843 nihil
1851 1806 1971 1857 magni
1991 1808 2117 1859 praefe-

1127 1865 1250 1902 rebant
1270 1880 1277 1901 :
1298 1867 1496 1918 Loquetur
1520 1869 1589 1904 tibi
1607 1870 1743 1914 verba,
1766 1870 1808 1904 in
1824 1870 1962 1919 quibus
1981 1869 2116 1907 salvus

1127 1929 1201 1964 eris
1216 1935 1256 1963 tu
1271 1935 1308 1964 et
1324 1930 1505 1965 universa
1521 1929 1658 1966 domus
1677 1937 1757 1967 tua.
1771 1929 1918 1977 Viden’,
1935 1930 2116 1980 quomodo

1127 2004 1167 2027 ea
1186 2004 1291 2040 quam
1311 1990 1391 2028 dixi
1409 1990 1453 2028 de
1478 2005 1582 2029 causa
1607 1992 1772 2029 festinet?
1788 1992 1836 2030 Et
1858 1993 1952 2030 nihil
1977 1993 2022 2031 de
2042 1993 2115 2031 viri

1126 2051 1398 2089 mansuetudine
1428 2051 1528 2090 dicit.
1551 2053 1648 2103 Ergo
1675 2053 1814 2105 Spiritu
1840 2053 2016 2104 mittente,
2042 2055 2120 2092 Deo

1124 2111 1282 2162 jubente,
1301 2126 1364 2163 per
1379 2112 1545 2163 angelum
1564 2112 1647 2150 inde
1664 2123 1827 2162 vocante,
1848 2113 1934 2151 hinc
1953 2124 2117 2166 urgente,

1128 2185 1248 2209 rerum
1277 2171 1469 2210 discrimen
1496 2173 1669 2220 solvente,
1690 2173 1778 2224 quid
1798 2174 2000 2213 faciendum
2022 2176 2122 2214 erat?

1129 2232 1200 2271 Sed
1219 2232 1310 2270 nihil
1326 2233 1456 2271 horum
1469 2234 1575 2283 dixit,
1596 2249 1723 2273 verum
1739 2250 1758 2273 a
1770 2236 1965 2288 posteriore
1985 2238 2120 2275 confir-

1129 2304 1203 2332 mat
1218 2310 1225 2330 :
1239 2295 1338 2346 quod
1354 2295 1460 2333 etiam
1476 2311 1538 2348 per
1555 2311 1591 2335 se
1611 2297 1854 2336 indubitatum
1874 2308 1949 2337 erat
1962 2299 2121 2337 testimo-

1128 2356 1240 2394 nium.
1253 2356 1300 2394 Et
1316 2371 1392 2407 eur,
1410 2357 1563 2408 inquies,
1580 2372 1650 2396 non
1669 2358 1738 2396 hoc
1757 2360 1889 2396 factum
1905 2368 1956 2398 est
1973 2361 2089 2398 solum
2103 2361 2121 2398 ἶ)

1128 2419 1188 2456 Ex
1212 2418 1408 2457 abundanti
1433 2419 1475 2457 fit
1491 2435 1511 2457 a
1529 2422 1618 2470 Deo,
1638 2429 1677 2458 ut
1696 2421 1958 2460 demonstretur
1984 2423 2119 2475 princi-

1127 2481 1229 2533 pium
1258 2496 1328 2519 non
1356 2482 1402 2519 ab
1430 2483 1590 2534 apostolo
1607 2497 1691 2520 esse.
1711 2483 1751 2521 Si
1771 2493 1889 2521 autem
1909 2498 1972 2522 sua
1997 2493 2122 2537 sponte

1128 2542 1190 2580 illo
1208 2543 1384 2594 profectus
1401 2552 1499 2591 esset,
1513 2553 1547 2581 et
1566 2544 1659 2582 nihil
1680 2544 1810 2581 horum
1825 2545 1957 2583 factum
1979 2546 2116 2591 fuisset,

1127 2603 1323 2642 admodum
1351 2605 1475 2642 offensi
1495 2604 1653 2642 fuissent.
1675 2607 1703 2641 A
1726 2605 1906 2657 principio
1926 2606 1995 2644 sibi
2016 2621 2116 2644 men—

1127 2673 1199 2702 tem
1217 2665 1363 2702 illorum
1382 2665 1561 2712 conciliat,
1581 2665 1671 2703 dum
1685 2665 1772 2703 dicit
1790 2666 1862 2703 illis
1879 2681 1887 2702 :
1907 2667 1982 2716 Qui
1997 2667 2117 2718 Spiri-

1129 2735 1209 2763 tum
1235 2735 1414 2764 sanctum
1438 2735 1678 2778 acceperunt,
1695 2730 1794 2764 sicut
1814 2735 1852 2764 et
1878 2740 1957 2764 nos.
1984 2727 2031 2764 Et
2054 2728 2121 2765 ite-

1127 2803 1208 2826 rum
1231 2804 1238 2824 :
1263 2788 1324 2826 15.
1341 2789 1438 2826 Cum
1463 2797 1592 2826 autem
1616 2791 1810 2840 coepissem
1843 2789 1962 2841 loqui,
1982 2790 2120 2826 cecidit

1127 2850 1291 2901 Spiritus
1312 2858 1469 2888 sanctus
1496 2864 1609 2902 super
1625 2851 1728 2895 illos,
1753 2853 1853 2888 sicut
1873 2859 1910 2888 et
1929 2853 1970 2888 in
1987 2864 2056 2889 nos
2077 2853 2120 2888 in

1129 2913 1254 2948 inicio.
1292 2912 1415 2962 Neque
1444 2911 1513 2949 hoc
1546 2920 1754 2960 contentus,
1785 2912 1935 2949 verbum
1969 2912 2118 2950 Domini

1129 2981 1393 3009 commemorat.
1410 2974 1471 3010 16.
1493 2973 1730 3010 Recordatus
1751 2981 1881 3010 autem
1900 2987 1984 3010 sum
2005 2976 2120 3011 verbi

1129 3035 1292 3072 Domini
1315 3037 1413 3072 sicut
1440 3035 1592 3072 dicebat
1607 3050 1618 3071 .·
1632 3035 1807 3072 Joannes
1826 3035 1980 3086 quidem
1997 3036 2118 3088 bapti-

1111 3171 1201 3214 apud
1226 3172 1516 3217 Chrysostomum.
1542 3173 1604 3204 Hic
1630 3184 1730 3214 porro
1764 3172 1946 3205 secundum
1974 3173 2119 3218 regulam

1109 3223 1325 3257 scribendum
1340 3233 1425 3257 esset
1440 3238 1514 3257 cum
1532 3224 1655 3267 duplici
1677 3241 1711 3258 σς
1726 3233 1872 3270 προπετῆ,
1888 3225 1945 3258 sed
1962 3224 2122 3269 impetra·

1110 3284 1182 3309 tum
1208 3277 1305 3310 suisne
1331 3289 1349 3310 a
1375 3277 1613 3310 cousuetudine
1631 3276 1759 3309 videtur
1784 3285 1820 3310 ut
1837 3289 1937 3310 unum
1956 3294 1972 3312 σ
1987 3282 2119 3324 suppri—

1112 3336 1232 3363 matur.
1252 3330 1306 3362 Sic
1324 3331 1411 3361 enim
1428 3329 1552 3361 habeut
1569 3340 1683 3360 omnes
1697 3329 1772 3361 Mss.

1156 3382 1173 3406 ¹)
1191 3386 1275 3424 ἁγίῳ,
1294 3387 1388 3427 φησὶν,
1407 3386 1451 3415 ὅτι
1469 3383 1550 3416 οὐδὲν
1567 3389 1748 3426 καινότερον,
1767 3381 1814 3413 sic
1832 3392 1926 3414 unus.

2133 2992 2246 3019 Manh.
2266 2991 2296 3020 3.

2138 3041 2146 3060 ι
2160 3041 2186 3060 ι.
