2466 3805
607 270 649 301 {N
685 271 799 301 ACTA

56 355 156 402 χεῖρα
170 348 301 402 ὀρέξαι·
331 349 499 393 πολλάκις
516 350 575 388 καὶ
596 351 788 403 χρημάτων
807 351 971 403 μειζόνως
990 350 1073 389 ἔσω-

57 425 112 447 σεν
126 414 147 456 ἡ
165 410 220 447 διὰ
236 409 452 461 πραγμάτων
469 411 676 462 προστασία.

107 473 243 508 Οὐκοῦν
274 471 355 522 φέρε
382 470 499 509 πάντα
519 472 715 522 κινήσωμεν
743 473 799 510 ἐπὶ
825 477 884 511 τοῦ
903 471 1073 524 παρόντος

54 530 98 568 τὰ
130 535 191 577 τῆς
224 531 456 581 ἐλεημοσύνης
485 532 570 579 εἴδη.
595 532 750 570 Δύνασαι
785 533 841 572 διὰ
859 532 1069 586 χρημάτων,

55 590 118 637 Μὴ
137 591 240 630 ὄκνει.
252 591 407 630 Δύνασαι
422 593 480 631 διὰ
496 594 730 646 προστασίας,
746 594 807 640 Μὴ
823 595 933 646 εἴπῃς,
951 592 1068 639 ἐπειδὴ

53 652 224 703 χρήματα
248 654 308 690 οὐκ
338 653 433 690 ἔστι·
466 659 566 692 τοῦτο
594 654 688 692 οὐδέν
723 657 807 692 ἐστι.
836 654 978 706 Σφόδρα
1010 653 1069 690 καὶ

53 716 155 750 τοῦτο
175 713 265 764 μέγα
278 730 285 736 ·
306 713 424 768 ὥσπερ
443 714 583 767 χρυσίον
604 714 777 760 δεδωκὼς,
794 714 884 752 οὕτω
899 714 1065 751 διάκεισο.

53 772 209 811 Δύνασαι
236 774 291 812 διὰ
320 776 522 828 θεραπείας,
554 776 624 813 Καὶ
645 780 745 813 τοῦτο
769 775 930 821 ποίησον.
970 768 1068 819 Οῗον,

53 835 168 885 ἰατρὸς
194 829 224 872 εἷ
242 835 304 882 τὴν
328 837 550 887 ἐπιστήμην,
570 835 827 886 Ἐπιμελήθητι
850 833 1069 886 ἀρρωστούν-

52 911 134 932 των·
152 896 320 935 καὶτοῦτο
336 897 441 948 με’γα.
461 896 615 935 Δύνασαι
632 896 687 933 διὰ
705 896 923 946 συμὸουλῆς,
940 895 1067 942 Πολλῷ

53 961 154 994 τοῦτο
183 957 320 995 πάντων
353 960 478 1007 μεῖζον·
500 957 587 1004 αὕτη
616 956 760 1007 βελτίων
786 955 925 993 πάντων
939 985 948 1002 ,
967 954 989 999 ἢ
1008 953 1068 991 καὶ

54 1017 195 1064 πλείων,
223 1017 292 1070 ὅσῳ
316 1019 375 1055 καὶ
396 1020 509 1068 μεῖζον
527 1018 599 1069 ἔχει
615 1017 653 1055 τὸ
669 1016 805 1067 κέρδος·
826 1018 863 1053 οὗ
883 1014 950 1066 γὰρ
964 1014 1067 1064 λιμὸν

52 1077 143 1121 λύεις
155 1108 163 1122 ,
186 1079 274 1116 ἀλλὰ
294 1079 436 1116 θάνατον
455 1078 622 1128 χαλεπόν.
658 1076 832 1122 Τοιαύτης
850 1075 910 1113 καὶ
928 1077 958 1113 οἱ
979 1074 1066 1113 ἀπό·

52 1139 199 1175 στολοι’
185 1154 223 1176 εκ
238 1138 435 1189 περιουσίας
454 1133 543 1184 ἦσαν
562 1136 865 1187 ἐμπεπλησμένοι·
895 1135 951 1173 διὰ
968 1141 1067 1174 τοῦτο

51 1198 113 1244 τὴν
133 1215 201 1236 των
226 1200 419 1252 χρημάτων
435 1198 602 1249 διανομὴν
622 1204 692 1242 τοῖς
707 1198 782 1248 μετ’
797 1195 919 1240 αὐτους
935 1196 1066 1249 ἐνεχεί-

53 1275 171 1310 ρισαν,
190 1260 285 1298 αὐτοὶ
306 1276 368 1306 την
394 1259 450 1297 διὰ
473 1276 539 1298 των
567 1259 677 1310 λόγων
699 1258 986 1309 ἐπιδεικνύμενοι.
1014 1258 1064 1296 Ἢ

50 1321 177 1373 μικρὰν
206 1321 438 1372 ἐλεημοσύνην
456 1320 521 1359 οἴει
535 1315 636 1366 εἶναι,
651 1320 767 1373 ψυχὴν
784 1325 798 1341 ³
809 1319 1064 1372 ἀπορουμένην,

49 1381 308 1420 κινδυνεύουσαν
325 1382 403 1434 περὶ
421 1385 490 1420 τῶν
504 1381 675 1434 ἐσχάτων,
694 1382 760 1420 ὑπὸ
778 1381 966 1434 πυρώσεως
986 1397 1065 1419 συν-

50 1443 218 1495 εχομένην
232 1475 241 1491 ,
283 1445 469 1490 δυνηθῆναι
501 1443 698 1488 ἀπαλλάξαι
721 1446 783 1490 τῆς
805 1442 931 1490 νόσου,
965 1437 1063 1490 Οἶον,

48 1507 129 1555 ὁρᾷς
150 1504 245 1556 φίλον
270 1503 335 1542 ὑπὸ
353 1503 579 1557 φιλαργυρίας
604 1503 862 1555 κατεχόμενον;
891 1503 1063 1550 Ἐλέησον

45 1565 102 1603 τὸν
135 1565 327 1617 ἄνθρωπον.
356 1564 622 1615 Ἀποπνίγεται;
645 1564 778 1602 Σὸέσον
798 1567 900 1603 αὐτοῦ
920 1564 959 1602 τὸ
981 1570 1062 1616 πῦρ.

46 1625 94 1663 Τί
110 1619 180 1670 οὖν,
201 1624 240 1662 ἂν
260 1623 308 1674 μὴ
328 1625 510 1672 πείθηται,
530 1625 580 1663 Σὺ
601 1625 640 1663 τὸ
667 1629 793 1663 σαυτοῦ
813 1625 956 1672 ποίησον
972 1656 982 1673 ,
1002 1625 1062 1663 καὶ

48 1685 96 1735 μὴ
118 1686 344 1737 κατοκνήσῃς.
368 1680 467 1729 Εἶδες
487 1686 587 1724 αὐτὸν
605 1688 638 1724 ἐν
653 1688 789 1737 δεσμοῖς
805 1686 1036 1738 κατεχόμενον
1050 1701 1060 1732 ;

45 1745 170 1795 (δεσμὰ
198 1745 262 1797 γὰρ
286 1747 391 1789 ὅντως
415 1746 459 1784 τὰ
474 1744 823 1797 χρήματα.)Ἄπελθε
845 1747 929 1798 πρὸς
947 1746 1061 1791 αὐτὸν,

45 1806 232 1857 ἐπίσκεψαι
262 1807 385 1855 αὐτὸν,
416 1806 687 1858 παραμύθησαι,
704 1807 889 1858 πειράθητι
907 1809 975 1844 τῶν
1002 1808 1059 1844 δε-

383 1866 443 1905 Ἂν
465 1867 512 1917 μὴ
536 1867 720 1919 βούληται,
742 1867 804 1914 τὴν
826 1867 938 1905 αἰτίαν
960 1867 1060 1910 αὐτὸς

42 1929 219 1977 ὑπομενεῖ.
815 1928 956 1979 (γυμνὸς
993 1928 1060 1979 γὰρ

42 1988 148 2032 ὄντως
175 1990 234 2027 καὶ
265 1989 354 2033 ξένος
379 1990 452 2027 ἐστὶ
479 1992 546 2027 τῶν
572 1991 723 2043 οὐρανῶν
748 1993 765 2027 ὁ
793 1990 866 2040 βίου
886 1992 985 2042 ὀρθοῦ
1010 1989 1058 2039 μὴ

45 1870 142 1916 σμῶν
164 1868 348 1905 ἀπολῦσαι.

271 1922 371 1971 Εἶδες
405 1928 533 1979 γυμνὸν
568 1928 628 1966 καὶ
667 1928 779 1976 ξένον,

43 2050 322 2101 επιμελούμενος.
328 2052 339 2100 )
351 2051 479 2089 Aoi63=
465 2053 512 2095 εἷς
531 2051 570 2089 τὸ
585 2050 801 2102 καταγώγιον
820 2051 859 2089 τὸ
876 2051 945 2097 σὸν,
962 2050 1058 2103 περί-

42 2110 159 2147 ὅαλε
151 2111 272 2161 ιμάτια
290 2110 334 2148 τὰ
347 2128 409 2157 της
428 2115 564 2164 ἀρετῆς,
585 2111 640 2155 δὸς
653 2113 754 2150 πόλιν
770 2111 832 2158 τὴν
854 2114 888 2149 ἐν
911 2114 1056 2164 ουρανῷ.

41 2171 88 2209 Τί
106 2176 176 2220 οὐν,
198 2172 236 2210 ἂν
257 2172 325 2223 ἐγω
340 2174 467 2225 γυμνὸς
483 2176 524 2221 ὠ,
549 2174 657 2226 φησί,
680 2174 750 2212 Καὶ
773 2174 898 2211 σαυτὸν
918 2173 1055 2211 ἔνδυσον

39 2248 195 2283 'rt-pona·
212 2235 242 2270 εἰ
261 2228 366 2280 οἶδας,
385 2250 437 2272 οτι
456 2234 584 2285 γυμνὸς
600 2238 641 2281 εἰ,
660 2234 798 2278 πάντως
813 2250 872 2272 και
891 2234 944 2272 ὅτι
959 2235 1056 2271 ἐνδυ-

39 2296 137 2339 θηναι
157 2294 301 2343 ὀφείλεις
328 2288 432 2338 οἶδας.
456 2296 528 2332 *Εἰ
547 2294 675 2342 ταύτης
707 2295 808 2346 μόνον
842 2311 905 2341 της
931 2294 1055 2346 γυμνό-

36 2370 139 2400 τητος
158 2354 343 2393 ἐπίστασαι
368 2356 425 2393 τὸν
445 2354 592 2408 τρόπον,
622 2356 750 2408 δυνήσῃ
778 2359 907 2407 γνῶναι
928 2355 1055 2408 ῥᾳδίως

36 2415 96 2452 καὶ
123 2415 185 2462 τὴν
213 2418 319 2461 αὐτῆς
338 2416 571 2463 καταστολήν.
604 2417 719 2455 Πόσαι
743 2423 902 2468 γυναῖκες
926 2417 1053 2470 σηρικὰ

36 2474 159 2524 ἱμάτια
178 2480 331 2528 φοροῦσι,
350 2477 479 2528 γυμναὶ
501 2476 535 2515 δὲ
555 2477 660 2521 ὅντως
681 2478 747 2515 εἶσὶ
761 2481 828 2516 τῶν
845 2481 907 2524 τῆς
930 2481 1054 2529 ἀρετῆς

241 2537 381 2580 Ταύτας
412 2540 443 2575 οἱ
468 2538 587 2589 ἄνδρες
618 2538 916 2590 περιὸαλέτωσαν.
959 2541 1050 2578 Ἀλλ’

34 2595 71 2631 οὐ
92 2595 290 2648 προσίενται
312 2597 356 2635 τὰ
375 2597 497 2648 ἱμάτια
514 2600 648 2647 ἐκεῖνα,
671 2599 760 2637 ἀλλὰ
781 2605 889 2638 ταῦτα
908 2599 1049 2652 βούλον-

36 2535 182 2584 ἱματίων
199 2553 209 2583 ;

33 2671 114 2704 ται,
141 2659 256 2696 Τοῦτο
284 2661 421 2709 πρῶτον
449 2659 615 2706 ποίησον·
640 2662 686 2702 εἷς
704 2660 767 2707 τὴν
788 2662 972 2713 ἐπιθυμίαν
990 2665 1049 2700 αὖ·

32 2717 93 2760 τὰς
127 2722 194 2757 τῶν
234 2719 381 2770 ἱματίων
414 2720 553 2758 ἐκείνων
582 2722 826 2770 κατάστησον,
862 2722 967 2767 δεῖξον
997 2723 1049 2761 ὅτι

33 2780 158 2830 γυμναί
179 2783 258 2827 εἰσι,
276 2781 479 2834 διαλέχθητι
493 2783 573 2835 περὶ
587 2786 650 2829 τῆς
664 2783 812 2835 κρίσεως
827 2788 889 2832 τῆς
902 2785 1048 2835 μελλού-

149 2840 246 2889 εἷπὲ,
276 2842 388 2880 ἄλλων
421 2846 506 2893 ἡμῖν
533 2846 603 2881 ἐκεῖ
623 2845 685 2892 δεῖ,
710 2847 747 2882 οὐ
769 2845 910 2884 τούτων.
943 2848 989 2885 Εἰ
1011 2845 1047 2884 δὲ

33 2899 212 2951 ἀνέχοισθε-Ξ
242 2919 324 2953 μου,
362 2903 421 2941 καὶ
447 2903 516 2954 ἐγὼ
542 2903 605 2950 τὴν
630 2905 831 2956 γυμνότητα
858 2906 969 2951 δείξω.
1002 2907 1047 2946 ‘O

31 2960 178 3010 γυμνὸς,
210 2962 337 3013 ψύχους
359 2963 420 3014 μὲν
444 2965 556 3012 ὄντος,
581 2965 719 3017 πέπηγε
737 2967 797 3004 καὶ
817 2967 961 3020 τρέμει,
987 2969 1045 3006 καὶ

31 3021 337 3072 συνεσταλμένος
326 3023 468 3072 ἕστηκε,
501 3041 704 3078 συναγαγων
738 3043 816 3070 τους
846 3029 1044 3082 βραχίονας·

32 2855 95 2886 σηε
107 2856 115 2863 ·

551 3085 612 3123 Αν
638 3086 750 3124 τοίνυν
771 3088 869 3132 δείξω
887 3089 946 3126 καὶ
966 3089 1044 3132 τους

27 3142 259 3184 πλουτουντας
288 3142 346 3179 καὶ
373 3144 434 3187 τὰς
466 3145 681 3190 πλουτούσας
707 3147 860 3201 τοσούτῳ
889 3149 1041 3200 μάλιστα

31 3080 146 3133 θερους
174 3081 208 3118 δε
239 3081 430 3130 ὄντος,οὒκ
456 3085 520 3123 ἔτι.

27 3218 171 3253 γυμνας,
199 3218 268 3239 οσι)
286 3202 473 3252 μάλιστα
457 3221 496 3243 αν
518 3207 789 3258 περιὸάλωνται,
816 3209 864 3259 μὴ
886 3211 1041 3262 ἀπεχθά-

26 3266 136 3300 νεσθε.
160 3262 206 3300 s:
221 3265 300 3310 οὖν,
320 3263 394 3301 εἰπέ
413 3280 483 3315 μοι,
503 3283 584 3305 οταν
604 3284 682 3312 τους
701 3269 781 3322 περὶ
800 3270 938 3320 γεέννης
957 3274 1040 3309 ἀνα·

69 3387 82 3401 a
100 3374 161 3407 Alii
183 3381 419 3421 ἀπεῤῥιμμένην.

70 3429 84 3444 ’“
102 3428 113 3469 [
128 3434 149 3461 εἰ
164 3431 312 3465 ταύτης...
337 3436 456 3473 τρόπον.
481 3438 566 3465 πόσαι
589 3437 634 3465 νῦν
651 3434 712 3470 (οὖν
730 3433 783 3477 Β.)
798 3450 858 3476 γον.
878 3437 913 3468 Α.
929 3437 965 3468 Β.
984 3437 1022 3469 C.

835 269 1178 301 APOSTOLORUM.

1219 268 1374 300 11011111.
1414 269 1522 301 xxv.
2037 259 2125 301 223

1146 349 1270 400 cinari,
1288 363 1475 402 possumus
1491 363 1635 387 manum
1651 350 1853 402 porrigere:
1869 363 1961 403 saepe
1975 352 2128 404 patroci-

1146 410 1247 448 nium
1262 411 1340 463 plus
1355 411 1518 460 servavit,
1538 426 1646 462 quam
1663 411 1832 463 pecuniae.

1198 473 1237 510 4.
1261 475 1337 523 Age
1355 486 1436 523 ergo
1452 472 1487 510 in
1503 473 1667 524 praesenti
1680 472 1797 509 omnia
1815 472 2045 524 eleemosynae
2065 485 2124 523 ge-

1146 546 1228 570 nera
1240 533 1444 570 excitemus.
1454 535 1555 570 Potes
1568 547 1630 584 per
1638 533 1804 584 pecunias
1815 532 1832 570 Ρ
1844 533 1875 570 N
1879 547 1897 570 e
1908 532 2024 583 segnis
2036 543 2120 571 esto.

1140 593 1243 630 Potes
1264 607 1326 644 pei
1344 593 1606 644 patlocinium?
1628 595 1680 631 Ne
1698 593 1810 641 dicas,
1846 593 1930 644 quia
1963 593 2122 645 pecuniae

1142 667 1210 690 non
1245 653 1391 702 adsunt3
1414 653 1482 690 hoc
1508 654 1597 691 nihil
1625 663 1690 691 est.
1712 654 1829 693 Valde
1858 668 2028 706 magnum
2054 655 2122 692 hoc

1093 723 1117 752 E
1139 726 1280 762 quoque
1293 721 1365 750 est:
1381 727 1422 750 36
1442 714 1471 750 51
1505 714 1692 764 Ρ66111113111
1711 714 1883 764 dedisses,
1907 714 1958 752 516
1977 715 2124 752 affectus

1139 781 1222 810 esto.
1246 775 1349 810 Potes
1374 773 1607 810 ministrando
1628 774 1777 823 juvare?
1798 775 1875 813 Hoc
1900 775 2017 813 facito.
2043 775 2124 813 Ex-

1138 833 1247 883 empli
1269 833 1398 883 gratia,
1420 841 1495 869 arte
1512 832 1673 870 medicus
1692 834 1755 871 es?
1774 835 1941 873 Infirmos
1958 850 2040 873 cura
2054 853 2066 886 3
2091 846 2125 874 et

1137 894 1206 931 hoc
1242 908 1411 945 magnum
1443 903 1505 932 est.
1544 897 1648 932 Potes
1687 895 1832 932 consilio
1861 897 2017 947 juvare?
2048 898 2125 936 Hoc

1137 953 1298 991 omnium
1316 953 1492 1004 optimum
1508 963 1558 991 est
1578 963 1611 991 et
1628 955 1840 1003 maximum,
1860 957 2043 1007 majusque
2060 957 2123 994 lu-

1135 1028 1238 1051 crum
1265 1013 1372 1050 habet
1386 1029 1394 1049 τ
1410 1027 1479 1051 11011
1499 1013 1593 1051 enim
1621 1014 1688 1051 1136
1713 1014 1770 1053 via
1792 1016 1935 1066 famem,
1954 1016 2016 1054 sed
2035 1031 2123 1068 gra-

1136 1074 1319 1113 vissimam
1340 1083 1489 1112 mortem
1509 1075 1624 1126 pellis.
1646 1075 1722 1113 Hoc
1741 1076 1891 1127 apostoli
1912 1077 2005 1115 bono
2025 1078 2122 1130 pleni

1137 1149 1280 1186 prorsus
1308 1150 1344 1173 61
1346 1145 1437 1173 ant
1462 1135 1544 1173 ideo
1567 1137 1799 1188 pecuniarum
1832 1138 2122 1177 distributionem

1135 1197 1360 1235 inferioribus
1373 1198 1652 1247 committebant,
1665 1198 1753 1236 dum
1765 1214 1924 1238 sermone
1931 1201 2121 1253 juvabant

1080 1250 1126 1274 ²⁰⁶
1137 1261 1192 1295 An
1211 1267 1317 1310 putas
1335 1273 1425 1310 paiv
1428 1274 1484 1296 am
1500 1274 1574 1297 esse
1593 1260 1863 1313 eleemosynam,
1887 1262 2042 1299 animam
2056 1277 2122 1300 311-

1088 1289 1248 1368 Α1113111,
1278 1319 1322 1357 de
1347 1320 1515 1358 extremis
1543 1321 1824 1373 periclitantem,
1855 1323 1962 1360 feblis
1996 1322 2122 1362 aldorc

1131 1378 1323 1428 detentam,
1344 1395 1364 1418 3
1383 1382 1508 1419 morbo
1533 1396 1636 1433 posse
1658 1382 1835 1421 liberare?
1858 1383 1973 1423 Verbi
1993 1386 2121 1436 gratia,

1131 1438 1232 1477 vides
1252 1440 1406 1478 amicum
1421 1441 1569 1480 avaritia
1587 1442 1795 1481 detentum?
1809 1444 1980 1482 Miserare
1998 1446 2122 1484 homi-

1131 1513 1223 1537 nem.
1237 1501 1440 1539 suffocatur
1451 1503 1536 1540 ille?
1553 1503 1753 1555 Exstingue
1767 1505 1866 1542 illius
1880 1505 2010 1557 ignem.
2022 1507 2121 1554 Quid

1130 1560 1242 1612 igitur
1266 1562 1297 1600 si
1321 1576 1390 1600 non
1414 1563 1657 1616 obtemperet?
1679 1565 1737 1602 Tu
1759 1565 1856 1615 quod
1877 1575 1979 1604 tuum
1996 1577 2047 1605 est
2068 1569 2122 1606 fa-

1131 1620 1215 1669 cito,
1232 1636 1296 1660 nec
1316 1622 1469 1673 ignavus
1485 1624 1544 1662 sis.
1562 1624 1675 1663 Vides
1698 1626 1831 1663 eumin
1852 1626 2007 1665 vinculis
2026 1627 2121 1666 deti—

1130 1682 1231 1719 neri?
1248 1686 1346 1731 (nam
1359 1684 1516 1735 pecuniae
1532 1699 1615 1723 vere
1630 1685 1774 1724 vincula
1791 1691 1904 1736 sunt.)
1918 1688 2027 1726 Illum
2046 1689 2118 1738 adi,

1130 1743 1255 1793 invise,
1275 1746 1467 1794 consolare,
1486 1760 1505 1783 a
1523 1746 1676 1785 vinculis
1696 1748 1830 1799 eripere
1846 1763 1983 1786 conare.
2001 1749 2040 1788 Si
2056 1764 2118 1788 no-

1129 1805 1185 1856 lit,
1211 1821 1317 1858 penes
1338 1808 1442 1845 illum
1463 1808 1569 1860 culpa
1588 1809 1665 1846 erit.
1681 1810 1817 1848 Vidisti
1837 1810 1975 1848 nudum
1995 1821 2027 1849 et
2048 1827 2116 1864 pe-

1128 1867 1339 1918 regrinum?
1354 1869 1486 1917 (nudus
1498 1870 1590 1906 enim
1607 1884 1687 1907 vere
1701 1879 1734 1907 et
1750 1871 1956 1922 peregrinus
1971 1872 2007 1909 in
2021 1873 2116 1910 caelis

1129 1938 1190 1975 est,
1213 1930 1274 1980 qui
1291 1938 1422 1967 rectam
1436 1929 1534 1967 viam
1554 1943 1621 1967 non
1641 1935 1772 1978 curat.)
1790 1931 1920 1983 Recipe
1941 1931 1976 1969 in
1993 1932 2115 1971 diver-

1129 1990 1263 2028 sorium
1275 2000 1392 2040 tuum,
1409 1990 1629 2029 vestimentis
1644 1991 1789 2029 virtutis
1809 1992 1916 2030 indue
1934 1993 2052 2043 illum,
2068 1994 2113 2032 da

1127 2051 1182 2088 illi
1202 2052 1383 2090 civitatem
1404 2051 1439 2088 in
1461 2052 1557 2089 caelo.
1579 2052 1677 2098 Quid
1696 2066 1792 2104 ergo,
1812 2053 1841 2090 si
1859 2063 1892 2091 et
1913 2068 1976 2105 ego
1995 2055 2113 2093 nudus

1125 2111 1209 2159 51111,
1224 2112 1387 2162 inquies?
1407 2111 1581 2163 Teipsum
1600 2111 1709 2148 indue
1723 2112 1881 2164 primum
1903 2114 1954 2151 :si
1975 2115 2064 2152 nosti
2081 2124 2114 2153 te

1126 2171 1265 2208 nudum
1283 2185 1375 2221 esse3
1394 2172 1499 2223 plane
1515 2171 1582 2208 scis
1597 2180 1630 2208 te
1647 2171 1748 2208 indui
1764 2182 1935 2224 oportere.
1951 2173 1989 2211 Si
2004 2174 2112 2212 nudi-

1125 2232 1205 2270 tatis
1231 2233 1339 2284 hujus
1361 2231 1508 2269 modum
1525 2232 1631 2279 nosti,
1648 2246 1749 2270 nosse
1767 2233 1910 2285 poteris,
1928 2249 1997 2284 quo
2024 2250 2112 2287 opus

1123 2291 1168 2330 sit
1180 2293 1401 2331 vestimento.
1413 2293 1509 2339 Quot
1523 2292 1689 2330 mulieres
1703 2293 1814 2331 serica
1830 2296 2037 2335 vestimenta
2053 2312 2112 2349 ge-

1122 2363 1227 2403 stant,
1241 2354 1456 2405 virtutisque
1471 2354 1629 2393 vestibus
1643 2369 1789 2406 prorsus
1803 2358 1906 2394 nudae
1923 2359 2028 2396 sunt?
2044 2360 2111 2397 His

1122 2415 1201 2453 illas
1217 2415 1369 2454 vestiant
1390 2415 1462 2454 viri
1481 2415 1548 2453 sui.
1569 2417 1706 2455 Verum
1728 2430 1797 2454 non
1816 2417 2010 2457 admittunt
2028 2420 2110 2459 illas

1120 2486 1249 2527 vestes,
1270 2478 1334 2514 1135
1356 2477 1510 2515 volunt?
1530 2477 1604 2514 Hoc
1631 2477 1790 2528 primum
1817 2479 1923 2517 facito
1941 2480 2108 2520 :illarum

1119 2538 1273 2575 vestium
1294 2538 1614 2590 concupiscentiam
1633 2537 1702 2575 illis
1719 2538 1881 2589 insinua3
1901 2541 2043 2579 ostende
2063 2543 2107 2580 il-

1118 2597 1164 2636 lis
1189 2599 1284 2651 ipsas
1316 2613 1388 2636 esse
1412 2598 1550 2647 nudas;
1576 2597 1620 2635 de
1640 2599 1778 2649 judicio
1805 2601 1925 2638 futuro
1952 2601 2104 2652 dissere;

1075 2673 1098 2703 c
1118 2659 1176 2697 dic
1199 2676 1208 2697 z
1230 2660 1321 2697 Aliis
1345 2659 1446 2696 nobis
1469 2659 1544 2697 11116
1572 2672 1662 2710 opus
1681 2668 1746 2708 est,
1768 2674 1837 2697 non
1856 2661 1966 2699 hisce.
1990 2663 2030 2700 Si
2048 2678 2105 2702 me

1117 2719 1248 2767 feratis,
1268 2733 1331 2771 ego
1357 2719 1556 2756 nuditatem
1587 2719 1782 2757 ostendam.
1804 2721 1931 2759 Nudus
1959 2722 2104 2774 frigoris

1116 2790 1273 2833 tempore
1294 2782 1384 2833 riget
1413 2790 1445 2819 et
1470 2782 1603 2830 tremit,
1627 2790 1825 2819 contractus
1846 2792 1927 2832 stat,
1949 2784 2103 2824 reductis

1115 2842 1272 2880 brachiis
1279 2858 1289 2891 ;
1308 2843 1344 2880 in
1365 2851 1483 2880 :estate
1502 2856 1587 2880 vero
1602 2856 1671 2879 11011
1688 2842 1786 2879 item.
1806 2843 1844 2880 Si
1863 2843 1973 2895 igitur
1986 2854 2100 2884 osten-

1114 2902 1198 2941 dero
1214 2903 1344 2943 divites
1363 2903 1456 2942 viros
1471 2912 1504 2940 et
1516 2903 1680 2941 mulieres
1697 2917 1735 2940 eo
1753 2904 1866 2955 magis
1886 2905 1999 2943 nudos
2014 2920 2099 2957 esse,

1113 2978 1182 3015 quo
1202 2965 1315 3016 magis
1335 2973 1415 3002 sunt
1432 2963 1564 3013 vestiti,
1578 2978 1621 3001 ne
1635 2977 1727 3015 aegre
1741 2964 1873 3003 feratis.
1890 2966 1989 3013 Quid
2003 2981 2100 3018 ergo,

1113 3040 1333 3077 quaeso‚cum
1351 3026 1395 3064 de
1415 3026 1572 3077 gehenna
1591 3025 1698 3063 verba
1713 3025 1896 3076 faciemus,
1906 3026 2020 3078 deque
2029 3038 2100 3067 tor-

1113 3088 1240 3125 mentis
1259 3087 1331 3125 illis
1352 3103 1359 3123 z
1383 3101 1499 3124 annon
1522 3085 1636 3137 magis
1654 3086 1709 3123 illi
1731 3086 1845 3137 rigent
1864 3102 1904 3125 ac
1926 3097 2096 3140 tremunt,

1112 3164 1222 3200 quam
1238 3150 1325 3188 nudi
1339 3150 1420 3187 illi?
1437 3164 1551 3187 annon
1566 3149 1690 3186 acerbe
1708 3149 1957 3200 ingemiscunt,
1974 3161 2006 3189 et
2026 3167 2101 3192 sese

1112 3210 1305 3248 damnant?
1325 3210 1425 3257 Quid
1447 3225 1542 3262 ergo,
1562 3209 1703 3260 quando
1729 3210 1886 3261 aliquem
1914 3212 2044 3252 adeunt
2063 3224 2097 3252 et

1111 3272 1246 3322 dicunt,
1263 3275 1335 3311 Ora
1350 3287 1415 3325 pro
1434 3285 1489 3310 me
1504 3285 1642 3309 :annon
1659 3271 1792 3322 eadem,
1808 3287 1886 3324 quae
1901 3273 1969 3324 1111,
1986 3276 2096 3314 verba

1089 3388 1164 3420 Mox
1185 3388 1225 3420 D.
1243 3387 1411 3432 poscebam]

2192 587 2330 618 Eleemo—

2135 639 2210 668 synae
2248 632 2329 659 modi

2137 672 2223 700 varii.
