2502 3810
737 267 776 295 IN
816 266 955 296 Et’ts‘r.
997 265 1054 294 AD
1092 264 1196 294 ROM.
1241 265 1393 295 tioMtL.
1433 266 1559 296 xxxt.
2083 247 2174 311 891.)

109 348 175 400 γὰρ
195 347 286 384 ι’τῶν
316 347 498 398 βασιλείων
525 348 568 385 τὰ
586 348 806 400 δεσμωτήρια
829 348 887 385 καὶ
905 348 948 386 τὰ
968 347 1124 398 μέταλλα

1196 347 1348 397 quodam
1361 348 1452 385 bello
1469 347 1604 385 dietum
1619 356 1681 395 est,
1693 346 1737 384 ad
1761 346 1955 397 gehennam
1978 345 2152 383 trahentes
2160 359 2172 394 5

109 407 227 459 πόρρω
245 407 438 455 διέστηκεν,
456 407 546 445 οὕτω
564 407 604 454 δὴ
623 409 681 445 καὶ
701 412 762 455 τῆς
783 408 985 458 οἰκουμένης
999 408 1124 453 ταύτης
1148 417 1171 446 Β
1195 408 1380 460 Scriptura
1396 423 1479 448 vero
1500 423 1569 447 non
1585 408 1652 447 hoc
1671 408 1771 446 dicit.
1792 407 1864 446 Sed
1895 420 2049 457 quonam
2067 406 2103 443 10
2123 405 2176 443 lo-

108 467 172 511 ἔξω
187 482 251 505 που
266 468 363 506 ἔσται
379 471 400 514 ἡ
423 467 555 519 γέεννα.

162 717 221 764 Μὴ
239 718 350 756 τοίνυν
368 721 525 769 ζητῶμεν
547 724 612 758 ποῦ
631 721 736 765 ἐστιν,
756 719 845 758 ἀλλὰ
856 721 937 762 ’πῶς
959 717 999 755 ἂν
1017 717 1123 762 αὐτὴν

110 778 295 829 ιφύγοιμεν·
328 781 415 830 μηδὲ
449 782 566 828 ἐπειδὴ
595 782 726 823 πάντας
747 784 893 819 ἐνταῦθα
927 781 964 817 οὗ
989 778 1124 821 κολάζει

109 840 215 887 Θεὸς,
237 841 292 878 διὰ
313 847 414 880 τοῦτο
437 842 574 880 ἀπίστει
591 849 658 885 τοῖς
680 842 865 893 μέλλουσι·
884 841 1125 892 φιλάνθρωπος

109 901 175 952 γάρ
196 904 268 940 ἐστι
282 933 290 947 ,
314 904 372 941 καὶ
393 907 620 956 μακροθυμεῖ.
651 903 742 940 ‘Aah
758 907 858 941 τοῦτο
882 903 1040 946 ἀπειλεῖ,
1066 899 1126 936 καὶ

110 965 171 999 οὐκ
186 963 306 1007 εὐθέως
325 965 491 1014 ε’μὸοίλλει
509 981 516 987 ·
537 967 589 1003 Οὐ
607 965 674 1017 γὰρ
690 964 797 1010 θέλω,
814 963 918 1014 φησὶ,
938 962 996 1000 τον
1017 955 1125 999 ὀάνα-

110 1039 165 1060 τον
186 1030 244 1063 τοῦ
260 1026 483 1076 ἁμαρτωλοῦ.
506 1028 549 1064 Εἰ
578 1026 613 1063 δὲ
634 1025 682 1075 μή
703 1028 776 1063 ἐστι
797 1025 941 1066 θάνατος
959 1024 1126 1073 ἁμαρτω-

109 1087 169 1122 λοῦ
182 1113 192 1128 ,
218 1087 376 1138 περιττὸν
397 1087 436 1124 τὸ
465 1087 656 1138 εἰρημένον.
679 1086 746 1123 Καὶ
763 1080 838 1123 οἶδα
863 1083 938 1135 μὲν,
957 1083 1010 1120 ὅτι
1031 1082 1124 1120 οὐδὲν

110 1145 313 1196 ἀηδέστερον
330 1147 461 1184 τούτων
479 1149 559 1197 ὑμῖν
575 1148 642 1183 τῶν
657 1147 768 1196 λόγων
784 1161 791 1168 ·
810 1146 887 1183 ἀλλ’
903 1145 980 1195 ἐμοὶ
995 1143 1124 1181 τούτων

108 1205 203 1243 οὐδὲν
223 1205 356 1252 ᾱῆδιον.
381 1206 450 1244 Καὶ
479 1207 544 1244 εἴθε
568 1201 609 1253 ἦν
625 1207 684 1244 καὶ
705 1204 1050 1258 ἀριστοποιουμένους
1067 1204 1126 1242 καὶ

108 1268 326 1310 δειπνοῦντας
345 1267 403 1305 καὶ
428 1267 632 1317 λουομένους
650 1265 710 1304 καὶ
729 1269 910 1318 πανταχοῦ
932 1266 1010 1318 περὶ
1030 1265 1126 1317 γεέν-

107 1343 166 1373 νης
183 1328 401 1378 διαλέγεσθαι
415 1345 422 1350 ·
444 1327 521 1365 002&
534 1327 601 1379 γὰρ
619 1327 658 1365 ἂν
674 1327 877 1378 ἦλγήσαμεν
893 1333 962 1369 τοῖς
980 1328 1127 1363 ἐνταῦθα

108 1390 245 1436 δεινοῖς,
268 1391 330 1426 οὐκ
350 1389 390 1426 ἂν
417 1389 575 1439 ἥσθημεν
597 1395 667 1432 τοῖς
694 1394 872 1440 χρηστοῖς.
891 1387 939 1426 Τι’
971 1387 1036 1438 γάρ
1069 1403 1127 1436 μοι

108 1451 166 1487 καὶ
185 1451 294 1487 εἰπεῖν
314 1450 404 1502 ἔχεις
425 1450 554 1497 δεινόν,
576 1450 711 1497 πενίαν,
731 1449 841 1494 νόσον,
864 1447 1124 1499 αἰχμαλωσίαν,

107 1511 263 1561 πήρωσιν
280 1510 439 1561 σώματος
452 1528 460 1558 ;
478 1511 582 1548 Ἀλλὰ
595 1515 705 1548 ταῦτα
718 1512 832 1548 πάντα
848 1511 957 1561 γέλως
966 1510 1051 1562 πρὸς
1066 1509 1126 1555 τὴν

109 1573 179 1608 ἐκεῖ
198 1572 340 1609 κόλασιν
356 1588 363 1594 ·
384 1572 447 1609 κᾶν
466 1571 542 1615 τοὺς
564 1573 607 1608 δι’
627 1571 706 1609 ὅλου
725 1571 1016 1622 βασανιζομένους
1034 1573 1128 1622 λιμῷ

108 1633 232 1685 λε’-(ης,
253 1633 315 1670 κᾶν
336 1633 413 1676 τοὺς
443 1636 481 1671 ἐκ
501 1633 643 1684 πρώτης
661 1633 799 1679 ἡλικίας
831 1633 1129 1684 εἴπεττηριομένους

110 1695 167 1730 καὶ
187 1698 476 1744 προσαιτοῦντας,
494 1693 606 1745 τρυφὴ
628 1693 686 1730 καὶ
703 1697 813 1731 ταῦτα
841 1693 926 1746 πρὸς
946 1695 1060 1731 ἐκεῖνα
1085 1692 1128 1730 τὰ

110 1755 211 1792 κακοί.
233 1756 394 1806 Συνεχῶς
422 1754 534 1793 τοίνυν
563 1756 764 1807 στρέφωμεν
791 1755 868 1798 τοὺς
898 1755 1128 1807 περὶτούτων

109 1816 228 1866 λόγους
245 1831 252 1838 ·
282 1817 318 1853 οὐ
337 1816 405 1866 γὰρ
428 1815 568 1867 ἀφίησιν
587 1818 750 1866 ἐμπεσεῖν
772 1819 819 1860 εἷς
834 1816 973 1867 γέενναν
997 1817 1035 1854 τὸ
1064 1834 1129 1867 με-

109 1879 261 1926 μνῆσθαι
277 1875 427 1927 γεέννης.
448 1878 526 1915 Οὐκ
545 1876 679 1920 ἀκούεις
697 1877 839 1916 Παύλου
859 1878 1017 1929 λέγοντας
1033 1895 1039 1901 ·
1066 1878 1129 1916 Οἵ-

110 1955 199 1982 τινες
219 1938 317 1984 δίκην
341 1938 491 1976 τίσουσιν
523 1938 659 1977 αἰώνιον
680 1939 748 1977 ἀπὸ
768 1939 955 1991 προσώπου
977 1939 1126 1990 Κυρίου;

111 2000 172 2036 οὐκ
192 1999 326 2042 ἀκούεις
353 1994 421 2042 οἶος
445 2003 462 2037 6
488 1999 608 2050 Νέρων
628 1999 780 2051 ἐγένετο,
799 2000 835 2038 ὃν
857 2000 916 2037 κα)1
937 2001 1126 2051 μυστήριον

111 2062 209 2098 καλεῖ
227 2063 286 2097 τοῦ
316 2060 535 2112 ἀντιχρίστου
556 2064 573 2098 6
601 2061 760 2107 Παῦλος,
780 2060 832 2097 Τὸ
851 2061 918 2112 γὰρ
939 2061 1128 2114 μυστήριον

111 2122 199 2169 ἤδη,
226 2121 342 2173 φησὶν,
362 2123 551 2172 ἐνεργεῖται
581 2123 642 2166 τῆς
664 2122 820 2171 ἀνομίας.
850 2122 898 2158 Τί
922 2116 1002 2170 οῦν;
1032 2122 1127 2160 οὐδὲν

110 2182 267 2220 πείσεται
291 2185 308 2219 ὁ
339 2181 458 2232 Νέρων
481 2180 494 2201 ¹

504 2198 513 2229 3
542 2181 636 2219 οὐδὲν
662 2182 821 2220 πείσεται
840 2186 857 2220 ὁ
885 2183 1127 2236 ἀντίχριστος,

110 2241 204 2281 οὐῗὲν
236 2247 254 2281 6
280 2243 462 2290 διοίὲολοςς
483 2244 618 2280 Οὐκοῦν
641 2243 694 2282 ἀεὶ
721 2247 738 2281 6
760 2243 980 2296 ἀντίχριστος
1010 2244 1125 2293 ἔσται,

109 2304 168 2342 καὶ
204 2307 221 2342 6
256 2303 431 2346 ὃιοίέολος·
463 2303 540 2341 00³&
571 2304 638 2355 γὰρ
675 2303 933 2350 ἀποστήσονται
971 2307 1034 2350 τῆς
1066 2321 1126 2342 κα-

109 2366 186 2408 κίας
206 2365 254 2415 μὴ
278 2364 513 2414 κολαζόμενοι.
536 2364 630 2411 Ναὶ,
651 2364 771 2416 φησίν·
794 2366 871 2403 ἀλλ’
895 2365 948 2403 ὅτι
971 2365 1032 2416 μέν
1053 2369 1126 2404 ἐστι

109 2427 250 2470 κόλασις
267 2425 327 2463 καὶ
342 2425 480 2476 γέεννα,
505 2425 611 2463 παντί
626 2441 692 2463 που
723 2427 825 2472 δῆλον
839 2443 846 2449 ·
872 2429 903 2464 οἱ
930 2426 966 2465 δὲ
986 2427 1127 2466 ἄπιστοι

110 2492 341 2538 ἐμπεσοῦνται
371 2487 478 2537 μόνοι.
506 2486 610 2530 Τίνος
629 2486 756 2534 ἕνεκεν,
779 2487 854 2526 εἶπέ
883 2505 960 2537 μοις
980 2488 1064 2527 ιὈτι
1097 2492 1127 2527 οἳ

111 2548 244 2594 πιστοὶ,
272 2547 376 2599 φησὶ,
397 2547 453 2584 τὸν
483 2547 664 2594 Δεσπότην
686 2548 883 2598 ἐπέγνωσαν
905 2551 963 2587 τὸν
983 2553 1126 2588 ἑαυτῶν.

111 2609 181 2648 Καὶ
195 2608 228 2646 τί
243 2614 357 2655 τοῦτο,
372 2607 387 2621 ⁰
422 2624 484 2645 ταν
502 2609 568 2661 γὰρ
585 2612 602 2646 ὃ
620 2609 692 2659 βίος
709 2610 902 2661 ἀκάθαρτος
918 2605 960 2661 ᾗ,
978 2611 1037 2648 καὶ
1053 2611 1127 2660 μεί-

111 2674 190 2714 ζονα
210 2668 300 2707 κατὰ
328 2674 428 2707 τοῦτο
457 2668 606 2706 δώσουσι
625 2669 722 2715 δίκην
740 2671 809 2706 τῶν
829 2671 984 2708 ἀπίστων
999 2687 1006 2694 ·
1024 2671 1127 2710 εὈσοι

109 2731 176 2782 γὰρ
197 2729 333 2779 ἀνόμως
359 2730 528 2781 ἥμαρτον,
551 2729 687 2780 ἀνόμως
721 2730 779 2767 καὶ
811 2733 1044 2770 ἀπολοῦνται·
1069 2733 1127 2770 καὶ

109 2792 184 2830 ὅσοι
204 2793 237 2829 ἐν
258 2790 354 2842 νόμῳ
374 2790 545 2843 ἥμαρτον,
565 2791 621 2828 διὰ
640 2791 745 2841 νόμου
773 2792 1019 2842 κριθήσονται·
1044 2794 1126 2841 καὶ,

111 2852 154 2892 ‘O
175 2851 310 2899 οἰκέτης
333 2855 350 2889 ὃ
370 2851 468 2895 εἰδὼς
486 2851 525 2889 τὸ
545 2851 681 2902 θέλημα
698 2857 757 2890 τοῦ
775 2853 904 2905 Κυρίου
926 2855 1050 2902 αὑτοῦ,
1069 2854 1128 2892 καὶ

112 2912 160 2962 μὴ
180 2912 351 2959 ποιήσας,
371 2911 561 2963 δαρήσεται
586 2912 728 2955 πολλάς.
753 2914 797 2950 Εἰ
821 2912 855 2950 δὲ
879 2915 939 2950 οὐκ
958 2913 1030 2951 ἔστι
1052 2913 1126 2964 βίου

112 2975 227 3011 δοῦναι
244 2973 357 3024 λόγον,
381 2974 458 3011 ἀλλ’
479 2974 598 3016 ἁπλῶς
617 2977 727 3011 ταῦτα
747 2973 904 3025 εἴρηται,
921 2973 997 3012 οὐδὲ
1015 2977 1032 3011 6
1052 2974 1128 3012 διοί-

114 3033 211 3075 &loq
229 3033 514 3084 τιμωρηθήσεται
528 3049 534 3056 ·
555 3034 614 3071 καὶ
632 3034 698 3085 γὰρ
714 3034 771 3072 τὸν
788 3033 876 3073 Θεὸν
892 3028 979 3081 οἶδε,
993 3034 1052 3072 καὶ
1068 3038 1128 3073 ἀν-

114 3092 259 3143 Ορώπων
283 3095 414 3142 μᾶλλον
439 3096 575 3132 πολλῶν
592 3110 599 3118 ·
631 3095 690 3133 καὶ
719 3098 749 3133 οἱ
769 3094 931 3145 δαίμονες
949 3094 984 3133 δὲ
1003 3096 1130 3138 πάντες

114 3160 172 3196 καί
193 3160 305 3197 ἴσασιν
337 3159 450 3208 αὐτὸν,
469 3161 529 3198 καὶ
548 3161 747 3214 φρίττουσι,
767 3162 826 3200 καὶ
848 3162 969 3214 κριτὴν
1003 3164 1128 3212 ὁμολΐ-

159 3276 174 3299 1,
199 3274 254 3306 Sic
269 3274 345 3307 Mss.
364 3274 477 3307 MoreI.
496 3286 573 3309 vero
588 3277 634 3319 [et
645 3278 768 3319 Aaou]
782 3287 839 3313 τῶν
853 3265 1010 3322 ,Suedio-J.

159 3337 170 3351 c
197 3327 268 3368 [καὶ
285 3330 370 3360 διὰ...
381 3335 413 3359 et
426 3338 503 3359 mox
520 3333 624 3367 εὐθέως
639 3334 760 3372 κολάζει
775 3332 897 3372 Aaou]

161 3378 175 3401 ‘¹
202 3379 365 3422 [ᾑόὐτερον
383 3380 486 3410 Aaou.
505 3387 538 3411 et.
553 3380 653 3413 Savil.
672 3383 704 3413 in
722 3393 825 3425 marg.
843 3382 996 3414 Proxima
1023 3379 1120 3423 paulo

116 3429 209 3461 aliter
227 3437 258 3461 ct
275 3429 388 3461 melius
406 3429 539 3472 quidem
556 3430 686 3464 exhibet
701 3432 824 3476 Anoa]

1196 482 1248 517 00,
1264 469 1416 519 inquies,
1436 469 1525 508 erit?
1547 470 1661 507 Extra
1681 467 1857 506 mundum
1871 467 1968 505 hunc
1985 475 2112 514 totum,
2136 475 2176 503 ut

1195 541 1259 578 ego
1281 538 1380 580 puto.
1401 529 1713 575 Quemadmodum
1741 529 1834 566 enim
1862 543 1986 580 regum
2019 541 2175 565 carceres

1196 598 1229 626 et
1245 590 1387 627 metalla
1411 591 1535 643 procul
1556 590 1668 642 posita
1685 599 1782 640 sunt,
1803 590 1851 627 ita
1870 598 1971 628 extra
1999 587 2174 626 mundum

1195 649 1289 687 hunc
1302 651 1368 687 erit
1387 651 1557 701 gehenna.

1250 714 1286 750 5.
1304 715 1355 750 Ne
1369 727 1452 764 ergo
1468 726 1667 764 quaeramus
1685 713 1832 750 ubinam
1851 712 1906 761 sit,
1923 713 1985 750 sed
1999 711 2176 763 quomodo

1196 772 1295 809 illam
1325 773 1520 824 fugiamus:
1536 787 1647 823 neque
1665 773 1748 823 quia
1766 774 1863 810 Deus
1892 786 1959 810 non
1979 786 2098 810 omnes
2117 773 2176 809 hic

1198 833 1315 884 punit,
1335 833 1414 872 ideo
1432 833 1565 871 futuris
1584 832 1691 870 fidem
1709 846 1923 883 neges:nam
1938 832 2111 883 benignus
2126 840 2177 869 est

1198 905 1230 933 et
1250 896 1422 947 patienter
1441 905 1612 934 moratur.
1636 895 1719 933 Ideo
1741 895 1991 943 comminatur,
2019 909 2080 933 nec
2107 904 2178 932 sta-

1198 958 1261 994 tim
1285 957 1321 995 in
1340 958 1534 1008 gehennam
1555 957 1811 1008 conjicitznam
1831 956 2002 1003 ait,]Volo
2019 966 2177 994 mortem
2195 965 2298 991 Ezech.
2329 961 2374 992 18.

1195 1019 1419 1066 peccatoris.
1445 1018 1484 1055 Si
1505 1030 1588 1054 vero
1613 1029 1682 1053 non
1702 1024 1753 1052 est
1772 1029 1866 1052 mors
1885 1015 2089 1066 peccatoris,
2110 1015 2178 1052 hoc
2193 1007 2242 1036 3²·

1197 1078 1328 1114 frustra
1344 1076 1443 1114 dicit.
1464 1076 1512 1113 Et
1531 1076 1602 1114 scio
1617 1075 1762 1126 quidem
1778 1075 1835 1112 1115
1851 1075 2073 1112 sermonibus
2090 1075 2180 1111 011111

1198 1138 1373 1189 ingratius
1390 1138 1493 1176 vobis
1515 1151 1606 1187 esse,
1627 1137 1689 1175 sed
1706 1136 1793 1173 mihi
1811 1135 1899 1173 1111111
1917 1136 1960 1173 115
1974 1135 2179 1187 jucundius.

1201 1202 1315 1249 Atque
1328 1199 1463 1236 utinam
1480 1208 1514 1236 et
1530 1197 1741 1250 prandentes
1758 1207 1789 1234 et
1806 1207 1981 1234 coenantes
1996 1205 2030 1234 et
2051 1197 2086 1233 in
2106 1196 2182 1233 bal-

1151 1278 1174 1308 Ο
1200 1274 1263 1296 000
1278 1269 1310 1297 et
1323 1260 1457 1310 ubique
1471 1259 1516 1297 de
1529 1259 1685 1310 gehenna
1702 1258 1945 1308 loqueremur,
1959 1272 2071 1308 neque
2089 1257 2182 1294 enim

1201 1323 1259 1360 hic
1275 1337 1450 1360 aerumnas
1469 1337 1560 1373 {egre
1577 1324 1761 1371 ferremus,
1779 1335 1890 1372 neque
1910 1321 1944 1358 in
1965 1321 2066 1358 bonis
2093 1320 2181 1358 deli-

1200 1384 1388 1423 ciaremur.
1412 1384 1509 1430 Quid
1527 1384 1619 1422 enim
1649 1383 1739 1420 mihi
1768 1396 1874 1432 grave
1896 1382 2014 1420 dicere
2042 1381 2182 1434 possis.D

1201 1455 1454 1498 paupertatem,
1468 1445 1643 1492 morbum,
1658 1443 1911 1496 captivitatem,
1923 1443 2183 1480 mutilationem

1202 1506 1383 1558 corporis?
1400 1508 1537 1546 Verum
1562 1505 1625 1542 illa
1647 1504 1764 1542 omnia
1789 1504 1864 1541 risu
1892 1512 1974 1541 sunt
1999 1503 2121 1554 digna,
2155 1503 2184 1540 51

1201 1582 1283 1605 01110
1303 1567 1480 1619 supplicio
1500 1567 1563 1604 illo
1585 1574 1846 1618 comparentur.
1869 1564 2020 1602 Etiamsi
2048 1578 2105 1602 eos
2124 1564 2186 1614 qui

1201 1643 1339 1680 semper
1356 1629 1449 1666 fame
1468 1636 1677 1678 torquentur
1695 1626 1842 1675 dixeris,
1859 1626 1994 1663 etiamsi
2013 1640 2071 1663 005
2089 1625 2149 1676 qui
2165 1639 2185 1662 a

1200 1689 1315 1741 prima
1333 1697 1433 1726 aetate
1446 1688 1527 1725 eaeci
1545 1696 1639 1736 sunt,
1657 1687 1823 1724 etcibum
1842 1685 2062 1724 emendicant
2079 1701 2090 1736 5
2109 1686 2187 1724 haec

1202 1751 1307 1789 etiam
1323 1752 1415 1788 mala
1429 1750 1565 1788 deliciae
1586 1759 1666 1788 sunt
1686 1763 1767 1786 eum
1786 1749 1858 1786 illis
1878 1758 2088 1801 comparata.
2102 1751 2186 1788 Haec

1202 1812 1320 1862 itaque
1329 1813 1530 1862 frequenter
1538 1825 1673 1849 xersem
1679 1825 1719 1847 us
1726 1826 1737 1860 3
1746 1824 1827 1847 nam
1838 1810 2004 1862 gehennae
2017 1810 2186 1847 memoria

1153 1893 1178 1922 D
1203 1886 1270 1909 non
1291 1872 1374 1909 sinit
1392 1871 1548 1909 incidere
1570 1871 1605 1908 in
1630 1871 1837 1922 gehennam.
1857 1872 1935 1908 Non
1965 1870 2067 1907 audis
2092 1871 2186 1907 Pau-

1201 1934 1281 1972 lum
1299 1933 1473 1971 dicentem
1487 1949 1494 1968 τ
1509 1934 1583 1983 Qui
1598 1932 1826 1984 supplicium
1842 1932 1947 1968 luent
1963 1940 2146 1969 aeternum
2161 1945 2185 1967 a
2200 1945 2228 1964 2.
2244 1939 2345 1965 Thess.
2357 1947 2380 1966 1,

1198 1998 1305 2047 facie
1320 1997 1507 2033 Domini?
1518 2008 1586 2031 000
1599 1993 1702 2031 audis
1714 1993 1829 2043 qualis
1845 1993 1938 2030 Nero
1948 1992 2067 2040 fuerit,
2080 2006 2186 2042 quem
2199 1988 2229 2017 9'

1201 2057 1400 2095 antichristi
1419 2056 1630 2108 mysterium
1645 2063 1748 2094 vocat
1764 2054 1920 2092 Paulus?
1937 2068 2019 2091 nam
2034 2055 2184 2102 ,Myste-
2203 2067 2278 2094 [bid.
2298 2075 2327 2094 2.
2344 2076 2372 2103 7·

1201 2123 1316 2165 rium,
1339 2118 1477 2169 inquit,
1508 2119 1727 2169 iniquitatis
1745 2118 1834 2168 jam
1865 2123 2055 2166 operatur.
2086 2114 2185 2162 Quid

1201 2183 1309 2234 ergo?
1328 2182 1465 2220 nihilne
1485 2180 1639 2233 patietur
1666 2179 1786 2217 Nero?
1815 2178 1907 2215 nihil
1936 2177 2181 2227 antichristus,

1201 2245 1293 2283 nihil
1309 2243 1499 2282 diabolus?
1521 2243 1616 2293 Ergo
1645 2255 1783 2293 semper
1801 2240 2030 2278 antichristus
2049 2240 2129 2289 erit,
2152 2249 2185 2277 et

1201 2305 1505 2354 diabolusmeque
1526 2303 1620 2340 enim
1638 2302 1707 2339 nisi
1732 2301 1830 2353 plexi
1847 2301 1990 2348 fuerint,
2009 2316 2029 2338 a
2048 2301 2185 2338 malitia

1200 2382 1263 2404 sua
1281 2366 1461 2404 desistent]
1490 2364 1624 2408 Etiam,
1656 2362 1814 2413 inquies,
1842 2361 1900 2399 sed
1923 2361 2019 2413 quod
2045 2362 2184 2414 punitio

1201 2427 1345 2478 quidem
1365 2435 1397 2464 et
1414 2425 1571 2477 gehenna
1593 2423 1652 2470 sit,
1672 2422 1787 2461 cuivis
1803 2422 2027 2460 manifestum
2042 2431 2110 2471 est,
2126 2436 2182 2460 ve-

1200 2502 1280 2525 rum
1300 2487 1365 2525 soli
1393 2486 1553 2524 infideles
1584 2484 1620 2521 in
1650 2484 1751 2520 illam
1771 2483 1939 2522 incident.
1961 2484 2045 2533 Cur,
2065 2498 2182 2534 quaeso

1152 2561 1176 2590 Ε
1200 2549 1259 2586 te?
1276 2548 1369 2594 Quia
1387 2547 1521 2592 fideles,
1539 2544 1692 2594 inquies,
1707 2543 2014 2581 Dominumsuum
2027 2557 2181 2595 agnove-

1200 2619 1294 2646 runt.
1313 2608 1359 2645 Et
1378 2606 1467 2658 quid
1484 2607 1553 2643 hoc
1571 2604 1647 2642 est?
1658 2606 1750 2642 Nam
1762 2603 1792 2641 51
1806 2603 1881 2642 vita
1898 2604 2043 2641 illorum
2062 2604 2181 2656 impu-

1199 2685 1238 2707 ra
1251 2670 1372 2719 fuerit,
1384 2677 1569 2720 propterea
1587 2665 1765 2717 graviores
1779 2664 1915 2702 dabunt
1928 2679 2060 2716 poenas,
2073 2680 2179 2715 quam

1199 2731 1360 2770 infideles
1378 2746 1385 2766 :
1403 2731 1640 2780 Quicumque
1660 2728 1762 2764 enim
1783 2729 1864 2764 sine
1887 2727 1968 2777 lege
1997 2740 2179 2777 peccave·
2193 2737 2373 2766 Rom.2.12.

1201 2801 1302 2841 runt,
1318 2792 1399 2829 sine
1421 2791 1501 2842 lege
1518 2790 1768 2841 peribunt:et
1786 2790 2014 2839 quicumque
2038 2789 2079 2824 in
2099 2788 2180 2840 lege
2192 2794 2380 2836 Luc.i2.48.

1197 2860 1467 2906 peccaverunt,
1487 2864 1556 2902 per
1585 2850 1704 2900 legem
1716 2849 2020 2900 judicabuntur,-
2038 2857 2082 2897 et,
2095 2848 2178 2886 Ser-

1204 2928 1271 2953 vus
1297 2917 1363 2965 qui
1381 2914 1453 2950 scit
1478 2911 1724 2948 voluntatem
1754 2910 1916 2946 Domini
1948 2912 2021 2956 sui,
2042 2918 2078 2947 et
2101 2923 2180 2947 non

1197 2979 1312 3029 facit,
1330 2974 1538 3026 vapulabit
1553 2971 1695 3009 multis.
1715 2969 1754 3008 Si
1773 2984 1857 3008 vero
1875 2970 1975 3008 nulla
1990 2971 2072 3009 vitae
2091 2970 2178 3008 dan-

1201 3039 1247 3076 da
1266 3037 1311 3075 sit
1339 3035 1449 3083 ratio,
1472 3033 1532 3071 sed
1562 3032 1635 3069 haec
1654 3031 1784 3068 frustra
1802 3030 1895 3068 dieta
1924 3031 2034 3080 fuere,
2067 3045 2180 3081 neque

1201 3097 1365 3137 diabolus
1394 3094 1564 3147 punietur
1578 3105 1679 3130 :nam
1707 3099 1741 3128 et
1768 3092 1886 3128 Deum
1919 3092 2034 3142 novit,
2065 3093 2179 3144 magis

1201 3173 1308 3211 quam
1326 3156 1430 3195 multi
1449 3154 1657 3202 hominum3
1678 3151 1924 3202 daemonesque
1943 3166 2062 3191 omnes
2077 3153 2180 3192 illum

1232 3281 1243 3295 ⁰
1267 3272 1474 3317 [Legebatur
1504 3272 1706 3316 πηρουμὲνους
1734 3276 1767 3300 et
1796 3274 2028 3313 προσαιτοῦντας
2059 3279 2182 3314 τροφήν.

1189 3329 1255 3360 Nos
1271 3337 1310 3357 ex
1328 3327 1364 3357 A.
1385 3331 1417 3355 et
1433 3325 1608 3365 Anonymo
1622 3319 1899 3364 emendavimus.]

1231 3378 1246 3408 s
1266 3378 1395 3419 [Aaou.
1413 3382 1444 3406 et
1463 3384 1567 3415 marg.
1583 3371 1683 3406 savit.
1699 3370 1828 3405 addunt
1845 3377 1859 3407 ὁ
1876 3377 1992 3418 Πέτρον
2006 3380 2054 3409 καὶ
2072 3380 2189 3410 nas‘u'w

1191 3437 1357 3473 τιμωρήσεις
1369 3444 1373 3463 ;
1388 3428 1398 3468 ]
