2502 3810
747 278 789 306 IN
827 278 966 307 EPIST.

89 358 256 411 στεφάνου
277 356 438 408 μέγιστος
464 357 649 409 στέφανος,
670 358 709 396 τὸ
727 361 936 404 κοινωνῆσαι
965 360 1015 410 τῷ
1035 359 1104 395 Δε-

1011 277 1067 305 Al)
1104 276 1193 306 ROM
1202 296 1211 304 .

2068 258 2157 304 583

1177 369 1300 394 ronam
1315 369 1442 408 magna
1464 370 1590 394 corona
1609 365 1660 395 est
1672 386 1683 405 ,
1703 356 1962 394 communicare
1989 369 2069 392 cum
2087 356 2159 393 Do-

1252 276 1405 305 HOfflL.
1443 277 1506 306 xl.

83 419 193 470 σπότῃ
208 434 216 442 ·
236 417 326 464 πλὴν
355 416 445 455 ἀλλὰ
479 417 536 454 καὶ
569 417 684 469 ἕτερον
721 417 848 468 δίδωμί
879 433 953 464 σοι,
987 417 1162 472 φησὶν,552
1176 416 1295 454 mino:
1310 426 1554 455 verumtamen
1573 426 1607 455 et
1625 416 1738 463 aliud,
1762 416 1890 468 inquit,
1917 415 1964 454 do
1987 415 2054 453 tibi
2069 430 2160 467 prae-

81 480 240 518 ἔπαθλον.
257 480 363 517 Ποῖον
382 478 423 524 δὴ
440 477 643 524 τοῦτοςΤὴν
662 478 797 517 αἰώνιον
813 478 916 525 ζωήν.
933 477 1103 516 Πιστεύο-
1127 486 1152 514 Α
1176 478 1301 515 mium.
1335 478 1525 524 Quodnam
1564 478 1656 516 illud
1672 479 1689 516 Ξ)
1715 478 1841 518 Vitam
1873 487 2037 516 aeternam
2053 493 2061 514 t
2077 491 2160 515 nam

83 556 144 591 μεν
164 539 247 592 γὰρ,
267 539 385 590 φησὶν,
411 537 463 576 ὅτι
484 539 542 576 καὶ
564 538 757 589 συζήσομεν
778 541 884 591 αὐτῷ.
908 539 976 576 Καὶ
1000 538 1103 576 πόθεν

79 605 180 639 τοῦτο
207 601 328 647 δῆλον;
353 600 371 620 *
385 599 548 647 Εἰδότες,
568 598 622 638 ὅτι
644 599 794 651 Χριστὸς
816 599 964 652 ἐγερθεὶς
993 601 1032 636 ἐκ
1053 614 1104 636 νε-

81 663 185 712 κρῶν,
221 661 335 699 οὐκέτι
366 660 590 706 ἀποθνήσκει.
615 659 683 697 Καὶ
709 659 832 698 σκόπει
860 659 966 697 πάλιν
998 661 1102 696 αὐτοῦ

81 720 144 767 τὴν
159 720 383 772 φιλονεικίαν,
403 720 462 757 καὶ
483 723 557 763 πῶς
578 720 647 758 ἀπὸ
666 723 735 757 τῶν
751 719 914 758 ἐναντίων
939 718 1021 756 αὐτὸ
1040 734 1104 756 κα-

82 796 188 819 τασκε
191 781 297 824 υοίζει.
315 779 463 827 Επειδὴ
489 779 556 833 γὰρ
579 779 668 823 εἰκὸς
691 774 732 826 ἧν
759 794 854 821 τινας
885 779 1104 830 θορυὸεῖσθαι

85 841 142 879 διὰ
172 840 229 878 τὸν
261 856 405 894 σταυρον
435 856 496 878 και
530 840 588 878 τὸν
611 839 767 885 θάνατον,
788 839 957 876 δείκνυσιν
986 838 1040 876 ὅτι
1062 839 1104 875 δι’

86 901 168 940 αυτὸ
200 901 261 951 μὲν
292 904 348 939 οὖν
375 905 475 939 τουτο
498 900 568 952 χρὴ
602 901 739 952 θαῤῥεῖν
768 898 901 936 λοιπόν.
918 898 983 970 xIll->2
1014 897 1104 948 γὰρ,

87 961 206 1008 ἐπειδὴ
230 961 323 1004 ἅπαξ
355 961 527 1008 ἀπεθανε,
547 959 652 1012 φησὶ,
680 958 827 1009 νομίσῃς
852 957 953 995 αὐτὸν
984 956 1106 1002 θνητὸν

85 1016 192 1058 εἶναι·
217 1021 355 1073 καὶγὰρ
380 1021 435 1058 ’διὰ
450 1024 551 1058 τοῦτο
572 1018 654 1057 αὐτὸ
675 1018 843 1060 ἀθάνατος
866 1016 983 1067 μένει·
1004 1016 1108 1053 θανά-

85 1097 143 1118 του
159 1081 224 1132 γὰρ
242 1080 386 1123 θάνατος
405 1084 422 1118 ὃ
442 1080 585 1122 θάνατος
605 1081 710 1116 αὐτοῦ
738 1078 876 1129 γέγονε·
905 1076 965 1115 καὶ
985 1076 1103 1123 ἐπειδὴ

86 1140 256 1186 ἀπέθανε,
289 1140 348 1177 καὶ
377 1139 434 1177 διὰ
464 1144 564 1177 τοῦτο
592 1141 652 1176 οὐκ
689 1137 918 1183 ἀποθνήσκει·
949 1137 1008 1175 καὶ
1038 1136 1106 1190 γὰρ

83 1201 210 1238 ἐκεῖνον
231 1199 288 1238 τὸν
309 1199 454 1237 θάνατον
474 1201 530 1250 Τῇ
561 1198 719 1252 ἁμαρτία
747 1198 910 1236 ἀπέθανε.
934 1197 982 1236 Τί
1013 1200 1106 1246 ἐστι,

83 1263 140 1312 Τῇ
161 1258 339 1314 ἁμαρτίᾳ,
362 1259 565 1307 Τουτέστιν,
584 1258 660 1298 οὐδὲ
687 1258 808 1313 ἐκείνῳ
838 1258 1024 1302 ὑπεύθυνος
1050 1253 1108 1307 ἦν,

84 1319 174 1359 ἀλλὰ
192 1319 249 1358 διὰ
267 1318 330 1367 τὴν
351 1318 524 1371 ἁμαρτίαν
543 1318 604 1367 τὴν
618 1318 804 1371 ἡμετέραν.
821 1317 900 1357 Ἵνα
912 1319 979 1372 γὰρ
999 1318 1107 1366 αὐτὴν

84 1380 210 1433 ἀνέλῃ,
231 1380 290 1418 καὶ
318 1380 448 1432 ἐκκόψῃ
471 1380 516 1418 τὰ
541 1384 646 1432 νεῦρα
667 1382 773 1426 αὖτ’ῆς
799 1379 859 1418 καὶ
879 1379 942 1426 τὴν
963 1379 1107 1430 δύναμιν

85 1440 237 1488 ἅπασαν,
262 1440 318 1478 διὰ
347 1446 448 1479 τοῦτο
475 1440 657 1480 ἀπέθανεν.
677 1435 780 1483 Εἶδες
811 1444 886 1483 πῶς
918 1440 1110 1492 ἐφόδησεν,

85 1503 131 1540 Εἰ
147 1501 212 1553 γὰρ
246 1503 307 1540 οὐκ
340 1500 553 1547 ἀποθνήσκει
581 1500 751 1553 δεύτερον,
771 1500 846 1539 οὐδὲ
865 1499 1009 1553 λουτρόν
1036 1502 1110 1539 ἐστι

85 1562 242 1615 δεύτερον
258 1578 265 1586 ·
291 1564 320 1600 εἷ
348 1561 383 1600 δὲ
411 1561 555 1615 λουτρὸν
575 1564 637 1600 οὐκ
663 1562 737 1600 ἔστι
765 1561 934 1614 δεύτερον,
962 1560 1050 1610 μηδὲ
1070 1560 1111 1599 σὺ

86 1622 173 1674 πρὸς
194 1622 368 1674 ἁμαρτίαν
385 1623 583 1674 ἐπιρρεπῶς
601 1621 674 1674 ἔχε.
698 1623 820 1660 Ταῦτα
837 1621 904 1673 γὰρ
924 1621 1040 1659 πάντα
1056 1620 1112 1659 λέ-

86 1698 158 1732 γει,
177 1683 261 1734 πρὸς
280 1684 389 1720 ἐκεῖνο
408 1682 593 1733 ἱστάμενος
617 1684 677 1728 τὸ,
695 1682 908 1733 Ποιήσωμεν
937 1681 981 1719 τὰ
1000 1681 1112 1728 κακὰ,

87 1741 143 1779 ἵνα
163 1743 245 1794 ἔλθῃ
263 1743 306 1780 τὰ
326 1742 457 1793 ἀγαθὰ,
477 1742 536 1780 καὶ
565 1742 625 1790 τὸ,
642 1742 898 1793 Ἐπιμενοῦμεν
928 1745 970 1794 τῇ
998 1743 1112 1795 ἁμαρ-

86 1802 169 1855 τία,
200 1802 256 1840 ἵνα
289 1806 310 1849 ἡ
337 1803 442 1855 χάρις
473 1803 660 1854 πλεονάσῃ.
687 1803 879 1856 Πρόῤῥιζον
905 1802 1017 1840 τοίνυν
1047 1803 1110 1849 τὴν
1135 1813 1159 1844 C

86 1862 248 1908 τοιαύτην
271 1862 446 1915 ὑπόληψιν
475 1865 638 1915 ἀναιρῶν,
671 1863 809 1902 ἅπαντα
834 1867 945 1901 ταῦτα
964 1863 1111 1910 τίθησιν.

85 1922 136 1961 ζῸ
155 1922 189 1961 δὲ
206 1926 267 1974 ζῇ,
281 1926 330 1975 τῷ
349 1925 432 1976 Θεῷ
451 1926 492 1975 ζῇ
505 1954 514 1971 ,
535 1923 637 1976 φησί·
658 1923 850 1970 τουτέστιν,
867 1923 1112 1973 ἀκαταλύτως,

86 1986 133 2026 ὡς
153 1983 280 2034 μηκέτι
300 1988 500 2036 κρατεῖσθαι
530 1986 596 2024 ὑπὸ
611 1990 670 2024 τοῦ
701 1985 862 2023 θανάτου.
882 1985 926 2023 Εἰ
956 1984 1024 2038 γὰρ
1051 1984 1111 2023 καὶ

87 2044 145 2082 τὸν
177 2045 341 2096 πρότερον
373 2045 519 2084 θάνατον
547 2048 611 2098 οὐχ
641 2046 827 2089 ὑπεύθυνος
847 2044 893 2084 ὢν
929 2045 1111 2095 ἀπέθανεν,

88 2105 177 2142 ἀλλὰ
198 2105 254 2142 διὰ
274 2104 336 2152 τὴν
366 2104 491 2158 ἑτέρων
521 2106 715 2157 ἁμαρτίαν·
744 2108 862 2158 πολλῷ
892 2109 1023 2157 μᾶλλον
1051 2111 1109 2144 ν’ῦν

87 2166 149 2202 οὐκ
169 2168 408 2213 ἀποθανεῖται,
427 2167 624 2211 καταλύσας
639 2167 758 2214 αὐτήν.
781 2166 829 2205 ⁰0
845 2167 904 2204 καὶ
918 2169 952 2205 ἐν
969 2171 1012 2219 τῇ
1027 2167 1112 2221 πρὸς

88 2224 272 2277 Ἑὸραίους
300 2226 417 2277 ἔλεγεν
433 2243 440 2250 ·
467 2226 576 2272 Ἅπαξ
603 2231 689 2280 γὰρ,
710 2228 826 2279 φησὶν,
847 2228 904 2265 ἐπὶ
934 2228 1112 2282 συντελείᾳ

87 2289 155 2324 τῶν
175 2286 308 2324 αἰώνων
323 2288 370 2330 εἷς
389 2287 551 2335 ἀθέτησιν
568 2287 742 2341 ἁμαρτίας
762 2288 818 2326 διὰ
835 2292 896 2335 τῆς
916 2289 1033 2332 θυσίας
1052 2291 1113 2327 afi-

86 2351 146 2385 τοῦ
171 2347 427 2401 πεφανέρωται.
457 2349 527 2387 Καὶ
554 2349 701 2388 καθόσον
734 2348 917 2388 ἀπόκειται
951 2356 1021 2393 τοῖς
1052 2352 1111 2388 ἀν-

86 2407 236 2461 θρώποις
256 2408 348 2452 ἅπαξ
376 2411 573 2458 ἀποθανεῖν,
603 2410 693 2448 οὕτω
722 2410 781 2448 καὶ
802 2413 819 2448 ὃ
838 2410 990 2461 Χριστὸς
1010 2410 1111 2455 ’ἅπαξ

84 2469 325 2520 προσενεχθεὶς
347 2472 394 2513 εἷς
415 2470 454 2508 τὸ
473 2471 612 2508 πολλῶν
638 2473 832 2522 ἀνενεγκεῖν
854 2471 1028 2524 ἁμαρτίας
1041 2502 1051 2519 ,
1072 2473 1110 2510 ε’γ.

87 2529 243 2580 δευτέρου
262 2529 369 2581 χωρὶς
388 2530 561 2583 ἁμαρτίας
574 2531 763 2583 ὀφθήσεται
777 2538 847 2575 τοῖς
861 2532 964 2570 αὐτὸν
980 2537 993 2553 ³
1005 2535 1112 2571 ἀπεκ-

88 2588 286 2640 δεχομένοις
308 2592 356 2633 εἰς
389 2590 576 2642 σωτηρίαν.
596 2591 758 2630 Δείκνυσι
777 2591 813 2630 δὲ
845 2592 905 2630 καὶ
935 2595 998 2639 τῆς
1019 2593 1111 2631 κατὰ

88 2649 179 2688 Θεὸν
203 2652 290 2695 ζωῆς
306 2649 368 2697 τὴν
389 2650 502 2703 ἰσχὺν,
522 2652 580 2689 καὶ
599 2656 661 2699 τῆς
678 2652 852 2705 ἁμαρτίας
868 2653 930 2700 τὴν
947 2654 1108 2705 δύναμιν·

88 2711 150 2755 τῆς
179 2713 240 2760 μὲν
268 2710 358 2748 κατὰ
378 2712 468 2749 Θεὸν
500 2714 607 2760 ζωῆς,
629 2711 682 2750 ὅτι
715 2712 831 2752 οὐκέτι
863 2716 1105 2753 ἀποθανεῖται·

88 2772 152 2816 τῆς
172 2770 207 2809 δὲ
237 2771 426 2823 ἁμαρτίας,
446 2772 498 2811 ὅτι
518 2775 548 2811 εἰ
567 2773 623 2812 τὸν
644 2773 888 2826 ἀναμάρτητον
922 2775 1008 2822 αὕτη
1038 2792 1108 2814 πα-

89 2832 288 2883 ρεσκεύαζεν
310 2835 504 2881 ἀποθανεῖν,
524 2834 603 2879 τοὺς
621 2834 826 2879 ὑπευθύνους
845 2836 946 2880 ὄντας
958 2839 1033 2881 πῶς
1049 2839 1112 2876 οὖν.

88 2895 230 2941 ἀπολεῖ;
249 2888 336 2932 Eira
348 2925 357 2942 ‚
374 2895 493 2943 ἐπειδὴ
513 2895 594 2948 περὶ
617 2900 680 2943 τῆς
699 2898 800 2935 αὐτοῦ
820 2899 909 2943 ζωῆς
929 2899 1088 2950 διελέχθη
1102 2930 1111 2947 ,

89 2952 145 2990 ἵνα
176 2953 223 3003 μὴ
253 2954 338 3006 λέγῃ
360 2971 432 3002 τις,
449 2955 484 2993 τί
517 2950 575 2994 οῧν
603 2956 689 3010 πρὸς
722 2960 815 3008 ἡμας
841 2958 881 2996 τὸ
909 2959 1110 3010 εἷρημενον;

90 3013 284 3066 ἐπήγαγεν·
305 3015 411 3053 Οὕτω
430 3015 490 3054 καὶ
507 3020 605 3067 ὑμεῖς
623 3018 737 3070 λογίζε
724 3021 832 3057 ε’σθε
819 3019 980 3096 εαυτρὺς,
1005 3021 1111 3072 φησὶ,

90 3073 228 3125 νεκρους
262 3075 322 3125 μεν
354 3080 440 3114 εἰναι
458 3094 501 3129 τῃ
534 3079 710 3131 ἁμαρτία,
732 3081 898 3124 ζωντας
881 3079 915 3119 οὲ
936 3097 985 3118 τω
1011 3084 1108 3120 Θεω

91 3136 217 3177 Καλως
237 3139 328 3183 εἰπε,
354 3136 557 3188 Αογίζεσθε,
578 3140 736 3186 ἐπειδη”
717 3142 792 3192 οψει
821 3157 1048 3193 παραστησαι
1072 3142 1112 3180 τὸ

91 3201 274 3252 λεγόμενον
297 3200 382 3244 τέως
413 3206 475 3240 οὐκ
495 3203 582 3242 ἔστι,
613 3206 684 3245 Καὶ
703 3207 743 3245 τί
759 3208 986 3259 λογιζόμεθα,
1007 3209 1110 3261 φησί;

93 3267 246 3320 Νεκροὺς
269 3267 328 3318 μὲν
359 3262 444 3306 εἶναι
464 3272 506 3321 τῇ
530 3271 706 3325 ἁμαρτίᾳ,
729 3275 855 3318 ζῶντας
876 3274 913 3313 δὲ
932 3278 982 3327 τῷ
1009 3278 1108 3328 Θεῷ,

93 3336 129 3372 ἐν
144 3336 286 3386 Χριστῷ
307 3334 422 3380 Ἰησοῦ
441 3338 490 3388 τῷ
516 3337 635 3390 Κυρίῳ
653 3342 771 3390 ἡμῶν·
797 3343 814 3378 ὃ
844 3341 910 3394 γὰρ
938 3342 1026 3381 οὕτω
1044 3345 1108 3388 ζῶν

142 3438 150 3448 '
172 3437 304 3479 ἱῑίῧὸτες
317 3437 410 3470 abest
426 3436 467 3470 ab
486 3440 538 3482 A]

1174 539 1464 586 ait:Credimus,
1486 543 1577 592 quia
1607 541 1723 578 simul
1750 543 1867 578 etiam
1883 543 2058 578 vivemus
2073 554 2160 578 cum

1174 600 1258 637 illo.
1275 600 1322 637 Et
1342 600 1518 638 undenam
1549 601 1616 638 hoc
1643 601 1778 652 liquet?
1796 603 1830 639 9.
1855 602 2037 648 Sciences,
2058 603 2163 652 quod

1176 660 1364 705 Christus,
1386 663 1453 712 qui
1468 664 1678 698 resurrexit
1705 676 1753 698 ex
1780 665 1954 708 mortuis,
1967 664 2052 714 jam
2083 676 2163 699 non

1176 725 1347 760 moritur.
1369 724 1419 760 Ac
1444 723 1529 761 vide
1557 738 1680 761 rursus
1709 724 1807 762 illius
1834 725 2110 770 contentionem,
2129 735 2163 763 ct

1176 782 1355 831 quomodo
1368 797 1389 820 a
1403 783 1590 821 contrariis
1603 783 1694 820 illud
1720 785 1858 835 probet.
1882 784 1976 831 Quia
1992 786 2086 823 enim
2102 801 2162 824 ve-

1176 841 1327 879 risimile
1336 851 1422 890 erat,
1435 842 1608 892 quosdam
1620 857 1639 879 a
1655 857 1758 880 cruce
1772 852 1804 880 et
1818 853 1928 882 morte
1945 846 2163 893 conturbari,

1178 901 1331 938 ostendit
1344 902 1389 939 ol)
1401 902 1470 939 hoc
1485 901 1602 952 ipsum
1616 901 1820 939 habendam
1835 904 2005 942 fiduciam
2019 919 2102 942 esse.
2112 907 2166 943 Ne

1177 969 1279 1011 putes
1293 961 1399 1009 enim,
1414 961 1543 1010 inquit,
1558 960 1642 1011 quia
1658 961 1765 998 semel
1779 972 1940 1000 mortuus
1959 973 2022 1012 est,
2048 964 2167 1015 ipsum

1177 1034 1251 1058 esse
1266 1020 1470 1058 mortalem:
1483 1020 1561 1058 ideo
1575 1034 1726 1071 namque
1741 1022 1954 1061 immortalis
1966 1035 2165 1075 permanet:

1177 1094 1272 1118 mors
1287 1081 1422 1133 quippe
1442 1082 1531 1133 ejus,
1549 1095 1643 1119 mors
1659 1082 1784 1119 mortis
1811 1083 1903 1120 facta
1931 1093 1983 1121 est
1991 1100 2002 1133 3
2027 1094 2060 1122 et
2085 1085 2170 1135 quia

1178 1150 1340 1179 mortuus
1355 1150 1421 1189 est,
1440 1141 1520 1179 ideo
1535 1155 1605 1179 non
1620 1142 1795 1192 moritur3
1811 1144 1942 1181 etenim
1957 1144 2019 1182 illa
2044 1155 2168 1193 morte,

1179 1202 1241 1240 10.
1261 1204 1429 1240 Peccato
1451 1211 1622 1241 mortuus
1641 1211 1708 1242 est.
1721 1203 1818 1250 Quid
1835 1214 1886 1242 est
1904 1204 2007 1254 illud,
2025 1207 2169 1244 Pecca-

1180 1271 1219 1301 το
1232 1265 1249 1300 P
1266 1262 1311 1301 Id
1329 1272 1398 1313 est,
1423 1277 1535 1314 neque
1564 1263 1619 1301 illi
1637 1264 1815 1302 obnoxius
1834 1273 1921 1314 erat⁷
1939 1264 2001 1303 sed
2027 1275 2170 1318 propter

1180 1331 1363 1376 peceatum
1391 1333 1576 1362 nostrum:
1594 1337 1677 1362 nam
1704 1333 1744 1362 ut
1770 1324 1862 1362 illud
1878 1325 2027 1376 tolleret,
2043 1336 2076 1363 et
2095 1327 2170 1378 ejus

1180 1398 1306 1424 nervos
1329 1384 1476 1436 vimque
1492 1398 1632 1423 omnem
1653 1385 1888 1435 abscinderet,
1908 1385 1988 1424 ideo
2008 1396 2171 1425 mortuus

1180 1456 1246 1486 est.
1262 1448 1395 1488 Viden'
1405 1448 1586 1499 quomodo
1601 1449 1791 1487 terruerit?
1804 1449 1842 1488 Si
1856 1449 1951 1487 enim
1964 1464 2034 1488 non
2047 1465 2171 1489 secun-

1181 1508 1229 1547 do
1244 1511 1409 1561 moritur,
1427 1509 1624 1549 secundum
1641 1511 1825 1551 lavacrum
1839 1525 1909 1550 non
1923 1521 1974 1552 est
1986 1529 1993 1551 z
2005 1512 2034 1550 si
2048 1527 2172 1551 secun-

1181 1569 1270 1608 dum
1282 1570 1467 1609 lavacrum
1482 1584 1552 1609 non
1567 1580 1631 1620 est,
1645 1586 1731 1611 cave
1746 1586 1790 1610 ne
1803 1572 1848 1610 ad
1862 1583 2049 1625 peccatum
2064 1573 2172 1612 decli-

1183 1644 1256 1669 nes.
1267 1631 1351 1668 Haec
1365 1631 1459 1668 enim
1469 1631 1591 1670 omnia
1602 1631 1704 1680 dicit,
1721 1642 1760 1670 ut
1775 1643 1895 1671 contra
1911 1634 2003 1672 illud
2016 1643 2171 1686 pugnet:

1184 1693 1395 1730 Faciamus
1431 1692 1553 1739 mala,
1584 1701 1625 1730 ut
1659 1696 1826 1730 veniant
1860 1696 1962 1732 bona
1974 1710 1990 1739 ,-
2015 1703 2050 1731 et
2079 1694 2173 1732 illud

1183 1755 1681 1803 quoquezPerseverabimus
1700 1756 1741 1790 in
1755 1764 1928 1805 peccam,
1945 1764 1987 1793 ut
2001 1757 2173 1793 abundet

1182 1816 1323 1864 gratia.
1341 1815 1442 1852 Hanc
1459 1814 1569 1865 igitur
1588 1814 1791 1866 opinionem
1806 1815 1975 1853 radicitus
2002 1816 2169 1865 evellens,

1183 1873 1259 1912 haec
1273 1874 1391 1912 omnia
1409 1875 1522 1927 ponit.
1545 1876 1658 1926 Quod
1670 1885 1801 1914 autem
1818 1880 1932 1925 vivit,
1952 1880 2052 1916 vivit
2069 1879 2167 1924 Deo,

1183 1933 1318 1985 inquit3
1338 1935 1406 1973 hoc
1426 1943 1490 1986 est,
1508 1935 1818 1987 indissolubiliter,
1836 1946 1876 1974 ut
1896 1951 1965 1975 non
1986 1939 2079 1976 ultra
2107 1938 2174 1977 do-

1183 1995 1339 2033 minetur
1357 1995 1411 2033 illi
1426 2009 1533 2034 mors.
1554 1997 1645 2033 Nam
1661 1996 1690 2034 si
1709 1996 1863 2048 priorem
1877 2007 2040 2049 mortem,
2062 1999 2173 2037 obno-

1182 2056 1266 2093 xius
1279 2071 1361 2094 cum
1382 2070 1452 2095 non
1465 2066 1566 2105 esset,
1581 2057 1640 2095 sed
1657 2067 1802 2110 propter
1820 2059 1973 2096 aliorum
1987 2069 2173 2112 peccatum

1182 2116 1315 2154 subiit:
1331 2117 1445 2154 multo
1459 2117 1573 2168 magis
1586 2131 1680 2155 nunc
1698 2132 1767 2155 non
1787 2118 1970 2168 morietur,
1991 2134 2072 2157 cum
2090 2135 2171 2172 pec-

1182 2187 1299 2215 catum
1319 2178 1477 2216 solverit.
1495 2178 1537 2216 Id
1552 2178 1650 2229 quod
1668 2179 1775 2217 etiam
1792 2180 1828 2217 in
1854 2180 2018 2232 Epistola
2036 2181 2081 2219 ad
2099 2182 2172 2220 He-

1181 2238 1294 2276 braeos
1321 2238 1464 2276 dicebat
1481 2240 1630 2278 :Semel
1645 2243 1748 2277 enim
1775 2243 1816 2278 in
1842 2246 2173 2281 consummatione
2185 2252 2369 2291 Isehr.9.26.

1182 2303 1410 2340 saeculorum
1438 2304 1493 2340 ad
1517 2305 1807 2355 abrogationem
1833 2308 1983 2356 peccati
2009 2321 2080 2357 per
2106 2309 2172 2345 ho-

1182 2363 1299 2400 stiam
1314 2377 1426 2401 suam
1441 2365 1716 2416 manifestatus
1733 2374 1800 2403 est.
1816 2365 1860 2403 Et
1876 2375 2047 2416 quatenus
2061 2377 2172 2406 statu-

1182 2433 1259 2462 tum
1277 2434 1328 2463 est
1341 2424 1550 2463 hominibus
1569 2426 1675 2463 semel
1693 2426 1782 2463 niori
1797 2443 1804 2462 :
1821 2426 1870 2464 sic
1885 2436 1918 2465 et
1938 2428 2100 2467 Christus
2115 2444 2170 2468 se-

1181 2486 1251 2524 mel
1277 2486 1430 2536 oblatus,
1444 2495 1484 2524 ut
1505 2487 1701 2524 multorum
1720 2487 1921 2526 abstolleret
1946 2499 2101 2541 peccata,
2118 2505 2171 2529 se-

1181 2546 1297 2584 cundo
1313 2546 1388 2584 sine
1403 2556 1546 2598 peccato
1559 2547 1744 2599 apparebit
1757 2547 1815 2595 iis,
1837 2548 1899 2598 qui
1915 2548 2034 2600 ipsum
2055 2550 2101 2587 ad
2115 2566 2171 2589 sa-

1180 2608 1291 2646 lutem
1318 2617 1535 2660 exspectant.
1566 2607 1731 2645 Ostendit
1759 2618 1876 2646 autem
1893 2619 1926 2646 ct
1944 2609 2027 2647 vitae
2047 2625 2170 2649 secun-

1182 2668 1269 2707 dum
1293 2670 1410 2707 Deum
1429 2678 1514 2706 actm
1533 2669 1621 2715 vim,
1643 2678 1676 2706 et
1701 2669 1833 2720 peccati
1850 2669 1934 2706 item
1952 2670 2142 2720 potentiam
2158 2688 2166 2708 ε

1182 2730 1265 2768 vitae
1278 2729 1472 2767 secundum
1493 2730 1610 2766 Deum
1625 2737 1723 2777 actae,
1740 2729 1823 2779 quia
1843 2744 1912 2768 non
1931 2730 2025 2767 ultra
2041 2732 2169 2769 morie-

1183 2802 1261 2843 ων,
1279 2792 1410 2845 peceati
1425 2806 1520 2840 vero,
1536 2791 1620 2842 quia
1634 2791 1664 2829 si
1678 2792 1945 2844 impeccabilem
1960 2794 2004 2832 ad
2020 2805 2169 2833 mortem

1183 2853 1344 2902 deduxit,
1361 2853 1428 2891 sibi
1443 2853 1616 2891 obnoxios
1629 2853 1805 2904 quomodo
1820 2868 1888 2892 non
1905 2855 2051 2907 perdet?
2062 2857 2171 2895 Dein—

1185 2914 1229 2953 de
1242 2915 1325 2966 quia
1342 2914 1386 2952 de
1402 2914 1515 2966 ipsius
1535 2916 1612 2952 vita
1631 2914 1798 2965 loquutus
1816 2924 1878 2964 est,
1895 2930 1937 2954 ne
1956 2917 2035 2967 quis
2055 2918 2167 2967 dicat,

1186 2975 1285 3022 Quid
1301 2975 1347 3013 ad
1363 2989 1425 3013 nos
1445 2974 1583 3012 dictum
1605 2975 1695 3012 illud
1708 2975 1725 3011 ἔ)
1740 2976 1947 3027 subjungit:
1968 2979 2028 3017 11.
2055 2981 2119 3016 Ita
2134 2988 2169 3016 et

1186 3049 1257 3074 vos
1271 3038 1501 3081 existimate,
1521 3048 1592 3073 vos
1621 3044 1791 3073 mortuos
1819 3039 1973 3089 quidem
1989 3052 2070 3076 esse
2082 3054 2170 3090 pec-

1185 3106 1287 3143 εατο,
1305 3099 1482 3135 viventes
1510 3104 1639 3133 autem
1655 3097 1750 3134 Deo.
1769 3097 1864 3134 Bene
1893 3098 2001 3147 dixit,
2018 3101 2169 3137 Existi-

1186 3167 1302 3205 matc,
1324 3158 1408 3208 quia
1424 3156 1460 3194 id
1478 3156 1574 3207 quod
1589 3156 1801 3203 dictumest,
1823 3167 1965 3210 aspectu
1983 3173 2172 3211 repraesen-

1185 3227 1259 3258 tare
1271 3221 1346 3272 jam
1363 3232 1431 3256 non
1448 3218 1542 3256 licet.
1558 3218 1606 3256 Et
1619 3217 1718 3269 quid7
1732 3218 1882 3269 inquies,
1899 3220 2171 3259 existimamus?

1185 3283 1258 3320 Nos
1274 3282 1450 3318 Mortuos
1467 3292 1547 3317 esse
1557 3287 1729 3330 peccam,
1753 3281 1928 3318 viventes
1944 3291 2072 3319 autem
2088 3284 2172 3320 Deo

1185 3345 1226 3381 in
1239 3343 1392 3380 Christo
1403 3341 1498 3378 Jesu
1509 3341 1678 3378 Domino
1691 3342 1924 3380 nostr-offlam
1938 3343 2000 3393 qui
2014 3343 2061 3381 ita
2070 3344 2173 3391 vivit,

1217 3446 1227 3456 ‘
1252 3443 1312 3476 Ald
1330 3447 1537 3487 ἐκδεχομένοις-

1974 3491 2038 3527 41.
