2502 3810
789 287 832 317 IN
870 286 1011 317 EPIST.

120 365 208 417 γίαν.
236 364 391 414 Τοιαύτη
412 364 477 420 γὰρ
498 369 519 412 ἡ
542 368 600 403 τοῦ
616 366 820 417 Πνεύματος
832 366 950 419 χάρις·
969 372 1049 417 νικᾶΙ
1064 365 1125 408 τὰς

112 427 279 479 σαρκικὰς
307 428 455 476 ὠδῖνας,
480 428 539 465 καὶ
572 427 777 479 θερμότερον
810 427 1042 465 ἐπιδείκνυται
1068 425 1126 463 τὸν

112 488 229 526 πόθον.
258 488 328 525 Καὶ
360 492 461 526 τοῦτο
490 488 643 538 μάλιστα
672 487 763 526 ἔστιν
792 488 874 525 ἰδεῖν
902 487 958 525 ἐπὶ
979 489 1040 533 τῆς
1066 489 1125 524 τοῦ

112 549 256 586 Παύλου
277 550 413 600 ψυχῆς,
433 548 469 592 ὃς
486 548 645 602 καθάπερ
660 549 788 595 πτηνός
803 564 854 591 τις
874 548 941 586 ὑπὸ
960 551 1021 594 τῆς
1036 547 1127 597 ἀγά-

113 625 182 656 πης
211 609 403 660 γενόμενος,
430 610 586 653 ἅπαντας
616 609 753 661 περιῄει
781 612 948 661 συνεχῶς,
978 610 1129 659 οὐδαμοῦ

116 670 226 719 μένων
249 669 324 708 οὐδὲ
346 670 538 721 ἱστάμενος.
558 670 703 717 Ἐπειδὴ
719 669 785 722 γὰρ
804 670 938 720 ἤκουσεζ
953 674 1012 708 τοῦ
1042 671 1129 722 Χρι-

115 735 197 768 στοῦ
229 731 405 779 λέγοντος,
433 730 560 783 Πέτρε,
591 733 701 783 φιλεῖς
722 746 782 781 με,
809 730 973 781 ποίμαινέ
992 746 1057 780 μου
1084 729 1130 767 τὰ

116 791 293 842 πρόὸατα,
312 792 372 830 καὶ
397 797 515 830 τοῦτον
537 792 696 842 μέγιστον
716 791 792 843 ὅρον
815 790 1014 843 ἐκφέροντος
1036 790 1129 840 ἀγά-

116 867 203 900 πης,
225 854 300 902 μεθ’
322 852 515 904 ὓπερὲολῆς
533 852 633 891 αὐτὸν
660 851 889 890 ἐπεδείκνυτο.
916 852 1048 889 Τοῦτον
1071 845 1128 888 οῧν

118 913 175 950 καὶ
195 917 297 964 ἡμεῖς
330 913 564 960 ζηλώσαντες,
593 915 622 950 εἷ
655 912 713 950 καὶ
744 911 792 961 μὴ
822 911 884 958 τὴν
910 911 1128 961 οἰκουμένην,

119 973 206 1022 μηδὲ
233 974 350 1017 πόλεις
377 974 584 1024 ὁλοκλήρους
612 973 670 1010 καὶ
699 971 800 1018 ἔθνη,
829 971 918 1010 ἀλλὰ
936 971 998 1018 τὴν
1019 971 1128 1009 οἰκίαν

118 1035 260 1076 ἕκαστος
277 1034 468 1085 ῥυθμιζέτω
485 1033 548 1079 τὴν
567 1035 699 1078 ἑαυτοῦ,
719 1031 780 1077 τὴν
801 1037 967 1082 γυναῖκα,
987 1031 1031 1069 τὰ
1050 1046 1132 1069 παι-

118 1094 184 1142 δία,
204 1093 282 1136 τοὺς
310 1094 426 1145 φίλους
440 1123 449 1141 ,
472 1093 550 1135 τοὺς
570 1092 734 1143 γείτονας.
759 1091 829 1129 Καὶ
855 1091 903 1141 μή
925 1107 983 1142 μοι
1001 1091 1130 1142 λεγέτω

115 1170 186 1201 τις,
206 1154 258 1191 ὅτι
278 1153 418 1205 ἄπειρός
443 1156 515 1203 εἶμι
533 1153 592 1191 καὶ
615 1152 768 1199 ἰδιώτης.
804 1152 915 1191 Οὐδὲν
936 1152 1131 1201 ἀμαθέστε-

119 1229 174 1264 ρον
193 1213 347 1266 Πέτρου,
368 1213 461 1250 οὐδὲν
483 1212 744 1265 ἰδιωτικώτερον
764 1212 923 1250 Παύλου.
946 1211 1015 1250 Καὶ
1034 1216 1133 1250 τοῦτο

117 1274 216 1317 αὐτὸς
237 1273 428 1324 ὡμολόγει,
449 1273 509 1311 καὶ
529 1275 590 1311 οὐκ
609 1273 781 1326 ᾐσχύνετο
799 1273 907 1325 λέγων
924 1289 930 1296 ·
952 1274 995 1311 Εἰ
1019 1273 1052 1311 δὲ
1073 1274 1132 1311 καὶ

118 1334 255 1382 ἰδιώτης
281 1338 330 1387 τῷ
360 1334 452 1387 λόγῳ
469 1364 477 1380 ,
506 1336 582 1372 ἀλλ’
607 1337 645 1373 οὐ
667 1338 710 1387 τῇ
730 1334 868 1386 γνώσει.
890 1333 980 1373 Ἀλλ’
1005 1334 1099 1385 ὅμως
1114 1336 1131 1371 ὃ

119 1396 256 1444 ἰδιώτης
274 1391 370 1440 οῧτος
391 1397 448 1435 καὶ
469 1400 486 1435 ὃ
505 1396 642 1447 ἀμαθὴς
662 1398 789 1439 ἐκεῖνος
809 1396 950 1448 μυρίους
971 1395 1132 1441 ἐνίκησαν

117 1457 333 1509 φιλοσόφους,
361 1457 502 1510 μυρίους
534 1457 767 1508 ἐπεστόμισαν
799 1459 959 1509 ῥήτορας,
983 1456 1051 1495 ἀπὸ
1071 1459 1132 1503 τῆς

119 1520 230 1556 αὐτῶν
254 1518 464 1570 προθυμίας,
484 1518 544 1557 καὶ
569 1522 631 1565 τῆς
645 1521 705 1556 τοῦ
725 1520 816 1557 Θεοῦ
835 1517 977 1570 χάριτος
1001 1518 1040 1556 τὸ
1064 1524 1132 1554 πᾶν

119 1579 360 1631 ἐργασάμενοι.
383 1579 473 1618 Τίνα
488 1574 544 1617 οὖν
562 1578 681 1629 ἕξομεν
699 1579 887 1628 ἀπολογίαν
901 1579 1016 1629 ἡμεῖς,
1033 1578 1133 1617 ὃούδὲ

122 1640 249 1677 εἴκοσιν
264 1643 446 1691 ἀρκοῦντες
461 1639 639 1690 ὀνόμασιν,
650 1639 726 1678 οὐδὲ
740 1643 1028 1683 τοῖςσυνοικοῦσιν
1042 1639 1136 1683 ὄντες

121 1702 299 1753 χρήσιμοι,
309 1703 444 1753 Σκῆψις
455 1705 562 1739 ταῦτα
571 1700 824 1753 καὶπρόερασις·
839 1699 990 1751 οὐδὲγὰρ
1003 1699 1136 1749 ἀμαθία

121 1761 197 1801 οὐδὲ
213 1762 420 1801 ἀπαιδευσία
436 1761 559 1801 κωλύει
575 1761 637 1808 τὴν
648 1761 889 1809 διδασκαλίαν,
910 1760 999 1799 ἀλλὰ
1012 1760 1136 1799 νωθεία

121 1823 179 1861 καὶ
204 1823 321 1866 ὕπνος.
356 1825 485 1861 Τοῦτον
523 1815 579 1860 οῦν
612 1821 899 1872 ἀποτιναξοίμενοι
927 1822 983 1860 τὸν
1016 1821 1133 1869 ὕπνον,

120 1883 208 1932 μετὰ
226 1883 341 1930 πάσης
355 1884 505 1929 σπουδῆς
526 1882 752 1935 ἀντεχώμεθα
771 1885 837 1921 τῶν
856 1882 990 1921 οἰκείων
1006 1883 1134 1932 μελῶν,

118 1944 173 1981 ἵνα
195 1943 255 1981 καὶ
274 1945 421 1982 ἐνταῦθα
448 1945 580 1989 πολλῆς
600 1943 851 1994 ἀπολαύσωμεν
881 1946 943 1989 τῆς
963 1943 1135 1994 γαλήνης,

118 2007 208 2045 κατὰ
232 2006 290 2044 τὸν
316 2010 375 2044 τοῦ
398 2008 490 2045 Θεοῦ
513 2006 616 2058 φόὸον
637 2005 714 2049 τοὺς
732 2009 816 2055 ἡμῖν
839 2004 1051 2050 ἐπιτηδείους
1072 2007 1135 2057 ῥυ-

118 2066 293 2116 θμίζοντες
308 2097 317 2115 ,
362 2067 420 2104 καὶ
451 2069 522 2105 ἐκεῖ
555 2067 686 2119 μυρίων
715 2067 946 2118 μετάσχωμεν
980 2067 1134 2116 ἀγαθῶν,

119 2128 238 2178 χάριτι
277 2128 336 2165 καὶ
371 2127 612 2180 φιλανθρωπίᾳ
635 2132 694 2165 τοῦ
731 2126 859 2179 Κυρίου
891 2129 991 2177 ἡμῶν
1022 2125 1137 2172 Ἰησοῦ

120 2189 270 2239 Χριστοῦ
286 2217 296 2235 ,
318 2189 360 2225 δι’
383 2181 421 2225 οὗ
443 2187 501 2225 καὶ
525 2190 599 2238 μεθ’
625 2181 663 2225 οὗ
683 2189 732 2239 τῷ
761 2187 877 2240 Πατρὶ
897 2191 918 2232 ἠ
942 2186 1042 2234 δόξα,
1062 2187 1136 2237 ἅμα

120 2250 168 2300 τῷ
189 2248 277 2300 ἁγίῳ
300 2247 493 2298 Πνεύματι,
513 2253 570 2286 νῦν
589 2248 648 2285 καὶ
667 2247 738 2295 ἀεὶ,
765 2247 823 2285 καὶ
850 2249 895 2291 εἷς
915 2247 992 2290 τοὺς
1013 2249 1138 2289 αἰῶνας

122 2313 188 2347 τῶν
209 2309 357 2347 αἰώνων.
381 2309 502 2359 Ἀμήν.

163 2442 176 2456 ³
201 2431 347 2465 Andreas
363 2431 526 2464 Dounaeus
543 2432 576 2464 in
590 2433 678 2465 notis
694 2431 867 2465 Savilianis
882 2430 950 2464 haec
975 2433 1125 2475 apposite

124 2488 220 2514 notat
239 2495 245 2512 ε
265 2485 328 2516 οὐδὲ
346 2488 450 2516 εἴκοσιν
473 2489 629 2528 ἀρκοῦντες
644 2489 800 2527 ὀνόμασιν,
820 2484 856 2515 id
877 2491 942 2525 est,
959 2496 1000 2517 ne
1022 2486 1124 2517 coetui

122 2532 254 2575 quidem
271 2535 387 2577 exiguo
403 2535 482 2566 satis
505 2546 616 2568 sumus
636 2552 641 2569 :
659 2548 698 2567 nc
721 2537 845 2579 viginti
867 2537 1000 2581 quidem
1027 2538 1122 2569 insti-

125 2585 254 2617 tuendis
276 2585 473 2629 sufficimus.
496 2583 720 2631 ὀπομαψυχή,
740 2595 907 2634 πρόσωπον,
928 2591 1012 2622 idem
1035 2602 1123 2634 soepe

129 2635 252 2669 valent.
270 2637 354 2670 Act.
382 2638 412 2679 ⁴,
432 2639 492 2669 45:
513 2642 546 2676 ἦν
571 2642 601 2672 δὲ
623 2642 709 2681 ὄχλος
738 2641 905 2685 &vopida-w]
917 2646 963 2676 ἐπὶ
990 2648 1025 2676 τὸ
1050 2646 1122 2676 αὐτὸ

488 2866 505 2883 *
516 2866 693 2904 ΟΜΙΛΙΑ
721 2865 764 2904 α’.

124 2984 278 3032 Παῦλος,
305 2987 419 3029 δοῦλος
433 2988 549 3034 Ἰησοῦ
570 2989 742 3041 Χριστοῦ,
764 2990 888 3036 κλητὸς
919 2991 1109 3035 ἀπόστολος
1125 3022 1135 3038 ,

176 3046 411 3097 ἀφωρισμένος
439 3050 486 3092 εἷς
514 3050 712 3102 εὐαγγέλιον
733 3052 824 3089 Θεοῦ
838 3079 848 3096 ,
864 3051 881 3090 ὃ
899 3053 1134 3104 προεπηγγεί-

175 3107 258 3143 λατο
281 3107 337 3145 διὰ
354 3111 421 3146 τῶν
441 3114 626 3162 προφητῶν
646 3113 747 3150 αὐτοῦ
773 3114 806 3149 ἐν
827 3114 983 3165 Γραφαῖς
1003 3114 1129 3163 ἁγίαις.

183 3281 332 3325 Μωυσῆς
353 3281 413 3330 μὲν
446 3282 545 3320 πέντε
568 3284 685 3333 βιῧλία
711 3284 959 3337 1’συγγροίιξιι;ις,
987 3288 1137 3337 οὐδαμοῦ

170 3387 176 3394 “
204 3383 342 3416 sax-ilius
358 3384 508 3419 homilias
526 3387 621 3420 hasco
636 3389 786 3421 inscribit
804 3395 903 3432 λόγους
916 3417 923 3429 ,
937 3391 1119 3422 manuscri-

126 3446 171 3476 pti
201 3436 253 3470 ιιΙίἰ
288 3442 400 3479 hym,
421 3438 556 3481 aliiffl]
574 3445 697 3482 ὁμιλίας,
725 3443 810 3474 Bene
837 3450 945 3475 nutem
971 3443 1119 3476 nominee

1050 285 1109 314 AD
1146 284 1254 314 ROM.

1146 1431 1195 1457 429

2083 261 2175 323 465

1199 364 1255 404 vis
1270 372 1382 416 pater,
1396 360 1745 405 dilectionem,Talis
1761 359 1854 398 enim
1870 366 1921 398 est
1937 357 2051 410 gratia
2064 358 2180 410 Spiri-

1200 436 1280 465 tus:
1301 426 1457 465 carnales
1475 434 1597 478 partus
1624 433 1785 476 superat,
1804 433 1838 462 et
1858 421 2093 462 ardentiorem
2111 435 2179 459 ex·-

1200 487 1297 525 hibet
1319 487 1498 526 affectum.
1522 485 1566 524 Id
1584 486 1619 523 in
1638 485 1764 538 primis
1784 483 1905 525 videre
1929 491 1980 521 est
2003 483 2040 520 in
2063 482 2182 520 anima

1202 548 1319 599 Pauli,
1339 548 1400 599 qui
1412 549 1516 599 quasi
1531 547 1687 587 volucris
1700 561 1745 585 ex
1757 546 1900 585 caritate
1915 546 2044 595 factus,
2061 558 2182 583 omnes

1201 611 1399 661 frequenter
1426 609 1609 658 circumit,
1629 622 1805 659 nusquam
1823 621 1967 646 manens
1985 607 2045 646 vel
2060 606 2180 644 consi-

1294 283 1449 314 HOMIL.
1488 283 1520 313 t.

1202 680 1306 709 stens.
1317 670 1412 718 Quia
1426 669 1521 708 enim
1532 668 1691 707 audierat
1698 669 1833 707 dixisse
1843 667 2038 713 Christum,
2048 669 2177 714 Petre,
2195 670 2284 697 Jmm-
2303 677 2318 696 2
2328 678 2336 697 ¹
2347 689 2354 697 ·

1202 745 1312 770 amas
1327 746 1386 768 me
1401 735 1417 768 P
1427 744 1543 782 pasce
1558 743 1646 768 oves
1660 743 1780 777 meas,
1798 738 1902 779 atque
1918 729 2014 765 hunc
2027 727 2183 765 maxime
2201 711 2246 740 ¹5'

1203 791 1358 830 caritatis
1387 791 1577 829 terminum
1607 790 1852 841 pronuntiasse
1873 803 1881 825 ε
1905 803 2011 840 supra
2037 788 2184 826 modum

1203 852 1396 890 exhibebat
1416 851 1533 890 illum.
1549 849 1654 887 Hunc
1672 849 1784 899 igitur
1802 857 1903 887 etnos
1922 849 2138 896 aemulantes,
2155 849 2185 886 si

1203 912 1322 949 minus
1337 911 1459 948 orbem
1475 919 1536 949 aut
1551 910 1704 960 integras
1722 907 1882 948 civitates
1896 909 1953 947 vel
1970 918 2103 959 gentes,
2116 909 2186 947 sal-

1205 982 1276 1010 tem
1294 972 1444 1022 quisque
1456 970 1603 1010 domun]
1623 985 1735 1019 suam,
1749 971 2027 1019 uxorem,filios‚
2039 970 2185 1018 amicos,

1203 1032 1339 1070 vicinos
1358 1040 1449 1069 recte
1468 1039 1666 1082 componat.
1686 1031 1758 1067 Nec
1776 1030 1866 1067 mihi
1889 1030 2067 1081 quispiam
2086 1029 2186 1067 dixe-

1206 1094 1262 1141 rit,
1281 1093 1471 1145 Imperitus
1487 1107 1567 1130 sum
1588 1101 1621 1129 et
1640 1091 1866 1130 rudis.Nil1il
1885 1091 2062 1129 indoctius
2071 1092 2188 1139 Petro,

1205 1153 1297 1193 nihil
1317 1152 1515 1205 imperitius
1534 1152 1659 1191 Paulo.
1678 1152 1775 1190 Illud
1794 1151 1868 1204 ipse
1883 1165 2022 1202 quoque
2043 1152 2186 1202 fatetur,

1205 1228 1270 1253 nec
1288 1213 1398 1267 pudet
1416 1214 1519 1252 illum
1536 1213 1654 1252 dicere
1669 1229 1677 1250 t
1692 1215 1781 1251 Etsi
1796 1215 1993 1264 imperitus
2012 1226 2094 1251 sum
2111 1226 2188 1251 ser-
2204 1235 2232 1253 2.
2250 1226 2320 1253 cm.
2340 1233 2350 1253 ι
2362 1235 2388 1254 1.

1207 1290 1332 1322 mone,
1357 1276 1425 1313 sed
1443 1289 1521 1313 non
1539 1277 1713 1313 scientia.
1727 1276 1889 1312 Attamen
1914 1274 2101 1326 imperitus
2120 1275 2191 1325 hic,
2204 1265 2234 1294 δ’

1207 1336 1370 1375 indoctus
1386 1336 1460 1386 ille,
1481 1345 1662 1374 sexcentos
1679 1335 1840 1374 vicerunt
1858 1335 2091 1388 philosophos
2104 1367 2113 1384 ,
2130 1336 2191 1374 in-

1210 1411 1374 1436 numeros
1399 1397 1557 1436 rhetores
1580 1396 1625 1434 ad
1645 1397 1826 1434 silentium
1847 1397 2114 1448 compulerunt,
2131 1411 2193 1434 suo

1159 1468 1185 1498 A
1209 1459 1326 1498 studio
1341 1468 1373 1497 et
1391 1459 1459 1497 Dei
1479 1458 1592 1510 gratia
1614 1466 1726 1496 totum
1745 1467 1962 1510 peragentes.
1978 1458 2096 1503 Quam
2109 1471 2193 1509 ergo

1208 1535 1272 1559 nos
1291 1519 1557 1558 excusationem
1573 1518 1799 1568 habebimus,
1820 1519 1881 1569 qui
1900 1532 1943 1556 ne
1961 1518 2089 1569 viginti
2111 1518 2194 1569 qui-

1208 1582 1290 1622 dem
1309 1581 1513 1620 nominibus
1530 1595 1590 1618 seu
1615 1579 1774 1633 personis
1793 1580 2008 1630 sufficimus,
2026 1593 2087 1617 nec
2107 1593 2193 1617 con-

1209 1643 1456 1682 tubernalibus
1480 1643 1584 1680 utiles
1600 1642 1747 1680 sumus?
1764 1642 1942 1680 Obtentus
1956 1642 2033 1680 haec
2062 1650 2144 1679 sunt
2162 1652 2195 1680 et

1210 1704 1331 1742 inanes
1362 1703 1606 1742 excusationes
1622 1719 1630 1740 :
1665 1717 1777 1753 neque
1808 1703 1902 1742 enim
1930 1703 2129 1755 ignorantia
2163 1713 2196 1741 et

1209 1764 1388 1817 imperitia
1406 1763 1605 1802 doctrinam
1626 1762 1839 1815 impediunt,
1859 1763 1920 1800 sed
1934 1763 2078 1814 ignavia
2089 1772 2122 1801 et
2145 1777 2197 1802 so-

1209 1824 1415 1863 mnolentia.
1437 1824 1513 1861 Hoc
1532 1823 1643 1875 igitur
1662 1837 1811 1861 excusso
1832 1837 1976 1870 somno,
1999 1837 2080 1860 eum
2099 1824 2197 1861 omni

1209 1886 1329 1924 studio
1354 1885 1499 1938 propria
1517 1885 1676 1922 membra
1693 1898 1870 1932 curemus,
1892 1893 1932 1922 ut
1952 1893 1985 1923 et
2005 1884 2064 1922 hic
2083 1883 2198 1922 multa

1208 1948 1370 1985 fruamur
1396 1946 1668 1997 tranquillitate,
1695 1945 1783 1983 dum
1808 1945 2004 1984 secundum
2029 1945 2194 1983 timorem

1210 2009 1275 2048 Dei
1294 2009 1505 2047 necessarios
1523 2017 1659 2047 nostros
1680 2008 1918 2053 instituemus,
1939 2017 1972 2046 et
1990 2008 2065 2046 illic
2084 2009 2194 2046 innu-

1210 2085 1306 2108 mera
1336 2083 1593 2121 consequamur
1622 2069 1729 2116 bona,
1766 2069 1879 2121 gratia
1913 2078 1946 2107 et
1981 2069 2200 2121 benignitate

1210 2131 1358 2168 Domini
1373 2131 1482 2168 nostri
1504 2132 1588 2169 Jesu
1604 2130 1752 2178 Christi,
1773 2143 1835 2181 per
1854 2144 1959 2181 quem
1973 2138 2006 2167 et
2025 2144 2105 2167 cum
2127 2143 2198 2180 quo

1212 2191 1309 2230 Patri
1321 2191 1446 2242 gloria,
1459 2191 1636 2242 simulque
1649 2200 1768 2228 sancto
1777 2191 1941 2242 Spiritui,
1956 2204 2050 2229 nunc
2061 2201 2093 2229 et
2108 2204 2197 2228 sem-

1212 2266 1288 2306 per,
1305 2261 1338 2289 et
1354 2252 1390 2291 in
1405 2251 1530 2290 saecula
1554 2251 1778 2291 saeculorum.
1793 2253 1916 2289 Amen.

1191 2435 1296 2466 ἑκατὸν
1321 2438 1466 2467 eimau...
1487 2431 1662 2475 Chrysost.
1681 2431 1806 2464 Homil.
1832 2433 1866 2464 in
1886 2433 1967 2465 Acta
1992 2435 2045 2476 54,
2069 2445 2098 2475 pr
2120 2434 2193 2475 912,

1191 2483 1211 2516 l.
1230 2486 1248 2517 5
1266 2483 1371 2528 (Edit.
1389 2483 1508 2528 Savil.)
1525 2484 1580 2516 ubi
1596 2485 1628 2516 in
1651 2491 1743 2516 textu
1759 2483 1878 2527 legitur
1894 2488 2039 2523 διακοσίας
2064 2489 2192 2528 &bosa-q*-

1189 2552 1279 2571 κοντα
1303 2542 1418 2581 ψυχάς,
1441 2535 1581 2569 habetur
1613 2535 1646 2567 in
1666 2537 1814 2579 margine
1835 2539 1966 2571 διακόσια
1992 2541 2194 2581 &Cosa-&mvn

1190 2595 1342 2632 ὀνόματα,
1359 2588 1450 2632 quod
1466 2588 1553 2621 idem
1571 2595 1631 2620 cst.

1568 2868 1777 2908 HOMILIA
1806 2870 1833 2907 Ι.

1214 2994 1249 3027 4.
1277 2992 1427 3030 Paulus
1447 3004 1578 3030 servus
1600 2993 1695 3030 Jesu
1720 2993 1877 3041 Christi,
1898 3000 2062 3030 vocatus
2095 3007 2191 3045 apo-

1264 3052 1406 3100 stolus,
1433 3061 1654 3105 segregatus
1684 3057 1725 3090 in
1756 3053 1999 3105 evangelium
2025 3055 2123 3100 Dei,
2155 3056 2192 3091 2.

1161 3119 1184 3149 C
1266 3115 1370 3165 quod
1387 3122 1478 3151 ante
1496 3117 1724 3165 promiserat
1738 3127 1807 3165 per
1820 3115 2024 3165 prophetas
2046 3128 2133 3153 suos
2152 3117 2194 3151 in

1264 3175 1471 3226 Scripturis
1491 3176 1648 3212 sanctis.

1265 3289 1277 3323 1
1293 3316 1300 3324 .
1320 3288 1463 3337 Moyses
1480 3286 1581 3324 libris
1603 3286 1757 3336 quinque
1773 3300 1792 3323 a
1807 3300 1842 3324 se
1859 3286 1998 3339 scriptis
2016 3299 2190 3340 nusquam

1187 3388 1423 3428 inscribuntur,
1443 3398 1479 3422 ut
1496 3398 1528 3423 et
1545 3398 1667 3424 ctetcrae
1686 3388 1728 3422 ad
1745 3389 1903 3433 populum
1921 3391 2108 3423 conciones.

1232 3444 1247 3467 l‘
1272 3442 1333 3474 Alii
1346 3448 1473 3487 γράψας.
