<?xml version="1.0" encoding="UTF-8"?>
<!DOCTYPE html PUBLIC "-//W3C//DTD XHTML 1.0 Transitional//EN"
    "http://www.w3.org/TR/xhtml1/DTD/xhtml1-transitional.dtd">
<html xmlns="http://www.w3.org/1999/xhtml" xml:lang="en" lang="en">
 <head>
  <title>
</title>
<meta http-equiv="Content-Type" content="text/html;charset=utf-8" />
  <meta name='ocr-system' content='tesseract 3.04.00' />
  <meta name='ocr-capabilities' content='ocr_page ocr_carea ocr_par ocr_line ocrx_word'/>
</head>
<body>
  <div class='ocr_page' id='page_1' title='image "./operaomniaquaeex09johnuoft/operaomniaquaeex09johnuoft_0906.png"; bbox 0 0 2502 3810; ppageno 0'>
   <div class='ocr_carea' id='block_1_1' title="bbox 108 451 288 481">
    <p class='ocr_par' dir='ltr' id='par_1_1' title="bbox 108 451 288 481">
     <span class='ocr_line' id='line_1_1' title="bbox 108 451 288 481; baseline -0.028 -9"><span class='ocrx_word' id='word_1_1' title='bbox 108 461 122 472; x_wconf 72' lang='grc' dir='ltr'>υ</span> <span class='ocrx_word' id='word_1_2' title='bbox 132 454 185 471; x_wconf 62' lang='lat' dir='ltr'>(lfa</span> <span class='ocrx_word' id='word_1_3' title='bbox 198 459 203 467; x_wconf 68' lang='grc' dir='ltr'>ι</span> <span class='ocrx_word' id='word_1_4' title='bbox 231 451 238 469; x_wconf 83' lang='grc'>1</span> <span class='ocrx_word' id='word_1_5' title='bbox 260 454 288 481; x_wconf 26' lang='grc' dir='ltr'>ΑΚ).</span> 
     </span>
    </p>
   </div>
   <div class='ocr_carea' id='block_1_2' title="bbox 118 2434 297 2463">
    <p class='ocr_par' dir='ltr' id='par_1_2' title="bbox 118 2434 297 2463">
     <span class='ocr_line' id='line_1_2' title="bbox 118 2434 297 2463; baseline -0.011 0"><span class='ocrx_word' id='word_1_6' title='bbox 118 2434 297 2463; x_wconf 68' lang='lat' dir='ltr'>1.Pec.5.8.</span> 
     </span>
    </p>
   </div>
   <div class='ocr_carea' id='block_1_3' title="bbox 305 317 1304 3370">
    <p class='ocr_par' dir='ltr' id='par_1_3' title="bbox 305 317 1291 1900">
     <span class='ocr_line' id='line_1_3' title="bbox 307 317 1284 376; baseline -0.016 -7"><span class='ocrx_word' id='word_1_7' title='bbox 307 333 427 369; x_wconf 76' lang='lat' dir='ltr'>dentes</span> <span class='ocrx_word' id='word_1_8' title='bbox 460 327 641 376; x_wconf 76' lang='lat' dir='ltr'>confregit,</span> <span class='ocrx_word' id='word_1_9' title='bbox 673 323 908 372; x_wconf 75' lang='lat' dir='ltr'>contrivitque</span> <span class='ocrx_word' id='word_1_10' title='bbox 927 322 1001 373; x_wconf 82' lang='lat' dir='ltr'>ejus</span> <span class='ocrx_word' id='word_1_11' title='bbox 1037 317 1284 357; x_wconf 77' lang='lat' dir='ltr'>fortitudinem</span> 
     </span>
     <span class='ocr_line' id='line_1_4' title="bbox 307 370 1284 431; baseline -0.014 -11"><span class='ocrx_word' id='word_1_12' title='bbox 307 395 505 431; x_wconf 70' lang='lat' dir='ltr'>vanumque</span> <span class='ocrx_word' id='word_1_13' title='bbox 523 380 633 416; x_wconf 85' lang='lat' dir='ltr'>robur</span> <span class='ocrx_word' id='word_1_14' title='bbox 650 377 724 428; x_wconf 88' lang='lat' dir='ltr'>ejus</span> <span class='ocrx_word' id='word_1_15' title='bbox 740 392 747 412; x_wconf 89' lang='lat'>:</span> <span class='ocrx_word' id='word_1_16' title='bbox 764 376 799 412; x_wconf 93' lang='lat' dir='ltr'>in</span> <span class='ocrx_word' id='word_1_17' title='bbox 817 375 886 412; x_wconf 85' lang='lat' dir='ltr'>hoe</span> <span class='ocrx_word' id='word_1_18' title='bbox 903 374 1073 424; x_wconf 76' lang='lat' dir='ltr'>glorietur</span> <span class='ocrx_word' id='word_1_19' title='bbox 1086 371 1115 409; x_wconf 90' lang='lat' dir='ltr'>is</span> <span class='ocrx_word' id='word_1_20' title='bbox 1131 371 1193 421; x_wconf 87' lang='lat' dir='ltr'>qui</span> <span class='ocrx_word' id='word_1_21' title='bbox 1210 370 1284 420; x_wconf 87' lang='lat' dir='ltr'>glo-</span> 
     </span>
     <span class='ocr_line' id='line_1_5' title="bbox 307 424 1284 481; baseline -0.014 -9"><span class='ocrx_word' id='word_1_22' title='bbox 307 437 430 477; x_wconf 88' lang='lat' dir='ltr'>riatur,</span> <span class='ocrx_word' id='word_1_23' title='bbox 453 442 490 468; x_wconf 88' lang='lat' dir='ltr'>ut</span> <span class='ocrx_word' id='word_1_24' title='bbox 509 431 680 481; x_wconf 83' lang='lat' dir='ltr'>scriptum</span> <span class='ocrx_word' id='word_1_25' title='bbox 702 437 751 466; x_wconf 88' lang='lat' dir='ltr'>est</span> <span class='ocrx_word' id='word_1_26' title='bbox 769 444 776 464; x_wconf 95' lang='lat'><strong>:</strong></span> <span class='ocrx_word' id='word_1_27' title='bbox 796 428 1005 475; x_wconf 36' lang='lat' dir='ltr'>Glorietur·</span> <span class='ocrx_word' id='word_1_28' title='bbox 1010 425 1138 473; x_wconf 83' lang='lat' dir='ltr'>frater</span> <span class='ocrx_word' id='word_1_29' title='bbox 1162 424 1284 460; x_wconf 76' lang='lat' dir='ltr'>humi—</span> 
     </span>
     <span class='ocr_line' id='line_1_6' title="bbox 307 474 1286 526; baseline -0.013 -3"><span class='ocrx_word' id='word_1_30' title='bbox 307 489 353 524; x_wconf 79' lang='lat' dir='ltr'>lis</span> <span class='ocrx_word' id='word_1_31' title='bbox 374 489 415 522; x_wconf 78' lang='lat' dir='ltr'>in</span> <span class='ocrx_word' id='word_1_32' title='bbox 437 485 678 521; x_wconf 32' lang='lat' dir='ltr'>eiraltatione</span> <span class='ocrx_word' id='word_1_33' title='bbox 708 495 778 518; x_wconf 81' lang='lat' dir='ltr'>sua</span> <span class='ocrx_word' id='word_1_34' title='bbox 795 496 805 516; x_wconf 92' lang='grc'>.·</span> <span class='ocrx_word' id='word_1_35' title='bbox 823 480 882 517; x_wconf 87' lang='lat' dir='ltr'>hic</span> <span class='ocrx_word' id='word_1_36' title='bbox 901 478 995 515; x_wconf 90' lang='lat' dir='ltr'>enim</span> <span class='ocrx_word' id='word_1_37' title='bbox 1020 485 1071 514; x_wconf 88' lang='lat' dir='ltr'>est</span> <span class='ocrx_word' id='word_1_38' title='bbox 1089 476 1150 526; x_wconf 89' lang='lat' dir='ltr'>qui</span> <span class='ocrx_word' id='word_1_39' title='bbox 1174 474 1286 513; x_wconf 79' lang='lat' dir='ltr'>vincjt</span> 
     </span>
     <span class='ocr_line' id='line_1_7' title="bbox 306 526 1286 576; baseline -0.014 0"><span class='ocrx_word' id='word_1_40' title='bbox 306 538 491 576; x_wconf 87' lang='lat' dir='ltr'>mundum.</span> <span class='ocrx_word' id='word_1_41' title='bbox 520 534 649 574; x_wconf 67' lang='lat' dir='ltr'>Viden&#39;</span> <span class='ocrx_word' id='word_1_42' title='bbox 678 532 891 570; x_wconf 87' lang='lat' dir='ltr'>humilitatis</span> <span class='ocrx_word' id='word_1_43' title='bbox 917 527 1204 568; x_wconf 74' lang='lat' dir='ltr'>sublimitatem?</span> <span class='ocrx_word' id='word_1_44' title='bbox 1232 526 1286 564; x_wconf 79' lang='lat' dir='ltr'>vi-</span> 
     </span>
     <span class='ocr_line' id='line_1_8' title="bbox 305 578 1285 641; baseline -0.013 -13"><span class='ocrx_word' id='word_1_45' title='bbox 305 591 384 629; x_wconf 84' lang='lat' dir='ltr'>‹len&#39;</span> <span class='ocrx_word' id='word_1_46' title='bbox 401 587 615 641; x_wconf 78' lang='lat' dir='ltr'>paupertatis</span> <span class='ocrx_word' id='word_1_47' title='bbox 628 585 846 625; x_wconf 71' lang='lat' dir='ltr'>victoriam?</span> <span class='ocrx_word' id='word_1_48' title='bbox 860 582 979 621; x_wconf 79' lang='lat' dir='ltr'>viden⁷</span> <span class='ocrx_word' id='word_1_49' title='bbox 994 581 1164 619; x_wconf 87' lang='lat' dir='ltr'>invictam</span> <span class='ocrx_word' id='word_1_50' title='bbox 1175 578 1285 616; x_wconf 85' lang='lat' dir='ltr'>aciem</span> 
     </span>
     <span class='ocr_line' id='line_1_9' title="bbox 306 632 1285 694; baseline -0.013 -14"><span class='ocrx_word' id='word_1_51' title='bbox 306 645 382 694; x_wconf 82' lang='lat' dir='ltr'>ejus</span> <span class='ocrx_word' id='word_1_52' title='bbox 405 642 466 692; x_wconf 89' lang='lat' dir='ltr'>qui</span> <span class='ocrx_word' id='word_1_53' title='bbox 487 649 536 678; x_wconf 88' lang='lat' dir='ltr'>est</span> <span class='ocrx_word' id='word_1_54' title='bbox 554 639 704 677; x_wconf 88' lang='lat' dir='ltr'>humilis</span> <span class='ocrx_word' id='word_1_55' title='bbox 722 637 858 676; x_wconf 73' lang='lat' dir='ltr'>corde?</span> <span class='ocrx_word' id='word_1_56' title='bbox 879 637 910 673; x_wconf 92' lang='lat' dir='ltr'>O</span> <span class='ocrx_word' id='word_1_57' title='bbox 933 642 1123 687; x_wconf 78' lang='lat' dir='ltr'>paupertas</span> <span class='ocrx_word' id='word_1_58' title='bbox 1141 632 1285 683; x_wconf 87' lang='lat' dir='ltr'>regibus</span> 
     </span>
     <span class='ocr_line' id='line_1_10' title="bbox 305 685 1284 744; baseline -0.014 -11"><span class='ocrx_word' id='word_1_59' title='bbox 305 695 469 733; x_wconf 85' lang='lat' dir='ltr'>omnibus</span> <span class='ocrx_word' id='word_1_60' title='bbox 496 689 719 744; x_wconf 79' lang='lat' dir='ltr'>opulentior!</span> <span class='ocrx_word' id='word_1_61' title='bbox 743 704 762 728; x_wconf 93' lang='lat' dir='ltr'>o</span> <span class='ocrx_word' id='word_1_62' title='bbox 781 688 967 727; x_wconf 83' lang='lat' dir='ltr'>humilitas</span> <span class='ocrx_word' id='word_1_63' title='bbox 985 685 1188 738; x_wconf 81' lang='lat' dir='ltr'>gigantibus</span> <span class='ocrx_word' id='word_1_64' title='bbox 1216 698 1284 735; x_wconf 88' lang='lat' dir='ltr'>po-</span> 
     </span>
     <span class='ocr_line' id='line_1_11' title="bbox 306 733 1285 791; baseline -0.013 -6"><span class='ocrx_word' id='word_1_65' title='bbox 306 748 446 791; x_wconf 78' lang='lat' dir='ltr'>tentior,</span> <span class='ocrx_word' id='word_1_66' title='bbox 481 755 514 783; x_wconf 89' lang='lat' dir='ltr'>et</span> <span class='ocrx_word' id='word_1_67' title='bbox 541 743 740 782; x_wconf 84' lang='lat' dir='ltr'>obedientia</span> <span class='ocrx_word' id='word_1_68' title='bbox 769 743 878 780; x_wconf 91' lang='lat' dir='ltr'>telum</span> <span class='ocrx_word' id='word_1_69' title='bbox 910 749 1030 778; x_wconf 83' lang='lat' dir='ltr'>contra</span> <span class='ocrx_word' id='word_1_70' title='bbox 1061 733 1285 788; x_wconf 72' lang='lat' dir='ltr'>malignum!</span> 
     </span>
     <span class='ocr_line' id='line_1_12' title="bbox 311 789 1284 840; baseline -0.013 -2"><span class='ocrx_word' id='word_1_71' title='bbox 311 803 400 839; x_wconf 69' lang='lat' dir='ltr'>Vere</span> <span class='ocrx_word' id='word_1_72' title='bbox 425 800 554 836; x_wconf 81' lang='lat' dir='ltr'>frustra</span> <span class='ocrx_word' id='word_1_73' title='bbox 584 797 816 835; x_wconf 87' lang='lat' dir='ltr'>conturbatur</span> <span class='ocrx_word' id='word_1_74' title='bbox 843 792 1094 838; x_wconf 89' lang='lat' dir='ltr'>omnishomo,</span> <span class='ocrx_word' id='word_1_75' title='bbox 1125 789 1186 840; x_wconf 95' lang='lat' dir='ltr'>qui</span> <span class='ocrx_word' id='word_1_76' title='bbox 1214 789 1284 826; x_wconf 87' lang='lat' dir='ltr'>alio</span> 
     </span>
     <span class='ocr_line' id='line_1_13' title="bbox 307 842 1282 890; baseline -0.013 0"><span class='ocrx_word' id='word_1_77' title='bbox 307 853 413 890; x_wconf 84' lang='lat' dir='ltr'>inodo</span> <span class='ocrx_word' id='word_1_78' title='bbox 430 852 508 888; x_wconf 71' lang='lat' dir='ltr'>vult</span> <span class='ocrx_word' id='word_1_79' title='bbox 521 851 662 888; x_wconf 77' lang='lat' dir='ltr'>vincere</span> <span class='ocrx_word' id='word_1_80' title='bbox 677 847 863 887; x_wconf 87' lang='lat' dir='ltr'>mundum.</span> <span class='ocrx_word' id='word_1_81' title='bbox 880 845 961 884; x_wconf 89' lang='lat' dir='ltr'>Noli</span> <span class='ocrx_word' id='word_1_82' title='bbox 977 857 1103 890; x_wconf 87' lang='lat' dir='ltr'>errare,</span> <span class='ocrx_word' id='word_1_83' title='bbox 1124 857 1144 879; x_wconf 92' lang='lat' dir='ltr'>o</span> <span class='ocrx_word' id='word_1_84' title='bbox 1160 842 1282 888; x_wconf 90' lang='lat' dir='ltr'>homo,</span> 
     </span>
     <span class='ocr_line' id='line_1_14' title="bbox 307 894 1287 950; baseline -0.013 -7"><span class='ocrx_word' id='word_1_85' title='bbox 307 920 408 943; x_wconf 85' lang='lat' dir='ltr'>nemo</span> <span class='ocrx_word' id='word_1_86' title='bbox 425 904 565 941; x_wconf 86' lang='lat' dir='ltr'>Christo</span> <span class='ocrx_word' id='word_1_87' title='bbox 583 903 708 940; x_wconf 89' lang='lat' dir='ltr'>fortior</span> <span class='ocrx_word' id='word_1_88' title='bbox 719 916 729 949; x_wconf 90' lang='lat'>;</span> <span class='ocrx_word' id='word_1_89' title='bbox 751 900 812 937; x_wconf 85' lang='lat' dir='ltr'>sed</span> <span class='ocrx_word' id='word_1_90' title='bbox 828 900 902 950; x_wconf 90' lang='lat' dir='ltr'>ipse</span> <span class='ocrx_word' id='word_1_91' title='bbox 920 898 971 935; x_wconf 90' lang='lat' dir='ltr'>sic</span> <span class='ocrx_word' id='word_1_92' title='bbox 987 896 1098 933; x_wconf 87' lang='lat' dir='ltr'>aciem</span> <span class='ocrx_word' id='word_1_93' title='bbox 1117 894 1287 932; x_wconf 77' lang='lat' dir='ltr'>instruxit</span> 
     </span>
     <span class='ocr_line' id='line_1_15' title="bbox 309 946 1286 1005; baseline -0.011 -12"><span class='ocrx_word' id='word_1_94' title='bbox 309 968 339 996; x_wconf 74' lang='lat' dir='ltr'>ct</span> <span class='ocrx_word' id='word_1_95' title='bbox 358 957 460 1005; x_wconf 72' lang='lat' dir='ltr'>vicit,</span> <span class='ocrx_word' id='word_1_96' title='bbox 494 970 575 993; x_wconf 89' lang='lat' dir='ltr'>cum</span> <span class='ocrx_word' id='word_1_97' title='bbox 594 969 655 992; x_wconf 89' lang='lat' dir='ltr'>nos</span> <span class='ocrx_word' id='word_1_98' title='bbox 685 953 861 991; x_wconf 86' lang='lat' dir='ltr'>docuisset</span> <span class='ocrx_word' id='word_1_99' title='bbox 887 949 1035 988; x_wconf 89' lang='lat' dir='ltr'>modum</span> <span class='ocrx_word' id='word_1_100' title='bbox 1066 946 1286 999; x_wconf 64' lang='lat' dir='ltr'>reportandae</span> 
     </span>
     <span class='ocr_line' id='line_1_16' title="bbox 307 999 1285 1060; baseline -0.012 -14"><span class='ocrx_word' id='word_1_101' title='bbox 307 1009 465 1048; x_wconf 67' lang='lat' dir='ltr'>victoriae</span> <span class='ocrx_word' id='word_1_102' title='bbox 494 1007 768 1060; x_wconf 74' lang='lat' dir='ltr'>insuperabilem</span> <span class='ocrx_word' id='word_1_103' title='bbox 786 1021 794 1041; x_wconf 74' lang='grc' dir='ltr'>ε</span> <span class='ocrx_word' id='word_1_104' title='bbox 810 1005 878 1042; x_wconf 86' lang='grc'>1100</span> <span class='ocrx_word' id='word_1_105' title='bbox 895 1001 1001 1040; x_wconf 89' lang='lat' dir='ltr'>modo</span> <span class='ocrx_word' id='word_1_106' title='bbox 1019 1001 1214 1052; x_wconf 86' lang='lat' dir='ltr'>superbum</span> <span class='ocrx_word' id='word_1_107' title='bbox 1239 999 1285 1035; x_wconf 92' lang='lat' dir='ltr'>il-</span> 
     </span>
     <span class='ocr_line' id='line_1_17' title="bbox 307 1052 1285 1114; baseline -0.013 -14"><span class='ocrx_word' id='word_1_108' title='bbox 307 1065 382 1101; x_wconf 86' lang='lat' dir='ltr'>lum</span> <span class='ocrx_word' id='word_1_109' title='bbox 404 1061 610 1114; x_wconf 72' lang='lat' dir='ltr'>prostravit,</span> <span class='ocrx_word' id='word_1_110' title='bbox 639 1060 706 1097; x_wconf 87' lang='lat' dir='ltr'>hac</span> <span class='ocrx_word' id='word_1_111' title='bbox 721 1067 796 1096; x_wconf 90' lang='lat' dir='ltr'>arte</span> <span class='ocrx_word' id='word_1_112' title='bbox 811 1056 938 1108; x_wconf 86' lang='lat' dir='ltr'>dejecit</span> <span class='ocrx_word' id='word_1_113' title='bbox 957 1068 1038 1092; x_wconf 87' lang='lat' dir='ltr'>eum</span> <span class='ocrx_word' id='word_1_114' title='bbox 1056 1053 1116 1104; x_wconf 84' lang='lat' dir='ltr'>qui</span> <span class='ocrx_word' id='word_1_115' title='bbox 1131 1052 1285 1100; x_wconf 87' lang='lat' dir='ltr'>dicebat,</span> 
     </span>
     <span class='ocr_line' id='line_1_18' title="bbox 309 1105 1286 1155; baseline -0.013 -2"><span class='ocrx_word' id='word_1_116' title='bbox 309 1118 389 1153; x_wconf 84' lang='lat' dir='ltr'>Ero</span> <span class='ocrx_word' id='word_1_117' title='bbox 409 1115 545 1152; x_wconf 77' lang='lat' dir='ltr'>similis</span> <span class='ocrx_word' id='word_1_118' title='bbox 563 1113 794 1155; x_wconf 78' lang='lat' dir='ltr'>Altissim0;</span> <span class='ocrx_word' id='word_1_119' title='bbox 813 1109 880 1147; x_wconf 85' lang='lat' dir='ltr'>hac</span> <span class='ocrx_word' id='word_1_120' title='bbox 896 1105 1062 1145; x_wconf 89' lang='lat' dir='ltr'>methodo</span> <span class='ocrx_word' id='word_1_121' title='bbox 1079 1105 1165 1143; x_wconf 86' lang='lat' dir='ltr'>vicit</span> <span class='ocrx_word' id='word_1_122' title='bbox 1177 1118 1286 1141; x_wconf 91' lang='lat' dir='ltr'>mun-</span> 
     </span>
     <span class='ocr_line' id='line_1_19' title="bbox 309 1158 1288 1217; baseline -0.011 -13"><span class='ocrx_word' id='word_1_123' title='bbox 309 1169 395 1206; x_wconf 83' lang='lat' dir='ltr'>dum</span> <span class='ocrx_word' id='word_1_124' title='bbox 422 1175 454 1204; x_wconf 88' lang='lat' dir='ltr'>et</span> <span class='ocrx_word' id='word_1_125' title='bbox 471 1165 644 1217; x_wconf 83' lang='lat' dir='ltr'>principis</span> <span class='ocrx_word' id='word_1_126' title='bbox 670 1162 793 1202; x_wconf 89' lang='lat' dir='ltr'>mundi</span> <span class='ocrx_word' id='word_1_127' title='bbox 809 1161 930 1199; x_wconf 88' lang='lat' dir='ltr'>dentes</span> <span class='ocrx_word' id='word_1_128' title='bbox 947 1158 1137 1209; x_wconf 82' lang='lat' dir='ltr'>confregit,</span> <span class='ocrx_word' id='word_1_129' title='bbox 1172 1171 1288 1208; x_wconf 88' lang='lat' dir='ltr'>perse-</span> 
     </span>
     <span class='ocr_line' id='line_1_20' title="bbox 309 1209 1289 1270; baseline -0.012 -13"><span class='ocrx_word' id='word_1_130' title='bbox 309 1219 539 1270; x_wconf 80' lang='lat' dir='ltr'>quutionibus</span> <span class='ocrx_word' id='word_1_131' title='bbox 569 1218 736 1263; x_wconf 76' lang='lat' dir='ltr'>afflictus,</span> <span class='ocrx_word' id='word_1_132' title='bbox 760 1214 912 1259; x_wconf 82' lang='lat' dir='ltr'>insidiis,</span> <span class='ocrx_word' id='word_1_133' title='bbox 947 1209 1182 1259; x_wconf 87' lang='lat' dir='ltr'>contumeliis,</span> <span class='ocrx_word' id='word_1_134' title='bbox 1205 1223 1289 1261; x_wconf 89' lang='lat' dir='ltr'>spu-</span> 
     </span>
     <span class='ocr_line' id='line_1_21' title="bbox 311 1262 1289 1311; baseline -0.014 0"><span class='ocrx_word' id='word_1_135' title='bbox 311 1275 367 1310; x_wconf 88' lang='lat' dir='ltr'>tis.</span> <span class='ocrx_word' id='word_1_136' title='bbox 392 1271 520 1311; x_wconf 70' lang='lat' dir='ltr'>Viden&#39;</span> <span class='ocrx_word' id='word_1_137' title='bbox 540 1270 709 1308; x_wconf 73' lang='lat' dir='ltr'>invictam</span> <span class='ocrx_word' id='word_1_138' title='bbox 726 1266 965 1305; x_wconf 70' lang='lat' dir='ltr'>armaturam?</span> <span class='ocrx_word' id='word_1_139' title='bbox 988 1263 1104 1302; x_wconf 69' lang='lat' dir='ltr'>viden&#39;</span> <span class='ocrx_word' id='word_1_140' title='bbox 1127 1270 1159 1298; x_wconf 84' lang='lat' dir='ltr'>ct</span> <span class='ocrx_word' id='word_1_141' title='bbox 1177 1262 1289 1299; x_wconf 69' lang='lat' dir='ltr'>victo-</span> 
     </span>
     <span class='ocr_line' id='line_1_22' title="bbox 310 1314 1288 1365; baseline -0.014 -3"><span class='ocrx_word' id='word_1_142' title='bbox 310 1326 399 1362; x_wconf 83' lang='lat' dir='ltr'>riam</span> <span class='ocrx_word' id='word_1_143' title='bbox 419 1333 452 1361; x_wconf 89' lang='lat' dir='ltr'>et</span> <span class='ocrx_word' id='word_1_144' title='bbox 471 1322 606 1360; x_wconf 71' lang='lat' dir='ltr'>artem?</span> <span class='ocrx_word' id='word_1_145' title='bbox 635 1321 752 1360; x_wconf 70' lang='lat' dir='ltr'>viden&#39;</span> <span class='ocrx_word' id='word_1_146' title='bbox 774 1319 948 1357; x_wconf 76' lang='lat' dir='ltr'>invictum</span> <span class='ocrx_word' id='word_1_147' title='bbox 968 1317 1078 1354; x_wconf 88' lang='lat' dir='ltr'>robur</span> <span class='ocrx_word' id='word_1_148' title='bbox 1095 1314 1183 1365; x_wconf 83' lang='lat' dir='ltr'>ejus,</span> <span class='ocrx_word' id='word_1_149' title='bbox 1211 1328 1288 1363; x_wconf 76' lang='lat' dir='ltr'>quae</span> 
     </span>
     <span class='ocr_line' id='line_1_23' title="bbox 311 1366 1289 1423; baseline -0.013 -9"><span class='ocrx_word' id='word_1_150' title='bbox 311 1376 504 1414; x_wconf 83' lang='lat' dir='ltr'>secundum</span> <span class='ocrx_word' id='word_1_151' title='bbox 532 1376 647 1411; x_wconf 90' lang='lat' dir='ltr'>Deum</span> <span class='ocrx_word' id='word_1_152' title='bbox 666 1382 730 1418; x_wconf 85' lang='lat' dir='ltr'>est,</span> <span class='ocrx_word' id='word_1_153' title='bbox 760 1369 1005 1423; x_wconf 75' lang='lat' dir='ltr'>paupertatis?</span> <span class='ocrx_word' id='word_1_154' title='bbox 1039 1366 1156 1405; x_wconf 74' lang='lat' dir='ltr'>viden&#39;</span> <span class='ocrx_word' id='word_1_155' title='bbox 1183 1379 1289 1414; x_wconf 90' lang='lat' dir='ltr'>quam</span> 
     </span>
     <span class='ocr_line' id='line_1_24' title="bbox 309 1418 1289 1471; baseline -0.014 -5"><span class='ocrx_word' id='word_1_156' title='bbox 309 1427 544 1466; x_wconf 56' lang='lat' dir='ltr'>formidabilis</span> <span class='ocrx_word' id='word_1_157' title='bbox 573 1426 618 1463; x_wconf 86' lang='lat' dir='ltr'>sit</span> <span class='ocrx_word' id='word_1_158' title='bbox 643 1424 866 1462; x_wconf 79' lang='lat' dir='ltr'>daemouibus</span> <span class='ocrx_word' id='word_1_159' title='bbox 885 1422 914 1459; x_wconf 89' lang='lat' dir='ltr'>is</span> <span class='ocrx_word' id='word_1_160' title='bbox 936 1420 996 1471; x_wconf 91' lang='lat' dir='ltr'>qui</span> <span class='ocrx_word' id='word_1_161' title='bbox 1014 1418 1217 1456; x_wconf 82' lang='lat' dir='ltr'>humilitate</span> <span class='ocrx_word' id='word_1_162' title='bbox 1237 1426 1289 1454; x_wconf 89' lang='lat' dir='ltr'>est</span> 
     </span>
     <span class='ocr_line' id='line_1_25' title="bbox 310 1471 1290 1526; baseline -0.014 -8"><span class='ocrx_word' id='word_1_163' title='bbox 310 1480 478 1519; x_wconf 76' lang='lat' dir='ltr'>indutus?</span> <span class='ocrx_word' id='word_1_164' title='bbox 501 1477 657 1526; x_wconf 84' lang='lat' dir='ltr'>Domini,</span> <span class='ocrx_word' id='word_1_165' title='bbox 678 1486 716 1513; x_wconf 89' lang='lat' dir='ltr'>ut</span> <span class='ocrx_word' id='word_1_166' title='bbox 733 1475 906 1521; x_wconf 73' lang='lat' dir='ltr'>diximus,</span> <span class='ocrx_word' id='word_1_167' title='bbox 925 1483 976 1511; x_wconf 87' lang='lat' dir='ltr'>est</span> <span class='ocrx_word' id='word_1_168' title='bbox 991 1471 1163 1519; x_wconf 80' lang='lat' dir='ltr'>imitator,</span> <span class='ocrx_word' id='word_1_169' title='bbox 1186 1482 1290 1519; x_wconf 83' lang='lat' dir='ltr'>ange-</span> 
     </span>
     <span class='ocr_line' id='line_1_26' title="bbox 310 1521 1290 1581; baseline -0.015 -10"><span class='ocrx_word' id='word_1_170' title='bbox 310 1535 351 1571; x_wconf 89' lang='lat' dir='ltr'>lis</span> <span class='ocrx_word' id='word_1_171' title='bbox 364 1531 621 1578; x_wconf 87' lang='lat' dir='ltr'>desiderabilis,</span> <span class='ocrx_word' id='word_1_172' title='bbox 637 1528 805 1581; x_wconf 86' lang='lat' dir='ltr'>apostolis</span> <span class='ocrx_word' id='word_1_173' title='bbox 816 1525 1050 1569; x_wconf 82' lang='lat' dir='ltr'>honorabilis,</span> <span class='ocrx_word' id='word_1_174' title='bbox 1070 1521 1290 1573; x_wconf 76' lang='lat' dir='ltr'>martyribus</span> 
     </span>
     <span class='ocr_line' id='line_1_27' title="bbox 309 1573 1289 1629; baseline -0.013 -6"><span class='ocrx_word' id='word_1_175' title='bbox 309 1593 596 1629; x_wconf 71' lang='lat' dir='ltr'>connumeratus,</span> <span class='ocrx_word' id='word_1_176' title='bbox 633 1581 853 1619; x_wconf 73' lang='lat' dir='ltr'>daemonibus</span> <span class='ocrx_word' id='word_1_177' title='bbox 885 1576 1136 1621; x_wconf 86' lang='lat' dir='ltr'>formidabilis,</span> <span class='ocrx_word' id='word_1_178' title='bbox 1165 1573 1289 1611; x_wconf 86' lang='lat' dir='ltr'>mundi</span> 
     </span>
     <span class='ocr_line' id='line_1_28' title="bbox 308 1628 1291 1685; baseline -0.013 -9"><span class='ocrx_word' id='word_1_179' title='bbox 308 1639 433 1685; x_wconf 66' lang='lat' dir='ltr'>victor,</span> <span class='ocrx_word' id='word_1_180' title='bbox 463 1646 675 1674; x_wconf 80' lang='lat' dir='ltr'>aeternorum</span> <span class='ocrx_word' id='word_1_181' title='bbox 693 1631 1090 1684; x_wconf 83' lang='lat' dir='ltr'>incorruptibiliumque</span> <span class='ocrx_word' id='word_1_182' title='bbox 1116 1628 1291 1666; x_wconf 88' lang='lat' dir='ltr'>bonorum</span> 
     </span>
     <span class='ocr_line' id='line_1_29' title="bbox 309 1681 1289 1738; baseline -0.012 -10"><span class='ocrx_word' id='word_1_183' title='bbox 309 1693 431 1729; x_wconf 67' lang='lat' dir='ltr'>lueres.</span> <span class='ocrx_word' id='word_1_184' title='bbox 453 1690 555 1727; x_wconf 87' lang='lat' dir='ltr'>Hunc</span> <span class='ocrx_word' id='word_1_185' title='bbox 581 1702 761 1738; x_wconf 86' lang='lat' dir='ltr'>nunquam</span> <span class='ocrx_word' id='word_1_186' title='bbox 790 1686 897 1723; x_wconf 87' lang='lat' dir='ltr'>timor</span> <span class='ocrx_word' id='word_1_187' title='bbox 920 1683 1082 1731; x_wconf 80' lang='lat' dir='ltr'>invadit,</span> <span class='ocrx_word' id='word_1_188' title='bbox 1098 1681 1194 1718; x_wconf 87' lang='lat' dir='ltr'>hunc</span> <span class='ocrx_word' id='word_1_189' title='bbox 1217 1689 1289 1717; x_wconf 87' lang='lat' dir='ltr'>tota</span> 
     </span>
     <span class='ocr_line' id='line_1_30' title="bbox 308 1733 1289 1795; baseline -0.01 -14"><span class='ocrx_word' id='word_1_190' title='bbox 308 1744 400 1795; x_wconf 80' lang='lat' dir='ltr'>legio</span> <span class='ocrx_word' id='word_1_191' title='bbox 418 1743 619 1780; x_wconf 83' lang='lat' dir='ltr'>daemonum</span> <span class='ocrx_word' id='word_1_192' title='bbox 635 1740 727 1791; x_wconf 83' lang='lat' dir='ltr'>fugit</span> <span class='ocrx_word' id='word_1_193' title='bbox 745 1748 778 1776; x_wconf 90' lang='lat' dir='ltr'>ct</span> <span class='ocrx_word' id='word_1_194' title='bbox 801 1737 981 1784; x_wconf 80' lang='lat' dir='ltr'>formidat,</span> <span class='ocrx_word' id='word_1_195' title='bbox 1010 1735 1136 1774; x_wconf 70' lang='lat' dir='ltr'>videns</span> <span class='ocrx_word' id='word_1_196' title='bbox 1163 1733 1200 1770; x_wconf 90' lang='lat' dir='ltr'>in</span> <span class='ocrx_word' id='word_1_197' title='bbox 1227 1733 1289 1771; x_wconf 89' lang='lat' dir='ltr'>illo</span> 
     </span>
     <span class='ocr_line' id='line_1_31' title="bbox 311 1786 1288 1838; baseline -0.012 -4"><span class='ocrx_word' id='word_1_198' title='bbox 311 1796 495 1834; x_wconf 79' lang='lat' dir='ltr'>Christum</span> <span class='ocrx_word' id='word_1_199' title='bbox 505 1794 630 1832; x_wconf 86' lang='lat' dir='ltr'>mundi</span> <span class='ocrx_word' id='word_1_200' title='bbox 644 1802 830 1836; x_wconf 66' lang='lat' dir='ltr'>Victorem,</span> <span class='ocrx_word' id='word_1_201' title='bbox 847 1805 881 1828; x_wconf 88' lang='lat' dir='ltr'>se</span> <span class='ocrx_word' id='word_1_202' title='bbox 894 1789 1170 1833; x_wconf 78' lang='lat' dir='ltr'>conculcantem,</span> <span class='ocrx_word' id='word_1_203' title='bbox 1188 1786 1288 1838; x_wconf 79' lang='lat' dir='ltr'>ipso-</span> 
     </span>
     <span class='ocr_line' id='line_1_32' title="bbox 310 1842 1011 1900; baseline -0.011 -13"><span class='ocrx_word' id='word_1_204' title='bbox 310 1862 459 1900; x_wconf 86' lang='lat' dir='ltr'>rumque</span> <span class='ocrx_word' id='word_1_205' title='bbox 477 1861 611 1887; x_wconf 77' lang='lat' dir='ltr'>vanum</span> <span class='ocrx_word' id='word_1_206' title='bbox 633 1846 742 1883; x_wconf 89' lang='lat' dir='ltr'>robur</span> <span class='ocrx_word' id='word_1_207' title='bbox 761 1842 1011 1896; x_wconf 71' lang='lat' dir='ltr'>dejicientem?</span> 
     </span>
    </p>

    <p class='ocr_par' dir='ltr' id='par_1_4' title="bbox 310 1892 1304 3370">
     <span class='ocr_line' id='line_1_33' title="bbox 360 1892 1289 1947; baseline -0.013 -8"><span class='ocrx_word' id='word_1_208' title='bbox 360 1904 397 1939; x_wconf 81' lang='lat'>7.</span> <span class='ocrx_word' id='word_1_209' title='bbox 428 1903 593 1947; x_wconf 80' lang='lat' dir='ltr'>Domum,</span> <span class='ocrx_word' id='word_1_210' title='bbox 619 1898 734 1947; x_wconf 86' lang='lat' dir='ltr'>filioli,</span> <span class='ocrx_word' id='word_1_211' title='bbox 757 1907 841 1935; x_wconf 90' lang='lat' dir='ltr'>tunc</span> <span class='ocrx_word' id='word_1_212' title='bbox 865 1895 977 1934; x_wconf 86' lang='lat' dir='ltr'>edocti</span> <span class='ocrx_word' id='word_1_213' title='bbox 998 1892 1146 1931; x_wconf 89' lang='lat' dir='ltr'>modum</span> <span class='ocrx_word' id='word_1_214' title='bbox 1171 1900 1204 1928; x_wconf 85' lang='lat' dir='ltr'>et</span> <span class='ocrx_word' id='word_1_215' title='bbox 1226 1905 1289 1928; x_wconf 89' lang='lat' dir='ltr'>ar-</span> 
     </span>
     <span class='ocr_line' id='line_1_34' title="bbox 310 1944 1290 2002; baseline -0.011 -11"><span class='ocrx_word' id='word_1_216' title='bbox 310 1964 395 1999; x_wconf 80' lang='lat' dir='ltr'>tem,</span> <span class='ocrx_word' id='word_1_217' title='bbox 426 1968 467 1991; x_wconf 93' lang='lat' dir='ltr'>ne</span> <span class='ocrx_word' id='word_1_218' title='bbox 487 1953 597 1991; x_wconf 88' lang='lat' dir='ltr'>simus</span> <span class='ocrx_word' id='word_1_219' title='bbox 621 1951 850 2002; x_wconf 81' lang='lat' dir='ltr'>negligentes,</span> <span class='ocrx_word' id='word_1_220' title='bbox 872 1949 933 1986; x_wconf 91' lang='lat' dir='ltr'>sed</span> <span class='ocrx_word' id='word_1_221' title='bbox 952 1948 1132 1985; x_wconf 87' lang='lat' dir='ltr'>imitemur</span> <span class='ocrx_word' id='word_1_222' title='bbox 1158 1944 1290 1982; x_wconf 87' lang='lat' dir='ltr'>Domi-</span> 
     </span>
     <span class='ocr_line' id='line_1_35' title="bbox 312 1999 1292 2055; baseline -0.01 -11"><span class='ocrx_word' id='word_1_223' title='bbox 312 2022 398 2044; x_wconf 87' lang='lat' dir='ltr'>num</span> <span class='ocrx_word' id='word_1_224' title='bbox 428 2015 603 2051; x_wconf 76' lang='lat' dir='ltr'>nostrum,</span> <span class='ocrx_word' id='word_1_225' title='bbox 640 2013 673 2041; x_wconf 86' lang='lat' dir='ltr'>et</span> <span class='ocrx_word' id='word_1_226' title='bbox 706 2018 767 2055; x_wconf 87' lang='lat' dir='ltr'>per</span> <span class='ocrx_word' id='word_1_227' title='bbox 803 2002 1042 2040; x_wconf 85' lang='lat' dir='ltr'>humilitatem</span> <span class='ocrx_word' id='word_1_228' title='bbox 1077 1999 1292 2048; x_wconf 75' lang='lat' dir='ltr'>virtutesque</span> 
     </span>
     <span class='ocr_line' id='line_1_36' title="bbox 313 2051 1291 2111; baseline -0.01 -15"><span class='ocrx_word' id='word_1_229' title='bbox 313 2060 380 2111; x_wconf 86' lang='lat' dir='ltr'>ipsi</span> <span class='ocrx_word' id='word_1_230' title='bbox 411 2058 545 2096; x_wconf 88' lang='lat' dir='ltr'>similes</span> <span class='ocrx_word' id='word_1_231' title='bbox 577 2056 704 2103; x_wconf 86' lang='lat' dir='ltr'>effecti,</span> <span class='ocrx_word' id='word_1_232' title='bbox 731 2056 808 2108; x_wconf 83' lang='lat' dir='ltr'>ipso</span> <span class='ocrx_word' id='word_1_233' title='bbox 840 2062 1047 2107; x_wconf 80' lang='lat' dir='ltr'>cooperante</span> <span class='ocrx_word' id='word_1_234' title='bbox 1078 2051 1291 2098; x_wconf 75' lang='lat' dir='ltr'>vincamus5</span> 
     </span>
     <span class='ocr_line' id='line_1_37' title="bbox 313 2103 1293 2157; baseline -0.008 -8"><span class='ocrx_word' id='word_1_235' title='bbox 313 2127 394 2149; x_wconf 83' lang='lat' dir='ltr'>cum</span> <span class='ocrx_word' id='word_1_236' title='bbox 422 2111 577 2149; x_wconf 76' lang='lat' dir='ltr'>maxime</span> <span class='ocrx_word' id='word_1_237' title='bbox 608 2109 846 2147; x_wconf 83' lang='lat' dir='ltr'>desideremus</span> <span class='ocrx_word' id='word_1_238' title='bbox 873 2108 965 2145; x_wconf 91' lang='lat' dir='ltr'>bona</span> <span class='ocrx_word' id='word_1_239' title='bbox 988 2106 1063 2157; x_wconf 85' lang='lat' dir='ltr'>illa,</span> <span class='ocrx_word' id='word_1_240' title='bbox 1095 2104 1139 2141; x_wconf 82' lang='lat' dir='ltr'>(le</span> <span class='ocrx_word' id='word_1_241' title='bbox 1162 2103 1293 2154; x_wconf 84' lang='lat' dir='ltr'>quibus</span> 
     </span>
     <span class='ocr_line' id='line_1_38' title="bbox 314 2159 1293 2217; baseline -0.009 -15"><span class='ocrx_word' id='word_1_242' title='bbox 314 2179 403 2217; x_wconf 67' lang='lat' dir='ltr'>szepe</span> <span class='ocrx_word' id='word_1_243' title='bbox 417 2164 582 2213; x_wconf 85' lang='lat' dir='ltr'>audistis,</span> <span class='ocrx_word' id='word_1_244' title='bbox 597 2177 639 2200; x_wconf 91' lang='lat' dir='ltr'>ne</span> <span class='ocrx_word' id='word_1_245' title='bbox 653 2176 772 2213; x_wconf 86' lang='lat' dir='ltr'>segnes</span> <span class='ocrx_word' id='word_1_246' title='bbox 786 2161 910 2207; x_wconf 81' lang='lat' dir='ltr'>simus,</span> <span class='ocrx_word' id='word_1_247' title='bbox 931 2175 974 2197; x_wconf 91' lang='lat' dir='ltr'>ne</span> <span class='ocrx_word' id='word_1_248' title='bbox 990 2159 1114 2197; x_wconf 85' lang='lat' dir='ltr'>demus</span> <span class='ocrx_word' id='word_1_249' title='bbox 1129 2170 1293 2194; x_wconf 90' lang='lat' dir='ltr'>somnum</span> 
     </span>
     <span class='ocr_line' id='line_1_39' title="bbox 314 2208 1293 2262; baseline -0.01 -7"><span class='ocrx_word' id='word_1_250' title='bbox 314 2218 427 2255; x_wconf 83' lang='lat' dir='ltr'>oculis</span> <span class='ocrx_word' id='word_1_251' title='bbox 448 2216 592 2262; x_wconf 90' lang='lat' dir='ltr'>nostris,</span> <span class='ocrx_word' id='word_1_252' title='bbox 624 2230 667 2253; x_wconf 90' lang='lat' dir='ltr'>ne</span> <span class='ocrx_word' id='word_1_253' title='bbox 686 2215 875 2251; x_wconf 70' lang='lat' dir='ltr'>vincamur</span> <span class='ocrx_word' id='word_1_254' title='bbox 892 2228 910 2250; x_wconf 90' lang='lat' dir='ltr'>a</span> <span class='ocrx_word' id='word_1_255' title='bbox 932 2213 1064 2250; x_wconf 83' lang='lat' dir='ltr'>nefario</span> <span class='ocrx_word' id='word_1_256' title='bbox 1086 2210 1147 2248; x_wconf 91' lang='lat' dir='ltr'>illo</span> <span class='ocrx_word' id='word_1_257' title='bbox 1168 2208 1293 2246; x_wconf 88' lang='lat' dir='ltr'>mundi</span> 
     </span>
     <span class='ocr_line' id='line_1_40' title="bbox 314 2262 1295 2322; baseline -0.008 -17"><span class='ocrx_word' id='word_1_258' title='bbox 314 2270 476 2322; x_wconf 84' lang='lat' dir='ltr'>principe</span> <span class='ocrx_word' id='word_1_259' title='bbox 493 2300 501 2315; x_wconf 88' lang='lat'><strong>‚</strong></span> <span class='ocrx_word' id='word_1_260' title='bbox 535 2283 578 2305; x_wconf 91' lang='lat' dir='ltr'>ne</span> <span class='ocrx_word' id='word_1_261' title='bbox 605 2267 750 2318; x_wconf 81' lang='lat' dir='ltr'>quando</span> <span class='ocrx_word' id='word_1_262' title='bbox 778 2267 886 2314; x_wconf 83' lang='lat' dir='ltr'>dicat,</span> <span class='ocrx_word' id='word_1_263' title='bbox 922 2263 1098 2303; x_wconf 85' lang='lat' dir='ltr'>Praevalui</span> <span class='ocrx_word' id='word_1_264' title='bbox 1124 2262 1295 2299; x_wconf 82' lang='lat' dir='ltr'>adversus</span> 
     </span>
     <span class='ocr_line' id='line_1_41' title="bbox 315 2313 1297 2371; baseline -0.009 -12"><span class='ocrx_word' id='word_1_265' title='bbox 315 2337 407 2360; x_wconf 79' lang='lat' dir='ltr'>eum.</span> <span class='ocrx_word' id='word_1_266' title='bbox 430 2323 524 2359; x_wconf 66' lang='lat' dir='ltr'>Cave</span> <span class='ocrx_word' id='word_1_267' title='bbox 547 2334 644 2371; x_wconf 88' lang='lat' dir='ltr'>ergo,</span> <span class='ocrx_word' id='word_1_268' title='bbox 670 2318 862 2367; x_wconf 80' lang='lat' dir='ltr'>carissime,</span> <span class='ocrx_word' id='word_1_269' title='bbox 887 2332 929 2354; x_wconf 88' lang='lat' dir='ltr'>ne</span> <span class='ocrx_word' id='word_1_270' title='bbox 947 2317 1008 2354; x_wconf 87' lang='lat' dir='ltr'>des</span> <span class='ocrx_word' id='word_1_271' title='bbox 1030 2314 1207 2367; x_wconf 84' lang='lat' dir='ltr'>palpebris</span> <span class='ocrx_word' id='word_1_272' title='bbox 1225 2313 1297 2350; x_wconf 89' lang='lat' dir='ltr'>tuis</span> 
     </span>
     <span class='ocr_line' id='line_1_42' title="bbox 316 2365 1298 2418; baseline -0.011 -6"><span class='ocrx_word' id='word_1_273' title='bbox 316 2374 602 2412; x_wconf 82' lang='lat' dir='ltr'>dormitationem</span> <span class='ocrx_word' id='word_1_274' title='bbox 630 2388 636 2408; x_wconf 92' lang='lat'><strong>:</strong></span> <span class='ocrx_word' id='word_1_275' title='bbox 666 2385 752 2409; x_wconf 68' lang='lat' dir='ltr'>cave</span> <span class='ocrx_word' id='word_1_276' title='bbox 776 2385 820 2408; x_wconf 89' lang='lat' dir='ltr'>ne</span> <span class='ocrx_word' id='word_1_277' title='bbox 852 2370 1019 2407; x_wconf 86' lang='lat' dir='ltr'>dormitet</span> <span class='ocrx_word' id='word_1_278' title='bbox 1052 2367 1114 2418; x_wconf 88' lang='lat' dir='ltr'>qui</span> <span class='ocrx_word' id='word_1_279' title='bbox 1143 2365 1298 2403; x_wconf 72' lang='lat' dir='ltr'>custodit</span> 
     </span>
     <span class='ocr_line' id='line_1_43' title="bbox 318 2421 1299 2476; baseline -0.011 -11"><span class='ocrx_word' id='word_1_280' title='bbox 318 2437 359 2465; x_wconf 90' lang='lat' dir='ltr'>te.</span> <span class='ocrx_word' id='word_1_281' title='bbox 382 2428 420 2464; x_wconf 85' lang='grc'>10</span> <span class='ocrx_word' id='word_1_282' title='bbox 437 2425 588 2463; x_wconf 88' lang='lat' dir='ltr'>circuitu</span> <span class='ocrx_word' id='word_1_283' title='bbox 611 2424 715 2476; x_wconf 84' lang='lat' dir='ltr'>impii</span> <span class='ocrx_word' id='word_1_284' title='bbox 732 2423 928 2468; x_wconf 89' lang='lat' dir='ltr'>ambulant,</span> <span class='ocrx_word' id='word_1_285' title='bbox 951 2421 1215 2459; x_wconf 71' lang='lat' dir='ltr'>Adversarius</span> <span class='ocrx_word' id='word_1_286' title='bbox 1232 2432 1299 2455; x_wconf 81' lang='lat' dir='ltr'>ve-</span> 
     </span>
     <span class='ocr_line' id='line_1_44' title="bbox 315 2473 1295 2529; baseline -0.011 -12"><span class='ocrx_word' id='word_1_287' title='bbox 315 2489 393 2518; x_wconf 77' lang='lat' dir='ltr'>ster</span> <span class='ocrx_word' id='word_1_288' title='bbox 421 2479 600 2516; x_wconf 77' lang='lat' dir='ltr'>diabolus</span> <span class='ocrx_word' id='word_1_289' title='bbox 635 2486 825 2529; x_wconf 77' lang='lat' dir='ltr'>tanquam</span> <span class='ocrx_word' id='word_1_290' title='bbox 861 2476 919 2512; x_wconf 81' lang='lat' dir='ltr'>leo</span> <span class='ocrx_word' id='word_1_291' title='bbox 960 2476 1113 2525; x_wconf 77' lang='lat' dir='ltr'>rugiens</span> <span class='ocrx_word' id='word_1_292' title='bbox 1147 2473 1295 2517; x_wconf 78' lang='lat' dir='ltr'>circuit,</span> 
     </span>
     <span class='ocr_line' id='line_1_45' title="bbox 317 2524 1299 2584; baseline -0.011 -14"><span class='ocrx_word' id='word_1_293' title='bbox 317 2545 490 2584; x_wconf 69' lang='lat' dir='ltr'>(luceretis</span> <span class='ocrx_word' id='word_1_294' title='bbox 518 2545 629 2583; x_wconf 81' lang='lat' dir='ltr'>quem</span> <span class='ocrx_word' id='word_1_295' title='bbox 651 2531 815 2566; x_wconf 72' lang='lat' dir='ltr'>devoret.</span> <span class='ocrx_word' id='word_1_296' title='bbox 847 2528 931 2564; x_wconf 79' lang='lat' dir='ltr'>Haec</span> <span class='ocrx_word' id='word_1_297' title='bbox 957 2541 1037 2564; x_wconf 89' lang='lat' dir='ltr'>cum</span> <span class='ocrx_word' id='word_1_298' title='bbox 1059 2525 1222 2569; x_wconf 82' lang='lat' dir='ltr'>sciamus,</span> <span class='ocrx_word' id='word_1_299' title='bbox 1252 2524 1299 2560; x_wconf 80' lang='lat' dir='ltr'>fi-</span> 
     </span>
     <span class='ocr_line' id='line_1_46' title="bbox 317 2576 1299 2636; baseline -0.01 -14"><span class='ocrx_word' id='word_1_300' title='bbox 317 2585 404 2632; x_wconf 86' lang='lat' dir='ltr'>lioli,</span> <span class='ocrx_word' id='word_1_301' title='bbox 433 2584 499 2636; x_wconf 86' lang='lat' dir='ltr'>ipsi</span> <span class='ocrx_word' id='word_1_302' title='bbox 520 2597 582 2621; x_wconf 90' lang='lat' dir='ltr'>nos</span> <span class='ocrx_word' id='word_1_303' title='bbox 600 2582 804 2629; x_wconf 73' lang='lat' dir='ltr'>excitemus,</span> <span class='ocrx_word' id='word_1_304' title='bbox 823 2580 934 2617; x_wconf 89' lang='lat' dir='ltr'>simus</span> <span class='ocrx_word' id='word_1_305' title='bbox 953 2578 1068 2631; x_wconf 85' lang='lat' dir='ltr'>parati</span> <span class='ocrx_word' id='word_1_306' title='bbox 1089 2577 1134 2615; x_wconf 91' lang='lat' dir='ltr'>ad</span> <span class='ocrx_word' id='word_1_307' title='bbox 1152 2576 1299 2624; x_wconf 88' lang='lat' dir='ltr'>bellum,</span> 
     </span>
     <span class='ocr_line' id='line_1_47' title="bbox 317 2629 1302 2688; baseline -0.01 -13"><span class='ocrx_word' id='word_1_308' title='bbox 317 2647 419 2688; x_wconf 84' lang='lat' dir='ltr'>atquc</span> <span class='ocrx_word' id='word_1_309' title='bbox 440 2639 567 2674; x_wconf 84' lang='lat' dir='ltr'>iteruin</span> <span class='ocrx_word' id='word_1_310' title='bbox 583 2634 690 2687; x_wconf 87' lang='lat' dir='ltr'>paulo</span> <span class='ocrx_word' id='word_1_311' title='bbox 708 2642 827 2686; x_wconf 85' lang='lat' dir='ltr'>postea</span> <span class='ocrx_word' id='word_1_312' title='bbox 846 2633 956 2670; x_wconf 89' lang='lat' dir='ltr'>simus</span> <span class='ocrx_word' id='word_1_313' title='bbox 973 2631 1100 2684; x_wconf 83' lang='lat' dir='ltr'>promti</span> <span class='ocrx_word' id='word_1_314' title='bbox 1119 2629 1164 2667; x_wconf 89' lang='lat' dir='ltr'>ad</span> <span class='ocrx_word' id='word_1_315' title='bbox 1183 2629 1302 2666; x_wconf 87' lang='lat' dir='ltr'>defen-</span> 
     </span>
     <span class='ocr_line' id='line_1_48' title="bbox 319 2681 1301 2738; baseline -0.01 -10"><span class='ocrx_word' id='word_1_316' title='bbox 319 2691 464 2728; x_wconf 87' lang='lat' dir='ltr'>sionem.</span> <span class='ocrx_word' id='word_1_317' title='bbox 486 2691 679 2738; x_wconf 85' lang='lat' dir='ltr'>Quousqne</span> <span class='ocrx_word' id='word_1_318' title='bbox 694 2701 763 2724; x_wconf 89' lang='lat' dir='ltr'>non</span> <span class='ocrx_word' id='word_1_319' title='bbox 781 2684 1000 2723; x_wconf 87' lang='lat' dir='ltr'>attendemus</span> <span class='ocrx_word' id='word_1_320' title='bbox 1017 2683 1136 2721; x_wconf 77' lang='lat' dir='ltr'>verbis</span> <span class='ocrx_word' id='word_1_321' title='bbox 1156 2681 1301 2719; x_wconf 88' lang='lat' dir='ltr'>Domini</span> 
     </span>
     <span class='ocr_line' id='line_1_49' title="bbox 318 2736 1301 2792; baseline -0.01 -11"><span class='ocrx_word' id='word_1_322' title='bbox 318 2743 467 2781; x_wconf 87' lang='lat' dir='ltr'>dicentis</span> <span class='ocrx_word' id='word_1_323' title='bbox 477 2773 486 2790; x_wconf 96' lang='lat'>,</span> <span class='ocrx_word' id='word_1_324' title='bbox 500 2744 638 2779; x_wconf 80' lang='lat' dir='ltr'>Estote</span> <span class='ocrx_word' id='word_1_325' title='bbox 650 2742 793 2792; x_wconf 82' lang='lat' dir='ltr'>parati,</span> <span class='ocrx_word' id='word_1_326' title='bbox 807 2738 977 2776; x_wconf 88' lang='lat' dir='ltr'>nimirum</span> <span class='ocrx_word' id='word_1_327' title='bbox 991 2737 1037 2774; x_wconf 84' lang='lat' dir='ltr'>ad</span> <span class='ocrx_word' id='word_1_328' title='bbox 1051 2736 1301 2788; x_wconf 80' lang='lat' dir='ltr'>profectionem</span> 
     </span>
     <span class='ocr_line' id='line_1_50' title="bbox 317 2788 1300 2841; baseline -0.009 -8"><span class='ocrx_word' id='word_1_329' title='bbox 317 2811 362 2833; x_wconf 78' lang='lat' dir='ltr'>cx</span> <span class='ocrx_word' id='word_1_330' title='bbox 377 2795 443 2833; x_wconf 90' lang='lat' dir='ltr'>hac</span> <span class='ocrx_word' id='word_1_331' title='bbox 461 2795 534 2832; x_wconf 73' lang='lat' dir='ltr'>vita</span> <span class='ocrx_word' id='word_1_332' title='bbox 550 2794 566 2831; x_wconf 74' lang='grc' dir='ltr'>ἶ)</span> <span class='ocrx_word' id='word_1_333' title='bbox 587 2792 724 2831; x_wconf 85' lang='lat' dir='ltr'>Deinde</span> <span class='ocrx_word' id='word_1_334' title='bbox 736 2791 863 2831; x_wconf 87' lang='lat' dir='ltr'>Judice</span> <span class='ocrx_word' id='word_1_335' title='bbox 882 2800 966 2828; x_wconf 88' lang='lat' dir='ltr'>tunc</span> <span class='ocrx_word' id='word_1_336' title='bbox 981 2790 1159 2841; x_wconf 81' lang='lat' dir='ltr'>aperiente</span> <span class='ocrx_word' id='word_1_337' title='bbox 1177 2788 1300 2836; x_wconf 84' lang='lat' dir='ltr'>libros,</span> 
     </span>
     <span class='ocr_line' id='line_1_51' title="bbox 319 2841 1302 2894; baseline -0.008 -8"><span class='ocrx_word' id='word_1_338' title='bbox 319 2863 388 2885; x_wconf 85' lang='grc'>000</span> <span class='ocrx_word' id='word_1_339' title='bbox 419 2848 507 2886; x_wconf 89' lang='lat' dir='ltr'>alios</span> <span class='ocrx_word' id='word_1_340' title='bbox 535 2855 719 2884; x_wconf 76' lang='lat' dir='ltr'>extraneos</span> <span class='ocrx_word' id='word_1_341' title='bbox 745 2858 833 2894; x_wconf 88' lang='lat' dir='ltr'>quos</span> <span class='ocrx_word' id='word_1_342' title='bbox 855 2857 924 2881; x_wconf 90' lang='lat' dir='ltr'>non</span> <span class='ocrx_word' id='word_1_343' title='bbox 944 2843 1125 2891; x_wconf 86' lang='lat' dir='ltr'>novimus,</span> <span class='ocrx_word' id='word_1_344' title='bbox 1151 2841 1213 2878; x_wconf 88' lang='lat' dir='ltr'>sed</span> <span class='ocrx_word' id='word_1_345' title='bbox 1238 2841 1302 2878; x_wconf 90' lang='grc'>1105</span> 
     </span>
     <span class='ocr_line' id='line_1_52' title="bbox 318 2893 1302 2951; baseline -0.008 -13"><span class='ocrx_word' id='word_1_346' title='bbox 318 2915 405 2951; x_wconf 80' lang='lat' dir='ltr'>quos</span> <span class='ocrx_word' id='word_1_347' title='bbox 430 2899 712 2938; x_wconf 88' lang='lat' dir='ltr'>circumferimus</span> <span class='ocrx_word' id='word_1_348' title='bbox 732 2911 773 2934; x_wconf 89' lang='lat' dir='ltr'>ac</span> <span class='ocrx_word' id='word_1_349' title='bbox 791 2896 949 2947; x_wconf 86' lang='lat' dir='ltr'>quotidie</span> <span class='ocrx_word' id='word_1_350' title='bbox 966 2896 1118 2945; x_wconf 78' lang='lat' dir='ltr'>legimus</span> <span class='ocrx_word' id='word_1_351' title='bbox 1138 2903 1171 2931; x_wconf 90' lang='lat' dir='ltr'>et</span> <span class='ocrx_word' id='word_1_352' title='bbox 1191 2893 1302 2931; x_wconf 83' lang='lat' dir='ltr'>audi-</span> 
     </span>
     <span class='ocr_line' id='line_1_53' title="bbox 319 2946 1303 3003; baseline -0.007 -14"><span class='ocrx_word' id='word_1_353' title='bbox 319 2968 412 3002; x_wconf 88' lang='lat' dir='ltr'>mus,</span> <span class='ocrx_word' id='word_1_354' title='bbox 445 2953 505 3003; x_wconf 89' lang='lat' dir='ltr'>qui</span> <span class='ocrx_word' id='word_1_355' title='bbox 533 2951 635 2988; x_wconf 90' lang='lat' dir='ltr'>nobis</span> <span class='ocrx_word' id='word_1_356' title='bbox 664 2950 699 2987; x_wconf 88' lang='lat' dir='ltr'>in</span> <span class='ocrx_word' id='word_1_357' title='bbox 719 2950 834 2986; x_wconf 88' lang='lat' dir='ltr'>causis</span> <span class='ocrx_word' id='word_1_358' title='bbox 864 2948 1083 2999; x_wconf 85' lang='lat' dir='ltr'>quibuslibet</span> <span class='ocrx_word' id='word_1_359' title='bbox 1113 2946 1303 2983; x_wconf 88' lang='lat' dir='ltr'>ostendunt</span> 
     </span>
     <span class='ocr_line' id='line_1_54' title="bbox 320 2998 1303 3057; baseline -0.007 -14"><span class='ocrx_word' id='word_1_360' title='bbox 320 3006 491 3057; x_wconf 84' lang='lat' dir='ltr'>cujusque</span> <span class='ocrx_word' id='word_1_361' title='bbox 510 3003 676 3057; x_wconf 56' lang='lat' dir='ltr'>praecepti</span> <span class='ocrx_word' id='word_1_362' title='bbox 696 3002 990 3045; x_wconf 70' lang='lat' dir='ltr'>observationem,</span> <span class='ocrx_word' id='word_1_363' title='bbox 1010 2999 1097 3050; x_wconf 87' lang='lat' dir='ltr'>quid</span> <span class='ocrx_word' id='word_1_364' title='bbox 1116 2998 1303 3050; x_wconf 89' lang='lat' dir='ltr'>responde-</span> 
     </span>
     <span class='ocr_line' id='line_1_55' title="bbox 319 3052 1303 3107; baseline -0.008 -12"><span class='ocrx_word' id='word_1_365' title='bbox 319 3059 468 3095; x_wconf 72' lang='lat' dir='ltr'>bimus?</span> <span class='ocrx_word' id='word_1_366' title='bbox 498 3056 674 3107; x_wconf 84' lang='lat' dir='ltr'>quomodo</span> <span class='ocrx_word' id='word_1_367' title='bbox 695 3070 751 3092; x_wconf 90' lang='lat' dir='ltr'>eos</span> <span class='ocrx_word' id='word_1_368' title='bbox 770 3054 972 3101; x_wconf 85' lang='lat' dir='ltr'>latebimus,</span> <span class='ocrx_word' id='word_1_369' title='bbox 995 3067 1081 3103; x_wconf 92' lang='lat' dir='ltr'>quos</span> <span class='ocrx_word' id='word_1_370' title='bbox 1101 3052 1303 3103; x_wconf 83' lang='lat' dir='ltr'>persequuti</span> 
     </span>
     <span class='ocr_line' id='line_1_56' title="bbox 320 3104 1304 3158; baseline -0.007 -11"><span class='ocrx_word' id='word_1_371' title='bbox 320 3125 456 3158; x_wconf 90' lang='lat' dir='ltr'>sumus,</span> <span class='ocrx_word' id='word_1_372' title='bbox 485 3110 542 3147; x_wconf 67' lang='lat' dir='ltr'>vel</span> <span class='ocrx_word' id='word_1_373' title='bbox 575 3109 661 3146; x_wconf 83' lang='lat' dir='ltr'>alios</span> <span class='ocrx_word' id='word_1_374' title='bbox 689 3122 776 3158; x_wconf 90' lang='lat' dir='ltr'>quos</span> <span class='ocrx_word' id='word_1_375' title='bbox 808 3107 1071 3151; x_wconf 85' lang='lat' dir='ltr'>contemsimus,</span> <span class='ocrx_word' id='word_1_376' title='bbox 1098 3104 1155 3142; x_wconf 71' lang='lat' dir='ltr'>vel</span> <span class='ocrx_word' id='word_1_377' title='bbox 1181 3104 1304 3141; x_wconf 87' lang='lat' dir='ltr'>multis</span> 
     </span>
     <span class='ocr_line' id='line_1_57' title="bbox 320 3158 1303 3208; baseline -0.005 -10"><span class='ocrx_word' id='word_1_378' title='bbox 320 3164 501 3200; x_wconf 81' lang='lat' dir='ltr'>affccimus</span> <span class='ocrx_word' id='word_1_379' title='bbox 520 3162 634 3207; x_wconf 84' lang='lat' dir='ltr'>malis,</span> <span class='ocrx_word' id='word_1_380' title='bbox 656 3162 813 3198; x_wconf 71' lang='lat' dir='ltr'>maxime</span> <span class='ocrx_word' id='word_1_381' title='bbox 831 3174 913 3196; x_wconf 65' lang='lat' dir='ltr'>vero</span> <span class='ocrx_word' id='word_1_382' title='bbox 934 3173 1005 3205; x_wconf 88' lang='lat' dir='ltr'>eos,</span> <span class='ocrx_word' id='word_1_383' title='bbox 1029 3158 1089 3208; x_wconf 88' lang='lat' dir='ltr'>qui</span> <span class='ocrx_word' id='word_1_384' title='bbox 1110 3171 1220 3208; x_wconf 87' lang='lat' dir='ltr'>prope</span> <span class='ocrx_word' id='word_1_385' title='bbox 1238 3158 1303 3195; x_wconf 88' lang='lat' dir='ltr'>Ju-</span> 
     </span>
     <span class='ocr_line' id='line_1_58' title="bbox 321 3211 1299 3257; baseline -0.006 -6"><span class='ocrx_word' id='word_1_386' title='bbox 321 3215 438 3253; x_wconf 79' lang='lat' dir='ltr'>dicem</span> <span class='ocrx_word' id='word_1_387' title='bbox 467 3215 642 3253; x_wconf 82' lang='lat' dir='ltr'>adstantes</span> <span class='ocrx_word' id='word_1_388' title='bbox 670 3213 874 3250; x_wconf 81' lang='lat' dir='ltr'>clamabunt</span> <span class='ocrx_word' id='word_1_389' title='bbox 893 3227 900 3247; x_wconf 92' lang='lat'>:</span> <span class='ocrx_word' id='word_1_390' title='bbox 921 3211 1076 3250; x_wconf 67' lang='lat' dir='ltr'>Yindica</span> <span class='ocrx_word' id='word_1_391' title='bbox 1094 3224 1156 3247; x_wconf 92' lang='lat' dir='ltr'>nos</span> <span class='ocrx_word' id='word_1_392' title='bbox 1182 3224 1299 3257; x_wconf 85' lang='lat' dir='ltr'>nunc,</span> 
     </span>
     <span class='ocr_line' id='line_1_59' title="bbox 321 3261 1303 3312; baseline -0.003 -10"><span class='ocrx_word' id='word_1_393' title='bbox 321 3269 473 3305; x_wconf 83' lang='lat' dir='ltr'>Domine</span> <span class='ocrx_word' id='word_1_394' title='bbox 491 3284 498 3303; x_wconf 90' lang='lat'>:</span> <span class='ocrx_word' id='word_1_395' title='bbox 517 3269 613 3304; x_wconf 87' lang='lat' dir='ltr'>Deus</span> <span class='ocrx_word' id='word_1_396' title='bbox 632 3266 725 3303; x_wconf 90' lang='lat' dir='ltr'>enim</span> <span class='ocrx_word' id='word_1_397' title='bbox 746 3265 920 3302; x_wconf 89' lang='lat' dir='ltr'>ultionum</span> <span class='ocrx_word' id='word_1_398' title='bbox 937 3278 984 3301; x_wconf 90' lang='lat' dir='ltr'>es.</span> <span class='ocrx_word' id='word_1_399' title='bbox 1007 3266 1088 3303; x_wconf 70' lang='grc' dir='ltr'>ι1301</span> <span class='ocrx_word' id='word_1_400' title='bbox 1107 3261 1193 3312; x_wconf 88' lang='lat' dir='ltr'>quid</span> <span class='ocrx_word' id='word_1_401' title='bbox 1213 3262 1303 3299; x_wconf 73' lang='lat' dir='ltr'>facto</span> 
     </span>
     <span class='ocr_line' id='line_1_60' title="bbox 321 3314 1302 3370; baseline -0.004 -15"><span class='ocrx_word' id='word_1_402' title='bbox 321 3333 410 3370; x_wconf 88' lang='lat' dir='ltr'>opus</span> <span class='ocrx_word' id='word_1_403' title='bbox 432 3321 490 3367; x_wconf 88' lang='lat' dir='ltr'>sit,</span> <span class='ocrx_word' id='word_1_404' title='bbox 524 3319 632 3357; x_wconf 89' lang='lat' dir='ltr'>dicite</span> <span class='ocrx_word' id='word_1_405' title='bbox 662 3318 691 3356; x_wconf 90' lang='lat' dir='ltr'>si</span> <span class='ocrx_word' id='word_1_406' title='bbox 717 3317 825 3355; x_wconf 82' lang='lat' dir='ltr'>nostis</span> <span class='ocrx_word' id='word_1_407' title='bbox 846 3334 852 3354; x_wconf 92' lang='lat'>:</span> <span class='ocrx_word' id='word_1_408' title='bbox 870 3331 964 3364; x_wconf 82' lang='lat' dir='ltr'>narn,</span> <span class='ocrx_word' id='word_1_409' title='bbox 996 3316 1126 3366; x_wconf 75' lang='lat' dir='ltr'>ut‘jam</span> <span class='ocrx_word' id='word_1_410' title='bbox 1157 3314 1302 3352; x_wconf 88' lang='lat' dir='ltr'>demon-</span> 
     </span>
    </p>
   </div>
   <div class='ocr_carea' id='block_1_4' title="bbox 1250 235 1421 266">
    <p class='ocr_par' dir='ltr' id='par_1_5' title="bbox 1250 235 1421 266">
     <span class='ocr_line' id='line_1_61' title="bbox 1250 235 1421 266; baseline -0.029 0"><span class='ocrx_word' id='word_1_411' title='bbox 1250 235 1421 266; x_wconf 54' lang='lat' dir='ltr'><strong>SPURIA.</strong></span> 
     </span>
    </p>
   </div>
   <div class='ocr_carea' id='block_1_5' title="bbox 1357 310 2378 522">
    <p class='ocr_par' dir='ltr' id='par_1_6' title="bbox 1357 310 2378 522">
     <span class='ocr_line' id='line_1_62' title="bbox 1357 310 2377 366; baseline -0.003 -16"><span class='ocrx_word' id='word_1_412' title='bbox 1357 313 1500 364; x_wconf 80' lang='grc' dir='ltr'>κόσμον.</span> <span class='ocrx_word' id='word_1_413' title='bbox 1522 312 1629 364; x_wconf 67' lang='grc' dir='ltr'>Ὁρᾷς</span> <span class='ocrx_word' id='word_1_414' title='bbox 1647 315 1707 358; x_wconf 66' lang='grc' dir='ltr'>τῆς</span> <span class='ocrx_word' id='word_1_415' title='bbox 1722 313 2034 366; x_wconf 60' lang='grc' dir='ltr'>ταπεινοφροσύνης</span> <span class='ocrx_word' id='word_1_416' title='bbox 2054 315 2093 352; x_wconf 81' lang='grc' dir='ltr'>τὸ</span> <span class='ocrx_word' id='word_1_417' title='bbox 2111 314 2213 365; x_wconf 74' lang='grc' dir='ltr'>ὕψος,</span> <span class='ocrx_word' id='word_1_418' title='bbox 2238 310 2377 362; x_wconf 75' lang='grc' dir='ltr'>βλέπεις</span> 
     </span>
     <span class='ocr_line' id='line_1_63' title="bbox 1360 364 2377 417; baseline -0.003 -15"><span class='ocrx_word' id='word_1_419' title='bbox 1360 370 1421 412; x_wconf 73' lang='grc' dir='ltr'>τῆς</span> <span class='ocrx_word' id='word_1_420' title='bbox 1449 365 1624 416; x_wconf 75' lang='grc' dir='ltr'>πτωχείας</span> <span class='ocrx_word' id='word_1_421' title='bbox 1640 366 1679 403; x_wconf 81' lang='grc' dir='ltr'>τὸ</span> <span class='ocrx_word' id='word_1_422' title='bbox 1691 371 1799 411; x_wconf 72' lang='grc' dir='ltr'>νῖκος,</span> <span class='ocrx_word' id='word_1_423' title='bbox 1816 367 1900 407; x_wconf 78' lang='grc' dir='ltr'>εἶδες</span> <span class='ocrx_word' id='word_1_424' title='bbox 1920 366 2089 412; x_wconf 79' lang='grc' dir='ltr'>ἀήττητον</span> <span class='ocrx_word' id='word_1_425' title='bbox 2105 364 2298 417; x_wconf 80' lang='grc' dir='ltr'>παράταξιν</span> <span class='ocrx_word' id='word_1_426' title='bbox 2318 368 2377 400; x_wconf 79' lang='grc' dir='ltr'>τοῦ</span> 
     </span>
     <span class='ocr_line' id='line_1_64' title="bbox 1358 416 2376 471; baseline -0.003 -17"><span class='ocrx_word' id='word_1_427' title='bbox 1358 421 1519 455; x_wconf 77' lang='grc' dir='ltr'>ταπεινοῦ</span> <span class='ocrx_word' id='word_1_428' title='bbox 1550 422 1592 469; x_wconf 71' lang='grc' dir='ltr'>τῇ</span> <span class='ocrx_word' id='word_1_429' title='bbox 1624 417 1769 471; x_wconf 72' lang='grc' dir='ltr'>καρδία,</span> <span class='ocrx_word' id='word_1_430' title='bbox 1788 417 1840 454; x_wconf 61' lang='grc' dir='ltr'>Ἓξ.</span> <span class='ocrx_word' id='word_1_431' title='bbox 1855 418 2015 468; x_wconf 73' lang='grc' dir='ltr'>πτωχεία</span> <span class='ocrx_word' id='word_1_432' title='bbox 2033 417 2271 468; x_wconf 78' lang='grc' dir='ltr'>πλουσιωτέρα</span> <span class='ocrx_word' id='word_1_433' title='bbox 2291 416 2376 452; x_wconf 83' lang='grc' dir='ltr'>πάν-</span> 
     </span>
     <span class='ocr_line' id='line_1_65' title="bbox 1358 468 2378 522; baseline -0.003 -15"><span class='ocrx_word' id='word_1_434' title='bbox 1358 485 1427 507; x_wconf 86' lang='grc' dir='ltr'>των</span> <span class='ocrx_word' id='word_1_435' title='bbox 1458 473 1526 507; x_wconf 86' lang='grc' dir='ltr'>τῶν</span> <span class='ocrx_word' id='word_1_436' title='bbox 1559 470 1728 520; x_wconf 68' lang='grc' dir='ltr'>ΙΒασιλέων</span> <span class='ocrx_word' id='word_1_437' title='bbox 1740 485 1747 492; x_wconf 85' lang='grc'><em>·</em></span> <span class='ocrx_word' id='word_1_438' title='bbox 1781 469 1809 506; x_wconf 77' lang='grc' dir='ltr'><strong>ὦ</strong></span> <span class='ocrx_word' id='word_1_439' title='bbox 1844 469 2137 522; x_wconf 82' lang='grc' dir='ltr'>ταπεινοφροσύνη</span> <span class='ocrx_word' id='word_1_440' title='bbox 2159 468 2378 519; x_wconf 77' lang='grc' dir='ltr'>δυνατωτέρα</span> 
     </span>
    </p>
   </div>
   <div class='ocr_carea' id='block_1_6' title="bbox 2248 520 2320 542">
    <p class='ocr_par' dir='ltr' id='par_1_7' title="bbox 2248 520 2320 542">
     <span class='ocr_line' id='line_1_66' title="bbox 2248 520 2320 542; baseline -0.014 -8"><span class='ocrx_word' id='word_1_441' title='bbox 2248 520 2320 542; x_wconf 66' lang='grc'>101</span> 
     </span>
    </p>
   </div>
   <div class='ocr_carea' id='block_1_7' title="bbox 1310 521 2384 1728">
    <p class='ocr_par' dir='ltr' id='par_1_8' title="bbox 1310 521 2384 1728">
     <span class='ocr_line' id='line_1_67' title="bbox 1358 521 2379 573; baseline -0.001 -15"><span class='ocrx_word' id='word_1_442' title='bbox 1358 521 1527 573; x_wconf 78' lang='grc' dir='ltr'>γιγάντων</span> <span class='ocrx_word' id='word_1_443' title='bbox 1545 537 1551 544; x_wconf 88' lang='grc'><em>·</em></span> <span class='ocrx_word' id='word_1_444' title='bbox 1570 521 1598 558; x_wconf 83' lang='grc' dir='ltr'>ὢ</span> <span class='ocrx_word' id='word_1_445' title='bbox 1611 522 1817 564; x_wconf 80' lang='grc' dir='ltr'>ταπείνωσις</span> <span class='ocrx_word' id='word_1_446' title='bbox 1838 522 1897 559; x_wconf 78' lang='grc' dir='ltr'>καὶ</span> <span class='ocrx_word' id='word_1_447' title='bbox 1912 521 2181 567; x_wconf 78' lang='grc' dir='ltr'>ὃπακοὴ,ὃ’πλον</span> <span class='ocrx_word' id='word_1_448' title='bbox 2201 538 2259 559; x_wconf 88' lang='grc' dir='ltr'>και</span> <span class='ocrx_word' id='word_1_449' title='bbox 2282 522 2379 571; x_wconf 70' lang='grc' dir='ltr'>ρελος</span> 
     </span>
     <span class='ocr_line' id='line_1_68' title="bbox 1357 573 2379 625; baseline -0.003 -13"><span class='ocrx_word' id='word_1_450' title='bbox 1357 574 1447 612; x_wconf 80' lang='grc' dir='ltr'>κατὰ</span> <span class='ocrx_word' id='word_1_451' title='bbox 1467 579 1526 612; x_wconf 84' lang='grc' dir='ltr'>τοῦ</span> <span class='ocrx_word' id='word_1_452' title='bbox 1559 578 1725 625; x_wconf 84' lang='grc' dir='ltr'>πονηροῦ.</span> <span class='ocrx_word' id='word_1_453' title='bbox 1756 573 1891 616; x_wconf 82' lang='grc' dir='ltr'>’Όντως</span> <span class='ocrx_word' id='word_1_454' title='bbox 1923 574 2037 624; x_wconf 83' lang='grc' dir='ltr'>μάτην</span> <span class='ocrx_word' id='word_1_455' title='bbox 2063 574 2275 624; x_wconf 78' lang='grc' dir='ltr'>ταράσσεται</span> <span class='ocrx_word' id='word_1_456' title='bbox 2311 580 2379 615; x_wconf 70' lang='grc' dir='ltr'>πᾶς</span> 
     </span>
     <span class='ocr_line' id='line_1_69' title="bbox 1359 626 2380 680; baseline -0.002 -16"><span class='ocrx_word' id='word_1_457' title='bbox 1359 628 1559 679; x_wconf 78' lang='grc' dir='ltr'>ἄνθρωπος,</span> <span class='ocrx_word' id='word_1_458' title='bbox 1590 627 1699 679; x_wconf 76' lang='grc' dir='ltr'>χωρὶς</span> <span class='ocrx_word' id='word_1_459' title='bbox 1726 631 1784 664; x_wconf 89' lang='grc' dir='ltr'>τοῦ</span> <span class='ocrx_word' id='word_1_460' title='bbox 1810 627 1937 680; x_wconf 79' lang='grc' dir='ltr'>τρόπου</span> <span class='ocrx_word' id='word_1_461' title='bbox 1955 626 2074 664; x_wconf 88' lang='grc' dir='ltr'>τούτου</span> <span class='ocrx_word' id='word_1_462' title='bbox 2096 630 2237 673; x_wconf 76' lang='grc' dir='ltr'>νικῆσαι</span> <span class='ocrx_word' id='word_1_463' title='bbox 2261 626 2380 676; x_wconf 82' lang='grc' dir='ltr'>βουλό-</span> 
     </span>
     <span class='ocr_line' id='line_1_70' title="bbox 1359 678 2378 731; baseline -0.001 -15"><span class='ocrx_word' id='word_1_464' title='bbox 1359 694 1472 729; x_wconf 88' lang='grc' dir='ltr'>μενος.</span> <span class='ocrx_word' id='word_1_465' title='bbox 1510 678 1571 724; x_wconf 82' lang='grc' dir='ltr'>Μὴ</span> <span class='ocrx_word' id='word_1_466' title='bbox 1601 681 1743 726; x_wconf 88' lang='grc' dir='ltr'>πλανῶ,</span> <span class='ocrx_word' id='word_1_467' title='bbox 1776 679 1954 731; x_wconf 80' lang='grc' dir='ltr'>ἄνθρωπε,</span> <span class='ocrx_word' id='word_1_468' title='bbox 1976 678 2085 721; x_wconf 73' lang='grc' dir='ltr'>οὐδεὶς</span> <span class='ocrx_word' id='word_1_469' title='bbox 2105 681 2259 730; x_wconf 76' lang='grc' dir='ltr'>Χριστοῦ</span> <span class='ocrx_word' id='word_1_470' title='bbox 2281 681 2378 728; x_wconf 66' lang='lat' dir='ltr'>{cyu-</span> 
     </span>
     <span class='ocr_line' id='line_1_71' title="bbox 1358 723 2377 784; baseline -0.003 -15"><span class='ocrx_word' id='word_1_471' title='bbox 1358 732 1510 784; x_wconf 86' lang='grc' dir='ltr'>ρότερος·</span> <span class='ocrx_word' id='word_1_472' title='bbox 1544 733 1620 769; x_wconf 81' lang='grc' dir='ltr'>ἀλλ’</span> <span class='ocrx_word' id='word_1_473' title='bbox 1639 732 1737 775; x_wconf 77' lang='grc' dir='ltr'>αὐτὸς</span> <span class='ocrx_word' id='word_1_474' title='bbox 1761 730 1868 775; x_wconf 75' lang='grc' dir='ltr'>οὕτως</span> <span class='ocrx_word' id='word_1_475' title='bbox 1888 730 2107 783; x_wconf 79' lang='grc' dir='ltr'>παρετάξατο</span> <span class='ocrx_word' id='word_1_476' title='bbox 2137 731 2196 768; x_wconf 87' lang='grc' dir='ltr'>καὶ</span> <span class='ocrx_word' id='word_1_477' title='bbox 2223 723 2377 776; x_wconf 75' lang='grc' dir='ltr'>ἐνίκησε,</span> 
     </span>
     <span class='ocr_line' id='line_1_72' title="bbox 1358 782 2378 836; baseline -0.003 -15"><span class='ocrx_word' id='word_1_478' title='bbox 1358 785 1494 829; x_wconf 79' lang='grc' dir='ltr'>διδάξας</span> <span class='ocrx_word' id='word_1_479' title='bbox 1520 788 1615 833; x_wconf 74' lang='grc' dir='ltr'>ἡμᾶς</span> <span class='ocrx_word' id='word_1_480' title='bbox 1647 784 1773 836; x_wconf 82' lang='grc' dir='ltr'>τρόπον</span> <span class='ocrx_word' id='word_1_481' title='bbox 1810 785 1908 829; x_wconf 82' lang='grc' dir='ltr'>νίκης</span> <span class='ocrx_word' id='word_1_482' title='bbox 1947 785 2139 831; x_wconf 80' lang='grc' dir='ltr'>ἀήττητον·</span> <span class='ocrx_word' id='word_1_483' title='bbox 2177 787 2226 835; x_wconf 77' lang='grc' dir='ltr'>τῷ</span> <span class='ocrx_word' id='word_1_484' title='bbox 2259 782 2378 834; x_wconf 81' lang='grc' dir='ltr'>τρόπῳ</span> 
     </span>
     <span class='ocr_line' id='line_1_73' title="bbox 1356 835 2378 890; baseline -0.002 -17"><span class='ocrx_word' id='word_1_485' title='bbox 1356 837 1465 890; x_wconf 81' lang='grc' dir='ltr'>τούτῳ</span> <span class='ocrx_word' id='word_1_486' title='bbox 1502 836 1674 874; x_wconf 68' lang='grc' dir='ltr'>κατέὸαλε</span> <span class='ocrx_word' id='word_1_487' title='bbox 1706 837 1764 874; x_wconf 86' lang='grc' dir='ltr'>τὸν</span> <span class='ocrx_word' id='word_1_488' title='bbox 1788 836 2024 888; x_wconf 81' lang='grc' dir='ltr'>ὑπερήφανον,</span> <span class='ocrx_word' id='word_1_489' title='bbox 2054 840 2096 883; x_wconf 76' lang='grc' dir='ltr'>τῆ</span> <span class='ocrx_word' id='word_1_490' title='bbox 2129 836 2236 887; x_wconf 73' lang='grc' dir='ltr'>τέγνη</span> <span class='ocrx_word' id='word_1_491' title='bbox 2269 835 2378 879; x_wconf 80' lang='grc' dir='ltr'>ταύττι</span> 
     </span>
     <span class='ocr_line' id='line_1_74' title="bbox 1356 878 2379 940; baseline -0.004 -13"><span class='ocrx_word' id='word_1_492' title='bbox 1356 889 1528 928; x_wconf 47' lang='lat' dir='ltr'>&gt;navigale</span> <span class='ocrx_word' id='word_1_493' title='bbox 1548 889 1605 926; x_wconf 78' lang='grc' dir='ltr'>τὸν</span> <span class='ocrx_word' id='word_1_494' title='bbox 1635 889 1794 934; x_wconf 84' lang='grc' dir='ltr'>εἰπόντα,</span> <span class='ocrx_word' id='word_1_495' title='bbox 1813 889 1969 939; x_wconf 85' lang='grc' dir='ltr'>Ἕσομαι</span> <span class='ocrx_word' id='word_1_496' title='bbox 1996 880 2111 939; x_wconf 78' lang='grc' dir='ltr'>ὅμοιος</span> <span class='ocrx_word' id='word_1_497' title='bbox 2131 878 2379 940; x_wconf 36' lang='lat' dir='ltr'>&amp;stotona-</span> 
     </span>
     <span class='ocr_line' id='line_1_75' title="bbox 1357 940 2379 993; baseline -0.002 -15"><span class='ocrx_word' id='word_1_498' title='bbox 1357 942 1467 993; x_wconf 89' lang='grc' dir='ltr'>ταύτῃ</span> <span class='ocrx_word' id='word_1_499' title='bbox 1498 945 1541 993; x_wconf 78' lang='grc' dir='ltr'>τῇ</span> <span class='ocrx_word' id='word_1_500' title='bbox 1577 942 1737 993; x_wconf 80' lang='grc' dir='ltr'>μεθοὸείᾳ</span> <span class='ocrx_word' id='word_1_501' title='bbox 1765 941 1903 989; x_wconf 78' lang='grc' dir='ltr'>ἐνίκησε</span> <span class='ocrx_word' id='word_1_502' title='bbox 1921 942 1978 980; x_wconf 78' lang='grc' dir='ltr'>τον</span> <span class='ocrx_word' id='word_1_503' title='bbox 2006 943 2135 992; x_wconf 80' lang='grc' dir='ltr'>κόσμον</span> <span class='ocrx_word' id='word_1_504' title='bbox 2151 940 2210 979; x_wconf 77' lang='grc' dir='ltr'>καὶ</span> <span class='ocrx_word' id='word_1_505' title='bbox 2237 944 2295 977; x_wconf 88' lang='grc' dir='ltr'>τοῦ</span> <span class='ocrx_word' id='word_1_506' title='bbox 2316 954 2379 976; x_wconf 89' lang='grc' dir='ltr'>κο-</span> 
     </span>
     <span class='ocr_line' id='line_1_76' title="bbox 1310 993 2159 1046; baseline -0.001 -15"><span class='ocrx_word' id='word_1_507' title='bbox 1310 1000 1334 1030; x_wconf 85' lang='grc' dir='ltr'>Ι)</span> <span class='ocrx_word' id='word_1_508' title='bbox 1359 994 1596 1046; x_wconf 85' lang='grc' dir='ltr'>σμοκράτορος</span> <span class='ocrx_word' id='word_1_509' title='bbox 1642 995 1836 1033; x_wconf 82' lang='grc' dir='ltr'>κατέκλασε</span> <span class='ocrx_word' id='word_1_510' title='bbox 1873 993 1950 1037; x_wconf 79' lang='grc' dir='ltr'>τοὺς</span> <span class='ocrx_word' id='word_1_511' title='bbox 1993 995 2132 1038; x_wconf 76' lang='grc' dir='ltr'>ὀδόντας</span> <span class='ocrx_word' id='word_1_512' title='bbox 2150 1022 2159 1038; x_wconf 93' lang='grc'>,</span> 
     </span>
     <span class='ocr_line' id='line_1_77' title="bbox 1358 1045 2380 1098; baseline -0.002 -14"><span class='ocrx_word' id='word_1_513' title='bbox 1358 1063 1434 1094; x_wconf 90' lang='grc' dir='ltr'>νος,</span> <span class='ocrx_word' id='word_1_514' title='bbox 1474 1047 1780 1098; x_wconf 67' lang='grc' dir='ltr'>ἐπιδουλευόμενος</span> <span class='ocrx_word' id='word_1_515' title='bbox 1801 1077 1810 1094; x_wconf 91' lang='grc'>,</span> <span class='ocrx_word' id='word_1_516' title='bbox 1857 1046 2100 1098; x_wconf 67' lang='grc' dir='ltr'>ὓὸριζόμενος,</span> <span class='ocrx_word' id='word_1_517' title='bbox 2131 1045 2380 1097; x_wconf 79' lang='grc' dir='ltr'>ἐμπτυόμενος.</span> 
     </span>
     <span class='ocr_line' id='line_1_78' title="bbox 1358 1097 2380 1151; baseline -0.005 -13"><span class='ocrx_word' id='word_1_518' title='bbox 1358 1099 1467 1151; x_wconf 64' lang='grc' dir='ltr'>&lt;Ορξῑς</span> <span class='ocrx_word' id='word_1_519' title='bbox 1490 1099 1527 1137; x_wconf 76' lang='grc' dir='ltr'>τὸ</span> <span class='ocrx_word' id='word_1_520' title='bbox 1547 1100 1718 1146; x_wconf 73' lang='grc' dir='ltr'>ἀήττητον</span> <span class='ocrx_word' id='word_1_521' title='bbox 1737 1099 1866 1146; x_wconf 73' lang='grc' dir='ltr'>ὅπλον,</span> <span class='ocrx_word' id='word_1_522' title='bbox 1894 1103 1974 1151; x_wconf 71' lang='grc' dir='ltr'>ὁρᾷς</span> <span class='ocrx_word' id='word_1_523' title='bbox 2002 1100 2064 1146; x_wconf 83' lang='grc' dir='ltr'>τὴν</span> <span class='ocrx_word' id='word_1_524' title='bbox 2096 1100 2194 1144; x_wconf 78' lang='grc' dir='ltr'>νίκην</span> <span class='ocrx_word' id='word_1_525' title='bbox 2225 1099 2283 1135; x_wconf 81' lang='grc' dir='ltr'>καὶ</span> <span class='ocrx_word' id='word_1_526' title='bbox 2318 1097 2380 1142; x_wconf 73' lang='grc' dir='ltr'>τὴν</span> 
     </span>
     <span class='ocr_line' id='line_1_79' title="bbox 1358 1151 2380 1208; baseline -0.002 -19"><span class='ocrx_word' id='word_1_527' title='bbox 1358 1152 1504 1204; x_wconf 70' lang='grc' dir='ltr'>τέχνην,</span> <span class='ocrx_word' id='word_1_528' title='bbox 1528 1152 1667 1208; x_wconf 59' lang='grc' dir='ltr'>βλέπεις</span> <span class='ocrx_word' id='word_1_529' title='bbox 1697 1153 1736 1190; x_wconf 76' lang='grc' dir='ltr'>τὸ</span> <span class='ocrx_word' id='word_1_530' title='bbox 1771 1154 1933 1197; x_wconf 86' lang='grc' dir='ltr'>ἀνίκητον</span> <span class='ocrx_word' id='word_1_531' title='bbox 1954 1152 2078 1204; x_wconf 88' lang='grc' dir='ltr'>κράτος</span> <span class='ocrx_word' id='word_1_532' title='bbox 2097 1156 2158 1198; x_wconf 65' lang='grc' dir='ltr'>τῆς</span> <span class='ocrx_word' id='word_1_533' title='bbox 2180 1151 2271 1188; x_wconf 85' lang='grc' dir='ltr'>κατὰ</span> <span class='ocrx_word' id='word_1_534' title='bbox 2290 1151 2380 1188; x_wconf 76' lang='grc' dir='ltr'>Θεὸν</span> 
     </span>
     <span class='ocr_line' id='line_1_80' title="bbox 1358 1202 2380 1256; baseline -0.004 -14"><span class='ocrx_word' id='word_1_535' title='bbox 1358 1206 1557 1256; x_wconf 72' lang='grc' dir='ltr'>πτωχείας,</span> <span class='ocrx_word' id='word_1_536' title='bbox 1578 1207 1662 1248; x_wconf 77' lang='grc' dir='ltr'>εἶδες</span> <span class='ocrx_word' id='word_1_537' title='bbox 1681 1208 1754 1248; x_wconf 79' lang='grc' dir='ltr'>πῶς</span> <span class='ocrx_word' id='word_1_538' title='bbox 1784 1204 1928 1256; x_wconf 68' lang='grc' dir='ltr'>φοῧερὸς</span> <span class='ocrx_word' id='word_1_539' title='bbox 1957 1205 2106 1255; x_wconf 72' lang='grc' dir='ltr'>ὑπάρχει</span> <span class='ocrx_word' id='word_1_540' title='bbox 2129 1210 2200 1246; x_wconf 83' lang='grc' dir='ltr'>τοῖς</span> <span class='ocrx_word' id='word_1_541' title='bbox 2219 1202 2380 1252; x_wconf 76' lang='grc' dir='ltr'>δαίμοσιν</span> 
     </span>
     <span class='ocr_line' id='line_1_81' title="bbox 1358 1254 2382 1310; baseline -0.002 -16"><span class='ocrx_word' id='word_1_542' title='bbox 1358 1261 1375 1295; x_wconf 83' lang='grc' dir='ltr'><em>ὃ</em></span> <span class='ocrx_word' id='word_1_543' title='bbox 1393 1257 1455 1303; x_wconf 78' lang='grc' dir='ltr'>τὴν</span> <span class='ocrx_word' id='word_1_544' title='bbox 1471 1258 1783 1310; x_wconf 63' lang='grc' dir='ltr'>ταπεινοφροσύνην</span> <span class='ocrx_word' id='word_1_545' title='bbox 1806 1257 2041 1306; x_wconf 72' lang='grc' dir='ltr'>ἐνδεδυμένος,</span> <span class='ocrx_word' id='word_1_546' title='bbox 2062 1259 2134 1294; x_wconf 84' lang='grc' dir='ltr'>Ἰὀῦ</span> <span class='ocrx_word' id='word_1_547' title='bbox 2154 1257 2215 1307; x_wconf 71' lang='grc' dir='ltr'>μέν</span> <span class='ocrx_word' id='word_1_548' title='bbox 2233 1254 2359 1306; x_wconf 75' lang='grc' dir='ltr'>Κυρίου</span> <span class='ocrx_word' id='word_1_549' title='bbox 2373 1285 2382 1301; x_wconf 93' lang='grc'>,</span> 
     </span>
     <span class='ocr_line' id='line_1_82' title="bbox 1358 1309 2381 1361; baseline -0.002 -15"><span class='ocrx_word' id='word_1_550' title='bbox 1358 1310 1471 1353; x_wconf 77' lang='grc' dir='ltr'>καθὼς</span> <span class='ocrx_word' id='word_1_551' title='bbox 1491 1311 1714 1361; x_wconf 76' lang='grc' dir='ltr'>προείρηται,</span> <span class='ocrx_word' id='word_1_552' title='bbox 1742 1310 1897 1359; x_wconf 79' lang='grc' dir='ltr'>μιμητής</span> <span class='ocrx_word' id='word_1_553' title='bbox 1924 1311 2022 1354; x_wconf 81' lang='grc' dir='ltr'>ἐστι,</span> <span class='ocrx_word' id='word_1_554' title='bbox 2052 1313 2120 1346; x_wconf 89' lang='grc' dir='ltr'>τῶν</span> <span class='ocrx_word' id='word_1_555' title='bbox 2145 1309 2299 1359; x_wconf 80' lang='grc' dir='ltr'>ἀγγέλων</span> <span class='ocrx_word' id='word_1_556' title='bbox 2319 1325 2381 1345; x_wconf 86' lang='grc' dir='ltr'>πο-</span> 
     </span>
     <span class='ocr_line' id='line_1_83' title="bbox 1359 1360 2384 1413; baseline -0.003 -14"><span class='ocrx_word' id='word_1_557' title='bbox 1359 1363 1476 1409; x_wconf 74' lang='grc' dir='ltr'>θητὸς,</span> <span class='ocrx_word' id='word_1_558' title='bbox 1497 1368 1566 1404; x_wconf 84' lang='grc' dir='ltr'>τοῖς</span> <span class='ocrx_word' id='word_1_559' title='bbox 1597 1363 1803 1404; x_wconf 80' lang='grc' dir='ltr'>ἀποστόλοις</span> <span class='ocrx_word' id='word_1_560' title='bbox 1829 1362 1962 1410; x_wconf 77' lang='grc' dir='ltr'>τίμιος,</span> <span class='ocrx_word' id='word_1_561' title='bbox 1981 1367 2052 1403; x_wconf 81' lang='grc' dir='ltr'>τοῖς</span> <span class='ocrx_word' id='word_1_562' title='bbox 2073 1361 2223 1413; x_wconf 79' lang='grc' dir='ltr'>μάρτυσι</span> <span class='ocrx_word' id='word_1_563' title='bbox 2242 1360 2384 1411; x_wconf 77' lang='grc' dir='ltr'>συναρί-</span> 
     </span>
     <span class='ocr_line' id='line_1_84' title="bbox 1359 1412 2382 1464; baseline -0.002 -13"><span class='ocrx_word' id='word_1_564' title='bbox 1359 1418 1474 1463; x_wconf 73' lang='grc' dir='ltr'>θμιος,</span> <span class='ocrx_word' id='word_1_565' title='bbox 1493 1420 1564 1456; x_wconf 78' lang='grc' dir='ltr'>τοῖς</span> <span class='ocrx_word' id='word_1_566' title='bbox 1595 1413 1736 1462; x_wconf 82' lang='grc' dir='ltr'>δαίμοσι</span> <span class='ocrx_word' id='word_1_567' title='bbox 1767 1413 1933 1464; x_wconf 59' lang='grc' dir='ltr'>φοὸερὸς,</span> <span class='ocrx_word' id='word_1_568' title='bbox 1961 1417 2020 1450; x_wconf 86' lang='grc' dir='ltr'>τοῦ</span> <span class='ocrx_word' id='word_1_569' title='bbox 2050 1413 2181 1463; x_wconf 78' lang='grc' dir='ltr'>κόσμου</span> <span class='ocrx_word' id='word_1_570' title='bbox 2218 1412 2382 1458; x_wconf 76' lang='grc' dir='ltr'>νικητὴς,</span> 
     </span>
     <span class='ocr_line' id='line_1_85' title="bbox 1357 1465 2382 1518; baseline 0.001 -15"><span class='ocrx_word' id='word_1_571' title='bbox 1357 1469 1425 1503; x_wconf 81' lang='grc' dir='ltr'>τῶν</span> <span class='ocrx_word' id='word_1_572' title='bbox 1450 1467 1596 1504; x_wconf 88' lang='grc' dir='ltr'>αἰωνίων</span> <span class='ocrx_word' id='word_1_573' title='bbox 1614 1466 1673 1503; x_wconf 81' lang='grc' dir='ltr'>καὶ</span> <span class='ocrx_word' id='word_1_574' title='bbox 1688 1468 1871 1518; x_wconf 83' lang='grc' dir='ltr'>ἀφθάρτων</span> <span class='ocrx_word' id='word_1_575' title='bbox 1893 1467 2032 1515; x_wconf 86' lang='grc' dir='ltr'>ἀγαθῶν</span> <span class='ocrx_word' id='word_1_576' title='bbox 2047 1465 2271 1517; x_wconf 81' lang='grc' dir='ltr'>κληρονόμος.</span> <span class='ocrx_word' id='word_1_577' title='bbox 2291 1466 2382 1504; x_wconf 80' lang='grc' dir='ltr'>Τού-</span> 
     </span>
     <span class='ocr_line' id='line_1_86' title="bbox 1358 1517 2383 1570; baseline 0 -14"><span class='ocrx_word' id='word_1_578' title='bbox 1358 1535 1417 1557; x_wconf 82' lang='grc' dir='ltr'>του</span> <span class='ocrx_word' id='word_1_579' title='bbox 1437 1519 1598 1556; x_wconf 72' lang='grc' dir='ltr'>οὐδέποτε</span> <span class='ocrx_word' id='word_1_580' title='bbox 1618 1518 1720 1570; x_wconf 63' lang='grc' dir='ltr'>φόὸος</span> <span class='ocrx_word' id='word_1_581' title='bbox 1739 1517 1905 1562; x_wconf 83' lang='grc' dir='ltr'>ἅπτεται,</span> <span class='ocrx_word' id='word_1_582' title='bbox 1922 1522 2040 1556; x_wconf 89' lang='grc' dir='ltr'>τοῦτον</span> <span class='ocrx_word' id='word_1_583' title='bbox 2059 1524 2126 1560; x_wconf 78' lang='grc' dir='ltr'>πᾶς</span> <span class='ocrx_word' id='word_1_584' title='bbox 2155 1517 2283 1569; x_wconf 82' lang='grc' dir='ltr'>λεγεὼν</span> <span class='ocrx_word' id='word_1_585' title='bbox 2304 1519 2383 1556; x_wconf 76' lang='grc' dir='ltr'>δαι-</span> 
     </span>
     <span class='ocr_line' id='line_1_87' title="bbox 1360 1570 2384 1623; baseline -0.002 -14"><span class='ocrx_word' id='word_1_586' title='bbox 1360 1573 1472 1622; x_wconf 84' lang='grc' dir='ltr'>μόνων</span> <span class='ocrx_word' id='word_1_587' title='bbox 1492 1576 1666 1623; x_wconf 66' lang='grc' dir='ltr'>ὑποχωρεῖ</span> <span class='ocrx_word' id='word_1_588' title='bbox 1683 1570 1742 1608; x_wconf 77' lang='grc' dir='ltr'>καί</span> <span class='ocrx_word' id='word_1_589' title='bbox 1762 1570 1930 1616; x_wconf 75' lang='grc' dir='ltr'>πτήσσει,</span> <span class='ocrx_word' id='word_1_590' title='bbox 1954 1570 2138 1619; x_wconf 76' lang='grc' dir='ltr'>βλέποντες</span> <span class='ocrx_word' id='word_1_591' title='bbox 2153 1573 2186 1609; x_wconf 77' lang='grc' dir='ltr'>ἐν</span> <span class='ocrx_word' id='word_1_592' title='bbox 2214 1574 2307 1609; x_wconf 78' lang='grc' dir='ltr'>αὐτῶ</span> <span class='ocrx_word' id='word_1_593' title='bbox 2325 1572 2384 1609; x_wconf 80' lang='grc' dir='ltr'>τὸν</span> 
     </span>
     <span class='ocr_line' id='line_1_88' title="bbox 1359 1612 2384 1675; baseline -0.003 -12"><span class='ocrx_word' id='word_1_594' title='bbox 1359 1629 1417 1664; x_wconf 85' lang='grc' dir='ltr'>τοῦ</span> <span class='ocrx_word' id='word_1_595' title='bbox 1438 1625 1569 1675; x_wconf 82' lang='grc' dir='ltr'>κόσμου</span> <span class='ocrx_word' id='word_1_596' title='bbox 1591 1623 1734 1670; x_wconf 81' lang='grc' dir='ltr'>νικητὴν</span> <span class='ocrx_word' id='word_1_597' title='bbox 1753 1623 1902 1674; x_wconf 75' lang='grc' dir='ltr'>Χριστὸν</span> <span class='ocrx_word' id='word_1_598' title='bbox 1924 1624 2225 1670; x_wconf 76' lang='grc' dir='ltr'>καταπατήσαντα</span> <span class='ocrx_word' id='word_1_599' title='bbox 2245 1612 2384 1671; x_wconf 64' lang='grc' dir='ltr'>αὐτοὺς,</span> 
     </span>
     <span class='ocr_line' id='line_1_89' title="bbox 1314 1676 2132 1728; baseline -0.005 -11"><span class='ocrx_word' id='word_1_600' title='bbox 1314 1682 1337 1711; x_wconf 84' lang='grc' dir='ltr'>Ε</span> <span class='ocrx_word' id='word_1_601' title='bbox 1359 1679 1417 1717; x_wconf 78' lang='grc' dir='ltr'>καὶ</span> <span class='ocrx_word' id='word_1_602' title='bbox 1438 1678 1627 1716; x_wconf 73' lang='grc' dir='ltr'>καθελόντα</span> <span class='ocrx_word' id='word_1_603' title='bbox 1647 1678 1759 1714; x_wconf 79' lang='grc' dir='ltr'>αὐτῶν</span> <span class='ocrx_word' id='word_1_604' title='bbox 1779 1677 1818 1715; x_wconf 81' lang='grc' dir='ltr'>τὸ</span> <span class='ocrx_word' id='word_1_605' title='bbox 1835 1676 1981 1726; x_wconf 88' lang='grc' dir='ltr'>μάταιον</span> <span class='ocrx_word' id='word_1_606' title='bbox 1996 1676 2132 1728; x_wconf 78' lang='grc' dir='ltr'>κράτος.</span> 
     </span>
    </p>
   </div>
   <div class='ocr_carea' id='block_1_8' title="bbox 2213 992 2379 1042">
    <p class='ocr_par' dir='ltr' id='par_1_9' title="bbox 2213 992 2379 1042">
     <span class='ocr_line' id='line_1_90' title="bbox 2213 992 2379 1042; baseline -0.012 -12"><span class='ocrx_word' id='word_1_607' title='bbox 2213 992 2379 1042; x_wconf 80' lang='grc' dir='ltr'>διωκόμε-</span> 
     </span>
    </p>
   </div>
   <div class='ocr_carea' id='block_1_9' title="bbox 1414 1886 2386 1940">
    <p class='ocr_par' dir='ltr' id='par_1_10' title="bbox 1414 1886 2386 1940">
     <span class='ocr_line' id='line_1_91' title="bbox 1414 1886 2386 1940; baseline -0.004 -12"><span class='ocrx_word' id='word_1_608' title='bbox 1414 1889 1700 1939; x_wconf 78' lang='grc' dir='ltr'>Λοιπον,τεκνία,</span> <span class='ocrx_word' id='word_1_609' title='bbox 1714 1889 1770 1927; x_wconf 75' lang='grc' dir='ltr'>τὸν</span> <span class='ocrx_word' id='word_1_610' title='bbox 1786 1888 1911 1940; x_wconf 80' lang='grc' dir='ltr'>τρόπον</span> <span class='ocrx_word' id='word_1_611' title='bbox 1929 1887 2094 1938; x_wconf 76' lang='grc' dir='ltr'>μαθόντες</span> <span class='ocrx_word' id='word_1_612' title='bbox 2110 1887 2168 1925; x_wconf 76' lang='grc' dir='ltr'>καὶ</span> <span class='ocrx_word' id='word_1_613' title='bbox 2183 1886 2245 1934; x_wconf 78' lang='grc' dir='ltr'>τὴν</span> <span class='ocrx_word' id='word_1_614' title='bbox 2259 1887 2386 1939; x_wconf 56' lang='grc' dir='ltr'>τέχνην</span> 
     </span>
    </p>
   </div>
   <div class='ocr_carea' id='block_1_10' title="bbox 1361 1939 2388 2366">
    <p class='ocr_par' dir='ltr' id='par_1_11' title="bbox 1361 1939 2388 2366">
     <span class='ocr_line' id='line_1_92' title="bbox 1361 1939 2385 1995; baseline -0.003 -15"><span class='ocrx_word' id='word_1_615' title='bbox 1361 1943 1598 1995; x_wconf 59' lang='grc' dir='ltr'>διδαχθέντες,</span> <span class='ocrx_word' id='word_1_616' title='bbox 1621 1943 1669 1994; x_wconf 78' lang='grc' dir='ltr'>μὴ</span> <span class='ocrx_word' id='word_1_617' title='bbox 1697 1943 1941 1992; x_wconf 75' lang='grc' dir='ltr'>ἀμελήσιι1μεν,</span> <span class='ocrx_word' id='word_1_618' title='bbox 1963 1939 2051 1979; x_wconf 79' lang='grc' dir='ltr'>ἀλλὰ</span> <span class='ocrx_word' id='word_1_619' title='bbox 2073 1939 2309 1991; x_wconf 73' lang='grc' dir='ltr'>μιμησώμεθα</span> <span class='ocrx_word' id='word_1_620' title='bbox 2327 1941 2385 1978; x_wconf 75' lang='grc' dir='ltr'>τὸν</span> 
     </span>
     <span class='ocr_line' id='line_1_93' title="bbox 1363 1993 2386 2047; baseline -0.004 -14"><span class='ocrx_word' id='word_1_621' title='bbox 1363 1996 1488 2047; x_wconf 69' lang='grc' dir='ltr'>Κύριον</span> <span class='ocrx_word' id='word_1_622' title='bbox 1507 1999 1620 2045; x_wconf 75' lang='grc' dir='ltr'>ἡμῶν,</span> <span class='ocrx_word' id='word_1_623' title='bbox 1638 1996 1697 2033; x_wconf 78' lang='grc' dir='ltr'>καὶ</span> <span class='ocrx_word' id='word_1_624' title='bbox 1719 1996 1776 2033; x_wconf 76' lang='grc' dir='ltr'>διὰ</span> <span class='ocrx_word' id='word_1_625' title='bbox 1799 1997 1860 2040; x_wconf 78' lang='grc' dir='ltr'>τῆς</span> <span class='ocrx_word' id='word_1_626' title='bbox 1879 1993 2120 2035; x_wconf 81' lang='grc' dir='ltr'>ταπεινώσεως</span> <span class='ocrx_word' id='word_1_627' title='bbox 2139 1993 2197 2030; x_wconf 81' lang='grc' dir='ltr'>καὶ</span> <span class='ocrx_word' id='word_1_628' title='bbox 2218 1996 2285 2030; x_wconf 86' lang='grc' dir='ltr'>τῶν</span> <span class='ocrx_word' id='word_1_629' title='bbox 2302 1995 2386 2044; x_wconf 85' lang='grc' dir='ltr'>ἀρε-</span> 
     </span>
     <span class='ocr_line' id='line_1_94' title="bbox 1363 2046 2386 2100; baseline -0.003 -14"><span class='ocrx_word' id='word_1_630' title='bbox 1363 2053 1430 2086; x_wconf 87' lang='grc' dir='ltr'>τῶν</span> <span class='ocrx_word' id='word_1_631' title='bbox 1442 2052 1668 2099; x_wconf 84' lang='grc' dir='ltr'>ὁμοιωθῶμεν</span> <span class='ocrx_word' id='word_1_632' title='bbox 1685 2051 1778 2100; x_wconf 77' lang='grc' dir='ltr'>αὐτῶ</span> <span class='ocrx_word' id='word_1_633' title='bbox 1790 2076 1799 2093; x_wconf 79' lang='lat'>,</span> <span class='ocrx_word' id='word_1_634' title='bbox 1814 2048 1872 2085; x_wconf 82' lang='grc' dir='ltr'>καὶ</span> <span class='ocrx_word' id='word_1_635' title='bbox 1887 2047 2085 2096; x_wconf 75' lang='grc' dir='ltr'>νικήσωμεν</span> <span class='ocrx_word' id='word_1_636' title='bbox 2099 2051 2158 2084; x_wconf 89' lang='grc' dir='ltr'>τοῦ</span> <span class='ocrx_word' id='word_1_637' title='bbox 2170 2046 2298 2097; x_wconf 83' lang='grc' dir='ltr'>Κυρίου</span> <span class='ocrx_word' id='word_1_638' title='bbox 2310 2063 2386 2084; x_wconf 68' lang='grc' dir='ltr'>συν·</span> 
     </span>
     <span class='ocr_line' id='line_1_95' title="bbox 1365 2098 2388 2156; baseline -0.003 -17"><span class='ocrx_word' id='word_1_639' title='bbox 1365 2108 1541 2155; x_wconf 85' lang='grc' dir='ltr'>εργοῦντος</span> <span class='ocrx_word' id='word_1_640' title='bbox 1555 2104 1635 2156; x_wconf 53' lang='grc' dir='ltr'>·ἒαὶ</span> <span class='ocrx_word' id='word_1_641' title='bbox 1657 2102 1810 2151; x_wconf 85' lang='grc' dir='ltr'>μάλιστα</span> <span class='ocrx_word' id='word_1_642' title='bbox 1829 2099 2039 2150; x_wconf 80' lang='grc' dir='ltr'>ἐπιθυμηταὶ</span> <span class='ocrx_word' id='word_1_643' title='bbox 2055 2101 2123 2136; x_wconf 85' lang='grc' dir='ltr'>τῶν</span> <span class='ocrx_word' id='word_1_644' title='bbox 2141 2100 2281 2149; x_wconf 76' lang='grc' dir='ltr'>ἀγαθῶν</span> <span class='ocrx_word' id='word_1_645' title='bbox 2297 2098 2388 2136; x_wconf 80' lang='grc' dir='ltr'>ἐκεί-</span> 
     </span>
     <span class='ocr_line' id='line_1_96' title="bbox 1363 2151 2320 2205; baseline -0.005 -13"><span class='ocrx_word' id='word_1_646' title='bbox 1363 2171 1444 2202; x_wconf 93' lang='grc' dir='ltr'>νων,</span> <span class='ocrx_word' id='word_1_647' title='bbox 1464 2156 1543 2205; x_wconf 84' lang='grc' dir='ltr'>περὶ</span> <span class='ocrx_word' id='word_1_648' title='bbox 1564 2159 1609 2192; x_wconf 77' lang='grc' dir='ltr'>ὡν</span> <span class='ocrx_word' id='word_1_649' title='bbox 1630 2154 1799 2198; x_wconf 75' lang='grc' dir='ltr'>πολλάκις</span> <span class='ocrx_word' id='word_1_650' title='bbox 1816 2153 1990 2199; x_wconf 76' lang='grc' dir='ltr'>ἠκούσατε</span> <span class='ocrx_word' id='word_1_651' title='bbox 2009 2181 2018 2199; x_wconf 95' lang='grc'>,</span> <span class='ocrx_word' id='word_1_652' title='bbox 2040 2151 2089 2201; x_wconf 81' lang='grc' dir='ltr'>μὴ</span> <span class='ocrx_word' id='word_1_653' title='bbox 2105 2152 2320 2201; x_wconf 77' lang='grc' dir='ltr'>ὀκνήσωμεν,</span> 
     </span>
     <span class='ocr_line' id='line_1_97' title="bbox 1367 2203 2388 2258; baseline -0.004 -14"><span class='ocrx_word' id='word_1_654' title='bbox 1367 2209 1479 2258; x_wconf 78' lang='grc' dir='ltr'>δῶμεν</span> <span class='ocrx_word' id='word_1_655' title='bbox 1496 2207 1598 2246; x_wconf 79' lang='grc' dir='ltr'>ὕπνον</span> <span class='ocrx_word' id='word_1_656' title='bbox 1618 2215 1688 2252; x_wconf 84' lang='grc' dir='ltr'>τοῖς</span> <span class='ocrx_word' id='word_1_657' title='bbox 1704 2210 1893 2258; x_wconf 80' lang='grc' dir='ltr'>ὀφθαλμοῖς</span> <span class='ocrx_word' id='word_1_658' title='bbox 1909 2208 2023 2255; x_wconf 79' lang='grc' dir='ltr'>ἡμῶν,</span> <span class='ocrx_word' id='word_1_659' title='bbox 2043 2204 2090 2254; x_wconf 75' lang='grc' dir='ltr'>μὴ</span> <span class='ocrx_word' id='word_1_660' title='bbox 2107 2206 2300 2253; x_wconf 83' lang='grc' dir='ltr'>νικηθῶμεν</span> <span class='ocrx_word' id='word_1_661' title='bbox 2321 2203 2388 2241; x_wconf 78' lang='grc' dir='ltr'>ὑπὸ</span> 
     </span>
     <span class='ocr_line' id='line_1_98' title="bbox 1367 2256 2388 2313; baseline -0.005 -16"><span class='ocrx_word' id='word_1_662' title='bbox 1367 2265 1425 2297; x_wconf 81' lang='grc' dir='ltr'>τοῦ</span> <span class='ocrx_word' id='word_1_663' title='bbox 1454 2261 1561 2299; x_wconf 77' lang='grc' dir='ltr'>δεινοῦ</span> <span class='ocrx_word' id='word_1_664' title='bbox 1583 2260 1879 2313; x_wconf 59' lang='grc' dir='ltr'>κοσμοκράτορος,</span> <span class='ocrx_word' id='word_1_665' title='bbox 1902 2258 2037 2307; x_wconf 71' lang='grc' dir='ltr'>μήποτε</span> <span class='ocrx_word' id='word_1_666' title='bbox 2064 2256 2164 2306; x_wconf 82' lang='grc' dir='ltr'>εἴπῃ,</span> <span class='ocrx_word' id='word_1_667' title='bbox 2188 2257 2239 2293; x_wconf 75' lang='grc' dir='ltr'>ὅτι</span> <span class='ocrx_word' id='word_1_668' title='bbox 2258 2256 2388 2307; x_wconf 71' lang='grc' dir='ltr'>ἴσχυσα</span> 
     </span>
     <span class='ocr_line' id='line_1_99' title="bbox 1367 2308 2388 2366; baseline -0.004 -18"><span class='ocrx_word' id='word_1_669' title='bbox 1367 2314 1452 2362; x_wconf 81' lang='grc' dir='ltr'>πρὸς</span> <span class='ocrx_word' id='word_1_670' title='bbox 1473 2314 1587 2351; x_wconf 73' lang='grc' dir='ltr'>αὐτόν.</span> <span class='ocrx_word' id='word_1_671' title='bbox 1611 2313 1705 2365; x_wconf 63' lang='grc' dir='ltr'>”Όρα</span> <span class='ocrx_word' id='word_1_672' title='bbox 1719 2315 1789 2366; x_wconf 63' lang='grc' dir='ltr'>οὖν,</span> <span class='ocrx_word' id='word_1_673' title='bbox 1809 2310 1987 2361; x_wconf 78' lang='grc' dir='ltr'>ἀγαπητὲ,</span> <span class='ocrx_word' id='word_1_674' title='bbox 2005 2309 2053 2358; x_wconf 81' lang='grc' dir='ltr'>μὴ</span> <span class='ocrx_word' id='word_1_675' title='bbox 2076 2308 2301 2358; x_wconf 80' lang='grc' dir='ltr'>ἐπινυστάξῃς</span> <span class='ocrx_word' id='word_1_676' title='bbox 2317 2314 2388 2351; x_wconf 76' lang='grc' dir='ltr'>σοῖς</span> 
     </span>
    </p>
   </div>
   <div class='ocr_carea' id='block_1_11' title="bbox 2338 2150 2386 2201">
    <p class='ocr_par' dir='ltr' id='par_1_12' title="bbox 2338 2150 2386 2201">
     <span class='ocr_line' id='line_1_100' title="bbox 2338 2150 2386 2201; baseline 0 0"><span class='ocrx_word' id='word_1_677' title='bbox 2338 2150 2386 2201; x_wconf 73' lang='grc' dir='ltr'>μὴ</span> 
     </span>
    </p>
   </div>
   <div class='ocr_carea' id='block_1_12' title="bbox 1371 2360 2386 2416">
    <p class='ocr_par' dir='ltr' id='par_1_13' title="bbox 1371 2360 2386 2416">
     <span class='ocr_line' id='line_1_101' title="bbox 1371 2360 2386 2416; baseline -0.004 -14"><span class='ocrx_word' id='word_1_678' title='bbox 1371 2364 1570 2416; x_wconf 76' lang='grc' dir='ltr'>βλεφάροις·</span> <span class='ocrx_word' id='word_1_679' title='bbox 1606 2365 1670 2416; x_wconf 82' lang='grc' dir='ltr'>ὅρα</span> <span class='ocrx_word' id='word_1_680' title='bbox 1701 2368 1759 2401; x_wconf 77' lang='grc' dir='ltr'>οὖν</span> <span class='ocrx_word' id='word_1_681' title='bbox 1791 2362 1839 2412; x_wconf 78' lang='grc' dir='ltr'>μὴ</span> <span class='ocrx_word' id='word_1_682' title='bbox 1877 2362 2027 2413; x_wconf 82' lang='grc' dir='ltr'>νυστάξῃ</span> <span class='ocrx_word' id='word_1_683' title='bbox 2062 2364 2079 2398; x_wconf 83' lang='grc' dir='ltr'><em>ὃ</em></span> <span class='ocrx_word' id='word_1_684' title='bbox 2113 2360 2296 2412; x_wconf 78' lang='grc' dir='ltr'>φυλάσσων</span> <span class='ocrx_word' id='word_1_685' title='bbox 2326 2376 2386 2398; x_wconf 85' lang='grc' dir='ltr'>σε·</span> 
     </span>
    </p>
   </div>
   <div class='ocr_carea' id='block_1_13' title="bbox 1312 2413 2391 2571">
    <p class='ocr_par' dir='ltr' id='par_1_14' title="bbox 1312 2413 2391 2571">
     <span class='ocr_line' id='line_1_102' title="bbox 1369 2413 2389 2469; baseline -0.004 -15"><span class='ocrx_word' id='word_1_686' title='bbox 1369 2417 1485 2469; x_wconf 83' lang='grc' dir='ltr'>κύκλῳ</span> <span class='ocrx_word' id='word_1_687' title='bbox 1519 2421 1550 2455; x_wconf 85' lang='grc' dir='ltr'>οἱ</span> <span class='ocrx_word' id='word_1_688' title='bbox 1579 2417 1715 2459; x_wconf 64' lang='grc' dir='ltr'>ἀσεὲεἴς</span> <span class='ocrx_word' id='word_1_689' title='bbox 1751 2418 1998 2467; x_wconf 70' lang='grc' dir='ltr'>περιπατοῦσι·</span> <span class='ocrx_word' id='word_1_690' title='bbox 2021 2414 2064 2452; x_wconf 85' lang='lat' dir='ltr'>‘O</span> <span class='ocrx_word' id='word_1_691' title='bbox 2088 2413 2260 2456; x_wconf 75' lang='grc' dir='ltr'>ἀντίδικος</span> <span class='ocrx_word' id='word_1_692' title='bbox 2292 2415 2389 2463; x_wconf 82' lang='grc' dir='ltr'>ὑμῶν</span> 
     </span>
     <span class='ocr_line' id='line_1_103' title="bbox 1312 2465 2388 2521; baseline -0.005 -14"><span class='ocrx_word' id='word_1_693' title='bbox 1312 2493 1358 2516; x_wconf 83' lang='lat'>775</span> <span class='ocrx_word' id='word_1_694' title='bbox 1372 2470 1529 2513; x_wconf 68' lang='grc' dir='ltr'>διάὸολος</span> <span class='ocrx_word' id='word_1_695' title='bbox 1564 2473 1609 2513; x_wconf 81' lang='grc' dir='ltr'>ὡς</span> <span class='ocrx_word' id='word_1_696' title='bbox 1637 2469 1724 2507; x_wconf 83' lang='grc' dir='ltr'>λέων</span> <span class='ocrx_word' id='word_1_697' title='bbox 1753 2469 1944 2521; x_wconf 83' lang='grc' dir='ltr'>ὠρυόμενος</span> <span class='ocrx_word' id='word_1_698' title='bbox 1977 2469 2071 2513; x_wconf 73' lang='grc' dir='ltr'>ζητεῖ</span> <span class='ocrx_word' id='word_1_699' title='bbox 2107 2465 2185 2503; x_wconf 84' lang='grc' dir='ltr'>τίνα</span> <span class='ocrx_word' id='word_1_700' title='bbox 2217 2466 2388 2512; x_wconf 86' lang='grc' dir='ltr'>καταπίη.</span> 
     </span>
     <span class='ocr_line' id='line_1_104' title="bbox 1323 2510 2391 2571; baseline -0.006 -10"><span class='ocrx_word' id='word_1_701' title='bbox 1323 2530 1349 2557; x_wconf 77' lang='lat' dir='ltr'>A</span> <span class='ocrx_word' id='word_1_702' title='bbox 1372 2525 1495 2561; x_wconf 79' lang='grc' dir='ltr'>Ταῦτα</span> <span class='ocrx_word' id='word_1_703' title='bbox 1529 2523 1673 2567; x_wconf 72' lang='grc' dir='ltr'>εἰδότες,</span> <span class='ocrx_word' id='word_1_704' title='bbox 1703 2523 1837 2568; x_wconf 85' lang='grc' dir='ltr'>τεκνία,</span> <span class='ocrx_word' id='word_1_705' title='bbox 1866 2519 2089 2571; x_wconf 79' lang='grc' dir='ltr'>διεγείρωμεν</span> <span class='ocrx_word' id='word_1_706' title='bbox 2118 2516 2282 2562; x_wconf 66' lang='grc' dir='ltr'>ἑαυτοὺς,</span> <span class='ocrx_word' id='word_1_707' title='bbox 2299 2510 2391 2556; x_wconf 70' lang='grc' dir='ltr'>ἑτοί-</span> 
     </span>
    </p>
   </div>
   <div class='ocr_carea' id='block_1_14' title="bbox 1371 2570 2389 2679">
    <p class='ocr_par' dir='ltr' id='par_1_15' title="bbox 1371 2570 2389 2679">
     <span class='ocr_line' id='line_1_105' title="bbox 1373 2570 2388 2627; baseline -0.007 -13"><span class='ocrx_word' id='word_1_708' title='bbox 1373 2578 1559 2627; x_wconf 87' lang='grc' dir='ltr'>μασθῶμεν</span> <span class='ocrx_word' id='word_1_709' title='bbox 1593 2575 1678 2627; x_wconf 77' lang='grc' dir='ltr'>πρὸς</span> <span class='ocrx_word' id='word_1_710' title='bbox 1712 2575 1902 2624; x_wconf 80' lang='grc' dir='ltr'>πολέμους,</span> <span class='ocrx_word' id='word_1_711' title='bbox 1931 2573 1990 2609; x_wconf 78' lang='grc' dir='ltr'>καὶ</span> <span class='ocrx_word' id='word_1_712' title='bbox 2021 2572 2128 2610; x_wconf 87' lang='grc' dir='ltr'>πάλιν</span> <span class='ocrx_word' id='word_1_713' title='bbox 2155 2570 2243 2621; x_wconf 79' lang='grc' dir='ltr'>μετὰ</span> <span class='ocrx_word' id='word_1_714' title='bbox 2266 2571 2388 2622; x_wconf 78' lang='grc' dir='ltr'>μικρὸν</span> 
     </span>
     <span class='ocr_line' id='line_1_106' title="bbox 1371 2623 2389 2679; baseline -0.006 -13"><span class='ocrx_word' id='word_1_715' title='bbox 1371 2630 1503 2678; x_wconf 77' lang='grc' dir='ltr'>ἕτοιμοι</span> <span class='ocrx_word' id='word_1_716' title='bbox 1537 2627 1717 2678; x_wconf 77' lang='grc' dir='ltr'>γενώμεθα</span> <span class='ocrx_word' id='word_1_717' title='bbox 1747 2627 1832 2679; x_wconf 74' lang='grc' dir='ltr'>πρὸς</span> <span class='ocrx_word' id='word_1_718' title='bbox 1868 2624 2068 2675; x_wconf 82' lang='grc' dir='ltr'>ἀπολογίαν.</span> <span class='ocrx_word' id='word_1_719' title='bbox 2106 2623 2200 2667; x_wconf 76' lang='grc' dir='ltr'>ἽΞως</span> <span class='ocrx_word' id='word_1_720' title='bbox 2234 2623 2318 2661; x_wconf 84' lang='grc' dir='ltr'>πότε</span> <span class='ocrx_word' id='word_1_721' title='bbox 2351 2625 2389 2661; x_wconf 82' lang='grc' dir='ltr'>οὐ</span> 
     </span>
    </p>
   </div>
   <div class='ocr_carea' id='block_1_15' title="bbox 1371 2676 2391 2797">
    <p class='ocr_par' dir='ltr' id='par_1_16' title="bbox 1371 2676 2391 2797">
     <span class='ocr_line' id='line_1_107' title="bbox 1371 2676 2390 2734; baseline -0.007 -14"><span class='ocrx_word' id='word_1_722' title='bbox 1371 2681 1588 2734; x_wconf 69' lang='grc' dir='ltr'>προσέχομεν</span> <span class='ocrx_word' id='word_1_723' title='bbox 1609 2687 1678 2723; x_wconf 88' lang='grc' dir='ltr'>τοῖς</span> <span class='ocrx_word' id='word_1_724' title='bbox 1691 2679 1804 2731; x_wconf 81' lang='grc' dir='ltr'>λόγοις</span> <span class='ocrx_word' id='word_1_725' title='bbox 1820 2682 1879 2717; x_wconf 86' lang='grc' dir='ltr'>τοῦ</span> <span class='ocrx_word' id='word_1_726' title='bbox 1901 2677 2028 2729; x_wconf 81' lang='grc' dir='ltr'>Κυρίου</span> <span class='ocrx_word' id='word_1_727' title='bbox 2053 2677 2230 2728; x_wconf 82' lang='grc' dir='ltr'>λέγοντος,</span> <span class='ocrx_word' id='word_1_728' title='bbox 2252 2676 2390 2714; x_wconf 84' lang='grc' dir='ltr'>Γίνεσθε</span> 
     </span>
     <span class='ocr_line' id='line_1_108' title="bbox 1371 2728 2391 2789; baseline -0.007 -17"><span class='ocrx_word' id='word_1_729' title='bbox 1371 2735 1522 2789; x_wconf 48' lang='grc' dir='ltr'>ἕτοιμοι,</span> <span class='ocrx_word' id='word_1_730' title='bbox 1561 2733 1718 2780; x_wconf 70' lang='grc' dir='ltr'>δηλονότι</span> <span class='ocrx_word' id='word_1_731' title='bbox 1759 2733 1845 2784; x_wconf 83' lang='grc' dir='ltr'>πρὸς</span> <span class='ocrx_word' id='word_1_732' title='bbox 1878 2731 1940 2778; x_wconf 77' lang='grc' dir='ltr'>τὴν</span> <span class='ocrx_word' id='word_1_733' title='bbox 1974 2733 2125 2769; x_wconf 81' lang='grc' dir='ltr'>ἐντεῦθεν</span> <span class='ocrx_word' id='word_1_734' title='bbox 2169 2728 2391 2778; x_wconf 72' lang='grc' dir='ltr'>ἀποδημίαν,</span> 
     </span>
     <span class='ocr_line' id='line_1_109' title="bbox 1754 2785 1760 2797; baseline 0 0"><span class='ocrx_word' id='word_1_735' title='bbox 1754 2785 1760 2797; x_wconf 66' lang='grc' dir='ltr'><em>Ι</em></span> 
     </span>
    </p>
   </div>
   <div class='ocr_carea' id='block_1_16' title="bbox 1373 2782 2391 2887">
    <p class='ocr_par' dir='ltr' id='par_1_17' title="bbox 1373 2782 2391 2887">
     <span class='ocr_line' id='line_1_110' title="bbox 1373 2782 2391 2837; baseline -0.007 -12"><span class='ocrx_word' id='word_1_736' title='bbox 1373 2790 1462 2826; x_wconf 80' lang='grc' dir='ltr'>Εἶτα</span> <span class='ocrx_word' id='word_1_737' title='bbox 1491 2792 1549 2825; x_wconf 85' lang='grc' dir='ltr'>τοῦ</span> <span class='ocrx_word' id='word_1_738' title='bbox 1572 2790 1689 2837; x_wconf 84' lang='grc' dir='ltr'>κριτοῦ</span> <span class='ocrx_word' id='word_1_739' title='bbox 1721 2801 1799 2823; x_wconf 67' lang='grc' dir='ltr'>τοτ.</span> <span class='ocrx_word' id='word_1_740' title='bbox 1835 2784 2027 2833; x_wconf 77' lang='grc' dir='ltr'>ἀνοίγοντος</span> <span class='ocrx_word' id='word_1_741' title='bbox 2055 2784 2116 2826; x_wconf 83' lang='grc' dir='ltr'>τὰς</span> <span class='ocrx_word' id='word_1_742' title='bbox 2146 2782 2304 2833; x_wconf 62' lang='grc' dir='ltr'>βίῦλους,</span> <span class='ocrx_word' id='word_1_743' title='bbox 2328 2782 2391 2818; x_wconf 82' lang='grc' dir='ltr'>οὐκ</span> 
     </span>
     <span class='ocr_line' id='line_1_111' title="bbox 1373 2834 2390 2887; baseline -0.009 -9"><span class='ocrx_word' id='word_1_744' title='bbox 1373 2841 1479 2883; x_wconf 75' lang='grc' dir='ltr'>ἄλλας</span> <span class='ocrx_word' id='word_1_745' title='bbox 1496 2840 1607 2885; x_wconf 76' lang='grc' dir='ltr'>ξένας,</span> <span class='ocrx_word' id='word_1_746' title='bbox 1621 2839 1660 2881; x_wconf 77' lang='grc' dir='ltr'>ἃς</span> <span class='ocrx_word' id='word_1_747' title='bbox 1679 2839 1741 2876; x_wconf 81' lang='grc' dir='ltr'>οὐκ</span> <span class='ocrx_word' id='word_1_748' title='bbox 1758 2839 1925 2887; x_wconf 81' lang='grc' dir='ltr'>ἔγνωμεν,</span> <span class='ocrx_word' id='word_1_749' title='bbox 1953 2836 2041 2874; x_wconf 75' lang='grc' dir='ltr'>ἀλλὰ</span> <span class='ocrx_word' id='word_1_750' title='bbox 2058 2834 2188 2877; x_wconf 86' lang='grc' dir='ltr'>ταύτας</span> <span class='ocrx_word' id='word_1_751' title='bbox 2202 2865 2211 2881; x_wconf 97' lang='grc'>,</span> <span class='ocrx_word' id='word_1_752' title='bbox 2234 2834 2273 2875; x_wconf 84' lang='grc' dir='ltr'>ἃς</span> <span class='ocrx_word' id='word_1_753' title='bbox 2289 2848 2390 2882; x_wconf 87' lang='grc' dir='ltr'>περι-</span> 
     </span>
    </p>
   </div>
   <div class='ocr_carea' id='block_1_17' title="bbox 1372 2884 2389 2946">
    <p class='ocr_par' dir='ltr' id='par_1_18' title="bbox 1372 2884 2389 2946">
     <span class='ocr_line' id='line_1_112' title="bbox 1372 2884 2389 2946; baseline -0.011 -15"><span class='ocrx_word' id='word_1_754' title='bbox 1372 2894 1519 2946; x_wconf 74' lang='grc' dir='ltr'>φέρομεν</span> <span class='ocrx_word' id='word_1_755' title='bbox 1540 2892 1599 2930; x_wconf 81' lang='grc' dir='ltr'>καὶ</span> <span class='ocrx_word' id='word_1_756' title='bbox 1615 2894 1692 2928; x_wconf 74' lang='grc' dir='ltr'>καθ’</span> <span class='ocrx_word' id='word_1_757' title='bbox 1714 2890 1863 2935; x_wconf 83' lang='grc' dir='ltr'>ἑκάστην</span> <span class='ocrx_word' id='word_1_758' title='bbox 1891 2888 2170 2938; x_wconf 80' lang='grc' dir='ltr'>ἀναγινώσκομεν</span> <span class='ocrx_word' id='word_1_759' title='bbox 2188 2886 2245 2923; x_wconf 80' lang='grc' dir='ltr'>καὶ</span> <span class='ocrx_word' id='word_1_760' title='bbox 2267 2884 2389 2922; x_wconf 82' lang='grc' dir='ltr'>ἀκούο-</span> 
     </span>
    </p>
   </div>
   <div class='ocr_carea' id='block_1_18' title="bbox 1374 2937 2388 2996">
    <p class='ocr_par' dir='ltr' id='par_1_19' title="bbox 1374 2937 2388 2996">
     <span class='ocr_line' id='line_1_113' title="bbox 1374 2937 2388 2996; baseline -0.011 -13"><span class='ocrx_word' id='word_1_761' title='bbox 1374 2962 1448 2996; x_wconf 90' lang='grc' dir='ltr'>μεν,</span> <span class='ocrx_word' id='word_1_762' title='bbox 1471 2943 1691 2986; x_wconf 77' lang='grc' dir='ltr'>δεικνυούσας</span> <span class='ocrx_word' id='word_1_763' title='bbox 1709 2946 1792 2991; x_wconf 78' lang='grc' dir='ltr'>ἡμῖν</span> <span class='ocrx_word' id='word_1_764' title='bbox 1812 2942 1903 2980; x_wconf 76' lang='grc' dir='ltr'>κατὰ</span> <span class='ocrx_word' id='word_1_765' title='bbox 1926 2948 2040 2978; x_wconf 75' lang='grc' dir='ltr'>πᾶσαν</span> <span class='ocrx_word' id='word_1_766' title='bbox 2063 2939 2175 2976; x_wconf 78' lang='grc' dir='ltr'>αἰτίαν</span> <span class='ocrx_word' id='word_1_767' title='bbox 2194 2937 2258 2983; x_wconf 75' lang='grc' dir='ltr'>τὴν</span> <span class='ocrx_word' id='word_1_768' title='bbox 2278 2940 2388 2989; x_wconf 81' lang='grc' dir='ltr'>ἀσφα-</span> 
     </span>
    </p>
   </div>
   <div class='ocr_carea' id='block_1_19' title="bbox 1371 2991 2391 3045">
    <p class='ocr_par' dir='ltr' id='par_1_20' title="bbox 1371 2991 2391 3045">
     <span class='ocr_line' id='line_1_114' title="bbox 1371 2991 2391 3045; baseline -0.01 -9"><span class='ocrx_word' id='word_1_769' title='bbox 1371 3000 1415 3044; x_wconf 74' lang='grc' dir='ltr'>λῆ</span> <span class='ocrx_word' id='word_1_770' title='bbox 1434 2997 1493 3035; x_wconf 80' lang='grc' dir='ltr'>καὶ</span> <span class='ocrx_word' id='word_1_771' title='bbox 1511 2997 1625 3042; x_wconf 80' lang='grc' dir='ltr'>πάσης</span> <span class='ocrx_word' id='word_1_772' title='bbox 1647 2997 1786 3041; x_wconf 69' lang='grc' dir='ltr'>ἐντολῆς</span> <span class='ocrx_word' id='word_1_773' title='bbox 1806 2992 1970 3045; x_wconf 78' lang='grc' dir='ltr'>ἐργασίαν</span> <span class='ocrx_word' id='word_1_774' title='bbox 1984 3008 1991 3015; x_wconf 93' lang='grc'>·</span> <span class='ocrx_word' id='word_1_775' title='bbox 2009 2992 2043 3029; x_wconf 88' lang='grc' dir='ltr'>τί</span> <span class='ocrx_word' id='word_1_776' title='bbox 2062 2991 2103 3037; x_wconf 78' lang='grc' dir='ltr'>δὴ</span> <span class='ocrx_word' id='word_1_777' title='bbox 2125 2992 2391 3042; x_wconf 75' lang='grc' dir='ltr'>ἀποκριθῶμεν,</span> 
     </span>
    </p>
   </div>
   <div class='ocr_carea' id='block_1_20' title="bbox 1373 3042 2391 3097">
    <p class='ocr_par' dir='ltr' id='par_1_21' title="bbox 1373 3042 2391 3097">
     <span class='ocr_line' id='line_1_115' title="bbox 1373 3042 2391 3097; baseline -0.01 -9"><span class='ocrx_word' id='word_1_778' title='bbox 1373 3054 1446 3092; x_wconf 84' lang='grc' dir='ltr'>πῶς</span> <span class='ocrx_word' id='word_1_779' title='bbox 1474 3049 1514 3096; x_wconf 72' lang='grc' dir='ltr'>δὴ</span> <span class='ocrx_word' id='word_1_780' title='bbox 1548 3049 1710 3097; x_wconf 82' lang='grc' dir='ltr'>λάθωμεν</span> <span class='ocrx_word' id='word_1_781' title='bbox 1745 3047 1822 3090; x_wconf 70' lang='grc' dir='ltr'>τοὺς</span> <span class='ocrx_word' id='word_1_782' title='bbox 1851 3047 1934 3097; x_wconf 91' lang='grc' dir='ltr'>παρ’</span> <span class='ocrx_word' id='word_1_783' title='bbox 1962 3048 2063 3094; x_wconf 67' lang='grc' dir='ltr'>ἡμῶν</span> <span class='ocrx_word' id='word_1_784' title='bbox 2087 3044 2311 3094; x_wconf 69' lang='grc' dir='ltr'>διωχθέντας,</span> <span class='ocrx_word' id='word_1_785' title='bbox 2332 3042 2391 3079; x_wconf 82' lang='grc' dir='ltr'>καὶ</span> 
     </span>
    </p>
   </div>
   <div class='ocr_carea' id='block_1_21' title="bbox 1374 3095 2392 3166">
    <p class='ocr_par' dir='ltr' id='par_1_22' title="bbox 1374 3095 2392 3166">
     <span class='ocr_line' id='line_1_116' title="bbox 1374 3095 2392 3154; baseline -0.009 -14"><span class='ocrx_word' id='word_1_786' title='bbox 1374 3104 1507 3154; x_wconf 78' lang='grc' dir='ltr'>ἑτέρους</span> <span class='ocrx_word' id='word_1_787' title='bbox 1533 3100 1841 3152; x_wconf 56' lang='grc' dir='ltr'>περιφρον·ι’,θε’ντας</span> <span class='ocrx_word' id='word_1_788' title='bbox 1885 3098 1943 3135; x_wconf 81' lang='grc' dir='ltr'>καὶ</span> <span class='ocrx_word' id='word_1_789' title='bbox 1979 3097 2094 3135; x_wconf 79' lang='grc' dir='ltr'>πολλὰ</span> <span class='ocrx_word' id='word_1_790' title='bbox 2129 3095 2223 3133; x_wconf 84' lang='grc' dir='ltr'>δεινὰ</span> <span class='ocrx_word' id='word_1_791' title='bbox 2262 3096 2392 3132; x_wconf 84' lang='grc' dir='ltr'>παθόν-</span> 
     </span>
     <span class='ocr_line' id='line_1_117' title="bbox 1686 3153 1712 3166; baseline 0.038 -1"><span class='ocrx_word' id='word_1_792' title='bbox 1686 3153 1712 3166; x_wconf 46' lang='lat' dir='ltr'>&#39;Nl</span> 
     </span>
    </p>
   </div>
   <div class='ocr_carea' id='block_1_22' title="bbox 1373 3150 2391 3204">
    <p class='ocr_par' dir='ltr' id='par_1_23' title="bbox 1373 3150 2391 3204">
     <span class='ocr_line' id='line_1_118' title="bbox 1373 3150 2391 3204; baseline -0.008 -11"><span class='ocrx_word' id='word_1_793' title='bbox 1373 3173 1456 3201; x_wconf 80' lang='grc' dir='ltr'>τας,</span> <span class='ocrx_word' id='word_1_794' title='bbox 1494 3154 1646 3204; x_wconf 84' lang='grc' dir='ltr'>μάλιστα</span> <span class='ocrx_word' id='word_1_795' title='bbox 1683 3169 1717 3191; x_wconf 76' lang='grc' dir='ltr'>οε</span> <span class='ocrx_word' id='word_1_796' title='bbox 1749 3150 1896 3197; x_wconf 71' lang='grc' dir='ltr'>πλησίον</span> <span class='ocrx_word' id='word_1_797' title='bbox 1925 3155 1984 3188; x_wconf 88' lang='grc' dir='ltr'>τοῦ</span> <span class='ocrx_word' id='word_1_798' title='bbox 2018 3153 2134 3201; x_wconf 88' lang='grc' dir='ltr'>κριτοῦ</span> <span class='ocrx_word' id='word_1_799' title='bbox 2166 3152 2391 3199; x_wconf 84' lang='grc' dir='ltr'>παρεστῶτας</span> 
     </span>
    </p>
   </div>
   <div class='ocr_carea' id='block_1_23' title="bbox 1371 3199 2390 3359">
    <p class='ocr_par' dir='ltr' id='par_1_24' title="bbox 1371 3199 2390 3359">
     <span class='ocr_line' id='line_1_119' title="bbox 1373 3199 2390 3258; baseline -0.01 -12"><span class='ocrx_word' id='word_1_800' title='bbox 1373 3209 1431 3246; x_wconf 81' lang='grc' dir='ltr'>καὶ</span> <span class='ocrx_word' id='word_1_801' title='bbox 1466 3210 1628 3258; x_wconf 83' lang='grc' dir='ltr'>βοῶντας,</span> <span class='ocrx_word' id='word_1_802' title='bbox 1658 3205 1853 3249; x_wconf 71' lang='grc' dir='ltr'>ἐκδίκησον,</span> <span class='ocrx_word' id='word_1_803' title='bbox 1879 3203 1996 3252; x_wconf 73' lang='grc' dir='ltr'>Κύριε,</span> <span class='ocrx_word' id='word_1_804' title='bbox 2013 3206 2106 3252; x_wconf 71' lang='grc' dir='ltr'>ἡμᾶς</span> <span class='ocrx_word' id='word_1_805' title='bbox 2136 3201 2274 3240; x_wconf 83' lang='grc' dir='ltr'>λοιπόν·</span> <span class='ocrx_word' id='word_1_806' title='bbox 2302 3199 2390 3242; x_wconf 82' lang='grc' dir='ltr'>Θεὸς</span> 
     </span>
     <span class='ocr_line' id='line_1_120' title="bbox 1371 3257 1879 3313; baseline -0.012 -14"><span class='ocrx_word' id='word_1_807' title='bbox 1371 3262 1438 3313; x_wconf 80' lang='grc' dir='ltr'>γὰρ</span> <span class='ocrx_word' id='word_1_808' title='bbox 1458 3259 1668 3304; x_wconf 69' lang='grc' dir='ltr'>ἐκδικήσεων</span> <span class='ocrx_word' id='word_1_809' title='bbox 1694 3257 1879 3308; x_wconf 70' lang='grc' dir='ltr'>ὑπάρχεις,</span> 
     </span>
     <span class='ocr_line' id='line_1_121' title="bbox 1371 3304 2389 3359; baseline -0.011 -8"><span class='ocrx_word' id='word_1_810' title='bbox 1371 3316 1538 3357; x_wconf 69' lang='grc' dir='ltr'>ποιῆσαι,</span> <span class='ocrx_word' id='word_1_811' title='bbox 1573 3310 1713 3357; x_wconf 83' lang='grc' dir='ltr'>εἴπατε,</span> <span class='ocrx_word' id='word_1_812' title='bbox 1742 3310 1773 3347; x_wconf 83' lang='grc' dir='ltr'>εἴ</span> <span class='ocrx_word' id='word_1_813' title='bbox 1808 3324 1841 3345; x_wconf 91' lang='grc' dir='ltr'>τι</span> <span class='ocrx_word' id='word_1_814' title='bbox 1874 3309 2004 3347; x_wconf 70' lang='grc' dir='ltr'>οἴδατε·</span> <span class='ocrx_word' id='word_1_815' title='bbox 2040 3310 2086 3350; x_wconf 84' lang='grc' dir='ltr'>ὡς</span> <span class='ocrx_word' id='word_1_816' title='bbox 2125 3306 2192 3359; x_wconf 76' lang='grc' dir='ltr'>γὰρ</span> <span class='ocrx_word' id='word_1_817' title='bbox 2230 3309 2247 3344; x_wconf 85' lang='grc' dir='ltr'>ὃ</span> <span class='ocrx_word' id='word_1_818' title='bbox 2289 3304 2389 3354; x_wconf 87' lang='grc' dir='ltr'>λόγος</span> 
     </span>
    </p>
   </div>
   <div class='ocr_carea' id='block_1_24' title="bbox 1909 3252 2388 3293">
    <p class='ocr_par' dir='ltr' id='par_1_25' title="bbox 1909 3252 2388 3293">
     <span class='ocr_line' id='line_1_122' title="bbox 1909 3252 2388 3293; baseline -0.01 0"><span class='ocrx_word' id='word_1_819' title='bbox 1909 3256 2082 3293; x_wconf 71' lang='grc' dir='ltr'>Δέσποτα.</span> <span class='ocrx_word' id='word_1_820' title='bbox 2104 3254 2150 3292; x_wconf 88' lang='grc' dir='ltr'>Τί</span> <span class='ocrx_word' id='word_1_821' title='bbox 2170 3253 2290 3291; x_wconf 80' lang='grc' dir='ltr'>λοιπὸν</span> <span class='ocrx_word' id='word_1_822' title='bbox 2320 3252 2388 3290; x_wconf 75' lang='grc' dir='ltr'>ἔδει</span> 
     </span>
    </p>
   </div>
   <div class='ocr_carea' id='block_1_25' title="bbox 1496 3364 1510 3379">
    <p class='ocr_par' dir='ltr' id='par_1_26' title="bbox 1496 3364 1510 3379">
     <span class='ocr_line' id='line_1_123' title="bbox 1496 3364 1510 3379; baseline 0 -6"><span class='ocrx_word' id='word_1_823' title='bbox 1496 3364 1510 3379; x_wconf 58' lang='lat' dir='ltr'><em>r</em></span> 
     </span>
    </p>
   </div>
   <div class='ocr_carea' id='block_1_26' title="bbox 323 3360 2388 3422">
    <p class='ocr_par' dir='ltr' id='par_1_27' title="bbox 323 3360 2388 3422">
     <span class='ocr_line' id='line_1_124' title="bbox 323 3360 2388 3422; baseline -0.007 -14"><span class='ocrx_word' id='word_1_824' title='bbox 323 3381 469 3409; x_wconf 79' lang='lat' dir='ltr'>stratum</span> <span class='ocrx_word' id='word_1_825' title='bbox 490 3372 569 3416; x_wconf 87' lang='lat' dir='ltr'>fuit,</span> <span class='ocrx_word' id='word_1_826' title='bbox 592 3370 814 3422; x_wconf 83' lang='lat' dir='ltr'>impossibile</span> <span class='ocrx_word' id='word_1_827' title='bbox 830 3379 879 3407; x_wconf 86' lang='lat' dir='ltr'>cst</span> <span class='ocrx_word' id='word_1_828' title='bbox 903 3383 1027 3406; x_wconf 85' lang='lat' dir='ltr'>manus</span> <span class='ocrx_word' id='word_1_829' title='bbox 1048 3367 1187 3407; x_wconf 87' lang='lat' dir='ltr'>Judicis</span> <span class='ocrx_word' id='word_1_830' title='bbox 1206 3368 1299 3404; x_wconf 87' lang='lat' dir='ltr'>effu-</span> <span class='ocrx_word' id='word_1_831' title='bbox 1325 3376 1348 3405; x_wconf 86' lang='lat' dir='ltr'>B</span> <span class='ocrx_word' id='word_1_832' title='bbox 1372 3365 1561 3409; x_wconf 73' lang='grc' dir='ltr'>ἀπέδειςεν,</span> <span class='ocrx_word' id='word_1_833' title='bbox 1579 3363 1744 3400; x_wconf 70' lang='grc' dir='ltr'>ἀδύνατον</span> <span class='ocrx_word' id='word_1_834' title='bbox 1763 3361 1822 3405; x_wconf 75' lang='grc' dir='ltr'>τὰς</span> <span class='ocrx_word' id='word_1_835' title='bbox 1836 3367 1955 3413; x_wconf 74' lang='grc' dir='ltr'>χεῖρας</span> <span class='ocrx_word' id='word_1_836' title='bbox 1971 3364 2029 3398; x_wconf 85' lang='grc' dir='ltr'>τοῦ</span> <span class='ocrx_word' id='word_1_837' title='bbox 2051 3364 2169 3411; x_wconf 87' lang='grc' dir='ltr'>κριτοῦ</span> <span class='ocrx_word' id='word_1_838' title='bbox 2190 3360 2366 3408; x_wconf 79' lang='grc' dir='ltr'>διαφυγεῖν</span> <span class='ocrx_word' id='word_1_839' title='bbox 2381 3370 2388 3376; x_wconf 92' lang='grc'><em>“</em></span> 
     </span>
    </p>
   </div>
   <div class='ocr_carea' id='block_1_27' title="bbox 323 3420 1301 3473">
    <p class='ocr_par' dir='ltr' id='par_1_28' title="bbox 323 3420 1301 3473">
     <span class='ocr_line' id='line_1_125' title="bbox 323 3420 1301 3473; baseline -0.005 -12"><span class='ocrx_word' id='word_1_840' title='bbox 323 3438 418 3473; x_wconf 81' lang='lat' dir='ltr'>gere,</span> <span class='ocrx_word' id='word_1_841' title='bbox 439 3433 471 3461; x_wconf 89' lang='lat' dir='ltr'>et</span> <span class='ocrx_word' id='word_1_842' title='bbox 487 3424 616 3461; x_wconf 80' lang='lat' dir='ltr'>scimus</span> <span class='ocrx_word' id='word_1_843' title='bbox 634 3422 723 3459; x_wconf 86' lang='lat' dir='ltr'>nihil</span> <span class='ocrx_word' id='word_1_844' title='bbox 747 3436 826 3459; x_wconf 88' lang='lat' dir='ltr'>eum</span> <span class='ocrx_word' id='word_1_845' title='bbox 845 3422 962 3460; x_wconf 87' lang='lat' dir='ltr'>latere.</span> <span class='ocrx_word' id='word_1_846' title='bbox 985 3422 1076 3458; x_wconf 66' lang='lat' dir='ltr'>Nam</span> <span class='ocrx_word' id='word_1_847' title='bbox 1095 3429 1127 3458; x_wconf 88' lang='lat' dir='ltr'>et</span> <span class='ocrx_word' id='word_1_848' title='bbox 1147 3420 1301 3457; x_wconf 86' lang='lat' dir='ltr'>infernus</span> 
     </span>
    </p>
   </div>
   <div class='ocr_carea' id='block_1_28' title="bbox 1372 3410 2390 3464">
    <p class='ocr_par' dir='ltr' id='par_1_29' title="bbox 1372 3410 2390 3464">
     <span class='ocr_line' id='line_1_126' title="bbox 1372 3410 2390 3464; baseline -0.006 -8"><span class='ocrx_word' id='word_1_849' title='bbox 1372 3418 1430 3456; x_wconf 68' lang='grc' dir='ltr'>καὶ</span> <span class='ocrx_word' id='word_1_850' title='bbox 1445 3416 1497 3455; x_wconf 75' lang='grc' dir='ltr'>ὅτι</span> <span class='ocrx_word' id='word_1_851' title='bbox 1518 3416 1611 3454; x_wconf 67' lang='grc' dir='ltr'>οὐδὲν</span> <span class='ocrx_word' id='word_1_852' title='bbox 1634 3415 1734 3453; x_wconf 67' lang='grc' dir='ltr'>αὐτὸν</span> <span class='ocrx_word' id='word_1_853' title='bbox 1753 3415 1915 3452; x_wconf 81' lang='grc' dir='ltr'>λανθάνει</span> <span class='ocrx_word' id='word_1_854' title='bbox 1929 3414 2102 3464; x_wconf 60' lang='grc' dir='ltr'>ἔγνιιψεν·</span> <span class='ocrx_word' id='word_1_855' title='bbox 2124 3411 2175 3450; x_wconf 79' lang='grc' dir='ltr'>ὅτι</span> <span class='ocrx_word' id='word_1_856' title='bbox 2196 3411 2256 3450; x_wconf 75' lang='grc' dir='ltr'>καὶ</span> <span class='ocrx_word' id='word_1_857' title='bbox 2275 3410 2390 3460; x_wconf 70' lang='grc' dir='ltr'>ὁᾷδης</span> 
     </span>
    </p>
   </div>
  </div>
 </body>
</html>
