2502 3810
360 242 450 294 762
800 255 838 285 s,
876 256 1061 286 Joxxxis
1099 255 1339 284 cum'sosr.

355 350 441 373 rere.
465 333 618 381 Quando
639 333 733 369 enim
752 334 843 384 regis
863 335 1025 372 imminet
1043 334 1235 383 adventus,
1264 341 1341 371 tum

353 405 449 432 tanto
476 393 589 443 magis
617 407 691 430 sese
711 407 905 444 apparare,
927 404 1079 446 oportet,
1110 403 1242 445 quanto
1261 408 1347 445 pro-

357 455 438 505 pius
474 453 641 490 bravium
674 462 771 490 tanto
810 455 923 506 magis
952 469 1026 492 sese
1054 455 1209 492 excitare
1239 468 1345 506 opor-

356 526 406 553 tet
439 515 484 553 ad
515 516 717 553 certamina.
737 517 830 553 Nam
857 526 890 554 et
917 531 1078 555 cursores
1110 517 1180 554 hoc
1209 525 1345 567 agunt,

354 591 438 613 cum
472 576 516 612 ad
555 590 679 613 cursus
707 576 815 614 finem
851 577 1069 615 devenerunt
1087 607 1098 626 ,
1127 587 1161 614 et
1190 577 1236 614 ad
1263 578 1347 615 bra-

358 637 458 674 vium
484 635 754 687 accipiendum,
775 645 859 674 tune
883 637 997 689 magis
1021 638 1235 675 excitantur.
1262 638 1347 675 Ideo

352 699 467 748 dixit,
502 701 618 736 [Tunc
658 702 761 736 enim
796 703 954 751 propior
979 710 1034 738 est
1060 709 1193 739 nostra
1225 701 1345 747 salus,

1383 255 1588 288 ARCfflEP.
1629 254 1983 292 coxsrmTffiO'P.

1414 335 1481 388 γὰρ
1500 336 1538 374 ἂν
1553 341 1570 376 ὁ
1589 340 1750 389 βασιλεὺς
1766 341 1882 392 ε’γγίζῃ
1895 371 1904 388 ,
1924 340 2076 392 τοσούτῳ
2104 342 2233 390 μᾶλλον
2254 340 2304 376 δεῖ
2320 354 2437 391 παρα-

1415 396 1652 436 σκευάσασθαι
1666 415 1673 422 ·
1690 400 1759 451 ὅσῳ
1777 402 1907 450 μᾶλλον
1925 400 2025 451 ἐγγὺς
2040 401 2078 439 τὸ
2097 401 2270 453 βραδεῖον,
2288 399 2438 450 τοσούτῳ

1417 457 1548 505 μᾶλλον
1569 458 1795 510 διεγείρεσθαι
1810 460 1879 511 χρὴ
1902 461 1986 511 πρὸς
2005 460 2082 503 τοὺς
2099 463 2233 512 ἀγῶνας
2248 475 2255 482 ·
2278 458 2354 497 ἐπεὶ
2378 457 2437 495 καὶ

1416 519 1446 554 οἱ
1473 518 1612 569 δρομεῖς
1643 524 1742 558 τοῦτο
1768 526 1941 559 ποιοῦσιν·
1960 521 2041 559 ὅταν
2074 522 2158 574 πρὸς
2191 524 2241 573 τῷ
2262 520 2354 557 τέλει
2375 522 2435 556 τοῦ

1416 577 1544 628 δρόμου
1561 578 1723 628 γίνωνται
1743 581 1802 618 καὶ
1815 584 1857 631 τῇ
1873 584 1932 619 τοῦ
1951 580 2114 632 βραδείου
2128 581 2234 632 λήψει
2244 611 2254 627 ,
2268 579 2345 617 τότε
2360 579 2435 615 δια-

1415 636 1591 676 νίστανται
1612 641 1789 689 μειζόνως.
1809 641 1877 680 Διὰ
1892 646 1992 680 τοῦτο
2005 641 2102 692 ἔλεγε
2115 671 2124 688 ,
2142 643 2212 679 Νῦν
2242 640 2423 691 ἐγγύτερον

1415 699 1515 746 ἡμῶν
1534 701 1555 744 ἡ
1576 700 1750 750 σωτηρία,
1767 701 1789 746 ἢ
1814 701 1870 738 ὅτε
1891 701 2156 751 ἐπιστεύσαμεν.
2176 699 2223 738 ‘H
2252 699 2311 743 νὺξ
2330 697 2434 750 προέ-

351 773 469 811 quam
507 773 594 796 cum
633 760 876 797 credidimus.
908 763 969 798 12.
1006 763 1097 798 Zl'ox
1126 763 1402 812 praecessit,695
1415 759 1532 808 κοψεν,
1553 763 1575 805 ἡ
1597 759 1632 797 δὲ
1657 761 1774 812 ἡμέρα
1791 762 1946 812 ἤγγικεν.
1966 763 2098 799 Οὐκοῦν
2118 763 2146 798 εἰ
2165 759 2250 807 αὕτη
2281 759 2342 810 μὲν
2373 774 2433 796 τε-

346 821 427 857 dies
452 828 579 856 autem
615 823 953 870 appropinquavit.
983 821 1023 859 Si
1050 821 1162 878 igitur
1190 820 1252 857 illa
1280 820 1343 857 de·
1365 809 1390 836 A

346 880 443 929 sinit,
460 880 536 917 liaec
559 889 678 917 autem
696 881 959 932 appropinquat
980 899 988 927 3
1013 895 1092 932 quae
1121 881 1232 932 hujus
1260 889 1344 918 sunt

346 943 516 995 deinceps
536 944 718 990 faciamus,
735 957 805 980 non
828 959 904 994 quae
925 944 1037 982 illius.
1059 933 1159 982 Nam
1173 953 1205 982 et
1226 944 1261 981 in
1281 959 1346 982 sae-

346 1004 528 1040 cularibus
555 1004 662 1040 rebus
687 1004 735 1040 ita
768 1002 845 1040 fieri
875 1004 989 1041 solet:
1013 1013 1047 1041 et
1068 1018 1151 1041 eum
1178 1003 1346 1042 videmus

344 1073 482 1101 noctem
495 1063 539 1100 ad
554 1063 757 1101 diluculum
772 1078 979 1116 properare,
998 1073 1031 1101 et
1047 1073 1227 1101 canentem
1241 1064 1346 1101 audi-

345 1138 424 1161 mus
459 1122 710 1169 hirundinem,
737 1124 871 1175 singuli
892 1123 1097 1175 proximum
1121 1124 1340 1174 excitamus,

345 1184 427 1220 lieet
442 1183 559 1219 adhue.
579 1196 651 1219 nox
667 1197 736 1219 non
757 1183 966 1220 abscesserit
983 1198 990 1219 :
1012 1183 1074 1220 sed
1094 1197 1175 1220 cum
1195 1198 1343 1235 prorsus

346 1243 477 1293 desiit,
510 1257 678 1293 urgemus
710 1243 863 1293 denique
897 1252 1023 1280 mutuo
1057 1242 1213 1281 dicentes
1228 1273 1237 1291 ,
1257 1245 1339 1282 Jam

347 1303 422 1340 dics
446 1312 509 1351 est,
530 1312 563 1341 et
587 1303 716 1340 diurna
735 1317 841 1354 opera
861 1303 979 1340 omnia
999 1302 1253 1354 aggredimur,
1277 1318 1339 1341 as-

342 1364 468 1400 sumtis
496 1364 674 1410 vestibus,
697 1363 856 1400 excussis
884 1364 1031 1400 somniis
1051 1377 1249 1413 somnoque
1276 1363 1338 1401 de-

341 1424 461 1474 pulso,
482 1433 523 1461 ut
539 1438 602 1460 nos
615 1431 758 1474 paratos
774 1422 848 1460 dies
871 1423 1044 1471 inveniat,
1066 1437 1179 1472 neque
1198 1424 1335 1461 exortis

335 1483 412 1533 jam
432 1483 514 1520 solis
531 1482 655 1530 radiis,
678 1491 763 1519 tunc
781 1481 926 1519 demum
942 1482 1157 1534 incipiamus
1172 1497 1334 1533 surgere,

339 1553 371 1580 ct
395 1543 492 1594 operi
514 1557 659 1580 manum
685 1542 887 1580 admorere.
919 1542 1028 1588 Quod
1061 1543 1136 1580 illic
1157 1543 1333 1591 facimus,

338 1605 405 1641 1100
421 1605 495 1655 jam
517 1617 656 1654 quoque
676 1603 847 1640 faciamus
865 1603 1091 1655 :phantasias
1112 1618 1302 1653 exuamus,
1316 1619 1335 1642 a

339 1664 484 1701 somniis
511 1663 693 1716 praesentis
719 1663 803 1700 vitae
832 1677 1012 1710 eruamur,
1029 1664 1250 1716 profundum
1278 1679 1334 1702 so-

336 1738 459 1761 mnum
477 1724 710 1776 deponamus,
729 1733 761 1761 et
775 1738 842 1775 pro
868 1724 1089 1761 vestimentis
1117 1724 1252 1763 virtute
1278 1725 1332 1762 in-

338 1785 508 1823 duamur:
521 1785 598 1822 hrec
608 1786 741 1836 quippe
751 1785 869 1821 omnia
880 1784 1061 1822 declarans
1073 1785 1139 1822 ait:
1153 1785 1333 1837 Abjicia-

338 1860 421 1883 mus
437 1859 524 1897 ergo
540 1859 655 1896 opera
675 1847 918 1885 tenebrarum
930 1853 966 1882 et
981 1846 1192 1883 induamur
1213 1859 1328 1884 arma

339 1909 549 1945 licc‘is.Nan1
567 1906 613 1944 ad
629 1906 740 1943 aciem
760 1915 792 1943 et
812 1920 970 1957 pugnam
984 1906 1061 1943 dies
1077 1920 1140 1944 nos
1161 1906 1329 1945 advocat.

336 1972 475 2007 Yerum
492 1969 682 2014 netimeas,
696 1968 807 2005 aciem
821 1977 853 2005 et
868 1982 965 2005 arma
982 1968 1142 2006 audiens.
1154 1970 1196 2006 In
1214 1984 1330 2007 arma-

336 2039 417 2067 tura
437 2029 531 2067 enim
550 2029 708 2067 sensibili
729 2029 861 2065 durum
880 2038 931 2066 est
949 2038 980 2066 et
1004 2042 1152 2066 exosum
1176 2030 1328 2079 armari,

334 2089 395 2127 1110
414 2103 498 2127 vero
518 2089 749 2126 desiderabile
770 2088 997 2139 optabilcque
1015 2098 1065 2126 est
1085 2105 1092 2124 :
1114 2089 1204 2127 lucis
1225 2090 1320 2127 enim

335 2164 433 2187 arma
446 2159 542 2198 sunt;
555 2149 704 2200 ideoque
714 2148 813 2186 radio
826 2149 1104 2200 splendidiorem
1115 2159 1148 2187 te
1159 2150 1328 2201 reddunt,

334 2212 510 2260 fulgorem
531 2224 701 2260 magnum
719 2206 949 2256 emittentem,
972 2218 1005 2246 et
1021 2210 1056 2246 in
1073 2219 1148 2247 tuto
1168 2219 1200 2247 te
1215 2211 1326 2248 collo-

337 2280 414 2307 cant
437 2287 443 2306 :
461 2285 558 2307 arma
585 2270 678 2306 enim
697 2278 798 2316 sunt3
815 2278 848 2305 ct
867 2278 901 2306 te
929 2269 1123 2319 fulgentem
1152 2270 1324 2319 reddunt,

334 2330 425 2367 lucis
447 2339 569 2380 utpote
589 2343 699 2366 arma.
719 2328 819 2374 Quid
849 2329 957 2378 ergo?
976 2343 1092 2366 annon
1115 2344 1252 2382 necesse
1277 2339 1328 2367 est

335 2390 522 2441 pugnare?
543 2390 690 2426 Necesse
718 2388 863 2438 quidem
891 2397 942 2425 est
963 2402 1123 2439 pugnare
1139 2419 1148 2437 ,
1171 2389 1231 2426 sed
1258 2404 1327 2428 non

335 2451 522 2502 defatigari
545 2459 579 2487 et
598 2449 781 2487 laborare:
802 2463 912 2499 neque
928 2449 1021 2486 enim
1032 2450 1168 2487 bellum
1183 2460 1233 2488 est
1244 2451 1325 2501 hoe,

336 2510 397 2548 sed
415 2511 539 2548 chorea
557 2519 590 2548 et
605 2509 798 2547 celebritas.
821 2509 922 2546 Talis
937 2518 988 2546 est
1000 2510 1128 2547 horum
1144 2525 1327 2549 armorum

335 2581 459 2608 natura
475 2601 483 2618 ,
506 2571 585 2608 talis
627 2570 728 2608 ducis
766 2570 895 2607 virtus.
933 2573 983 2608 Ac
1021 2571 1322 2621 quemadmodum

334 2646 483 2683 sponsus
501 2645 520 2668 e
538 2631 695 2668 thalamo
716 2644 797 2667 cum
820 2630 977 2681 specioso
994 2631 1093 2668 cultu
1117 2633 1238 2683 prodit
1253 2649 1260 2669 :
1278 2634 1328 2671 sic

333 2701 367 2729 et
386 2692 446 2729 ille
465 2692 529 2742 qui
546 2692 603 2728 his
620 2691 778 2728 munitus
797 2700 847 2728 est
863 2691 990 2728 armis:
1007 2706 1090 2729 nam
1101 2694 1203 2731 miles
1222 2695 1329 2732 simul

335 2761 368 2790 et
385 2765 534 2804 sponsus
549 2760 610 2788 est.
642 2751 734 2788 Cum
749 2751 837 2788 dicit
855 2761 988 2799 autem,
1010 2753 1104 2791 Dies
1121 2759 1329 2806 appropin-

335 2817 482 2866 quavit,
502 2826 570 2851 non
591 2812 673 2850 sinit
693 2826 770 2849 eam
790 2826 900 2863 prope
915 2822 1054 2850 tantum
1068 2828 1153 2861 esse,
1179 2815 1241 2870 sed
1252 2817 1328 2867 jam

333 2875 450 2912 lucere
467 2883 569 2912 curat
589 2889 597 2909 z
614 2873 662 2910 ait
677 2874 771 2910 enim
789 2889 796 2909 :
815 2874 877 2910 15.
901 2874 1009 2911 Sicut
1026 2877 1067 2910 ἰη
1086 2876 1149 2913 die
1170 2878 1329 2916 honeste

335 2937 590 2974 ambulemus.
611 2936 692 2973 Jam
712 2935 806 2972 enim
821 2934 922 2972 adest
941 2934 1033 2972 dies.
1050 2936 1097 2973 Et
1120 2938 1165 2975 ab
1186 2938 1228 2976 iis
1249 2954 1326 2989 quae

1413 819 1540 870 λευτᾷ,
1560 820 1672 866 ἐκείνη
1705 820 1742 859 δὲ
1768 822 1973 867 πλησιάζει·
1993 822 2037 860 τὰ
2062 821 2194 868 ἐκείνης
2222 820 2432 871 πράττωμεν

1412 879 1545 925 λοιπὸν,
1567 879 1614 928 μὴ
1636 879 1681 917 τὰ
1699 880 1840 926 ταύτης.
1862 882 1932 919 Καὶ
1951 881 2019 933 γὰρ
2038 881 2098 919 καὶ
2114 883 2148 918 ἐν
2169 886 2238 923 τοῖς
2260 882 2434 930 βιωτικοῖς

1413 941 1514 977 τοῦτο
1527 939 1680 988 γίνεται·
1700 941 1758 978 καὶ
1772 942 1852 979 ὅταν
1868 941 1995 992 ἴδωμεν
2012 943 2097 994 πρὸς
2113 942 2230 994 ὄρθρον
2247 940 2310 986 τὴν
2327 938 2434 977 νύκτα

1413 1000 1654 1051 ἐπειγομένην,
1674 1002 1733 1039 καὶ
1761 1002 1936 1053 χελιδόνος
1964 1002 2110 1053 ᾀδούσης
2138 1001 2354 1050 ἀκούσωμεν,
2374 999 2433 1036 τὸν

1412 1060 1558 1105 πλησίον
1575 1061 1719 1105 ἕκαστος
1736 1062 1962 1114 διεγείρομεν,
1977 1062 2090 1100 καίτοι
2110 1078 2150 1113 γε
2166 1061 2217 1099 ἔτι
2232 1063 2295 1106 τ’ἧς
2313 1059 2434 1102 νυκτὸς

1412 1120 1535 1168 οὔσης·
1557 1124 1633 1160 ἀλλ’
1653 1123 1773 1169 ἐπειδὴ
1789 1123 1908 1161 λοιπὸν
1930 1123 2079 1170 ἄπεισιν,
2101 1127 2115 1142 ³
2128 1121 2339 1172 ἐπειγόμεθα
2359 1122 2432 1158 λοι-

1409 1182 1473 1219 πον
1494 1183 1650 1234 λέγοντες
1670 1185 1851 1231 ἀλλήλοις,
1871 1183 1923 1221 ὅτι
1941 1183 2056 1234 ἡμέρα
2075 1182 2195 1233 γέγονε
2207 1213 2216 1229 ,
2231 1182 2289 1219 καὶ
2309 1180 2352 1218 τὰ
2367 1182 2432 1226 τῆς

1407 1243 1541 1295 ἡμέρας
1562 1244 1701 1282 ἅπαντα
1732 1245 1944 1296 πράττομεν,
1973 1243 2170 1292 ἐνδυόμενοι
2202 1242 2261 1279 καὶ
2289 1240 2428 1292 ὀνείρων

1407 1305 1708 1355 ἀπαλλαττόμενοι
1741 1306 1799 1342 καὶ
1830 1305 1935 1343 ὕπνον
1969 1304 2250 1356 διακρουόμενοι,
2271 1303 2327 1340 ἵνα
2360 1317 2429 1339 πα-

1407 1366 1698 1415 ρεσκευασμένους
1722 1370 1743 1411 ἡ
1775 1366 1892 1416 ἡμέρα
1921 1365 2023 1417 εὕρῃ,
2045 1365 2102 1402 καὶ
2137 1363 2185 1414 μὴ
2218 1363 2429 1415 ἀνισχούσης

1406 1425 1542 1467 ἀκτῖνος
1560 1425 1636 1462 τότε
1657 1425 1843 1476 ἀρξώμεθα
1859 1425 2063 1462 ἀνίστασθαι
2075 1424 2133 1461 καὶ
2150 1423 2426 1461 *διατείνασθαμ

1404 1483 1523 1536 “Oa-:sp
1542 1480 1599 1522 οἶν
1621 1487 1690 1523 ἐκεῖ
1719 1488 1899 1534 ποιοῦμεν,
1918 1489 2018 1522 τοῦτο
2039 1484 2099 1522 καὶ
2120 1485 2268 1521 ἐνταῦθα
2289 1482 2427 1534 πράξιο-

1407 1560 1467 1595 μεν
1483 1560 1490 1568 ·
1506 1546 1761 1596 ἀποδυσώμεθα
1777 1545 1838 1588 τὰς
1852 1544 2043 1597 φαντασίας
2056 1576 2065 1592 ,
2082 1546 2342 1594 ἀπαλλαγῶμεν
2359 1546 2427 1581 τῶν

1411 1607 1420 1618 a
1446 1621 1458 1628 ,-
1511 1606 1541 1628 t-
1648 1610 1669 1618 ω
1779 1605 1787 1617 ι
1809 1622 1827 1628 -
1912 1606 1919 1618 r
2012 1608 2053 1628 9-
2108 1605 2116 1618 r
2255 1604 2264 1617 x
2389 1604 2399 1619 x

1357 1616 1379 1644 Β
1405 1620 1589 1656 ονειραιων
1609 1621 1668 1644 του
1694 1621 1863 1658 παρονιος
1885 1609 1958 1657 βιου
1973 1636 1982 1652 ,
2003 1608 2215 1655 αηοθωμεθα
2233 1620 2290 1642 τον
2321 1607 2426 1655 βαθυν

1404 1665 1520 1714 ὕπνον,
1546 1667 1605 1704 καὶ
1638 1666 1858 1717 ἐνδυσώμεθα
1892 1666 1968 1703 ἀντὶ
2003 1665 2152 1715 ἱματίων
2174 1665 2236 1711 τὴν
2274 1664 2400 1716 ἀρετήν
2421 1679 2428 1687 ·

1403 1732 1512 1766 ταῦτα
1541 1727 1609 1779 γὰρ
1632 1728 1770 1765 ἅπαντα
1801 1728 1914 1774 δηλῶν
1943 1726 2072 1777 ἔλεγεν,
2102 1725 2328 1776 Ἀποθώμεθα
2347 1729 2427 1776 γοῦν

1401 1786 1446 1824 τὰ
1471 1788 1555 1841 ἔργα
1574 1792 1633 1825 τοῦ
1654 1788 1795 1832 σκότους
1811 1818 1820 1835 ,
1841 1788 1899 1825 καὶ
1931 1787 2151 1837 ἐνδυσώμεθα
2171 1786 2216 1824 τὰ
2241 1786 2334 1825 ὅπλα
2364 1788 2424 1823 τοῦ

1402 1850 1525 1902 φωτός.
1545 1850 1615 1887 Καὶ
1637 1849 1705 1902 γὰρ
1731 1851 1816 1901 πρὸς
1834 1849 2027 1901 παράταξιν
2046 1849 2105 1886 καὶ
2118 1848 2245 1900 μάχην
2265 1850 2286 1893 ἠ
2307 1847 2424 1898 ἡμέρα

1401 1913 1494 1960 ἡμᾶς
1528 1913 1641 1949 καλεῖ.
1665 1910 1767 1948 Ἀλλὰ
1797 1910 1845 1961 μὴ
1878 1910 1992 1961 δείσῃς
2025 1909 2217 1960 παράταξιν
2244 1909 2304 1946 καὶ
2331 1909 2424 1946 ὅπλα

1401 1971 1562 2014 ἀκούσας.
1584 1971 1668 2009 Ἐπὶ
1698 1971 1759 2021 μὲν
1791 1971 1859 2023 γὰρ
1887 1969 1980 2016 1’τῆς
2006 1972 2175 2016 αἷσθητῆς
2207 1969 2420 2021 παντευχίας

1402 2031 1488 2082 βαρὺ
1509 2031 1567 2069 καὶ
1587 2032 1756 2069 ἀπευκτὸν
1775 2032 1814 2070 τὸ
1835 2031 2054 2078 ὁπλίζεσθαι,
2077 2033 2223 2069 ἐνταῦθα
2250 2029 2285 2067 δὲ
2308 2028 2423 2068 ποθει-

1399 2091 1454 2128 νὸν
1483 2091 1541 2128 καὶ
1563 2093 1667 2142 εὐχῆς
1698 2091 1790 2135 ἄξιον
1805 2107 1812 2114 ·
1834 2091 1944 2143 φωτὸς
1972 2091 2040 2144 γάρ
2061 2093 2134 2128 ἐστι
2166 2090 2211 2128 τὰ
2231 2089 2324 2128 ὅπλα
2338 2105 2345 2113 ·
2367 2091 2419 2128 διὸ

1399 2151 1458 2188 καὶ
1486 2154 1547 2197 τῆς
1578 2155 1714 2196 ἀκτῖνος
1744 2151 1986 2204 λαμπρότερόν
2008 2167 2045 2189 σε
2079 2150 2263 2203 ἀποφαίνει
2285 2151 2418 2197 πολλὴν

1399 2211 1542 2263 ἀφιέντα
1561 2212 1623 2259 τὴν
1644 2212 1843 2265 ἀστραπὴν,
1864 2212 1923 2250 καὶ
1946 2214 1979 2249 ἐν
2001 2211 2174 2263 ἀσφαλείᾳ
2193 2227 2230 2248 σε
2253 2210 2420 2257 καθίστη-

1399 2286 1452 2307 σιν
1469 2287 1476 2293 ·
1494 2271 1585 2309 ὅπλα
1604 2274 1671 2323 γάρ
1688 2274 1761 2310 ἐστι
1773 2288 1781 2295 ·
1799 2272 1857 2310 καὶ
1873 2272 2165 2322 καταλάμπεσθαι
2179 2277 2291 2309 ποιεῖ·
2306 2272 2418 2322 φωτὸς

1433 2330 1441 2342 1
1489 2332 1498 2344 ³
1603 2332 1618 2346 <e
1745 2332 1770 2345 w
1803 2326 1822 2346 ’ζ’
1903 2334 1911 2346 a
1965 2334 1974 2345 a
2013 2331 2021 2343 r
2156 2332 2167 2343 π
2243 2337 2256 2342 ψ
2299 2331 2309 2343 ⁷
2370 2331 2378 2343 t

1351 2342 1374 2371 C
1397 2347 1464 2381 γαρ
1484 2347 1578 2368 εστιν
1599 2334 1702 2369 οπλα.
1723 2334 1769 2368 'lt
1785 2347 1860 2378 ow,
1880 2347 1940 2368 ουκ
1956 2347 2090 2382 αναγκη
2108 2344 2288 2380 πολεμειν,
2306 2334 2419 2382 Αναγ-

1398 2406 1442 2436 κη
1465 2391 1525 2441 μὲν
1551 2394 1729 2442 πολεμεῖν,
1742 2394 1779 2430 οὐ
1796 2391 1864 2441 μὴν
1884 2394 2180 2443 ταλαιπωρεῖσθαι
2205 2392 2265 2429 καὶ
2286 2398 2419 2430 πονεῖν·

1397 2451 1473 2489 οὐδὲ
1492 2451 1559 2502 γὰρ
1579 2452 1729 2502 πόλεμος
1746 2452 1846 2490 τοῦτο’
1864 2453 1970 2498 ἐστιν,
1987 2452 2077 2489 ἀλλὰ
2090 2452 2211 2503 χορεία
2231 2453 2291 2490 καὶ
2307 2452 2421 2498 πανή-

1396 2527 1504 2563 γυρις.
1525 2513 1680 2559 Τοιαύτη
1697 2518 1711 2532 ⁰
1726 2516 1793 2550 τῶν
1817 2512 1931 2550 ὅπλων
1952 2511 2080 2549 τούτων
2095 2516 2117 2558 ἡ
2139 2512 2240 2563 φύσις
2251 2541 2261 2558 ,
2274 2512 2418 2560 τοιαύτη

1396 2575 1418 2618 ἡ
1456 2576 1514 2610 τοῦ
1549 2576 1745 2624 στρατηγοῦ
1778 2572 1932 2622 δύναμις.
1973 2572 2042 2609 Καὶ
2077 2572 2235 2626 καθάπερ
2274 2573 2420 2624 νυμφίος

1396 2633 1698 2684 καλλωπιζόμενος
1730 2633 1799 2670 ἀπὸ
1828 2635 1890 2677 τῆς
1923 2632 2099 2675 παστάδος
2129 2633 2299 2685 πρόεισιν,
2327 2633 2418 2671 οὕτω

1397 2694 1456 2731 καὶ
1473 2697 1489 2731 ὅ
1507 2693 1638 2736 τούτοις
1654 2693 1887 2745 φραττόμενος
1901 2700 1971 2735 τοῖς
1990 2692 2107 2736 ὅπλοις
2122 2709 2129 2716 ·
2150 2693 2209 2731 καὶ
2224 2694 2291 2745 γὰρ
2313 2710 2418 2747 στρα-

1396 2754 1524 2801 τιώτης
1553 2757 1639 2803 ὁμοῦ
1671 2754 1731 2790 καὶ
1759 2753 1902 2804 νυμφίος
1936 2752 2039 2791 ἐστίν.
2070 2753 2191 2791 Εἰπὼν
2225 2753 2278 2802 δὲ,
2299 2756 2351 2792 ὅτι
2371 2754 2416 2792 ‘H

1397 2815 1513 2868 ἡμέρα
1529 2815 1685 2866 ἤγγικεν,
1707 2814 1782 2853 οὐδὲ
1802 2813 1901 2865 ἐγγὺς
1923 2808 2011 2852 εἶναι
2031 2814 2137 2860 αὗτῆν
2160 2814 2322 2866 ἀφίησιν,
2341 2818 2418 2854 ἀλλ’

1397 2876 1464 2921 ἤδη
1486 2876 1590 2921 αὐτὴν
1611 2875 1789 2926 ἐφίστησι·
1810 2874 1893 2926 φησὶ
1912 2874 2002 2926 γὰρ,
2018 2874 2083 2916 ζΩς
2096 2877 2130 2912 ἐν
2151 2875 2268 2927 ἡμέρα
2283 2879 2417 2928 εὔσχη-

1397 2936 1510 2985 μόνως
1528 2935 1835 2985 περιπατήσωμεν.
1857 2933 1950 2980 Ἤδη
1980 2933 2046 2985 γὰρ
2065 2934 2231 2986 πάρεστιν
2250 2939 2271 2981 ἡ
2290 2936 2418 2988 ἡμέρα.

334 2996 439 3034 multi
458 2994 632 3034 hortando
652 2995 824 3032 adhibent
837 3024 848 3044 ,
870 2994 915 3031 ab
934 2995 1062 3032 iisdem
1081 2997 1157 3048 ipse
1176 3000 1324 3037 attrahit
1347 3008 1372 3037 D
1396 2996 1466 3033 Καὶ
1488 2998 1544 3047 ἀφ’
1574 2989 1621 3032 ὧν
1653 2996 1807 3044 μάλιστα
1836 2997 1868 3031 οἱ
1899 2994 2022 3031 πολλοὶ
2052 2995 2327 3046 προτρέπονται,
2348 2998 2418 3035 ἀπὸ

333 3060 433 3104 illos,
464 3058 636 3096 nimirum
671 3072 689 3094 a
718 3057 846 3095 decoro
867 3066 899 3094 et
929 3057 1111 3096 honestate
1131 3076 1142 3095 :
1173 3062 1321 3099 multam

335 3120 466 3173 quippe
481 3118 616 3170 gloriae,
628 3133 704 3169 quae
717 3132 734 3155 a
746 3116 974 3155 multitudine
982 3118 1186 3171 exhibetur,
1201 3135 1323 3160 curam

375 3269 387 3282 ἢ
411 3257 524 3289 Codex
541 3268 622 3288 unus
640 3261 816 3298 ἐπειγόμεθα
830 3261 1012 3299 ἐπιλέγοντες
1027 3263 1174 3299 ἀλλήλοις-

375 3309 391 3324 *
417 3309 467 3349 [Α
480 3311 682 3341 ὃιατεὶυεσῦαι.
694 3306 789 3338 Idem
803 3314 835 3338 et
846 3319 950 3349 marg.
961 3308 1062 3344 Savil.
1074 3314 1193 3356 ἅπερ...
1208 3312 1336 3352 ταῦ-,αξ

375 3362 394 3387 b
418 3357 532 3389 Morel.
549 3366 599 3394 τῆς
617 3362 783 3396 :zie-91:12&
799 3366 986 3401 παντευχίας.

1642 3054 1657 3074 d

1395 3055 1524 3094 τούτων
1553 3055 1612 3093 καὶ
1670 3054 1792 3097 αὐτοὺς
1813 3054 2014 3106 ἐφέλκεται,
2044 3057 2106 3100 τῆς
2131 3055 2416 3106 εὐσχημοσύνης·

1395 3120 1502 3164 πολὺς
1519 3120 1586 3172 γὰρ
1606 3123 1718 3163 αὐτοῖς
1734 3123 1795 3165 τῆς
1811 3119 1908 3171 παρὰ
1922 3122 1990 3157 τῶν
2009 3121 2146 3157 πολλῶν
2162 3120 2260 3168 δόξης
2274 3125 2291 3159 ὃ
2304 3121 2416 3173 λόγος.

1443 3270 1456 3284 c
1482 3258 1594 3291 Morel.
1613 3260 1703 3301 [cam
1721 3259 1774 3299 A.]
1792 3267 1849 3291 τῶν
1868 3261 1967 3292 ὅπλων
1983 3263 2001 3295 ἡ
2019 3259 2109 3301 φύσις.

1444 3313 1459 3337 ¹]
1484 3311 1535 3356 [A.
1551 3323 1637 3343 corr.
1657 3315 1758 3348 αὐτός,
1777 3309 1867 3353 quod
1883 3308 2020 3351 placet]
