2502 3810
682 241 693 268 t
701 240 726 268 N
765 240 788 268 A
796 240 846 269 C'l'
853 239 878 268 A
921 240 940 267 λ
947 238 1196 268 POSTOLORU
1204 239 1235 267 M
1243 258 1252 267 .

126 321 325 359 ἀπόστολοι,
346 319 603 372 Ἐφοὸήθησαν,
625 320 720 371 φησί.
743 320 960 366 ‹boemiam-m,
977 318 1029 356 ὅτι
1049 318 1141 356 Ῥω-

125 381 222 430 μαῖοί
252 383 350 427 εἰσιν,
370 382 433 431 οὐχ
460 379 512 417 ὅτι
532 379 658 423 ἀδίκως
684 380 857 418 ε’νέὸαλον.
882 378 977 418 Καὶῑ)
994 378 1140 430 ἠρώτων

123 440 246 483 αὐτοὺς
261 441 408 484 ἐξελθεῖν
429 440 497 477 ἀπὸ
517 443 577 485 τῆς
597 440 741 482 πόλεως.
769 440 880 491 Χάριν
902 440 1034 490 ᾔτησαν
1055 438 1139 475 ταύ-

122 517 197 547 την.
215 502 261 538 Οἱ
278 499 314 538 δὲ
330 500 484 542 ἐλθόντες
500 500 583 551 πρὸς
604 500 666 546 τὴν
684 500 826 546 Λυδίαν,
844 500 903 537 καὶ
921 499 1141 550 βεὸὀιιώσανΝ

120 576 176 603 τες
195 560 314 608 αὐτὴν,
334 561 442 604 οὕτως
463 561 615 607 ἐξῆλθον.
636 563 688 599 Οὐ
706 560 773 611 γὰρ
793 562 860 598 ἔδει
882 559 943 606 τὴν
966 560 1141 608 ξενοδόχον

123 622 259 672 ἀφεῖναι
278 623 311 658 ἐν
331 623 439 671 ἀγῶνι
458 621 518 659 καὶ
537 621 700 673 μερίμνῃ.
716 620 883 666 ἘΞ-ἦλθον
904 620 939 657 δὲ
954 650 963 666 ,
978 621 1039 656 οὐκ
1056 619 1143 656 ἐκεί·

1294 238 1447 268 ΗοΜιι,.
1487 238 1604 267 xxxv
1617 239 1645 267 ι.
2108 225 2191 285 307

1217 318 1299 368 quia
1325 318 1474 355 Romani
1497 327 1600 367 sunt,
1623 331 1691 356 non
1711 318 1791 368 quia
1815 318 1943 369 injuste
1962 318 2197 369 conjecerunt„

1216 381 1252 416 E
1256 387 1270 416 t
1283 387 1513 430 rogaverunt
1528 380 1630 425 illos,
1651 388 1691 416 ut
1703 381 1849 417 exirent
1861 393 1908 416 ex
1921 380 2086 417 civitate.
2099 378 2200 415 Hanc

1217 439 1347 489 petiere
1366 439 1529 490 gratiam.
1549 439 1607 477 Illi
1629 453 1711 477 vero
1731 447 1770 476 ut
1790 447 1963 476 venerunt
1981 438 2029 475 ad
2042 437 2198 489 Lydiam

1217 507 1249 534 ct
1262 498 1517 535 confirmarunt
1531 513 1619 548 eam,
1638 499 1688 536 sie
1701 497 1847 550 profecti
1864 507 1955 536 sunt.
1969 499 2047 536 Non
2061 508 2198 550 oporte-

1216 562 1277 599 bat
1293 561 1387 598 enim
1402 560 1612 611 hospitalem
1628 559 1725 596 illam
1739 559 1771 596 in
1784 573 1896 609 agone
1912 568 1945 596 et
1961 558 2200 596 sollicitudine

1216 622 1424 671 relinquere.
1458 621 1600 671 Egressi
1619 629 1735 656 autem
1755 629 1858 669 sunt,
1877 635 1946 657 non
1966 620 2039 657 illis
2057 621 2198 657 obtem-

122 695 191 723 νοις
211 681 407 731 πειθόμενοι
422 711 430 727 ,
451 681 541 719 ἀλλὰ
569 681 627 719 ἐπὶ
654 681 693 719 τὸ
724 681 888 731 κήρυγμα
918 679 1118 719 σπεύδοντες
1133 706 1142 723 ,
1156 706 1203 728 277
1217 689 1390 731 perantes,
1418 680 1479 716 sed
1498 680 1543 717 ad
1569 679 1857 731 praedicationem
1880 680 2097 727 festinantes,
2118 694 2200 717 cum

123 745 186 787 τῆς
213 741 347 785 πόλεως
379 741 435 779 διὰ
453 746 512 779 τοῦ
535 740 710 791 θαύματος
740 743 866 782 ἱκανῶς
887 738 1143 789 ὠφεληθείσης·
1168 742 1191 769 Α
1216 739 1737 790 civitaspermiraculumillud
1748 739 1832 776 satis
1844 739 1963 790 adjuta
1973 741 2107 778 fuisset.
2122 742 2200 778 Non

122 801 192 839 ἔδει
219 801 285 853 γὰρ
311 801 358 852 μὴ
378 801 591 853 παραμένειν
611 801 744 838 λοιπόν.
764 800 816 838 Τὸ
836 799 902 850 γὰρ
924 801 1039 846 θαῦμα
1063 803 1142 846 μεῖ-

123 864 179 905 ζον
198 862 374 913 φαίνεται,
389 864 456 898 τῶν
473 860 718 913 ἐργασαμένων
737 857 1040 906 ἀποδημησάντων
1061 856 1143 894 αὐτὸ

125 926 255 972 μᾶλλον
286 927 394 974 βοῶν·
415 926 435 968 ἡ
457 922 523 975 γὰρ
551 926 611 959 τοῦ
630 919 891 972 δεσμοφύλακος
921 917 1037 960 πίστις
1067 916 1142 954 ἀντὶ

124 988 239 1036 ’ρωνῆς
259 980 313 1031 ἦν.
327 983 374 1022 Τί
392 982 512 1020 τούτου
537 981 627 1027 ἴσον;
647 982 862 1030 *Δεσμεῖται
876 978 936 1016 καὶ
951 977 1024 1015 λύει
1045 978 1142 1014 δεδε-

124 1045 240 1093 μένος,
264 1044 338 1082 λύει
364 1044 503 1080 διπλοῦν
535 1041 678 1092 δεσμόν·
700 1041 757 1079 τὸν
779 1040 932 1086 δήσαντα
961 1038 1061 1076 ἔλυσε
1087 1038 1142 1076 διὰ

122 1109 181 1142 τοῦ
208 1106 356 1151 δεθῆναι.
382 1103 518 1145 ’Όντως
549 1106 659 1140 ταῦτα
681 1101 824 1153 χάριτος
851 1100 948 1152 ἔργα.
979 1100 1052 1136 Νῦν
1072 1093 1143 1145 οὖν,

123 1165 238 1216 φησὶν,
254 1164 444 1208 ἐξελθόντες
455 1194 464 1211 ,
478 1163 663 1216 πορεύεσθε
677 1166 711 1201 ἐν
724 1161 856 1214 εἰρήνῃ·
868 1160 1044 1205 τουτέστι,
1055 1159 1145 1210 μετὰ

123 1225 331 1273 ἀσφαλείας,
355 1224 461 1275 μηδὲν
485 1223 688 1266 δεδοικότες.
709 1221 840 1264 Ἄλλως
872 1221 906 1258 δὲ
922 1226 935 1241 ³
948 1221 1008 1258 καὶ
1025 1225 1143 1258 τοῦτον

122 1286 186 1330 ἔξω
202 1286 358 1324 κινδύνου
380 1286 560 1337 βούλονται
578 1284 758 1336 γενέσθαι,
777 1282 834 1321 ἵνα
856 1283 904 1334 μὴ
929 1281 1016 1332 μετὰ
1035 1285 1146 1319 ταῦτα

123 1349 330 1397 ἕγκαλῆται.
350 1346 420 1385 Καὶ
447 1347 484 1383 οὗ
507 1344 672 1395 λέγουσι,
701 1344 873 1396 δείραντες
903 1347 996 1393 ἡμᾶς
1022 1339 1146 1379 ἔῧαλον

122 1409 169 1459 εἷς
196 1406 365 1459 φυλακὴν,
389 1405 852 1456 θαύματαέργασαμένους·
883 1403 959 1442 οὐδὲ
979 1402 1044 1454 γὰρ
1067 1402 1146 1440 τού-

122 1483 192 1510 τοις
207 1473 392 1519 προσεῖχον
406 1482 413 1490 ·
434 1466 512 1504 ἀλλ’
526 1465 543 1503 ὃ
559 1466 712 1517 μάλιστα
733 1468 845 1503 αὐτῶν
867 1471 979 1503 σεῖσαι
997 1464 1060 1510 τὴν
1076 1463 1147 1501 διοί-

122 1543 215 1565 νοιαν
243 1526 384 1566 ἐδύνατο
396 1557 405 1574 ,
431 1526 699 1578 Ἀκατακρίτους
712 1556 721 1573 ,
748 1525 832 1577 φησὶ
848 1554 857 1571 ,
876 1524 935 1563 καὶ
951 1524 1147 1574 Ῥωμαίους

857 1584 987 1605 hm«

121 1589 353 1640 ὑπάρχοντας.
380 1587 513 1626 Τούτου
554 1586 824 1637 μνημονεύωμεν
883 1601 942 1624 του
969 1584 1146 1636 ὁεσμώτου

123 1650 329 1695 διαπαντὸς,
358 1648 405 1698 μὴ
427 1652 485 1686 τοῦ
506 1647 693 1698 θαύματος.
725 1647 772 1685 Τί
797 1649 928 1698 ἐροῦσιν
950 1645 1146 1694 εΈλληνες,

122 1713 201 1752 πῶς
217 1709 397 1759 δεσμώτης
414 1708 460 1745 ὢν
474 1709 531 1746 τὸν
552 1707 797 1759 δεσμοφύλακα
812 1707 948 1756 ἔπεισε,
966 1707 1036 1745 Καὶ
1052 1706 1148 1752 τίνα,

123 1771 226 1823 φησὶ,
243 1773 429 1816 πεισθῆναι
445 1769 598 1823 ε’χρῆν,ἢ
617 1768 741 1822 μιαρὸν
757 1769 935 1821 ἄνθρωπον
953 1769 1012 1807 καὶ
1027 1769 1149 1807 ταλαί-

121 1847 237 1883 πωρον
258 1831 317 1869 καὶ
340 1833 400 1870 οὐκ
419 1830 543 1883 ἔχοντα
562 1835 576 1851 ⁰
589 1834 677 1878 νοῦν,
706 1828 836 1881 μυρίων
857 1829 1008 1880 γέμοντα
1029 1832 1148 1868 κακῶν

123 1893 182 1930 καὶ
214 1892 486 1944 εὖπαράγωγον,
514 1890 596 1929 Ἔτι
620 1890 678 1928 καὶ
713 1894 824 1927 ταῦτα
844 1889 1073 1943 προφέρουσι·
1096 1891 1148 1934 τίς

122 1953 207 2004 γὰρ,
223 1952 245 1998 ἢ
269 1953 434 2004 βυρσεὺς,
460 1951 727 2003 πορφυρόπωλις
739 1981 748 1997 ,
766 1952 922 2002 εὐνοῦχος
939 1981 948 1997 ,
968 1950 1143 2002 δεσμοφύ-

122 2012 209 2060 λαξ,
231 2014 344 2051 δοῦλοι
375 2013 434 2050 καὶ
452 2018 610 2064 γυναῖκες
639 2010 869 2058 ἐπίστευσαν;
891 2010 937 2048 Τί
956 2005 1014 2048 οὖν
1036 2014 1143 2049 εἰπεῖν

125 2073 328 2119 δυνήσονται
342 2102 351 2118 ,
369 2071 449 2110 ὅταν
465 2073 524 2109 καὶ
540 2071 615 2114 τοὺς
633 2074 666 2109 ἐν
679 2070 853 2121 ἀξιώμασι
869 2072 1144 2122 παραγάγωμεν,

124 2133 181 2171 τὸν
202 2132 467 2183 ἑκατόνταρχον,
482 2132 538 2170 τὸν
559 2130 766 2177 ἀνθύπατον,
785 2131 862 2174 τοὺς
883 2130 916 2174 ἐξ
933 2130 1062 2169 ἐκείνου
1085 2131 1145 2180 με’-

124 2209 184 2245 χρι
200 2197 258 2230 τοῦ
281 2197 355 2240 νῦν,
381 2192 501 2235 αὐτοὺς
521 2191 599 2235 τοὺς
622 2195 851 2242 κρατοῦντας,
872 2191 950 2235 τοὺς
970 2194 1145 2242 βασιλεῖς,

126 2253 220 2305 Ἐγὼ
242 2253 276 2291 δὲ
305 2253 420 2306 ἕτερον
450 2254 542 2304 λέγω
558 2252 677 2290 τούτου
698 2254 833 2302 μεῖζον·
851 2252 973 2296 αὐτοὺς
991 2253 1068 2297 τοὺς
1087 2255 1146 2291 εὐ-

123 2316 233 2357 τελεῖς
253 2314 392 2365 ἴδωμεν.
419 2314 489 2352 Καὶ
520 2318 586 2352 ποῦ
604 2312 644 2350 τὸ
669 2313 881 2363 θαυμαστὸν,
911 2314 1014 2365 φησί,
1032 2316 1147 2352 Τοῦτο

126 2374 188 2425 μὲν
208 2368 264 2412 οὖν
282 2374 481 2425 θαυμαστόν
495 2390 502 2398 ·
533 2374 573 2411 ἂν
594 2374 656 2424 μὲν
679 2373 747 2425 γὰρ
765 2378 889 2422 πεισθῇ
908 2390 961 2417 τις
979 2374 1058 2426 περὶ
1077 2377 1145 2411 τῶν

125 2435 312 2486 τυχόντων,
325 2435 420 2474 οὐδὲν
432 2435 642 2485 θαυμαστόν·
661 2436 741 2473 ὅταν
760 2434 794 2472 δὲ
809 2434 888 2487 περὶ
902 2435 1124 2477 ἀναστάσεως
1136 2466 1145 2481 ,

124 2494 205 2545 περὶ
235 2495 410 2545 βασιλείας
436 2497 602 2548 οὐρανῶν,
621 2496 700 2547 περὶ
723 2495 796 2546 βίου
818 2495 1002 2547 φιλοσόφου
1021 2495 1147 2546 ἀνδρά-

125 2571 179 2593 σιν
209 2555 361 2593 εὐτελέσι
393 2556 595 2606 διαλέγηται
627 2556 683 2594 καὶ
716 2556 836 2608 πείθῃ,
866 2556 1144 2608 θαυμαστότερον

125 2615 244 2662 ἔσται,
263 2615 285 2661 ἢ
307 2618 335 2653 εἷ
358 2614 478 2667 σοφοὺς
498 2616 646 2654 ἔπειθεν.
666 2616 780 2654 <Ὀταν
809 2616 877 2669 γὰρ
902 2616 949 2666 μὴ
981 2612 1003 2668 ᾗ
1029 2616 1146 2654 κίνδυ-

125 2691 200 2723 νος,
221 2676 280 2713 καὶ
299 2676 400 2727 πείθῃ
420 2692 493 2723 τις,
526 2679 640 2720 καλῶς
659 2676 722 2724 τὴν
742 2677 860 2715 ἄνοιαν
893 2679 939 2720 εἷς
961 2677 1064 2728 μέσον
1085 2677 1146 2729 φέ-

127 2751 239 2786 ρουσιν
255 2751 263 2759 ·
278 2735 359 2773 ὅταν
379 2736 414 2773 δὲ
429 2735 513 2788 λέγῃ
534 2739 584 2789 τῷ
603 2736 711 2787 δούλῳ
732 2736 822 2774 κατὰ
837 2737 898 2784 σὲ,
916 2736 992 2784 ὅτι,
1013 2737 1052 2774 ἂν
1071 2753 1147 2775 πει-

128 2799 209 2846 σθῇς
231 2796 330 2845 ἐμοὶ,
355 2796 579 2843 κινδυνεύεις,
604 2796 736 2840 πάντας
761 2796 847 2840 ἕξεις
867 2797 1076 2847 πολεμίους,
1097 2798 1147 2835 δεῖ

128 2870 166 2892 σε
184 2857 378 2904 ἀποθανεῖν,
397 2856 504 2908 μυρία
521 2860 642 2894 παθεῖν
659 2856 768 2903 κακὰ,
786 2851 860 2895 εἶτα
877 2856 984 2900 οὕτως
1001 2857 1062 2909 ἕλῃ
1083 2856 1147 2904 τὴν

126 2919 242 2971 ψυχὴν
263 2922 390 2959 ἐκείνου
404 2951 413 2968 ,
431 2925 492 2960 οὐκ
518 2923 569 2961 ἔτι
595 2928 696 2961 τοῦτο
714 2923 840 2967 ἀνοίας.
871 2925 915 2962 Εἰ
936 2923 997 2973 μὲν
1018 2923 1085 2975 γὰρ
1106 2923 1146 2961 τὰ

127 2986 286 3037 δόγματα
317 2989 441 3036 ἡδονὴν
471 2985 575 3043 εἶχεν,
595 2990 736 3035 εἰκότως
762 2992 802 3029 ἄν
823 3007 874 3034 τις
897 2994 999 3030 τοῦτο
1028 2995 1120 3028 εἶπεν
1137 3006 1144 3013 ·

173 3107 190 3131 b
213 3106 358 3150 [ἠρώτων
382 3108 422 3139 D.
456 3107 576 3151 aliique
606 3109 746 3142 fortasse
774 3114 872 3149 (nain
903 3110 940 3141 A.
958 3110 996 3141 R.
1014 3109 1051 3141 C·
1069 3119 1136 3140 non

129 3165 226 3192 vacat
244 3158 363 3200 ubique
380 3158 569 3203 inspicere).
588 3159 677 3193 Editi
696 3160 881 3206 &pair-4022]

175 3210 190 3225 ¹*
214 3208 225 3252 [
242 3208 332 3241 Editi
353 3217 386 3241 et
401 3210 439 3243 C.
459 3214 608 3253 δεσμεῖται
627 3217 676 3246 καὶ
698 3216 758 3246 λύει
782 3216 911 3247 διπλοῦν·
930 3214 967 3247 Α,
986 3215 1135 3254 δεεμεῐται

130 3266 178 3295 καὶ
196 3265 255 3294 λύει
272 3263 433 3302 δεδεμένος.
452 3264 580 3301 διπλοῦν,
594 3268 658 3294 etc.
676 3261 882 3294 Resarsimus
898 3263 1007 3294 locum
1022 3273 1039 3294 e
1052 3264 1091 3294 D.
1102 3270 1135 3293 et

130 3314 166 3344 B.
196 3313 230 3344 Is
257 3319 369 3344 tamen
399 3319 432 3343 et.
457 3312 557 3344 Saril.
593 3311 758 3344 habent„
775 3317 952 3356 δεδεμένους,
983 3315 1130 3354 Interpr.

131 3364 206 3396 Lat.
225 3364 365 3407 Ligalm·
379 3371 409 3394 eL
428 3363 534 3396 soluit.
555 3363 694 3406 Ligatus
715 3364 812 3395 soluit
835 3364 964 3406 duplici
986 3365 1130 3396 vinculo.

347 3430 441 3453 TOM.
475 3429 526 3453 IX.

1217 799 1401 850 oportebat
1426 799 1517 836 ultra
1542 812 1694 835 manere.
1726 800 1820 835 Nam
1849 799 2061 837 miraculum
2087 802 2201 853 majus

1217 867 1362 910 apparet
1379 858 1562 908 magisque
1577 858 1706 895 clamat
1719 866 1797 908 post
1812 859 2063 909 profectionem
2079 875 2201 898 eorum

1217 918 1279 969 qui
1298 919 1417 970 ipsum
1443 926 1678 969 patraverant.
1705 917 1848 954 Etenim
1871 918 2028 956 custodis
2052 922 2201 958 carceris

1217 979 1306 1017 fides
1320 993 1383 1031 pro
1403 993 1489 1017 ’voce
1505 986 1590 1016 erat.
1608 977 1703 1024 Quid
1718 978 1802 1016 huic
1817 978 1867 1016 rei
1887 979 1982 1030 par?
2000 979 2150 1030 Ligatur
2170 991 2204 1018 et

1217 1039 1324 1078 solvit
1336 1039 1485 1091 ligatus,
1500 1039 1606 1077 solvit
1619 1038 1754 1090 duplex
1769 1039 1953 1077 vinculum
1963 1054 1974 1089 3
1984 1039 2153 1090 ligantem
2168 1056 2204 1078 se

1218 1101 1324 1140 solvit
1341 1116 1403 1153 per
1420 1101 1487 1138 hoc
1500 1099 1600 1151 quod
1614 1100 1689 1151 ipse
1703 1099 1834 1151 ligatus
1850 1100 1910 1137 sit.
1925 1100 2007 1138 Haec
2026 1115 2107 1139 vere
2124 1111 2205 1139 sunt

1219 1163 1340 1214 gratiae
1359 1177 1475 1215 opera.
1497 1163 1612 1199 Nunc
1629 1174 1730 1212 ergO,
1749 1160 1882 1211 inquit,
1902 1165 2041 1212 egressi
2055 1191 2066 1208 ,
2093 1166 2144 1200 ite
2163 1166 2205 1199 in

1216 1237 1313 1275 pace
1327 1223 1385 1261 :id
1398 1231 1464 1273 est,
1483 1236 1564 1260 cum
1577 1221 1776 1270 securitate,
1795 1221 1886 1259 nihil
1899 1222 2072 1261 timentes.
2088 1222 2205 1260 Simul

1219 1284 1315 1321 hunc
1337 1284 1462 1321 volunt
1487 1292 1587 1320 extra
1603 1282 1805 1334 periculum
1833 1282 1924 1330 fieri,
1951 1297 1993 1319 ne
2021 1292 2101 1334 post
2128 1283 2205 1320 haec.

1220 1354 1440 1384 accusentur.
1452 1345 1499 1382 Et
1517 1358 1586 1381 non
1606 1343 1740 1390 dicunt,
1763 1343 1880 1380 Caesos
1899 1357 1961 1380 nos
1981 1344 2207 1394 conjecerunt

1220 1406 1256 1443 in
1270 1420 1459 1455 carcerem,
1475 1405 1556 1456 quia
1572 1405 1744 1442 miracula
1764 1405 1898 1456 operati
1919 1418 2076 1441 eramus:
2094 1418 2205 1455 neque

1220 1466 1313 1504 enim
1337 1467 1394 1504 his
1419 1465 1644 1504 attendebant
1656 1480 1667 1515 3
1689 1465 1751 1502 sed
1773 1464 1871 1515 quod
1891 1465 2039 1502 illorum
2067 1465 2205 1503 animos

1219 1536 1404 1565 concutere
1414 1535 1564 1579 poterat,
1579 1527 1848 1575 Indemnatos,
1866 1525 1996 1576 inquit,
2014 1534 2050 1563 et
2065 1527 2206 1563 Roma-

1221 1602 1300 1627 nos.
1326 1589 1443 1640 Hujus
1462 1587 1573 1626 vincti
1596 1600 1734 1639 semper
1753 1600 1923 1624 memores
1943 1586 2071 1635 simus,
2091 1595 2124 1623 et
2137 1600 2206 1624 non

1220 1648 1511 1696 miraculi.Quid
1535 1648 1654 1685 dicent
1680 1648 1841 1699 gentiles,
1861 1647 2037 1697 quomodo
2064 1646 2206 1684 vinctus

1220 1724 1301 1748 cum
1326 1719 1427 1760 esset,
1457 1709 1567 1746 suasit
1587 1708 1785 1747 vincienti?
1808 1710 1854 1746 Et
1872 1722 1991 1758 quem,
2012 1707 2179 1758 inquiunt
2196 1738 2205 1754 ,

1220 1770 1427 1823 persuaderi
1446 1769 1630 1822 oportebat
1648 1798 1659 1819 ,
1686 1769 1756 1806 nisi
1779 1768 1969 1806 scelestum
2000 1768 2182 1805 hominem
2196 1798 2206 1813 ,

1219 1833 1411 1882 miserum,
1429 1831 1491 1882 qui
1509 1839 1663 1867 mentem
1692 1843 1762 1866 non
1781 1829 1945 1879 haberet,
1973 1828 2072 1866 mille
2103 1829 2208 1866 malis

1219 1901 1386 1930 onustum
1412 1901 1447 1929 et
1456 1900 1560 1943 captu
1575 1890 1739 1927 facilem?
1748 1889 1779 1926 H
1783 1903 1831 1926 aec
1844 1889 1990 1941 insuper
1999 1889 2183 1940 proferunt
2196 1905 2205 1924 :

1218 1953 1308 2000 Quis
1319 1951 1483 2000 credidit,
1497 1950 1566 1988 nisi
1580 1949 1763 1997 coriarius,
1771 1948 1996 2000 purpuraria,
2009 1948 2206 1999 eunuchus,

1188 2031 1191 2034 ·
1217 2022 1334 2052 custos
1346 2012 1507 2061 carceris,
1523 2011 1615 2049 servi
1631 2020 1663 2047 et
1676 2010 1842 2047 mulieres
1851 2010 1868 2047 Ρ
1877 2009 1973 2055 Quid
1992 2023 2074 2061 ergo
2089 2009 2206 2047 dicere

1217 2081 1404 2126 poterunt,
1426 2071 1568 2122 quando
1588 2085 1657 2119 eos,
1688 2070 1749 2120 qui
1772 2070 1807 2107 in
1827 2069 2064 2120 dignitatibus
2085 2078 2206 2117 erant,

1217 2135 1475 2187 producemus:
1497 2131 1751 2179 centurionem,
1771 2130 2032 2182 proconsulem,
2055 2130 2143 2168 alios
2164 2145 2209 2168 ex

1218 2196 1280 2233 illo
1293 2194 1337 2232 ad
1354 2195 1422 2231 hoc
1435 2207 1544 2243 usque
1558 2201 1711 2243 tempus,
1724 2192 1969 2242 Imperatores,
1986 2191 2109 2242 reges?
2130 2191 2208 2242 Ego

1219 2270 1302 2295 vero
1321 2254 1421 2293 aliud
1439 2255 1555 2306 majus
1571 2253 1654 2290 dico
1675 2268 1682 2289 ε
1703 2253 1798 2304 ipsos
1820 2252 1965 2290 viliores
1987 2252 2066 2289 illos
2087 2251 2209 2289 videa-

1219 2332 1311 2355 mus.
1323 2314 1463 2367 Ecquid
1478 2315 1526 2353 ibi
1543 2315 1686 2362 mirum,
1702 2313 1850 2364 inquies.
1861 2313 1937 2351 Hoc
1950 2323 2041 2351 certe
2055 2314 2207 2351 mirum:

1215 2379 1349 2427 ,etenim
1382 2379 1411 2416 si
1435 2377 1480 2415 dc
1497 2377 1604 2414 rebus
1624 2376 1836 2426 vulgaribus
1858 2375 2028 2424 crederet,
2049 2390 2119 2413 non
2142 2376 2209 2413 mi—

1220 2454 1301 2476 rum
1318 2447 1406 2476 esset
1425 2453 1437 2487 3
1459 2451 1540 2474 cum
1566 2450 1647 2475 vero
1669 2435 1714 2473 de
1737 2435 2006 2485 resurrectione,
2033 2435 2078 2472 de
2100 2449 2208 2486 regno

1222 2502 1409 2549 caelorum,
1437 2499 1481 2537 de
1500 2499 1573 2538 vita
1599 2497 1846 2550 philosophica
1872 2496 1952 2547 quis
1974 2498 2208 2549 popularibus

1218 2562 1375 2613 loquitur
1393 2570 1425 2598 et
1447 2558 1650 2612 persuadet,
1672 2558 1740 2595 hoc:
1764 2557 1967 2594 mirabilius
1988 2558 2054 2594 erit
2067 2587 2078 2606 ,
2097 2572 2206 2608 quam

1220 2624 1249 2662 si
1268 2621 1486 2674 sapientibus
1498 2619 1740 2673 persuasisset.
1753 2620 1845 2656 Cum
1857 2618 1953 2656 enim
1968 2632 2037 2656 non
2052 2629 2103 2656 est
2116 2619 2208 2670 peri-

1220 2686 1354 2735 culum,
1375 2693 1408 2722 et
1428 2684 1508 2734 quis
1527 2681 1664 2731 suadet,
1685 2696 1702 2719 e
1722 2695 1760 2718 re
1780 2680 1971 2718 stultitiam
1990 2680 2026 2717 in
2046 2680 2205 2718 medium

1218 2746 1415 2799 profemnt5
1430 2743 1573 2794 quando
1593 2751 1714 2780 autem
1728 2741 1806 2792 quis
1821 2740 1951 2778 dixerit
1968 2754 2070 2779 servo
2086 2755 2209 2778 secun-

1218 2807 1305 2844 dum
1326 2815 1379 2843 te:
1398 2805 1437 2843 Si
1456 2803 1548 2841 mihi
1567 2803 1702 2852 credas,
1720 2802 1949 2854 periclitaris,
1965 2815 2084 2838 omnes
2099 2802 2207 2839 habe-

1217 2867 1274 2904 bis
1299 2865 1367 2904 tibi
1393 2864 1567 2913 inimicos,
1599 2871 1738 2916 oportet
1767 2871 1803 2900 te
1829 2862 1935 2912 mori,
1964 2862 2061 2899 mille
2089 2861 2207 2898 subire

1219 2929 1336 2977 mala,
1356 2927 1475 2977 sicque
1496 2925 1594 2973 illius
1615 2924 1772 2962 animam
1795 2923 1911 2974 capiat
1934 2938 1941 2958 :
1958 2937 2027 2960 non
2044 2923 2119 2973 jam
2138 2922 2206 2959 hoc

1218 2987 1432 3041 insipientiae
1449 2995 1511 3025 est.
1525 2988 1619 3025 Nam
1640 2985 1669 3023 si
1685 2985 1851 3037 dogmata
1866 2984 2085 3035 voluptatem
2100 2983 2206 3020 habe—

1202 3106 1268 3140 Sed
1291 3106 1488 3139 concinnior
1513 3113 1561 3137 est
1584 3115 1695 3136 sensus
1713 3104 1745 3135 in
1770 3102 1873 3134 altera
1891 3100 2069 3133 verborum
2088 3100 2206 3134 distin-

1201 3160 1324 3191 ctione.
1340 3159 1416 3189 Mox
1438 3160 1474 3190 B.
1494 3164 1544 3191 τὸν
1561 3159 1689 3194 δήσαντα
1706 3158 1789 3191 ἔζησε
1805 3156 1851 3187 διὸ.
1867 3158 1918 3186 τοῦ
1936 3153 2083 3194 tuemur]

1245 3220 1258 3235 a
1283 3211 1356 3251 [καὶ
1380 3215 1483 3243 τοῦτον
1509 3210 1545 3239 B.
1572 3208 1610 3239 C.
1630 3208 1684 3245 D.‚
1702 3204 1803 3238 Savil.
1825 3212 1857 3235 et
1879 3205 1955 3236 Lat.
1981 3205 2140 3247 Interpr.;
2159 3210 2208 3239 καὶ

1202 3269 1289 3297 τοῦτο
1305 3261 1482 3300 (ἶοιῃιηεὶ.,
1499 3258 1618 3291 Montf.
1636 3265 1668 3289 et
1684 3257 1737 3298 A.]

1245 3315 1261 3338 b
1285 3311 1385 3345 Savil.
1405 3317 1456 3346 τοῦ
1478 3315 1640 3353 δεσμώτου,
1656 3307 1770 3340 RIOl'el.
1787 3309 2016 3351 δεσμοξὺ)ακος.

1246 3375 1258 3387 C
1284 3365 1361 3396 MSS.
1382 3368 1455 3403 νοῦν,
1474 3366 1554 3394 ἀλλ’).
1574 3364 1698 3403 μυρίων.

1952 3411 2002 3446 aa
