2502 3810
779 282 823 310 IN
853 280 995 310 EPIST.
1034 279 1093 308 AD
1130 277 1234 308 ROM.
1273 278 1427 308 HOMIL.
1467 276 1576 307 XXV.

492 524 670 562 ΟΜΙΛΙΑ
688 524 749 562 κε’.

123 643 193 681 Τὸν
211 642 245 681 δὲ
266 645 472 681 ἀσθενοῦντα
485 646 528 694 τῇ
546 643 662 682 πίστει
678 643 1006 695 προσλαμὸοίνεσθε,
1025 643 1073 693 μὴ
1095 645 1141 687 εἰς

177 703 364 754 διακρίσεις
393 705 640 754 διαλογισμῶν.
667 704 734 748 “Oq
765 704 826 754 μὲν
847 704 1001 742 πιστεύει
1021 710 1139 756 φαγεῖν

175 765 291 802 πάντα
306 780 314 787 ·
330 767 347 802 ὃ
368 764 402 802 δὲ
421 767 585 813 ἀσθενῶν,
604 764 742 816 λάχανα
761 765 876 803 ἐσθίει.

175 942 265 986 Οἶδα
279 977 288 993 ,
303 946 355 985 ὅτι
382 949 521 993 πολλοῖς
541 946 669 999 ἄπορον
692 946 731 984 τὸ
746 945 940 997 εἰρημένον.
959 945 1023 982 Διὸ
1048 945 1144 995 πρό-

124 1023 220 1059 τερον
239 1010 426 1058 ἀναγκαῖον
443 1009 550 1044 εἰπεῖν
568 1011 627 1044 τοῦ
644 1006 773 1057 χωρίου
792 1005 912 1043 τούτου
933 1004 1059 1046 παντὸς
1079 1003 1142 1050 τὴν

123 1068 298 1114 ὑπόθεσιν,
313 1068 372 1104 καὶ
385 1067 418 1104 τί
436 1066 642 1118 βουλόμενος
660 1067 865 1117 διορθῶσαι,
884 1069 992 1102 ταῦτα
1005 1063 1141 1115 γράφει.

123 1127 171 1165 Τί
200 1128 312 1165 τοίνυν
348 1127 508 1178 βούλεται
538 1129 701 1179 διορθοῦν,
721 1120 838 1164 ὟΗσαν
858 1125 981 1162 πολλοὶ
1009 1127 1077 1162 τῶν
1107 1124 1141 1167 ἐξ

122 1187 298 1224 Ἰουδαίων
314 1185 611 1232 πεπιστευκότων,
635 1185 666 1223 οἳ
681 1188 725 1236 τῇ
745 1190 804 1223 τοῦ
822 1186 926 1235 νόμου
947 1183 1143 1236 κατεχόμε-

122 1262 174 1284 νοι
194 1247 385 1293 συνειδήσει
417 1247 475 1284 καὶ
508 1246 597 1296 μετὰ
627 1246 690 1292 τὴν
715 1246 831 1283 πίστιν
854 1248 922 1282 τῶν
947 1245 1141 1296 βρωμάτων

122 1307 310 1360 ἐφύλαττον
331 1307 380 1345 ἔτι
396 1307 458 1354 τὴν
478 1307 735 1360 παρατήρησιν,
756 1307 851 1361 ου’πω
871 1309 1073 1358 θαρροῦντες
1088 1305 1143 1343 τέ-

122 1369 198 1405 λεον
220 1369 414 1413 ἀποστῆναι
432 1371 490 1405 τοῦ
518 1367 635 1417 νόμου.
654 1361 765 1416 Εἶτα,
785 1365 873 1404 ὥστε
906 1366 955 1417 μὴ
984 1366 1142 1417 γενέσθαι

123 1427 333 1479 εὖφώρατοι,
361 1430 429 1465 τῶν
453 1427 612 1478 χοιρείων
635 1428 847 1478 ἀπεχόμενοι
865 1427 979 1478 μόνον,
1000 1426 1139 1464 πάντων

124 1488 202 1533 ἑξῆς
221 1488 405 1539 ἀπείχοντο
425 1491 493 1525 τῶν
509 1490 636 1539 κρεῶν,
653 1489 713 1525 καὶ
729 1488 866 1539 λάχανα
882 1487 998 1533 ἤσθιον
1021 1486 1138 1536 μόνον,

122 1546 178 1584 ἵνα
194 1548 336 1593 νηστεία
358 1550 489 1597 μᾶλλον
509 1543 596 1586 εἶναι
615 1549 697 1600 δοκῇ
718 1547 756 1585 τὸ
771 1548 962 1598 γινόμενον,
985 1547 1074 1585 ἀλλὰ
1092 1546 1140 1596 μὴ

123 1608 227 1658 νόμου
249 1608 504 1660 παρατήρησις.
522 1608 666 1661 “limpor
684 1609 788 1647 πάλιν
807 1604 896 1655 ἦσαν
915 1608 1120 1658 τελειότεροι
1133 1637 1142 1655 ,

123 1668 198 1706 οὐδὲ
218 1667 252 1705 ἓν
272 1673 423 1706 τοιοῦτον
443 1673 742 1720 παρατηροῦντες,
765 1669 797 1707 οἳ
814 1669 947 1712 τούτοις
976 1674 1045 1711 τοῖς
1075 1684 1143 1706 πα-

125 1734 310 1780 ρατηροῦσι
331 1729 486 1781 φορτικοὶ
509 1730 568 1767 καὶ
592 1732 755 1780 ἐπαχθεῖς
775 1729 944 1780 ἐγίνοντο,
964 1728 1145 1772 ὀνειδίζον-

124 1804 196 1835 τες,
217 1790 439 1839 ἐγκαλοῦντες
451 1819 461 1835 ,
479 1791 525 1832 εἷς
547 1789 696 1839 ἀθυμίαν
711 1789 952 1840 ἐμὲἀλλοντες,
973 1789 1146 1831 ’Δεδοικὼς

122 1850 235 1888 τοίνυν
252 1854 269 1888 ὃ
289 1851 458 1902 μακάριος
474 1853 610 1894 Παῦλος
627 1851 675 1901 μὴ
694 1851 816 1902 μικρὸν
832 1854 1049 1902 κατορθῶσαι
1067 1854 1147 1901 βου-

122 1911 278 1960 λόμενοι,
295 1911 334 1949 τὸ
349 1919 416 1950 πᾶν
435 1912 673 1963 ἀνατρέψωσι,
693 1912 752 1949 καὶ
769 1911 922 1954 θέλοντες
937 1913 982 1954 εἰς
996 1911 1057 1958 τὴν
1074 1915 1142 1948 τῶν

126 1970 319 2022 βρωμάτων
341 1971 462 2015 αὐτοὺς
481 1972 683 2024 ἀδιαφορίαν
717 1974 871 2023 ἀγαγεῖν,
904 1972 963 2009 καὶ
994 1976 1056 2018 τῆς
1085 1971 1143 2008 πί-

123 2047 229 2074 στεως
251 2031 372 2074 αὐτοὺς
394 2033 552 2070 ἐκπεσεῖν
582 2032 893 2083 παρασκευάσωσι,
913 2033 973 2069 καὶ
990 2032 1057 2083 πρὸ
1084 2037 1144 2070 τοῦ

125 2095 245 2142 καιροῦ
259 2094 317 2127 τοῦ
331 2091 565 2142 προσήκονοτς
581 2092 619 2130 τὸ
639 2098 707 2129 πᾶν
722 2095 960 2144 ἐπανορθῶσαι
978 2092 1143 2130 σπεύδον-

125 2168 198 2199 τες,
228 2153 306 2204 περὶ
325 2152 369 2190 τὰ
399 2152 519 2204 καίρια
541 2153 689 2204 8ζημίαν
722 2153 959 2205 ἐργάσωνται,
983 2155 1052 2192 ἀπὸ
1082 2157 1143 2200 τῆς

125 2215 172 2257 εἷς
205 2214 354 2265 Χριστὸν
391 2213 574 2265 ὁμολογίας
611 2213 731 2257 αὐτοὺς
762 2213 1060 2267 παρασαλεύοντες
1093 2216 1142 2265 τῷ

125 2277 277 2325 συνεχῶς
299 2276 477 2326 ἐπιτιμᾷν,
502 2274 561 2311 καὶ
579 2275 611 2311 ἓν
642 2273 818 2325 ἑκατέροις
839 2273 1002 2324 μείνωσιν
1026 2274 1142 2325 ἀδιόρ-

124 2337 226 2372 θωτοι
240 2350 247 2357 ·
269 2335 332 2387 ὅρα
358 2335 450 2386 πόσῃ
469 2334 639 2386 κέχρηται
663 2334 816 2380 συνέσει,
846 2334 904 2371 καὶ
924 2337 998 2378 πῶς
1019 2333 1144 2371 ἑκατέ-

126 2410 193 2445 ρων
212 2395 430 2444 ἐπιμελεῖται
450 2397 518 2431 τῶν
550 2397 663 2445 μερῶν
688 2394 777 2444 μετὰ
792 2398 854 2440 τῆς
871 2394 1035 2440 συνήθους
1051 2395 1144 2446 αὐτῷ

125 2455 257 2507 σοφίας.
285 2454 376 2492 Οὔτε
394 2454 462 2507 γὰρ
481 2455 534 2492 ὅτι
550 2458 666 2497 κακῶς
681 2461 832 2501 ποιεῖτε,
851 2456 965 2506 τολμᾷ
984 2461 1054 2498 τοῖς
1071 2457 1147 2491 ἐπι-

125 2519 272 2566 τιμῶσιν
293 2518 416 2562 εἷπεῖν,
443 2515 500 2553 ἵνα
523 2515 571 2565 μὴ
589 2514 738 2557 ἐκείνους
759 2514 936 2567 βεέαιώσῃ
957 2518 991 2553 ἐν
1011 2519 1053 2566 τῇ
1072 2531 1145 2552 πα-

129 2577 336 2627 ρατηρήσει,
356 2576 433 2613 οὔτε
449 2577 567 2621 πάλιν,
587 2575 640 2614 ὅτι
661 2577 776 2618 καλῶς
789 2604 798 2621 ,
816 2575 871 2612 ῗνα
890 2575 938 2626 μὴ
958 2575 1148 2626 σφοδροτέ-

129 2652 204 2688 ρους
226 2636 438 2688 κατηγόρους
462 2636 671 2688 ἐργάζηται,
694 2635 784 2672 ἀλλὰ
804 2635 1147 2686 συμμεμετρημένην

126 2703 278 2735 ποιεῖται
306 2697 368 2743 τὴν
400 2696 601 2745 ἐπιτίμησιν
617 2711 624 2718 ·
644 2695 705 2733 καὶ
725 2697 817 2733 δοκεῖ
841 2695 902 2745 μὲν
922 2702 992 2738 τοῖς
1009 2698 1148 2747 ἰσχυρο-

126 2757 236 2808 τέροις
255 2758 433 2808 ἐπιτιμᾷν,
466 2755 505 2792 τὸ
530 2755 565 2794 δὲ
594 2762 661 2793 πᾶν
679 2757 727 2797 εἷς
746 2754 892 2800 ἐκείνους
921 2761 1014 2793 κενοῖ
1042 2756 1075 2792 ἓν
1097 2758 1146 2806 τῷ

125 2817 212 2869 πρὸς
230 2816 369 2859 τούτους
393 2816 499 2867 λόγῳ.
531 2815 626 2862 Αὕτη
655 2814 722 2866 γὰρ
751 2815 904 2866 μάλιστα
922 2818 943 2860 ἦ
967 2814 1147 2866 διόρθωσις

126 2877 408 2929 ἀνεπαχθεστέρα
423 2907 432 2923 ,
455 2876 538 2915 ὅταν
556 2876 640 2928 πρὸς
666 2876 769 2913 ἄλλον
792 2892 843 2918 τις
862 2875 991 2928 τρέψας
1010 2875 1067 2912 τὸν
1083 2874 1145 2912 λό-

124 2953 196 2987 γον,
217 2938 331 2990 ἕτερον
347 2937 501 2988 πλήττῃ.
520 2936 612 2974 Οὔτε
628 2935 694 2987 γὰρ
715 2938 763 2979 εἷς
789 2936 895 2986 θυμὸν
916 2935 1056 2987 ἀφίησιν
1073 2934 1144 2978 ἐξε-

123 3002 288 3049 νεχθῆναι
318 2998 374 3035 τὸν
396 2996 666 3047 ἐπιτιμώμενον,
683 2997 742 3034 καὶ
770 2996 1006 3040 λανθανόντως
1024 2996 1063 3034 τὸ
1085 2999 1146 3041 τῆς

123 3056 335 3109 διορθώσεως
356 3057 466 3104 ἐνίησι
492 3053 687 3108 φάρμακον.
708 3056 805 3109 εὈρα
833 3056 945 3094 τοίνυν
964 3059 1036 3099 πῶς
1066 3055 1146 3093 αὐτὸ

123 3123 214 3155 ποιεῖ
234 3121 400 3164 συνετῶς,
420 3117 480 3154 καὶ
508 3120 582 3160 πῶς
601 3116 781 3168 εὐκαίρως.
807 3116 928 3154 Εἰπὼν
957 3115 1043 3168 γὰρ,
1072 3117 1146 3160 Τῆς

124 3177 249 3228 σαρκὸς
280 3177 442 3228 πρόνοιαν
465 3176 512 3226 μὴ
542 3179 694 3214 ποιεῖσθε
715 3179 760 3219 εἷς
779 3175 982 3225 ἐπιθυμίας,
1002 3174 1079 3212 τότε
1099 3176 1146 3217 εἷς

124 3237 181 3273 τὸν
202 3235 432 3287 περὶτούτων
462 3235 615 3273 {neuim
640 3235 755 3286 λόγον,
788 3234 844 3272 ἵνα
877 3234 924 3285 μὴ
959 3234 1037 3285 δόξῃ
1059 3234 1145 3284 ὑπὲρ

126 3296 263 3333 ἐκείνων
282 3295 396 3345 λέγειν
413 3297 480 3332 τῶν
497 3294 736 3345 ἐπιτιμώντων
757 3295 815 3333 καὶ
828 3293 1037 3332 κελευόντων
1055 3294 1146 3331 ἐσθί-

2101 258 2193 321 769

1153 520 1198 544 701

1165 557 1190 585 A
1519 514 1728 559 HOMILIA
1758 518 1878 560 XXV.

1215 642 1304 680 Cn.
1335 639 1438 681 XIV.
1459 654 1494 679 v.
1520 642 1554 679 1.
1570 641 1775 693 Infirmum
1795 649 1925 679 autem
1951 641 2089 694 infide
2113 655 2195 681 sus-

1266 702 1392 751 cipite,
1410 703 1540 736 nonin
1553 701 1892 750 disceptationibus
1906 703 2192 751 cogitationum.

1267 762 1304 796 2
1326 760 1447 796 Alius
1463 760 1583 796 credit
1602 773 1641 796 se
1657 773 1768 810 posse
1791 761 2027 797 manducare
2047 763 2194 805 omnia,-

1268 820 1335 869 qui
1351 826 1478 855 autem
1497 818 1674 870 infirmus
1694 826 1763 863 est,
1791 818 1897 854 olera
1920 820 2142 856 manducat.

1269 940 1285 974 ’1
1298 968 1305 976 .
1324 937 1406 976 Scio
1420 936 1542 974 multis
1564 936 1745 974 intellectu
1767 935 1916 974 difficile
1930 951 2004 975 esse
2019 937 2117 987 quod
2134 937 2194 975 di-

1215 1006 1311 1034 etum
1327 1005 1389 1033 est.
1402 997 1725 1047 Quapropteropus
1737 1004 1788 1032 est
1797 996 1913 1047 primo
1926 998 2033 1033 totius
2048 996 2198 1048 hujusce

1213 1057 1282 1094 loci
1292 1065 1541 1107 argumentum
1554 1069 1744 1107 exponere,
1756 1065 1789 1092 et
1801 1070 1976 1107 exponere
1983 1056 2071 1105 quid
2079 1070 2199 1093 emen-

1213 1115 1298 1152 dare
1313 1115 1435 1153 volens
1460 1115 1535 1152 haee
1555 1115 1748 1166 scripserit.
1777 1114 1878 1162 Quid
1892 1128 1974 1165 ergo
1989 1115 2068 1153 vult
2082 1128 2200 1152 emen-

1215 1176 1327 1213 dare?
1347 1176 1461 1214 Multi
1478 1190 1522 1213 ex
1539 1175 1762 1213 credentibus
1778 1176 1799 1214 J
1804 1174 1987 1213 udaeorum
2006 1183 2118 1223 erant,
2138 1175 2200 1225 qui

1215 1235 1305 1286 legis
1325 1235 1536 1273 conscientia
1554 1234 1702 1284 detenti,
1733 1235 1841 1272 etiam
1859 1244 1938 1286 post
1953 1244 2132 1286 acceptam
2149 1234 2199 1271 fi·-

1214 1295 1296 1333 dem
1326 1297 1487 1334 ciborum
1506 1296 1625 1333 adhuc
1649 1295 1909 1333 observantiam
1928 1295 2198 1345 custodiebant,

1214 1357 1373 1395 nondum
1390 1357 1557 1395 audentes
1574 1356 1717 1394 omnino
1734 1371 1753 1393 a
1768 1357 1842 1408 lege
1861 1355 2031 1394 recedere.
2050 1355 2200 1404 Deinde,

1214 1432 1256 1455 ue
1277 1418 1624 1470 deprehenderentur
1652 1433 1672 1455 a
1702 1418 1817 1455 suillis
1836 1418 2002 1455 carnibus
2026 1417 2201 1455 abstinere

1213 1487 1363 1528 tantum,
1379 1479 1424 1516 ab
1434 1479 1598 1517 omnibus
1609 1477 1774 1530 deinceps
1784 1478 1950 1515 carnibus
1964 1478 2200 1527 abstinebant,

1215 1548 1247 1577 et
1266 1539 1360 1576 olera
1385 1548 1521 1576 tantum
1542 1538 1782 1587 comedebant,
1810 1548 1848 1575 ut
1867 1538 1959 1575 illud
1978 1538 2090 1588 magis
2105 1539 2200 1590 jeju-

1214 1601 1317 1639 nium
1350 1615 1422 1638 esse
1454 1601 1648 1649 videretur,
1689 1615 1796 1651 quam
1827 1600 1951 1651 legalis
1982 1601 2196 1638 observatio.

1215 1662 1288 1699 Alii
1305 1676 1448 1699 rursum
1463 1661 1684 1712 perfectiores
1696 1670 1807 1709 erant,
1822 1660 1884 1712 qui
1902 1662 1945 1698 ab
1958 1661 2086 1698 horum
2100 1661 2200 1699 nullo

1216 1722 1450 1771 abstinebant,
1463 1722 1672 1773 quiqueillis
1685 1722 1768 1759 talia
1781 1722 2050 1760 observantibus
2062 1723 2200 1760 onerosi

1218 1796 1257 1819 ac
1276 1782 1414 1819 molesti
1435 1791 1546 1832 erant,
1569 1782 1838 1833 exprobrantes,
1867 1782 2078 1830 incusantes,
2111 1791 2143 1819 et
2162 1782 2199 1819 in

1219 1843 1419 1880 moestitiam
1441 1843 1674 1894 conjicientes.
1700 1843 1847 1880 Timens
1866 1856 1948 1893 ergo
1967 1842 2089 1880 beatus
2107 1844 2200 1879 Pau-

1218 1905 1288 1954 lus,
1314 1919 1356 1942 ne
1375 1904 1563 1956 paululum
1584 1904 1671 1954 quid
1692 1904 1877 1941 emendare
1896 1904 2064 1952 volentes,
2084 1913 2200 1941 totum

1216 1966 1483 2014 subverterent,
1506 1979 1606 2011 neve,
1631 1964 1718 2001 dum
1742 1965 1872 2002 vellent
1892 1978 1948 2001 eos
1966 1963 2011 2001 ad
2036 1964 2199 2001 ciborum

1214 2026 1489 2063 indifferentiam
1518 2025 1706 2074 deducere,
1737 2016 1781 2062 id⁴
1804 2025 1994 2073 efficerent,
2028 2034 2066 2062 ut
2096 2025 2151 2062 illi
2179 2039 2199 2062 a

1215 2086 1287 2123 fide
1305 2085 1480 2123 resilirent
1489 2101 1500 2134 3
1529 2095 1562 2122 et
1582 2099 1663 2122 cum
1688 2094 1767 2122 ante
1791 2095 2031 2137 opportunum
2058 2094 2199 2137 tempus

1214 2156 1328 2184 totum
1339 2146 1525 2184 emendare
1534 2145 1727 2193 studerent,
1743 2146 1836 2182 circa
1850 2146 2014 2197 capitalia
2027 2146 2200 2183 damnum

1215 2208 1392 2256 inferrent,
1412 2221 1429 2245 a
1452 2206 1587 2244 Christi
1604 2206 1818 2243 confessione
1833 2206 1913 2243 illos
1932 2206 2072 2244 assidue
2089 2200 2200 2243 incre-

1215 2269 1332 2322 pando
1349 2278 1581 2315 removentes,
1605 2269 1653 2306 ita
1669 2277 1709 2305 ut
1726 2269 1762 2305 in
1780 2278 1927 2318 utraque
1942 2268 2201 2319 incorrigibiles

1214 2339 1394 2368 manerent
1414 2345 1422 2365 ε
1441 2329 1524 2367 vide
1543 2338 1675 2379 quanta
1695 2338 1814 2366 utatur
1833 2329 2036 2380 prudentia,
2057 2339 2090 2367 et
2109 2343 2201 2380 quo-

1214 2391 1324 2429 modo
1347 2405 1428 2428 cum
1447 2390 1550 2428 solita
1570 2390 1638 2427 sibi
1658 2390 1828 2442 sapientia
1848 2390 1990 2440 utrique
2006 2390 2098 2442 parti
2117 2404 2201 2442 pro-

1215 2451 1338 2489 videre
1369 2460 1478 2488 curet.
1511 2452 1633 2501 Neque
1675 2450 1770 2487 enim
1802 2450 2067 2502 increpantibus
2097 2449 2204 2488 audet

1217 2512 1346 2561 dicere,
1372 2513 1562 2564 Perperam
1580 2511 1698 2562 agitis,
1720 2525 1764 2548 ne
1783 2511 1862 2548 illos
1882 2511 1917 2548 in
1943 2511 2016 2548 suis
2036 2511 2203 2550 observa-

1217 2572 1375 2610 tionibus
1392 2572 1548 2608 firmaret
1560 2586 1572 2620 3
1604 2584 1718 2619 neque
1736 2584 1859 2607 rursus
1884 2570 1973 2607 dicit
1992 2570 2072 2607 illos
2090 2571 2203 2622 probe

1216 2632 1344 2679 faeere,
1391 2645 1435 2668 ne
1466 2630 1746 2668 vehementiores
1778 2639 1995 2666 accusatores
2026 2629 2200 2677 redderet,

1217 2692 1277 2728 sed
1307 2705 1388 2728 cum
1412 2704 1576 2727 mensura
1602 2688 1862 2740 correptionem
1889 2689 1987 2725 illam
2016 2689 2198 2726 instituit:

1217 2760 1251 2788 et
1271 2751 1412 2788 videtur
1431 2749 1578 2799 quidem
1603 2748 1764 2785 fortiores
1782 2748 1975 2799 increpare,
2006 2748 2067 2785 sed
2086 2757 2202 2786 totum

1217 2810 1254 2848 in
1280 2810 1360 2847 illos
1390 2809 1476 2846 alios
1507 2808 1673 2858 effundit,
1710 2807 1797 2845 dum
1827 2808 1963 2859 priores
1996 2808 2200 2858 alloquitur.

1218 2873 1304 2910 Haee
1325 2871 1418 2909 enim
1437 2870 1593 2908 maxime
1611 2869 1809 2907 emendatio
1829 2869 2027 2907 molestiam
2049 2883 2118 2907 non
2142 2870 2200 2906 af-

1218 2933 1296 2981 fert,
1325 2931 1467 2982 quan-do
1494 2930 1541 2967 ad
1559 2929 1670 2966 alium
1698 2943 1858 2967 sermone
1877 2944 2058 2975 converso,
2087 2930 2200 2967 alium

1217 2992 1435 3045 perstringit.
1461 2992 1584 3040 Neque
1610 2988 1700 3026 enim
1722 3003 1817 3038 eum,
1842 2989 1906 3039 qui
1924 2989 2139 3040 increpatur,
2163 2988 2199 3026 in

1217 3053 1308 3090 iram
1323 3051 1440 3089 efferri
1454 3049 1548 3098 sinit,
1570 3048 1630 3086 sed
1644 3049 1734 3086 clam
1752 3057 1786 3086 et
1802 3049 1930 3086 sensim
1945 3048 2201 3086 emendationis

1217 3111 1449 3163 pharmacum
1469 3109 1628 3146 adhibet.
1650 3107 1746 3146 Vide
1769 3122 1876 3158 quam
1894 3107 2086 3159 prudenter
2105 3107 2200 3146 illud

1169 3188 1194 3218 Ε
1217 3180 1298 3222 agat
1333 3179 1366 3208 et
1397 3184 1505 3220 quam
1537 3177 1742 3220 opportune.
1779 3168 1870 3205 Cum
1903 3167 2052 3205 dixisset
2079 3168 2172 3205 enim
2189 3183 2197 3204 :

1219 3234 1358 3270 Carnis
1378 3244 1514 3269 curam
1531 3244 1578 3268 ne
1589 3230 1761 3281 feceritis
1781 3230 1834 3266 ad
1851 3231 2195 3281 concupiscentias,

1217 3302 1302 3331 tunc
1324 3291 1369 3329 ad
1394 3291 1489 3330 hunc
1509 3291 1632 3330 transit
1656 3303 1864 3337 sermonem,
1893 3299 1931 3328 ut
1957 3304 2000 3328 ne
2018 3290 2198 3330 videretur

170 3424 181 3437 ³
208 3414 283 3454 [τὴν
316 3419 424 3455 ζημίαν
443 3414 478 3444 Α.
499 3421 529 3444 et
547 3425 623 3445 mox
643 3425 717 3445 cum
740 3425 842 3456 marg.
860 3413 959 3446 Savil.
979 3418 1057 3454 αρτῷ
1075 3416 1287 3455 παρασα),..-..
1304 3412 1438 3454 stiuam]
