2466 3805
86 2661 147 2687 Luc
165 2658 255 2687 20.13

726 222 763 251 S.

278 211 368 270 246

801 217 986 250 JOANMS
1020 211 1262 245 CHRYSOST.
1300 209 1506 240 ARCHIEP.
1543 206 1904 237 CONSTANTINOP.

276 308 376 346 tium.
399 306 520 344 Unum
537 303 652 341 solum
679 300 906 351 respiciamus
919 326 931 346 ,
960 294 1102 332 laudem
1120 307 1140 330 a
1155 294 1243 337 Deo,
1256 289 1302 354 ²3?
1318 288 1421 335 σύνην
1438 286 1668 337 λυμαίνεται,
1689 287 1748 324 καὶ
1776 286 1892 324 πάντα
1910 286 1954 324 τὰ
1972 286 2127 337 ἡμέτερα
2147 283 2261 336 ἀγαθὰ
2280 299 2338 320 κε-

274 368 372 405 illius
389 364 689 418 approbationem,
706 356 968 406 communisque
988 352 1133 391 Domini
1152 365 1248 388 com-

276 427 556 466 mendationem:
576 431 614 458 ut
639 420 712 458 vita
738 425 905 469 praesente
926 415 962 452 in
984 414 1112 452 virtute
1135 421 1249 449 trans-

275 498 365 535 acta,
388 483 568 537 promissis
582 479 683 517 bonis
711 491 791 515 cum
821 474 1052 526 diligentibus
1071 486 1151 510 eum
1183 485 1250 523 po-

275 549 415 593 tiamur,
442 543 553 595 gratia
574 550 607 578 et
620 538 836 589 benignitate
849 535 994 574 Domini
1024 534 1135 572 nostri
1165 535 1249 572 Jesu

275 606 418 652 Christi,
447 602 508 653 qui
530 615 612 639 cum
641 598 737 637 Patri
760 607 793 636 et
811 596 962 649 Spiritui
982 604 1101 634 sancto
1120 593 1247 646 gloria,

274 667 477 719 imperium,
505 663 632 710 honor,
670 673 765 698 nune
781 669 815 697 et
833 672 984 711 semper,
1008 657 1092 696 etin
1123 656 1251 695 saecula

274 728 493 766 saeculorum.
512 726 637 761 Amen.
652 743 655 745 ,

1318 356 1379 387 νοῖ.
1402 348 1516 399 ιὈπερ
1535 347 1591 385 ἵνα
1608 347 1655 398 μὴ
1672 348 1852 397 πάθωμεν,
1873 347 2035 399 φύγωμεν
2051 347 2146 386 τουτὶ
2164 347 2203 384 τὸ
2218 347 2339 387 πάθος.

1318 410 1413 461 Πρὸς
1432 409 1466 446 ἓν
1489 408 1589 459 μόνον
1620 410 1768 458 ὁρῶμεν,
1794 407 1851 445 τὸν
1871 408 1968 458 παρὰ
1993 413 2052 445 τοῦ
2073 410 2163 446 Θεοῦ
2187 407 2338 453 ἔπαινον,

1318 469 1381 516 τὴν
1397 470 1524 506 ἐκεῖθεν
1541 467 1731 518 ἀποδοχὴν,
1748 466 1811 513 τὴν
1831 467 1928 518 παρὰ
1946 472 2005 505 τοῦ
2029 472 2142 505 κοινοῦ
2161 467 2339 504 Δεσπότου

1319 528 1511 581 εὐφημίαν·
1532 529 1589 566 ἵνα
1610 528 1699 579 μετὰ
1724 530 1848 580 ἀρετ-ἧς
1863 528 1920 565 τὸν
1946 527 2104 578 παρόντα
2126 527 2198 578 βίον
2221 526 2341 564 διανύ-

1319 606 1460 637 σαντες,
1480 593 1549 628 τῶν
1571 589 1838 640 ἐπηγγελμένων
1861 591 2000 640 ἀγαθῶν
2022 587 2082 626 σὺν
2105 594 2174 630 τοῖς
2195 590 2340 638 ἀγαπῶ-

1320 668 1372 690 σιν
1399 651 1499 688 αὐτὸν
1527 650 1762 702 ἓπιτύχωμεν,
1779 649 1900 701 χάριτι
1927 650 1986 687 καὶ
2012 648 2255 701 φιλανθρωπίᾳ
2279 651 2339 686 τοῦ

1319 711 1449 763 Κυρίου
1462 714 1562 762 ἡμῶν
1580 711 1694 758 Ἰησοῦ
1713 711 1891 762 Χριστοῦ,
1912 713 1985 760 μεθ’
2005 705 2042 748 οἷ
2063 713 2112 762 τῷ
2128 710 2242 761 Πατρὶ
2263 710 2338 759 ἅμα

1319 775 1368 824 τῷ
1386 771 1474 824 ἁγίῳ
1494 771 1677 822 Πνεύματι
1698 770 1798 818 δόξα,
1818 770 1963 823 κράτος,
1978 770 2087 821 τιμὴ,
2107 773 2165 809 νῦν
2185 770 2244 809 καὶ
2264 770 2339 818 ἀεὶ,

1321 833 1380 872 καὶ
1399 835 1447 876 εἷς
1466 832 1544 877 τοὺς
1565 835 1691 876 αἰῶνας
1710 836 1778 871 τῶν
1800 832 1944 870 αἰώνων.
1963 832 2088 883 Ἀμήν.

568 1101 775 1140 HOMILIA
807 1098 944 1138 XXIX.

271 1230 358 1267 ΟΜ».
379 1227 480 1265 XIII.
501 1239 536 1263 v.
563 1226 625 1263 16.
655 1224 819 1275 Surgens
854 1228 984 1258 autem
1013 1219 1179 1266 Paulus,
1217 1227 1254 1256 et

323 1302 441 1327 manu
458 1287 653 1326 silentium
669 1286 852 1331 indicens,
871 1283 970 1320 dixit
991 1296 1002 1317 .·
1029 1282 1110 1318 Viri
1125 1282 1252 1318 Israe-

324 1351 415 1397 litoe,
439 1350 551 1400 etqui
572 1347 711 1384 timetis
734 1345 874 1388 Deum,
896 1343 1039 1381 audite.
1059 1343 1122 1382 17,
1146 1343 1253 1379 Deus

319 1411 441 1462 plebis
455 1409 568 1460 hujus
590 1406 703 1457 elegit
718 1412 847 1456 patres
868 1412 1030 1448 nostros,
1047 1409 1083 1439 et
1102 1401 1253 1452 plebem

322 1471 525 1515 exaltavit,
536 1481 622 1505 cum
641 1473 765 1504 essent
780 1464 939 1501 advena?
955 1465 996 1498 in
1013 1470 1115 1499 terra
1132 1462 1253 1513 AEgy-

321 1534 391 1584 pti,
415 1539 450 1569 et
465 1543 551 1568 cum
565 1527 723 1566 brachio
737 1524 886 1563 excelso
907 1523 1039 1561 eduxit
1051 1535 1114 1560 eos
1130 1536 1177 1560 ex
1192 1535 1250 1559 ea.

323 1671 466 1711 [Vide
477 1668 678 1708 Barnabam
689 1664 868 1704 cedentem
890 1662 1015 1711 Paulo,
1035 1668 1074 1698 ut
1095 1668 1128 1698 et
1147 1661 1252 1699 Joan-

269 1748 349 1773 nem
381 1733 515 1782 ubique
536 1732 652 1767 Petro.
675 1727 740 1764 Ille
758 1724 864 1762 (luxit
880 1737 961 1761 cum
978 1736 1022 1759 ex
1041 1722 1217 1758 Damasco
1239 1735 1248 1755 ε

268 1796 365 1847 atqui
384 1791 619 1833 venerabilior
640 1797 713 1826 erat
728 1802 739 1837 3
770 1786 832 1824 scd
853 1784 898 1822 ad
929 1796 1153 1821 communem
1181 1780 1251 1817 uti·
1274 1785 1297 1815 C

266 1859 402 1896 litatem
422 1853 639 1907 spectabant.
664 1851 718 1888 Et
732 1861 904 1899 surgens,
923 1844 1053 1895 inquit,
1078 1852 1113 1881 et
1134 1855 1253 1880 mana

268 1919 462 1957 silentium
493 1914 679 1952 indicens.
711 1911 791 1947 Mos
811 1908 870 1944 hic
889 1905 1023 1945 Judaeis
1053 1913 1151 1942 erat:
1174 1902 1254 1940 ideo

269 1980 318 2017 sie
340 1979 420 2016 illos
438 1974 644 2026 alloquitur.
667 1970 763 2011 Vide
783 1967 964 2019 quomodo
984 1965 1137 2004 sermoni
1157 1964 1256 2003 viam

269 2049 368 2092 paret
390 2054 398 2074 ε
429 2036 547 2090 primo
576 2033 669 2071 enim
704 2029 856 2068 laudans
891 2028 985 2077 illos,
1021 2038 1257 2076 magnamque

271 2100 453 2140 ostendens
473 2111 554 2148 erga
586 2096 681 2147 ipsos
698 2105 833 2140 euram,
854 2103 919 2142 per
941 2087 1038 2139 quod
1056 2086 1160 2137 dicit,
1183 2088 1259 2136 Qui

273 2164 413 2200 timetis
428 2161 570 2201 Deum5
589 2155 639 2192 sic
649 2154 795 2191 demum
808 2149 934 2201 incipit
950 2161 1159 2186 sermonem.
1178 2147 1259 2183 Non

273 2223 379 2271 dixit,
414 2217 604 2270 Proselyti,
640 2213 737 2265 quod
768 2220 841 2249 erat
877 2208 1088 2247 calamitatis
1118 2221 1258 2245 nomen.

276 2286 381 2323 Deus
393 2283 514 2334 plebis
527 2280 640 2330 hujus
657 2276 768 2326 elegit
781 2281 911 2325 patres
929 2279 1078 2308 nostros
1095 2277 1131 2306 et
1143 2281 1262 2320 popu-

278 2349 371 2385 lum.
386 2343 481 2383 Vide
497 2338 672 2392 quomodo
691 2336 879 2374 hominum
899 2345 1123 2370 communem
1134 2332 1261 2378 Deum,

278 2410 436 2462 ipsorum
451 2403 594 2457 proprie
614 2401 729 2438 Deum
745 2396 855 2442 dieat,
867 2404 899 2432 et
915 2392 1074 2432 ostendat
1091 2391 1263 2429 beneficia

280 2482 407 2519 magna
418 2467 493 2518 jam
509 2462 595 2501 olim
614 2459 699 2512 ipsis
725 2457 864 2497 collata,
889 2455 980 2492 sieut
999 2462 1032 2491 et
1051 2452 1262 2503 Stephanus.

282 2532 366 2569 Haee
398 2537 518 2566 autem
545 2522 692 2569 faciunt,
711 2528 750 2556 ut
771 2517 918 2555 doceant
950 2514 1043 2558 illos,
1074 2511 1169 2563 quod
1200 2525 1265 2563 pro
1286 2517 1311 2546 D

283 2605 379 2630 more
390 2603 451 2628 suo
464 2599 558 2624 nunc
571 2582 706 2621 Filium
719 2593 823 2617 suum
841 2575 989 2614 miserit.
1003 2573 1102 2613 Sicut
1116 2582 1150 2609 et
1163 2572 1266 2609 Chri-

285 2663 359 2692 stus
388 2650 433 2688 de
452 2648 556 2687 vinea
575 2643 681 2691 dixit,
705 2640 754 2678 sic
773 2648 806 2676 et
824 2638 884 2675 ille
901 2634 1074 2686 loquitur.
1098 2633 1267 2671 Exalta-

288 2717 341 2751 vit
357 2716 398 2750 in
414 2707 724 2762 peregrinatione
742 2703 784 2737 in
813 2700 997 2750 AEgyptO,
1021 2704 1055 2732 et
1075 2707 1162 2732 cum
1182 2695 1268 2730 bra-

284 2777 371 2814 chio
390 2771 540 2810 excelso
559 2767 688 2805 edzwcit
704 2776 766 2801 eos
782 2775 827 2798 ex
843 2773 901 2797 ea.
924 2756 1033 2807 Atqui
1052 2753 1266 2792 eontrarium

285 2833 462 2873 acciderat
474 2846 486 2880 3
502 2827 565 2867 sed
584 2821 813 2864 multitudine
829 2820 923 2857 aucti
942 2825 1046 2864 sunt;
1061 2815 1133 2852 imo
1150 2822 1183 2851 et
1196 2813 1266 2850 mi-

286 2896 406 2935 racula
423 2900 568 2946 propter
589 2887 670 2925 illos
689 2885 780 2922 faeta
800 2889 893 2919 sunt.
914 2878 963 2916 Et
988 2877 1168 2929 prophetae
1190 2888 1269 2912 me—

288 2964 425 2995 morant
446 2952 578 3002 ubique
596 2962 648 2995 ea,
666 2958 743 2996 quae
762 2943 854 2980 facta
874 2947 956 2977 sunt
979 2938 1016 2974 in
1036 2937 1207 2988 AEgypto.
1223 2935 1272 2972 Et

286 3019 382 3069 vide,
401 3012 578 3068 quomodo
600 3020 759 3060 tempora
790 3001 1032 3041 calamitatum
1051 3006 1270 3050 praetercur-

288 3090 353 3129 rat,
373 3088 406 3117 et
432 3087 607 3126 nusquam
625 3067 774 3108 crimina
799 3065 835 3102 in
862 3061 1024 3099 medium
1053 3058 1189 3105 afferat,
1211 3056 1270 3094 sed

289 3142 355 3180 Dei
369 3137 635 3190 benignitatem,
658 3129 720 3168 illa
742 3126 944 3175 relinquens
963 3120 1048 3173 ipsis
1070 3117 1269 3169 cogitanda.

332 3274 347 3290 '⁴‘
367 3273 420 3313 [ἐν
434 3279 469 3312 γῆ
485 3266 624 3300 Codices
640 3270 754 3294 omnes
769 3258 823 3288 hic
840 3253 980 3287 ethnica.
1001 3248 1090 3282 Editi
1107 3254 1135 3282 ἐν
1154 3246 1220 3291 τῇ]

334 3336 344 3349 ³
364 3329 410 3357 καὶ
435 3328 494 3364 μὴν
520 3321 684 3352 τούναντίον
709 3318 840 3354 γέγονεν,
862 3313 955 3349 alqui
972 3309 1170 3334 contrarium
1196 3310 1287 3329 acci-

289 3380 349 3410 dn.
366 3374 407 3407 Id
429 3381 475 3405 est
488 3397 495 3411 ,
511 3371 542 3403 ni
566 3367 674 3407 fallor,
688 3366 774 3396 Deus
790 3359 903 3393 eduxit
920 3355 992 3388 illos
1018 3364 1056 3385 ex
1072 3352 1236 3394 AEgypm,
1253 3356 1289 3380 ut

1695 1100 1875 1137 ΟΜΙΛΙΑ
1904 1098 1969 1137 κθ’.

1318 1220 1483 1264 Ἀναστὰς
1503 1221 1536 1260 δὲ
1554 1222 1694 1264 Παῦλος
1705 1251 1715 1269 ,
1730 1221 1789 1259 καὶ
1808 1220 2017 1264 κατασείσας
2033 1224 2075 1269 τῇ
2091 1221 2183 1273 χειρὶ
2195 1249 2204 1267 ,
2221 1215 2315 1259 εἶπεν
2331 1236 2339 1243 ·

1373 1282 1492 1333 ἄνδρες
1511 1281 1753 1335 Ἰσραηλῖται,
1770 1282 1830 1319 καὶ
1854 1285 1885 1320 οἱ
1908 1285 1940 1320 ἐν
1958 1285 2039 1332 ὑμῖν
2058 1282 2264 1334 φοέούμενοι
2283 1282 2341 1319 τὸν

1371 1343 1473 1390 Θεὸν,
1493 1342 1674 1381 ἀκούσατε.
1696 1342 1741 1380 ‘O
1766 1342 1854 1385 Θεὸς
1884 1347 1942 1380 τοῦ
1967 1344 2051 1380 λαοῦ
2077 1343 2196 1380 τούτου
2223 1345 2339 1371 33333

1370 1402 1450 1446 ξατο
1468 1403 1547 1446 τοὺς
1570 1403 1724 1456 πατέρας
1751 1406 1864 1454 ἡμῶν,
1890 1403 1949 1440 καὶ
1968 1403 2025 1441 τὸν
2044 1403 2127 1440 λαὸν
2149 1402 2284 1454 ὕψωσεν
2304 1404 2338 1440 ἐν

1369 1467 1411 1515 τῇ
1444 1464 1609 1515 παροικίᾳ
1636 1466 1740 1502 αὐτοῦ
1767 1467 1800 1502 ἐν
1831 1465 1850 1482 '¹'
1864 1467 1908 1516 γῇ
1937 1463 2105 1516 Αἰγύπτῳ
2121 1495 2130 1511 ,
2160 1464 2218 1502 καὶ
2254 1463 2343 1514 μετὰ

1374 1524 1556 1577 βραχίονος
1573 1526 1706 1577 ὑψηλοῦ
1722 1523 1885 1577 ἐξήγαγεν
1908 1525 2029 1568 αὐτοὺς
2048 1525 2080 1570 ἐξ
2099 1527 2220 1572 αὐτῆς.

1371 1656 1468 1711 εὈρα
1490 1657 1546 1695 τὸν
1579 1657 1764 1709 Βαρνάὸαν
1796 1660 2074 1710 παραχωροῦντα
2102 1659 2153 1709 τῷ
2180 1656 2341 1709 Παύλῳ,

1320 1718 1438 1770 ὥσπερ
1458 1719 1518 1756 καὶ
1534 1717 1661 1770 Πέτρῳ
1684 1718 1850 1764 Ἰωάννης
1870 1723 2062 1769 πανταχοῦ.
2083 1718 2194 1761 Αὐτὸς
2213 1717 2343 1770 ἤγαγεν

1322 1779 1423 1817 αὐτὸν
1450 1779 1518 1817 ἀπὸ
1549 1780 1761 1829 Δαμασκοῦ·
1792 1778 1906 1817 καίτοι
1944 1781 2047 1817 αὐτοῦ
2078 1778 2345 1832 αἷδεσιμώτερος

1321 1835 1383 1887 ἦν·
1414 1839 1505 1878 ἀλλὰ
1526 1840 1611 1891 πρὸς
1630 1840 1670 1878 τὸ
1690 1844 1785 1892 κοινῇ
1808 1840 1979 1894 συμφέρον
2001 1841 2129 1893 ἑώρων.
2163 1841 2233 1879 Καὶ
2256 1843 2344 1879 ἀνα-

1323 1901 1430 1947 στὰς,
1454 1901 1559 1953 φησὶ,
1585 1901 1643 1938 καὶ
1677 1902 1886 1945 κατασείσας
1911 1906 1952 1953 τῇ
1981 1903 2085 1956 χειρί.
2107 1903 2212 1946 ’Έθος
2243 1906 2345 1941 τοῦτο

1323 1963 1501 2006 Ἰουδαίοις
1520 1958 1561 2010 ἦν
1575 1978 1582 1985 ·
1605 1963 1657 2001 διὸ
1676 1963 1735 2001 καὶ
1752 1963 1851 2006 αὐτὸς
1868 1963 1958 2000 κατὰ
1971 1969 2072 2003 τοῦτο
2087 1966 2202 2008 αὐτοῖς
2225 1964 2344 2003 διαλέ-

1323 2040 1433 2075 γεται.
1463 2022 1559 2075 ζὈρα
1587 2026 1661 2067 πῶς
1701 2024 1920 2075 προοδοποιεῖ
1954 2027 2003 2077 τῷ
2036 2024 2148 2077 λόγῳ·
2179 2025 2346 2079 πρότερον

1327 2084 1548 2135 ἐγκωμιάσας
1579 2084 1719 2129 αὐτοὺς,
1741 2085 1800 2122 καὶ
1826 2084 1936 2128 δείξας
1965 2085 2097 2131 πολλὴν
2125 2086 2204 2138 περὶ
2227 2086 2347 2130 αὐτοὺς

1326 2144 1388 2191 τὴν
1422 2144 1631 2195 κηδεμονίαν
1665 2145 1720 2183 ’διὰ
1750 2149 1809 2182 τοῦ
1830 2147 1950 2194 εἰπεῖν,
1976 2148 2022 2184 Οἱ
2052 2146 2257 2198 φοὲούμενοι
2289 2147 2346 2185 τὸν

1327 2205 1429 2247 Θεὸν,
1461 2205 1567 2247 οὕτως
1595 2205 1741 2257 ἄρχεται
1764 2210 1823 2243 τοῦ
1852 2205 1971 2256 λόγου.
2000 2207 2069 2244 Καὶ
2099 2209 2159 2245 οὐκ
2186 2202 2294 2256 εἶπεν,
2316 2210 2347 2246 οἱ

1329 2264 1564 2317 προσήλυτοι,
1584 2264 1668 2316 ὅπερ
1696 2260 1738 2310 ἦν
1767 2273 1944 2317 συμφορᾶς
1969 2267 2089 2317 ὄνομα.
2106 2268 2150 2306 ‘O
2173 2270 2262 2311 Θεὸς
2290 2275 2350 2308 τοῦ

1328 2327 1413 2362 λαοῦ
1440 2324 1559 2362 τούτου
1591 2324 1768 2368 ἐξελέξατο
1795 2325 1872 2368 τοὺς
1901 2326 2054 2377 πατέρας
2077 2330 2177 2377 ἡμῶν
2209 2329 2268 2366 καὶ
2291 2330 2349 2367 τὸν

1329 2384 1425 2423 λαόν,
1441 2384 1539 2436 “Opoe
1558 2387 1633 2427 πῶς
1653 2385 1712 2422 καὶ
1734 2386 1835 2428 αὐτὸς
1859 2386 1916 2423 τὸν
1938 2386 2050 2423 κοινὸν
2070 2391 2137 2425 τῶν
2158 2389 2350 2441 ἀνθρώπων

1332 2446 1421 2483 Θεὸν
1447 2447 1556 2482 αὐτῶν
1585 2445 1678 2488 ἰδίως
1705 2447 1830 2495 καλεῖ,
1860 2446 1917 2483 καὶ
1942 2446 2111 2485 ῗείκνυσιν
2132 2449 2258 2487 ἄνωθεν
2291 2450 2352 2494 τὰς

1334 2506 1531 2558 εὐεργεσίας
1557 2508 1658 2544 αὐτοῦ
1684 2506 1838 2558 μεγάλας
1858 2507 1978 2555 οὔσας,
2001 2509 2157 2560 καθάπερ
2175 2510 2236 2547 καὶ
2257 2511 2352 2550 Στέ-

1334 2582 1449 2618 φανος.
1466 2569 1587 2604 Ταῦτα
1613 2565 1648 2603 δὲ
1677 2572 1846 2613 ποιοῦσιν,
1863 2566 1920 2605 ἵνα
1939 2569 2170 2608 παιδεύσωσιν
2202 2572 2325 2616 αὐτοὺς
2341 2601 2350 2618 ,

1335 2627 1387 2664 ὅτι
1398 2627 1455 2664 καὶ
1469 2632 1524 2665 νῦν
1539 2625 1629 2664 κατὰ
1645 2626 1683 2664 τὸ
1700 2628 1782 2665 αὐτὸ
1794 2628 1865 2671 ἔθος
1875 2628 1932 2666 τὸν
1948 2629 2029 2667 Υἱὸν
2045 2633 2145 2670 αὐτοῦ
2157 2633 2353 2672 ἀπέστειλε.

1337 2688 1503 2739 Καθάπερ
1525 2687 1583 2725 καὶ
1602 2691 1619 2725 ὃ
1638 2688 1786 2740 Χριστὸς
1810 2682 1902 2727 εἶπεν
1921 2692 1955 2727 ἐν
1976 2694 2026 2742 τῷ
2044 2693 2246 2742 ἀμπελῶνι,
2263 2694 2354 2732 οὕτω

1336 2749 1394 2786 καὶ
1415 2748 1514 2791 αὐτός
1541 2764 1655 2799 φησιν.
1683 2748 1849 2800 Γ’Υψωσεν
1872 2753 1906 2788 ἐν
1926 2754 1968 2802 τῇ
1994 2753 2160 2804 παροικία
2177 2755 2211 2791 ἐν
2229 2758 2273 2805 γῆ
2290 2756 2354 2792 Αἷ-

1336 2810 1469 2862 γύπτῳ,
1485 2810 1543 2847 καὶ
1556 2809 1643 2859 μετὰ
1661 2810 1842 2863 βραχίονος
1857 2813 1988 2862 ὑψηλοῦ
2002 2798 2167 2864 ἐξήγαγεν
2178 2798 2298 2860 αὐτοὺς
2320 2816 2355 2861 ἐξ

1337 2874 1452 2918 αὐτῆς.
1469 2870 1560 2908 ὃΚαὶ
1582 2869 1649 2919 μὴν
1671 2871 1864 2908 τούναντίον
1883 2871 2038 2923 γέγονεν·
2061 2875 2136 2911 ἀλλ’
2159 2877 2206 2918 εἷς
2225 2878 2356 2922 πλῆθος

1337 2931 1504 2970 ἐπέδοσαν
1522 2946 1529 2953 ·
1555 2929 1644 2968 ἀλλὰ
1668 2931 1712 2968 τὰ
1732 2931 1893 2982 θαύματα
1915 2933 1957 2969 δι’
1976 2933 2096 2978 αὐτοὺς
2114 2934 2246 2987 γε’γονε.
2265 2939 2355 2975 Τού-

1338 3009 1406 3031 των
1425 2991 1483 3029 καὶ
1499 2992 1529 3029 οἳ
1544 2993 1720 3042 προφῆται
1740 2991 2011 3041 μνημονεύουσιν
2036 2995 2088 3032 οἰεὶ
2109 2998 2176 3033 τῶν
2197 2999 2274 3035 κατ’
2291 2998 2357 3036 Αἴ-

1338 3067 1479 3105 γυπτον.
1498 3051 1567 3089 Καὶ
1583 3050 1646 3102 ὅρα
1663 3054 1735 3096 πῶς
1751 3051 1828 3095 τοὺς
1853 3053 1990 3105 καιροὺς
2006 3057 2073 3092 τῶν
2091 3060 2274 3110 συμφορῶν
2289 3075 2357 3097 πα-

1436 3113 1444 3125 Ι

1342 3129 1521 3168 pompe-Lei,
1551 3113 1611 3150 καὶ
1634 3114 1783 3163 οὐδαμοῦ
1817 3114 1861 3151 τὰ
1890 3116 2097 3167 ἐγκλήματα
2127 3120 2279 3171 παράγει
2310 3123 2358 3164 εἷς

1354 3242 1524 3275 induceret
1547 3243 1578 3273 in
1598 3249 1719 3273 terram
1740 3243 1984 3284 promissionis;
2002 3246 2058 3277 sed
2076 3247 2119 3278 ob
2142 3247 2275 3280 illorum
2297 3260 2358 3281 ne-

1355 3294 1493 3338 quitiam
1516 3295 1720 3326 contrarium
1745 3294 1886 3337 accidit,
1904 3308 1979 3329 nam
1995 3299 2138 3331 maxima
2155 3312 2230 3342 pars
2248 3302 2279 3333 in
2297 3302 2355 3334 de-

1355 3354 1441 3379 serto
1463 3347 1571 3388 periit.
