2502 3810
738 229 778 258 IN
817 228 958 258 EPIST.

126 308 320 360 ἐπιγνόντες
333 310 508 359 ἄνθρωποι
528 310 559 346 οἱ
579 307 613 352 ἐξ
632 311 752 346 ἐθνῶν·
774 309 848 346 ἐπεὶ
867 303 923 347 οῦν
943 312 1052 346 ταῦτα
1079 308 1140 347 λέ-

125 385 241 421 γοντες
261 370 318 408 τὸν
340 369 429 407 Θεὸν
450 369 708 421 ἐὸλασφήμουν,
725 369 856 408 ἀκούων
876 373 984 407 ταῦτα
1002 368 1061 406 καὶ
1076 370 1141 406 δα-

125 430 287 480 κνόμενος
306 434 323 468 ὃ
352 431 506 477 Παῦλος,
533 430 591 467 καὶ
618 429 704 481 ὑπὲρ
729 433 790 476 τῆς
813 430 909 476 δόξης
939 432 1053 480 ἀλγῶν
1083 433 1142 467 τοῦ

126 494 237 536 Θεοῦ,
255 490 383 544 ηὔξατο
404 491 560 540 ἀνάθεμα
581 485 685 539 εἶναι,
706 491 739 528 εἴ
759 507 798 542 γε
816 491 957 529 δυνατὸν
981 485 1035 538 ἦν,
1053 489 1143 527 ὥστε

127 551 273 594 ἐκείνους
295 554 447 597 σωθῆναι
462 581 471 598 ,
492 552 551 589 καὶ
564 551 626 597 τὴν
645 551 869 603 βλασφημίαν
887 552 1017 597 ταύτην
1036 566 1143 588 κατα-

126 614 288 660 λυθῆναι,
310 613 369 650 καὶ
390 612 437 663 μὴ
459 612 553 656 δόξαι
569 613 627 650 τὸν
645 613 735 651 Θεὸν
755 612 975 658 ἠπατηκέναι
994 610 1070 655 τοὺς
1086 614 1144 649 ἐκ-

127 674 242 724 γόνους
262 673 338 717 τοὺς
361 673 512 722 ἐκείνων,
527 668 574 716 οἷς
589 673 650 717 τὰς
665 673 793 726 δωρεὰς
815 673 1056 723 ἐπηγγείλατο.
1076 671 1145 709 Καὶ

126 733 181 771 ἵνα
199 734 310 784 μάθῃς
324 763 333 779 ,
353 733 406 772 ὅτι
422 732 508 784 ὑπὲρ
524 732 644 771 τούτου
659 733 869 783 κοπτόμενος
881 763 889 776 ,
909 736 968 770 τοῦ
985 732 1033 782 μὴ
1051 731 1145 776 δόξαι

127 794 188 842 τὴν
227 794 413 846 ὑπόσχεσιν
452 800 512 833 τοῦ
552 797 642 833 Θεοῦ
686 793 884 832 διαπίπτειν
922 793 985 839 τὴν
1020 793 1143 843 λέγου-

128 871 190 893 σαν
224 858 272 907 τῷ
304 855 482 908 Ἀέραὰμ,
515 854 579 893 Σοὶ
610 854 709 892 δώσω
749 853 811 900 τὴν
847 856 911 904 γῆν
942 852 1068 899 ταύτην
1087 852 1145 890 καὶ

132 918 181 967 τῷ
201 916 376 969 σπέρματί
410 931 490 961 σου,
531 919 641 952 ταῦτα
674 913 821 964 ηὔχετο·
845 912 934 964 μετὰ
962 912 1001 950 τὸ
1034 916 1145 949 ταῦτα

130 979 249 1024 εἰπεῖν,
278 977 468 1027 ἐπήγαγεν·
503 977 584 1025 Οὐχ
612 969 680 1012 οἷον
709 973 763 1018 δὲ,
792 973 845 1011 ὅτι
876 973 1099 1011 ἐκπέπτωκεν
1128 976 1146 1010 ὃ

127 1037 226 1087 λόγος
258 1042 317 1074 τοῦ
349 1039 456 1074 Θεοῦ·
486 1034 617 1077 δεικνὺς
649 1034 702 1072 ὅτι
728 1034 843 1072 πάντα
870 1037 979 1071 ταῦτα
1006 1033 1062 1071 διὰ
1088 1034 1146 1072 τὸν

126 1096 225 1147 λόγον
246 1100 304 1133 τοῦ
332 1098 423 1134 Θεοῦ
459 1098 643 1144 ὑπομεῖναι
669 1094 846 1146 ἠνείχετο·
872 1093 1045 1141 τουτέστι,
1083 1095 1145 1140 τὴν

127 1156 335 1207 ἐπαγγελίαν
370 1156 431 1202 τὴν
473 1155 557 1206 πρὸς
599 1154 758 1207 Ἀδραὰμ
794 1154 1038 1205 γεγενημένην,
1073 1156 1146 1192 Κα-

129 1216 238 1268 θάπερ
258 1216 325 1268 γὰρ
345 1218 499 1262 Μωῦσῆς
517 1216 626 1253 ἐδόκει
656 1215 717 1265 μὲν
747 1215 833 1267 ὑπὲρ
853 1214 1030 1252 Ἰουδαίων
1061 1230 1145 1266 πρε-

131 1277 279 1324 egedam,
296 1277 336 1315 τὸ
353 1276 387 1314 δὲ
402 1283 470 1314 πᾶν
500 1275 586 1329 ὑπὲρ
610 1279 671 1322 τῆς
690 1276 787 1321 δόξης
800 1279 859 1313 τοῦ
875 1277 966 1314 Θεοῦ
980 1275 1148 1327 ἔπραττεν

128 1338 230 1386 (Ἵνα
257 1337 324 1390 γὰρ
353 1337 400 1387 μὴ
433 1337 578 1383 εἴπωσι,
610 1337 726 1388 φησὶν,
746 1337 799 1374 ὅτι
820 1336 918 1389 παρὰ
950 1337 990 1374 τὸ
1014 1337 1062 1387 μὴ
1093 1336 1147 1374 δύ-

128 1403 252 1436 νασθαι
270 1397 390 1441 αὐτοὺς
409 1401 539 1444 σῶσαι,
556 1397 719 1448 ἐξήγαγεν
734 1397 854 1440 αὐτοὺς·
870 1397 1039 1436 ἀπολέσαι
1057 1399 1090 1436 ἐν
1107 1401 1150 1449 τῇ

130 1460 250 1512 ἐρήμῳ
264 1475 272 1482 ·
293 1459 489 1496 κατοίλυσον
509 1459 572 1504 τὴν
592 1457 725 1509 ὀργήν)-
747 1457 834 1495 οὔτω
860 1458 900 1504 δὴ
921 1458 981 1496 καὶ
1000 1460 1152 1505 Παῦλος,

130 1520 186 1558 ἵνα
210 1520 258 1570 μὴ
280 1519 424 1566 εἴπωσι,
448 1519 564 1571 φησὶν,
584 1518 636 1556 ὅτι
656 1518 814 1562 ἐξέπεσεν
835 1522 856 1564 ἡ
885 1519 1076 1570 ἐπαγγελία
1094 1523 1153 1557 τοῦ

131 1584 224 1619 Θεοῦ
238 1609 246 1625 ,
278 1580 337 1617 καὶ
368 1580 535 1631 ἐψεύσατο
555 1579 576 1616 ἃ
593 1579 765 1630 ὑπέσχετο
780 1609 789 1626 ,
820 1579 880 1617 καὶ
901 1581 948 1622 εἷς
967 1579 1063 1631 ἔργον
1092 1580 1153 1617 οὐκ

132 1640 438 1691 ἐξῆλθενὸλόγος,
468 1639 668 1690 ἦξουλόμην
700 1640 857 1690 ἀνάθεμα
887 1639 1056 1691 γενέσθαι.
1087 1639 1154 1677 Διὰ

133 1701 173 1748 δὴ
192 1705 291 1739 τοῦτο
307 1703 371 1752 οὐχ
382 1700 468 1751 ὑπὲρ
482 1703 549 1738 τῶν
567 1703 669 1738 ἐθνῶν
687 1716 790 1752 φησιν
813 1700 993 1753 (οὐδὲγὰρ
1008 1695 1049 1747 ἦν
1069 1700 1154 1754 πρὸς

132 1761 279 1804 ἐκείνους
296 1761 552 1812 ἐπηγγελμένον
568 1761 671 1806 αὐτὸ,
694 1761 769 1799 οὐδὲ
789 1756 878 1808 ἦσαν
896 1762 996 1800 αὐτὸν
1013 1765 1154 1815 τεθερα-

131 1822 317 1866 πευκότες·
339 1823 390 1860 διὸ
412 1821 488 1860 οὐδὲ
511 1822 759 1873 ἐέλασφήμουν
778 1823 879 1860 αὐτὸν
903 1823 947 1860 δι’
968 1823 1154 1871 ἐκείνους),

135 1884 210 1921 ἀλλ’
232 1882 318 1934 ὑπὲρ
334 1885 402 1920 τῶν
418 1882 595 1920 Ἰουδαίων
609 1886 675 1920 τῶν
696 1882 756 1920 καὶ
778 1883 840 1930 τὴν
860 1883 1069 1934 ἐπαγγελίαν
1103 1885 1155 1921 δε-

137 1942 305 1992 ξαμένων,
335 1943 394 1980 καὶ
414 1945 481 1996 πρὸ
505 1947 571 1981 τῶν
607 1944 721 1981 ἄλλων
758 1944 1003 1982 οἶκει(ι)θε’ντων
1041 1946 1154 1997 αὐτῷ,

135 2008 242 2041 ταῦτα
273 2003 415 2053 ηὔχετο.
448 1997 569 2051 Εἶδες,
597 2003 670 2049 ὅτι,
701 2006 730 2042 εἷ
758 2003 818 2054 μὲν
847 2003 932 2057 ὑπὲρ
951 2008 1020 2042 τῶν
1050 2007 1153 2043 ἐθνῶν

136 2063 282 2108 ηὔξατο,
302 2066 364 2101 οὐκ
390 2063 429 2101 ἂν
462 2063 567 2107 οὕτως
588 2063 695 2115 ἐφάνη
725 2067 885 2115 καθαρῶς
917 2065 973 2102 διὰ
1003 2065 1067 2111 τὴν
1094 2069 1154 2104 τοῦ

267 2124 358 2137 Νῖκιν

137 2125 287 2175 Χριστου
303 2139 401 2168 οοςαν
419 2130 519 2163 τοῦτο
535 2128 642 2163 ποιῶν
657 2141 663 2148 ·
683 2128 743 2163 ἐπε

765 2124 795 2138 ‘xx
828 2124 934 2141 ‘stcx

749 2141 802 2171 ιοη
824 2142 858 2163 οε
876 2141 961 2179 υπερ
976 2126 1154 2164 Ἰουδαίων

134 2185 303 2231 ἐδουλήθη
331 2185 489 2236 γενέσθαι
509 2186 684 2236 ἀνάθεμα,
714 2187 792 2225 τότε
820 2187 972 2237 μάλιστα
999 2187 1155 2239 ἐδείχθη,

133 2245 185 2282 ὅτι
206 2245 261 2283 διὰ
279 2246 336 2284 τὸν
362 2247 511 2298 Χριστὸν
533 2247 633 2297 μόνον
653 2251 765 2284 ταῦτα
785 2249 957 2298 ἐπιθυμεῖ·
983 2247 1038 2285 διὰ
1054 2252 1155 2287 τοῦτο

132 2306 261 2357 ἔλεγεν,
274 2300 381 2354 ἙὨνὴ
403 2307 555 2345 υἱοθεσία
578 2307 636 2346 καὶ
655 2311 676 2354 ἡ
695 2307 776 2351 δόξα
800 2307 860 2345 καὶ
881 2311 902 2353 ἡ
923 2308 1069 2361 λατρεία
1093 2309 1153 2347 καὶ

131 2370 152 2413 ἡ
173 2367 373 2418 ἐπαγγελία.
392 2369 461 2406 Καὶ
480 2368 546 2422 γὰρ
563 2371 580 2406 ὁ
596 2368 699 2419 νόμος
717 2371 844 2407 ἐκεῖθεν
862 2372 879 2407 ὃ
894 2369 972 2421 περὶ
990 2373 1048 2407 τοῦ
1065 2371 1153 2422 Χρι-

132 2432 211 2466 στοῦ
233 2428 358 2479 λέγων,
392 2429 499 2481 φησὶ,
525 2430 584 2468 καὶ
604 2433 638 2468 αἱ
656 2434 824 2477 συνθῆκαι
853 2433 888 2468 αἱ
920 2431 1004 2483 πρὸς
1030 2431 1153 2476 αὐτοὺς

131 2496 266 2535 πᾶσαι,
288 2490 346 2527 καὶ
367 2491 466 2533 αὐτὸς
487 2490 521 2534 ἐξ
541 2493 666 2538 αὐτῶν,
687 2491 746 2529 καὶ
766 2493 796 2529 οἳ
816 2493 963 2543 πατέρες
992 2495 1022 2531 οἱ
1053 2492 1152 2537 δεξά-

133 2565 228 2598 μενοι
246 2549 308 2592 τὰς
331 2550 537 2601 ἐπαγγελίας
564 2551 598 2595 ἐξ
628 2552 766 2589 ἐκείνων
790 2552 937 2596 πάντες·
962 2554 1038 2591 ἀλλ’
1059 2553 1152 2604 ὅμως

132 2610 324 2648 τούναντίον
347 2611 482 2662 γε’γονε,
502 2612 560 2649 καὶ
576 2612 715 2650 πάντων
737 2613 898 2657 ἐξέπεσον
915 2615 983 2651 τῶν
1000 2616 1150 2664 ἀγαθῶν.

133 2671 200 2709 Δια
222 2676 323 2709 τοῦτο
348 2672 540 2723 κόπτομαι,
561 2673 666 2725 φησὶ,
689 2674 749 2712 καὶ
769 2673 800 2711 εἴ
817 2668 916 2725 γεῆν
937 2678 1152 2726 χωρισθῆναι

130 2737 189 2770 τοῦ
208 2733 287 2783 περὶ
304 2732 360 2770 τὸν
379 2733 530 2785 Χριστὸν
546 2739 670 2786 χοροῦ,
685 2734 744 2772 καὶ
765 2735 1057 2787 ἀλλοτριωθῆναι,
1075 2737 1152 2788 οὐχὶ

131 2797 194 2839 τῆς
224 2794 362 2844 ἀγάπης
391 2796 494 2832 αὐτοῦ
514 2795 583 2845 (μὴ
604 2795 756 2845 γένοιτο,
788 2796 863 2835 ἐπεὶ
891 2797 950 2835 καὶ
979 2802 1088 2835 ταῦτα
1107 2799 1150 2835 δι’

131 2855 269 2904 ἀγάπην
287 2855 427 2903 ἐποίει),
444 2855 533 2894 ἀλλὰ
549 2856 608 2894 καὶ
628 2859 690 2902 τῆς
701 2857 923 2901 ἀπολαύσεως
945 2858 1076 2904 ἐκείνης
1095 2859 1154 2897 καὶ

129 2917 191 2960 τ’ἧς
210 2915 327 2961 δόξης,
349 2917 585 2968 κατεδεξάμην
608 2918 661 2965 ἂν,
689 2917 779 2956 ὥστε
795 2917 844 2969 μὴ
879 2919 937 2957 τὸν
971 2919 1153 2967 Δεσπότην

133 2978 428 3027 βλασφημηθῆναι
445 2978 501 3015 τὸν
520 2978 614 3028 ἐμὸν,
630 2979 686 3016 ’διὰ
703 2979 801 3030 τὸμὴ
820 2981 964 3018 ἀκοῦσαι
983 2980 1154 3032 λεγόντων

131 3039 244 3083 τινῶν,
261 3036 312 3074 ὅτι
328 3037 437 3084 σκηνὴ
452 3038 496 3075 τὰ
512 3039 705 3091 πράγματα
737 3039 887 3092 γέγονεν·
923 3041 1040 3084 ἄλλοις
1074 3040 1156 3079 ὑπέ-

133 3111 247 3146 σχετο,
265 3097 446 3142 καὶᾶλλοις
457 3098 594 3137 ἔδωκεν·
611 3099 644 3144 ἐξ
664 3100 778 3138 ἄλλων
800 3100 978 3151 ἐγεννήθη,
998 3101 1057 3138 καὶ
1079 3099 1157 3143 τοὺς

133 3158 256 3199 ἄλλους
274 3157 382 3196 ἔσωσε
393 3174 400 3182 ·
417 3166 485 3202 τοῖς
511 3163 578 3198 τῶν
599 3161 777 3200 Ἰουδαίων
792 3161 972 3213 προγόνοις
989 3161 1158 3213 ἐπήγγελ-

131 3234 182 3265 το,
201 3218 259 3255 καὶ
276 3218 351 3260 τοὺς
371 3220 527 3268 ἐκγόνους
547 3223 659 3259 αὐτῶν
675 3223 791 3274 ἀφεὶς,
810 3223 889 3266 τοὺς
914 3222 1077 3263 οὐδέποτε
1098 3226 1159 3261 αὔ·-

131 3279 188 3316 τον
203 3278 394 3329 ἐγν(ι)κότας
406 3282 453 3322 εἷς
480 3281 523 3318 τὰ
545 3282 680 3320 ἐκείνων
695 3285 877 3336 εἰσήγαγεν
893 3285 1018 3336 ἀγαθοί·
1038 3287 1160 3323 ἐκεῖνοι

132 3340 187 3376 τὶν
197 3339 430 3390 νόμονέκαμον
443 3343 664 3391 μελετῶντες,
676 3343 734 3381 καὶ
745 3342 805 3386 τὰς
816 3345 1028 3397 προφητείας
1043 3347 1161 3397 ἀναγι-

131 3398 332 3449 *noanon-53,
353 3401 409 3438 zai.
425 3404 455 3439 οἱ
472 3401 539 3439 ἀπὸ
550 3405 615 3440 τῶν
632 3405 756 3453 βωμῶν
771 3404 829 3441 καὶ
844 3408 911 3442 τῶν
925 3404 1073 3443 εἰδώλων
1083 3404 1162 3457 χθὲς

997 228 1056 257 ΑΙ)
1092 227 1201 257 ROM-

1241 226 1395 257 IIOMIL.
1435 227 1529 257 XVI.

2093 207 2187 271 (Σῦς)

1211 307 1294 358 quia
1313 307 1422 359 igitur
1438 306 1513 344 haec
1527 305 1681 344 dicentes
1699 314 1818 344 contra
1836 307 1951 343 Deum
1968 304 2190 356 blasphema-

1211 367 1319 416 bant,
1336 368 1411 405 haec
1428 366 1575 405 audiens
1597 367 1727 406 Paulus
1743 376 1776 404 et
1799 380 1890 418 aegre
1909 366 2038 416 ferens,
2066 379 2106 403 ac
2126 379 2191 417 pro

1213 428 1280 465 Dei
1306 428 1416 479 gloria
1435 427 1573 476 dolens,
1594 427 1732 479 optavit
1752 427 1936 466 anathema
1953 440 2038 475 esse,
2064 426 2093 464 si
2114 425 2192 463 fieri

1214 498 1344 540 posset,
1367 498 1405 527 ut
1432 488 1485 526 illi
1504 489 1592 528 salvi
1620 497 1746 536 essent,
1771 498 1804 527 et
1823 489 1916 526 hanc
1932 487 2192 540 blasphemiam

1214 552 1332 603 abigi,
1359 565 1401 589 ne
1430 551 1612 590 videretur
1634 554 1729 590 Deus
1748 552 1892 590 illorum
1917 552 2067 604 majores
2088 550 2191 588 dece-

1168 610 1191 640 C
1214 612 1321 663 pisse,
1340 612 1471 663 quibus
1487 612 1579 649 dona
1599 612 1780 664 pollicitus
1804 613 1932 652 fuerat.
1956 612 2001 650 Et
2021 621 2061 649 ut
2077 611 2194 649 discas

1216 672 1318 709 illum
1335 672 1402 710 hoc
1421 672 1566 710 moleste
1583 673 1763 722 ferentem,
1784 682 1822 710 ut
1847 688 1889 711 ne
1909 673 2092 711 videretur
2111 686 2193 725 pro-

1215 732 1336 770 missio
1358 733 1421 770 Dei
1434 732 1656 783 intercidere,
1671 747 1741 784 qua
1759 734 1960 772 Abrahamo
1976 734 2112 772 dictum
2126 742 2190 780 est,

1221 795 1304 830 Tibi
1316 794 1418 830 dabo
1435 802 1577 831 terram
1587 795 1740 842 hanc-,et
1749 797 1887 831 semini
1901 803 1979 841 tuo,
1995 795 2071 832 hece
2084 804 2196 846 optas-

1217 867 1280 891 se:
1310 863 1500 905 postquam
1528 854 1605 892 ltaec
1645 854 1798 903 dixerat,
1835 855 1975 893 addidit
2000 872 2007 891 :
2031 859 2067 895 Ο.
2107 859 2196 894 Non
2214 864 2394 900 Gen.12.7.

1217 922 1360 960 antem,
1375 915 1481 966 quod
1493 915 1677 952 exciderit
1688 917 1848 952 verbum
1863 917 1953 960 Det)-
1967 917 2151 955 ostendens
2162 932 2196 955 se

1215 973 1291 1011 haec
1309 973 1424 1011 omnia
1439 983 1584 1030 propter
1602 974 1754 1013 verbum
1769 976 1836 1012 Dei
1850 976 1939 1013 ferre
1956 978 2066 1027 velle,
2086 978 2196 1025 idest,

1216 1044 1362 1087 propter
1389 1036 1660 1087 promissionem
1682 1036 1832 1074 Abrahae
1852 1038 1993 1075 [actam.
2014 1039 2199 1084 Quemad-

1219 1095 1368 1133 modum
1388 1096 1482 1134 enim
1501 1098 1645 1149 Moyses
1664 1096 1856 1134 videbatur
1883 1097 2026 1148 quidem
2046 1113 2109 1150 pro
2138 1101 2159 1138 J
2164 1114 2203 1136 u-

1220 1155 1308 1194 daeis
1344 1155 1577 1206 intercedere,
1608 1165 1723 1194 totum
1754 1167 1873 1195 autem
1901 1173 1966 1210 pro
1998 1158 2112 1210 gloria
2139 1160 2204 1198 Dei

1220 1216 1371 1254 faciebat
1385 1218 1458 1264 (Ne
1474 1218 1621 1263 dicant,
1640 1217 1765 1268 inquit,
1783 1220 1887 1270 quod
1903 1222 1994 1271 quia
2010 1233 2086 1257 non
2097 1229 2202 1271 pote-
2218 1234 2307 1261 Dent.
2332 1240 2364 1270 9.

1221 1287 1283 1316 rat
1303 1272 1584 1326 illos'servare,
1608 1279 1743 1317 eduxit
1772 1280 1876 1326 illos,
1905 1289 1946 1318 ut
1967 1281 2142 1332 perderet
2163 1284 2205 1319 in
2218 1272 2268 1302 23·

1173 1346 1198 1374 l)
1221 1339 1369 1377 deserto
1386 1355 1395 1376 .·
1414 1340 1559 1391 depone
1575 1342 1716 1388 iramj:
1731 1340 1780 1378 ita
1794 1351 1826 1378 et
1841 1341 1986 1390 Paulus,
2003 1344 2056 1380 Ne
2068 1342 2202 1393 dicant,

1222 1400 1351 1450 inquit,
1373 1400 1645 1452 promissionem
1666 1401 1731 1440 Dei
1751 1401 1945 1451 excidisse,
1966 1417 2118 1454 eumque
2137 1418 2207 1442 non

1224 1460 1358 1498 stetisse
1378 1460 1577 1512 promissis,
1596 1475 1660 1500 nec
1674 1463 1784 1500 verba
1807 1463 1843 1500 in
1862 1477 1950 1515 opus
1966 1463 2104 1512 exiisse,
2125 1465 2207 1503 vel-

1222 1521 1293 1558 lem
1324 1520 1512 1558 anathema
1542 1521 1633 1559 fieri.
1664 1521 1819 1573 Ideoque
1848 1537 1916 1560 non
1950 1539 2015 1576 pro
2044 1524 2209 1576 gentibus

1223 1580 1384 1631 loquitur
1415 1580 1505 1630 (non
1537 1581 1632 1619 enim
1663 1582 1703 1620 id
1730 1583 1802 1621 illis
1834 1584 2048 1635 promissum
2077 1586 2209 1635 fuerat,

1225 1656 1337 1692 neque
1353 1641 1472 1694 ipsum
1491 1643 1672 1681 coluerant
1692 1659 1700 1682 :
1720 1657 1830 1694 quare
1843 1659 1912 1682 non
1931 1655 2076 1697 propter
2093 1655 2210 1697 gentes

1225 1700 1524 1754 blasphemabant
1549 1701 1689 1751 illum);
1709 1701 1770 1739 sed
1792 1717 1856 1754 pro
1875 1703 2024 1751 Judaeis,
2045 1704 2107 1754 qui
2128 1719 2210 1756 pro-

1226 1762 1430 1800 missionem
1446 1771 1665 1813 acceperant,
1691 1771 1723 1800 et
1745 1777 1816 1814 praa
1837 1763 1917 1800 aliis
1938 1763 2007 1816 ipsi
2032 1766 2212 1817 conjuncti

1226 1830 1337 1871 crant,
1360 1820 1433 1858 haec
1455 1821 1612 1872 optabat.
1632 1821 1765 1861 Viden'
1786 1823 1894 1872 quod,
1917 1822 1945 1860 si
1963 1836 2026 1874 pro
2046 1823 2212 1875 gentibus

1224 1890 1389 1933 precatus
1420 1880 1557 1931 fuisset,
1578 1895 1649 1919 non
1678 1881 1726 1919 ita
1756 1882 1850 1920 clare
1871 1883 2064 1933 videretur,
2093 1884 2212 1936 ipsum

1224 1957 1289 1994 pro
1310 1942 1443 1980 Christi
1460 1943 1571 1995 gloria
1589 1943 1663 1981 haec
1682 1943 1803 1982 fecisse
1826 1961 1833 1981 :
1854 1945 1938 1995 quia
1956 1959 2039 1983 vero
2059 1960 2124 1998 pro
2145 1949 2167 1987 J
2171 1962 2212 1984 u-

1180 2014 1203 2042 E
1225 2003 1309 2041 (lenis
1335 2004 1477 2042 volebat
1501 2018 1575 2043 esse
1594 2004 1794 2051 anathema,
1818 2014 1902 2043 tunc
1929 2007 2086 2045 maxime
2113 2022 2208 2045 com-

1224 2064 1414 2115 probatum
1430 2074 1496 2112 est,
1516 2065 1622 2102 illum
1641 2079 1705 2117 pro
1724 2065 1864 2103 Christo
1883 2067 1957 2104 solo
1983 2067 2060 2104 haec
2077 2067 2211 2106 deside-

1223 2140 1301 2163 rare
1324 2141 1331 2161 ε
1357 2125 1436 2164 ideo
1461 2125 1556 2164 dixit
1581 2142 1589 2166 ε
1626 2128 1795 2177 Quorum
1827 2129 1983 2179 adoptio
2015 2137 2052 2166 et
2081 2131 2209 2181 gloria

1225 2193 1261 2222 et
1278 2186 1405 2223 cultus
1425 2195 1461 2224 et
1477 2189 1692 2238 promissio.
1716 2187 1857 2225 Etenim
1877 2188 1959 2226 inde
1975 2189 2055 2236 lex,
2074 2189 2206 2240 inquit,

1222 2261 1300 2297 quae
1318 2247 1362 2284 de
1376 2247 1518 2285 Christo
1537 2247 1710 2298 loquitur,
1732 2258 1764 2286 et
1783 2258 1900 2300 pacta,
1922 2263 2000 2299 quae
2022 2251 2139 2288 omnia
2163 2252 2208 2289 ad

1221 2307 1302 2345 illos
1320 2308 1508 2359 pertinent,
1529 2316 1562 2345 et
1581 2308 1655 2360 ipse
1673 2323 1717 2347 ex
1735 2309 1807 2347 illis
1831 2319 1941 2358 ortus,
1961 2319 1995 2347 et
2014 2320 2131 2362 patres
2147 2314 2208 2364 qui

1220 2370 1394 2422 promissa
1423 2380 1659 2422 acceperunt,
1691 2386 1736 2410 ex
1769 2372 1840 2410 illis
1868 2387 1988 2411 omnes
2016 2389 2023 2409 :
2053 2383 2208 2414 attamen

1221 2431 1440 2469 contrarium
1454 2431 1585 2480 evenit,
1604 2441 1669 2470 eta
1689 2433 1791 2471 bonis
1806 2433 1972 2472 omnibus
1986 2435 2206 2476 exciderunt.

1220 2495 1409 2544 Propterea
1422 2493 1631 2543 discrucior,
1651 2494 1781 2545 inquit,
1801 2504 1834 2532 et
1853 2495 1882 2532 si
1898 2509 2036 2547 possem
2051 2499 2207 2550 separari

1221 2568 1241 2590 a
1261 2553 1395 2592 Christi
1415 2554 1536 2603 choro,
1558 2564 1592 2592 et
1610 2555 1817 2605 abalienari,
1838 2570 1906 2593 non
1925 2557 1971 2594 ab
1986 2558 2062 2609 ejus
2089 2573 2206 2597 amore

1216 2607 1349 2663 (absit,
1371 2616 1454 2665 quia
1478 2615 1571 2653 illud
1594 2625 1739 2668 propter
1753 2631 1910 2655 amorem
1929 2619 2125 2670 faciebat),
2143 2621 2206 2659 sed

1222 2675 1266 2711 ab
1285 2675 1347 2712 illa
1369 2676 1535 2714 fruitione
1557 2685 1589 2714 et
1608 2676 1732 2727 gloria,
1754 2677 1791 2714 id
1807 2677 2044 2730 admitterem,
2066 2690 2105 2718 ut
2124 2683 2203 2720 Do·

1222 2734 1340 2771 minus
1366 2749 1465 2773 meus
1499 2749 1568 2773 non
1598 2736 1918 2788 blasphemaretur,
1949 2753 2011 2777 nec
2042 2740 2207 2779 audirem

1223 2795 1395 2847 quosdam
1423 2796 1592 2847 dicentes,
1623 2812 1678 2836 res
1708 2798 1744 2835 in
1776 2813 1914 2838 scenam
1943 2815 2060 2840 versas
2093 2817 2168 2841 esse
2196 2820 2204 2842 ε

1224 2856 1314 2895 Aliis
1343 2858 1528 2910 promisit,
1555 2859 1634 2897 aliis
1662 2858 1783 2910 dedit;
1820 2875 1864 2899 ex
1887 2862 1968 2900 aliis
1995 2872 2098 2902 natus
2130 2875 2202 2915 est,

1168 2918 1310 2968 606alios
1337 2920 1493 2957 servavit
1509 2935 1520 2970 3
1557 2920 1767 2959 ¹Iudaeorum
1796 2923 1992 2974 majeribus
2025 2926 2206 2977 pollicitus

1179 2981 1201 3009 Α
1226 2988 1310 3028 erat,
1330 2988 1364 3017 et
1378 2979 1525 3018 illorum
1545 2981 1644 3033 prole
1658 2981 1840 3032 derelicta,
1861 2998 1919 3022 eos
1941 2986 2002 3036 qui
2023 3001 2206 3038 nunquam

1227 3040 1331 3077 illum
1353 3051 1545 3090 noverant,
1565 3041 1601 3079 in
1621 3042 1766 3080 illorum
1785 3043 1877 3081 bona
1909 3045 2135 3085 introduxit:
2153 3049 2208 3086 illi

1229 3102 1340 3152 legem
1359 3102 1568 3141 meditantes
1596 3103 1810 3142 insudabant
1832 3115 1866 3143 et
1885 3107 2086 3159 prophetias
2114 3109 2209 3162 lege-

1229 3163 1329 3213 bant,
1347 3172 1380 3200 et
1393 3163 1447 3201 illi
1465 3177 1510 3201 ex
1527 3164 1596 3202 aris
1616 3173 1649 3202 et
1663 3164 1769 3202 idolis
1784 3166 1860 3204 heri
1872 3169 2016 3217 reversi,
2029 3170 2112 3208 facti
2129 3181 2211 3210 sunt

1229 3222 1301 3260 illis
1320 3223 1535 3275 superiores:
1550 3238 1593 3261 an
1613 3224 1689 3262 haec
1707 3225 1929 3277 providentia
1943 3230 2017 3267 est?
2034 3231 2087 3269 Ne
2102 3231 2212 3284 igitur

1231 3282 1305 3320 haec
1319 3283 1482 3321 dicantur
1502 3283 1547 3321 de
1559 3285 1712 3323 Domino
1734 3301 1825 3337 meo,
1847 3288 1978 3340 inquit,
2001 3291 2066 3329 etsi
2085 3292 2213 3345 injuste

1231 3343 1407 3393 dicantur,
1426 3358 1446 3381 a
1465 3358 1573 3395 regno
1593 3346 1760 3384 caelorum
1784 3348 1933 3388 libenter
1968 3351 2165 3391 exciderem
2183 3364 2216 3392 et

1233 3419 1251 3444 a
1270 3404 1380 3456 gloria
1406 3405 1467 3442 illa
1488 3405 1673 3461 ineffabili,
1704 3410 1891 3461 omniaque
1924 3413 2046 3464 gravia
2064 3415 2214 3454 sustine·
