2502 3810
319 258 412 316 054

319 358 503 397 stantiores
529 368 664 404 sumus,
699 367 738 390 ac
759 352 962 404 pavimento
980 352 1208 390 honestiores.
1229 353 1303 390 Cur

321 433 403 469 ergo
422 417 524 455 nobis
544 415 726 466 neglectiS,
741 415 778 451 in
793 413 837 451 iis
853 414 1012 452 studium
1027 423 1186 452 nostrum
1202 427 1303 465 repo-

323 482 456 528 nimus,
481 492 558 529 quae
578 477 662 514 hinc
680 476 869 527 migrantes
889 491 956 514 non
978 490 1166 529 possumus
1184 475 1303 514 nobis·

325 557 405 580 cum
434 542 537 589 ferre,
559 552 622 576 nec
652 552 744 590 saepe
771 539 829 576 vel
845 537 905 576 hic
926 547 1105 576 manentes
1131 537 1279 575 retinere
1294 566 1304 584 ‚

324 616 405 640 cum
424 601 599 653 possimus
618 599 668 637 ita
682 598 810 637 divites
827 613 915 648 esse,
941 607 981 636 ut
1009 612 1078 636 non
1096 598 1204 636 modo
1221 597 1282 635 hic
1293 626 1304 647 ,

323 662 383 700 sed
403 662 508 699 etiam
536 659 611 697 illic
643 658 902 711 opulentissimi
932 658 1193 710 appareamus?
1212 658 1306 695 Nam

323 723 384 773 qui
400 735 514 772 agros,
535 720 641 768 aedes,
658 733 786 768 aurum
801 719 837 756 in
851 719 968 756 anima
990 718 1207 768 circumfert,
1225 717 1306 755 ubi-

324 796 474 833 cumque
493 781 591 821 visus
611 780 729 829 fuerit,
745 794 826 818 cum
842 779 898 817 his
924 779 1060 817 divitiis
1075 788 1235 831 apparet.
1259 779 1308 817 Et

325 846 516 897 quomodo,
549 843 702 894 inquies,
733 851 847 894 potest
878 842 947 880 hoc
968 842 1046 879 fieri
1062 841 1080 879 Ρ
1114 843 1243 889 Potest,
1275 850 1309 879 et

326 905 519 944 admodum
547 904 660 942 facile.
688 904 782 941 Nam
800 903 831 941 si
849 902 886 940 in
905 902 1029 940 caelum
1044 902 1105 939 illa
1119 901 1307 940 transferas

326 983 388 1020 per
403 981 527 1005 manus
536 978 747 1018 pauperum,
767 963 885 1001 omnia
897 964 1082 1001 transferes
1101 963 1138 1000 in
1154 963 1308 1000 animam

327 1038 425 1066 tuam
445 1044 452 1064 ε
475 1028 523 1065 ita
542 1036 581 1063 ut
598 1034 732 1078 postea,
751 1024 914 1075 quamvis
935 1038 1029 1061 mors
1049 1023 1228 1070 adveniat,
1249 1038 1309 1061 ne-

327 1104 385 1127 mo
403 1089 467 1126 tibi
486 1088 565 1125 illas
599 1086 736 1138 eripiat,
774 1085 837 1123 sed
871 1085 958 1122 illuc
991 1084 1092 1122 dix-es
1123 1084 1307 1135 migrabis.

328 1148 546 1202 Hujusmodi
576 1147 782 1184 thesaurum
806 1146 932 1183 habuit
963 1145 1141 1183 Tabitha:
1166 1144 1312 1196 ideoque

329 1225 398 1248 non
421 1209 548 1247 domus
570 1207 669 1245 illam
692 1207 863 1245 celebrem
894 1205 1068 1256 reddidit,
1105 1219 1175 1243 non
1205 1206 1312 1256 muri,

329 1285 398 1309 non
418 1270 566 1321 lapides,
586 1282 655 1305 non
675 1267 858 1315 columnae,
876 1266 938 1304 scd
957 1280 1103 1318 corpora
1120 1266 1312 1305 viduarum
1332 1283 1356 1312 D

329 1332 468 1379 induta,
502 1331 587 1367 fusae
621 1329 800 1381 lacrymae,
832 1342 926 1366 mors
960 1327 1145 1378 aufugiens
1176 1336 1209 1365 et
1240 1328 1315 1365 vita

331 1392 483 1430 rediens.
499 1389 690 1442 Ejusmodi
705 1398 738 1426 et
754 1403 817 1426 nos
832 1388 1019 1440 apothecas
1038 1388 1140 1425 nobis
1167 1402 1314 1440 compa-

329 1466 461 1497 remus,
477 1451 563 1488 tales
582 1449 684 1487 nobis
704 1457 928 1486 exstiuamus
948 1447 1050 1484 aedes.
1071 1447 1130 1485 Sic
1147 1456 1180 1485 et
1198 1448 1315 1485 Deum

329 1520 576 1570 ‹ooperantem
599 1508 824 1555 habebimus,
857 1516 889 1544 et
908 1521 970 1544 nos
993 1521 1074 1544 cum
1094 1507 1169 1558 ipso
1193 1521 1316 1558 opera-

326 1573 458 1610 bimur.
480 1571 546 1608 Ille
564 1583 716 1619 namque
734 1582 779 1605 ex
798 1567 910 1604 nihilo
932 1581 1068 1618 pauper
1071 1581 1105 1604 es
1119 1567 1315 1619 pioduxi13

326 1644 354 1671 t
357 1649 365 1670 1
385 1647 468 1670 xeio
484 1630 674 1683 ploduetos
690 1642 758 1666 non
774 1636 888 1665 suisti
907 1627 999 1664 fame
1015 1627 1145 1679 polire,
1168 1628 1225 1667 vel
1240 1628 1313 1666 mi-

326 1693 429 1740 seria,
466 1691 623 1740 undique
649 1702 793 1735 curans,
826 1687 987 1725 reficiens
1013 1697 1047 1725 et
1067 1687 1225 1726 excitans
1248 1688 1313 1726 Dei

325 1754 511 1805 templum.
552 1749 651 1799 Quid
682 1763 767 1789 vero
803 1748 899 1800 paris
929 1748 1095 1786 utilitatis
1126 1758 1160 1786 et
1192 1749 1314 1800 gloriae

325 1815 460 1854 fucrit?
487 1812 594 1860 Quod
617 1812 646 1851 si
665 1811 823 1850 nondum
854 1810 938 1848 satis
965 1810 1157 1861 edidicisti,
1185 1826 1254 1862 quo
1283 1820 1317 1849 te

326 1879 423 1915 Deus
437 1882 640 1913 ornamento
654 1871 973 1919 decoraverit‚cum
984 1870 1090 1922 jussit
1108 1880 1142 1908 te
1157 1885 1315 1923 pauper—

327 1947 434 1975 tatem
457 1937 586 1983 fox-cre,
611 1932 705 1971 illud
722 1941 839 1970 tecum
858 1940 981 1984 reputa
1002 1947 1010 1967 τ
1044 1931 1073 1969 si
1096 1932 1161 1969 tibi
1182 1941 1315 1970 tantam
1336 1947 1360 1976 Ε

327 1997 427 2035 daret
445 2005 667 2048 potestatem,
690 2002 730 2031 ut
749 1993 871 2030 labens
887 1992 1014 2029 caelum
1033 1993 1166 2044 erigere
1184 2007 1315 2045 posses,

328 2073 444 2096 annon
463 2057 502 2095 id
520 2070 584 2109 pro
610 2055 743 2093 honore
760 2053 908 2090 haberes
926 2062 959 2091 te
977 2053 1082 2104 longe
1100 2054 1315 2106 superante?

328 2119 420 2157 Ecce
433 2117 558 2170 majori
569 2126 602 2154 te
616 2129 708 2153 nunc
718 2114 852 2151 honore
865 2113 1032 2164 dignatus
1046 2123 1106 2152 est.
1119 2116 1210 2152 Nam
1220 2114 1316 2165 quod

330 2181 424 2219 ecelis
439 2180 526 2232 ipsis
541 2176 728 2230 pretiosius
745 2184 807 2223 est,
838 2174 875 2212 id
906 2175 973 2212 tibi
991 2175 1201 2226 erigendum
1220 2189 1315 2213 com-

331 2239 428 2276 misit
445 2254 452 2274 :
472 2239 509 2275 in
529 2237 634 2274 rebus
652 2234 747 2272 enim
762 2233 969 2270 visibilibus
984 2233 1075 2270 nihil
1089 2233 1186 2285 apud
1201 2235 1315 2271 Deum

331 2315 396 2353 par
415 2309 465 2337 est
482 2297 631 2336 homini.
654 2297 746 2333 riam
767 2303 800 2332 et
819 2295 943 2332 caelum
965 2303 996 2332 et
1016 2303 1146 2332 terram
1165 2304 1198 2333 et
1221 2309 1317 2333 mare

331 2370 477 2414 propter
490 2360 594 2397 illum
610 2357 712 2395 fecit:
731 2365 765 2394 et
785 2356 821 2393 in
840 2355 902 2392 illo
917 2355 1079 2393 habitare
1098 2356 1210 2407 magis
1230 2369 1317 2407 gau-

332 2423 406 2469 det,
437 2434 543 2472 quam
563 2420 600 2456 in
621 2418 718 2455 caelo.
752 2419 915 2454 Attamen
948 2429 1010 2453 nos
1041 2416 1118 2454 haec
1140 2417 1314 2464 videntes,

333 2483 470 2520 nullam
485 2480 699 2532 templmum
724 2476 791 2514 Dei
811 2490 933 2514 curam
951 2475 1135 2525 habemus,
1162 2476 1223 2515 sed
1244 2477 1315 2515 illis

334 2542 512 2594 neglectis,
523 2552 668 2590 magnas
681 2546 714 2575 et
729 2536 936 2606 splendidas
961 2536 1062 2574 nobis
1081 2538 1315 2575 construimus

1308 2579 1376 2607 593

782 268 814 296 S.
846 265 1029 297 JOANNIS
1065 263 1298 294 CHRYSOST.
1331 263 1538 296 ARCHIEP.
1576 267 1931 299 CONSTANTINOP.

1374 354 1595 405 ριῖαλώμεθα
1616 356 1659 395 τὰ
1678 358 1851 410 ἡμέτερα·
1873 356 1961 395 πολὺ
1983 355 2050 407 γὰρ
2069 357 2136 392 τῶν
2164 353 2289 404 τοίχων
2305 352 2389 402 βελ-

1371 415 1463 458 τίους
1488 419 1590 466 ἡμεῖς
1606 447 1615 464 ,
1636 417 1696 455 καὶ
1722 421 1781 455 τοῦ
1810 418 1954 469 ἐδάφους
1973 415 2184 468 σεμνότεροι.
2212 412 2260 451 Τί
2276 412 2390 450 τοίνυν

1372 476 1465 525 ἡμᾶς
1482 476 1602 521 αὐτοὺς
1621 478 1775 530 ἀφέντες,
1794 480 1841 523 εἷς
1861 481 1973 517 ἐκεῖνα
1995 477 2057 524 τὴν
2082 474 2233 521 σπουδὴν
2251 473 2392 511 ἅπασαν

1372 542 1550 586 κενοῦμεν,
1580 538 1668 590 ἅπερ
1691 538 1856 582 ἀπιόντας
1875 541 1935 577 οὐκ
1950 538 2000 576 ἔνι
2014 538 2147 583 λαὸεῖν,
2167 534 2336 576 πολλάκις
2354 532 2392 570 δὲ

1373 596 1450 634 οὐδὲ
1468 597 1615 636 ἐνταῦθα
1642 598 1806 648 μένοντας
1824 603 2028 650 κατασχεῖν,
2047 597 2157 649 παρὸν
2174 595 2262 633 οὕτω
2278 595 2390 631 πλου-

1373 661 1455 702 Τὲἷν,
1475 659 1521 699 ὡς
1548 657 1596 707 μὴ
1616 659 1717 709 μόνον
1740 660 1886 697 ἐνταῦθα
1899 687 1909 705 ‚
1933 657 2022 697 ἀλλὰ
2039 656 2099 695 καὶ
2121 658 2191 694 ἐκεῖ
2211 653 2392 706 φαίνεσθαι

1374 718 1554 768 εὖπορωτα
1557 734 1650 762 τους·
1643 750 1652 766 ,
1667 719 1712 757 Ο
1727 719 1793 771 γὰρ
1808 720 1868 758 καὶ
1879 719 1923 757 τὰ
1936 718 2051 771 χωρία
2066 733 2124 756 και
2137 716 2198 758 τὰς
2211 714 2320 756 οικίας
2333 729 2391 750 και

1374 794 1413 816 το
1447 778 1588 829 χρυσίον
1618 779 1675 818 ἐπι
1707 782 1769 826 τ”ἧς
1795 782 1911 832 ψυχῆς
1937 778 2144 833 περιφέρων,
2173 776 2324 824 ὅπουπερ
2351 772 2394 810 ἂν

1376 854 1485 891 φάνῃ,
1514 841 1604 890 μετὰ
1622 856 1680 879 του
1708 841 1858 880 πλούτου
1887 840 2046 893 φαίνεται
2065 854 2198 877 τουτου.
2229 836 2298 874 Καὶ
2318 837 2394 878 πῶς

1376 899 1425 937 ἔνι
1445 916 1546 939 τουτο
1565 902 1722 952 γενέσθαι
1739 933 1748 951 ,
1780 918 1863 954 φησι
1856 902 1905 939 ’·ν
1897 933 1906 950 ,
1932 901 2030 946 Ἐνι,
2050 899 2109 938 καὶ
2131 897 2219 949 μετὰ
2238 894 2396 938 πλείονος

1377 961 1546 1004 εὐκολίας.
1567 960 1627 1000 Αν
1649 963 1716 1014 γὰρ
1743 965 1790 1007 εἷς
1810 963 1868 1001 τὸν
1885 961 2025 1016 οὐρανόν
2053 959 2140 997 αὐτὰ
2168 955 2356 1009 μεταθῇς
2339 953 2396 992 ot&

1367 1038 1439 1068 -της
1458 1038 1524 1060 των
1547 1039 1703 1070 ‘rt-:vntum
1723 1039 1855 1076 χΞῑρΟς,
1880 1024 2018 1061 ἅπαντα
2038 1023 2085 1064 Εἷς
2105 1036 2167 1066 ‘t’rv
2189 1033 2313 1057 GOEU—OU
2331 1017 2395 1066 ψυ-

1377 1081 1446 1134 χὴν
1462 1083 1668 1132 μεταθήσεις
1679 1115 1688 1131 ,
1706 1083 1796 1121 ὥστε
1811 1083 1875 1122 κᾶν
1891 1083 2035 1126 θάνατος
2054 1080 2180 1131 ἕπε’λθῃ
2195 1076 2329 1124 λοιπὸν,
2344 1076 2397 1114 οὗ·

1380 1144 1446 1186 δείς
1461 1159 1500 1181 σε
1517 1143 1602 1182 αὐτὰ
1623 1145 1874 1197 ἀφαιρήσεται,
1895 1145 1971 1183 ἀλλ’
1989 1142 2162 1192 ἀπελεύσῃ
2178 1141 2278 1177 κάκεῖ
2294 1138 2395 1175 πλου-

1380 1207 1458 1244 τῶν.
1470 1207 1633 1244 Τοιοῦτον
1647 1200 1738 1257 εἶχεν
1752 1209 1774 1252 ἡ
1789 1206 1929 1244 Tagae&
1944 1203 2115 1256 θησαυρόν
2127 1218 2134 1226 ·
2150 1200 2206 1240 διὰ
2217 1203 2318 1238 τοῦτο
2333 1199 2399 1248 οὔχ

1379 1269 1400 1312 ἡ
1418 1266 1508 1304 οἰκία
1521 1265 1628 1312 αὐτὴν
1644 1266 1887 1317 ἀνεκήρυττεν,
1903 1265 1978 1304 οὐδὲ
1995 1268 2026 1302 οἱ
2044 1270 2156 1315 τοῖχοι
2172 1261 2248 1300 οὐδὲ
2264 1262 2294 1298 οἱ
2308 1258 2400 1298 λίθοι

1381 1326 1457 1365 οὐδὲ
1486 1328 1516 1364 οἱ
1536 1326 1645 1368 κίονες
1658 1357 1667 1373 ,
1685 1327 1774 1363 ἀλλὰ
1791 1326 1941 1376 σώματα
1956 1328 2076 1377 χηρῶν
2099 1321 2323 1372 ἐνδεδυμένα,
2337 1319 2398 1357 καὶ

1382 1387 1514 1438 δάκρυα
1535 1387 1743 1438 ἐκχεόμενοι,
1759 1387 1817 1423 καὶ
1836 1387 1980 1428 θάνατος
2000 1382 2231 1436 δραπετεύων,
2250 1380 2309 1418 καὶ
2328 1378 2399 1423 ζωὴ

1381 1447 1609 1485 1ἐ’πανιοῧσα.
1630 1448 1805 1489 Τοιαύτας
1823 1447 1882 1485 καὶ
1903 1449 2004 1495 ἡμεῖς
2026 1447 2159 1486 ἑαυτοῖς
2186 1439 2402 1480 κατασκευά-

1383 1524 1499 1558 σωμεν
1515 1508 1693 1554 ἀποθήκας
1705 1538 1714 1555 ,
1729 1507 1888 1550 τοιαύτας
1899 1504 2184 1555 οἷκοδομήσιι)μεν
2199 1506 2332 1544 ἑαυτοῖς
2345 1503 2402 1539 οἷ-

1382 1569 1471 1612 κίας.
1483 1568 1536 1607 Οὔ
1540 1584 1588 1606 τω
1596 1585 1655 1607 και
1665 1585 1722 1606 τον
1737 1569 1828 1607 Θεὸν
1841 1582 2003 1620 συνεργόν
2017 1567 2051 1603 3.
2037 1565 2149 1616 ζομεν,
2164 1581 2223 1603 και
2237 1579 2333 1602 αυτοι
2346 1580 2402 1601 αυ·

1382 1645 1442 1667 του
1461 1629 1616 1693 συνεργοὶ
1638 1629 1799 1680 ἐσόμ;θα.
1822 1629 1935 1672 Αυτὸς
1955 1627 2018 1678 μὲν
2033 1626 2100 1679 γὰρ
2114 1628 2154 1664 ἐκ
2166 1642 2226 1664 του
2243 1625 2292 1676 μὴ
2308 1625 2403 1667 ὄντος

1383 1693 1430 1734 εἷς
1440 1707 1506 1729 τοε
1510 1695 1600 1729 ἰναι,
1590 1691 1685 1764 παρή
1687 1707 1733 1742 (α
1735 1707 1774 1742 γε
1788 1706 1864 1733 τους
1875 1705 2094 1740 πενομενους,
2110 1705 2150 1727 συ
2162 1686 2197 1726 δὲ
2207 1685 2404 1740 παραχθεν-

1383 1768 1443 1795 τας
1455 1752 1513 1789 καὶ
1527 1767 1564 1803 γε
1569 1752 1729 1803 νομένους
1742 1766 1802 1789 ουκ
1812 1751 1929 1794 εἴασας
1942 1751 2172 1802 διαφθαρτναι
2182 1765 2230 1786 τι)
2240 1751 2333 1799 λιμιο)
2344 1747 2404 1785 καὶ

1383 1816 1425 1865 τῇ
1435 1815 1539 1863 λοιπῇ
1551 1812 1785 1865 ταλαιπωρία,
1797 1811 1994 1865 θεραπεύων
2009 1811 2068 1849 καὶ
2082 1810 2334 1862 διορθούμενος,
2344 1808 2404 1846 καὶ

1383 1874 1599 1926 πανταχόθεν
1621 1874 1754 1926 ἀνέχων
1776 1878 1836 1911 τοῦ
1853 1875 1944 1912 Θεοῦ
1960 1873 2017 1911 τὸν
2037 1871 2117 1909 ναόν
2132 1887 2140 1895 ·
2168 1865 2205 1909 οῧ
2225 1871 2259 1908 τί
2276 1870 2402 1921 γένοιτ’

1386 1936 1424 1973 ἂν
1443 1936 1513 1973 ἴσον
1529 1937 1577 1979 εἷς
1590 1934 1759 1987 ὠφελείας
1775 1934 1833 1973 καὶ
1850 1933 2002 1978 εὐδοξίας
2017 1933 2138 1985 λόγον,
2158 1933 2202 1970 Εἰ
2219 1931 2253 1970 δὲ
2270 1931 2405 1970 οὐδέπω

1384 2000 1502 2048 σαφῶς
1521 1996 1735 2046 κατέμαθες,
1761 1996 1900 2047 πηλίκῳ
1926 2011 1964 2033 σε
1983 1994 2158 2045 ἐκόσμησε
2177 1994 2298 2045 κόσμῳ
2313 2022 2324 2038 ,
2345 2009 2403 2031 κε-

1383 2057 1505 2101 λεύσας
1525 2058 1678 2108 διορθοῦν
1708 2057 1843 2102 πενίαν,
1867 2058 1977 2094 ἐκεῖνο
2000 2055 2136 2106 λογίζου
2157 2055 2242 2106 πρὸς
2261 2054 2403 2092 ἑαυτόν·

1385 2119 1416 2157 εἴ
1429 2134 1482 2157 σοι
1498 2117 1668 2165 τοσαύτην
1685 2117 1809 2155 ἔδωκεν
1827 2116 1992 2163 ἐξουσίαν,
2008 2116 2098 2154 ὥστε
2112 2116 2169 2154 τὸν
2186 2114 2326 2168 οὐρανὸν
2346 2114 2404 2152 δύ-

1384 2183 1509 2218 νασθαι
1535 2178 1800 2217 καταπίπτοντα
1816 2179 1982 2231 διορθοῦν,
2006 2178 2069 2215 οὐκ
2086 2176 2128 2213 ἂν
2146 2176 2251 2226 τιμὴν
2273 2175 2406 2227 σφόδρα

1386 2257 1423 2279 σε
1443 2240 1716 2292 ὓπερίῗαίνουσαν
1744 2238 1785 2276 τὸ
1807 2245 1955 2290 πρᾶγμα
1982 2237 2161 2287 ἓνόμισας;
2184 2236 2272 2276 Ἰδοὺ
2293 2236 2406 2274 τοίνυν

1388 2300 1539 2351 μείζονός
1565 2316 1601 2338 σε
1621 2299 1814 2346 κατηξίωσε
1833 2304 1889 2337 νῦν
1909 2301 2028 2348 τιμῆς.
2064 2297 2114 2335 “O
2131 2298 2198 2348 γὰρ
2218 2299 2286 2334 τῶν
2303 2299 2407 2347 οὖρα-

1385 2364 1451 2399 νῶν
1469 2363 1559 2399 ἐστιν
1576 2363 1666 2412 αὐτῷ
1681 2360 1901 2412 τιμιώτερον,
1917 2359 2018 2398 τοῦτο’
2032 2374 2085 2396 σοι
2100 2360 2252 2410 διορθοῦν
2268 2357 2407 2410 ἐπέτρε-

1385 2424 1446 2473 ψεν
1459 2437 1467 2444 ·
1483 2420 1663 2472 ἀνθρώπου
1677 2420 1744 2473 γὰρ
1760 2420 1854 2459 οὐδὲν
1870 2419 1942 2457 ἴσον
1962 2422 2029 2457 τῶν
2046 2418 2230 2470 ὁρωμένων
2245 2422 2295 2471 τῷ
2310 2420 2405 2471 Θεῷ.

1385 2482 1456 2521 Καὶ
1478 2482 1546 2535 γὰρ
1563 2482 1620 2519 καὶ
1637 2481 1779 2533 οὐρανὸν
1801 2480 1861 2519 καὶ
1874 2484 1938 2532 γῆν
1953 2479 2012 2518 καὶ
2029 2480 2202 2518 θάλατταν
2219 2481 2262 2517 δι’
2278 2483 2405 2518 ἐκεῖνον

1388 2542 1545 2589 εποίησε·
1566 2559 1623 2581 και
1644 2544 1736 2594 αὐτῳ
1753 2542 1912 2592 μᾶλλον
1898 2557 2038 2579 ενοικων
2060 2540 2300 2594 εὐφραίνεται,
2319 2540 2341 2587 ἢ
2355 2543 2405 2592 τῷ

335 2607 439 2644 aedes
454 2604 539 2643 Ideo
561 2602 725 2641 omnibus
743 2599 849 2639 vacui
866 2599 970 2637 bonis
989 2613 1122 2649 sumus,
1142 2609 1175 2638 et
1193 2600 1236 2638 iis
1255 2600 1318 2650 qui
1341 2616 1368 2645 A
1388 2606 1533 2656 οὖρανῶ.
1560 2603 1651 2642 'm
1673 2603 1767 2654 ὅμως
1786 2606 1887 2654 τμεῐς
1915 2618 1974 2639 και
1999 2607 2108 2640 ταῦτα
2137 2601 2285 2650 ειδότες,
2313 2603 2407 2640 οὐδε-

336 2667 441 2706 valde
457 2679 553 2718 paup
543 2677 628 2702 eles
654 2670 736 2700 sunt
755 2661 990 2714 pauperimes,
1006 2660 1090 2711 quia
1111 2661 1191 2699 illas
1215 2676 1317 2700 orna-

335 2742 414 2766 mus
433 2726 538 2775 aedes,
562 2738 648 2775 quas
670 2736 739 2760 non
762 2735 950 2773 possumus
980 2722 1117 2760 auferre
1136 2722 1319 2761 cumhinc

336 2789 544 2840 migramus,
562 2785 633 2823 illis
649 2783 806 2821 dimissis
825 2797 912 2834 quas
931 2782 1115 2820 nobiscum
1133 2785 1320 2822 transferre

337 2861 532 2902 possemus.
548 2847 640 2883 Nam
657 2843 827 2881 dissoluta
840 2857 1038 2894 pauperum
1047 2857 1193 2896 corpora
1207 2846 1320 2883 omni-

338 2923 383 2946 no
403 2915 596 2958 resurgent.
620 2905 716 2941 Tum
733 2904 844 2948 Deus,
867 2902 929 2952 qui
949 2902 1024 2940 haec
1042 2904 1224 2956 praecepit,
1247 2905 1320 2943 illis

338 2970 375 3007 in
395 2968 554 3006 medium
581 2964 757 3012 adductis,
784 2962 948 3000 laudabit
978 2977 1046 3011 eos,
1077 2964 1138 3014 qui
1160 2965 1320 3016 ipsorum

338 3044 461 3068 curam
478 3028 645 3075 habuere,
671 3034 704 3062 et
732 3023 960 3077 praedjcabit,
993 3023 1074 3074 quia
1108 3024 1207 3075 illos,
1240 3041 1319 3067 cum

339 3090 444 3129 modo
464 3104 483 3127 a
501 3089 592 3127 fame
612 3086 748 3138 lapsuri
767 3093 879 3122 essent
892 3114 902 3133 ,
936 3083 1042 3122 modo
1061 3098 1080 3122 a
1110 3086 1270 3126 nuditate
1288 3098 1321 3126 et

339 3167 357 3190 a
384 3151 525 3202 frigore,
553 3148 668 3186 modis
691 3145 856 3185 omnibus
876 3154 1125 3183 sustentarunt.
1157 3150 1320 3188 Attamen

339 3222 388 3250 tot
407 3211 506 3249 nobis
527 3208 715 3262 propositis
742 3206 926 3252 laudibus,
965 3206 1084 3244 adhuc
1114 3217 1320 3248 cunctamur

339 3283 369 3310 ct
388 3272 582 3323 refugimus
597 3268 784 3321 pulchram
804 3266 904 3304 illam
918 3280 1051 3304 curam.
1069 3270 1182 3318 Atque
1216 3269 1319 3309 Chri-

381 3389 397 3413 b
422 3389 607 3429 ζὲπκνῦιίοα
626 3388 661 3417 Α.
675 3397 749 3418 cum
768 3385 1002 3427 1narg.Saxil.]

1391 2664 1472 2715 μίαν
1490 2666 1557 2701 τῶν
1574 2668 1632 2702 τοῦ
1648 2666 1739 2703 Θεοῦ
1754 2666 1845 2701 ναῶν
1860 2662 1964 2713 ἐπιμέ
1980 2678 2060 2700 ειαν
2076 2662 2299 2713 ποιουμεθα
2280 2679 2302 2709 η
2318 2663 2406 2716 πρό-

1389 2739 1497 2771 νοιαν,
1524 2725 1600 2761 ἀλλ’
1630 2724 1772 2777 ἀφέντες
1796 2723 1916 2766 αὐτοὺς
1937 2724 2147 2772 ἠμελῆσθαι,
2163 2726 2296 2766 ἑαυτοῖς
2307 2725 2406 2774 λαμ-

1390 2784 1479 2836 πρὰς
1495 2784 1554 2822 καὶ
1577 2786 1730 2836 μεγάλας
1744 2784 2046 2833 κατασκευάζομεν
2069 2784 2191 2827 οἰκίας.
2225 2785 2293 2822 Διὰ
2307 2789 2410 2823 τοῦτο

1390 2845 1515 2896 ἔρημοι
1540 2845 1680 2883 πάντων
1713 2845 1818 2895 ἐσμὲν
1843 2848 1911 2883 τῶν
1947 2847 2102 2895 ἀγαθῶν,
2137 2845 2198 2883 καὶ
2224 2849 2292 2883 τῶν
2323 2845 2409 2897 σφό-

1392 2907 1455 2982 δρα
1472 2905 1630 2951 πενήτων
1657 2906 1800 2957 πτωχότ
1803 2920 1892 2957 εροι,
1920 2922 1974 2943 οτι
2000 2905 2126 2949 ταύτας
2145 2906 2408 2957 καλλωπίζομεν

1390 2983 1451 3011 τας
1475 2966 1604 3014 οἰκίας,
1626 2966 1666 3009 ἃς
1691 2968 1728 3004 οὐ
1750 2966 1923 3016 ουνάμεθα
1947 2966 2077 3004 λαὲόντ
2058 2983 2112 3010 τες
2127 2969 2278 3004 εντεῧθεν
2295 2968 2407 3004 ἀπελ-

1391 3031 1472 3075 θεῖν,
1494 3026 1635 3078 ἀφέντες
1659 3026 1790 3069 ἐκείνας
1803 3056 1812 3073 ,
1837 3026 1877 3068 ἃς
1894 3026 1969 3076 μεθ’
1983 3029 2083 3076 ἡμων
2102 3042 2213 3064 αυτων
2229 3042 2409 3078 συμμετα-

1393 3093 1501 3126 θεῖναι
1520 3088 1580 3126 ἔνι.
1605 3087 1674 3125 Καὶ
1688 3086 1755 3139 γὰρ
1774 3087 1978 3125 διαλυθέντα
1991 3088 2035 3125 τὰ
2052 3087 2201 3138 σώματα
2217 3090 2284 3126 τῶν
2302 3089 2405 3136 πενή-

1390 3165 1457 3187 των
1473 3148 1707 3195 ἀναστήσεται
1720 3148 1859 3192 ποίντως
1871 3164 1878 3171 ·
1892 3148 1951 3186 καὶ
1967 3149 2180 3201 παραγαγὼν
2198 3148 2317 3193 αὐτοὺς
2331 3149 2409 3187 τότε

1389 3215 1407 3249 ὃ
1430 3214 1539 3248 ταῦτα
1557 3209 1720 3253 ἐπιτάξας
1734 3210 1823 3253 Θεὸς
1835 3238 1844 3255 ,
1866 3209 2087 3247 ἐπαινέσεται
2102 3209 2179 3253 τοὺς
2194 3212 2409 3260 ἓπιμελησα-

1393 3271 1511 3318 μένους
1534 3273 1656 3319 αὐτῶν,
1679 3270 1737 3308 καὶ
1755 3270 1991 3320 θαυμάσεται,
2008 3269 2060 3308 ὅτι
2078 3270 2265 3321 μέλλοντας
2285 3269 2405 3313 αὐτοὺς
