2502 3810
800 224 843 253 IN
881 223 1020 254 EPlST.
1061 224 1119 253 AD
1157 224 1265 254 ROM.

157 302 248 354 αὐτῷ
268 303 316 354 τῷ
334 301 427 340 ἄνθει
443 305 503 348 τῆς
525 302 661 349 ἡλικίας
688 304 753 341 εἶσὶ
771 305 971 352 διαπαντὸς,
987 305 1071 356 πρὸς
1087 305 1174 343 ἅπα-

155 379 217 400 σαν
248 364 367 415 μάχην
388 364 446 401 καὶ
479 364 593 409 πάλην
623 365 676 402 ἀεὶ
700 366 1043 417 παρεσκευασμέναι·
1075 366 1110 402 αἱ
1138 364 1174 401 δὲ

152 426 221 460 τῶν
248 425 464 475 ἁμαρτωλῶν
497 424 561 462 κᾶν
591 425 717 477 μικρὰν
751 425 915 470 δέξωνται
952 425 1172 478 προσῧολὴν,

152 483 274 521 ἔπεσόν
297 500 335 521 τε
362 484 484 527 εὐθέως
503 485 561 522 καὶ
582 485 772 524 ἀπώλοντο.
795 486 863 524 Καὶ
892 490 992 524 τοῦτο
1025 487 1137 532 δηλῶν
1156 489 1173 523 ὃ

152 544 332 595 προφήτης
357 545 484 597 ἔλεγεν,
501 544 552 583 ὅτι
569 545 669 585 εΩετεὶ
688 551 809 598 χνοῦς,
830 547 864 584 ὃν
883 547 1037 598 ἕκρίπτει
1057 550 1074 584 ὁ
1097 546 1173 584 ἅνε-

153 620 215 654 μος
235 605 303 643 ἀπὸ
331 606 518 658 προσώπου
538 610 599 652 τῆς
623 610 705 657 γῆς,
725 607 834 651 οὕτως
854 608 940 645 εἰσὶν
964 607 1172 658 εὖρίπιστοι,

151 665 209 703 καὶ
229 667 275 708 εἷς
295 666 459 719 ἐπήρειαν
476 672 566 705 [πᾶσι
595 667 817 720 προκείμενοι
853 670 884 706 οἱ
918 669 951 706 ἐν
986 667 1172 719 ἁμαρτίαις

152 725 286 768 ζῶντες.
310 725 402 763 Οὔτε
422 726 488 777 γὰρ
509 731 632 778 ὁρῶσιν
667 731 793 778 ὑγιῶς,
813 728 883 765 οὔτ’
913 727 1090 766 ἀκούουσιν
1123 729 1172 764 εἷ-

151 786 322 838 λικρινῶς,
335 787 371 824 οὐ
386 786 758 838 φθέγγονταιέναρθρα,
779 787 869 825 ἀλλὰ
889 789 1019 832 πολλῆς
1039 787 1099 837 μὲν
1115 787 1171 837 γέ-

153 861 254 895 μουσι
273 850 334 892 τῆς
353 848 492 898 λυγγὸς,
514 847 620 885 πολὺν
653 848 688 884 δὲ
719 850 752 885 ἐν
772 850 821 897 τῷ
842 846 991 896 στόματι
1006 846 1171 898 περιρρέ-

150 922 231 943 οντα
249 907 305 944 τὸν
324 907 436 945 σίελον
452 907 686 960 περιφέρουσι.
716 906 785 943 Καὶ
804 906 872 943 εἴθε
893 906 1020 952 σίελον,
1045 906 1104 943 καὶ
1119 908 1173 943 οὖ-

150 967 204 1005 &tv
223 962 264 1013 ἦν
289 967 413 1005 ἄτοπον
428 982 435 990 ·
460 967 532 1004 νυνὶ
551 966 585 1003 δὲ
601 965 727 1007 παντὸς
745 965 910 1017 βορῧόρου
932 965 1072 1016 ῥήματα
1092 966 1171 1002 δυσ-

149 1026 323 1078 ωδέστερα
355 1025 531 1077 προίενται
542 1055 551 1072 ,
577 1025 635 1062 καὶ
651 1025 690 1062 τὸ
704 1024 744 1070 δὴ
761 1024 1079 1076 χαλεπώτερον,ὅτι
1096 1023 1170 1062 οὐδὲ

148 1086 346 1123 ἀποπτύσαι
378 1085 435 1122 τὸν
459 1084 569 1122 σίελον
594 1084 724 1122 τούτων
750 1088 819 1122 τῶν
841 1084 1004 1138 ῥημάτιον
1028 1083 1170 1135 ἰσχύου-

148 1161 217 1191 σιν,
241 1145 330 1183 ἀλλὰ
354 1148 397 1196 τῇ
415 1145 507 1197 χειρὶ
526 1144 706 1196 δεχόμενοι
733 1145 821 1195 μετὰ
841 1146 972 1191 πολλῆς
994 1148 1056 1191 τῆς
1087 1147 1169 1196 βδε-

147 1205 284 1256 λυρίας,
306 1205 411 1243 πάλιν
435 1205 536 1243 αὐτὸν
563 1205 832 1258 προστρίὸονται
862 1205 978 1257 παχὺν
998 1205 1080 1243 ὄντα
1110 1206 1169 1243 καὶ

147 1265 415 1315 δυσδιάτμητον.
439 1265 546 1317 Τάχα
583 1273 745 1303 ναυτιᾶτε
777 1266 864 1320 πρὸς
895 1266 957 1313 τὴν
989 1267 1165 1317 διήγησιν·

147 1329 266 1364 οὐκοῦν
288 1327 419 1376 μᾶλλον
439 1326 524 1378 πρὸς
558 1326 619 1372 τὴν
651 1326 790 1378 πρᾶξιν.
813 1329 857 1365 Εἰ
884 1326 951 1378 γὰρ
974 1329 1008 1365 ἐν
1031 1327 1170 1377 σώματι

146 1390 256 1425 ταῦτα
274 1388 364 1432 ἀηδῆ
385 1387 638 1437 συμὸαίνοντα,
661 1388 779 1439 πολλῷ
802 1390 933 1437 μᾶλλον
949 1391 982 1426 ἐν
996 1391 1040 1439 τῇ
1059 1390 1170 1440 ψυχῇ.

146 1449 311 1490 Τοιοῦτος
326 1442 368 1494 ἦν
385 1449 511 1490 ἐκεῖνος
531 1451 547 1486 ὅ
563 1453 644 1491 παῖς
663 1452 680 1486 ὃ
698 1447 813 1486 πάντα
829 1448 872 1486 τὰ
893 1451 1014 1486 ἑαυτοῦ
1031 1450 1050 1468 *
1064 1464 1169 1495 κατη-

146 1508 327 1554 ναλωκὼς,
352 1508 412 1545 καὶ
432 1510 478 1550 εἷς
498 1508 652 1559 ἐσχάτην
672 1508 798 1547 κακίαν
818 1509 1051 1560 κατενεχθεὶς,
1076 1524 1168 1546 παν-

146 1570 202 1613 τὸς
219 1571 405 1621 ληροῦντος
420 1570 480 1606 καὶ
499 1568 721 1616 νενοσηκότος
738 1569 980 1622 ἀσθενέστερον
997 1569 1169 1619 διακείμε-

147 1646 212 1672 νος.
235 1629 324 1667 ’An’
349 1628 468 1674 ἐπειδὴ
498 1629 686 1676 ἐβουλήθη,
707 1629 844 1680 γέγονεν
873 1629 970 1681 ἄφνω
989 1628 1078 1674 νέος,
1100 1629 1169 1667 ἀπὸ

145 1689 285 1740 γνώμης
305 1688 411 1739 μόνης
440 1689 498 1726 καὶ
520 1689 775 1739 μεταστάσεως.
807 1688 951 1736 Ἐπειδὴ
974 1689 1040 1740 γὰρ
1061 1683 1168 1734 εἶπεν,

147 1749 346 1801 ἐπιστρέψω)
370 1750 456 1800 πρὸς
492 1750 549 1787 τὸν
579 1749 716 1802 πατέρα
752 1758 837 1801 μου,
864 1750 903 1788 τὸ
938 1752 1033 1801 ῥῆμα
1067 1755 1167 1788 τοῦτο

146 1810 239 1859 αὐτῷ
254 1809 367 1846 πάντα
396 1807 537 1857 ἐκόμισε
565 1809 716 1857 τάγαθά·
745 1811 875 1859 μᾶλλον
898 1807 933 1846 δὲ
955 1811 991 1846 οὐ
1009 1809 1048 1847 τὸ
1071 1812 1167 1863 ῥῆμα

145 1868 388 1914 ἆπλῶς,ἀλλὰ
418 1869 457 1906 τὸ
482 1867 579 1921 ἔργον
599 1871 648 1920 τῷ
681 1869 811 1920 ῥήματι
841 1868 1039 1920 προστεθέν.
1073 1869 1165 1907 Οὐδὲ

145 1929 212 1981 γὰρ
240 1923 346 1977 εἶπεν,
377 1929 576 1977 ἐπανέλθω,
595 1930 653 1967 καὶ
674 1929 823 1979 ἔμεινεν·
847 1931 922 1968 ἀλλ’
943 1923 1049 1976 εἶπεν,
1082 1932 1166 1968 ἐπα-

144 1989 273 2038 νέλθω,
303 1991 361 2028 καὶ
381 1992 575 2036 ἐπανῆλθε,
599 1990 658 2028 καὶ
675 1990 737 2037 τὴν
758 1992 833 2028 ὁδὸν
848 1997 963 2029 πᾶσαν
980 1989 1165 2042 -Ίῦπέστρε-

143 2052 205 2101 ψεν
220 2051 367 2098 ἐκείνην.
391 2050 496 2089 Οὕτω
529 2050 588 2087 καὶ
620 2053 722 2101 ἡμεῖς
753 2054 925 2101 ποιῶμεν·
957 2050 1019 2088 κᾶν
1036 2053 1082 2093 εἷς
1102 2049 1165 2096 τὴν

141 2111 323 2164 ὑπερορίαν
345 2114 604 2162 ἀπενεχθῶμεν,
636 2111 878 2162 ἐπανέλθωμεν
899 2110 984 2164 πρὸς
1011 2111 1067 2149 τὸν
1094 2128 1165 2149 πα-

142 2176 253 2225 τρῷον
273 2167 377 2220 οἷκον,
396 2173 455 2210 καὶ
475 2172 522 2223 μὴ
539 2173 810 2223 κατοκνήσωμεν
831 2174 916 2226 πρὸς
942 2174 981 2212 τὸ
1011 2176 1073 2219 τῆς
1088 2175 1166 2211 ὁδοῦ

143 2237 267 2283 μῆκος.
291 2232 351 2272 Ἂν
377 2233 442 2284 γὰρ
477 2234 714 2284 βουληθῶμεν,
735 2234 906 2281 εὔκολος-ἡ
927 2234 1090 2277 ἐπάνοδος
1117 2232 1165 2284 γί-

142 2310 236 2331 νεται
261 2295 320 2332 καὶ
353 2293 503 2345 ταχίστη
517 2323 526 2340 ,
545 2293 645 2344 μόνον
664 2295 805 2345 ἀφῶμεν
822 2294 884 2340 τὴν
903 2293 998 2341 ξένην
1016 2293 1076 2332 καὶ
1103 2293 1165 2340 τὴν

142 2355 344 2408 ἀλλοτρίαν·
364 2358 465 2392 τοῦτο
484 2354 551 2406 γὰρ
580 2357 602 2400 ἡ
635 2354 813 2406 ἁμαρτία,
833 2354 952 2408 πόῤῥω
975 2359 1037 2402 τῆς
1056 2354 1167 2399 οἰκίας

141 2419 235 2465 ἡμᾶς
267 2415 451 2466 ἀπάγουσα
473 2419 532 2453 τοῦ
557 2414 703 2466 πατρός.
734 2415 891 2466 Ἂφῶμεν
911 2414 1024 2453 τοίνυν
1047 2416 1166 2464 αὐτὴν,

141 2479 197 2516 ἵνα
212 2477 348 2527 ταχέως
365 2475 450 2528 πρὸς
466 2476 522 2514 τὸν
541 2479 703 2527 πατρῷον
720 2476 964 2527 ἐπανέλθωμεν
978 2471 1082 2515 οἷκον.
1100 2479 1171 2516 Καὶ

139 2537 207 2588 γὰρ
235 2535 459 2588 φιλόστοργός
480 2538 571 2574 ἐστιν
587 2539 604 2573 ὁ
624 2536 754 2589 πατὴρ,
771 2537 831 2574 καὶ
852 2540 921 2575 τῶν
943 2539 1168 2589 εὐδοκιμούν-

139 2613 206 2634 των
242 2599 305 2649 οὐχ
336 2592 439 2643 ἧττον
469 2600 562 2646 ἡμᾶς
588 2594 792 2649 ὴᾶγαπὴσει
824 2598 1167 2648 μεταὲαλλομένους,

142 2658 233 2696 ἀλλὰ
251 2658 309 2695 καὶ
337 2657 440 2696 πλέον
456 2672 463 2680 ·
485 2658 560 2695 ἐπεὶ
581 2658 640 2695 καὶ
669 2660 796 2697 ἐκεῖνον
817 2662 834 2697 ὁ
855 2659 972 2710 πατὴρ
992 2660 1070 2698 τότε
1091 2676 1168 2710 μει-

140 2718 246 2762 ζόνως
272 2717 436 2768 ἐτίμησε·
460 2718 519 2755 καὶ
558 2718 624 2771 γὰρ
658 2718 822 2769 μειζόνως
857 2719 957 2763 αὐτὸς
988 2719 1079 2766 ἥσθη
1111 2720 1168 2758 τὸν

139 2780 248 2817 παῖδα
271 2777 472 2816 ἀπολαὲών.
496 2778 659 2828 Καὶῆπῶς
677 2779 876 2827 ἐπανέλθω,
899 2780 1021 2833 φησίν,
1040 2781 1166 2833 Ἀρχὴν

139 2840 251 2883 ἐπίθες
279 2843 330 2891 τῷ
356 2839 539 2892 πράγματι
559 2838 676 2889 μόνον,
693 2841 752 2878 καὶ
770 2840 809 2878 τὸ
825 2848 893 2879 πᾶν
910 2841 1043 2893 γέγονε·
1065 2845 1165 2888 στῆθι

137 2903 200 2946 τῆς
218 2899 363 2947 κακίας,
393 2900 453 2937 καὶ
479 2899 527 2950 μὴ
549 2900 722 2954 προέλθῃς
750 2905 764 2921 ⁰
778 2902 993 2954 περαιτέρω,
1013 2903 1073 2940 καὶ
1094 2903 1162 2949 ἤδη

136 2965 196 2999 τοῦ
213 2961 341 3004 παντὸς
361 2960 551 2998 ἐπελάὸου.
572 2961 741 3013 Καθάπερ
762 2961 830 3015 γὰρ
846 2968 916 3006 τοῖς
931 2962 1102 3013 κάμνουσι
1122 2963 1162 3000 τὸ

139 3020 188 3069 μὴ
210 3027 324 3072 χεῖρον
345 3026 440 3072 σχεῖν
462 3020 554 3072 ἀρχὴ
584 3020 707 3072 γένοιτ’
729 3022 767 3060 ἂν
799 3028 858 3061 τοῦ
894 3022 1028 3074 βέλτιον
1047 3023 1140 3074 ἔχειν
1156 3042 1166 3060 ⁷

138 3079 301 3118 οὕτωκαὶ
331 3081 388 3118 ἐπὶ
416 3083 479 3126 τῆς
506 3081 631 3126 κακίας
659 3082 866 3134 συμὲαίνει·
887 3083 935 3133 μὴ
969 3083 1165 3135 περαιτέρω

139 3146 290 3196 προὸᾒς,
309 3146 368 3184 καὶ
388 3146 485 3191 τέλος
505 3147 573 3192 ἔξει
592 3165 645 3187 σοι
665 3148 709 3187 τὰ
728 3153 790 3196 τῆς
808 3148 993 3202 πονηρίας.
1012 3150 1086 3187 Κᾶν
1107 3148 1166 3188 δύο

182 3266 196 3282 *
219 3265 230 3306 [
246 3266 280 3295 A.
299 3273 332 3297 et
347 3276 449 3309 marg.
466 3267 568 3300 Savil.
587 3271 813 3311 κατεδηδοκώς.]

183 3327 195 3341 u
218 3318 297 3347 Mss.
315 3318 420 3348 nostri
435 3325 467 3349 et
481 3318 581 3350 Savil.
599 3319 642 3351 ad
658 3332 761 3362 marg.
778 3324 967 3367 ὑπέστρεψεν.
987 3322 1087 3363 [Item
1105 3322 1141 3352 A.

139 3367 325 3413 Legebatur
342 3373 465 3413 ἑπέστρ.
486 3370 592 3412 Supra
611 3373 646 3402 Α.
667 3379 873 3417 προστέθεικεν
891 3385 951 3415 pro
967 3378 1141 3418 προστεθέν·

1183 514 1213 538 52

2133 204 2223 266 579

1245 305 1393 342 minimo
1428 304 1592 343 conflictu
1621 303 1740 341 statim
1775 302 1904 340 cadunt
1937 310 1968 339 et
1999 310 2145 353 pereunt
2165 301 2225 338 :id

1304 224 1441 254 110M1L
1451 243 1459 253 .
1498 224 1524 253 Χ
1534 243 1543 252 .

1243 365 1340 415 quod
1355 365 1537 402 declarans
1551 364 1722 416 propheta
1739 363 1897 401 dicebat:
1915 364 2128 414 Tamquam
2139 363 2226 412 pul-
2241 368 2328 396 Psal.
2344 367 2423 404 1.=4.

1246 427 1312 472 vis,
1324 439 1434 476 quem
1447 427 1601 476 projicit
1618 433 1757 462 ventus
1777 425 1920 476 asaele
1936 432 2058 468 terroe,
2079 422 2128 459 ita
2144 430 2227 459 sunt.

1217 515 1231 538 7
1243 485 1438 531 versatiles,
1449 495 1481 522 et
1495 485 1666 522 damnum
1681 484 1890 537 parantibus
1905 483 2005 521 aditu
2020 483 2150 527 faciles,
2163 483 2225 533 qui

1195 551 1218 580 A
1243 546 1279 583 in
1299 546 1450 597 peccatis
1467 546 1579 584 vitam
1595 555 1716 597 agunt.
1732 547 1850 596 Neque
1870 545 1963 583 enim
1980 544 2072 582 clare
2087 543 2225 591 vident,

1243 618 1306 643 nec
1326 606 1457 644 sincere
1477 606 1642 656 audiunt,
1677 621 1739 644 nec
1759 605 1975 643 articulatim
2004 605 2197 655 loquuntur
2215 619 2222 638 :

1242 666 1401 717 singultu
1414 667 1526 703 multo
1544 675 1750 717 gravantur,
1762 666 1938 716 ingentem
1951 666 1984 702 in
2002 679 2061 703 ore
2077 665 2226 702 salivam

1242 727 1506 764 circumferunt.
1526 730 1642 776 Atque
1658 727 1793 763 utinam
1805 726 1977 774 salivam3
1993 739 2061 762 11011
2078 725 2172 762 0111111
2188 725 2226 762 1(1

1241 786 1439 824 absurdum
1469 796 1581 835 esset3
1602 785 1663 823 sed
1680 787 1757 837 jam
1788 799 1886 822 coeno
1916 785 2095 836 putidiora
2117 785 2226 823 verba

1241 846 1423 896 proferunt
1437 861 1444 881 :
1459 845 1624 895 quodque
1643 845 1788 895 gravius
1804 854 1868 890 est,
1886 859 1928 881 ne
1941 859 2066 896 spuere
2082 845 2226 894 quidem

1240 904 1447 955 hujusmodi
1467 905 1660 941 verborum
1681 918 1844 955 spumam
1864 913 2024 955 possunt,
2043 904 2103 941 sed
2120 919 2226 942 manu

1240 963 1468 1014 excipientes,
1490 963 1704 1000 exsecrando
1734 963 1838 1000 modo
1870 977 1992 1000 rursus
2020 964 2117 1000 illam
2138 974 2227 1002 atte-

1242 1032 1336 1071 runt,
1353 1037 1435 1060 cum
1451 1024 1496 1060 sit
1516 1023 1638 1073 densa,
1660 1037 1723 1060 nee
1741 1023 1843 1060 facile
1870 1023 1961 1060 solvi
1980 1024 2103 1074 possit.
2123 1025 2228 1062 Forte

1242 1096 1323 1120 eum
1350 1096 1480 1121 nausea
1499 1093 1532 1120 et
1559 1082 1700 1120 fastidio
1724 1082 1959 1122 narrationem
1978 1082 2071 1119 113110
2089 1083 2229 1134 exeipi-

1241 1141 1309 1188 tis-2
1330 1153 1462 1193 quanto
1481 1142 1594 1194 magis
1614 1157 1687 1180 rem
1707 1142 1820 1194 ipsam
1837 1142 2066 1181 fastidiretisl
2089 1144 2179 1181 Nam
2200 1144 2228 1180 si

1239 1203 1276 1240 in
1307 1218 1453 1255 corpore
1483 1204 1557 1241 11ωο
1589 1204 1727 1254 ingrata
1748 1212 1781 1240 et
1800 1203 1963 1241 insuavia
1997 1212 2092 1253 sunt,
2114 1204 2227 1241 multo

1191 1265 1214 1308 B
1239 1265 1353 1316 magis
1373 1265 1410 1302 in
1425 1265 1557 1302 anima.
1577 1265 1677 1302 Talis
1693 1264 1766 1302 era't
1783 1265 1924 1316 juvenis
1943 1265 2014 1312 ille,
2031 1265 2091 1315 qui
2108 1266 2226 1302 omnia

1239 1340 1303 1363 sua
1318 1335 1570 1373 consumserat,
1588 1335 1620 1363 et
1636 1326 1672 1363 in
1688 1335 1883 1363 extremam
1903 1326 2097 1376 nequitiam
2113 1326 2225 1364 deve-

1238 1396 1350 1433 nerat,
1372 1387 1421 1424 ita
1437 1396 1477 1424 ut
1498 1386 1611 1424 deliro
1630 1387 1727 1424 omni
1746 1396 1778 1424 et
1798 1395 1989 1437 aegrotante
2006 1387 2158 1424 debilior
2173 1401 2225 1424 es-

1239 1457 1303 1485 set.
1322 1450 1366 1486 At
1385 1449 1528 1499 quando
1549 1449 1679 1498 voluit,
1699 1447 1884 1499 derepente
1896 1462 2008 1486 novus
2028 1448 2142 1485 faetus
2153 1457 2223 1497 est,

1238 1523 1282 1546 ex
1305 1524 1375 1546 una
1405 1509 1515 1546 animi
1545 1509 1726 1547 voluntate
1744 1523 1784 1546 ac
1803 1509 2010 1546 mutatione.
2034 1510 2225 1560 Postquam

1238 1569 1333 1606 enim
1363 1569 1504 1607 dixerat
1520 1600 1531 1620 ‚
1570 1571 1740 1609 Revertar
1759 1570 1807 1608 ad
1826 1580 1963 1622 patrem
1985 1584 2103 1608 meum
2122 1586 2129 1606 :
2151 1570 2225 1608 haec
2238 1588 2422 1619 Luc-,5⁵18-

1238 1644 1306 1668 una
1326 1645 1398 1668 vox
1416 1630 1533 1668 omnia
1554 1630 1621 1682 ipsi
1642 1631 1792 1668 contulit
1817 1632 1908 1669 bona
1924 1647 1934 1680 3
1954 1631 2026 1668 imo
2046 1645 2131 1670 vero
2154 1645 2223 1670 non

1237 1691 1389 1728 verbum
1406 1700 1559 1740 tantum,
1572 1690 1631 1728 sed
1648 1704 1736 1742 opus
1750 1705 1832 1728 cum
1850 1691 1959 1729 verbo
1979 1692 2223 1743 conjunctum.

1238 1753 1317 1790 Non
1335 1753 1429 1790 enim
1439 1752 1547 1802 dixit,
1571 1753 1755 1801 Revertar,
1775 1761 1808 1789 et
1826 1752 1878 1789 ibi
1899 1752 2048 1800 mansit;
2067 1752 2140 1800 sed,
2157 1754 2226 1791 Re-

1237 1822 1370 1863 vertar,
1388 1822 1421 1850 et
1439 1827 1602 1851 reversus
1623 1827 1663 1850 30
1685 1812 1780 1850 viam
1816 1821 1925 1850 totam
1947 1813 2047 1850 illam
2065 1827 2225 1851 emensus

1236 1883 1300 1911 est.
1324 1875 1384 1912 Sic
1406 1883 1439 1911 et
1458 1888 1519 1912 nos
1539 1874 1711 1911 faciamus
1729 1889 1736 1909 :
1755 1874 1892 1911 etiamsi
1913 1883 2012 1911 extra
2040 1873 2164 1925 patriae
2182 1875 2225 1912 fi-

1189 1940 1211 1969 C
1235 1948 1295 1971 nes
1307 1934 1484 1986 deportati
1497 1934 1681 1981 fuerimus,
1692 1933 1737 1971 ad
1751 1943 1933 1985 paternam
1947 1943 2063 1971 tamen
2077 1934 2224 1971 domum

1234 1994 1434 2041 redeamus,
1457 2009 1520 2032 nec
1538 2008 1601 2032 1105
1620 1994 1792 2045 longioris
1822 1994 1889 2032 viae
1917 1994 2049 2046 pigeat.
2077 1996 2170 2032 Nam
2194 1995 2223 2031 si

1235 2056 1466 2105 voluerimus,
1479 2055 1595 2093 facilis
1614 2056 1679 2092 erit
1699 2055 1835 2092 reditus
1856 2069 1896 2092 ac
1912 2055 2132 2105 celerrimus,
2150 2069 2220 2092 mo-

1234 2116 1280 2155 do
1291 2117 1513 2169 peregrinam
1529 2126 1657 2154 terram
1673 2117 1875 2154 deseramus
1890 2132 1897 2152 :
1912 2117 1979 2154 hoc
1995 2118 2088 2154 enim
2104 2117 2222 2169 ipsum

1235 2186 1285 2214 est
1301 2186 1498 2228 peccatum,
1520 2176 1618 2227 quod
1640 2191 1703 2213 uos
1732 2191 1751 2213 a
1772 2186 1915 2228 paterna
1935 2176 2041 2214 domo
2061 2176 2220 2214 abducit.

1235 2238 1340 2275 Illam
1363 2238 1481 2289 itaque
1496 2238 1752 2287 relinquamus,
1776 2246 1814 2274 ut
1834 2237 1881 2274 ad
1897 2246 2078 2288 paternam
2105 2251 2225 2276 rever-

1236 2307 1355 2336 tamur
1381 2298 1542 2335 domum.
1571 2300 1663 2335 Nam
1684 2298 1794 2349 prolis
1816 2312 1937 2335 amans
1953 2306 2003 2335 est
2022 2307 2140 2350 pater,
2163 2312 2226 2335 nee

1236 2374 1299 2398 nos
1319 2360 1523 2397 immutatos
1546 2359 1666 2397 minus
1685 2358 1822 2410 diliget,
1842 2373 1950 2409 quam
1969 2373 2040 2405 eos,
2062 2359 2123 2410 qui
2142 2359 2225 2397 vitae

1239 2422 1417 2474 probitate
1432 2421 1568 2469 florent,
1586 2421 1658 2458 imo
1670 2421 1751 2472 plus
1766 2420 1919 2458 amabit:
1932 2420 2108 2471 siquidem
2122 2421 2226 2458 illum

1240 2492 1339 2534 pater
1358 2483 1438 2534 plus
1458 2482 1493 2519 in
1513 2483 1646 2520 honore
1666 2481 1808 2529 habuit,
1829 2481 2011 2532 magisque
2033 2481 2226 2520 delectatus

1241 2552 1291 2581 est
1319 2543 1395 2580 filio
1426 2551 1644 2594 recuperato.
1679 2542 1726 2579 Et
1757 2541 1936 2591 quomodo
1965 2552 2136 2592 revertar,
2169 2543 2226 2580 in-

1190 2603 1215 2632 D
1240 2602 1366 2653 quies?
1387 2605 1473 2640 Rem
1497 2602 1612 2653 incipe
1627 2610 1780 2651 tantum,
1802 2611 1835 2638 et
1854 2610 1969 2638 totum
1991 2603 2124 2639 factum
2143 2612 2195 2640 est
2214 2619 2221 2639 τ

1238 2676 1383 2714 peecare
1403 2662 1535 2709 desine,
1556 2675 1618 2698 nec
1637 2661 1730 2698 ultra
1749 2660 1931 2712 procedas,
1951 2670 1983 2698 et
2005 2662 2082 2712 jam
2109 2671 2223 2700 totum

1239 2723 1417 2774 accepisti.
1435 2722 1534 2760 Sicut
1550 2722 1643 2759 enim
1662 2721 1717 2769 iis,
1740 2721 1801 2771 qui
1817 2722 1940 2758 morbo
1958 2721 2133 2772 laborant,
2153 2737 2222 2760 11011

1239 2785 1339 2836 pejus
1358 2783 1490 2820 habere
1519 2783 1662 2819 initium
1681 2791 1732 2820 est
1758 2781 2024 2819 convalescendi
2042 2798 2049 2818 τ
2065 2782 2115 2820 sic
2134 2792 2166 2820 et
2185 2783 2221 2820 in

1239 2844 1396 2895 nequitia
1415 2843 1588 2894 contingit
1602 2859 1609 2879 ε
1624 2857 1667 2880 110
1682 2843 1830 2880 ulterius
1846 2843 2097 2894 progrediaris,
2115 2853 2148 2881 et
2164 2858 2222 2881 ne-

1239 2906 1351 2957 quitia
1371 2906 1478 2943 finem
1499 2905 1657 2942 habebit.
1687 2904 1725 2942 Si
1742 2919 1805 2956 per
1821 2904 1973 2942 biduum
1998 2906 2066 2943 hoc
2082 2906 2220 2954 feceris,

1238 2966 1341 3004 tertio
1361 2965 1419 3003 die
1435 2965 1576 3003 facilius
1594 2964 1800 3011 abstinebis,
1823 2979 1863 3002 30
1883 2965 1996 3003 tribus
2017 2965 2138 3003 decem
2156 2967 2219 3004 ad-

1237 3027 1318 3077 des,
1339 3027 1421 3064 hinc
1449 3026 1592 3078 viginti,
1615 3035 1735 3077 postea
1766 3034 1921 3075 centum,
1941 3026 2092 3077 denique
2110 3036 2221 3065 totam

1238 3088 1362 3127 vitam.
1375 3088 1516 3134 Quanto
1536 3087 1627 3124 enim
1640 3086 1753 3137 magis
1768 3100 1973 3138 progressus
1993 3088 2112 3136 fueris,
2132 3088 2221 3126 faci-

1238 3149 1363 3187 liorem
1382 3163 1498 3186 cernes
1514 3148 1623 3197 viam,
1639 3147 1725 3184 etad
1741 3147 1858 3199 ipsum
1875 3148 2012 3186 culmen
2033 3148 2219 3198 adductus,

1257 3271 1272 3293 b
1298 3269 1442 3310 Quidam
1459 3269 1535 3302 Mss.
1557 3269 1607 3311 [A.
1623 3275 1656 3300 et
1671 3279 1773 3311 marg.
1793 3268 1910 3311 Savil.]
1928 3278 2055 3312 τιμήσει.

1256 3333 1268 3347 c
1295 3324 1305 3365 [
1322 3324 1358 3354 Α.
1376 3327 1575 3367 πορῥωτέρω,
1595 3329 1626 3353 et
1645 3321 1728 3353 infra
1747 3325 1864 3364 βέλτιον
1882 3323 1986 3366 exim]
