2502 3810
724 225 767 253 IN
805 224 919 253 ACTA
956 221 1272 252 APOSTOLORUM
1307 222 1461 253 HOMlL·
1500 224 1623 254 XLIII.

118 306 283 357 Δερὸαῖος
319 303 377 341 καὶ
412 304 602 354 Τιμόθεος,
634 304 784 343 Ἀσιανοὶ
819 304 854 342 δὲ
887 304 1040 356 Τυχικὸς
1077 302 1136 340 καὶ

117 363 305 416 Τρόφιμος.
323 357 431 402 Οῧτοι
447 363 689 416 προελθόντες,
709 365 828 416 ἔμενον
847 369 940 416 ἡμᾶς
957 367 990 402 ἐν
1011 363 1138 415 Τρωά-

119 425 161 462 δι.
195 424 309 462 Πάλιν
331 424 494 462 διώκεται
520 425 587 463 ὑπὸ
607 425 795 474 Ἰουδαίων,
826 426 885 464 καὶ
914 425 1053 478 ἔρχεται
1092 426 1138 467 εἷς

119 484 348 523 Μακεδονίαν.
381 487 463 529 Πῶς
504 485 538 523 δὲ
577 486 634 524 τὸν
669 486 839 537 Τιμόθεον
877 484 1139 525 Θεσσαλονικέα

119 544 239 597 φησίν;
257 547 309 583 Οὐ
323 550 422 583 τοῦτο
436 546 545 597 λέγει·
562 546 652 584 ἀλλὰ
664 576 672 592 ,
689 547 895 600 προέλαὸον,
915 545 1030 597 φησὶν,
1046 540 1139 583 οῦτοι

121 608 167 648 εἷς
199 605 261 652 τὴν
294 607 448 659 Τρωάδα
481 609 783 659 προοδοποιοῦντες
814 609 917 658 αὐτῷ.
946 606 1071 656 Ἡμεῖς
1104 605 1139 642 δὲ

121 665 372 717 ἐξεπλεύσαμεν
398 668 487 717 μετὰ
505 668 566 711 τὰς
581 668 715 721 ἡμέρας
733 671 801 706 τῶν
821 667 959 717 ἀζύμων
980 665 1049 704 ἀπὸ
1068 667 1141 704 Φι-

117 727 270 775 λίππων,
297 727 354 765 καὶ
384 728 533 778 ἤλθομεν
562 729 647 778 πρὸς
671 728 793 771 αὐτοὺς
828 729 873 771 εἷς
902 726 965 772 τὴν
987 725 1140 779 Τρωάδα

121 790 222 841 ἄχρις
251 792 390 841 ἡμερῶν
419 790 541 838 πέντε,
568 784 606 829 οῧ
623 789 845 840 διετρίψαμεν
875 787 1010 838 ’ἡμέρας
1038 786 1138 823 ἑπτά.

120 850 190 888 Καὶ
224 850 291 902 γὰρ
318 850 381 894 τὰς
413 850 532 902 ἑορτὰς
564 850 642 900 ἐμοὶ
671 850 764 887 δοκεῖ
800 848 1002 891 σπουδάζειν
1036 846 1138 884 αὐτὸν

119 917 227 949 ποιεῖν
246 913 279 949 ἐν
301 917 375 955 ταῖς
394 912 562 961 μεγάλαις
580 910 733 948 πόλεσιν.
761 908 846 945 Ἀπὸ
869 907 1061 945 Φιλίππων
1082 907 1138 943 ἐκ·

118 973 197 1009 πλεῖ
211 1002 220 1018 ,
239 971 319 1009 ἔνθα
338 971 382 1009 τὰ
397 971 487 1009 κατὰ
512 971 551 1008 τὸ
581 969 815 1020 δεσμωτήριον
837 966 986 1018 ἐγένετο.
1007 965 1135 1017 Τρίτον

119 1031 154 1070 δὲ
174 1036 273 1070 τοῦτο
294 1034 340 1075 εἷς
361 1030 579 1069 Μακεδονίαν
604 1030 798 1076 ἐπανῆλθε,
825 1028 885 1066 καὶ
909 1027 1023 1065 πολλὰ
1048 1042 1136 1077 μαρ-

118 1098 213 1145 τυρεῖ
227 1099 298 1135 τοῖς
311 1091 583 1138 Φιλιππησίοις·
602 1091 654 1128 διὸ
673 1089 731 1127 καὶ
744 1088 952 1140 ἐνδιατρίῧει
970 1090 1054 1126 ἐκεῖ.
1074 1087 1136 1124 Ἐν

117 1153 153 1189 δὲ
176 1155 218 1203 τῇ
244 1159 308 1203 μιᾷ
329 1154 397 1189 τῶν
417 1151 618 1199 sufflatum,
640 1149 862 1202 συνηγμένων
885 1151 986 1199 ἡμῶν
1009 1148 1136 1187 κλάσαι

116 1212 230 1265 ἄρτον,
249 1216 266 1251 ὃ
281 1214 418 1255 Παῦλος
437 1212 607 1264 διελέγετο
627 1213 741 1254 αὐτοῖς
757 1211 891 1262 μέλλων
914 1210 1048 1255 ἐξιέναι·
1069 1227 1136 1248 πα-

119 1272 245 1325 ρέτεινέ
274 1289 312 1311 τε
337 1272 395 1310 τὸν
422 1272 522 1323 λόγον
551 1272 654 1324 μέχρι
681 1270 918 1322 μεσονυκτίου.
941 1270 1036 1322 εΌρα
1063 1272 1138 1313 πῶς

116 1333 232 1371 πάντα
264 1333 422 1387 πάρεργα
462 1329 504 1381 ἦν
540 1338 600 1371 τοῦ
634 1333 870 1385 κηρύγματος.
908 1331 1135 1379 Πεντηκοστὴ

117 1394 195 1431 τότε
210 1388 252 1441 ἦν
272 1394 331 1432 καὶ
357 1395 506 1447 κυριακὴ
529 1389 571 1441 ἦν
584 1410 591 1418 ·
611 1398 628 1433 ὃ
643 1394 678 1432 δὲ
702 1394 761 1431 καὶ
787 1393 892 1446 μέχρι
912 1392 1137 1443 μεσονυκτίου

117 1453 179 1501 τὴν
207 1455 431 1493 διδασκαλίαν
464 1455 626 1494 ἐκτείνει·
658 1455 747 1493 οὕτω
778 1457 840 1500 τῆς
872 1457 940 1491 τῶν
971 1456 1136 1504 μαθητῶν

117 1515 288 1568 σωτηρίας
317 1516 449 1568 ἐφίετο,
469 1516 523 1555 ὅτι
550 1516 626 1555 οὐδὲ
657 1516 719 1562 τὴν
757 1516 865 1554 νύκτα
896 1515 1016 1566 ἐσίγα,
1047 1514 1137 1553 ἀλλὰ

116 1575 194 1614 τότε
215 1579 344 1626 μᾶλλον
366 1577 555 1628 διελέγετο,
573 1578 633 1615 ἅτε
652 1576 800 1628 ἡσυχίας
816 1577 931 1624 οὔσης.
950 1576 1047 1629 εὈρα
1062 1578 1136 1619 πῶς

117 1638 176 1676 καὶ
195 1638 308 1676 πολλὰ
325 1638 516 1690 διελέγετο,
540 1638 599 1676 καὶ
620 1638 706 1690 παρ’
728 1639 826 1677 αὐτὸν
843 1643 902 1676 τοῦ
922 1637 1058 1676 δείπνου
1078 1638 1135 1676 τὸν

117 1699 249 1750 καιρόν.
271 1699 375 1737 Ἀλλὰ
394 1700 601 1752 συνετάραξε
620 1700 684 1747 τὴν
704 1700 825 1752 ἑορτὴν
853 1703 869 1737 ὃ
897 1699 1054 1742 διάὲολος
1068 1729 1077 1746 ,
1098 1701 1136 1737 οὔ

119 1760 187 1811 μὴν
203 1760 347 1812 ἴσχυσε,
375 1760 548 1811 βαπτίσας
568 1761 626 1800 τὸν
647 1761 819 1813 ἀκροατὴν
839 1761 935 1813 ὕπνῳ
954 1760 1013 1798 καὶ
1032 1776 1137 1798 κατε-

117 1819 259 1872 νεγκών.
293 1821 362 1859 Καὶ
406 1820 499 1864 ὅπως
542 1822 747 1872 συμὲαίνει,
789 1822 1007 1874 ἡρμήνευσεν
1049 1823 1137 1860 εἶπαν

116 1882 255 1933 γαγών·
285 1875 401 1920 ὟΗσαν
428 1882 464 1921 δὲ
493 1883 674 1933 λαμπάδες
705 1883 820 1922 ἱκαναὶ
845 1886 878 1922 ἐν
896 1885 945 1934 τῷ
966 1882 1136 1934 ὑπερῴῳ,

118 1938 156 1981 οῦ
180 1938 267 1994 ἦμεν
288 1943 509 1994 συνηγμένοι.
534 1943 740 1994 Καθήμενος
767 1943 803 1981 δέ
830 1960 882 1987 τις
902 1943 1038 1987 νεανίας
1065 1942 1139 1981 ὀνό-

119 2019 203 2054 ματι
223 2002 379 2055 Εὔτυχος
398 2004 456 2041 ἐπὶ
476 2007 537 2050 τῆς
563 2004 717 2055 θυρίδος,
744 2004 1023 2057 καταφερόμενος
1042 2003 1138 2055 ὕπνῳ

121 2067 238 2116 βαθεῖ,
258 2064 501 2115 διαλεγομένου
519 2069 579 2103 τοῦ
597 2065 739 2104 Παύλου
756 2065 814 2103 ἐπὶ
836 2068 967 2110 πλεῖον,
993 2080 1138 2103 κατενε-

116 2125 210 2177 χθεὶς
226 2124 293 2162 ὑπὸ
312 2128 370 2162 τοῦ
387 2124 493 2163 ὕπνου
511 2125 630 2164 ἔπεσεν
653 2125 722 2164 ἀπὸ
738 2130 796 2163 τοῦ
816 2125 996 2178 τριστέγου
1017 2125 1113 2163 κάτω
1127 2155 1137 2172 ,

116 2186 175 2224 καὶ
192 2186 282 2238 ἤρθη
304 2186 434 2238 νεκρός.
459 2186 626 2230 Καταὸὰς
642 2186 677 2224 δὲ
693 2190 710 2224 ὁ
730 2188 869 2230 Παῦλος
894 2185 1061 2224 ἐπέπεσεν
1081 2184 1138 2223 ἐπ’

117 2249 211 2299 αὐτῷ
223 2278 232 2295 ,
251 2247 311 2285 καὶ
327 2246 595 2299 συμπεριλαὸὼν
616 2246 729 2293 αὐτὸν,
746 2241 820 2285 εἷπε
834 2262 842 2271 ·
859 2246 906 2297 μὴ
928 2246 1136 2299 θορυὲεῖσθε·

116 2312 137 2354 ἡ
154 2308 220 2359 γὰρ
247 2307 340 2360 ψυχὴ
372 2310 476 2346 αὐτοῦ
509 2310 543 2346 ἐν
569 2311 664 2360 αὐτῷ
683 2309 788 2346 ἐστιν.
810 2307 958 2350 Ἀναὸὰς
986 2307 1042 2354 δὲ,
1076 2307 1136 2345 καὶ

115 2367 245 2411 κλάσας
265 2368 368 2420 ἄρτον
395 2368 454 2406 καὶ
479 2368 708 2419 γευσάμενος,
729 2369 781 2420 ἐφ’
810 2368 927 2407 ἱκανόν
949 2384 985 2406 τε
1007 2368 1134 2419 ὁμιλή-

115 2444 177 2472 σας
209 2428 309 2481 ἅχρις
337 2432 462 2480 αὐγῆς,
495 2430 603 2473 οὕτως
634 2429 785 2475 ἐξῆλθεν.
814 2430 972 2482 ἼΙγαγον
1005 2430 1039 2467 δὲ
1077 2430 1135 2468 τὸν

115 2490 225 2527 παῖδα
239 2493 350 2534 ζῶντα
363 2520 372 2537 ,
389 2490 447 2528 καὶ
463 2490 753 2541 3παρεκλήθησαν
774 2493 810 2528 οὐ
825 2490 983 2544 μετρίως.
999 2491 1076 2530 Θέα
1099 2491 1136 2530 δέ

117 2565 176 2600 μοι
193 2550 232 2587 τὸ
249 2549 402 2602 θέατρον,
422 2550 514 2594 ὅπως
540 2545 581 2597 ἦν
601 2551 937 2603 συγκεκροτημένον·
960 2553 1134 2604 συνηγμέ-

117 2626 183 2648 νων
202 2610 269 2662 γὰρ
291 2614 358 2648 τῶν
377 2614 553 2661 μαθητῶν,
582 2610 687 2663 φησί·
717 2612 775 2649 καὶ
801 2612 840 2650 τὸ
874 2619 1016 2664 σημεῖον
1043 2608 1133 2652 οἷον·

115 2670 173 2709 ἐπὶ
201 2670 333 2723 θυρίδος
350 2670 439 2725 γὰρ,
459 2671 575 2723 φησὶν,
603 2671 772 2720 ἐκάθητο,
791 2673 849 2711 καὶ
873 2675 960 2726 ἀωρὶ
976 2678 1044 2712 τῶν
1072 2692 1134 2713 νυ-

115 2733 218 2769 κτῶν.
247 2733 420 2775 Τοσοῦτος
443 2727 484 2779 ἦν
504 2734 520 2769 ὃ
541 2732 644 2774 πόθος
667 2735 729 2778 τῆς
751 2734 960 2785 ἀκροάσεως.
980 2737 1134 2788 Αἰσχυν-

114 2794 227 2842 θῶμεν
255 2797 357 2843 ἡμεῖς
386 2791 474 2843 μηδὲ
500 2794 534 2829 ἓν
563 2791 678 2845 ἡμέρα
701 2798 801 2831 τοῦτο
819 2799 1006 2839 ποιοῦντες.
1029 2797 1133 2835 Ἀλλὰ

113 2855 253 2896 Παῦλος
281 2853 471 2904 διελέγετο,
502 2853 605 2905 φησὶ,
633 2854 723 2892 τότε.
746 2854 792 2892 Τί
818 2855 944 2907 λέγεις,
975 2858 1045 2895 Καὶ
1075 2863 1131 2897 νῦν

112 2914 253 2957 Παῦλος
274 2914 487 2966 διαλέγεται,
506 2916 636 2966 μᾶλλον
654 2914 689 2953 δὲ
711 2914 785 2953 οὐδὲ
802 2915 880 2953 τότε
899 2918 1038 2961 Παῦλος
1058 2918 1132 2957 οὐδὲ

112 2978 183 3021 νῦν,
216 2973 292 3011 ἀλλ’
311 2975 509 3027 ὃΧριστὸς,
538 2975 598 3013 καὶ
623 2976 730 3019 οὐδεὶς
760 2976 886 3015 ἀκούει.
916 2979 1008 3030 Οὐχὶ
1040 2980 1134 3032 θυρίς

112 3036 186 3073 ἐστι
200 3038 270 3081 νῦν,
293 3036 329 3072 οὗ
351 3041 469 3083 πεῖνα,
490 3038 553 3088 οὐχ
573 3035 675 3079 ὕπνος
696 3038 847 3089 ἐνοχλεῖ,
870 3038 929 3076 καὶ
947 3039 1042 3090 ὅμως
1071 3043 1132 3079 οὐκ

100 3095 298 3145 ἀκούομεν·
316 3097 353 3133 οὗ
374 3096 589 3148 στενοχωρία
605 3097 732 3145 τόπου,
749 3100 810 3136 οὐκ
825 3099 911 3136 ἄλλο
929 3102 996 3137 τῶν
1016 3102 1132 3140 τοιού-

111 3171 180 3192 των
201 3154 309 3193 οὐδέν.
331 3156 400 3194 Καὶ
418 3156 456 3194 τὸ
480 3157 520 3204 δὴ
543 3158 754 3208 θαυμαστὸν,
778 3159 832 3197 ὅτι
855 3159 969 3198 καίτοι
999 3163 1132 3206 νεανίας

115 3220 240 3259 ἐκεῖνος
261 3215 307 3253 ὢν
332 3219 393 3255 οὐκ
412 3211 453 3264 ἦν
472 3218 621 3270 ῥᾴθυμος
636 3249 645 3267 ,
665 3220 722 3257 καὶ
739 3220 835 3273 ὕπνῳ
856 3223 1134 3275 καταφερόμενος

2100 207 2190 252 563

1213 303 1611 342 Thessalonicensium
1624 317 1718 342 vero
1733 304 1989 342 Aristarchus
2002 312 2037 342 et
2051 303 2192 342 Secun-

1208 366 1279 403 dus
1302 374 1338 403 et
1369 366 1493 417 Gajus
1515 367 1700 405 Derboeus
1727 375 1765 404 et
1794 367 2027 416 Timotheus,
2046 366 2193 404 Asiani

1211 439 1305 463 vero
1329 427 1361 463 Τ
1354 428 1521 475 ychicus
1542 435 1579 465 et
1601 429 1635 464 T
1632 429 1840 479 rophimus.
1857 427 1892 465 5.
1913 429 1969 464 Hi
1987 440 2074 464 cum
2095 441 2193 478 prae-

1210 489 1422 533 cessissent,
1442 501 1510 525 nos
1528 497 1797 539 exspectarunt
1817 491 1858 525 in
1877 488 2037 526 Troade.
2055 488 2193 525 Rursus

1164 550 1187 579 C
1209 548 1516 598 persequutionem
1535 549 1669 600 patitur
1684 563 1704 586 a
1723 549 1872 599 Judaeis‚
1892 558 1926 587 et
1945 548 2042 588 venit
2061 548 2097 586 in
2115 550 2195 586 Ma-

1211 607 1406 647 cedoniam.
1426 609 1615 655 Quomodo
1645 619 1763 647 autem
1783 610 2014 648 Timotheum
2042 609 2196 647 Thessa-

1211 667 1424 706 lonicensem
1448 670 1563 707 dicit?
1582 672 1661 708 Non
1675 670 1743 708 hoc
1766 670 1869 719 dicit3
1891 671 1965 718 sed,
1983 670 2044 721 Hi,
2062 669 2192 720 inquit,

1211 739 1461 779 praecesserunt
1496 731 1532 768 in
1562 731 1767 780 Troadem,
1799 731 1897 770 viam
1931 732 1984 768 illi
2014 740 2191 783 parantes.

1211 790 1249 826 6.
1272 791 1353 827 lVos
1367 804 1459 827 vero
1477 793 1745 842 navigavimus
1758 801 1843 843 post
1853 794 1933 830 dies
1946 793 2192 841 Azymorum

1209 863 1235 885 a
1268 851 1475 900 Philippis,
1499 860 1536 887 et
1561 854 1739 888 venimus
1767 854 1820 888 ad
1843 866 1905 890 eos
1937 854 2126 890 Troadem
2151 857 2194 891 in

1208 909 1341 946 diebus
1365 912 1556 960 quinque,
1586 912 1651 947 ubi
1683 911 1872 949 demorati
1899 926 2028 950 sumus
2059 915 2192 951 diebus

1207 976 1360 1019 septem.
1374 970 1468 1006 Nam
1479 969 1622 1007 videtur
1640 970 1730 1008 mihi
1745 970 1850 1008 illum
1865 971 1940 1009 dies
1959 973 2064 1010 festos
2079 982 2193 1011 trans-

1208 1027 1304 1079 igere
1334 1029 1513 1068 curavisse
1544 1030 1582 1067 in
1610 1031 1748 1082 magnis
1775 1032 1937 1069 urbibus.
1960 1035 1990 1070 A
2014 1033 2194 1085 Philippis

1208 1089 1370 1140 navigat,
1403 1090 1464 1128 ubi
1492 1105 1548 1129 res
1575 1091 1636 1128 illa
1663 1091 1756 1129 circa
1784 1106 1958 1130 carcerem
1988 1094 2194 1144 contigerat.

1210 1150 1332 1188 Tertia
1354 1160 1471 1188 autem
1489 1151 1568 1190 vice
1587 1152 1623 1189 in
1642 1152 1890 1191 Macedoniam
1913 1154 2030 1202 yenit,
2051 1164 2084 1192 et
2104 1156 2195 1193 mul-

1159 1222 1183 1250 1)
1208 1221 1287 1250 tum
1314 1213 1523 1251 testificatur
1541 1213 1586 1251 de
1609 1214 1901 1267 Philippensibus
1910 1231 1921 1265 3
1945 1215 2095 1266 ideoque
2122 1217 2197 1256 illic

1209 1272 1426 1312 demoratur.
1459 1275 1497 1312 7.
1535 1276 1624 1312 Una
1652 1284 1780 1313 autem
1810 1278 2082 1323 sabbatorum,
2110 1292 2196 1316 cum

1209 1337 1518 1373 convenissemus
1533 1335 1587 1372 ad
1600 1336 1867 1387 frangendum
1879 1350 2034 1388 panem,
2045 1339 2197 1377 Paulus

1209 1396 1434 1447 disputabat
1453 1409 1541 1433 cum
1570 1399 1624 1434 eis
1640 1398 1886 1450 profecturus
1894 1414 1910 1442 ;
1927 1402 2198 1452 protraxitque

1208 1469 1420 1494 sermonem
1435 1471 1555 1509 usque
1572 1460 1613 1494 in
1632 1459 1799 1496 mediam
1817 1467 1981 1497 noctem.
2005 1459 2099 1500 Vide
2113 1475 2197 1511 quo-

1207 1517 1317 1556 modo
1329 1518 1446 1556 omnia
1466 1518 1761 1570 posthaberentur
1781 1519 2038 1572 praedicationi.
2062 1523 2193 1560 Pente—

1209 1589 1302 1618 coste
1316 1589 1400 1617 tunc
1419 1589 1506 1629 crat,
1526 1589 1559 1617 et
1577 1579 1653 1618 dies
1677 1581 1882 1630 Dominica,
1903 1581 1964 1619 ille
1985 1597 2069 1621 vero
2084 1598 2197 1634 usque

1209 1641 1254 1679 ad
1271 1642 1383 1679 noctis
1402 1641 1595 1679 dimidium
1615 1656 1811 1680 sermonem
1824 1643 2021 1694 protraxit,
2038 1645 2123 1683 adeo
2139 1645 2198 1682 din

1209 1703 1428 1755 scipulorum
1448 1701 1598 1739 salutem
1614 1703 1793 1754 cupiebat,
1814 1712 1853 1741 ut
1868 1718 1912 1741 ne
1931 1713 2036 1742 noctu
2054 1705 2198 1756 quidem

1208 1773 1360 1813 taceret,
1390 1763 1462 1800 imo
1489 1771 1573 1800 tunc
1606 1764 1720 1815 magis
1751 1764 1950 1813 dissereret,
1971 1766 2067 1815 quod
2100 1767 2199 1817 quies

1210 1833 1295 1862 tunc
1322 1833 1422 1862 esset.
1443 1825 1539 1863 Vide
1564 1839 1671 1875 quam
1698 1824 1853 1863 multum
1878 1825 2076 1877 dissereret,
2093 1827 2200 1865 etiam

1163 1894 1187 1924 E
1212 1895 1290 1938 post
1320 1886 1438 1938 ipsum
1469 1900 1574 1924 coenae
1604 1896 1758 1938 tempus.
1784 1887 1855 1926 Sed
1885 1888 2014 1926 festum
2040 1889 2199 1928 turbavit

1210 1947 1387 1997 diabolus,
1407 1962 1471 1985 nec
1492 1956 1609 1985 tamen
1626 1946 1829 1998 praevaluit,
1844 1961 1926 1986 cum
1945 1948 2144 1987 auditorem
2162 1950 2198 1988 in

1209 2022 1374 2047 somnum
1400 2007 1568 2046 demersit
1594 2016 1628 2045 et
1648 2006 1775 2059 dejecit
1791 2008 1910 2058 :quod
1931 2017 1970 2046 ut
1991 2010 2195 2061 contigerit,

1209 2070 1259 2108 sic
1274 2078 1411 2107 enarrat
1429 2068 1626 2121 pergendo:
1642 2068 1681 2106 8.
1704 2070 1833 2106 Erant
1853 2078 1983 2107 autem
2000 2071 2199 2122 lampades

1209 2133 1370 2182 copiosoe
1397 2133 1439 2167 in
1465 2129 1677 2174 coenaculo,
1699 2131 1764 2166 ubi
1790 2143 1943 2167 eramus
1965 2134 2196 2183 congregati.

1209 2191 1245 2228 9.
1265 2191 1408 2228 Sedens
1441 2198 1570 2227 autem
1601 2191 1760 2241 quidam
1790 2191 2016 2229 adolescens
2046 2195 2199 2229 nomine

1209 2255 1417 2301 Eutychus
1443 2266 1556 2304 super
1577 2253 1817 2304 fenestram,
1849 2267 1935 2291 eum
1967 2264 2200 2306 mergeretur

1208 2325 1342 2350 somno
1368 2314 1501 2363 gravi,
1531 2312 1752 2362 disputante
1785 2312 1852 2349 diu
1877 2313 2009 2350 Paulo
2019 2343 2031 2360 ,
2061 2314 2199 2353 ductus

1208 2386 1342 2410 somno
1367 2373 1504 2409 cecidit
1526 2373 1574 2409 de
1603 2374 1715 2409 tertio
1731 2373 1929 2410 coenaculo
1951 2374 2141 2424 deorsum,
2164 2384 2201 2413 et

1149 2468 1195 2492 325
1208 2436 1383 2473 sublatus
1409 2443 1465 2472 est
1500 2443 1685 2472 mortuus.
1716 2436 1777 2473 10.
1811 2436 1906 2473 Cum
1941 2438 2199 2476 descendisset

1161 2504 1187 2533 A
1209 2494 1374 2540 Paulus,
1390 2495 1565 2530 incubuit
1586 2506 1699 2543 super
1717 2507 1816 2539 eum,
1842 2502 1879 2531 et
1893 2496 2118 2546 complexus
2132 2497 2196 2533 di-

1208 2557 1268 2592 xit
1283 2570 1293 2590 .·
1311 2554 1444 2592 Nolite
1472 2556 1620 2591 turbari
1625 2569 1641 2598 ,·
1663 2557 1798 2591 anima
1822 2558 1924 2592 enim
1944 2558 2025 2607 ejus
2049 2559 2090 2592 in
2115 2560 2197 2608 ipso

1210 2624 1277 2652 est.
1290 2617 1304 2652 1
1317 2617 1351 2653 1.
1365 2614 1595 2651 Ascendens
1615 2622 1766 2666 autem.
1770 2615 2035 2667 frangensque
2050 2631 2195 2667 panem

1209 2684 1244 2713 et
1253 2684 1429 2727 gustans,
1446 2677 1618 2726 satisque
1630 2675 1854 2727 alloquutus
1866 2690 1988 2728 usque
2002 2680 2043 2714 in
2059 2679 2194 2728 lucem,

1208 2740 1263 2775 sic
1285 2738 1482 2788 profectus
1509 2745 1576 2773 est.
1591 2738 1652 2773 19.
1669 2736 1934 2775 Adduxerunt
1952 2747 2081 2776 autem
2103 2754 2196 2791 pue-

1209 2813 1294 2836 rum
1321 2801 1530 2843 viventem,
1551 2805 1587 2833 et
1609 2797 1801 2834 consolati
1817 2806 1905 2835 sunt
1927 2812 2005 2836 non
2021 2803 2191 2839 minime.

1208 2857 1315 2908 Vide,
1328 2871 1460 2909 quaeso,
1480 2857 1670 2905 theatrum,
1691 2866 1731 2894 ut
1751 2867 1848 2895 erant
1864 2872 1932 2895 una
1947 2858 2057 2897 coacti
2075 2876 2083 2896 ε
2102 2861 2196 2899 Con-

1209 2920 1361 2971 gregatis
1379 2918 1471 2957 enim
1492 2917 1694 2970 discipulis,
1714 2918 1851 2968 inquit3
1873 2927 1906 2956 et
1928 2919 2070 2970 signum
2092 2923 2197 2972 quade

1207 2981 1313 3020 fuerit
1335 2980 1511 3034 perpende
1528 2996 1535 3016 ε
1555 2980 1590 3017 in
1618 2980 1765 3017 fenestra
1791 2994 1942 3031 namque
1961 2982 2119 3033 sedebat,
2140 2985 2195 3022 iu-

1207 3042 1298 3094 quit,
1321 3051 1354 3079 et
1369 3041 1579 3093 intempesta
1596 3049 1706 3079 nocte.
1725 3041 1882 3078 Tantum
1901 3052 1974 3079 erat
1989 3044 2193 3084 auditorum

1206 3104 1432 3143 desiderium.
1450 3103 1711 3142 Erubescamus
1737 3118 1815 3153 nos,
1840 3103 1902 3154 qui
1931 3120 2044 3156 neque
2071 3107 2106 3145 in
2136 3109 2195 3147 die

1155 3181 1178 3210 B
1206 3164 1274 3201 hoc
1294 3163 1455 3200 facimus.
1473 3161 1543 3199 Sed
1566 3161 1711 3210 Paulus,
1729 3161 1879 3211 inquies,
1896 3171 1980 3200 tunc
1999 3163 2192 3204 disserebat

1207 3225 1305 3272 Quid
1334 3224 1449 3262 dicis?
1472 3225 1573 3261 Nunc
1610 3237 1749 3274 quoque
1783 3224 1914 3263 Paulus
1943 3225 2101 3277 disserit,
2120 3228 2192 3266 imo

160 3354 171 3367 ἢ
195 3342 256 3375 Alii
274 3348 448 3390 παρεκλήθη
467 3352 533 3388 μέν,
549 3348 644 3389 [Mox
664 3351 721 3382 οἷον
735 3351 916 3392 recepimus
932 3362 947 3383 c
965 3353 1000 3384 B.
1018 3359 1048 3384 et
1067 3351 1202 3385 vailio.
1223 3354 1262 3385 In
1280 3350 1404 3384 caetcris
1430 3349 1519 3383 deest
1539 3352 1548 3391 ]

2293 1487 2399 1514 Omnia

2210 1529 2376 1564 praedicatio
2387 1545 2397 1549 -

2212 1571 2239 1595 ni
2284 1570 2399 1605 postha-

2210 1610 2362 1637 lit-buntur.
