2502 3810
710 301 753 330 IN
789 300 930 330 EPIST-

84 385 275 435 ἔμπροσθεν
290 399 297 406 ·
320 384 358 422 τὸ
385 383 419 421 δὲ
438 383 628 422 ἐκπετάσαι
648 384 709 428 τὰς
728 391 848 437 χεῖρας
862 416 871 432 ,
893 385 932 423 τὸ
951 384 1096 422 καλέσαι

82 445 140 483 καὶ
155 444 416 483 ἐπισπάσασθαι
435 445 493 482 καὶ
518 446 760 497 παρακαλέσαι
787 448 894 492 δηλοῖ.
917 439 1005 483 Εἶτα
1028 446 1098 483 δει-

83 505 161 549 κνὺς
179 505 218 543 τὸ
236 504 395 556 ἔγκλημα
416 505 506 543 ἅπαν
527 506 665 544 ἐκείνων
692 506 741 554 ὂν,
771 506 875 558 φησὶ,
904 505 997 557 Πρὸς
1015 505 1097 543 λαὸν

83 568 288 607 ἀπειθοῦντα
301 565 359 603 καὶ
379 566 609 617 ἀντιλέγοντα.

139 1050 239 1098 Εἶδες
253 1056 344 1101 πόση
363 1060 384 1102 ἡ
407 1054 618 1108 κατηγορία,
639 1048 747 1092 Οἶτοι
765 1053 826 1104 μὲν
845 1053 913 1106 γὰρ
927 1052 1004 1090 οὐδὲ
1030 1068 1102 1090 πα-

87 1118 291 1167 ρακαλοῦντι
307 1115 529 1161 ἐπείσθησαν,
551 1114 640 1152 ἀλλὰ
654 1114 713 1151 καὶ
730 1115 902 1160 ἀντεῖπον,
918 1113 977 1151 καὶ
993 1116 1104 1150 ταῦτα

84 1178 148 1226 οὐχ
167 1175 257 1218 ἅπαξ
274 1205 283 1221 ,
305 1178 341 1213 οὐ
361 1175 432 1219 δὶς,
448 1177 485 1212 οὐ
507 1175 579 1226 τρὶς
597 1204 606 1222 ,
630 1174 720 1212 ἀλλὰ
739 1174 798 1212 καὶ
825 1173 880 1211 διὰ
897 1174 1025 1216 παντὸς
1044 1177 1103 1210 τοῦ

84 1235 208 1286 χρόνου
227 1240 335 1273 ταῦτα
350 1241 514 1274 ποιοῦντα
529 1238 674 1286 ὁρῶντες
689 1250 696 1258 ·
718 1233 829 1286 ἕτεροι
846 1234 881 1273 ’δὲ
901 1237 931 1272 οἱ
948 1234 1104 1285 μηδέπο-

84 1311 121 1332 τε
161 1296 260 1334 αὐτὸν
288 1296 473 1347 ἐγνωκότες
505 1296 654 1347 ἴσχυσαν
694 1296 795 1334 αὐτὸν
831 1295 1104 1334 ἐπισπάσασθαι.

85 1355 176 1394 Ἀλλ’
193 1359 230 1394 οὐ
245 1356 358 1407 λέγει,
374 1356 427 1394 ὅτι
442 1356 539 1394 αὐτοὶ
553 1359 700 1408 ἴσχυσαν
716 1356 814 1394 αὐτὸν
831 1355 1104 1403 ἐπισπάσασθαι,

86 1417 365 1468 ἀλλὰ.καθαιρῶν
387 1417 446 1454 καὶ
466 1420 534 1454 τῶν
557 1416 590 1460 ἐξ
616 1418 719 1454 ἐθνῶν
740 1416 783 1454 τὰ
803 1417 1030 1468 φρονήματα,
1047 1415 1106 1453 καὶ

87 1477 219 1520 δεικνὺς
238 1477 300 1524 τὴν
322 1480 424 1515 αὐτοῦ
442 1478 545 1529 χάριν
566 1477 605 1515 τὸ
626 1483 693 1515 πᾶν
723 1476 962 1529 ἐργασαμένην
991 1476 1107 1528 φησὶν,

88 1538 143 1576 ὅτι
168 1537 262 1588 Ἐγὼ
283 1537 438 1590 ἐμφανὴς
455 1537 634 1588 ἐγενόμην,
654 1537 713 1575 καὶ
728 1537 824 1588 Ἐγὼ
845 1537 996 1588 εὑρέθην.
1014 1537 1108 1573 Οὐκ-

89 1601 147 1637 οῧν
167 1614 259 1636 κενοι
274 1598 415 1636 πάντων
437 1599 580 1643 ἐκεῖνοι,
605 1597 725 1649 φησίν,
743 1599 937 1648 Οὐδαμως,
958 1596 1047 1634 ἀλλὰ
1066 1596 1109 1633 τὰ

91 1659 272 1710 εὓρεθέντα
292 1658 411 1695 λαὲεῖν
443 1658 501 1695 καὶ
533 1658 576 1696 τὰ
602 1658 752 1709 φανέντα
780 1659 990 1709 ἐπιγνῶναι,
1009 1673 1111 1695 τουτο

92 1721 174 1770 παρ’
193 1721 323 1756 ἑαυτων
341 1717 557 1769 εἷσηνεγκαν
583 1713 703 1756 Εἰτα“’
690 1735 742 1756 ινα
763 1718 811 1770 μὴ
830 1719 976 1769 λέγωσιν
992 1721 1108 1764 ουτοι,

92 1779 149 1817 διὰ
181 1778 214 1815 τί
244 1783 299 1817 οὖν
322 1795 380 1816 και
400 1781 483 1828 ἡμῖν
514 1781 558 1828 ἐμ
551 1779 668 1830 πρανὴς
695 1781 755 1817 οὒκ
785 1779 919 1830 ἐγένου,
942 1795 980 1816 το
1008 1777 1111 1816 πλέον

91 1839 210 1877 τούτου
231 1838 377 1886 τίθησιν,
397 1839 450 1876 ὅτι
464 1842 500 1877 οὐ
519 1839 621 1889 μόνον
637 1839 792 1890 ἐμφανὴς
820 1839 999 1913 ἐγενόμην,
1022 1837 1112 1875 ἀλλὰ

92 1916 150 1937 και
172 1915 364 1951 παρεμεινα
382 1899 444 1943 τὰς
459 1905 578 1951 χεῖρας
600 1900 835 1942 ἀναπεταννυς
868 1915 926 1937 και
950 1914 1112 1951 παρακα-

970 300 1028 329 AD
1064 299 1154 328 ROM
1164 318 1172 327 .

1212 297 1368 327 ltoMlL.
1406 295 1534 326 xvnt.
2062 293 2142 323 ΓῙΟῙ

2067 324 2075 338 l

1120 387 1144 415 D
1170 381 1307 420 Deinde
1325 380 1509 419 ostendens
1542 378 1576 416 id
1581 364 1598 426 ,Δ
1616 378 1711 429 quod
1731 378 1863 415 factum
1882 378 2008 425 fuerat,
2022 390 2092 415 non
2108 390 2153 414 ex

1169 444 1242 482 sola
1262 443 1328 481 Dei
1359 442 1473 494 gratia
1498 455 1582 490 esse,
1608 440 1670 478 sed
1701 439 1806 477 etiam
1834 453 1880 476 ex
1910 438 2152 476 accedentium

1168 505 1367 552 voluntate3
1387 511 1425 540 ut
1443 502 1550 539 etiam
1579 501 1724 539 illorum
1755 501 1887 552 lapsus,
1906 514 1952 537 ex
1970 513 2039 537 non
2052 499 2153 536 obse-

1171 564 1355 614 quentium
1389 563 1619 609 contentione,
1649 561 1733 600 audi
1766 561 1855 612 quid
1890 561 2035 613 adjiciat
2056 577 2064 597 t
2085 561 2156 598 Ad

1171 625 1357 661 Israelem
1373 637 1466 661 vero
1487 624 1580 660 dicit
1599 638 1609 658 .·
1636 623 1731 659 Τοῖα
1753 623 1814 658 die
1834 622 2006 672 expandi
2018 634 2156 658 manus

1173 699 1277 722 meas
1294 685 1348 732 (qd
1363 684 1546 736 populum
1565 696 1643 720 non
1664 683 1878 720 credentem
1895 691 1931 720 et
1961 682 2158 719 contradi-

1173 752 1320 781 centem
1329 759 1344 788 ,·
1373 743 1469 781 diem
1484 742 1544 780 hic
1580 751 1693 779 totum
1713 741 1931 793 praeteritum
1950 751 2089 793 tempus
2102 741 2159 779 di-

1174 818 1272 853 cens;
1288 803 1488 855 expandere
1512 815 1638 839 manus
1670 809 1802 846 autem,
1829 815 1964 848 vocare,
1984 802 2160 839 attrahere

1175 873 1207 901 et
1226 863 1406 901 exhortari
1437 862 1625 913 significat.
1663 860 1812 910 Deinde,
1843 861 2029 898 ostendens
2045 870 2160 900 totum

1176 924 1308 962 crimen
1344 937 1467 961 eorum
1494 935 1579 970 esse,
1599 922 1658 970 ait,
1681 921 1752 958 Ad
1767 923 1949 972 populum
1981 936 2057 959 non
2077 936 2161 959 cre—

1176 985 1327 1021 dentem
1344 991 1380 1021 et
1398 982 1736 1020 contradicentem.

1229 1046 1265 1082 5.
1289 1044 1424 1083 Viden’
1453 1051 1583 1093 quanta
1604 1042 1649 1080 sit
1664 1042 1864 1079 accusatio?
1884 1042 1931 1078 Hi
1957 1055 2001 1079 ne
2019 1042 2165 1091 quidem

1177 1105 1316 1143 vocanti
1337 1104 1523 1155 obsequuti
1539 1112 1619 1142 sunt
1630 1118 1642 1153 3
1657 1102 1719 1140 sed
1734 1111 1767 1139 et
1780 1101 2082 1148 contradixerunt,
2095 1115 2164 1138 non

1175 1165 1299 1213 semel,
1315 1179 1386 1203 non
1404 1165 1474 1214 his,
1497 1178 1566 1202 non
1590 1173 1655 1212 ter,
1683 1163 1746 1200 sed
1780 1162 2061 1214 omnitempore,
2077 1161 2165 1199 dum

1173 1226 1250 1264 haec
1270 1226 1457 1264 facientem
1475 1224 1637 1264 viderent
1655 1223 1739 1261 :alii
1759 1237 1855 1273 vero,
1885 1224 1944 1274 qui
1967 1236 2162 1274 numquam

1175 1287 1293 1339 ipsum
1323 1295 1511 1332 noverant,
1530 1293 1722 1337 potuerunt
1745 1284 1863 1336 ipsum
1882 1284 2069 1322 attrahere.
2091 1282 2164 1322 Sed

1127 1356 1152 1385 E
1177 1362 1246 1386 non
1275 1347 1377 1395 dicit,
1407 1346 1506 1398 quod
1527 1346 1595 1399 ipsi
1615 1345 1794 1398 potuerint
1820 1346 1937 1382 Deum
1965 1344 2164 1391 attrahere;

1177 1410 1239 1448 sed
1260 1424 1398 1460 eorum,
1419 1409 1481 1460 qui
1514 1421 1560 1447 ex
1589 1407 1754 1459 gentibus
1785 1416 1897 1457 crant,
1927 1407 2058 1444 fastum
2078 1405 2167 1457 deji-

1179 1471 1286 1520 ciens,
1303 1479 1336 1508 et
1352 1469 1536 1507 ostendens
1556 1468 1707 1519 gratiam
1726 1467 1838 1519 ipsius
1858 1476 1966 1505 totam
1987 1475 2167 1517 operatam

1180 1545 1266 1581 esse,
1284 1531 1333 1568 ait
1350 1546 1357 1566 :
1374 1532 1460 1582 Ego
1484 1532 1715 1581 conspicuus
1730 1529 1870 1581 factus
1890 1541 1988 1574 sum,
2013 1536 2060 1578 et,
2083 1529 2169 1578 Ego

1181 1594 1360 1629 inventus
1379 1604 1476 1629 sum.
1495 1589 1593 1640 Ergo
1619 1589 1688 1638 illi,
1714 1588 1868 1638 inquies,
1889 1588 2032 1625 omnino
2062 1601 2154 1627 vacu

1183 1652 1289 1689 sunt?
1303 1651 1472 1690 Minime:
1489 1665 1572 1688 nam
1587 1650 1681 1701 quod
1703 1664 1743 1687 ea
1759 1664 1836 1700 quae
1855 1649 1997 1688 inventa
2016 1658 2097 1686 sunt
2113 1663 2171 1686 ac-

1186 1713 1356 1765 ceperint,
1379 1721 1413 1750 et
1426 1726 1504 1763 quae
1519 1720 1761 1764 apparuerunt
1787 1710 2014 1761 agnoverint3
2042 1710 2109 1747 hoc
2127 1723 2172 1747 ex

1186 1788 1222 1812 se
1250 1773 1456 1812 attulerunt.
1479 1772 1616 1810 Deinde
1643 1785 1685 1810 ne
1716 1771 1753 1808 hi
1784 1771 1955 1820 dicerent,
1987 1771 2060 1808 Cur
2089 1783 2172 1820 ergo

1187 1849 1257 1873 non
1288 1834 1390 1872 nobis
1405 1833 1616 1886 conspicuus
1636 1833 1748 1870 factus
1767 1832 1830 1869 es?
1849 1831 1945 1882 quod
1971 1832 2085 1883 majus
2108 1831 2171 1869 illo

1187 1904 1238 1933 est
1255 1894 1378 1946 ponit:
1391 1895 1471 1932 Non
1493 1892 1599 1931 modo
1626 1892 1837 1944 conspicuus
1863 1893 1976 1930 factus
1996 1906 2091 1942 sum,
2109 1891 2173 1929 sed

91 1962 173 2006 λῶν,
194 1960 325 2011 πατρὸς
350 1961 410 2011 φιλ
403 1959 530 2012 οστόρ
516 1975 576 1996 κου
596 1976 654 1997 και
679 1960 808 2011 μητρὸς
830 1959 1031 2012 φιλόπαιδος
1050 1975 1111 2006 κη-
1127 1988 1158 2012 63
1162 1989 1174 2014 ,
1188 1954 1294 1992 etiam
1313 1953 1542 2007 perseveravi
1564 1967 1689 1990 manus
1708 1951 1899 1990 extendens
1919 1961 1952 1989 et
1969 1952 2174 1999 exhortans,

94 2021 253 2058 δεαονίαν
273 2019 560 2070 ἐπιδεικνυμένος.
584 2019 680 2072 εὈρα
710 2023 783 2063 πῶς
806 2020 1023 2071 σαφεστάτην
1044 2037 1111 2058 των

94 2081 288 2133 ἔαπροσθεν
310 2079 590 2131 διαπορηθέντων
612 2080 774 2118 ἁπάντων
802 2080 865 2127 τὴν
896 2080 994 2118 λύσιν
1023 2080 1114 2126 ἐπά-

94 2158 178 2192 γαγε
189 2172 198 2189 ,
217 2141 328 2185 δείξας
344 2145 405 2188 τῆς
419 2140 560 2192 γνώμης
576 2143 687 2179 αὐτῶν
704 2141 766 2188 τὴν
782 2140 958 2180 ἀπώλειαν
973 2142 1115 2192 γενομέ-

95 2218 169 2249 νην,
196 2202 255 2239 καὶ
279 2204 325 2245 ὡς
354 2201 520 2239 πάντοθεν
550 2201 680 2245 ἀνάξιοι
703 2201 910 2253 συγγνώμης
933 2202 1010 2240 εἷο-ί.
1045 2202 1115 2240 Καὶ

94 2261 161 2312 γὰρ
177 2261 236 2299 καὶ
256 2260 463 2304 ἀκούσαντες
482 2262 540 2299 καὶ
560 2262 744 2308 νοήσαντες
765 2262 808 2300 τὰ
826 2261 1019 2313 λεγόμενα,
1040 2262 1115 2301 οὐδὲ

95 2321 202 2365 οὕτως
222 2321 459 2368 ἐδουλήθησαν
480 2323 695 2374 προσελθεῖν.
718 2322 789 2361 Καὶ
818 2322 857 2360 τὸ
887 2321 974 2360 πολὺ
993 2322 1114 2372 πλέον,

96 2381 149 2419 ὅτι
163 2384 200 2420 οὐ
217 2381 318 2431 μόνον
339 2383 485 2420 ἀκοῦσαι
504 2382 625 2425 αὐτοὺς
641 2387 749 2420 ταῦτα
763 2382 936 2429 ἐποίησεν,
953 2382 1030 2421 οὐδὲ
1051 2382 1114 2433 μό-

97 2457 152 2479 νον
180 2445 321 2490 νοῆσαι,
351 2441 439 2479 ἀλλὰ
458 2442 517 2480 καὶ
536 2443 553 2481 ὃ
573 2443 712 2494 μείζονα
732 2442 831 2494 ἰσχὺν
861 2442 934 2495 ἔχει
960 2443 1045 2494 πρὸς
1078 2444 1117 2481 τὸ

98 2503 284 2555 διεγεῖραι,
308 2502 368 2540 καὶ
390 2505 662 2554 φιλονεικοῦντας
691 2504 751 2542 καὶ
781 2504 1020 2555 ἀντιλέγοντας
1042 2506 1117 2542 ε’πι-

100 2563 322 2610 σπάσασθαι,
354 2564 414 2601 καὶ
442 2569 542 2602 τοῦτο
570 2564 778 2616 προσέθηκε.
805 2566 911 2602 Ποῖον
935 2564 975 2610 δὴ
996 2570 1118 2614 τοῦτο;

99 2625 152 2662 Τὸ
179 2624 394 2676 παρακνίσαι
422 2624 544 2668 αὐτοὺς
569 2626 628 2663 καὶ
650 2627 917 2677 παραζηλῶσαι.
937 2625 1033 2664 Ἴστε
1051 2626 1119 2678 γὰρ

100 2689 160 2723 τοῦ
180 2685 307 2727 πάθους
337 2684 397 2730 τὴν
426 2686 628 2737 τυραννίδα,
648 2686 707 2723 καὶ
723 2685 807 2732 ὅσην
830 2684 903 2737 ἔχει
926 2685 987 2733 τὴν
1020 2686 1118 2737 ἰσχὺν

100 2750 161 2792 τῆς
193 2745 401 2792 ζηλοτυπίας
419 2748 440 2791 ἡ
462 2746 560 2797 φύσις
585 2746 670 2797 πρὸς
702 2746 740 2784 τὸ
770 2748 872 2784 λῦσαι
908 2746 1118 2797 φιλονεικίαν

102 2807 252 2854 ἅπασαν,
272 2806 332 2843 καὶ
359 2806 437 2850 τοὺς
470 2806 764 2849 ἀναπεπτωκότας
791 2807 1029 2852 διαναστῆσαι.
1052 2807 1122 2845 Καὶ

102 2867 136 2904 τί
156 2868 204 2905 δεῖ
223 2867 334 2917 λέγειν
355 2869 408 2905 ἐπ’
432 2866 621 2920 ἀνθρώπων
647 2872 769 2914 τοῦτο,
798 2868 882 2906 ὅπου
908 2867 1035 2919 γεεκαὶ
1065 2867 1122 2906 ἐπὶ

105 2927 237 2979 ἀλόγων
254 2928 312 2965 καὶ
339 2927 396 2966 ἐπὶ
417 2931 478 2974 τ’ῆς
497 2928 636 2974 ἡλικίας
662 2931 724 2974 τ’ῆς
747 2928 859 2979 ἀώρου
878 2931 946 2966 τῶν
974 2928 1122 2966 παιδίων

105 2987 236 3034 πολλὴν
251 2986 313 3033 τὴν
331 2987 472 3039 δύναμιν
502 2988 759 3036 ἐπιδείκνυται,
790 2989 861 3026 Καὶ
891 2990 958 3041 γὰρ
986 2988 1122 3027 παιδίον

106 3047 272 3090 πολλάκις
287 3048 597 3100 παρακαλούμενον
612 3047 673 3098 μὲν
691 3051 751 3086 οὐκ
766 3042 832 3092 εἶξε
847 3051 896 3100 τῷ
912 3048 1032 3100 πατρὶ,
1048 3050 1122 3086 ἀλλ’

107 3106 221 3155 ἔμεινε
239 3108 447 3157 φιλονεικοῧν
463 3124 470 3132 ·
491 3108 607 3160 ἑτέρου
628 3108 664 3147 δὲ
684 3109 951 3160 Θεραπευθέντος
972 3108 1124 3157 παιδίου,

109 3166 167 3202 καὶ
187 3165 235 3215 μὴ
255 3166 464 3217 καλούμενον
485 3170 657 3214 ἐπανῆλθε
676 3170 761 3221 πρὸς
787 3168 866 3212 τοὺς
885 3169 1033 3212 κόλπους
1048 3168 1126 3212 τοὺς

110 3225 315 3277 πατρικοὺς,
349 3227 407 3264 καὶ
445 3227 529 3279 ὅπερ
562 3231 623 3266 οὐκ
656 3229 794 3280 ἴσχυσεν
831 3232 853 3275 ἡ
889 3229 1123 3282 παράκλησις,

111 3289 210 3324 τοῦτο
241 3286 437 3332 ἐποίησενῆ
455 3288 713 3339 παραζήλωσις.
742 3291 856 3328 Τοῦτο
879 3289 991 3328 τοίνυν
1024 3290 1082 3327 καὶ
1111 3293 1128 3327 ὁ

112 3347 200 3390 (θεὸς
222 3346 395 3391 ἐποίησεν.
427 3348 480 3385 Οὐ
510 3347 576 3400 γὰρ
605 3350 821 3400 παρεκάλεσε
852 3351 969 3400 μόνον,
990 3350 1129 3393 καὶτὰς

114 3413 233 3460 χεῖρας
261 3406 475 3454 ἑξεπέτασεν,
503 3409 592 3446 ἀλλὰ
625 3409 683 3446 καὶ
709 3409 748 3447 τὸ
780 3414 841 3456 τῆς
866 3410 1074 3457 ζηλοτυπίας
1096 3413 1129 3447 ἐν

119 3468 229 3508 αὐτοῖς
253 3466 402 3518 διήγειρε
433 3467 559 3515 πάθος,
589 3467 664 3511 τοὺς
694 3471 813 3520 πολλῷ
846 3471 1133 3522 καταδεεστέρους

1137 2025 1162 2053 Α
1188 2014 1325 2067 paterni
1340 2013 1470 2052 ammis
1490 2022 1523 2051 et
1537 2022 1702 2051 mateinae
1723 2012 1925 2050 dilectionis
1939 2026 2060 2050 cutam
2075 2011 2176 2049 exhi-

1188 2078 1287 2116 bens.
1304 2077 1399 2118 Vide
1428 2091 1534 2128 quam
1564 2077 1695 2114 claram
1727 2075 1984 2113 difficultatum
2015 2076 2177 2113 omnium

1189 2139 1350 2192 priorum
1369 2139 1580 2177 solutionem
1599 2137 1780 2186 attulerit,
1811 2136 1996 2174 ostendens
2019 2150 2064 2175 ex
2089 2137 2176 2174 illo-

1189 2214 1271 2237 rum
1287 2200 1469 2239 voluntate
1483 2198 1675 2251 perniciem
1695 2198 1782 2249 ipsis
1799 2196 1996 2247 advenisse,
2015 2206 2047 2235 et
2064 2197 2179 2235 omni-

1190 2275 1235 2298 no
1245 2261 1349 2300 venia
1360 2260 1528 2312 indignos
1539 2273 1624 2297 esse.
1640 2258 1784 2296 Etenim
1802 2257 1933 2295 auditis
1948 2258 2054 2295 etiam
2070 2267 2103 2295 et
2124 2260 2179 2296 in-

1190 2321 1339 2359 tellectis
1356 2321 1400 2359 iis
1414 2334 1491 2372 quae
1510 2319 1605 2358 dicta
1625 2327 1720 2365 sunt,
1739 2331 1851 2368 neque
1871 2318 1921 2355 sic
1937 2317 2104 2355 accedere
2118 2332 2180 2356 vo-

1189 2382 1346 2419 luerunt.
1365 2381 1412 2419 Et
1425 2380 1523 2432 quod
1542 2379 1655 2417 multo
1682 2379 1799 2430 majus
1821 2387 1884 2427 est,
1900 2392 1969 2416 non
1990 2378 2098 2416 modo
2117 2392 2177 2415 cu-

1191 2443 1296 2492 ravit,
1313 2452 1353 2480 ut
1371 2443 1434 2480 illa
1463 2441 1628 2481 audirent
1655 2449 1689 2478 et
1706 2440 1943 2491 intelligerent
1959 2455 1969 2488 ;
1990 2439 2051 2477 scd
2073 2440 2178 2477 etiam

1191 2504 1228 2541 id
1261 2503 1404 2555 adjecit,
1435 2501 1533 2553 quod
1567 2500 1680 2551 magis
1712 2509 1851 2552 poterat
1881 2500 2115 2537 contentiosos
2145 2509 2179 2537 et

1191 2563 1469 2601 contradicentes
1511 2561 1698 2599 attrahere.
1736 2559 1928 2606 Quodnam
1963 2560 2057 2597 illud
2097 2560 2179 2598 est?

1193 2622 1301 2671 Quod
1334 2636 1393 2660 eos
1427 2629 1599 2674 pungeret
1633 2627 1666 2656 et
1699 2618 1747 2656 ad
1784 2618 2045 2656 aemulationem
2091 2633 2178 2670 pro-

1192 2692 1346 2722 vocaret.
1375 2681 1498 2720 Nostis
1529 2680 1625 2718 enim
1657 2679 1767 2730 hujus
1803 2679 1978 2730 passionis
2017 2680 2179 2731 tyranni-

1192 2744 1285 2793 dem,
1305 2752 1338 2781 et
1356 2750 1526 2793 quantam
1544 2740 1619 2779 vim
1638 2739 1767 2776 habeat
1797 2739 2032 2777 aemulationis
2053 2749 2181 2777 natura

1147 2817 1168 2845 Β
1193 2804 1239 2842 ad
1257 2803 1513 2842 contentionem
1546 2814 1685 2839 omnem
1711 2799 1917 2838 solvendam
1936 2801 2034 2838 etad
2062 2801 2181 2853 lapsos

1194 2863 1390 2916 erigendos.
1399 2862 1541 2913 Ecquid
1554 2863 1621 2900 hoe
1633 2861 1678 2898 de
1691 2861 1897 2898 hominihus
1910 2861 1946 2898 di
1951 2870 2180 2912 catur,quan-

1195 2926 1242 2964 do
1271 2934 1304 2963 et
1328 2925 1364 2962 in
1381 2923 1499 2962 brutis
1529 2932 1563 2960 et
1590 2922 1626 2959 in
1657 2921 1795 2958 tenellis
1816 2921 2010 2959 infantibus
2029 2922 2179 2959 multam

1196 2987 1272 3025 vim
1291 2985 1460 3024 exhibet?
1475 2983 1619 3022 Etenim
1636 2982 1775 3034 puellus
1795 2995 1887 3033 saepe
1902 2982 2058 3019 hortanti
2087 2982 2180 3034 patri

1196 3062 1265 3085 non
1280 3047 1396 3095 cessit,
1408 3045 1470 3084 sed
1480 3043 1717 3082 contentiosus
1733 3042 1878 3090 mansit3
1895 3056 1976 3079 cum
1992 3051 2110 3079 autem
2124 3042 2179 3080 vi-

1194 3109 1254 3147 det
1268 3109 1379 3146 alium
1406 3106 1595 3159 puerulum
1623 3103 1754 3150 curari,
1784 3112 1867 3140 tunc
1886 3117 1948 3141 nee
1966 3113 2111 3141 vocatus
2133 3103 2181 3142 ad

1196 3178 1383 3221 paternum
1401 3167 1518 3205 sinum
1538 3164 1655 3212 venit;
1676 3172 1708 3201 et
1736 3163 1832 3213 quod
1846 3177 1976 3200 vocans
1993 3172 2092 3215 pater
2110 3177 2179 3201 non

1198 3229 1326 3281 potuit,
1343 3227 1381 3265 id
1396 3226 1574 3264 {emulatio
1594 3224 1689 3262 facit.
1705 3224 1780 3261 Hoc
1798 3223 1908 3274 igitur
1927 3225 2023 3261 Deus
2041 3238 2181 3274 quoque

1199 3289 1295 3327 fecit.
1311 3289 1434 3337 Neque
1453 3286 1547 3324 enim
1567 3285 1682 3322 solum
1702 3283 1907 3334 advocavit,
1929 3293 1962 3321 et
1978 3298 2103 3322 manus
2119 3298 2180 3322 ex-

1201 3349 1325 3396 tendit,
1354 3347 1416 3388 scd
1450 3347 1557 3384 etiam
1581 3344 1815 3382 aemulationis
1851 3344 1887 3381 in
1920 3344 1991 3382 illis
2016 3345 2182 3383 affectum

1204 3409 1330 3457 movit,
1363 3409 1466 3458 longe
1503 3406 1685 3444 inferiores
1714 3404 1880 3456 ipsis(id
1909 3405 2003 3455 quod
2030 3406 2185 3443 maxime

1157 3478 1180 3509 C
1206 3468 1465 3509 aemulationem
1498 3469 1635 3515 movet)
1655 3464 1896 3513 introducens,
1932 3479 1998 3503 non
2031 3466 2065 3502 in
2095 3465 2188 3503 bona
