2502 3810
143 1427 256 1454 Jlatllz.
276 1428 303 1457 S.

138 1476 188 1493 20·

140 2461 225 2491 Jt'om,
251 2466 295 2493 ιζ),

360 228 450 287 ,452
806 243 844 271 s.

359 324 518 362 credulos
543 324 622 361 illos
647 323 722 359 haec
750 322 843 359 dicta
871 322 1020 370 fuerant,
1042 334 1120 371 quae
1145 334 1215 358 non
1248 334 1336 358 con-

356 384 520 422 viciantis
532 397 568 420 ei
571 392 642 429 ant
657 381 718 418 sed
733 380 987 418 offendiculum
1007 380 1176 419 tollentis.
1191 382 1336 418 Notum

358 456 444 493 ergo
459 445 508 478 sit
527 442 640 477 vobis
662 469 673 488 ,
696 439 835 489 inquit,
857 440 992 491 quod
979 454 1021 476 ιη
1032 447 1163 491 gentes
1178 441 1337 476 missum

357 511 411 539 est
423 502 597 539 salutare
607 501 683 537 Dei
699 516 710 535 .·
730 503 795 551 qui
811 509 846 538 et
860 501 1032 537 audient.
1051 500 1125 537 Cur
1138 513 1221 550 ergo
1234 499 1337 537 nobis

354 561 507 610 loqueris
527 560 543 596 Ρ
567 574 611 597 an
633 559 708 596 haec
734 559 944 597 nesciebas?
971 559 1106 610 Etiam,
1126 559 1188 597 sed
1205 568 1244 596 ut
1263 573 1337 597 cre-

353 622 444 659 datis
473 620 646 659 rationem
670 620 794 669 reddo,
821 630 858 659 et
881 630 919 658 ut
941 621 1074 659 nemini
1097 620 1180 658 dem
1202 635 1335 658 ansam.

351 685 513 728 Mansit,
541 682 671 732 inquit,
700 683 852 720 Paulus
882 691 961 719 toto
999 684 1166 728 biennio,
1197 683 1336 719 docens
1359 689 1382 718 C

350 757 436 780 cum
464 745 569 779 omni
587 743 759 795 fiducia,
788 745 942 780 nemine
972 744 1214 794 prohibente.
1241 742 1336 779 Bene

350 803 417 840 hoc
435 802 576 840 addidit
595 818 603 838 ε
624 801 796 853 contingit
819 802 914 839 enim
933 802 1126 852 aliquando
1143 802 1256 839 libere
1274 802 1333 839 lo-

348 873 513 914 quentem
543 864 742 916 prohiberi.
774 863 962 901 Fiduciam
995 878 1078 915 ergo
1100 863 1204 901 Pauli
1245 863 1335 901 nihil

348 924 547 975 prohibuit,
580 924 641 962 sed
673 924 779 962 etiam
812 924 952 962 nemine
984 924 1195 976 prohibente
1222 923 1331 962 dixit.

347 987 497 1022 stIcznsit
514 994 643 1023 autem
662 986 828 1032 Paulus,
852 985 982 1035 inquit,
1003 987 1157 1022 biennio
1184 993 1264 1022 toto
1292 987 1333 1022 in

345 1049 498 1097 proprio
535 1047 754 1093 conduct03
785 1045 832 1082 ita
871 1055 945 1083 erat
973 1045 1146 1095 sedulus;
1178 1045 1250 1083 imo
1282 1045 1330 1082 ita

348 1107 558 1158 magistrum
571 1121 677 1144 suum
694 1107 902 1144 imitabatur
921 1106 958 1144 in
973 1107 1152 1155 omnibus,
1165 1116 1205 1144 ut
1227 1106 1332 1144 etiam

348 1168 573 1206 domicilium
591 1168 737 1205 liaberet
754 1182 823 1205 non
842 1182 887 1205 ex
905 1167 1029 1205 alienis
1047 1167 1231 1205 laboribus
1246 1197 1256 1216 ,
1271 1167 1333 1205 sed

346 1243 391 1266 ex
416 1229 490 1266 suis
514 1245 521 1265 :
541 1229 609 1266 hoc
635 1228 728 1266 enim
760 1228 937 1279 significat
968 1227 1075 1278 illud,
1108 1231 1157 1265 In
1177 1231 1332 1279 proprio

345 1292 546 1328 conducto.
567 1289 676 1336 Quod
694 1299 813 1327 autem
837 1289 1013 1326 Dominus
1035 1303 1174 1339 quoque
1194 1289 1330 1327 nullam

343 1352 489 1389 haberet
508 1351 670 1396 domum,
686 1350 770 1388 audi
786 1351 891 1388 illum
915 1360 1007 1389 recte
1025 1351 1200 1388 dicentem
1214 1351 1256 1399 ei,
1269 1351 1329 1402 qui

343 1413 411 1450 sibi
427 1413 566 1450 dixerat
579 1429 589 1449 .·
610 1414 759 1464 Sequar
778 1421 826 1458 te,
850 1426 1091 1465 quocumque
1105 1416 1193 1450 ieris
1206 1428 1216 1448 :
1235 1415 1274 1450 V
1269 1414 1329 1451 ιιί-
1351 1418 1376 1447 D

339 1491 404 1529 pes
422 1479 568 1529 foveas
603 1478 759 1522 hahent,
794 1485 830 1513 et
862 1477 1041 1514 volucres
1071 1477 1156 1513 coeli
1187 1477 1297 1514 nidos
1310 1492 1327 1523 ,-

342 1539 468 1576 Filius
499 1546 628 1575 (netem
653 1538 818 1574 hominis
849 1550 927 1573 non
957 1538 1087 1585 habet,
1116 1539 1181 1574 ubi
1212 1546 1327 1588 caput

339 1613 451 1637 suum
470 1599 646 1636 reclinet.
671 1597 731 1635 Sic
745 1611 812 1648 per
831 1611 867 1634 se
882 1596 1004 1634 docuit
1017 1596 1110 1633 nihil
1128 1609 1201 1633 esse
1215 1596 1328 1647 possi-

339 1659 508 1706 dendum,
526 1671 640 1707 neque
655 1656 762 1694 rebus
780 1656 928 1693 terrenis
945 1655 1154 1693 haerendum
1171 1669 1256 1694 esse.
1272 1657 1328 1694 Et

337 1721 566 1771 excipiebat,
609 1717 738 1767 inquit,
770 1719 971 1754 venientes
1005 1717 1060 1754 ad
1088 1731 1142 1766 se,
1181 1718 1327 1768 proedi-

336 1794 429 1818 cans
450 1792 610 1830 regnum
631 1779 719 1815 Dei.
746 1776 840 1816 Vide
862 1777 967 1814 illum
983 1776 1077 1814 nihil
1099 1776 1145 1814 de
1170 1791 1326 1830 praesen-

335 1841 442 1889 tibus,
463 1840 523 1877 sed
541 1839 658 1877 omnia
680 1838 725 1876 de
744 1852 852 1890 regno
868 1838 936 1876 Dei
955 1838 1172 1889 loquentem.
1188 1839 1323 1878 Viden'

335 1901 401 1939 Dei
431 1899 723 1953 providentiam?
759 1899 826 1937 Hie
855 1913 1052 1937 sermonem
1079 1899 1176 1937 sistit
1203 1909 1325 1937 auctor

333 1962 429 2011 libri,
459 1976 499 1999 ac
539 1961 708 2011 relinquit
746 1959 945 1998 auditorem
982 1960 1169 2009 sitientem,
1200 1969 1240 1998 ut
1280 1975 1326 1998 ex

335 2022 448 2074 seipso
461 2022 627 2074 deinceps
641 2021 881 2059 ratiocinetur.
898 2021 976 2059 Hoc
990 2030 1024 2059 et
1036 2021 1148 2060 exteri
1166 2021 1321 2060 faciunt:

336 2097 416 2121 nam
431 2084 547 2121 omnia
569 2083 670 2133 scire,
691 2083 861 2134 ignavum
878 2091 911 2120 et
928 2082 1166 2134 negligentem
1184 2082 1320 2121 reddit.

335 2145 411 2183 Hoc
429 2154 548 2182 autem
563 2144 661 2190 facit,
683 2153 716 2182 et
732 2158 810 2194 quae
831 2152 979 2194 sequuta
993 2153 1087 2192 sunt,
1100 2157 1170 2181 non
1189 2153 1322 2194 narrat,
1344 2160 1368 2189 Ε

336 2206 556 2256 superfluum
576 2205 615 2242 id
635 2213 764 2255 putans
780 2204 835 2252 iis,
851 2204 912 2254 qui
929 2218 967 2241 ea
981 2218 1059 2254 quae
1079 2204 1209 2255 scripta
1224 2214 1324 2242 erant

336 2266 501 2315 legerent,
527 2274 560 2302 et
586 2264 670 2301 hinc
703 2263 896 2300 ediscerent
926 2278 1003 2313 quae
1033 2263 1091 2301 his
1120 2264 1318 2302 adderent:

336 2326 440 2378 plane
458 2326 549 2363 enim
571 2325 687 2375 qualia
707 2324 841 2375 priora,
867 2323 951 2360 talia
971 2337 1047 2373 quae
1066 2333 1148 2375 post
1175 2334 1323 2374 sequuta

337 2395 430 2423 sunt.
452 2385 547 2423 Audi
567 2398 651 2423 vero
670 2384 790 2434 qualia
812 2392 932 2435 postea
949 2383 1105 2421 scribens
1126 2383 1172 2421 ad
1192 2385 1322 2422 Roma-

338 2461 414 2496 nos,
443 2446 538 2483 dicat
570 2461 580 2481 .·
621 2446 718 2483 Cum
742 2444 969 2496 proficiscar
993 2447 1033 2480 in
1065 2446 1317 2496 Hispaniam,

339 2511 497 2546 veniam
520 2508 574 2544 ad
594 2520 681 2543 vos.

391 2576 426 2612 5.
457 2573 589 2613 Viden'
610 2571 788 2623 quomodo
813 2571 932 2610 omnia
962 2571 1155 2639 praevideat
1180 2587 1320 2610 sacrum

336 2635 429 2674 illud
457 2644 490 2673 et
511 2634 678 2672 ditinum
709 2641 827 2684 caput,
858 2632 918 2669 ille
950 2633 1010 2682 qui
1033 2632 1187 2670 animam
1211 2633 1318 2671 habet

881 241 1063 271 JOANMS
1096 240 1332 269 CHRYSOST.
1369 241 1577 272 ARCHIEP.
1618 244 1975 276 CONSTANTINOP-

1410 325 1643 374 ἀναιροῦντος.
1659 325 1819 364 Γνωστὸν
1838 320 1895 364 οῦν
1915 327 2004 365 ἔστω
2023 332 2103 378 ὑμῖν
2117 358 2126 375 ,
2147 327 2268 379 φησὶν,
2288 328 2340 366 ὅτι
2358 332 2428 371 τοῖς

1409 383 1538 421 ἔθνεσιν
1566 385 1748 431 ἀπεστάλη
1775 385 1815 423 τὸ
1845 388 2012 439 σωτήριον
2032 392 2091 427 τοῦ
2111 391 2203 427 Θεοῦ
2217 404 2224 411 ·
2254 389 2349 426 αὐτοὶ
2368 388 2428 426 καὶ

1409 445 1629 484 ἀκούσονται.
1649 445 1697 483 Τί
1719 440 1776 485 οῦν
1795 449 1880 496 ἡμῖν
1907 448 2072 500 διαλέγῃ,
2103 455 2209 488 ταῦτα
2227 451 2290 487 οὐκ
2309 449 2426 501 ᾔδειςς

1409 505 1496 554 Ναὶ,
1523 508 1598 544 ἀλλ’
1617 506 1707 545 ὥστε
1733 510 1918 553 πεισθῆναι
1937 511 2195 562 ἀπολογοῦμαι,
2223 510 2283 548 καὶ
2306 510 2428 560 μηδενὶ

1707 567 1852 619 Ἔμεινε
1881 568 1916 606 δὲ
1944 573 1962 607 6
1993 571 2133 614 Παῦλος
2166 572 2291 609 διετίαν
2322 571 2428 617 ὅλην,

1408 643 1510 679 φησι,
1530 628 1702 666 διδάσκων
1729 629 1819 679 μετὰ
1853 630 1970 675 πάσης
2001 631 2198 683 παρρησίας
2226 631 2426 675 ἀκωλύτως.

1407 689 1534 732 Καλῶς
1543 694 1642 727 τοῦτο
1655 689 1886 740 προσεθηκεν·
1901 690 1949 727 ἔνι
1964 690 2058 743 γὰρ
2053 690 2140 729 μετὰ
2153 692 2348 745 παρρησίας
2365 691 2428 730 λέ-

1407 764 1478 799 γειν
1487 778 1496 795 ,
1509 752 1523 768 ³
1536 748 1626 787 ἀλλὰ
1644 750 1906 801 κεκωλυμένως.
1920 750 1996 797 Τὴν
2006 745 2063 789 οῦν
2077 752 2274 803 παρρησίαν
2283 752 2426 792 Παύλου

1407 809 1500 848 οὐδὲν
1521 809 1698 861 ἐνέκοψεν,
1727 809 1817 848 ἀλλὰ
1839 811 1900 848 καὶ
1929 811 2117 855 ἀκωλύτως
2138 812 2266 863 ἔλεγεν.
2282 812 2428 863 ’Έμεινε

1407 870 1442 909 δὲ
1462 874 1479 908 6
1498 872 1638 915 Παῦλος
1658 870 1784 909 διετίαν
1804 871 1904 920 ὅλην,
1917 872 2038 923 φησὶν,
2055 874 2090 910 ἐν
2110 872 2186 924 ἰδίῳ
2208 873 2426 923 μισθώματι·

1406 931 1513 974 οὕτως
1538 925 1579 978 ἦν
1608 931 1816 985 ἀπέριττος,
1853 933 1984 982 μᾶλλον
2013 932 2048 971 δὲ
2070 932 2159 970 οὕτω
2187 932 2244 970 τὸν
2262 933 2427 971 διδάσκα-

1409 567 1525 604 δοῦναι
1557 567 1681 614 λαὸήν.

1405 993 1463 1029 λον
1485 994 1587 1030 αὐτοῦ
1606 995 1764 1043 ἐμιμεῖτο
1781 994 1816 1030 ἐν
1840 999 1945 1031 πᾶσιν
1959 1024 1968 1040 ,
1996 992 2048 1032 ὅτι
2068 994 2128 1031 καὶ
2140 993 2202 1039 τὴν
2222 993 2358 1040 οἴκησιν
2380 988 2427 1031 εἰ-

1404 1067 1483 1102 χεν,
1501 1055 1562 1090 οὐκ
1583 1052 1617 1097 ἐξ
1640 1053 1829 1106 ἀλλοτρίων
1850 1054 1982 1101 πόνων,
2003 1054 2082 1091 ἀλλ’
2099 1055 2156 1106 ἀφ’
2170 1049 2216 1092 ὧν
2237 1054 2337 1097 αὐτὸς
2357 1056 2427 1106 εἷρ-

1404 1112 1542 1162 γοίζετο·
1567 1118 1666 1152 τοῦτο
1682 1114 1748 1166 γὰρ
1772 1114 1934 1165 σημαίνει
1959 1114 2018 1163 τὸ,
2041 1116 2101 1153 Ἐν
2120 1114 2195 1168 ἰδίῳ
2214 1114 2425 1166 μισθώματι.

1405 1173 1488 1211 “Ort
1512 1173 1548 1212 δὲ
1578 1175 1636 1212 καὶ
1654 1179 1670 1213 6
1692 1175 1872 1220 Δεσπότης
1891 1175 2001 1213 οἰκίαν
2020 1177 2082 1213 οὖκ
2111 1175 2295 1223 ἐκέκτητο,
2323 1175 2426 1213 ἄκουε

1405 1236 1506 1273 αὐτοῦ
1526 1234 1684 1286 λέγοντος
1699 1236 1785 1288 πρὸς
1799 1234 1856 1273 τὸν
1875 1237 1937 1273 οὔκ
1957 1237 2064 1288 ὀρθῶς
2081 1235 2239 1281 εἰπόντα,
2266 1235 2426 1273 Ἀκολου-

1403 1293 1497 1339 θήσω
1528 1307 1602 1340 σοι,
1637 1292 1721 1331 ὅπου
1756 1293 1795 1331 ἂν
1826 1293 1976 1345 ἀπέρχῃ·
2005 1296 2049 1331 Αἱ
2072 1293 2250 1337 ἀλώπεκες
2275 1292 2426 1345 φωλεοὺς

1402 1354 1539 1406 ἔχουσι,
1561 1354 1620 1392 καὶ
1634 1354 1678 1392 τὰ
1697 1354 1838 1392 πετεινὰ
1861 1359 1919 1393 τοῦ
1947 1357 2089 1406 οὐρανοῦ
2116 1353 2424 1401 κατασκηνώσεις·

1402 1419 1419 1453 ὃ
1439 1417 1474 1453 δὲ
1500 1416 1583 1460 Υἱὸς
1600 1420 1660 1454 τοῦ
1690 1415 1870 1469 ἀνθρώπου
1891 1418 1953 1454 οὐκ
1973 1416 2068 1468 ἔγει
2097 1420 2163 1454 ποῦ
2185 1415 2248 1462 τὴν
2268 1414 2422 1468 κεφαλὴν

1401 1476 1513 1527 κλίνῃ.
1533 1475 1656 1518 Οὕτως
1675 1476 1737 1520 εξ(
1724 1481 1844 1515 εαυτοῦ
1868 1477 1907 1515 τὸ
1932 1477 2018 1527 μηδὲ
2021 1493 2037 1514 ν
2059 1480 2248 1524 κεκτῆσθαι
2265 1476 2423 1515 ἐπαίδευ-

1401 1552 1460 1581 σε,
1495 1536 1582 1586 μηδε
1606 1536 1737 1588 σφόδρα
1761 1543 1831 1580 τοῖς
1861 1540 2034 1587 βιωτικοῖς
2059 1539 2319 1587 προσηλωσθαι.
2351 1537 2422 1575 Καὶ

1400 1597 1588 1648 ἀπεδέχετο
1607 1596 1684 1639 τοὺς
1703 1598 2025 1648 εἰσπορευομένους,
2052 1598 2155 1650 φησὶ,
2183 1597 2268 1649 πρὸς
2299 1597 2422 1644 αὐτὸν,

1398 1657 1578 1710 κηρύσσων
1599 1658 1661 1705 τὴν
1687 1658 1865 1709 βασιλείαν
1892 1664 1952 1697 τοῦ
1970 1660 2073 1697 Θεοῦ.
2092 1658 2187 1708 εὈρα
2217 1658 2312 1696 οὐδὲν
2340 1659 2422 1710 περὶ

1397 1722 1465 1757 τῶν
1495 1718 1690 1771 παρόντων,
1719 1718 1808 1757 ἀλλὰ
1837 1719 1916 1772 περὶ
1947 1722 2010 1765 τῆς
2037 1722 2096 1758 τοῦ
2124 1721 2215 1758 Θεοῦ
2243 1719 2421 1770 βασιλείας

1397 1779 1513 1817 πάντα
1539 1779 1780 1832 φθεγγόμενον.
1809 1779 1916 1831 Ὁρᾷς
1945 1779 2142 1830 οἰκονομίαν
2164 1782 2272 1827 Θεοῦ,
2301 1780 2420 1832 Μέχρι

1397 1840 1526 1879 τούτων
1546 1840 1603 1878 τὸν
1632 1840 1734 1891 λόγον
1757 1839 1893 1886 ἵστησιν
1912 1844 1929 1878 6
1949 1839 2184 1892 συγγραφεὺς,
2218 1841 2278 1878 καὶ
2296 1841 2419 1893 ἀφίησι

1397 1903 1552 1953 διψῶντα
1583 1901 1639 1939 τὸν
1668 1900 1863 1952 ἀκροατὴν,
1886 1900 1977 1938 ὥστε
2002 1901 2041 1938 τὸ
2069 1901 2188 1939 λοιπὸν
2211 1903 2269 1953 ἀφ’
2295 1904 2418 1940 ἑαυτοῦ

1397 1962 1669 2013 συλλογίζεσθαι.
1695 1963 1807 2000 Τοῦτο
1839 1962 1898 2001 καὶ
1931 1964 1962 2000 οἱ
1999 1961 2064 2005 ἔξω
2094 1966 2248 1999 ποιοῦσι·
2277 1962 2316 1999 τὸ
2346 1962 2415 2014 γὰρ

1395 2025 1510 2063 πάντα
1527 2024 1671 2070 εἰδέναι,
1692 2026 1785 2069 νωθῆ
1800 2029 1893 2061 ποιεῖ
1909 2023 1967 2061 καὶ
1991 2022 2230 2072 ἐκλελυμένον.
2251 2023 2364 2060 Τοῦτο
2381 2022 2417 2061 δὲ

1393 2091 1502 2132 ποιεῖ,
1531 2084 1590 2122 καὶ
1609 2079 1665 2122 οἷα
1696 2083 1740 2122 τὰ
1764 2083 1852 2134 μετὰ
1883 2087 2014 2128 ταῦτα,
2048 2085 2085 2120 οὐ
2116 2083 2229 2134 λέγει,
2251 2083 2413 2134 περιττὸν

1393 2146 1471 2185 ὅσον
1489 2147 1574 2199 πρὸς
1593 2160 1670 2188 τους
1685 2144 1956 2196 ἐντυγχάνοντας
1968 2149 2037 2186 τοῖς
2053 2148 2300 2216 συγγραφεῖσιν
2315 2143 2416 2195 ἡγού-

1395 2223 1514 2258 μενος,
1540 2206 1599 2244 καὶ
1619 2205 1688 2244 ἀπὸ
1707 2205 1836 2243 τούτων
1860 2204 2097 2256 μανθανοντας
2124 2204 2164 2242 τὸ
2193 2203 2414 2255 προστιθέναι

1393 2271 1442 2320 τῷ
1458 2268 1570 2343 λόγῳ·
1585 2266 1724 2310 πάντως
1740 2266 1806 2317 γὰρ
1829 2270 1884 2304 οἱα
1908 2265 1951 2303 τὰ
1970 2264 2140 2317 πρότερα,
2162 2269 2304 2303 τοιαῦτα
2332 2264 2414 2317 ἔσγε

1393 2328 1452 2365 καὶ
1477 2327 1520 2365 τὰ
1551 2326 1640 2376 μετὰ
1668 2330 1779 2363 τοῦτο.
1795 2323 1917 2363 Ἄκουε
1951 2325 1987 2362 δε
2014 2325 2073 2362 καὶ
2099 2330 2154 2362 οἱα
2184 2325 2274 2375 μετὰ
2303 2330 2413 2364 ταῦτα

1392 2387 1533 2438 γράφων
1558 2386 1642 2438 πρὸς
1657 2385 1875 2435 Ῥωμαίους,
1898 2401 2016 2436 φτσιν,
2039 2384 2149 2427 Ὣς
2133 2400 2172 2421 αν
2210 2385 2411 2437 πορεύωμαι

1394 2449 1440 2490 εἷς
1456 2447 1519 2494 τὴν
1542 2446 1734 2493 Ἱσπανίαν,
1758 2446 1942 2496 ἐλεύσομαι
1961 2446 2046 2497 πρὸς
2067 2448 2169 2495 ὑμᾶς.

1445 2569 1554 2622 Ὁρᾷς
1571 2571 1646 2612 πῶς
1663 2569 1779 2607 πάντα
1802 2567 1964 2620 προεώρα
1992 2571 2012 2615 ἡ
2041 2566 2124 2620 ἁγία
2152 2568 2211 2605 καὶ
2245 2567 2320 2607 θεία
2350 2583 2410 2606 κε-

1390 2630 1529 2683 ’φιλ-λη’
1516 2648 1533 2669 ο
1559 2647 1627 2668 των
1649 2645 1800 2682 ουρανων
1834 2628 1993 2681 ι’ὑὸηλότ
1976 2643 2088 2703 τερος,
2119 2631 2136 2666 6
2168 2627 2283 2680 ψυχὴν
2318 2627 2407 2680 ἔχων

335 2700 453 2737 onmia
480 2697 587 2736 simul
621 2696 920 2765 complectentem,
943 2695 1006 2745 qui
1037 2695 1170 2747 primas
1201 2706 1316 2748 paites
1329 2720 1375 2746 415
1387 2693 1501 2730 πάντα
1526 2695 1611 2741 ὁμου
1637 2693 1740 2743 περι)
1743 2690 1877 2728 agebar*
1860 2689 2065 2739 ουναμένην,
2089 2692 2106 2727 ὃ
2130 2689 2174 2727 τὰ
2199 2704 2322 2741 πρωτα
2345 2704 2407 2726 κα-

335 2770 498 2813 occupat,
515 2759 675 2797 Paulus?
703 2758 804 2809 cujus
830 2757 946 2795 solum
975 2772 1102 2795 nomen
1124 2759 1316 2798 scientibus
1342 2758 1406 2785 h

335 2822 467 2860 sufficit
491 2821 539 2858 ad
564 2819 716 2857 animam
746 2817 989 2866 excitandam,
1010 2818 1055 2856 ad
1071 2819 1313 2870 vigilantiam,

335 2883 378 2920 ad
398 2896 561 2920 somnum
579 2878 832 2917 excutiendum
854 2892 1005 2917 omnem.
1031 2878 1184 2931 Excepit
1213 2880 1316 2918 illum

335 2946 444 2981 Roma
456 2943 628 2989 vinctum,
639 2955 685 2978 ex
695 2940 831 2977 marino
843 2939 966 2977 itinere
981 2939 1082 2978 littus
1098 2949 1314 2992 tangentem,

333 3018 350 3039 a
381 3000 566 3052 naufragio
602 3007 801 3046 servatum,
837 3007 871 3035 et
901 2997 1051 3036 liberata
1083 3008 1136 3037 est
1166 3013 1186 3036 a
1221 3013 1310 3037 nau-

331 3120 492 3155 Commel.
511 3128 543 3152 et
553 3118 675 3152 Savilio
689 3117 909 3151 habebantur.
919 3117 1068 3150 licetnon
1084 3126 1159 3161 apte
1173 3118 1261 3162 apud
1276 3118 1335 3152 hos

333 3174 489 3206 distincta
505 3173 665 3203 oratione.
681 3171 797 3201 Vitiosi
817 3181 895 3201 vero
916 3169 970 3201 hie
987 3170 1068 3202 nihil
1084 3171 1245 3204 ridemus.
1261 3171 1331 3206 Cfr.

332 3239 363 3268 p.
374 3230 391 3257 4
402 3228 409 3256 1
419 3227 436 3256 2
449 3232 533 3256 extr.
546 3240 552 3257 z
564 3228 610 3256 mi
623 3226 781 3266 flabio-‚croci
793 3221 912 3265 (Judaei
924 3222 1079 3266 Romani)
1094 3228 1333 3265 ἀπολογήσασθαι

332 3283 381 3311 καὶ
396 3281 469 3319 ὑπὲρ
486 3280 608 3308 ἐκείνων.
627 3275 788 3305 Mittimus
805 3274 1000 3305 varietatem
1013 3274 1175 3306 Codicum
1188 3277 1224 3308 A.
1242 3277 1276 3306 Β.
1292 3276 1330 3308 C.

332 3340 388 3370 per
416 3335 518 3358 totam
541 3326 724 3358 orationem
743 3323 785 3356 ad
801 3324 1034 3366 compendium
1049 3324 1275 3367 redactorum,
1294 3335 1331 3358 ut

332 3390 463 3412 cernere
480 3385 528 3409 est
544 3378 575 3408 in
594 3375 719 3407 Erasmi
739 3377 1022 3416 interpretatione.
1041 3378 1053 3419 ]
1112 3413 1116 3418 ,

372 3442 385 3455 ἢ
401 3434 480 3462 am).
493 3431 707 3471 κεκωλυμένως-
720 3428 797 3458 Haec
814 3427 927 3458 vitiata
946 3426 1034 3459 haud
1049 3426 1147 3461 dubio
1161 3438 1254 3464 sunt:
1273 3430 1328 3464 di-

1387 2753 1511 2805 τέχων,
1532 2754 1693 2800 Παῦλος,
1713 2756 1750 2789 ου
1781 2758 1851 2794 τοῖς
1887 2750 1994 2788 εἰδόσι
2015 2766 2074 2788 και
2096 2749 2135 2787 τὸ
2164 2749 2273 2799 ὄνομα
2303 2748 2406 2799 μόνον

1385 2818 1483 2867 ἀρκεῖ
1493 2814 1578 2866 πρὸς
1592 2813 1759 2864 διέγερσιν
1776 2814 1870 2863 ψυγ
1850 2828 1902 2859 ης,
1914 2811 1999 2862 πρὸς
2011 2811 2127 2861 ν’ῆψιν,
2142 2809 2226 2861 πρὸς
2237 2809 2277 2848 τὸ
2290 2809 2405 2847 πάντα

1385 2876 1489 2915 ὕπνον
1519 2874 1804 2918 ἀποτινάξασθαι.
1827 2872 1909 2911 Εοέ
1912 2872 1992 2915 ξατο
2020 2871 2122 2909 αὐτὸν
2151 2870 2274 2921 Ῥώμη
2305 2871 2404 2908 6565-

1387 2936 1500 2987 μένον,
1520 2935 1589 2973 ἀπὸ
1609 2933 1784 2980 θαλάσσης
1809 2932 2006 2977 ἀναόοίντα,
2027 2933 2066 2969 ἐκ
2085 2931 2249 2981 ναυαγίου
2271 2931 2403 2968 διασω-

1388 2997 1506 3045 θέντα,
1522 2996 1581 3035 καὶ
1599 2994 1788 3044 ἀπηλλάγη
1809 2998 1867 3031 τοῦ
1893 2991 2057 3042 ναυαγίου
2083 2994 2146 3037 τῆς
2165 2991 2309 3038 πλάνης.
2331 2993 2404 3030 Κα-

1401 3123 1548 3158 vinando
1574 3123 1744 3155 vertimus.
1761 3121 1960 3163 [Egregium
1984 3120 2150 3162 specimen
2172 3119 2263 3151 mirae
2291 3118 2402 3152 liomi-

1399 3189 1477 3209 num
1492 3175 1664 3216 mcordiae,
1677 3175 1922 3216 corruptionem
1935 3173 2153 3215 querentium,
2169 3183 2245 3204 cum
2254 3170 2305 3203 vel
2316 3183 2333 3204 e
2343 3171 2404 3204 Sa-

1399 3228 1488 3266 vilio‚
1504 3229 1528 3260 si
1552 3227 1779 3268 in.·-pexissent‚
1796 3224 1875 3266 quid
1892 3223 2019 3255 deesset
2032 3231 2164 3266 poterat
2180 3221 2346 3266 cognosci,
2361 3233 2403 3254 ne

1397 3278 1547 3311 dicamus
1563 3277 1720 3318 Codices,
1733 3288 1847 3311 omnes
1864 3274 1964 3307 verba
1981 3277 2106 3318 integra
2124 3274 2287 3309 sistentes.
2305 3273 2400 3307 Scili-

1396 3338 1449 3362 (ει
1464 3331 1498 3362 in
1513 3329 1675 3362 Commel.
1691 3337 1724 3361 et
1738 3328 1816 3360 hinc
1834 3330 1867 3360 in
1882 3327 2003 3362 Montf.
2020 3326 2209 3369 deeratilla,
2228 3331 2267 3361 &a
2285 3331 2397 3372 γὰρ...

1394 3382 1515 3423 λέγειν]

1439 3435 1455 3459 b
1478 3432 1590 3466 Codex
1607 3432 1689 3465 alius
1705 3436 1882 3478 ὑψηλότερος
1900 3437 2028 3473 πάντων,
2047 3434 2061 3466 ὁ
2078 3436 2181 3475 ψυχήν.
