2466 3805
690 238 733 267 ΙΝ
773 239 887 269 ACTA
928 239 1253 271 APOSTOLORUM
1262 261 1271 271 .

2106 234 2166 282 65

1310 242 1467 272 IIOMlL.
1509 242 1589 272 vu.

95 369 2155 397 zm

469 486 650 524 OMIAIA
679 484 719 530 ζ’.

85 605 307 650 Ἀκούσαντες
328 607 364 645 δὲ
386 606 461 650 τοὺς
477 607 598 659 λόγους
618 607 770 656 τούτους,
790 608 1026 659 κατενύγησαν
1043 608 1104 654 τὴν

136 667 280 719 καρδίαν
294 699 303 717 ,
331 662 425 707 εἶπόν
448 685 486 706 τε
516 669 600 721 πρὸς
618 670 675 707 τὸν
694 669 829 722 Πέτρον
853 669 912 707 καὶ
931 668 1008 712 τοὺς
1027 671 1104 707 λοι-

136 728 220 772 ποὺς
243 730 453 773 ἀποστόλους
469 745 477 753 ·
503 729 538 768 τί
564 730 783 780 ποιήσωμεν,
800 730 921 781 ἄνδρες
942 729 1084 781 ἀδελφοί
1093 745 1103 776 ;

135 912 256 964 (Ορᾷς,
277 910 356 950 ὅσον
381 909 474 948 ἐστὶν
493 908 662 948 ἐπιείκεια
682 907 852 960 3ἀγαθόν,
880 906 977 954 Αὕτη
1009 909 1102 957 μᾶλ-

81 976 139 1012 λον
173 975 235 1019 τῆς
270 970 500 1024 σφοδρότητος
535 969 597 1012 τὰς
635 968 778 1022 καρδίας
805 972 1010 1006 κατακεντεῖ
1040 967 1103 1010 τὰς

78 1033 269 1084 ἡμετέρας,
286 1032 344 1068 καὶ
366 1030 526 1082 ὀξυτέραν
543 1029 662 1067 δίδωσι
676 1028 738 1075 τὴν
759 1028 912 1079 πληγήν.
930 1027 1099 1080 Καθάπερ

77 1093 144 1144 γὰρ
171 1092 228 1129 ἐπὶ
246 1094 315 1128 τῶν
332 1089 596 1142 ἐσκιῤῥωμένων
615 1089 787 1140 σωμάτων
808 1092 825 1126 ὃ
842 1089 1007 1135 πλήττων
1036 1090 1100 1140 οὐχ

76 1152 166 1190 οὕτω
185 1157 277 1190 ποιεῖ
297 1150 360 1198 τὴν
376 1150 533 1197 αἴσθησιν
554 1149 703 1202 σφοδράν
721 1165 728 1172 ·
749 1148 790 1187 ἂν
809 1149 845 1188 δέ
862 1166 913 1193 τις
930 1149 1016 1187 αὐτὰ
1034 1164 1099 1199 μα-

73 1212 161 1259 λάξη
189 1211 375 1265 πρότερον,
403 1210 462 1248 καὶ
490 1209 610 1248 ἁπαλὰ
642 1210 851 1263 ἐργάσηται,
877 1210 956 1248 τότε
983 1209 1097 1247 νύττει

74 1271 319 1325 σφοδρότερον·
347 1271 437 1309 οὕτω
462 1271 502 1318 δὴ
523 1270 583 1308 καὶ
607 1272 754 1308 ἐνταῦθα
772 1270 937 1323 πρότερον
964 1272 1013 1308 δεῖ
1031 1286 1097 1321 μα-

73 1333 175 1378 λάξαι
205 1333 264 1371 καὶ
290 1333 368 1371 τότε
396 1332 504 1376 νύξαι.
527 1332 710 1369 Μαλάττει
735 1331 791 1379 δὲ,
815 1333 852 1370 οὐ
874 1332 998 1382 θυμὸς,
1019 1331 1095 1370 οὐδὲ

74 1394 265 1448 κατηγορία
286 1393 431 1446 σφοδρὰ,
454 1392 530 1430 οὐδὲ
547 1392 673 1438 ὀνείδη,
691 1394 766 1431 ἀλλ’
793 1393 962 1431 ἐπιείκεια
976 1408 983 1416 ·
1007 1395 1097 1431 ἐκεῖ·

72 1471 127 1500 νος
141 1455 202 1506 μὲν
218 1455 285 1507 γὰρ
305 1455 362 1492 καὶ
378 1454 538 1493 ἐπιτείνει
554 1454 616 1501 τὴν
633 1453 811 1507 πώρωσιν,
832 1454 920 1502 αὕτη
941 1454 976 1492 δὲ
998 1458 1091 1493 ἀναι-

73 1522 135 1569 ρεῖ.
163 1515 274 1554 ”Ωστε
299 1516 338 1553 ἂν
368 1515 486 1567 ἐθέλῃς
511 1514 734 1566 καθάψασθαί
758 1531 848 1560 τινος
869 1516 1088 1565 ἠδικηκότος,

71 1577 160 1627 μετὰ
179 1579 311 1622 πολλῆς
334 1579 396 1622 τῆς
423 1575 618 1628 πραότητος
644 1577 736 1628 αὐτῷ
764 1577 972 1628 προσφέρου.
995 1575 1092 1628 εὈροι

68 1642 150 1689 γοῦν
167 1638 226 1676 καὶ
250 1641 395 1677 ἐνταῦθα
414 1637 449 1675 τί
463 1643 554 1676 ποιεῖ
569 1652 578 1661 ·
600 1637 789 1688 ἀνέμνησεν
812 1638 933 1682 αὐτοὺς
958 1641 1025 1676 τῶν
1042 1641 1090 1677 οἰ-

69 1700 171 1738 κείων
201 1699 435 1750 τολμημάτων
463 1698 602 1751 πράως,
633 1699 693 1737 καὶ
726 1699 821 1738 οὐδὲν
854 1700 1088 1753 προσέθηκεν·

69 1754 144 1799 εἷπε
165 1765 226 1798 τοῧ
257 1762 350 1799 Θεοῦ
365 1759 428 1805 τὴν
452 1759 600 1810 δωρεὰν,
621 1760 778 1811 ἐπήγαγε
794 1759 857 1806 τὴν
876 1760 979 1812 χάριν
998 1776 1090 1813 μαρ-

66 1825 237 1873 τυροῦσαν
262 1827 333 1864 τοῖς
356 1820 614 1871 γεγενημένοις,
640 1820 700 1858 καὶ
727 1820 777 1858 ἔτι
807 1821 1002 1875 περαιτέρω
1031 1822 1089 1860 τὸν

65 1882 165 1935 λόγον
199 1882 377 1933 ἐξήγαγεν.
396 1880 615 1936 ’ῌδέσθησαν
640 1884 699 1918 τοῦ
725 1880 863 1934 Πέτρου
888 1883 951 1929 τὴν
979 1882 1087 1921 ἐπιεί-

65 1959 183 1992 κειαν,
200 1947 252 1982 ὅτι
277 1950 348 1986 τοῖς
370 1943 426 1981 τὸν
457 1942 638 1989 Δεσπότην
659 1944 762 1981 αὐτοῦ
786 1942 1009 1995 σταυρώσασι
1030 1944 1089 1982 καὶ

63 2008 140 2043 κατ’
159 2007 270 2044 αὐτῶν
289 2005 479 2057 ι”,ζιονιῖ5σιν,
493 2007 528 2042 ἐν
542 2003 637 2049 τάξει
655 2005 788 2057 πατρὸς
804 2005 862 2042 καὶ
879 2005 1087 2044 διδασκάλου

64 2068 294 2117 κηδεμονικοῧ
314 2065 496 2117 διελέγετο.
517 2067 597 2117 Οὐχ
615 2066 734 2109 ἁπλῶς
748 2066 977 2115 ἐπείσθησαν,
998 2066 1089 2105 ἀλλὰ

63 2128 283 2180 κατέγνωσαν
300 2129 451 2165 ἑαυτῶν·
477 2121 580 2172 ἦλθον
605 2128 651 2168 εἷς
674 2126 830 2173 αἴσθησιν
850 2130 919 2164 τῶν
944 2143 1087 2178 γεγενη-

63 2188 188 2239 μένων.
209 2190 261 2226 Οὐ
277 2187 344 2240 γὰρ
363 2189 495 2239 ἀφῆκεν
512 2187 626 2229 αὐτοῖς
645 2188 790 2238 ἀρθῆναι
806 2187 863 2225 τὸν
882 2188 1001 2237 θυμὸν,
1026 2189 1085 2226 καὶ

59 2250 289 2295 ἐπισκοτῆσαι
302 2252 344 2299 τῇ
369 2246 518 2298 διανοίᾳ·
534 2246 625 2284 ἀλλὰ
649 2246 705 2284 διὰ
723 2249 787 2293 τῆς
805 2247 1083 2300 ταπεινοφροσύ-

58 2325 119 2355 νης
143 2308 262 2362 ὥσπερ
291 2307 369 2346 τινὰ
397 2306 569 2349 σκεδάσας
594 2306 705 2359 ἀχλὺν
732 2306 796 2354 τὴν
825 2308 1083 2359 ἀγανάκτησιν,

54 2369 162 2413 οὕτως
179 2369 283 2414 ἔδειξε
303 2369 342 2407 τὸ
365 2367 636 2419 τετολμημένον.
667 2367 736 2406 Καὶ
762 2367 829 2422 γὰρ
854 2368 965 2413 οὕτως
988 2369 1081 2422 ἔχει,

55 2430 135 2469 ὅταν
156 2431 309 2482 εἴπωμεν
328 2435 448 2480 ἡμεῖς,
476 2428 528 2466 ὅτι
546 2429 760 2478 ἠδικήμεθα,
785 2432 908 2468 ἐκεῖνοι
927 2435 1081 2483 πειρῶν-

52 2508 111 2530 ται
137 2491 254 2539 δεῖξαι,
276 2491 329 2529 ὅτι
350 2493 412 2528 οὐκ
430 2489 643 2536 ἠδικήκασιν
656 2505 663 2513 ·
683 2489 764 2528 ὅταν
785 2489 936 2541 εἴπωμεν
957 2494 1080 2541 ἡμεῖς,

53 2552 107 2590 ὅτι
125 2555 188 2591 οὒκ
203 2553 422 2603 ἠδικήμεθα,
442 2553 518 2588 ἀλλ’
543 2550 766 2601 ’ἠδικήκαμεν
788 2554 940 2602 μᾶλλον,
955 2554 1079 2591 ἐκεῖνοι

53 2614 94 2651 τὸ
123 2613 275 2652 ἐναντίον
303 2617 469 2651 ποιοῦσιν.
485 2610 597 2649 ςΏστε
616 2613 645 2649 εἷ
667 2611 784 2663 βούλει
803 2613 861 2651 τὸν
886 2613 1080 2660 ἠδικηκότα

52 2675 101 2717 εἷς
130 2675 248 2725 ἀγῶνα
277 2673 456 2724 ἐμὸαλεῖν,
487 2671 534 2722 μὴ
572 2672 817 2724 κατηγορήσῃς
846 2675 967 2719 αὐτοῦ,
1000 2676 1078 2712 ἀλλ’

50 2735 233 2786 ἀγώνισαι,
251 2736 409 2777 κάκεῖνος
428 2732 675 2786 κατηγορήσει.
699 2733 904 2772 Φιλόνεικον
923 2734 989 2787 γάρ
1005 2738 1078 2774 ἐστι

48 2796 88 2834 τὸ
115 2796 211 2847 γένος
236 2799 303 2833 τῶν
330 2794 533 2847 ἀνθρώπων.
560 2796 673 2833 Τοῦτο
700 2797 717 2832 ὃ
738 2794 872 2849 Πέτρος
902 2796 1076 2844 ἐποίησεν.

48 2858 101 2895 Οὐ
127 2857 363 2910 κατηγόρησεν
385 2858 496 2895 αὐτῶν
519 2857 687 2909 σφοδρῶς,
707 2855 798 2894 ἀλλὰ
827 2856 886 2894 καὶ
908 2857 1074 2910 ἐπειράθη

49 2918 170 2969 σχεδὸν
200 2917 435 2970 ἀγωνίσασθαι
457 2916 617 2968 θῆμέρως
641 2916 732 2955 κατὰ
760 2918 799 2956 τὸ
828 2917 971 2957 δυνατόν
986 2934 993 2941 ·
1018 2918 1074 2956 διὰ

47 2982 148 3017 τοῦτο
174 2980 286 3017 αὐτῶν
310 2978 492 3017 καθίκεται
508 2980 571 3023 τῆς
590 2979 717 3030 ψυχῆς.
734 2978 805 3016 Καὶ
825 2978 928 3017 πόθεν
953 2980 1073 3028 δῆλον,

45 3038 99 3077 δ’τι
124 3038 381 3091 κατενύγησαν;
402 3039 486 3077 Ἀπὸ
507 3040 574 3076 τῶν
598 3039 763 3091 ῥημάτων
786 3039 911 3078 αὐτῶν.
938 3040 986 3078 Τί
1004 3041 1071 3093 γάρ

46 3121 150 3157 φασι,
168 3105 215 3144 Τί
242 3106 461 3157 ποιήσωμεν,
491 3104 611 3157 ἄνδρες
633 3105 791 3158 ἀδελφοί,
820 3106 893 3149 Οὒς
920 3107 1071 3151 πλάνους

46 3171 204 3220 ἐκάλουν,
225 3171 390 3223 ἀδελφοὺς
406 3177 463 3211 ν’ὕν
480 3174 662 3210 καλοῦσιν.
683 3173 777 3224 Οὐχὶ
804 3177 965 3212 τοσοῦτον
985 3177 1068 3212 ἑαυ-

91 3310 104 3325 2
127 3307 238 3343 ἀγαθόν
253 3301 345 3336 deest
365 3304 400 3337 in
415 3304 515 3338 Savil.
530 3305 653 3348 [Paulo
670 3315 746 3340 ante
761 3306 852 3340 idem
868 3315 901 3339 et
917 3309 954 3340 B.
973 3316 1059 3346 ποιή-

46 3365 145 3393 σομεν.
174 3353 283 3386 Ceteri
309 3363 487 3399 ποιήσωμεν.
519 3355 677 3389 Similiter
710 3357 843 3390 variant
882 3357 968 3391 infra
1003 3359 1060 3400 E.]

1513 487 1724 526 HOMILIA
1752 489 1837 528 VII.

1180 606 1268 644 CAP.
1297 607 1344 644 ΙΙ.
1373 622 1408 647 v.
1439 609 1501 646 57.
1530 611 1605 648 His
1625 619 1755 649 autem
1773 613 1930 659 auditis,
1948 617 2166 665 compuncti

1230 676 1320 705 sunt
1350 670 1476 716 corde,
1507 679 1543 708 et
1571 672 1751 710 dixerunt
1782 674 1836 710 ad
1861 675 2022 712 Petram
2050 684 2087 712 et
2112 675 2167 712 ad

1229 729 1398 779 reliquos
1412 732 1606 781 apostolos
1621 748 1632 768 .-
1652 734 1755 783 Quid
1754 735 1968 785 faciemus,
1985 737 2065 773 viri
2068 737 2164 788 fra-

1231 792 1332 826 tres?

1126 908 1149 938 B
1229 910 1264 946 1.
1294 908 1426 948 Viden'
1456 919 1630 960 quantum
1660 912 1706 949 sit
1736 913 1971 952 mansuetudo
2001 915 2160 954 bonum?

1175 969 1261 1006 Haec
1286 971 1414 1020 magis,
1449 985 1556 1021 quam
1584 973 1805 1012 vehementia
1836 975 2017 1024 quaelibet,
2055 976 2161 1014 corda

1173 1038 1292 1067 nostra
1319 1031 1542 1083 compungit,
1566 1041 1599 1069 et
1617 1033 1813 1071 acutiorem
1842 1034 1975 1086 infligit
2001 1036 2158 1088 plagam.

1173 1090 1273 1128 Sicut
1288 1091 1382 1129 enim
1398 1092 1460 1142 qui
1476 1092 1651 1131 obdurata
1666 1108 1812 1145 corpora
1825 1096 1990 1147 percutit,
2006 1110 2075 1134 non
2089 1107 2162 1136 tam

1171 1151 1291 1190 valide
1321 1166 1463 1190 sensum
1494 1154 1622 1203 afficit3
1645 1155 1706 1192 sed
1727 1155 1757 1193 si
1777 1156 1838 1193 illa
1867 1158 1968 1208 prius
1988 1159 2160 1210 emolliat,

1171 1221 1256 1249 tunc
1274 1212 1390 1250 acrius
1411 1213 1538 1265 pungit
1559 1229 1566 1250 t
1587 1215 1636 1252 ita
1656 1224 1689 1252 et
1707 1215 1768 1252 hic
1784 1216 1884 1267 prius
1900 1226 2038 1269 oportet
2053 1219 2162 1256 emol-

1167 1272 1248 1322 lire,
1264 1282 1298 1311 et
1312 1283 1396 1311 tunc
1412 1288 1581 1326 pungere.
1600 1276 1750 1313 Emollit
1768 1286 1900 1327 autem,
1918 1292 1987 1316 non
2003 1279 2070 1329 ira,
2089 1295 2160 1319 non

1171 1334 1355 1373 vehemens
1373 1336 1565 1386 accusatio,
1587 1351 1656 1374 non
1677 1337 1897 1387 convicium,
1915 1340 1977 1377 sed
1997 1355 2159 1380 mansue-

1167 1394 1254 1432 tudo
1272 1411 1279 1431 :
1297 1396 1396 1433 furor
1414 1397 1508 1434 enim
1527 1407 1632 1448 auget
1647 1398 1828 1448 morbum,
1845 1401 2078 1440 mansuetudo
2097 1403 2161 1441 eli-

1166 1456 1288 1494 minat.
1316 1458 1440 1508 Itaque
1463 1459 1492 1496 si
1518 1459 1606 1496 velis
1635 1460 1851 1511 quempiam,
1873 1462 1933 1511 qui
1958 1471 1992 1500 te
2010 1462 2156 1516 laeserit,

1117 1520 1139 1550 C
1167 1519 1358 1571 corripere,
1380 1520 1485 1558 illum
1504 1535 1586 1558 cum
1600 1522 1870 1560 mansuetudine
1888 1538 2017 1576 magna
2033 1539 2158 1577 aggre-

1164 1580 1260 1619 dere.
1287 1581 1383 1621 Vide
1404 1583 1497 1619 enim
1520 1583 1589 1620 hoc
1611 1583 1690 1620 loco
1713 1583 1801 1634 quid
1818 1585 1924 1622 faciat
1948 1601 1956 1621 :
1976 1597 2158 1626 mansuete

1165 1642 1235 1680 illis
1252 1643 1409 1681 facinora
1422 1658 1485 1681 sua
1509 1644 1545 1682 in
1568 1654 1722 1682 mentem
1741 1655 1897 1694 revocat,
1920 1656 1953 1684 et
1975 1647 2067 1685 nihil
2087 1649 2156 1687 ad-

1159 1704 1258 1755 jicit,
1281 1705 1350 1743 Dei
1369 1705 1504 1743 donum
1522 1716 1674 1755 enarrat,
1691 1706 1793 1745 addjt
1813 1708 1966 1759 gratiam
1984 1709 2021 1747 in
2035 1725 2157 1749 rerum

1163 1775 1342 1817 gestarum
1383 1767 1650 1815 testimonium,
1693 1777 1726 1806 et
1768 1768 1919 1807 ulterius
1962 1784 2159 1811 sermonem

1162 1826 1340 1878 producit.
1355 1828 1513 1866 Reveriti
1528 1838 1611 1866 sunt
1625 1829 1721 1866 Petri
1737 1830 2059 1882 mansuetudinem,
2073 1834 2158 1884 quia

1161 1889 1220 1939 iis,
1243 1890 1306 1940 qui
1325 1891 1522 1929 Dominum
1551 1906 1656 1930 suum
1692 1892 1956 1942 crucifixerant,
1979 1904 2012 1931 et
2034 1905 2156 1935 contra

1162 1951 1256 2003 ipsos
1287 1952 1417 1990 caedem
1451 1953 1646 2005 spirabant,
1673 1955 1772 2005 quasi
1801 1965 1901 2007 pater
1929 1966 1962 1994 et
1987 1959 2155 2010 magister

1161 2011 1250 2049 bene
1274 2013 1422 2050 affectus
1450 2013 1672 2064 loquebatur.
1697 2015 1770 2052 Nec
1790 2015 2000 2067 simpliciter
2018 2033 2154 2057 morem

1162 2083 1358 2123 gesserunt,
1380 2073 1441 2111 sed
1457 2075 1562 2112 etiam
1582 2089 1618 2112 se
1637 2075 1731 2127 ipsos
1750 2076 1963 2115 damnarunt
1986 2094 1994 2115 :
2015 2079 2051 2116 in
2069 2094 2152 2117 sen-

1162 2147 1243 2170 sum
1260 2144 1433 2172 venerunt
1451 2149 1574 2173 eorum
1592 2150 1670 2185 quae
1689 2137 1852 2175 fecerant.
1870 2140 1949 2176 Non
1965 2140 2058 2177 enim
2073 2155 2152 2192 per-

1161 2192 1258 2230 misit
1290 2194 1369 2231 illos
1394 2195 1514 2232 furore
1541 2196 1687 2247 corripi,
1711 2206 1743 2234 et
1764 2207 1880 2236 mente
1906 2200 2150 2251 obtenebrari3

1160 2253 1221 2291 sed
1248 2269 1312 2306 per
1340 2255 1595 2306 humilitatem,
1615 2256 1786 2309 dissipata
1808 2258 1962 2309 quadam
1986 2260 2152 2312 indigna-

1158 2314 1265 2353 tionis
1280 2316 1425 2366 nebula,
1449 2316 1498 2354 sic
1511 2317 1647 2355 facinus
1661 2318 1754 2356 illud
1770 2319 1856 2371 ipsis
1871 2323 2149 2372 repraesentavit.

1157 2377 1226 2414 Res
1247 2376 1342 2414 enim
1371 2377 1422 2415 sic
1447 2379 1614 2417 usuvenit
1630 2381 1794 2430 :quando
1817 2381 2032 2432 quibusdam
2060 2383 2150 2422 dici-

1157 2451 1237 2475 mus
1258 2452 1320 2475 nos
1339 2439 1438 2477 laesos
1454 2440 1576 2490 fuisse,
1599 2440 1654 2478 illi
1669 2452 1842 2480 conantur
1857 2443 2097 2484 demonstrare
2113 2460 2149 2484 se

1156 2511 1226 2535 non
1254 2498 1409 2549 laesisse,
1447 2514 1528 2538 cum
1559 2515 1644 2539 vero
1673 2501 1828 2540 dicimus
1860 2518 1923 2542 nos
1953 2519 2022 2543 non
2047 2506 2148 2545 laesos

1154 2559 1275 2610 fuisse,
1305 2560 1367 2598 sed
1402 2561 1521 2613 potius
1552 2562 1698 2612 laesisse,
1732 2563 1788 2601 illi
1818 2574 1939 2603 contra
1971 2567 2144 2605 nituntur.

1154 2620 1278 2670 Itaque
1303 2621 1332 2658 si
1358 2621 1447 2659 velis
1481 2636 1577 2672 enm,
1600 2622 1661 2672 qui
1683 2623 1814 2675 injuste
1832 2626 1917 2676 egit,
1940 2626 1976 2663 in
1996 2640 2145 2678 agonem

1154 2681 1339 2733 conjicere,
1363 2695 1406 2719 ne
1424 2696 1566 2720 accuses
1596 2683 1702 2720 illum
1708 2699 1719 2732 5
1741 2684 1802 2721 sed
1820 2699 1885 2737 pro
1904 2686 1966 2724 illo
1985 2687 2141 2738 decerta,

1103 2738 1126 2768 Ε
1152 2752 1185 2779 et
1202 2743 1262 2780 ille
1273 2757 1346 2780 sese
1364 2743 1555 2781 accusabit.
1573 2744 1840 2782 Contentiosum
1856 2747 1951 2784 enim
1969 2757 2020 2785 est
2033 2762 2143 2799 genus

1150 2803 1351 2841 hominum.
1377 2803 1453 2841 Hoc
1473 2805 1597 2841 Petrus
1613 2804 1694 2842 fecit
1712 2820 1719 2841 ε
1737 2819 1804 2842 non
1820 2806 1901 2843 illos
1916 2807 2142 2848 vehementer

1149 2864 1341 2914 accusavit,
1370 2864 1432 2902 sed
1460 2873 1604 2902 conatus
1625 2874 1676 2902 est
1694 2875 1865 2915 quantum
1893 2877 2030 2919 poterat
2057 2869 2139 2908 illos

1147 2935 1326 2964 mansuete
1350 2925 1556 2976 defendere,
1576 2925 1725 2976 ideoque
1740 2927 1886 2965 illorum
1906 2929 2040 2967 animos
2053 2945 2136 2982 per-

1146 2987 1302 3025 strinxit.
1319 2987 1366 3025 Et
1380 2987 1558 3025 undenam
1578 2987 1688 3038 liquet
1708 2988 1789 3026 illos
1804 3000 2033 3041 compunctos
2048 2993 2140 3031 fuis-

1146 3049 1208 3087 se?
1227 3049 1287 3086 Ex
1302 3050 1463 3101 ipsorum
1480 3049 1610 3087 verbis.
1632 3049 1731 3095 Quid
1746 3050 1840 3087 enim
1857 3050 2010 3090 dicunt?
2035 3055 2139 3105 Quid

1137 3112 1348 3163 faciemus,
1373 3113 1454 3148 viri
1462 3112 1644 3164 fratres?
1666 3112 1764 3159 Quos
1793 3110 1999 3164 deceptores
2022 3129 2135 3154 voca-

1142 3174 1243 3224 bant,
1270 3174 1396 3211 fratres
1424 3187 1518 3211 nunc
1547 3173 1744 3225 appellant3
1773 3187 1843 3212 non
1876 3177 1974 3227 quod
1993 3192 2029 3216 se
2049 3179 2137 3232 ipsis

1171 3309 1187 3333 b
1215 3307 1264 3340 Al.
1298 3318 1424 3353 φωνῶσι.

1171 3369 1184 3383 ⁰
1209 3365 1326 3403 ἡμέρως
1341 3357 1434 3391 deest
1451 3359 1483 3389 in
1504 3368 1567 3389 uno
1584 3355 1721 3391 Codice.

2229 933 2363 964 Mansue-

2176 976 2212 1002 do
2222 983 2362 1012 quantum

2177 1017 2303 1044 bonumf
