2502 3810
695 231 737 260 IN
778 228 1179 260 ANNUNTLmONEM
1218 225 1516 256 SANCTISSIMAE
1553 217 1778 256 DE1PAR.E.'
2138 211 2229 272 943

161 317 242 366 ἐμὸς
258 317 327 358 υἱὸς
345 313 541 365 βασιλεύσει
557 314 604 354 εἰς
623 311 698 354 τοὺς
719 314 867 358 αἷῶνας;
886 311 955 349 Καὶ
976 313 992 347 ὁ
1012 310 1174 360 ἄγγελος·
1252 315 1385 353 cturus,
1404 315 1560 344 mortuos
1574 305 1821 354 suscitaturus,
1838 303 2001 356 sepulcra
2019 305 2231 356 aperiturus,

161 374 260 406 τοῦτο
275 367 341 419 γάρ
357 368 453 411 ἐστι,
472 364 594 415 Μαρία
606 391 615 408 ,
631 364 670 401 τὸ
687 363 777 407 ξένον
795 363 982 415 μυστήριον
995 391 1004 408 ,
1020 361 1072 399 ὅτι
1092 361 1178 398 ποίν-
1252 358 1373 395 tartari
1399 358 1551 396 claustra
1587 358 1840 405 confi-acturus,
1872 366 1906 394 et
1939 355 2052 394 multa
2084 371 2232 410 corpora

162 435 218 463 τες
243 420 431 464 ἀπέθανον,
458 417 518 454 καὶ
545 420 562 453 ὃ
587 416 644 459 σὸς
671 416 741 458 υἱὸς
769 414 904 460 νικήσει
929 416 986 452 τὸν
1015 414 1176 459 θάνατον,
1251 409 1505 447 dormientium
1539 410 1834 447 resuscitaturus:
1855 423 1935 446 nam
1959 423 2004 446 ex
2039 410 2232 448 immortali

162 471 300 523 νεκροὺς
333 474 462 521 ἐγερεῖ,
494 469 553 506 καὶ
583 468 746 509 θανόντας
787 466 994 513 ἀναστήσει,
1026 469 1179 516 μνημεῖα
1252 462 1462 499 immortalis
1490 470 1593 499 natus
1618 476 1680 512 per
1699 470 1846 498 mortem
1866 475 1964 498 suam
1988 462 2121 499 occidet
2138 477 2232 500 mor-

163 522 492 573 ἀνοίξει,ταρτάρου
510 522 651 570 κλεῖθρα
673 519 870 570 συντρίψει,
887 517 1077 556 καὶπολλὰ
1105 515 1178 554 σώ-
1251 522 1333 550 tem.
1363 515 1538 559 Quocirca
1576 528 1618 550 ne
1647 514 1739 551 ultra
1766 512 1905 550 credere
1925 513 2084 564 differas,
2119 523 2157 551 ut
2188 529 2232 553 ne

164 591 259 620 ματα
272 578 339 612 τῶν
357 589 515 623 κεκοιμηγ
537 572 618 608 ένων
636 571 826 619 ἀναστήσει
842 587 849 594 ·
867 574 905 609 ἐκ
923 570 990 622 γὰρ
1010 568 1179 606 ἀθανάτου
1252 566 1366 617 culpae
1386 566 1433 603 sis
1452 566 1618 603 obnoxia.
1638 566 1672 602 Is
1687 565 1779 602 enim
1791 564 1838 602 'de
1855 579 1924 615 quo
1936 566 2062 615 loquor
2075 567 2149 617 jam
2169 581 2231 618 per

163 631 179 664 ὁ
200 626 367 669 ἀθάνατος
381 625 573 677 γεννηθεὶς,
593 624 785 662 θανατώσει
799 623 855 661 τον
883 624 1027 660 θάνατον
1045 621 1102 659 διὰ
1120 623 1179 657 τοῦ
1250 618 1412 655 auditum
1438 627 1540 654 tuum
1560 617 1596 654 in
1629 627 1768 654 uterum
1786 626 1888 654 tuum
1907 617 2042 665 insiliit,
2069 619 2158 656 uteri
2178 619 2232 656 tui

163 679 287 716 οἰκείου
307 678 467 716 θανάτου.
493 676 555 714 Διὸ
573 675 699 724 μηκέτι
723 675 939 721 ἀπιστήσης,
958 675 1014 711 ἵνα
1044 673 1092 723 μὴ
1113 671 1179 708 ὑπὸ
1251 671 1403 707 encaenia
1417 670 1609 707 cetebrans.
1627 670 1722 706 Tum
1741 669 1876 719 Virgo:
1900 672 1950 707 Ut
1969 669 2023 706 his
2049 671 2230 716 assentiar,

162 731 322 780 ἔγκλημα
341 729 435 780 -gz'wsp
454 729 541 782 Περὶ
556 725 593 767 οῧ
610 728 678 781 γὰρ
692 728 784 778 λέγω
799 743 853 765 002
865 756 874 773 ‚
885 720 957 773 ’ἤδη
975 729 1021 768 εἷς
1035 725 1098 771 τὴν
1115 723 1178 769 σὴν
1251 722 1365 772 primo
1380 722 1498 758 mefac
1511 721 1708 766 certiorem,
1721 721 1896 771 quomodo
1908 722 1953 758 sit
1964 721 2076 759 Filius
2090 723 2230 760 Altissi-

162 783 295 820 κοιλίαν
315 783 371 820 δια
386 774 448 826 τῆς
464 785 526 826 σῆς
548 783 652 826 ἀκοῆς
669 780 922 826 εἷσπεπήδηκε,
947 782 1008 824 τῆς
1028 781 1090 823 σῆς
1117 792 1180 827 γα·
1251 774 1300 810 mi
1321 783 1353 811 et
1373 774 1468 811 silius
1488 773 1622 821 David,
1657 773 1686 809 is
1717 773 1777 822 qui
1807 788 1851 810 ex
1871 788 1939 819 me,
1966 783 2004 810 ut
2029 774 2132 823 dicis,
2157 775 2231 813 sinc

162 835 263 885 στρος
291 836 457 872 ἐπιτελῶν
484 834 529 871 τὰ
550 833 721 884 ἐγκαίνια.
753 832 822 870 Καὶ
851 835 872 877 ἡ
906 830 1073 882 παρθένος
1097 844 1103 852 ·
1123 828 1180 865 ἵνα
1251 835 1351 877 patre
1369 835 1550 874 nascetur3
1569 835 1603 863 et
1621 824 1796 875 quomodo
1814 825 1904 862 duos
1922 835 2038 877 patres
2059 827 2230 877 praedica-

161 887 294 930 τούτοις
317 890 512 936 awannam,
528 887 566 923 τὸ
583 885 719 936 πρῶτόν
749 900 791 934 με
807 884 1085 935 πληροφόρησον,
1106 882 1180 923 πῶς
1251 879 1358 916 veris.
1390 879 1543 929 Reponit
1567 877 1739 928 angelus:
1761 877 1881 915 Primo
1914 879 2021 925 disce,
2049 888 2081 915 ct
2109 889 2230 930 postca

161 939 220 976 καὶ
240 940 318 982 Υἱὸς
337 939 504 990 Ὑψίστου
517 967 526 984 ,
545 938 603 976 καὶ
625 938 694 980 υἱὸς
709 937 818 974 aaut&
833 940 849 974 ὃ
866 937 899 979 ἐξ
919 939 1001 985 ἐμοῦ
1031 934 1179 985 μέλλων,
1250 930 1496 968 contradicito.
1515 932 1606 968 Cum
1625 929 1690 966 tibi
1705 929 1798 975 dixi,
1816 930 1929 967 Filius
1950 931 2134 978 Altissimi,
2147 946 2228 969 eum

161 993 207 1034 ὡς
223 991 352 1041 λέγεις,
369 992 547 1028 τίκτεσθαι
562 991 621 1028 καὶ
641 990 808 1042 ὑπάργειν
825 989 985 1038 ἀπάτορα
1002 1003 1008 1010 ·
1029 986 1088 1024 καὶ
1107 988 1181 1029 πῶς
1200 1004 1225 1033 1,
1249 983 1310 1033 qui
1340 992 1419 1020 ante
1434 983 1562 1020 saecula
1580 982 1844 1034 impassibiliter
1868 996 1910 1019 ex
1931 984 2033 1020 Patre
2056 992 2161 1021 natus
2178 995 2228 1022 est

161 1043 238 1086 τοῧς
259 1043 320 1081 δύο
339 1042 492 1094 πατέρας
513 1042 690 1095 ἐκήρυξας.
715 1034 784 1079 Καὶ
803 1044 819 1078 ὃ
839 1041 983 1091 ἄγγελος
1011 1055 1018 1063 ·
1043 1041 1180 1088 πρῶτον
1250 1035 1423 1082 indicavi3
1449 1045 1482 1072 et
1502 1049 1583 1073 cum
1600 1034 1691 1082 dixi,
1709 1034 1823 1071 Filius
1841 1035 1975 1080 David,
1995 1036 2045 1073 sic
2059 1036 2228 1085 loquutus

163 1095 314 1144 μάνθανε
329 1126 338 1142 ,
357 1095 414 1133 καὶ
436 1094 544 1137 οὕτως
577 1093 734 1145 ἀντίλεγε
753 1110 760 1116 ·
782 1093 861 1130 ὃταν
884 1108 937 1130 σοι
968 1092 1075 1139 εἴπω,
1098 1089 1180 1133 Υἱὸς
1250 1101 1343 1138 sum,
1361 1087 1443 1138 quia
1458 1097 1496 1124 tu
1528 1101 1572 1124 ex
1589 1096 1688 1138 patre
1713 1086 1853 1124 Davide
1872 1087 2051 1138 prodiisti.
2077 1090 2229 1140 Accepta

161 1147 328 1198 Ὑψίστου
340 1177 349 1193 ,
368 1148 425 1184 τὸν
447 1147 514 1199 πρὸ
531 1146 661 1184 αἰώνων
678 1147 819 1188 ἀπαθῶς
839 1144 1045 1196 γεννηθέντα
1064 1146 1102 1181 ἐκ
1121 1146 1180 1179 τοῦ
1249 1153 1331 1190 ergo
1362 1148 1454 1177 certa
1479 1140 1617 1188 notitia,
1649 1153 1825 1176 sermones
1844 1153 1939 1176 meos
1971 1139 2129 1177 custodi:
2146 1154 2229 1178 nam

160 1199 302 1249 Πατρὸς
336 1199 492 1249 ἐμήνυσα
512 1214 519 1222 ·
541 1199 600 1237 καὶ
620 1198 699 1236 ὅταν
725 1213 778 1236 σοι
812 1197 921 1242 εἴπω,
950 1195 1023 1238 υἱὸς
1050 1194 1178 1241 Δαυὶδ,
1250 1205 1313 1242 ego
1323 1205 1445 1230 servus
1461 1192 1535 1243 ejus
1547 1200 1800 1240 sum,quem‚tu
1816 1191 2228 1242 parituraeS.Hisdictis,

161 1251 218 1289 διὰ
245 1252 284 1288 τό
314 1267 352 1289 σε
381 1246 468 1288 εἶναι
499 1267 537 1288 εκ
556 1251 685 1301 πατρὸς
708 1250 818 1287 Δαυίδ
847 1249 982 1302 εἴρηκα.
1011 1247 1178 1286 mecvm
1251 1245 1397 1295 angelus
1419 1245 1605 1295 Virginem
1631 1243 1787 1293 reliquit.
1813 1243 1879 1281 Illa
1907 1258 1992 1281 vero
2016 1244 2091 1281 haec
2112 1258 2229 1283 secum

161 1297 218 1340 οὖν
239 1304 301 1348 τήν
322 1303 559 1355 πληροφορίαν
574 1335 583 1351 ,
602 1304 680 1346 τοὺς
694 1302 814 1353 λόγους
835 1317 898 1352 μου
919 1301 1069 1351 φύλαττε
1089 1315 1096 1323 ·
1119 1298 1179 1336 καὶ
1251 1298 1435 1348 reputabat
1457 1314 1464 1334 :
1488 1297 1687 1348 Josephone
1713 1296 1942 1344 annuntiabo,
1969 1310 2012 1333 an
2039 1297 2156 1347 potius
2178 1306 2230 1335 ta-

161 1354 228 1408 γὰρ
259 1355 326 1406 ἐγὼ
359 1357 475 1398 δοῦλός
515 1359 587 1406 εἶμι
619 1355 768 1400 ἐκείνου,
801 1354 837 1391 ὃν
868 1354 1005 1404 μέλλεις
1038 1351 1178 1390 τίκτειν.
1251 1350 1335 1386 cebo
1354 1350 1591 1401 mysterium?
1612 1348 1641 1386 si
1655 1348 1882 1386 mentitusest
1899 1348 1928 1385 is
1943 1349 2125 1398 quivenit,
2137 1351 2229 1387 senis

161 1409 281 1445 Ταῦτα
304 1408 409 1445 εἰπὼν
429 1412 445 1445 ὁ
466 1408 608 1458 ἄγγελος
633 1411 675 1458 τῇ
696 1406 877 1458 παρθένῳ,
900 1406 1101 1457 κατέλειψεν
1119 1405 1178 1440 αὖ-
1250 1401 1410 1453 linguam
1429 1411 1548 1439 contra
1563 1416 1618 1438 me
1637 1401 1812 1438 excitabo.
1833 1402 1878 1438 Et
1899 1400 1986 1438 dum
2000 1400 2075 1438 haec
2095 1402 2228 1452 cogita-

160 1459 233 1504 τήν.
258 1460 328 1497 Καὶ
343 1462 425 1510 παρ’
447 1463 571 1504 ἑαυτῆς
591 1459 794 1510 διελογίζετο
809 1459 957 1509 λέγουσα
975 1475 982 1481 ·
1000 1457 1180 1508 ἀνα-(γελῶ
1250 1453 1311 1491 bat
1341 1455 1467 1505 Virgo,
1494 1463 1613 1491 uterus
1650 1453 1917 1498 intumescebat,
1939 1462 1972 1490 et
1996 1453 2111 1490 infans
2132 1454 2227 1491 intus

161 1514 209 1562 τῷ
227 1511 369 1563 Ἰωσὴφ,
391 1512 412 1558 ἢ
433 1512 555 1564 κρύψω
578 1513 708 1562 μᾶλλον
729 1511 767 1548 τὸ
787 1512 996 1562 μυστήριον,
1019 1512 1062 1548 lii
1085 1509 1182 1561 ἐψεύ-
1250 1506 1393 1544 choreas
1426 1507 1564 1557 agebat.
1593 1505 1710 1543 Maria
1737 1519 1819 1543 vcro
1849 1505 1915 1542 hac
1951 1505 1995 1543 de
2019 1520 2057 1543 re
2075 1506 2227 1544 sollicita

160 1579 245 1601 σατο
264 1568 281 1602 ὁ
295 1564 401 1602 ἐλθὼν
421 1565 526 1609 τέως,
546 1566 621 1601 καθ’
644 1567 766 1609 ἑαυτῆς
786 1563 923 1614 ἐρεθίζω
943 1563 1004 1610 τὴν
1021 1564 1178 1612 γλῶτταν
1250 1568 1335 1607 erat,
1350 1568 1383 1596 et
1399 1559 1497 1596 mille
1511 1559 1707 1597 velamenta
1728 1557 2052 1608 ventriimponens,
2073 1557 2110 1595 id
2124 1573 2226 1596 cura-

160 1620 218 1654 τοῦ
235 1617 403 1667 γέροντος.
422 1617 490 1655 Καὶ
511 1620 556 1659 ὡς
575 1619 684 1653 ταῦτα
706 1615 894 1654 ἐσκέπτετο
913 1619 933 1661 ἡ
949 1615 1136 1667 παρθένος,
1157 1618 1178 1661 ἡ
1249 1611 1310 1648 bat
1325 1620 1364 1648 ut
1382 1612 1513 1663 Joseph
1533 1625 1608 1648 rem
1625 1610 1800 1661 ignoraret
1821 1625 1828 1645 :
1848 1610 1909 1647 sed
1942 1624 2010 1647 non
2033 1611 2147 1661 potuit
2169 1626 2224 1649 oc⁴

158 1669 273 1706 κοιλία
304 1669 496 1719 ὀγκουμένη
529 1669 741 1719 προέκοπτε,
770 1667 828 1705 καὶ
861 1668 900 1705 τὸ
933 1668 1055 1720 βρέφος
1085 1667 1178 1705 ἔνδον
1250 1665 1382 1701 cultare
1400 1665 1524 1701 urbem
1539 1677 1645 1715 supra
1674 1671 1829 1699 montem
1842 1663 2004 1713 positam.
2030 1664 2224 1715 Josephum

159 1721 310 1773 ἐχόρευε.
332 1721 453 1772 Μαρία
474 1721 508 1759 δὲ
533 1721 612 1758 περὶ
628 1720 748 1758 τούτου
767 1720 973 1767 ἐσκέπτετο,
993 1720 1051 1757 καὶ
1072 1719 1179 1771 μυρία
1248 1716 1401 1769 pupugit
1418 1726 1536 1754 tumor
1556 1715 1661 1764 uteri,
1685 1723 1718 1752 et
1742 1724 1843 1752 torvo
1862 1714 1921 1752 ille
1939 1715 2041 1757 oculo
2064 1716 2224 1766 Virginis

157 1773 465 1824 παραπετάσματα
484 1777 526 1824 τῇ
546 1773 672 1825 γαστρὶ
699 1774 915 1810 ἐπιὸαλοῧσα
929 1802 938 1818 ,
967 1773 1024 1810 τὸν
1046 1771 1177 1824 Ἰωσὴφ
1198 1788 1221 1817 E
1248 1781 1407 1808 ventrem
1427 1768 1686 1807 considerabat.
1711 1767 1968 1805 Contumeliam
1993 1767 2109 1805 dicere
2128 1769 2225 1806 vole-

157 1826 336 1863 λανθάνειν
356 1826 524 1871 ἦδούλετο
543 1842 549 1848 ·
569 1827 645 1863 ἀλλ’
666 1828 727 1863 οὐκ
750 1826 898 1870 ἠδύνατο
926 1825 1057 1877 κρύψαι
1076 1825 1175 1862 πόλιν
1247 1821 1321 1872 bat,
1334 1830 1366 1858 et
1382 1830 1495 1859 tacere
1512 1821 1702 1872 cogebatur
1716 1820 1981 1857 :contumeliam
1995 1820 2024 1857 ei
2037 1820 2152 1858 dicere
2161 1835 2224 1859 vo-

157 1878 276 1915 ἐπάνω
302 1878 399 1921 ὅσους
422 1878 598 1928 κειμένην.
629 1878 699 1915 Τὸν
728 1877 858 1928 Ἰωσὴφ
888 1877 995 1921 ἔνυξεν
1026 1882 1047 1924 ἡ
1077 1876 1177 1920 δεῖξις
1245 1874 1354 1922 lebat,
1366 1883 1404 1911 ut
1424 1889 1502 1925 quae
1516 1872 1733 1923 virginitatis
1753 1872 1890 1910 cimelia
1912 1872 2141 1921 vendidisset,
2162 1874 2225 1911 sed

158 1932 220 1974 τῆς
236 1916 387 1977 κοιλίας,
407 1931 466 1968 καὶ
485 1931 572 1982 λοξῷ
592 1933 641 1981 τῷ
661 1932 826 1981 ὀφθαλμῷ
846 1933 907 1976 τῆς
923 1930 1093 1981 παρθένου
1113 1929 1176 1975 τὴν
1246 1928 1318 1966 vita
1344 1928 1418 1978 ejus
1446 1927 1483 1964 id
1511 1925 1739 1977 impediebat.
1771 1926 1923 1962 Demum
1955 1926 2110 1962 animam
2123 1939 2224 1963 suam

156 1983 288 2019 κοιλίαν
312 1983 507 2032 ἐστάθμιζε.
528 1982 597 2020 Καὶ
616 1982 765 2033 ὑδρίζειν
796 1982 896 2028 ἤθελε
910 2011 919 2028 ,
952 1982 1010 2020 καὶ
1040 1989 1176 2034 σιωπᾷν
1246 1979 1411 2017 aerumnis
1431 1979 1621 2026 cruciabat,
1634 1978 1699 2014 Hei
1714 1976 1818 2023 mihi,
1834 1976 2065 2027 dicens,quid
2077 1977 2223 2015 faciam?

155 2034 368 2085 ἠναγκάζετο
386 2051 392 2058 ·
411 2035 558 2086 ὑνῖρίζειν
585 2035 703 2080 ἤθελεν
717 2065 726 2082 ,
751 2037 797 2077 ὡς
816 2041 1036 2086 πεπρακυῖαν
1055 2034 1099 2072 τὰ
1114 2038 1177 2081 τῆς
1243 2033 1349 2071 facies
1368 2032 1516 2083 virginis
1543 2040 1605 2078 est,
1633 2039 1743 2068 status
1758 2028 1922 2080 virginis,
1944 2029 2037 2066 oculi
2056 2030 2220 2080 virginis,

155 2088 341 2138 παρθενίας
372 2088 538 2136 κειμήλια
561 2103 568 2110 ·
588 2088 646 2124 καὶ
675 2089 691 2124 ὃ
720 2089 855 2139 πρῶτος
892 2087 963 2137 βίος
995 2087 1172 2125 διεκώλυε.
1244 2086 1337 2123 risus
1351 2084 1521 2135 virgini53
1545 2092 1794 2121 atvcnternon
1810 2081 1974 2133 virginis,
1995 2081 2055 2119 sed
2077 2083 2222 2129 matris;

155 2139 287 2176 Λοιπὸν
318 2139 379 2186 τὴν
402 2139 489 2177 ἰδίαν
520 2139 633 2191 ψυχὴν
664 2145 740 2182 ταῖς
762 2139 916 2191 θλίψεσιν
947 2140 1150 2183 ἐδασάνιζεν
1167 2155 1174 2163 ·
1245 2139 1352 2176 verba
1366 2137 1518 2188 virginis
1537 2144 1619 2173 sunt
1635 2134 1713 2172 :hei
1740 2134 1841 2179 mihi,
1862 2134 1919 2171 hei
1940 2134 2043 2179 mihi,
2059 2134 2146 2172 illud
2167 2136 2222 2173 vi-

154 2190 268 2240 οἴμοι,
297 2192 427 2242 λέγων,
447 2191 481 2228 τί
505 2193 642 2238 ποιήσω
673 2191 765 2242 ἐγώ,
788 2196 808 2238 ἡ
832 2192 909 2243 ὄψις
937 2192 1107 2244 παρθένου
1125 2224 1132 2236 ,
1152 2194 1174 2238 ἡ
1244 2191 1331 2229 dens
1366 2191 1458 2227 ferre
1487 2201 1632 2239 nequeo.
1672 2188 1805 2224 Remne
1833 2186 2029 2232 traducam,
2069 2187 2222 2224 Mariam

155 2244 368 2287 κατάστασις
387 2244 575 2296 παρθένου,
592 2245 622 2282 οἱ
637 2244 808 2295 ὀφθαλμοὶ
827 2243 1011 2297 παρθένου,
1030 2248 1046 2282 ὃ
1065 2245 1176 2294 γέλως
1244 2242 1478 2294 redarguam?
1494 2240 1698 2279 Communis
1715 2239 1781 2276 erit
1791 2238 1990 2290 turpitudo.
2008 2238 2224 2277 Clamabone

152 2296 322 2346 παρθένου
342 2311 349 2318 ·
370 2296 428 2332 καὶ
447 2300 468 2342 ἡ
490 2295 605 2334 κοιλία
635 2299 673 2333 οὐ
699 2296 888 2348 παρθένου,
911 2296 1001 2335 ἀλλὰ
1025 2298 1173 2350 μητρός·
1245 2309 1373 2347 magna
1386 2309 1486 2340 voce,
1500 2308 1542 2331 ne
1554 2294 1629 2344 ejus
1649 2292 1710 2342 qui
1732 2292 1806 2329 sine
1824 2291 1954 2328 semine
1972 2291 2126 2328 nascitur
2138 2306 2223 2343 pue-

151 2349 169 2384 ὁ
200 2347 299 2398 λόγος
332 2348 502 2401 παρθένου
526 2365 533 2372 ·
560 2350 674 2399 οἴμοι,
706 2345 804 2398 ὀἴμοι
828 2364 836 2371 ·
865 2351 902 2387 οὐ
933 2348 1025 2400 φέρω
1054 2351 1173 2388 λοιπὸν
1245 2349 1276 2386 ri
1309 2357 1408 2400 pater
1430 2345 1610 2398 appeller?
1641 2345 1770 2382 Nullus
1799 2343 1924 2395 puellae
1950 2353 2133 2381 accusator
2160 2353 2222 2389 cst,

150 2401 250 2449 ὁρῶν.
280 2400 530 2452 Δημηγορήσω
560 2400 679 2439 λοιπὸν
709 2400 748 2438 τὸ
773 2408 921 2451 πρᾶγμα
933 2431 942 2448 ,
963 2402 1089 2452 ἐλέγξω
1111 2402 1173 2449 τὴν
1245 2401 1328 2451 quia
1344 2401 1374 2437 is
1387 2400 1556 2450 quintero
1572 2406 1740 2449 gestatur,
1757 2396 1897 2433 nullum
1913 2396 2039 2433 habuit
2049 2396 2222 2433 seminan-

151 2452 313 2502 Μαρίαν;
334 2452 380 2490 ‘H
406 2454 473 2503 γὰρ
493 2453 638 2505 αἰσχύνη
663 2453 774 2499 κοινή.
798 2454 923 2500 Βοήσω
953 2454 1041 2504 μετὰ
1067 2470 1173 2506 κραυ-
1244 2462 1326 2491 tem.
1343 2455 1449 2491 Forte
1463 2466 1531 2489 non
1547 2452 1621 2489 sine
1639 2449 1796 2501 periculo
1815 2448 1966 2486 mihicst
1979 2449 2223 2486 veltacerevel

152 2505 236 2552 γῆς,
257 2505 382 2553 μήπως
406 2511 466 2542 τοῦ
486 2506 638 2556 ἀσπόρου
657 2505 779 2547 παιδὸς
797 2507 914 2551 κληθῶ
941 2507 1080 2557 πατήρ,
1099 2508 1173 2545 Οὐ-
1242 2506 1354 2555 loqui.
1382 2504 1479 2550 Quid
1498 2517 1582 2554 ergo
1597 2501 1752 2539 faciam?
1766 2515 1850 2538 num
1870 2500 2108 2551 interrogabo,
2124 2514 2167 2537 an
2183 2500 2223 2538 id

153 2555 222 2598 ὃεὶς
237 2559 298 2601 τῆς
318 2556 423 2608 κόρης
450 2557 641 2609 κατήγορος
656 2587 665 2604 ,
689 2556 807 2603 ἐπειδὴ
833 2559 894 2594 οὐκ
919 2557 992 2608 ἔχει
1009 2561 1025 2595 ὁ
1044 2574 1170 2609 κυοςρο-
1181 2579 1229 2605 844
1242 2557 1429 2595 declarabo
1457 2565 1537 2593 ante
1570 2552 1904 2603 interrogationem?
1943 2553 2017 2590 Hoc
2046 2553 2222 2603 scriptura

154 2607 314 2657 ρούμενος
342 2612 400 2645 τὸν
432 2609 773 2660 παιδοσπορήσαντα.
806 2609 912 2660 Τάχα
946 2624 1005 2657 μοι
1037 2610 1097 2647 καὶ
1133 2610 1172 2647 τὸ
1193 2618 1217 2644 Α
1243 2610 1476 2646 testificatur:
1497 2607 1595 2644 illam
1614 2605 1733 2657 potius
1751 2604 1974 2654 redarguam.
2005 2606 2056 2640 An
2077 2618 2145 2641 non
2165 2605 2220 2641 fc-

153 2666 288 2711 σιωπᾷν
306 2660 365 2698 καὶ
380 2660 419 2698 τὸ
437 2662 554 2698 λαλεῖν
576 2662 669 2698 ἐστιν
685 2659 912 2699 ἐπικίνδυνον.
932 2661 979 2698 Τί
999 2655 1056 2698 οῧν
1070 2663 1171 2708 ποιή-
1240 2661 1310 2698 cit?
1330 2662 1410 2712 Ipsa
1443 2660 1552 2709 igitur
1577 2666 1699 2695 vocata
1729 2665 1866 2693 austero
1898 2656 2015 2701 vultu,
2040 2655 2155 2706 judex
2184 2656 2220 2693 in

152 2712 382 2759 σωςκαλέσας
399 2712 585 2763 ἐρωτήσω,
606 2712 628 2757 ἢ
648 2713 716 2764 πρὸ
734 2712 936 2762 ἐρωτήσεως
953 2712 1062 2760 δείξω,
1079 2715 1170 2752 Ἀλλ’
1240 2722 1338 2750 utero
1370 2712 1492 2763 gestati
1524 2709 1656 2762 judicis
1685 2708 1841 2746 sedebat.
1877 2707 1943 2744 Dic
1962 2708 2064 2754 mihi,
2085 2707 2214 2757 inquit,

151 2767 172 2809 ἡ
199 2764 313 2816 γραφὴ
331 2771 510 2818 μαρτυρεῖ·
527 2764 653 2815 ἐλέγξω
679 2766 823 2813 μᾶλλον.
839 2765 901 2811 Μὴ
929 2767 990 2802 οὐκ
1006 2765 1169 2815 ἐποίησε,
1238 2780 1335 2815 vere,
1360 2764 1448 2815 quid
1478 2763 1543 2801 tibi
1581 2761 1764 2807 acciderit,
1796 2774 1839 2797 ne
1871 2759 2064 2797 abscondas
2102 2760 2216 2796 mihi:

153 2817 313 2858 Καλέσας
335 2820 393 2854 οὖν
419 2817 525 2863 αὐτὴν
547 2819 708 2868 αὐστηρῷ
740 2820 789 2868 τῷ
822 2816 1020 2869 προσώπῳ,
1049 2819 1171 2870 κριτὴς
1238 2832 1340 2855 nemo
1366 2815 1463 2864 adest
1481 2816 1541 2866 qui
1557 2815 1632 2851 baec
1650 2812 1770 2850 audiat
1779 2827 1790 2861 3
1812 2825 1937 2849 arcana
1958 2825 2097 2848 servare
2116 2811 2218 2849 novi:

150 2872 208 2906 τοῦ
226 2872 260 2907 ἐν
280 2869 395 2920 κοιλία
413 2874 529 2919 κριτοῦ
549 2869 738 2913 ἐκαθέζετο.
759 2869 849 2919 Λέγε
867 2885 937 2920 μοι,
956 2870 1060 2920 φησὶ,
1082 2871 1170 2920 μετὰ
1239 2884 1341 2908 nemo
1361 2883 1436 2906 rem
1449 2869 1549 2915 sciet,
1570 2880 1626 2904 me
1645 2874 1781 2903 tantum
1804 2864 1987 2901 certiorem
2006 2863 2122 2901 facito.
2139 2865 2220 2901 Un-

152 2921 331 2973 ἀκριέείας
352 2922 389 2959 τὸ
409 2921 545 2972 γέγονός
566 2937 619 2958 σοι
637 2937 644 2944 ·
670 2921 717 2971 μὴ
739 2921 872 2972 κρύψῃς
897 2937 941 2971 με
965 2922 1004 2958 τὸ
1031 2922 1169 2971 συμὸάν
1239 2922 1284 2960 de
1302 2921 1432 2960 accidit
1453 2920 1543 2957 illud
1559 2917 1656 2969 quod
1675 2918 1711 2954 in
1728 2925 1761 2953 te
1775 2916 1948 2953 videtur?
1963 2916 2069 2966 hujus
2083 2924 2220 2966 patrem

151 2990 204 3012 σοι
221 2989 229 2996 ·
247 2974 357 3016 οὐδεὶς
379 2977 396 3012 ὁ
414 2973 535 3025 παρὼν
562 2976 631 3011 τῶν
659 2973 769 3024 λόγων
791 2973 964 3025 ἀκροατής
984 2988 990 2995 ·
1011 2968 1087 3010 οἶδα
1107 2990 1169 3024 :pu-
1239 2974 1328 3012 mihi
1346 2973 1476 3016 indica,
1496 2981 1528 3009 et
1546 2980 1580 3008 te
1611 2970 1714 3020 culpa
1744 2968 1895 3005 liberam
1928 2967 2039 3004 habeo
2058 2967 2219 3004 :veniam

149 3025 287 3063 λάττειν
318 3026 493 3077 μυστήρια
510 3039 517 3046 ·
538 3025 646 3068 οὐδεὶς
666 3026 830 3074 μανθάνει
852 3026 891 3063 τὸ
913 3031 1058 3076 πρᾶγμα
1071 3055 1080 3072 ,
1104 3027 1169 3074 μό-
1240 3026 1372 3077 quippe
1395 3023 1582 3063 obtinebis,
1601 3030 1640 3058 ut
1658 3020 1787 3057 mulier
1808 3019 2088 3070 concupiscentia
2104 3019 2218 3071 perci-

150 3092 206 3114 νον
227 3093 269 3126 με
286 3079 564 3130 πληροφόρησον.
587 3078 698 3115 Πόθεν
722 3082 820 3115 τοῦτο
844 3078 996 3129 ὑπάρχει
1024 3078 1062 3114 τὸ
1080 3077 1169 3130 ὁρώ-
1239 3087 1288 3115 ta.
1309 3076 1504 3128 Respondit
1523 3075 1554 3112 ei
1571 3074 1683 3123 Virgo
1704 3088 1711 3108 :
1730 3071 1768 3110 Si
1796 3080 1932 3123 patrem
1951 3071 2056 3123 hujus
2075 3071 2218 3120 quaeris,

153 3144 252 3177 μενον
278 3129 312 3164 ἐν
344 3130 415 3175 σοί,
437 3131 495 3167 τὸν
513 3129 632 3167 τούτου
661 3130 796 3181 πατέρα
816 3130 992 3172 ὑπόδειξόν
1013 3144 1088 3178 μοι,
1110 3130 1169 3167 καὶ
1239 3143 1433 3178 numquam
1457 3126 1612 3165 invenies
1634 3140 1641 3160 :
1662 3124 1689 3161 si
1719 3137 1803 3160 vero
1822 3122 2001 3174 pupillum
2022 3131 2138 3174 putes,
2159 3137 2218 3174 pe-

150 3182 318 3231 ἐλευθερῶ
347 3196 385 3217 σε
414 3186 473 3218 τοῦ
491 3181 709 3232 πταίσματος
725 3198 732 3205 ·
753 3181 959 3232 συγγνώμης
978 3180 1042 3231 γὰρ
1064 3182 1167 3225 ἀξιω-
1239 3181 1340 3218 rinde
1357 3179 1500 3217 laberis.
1536 3179 1632 3214 Tum
1651 3175 1781 3226 Joseph
1804 3191 1811 3210 :
1834 3176 1912 3212 Non
1947 3183 2057 3225 potes,
2085 3175 2216 3223 Maria,

151 3233 253 3282 θήσῃ,
270 3234 316 3274 ὡς
336 3234 369 3269 ἐν
386 3232 551 3284 ἐπιθυμία
571 3237 748 3280 νικηθεῖσα
765 3234 857 3284 γυνή.
880 3234 948 3271 Καὶ
964 3237 985 3279 ἡ
1003 3234 1170 3283 παρθένος
1239 3232 1379 3270 mentiri
1403 3248 1411 3268 :
1433 3229 1609 3281 quomodo
1622 3228 1713 3265 enim
1731 3236 1845 3278 potest
1864 3226 2025 3278 pupillus
2045 3240 2112 3264 non
2132 3241 2217 3275 esse,

153 3284 236 3334 πρὸς
269 3284 370 3321 αὐτὸν
406 3285 616 3335 ἀπεκρίνατο
634 3301 640 3308 ·
660 3287 689 3322 εἰ
721 3286 856 3337 πατέρα
892 3286 1011 3323 τούτου
1047 3287 1171 3332 ζητεῖς,
1239 3294 1272 3322 et
1286 3293 1422 3336 patrem
1438 3297 1505 3320 non
1521 3281 1678 3319 habere?
1698 3279 1849 3330 Reponit
1863 3279 1978 3329 Virgo
1996 3295 2003 3315 :
2024 3279 2063 3317 Si
2082 3293 2219 3328 quaeras

151 3337 306 3388 εὑρήσεις
329 3336 493 3374 οὐδέποτε
512 3352 518 3359 ·
540 3339 568 3373 εἰ
597 3336 632 3374 ’δὲ
661 3338 718 3374 καὶ
750 3338 896 3388 ὀρφανὸν
921 3337 1089 3387 νομίσεις,
1110 3338 1169 3375 καὶ
1193 3347 1214 3376 Β
1240 3337 1319 3386 quis
1340 3336 1397 3380 sit,
1419 3349 1439 3372 o
1459 3334 1590 3384 ,Ioseph
1619 3331 1731 3379 (illud
1755 3331 1848 3368 enim
1868 3330 2050 3381 ignoras),
2071 3331 2101 3368 si
2119 3331 2217 3370 Veri-

152 3390 269 3426 τούτου
304 3388 484 3440 ἀπέτυχες.
518 3389 586 3427 Καὶ
617 3392 633 3426 ὁ
659 3389 788 3439 Ἰωσήφ
807 3405 813 3411 ·
833 3389 927 3428 οὐδὲν
956 3390 1167 3441 ψεύσασθαι,
1239 3399 1344 3427 tatem
1364 3388 1488 3426 dixero
1506 3387 1584 3436 tibi,
1606 3399 1672 3422 non
1702 3383 1832 3422 credes.
1862 3384 2014 3422 Uterum
2037 3383 2151 3431 vides,
2186 3392 2218 3420 ct
