2502 3810
709 209 752 238 lx
789 209 930 239 EPIST.

99 293 185 343 μετὰ
219 292 373 335 πλείονος
394 293 454 338 τῆς
485 291 694 343 φιλοτιμίας,
729 291 847 338 ἐπειδὴ
883 292 1030 343 ἐτιμήθη
1062 294 1111 344 τῷ

96 356 309 404 ἐγγραφῆναι
340 351 443 395 ἅπαξ.
473 351 574 403 Ἄφες
603 352 714 390 τοίνυν
745 353 844 390 αὐτὸν
876 352 1111 403 κληρονόμον·

95 413 179 465 πρὸς
203 412 269 464 γὰρ
293 412 393 450 αὐτὸν
424 411 563 450 ἀπιέναι
583 412 739 462 μέλλεις·
770 411 869 456 αὐτός
895 427 950 450 σοι
983 413 1112 456 δικάζει

94 473 156 519 τὴν
179 472 278 519 δίκην
297 475 365 510 τῶν
386 474 531 511 ἐνταῦθα
549 471 787 523 γεγενημένων
809 472 983 510 ἁπάντων.
1008 471 1112 510 Ἀλλὰ

94 533 160 585 γάρ
180 533 247 571 εἰσί
261 550 350 576 τινες
369 533 474 576 οὕτως
501 533 613 571 ἄθλιοι
631 533 691 571 καὶ
718 532 956 585 ταλαίπωροι,
973 533 1005 570 οἳ
1024 532 1111 583 μηδὲ

94 595 221 637 παῖδας
236 593 372 645 ἔχοντες
389 596 450 632 οὐκ
476 592 658 645 ἀνέχονται
677 597 777 631 τοῦτο
796 599 918 640 ποιεῖν,
936 593 1025 631 ἀλλὰ
1045 609 1113 630 πα-

96 654 247 706 ρασίτοις
262 654 320 692 καὶ
337 654 473 701 κόλαξι,
496 654 555 692 καὶ
571 656 620 706 τῷ
639 655 722 691 δεῖνι
736 654 796 692 καὶ
812 656 860 705 τῷ
877 655 960 691 δεῖνι
980 655 1112 704 μᾶλλον

93 714 345 766 καταδέχονται
370 715 415 753 τὰ
439 716 550 752 αὑτῶν
568 714 754 764 διανέμειν,
770 714 791 760 ἢ
811 717 861 765 τῷ
878 713 1031 751 τοσαῧτα
1047 715 1112 750 αὐ-

93 775 171 818 τοὺς
193 776 457 826 εὐεργετήσαντι
474 776 618 827 Χριστῷ
630 769 700 812 ⁹va
719 774 752 811 τί
772 773 895 825 γένοιτ’
917 773 956 811 ἂν
975 772 1112 824 ἀλογώ-

93 851 210 889 τερον,
231 835 320 878 Τοὺς
341 836 408 889 γὰρ
434 834 626 882 τοιούτους,
643 834 706 871 κᾶν
729 834 817 877 ὄνοις
842 833 904 871 κᾶν
935 833 1042 876 λίθοις
1060 848 1112 876 τις

93 896 314 947 παραῧοίλοι,
334 896 428 934 οὐδὲν
451 894 584 933 οὐδέπω
603 897 665 940 τῆς
685 894 801 937 ἀνοίας
832 894 943 931 αὐτῶν
964 893 1023 931 καὶ
1050 895 1113 938 τῆς

95 958 319 1003 ἀναισθησίας
335 958 427 1002 ἄξιον
443 959 530 1010 ε’ρεῖ,
551 955 622 994 οὐδ’
643 955 681 992 ἂν
706 955 799 1006 εὕροι
824 970 876 997 τις
903 954 1020 991 εἰκόνα
1047 953 1110 999 τὴν

95 1018 218 1067 μανίαν
240 1019 352 1054 αὐτῶν
372 1020 596 1068 παραστῆσαι
617 1015 822 1065 δυναμένην,
836 1013 896 1051 καὶ
913 1013 976 1060 τὴν
995 1028 1111 1066 παρα-

93 1079 274 1130 φροσύνην.
294 1077 404 1120 Ποίας
418 1076 484 1151 γὰρ
500 1076 673 1120 τεύξονται
682 1074 898 1150 Ἡσυγγνώμης
912 1070 1005 1112 οὗτοι
1024 1073 1110 1125 ὑπὲρ

91 1154 150 1176 του
176 1153 224 1187 μη
252 1137 375 1211 θρεὼαι
396 1137 495 1174 αὐτὸν
514 1138 654 1182 ζῶντες,
677 1135 758 1173 ὅταν
779 1134 837 1172 καὶ
857 1134 996 1173 ἀπιέναι
1024 1133 1111 1184 μέλ-

971 209 1029 237 ΑΙ)
1068 208 1159 238 ROM
1168 228 1176 237 .

1214 208 1369 239 IlOMlL.
1409 210 1538 239 xvffl.

2080 216 2167 260 709

1188 293 1319 343 gentia,
1340 293 1424 343 quia
1445 293 1480 330 in
1501 293 1577 346 ipso
1598 307 1678 331 cum
1697 293 1828 331 honore
1861 293 2060 347 descriptus
2084 296 2167 334 fuit.

1186 354 1360 404 Relinque
1379 354 1490 405 igitur
1509 355 1628 406 ipsum
1648 354 1811 392 heredem
1827 370 1835 391 t
1856 354 1901 392 ad
1920 355 2024 394 illum
2054 358 2167 409 quip-

1185 427 1229 464 pe
1247 414 1407 452 abiturus
1432 428 1467 452 es
1485 430 1492 450 :
1508 414 1568 451 ille
1582 414 1760 466 judicium
1786 415 1873 452 feret
1905 415 1950 453 de
1983 417 2164 463 omnibus,

1186 487 1264 523 quae
1283 474 1341 512 hic
1361 483 1456 525 gesta
1476 483 1566 512 sunt.
1594 477 1729 514 Verum
1761 475 1909 526 quidam
1929 485 2010 514 sunt
2026 478 2073 515 ita
2101 479 2168 516 mi-

1187 534 1253 571 seri
1269 543 1302 572 et
1322 535 1493 585 infelices,
1517 545 1555 573 ut
1579 549 1661 573 cum
1687 536 1818 574 liberos
1849 550 1922 574 non
1942 537 2107 587 habeant,
2128 538 2166 576 id

1186 602 1302 632 tamen
1328 605 1494 647 praestare
1512 596 1648 642 nolint;
1669 596 1731 634 sed
1752 597 1916 648 parasitis
1937 607 1969 636 et
1997 598 2166 637 adulato-

1186 655 1296 704 ribus,
1317 656 1402 694 huic
1422 666 1455 694 et
1481 657 1535 693 illi
1563 657 1688 694 malint
1711 671 1773 694 sua
1802 657 2028 710 distribuere,
2058 674 2166 710 quam

1187 715 1342 766 Christo,
1374 717 1435 766 qui
1459 725 1512 753 tot
1542 716 1614 753 illis
1639 717 1807 754 beneficia
1836 719 1984 756 contulit
2005 735 2012 756 z
2032 720 2164 770 quibus

1186 776 1273 826 quid
1292 778 1405 829 magis
1423 792 1441 814 a
1456 777 1589 815 ratione
1609 777 1781 815 absonum
1800 779 1934 817 fuerit?
1953 780 2026 818 Hos
2041 782 2166 819 sicum

1184 837 1291 875 asinis
1307 847 1340 876 et
1355 838 1535 890 lapidibus
1556 838 1636 888 quis
1655 831 1822 888 conferat,
1844 840 1935 878 nihil
1954 856 2075 880 eorum
2090 852 2167 880 stu-

1184 897 1332 948 piditate
1349 907 1383 935 et
1394 898 1546 935 amentia
1559 898 1711 949 dignum
1730 898 1862 936 dixerit
1880 915 1888 936 :
1911 914 1975 938 nec
1990 903 2068 952 quis
2084 917 2162 954 pos-

1183 958 1230 995 sit
1245 957 1516 995 similitudinem
1533 972 1656 996 eorum
1671 958 1806 996 insania
1826 959 1969 1011 dignam
1990 964 2160 1013 proferre.

1186 1018 1304 1064 Quam
1328 1017 1367 1054 hi
1383 1027 1639 1067 consequentur
1669 1018 1822 1068 veniam,
1844 1019 1939 1069 quod
1953 1019 2040 1058 dum
2059 1023 2164 1060 vive-

1184 1086 1262 1114 rent
1289 1077 1472 1115 Christum
1487 1092 1557 1115 non
1589 1077 1755 1145 aluerint,
1797 1079 1938 1146 quand-o
1958 1094 2001 1118 ne
2020 1082 2166 1131 quidem

1183 1137 1265 1174 ad
1254 1152 1374 1190 ipsum
1400 1138 1545 1188 abituri,
1565 1138 1610 1176 de
1629 1138 1803 1190 pecuniis,
1841 1139 1941 1189 queis
1973 1141 2066 1178 ultra
2094 1156 2163 1180 non

91 1198 186 1235 λον-,ε
192 1214 206 1240 ς
225 1196 308 1248 πρὸς
329 1196 442 1244 αὐτὸν,
466 1212 492 1246 υ
493 1195 554 1242 ηδὲ
580 1195 649 1233 ἀπο
669 1198 738 1232 τῶν
757 1194 950 1246 χρημάτων
967 1194 1108 1240 τούτων,
1124 1198 1378 1252 641potientur,
1394 1213 1436 1237 ne
1455 1199 1511 1237 xel
1537 1199 1725 1237 minimum
1744 1199 1965 1252 quidpiam
1956 1202 2024 1253 1psi
2042 1202 2165 1254 lalgiii

90 1260 136 1294 ὡν
157 1259 218 1295 οὐκ
240 1256 303 1295 εἰσὶ
334 1256 444 1308 κύριοι
463 1233 596 1304 λοιπον,
629 1257 843 1306 βουληθῶσιν
873 1255 966 1292 αὖτιι)
987 1254 1109 1306 μικρόν
1134 1262 1160 1291 Α
1181 1259 1327 1309 volunt;
1347 1259 1408 1297 sed
1426 1259 1656 1298 taminimico
1671 1269 1704 1297 et
1714 1260 1838 1298 infesto
1853 1270 1934 1298 sunt
1949 1275 2029 1312 erga
2049 1262 2168 1314 ipsum

87 1333 123 1355 τι
140 1317 371 1369 χαρίσασθαι,
390 1317 466 1355 ἀλλ’
486 1332 594 1360 ουτως
613 1316 780 1367 ἐχθρως
761 1315 952 1353 οιάκεινται
967 1316 1026 1353 καὶ
1046 1330 1110 1354 πο-

88 1379 241 1428 λεμίως,
262 1380 309 1421 ὡς
339 1376 427 1427 μηδὲ
457 1378 525 1414 τῶν
556 1377 742 1428 ἀχρήστων
773 1378 886 1419 αὐτοῖς
917 1377 1109 1427 γενομένων

90 1442 183 1491 αὐτῷ
205 1440 434 1490 μεταδοῦναι;
455 1440 534 1490 Οὐχ
548 1441 628 1489 ὁρᾷς
648 1437 722 1475 ὅσοι
735 1440 804 1475 τῶν
829 1437 1018 1488 ἀνθρώπων
1034 1437 1110 1476 οὐδὲ

89 1500 208 1539 τούτου
242 1499 508 1546 κατηξιώθησαν
535 1502 595 1536 τοῦ
616 1498 758 1546 τέλους,
788 1499 864 1536 ἀλλ’
896 1498 1110 1551 ἁρπαγέντες

91 1564 267 1608 ἀπῆλθον,
288 1560 334 1598 Σὲ
359 1559 393 1598 δὲ
423 1563 440 1597 ὁ
456 1559 545 1603 Θεὸς
576 1559 636 1596 καὶ
665 1560 859 1612 ἐπισκῆψαι
881 1564 952 1602 τοῖς
977 1559 1110 1609 προσή-

91 1637 210 1669 κουσι,
227 1620 285 1659 καὶ
316 1622 422 1658 εἰπεῖν
452 1620 530 1672 περὶ
559 1623 626 1658 τῶν
646 1619 766 1665 ὄντων,
790 1618 850 1657 καὶ
868 1618 912 1656 τὰ
936 1619 1026 1656 κατὰ
1045 1619 1108 1666 τὴν

90 1683 200 1721 οἰκίαν
229 1683 365 1725 ἅπαντα
394 1683 561 1719 διαθεῖναι
587 1680 728 1728 ἐποίησε
758 1679 889 1732 κύριον.
913 1679 1025 1717 Ποίαν
1050 1675 1107 1719 οὖν

89 1743 275 1794 ἀπολογίαν
299 1743 403 1790 ἕξεις,
423 1742 504 1781 ὅταν
528 1742 586 1780 καὶ
602 1741 728 1789 ταύτην
755 1741 872 1780 λαὸὼν
897 1744 980 1793 παρ’
1003 1743 1107 1780 αὐτοῦ

86 1802 148 1849 τὴν
179 1803 294 1855 χάριν,
322 1805 459 1855 προδῷς
490 1802 550 1850 τὴν
586 1801 795 1854 εὐεργεσίαν,
829 1801 888 1839 καὶ
920 1801 1038 1855 ὥσπερ
1069 1805 1108 1841 ἐκ

86 1864 271 1915 διαμέτρου
288 1863 494 1907 οἷπεναντίας
510 1867 594 1914 στῇς
611 1868 682 1907 τοῖς
700 1867 763 1910 τῆς
777 1862 926 1906 πίστεώς
946 1878 1006 1900 σου
1022 1878 1107 1916 προ-

83 1925 211 1976 γόνοις,
223 1925 372 1962 Ἐκεῖνοι
390 1925 451 1975 μὲν
468 1924 534 1975 γὰρ
555 1924 614 1962 καὶ
633 1927 758 1968 ζῶντες
776 1922 929 1961 ἐπώλουν
947 1924 1084 1962 ἅπαντα
1096 1953 1105 1971 ,

84 1986 141 2024 καὶ
157 1986 273 2038 ἔφερον
290 1986 387 2039 παρὰ
400 1985 477 2028 τοὺς
487 1985 594 2028 πόδας
609 1988 676 2023 τῶν
694 1984 896 2023 ἀποστόλων
910 2000 918 2008 ·
939 1984 978 2023 σὺ
1000 1984 1104 2023 δὲού-

84 2047 119 2085 δὲ
134 2049 300 2084 τελευτῶν
322 2046 444 2097 μοίρας
457 2047 547 2089 τινος
562 2045 753 2095 μεταδίδως
766 2051 837 2089 τοῖς
852 2045 1035 2096 δεομένοις.
1052 2045 1105 2084 Τὸ

84 2107 146 2157 μὲν
162 2100 218 2144 οὖν
232 2107 370 2157 ἄμεινον
383 2107 443 2144 καὶ
457 2106 590 2153 πολλὴν
605 2105 802 2158 παρρησίαν
815 2105 980 2158 παρέχον,
992 2108 1103 2150 ζῶντα

83 2168 234 2219 διορθοῦν
257 2167 397 2204 πενίαν·
421 2169 450 2204 εἰ
470 2167 504 2205 δὲ
535 2168 644 2205 ἐκεῖνο
674 2165 721 2217 μὴ
747 2167 937 2217 βουληθῇς,
954 2166 1018 2204 κᾶν
1049 2183 1103 2204 τε-

79 2230 208 2265 λευτῶν
229 2227 371 2274 ποίησόν
390 2243 423 2264 τι
442 2233 608 2279 γενναῖον.
621 2229 674 2265 Οὐ
696 2228 830 2272 πολλῆς
847 2226 908 2277 μὲν
924 2227 991 2280 γάρ
1008 2229 1100 2266 ἐστιν

80 2289 218 2339 ἀγάπης
236 2292 337 2327 τοῦτο
353 2291 414 2334 τ’ῆς
429 2288 508 2340 περὶ
528 2288 584 2326 τὸν
613 2287 782 2342 Χριστόν·
805 2287 944 2338 ἀγάπης
978 2290 1006 2326 δ’
1041 2283 1098 2327 οὖν

79 2349 184 2399 ὅμως.
205 2351 249 2388 Εἰ
268 2349 334 2401 γὰρ
350 2349 409 2387 καὶ
437 2349 484 2399 μὴ
502 2348 564 2396 τὴν
581 2353 596 2369 ³
609 2348 795 2400 προεδρίαν
816 2348 902 2392 ἕξεις
918 2347 980 2394 τὴν
1014 2349 1101 2399 μετὰ

79 2413 147 2448 τῶν
178 2412 303 2463 ἀρνῶν,
322 2412 397 2449 ἀλλ’
413 2411 449 2447 οὔ
473 2410 594 2462 μικρὸν
619 2409 658 2447 τὸ
677 2408 740 2446 κᾶν
773 2411 848 2460 μετ’
871 2408 1020 2453 ἐκείνους
1039 2425 1099 2461 γε-

80 2470 216 2518 νέσθαι,
237 2471 295 2508 καὶ
328 2471 375 2521 μὴ
397 2473 520 2517 στῆναι
552 2469 640 2521 μετὰ
672 2473 738 2508 τῶν
770 2469 910 2522 ἐρίφων,
945 2470 1031 2520 μηδὲ
1066 2470 1100 2515 ἐξ

82 2531 279 2581 εὐωνύμων.
295 2531 354 2569 Ἂν
373 2531 408 2569 δὲ
430 2531 479 2581 μὴ
497 2536 596 2569 τοῦτο
609 2533 709 2582 ποιῇς
721 2560 730 2578 ,
751 2528 800 2573 τίς
821 2545 858 2567 σε
880 2529 1101 2581 ἐξαιρήσεται

321 2590 439 2641 1’μήτε
469 2594 486 2628 ὅ
516 2595 575 2628 τοῦ
610 2591 756 2629 θανάτου
785 2590 908 2642 φόὲος,

940 2590 1028 2640 μήτε
1060 2591 1101 2630 τὸ

79 2591 196 2642 λόγος,
212 2591 293 2629 ὅταν

81 2651 242 2704 ἄχρηστά
264 2668 316 2690 σοι
348 2652 468 2689 λοιπὸν
487 2655 692 2702 γεγενῆσθαι
717 2650 762 2688 τὰ
788 2650 978 2702 χρήματα,

79 2728 118 2750 το
148 2713 338 2764 ἀσφαλείαν
359 2711 636 2762 καταλιμπανειν
667 2717 738 2755 τοῖς
769 2711 919 2759 τέκνοις,
943 2711 1032 2762 μήτε
1060 2712 1099 2750 τὸ

78 2773 209 2821 πολλην
229 2789 315 2811 σαυτ
318 2775 345 2810 δ’)
364 2773 692 2824 προαποτίθεσθαι
677 2778 748 2810 εκεῖ
775 2771 998 2823 συγγνώμην,
1015 2787 1097 2824 ποιῃ

78 2851 116 2874 σε
140 2838 199 2887 φιλ
202 2835 395 2887 οἱνθρωπον;
416 2833 479 2872 Aio
498 2835 690 2886 παρακαλ
667 2850 694 2871 ω
714 2834 869 2884 μάλιστα
890 2849 952 2883 μεν
969 2834 1099 2876 ζωντας

77 2895 258 2949 προΐεσθαι
278 2902 347 2939 τοῖς
369 2895 539 2946 δεομένοις
566 2897 605 2932 ἐκ
633 2898 701 2932 τῶν
723 2896 829 2933 ὄντων
862 2893 926 2941 τὴν
956 2893 1100 2932 πλείονα

79 2965 212 3010 μοῖραν.
234 2959 278 2996 Εἰ
311 2957 348 2995 δέ
374 2973 462 3000 τινες
493 2951 557 2995 εἷεν
591 2973 679 2994 ουτω
709 2955 938 3008 μικρόψυχοι,
968 2957 1014 2998 ὡς
1048 2954 1096 3005 μὴ

78 3019 262 3070 ἀνέχεσθαι
293 3033 410 3066 τουτο,
430 3018 494 3056 κᾶν
516 3017 583 3055 ὑπο
609 3020 671 3064 τῆς
705 3017 859 3068 ἀναγκης
884 3032 956 3092 γ(ινε
942 3015 1096 3054 έσθωσαν

453 3078 568 3118 (Ὀταν
597 3095 658 3128 μεν
688 3077 755 3129 γὰρ
776 3077 872 3124 ἔζης,
893 3080 938 3120 ὥς
970 3076 1098 3115 ἀθάνα-

1010 2651 1100 2701 μήτε

79 3083 170 3117 οὗτοι
186 3079 433 3131 φιλάνθρωποι.

78 3161 153 3192 τος,
173 3145 279 3188 οὕτως
296 3145 453 3197 ἀντείχου
473 3161 541 3183 των
556 3145 684 3183 ὄντων
700 3145 773 3182 νυνὶ
793 3143 845 3191 δὲ,
869 3143 988 3193 ἐπειδὴ
1009 3143 1098 3193 ἔμα-

79 3217 131 3255 θες
147 3242 155 3260 ,
177 3212 229 3250 ὅτι
246 3213 365 3258 θνητος
379 3211 532 3263 γέγονας,
549 3212 613 3250 κᾶν
631 3216 689 3250 νῦν
703 3212 741 3250 τὸ
757 3212 870 3262 δόγμα
889 3210 1097 3255 κατάλυσον,

120 3334 132 3347 ³
158 3323 257 3357 savit.
276 3325 308 3357 in
325 3335 429 3369 marg.
452 3328 663 3372 προσεῧρειάν,
683 3337 753 3369 (111ae
778 3324 876 3358 lectio
902 3336 969 3358 non
989 3335 1082 3368 sper-

78 3374 197 3408 nenda.

1181 1289 1355 1370 animo,i1t
1363 1335 1406 1358 ne
1420 1320 1486 1358 de
1477 1321 1520 1358 lis
1536 1320 1692 1371 quidem,
1703 1335 1781 1370 qua:
1800 1321 1869 1359 sibi
1889 1321 2031 1360 inutilia
2046 1324 2167 1361 futura

1182 1389 1277 1431 sunt,
1308 1381 1446 1432 aliquid
1468 1382 1536 1434 ipsi
1566 1381 1743 1433 impertiri
1771 1381 1905 1420 velint?
1926 1386 2050 1421 Annon
2067 1384 2167 1423 vides

1182 1451 1266 1491 quot
1281 1441 1441 1480 homines
1454 1456 1522 1479 non
1538 1442 1746 1494 hujusmodi
1759 1442 1902 1480 decessu
1916 1442 2053 1495 dignati
2069 1454 2165 1492 sunt,

1179 1500 1240 1538 sed
1256 1502 1350 1554 rapti
1368 1502 1486 1539 subito
1516 1501 1765 1539 decesserunt?
1788 1502 1874 1540 Tibi
1894 1517 1979 1542 vero
2005 1506 2100 1542 Deus
2125 1505 2166 1543 id

1180 1563 1361 1612 concessit,
1395 1572 1434 1600 ut
1462 1563 1568 1600 rebus
1597 1563 1670 1601 tuis
1697 1564 1911 1614 consuleres,
1941 1564 2041 1602 aede
2057 1565 2165 1604 bonis

1178 1624 1250 1662 tuis
1275 1624 1493 1675 decerneres,
1516 1623 1631 1674 deque
1668 1623 1738 1661 tuis
1779 1624 1943 1662 omnibus
1977 1625 2165 1677 disponere

1178 1699 1308 1738 posses.
1330 1686 1447 1732 Quam
1462 1698 1544 1736 ergo
1562 1685 1822 1722 excusationem
1841 1685 2003 1731 habebis,
2021 1687 2163 1737 quando

1180 1749 1246 1785 hac
1262 1757 1403 1799 accepta
1424 1747 1552 1798 gratia,
1585 1746 1698 1799 ipsius
1729 1746 2001 1786 beneficentiam
2023 1749 2159 1800 prodis,

1179 1817 1212 1845 et
1227 1808 1327 1859 quasi
1346 1823 1392 1846 ex
1410 1807 1583 1845 diametro
1609 1808 1793 1860 oppositus
1812 1822 1847 1846 es
1863 1808 1921 1858 iis,
1952 1809 2014 1859 qui
2036 1810 2072 1847 in
2093 1811 2164 1848 fide

1178 1869 1334 1921 majores*
1364 1869 1416 1906 tui
1448 1869 1574 1907 fuere?
1610 1869 1668 1906 Illi
1699 1883 1851 1919 namque
1869 1869 2029 1908 viventes
2043 1871 2163 1909 omnia

1178 1929 1394 1976 vendebant,
1417 1929 1645 1980 ferebantque
1676 1929 1723 1967 ad
1756 1929 1864 1981 pedes
1895 1931 2160 1981 apostolorum;

1177 1998 1216 2026 tu
1231 2004 1313 2028 vero
1331 2004 1373 2027 ne
1390 1989 1541 2027 moriens
1558 1989 1703 2040 quidem
1719 1990 1874 2040 aliquam
1887 1990 2064 2028 bonorum
2082 2006 2162 2044 par-

1177 2059 1246 2087 tem
1265 2049 1384 2101 egenis
1398 2050 1551 2101 largiris.
1571 2049 1704 2087 Melius
1737 2058 1829 2087 certe
1842 2050 1962 2100 fuerit,
1994 2065 2034 2088 ac
2062 2053 2159 2090 mul—

1177 2120 1250 2148 tam
1273 2111 1431 2148 attulerit
1450 2110 1632 2159 fiduciam,
1651 2111 1679 2148 si
1717 2111 1806 2148 (lum
1836 2111 1928 2149 vivis
1958 2114 2160 2165 paupertati

1175 2186 1278 2223 opem
1299 2172 1411 2209 feras:
1435 2171 1464 2209 si
1485 2181 1603 2209 autem
1619 2171 1659 2209 id
1679 2172 1850 2222 nolueris,
1868 2172 1992 2210 saltem
2008 2174 2161 2212 moriens

1175 2233 1318 2283 aliquid
1355 2232 1512 2284 generosi
1533 2242 1690 2285 praestes.
1713 2232 1756 2270 Id
1788 2242 1879 2270 certe
1905 2247 1974 2270 non
1994 2248 2160 2286 magnam

1175 2294 1319 2331 exbibet
1337 2307 1419 2345 erga
1437 2293 1621 2344 Christum
1643 2293 1825 2331 caritatem
1841 2310 1848 2330 ε
1866 2294 2012 2332 exbibet
2043 2304 2160 2333 tamen

1175 2355 1343 2405 aliquam.
1376 2354 1527 2392 Etiamsi
1556 2355 1650 2392 enim
1682 2369 1752 2392 non
1783 2369 1865 2392 cum
1892 2356 1993 2407 agnis
2025 2357 2160 2409 priores

1175 2415 1273 2454 sedes
1296 2425 1535 2468 occupaturus
1570 2415 1629 2464 sis,
1649 2425 1685 2453 at
1704 2430 1773 2453 non
1805 2431 1915 2468 parva
1938 2431 1994 2455 res
2036 2418 2161 2456 saltem

1175 2486 1254 2528 post
1276 2477 1357 2514 illos
1388 2491 1475 2525 esse,
1495 2491 1558 2514 nec
1589 2491 1670 2514 cum
1691 2476 1800 2514 hircis
1831 2478 1889 2516 vel
1907 2478 1955 2515 acl
1980 2478 2160 2517 sinistram

1174 2546 1278 2575 stare.
1304 2537 1408 2583 Quod
1424 2537 1454 2575 si
1473 2551 1515 2574 ne
1526 2537 1595 2574 hoc
1613 2537 1757 2588 quidem
1775 2538 1897 2588 facias,
1920 2553 2000 2589 qua,
2022 2554 2156 2589 quaeso,

1173 2598 1310 2635 ratione
1342 2597 1475 2635 servari
1504 2597 1648 2650 poteris,
1676 2611 1756 2634 cum
1783 2612 1847 2635 nec
1875 2601 1999 2637 mortis
2026 2610 2154 2650 metus,

1141 2663 1147 2672 '
1173 2672 1236 2695 nec
1267 2657 1470 2695 relictarum
1505 2657 1735 2709 pecuniarum
1782 2658 1850 2694 tibi
1882 2659 2000 2696 futura
2039 2659 2155 2698 inuti-

1173 2719 1285 2769 litas,
1324 2733 1435 2769 neque
1474 2718 1559 2755 hinc
1593 2718 1755 2755 relictum
1778 2718 1864 2756 filiis
1901 2720 2154 2771 patrocinium,

1171 2796 1285 2831 neque
1318 2781 1412 2831 quod
1436 2780 1503 2817 tibi
1523 2793 1689 2831 magnam
1720 2779 1805 2817 inde
1823 2781 1964 2818 veniam
1993 2782 2112 2834 parias
2144 2799 2151 2819 :

1173 2841 1328 2893 quando,
1349 2842 1507 2893 inquam,
1526 2842 1603 2878 haec
1624 2841 1744 2878 omnia
1760 2855 1829 2879 non
1845 2851 1878 2879 te
1902 2843 1946 2881 ad
1963 2844 2154 2895 benignam

1170 2903 1397 2955 largitionem
1435 2902 1643 2940 attrahunt?
1681 2903 1923 2949 Quamobrem
1957 2904 2101 2942 obsecro
2121 2914 2155 2942 et

1171 2979 1244 3013 oro,
1269 2974 1309 3002 ut
1331 2964 1419 3002 dum
1453 2963 1574 3002 vivitis
1605 2963 1780 3015 potiorem
1812 2964 1988 3002 bonorum
2015 2975 2153 3016 partem

1171 3024 1515 3077 egenislargiamini.
1536 3025 1574 3062 Si
1595 3037 1679 3062 vero
1711 3023 1857 3074 quidam
1879 3025 1928 3062 ita
1963 3025 2153 3077 pusillani—

1170 3101 1244 3124 mes
1263 3086 1346 3132 sint,
1371 3095 1408 3123 ut
1425 3086 1491 3123 hoc
1518 3086 1630 3122 faeere
1652 3098 1721 3121 non
1744 3084 1949 3133 sustineant,
1966 3085 2089 3123 saltem
2108 3100 2153 3123 ex

1170 3147 1375 3185 necessitate
1403 3145 1549 3196 benigni
1583 3154 1616 3182 et
1634 3144 1798 3181 libcrales
1817 3144 1915 3183 fiant.
1942 3146 2034 3183 Nam
2064 3146 2151 3183 dum

1169 3208 1323 3256 viveres,
1345 3222 1385 3245 ac
1402 3207 1431 3245 si
1445 3206 1655 3244 immortalis
1675 3205 1814 3252 fuisses,
1846 3205 1895 3243 sic
1924 3207 2153 3245 facultatibus

1198 3323 1214 3347 b
1237 3323 1360 3354 Omnes
1371 3321 1448 3353 Mss.
1464 3327 1508 3363 μὴ
1525 3324 1540 3355 ὸ
1553 3326 1604 3354 τοῦ
1620 3326 1696 3354 Θεοῦ
1714 3325 1840 3354 θανάτου
1853 3323 1950 3365 φάεος,
1968 3318 2061 3351 Editi
2078 3332 2155 3352 xero

1154 3380 1167 3409 ὁ
1187 3381 1238 3409 τοῦ
1254 3380 1329 3409 Θεοῦ
1347 3377 1442 3419 φὸὸος-
1458 3372 1552 3406 Prior
1570 3371 1668 3405 lectio
1686 3372 1789 3415 magis
1807 3369 1948 3414 quadrat
1966 3371 2007 3404 ad
2025 3374 2153 3405 seriem.
