<?xml version="1.0" encoding="UTF-8"?>
<!DOCTYPE html PUBLIC "-//W3C//DTD XHTML 1.0 Transitional//EN"
    "http://www.w3.org/TR/xhtml1/DTD/xhtml1-transitional.dtd">
<html xmlns="http://www.w3.org/1999/xhtml" xml:lang="en" lang="en">
 <head>
  <title>
</title>
<meta http-equiv="Content-Type" content="text/html;charset=utf-8" />
  <meta name='ocr-system' content='tesseract 3.04.00' />
  <meta name='ocr-capabilities' content='ocr_page ocr_carea ocr_par ocr_line ocrx_word'/>
</head>
<body>
  <div class='ocr_page' id='page_1' title='image "./operaomniaquaeex09johnuoft/operaomniaquaeex09johnuoft_0158.png"; bbox 0 0 2466 3805; ppageno 0'>
   <div class='ocr_carea' id='block_1_1' title="bbox 89 1035 263 1064">
    <p class='ocr_par' dir='ltr' id='par_1_1' title="bbox 89 1035 263 1064">
     <span class='ocr_line' id='line_1_1' title="bbox 89 1035 263 1064; baseline -0.006 -3"><span class='ocrx_word' id='word_1_1' title='bbox 89 1035 162 1063; x_wconf 81' lang='lat' dir='ltr'><strong>Gen.</strong></span> <span class='ocrx_word' id='word_1_2' title='bbox 178 1041 224 1062; x_wconf 83' lang='lat'><strong>12.</strong></span> <span class='ocrx_word' id='word_1_3' title='bbox 241 1044 263 1064; x_wconf 77' lang='grc' dir='ltr'>ι.</span> 
     </span>
    </p>
   </div>
   <div class='ocr_carea' id='block_1_2' title="bbox 743 222 1280 254">
    <p class='ocr_par' dir='ltr' id='par_1_2' title="bbox 743 222 1280 254">
     <span class='ocr_line' id='line_1_2' title="bbox 743 222 1280 254; baseline -0.006 0"><span class='ocrx_word' id='word_1_4' title='bbox 743 224 777 254; x_wconf 86' lang='lat' dir='ltr'><strong>S.</strong></span> <span class='ocrx_word' id='word_1_5' title='bbox 815 223 1001 254; x_wconf 71' lang='lat' dir='ltr'><strong>JOANNIS</strong></span> <span class='ocrx_word' id='word_1_6' title='bbox 1036 222 1262 252; x_wconf 86' lang='lat' dir='ltr'>CHRYSOST</span> <span class='ocrx_word' id='word_1_7' title='bbox 1271 241 1280 251; x_wconf 87' lang='lat'>.</span> 
     </span>
    </p>
   </div>
   <div class='ocr_carea' id='block_1_3' title="bbox 277 212 1311 1506">
    <p class='ocr_par' dir='ltr' id='par_1_3' title="bbox 277 212 1311 1145">
     <span class='ocr_line' id='line_1_3' title="bbox 295 212 378 268; baseline 0 -15"><span class='ocrx_word' id='word_1_8' title='bbox 295 212 378 268; x_wconf 70' lang='lat'><strong>140</strong></span> 
     </span>
     <span class='ocr_line' id='line_1_4' title="bbox 283 302 1264 355; baseline -0.005 -13"><span class='ocrx_word' id='word_1_9' title='bbox 283 313 358 342; x_wconf 85' lang='lat' dir='ltr'><strong>tres</strong></span> <span class='ocrx_word' id='word_1_10' title='bbox 374 312 410 342; x_wconf 85' lang='lat' dir='ltr'><strong>et</strong></span> <span class='ocrx_word' id='word_1_11' title='bbox 421 312 563 355; x_wconf 78' lang='lat' dir='ltr'><strong>patres,</strong></span> <span class='ocrx_word' id='word_1_12' title='bbox 577 304 708 341; x_wconf 85' lang='lat' dir='ltr'><strong>audite</strong></span> <span class='ocrx_word' id='word_1_13' title='bbox 721 305 850 341; x_wconf 84' lang='lat' dir='ltr'><strong>:Deus</strong></span> <span class='ocrx_word' id='word_1_14' title='bbox 860 302 994 354; x_wconf 80' lang='lat' dir='ltr'><strong>glorioe</strong></span> <span class='ocrx_word' id='word_1_15' title='bbox 1009 303 1186 352; x_wconf 81' lang='lat' dir='ltr'><strong>apparuit</strong></span> <span class='ocrx_word' id='word_1_16' title='bbox 1195 314 1264 352; x_wconf 81' lang='lat' dir='ltr'><strong>pa-</strong></span> 
     </span>
     <span class='ocr_line' id='line_1_5' title="bbox 283 361 1260 411; baseline -0.007 -8"><span class='ocrx_word' id='word_1_17' title='bbox 283 367 333 403; x_wconf 82' lang='lat' dir='ltr'><strong>tri</strong></span> <span class='ocrx_word' id='word_1_18' title='bbox 347 373 476 403; x_wconf 84' lang='lat' dir='ltr'><strong>nostro</strong></span> <span class='ocrx_word' id='word_1_19' title='bbox 489 364 532 401; x_wconf 86' lang='lat' dir='ltr'><em>A</em></span> <span class='ocrx_word' id='word_1_20' title='bbox 535 365 678 409; x_wconf 80' lang='lat' dir='ltr'><strong>brahoe,</strong></span> <span class='ocrx_word' id='word_1_21' title='bbox 695 377 782 401; x_wconf 84' lang='lat' dir='ltr'><strong>cum</strong></span> <span class='ocrx_word' id='word_1_22' title='bbox 799 371 895 400; x_wconf 81' lang='lat' dir='ltr'><strong>esset</strong></span> <span class='ocrx_word' id='word_1_23' title='bbox 909 364 950 398; x_wconf 85' lang='lat' dir='ltr'><strong>in</strong></span> <span class='ocrx_word' id='word_1_24' title='bbox 963 361 1260 411; x_wconf 79' lang='lat' dir='ltr'><strong>Mesopotamia,</strong></span> 
     </span>
     <span class='ocr_line' id='line_1_6' title="bbox 279 419 1264 477; baseline -0.007 -14"><span class='ocrx_word' id='word_1_25' title='bbox 279 428 507 477; x_wconf 80' lang='lat' dir='ltr'><strong>priusquam</strong></span> <span class='ocrx_word' id='word_1_26' title='bbox 537 431 754 460; x_wconf 83' lang='lat' dir='ltr'><strong>moraretur</strong></span> <span class='ocrx_word' id='word_1_27' title='bbox 788 425 830 458; x_wconf 82' lang='lat' dir='ltr'><strong>in</strong></span> <span class='ocrx_word' id='word_1_28' title='bbox 859 422 1052 458; x_wconf 81' lang='lat' dir='ltr'><strong>Clzarran.</strong></span> <span class='ocrx_word' id='word_1_29' title='bbox 1080 419 1210 457; x_wconf 85' lang='lat' dir='ltr'><strong>Statim</strong></span> <span class='ocrx_word' id='word_1_30' title='bbox 1243 433 1264 457; x_wconf 86' lang='lat' dir='ltr'><strong>a</strong></span> 
     </span>
     <span class='ocr_line' id='line_1_7' title="bbox 281 480 1265 538; baseline -0.007 -14"><span class='ocrx_word' id='word_1_31' title='bbox 281 486 458 538; x_wconf 86' lang='lat' dir='ltr'><strong>principio</strong></span> <span class='ocrx_word' id='word_1_32' title='bbox 485 484 687 536; x_wconf 85' lang='lat' dir='ltr'>opinionem</span> <span class='ocrx_word' id='word_1_33' title='bbox 714 482 859 518; x_wconf 88' lang='lat' dir='ltr'><strong>illorum</strong></span> <span class='ocrx_word' id='word_1_34' title='bbox 882 481 991 530; x_wconf 85' lang='lat' dir='ltr'><strong>tollit,</strong></span> <span class='ocrx_word' id='word_1_35' title='bbox 1024 489 1057 518; x_wconf 89' lang='lat' dir='ltr'><strong>et</strong></span> <span class='ocrx_word' id='word_1_36' title='bbox 1089 480 1164 518; x_wconf 90' lang='lat' dir='ltr'><strong>sine</strong></span> <span class='ocrx_word' id='word_1_37' title='bbox 1191 480 1265 518; x_wconf 88' lang='lat' dir='ltr'><strong>ulla</strong></span> 
     </span>
     <span class='ocr_line' id='line_1_8' title="bbox 279 542 1265 598; baseline -0.005 -13"><span class='ocrx_word' id='word_1_38' title='bbox 279 547 478 598; x_wconf 84' lang='lat' dir='ltr'>suspicione</span> <span class='ocrx_word' id='word_1_39' title='bbox 515 543 680 592; x_wconf 81' lang='lat' dir='ltr'>adstruit,</span> <span class='ocrx_word' id='word_1_40' title='bbox 713 542 805 580; x_wconf 87' lang='lat' dir='ltr'><strong>nihil</strong></span> <span class='ocrx_word' id='word_1_41' title='bbox 838 556 911 580; x_wconf 88' lang='lat' dir='ltr'><strong>esse</strong></span> <span class='ocrx_word' id='word_1_42' title='bbox 943 542 1138 594; x_wconf 85' lang='lat' dir='ltr'><strong>templum,</strong></span> <span class='ocrx_word' id='word_1_43' title='bbox 1173 542 1265 580; x_wconf 87' lang='lat' dir='ltr'><strong>nihil</strong></span> 
     </span>
     <span class='ocr_line' id='line_1_9' title="bbox 279 603 1268 655; baseline -0.004 -10"><span class='ocrx_word' id='word_1_44' title='bbox 279 605 572 653; x_wconf 81' lang='lat' dir='ltr'><strong>consuetudines,</strong></span> <span class='ocrx_word' id='word_1_45' title='bbox 606 618 716 654; x_wconf 90' lang='lat' dir='ltr'><strong>neque</strong></span> <span class='ocrx_word' id='word_1_46' title='bbox 751 603 845 655; x_wconf 87' lang='lat' dir='ltr'><strong>ipsos</strong></span> <span class='ocrx_word' id='word_1_47' title='bbox 875 603 1163 655; x_wconf 73' lang='lat' dir='ltr'><strong>praedicationem</strong></span> <span class='ocrx_word' id='word_1_48' title='bbox 1194 616 1268 641; x_wconf 86' lang='lat' dir='ltr'><strong>esse</strong></span> 
     </span>
     <span class='ocr_line' id='line_1_10' title="bbox 280 663 1270 716; baseline -0.003 -12"><span class='ocrx_word' id='word_1_49' title='bbox 280 667 498 705; x_wconf 86' lang='lat' dir='ltr'><strong>cohibituros</strong></span> <span class='ocrx_word' id='word_1_50' title='bbox 514 680 524 713; x_wconf 86' lang='lat'>;</span> <span class='ocrx_word' id='word_1_51' title='bbox 551 666 739 714; x_wconf 88' lang='lat' dir='ltr'>Deumque</span> <span class='ocrx_word' id='word_1_52' title='bbox 773 678 909 716; x_wconf 82' lang='lat' dir='ltr'>semper</span> <span class='ocrx_word' id='word_1_53' title='bbox 926 678 981 714; x_wconf 88' lang='lat' dir='ltr'><strong>ea,</strong></span> <span class='ocrx_word' id='word_1_54' title='bbox 1005 678 1082 715; x_wconf 90' lang='lat' dir='ltr'><strong>quae</strong></span> <span class='ocrx_word' id='word_1_55' title='bbox 1101 663 1270 702; x_wconf 78' lang='lat' dir='ltr'><strong>videntur</strong></span> 
     </span>
     <span class='ocr_line' id='line_1_11' title="bbox 283 725 1270 779; baseline -0.003 -14"><span class='ocrx_word' id='word_1_56' title='bbox 283 726 533 779; x_wconf 85' lang='lat' dir='ltr'><strong>impossibilia,</strong></span> <span class='ocrx_word' id='word_1_57' title='bbox 550 727 662 764; x_wconf 86' lang='lat' dir='ltr'><strong>facere</strong></span> <span class='ocrx_word' id='word_1_58' title='bbox 689 735 723 764; x_wconf 91' lang='lat' dir='ltr'><strong>et</strong></span> <span class='ocrx_word' id='word_1_59' title='bbox 740 740 876 778; x_wconf 86' lang='lat' dir='ltr'><strong>parare.</strong></span> <span class='ocrx_word' id='word_1_60' title='bbox 897 725 993 765; x_wconf 87' lang='lat' dir='ltr'>Vide</span> <span class='ocrx_word' id='word_1_61' title='bbox 1010 738 1094 776; x_wconf 88' lang='lat' dir='ltr'><strong>ergo</strong></span> <span class='ocrx_word' id='word_1_62' title='bbox 1115 725 1173 762; x_wconf 88' lang='lat' dir='ltr'><strong>his</strong></span> <span class='ocrx_word' id='word_1_63' title='bbox 1188 739 1270 762; x_wconf 89' lang='lat' dir='ltr'><strong>con-</strong></span> 
     </span>
     <span class='ocr_line' id='line_1_12' title="bbox 278 786 1266 838; baseline -0.003 -12"><span class='ocrx_word' id='word_1_64' title='bbox 278 789 353 826; x_wconf 72' lang='lat' dir='ltr'><strong>texi</strong></span> <span class='ocrx_word' id='word_1_65' title='bbox 373 788 594 837; x_wconf 76' lang='lat' dir='ltr'>concionem,</span> <span class='ocrx_word' id='word_1_66' title='bbox 616 801 686 838; x_wconf 87' lang='lat' dir='ltr'><strong>qua</strong></span> <span class='ocrx_word' id='word_1_67' title='bbox 707 786 920 837; x_wconf 79' lang='lat' dir='ltr'><strong>ostenditur,</strong></span> <span class='ocrx_word' id='word_1_68' title='bbox 942 786 1023 824; x_wconf 89' lang='lat' dir='ltr'><strong>illos</strong></span> <span class='ocrx_word' id='word_1_69' title='bbox 1042 786 1155 823; x_wconf 89' lang='lat' dir='ltr'><strong>multa</strong></span> <span class='ocrx_word' id='word_1_70' title='bbox 1177 800 1266 823; x_wconf 91' lang='lat' dir='ltr'><strong>sem-</strong></span> 
     </span>
     <span class='ocr_line' id='line_1_13' title="bbox 278 847 1267 901; baseline 0 -16"><span class='ocrx_word' id='word_1_71' title='bbox 278 863 340 901; x_wconf 86' lang='lat' dir='ltr'><strong>per</strong></span> <span class='ocrx_word' id='word_1_72' title='bbox 356 849 423 886; x_wconf 85' lang='lat' dir='ltr'><strong>Dei</strong></span> <span class='ocrx_word' id='word_1_73' title='bbox 439 848 657 899; x_wconf 82' lang='lat' dir='ltr'><strong>benignitate</strong></span> <span class='ocrx_word' id='word_1_74' title='bbox 675 848 841 896; x_wconf 83' lang='lat' dir='ltr'><strong>fruentes,</strong></span> <span class='ocrx_word' id='word_1_75' title='bbox 856 847 1029 885; x_wconf 87' lang='lat' dir='ltr'><strong>contraria</strong></span> <span class='ocrx_word' id='word_1_76' title='bbox 1050 847 1267 885; x_wconf 81' lang='lat' dir='ltr'><strong>benefactori</strong></span> 
     </span>
     <span class='ocr_line' id='line_1_14' title="bbox 277 907 1311 961; baseline -0.001 -14"><span class='ocrx_word' id='word_1_77' title='bbox 277 908 498 961; x_wconf 80' lang='lat' dir='ltr'><strong>rependisse,</strong></span> <span class='ocrx_word' id='word_1_78' title='bbox 523 917 556 946; x_wconf 90' lang='lat' dir='ltr'><strong>et</strong></span> <span class='ocrx_word' id='word_1_79' title='bbox 584 907 820 960; x_wconf 87' lang='lat' dir='ltr'><strong>impossibilia</strong></span> <span class='ocrx_word' id='word_1_80' title='bbox 840 916 984 945; x_wconf 87' lang='lat' dir='ltr'><strong>tentare.</strong></span> <span class='ocrx_word' id='word_1_81' title='bbox 1005 908 1111 945; x_wconf 76' lang='lat' dir='ltr'><strong>Deus</strong></span> <span class='ocrx_word' id='word_1_82' title='bbox 1133 907 1267 958; x_wconf 68' lang='lat' dir='ltr'><strong>gloriae</strong></span> <span class='ocrx_word' id='word_1_83' title='bbox 1287 917 1311 946; x_wconf 87' lang='lat' dir='ltr'>E</span> 
     </span>
     <span class='ocr_line' id='line_1_15' title="bbox 279 968 1270 1022; baseline -0.004 -14"><span class='ocrx_word' id='word_1_84' title='bbox 279 972 461 1022; x_wconf 79' lang='lat' dir='ltr'><strong>apparuit</strong></span> <span class='ocrx_word' id='word_1_85' title='bbox 477 971 584 1021; x_wconf 85' lang='lat' dir='ltr'><strong>patri</strong></span> <span class='ocrx_word' id='word_1_86' title='bbox 605 977 735 1006; x_wconf 86' lang='lat' dir='ltr'><strong>nostro</strong></span> <span class='ocrx_word' id='word_1_87' title='bbox 754 968 796 1005; x_wconf 91' lang='lat' dir='ltr'><em>A</em></span> <span class='ocrx_word' id='word_1_88' title='bbox 800 969 944 1014; x_wconf 83' lang='lat' dir='ltr'><strong>bralzoe,</strong></span> <span class='ocrx_word' id='word_1_89' title='bbox 962 968 1001 1005; x_wconf 82' lang='lat'><strong>5.</strong></span> <span class='ocrx_word' id='word_1_90' title='bbox 1023 976 1058 1005; x_wconf 85' lang='lat' dir='ltr'><strong>et</strong></span> <span class='ocrx_word' id='word_1_91' title='bbox 1087 968 1187 1005; x_wconf 72' lang='lat' dir='ltr'><strong>dixit</strong></span> <span class='ocrx_word' id='word_1_92' title='bbox 1216 969 1270 1005; x_wconf 87' lang='lat' dir='ltr'><strong>ad</strong></span> 
     </span>
     <span class='ocr_line' id='line_1_16' title="bbox 279 1031 1264 1076; baseline -0.004 -7"><span class='ocrx_word' id='word_1_93' title='bbox 279 1032 392 1069; x_wconf 81' lang='lat' dir='ltr'><strong>illum</strong></span> <span class='ocrx_word' id='word_1_94' title='bbox 410 1046 420 1066; x_wconf 89' lang='lat'><em>:</em></span> <span class='ocrx_word' id='word_1_95' title='bbox 442 1031 522 1068; x_wconf 64' lang='lat' dir='ltr'><strong>Exi</strong></span> <span class='ocrx_word' id='word_1_96' title='bbox 546 1031 593 1067; x_wconf 86' lang='lat' dir='ltr'><strong>de</strong></span> <span class='ocrx_word' id='word_1_97' title='bbox 611 1038 716 1067; x_wconf 82' lang='lat' dir='ltr'><strong>terra</strong></span> <span class='ocrx_word' id='word_1_98' title='bbox 735 1038 816 1076; x_wconf 83' lang='lat' dir='ltr'><strong>tua,</strong></span> <span class='ocrx_word' id='word_1_99' title='bbox 849 1038 885 1067; x_wconf 87' lang='lat' dir='ltr'><strong>et</strong></span> <span class='ocrx_word' id='word_1_100' title='bbox 914 1031 1008 1066; x_wconf 80' lang='lat' dir='ltr'><strong>veni</strong></span> <span class='ocrx_word' id='word_1_101' title='bbox 1035 1031 1078 1066; x_wconf 85' lang='lat' dir='ltr'><strong>in</strong></span> <span class='ocrx_word' id='word_1_102' title='bbox 1106 1036 1264 1075; x_wconf 84' lang='lat' dir='ltr'><strong>terram,</strong></span> 
     </span>
     <span class='ocr_line' id='line_1_17' title="bbox 281 1093 786 1145; baseline -0.006 -15"><span class='ocrx_word' id='word_1_103' title='bbox 281 1107 399 1145; x_wconf 83' lang='lat' dir='ltr'><strong>quam</strong></span> <span class='ocrx_word' id='word_1_104' title='bbox 418 1100 681 1129; x_wconf 75' lang='lat' dir='ltr'><strong>monstravero</strong></span> <span class='ocrx_word' id='word_1_105' title='bbox 704 1093 786 1128; x_wconf 83' lang='lat' dir='ltr'><strong>tibi.</strong></span> 
     </span>
    </p>

    <p class='ocr_par' dir='ltr' id='par_1_4' title="bbox 279 1148 1269 1506">
     <span class='ocr_line' id='line_1_18' title="bbox 333 1148 1267 1203; baseline -0.004 -12"><span class='ocrx_word' id='word_1_106' title='bbox 333 1156 374 1191; x_wconf 61' lang='lat' dir='ltr'><strong>Q,</strong></span> <span class='ocrx_word' id='word_1_107' title='bbox 407 1151 601 1203; x_wconf 88' lang='lat' dir='ltr'><strong>Templum</strong></span> <span class='ocrx_word' id='word_1_108' title='bbox 633 1150 793 1188; x_wconf 89' lang='lat' dir='ltr'><strong>nondum</strong></span> <span class='ocrx_word' id='word_1_109' title='bbox 826 1158 924 1195; x_wconf 90' lang='lat' dir='ltr'><strong>erat,</strong></span> <span class='ocrx_word' id='word_1_110' title='bbox 951 1148 1168 1187; x_wconf 85' lang='lat' dir='ltr'><strong>sacrificium</strong></span> <span class='ocrx_word' id='word_1_111' title='bbox 1198 1162 1267 1187; x_wconf 91' lang='lat' dir='ltr'><strong>non</strong></span> 
     </span>
     <span class='ocr_line' id='line_1_19' title="bbox 280 1209 1268 1261; baseline -0.005 -9"><span class='ocrx_word' id='word_1_112' title='bbox 280 1223 367 1261; x_wconf 87' lang='lat' dir='ltr'><strong>erat,</strong></span> <span class='ocrx_word' id='word_1_113' title='bbox 381 1222 414 1251; x_wconf 90' lang='lat' dir='ltr'><strong>et</strong></span> <span class='ocrx_word' id='word_1_114' title='bbox 433 1213 556 1250; x_wconf 75' lang='lat' dir='ltr'><strong>divina</strong></span> <span class='ocrx_word' id='word_1_115' title='bbox 578 1211 715 1249; x_wconf 68' lang='lat' dir='ltr'><strong>visione</strong></span> <span class='ocrx_word' id='word_1_116' title='bbox 736 1210 902 1261; x_wconf 85' lang='lat' dir='ltr'><strong>dignatus</strong></span> <span class='ocrx_word' id='word_1_117' title='bbox 920 1219 971 1247; x_wconf 88' lang='lat' dir='ltr'><strong>est</strong></span> <span class='ocrx_word' id='word_1_118' title='bbox 990 1209 1186 1259; x_wconf 85' lang='lat' dir='ltr'><strong>Abraham,</strong></span> <span class='ocrx_word' id='word_1_119' title='bbox 1206 1209 1268 1260; x_wconf 84' lang='lat' dir='ltr'><strong>qui</strong></span> 
     </span>
     <span class='ocr_line' id='line_1_20' title="bbox 280 1270 1268 1325; baseline -0.003 -13"><span class='ocrx_word' id='word_1_120' title='bbox 280 1276 403 1312; x_wconf 83' lang='lat' dir='ltr'><strong>Persas</strong></span> <span class='ocrx_word' id='word_1_121' title='bbox 435 1272 675 1325; x_wconf 84' lang='lat' dir='ltr'><strong>progenitores</strong></span> <span class='ocrx_word' id='word_1_122' title='bbox 707 1270 848 1317; x_wconf 82' lang='lat' dir='ltr'><strong>habuit,</strong></span> <span class='ocrx_word' id='word_1_123' title='bbox 882 1280 915 1308; x_wconf 87' lang='lat' dir='ltr'><strong>et</strong></span> <span class='ocrx_word' id='word_1_124' title='bbox 947 1271 982 1308; x_wconf 93' lang='lat' dir='ltr'><strong>in</strong></span> <span class='ocrx_word' id='word_1_125' title='bbox 1021 1270 1132 1309; x_wconf 81' lang='lat' dir='ltr'><strong>aliena</strong></span> <span class='ocrx_word' id='word_1_126' title='bbox 1174 1280 1268 1309; x_wconf 88' lang='lat' dir='ltr'><strong>terra</strong></span> 
     </span>
     <span class='ocr_line' id='line_1_21' title="bbox 279 1331 1269 1384; baseline -0.003 -11"><span class='ocrx_word' id='word_1_127' title='bbox 279 1343 364 1373; x_wconf 84' lang='lat' dir='ltr'><strong>crat.</strong></span> <span class='ocrx_word' id='word_1_128' title='bbox 386 1334 433 1372; x_wconf 87' lang='lat' dir='ltr'><strong>Et</strong></span> <span class='ocrx_word' id='word_1_129' title='bbox 453 1348 515 1371; x_wconf 86' lang='lat' dir='ltr'><strong>cur</strong></span> <span class='ocrx_word' id='word_1_130' title='bbox 535 1333 571 1370; x_wconf 85' lang='lat' dir='ltr'><strong>in</strong></span> <span class='ocrx_word' id='word_1_131' title='bbox 594 1332 741 1370; x_wconf 72' lang='lat' dir='ltr'><strong>exordio</strong></span> <span class='ocrx_word' id='word_1_132' title='bbox 761 1333 901 1380; x_wconf 89' lang='lat' dir='ltr'><strong>Deum,</strong></span> <span class='ocrx_word' id='word_1_133' title='bbox 931 1331 1052 1382; x_wconf 85' lang='lat' dir='ltr'><strong>gloriae</strong></span> <span class='ocrx_word' id='word_1_134' title='bbox 1073 1331 1269 1384; x_wconf 72' lang='lat' dir='ltr'><strong>appellavit</strong></span> 
     </span>
     <span class='ocr_line' id='line_1_22' title="bbox 279 1392 1268 1445; baseline -0.002 -12"><span class='ocrx_word' id='word_1_135' title='bbox 279 1396 424 1433; x_wconf 73' lang='lat' dir='ltr'><strong>Deum?</strong></span> <span class='ocrx_word' id='word_1_136' title='bbox 444 1394 537 1441; x_wconf 89' lang='lat' dir='ltr'><strong>Quia</strong></span> <span class='ocrx_word' id='word_1_137' title='bbox 559 1394 620 1431; x_wconf 85' lang='lat' dir='ltr'><strong>ille</strong></span> <span class='ocrx_word' id='word_1_138' title='bbox 649 1393 818 1445; x_wconf 89' lang='lat' dir='ltr'><strong>inglorios</strong></span> <span class='ocrx_word' id='word_1_139' title='bbox 842 1392 924 1430; x_wconf 87' lang='lat' dir='ltr'><strong>fecit</strong></span> <span class='ocrx_word' id='word_1_140' title='bbox 949 1392 1119 1444; x_wconf 84' lang='lat' dir='ltr'><strong>gloriosos</strong></span> <span class='ocrx_word' id='word_1_141' title='bbox 1132 1408 1144 1443; x_wconf 77' lang='lat'><em>3</em></span> <span class='ocrx_word' id='word_1_142' title='bbox 1169 1402 1203 1430; x_wconf 85' lang='lat' dir='ltr'><strong>et</strong></span> <span class='ocrx_word' id='word_1_143' title='bbox 1228 1402 1268 1431; x_wconf 88' lang='lat' dir='ltr'><strong>ut</strong></span> 
     </span>
     <span class='ocr_line' id='line_1_23' title="bbox 279 1453 1268 1506; baseline -0.004 -12"><span class='ocrx_word' id='word_1_144' title='bbox 279 1456 490 1505; x_wconf 81' lang='lat' dir='ltr'><strong>ostenderet,</strong></span> <span class='ocrx_word' id='word_1_145' title='bbox 507 1455 536 1493; x_wconf 91' lang='lat' dir='ltr'><strong>si</strong></span> <span class='ocrx_word' id='word_1_146' title='bbox 562 1455 644 1492; x_wconf 88' lang='lat' dir='ltr'><strong>illos</strong></span> <span class='ocrx_word' id='word_1_147' title='bbox 664 1453 891 1506; x_wconf 70' lang='lat' dir='ltr'><strong>glorificavit,</strong></span> <span class='ocrx_word' id='word_1_148' title='bbox 911 1454 1025 1491; x_wconf 90' lang='lat' dir='ltr'><strong>multo</strong></span> <span class='ocrx_word' id='word_1_149' title='bbox 1047 1453 1160 1505; x_wconf 85' lang='lat' dir='ltr'><strong>magis</strong></span> <span class='ocrx_word' id='word_1_150' title='bbox 1182 1453 1268 1491; x_wconf 89' lang='lat' dir='ltr'><strong>istos</strong></span> 
     </span>
    </p>
   </div>
   <div class='ocr_carea' id='block_1_4' title="bbox 1319 223 1932 255">
    <p class='ocr_par' dir='ltr' id='par_1_5' title="bbox 1319 223 1932 255">
     <span class='ocr_line' id='line_1_24' title="bbox 1319 223 1932 255; baseline 0.005 -3"><span class='ocrx_word' id='word_1_151' title='bbox 1319 223 1527 254; x_wconf 82' lang='lat' dir='ltr'><strong>ARCHIEP.</strong></span> <span class='ocrx_word' id='word_1_152' title='bbox 1568 224 1932 255; x_wconf 78' lang='lat' dir='ltr'><strong>CONSTANTINOP.</strong></span> 
     </span>
    </p>
   </div>
   <div class='ocr_carea' id='block_1_5' title="bbox 1332 300 2376 907">
    <p class='ocr_par' dir='ltr' id='par_1_6' title="bbox 1332 300 2376 907">
     <span class='ocr_line' id='line_1_25' title="bbox 1333 300 2355 357; baseline 0.003 -17"><span class='ocrx_word' id='word_1_153' title='bbox 1333 304 1401 340; x_wconf 80' lang='grc' dir='ltr'><strong>τῶν</strong></span> <span class='ocrx_word' id='word_1_154' title='bbox 1436 306 1588 356; x_wconf 85' lang='grc' dir='ltr'>ἀναιρεῖ,</span> <span class='ocrx_word' id='word_1_155' title='bbox 1620 304 1680 342; x_wconf 83' lang='grc' dir='ltr'><strong>καὶ</strong></span> <span class='ocrx_word' id='word_1_156' title='bbox 1714 307 1964 350; x_wconf 82' lang='grc' dir='ltr'>κατασκευάζει</span> <span class='ocrx_word' id='word_1_157' title='bbox 1987 305 2030 344; x_wconf 74' lang='grc' dir='ltr'><strong>δι’</strong></span> <span class='ocrx_word' id='word_1_158' title='bbox 2059 300 2107 344; x_wconf 71' lang='grc' dir='ltr'><strong>ὧν</strong></span> <span class='ocrx_word' id='word_1_159' title='bbox 2138 321 2240 357; x_wconf 79' lang='grc' dir='ltr'>φησιν</span> <span class='ocrx_word' id='word_1_160' title='bbox 2274 309 2355 344; x_wconf 86' lang='grc' dir='ltr'>ἀνυ-</span> 
     </span>
     <span class='ocr_line' id='line_1_26' title="bbox 1333 364 2355 415; baseline 0.002 -14"><span class='ocrx_word' id='word_1_161' title='bbox 1333 364 1494 411; x_wconf 86' lang='grc' dir='ltr'>πόπτως,</span> <span class='ocrx_word' id='word_1_162' title='bbox 1516 365 1569 403; x_wconf 81' lang='grc' dir='ltr'><strong>ὅτι</strong></span> <span class='ocrx_word' id='word_1_163' title='bbox 1587 382 1626 404; x_wconf 88' lang='grc' dir='ltr'><strong>τε</strong></span> <span class='ocrx_word' id='word_1_164' title='bbox 1643 366 1738 404; x_wconf 80' lang='grc' dir='ltr'>οὐδέν</span> <span class='ocrx_word' id='word_1_165' title='bbox 1759 370 1849 406; x_wconf 81' lang='grc' dir='ltr'>ἐστιν</span> <span class='ocrx_word' id='word_1_166' title='bbox 1865 372 1882 406; x_wconf 85' lang='grc' dir='ltr'>ὁ</span> <span class='ocrx_word' id='word_1_167' title='bbox 1897 368 1976 412; x_wconf 85' lang='grc' dir='ltr'>ναὸς</span> <span class='ocrx_word' id='word_1_168' title='bbox 2004 368 2114 415; x_wconf 84' lang='grc' dir='ltr'>δήπου</span> <span class='ocrx_word' id='word_1_169' title='bbox 2142 367 2261 415; x_wconf 79' lang='grc' dir='ltr'>αὐτὸς,</span> <span class='ocrx_word' id='word_1_170' title='bbox 2277 366 2355 405; x_wconf 78' lang='grc' dir='ltr'>οὐδὲ</span> 
     </span>
     <span class='ocr_line' id='line_1_27' title="bbox 1334 424 2356 480; baseline 0.002 -18"><span class='ocrx_word' id='word_1_171' title='bbox 1334 424 1379 462; x_wconf 87' lang='grc' dir='ltr'><strong>τὰ</strong></span> <span class='ocrx_word' id='word_1_172' title='bbox 1395 424 1454 472; x_wconf 84' lang='grc' dir='ltr'><strong>ἔθη</strong></span> <span class='ocrx_word' id='word_1_173' title='bbox 1470 453 1479 470; x_wconf 90' lang='grc'>,</span> <span class='ocrx_word' id='word_1_174' title='bbox 1494 426 1554 464; x_wconf 82' lang='grc' dir='ltr'><strong>καὶ</strong></span> <span class='ocrx_word' id='word_1_175' title='bbox 1575 426 1628 464; x_wconf 79' lang='grc' dir='ltr'><strong>ὅτι</strong></span> <span class='ocrx_word' id='word_1_176' title='bbox 1647 428 1684 464; x_wconf 81' lang='grc' dir='ltr'><strong>οὗ</strong></span> <span class='ocrx_word' id='word_1_177' title='bbox 1715 427 1934 479; x_wconf 80' lang='grc' dir='ltr'>περιέσονται</span> <span class='ocrx_word' id='word_1_178' title='bbox 1951 433 2012 466; x_wconf 76' lang='grc' dir='ltr'><strong>τοῦ</strong></span> <span class='ocrx_word' id='word_1_179' title='bbox 2032 428 2274 480; x_wconf 81' lang='grc' dir='ltr'>κηρύγματος,</span> <span class='ocrx_word' id='word_1_180' title='bbox 2295 427 2356 465; x_wconf 84' lang='grc' dir='ltr'><strong>καὶ</strong></span> 
     </span>
     <span class='ocr_line' id='line_1_28' title="bbox 1335 484 2356 538; baseline 0.002 -15"><span class='ocrx_word' id='word_1_181' title='bbox 1335 484 1387 523; x_wconf 75' lang='grc' dir='ltr'><strong>ὅτι</strong></span> <span class='ocrx_word' id='word_1_182' title='bbox 1404 485 1438 529; x_wconf 78' lang='grc' dir='ltr'><strong>ἐξ</strong></span> <span class='ocrx_word' id='word_1_183' title='bbox 1461 487 1654 538; x_wconf 76' lang='grc' dir='ltr'>ἀμηχάνων</span> <span class='ocrx_word' id='word_1_184' title='bbox 1681 487 1736 524; x_wconf 84' lang='grc' dir='ltr'><strong>ἀεὶ</strong></span> <span class='ocrx_word' id='word_1_185' title='bbox 1754 491 1772 525; x_wconf 85' lang='grc' dir='ltr'><em>ὃ</em></span> <span class='ocrx_word' id='word_1_186' title='bbox 1788 487 1876 531; x_wconf 81' lang='grc' dir='ltr'>Θεὸς</span> <span class='ocrx_word' id='word_1_187' title='bbox 1905 488 2019 526; x_wconf 85' lang='grc' dir='ltr'>πάντα</span> <span class='ocrx_word' id='word_1_188' title='bbox 2047 495 2138 527; x_wconf 90' lang='grc' dir='ltr'>ποιεῖ</span> <span class='ocrx_word' id='word_1_189' title='bbox 2158 489 2216 526; x_wconf 79' lang='grc' dir='ltr'><strong>καὶ</strong></span> <span class='ocrx_word' id='word_1_190' title='bbox 2244 503 2356 526; x_wconf 86' lang='grc' dir='ltr'>κατα-</span> 
     </span>
     <span class='ocr_line' id='line_1_29' title="bbox 1336 546 2376 600; baseline 0.003 -17"><span class='ocrx_word' id='word_1_191' title='bbox 1336 546 1505 591; x_wconf 75' lang='grc' dir='ltr'>σκευάζει.</span> <span class='ocrx_word' id='word_1_192' title='bbox 1523 546 1620 600; x_wconf 54' lang='grc' dir='ltr'>υΟρα</span> <span class='ocrx_word' id='word_1_193' title='bbox 1638 553 1717 599; x_wconf 75' lang='grc' dir='ltr'>γοῦν</span> <span class='ocrx_word' id='word_1_194' title='bbox 1734 547 1791 586; x_wconf 79' lang='grc' dir='ltr'><strong>διὰ</strong></span> <span class='ocrx_word' id='word_1_195' title='bbox 1811 547 1939 587; x_wconf 81' lang='grc' dir='ltr'>τούτων</span> <span class='ocrx_word' id='word_1_196' title='bbox 1959 549 2188 600; x_wconf 81' lang='grc' dir='ltr'>ὑφαινομένην</span> <span class='ocrx_word' id='word_1_197' title='bbox 2206 549 2269 596; x_wconf 84' lang='grc' dir='ltr'><strong>τὴν</strong></span> <span class='ocrx_word' id='word_1_198' title='bbox 2289 550 2355 594; x_wconf 77' lang='grc' dir='ltr'><strong>δη-</strong></span> <span class='ocrx_word' id='word_1_199' title='bbox 2370 565 2376 577; x_wconf 75' lang='lat'>³</span> 
     </span>
     <span class='ocr_line' id='line_1_30' title="bbox 1335 608 2354 659; baseline 0.004 -13"><span class='ocrx_word' id='word_1_200' title='bbox 1335 608 1505 659; x_wconf 86' lang='grc' dir='ltr'>μηγορίαν</span> <span class='ocrx_word' id='word_1_201' title='bbox 1536 609 1595 647; x_wconf 85' lang='grc' dir='ltr'><strong>καὶ</strong></span> <span class='ocrx_word' id='word_1_202' title='bbox 1626 609 1932 656; x_wconf 83' lang='grc' dir='ltr'>ἀποδεικνύουσαν,</span> <span class='ocrx_word' id='word_1_203' title='bbox 1951 609 2004 648; x_wconf 76' lang='grc' dir='ltr'><strong>ὅτι</strong></span> <span class='ocrx_word' id='word_1_204' title='bbox 2039 613 2169 657; x_wconf 67' lang='grc' dir='ltr'>πολλῆς</span> <span class='ocrx_word' id='word_1_205' title='bbox 2197 611 2354 650; x_wconf 74' lang='grc' dir='ltr'>ἀπολαύ-</span> 
     </span>
     <span class='ocr_line' id='line_1_31' title="bbox 1334 670 2354 723; baseline 0.001 -16"><span class='ocrx_word' id='word_1_206' title='bbox 1334 685 1456 713; x_wconf 83' lang='grc' dir='ltr'>σαντες</span> <span class='ocrx_word' id='word_1_207' title='bbox 1470 670 1524 707; x_wconf 84' lang='grc' dir='ltr'><strong>ἀεὶ</strong></span> <span class='ocrx_word' id='word_1_208' title='bbox 1538 670 1817 722; x_wconf 75' lang='grc' dir='ltr'>φιλανθρωπίας,</span> <span class='ocrx_word' id='word_1_209' title='bbox 1831 676 1903 714; x_wconf 89' lang='grc' dir='ltr'>τοῖς</span> <span class='ocrx_word' id='word_1_210' title='bbox 1918 671 2082 714; x_wconf 80' lang='grc' dir='ltr'>ἐναντίοις</span> <span class='ocrx_word' id='word_1_211' title='bbox 2095 671 2154 708; x_wconf 81' lang='grc' dir='ltr'><strong>τὸν</strong></span> <span class='ocrx_word' id='word_1_212' title='bbox 2174 672 2354 723; x_wconf 79' lang='grc' dir='ltr'>εὐεργέτην</span> 
     </span>
     <span class='ocr_line' id='line_1_32' title="bbox 1333 730 2357 784; baseline 0.002 -15"><span class='ocrx_word' id='word_1_213' title='bbox 1333 730 1547 783; x_wconf 75' lang='grc' dir='ltr'>ἠμείψαντο,</span> <span class='ocrx_word' id='word_1_214' title='bbox 1562 731 1622 769; x_wconf 73' lang='grc' dir='ltr'><strong>καὶ</strong></span> <span class='ocrx_word' id='word_1_215' title='bbox 1650 732 1705 771; x_wconf 78' lang='grc' dir='ltr'><strong>ὅτι</strong></span> <span class='ocrx_word' id='word_1_216' title='bbox 1737 732 1917 776; x_wconf 82' lang='grc' dir='ltr'>ἀδυνάτοις</span> <span class='ocrx_word' id='word_1_217' title='bbox 1936 735 2183 784; x_wconf 73' lang='grc' dir='ltr'>ἐπιχειροῦσιν.</span> <span class='ocrx_word' id='word_1_218' title='bbox 2207 732 2251 770; x_wconf 91' lang='grc' dir='ltr'>Ὁ</span> <span class='ocrx_word' id='word_1_219' title='bbox 2267 733 2357 775; x_wconf 83' lang='grc' dir='ltr'>Θεὸς</span> 
     </span>
     <span class='ocr_line' id='line_1_33' title="bbox 1332 787 2355 845; baseline 0.001 -15"><span class='ocrx_word' id='word_1_220' title='bbox 1332 796 1396 839; x_wconf 70' lang='grc' dir='ltr'><strong>τῆς</strong></span> <span class='ocrx_word' id='word_1_221' title='bbox 1420 791 1519 839; x_wconf 81' lang='grc' dir='ltr'>δόξης</span> <span class='ocrx_word' id='word_1_222' title='bbox 1547 792 1645 845; x_wconf 67' lang='grc' dir='ltr'>ὤφθη</span> <span class='ocrx_word' id='word_1_223' title='bbox 1664 796 1713 845; x_wconf 78' lang='grc' dir='ltr'><strong>τῷ</strong></span> <span class='ocrx_word' id='word_1_224' title='bbox 1733 793 1840 844; x_wconf 83' lang='grc' dir='ltr'>πατρὶ</span> <span class='ocrx_word' id='word_1_225' title='bbox 1869 796 1973 843; x_wconf 71' lang='grc' dir='ltr'>’ἡμῶν</span> <span class='ocrx_word' id='word_1_226' title='bbox 1993 792 2167 845; x_wconf 71' lang='grc' dir='ltr'>Ἀὸραὰμ,</span> <span class='ocrx_word' id='word_1_227' title='bbox 2195 793 2255 831; x_wconf 85' lang='grc' dir='ltr'><strong>καὶ</strong></span> <span class='ocrx_word' id='word_1_228' title='bbox 2280 787 2355 831; x_wconf 64' lang='grc' dir='ltr'>εἷπε</span> 
     </span>
     <span class='ocr_line' id='line_1_34' title="bbox 1332 852 2354 907; baseline 0 -16"><span class='ocrx_word' id='word_1_229' title='bbox 1332 853 1417 905; x_wconf 82' lang='grc' dir='ltr'>πρὸς</span> <span class='ocrx_word' id='word_1_230' title='bbox 1438 852 1538 891; x_wconf 81' lang='grc' dir='ltr'>αὐτόν</span> <span class='ocrx_word' id='word_1_231' title='bbox 1555 869 1563 877; x_wconf 84' lang='grc'><em>·</em></span> <span class='ocrx_word' id='word_1_232' title='bbox 1584 853 1697 898; x_wconf 81' lang='grc' dir='ltr'>ἔξελθε</span> <span class='ocrx_word' id='word_1_233' title='bbox 1713 856 1752 892; x_wconf 82' lang='grc' dir='ltr'><strong>ἐκ</strong></span> <span class='ocrx_word' id='word_1_234' title='bbox 1769 857 1832 901; x_wconf 68' lang='grc' dir='ltr'><strong>τῆς</strong></span> <span class='ocrx_word' id='word_1_235' title='bbox 1847 856 1911 906; x_wconf 66' lang='grc' dir='ltr'><strong>γῆς</strong></span> <span class='ocrx_word' id='word_1_236' title='bbox 1922 869 1983 892; x_wconf 90' lang='grc' dir='ltr'><strong>σου</strong></span> <span class='ocrx_word' id='word_1_237' title='bbox 1994 885 2005 903; x_wconf 89' lang='grc'>,</span> <span class='ocrx_word' id='word_1_238' title='bbox 2021 854 2081 892; x_wconf 85' lang='grc' dir='ltr'><strong>καὶ</strong></span> <span class='ocrx_word' id='word_1_239' title='bbox 2102 855 2200 907; x_wconf 77' lang='grc' dir='ltr'>δεῦρο</span> <span class='ocrx_word' id='word_1_240' title='bbox 2216 856 2264 897; x_wconf 90' lang='grc' dir='ltr'><strong>εἷς</strong></span> <span class='ocrx_word' id='word_1_241' title='bbox 2276 857 2354 905; x_wconf 74' lang='grc' dir='ltr'>γῆν,</span> 
     </span>
    </p>
   </div>
   <div class='ocr_carea' id='block_1_6' title="bbox 1534 914 1598 927">
    <p class='ocr_par' dir='ltr' id='par_1_7' title="bbox 1534 914 1598 927">
     <span class='ocr_line' id='line_1_35' title="bbox 1534 914 1598 927; baseline -0.016 0"><span class='ocrx_word' id='word_1_242' title='bbox 1534 914 1598 927; x_wconf 59' lang='lat' dir='ltr'><strong>xn-</strong></span> 
     </span>
    </p>
   </div>
   <div class='ocr_carea' id='block_1_7' title="bbox 1333 914 1642 962">
    <p class='ocr_par' dir='ltr' id='par_1_8' title="bbox 1333 914 1642 962">
     <span class='ocr_line' id='line_1_36' title="bbox 1333 914 1642 962; baseline 0.003 -10"><span class='ocrx_word' id='word_1_243' title='bbox 1333 915 1375 962; x_wconf 80' lang='grc' dir='ltr'><strong>ἣν</strong></span> <span class='ocrx_word' id='word_1_244' title='bbox 1397 914 1436 952; x_wconf 88' lang='grc' dir='ltr'><strong>ἄν</strong></span> <span class='ocrx_word' id='word_1_245' title='bbox 1457 929 1511 953; x_wconf 91' lang='grc' dir='ltr'><strong>σοι</strong></span> <span class='ocrx_word' id='word_1_246' title='bbox 1531 926 1642 959; x_wconf 78' lang='grc' dir='ltr'>οειςω.</span> 
     </span>
    </p>
   </div>
   <div class='ocr_carea' id='block_1_8' title="bbox 1333 1145 2358 1324">
    <p class='ocr_par' dir='ltr' id='par_1_9' title="bbox 1333 1145 2358 1324">
     <span class='ocr_line' id='line_1_37' title="bbox 1386 1145 2358 1202; baseline -0.003 -12"><span class='ocrx_word' id='word_1_247' title='bbox 1386 1152 1457 1190; x_wconf 77' lang='grc' dir='ltr'><strong>Καὶ</strong></span> <span class='ocrx_word' id='word_1_248' title='bbox 1477 1152 1556 1196; x_wconf 81' lang='grc' dir='ltr'>ναὸς</span> <span class='ocrx_word' id='word_1_249' title='bbox 1574 1153 1634 1190; x_wconf 76' lang='grc' dir='ltr'><strong>οὐκ</strong></span> <span class='ocrx_word' id='word_1_250' title='bbox 1648 1146 1702 1200; x_wconf 65' lang='grc' dir='ltr'><strong>ἦν,</strong></span> <span class='ocrx_word' id='word_1_251' title='bbox 1722 1152 1781 1189; x_wconf 86' lang='grc' dir='ltr'><strong>καὶ</strong></span> <span class='ocrx_word' id='word_1_252' title='bbox 1801 1150 1900 1190; x_wconf 82' lang='grc' dir='ltr'>θυσία</span> <span class='ocrx_word' id='word_1_253' title='bbox 1914 1153 1975 1189; x_wconf 80' lang='grc' dir='ltr'><strong>οὒκ</strong></span> <span class='ocrx_word' id='word_1_254' title='bbox 1989 1145 2044 1198; x_wconf 62' lang='grc' dir='ltr'><strong>ἦν,</strong></span> <span class='ocrx_word' id='word_1_255' title='bbox 2064 1149 2124 1188; x_wconf 77' lang='grc' dir='ltr'><strong>καὶ</strong></span> <span class='ocrx_word' id='word_1_256' title='bbox 2139 1149 2232 1193; x_wconf 82' lang='grc' dir='ltr'>θείας</span> <span class='ocrx_word' id='word_1_257' title='bbox 2248 1149 2358 1202; x_wconf 80' lang='grc' dir='ltr'>ὄψεως</span> 
     </span>
     <span class='ocr_line' id='line_1_38' title="bbox 1333 1204 2356 1265; baseline 0 -16"><span class='ocrx_word' id='word_1_258' title='bbox 1333 1212 1459 1259; x_wconf 81' lang='grc' dir='ltr'>ἠξίωτο</span> <span class='ocrx_word' id='word_1_259' title='bbox 1475 1212 1654 1265; x_wconf 66' lang='grc' dir='ltr'>Ἀδραὰμ,</span> <span class='ocrx_word' id='word_1_260' title='bbox 1675 1213 1734 1250; x_wconf 78' lang='grc' dir='ltr'><strong>καὶ</strong></span> <span class='ocrx_word' id='word_1_261' title='bbox 1749 1212 1936 1264; x_wconf 75' lang='grc' dir='ltr'>προγόνους</span> <span class='ocrx_word' id='word_1_262' title='bbox 1951 1211 1967 1232; x_wconf 73' lang='lat'><strong>¹³</strong></span> <span class='ocrx_word' id='word_1_263' title='bbox 1979 1211 2119 1263; x_wconf 82' lang='grc' dir='ltr'>Πέρσας</span> <span class='ocrx_word' id='word_1_264' title='bbox 2133 1204 2206 1263; x_wconf 65' lang='grc' dir='ltr'>εἶχε</span> <span class='ocrx_word' id='word_1_265' title='bbox 2218 1242 2228 1257; x_wconf 91' lang='grc'>,</span> <span class='ocrx_word' id='word_1_266' title='bbox 2248 1211 2307 1249; x_wconf 83' lang='grc' dir='ltr'><strong>καὶ</strong></span> <span class='ocrx_word' id='word_1_267' title='bbox 2323 1214 2356 1250; x_wconf 80' lang='grc' dir='ltr'><strong>ἐν</strong></span> 
     </span>
     <span class='ocr_line' id='line_1_39' title="bbox 1998 1272 2356 1324; baseline -0.003 -15"><span class='ocrx_word' id='word_1_268' title='bbox 1998 1273 2161 1324; x_wconf 77' lang='grc' dir='ltr'>ρχόμενος</span> <span class='ocrx_word' id='word_1_269' title='bbox 2188 1272 2245 1310; x_wconf 79' lang='grc' dir='ltr'><strong>τὸν</strong></span> <span class='ocrx_word' id='word_1_270' title='bbox 2266 1272 2356 1310; x_wconf 81' lang='grc' dir='ltr'>Θεὸν</span> 
     </span>
    </p>
   </div>
   <div class='ocr_carea' id='block_1_9' title="bbox 1333 1268 2357 1409">
    <p class='ocr_par' dir='ltr' id='par_1_10' title="bbox 1333 1268 2357 1409">
     <span class='ocr_line' id='line_1_40' title="bbox 1334 1268 1993 1325; baseline -0.002 -15"><span class='ocrx_word' id='word_1_271' title='bbox 1334 1273 1500 1325; x_wconf 74' lang='grc' dir='ltr'>ἀλλοτρίᾳ</span> <span class='ocrx_word' id='word_1_272' title='bbox 1517 1275 1561 1325; x_wconf 74' lang='grc' dir='ltr'>γῇ</span> <span class='ocrx_word' id='word_1_273' title='bbox 1580 1268 1634 1320; x_wconf 63' lang='grc' dir='ltr'><strong>ἦν.</strong></span> <span class='ocrx_word' id='word_1_274' title='bbox 1655 1273 1725 1310; x_wconf 76' lang='grc' dir='ltr'><strong>Καὶ</strong></span> <span class='ocrx_word' id='word_1_275' title='bbox 1752 1273 1786 1310; x_wconf 89' lang='grc' dir='ltr'><strong>τί</strong></span> <span class='ocrx_word' id='word_1_276' title='bbox 1818 1272 1945 1318; x_wconf 74' lang='grc' dir='ltr'>δήποτε</span> <span class='ocrx_word' id='word_1_277' title='bbox 1972 1273 1993 1308; x_wconf 78' lang='grc' dir='ltr'>ἀ</span> 
     </span>
     <span class='ocr_line' id='line_1_41' title="bbox 1333 1331 2357 1382; baseline 0.001 -12"><span class='ocrx_word' id='word_1_278' title='bbox 1333 1336 1396 1379; x_wconf 60' lang='grc' dir='ltr'><strong>τῆς</strong></span> <span class='ocrx_word' id='word_1_279' title='bbox 1417 1333 1515 1380; x_wconf 80' lang='grc' dir='ltr'>δόξης</span> <span class='ocrx_word' id='word_1_280' title='bbox 1535 1333 1624 1372; x_wconf 85' lang='grc' dir='ltr'>Θεὸν</span> <span class='ocrx_word' id='word_1_281' title='bbox 1645 1333 1830 1381; x_wconf 80' lang='grc' dir='ltr'>ἐκάλεσεν;</span> <span class='ocrx_word' id='word_1_282' title='bbox 1851 1331 1998 1379; x_wconf 78' lang='grc' dir='ltr'>Ἐπειδὴ</span> <span class='ocrx_word' id='word_1_283' title='bbox 2030 1331 2106 1375; x_wconf 77' lang='grc' dir='ltr'>τοὺς</span> <span class='ocrx_word' id='word_1_284' title='bbox 2126 1331 2269 1382; x_wconf 79' lang='grc' dir='ltr'>ἀτίμους</span> <span class='ocrx_word' id='word_1_285' title='bbox 2298 1335 2357 1371; x_wconf 77' lang='grc' dir='ltr'>εἶν-</span> 
     </span>
     <span class='ocr_line' id='line_1_42' title="bbox 1828 1393 2004 1409; baseline -0.006 -3"><span class='ocrx_word' id='word_1_286' title='bbox 1828 1395 1843 1409; x_wconf 58' lang='grc' dir='ltr'><strong>Ά</strong></span> <span class='ocrx_word' id='word_1_287' title='bbox 1862 1395 1877 1406; x_wconf 53' lang='grc' dir='ltr'><strong>Ν</strong></span> <span class='ocrx_word' id='word_1_288' title='bbox 1894 1393 1921 1406; x_wconf 60' lang='grc' dir='ltr'><strong>(γ</strong></span> <span class='ocrx_word' id='word_1_289' title='bbox 1990 1393 2004 1407; x_wconf 63' lang='lat' dir='ltr'><strong>U</strong></span> 
     </span>
    </p>
   </div>
   <div class='ocr_carea' id='block_1_10' title="bbox 1335 1392 2355 1445">
    <p class='ocr_par' dir='ltr' id='par_1_11' title="bbox 1335 1392 2355 1445">
     <span class='ocr_line' id='line_1_43' title="bbox 1335 1392 2355 1445; baseline -0.001 -13"><span class='ocrx_word' id='word_1_290' title='bbox 1335 1394 1450 1438; x_wconf 73' lang='grc' dir='ltr'>’δόξους</span> <span class='ocrx_word' id='word_1_291' title='bbox 1469 1394 1652 1441; x_wconf 84' lang='grc' dir='ltr'>πεποίηκε·</span> <span class='ocrx_word' id='word_1_292' title='bbox 1673 1394 1732 1432; x_wconf 83' lang='grc' dir='ltr'><strong>καὶ</strong></span> <span class='ocrx_word' id='word_1_293' title='bbox 1752 1393 1807 1431; x_wconf 84' lang='grc' dir='ltr'><strong>ῗνα</strong></span> <span class='ocrx_word' id='word_1_294' title='bbox 1824 1409 1964 1445; x_wconf 81' lang='grc' dir='ltr'>οιοαςῃ,</span> <span class='ocrx_word' id='word_1_295' title='bbox 1986 1409 2039 1430; x_wconf 88' lang='grc' dir='ltr'><strong>οτι</strong></span> <span class='ocrx_word' id='word_1_296' title='bbox 2067 1395 2096 1431; x_wconf 82' lang='grc' dir='ltr'><strong>εἰ</strong></span> <span class='ocrx_word' id='word_1_297' title='bbox 2113 1392 2260 1437; x_wconf 79' lang='grc' dir='ltr'>ἐκείνους</span> <span class='ocrx_word' id='word_1_298' title='bbox 2279 1393 2355 1431; x_wconf 79' lang='grc' dir='ltr'>ἐδό-</span> 
     </span>
    </p>
   </div>
   <div class='ocr_carea' id='block_1_11' title="bbox 1335 1454 2358 1508">
    <p class='ocr_par' dir='ltr' id='par_1_12' title="bbox 1335 1454 2358 1508">
     <span class='ocr_line' id='line_1_44' title="bbox 1335 1454 2358 1508; baseline -0.002 -14"><span class='ocrx_word' id='word_1_299' title='bbox 1335 1455 1414 1501; x_wconf 81' lang='grc' dir='ltr'>ξασε</span> <span class='ocrx_word' id='word_1_300' title='bbox 1428 1486 1437 1502; x_wconf 95' lang='grc'>,</span> <span class='ocrx_word' id='word_1_301' title='bbox 1454 1458 1573 1508; x_wconf 81' lang='grc' dir='ltr'>πολλῷ</span> <span class='ocrx_word' id='word_1_302' title='bbox 1599 1457 1731 1506; x_wconf 72' lang='grc' dir='ltr'>μᾶλλον</span> <span class='ocrx_word' id='word_1_303' title='bbox 1749 1454 1883 1498; x_wconf 78' lang='grc' dir='ltr'>αὐτούς.</span> <span class='ocrx_word' id='word_1_304' title='bbox 1900 1455 2007 1506; x_wconf 69' lang='grc' dir='ltr'>Ὁρᾷς</span> <span class='ocrx_word' id='word_1_305' title='bbox 2018 1485 2027 1502; x_wconf 88' lang='grc'>,</span> <span class='ocrx_word' id='word_1_306' title='bbox 2042 1458 2116 1498; x_wconf 79' lang='grc' dir='ltr'><strong>πῶς</strong></span> <span class='ocrx_word' id='word_1_307' title='bbox 2132 1454 2253 1498; x_wconf 74' lang='grc' dir='ltr'>αὐτοὺς</span> <span class='ocrx_word' id='word_1_308' title='bbox 2266 1455 2358 1493; x_wconf 82' lang='grc' dir='ltr'><strong>ἀπᾶ-</strong></span> 
     </span>
    </p>
   </div>
   <div class='ocr_carea' id='block_1_12' title="bbox 280 1514 2358 1569">
    <p class='ocr_par' dir='ltr' id='par_1_13' title="bbox 280 1514 2358 1569">
     <span class='ocr_line' id='line_1_45' title="bbox 280 1514 2358 1569; baseline -0.002 -14"><span class='ocrx_word' id='word_1_309' title='bbox 280 1518 563 1569; x_wconf 81' lang='lat' dir='ltr'><strong>glorificaturum</strong></span> <span class='ocrx_word' id='word_1_310' title='bbox 584 1530 669 1553; x_wconf 87' lang='lat' dir='ltr'><strong>esse.</strong></span> <span class='ocrx_word' id='word_1_311' title='bbox 686 1515 820 1554; x_wconf 67' lang='lat' dir='ltr'><strong>Viden&#39;</strong></span> <span class='ocrx_word' id='word_1_312' title='bbox 842 1514 1020 1565; x_wconf 87' lang='lat' dir='ltr'><strong>quomodo</strong></span> <span class='ocrx_word' id='word_1_313' title='bbox 1044 1514 1124 1552; x_wconf 90' lang='lat' dir='ltr'><strong>illos</strong></span> <span class='ocrx_word' id='word_1_314' title='bbox 1149 1528 1168 1551; x_wconf 89' lang='lat' dir='ltr'><strong>a</strong></span> <span class='ocrx_word' id='word_1_315' title='bbox 1192 1528 1387 1569; x_wconf 59' lang='grc' dir='ltr'>εοΓ-Πιγει</span> <span class='ocrx_word' id='word_1_316' title='bbox 1427 1520 1496 1555; x_wconf 77' lang='grc' dir='ltr'>τῶν</span> <span class='ocrx_word' id='word_1_317' title='bbox 1531 1519 1754 1568; x_wconf 57' lang='grc' dir='ltr'>σωματικῶν,</span> <span class='ocrx_word' id='word_1_318' title='bbox 1789 1516 1849 1554; x_wconf 70' lang='grc' dir='ltr'>καὶ</span> <span class='ocrx_word' id='word_1_319' title='bbox 1877 1516 1946 1554; x_wconf 75' lang='grc' dir='ltr'><strong>ἀπὸ</strong></span> <span class='ocrx_word' id='word_1_320' title='bbox 1978 1519 2037 1554; x_wconf 78' lang='grc' dir='ltr'><strong>τοῦ</strong></span> <span class='ocrx_word' id='word_1_321' title='bbox 2063 1515 2170 1554; x_wconf 80' lang='grc' dir='ltr'>τόπου</span> <span class='ocrx_word' id='word_1_322' title='bbox 2206 1518 2358 1567; x_wconf 75' lang='grc' dir='ltr'>πρῶτον,</span> 
     </span>
    </p>
   </div>
   <div class='ocr_carea' id='block_1_13' title="bbox 273 1574 1312 3149">
    <p class='ocr_par' dir='ltr' id='par_1_14' title="bbox 273 1574 1312 3149">
     <span class='ocr_line' id='line_1_46' title="bbox 280 1574 1312 1630; baseline -0.004 -14"><span class='ocrx_word' id='word_1_323' title='bbox 280 1578 396 1630; x_wconf 87' lang='lat' dir='ltr'><strong>poreis</strong></span> <span class='ocrx_word' id='word_1_324' title='bbox 425 1577 604 1625; x_wconf 87' lang='lat' dir='ltr'><strong>abducat,</strong></span> <span class='ocrx_word' id='word_1_325' title='bbox 621 1585 655 1614; x_wconf 91' lang='lat' dir='ltr'><strong>et</strong></span> <span class='ocrx_word' id='word_1_326' title='bbox 683 1590 704 1613; x_wconf 88' lang='lat' dir='ltr'><strong>a</strong></span> <span class='ocrx_word' id='word_1_327' title='bbox 724 1575 801 1613; x_wconf 88' lang='lat' dir='ltr'><strong>loco</strong></span> <span class='ocrx_word' id='word_1_328' title='bbox 821 1575 999 1627; x_wconf 80' lang='lat' dir='ltr'><strong>primum,</strong></span> <span class='ocrx_word' id='word_1_329' title='bbox 1019 1575 1100 1625; x_wconf 88' lang='lat' dir='ltr'><strong>quia</strong></span> <span class='ocrx_word' id='word_1_330' title='bbox 1127 1574 1171 1613; x_wconf 88' lang='lat' dir='ltr'><strong>de</strong></span> <span class='ocrx_word' id='word_1_331' title='bbox 1189 1575 1266 1612; x_wconf 88' lang='lat' dir='ltr'><strong>loco</strong></span> <span class='ocrx_word' id='word_1_332' title='bbox 1288 1579 1312 1607; x_wconf 76' lang='grc' dir='ltr'>Α</span> 
     </span>
     <span class='ocr_line' id='line_1_47' title="bbox 279 1635 1266 1691; baseline -0.005 -15"><span class='ocrx_word' id='word_1_333' title='bbox 279 1639 476 1691; x_wconf 70' lang='lat' dir='ltr'><strong>agebatur?</strong></span> <span class='ocrx_word' id='word_1_334' title='bbox 496 1639 605 1675; x_wconf 82' lang='lat' dir='ltr'><strong>Deus</strong></span> <span class='ocrx_word' id='word_1_335' title='bbox 619 1637 766 1689; x_wconf 70' lang='lat' dir='ltr'><strong>gloriae.</strong></span> <span class='ocrx_word' id='word_1_336' title='bbox 792 1635 832 1674; x_wconf 91' lang='lat' dir='ltr'><strong>Si</strong></span> <span class='ocrx_word' id='word_1_337' title='bbox 855 1637 952 1673; x_wconf 83' lang='lat' dir='ltr'><strong>Deus</strong></span> <span class='ocrx_word' id='word_1_338' title='bbox 971 1645 1022 1673; x_wconf 86' lang='lat' dir='ltr'><strong>est</strong></span> <span class='ocrx_word' id='word_1_339' title='bbox 1040 1635 1175 1686; x_wconf 83' lang='lat' dir='ltr'><strong>gloriae,</strong></span> <span class='ocrx_word' id='word_1_340' title='bbox 1200 1649 1266 1687; x_wconf 87' lang='lat' dir='ltr'><strong>pa-</strong></span> 
     </span>
     <span class='ocr_line' id='line_1_48' title="bbox 280 1695 1265 1749; baseline -0.005 -12"><span class='ocrx_word' id='word_1_341' title='bbox 280 1700 352 1738; x_wconf 83' lang='lat' dir='ltr'><strong>lam</strong></span> <span class='ocrx_word' id='word_1_342' title='bbox 373 1708 422 1737; x_wconf 86' lang='lat' dir='ltr'><strong>est</strong></span> <span class='ocrx_word' id='word_1_343' title='bbox 438 1699 543 1736; x_wconf 89' lang='lat' dir='ltr'><strong>illum</strong></span> <span class='ocrx_word' id='word_1_344' title='bbox 558 1712 627 1735; x_wconf 91' lang='lat' dir='ltr'><strong>non</strong></span> <span class='ocrx_word' id='word_1_345' title='bbox 647 1711 747 1749; x_wconf 87' lang='lat' dir='ltr'><strong>egere</strong></span> <span class='ocrx_word' id='word_1_346' title='bbox 766 1695 878 1748; x_wconf 90' lang='lat' dir='ltr'><strong>gloria</strong></span> <span class='ocrx_word' id='word_1_347' title='bbox 895 1705 1034 1745; x_wconf 87' lang='lat' dir='ltr'><strong>nostra,</strong></span> <span class='ocrx_word' id='word_1_348' title='bbox 1056 1709 1168 1746; x_wconf 90' lang='lat' dir='ltr'><strong>neque</strong></span> <span class='ocrx_word' id='word_1_349' title='bbox 1189 1695 1265 1747; x_wconf 90' lang='lat' dir='ltr'><strong>glo-</strong></span> 
     </span>
     <span class='ocr_line' id='line_1_49' title="bbox 278 1759 1264 1814; baseline -0.004 -13"><span class='ocrx_word' id='word_1_350' title='bbox 278 1763 331 1801; x_wconf 87' lang='lat' dir='ltr'><strong>ria</strong></span> <span class='ocrx_word' id='word_1_351' title='bbox 349 1762 496 1814; x_wconf 67' lang='lat' dir='ltr'><strong>templi,</strong></span> <span class='ocrx_word' id='word_1_352' title='bbox 513 1761 589 1813; x_wconf 87' lang='lat' dir='ltr'><strong>ipse</strong></span> <span class='ocrx_word' id='word_1_353' title='bbox 607 1774 760 1810; x_wconf 83' lang='lat' dir='ltr'><strong>namque</strong></span> <span class='ocrx_word' id='word_1_354' title='bbox 778 1768 829 1797; x_wconf 89' lang='lat' dir='ltr'><strong>est</strong></span> <span class='ocrx_word' id='word_1_355' title='bbox 849 1759 969 1810; x_wconf 86' lang='lat' dir='ltr'><strong>gloriae</strong></span> <span class='ocrx_word' id='word_1_356' title='bbox 994 1759 1085 1796; x_wconf 86' lang='lat' dir='ltr'><strong>fons.</strong></span> <span class='ocrx_word' id='word_1_357' title='bbox 1107 1759 1160 1796; x_wconf 88' lang='lat' dir='ltr'><strong>Ne</strong></span> <span class='ocrx_word' id='word_1_358' title='bbox 1180 1772 1264 1810; x_wconf 86' lang='lat' dir='ltr'><strong>ergo</strong></span> 
     </span>
     <span class='ocr_line' id='line_1_50' title="bbox 281 1819 1264 1875; baseline -0.006 -13"><span class='ocrx_word' id='word_1_359' title='bbox 281 1824 410 1875; x_wconf 90' lang='lat' dir='ltr'><strong>putetis</strong></span> <span class='ocrx_word' id='word_1_360' title='bbox 432 1837 493 1860; x_wconf 80' lang='lat' dir='ltr'><strong>vos</strong></span> <span class='ocrx_word' id='word_1_361' title='bbox 518 1823 569 1860; x_wconf 85' lang='lat' dir='ltr'><strong>sic</strong></span> <span class='ocrx_word' id='word_1_362' title='bbox 587 1822 692 1859; x_wconf 88' lang='lat' dir='ltr'><strong>illum</strong></span> <span class='ocrx_word' id='word_1_363' title='bbox 717 1820 977 1871; x_wconf 83' lang='lat' dir='ltr'><strong>glorificaturos</strong></span> <span class='ocrx_word' id='word_1_364' title='bbox 1001 1833 1086 1857; x_wconf 87' lang='lat' dir='ltr'><strong>esse.</strong></span> <span class='ocrx_word' id='word_1_365' title='bbox 1112 1819 1160 1857; x_wconf 90' lang='lat' dir='ltr'><strong>Et</strong></span> <span class='ocrx_word' id='word_1_366' title='bbox 1181 1833 1264 1869; x_wconf 87' lang='lat' dir='ltr'><strong>cur,</strong></span> 
     </span>
     <span class='ocr_line' id='line_1_51' title="bbox 277 1879 1266 1934; baseline -0.005 -13"><span class='ocrx_word' id='word_1_367' title='bbox 277 1884 428 1934; x_wconf 77' lang='lat' dir='ltr'><strong>inquies,</strong></span> <span class='ocrx_word' id='word_1_368' title='bbox 450 1883 518 1920; x_wconf 89' lang='lat' dir='ltr'><strong>hoc</strong></span> <span class='ocrx_word' id='word_1_369' title='bbox 541 1882 726 1933; x_wconf 84' lang='lat' dir='ltr'><strong>Scriptura</strong></span> <span class='ocrx_word' id='word_1_370' title='bbox 745 1880 791 1917; x_wconf 89' lang='lat' dir='ltr'><strong>de</strong></span> <span class='ocrx_word' id='word_1_371' title='bbox 812 1879 1014 1917; x_wconf 73' lang='lat' dir='ltr'><strong>Abrahamo</strong></span> <span class='ocrx_word' id='word_1_372' title='bbox 1034 1879 1150 1916; x_wconf 75' lang='lat' dir='ltr'><strong>dicit?</strong></span> <span class='ocrx_word' id='word_1_373' title='bbox 1170 1879 1266 1927; x_wconf 84' lang='lat' dir='ltr'><strong>Quia</strong></span> 
     </span>
     <span class='ocr_line' id='line_1_52' title="bbox 276 1942 1266 1988; baseline -0.003 -5"><span class='ocrx_word' id='word_1_374' title='bbox 276 1946 393 1984; x_wconf 85' lang='lat' dir='ltr'><strong>minus</strong></span> <span class='ocrx_word' id='word_1_375' title='bbox 413 1944 605 1983; x_wconf 88' lang='lat' dir='ltr'><strong>necessaria</strong></span> <span class='ocrx_word' id='word_1_376' title='bbox 627 1958 697 1981; x_wconf 91' lang='lat' dir='ltr'><strong>non</strong></span> <span class='ocrx_word' id='word_1_377' title='bbox 716 1943 831 1981; x_wconf 88' lang='lat' dir='ltr'><strong>refert.</strong></span> <span class='ocrx_word' id='word_1_378' title='bbox 854 1942 961 1988; x_wconf 87' lang='lat' dir='ltr'><strong>Quod</strong></span> <span class='ocrx_word' id='word_1_379' title='bbox 980 1942 1074 1979; x_wconf 89' lang='lat' dir='ltr'><strong>enim</strong></span> <span class='ocrx_word' id='word_1_380' title='bbox 1094 1942 1183 1979; x_wconf 89' lang='lat' dir='ltr'><strong>scire</strong></span> <span class='ocrx_word' id='word_1_381' title='bbox 1202 1956 1266 1980; x_wconf 89' lang='lat' dir='ltr'><strong>nos</strong></span> 
     </span>
     <span class='ocr_line' id='line_1_53' title="bbox 276 2002 1264 2059; baseline -0.006 -14"><span class='ocrx_word' id='word_1_382' title='bbox 276 2006 503 2059; x_wconf 78' lang='lat' dir='ltr'><strong>expediebat,</strong></span> <span class='ocrx_word' id='word_1_383' title='bbox 516 2006 583 2043; x_wconf 91' lang='lat' dir='ltr'><strong>hoc</strong></span> <span class='ocrx_word' id='word_1_384' title='bbox 596 2005 711 2042; x_wconf 86' lang='lat' dir='ltr'><strong>solum</strong></span> <span class='ocrx_word' id='word_1_385' title='bbox 730 2018 793 2041; x_wconf 91' lang='lat' dir='ltr'><strong>nos</strong></span> <span class='ocrx_word' id='word_1_386' title='bbox 808 2003 944 2053; x_wconf 88' lang='lat' dir='ltr'><strong>docuit,</strong></span> <span class='ocrx_word' id='word_1_387' title='bbox 963 2002 1058 2053; x_wconf 86' lang='lat' dir='ltr'><strong>quod</strong></span> <span class='ocrx_word' id='word_1_388' title='bbox 1078 2002 1203 2041; x_wconf 86' lang='lat' dir='ltr'><strong>videns</strong></span> <span class='ocrx_word' id='word_1_389' title='bbox 1219 2003 1264 2039; x_wconf 87' lang='lat' dir='ltr'><strong>fi-</strong></span> 
     </span>
     <span class='ocr_line' id='line_1_54' title="bbox 278 2063 1266 2117; baseline -0.005 -11"><span class='ocrx_word' id='word_1_390' title='bbox 278 2069 368 2106; x_wconf 85' lang='lat' dir='ltr'><strong>lium</strong></span> <span class='ocrx_word' id='word_1_391' title='bbox 381 2083 462 2106; x_wconf 86' lang='lat' dir='ltr'><strong>cum</strong></span> <span class='ocrx_word' id='word_1_392' title='bbox 475 2068 536 2105; x_wconf 85' lang='lat' dir='ltr'><strong>illo</strong></span> <span class='ocrx_word' id='word_1_393' title='bbox 546 2066 733 2117; x_wconf 79' lang='lat' dir='ltr'><strong>migravit3</strong></span> <span class='ocrx_word' id='word_1_394' title='bbox 744 2075 870 2103; x_wconf 86' lang='lat' dir='ltr'><strong>caetera</strong></span> <span class='ocrx_word' id='word_1_395' title='bbox 882 2079 966 2103; x_wconf 75' lang='lat' dir='ltr'><strong>vero</strong></span> <span class='ocrx_word' id='word_1_396' title='bbox 981 2064 1108 2112; x_wconf 83' lang='lat' dir='ltr'><strong>tacuit,</strong></span> <span class='ocrx_word' id='word_1_397' title='bbox 1117 2079 1156 2102; x_wconf 90' lang='lat' dir='ltr'><strong>eo</strong></span> <span class='ocrx_word' id='word_1_398' title='bbox 1169 2063 1266 2115; x_wconf 89' lang='lat' dir='ltr'><strong>quod</strong></span> 
     </span>
     <span class='ocr_line' id='line_1_55' title="bbox 277 2126 1264 2179; baseline -0.006 -11"><span class='ocrx_word' id='word_1_399' title='bbox 277 2131 346 2168; x_wconf 90' lang='lat' dir='ltr'><strong>cito</strong></span> <span class='ocrx_word' id='word_1_400' title='bbox 364 2139 524 2167; x_wconf 84' lang='lat' dir='ltr'><strong>mortuus</strong></span> <span class='ocrx_word' id='word_1_401' title='bbox 540 2129 585 2166; x_wconf 89' lang='lat' dir='ltr'><strong>sit</strong></span> <span class='ocrx_word' id='word_1_402' title='bbox 597 2136 784 2179; x_wconf 86' lang='lat' dir='ltr'><strong>postquam</strong></span> <span class='ocrx_word' id='word_1_403' title='bbox 800 2126 1023 2163; x_wconf 77' lang='lat' dir='ltr'><strong>habitaverat</strong></span> <span class='ocrx_word' id='word_1_404' title='bbox 1038 2126 1075 2162; x_wconf 90' lang='lat' dir='ltr'><strong>in</strong></span> <span class='ocrx_word' id='word_1_405' title='bbox 1093 2126 1264 2163; x_wconf 88' lang='lat' dir='ltr'><strong>Charran.</strong></span> 
     </span>
     <span class='ocr_line' id='line_1_56' title="bbox 276 2185 1262 2241; baseline -0.006 -13"><span class='ocrx_word' id='word_1_406' title='bbox 276 2193 356 2228; x_wconf 67' lang='lat' dir='ltr'><strong>Em·</strong></span> <span class='ocrx_word' id='word_1_407' title='bbox 377 2192 424 2228; x_wconf 86' lang='lat' dir='ltr'><strong>de</strong></span> <span class='ocrx_word' id='word_1_408' title='bbox 448 2191 678 2241; x_wconf 80' lang='lat' dir='ltr'><strong>cognatione</strong></span> <span class='ocrx_word' id='word_1_409' title='bbox 707 2196 788 2224; x_wconf 82' lang='lat' dir='ltr'><strong>tua.</strong></span> <span class='ocrx_word' id='word_1_410' title='bbox 821 2187 890 2223; x_wconf 89' lang='lat' dir='ltr'><strong>Hic</strong></span> <span class='ocrx_word' id='word_1_411' title='bbox 916 2185 1069 2223; x_wconf 87' lang='lat' dir='ltr'><strong>ostendit</strong></span> <span class='ocrx_word' id='word_1_412' title='bbox 1097 2185 1161 2223; x_wconf 90' lang='lat' dir='ltr'><strong>hos</strong></span> <span class='ocrx_word' id='word_1_413' title='bbox 1192 2199 1262 2223; x_wconf 92' lang='lat' dir='ltr'><strong>non</strong></span> 
     </span>
     <span class='ocr_line' id='line_1_57' title="bbox 274 2248 1264 2298; baseline -0.006 -6"><span class='ocrx_word' id='word_1_414' title='bbox 274 2268 346 2291; x_wconf 87' lang='lat' dir='ltr'><strong>esse</strong></span> <span class='ocrx_word' id='word_1_415' title='bbox 364 2253 457 2290; x_wconf 88' lang='lat' dir='ltr'><strong>filios</strong></span> <span class='ocrx_word' id='word_1_416' title='bbox 473 2251 635 2288; x_wconf 71' lang='lat' dir='ltr'><strong>Abrahae.</strong></span> <span class='ocrx_word' id='word_1_417' title='bbox 647 2248 860 2296; x_wconf 70' lang='lat' dir='ltr'><strong>Quomodo?</strong></span> <span class='ocrx_word' id='word_1_418' title='bbox 873 2248 967 2294; x_wconf 81' lang='lat' dir='ltr'><strong>Quia</strong></span> <span class='ocrx_word' id='word_1_419' title='bbox 982 2248 1043 2285; x_wconf 90' lang='lat' dir='ltr'><strong>ille</strong></span> <span class='ocrx_word' id='word_1_420' title='bbox 1069 2248 1264 2298; x_wconf 87' lang='lat' dir='ltr'><strong>obsequens</strong></span> 
     </span>
     <span class='ocr_line' id='line_1_58' title="bbox 274 2309 1260 2363; baseline -0.006 -12"><span class='ocrx_word' id='word_1_421' title='bbox 274 2324 368 2363; x_wconf 86' lang='lat' dir='ltr'><strong>crat,</strong></span> <span class='ocrx_word' id='word_1_422' title='bbox 386 2313 426 2351; x_wconf 89' lang='lat' dir='ltr'><strong>hi</strong></span> <span class='ocrx_word' id='word_1_423' title='bbox 445 2321 563 2350; x_wconf 88' lang='lat' dir='ltr'><strong>autem</strong></span> <span class='ocrx_word' id='word_1_424' title='bbox 584 2311 809 2363; x_wconf 71' lang='lat' dir='ltr'><strong>pervicaces3</strong></span> <span class='ocrx_word' id='word_1_425' title='bbox 830 2309 901 2346; x_wconf 84' lang='lat' dir='ltr'><strong>imo</strong></span> <span class='ocrx_word' id='word_1_426' title='bbox 920 2323 965 2346; x_wconf 80' lang='lat' dir='ltr'><strong>ex</strong></span> <span class='ocrx_word' id='word_1_427' title='bbox 984 2309 1028 2346; x_wconf 90' lang='lat' dir='ltr'><strong>iis</strong></span> <span class='ocrx_word' id='word_1_428' title='bbox 1043 2322 1122 2359; x_wconf 81' lang='lat' dir='ltr'><strong>quae</strong></span> <span class='ocrx_word' id='word_1_429' title='bbox 1140 2309 1260 2360; x_wconf 89' lang='lat' dir='ltr'><strong>jussus</strong></span> 
     </span>
     <span class='ocr_line' id='line_1_59' title="bbox 273 2369 1257 2422; baseline -0.006 -9"><span class='ocrx_word' id='word_1_430' title='bbox 273 2376 358 2413; x_wconf 84' lang='lat' dir='ltr'><strong>facit</strong></span> <span class='ocrx_word' id='word_1_431' title='bbox 376 2374 561 2417; x_wconf 85' lang='lat' dir='ltr'><strong>discimus,</strong></span> <span class='ocrx_word' id='word_1_432' title='bbox 583 2373 687 2409; x_wconf 86' lang='lat' dir='ltr'><strong>illum</strong></span> <span class='ocrx_word' id='word_1_433' title='bbox 709 2370 853 2422; x_wconf 88' lang='lat' dir='ltr'><strong>quidem</strong></span> <span class='ocrx_word' id='word_1_434' title='bbox 871 2370 1010 2407; x_wconf 86' lang='lat' dir='ltr'><strong>labores</strong></span> <span class='ocrx_word' id='word_1_435' title='bbox 1035 2369 1257 2419; x_wconf 86' lang='lat' dir='ltr'><strong>sustinuisse,</strong></span> 
     </span>
     <span class='ocr_line' id='line_1_60' title="bbox 273 2430 1259 2484; baseline -0.007 -11"><span class='ocrx_word' id='word_1_436' title='bbox 273 2437 338 2474; x_wconf 90' lang='lat' dir='ltr'><strong>hos</strong></span> <span class='ocrx_word' id='word_1_437' title='bbox 345 2450 428 2475; x_wconf 71' lang='lat' dir='ltr'><strong>vero</strong></span> <span class='ocrx_word' id='word_1_438' title='bbox 440 2436 576 2472; x_wconf 83' lang='lat' dir='ltr'><strong>fructus</strong></span> <span class='ocrx_word' id='word_1_439' title='bbox 586 2433 784 2484; x_wconf 87' lang='lat' dir='ltr'><strong>decerpere,</strong></span> <span class='ocrx_word' id='word_1_440' title='bbox 794 2440 827 2468; x_wconf 90' lang='lat' dir='ltr'><strong>et</strong></span> <span class='ocrx_word' id='word_1_441' title='bbox 837 2430 1079 2483; x_wconf 82' lang='lat' dir='ltr'><strong>progenitores</strong></span> <span class='ocrx_word' id='word_1_442' title='bbox 1092 2444 1212 2468; x_wconf 87' lang='lat' dir='ltr'><strong>omnes</strong></span> <span class='ocrx_word' id='word_1_443' title='bbox 1223 2430 1259 2467; x_wconf 91' lang='lat' dir='ltr'><strong>in</strong></span> 
     </span>
     <span class='ocr_line' id='line_1_61' title="bbox 275 2491 1258 2543; baseline -0.007 -9"><span class='ocrx_word' id='word_1_444' title='bbox 275 2496 442 2534; x_wconf 78' lang='lat' dir='ltr'><strong>aemmnis</strong></span> <span class='ocrx_word' id='word_1_445' title='bbox 472 2495 594 2532; x_wconf 88' lang='lat' dir='ltr'><strong>fuisse.</strong></span> <span class='ocrx_word' id='word_1_446' title='bbox 614 2495 652 2532; x_wconf 72' lang='lat'><strong>4.</strong></span> <span class='ocrx_word' id='word_1_447' title='bbox 677 2494 731 2530; x_wconf 89' lang='lat' dir='ltr'><strong>Et</strong></span> <span class='ocrx_word' id='word_1_448' title='bbox 752 2505 922 2543; x_wconf 78' lang='lat' dir='ltr'><strong>egressus</strong></span> <span class='ocrx_word' id='word_1_449' title='bbox 942 2492 990 2528; x_wconf 84' lang='lat' dir='ltr'><strong>de</strong></span> <span class='ocrx_word' id='word_1_450' title='bbox 1010 2499 1112 2528; x_wconf 75' lang='lat' dir='ltr'><strong>terra</strong></span> <span class='ocrx_word' id='word_1_451' title='bbox 1134 2491 1258 2528; x_wconf 79' lang='lat' dir='ltr'><strong>Chal-</strong></span> 
     </span>
     <span class='ocr_line' id='line_1_62' title="bbox 274 2552 1260 2603; baseline -0.007 -8"><span class='ocrx_word' id='word_1_452' title='bbox 274 2559 456 2603; x_wconf 79' lang='lat' dir='ltr'><strong>doeorum,</strong></span> <span class='ocrx_word' id='word_1_453' title='bbox 482 2556 675 2593; x_wconf 80' lang='lat' dir='ltr'><strong>habitavit</strong></span> <span class='ocrx_word' id='word_1_454' title='bbox 698 2556 739 2591; x_wconf 87' lang='lat' dir='ltr'><strong>in</strong></span> <span class='ocrx_word' id='word_1_455' title='bbox 755 2554 937 2591; x_wconf 76' lang='lat' dir='ltr'><strong>Charran</strong></span> <span class='ocrx_word' id='word_1_456' title='bbox 953 2560 1012 2589; x_wconf 84' lang='lat' dir='ltr'><strong>:et</strong></span> <span class='ocrx_word' id='word_1_457' title='bbox 1041 2552 1131 2588; x_wconf 83' lang='lat' dir='ltr'><strong>inde</strong></span> <span class='ocrx_word' id='word_1_458' title='bbox 1156 2559 1260 2602; x_wconf 80' lang='lat' dir='ltr'><strong>post-</strong></span> 
     </span>
     <span class='ocr_line' id='line_1_63' title="bbox 274 2612 1261 2669; baseline -0.007 -14"><span class='ocrx_word' id='word_1_459' title='bbox 274 2632 392 2669; x_wconf 81' lang='lat' dir='ltr'><strong>quam</strong></span> <span class='ocrx_word' id='word_1_460' title='bbox 426 2625 597 2654; x_wconf 83' lang='lat' dir='ltr'><strong>mortuus</strong></span> <span class='ocrx_word' id='word_1_461' title='bbox 626 2623 683 2652; x_wconf 80' lang='lat' dir='ltr'><strong>est</strong></span> <span class='ocrx_word' id='word_1_462' title='bbox 711 2621 825 2665; x_wconf 81' lang='lat' dir='ltr'><strong>pater</strong></span> <span class='ocrx_word' id='word_1_463' title='bbox 857 2614 953 2665; x_wconf 79' lang='lat' dir='ltr'><strong>ejus,</strong></span> <span class='ocrx_word' id='word_1_464' title='bbox 984 2612 1185 2649; x_wconf 82' lang='lat' dir='ltr'><strong>transtulit</strong></span> <span class='ocrx_word' id='word_1_465' title='bbox 1211 2612 1261 2649; x_wconf 78' lang='lat' dir='ltr'><strong>il-</strong></span> 
     </span>
     <span class='ocr_line' id='line_1_64' title="bbox 275 2674 1260 2725; baseline -0.005 -9"><span class='ocrx_word' id='word_1_466' title='bbox 275 2680 357 2717; x_wconf 85' lang='lat' dir='ltr'><strong>lum</strong></span> <span class='ocrx_word' id='word_1_467' title='bbox 385 2680 426 2715; x_wconf 86' lang='lat' dir='ltr'><strong>in</strong></span> <span class='ocrx_word' id='word_1_468' title='bbox 455 2686 598 2715; x_wconf 82' lang='lat' dir='ltr'><strong>terram</strong></span> <span class='ocrx_word' id='word_1_469' title='bbox 631 2678 761 2724; x_wconf 85' lang='lat' dir='ltr'><strong>istam,</strong></span> <span class='ocrx_word' id='word_1_470' title='bbox 792 2676 835 2710; x_wconf 86' lang='lat' dir='ltr'><strong>in</strong></span> <span class='ocrx_word' id='word_1_471' title='bbox 863 2686 942 2725; x_wconf 79' lang='lat' dir='ltr'><strong>qua</strong></span> <span class='ocrx_word' id='word_1_472' title='bbox 973 2685 1075 2710; x_wconf 78' lang='lat' dir='ltr'><strong>nunc</strong></span> <span class='ocrx_word' id='word_1_473' title='bbox 1094 2686 1165 2710; x_wconf 79' lang='lat' dir='ltr'><strong>vos</strong></span> <span class='ocrx_word' id='word_1_474' title='bbox 1190 2674 1260 2711; x_wconf 80' lang='lat' dir='ltr'><strong>ha-</strong></span> 
     </span>
     <span class='ocr_line' id='line_1_65' title="bbox 276 2735 1260 2781; baseline -0.007 -4"><span class='ocrx_word' id='word_1_475' title='bbox 276 2742 408 2777; x_wconf 82' lang='lat' dir='ltr'><strong>bitatis</strong></span> <span class='ocrx_word' id='word_1_476' title='bbox 426 2754 436 2774; x_wconf 92' lang='lat'><strong>.·</strong></span> <span class='ocrx_word' id='word_1_477' title='bbox 452 2739 486 2776; x_wconf 85' lang='lat'><strong>5.</strong></span> <span class='ocrx_word' id='word_1_478' title='bbox 508 2746 544 2776; x_wconf 82' lang='lat' dir='ltr'><strong>et</strong></span> <span class='ocrx_word' id='word_1_479' title='bbox 565 2751 643 2774; x_wconf 86' lang='lat' dir='ltr'><strong>non</strong></span> <span class='ocrx_word' id='word_1_480' title='bbox 664 2736 767 2773; x_wconf 84' lang='lat' dir='ltr'><strong>dedit</strong></span> <span class='ocrx_word' id='word_1_481' title='bbox 783 2735 844 2772; x_wconf 84' lang='lat' dir='ltr'><em>illi</em></span> <span class='ocrx_word' id='word_1_482' title='bbox 861 2735 1127 2772; x_wconf 61' lang='lat' dir='ltr'><strong>haereditatem</strong></span> <span class='ocrx_word' id='word_1_483' title='bbox 1145 2736 1185 2771; x_wconf 85' lang='lat' dir='ltr'><strong>in</strong></span> <span class='ocrx_word' id='word_1_484' title='bbox 1201 2747 1260 2781; x_wconf 83' lang='lat' dir='ltr'><strong>ea,</strong></span> 
     </span>
     <span class='ocr_line' id='line_1_66' title="bbox 276 2794 1260 2852; baseline -0.007 -14"><span class='ocrx_word' id='word_1_485' title='bbox 276 2814 397 2852; x_wconf 83' lang='lat' dir='ltr'><strong>neque</strong></span> <span class='ocrx_word' id='word_1_486' title='bbox 416 2812 574 2851; x_wconf 81' lang='lat' dir='ltr'><strong>passum</strong></span> <span class='ocrx_word' id='word_1_487' title='bbox 589 2798 708 2849; x_wconf 83' lang='lat' dir='ltr'><strong>pedis.</strong></span> <span class='ocrx_word' id='word_1_488' title='bbox 725 2795 832 2843; x_wconf 72' lang='lat' dir='ltr'><strong>Vide,</strong></span> <span class='ocrx_word' id='word_1_489' title='bbox 848 2794 1028 2846; x_wconf 88' lang='lat' dir='ltr'><strong>quomodo</strong></span> <span class='ocrx_word' id='word_1_490' title='bbox 1045 2794 1125 2832; x_wconf 89' lang='lat' dir='ltr'><strong>illos</strong></span> <span class='ocrx_word' id='word_1_491' title='bbox 1136 2809 1155 2832; x_wconf 90' lang='lat' dir='ltr'><strong>a</strong></span> <span class='ocrx_word' id='word_1_492' title='bbox 1170 2803 1260 2832; x_wconf 85' lang='lat' dir='ltr'><strong>terra</strong></span> 
     </span>
     <span class='ocr_line' id='line_1_67' title="bbox 277 2854 1259 2905; baseline -0.008 -6"><span class='ocrx_word' id='word_1_493' title='bbox 277 2861 442 2899; x_wconf 86' lang='lat' dir='ltr'><strong>abducat.</strong></span> <span class='ocrx_word' id='word_1_494' title='bbox 461 2861 540 2898; x_wconf 83' lang='lat' dir='ltr'><strong>Non</strong></span> <span class='ocrx_word' id='word_1_495' title='bbox 557 2857 651 2895; x_wconf 80' lang='lat' dir='ltr'><strong>dixit</strong></span> <span class='ocrx_word' id='word_1_496' title='bbox 669 2856 777 2905; x_wconf 88' lang='lat' dir='ltr'><strong>enim,</strong></span> <span class='ocrx_word' id='word_1_497' title='bbox 791 2855 903 2893; x_wconf 88' lang='lat' dir='ltr'><strong>Dabit</strong></span> <span class='ocrx_word' id='word_1_498' title='bbox 913 2871 924 2905; x_wconf 79' lang='lat'><em>3</em></span> <span class='ocrx_word' id='word_1_499' title='bbox 941 2854 1015 2903; x_wconf 83' lang='lat' dir='ltr'><strong>sed,</strong></span> <span class='ocrx_word' id='word_1_500' title='bbox 1030 2856 1118 2892; x_wconf 79' lang='lat' dir='ltr'><strong>Non</strong></span> <span class='ocrx_word' id='word_1_501' title='bbox 1139 2856 1259 2905; x_wconf 76' lang='lat' dir='ltr'><strong>dedic,</strong></span> 
     </span>
     <span class='ocr_line' id='line_1_68' title="bbox 275 2916 1262 2968; baseline -0.007 -7"><span class='ocrx_word' id='word_1_502' title='bbox 275 2923 457 2961; x_wconf 85' lang='lat' dir='ltr'><strong>declarans</strong></span> <span class='ocrx_word' id='word_1_503' title='bbox 467 2920 586 2959; x_wconf 90' lang='lat' dir='ltr'><strong>omnia</strong></span> <span class='ocrx_word' id='word_1_504' title='bbox 601 2918 734 2967; x_wconf 83' lang='lat' dir='ltr'><strong>abillo,</strong></span> <span class='ocrx_word' id='word_1_505' title='bbox 750 2917 842 2955; x_wconf 86' lang='lat' dir='ltr'><strong>nihil</strong></span> <span class='ocrx_word' id='word_1_506' title='bbox 858 2918 903 2954; x_wconf 93' lang='lat' dir='ltr'><strong>ab</strong></span> <span class='ocrx_word' id='word_1_507' title='bbox 918 2917 1004 2968; x_wconf 87' lang='lat' dir='ltr'><strong>ipsis</strong></span> <span class='ocrx_word' id='word_1_508' title='bbox 1019 2916 1137 2954; x_wconf 89' lang='lat' dir='ltr'><strong>fuisse.</strong></span> <span class='ocrx_word' id='word_1_509' title='bbox 1152 2917 1262 2956; x_wconf 87' lang='lat' dir='ltr'><strong>Venit</strong></span> 
     </span>
     <span class='ocr_line' id='line_1_69' title="bbox 277 2978 1259 3032; baseline -0.006 -10"><span class='ocrx_word' id='word_1_510' title='bbox 277 2984 371 3021; x_wconf 84' lang='lat' dir='ltr'><strong>enim</strong></span> <span class='ocrx_word' id='word_1_511' title='bbox 396 2983 517 3021; x_wconf 89' lang='lat' dir='ltr'><strong>relicta</strong></span> <span class='ocrx_word' id='word_1_512' title='bbox 546 2979 751 3032; x_wconf 81' lang='lat' dir='ltr'><strong>cognatione</strong></span> <span class='ocrx_word' id='word_1_513' title='bbox 777 2988 811 3016; x_wconf 88' lang='lat' dir='ltr'><strong>et</strong></span> <span class='ocrx_word' id='word_1_514' title='bbox 837 2978 964 3030; x_wconf 83' lang='lat' dir='ltr'><strong>patria.</strong></span> <span class='ocrx_word' id='word_1_515' title='bbox 989 2979 1062 3015; x_wconf 87' lang='lat' dir='ltr'><strong>Cur</strong></span> <span class='ocrx_word' id='word_1_516' title='bbox 1090 2991 1173 3029; x_wconf 88' lang='lat' dir='ltr'><strong>ergo</strong></span> <span class='ocrx_word' id='word_1_517' title='bbox 1192 2991 1259 3016; x_wconf 92' lang='lat' dir='ltr'><strong>non</strong></span> 
     </span>
     <span class='ocr_line' id='line_1_70' title="bbox 277 3038 1310 3093; baseline -0.005 -11"><span class='ocrx_word' id='word_1_518' title='bbox 277 3044 398 3082; x_wconf 76' lang='lat' dir='ltr'><strong>dedit?</strong></span> <span class='ocrx_word' id='word_1_519' title='bbox 422 3043 514 3090; x_wconf 91' lang='lat' dir='ltr'><strong>Quia</strong></span> <span class='ocrx_word' id='word_1_520' title='bbox 533 3042 650 3093; x_wconf 82' lang='lat' dir='ltr'><strong>figura</strong></span> <span class='ocrx_word' id='word_1_521' title='bbox 671 3048 745 3078; x_wconf 84' lang='lat' dir='ltr'><strong>erat</strong></span> <span class='ocrx_word' id='word_1_522' title='bbox 768 3038 913 3076; x_wconf 87' lang='lat' dir='ltr'><strong>alterius</strong></span> <span class='ocrx_word' id='word_1_523' title='bbox 929 3047 1033 3076; x_wconf 88' lang='lat' dir='ltr'><strong>terrae</strong></span> <span class='ocrx_word' id='word_1_524' title='bbox 1050 3052 1157 3088; x_wconf 88' lang='lat' dir='ltr'><strong>quam</strong></span> <span class='ocrx_word' id='word_1_525' title='bbox 1177 3052 1262 3090; x_wconf 85' lang='lat' dir='ltr'><strong>pro-</strong></span> <span class='ocrx_word' id='word_1_526' title='bbox 1286 3046 1310 3077; x_wconf 83' lang='lat' dir='ltr'><strong>C.</strong></span> 
     </span>
     <span class='ocr_line' id='line_1_71' title="bbox 279 3098 1260 3149; baseline -0.006 -6"><span class='ocrx_word' id='word_1_527' title='bbox 279 3105 374 3143; x_wconf 81' lang='lat' dir='ltr'><strong>niisit</strong></span> <span class='ocrx_word' id='word_1_528' title='bbox 393 3118 428 3142; x_wconf 92' lang='lat' dir='ltr'><strong>se</strong></span> <span class='ocrx_word' id='word_1_529' title='bbox 445 3103 498 3142; x_wconf 86' lang='lat' dir='ltr'><strong>illi</strong></span> <span class='ocrx_word' id='word_1_530' title='bbox 513 3102 695 3141; x_wconf 84' lang='lat' dir='ltr'><strong>daturum.</strong></span> <span class='ocrx_word' id='word_1_531' title='bbox 715 3098 842 3149; x_wconf 86' lang='lat' dir='ltr'><strong>Vides,</strong></span> <span class='ocrx_word' id='word_1_532' title='bbox 863 3112 945 3137; x_wconf 90' lang='lat' dir='ltr'><strong>eum</strong></span> <span class='ocrx_word' id='word_1_533' title='bbox 964 3112 1034 3136; x_wconf 91' lang='lat' dir='ltr'><strong>non</strong></span> <span class='ocrx_word' id='word_1_534' title='bbox 1052 3100 1126 3136; x_wconf 89' lang='lat' dir='ltr'><strong>sine</strong></span> <span class='ocrx_word' id='word_1_535' title='bbox 1156 3112 1260 3137; x_wconf 86' lang='lat' dir='ltr'><strong>causa</strong></span> 
     </span>
    </p>
   </div>
   <div class='ocr_carea' id='block_1_14' title="bbox 322 3234 1282 3281">
    <p class='ocr_par' dir='ltr' id='par_1_15' title="bbox 322 3234 1282 3281">
     <span class='ocr_line' id='line_1_72' title="bbox 322 3234 1282 3281; baseline -0.005 -9"><span class='ocrx_word' id='word_1_536' title='bbox 322 3242 337 3265; x_wconf 84' lang='lat' dir='ltr'><strong>b</strong></span> <span class='ocrx_word' id='word_1_537' title='bbox 355 3240 530 3272; x_wconf 84' lang='lat' dir='ltr'><strong>Familiare</strong></span> <span class='ocrx_word' id='word_1_538' title='bbox 545 3246 594 3271; x_wconf 82' lang='lat' dir='ltr'><strong>est</strong></span> <span class='ocrx_word' id='word_1_539' title='bbox 610 3237 852 3281; x_wconf 86' lang='lat' dir='ltr'><strong>Chrysostomo</strong></span> <span class='ocrx_word' id='word_1_540' title='bbox 867 3234 1049 3268; x_wconf 83' lang='lat' dir='ltr'><strong>Orientales</strong></span> <span class='ocrx_word' id='word_1_541' title='bbox 1065 3245 1147 3277; x_wconf 84' lang='lat' dir='ltr'><strong>pene</strong></span> <span class='ocrx_word' id='word_1_542' title='bbox 1168 3247 1282 3269; x_wconf 87' lang='lat' dir='ltr'><strong>omues</strong></span> 
     </span>
    </p>
   </div>
   <div class='ocr_carea' id='block_1_15' title="bbox 279 3292 1282 3381">
    <p class='ocr_par' dir='ltr' id='par_1_16' title="bbox 279 3292 1282 3381">
     <span class='ocr_line' id='line_1_73' title="bbox 279 3292 541 3327; baseline -0.023 0"><span class='ocrx_word' id='word_1_543' title='bbox 279 3303 397 3327; x_wconf 74' lang='lat' dir='ltr'><strong>vocare</strong></span> <span class='ocrx_word' id='word_1_544' title='bbox 415 3292 541 3322; x_wconf 88' lang='lat' dir='ltr'><strong>Persas.</strong></span> 
     </span>
     <span class='ocr_line' id='line_1_74' title="bbox 323 3335 1282 3381; baseline -0.005 -6"><span class='ocrx_word' id='word_1_545' title='bbox 323 3354 335 3367; x_wconf 67' lang='lat'><strong>«¹</strong></span> <span class='ocrx_word' id='word_1_546' title='bbox 350 3343 412 3374; x_wconf 76' lang='lat' dir='ltr'><strong>nie</strong></span> <span class='ocrx_word' id='word_1_547' title='bbox 427 3340 538 3374; x_wconf 76' lang='lat' dir='ltr'><strong>Codex</strong></span> <span class='ocrx_word' id='word_1_548' title='bbox 563 3352 645 3372; x_wconf 81' lang='lat' dir='ltr'><strong>unus</strong></span> <span class='ocrx_word' id='word_1_549' title='bbox 662 3337 799 3380; x_wconf 77' lang='lat' dir='ltr'><strong>[familia</strong></span> <span class='ocrx_word' id='word_1_550' title='bbox 824 3350 886 3370; x_wconf 82' lang='lat' dir='ltr'><strong>una</strong></span> <span class='ocrx_word' id='word_1_551' title='bbox 912 3335 1080 3381; x_wconf 82' lang='lat' dir='ltr'><strong>codicum]</strong></span> <span class='ocrx_word' id='word_1_552' title='bbox 1097 3337 1282 3370; x_wconf 81' lang='lat' dir='ltr'><strong>innumeras</strong></span> 
     </span>
    </p>
   </div>
   <div class='ocr_carea' id='block_1_16' title="bbox 2188 1577 2240 1591">
    <p class='ocr_par' dir='ltr' id='par_1_17' title="bbox 2188 1577 2240 1591">
     <span class='ocr_line' id='line_1_75' title="bbox 2188 1577 2240 1591; baseline 0 -1"><span class='ocrx_word' id='word_1_553' title='bbox 2188 1577 2240 1591; x_wconf 59' lang='grc' dir='ltr'><strong>κιν</strong></span> 
     </span>
    </p>
   </div>
   <div class='ocr_carea' id='block_1_17' title="bbox 1331 1573 2358 3024">
    <p class='ocr_par' dir='ltr' id='par_1_18' title="bbox 1331 1573 2358 3024">
     <span class='ocr_line' id='line_1_76' title="bbox 1334 1573 2358 1632; baseline -0.004 -13"><span class='ocrx_word' id='word_1_554' title='bbox 1334 1580 1454 1626; x_wconf 78' lang='grc' dir='ltr'>ἐπειδὴ</span> <span class='ocrx_word' id='word_1_555' title='bbox 1474 1579 1555 1632; x_wconf 83' lang='grc' dir='ltr'>περὶ</span> <span class='ocrx_word' id='word_1_556' title='bbox 1574 1579 1680 1617; x_wconf 83' lang='grc' dir='ltr'>τόπου</span> <span class='ocrx_word' id='word_1_557' title='bbox 1698 1582 1715 1616; x_wconf 85' lang='grc' dir='ltr'>ὃ</span> <span class='ocrx_word' id='word_1_558' title='bbox 1729 1578 1829 1630; x_wconf 88' lang='grc' dir='ltr'>λόγος</span> <span class='ocrx_word' id='word_1_559' title='bbox 1850 1573 1911 1626; x_wconf 58' lang='grc' dir='ltr'><strong>Ιἦν,</strong></span> <span class='ocrx_word' id='word_1_560' title='bbox 1930 1577 1974 1616; x_wconf 86' lang='grc' dir='ltr'><strong>Ὁ</strong></span> <span class='ocrx_word' id='word_1_561' title='bbox 1990 1579 2079 1621; x_wconf 73' lang='grc' dir='ltr'>Θεὸς</span> <span class='ocrx_word' id='word_1_562' title='bbox 2098 1581 2159 1624; x_wconf 72' lang='grc' dir='ltr'><strong>τῆς</strong></span> <span class='ocrx_word' id='word_1_563' title='bbox 2184 1592 2295 1625; x_wconf 77' lang='grc' dir='ltr'>οοςης.</span> <span class='ocrx_word' id='word_1_564' title='bbox 2312 1579 2358 1615; x_wconf 85' lang='grc' dir='ltr'><strong>Εἰ</strong></span> 
     </span>
     <span class='ocr_line' id='line_1_77' title="bbox 1334 1637 2358 1690; baseline -0.005 -10"><span class='ocrx_word' id='word_1_565' title='bbox 1334 1641 1431 1689; x_wconf 79' lang='grc' dir='ltr'>δόξης</span> <span class='ocrx_word' id='word_1_566' title='bbox 1447 1642 1556 1689; x_wconf 78' lang='grc' dir='ltr'>Θεὸς,</span> <span class='ocrx_word' id='word_1_567' title='bbox 1573 1640 1789 1688; x_wconf 76' lang='grc' dir='ltr'>εὔδηλον,ὁ’τι</span> <span class='ocrx_word' id='word_1_568' title='bbox 1808 1642 1845 1678; x_wconf 80' lang='grc' dir='ltr'><strong>οὖ</strong></span> <span class='ocrx_word' id='word_1_569' title='bbox 1867 1641 1977 1677; x_wconf 86' lang='grc' dir='ltr'>δεῖται</span> <span class='ocrx_word' id='word_1_570' title='bbox 2000 1642 2062 1686; x_wconf 67' lang='grc' dir='ltr'><strong>τῆς</strong></span> <span class='ocrx_word' id='word_1_571' title='bbox 2081 1639 2164 1690; x_wconf 85' lang='grc' dir='ltr'>παρ’</span> <span class='ocrx_word' id='word_1_572' title='bbox 2183 1640 2283 1689; x_wconf 80' lang='grc' dir='ltr'>ἡμῶν</span> <span class='ocrx_word' id='word_1_573' title='bbox 2305 1637 2358 1676; x_wconf 81' lang='grc' dir='ltr'><strong>δό-</strong></span> 
     </span>
     <span class='ocr_line' id='line_1_78' title="bbox 1333 1698 2358 1752; baseline -0.006 -11"><span class='ocrx_word' id='word_1_574' title='bbox 1333 1702 1491 1751; x_wconf 78' lang='grc' dir='ltr'>ξης,οὖδὲ</span> <span class='ocrx_word' id='word_1_575' title='bbox 1511 1705 1574 1748; x_wconf 78' lang='grc' dir='ltr'><strong>τῆς</strong></span> <span class='ocrx_word' id='word_1_576' title='bbox 1593 1701 1649 1739; x_wconf 80' lang='grc' dir='ltr'><strong>διὰ</strong></span> <span class='ocrx_word' id='word_1_577' title='bbox 1671 1706 1730 1740; x_wconf 74' lang='grc' dir='ltr'><strong>τοῦ</strong></span> <span class='ocrx_word' id='word_1_578' title='bbox 1749 1704 1850 1739; x_wconf 72' lang='grc' dir='ltr'>ναοῦ·</span> <span class='ocrx_word' id='word_1_579' title='bbox 1867 1700 1968 1744; x_wconf 78' lang='grc' dir='ltr'>αὐτὸς</span> <span class='ocrx_word' id='word_1_580' title='bbox 1982 1699 2048 1752; x_wconf 80' lang='grc' dir='ltr'><strong>γάρ</strong></span> <span class='ocrx_word' id='word_1_581' title='bbox 2068 1701 2159 1737; x_wconf 78' lang='grc' dir='ltr'>ἐστιν</span> <span class='ocrx_word' id='word_1_582' title='bbox 2188 1703 2207 1746; x_wconf 80' lang='grc' dir='ltr'>ἡ</span> <span class='ocrx_word' id='word_1_583' title='bbox 2225 1701 2287 1745; x_wconf 68' lang='grc' dir='ltr'><strong>τῆς</strong></span> <span class='ocrx_word' id='word_1_584' title='bbox 2305 1698 2358 1736; x_wconf 84' lang='grc' dir='ltr'><strong>δό-</strong></span> 
     </span>
     <span class='ocr_line' id='line_1_79' title="bbox 1333 1758 2357 1814; baseline -0.004 -13"><span class='ocrx_word' id='word_1_585' title='bbox 1333 1763 1392 1810; x_wconf 83' lang='grc' dir='ltr'><strong>ξης</strong></span> <span class='ocrx_word' id='word_1_586' title='bbox 1407 1762 1518 1814; x_wconf 79' lang='grc' dir='ltr'>πηγή.</span> <span class='ocrx_word' id='word_1_587' title='bbox 1531 1762 1593 1809; x_wconf 88' lang='grc' dir='ltr'><strong>Μὴ</strong></span> <span class='ocrx_word' id='word_1_588' title='bbox 1609 1762 1720 1800; x_wconf 82' lang='grc' dir='ltr'>τοίνυν</span> <span class='ocrx_word' id='word_1_589' title='bbox 1738 1761 1904 1812; x_wconf 78' lang='grc' dir='ltr'>νομίσητε</span> <span class='ocrx_word' id='word_1_590' title='bbox 1923 1765 1938 1781; x_wconf 73' lang='lat'>³</span> <span class='ocrx_word' id='word_1_591' title='bbox 1950 1760 2058 1812; x_wconf 82' lang='grc' dir='ltr'>ταύτῃ</span> <span class='ocrx_word' id='word_1_592' title='bbox 2078 1759 2227 1804; x_wconf 76' lang='grc' dir='ltr'>δοξάζειν</span> <span class='ocrx_word' id='word_1_593' title='bbox 2244 1758 2357 1798; x_wconf 76' lang='grc' dir='ltr'>αὐτόν.</span> 
     </span>
     <span class='ocr_line' id='line_1_80' title="bbox 1333 1821 2357 1876; baseline -0.003 -13"><span class='ocrx_word' id='word_1_594' title='bbox 1333 1825 1404 1864; x_wconf 80' lang='grc' dir='ltr'><strong>Καὶ</strong></span> <span class='ocrx_word' id='word_1_595' title='bbox 1420 1828 1495 1868; x_wconf 85' lang='grc' dir='ltr'><strong>πῶς</strong></span> <span class='ocrx_word' id='word_1_596' title='bbox 1509 1854 1519 1872; x_wconf 93' lang='grc'>,</span> <span class='ocrx_word' id='word_1_597' title='bbox 1541 1823 1657 1876; x_wconf 76' lang='grc' dir='ltr'>φησὶν,</span> <span class='ocrx_word' id='word_1_598' title='bbox 1679 1827 1700 1870; x_wconf 80' lang='grc' dir='ltr'>ἢ</span> <span class='ocrx_word' id='word_1_599' title='bbox 1720 1822 1844 1876; x_wconf 67' lang='grc' dir='ltr'>Γραφὴ</span> <span class='ocrx_word' id='word_1_600' title='bbox 1867 1825 1969 1861; x_wconf 74' lang='grc' dir='ltr'>τοῦτο</span> <span class='ocrx_word' id='word_1_601' title='bbox 1987 1821 2081 1874; x_wconf 80' lang='grc' dir='ltr'>λε’γει</span> <span class='ocrx_word' id='word_1_602' title='bbox 2096 1822 2177 1875; x_wconf 79' lang='grc' dir='ltr'>περὶ</span> <span class='ocrx_word' id='word_1_603' title='bbox 2197 1826 2257 1860; x_wconf 75' lang='grc' dir='ltr'><strong>τοῦ</strong></span> <span class='ocrx_word' id='word_1_604' title='bbox 2282 1837 2357 1860; x_wconf 89' lang='grc' dir='ltr'><strong>πα-</strong></span> 
     </span>
     <span class='ocr_line' id='line_1_81' title="bbox 1333 1882 2356 1939; baseline -0.004 -16"><span class='ocrx_word' id='word_1_605' title='bbox 1333 1886 1411 1939; x_wconf 79' lang='grc' dir='ltr'>τρὸς</span> <span class='ocrx_word' id='word_1_606' title='bbox 1427 1884 1610 1938; x_wconf 61' lang='grc' dir='ltr'>Ἀδραάμ;</span> <span class='ocrx_word' id='word_1_607' title='bbox 1640 1884 1726 1922; x_wconf 57' lang='grc' dir='ltr'>υΟτι</span> <span class='ocrx_word' id='word_1_608' title='bbox 1753 1886 1814 1922; x_wconf 81' lang='grc' dir='ltr'><strong>οὔκ</strong></span> <span class='ocrx_word' id='word_1_609' title='bbox 1845 1883 1918 1922; x_wconf 83' lang='grc' dir='ltr'>ἔστι</span> <span class='ocrx_word' id='word_1_610' title='bbox 1951 1883 2036 1936; x_wconf 79' lang='grc' dir='ltr'>πρὸς</span> <span class='ocrx_word' id='word_1_611' title='bbox 2063 1883 2107 1920; x_wconf 79' lang='grc' dir='ltr'><strong>τὰ</strong></span> <span class='ocrx_word' id='word_1_612' title='bbox 2141 1882 2189 1933; x_wconf 86' lang='grc' dir='ltr'><strong>μὴ</strong></span> <span class='ocrx_word' id='word_1_613' title='bbox 2222 1882 2356 1935; x_wconf 74' lang='grc' dir='ltr'>σφόδρα</span> 
     </span>
     <span class='ocr_line' id='line_1_82' title="bbox 1335 1938 2356 1998; baseline -0.005 -14"><span class='ocrx_word' id='word_1_614' title='bbox 1335 1950 1509 1998; x_wconf 86' lang='grc' dir='ltr'>ἀναγκαῖα</span> <span class='ocrx_word' id='word_1_615' title='bbox 1527 1945 1686 1997; x_wconf 82' lang='grc' dir='ltr'>περιττή.</span> <span class='ocrx_word' id='word_1_616' title='bbox 1709 1944 1759 1983; x_wconf 52' lang='grc' dir='ltr'><strong>ιχΟ</strong></span> <span class='ocrx_word' id='word_1_617' title='bbox 1783 1944 1844 1995; x_wconf 78' lang='grc' dir='ltr'><strong>μὲν</strong></span> <span class='ocrx_word' id='word_1_618' title='bbox 1863 1944 1930 1995; x_wconf 75' lang='grc' dir='ltr'><strong>γὰρ</strong></span> <span class='ocrx_word' id='word_1_619' title='bbox 1956 1938 1997 1990; x_wconf 67' lang='grc' dir='ltr'><strong>ἦν</strong></span> <span class='ocrx_word' id='word_1_620' title='bbox 2028 1943 2201 1996; x_wconf 77' lang='grc' dir='ltr'>χρήσιμον</span> <span class='ocrx_word' id='word_1_621' title='bbox 2223 1946 2356 1993; x_wconf 88' lang='grc' dir='ltr'>μαθεῖν,</span> 
     </span>
     <span class='ocr_line' id='line_1_83' title="bbox 1333 2001 2357 2054; baseline -0.003 -12"><span class='ocrx_word' id='word_1_622' title='bbox 1333 2008 1435 2042; x_wconf 76' lang='grc' dir='ltr'>τοῦτο</span> <span class='ocrx_word' id='word_1_623' title='bbox 1456 2003 1558 2054; x_wconf 86' lang='grc' dir='ltr'>μόνον</span> <span class='ocrx_word' id='word_1_624' title='bbox 1589 2007 1683 2053; x_wconf 72' lang='grc' dir='ltr'>ἡμᾶς</span> <span class='ocrx_word' id='word_1_625' title='bbox 1706 2002 1872 2047; x_wconf 74' lang='grc' dir='ltr'>ἐδίδαξεν,</span> <span class='ocrx_word' id='word_1_626' title='bbox 1890 2001 1971 2039; x_wconf 63' lang='grc' dir='ltr'>*ὅτι</span> <span class='ocrx_word' id='word_1_627' title='bbox 1991 2002 2060 2039; x_wconf 83' lang='grc' dir='ltr'>ἀπὸ</span> <span class='ocrx_word' id='word_1_628' title='bbox 2084 2003 2147 2046; x_wconf 77' lang='grc' dir='ltr'><strong>τῆς</strong></span> <span class='ocrx_word' id='word_1_629' title='bbox 2171 2001 2282 2052; x_wconf 76' lang='grc' dir='ltr'>ὄψεως</span> <span class='ocrx_word' id='word_1_630' title='bbox 2297 2005 2357 2039; x_wconf 74' lang='grc' dir='ltr'><strong>τοῦ</strong></span> 
     </span>
     <span class='ocr_line' id='line_1_84' title="bbox 1335 2060 2356 2114; baseline -0.004 -12"><span class='ocrx_word' id='word_1_631' title='bbox 1335 2067 1409 2104; x_wconf 79' lang='grc' dir='ltr'>υἱοῦ</span> <span class='ocrx_word' id='word_1_632' title='bbox 1429 2063 1631 2110; x_wconf 71' lang='grc' dir='ltr'>συνεξῆλθεν</span> <span class='ocrx_word' id='word_1_633' title='bbox 1653 2065 1747 2114; x_wconf 75' lang='grc' dir='ltr'>αὐτῷ</span> <span class='ocrx_word' id='word_1_634' title='bbox 1762 2078 1769 2086; x_wconf 91' lang='grc'><em>·</em></span> <span class='ocrx_word' id='word_1_635' title='bbox 1787 2062 1826 2100; x_wconf 79' lang='grc' dir='ltr'><strong>τὸ</strong></span> <span class='ocrx_word' id='word_1_636' title='bbox 1846 2061 1882 2099; x_wconf 78' lang='grc' dir='ltr'><strong>δὲ</strong></span> <span class='ocrx_word' id='word_1_637' title='bbox 1898 2061 2002 2100; x_wconf 79' lang='grc' dir='ltr'>πλέον</span> <span class='ocrx_word' id='word_1_638' title='bbox 2024 2061 2146 2099; x_wconf 82' lang='grc' dir='ltr'>τούτου</span> <span class='ocrx_word' id='word_1_639' title='bbox 2165 2060 2356 2114; x_wconf 80' lang='grc' dir='ltr'>παρέλιπεν</span> 
     </span>
     <span class='ocr_line' id='line_1_85' title="bbox 1335 2121 2357 2176; baseline -0.005 -13"><span class='ocrx_word' id='word_1_640' title='bbox 1335 2125 1536 2176; x_wconf 74' lang='grc' dir='ltr'>ἀδιήγητον,</span> <span class='ocrx_word' id='word_1_641' title='bbox 1555 2123 1612 2161; x_wconf 78' lang='grc' dir='ltr'><strong>διὰ</strong></span> <span class='ocrx_word' id='word_1_642' title='bbox 1627 2124 1667 2162; x_wconf 79' lang='grc' dir='ltr'><strong>τὸ</strong></span> <span class='ocrx_word' id='word_1_643' title='bbox 1684 2127 1805 2161; x_wconf 79' lang='grc' dir='ltr'>θᾶττον</span> <span class='ocrx_word' id='word_1_644' title='bbox 1823 2124 2006 2160; x_wconf 80' lang='grc' dir='ltr'>ἀποθανεῖν</span> <span class='ocrx_word' id='word_1_645' title='bbox 2027 2121 2115 2172; x_wconf 80' lang='grc' dir='ltr'>μετὰ</span> <span class='ocrx_word' id='word_1_646' title='bbox 2135 2121 2175 2159; x_wconf 81' lang='grc' dir='ltr'><strong>τὸ</strong></span> <span class='ocrx_word' id='word_1_647' title='bbox 2193 2124 2357 2167; x_wconf 75' lang='grc' dir='ltr'>κατοικῆ-</span> 
     </span>
     <span class='ocr_line' id='line_1_86' title="bbox 1333 2182 2357 2237; baseline -0.003 -14"><span class='ocrx_word' id='word_1_648' title='bbox 1333 2202 1393 2223; x_wconf 92' lang='grc' dir='ltr'><strong>σαι</strong></span> <span class='ocrx_word' id='word_1_649' title='bbox 1414 2186 1514 2223; x_wconf 76' lang='grc' dir='ltr'>αὖτὸν</span> <span class='ocrx_word' id='word_1_650' title='bbox 1534 2187 1567 2222; x_wconf 78' lang='grc' dir='ltr'><strong>ἐν</strong></span> <span class='ocrx_word' id='word_1_651' title='bbox 1587 2184 1746 2237; x_wconf 69' lang='grc' dir='ltr'>Χαρράν.</span> <span class='ocrx_word' id='word_1_652' title='bbox 1762 2183 1908 2228; x_wconf 81' lang='grc' dir='ltr'>Ἔξελθε</span> <span class='ocrx_word' id='word_1_653' title='bbox 1927 2185 1966 2221; x_wconf 77' lang='grc' dir='ltr'><strong>ἐκ</strong></span> <span class='ocrx_word' id='word_1_654' title='bbox 1986 2187 2048 2230; x_wconf 60' lang='grc' dir='ltr'><strong>τῆς</strong></span> <span class='ocrx_word' id='word_1_655' title='bbox 2067 2182 2265 2235; x_wconf 82' lang='grc' dir='ltr'>συγγενείας</span> <span class='ocrx_word' id='word_1_656' title='bbox 2285 2198 2357 2221; x_wconf 90' lang='grc' dir='ltr'>σου.</span> 
     </span>
     <span class='ocr_line' id='line_1_87' title="bbox 1333 2238 2356 2292; baseline -0.003 -8"><span class='ocrx_word' id='word_1_657' title='bbox 1333 2246 1508 2284; x_wconf 71' lang='grc' dir='ltr'>Ἐνταῦθα</span> <span class='ocrx_word' id='word_1_658' title='bbox 1539 2245 1723 2292; x_wconf 79' lang='grc' dir='ltr'>δείκνυσιν,</span> <span class='ocrx_word' id='word_1_659' title='bbox 1746 2243 1799 2281; x_wconf 73' lang='grc' dir='ltr'><strong>ὅτι</strong></span> <span class='ocrx_word' id='word_1_660' title='bbox 1831 2246 1893 2281; x_wconf 81' lang='grc' dir='ltr'><strong>οὐκ</strong></span> <span class='ocrx_word' id='word_1_661' title='bbox 1926 2244 2010 2282; x_wconf 78' lang='grc' dir='ltr'>εἰσὶν</span> <span class='ocrx_word' id='word_1_662' title='bbox 2042 2238 2136 2281; x_wconf 63' lang='grc' dir='ltr'>οὗτοι</span> <span class='ocrx_word' id='word_1_663' title='bbox 2161 2243 2267 2281; x_wconf 77' lang='grc' dir='ltr'>τέκνα</span> <span class='ocrx_word' id='word_1_664' title='bbox 2296 2246 2356 2281; x_wconf 74' lang='grc' dir='ltr'><strong>τοῦ</strong></span> 
     </span>
     <span class='ocr_line' id='line_1_88' title="bbox 1334 2298 2356 2358; baseline -0.005 -13"><span class='ocrx_word' id='word_1_665' title='bbox 1334 2306 1343 2319; x_wconf 75' lang='grc'><strong>’</strong></span> <span class='ocrx_word' id='word_1_666' title='bbox 1373 2306 1504 2358; x_wconf 63' lang='grc' dir='ltr'>ὅραάμ.</span> <span class='ocrx_word' id='word_1_667' title='bbox 1523 2307 1629 2351; x_wconf 70' lang='grc' dir='ltr'>Πῶς,</span> <span class='ocrx_word' id='word_1_668' title='bbox 1646 2304 1732 2342; x_wconf 72' lang='lat' dir='ltr'><strong>‘&#39;O-:t</strong></span> <span class='ocrx_word' id='word_1_669' title='bbox 1764 2306 1891 2346; x_wconf 78' lang='grc' dir='ltr'>ἐκεῖνος</span> <span class='ocrx_word' id='word_1_670' title='bbox 1920 2303 2096 2349; x_wconf 67' lang='grc' dir='ltr'>πειθήνιος</span> <span class='ocrx_word' id='word_1_671' title='bbox 2117 2298 2174 2351; x_wconf 62' lang='grc' dir='ltr'><strong>ἦν,</strong></span> <span class='ocrx_word' id='word_1_672' title='bbox 2207 2298 2300 2341; x_wconf 59' lang='grc' dir='ltr'>οὗτοι</span> <span class='ocrx_word' id='word_1_673' title='bbox 2322 2303 2356 2341; x_wconf 79' lang='grc' dir='ltr'><strong>δὲ</strong></span> 
     </span>
     <span class='ocr_line' id='line_1_89' title="bbox 1334 2360 2357 2418; baseline -0.005 -12"><span class='ocrx_word' id='word_1_674' title='bbox 1334 2371 1484 2410; x_wconf 80' lang='grc' dir='ltr'>ἀπειθεῖς</span> <span class='ocrx_word' id='word_1_675' title='bbox 1496 2383 1503 2390; x_wconf 92' lang='grc'><em>·</em></span> <span class='ocrx_word' id='word_1_676' title='bbox 1524 2367 1654 2418; x_wconf 73' lang='grc' dir='ltr'>μᾶλλον</span> <span class='ocrx_word' id='word_1_677' title='bbox 1671 2365 1706 2403; x_wconf 75' lang='grc' dir='ltr'><strong>δὲ</strong></span> <span class='ocrx_word' id='word_1_678' title='bbox 1721 2364 1756 2408; x_wconf 78' lang='grc' dir='ltr'><strong>ἐξ</strong></span> <span class='ocrx_word' id='word_1_679' title='bbox 1773 2360 1820 2402; x_wconf 62' lang='grc' dir='ltr'><strong>ὧν</strong></span> <span class='ocrx_word' id='word_1_680' title='bbox 1839 2371 1930 2402; x_wconf 87' lang='grc' dir='ltr'>ποιεῖ</span> <span class='ocrx_word' id='word_1_681' title='bbox 1949 2364 2171 2414; x_wconf 80' lang='grc' dir='ltr'>κελευόμενος</span> <span class='ocrx_word' id='word_1_682' title='bbox 2188 2365 2357 2414; x_wconf 79' lang='grc' dir='ltr'>μανθάνο-</span> 
     </span>
     <span class='ocr_line' id='line_1_90' title="bbox 1335 2419 2357 2480; baseline -0.003 -14"><span class='ocrx_word' id='word_1_683' title='bbox 1335 2444 1411 2480; x_wconf 88' lang='grc' dir='ltr'>μεν,</span> <span class='ocrx_word' id='word_1_684' title='bbox 1437 2428 1490 2466; x_wconf 81' lang='grc' dir='ltr'><strong>ὅτι</strong></span> <span class='ocrx_word' id='word_1_685' title='bbox 1510 2430 1636 2469; x_wconf 80' lang='grc' dir='ltr'>ἐκεῖνος</span> <span class='ocrx_word' id='word_1_686' title='bbox 1655 2424 1717 2476; x_wconf 78' lang='grc' dir='ltr'><strong>μὲν</strong></span> <span class='ocrx_word' id='word_1_687' title='bbox 1736 2424 1815 2468; x_wconf 79' lang='grc' dir='ltr'>τοὺς</span> <span class='ocrx_word' id='word_1_688' title='bbox 1842 2424 1967 2468; x_wconf 87' lang='grc' dir='ltr'>πόνους</span> <span class='ocrx_word' id='word_1_689' title='bbox 1998 2424 2194 2476; x_wconf 76' lang='grc' dir='ltr'>ὑπέμεινεν,</span> <span class='ocrx_word' id='word_1_690' title='bbox 2214 2419 2307 2463; x_wconf 77' lang='grc' dir='ltr'>οῧτοι</span> <span class='ocrx_word' id='word_1_691' title='bbox 2321 2423 2357 2463; x_wconf 78' lang='grc' dir='ltr'><strong>δὲ</strong></span> 
     </span>
     <span class='ocr_line' id='line_1_91' title="bbox 1331 2484 2357 2540; baseline -0.005 -13"><span class='ocrx_word' id='word_1_692' title='bbox 1331 2489 1408 2532; x_wconf 77' lang='grc' dir='ltr'>τοὺς</span> <span class='ocrx_word' id='word_1_693' title='bbox 1436 2487 1588 2540; x_wconf 74' lang='grc' dir='ltr'>καρποὺς</span> <span class='ocrx_word' id='word_1_694' title='bbox 1611 2486 1817 2538; x_wconf 72' lang='grc' dir='ltr'>δρέπονται,</span> <span class='ocrx_word' id='word_1_695' title='bbox 1839 2486 1897 2523; x_wconf 76' lang='grc' dir='ltr'><strong>καὶ</strong></span> <span class='ocrx_word' id='word_1_696' title='bbox 1922 2485 1974 2523; x_wconf 77' lang='grc' dir='ltr'><strong>ὅτι</strong></span> <span class='ocrx_word' id='word_1_697' title='bbox 2002 2485 2129 2529; x_wconf 77' lang='grc' dir='ltr'>πάντες</span> <span class='ocrx_word' id='word_1_698' title='bbox 2144 2487 2174 2523; x_wconf 79' lang='grc' dir='ltr'><strong>οἱ</strong></span> <span class='ocrx_word' id='word_1_699' title='bbox 2196 2484 2357 2537; x_wconf 78' lang='grc' dir='ltr'>πρόγονοι</span> 
     </span>
     <span class='ocr_line' id='line_1_92' title="bbox 1331 2545 2357 2601; baseline -0.006 -12"><span class='ocrx_word' id='word_1_700' title='bbox 1331 2553 1365 2589; x_wconf 79' lang='grc' dir='ltr'><strong>ἐν</strong></span> <span class='ocrx_word' id='word_1_701' title='bbox 1380 2549 1564 2601; x_wconf 68' lang='grc' dir='ltr'>κακουχίᾳ.</span> <span class='ocrx_word' id='word_1_702' title='bbox 1581 2548 1655 2586; x_wconf 80' lang='grc' dir='ltr'><strong>Καὶ</strong></span> <span class='ocrx_word' id='word_1_703' title='bbox 1671 2546 1815 2591; x_wconf 80' lang='grc' dir='ltr'>ἐξελθὼν</span> <span class='ocrx_word' id='word_1_704' title='bbox 1836 2548 1875 2584; x_wconf 81' lang='grc' dir='ltr'><strong>ἐκ</strong></span> <span class='ocrx_word' id='word_1_705' title='bbox 1893 2550 1956 2597; x_wconf 62' lang='grc' dir='ltr'><strong>γῆς</strong></span> <span class='ocrx_word' id='word_1_706' title='bbox 1973 2545 2176 2593; x_wconf 74' lang='grc' dir='ltr'>Χαλδαίων,</span> <span class='ocrx_word' id='word_1_707' title='bbox 2194 2545 2357 2597; x_wconf 82' lang='grc' dir='ltr'>κατῴκη-</span> 
     </span>
     <span class='ocr_line' id='line_1_93' title="bbox 1332 2607 2356 2663; baseline -0.006 -14"><span class='ocrx_word' id='word_1_708' title='bbox 1332 2628 1388 2650; x_wconf 86' lang='grc' dir='ltr'><strong>σεν</strong></span> <span class='ocrx_word' id='word_1_709' title='bbox 1409 2613 1444 2648; x_wconf 78' lang='grc' dir='ltr'><strong>ἐν</strong></span> <span class='ocrx_word' id='word_1_710' title='bbox 1474 2609 1617 2663; x_wconf 68' lang='grc' dir='ltr'>Χαρράν</span> <span class='ocrx_word' id='word_1_711' title='bbox 1631 2624 1638 2632; x_wconf 90' lang='grc'><em>·</em></span> <span class='ocrx_word' id='word_1_712' title='bbox 1657 2610 1814 2646; x_wconf 74' lang='grc' dir='ltr'>κάκεῖθεν</span> <span class='ocrx_word' id='word_1_713' title='bbox 1832 2608 1920 2658; x_wconf 70' lang='grc' dir='ltr'>μετὰ</span> <span class='ocrx_word' id='word_1_714' title='bbox 1939 2607 1977 2645; x_wconf 72' lang='grc' dir='ltr'><strong>το</strong></span> <span class='ocrx_word' id='word_1_715' title='bbox 2006 2609 2190 2645; x_wconf 85' lang='grc' dir='ltr'>ἀποθανεῖν</span> <span class='ocrx_word' id='word_1_716' title='bbox 2209 2607 2267 2645; x_wconf 85' lang='grc' dir='ltr'><strong>τὸν</strong></span> <span class='ocrx_word' id='word_1_717' title='bbox 2284 2622 2356 2644; x_wconf 90' lang='grc' dir='ltr'><strong>πα-</strong></span> 
     </span>
     <span class='ocr_line' id='line_1_94' title="bbox 1331 2666 2356 2724; baseline -0.006 -15"><span class='ocrx_word' id='word_1_718' title='bbox 1331 2671 1414 2724; x_wconf 79' lang='grc' dir='ltr'>τέρα</span> <span class='ocrx_word' id='word_1_719' title='bbox 1429 2672 1532 2708; x_wconf 64' lang='grc' dir='ltr'>αὐτοῦ</span> <span class='ocrx_word' id='word_1_720' title='bbox 1549 2699 1558 2717; x_wconf 85' lang='grc'>,</span> <span class='ocrx_word' id='word_1_721' title='bbox 1585 2668 1774 2720; x_wconf 77' lang='grc' dir='ltr'>μετῴκισεν</span> <span class='ocrx_word' id='word_1_722' title='bbox 1794 2668 1894 2706; x_wconf 74' lang='grc' dir='ltr'>αὐτὸν</span> <span class='ocrx_word' id='word_1_723' title='bbox 1915 2670 1962 2710; x_wconf 84' lang='grc' dir='ltr'><strong>εἷς</strong></span> <span class='ocrx_word' id='word_1_724' title='bbox 1977 2667 2039 2714; x_wconf 79' lang='grc' dir='ltr'><strong>τὴν</strong></span> <span class='ocrx_word' id='word_1_725' title='bbox 2056 2671 2121 2716; x_wconf 70' lang='grc' dir='ltr'><strong>γῆν</strong></span> <span class='ocrx_word' id='word_1_726' title='bbox 2149 2666 2292 2713; x_wconf 80' lang='grc' dir='ltr'>ταύτην,</span> <span class='ocrx_word' id='word_1_727' title='bbox 2308 2668 2356 2710; x_wconf 81' lang='grc' dir='ltr'><strong>εἷς</strong></span> 
     </span>
     <span class='ocr_line' id='line_1_95' title="bbox 1331 2728 2355 2784; baseline -0.006 -14"><span class='ocrx_word' id='word_1_728' title='bbox 1331 2734 1373 2780; x_wconf 75' lang='grc' dir='ltr'><strong>ἣν</strong></span> <span class='ocrx_word' id='word_1_729' title='bbox 1389 2736 1486 2784; x_wconf 79' lang='grc' dir='ltr'>ὑμεῖς</span> <span class='ocrx_word' id='word_1_730' title='bbox 1501 2737 1558 2770; x_wconf 69' lang='grc' dir='ltr'><strong>νῦν</strong></span> <span class='ocrx_word' id='word_1_731' title='bbox 1577 2736 1770 2768; x_wconf 84' lang='grc' dir='ltr'>κατοικεῖτε</span> <span class='ocrx_word' id='word_1_732' title='bbox 1783 2745 1790 2753; x_wconf 87' lang='grc'><em>·</em></span> <span class='ocrx_word' id='word_1_733' title='bbox 1808 2729 1867 2767; x_wconf 81' lang='grc' dir='ltr'><strong>καὶ</strong></span> <span class='ocrx_word' id='word_1_734' title='bbox 1887 2731 1949 2767; x_wconf 73' lang='grc' dir='ltr'><strong>οὐκ</strong></span> <span class='ocrx_word' id='word_1_735' title='bbox 1966 2728 2090 2766; x_wconf 72' lang='grc' dir='ltr'>ἔδωκεν</span> <span class='ocrx_word' id='word_1_736' title='bbox 2109 2729 2204 2780; x_wconf 79' lang='grc' dir='ltr'>αὐτῷ</span> <span class='ocrx_word' id='word_1_737' title='bbox 2223 2730 2355 2779; x_wconf 86' lang='grc' dir='ltr'>κληρο-</span> 
     </span>
     <span class='ocr_line' id='line_1_96' title="bbox 1332 2786 2356 2845; baseline -0.007 -14"><span class='ocrx_word' id='word_1_738' title='bbox 1332 2793 1454 2845; x_wconf 88' lang='grc' dir='ltr'>νομίαν</span> <span class='ocrx_word' id='word_1_739' title='bbox 1475 2794 1510 2830; x_wconf 82' lang='grc' dir='ltr'><strong>ἐν</strong></span> <span class='ocrx_word' id='word_1_740' title='bbox 1531 2793 1619 2842; x_wconf 68' lang='grc' dir='ltr'>αὐτῇ</span> <span class='ocrx_word' id='word_1_741' title='bbox 1635 2822 1644 2838; x_wconf 90' lang='grc'>,</span> <span class='ocrx_word' id='word_1_742' title='bbox 1661 2791 1736 2829; x_wconf 74' lang='grc' dir='ltr'>οὐδὲ</span> <span class='ocrx_word' id='word_1_743' title='bbox 1756 2793 1855 2841; x_wconf 73' lang='grc' dir='ltr'><strong>βῆμα</strong></span> <span class='ocrx_word' id='word_1_744' title='bbox 1873 2789 1988 2832; x_wconf 73' lang='grc' dir='ltr'>ποδός.</span> <span class='ocrx_word' id='word_1_745' title='bbox 2007 2787 2121 2839; x_wconf 62' lang='grc' dir='ltr'><strong>εὈρα,</strong></span> <span class='ocrx_word' id='word_1_746' title='bbox 2137 2790 2211 2831; x_wconf 83' lang='grc' dir='ltr'><strong>πῶς</strong></span> <span class='ocrx_word' id='word_1_747' title='bbox 2233 2786 2356 2831; x_wconf 73' lang='grc' dir='ltr'>αὐτοὺς</span> 
     </span>
     <span class='ocr_line' id='line_1_97' title="bbox 1334 2844 2357 2904; baseline -0.008 -11"><span class='ocrx_word' id='word_1_748' title='bbox 1334 2855 1402 2893; x_wconf 84' lang='grc' dir='ltr'>ἀπὸ</span> <span class='ocrx_word' id='word_1_749' title='bbox 1420 2856 1483 2899; x_wconf 73' lang='grc' dir='ltr'><strong>τῆς</strong></span> <span class='ocrx_word' id='word_1_750' title='bbox 1501 2856 1564 2904; x_wconf 70' lang='grc' dir='ltr'><strong>γῆς</strong></span> <span class='ocrx_word' id='word_1_751' title='bbox 1580 2851 1712 2902; x_wconf 81' lang='grc' dir='ltr'>ἀνάγει.</span> <span class='ocrx_word' id='word_1_752' title='bbox 1735 2852 1788 2888; x_wconf 82' lang='grc' dir='ltr'><strong>Οὐ</strong></span> <span class='ocrx_word' id='word_1_753' title='bbox 1814 2850 1882 2902; x_wconf 80' lang='grc' dir='ltr'><strong>γὰρ</strong></span> <span class='ocrx_word' id='word_1_754' title='bbox 1900 2844 2006 2897; x_wconf 63' lang='grc' dir='ltr'>εἶπεν,</span> <span class='ocrx_word' id='word_1_755' title='bbox 2024 2848 2128 2886; x_wconf 75' lang='grc' dir='ltr'>δώσει</span> <span class='ocrx_word' id='word_1_756' title='bbox 2144 2878 2153 2896; x_wconf 89' lang='grc'>,</span> <span class='ocrx_word' id='word_1_757' title='bbox 2172 2849 2263 2896; x_wconf 85' lang='grc' dir='ltr'>ἀλλ’,</span> <span class='ocrx_word' id='word_1_758' title='bbox 2280 2850 2357 2886; x_wconf 80' lang='grc' dir='ltr'><strong>Οὐκ</strong></span> 
     </span>
     <span class='ocr_line' id='line_1_98' title="bbox 1333 2908 2355 2963; baseline -0.008 -9"><span class='ocrx_word' id='word_1_759' title='bbox 1333 2916 1459 2963; x_wconf 81' lang='grc' dir='ltr'>ἔδωκε,</span> <span class='ocrx_word' id='word_1_760' title='bbox 1478 2915 1605 2960; x_wconf 82' lang='grc' dir='ltr'>δηλῶν,</span> <span class='ocrx_word' id='word_1_761' title='bbox 1625 2915 1677 2950; x_wconf 80' lang='grc' dir='ltr'><strong>ὅτι</strong></span> <span class='ocrx_word' id='word_1_762' title='bbox 1693 2911 1808 2949; x_wconf 77' lang='grc' dir='ltr'>πάντα</span> <span class='ocrx_word' id='word_1_763' title='bbox 1824 2913 1906 2962; x_wconf 86' lang='grc' dir='ltr'>παρ’</span> <span class='ocrx_word' id='word_1_764' title='bbox 1930 2909 2058 2948; x_wconf 78' lang='grc' dir='ltr'>ἐκείνου</span> <span class='ocrx_word' id='word_1_765' title='bbox 2075 2909 2135 2947; x_wconf 78' lang='grc' dir='ltr'><strong>καὶ</strong></span> <span class='ocrx_word' id='word_1_766' title='bbox 2153 2908 2249 2947; x_wconf 76' lang='grc' dir='ltr'>οὐδὲν</span> <span class='ocrx_word' id='word_1_767' title='bbox 2271 2911 2355 2960; x_wconf 87' lang='grc' dir='ltr'>παρ’</span> 
     </span>
     <span class='ocr_line' id='line_1_99' title="bbox 1334 2968 2354 3024; baseline -0.006 -10"><span class='ocrx_word' id='word_1_768' title='bbox 1334 2978 1461 3015; x_wconf 74' lang='grc' dir='ltr'>αὐτῶν.</span> <span class='ocrx_word' id='word_1_769' title='bbox 1481 2968 1595 3012; x_wconf 48' lang='grc' dir='ltr'><strong>γΗλθε</strong></span> <span class='ocrx_word' id='word_1_770' title='bbox 1613 2973 1679 3024; x_wconf 83' lang='grc' dir='ltr'><strong>γὰρ</strong></span> <span class='ocrx_word' id='word_1_771' title='bbox 1697 2972 1756 3009; x_wconf 83' lang='grc' dir='ltr'><strong>καὶ</strong></span> <span class='ocrx_word' id='word_1_772' title='bbox 1778 2971 1978 3023; x_wconf 81' lang='grc' dir='ltr'>συγγένειαν</span> <span class='ocrx_word' id='word_1_773' title='bbox 2000 2970 2096 3023; x_wconf 56' lang='grc' dir='ltr'>ἀφεὶς</span> <span class='ocrx_word' id='word_1_774' title='bbox 2113 2969 2172 3008; x_wconf 75' lang='grc' dir='ltr'><strong>καὶ</strong></span> <span class='ocrx_word' id='word_1_775' title='bbox 2191 2969 2354 3022; x_wconf 73' lang='grc' dir='ltr'>πατρίδα.</span> 
     </span>
    </p>
   </div>
   <div class='ocr_carea' id='block_1_18' title="bbox 1655 3033 1720 3054">
    <p class='ocr_par' dir='ltr' id='par_1_19' title="bbox 1655 3033 1720 3054">
     <span class='ocr_line' id='line_1_100' title="bbox 1655 3033 1720 3054; baseline -0.015 -7"><span class='ocrx_word' id='word_1_776' title='bbox 1655 3033 1720 3054; x_wconf 50' lang='lat' dir='ltr'><strong>bsx</strong></span> 
     </span>
    </p>
   </div>
   <div class='ocr_carea' id='block_1_19' title="bbox 1333 3027 2356 3083">
    <p class='ocr_par' dir='ltr' id='par_1_20' title="bbox 1333 3027 2356 3083">
     <span class='ocr_line' id='line_1_101' title="bbox 1333 3027 2356 3083; baseline -0.009 -7"><span class='ocrx_word' id='word_1_777' title='bbox 1333 3037 1401 3076; x_wconf 75' lang='grc' dir='ltr'><strong>Διὰ</strong></span> <span class='ocrx_word' id='word_1_778' title='bbox 1421 3036 1454 3075; x_wconf 89' lang='grc' dir='ltr'><strong>τί</strong></span> <span class='ocrx_word' id='word_1_779' title='bbox 1474 3031 1530 3074; x_wconf 64' lang='grc' dir='ltr'><strong>οἶν</strong></span> <span class='ocrx_word' id='word_1_780' title='bbox 1567 3038 1629 3073; x_wconf 86' lang='grc' dir='ltr'><strong>οὐκ</strong></span> <span class='ocrx_word' id='word_1_781' title='bbox 1683 3049 1828 3080; x_wconf 70' lang='grc' dir='ltr'>εοωκεν,</span> <span class='ocrx_word' id='word_1_782' title='bbox 1845 3032 1929 3070; x_wconf 70' lang='grc' dir='ltr'><strong>ζΌτι</strong></span> <span class='ocrx_word' id='word_1_783' title='bbox 1946 3032 2051 3076; x_wconf 82' lang='grc' dir='ltr'>τόπος</span> <span class='ocrx_word' id='word_1_784' title='bbox 2070 3027 2112 3079; x_wconf 63' lang='grc' dir='ltr'><strong>ἦν</strong></span> <span class='ocrx_word' id='word_1_785' title='bbox 2131 3031 2250 3083; x_wconf 82' lang='grc' dir='ltr'>ἑτέρας</span> <span class='ocrx_word' id='word_1_786' title='bbox 2271 3034 2356 3083; x_wconf 75' lang='grc' dir='ltr'>γῆς,</span> 
     </span>
    </p>
   </div>
   <div class='ocr_carea' id='block_1_20' title="bbox 1333 3091 2356 3148">
    <p class='ocr_par' dir='ltr' id='par_1_21' title="bbox 1333 3091 2356 3148">
     <span class='ocr_line' id='line_1_102' title="bbox 1333 3091 2356 3148; baseline -0.009 -11"><span class='ocrx_word' id='word_1_787' title='bbox 1333 3097 1392 3137; x_wconf 77' lang='grc' dir='ltr'><strong>καὶ</strong></span> <span class='ocrx_word' id='word_1_788' title='bbox 1412 3095 1642 3148; x_wconf 79' lang='grc' dir='ltr'>ἐπηγγείλατο</span> <span class='ocrx_word' id='word_1_789' title='bbox 1664 3095 1781 3133; x_wconf 74' lang='grc' dir='ltr'>δοῦναι</span> <span class='ocrx_word' id='word_1_790' title='bbox 1803 3092 1910 3139; x_wconf 80' lang='grc' dir='ltr'>αὐτὴν</span> <span class='ocrx_word' id='word_1_791' title='bbox 1933 3095 2037 3145; x_wconf 78' lang='grc' dir='ltr'>αὐτῷ.</span> <span class='ocrx_word' id='word_1_792' title='bbox 2061 3093 2191 3145; x_wconf 68' lang='grc' dir='ltr'>Ὁρᾷς,</span> <span class='ocrx_word' id='word_1_793' title='bbox 2211 3092 2263 3130; x_wconf 76' lang='grc' dir='ltr'><strong>ὅτι</strong></span> <span class='ocrx_word' id='word_1_794' title='bbox 2293 3091 2356 3142; x_wconf 72' lang='grc' dir='ltr'><strong>οὐχ</strong></span> 
     </span>
    </p>
   </div>
   <div class='ocr_carea' id='block_1_21' title="bbox 1349 3227 2237 3382">
    <p class='ocr_par' dir='ltr' id='par_1_22' title="bbox 1349 3227 2237 3382">
     <span class='ocr_line' id='line_1_103' title="bbox 1349 3227 2237 3271; baseline -0.009 -4"><span class='ocrx_word' id='word_1_795' title='bbox 1349 3234 1446 3267; x_wconf 80' lang='lat' dir='ltr'><strong>effert</strong></span> <span class='ocrx_word' id='word_1_796' title='bbox 1461 3234 1634 3266; x_wconf 78' lang='lat' dir='ltr'><strong>varietates</strong></span> <span class='ocrx_word' id='word_1_797' title='bbox 1647 3258 1655 3271; x_wconf 82' lang='lat'>‚</span> <span class='ocrx_word' id='word_1_798' title='bbox 1673 3230 1730 3263; x_wconf 88' lang='lat' dir='ltr'><strong>sed</strong></span> <span class='ocrx_word' id='word_1_799' title='bbox 1745 3231 1813 3263; x_wconf 85' lang='lat' dir='ltr'><strong>sine</strong></span> <span class='ocrx_word' id='word_1_800' title='bbox 1830 3229 1895 3262; x_wconf 84' lang='lat' dir='ltr'><strong>ullo</strong></span> <span class='ocrx_word' id='word_1_801' title='bbox 1911 3240 2022 3262; x_wconf 80' lang='lat' dir='ltr'><strong>sensus</strong></span> <span class='ocrx_word' id='word_1_802' title='bbox 2036 3227 2237 3263; x_wconf 81' lang='lat' dir='ltr'><strong>discrimine.</strong></span> 
     </span>
     <span class='ocr_line' id='line_1_104' title="bbox 1394 3284 1759 3326; baseline -0.019 -5"><span class='ocrx_word' id='word_1_803' title='bbox 1394 3288 1409 3304; x_wconf 78' lang='lat'><strong>&#39;⁴‘</strong></span> <span class='ocrx_word' id='word_1_804' title='bbox 1434 3288 1543 3320; x_wconf 88' lang='lat' dir='ltr'><strong>Locus</strong></span> <span class='ocrx_word' id='word_1_805' title='bbox 1560 3284 1759 3326; x_wconf 83' lang='lat' dir='ltr'><strong>implicatus.</strong></span> 
     </span>
     <span class='ocr_line' id='line_1_105' title="bbox 1394 3338 1814 3382; baseline -0.007 -11"><span class='ocrx_word' id='word_1_806' title='bbox 1394 3341 1408 3363; x_wconf 51' lang='grc' dir='ltr'>Β</span> <span class='ocrx_word' id='word_1_807' title='bbox 1426 3338 1485 3371; x_wconf 79' lang='lat' dir='ltr'><strong>Alii</strong></span> <span class='ocrx_word' id='word_1_808' title='bbox 1502 3342 1622 3379; x_wconf 61' lang='grc' dir='ltr'>ἔδωκεν,</span> <span class='ocrx_word' id='word_1_809' title='bbox 1639 3343 1698 3382; x_wconf 69' lang='grc' dir='ltr'><strong>ἄρα</strong></span> <span class='ocrx_word' id='word_1_810' title='bbox 1715 3339 1814 3373; x_wconf 67' lang='grc' dir='ltr'>τύπος.</span> 
     </span>
    </p>
   </div>
  </div>
 </body>
</html>
