2502 3810
317 245 412 290 688
797 256 833 285 s.

317 338 413 389 quod
432 351 500 375 non
519 336 610 373 ultra
624 335 684 372 lex
698 335 772 372 vim
787 335 947 384 haberet,
961 335 1018 374 vel
1031 334 1125 386 quod
1142 334 1304 373 laborum

315 407 402 436 esset
421 411 462 434 ac
480 396 649 434 sudorum
666 411 673 431 :
690 395 782 432 hanc
800 409 906 447 porro
928 396 997 433 Dei
1012 396 1203 448 justitiam,
1226 410 1305 446 quae

314 473 359 495 ex
379 457 448 494 fide
465 465 528 505 est,
551 470 590 493 eo
610 455 705 505 quod
727 465 796 493 tota
821 456 865 494 sit
880 471 924 494 ex
947 471 1098 508 superna
1126 458 1252 508 gratia,
1273 464 1307 494 et

315 518 412 568 quod
438 530 506 554 non
536 516 734 565 laboribus,
764 516 825 554 sed
845 517 913 554 Dei
942 517 1035 555 dono
1051 516 1303 569 justificemur.

315 577 385 615 Sed
400 577 462 627 qui
477 591 613 629 semper
627 576 776 629 Spiritui
793 587 910 615 sancto
925 578 1104 627 resistunt,
1123 577 1209 615 dum
1227 591 1307 615 con-

315 637 495 675 tenderent
535 652 597 689 per
629 638 742 688 legem
759 637 964 689 justificari,
990 651 1058 675 non
1088 646 1308 676 accesserunt

874 255 1057 285 JOANMS
1096 253 1338 284 CHRYSOST.

1371 254 1395 283 A
1404 256 1560 286 RCHIEP
1570 276 1580 286 .
1617 256 1953 291 CONSTANTINOP
1962 280 1970 289 .

1378 350 1506 382 στεως,
1532 337 1589 376 διὰ
1616 338 1655 376 τὸ
1681 339 1867 392 ὁλόκληρον
1889 340 1995 388 αὐτὴν
2012 343 2051 380 ἐκ
2070 343 2130 388 τῆς
2151 342 2278 380 ἄνωθεν
2308 335 2395 380 εἶναι

1376 397 1518 448 χάριτος
1529 427 1538 445 ,
1557 398 1616 436 καὶ
1632 398 1709 451 οὐχὶ
1725 399 1862 445 πόνοις,
1883 400 1972 438 ἀλλὰ
1989 403 2078 440 Θεοῦ
2100 404 2315 441 δικαιοῦσθαι
2329 404 2396 440 600—

1379 463 1451 509 ρεᾷ.
1468 457 1557 495 Ἀλλ’
1573 461 1603 496 οἳ
1617 458 1670 496 ἀεὶ
1687 461 1736 511 τῷ
1753 458 1932 510 Πνεύματι
1947 463 1996 512 τῷ
2011 461 2098 513 ἁγίῳ
2115 463 2394 511 ἀντιπίπτοντες,

1377 520 1648 569 φιλονεικοῦντες
1667 518 1724 557 διὰ
1743 523 1802 557 τοῦ
1832 519 1937 571 νόμου
1959 522 2205 571 δικαιωθῆναι,
2229 526 2266 562 οὔ
2289 538 2397 575 προσ-

1377 580 1480 625 ῆλθον
1495 583 1538 631 τῆ
1555 579 1692 618 πίστει·
1716 580 1764 631 μὴ
1780 581 2026 632 προσελθόντες
2045 583 2079 620 δὲ
2098 586 2140 635 τῆ
2157 584 2290 632 πίστει,
2309 583 2396 634 μηδὲ

1376 640 1541 684 λαὸόντες
1558 640 1619 687 τὴν
1631 640 1665 685 ἐξ
1682 643 1787 687 αὐτῆς
1803 641 2035 688 δικαιοσύνην,
2053 643 2111 681 καὶ
2128 645 2196 682 ἀπὸ
2213 648 2272 682 τοῦ
2289 644 2395 694 νόμου

315 699 361 736 ad
375 698 494 736 fidem:
513 712 581 735 non
597 698 799 736 accedentes
811 708 929 736 autem
938 699 983 737 ad
994 699 1116 745 fidem,
1135 713 1198 736 nec
1210 699 1302 736 acci-
1316 736 1361 758 m
1377 700 1424 751 μὴ
1443 701 1640 748 δυνηθέντες
1659 703 1904 749 δικαιωθῆναι,
1919 702 2086 741 πάντοθεν
2106 704 2275 748 ἐξέπεσον.
2286 705 2398 747 Τέλος

315 761 449 812 pientes
461 760 652 812 justitiam,
670 774 747 810 quae
762 774 807 797 ex
827 760 888 797 illa
906 769 1061 808 est,cum
1074 773 1143 797 non
1160 769 1305 812 possent
1326 752 1351 800 Ᾰ
1374 761 1441 813 γὰρ
1458 761 1562 812 νόμου
1585 762 1735 814 Χριστὸς
1755 763 1802 806 εἷς
1822 762 2040 810 δικαιοσύνην
2058 764 2162 802 παντὶ
2179 768 2228 817 τῷ
2255 764 2397 803 πιστεύ-

315 837 334 859 a
361 821 437 872 lege
451 820 642 873 justificari
661 850 672 869 ,
698 820 854 871 undique
886 820 1109 858 exciderunt.
1133 820 1169 857 4.
1191 822 1305 858 Finis

315 885 417 919 enim
432 882 526 933 legis
543 882 719 919 Christus
732 882 986 933 adjustitiam
1002 884 1109 918 omni
1122 882 1303 918 credenti.

315 944 412 981 Vide
425 942 528 979 Pauli
552 941 791 993 prudentiam.
814 942 909 988 Quia
934 943 1028 980 enim
1047 942 1187 980 dixerat
1200 942 1306 993 justi-

316 1002 402 1038 tiam
426 1010 460 1038 et
469 1000 646 1053 justitiam
653 1016 665 1051 3
683 1015 724 1038 ne
749 1009 915 1052 putarent
936 1015 980 1038 ex
994 1001 1128 1040 Judaeis
1153 1001 1223 1051 illi,
1243 1001 1303 1051 qui

317 1064 520 1114 credebant,
538 1078 645 1101 unam
665 1078 700 1101 se
728 1064 872 1114 habere,
889 1064 934 1101 ab
953 1064 1062 1102 altera
1080 1078 1164 1103 vero
1184 1065 1305 1116 priva-

317 1125 360 1173 ri,
378 1134 411 1162 et
431 1124 631 1175 iniquitatis
647 1124 835 1174 damnari3
860 1139 941 1162 nam
959 1133 993 1162 et
1007 1124 1072 1162 hos
1099 1138 1169 1162 non
1189 1125 1307 1162 minus

315 1185 439 1223 timere
451 1185 646 1237 oportebat,
661 1185 744 1235 quia
762 1199 874 1237 nuper
887 1185 934 1223 ad
950 1184 1059 1222 fidem
1075 1194 1303 1234 accesserant3

317 1257 562 1296 neverursum
578 1243 694 1282 Judaei
709 1252 951 1294 exspectarent
965 1258 1000 1281 se
1021 1243 1121 1281 illam
1139 1244 1309 1296 impletu-
1328 1258 1351 1288 B

317 1318 374 1342 ros
388 1318 472 1353 esse,
490 1318 559 1341 neu
572 1304 745 1353 dicerent,
763 1304 916 1342 Etiamsi
938 1305 1097 1343 nondum
1120 1306 1221 1343 illam
1240 1306 1307 1343 im-

317 1365 549 1416 pleverimus,
563 1365 706 1402 omnino
723 1365 952 1417 implebimus
972 1382 979 1401 ε
996 1365 1080 1404 vide
1101 1365 1188 1416 quid
1211 1375 1305 1417 agat.

319 1425 484 1464 Ostendit
499 1440 607 1463 unam
621 1436 693 1463 esse
704 1426 891 1477 justitiam,
906 1426 1074 1476 illamque
1090 1427 1124 1463 in
1152 1427 1244 1463 hanc
1255 1441 1309 1464 re·

318 1486 401 1524 duci
419 1502 426 1523 :
450 1495 482 1523 et
497 1486 596 1537 quod
613 1487 673 1537 qui
697 1487 789 1524 hanc
802 1501 865 1538 per
882 1486 989 1541 fidem
1016 1487 1192 1538 implevit,
1208 1487 1309 1524 illam

319 1564 458 1600 quoque
477 1549 699 1601 impleverit3
715 1549 775 1599 qui
796 1563 880 1586 vero
896 1548 988 1586 hanc
1003 1550 1262 1600 reprobaverit,
1276 1558 1309 1586 et

318 1612 363 1648 ab
382 1612 442 1648 illa
460 1621 493 1648 et
509 1612 553 1648 ab
572 1611 640 1647 hac
659 1610 746 1647 dicit
773 1610 961 1648 excidisse.
981 1611 1020 1648 Si
1035 1611 1130 1648 enim
1155 1611 1237 1649 finis
1257 1612 1308 1649 le-

319 1672 372 1722 gis
393 1671 579 1719 Christus;
602 1670 663 1720 qui
681 1670 867 1707 Christum
886 1685 955 1708 non
968 1671 1091 1721 habet,
1105 1672 1243 1710 etiamsi
1265 1673 1307 1710 il-

318 1733 389 1769 lam
410 1731 573 1769 videatur
589 1731 731 1779 habere,
753 1745 823 1768 non
843 1740 960 1769 tamen
988 1732 1119 1769 habet:
1141 1733 1203 1782 qui
1223 1747 1308 1771 vero

319 1793 500 1830 Christum
521 1792 639 1839 habet,
656 1791 791 1829 etiamsi
806 1791 919 1843 legem
935 1806 1005 1830 non
1023 1793 1238 1844 impleverit,
1252 1803 1306 1831 to-

318 1863 395 1891 tum
416 1853 561 1905 recepit.
586 1854 679 1890 Nam
705 1852 889 1889 medicinae
909 1853 991 1891 finis
1020 1862 1071 1891 est
1098 1854 1241 1893 sanitas.
1258 1855 1308 1893 Ut

319 1917 429 1968 igitur
446 1917 489 1966 is,
509 1916 568 1967 qui
588 1925 701 1968 potest
721 1930 847 1953 sanum
866 1916 992 1964 facere,
1011 1916 1149 1954 etiamsi
1162 1917 1311 1956 medici·
1330 1932 1353 1964 C

321 1993 374 2015 nte
394 1988 506 2015 artem
529 1992 598 2015 non
613 1978 755 2024 habeat,
778 1987 893 2015 totum
916 1978 1042 2027 habet3
1059 1979 1119 2029 qui
1139 1993 1222 2018 vero
1245 1994 1309 2017 cu—

322 2054 399 2077 rare
417 2040 538 2088 nescit,
558 2040 696 2077 etiamsi
715 2048 827 2076 artem
847 2054 1009 2078 exercere
1023 2040 1204 2091 videatur,
1221 2055 1240 2078 a
1257 2051 1308 2079 to-

322 2111 356 2138 to
372 2101 507 2138 excidit
523 2116 530 2137 :
552 2101 602 2138 sic
626 2100 661 2137 iu
689 2100 766 2152 lege
785 2110 817 2138 ct
838 2100 910 2138 fide
927 2116 934 2137 ε
953 2101 1016 2151 qui
1035 2101 1127 2138 hanc
1141 2102 1261 2151 habet,
1277 2111 1310 2140 et

323 2161 422 2199 illius
448 2162 554 2199 finem
583 2161 710 2210 habet3
731 2161 892 2212 quivero
921 2171 1021 2200 extra
1052 2162 1153 2200 illam
1181 2172 1244 2210 est,
1266 2164 1311 2201 ab

323 2233 472 2274 utraque
493 2233 543 2261 cst
571 2224 721 2262 alienus.
743 2223 844 2270 Quid
863 2224 958 2261 enim
971 2225 1051 2262 vult
1072 2225 1156 2262 lex?
1169 2227 1312 2264 Justum

323 2284 437 2321 facere
450 2284 646 2331 hominem3
663 2284 725 2320 sed
742 2298 810 2321 non
826 2284 942 2335 potuit
962 2300 970 2320 :
988 2298 1090 2322 nemo
1103 2285 1198 2323 enim
1213 2286 1314 2324 illam

325 2343 502 2395 implevit.
520 2343 589 2381 Hic
608 2343 720 2394 igitur
736 2343 820 2380 finis
841 2343 930 2394 legis
953 2353 1038 2391 erat,
1057 2354 1091 2382 et
1107 2344 1179 2381 huc
1196 2345 1313 2383 omnia

325 2404 805 2457 respiciebant,propterhoc
821 2404 938 2441 omnia
948 2405 1094 2454 fiebant,
1111 2406 1211 2451 festa,
1224 2419 1314 2457 prae-

326 2474 440 2516 cepta,
455 2464 644 2514 sacrificia,
663 2473 695 2501 et
712 2464 846 2514 reliqua
859 2464 990 2512 omnia,
1009 2466 1315 2516 utjustificaretur

325 2526 444 2563 homo.
466 2524 537 2563 Sed
553 2535 636 2563 tunc
660 2525 767 2562 finem
785 2525 912 2563 melius
929 2540 993 2577 per
1012 2526 1121 2564 fidem
1143 2541 1314 2577 assequu-

1374 838 1460 860 οντι.
1477 821 1574 875 εὈρα
1589 823 1733 861 Παύλου
1755 822 1904 861 σύνεσιν.
1921 823 2068 870 Ἐπειδὴ
2086 824 2153 877 γὰρ
2175 819 2249 862 εἶπε
2266 826 2397 863 δικαιο-

1373 882 1478 929 σύνην
1498 884 1558 921 καὶ
1579 883 1812 931 δικαιοσύνην,
1829 883 1885 921 ἵνα
1906 883 1955 934 μὴ
1977 884 2118 928 δόξωσιν
2135 888 2166 922 οἱ
2186 884 2398 923 πιστεύσαν-

1373 959 1429 987 τες
1447 943 1482 988 ἐξ
1507 944 1685 982 Ἰουδαίων
1701 944 1762 992 τὴν
1786 943 1846 995 μὲν
1867 941 1971 996 ἔχείν,
1989 947 2052 990 τῆς
2070 944 2106 983 δὲ
2127 946 2399 998 ἀπεστερῆσθαι,

1374 1004 1433 1042 καὶ
1454 1004 1675 1056 παρανομίας
1694 1005 1894 1056 κρίνεσθαι·
1916 1005 1974 1043 καὶ
2003 1005 2068 1057 γὰρ
2089 1006 2148 1043 καὶ
2176 1005 2317 1049 τούτους
2334 1008 2399 1058 οὐχ

1374 1060 1477 1111 ἧττον
1491 1066 1681 1104 δεδοικέναι
1699 1069 1805 1118 ἐχρῆν
1824 1066 1875 1104 ἔτι
1894 1066 2059 1112 νεήλυδας
2074 1066 2189 1110 ὄντας·
2209 1066 2297 1117 μηδὲ
2314 1067 2399 1105 Ἰου-

1376 1127 1464 1164 δαῖοι
1481 1127 1588 1165 πάλιν
1608 1126 1894 1179 προσδοκήσωσιν
1916 1126 2022 1174 αὐτὴν
2039 1131 2239 1178 κατορθοῦν,
2259 1127 2319 1165 καὶ
2348 1127 2397 1165 εἴ·

1375 1203 1501 1235 πωσιν,
1523 1186 1575 1225 ὅτι
1592 1187 1695 1225 εἶκαὶ
1719 1187 1766 1237 μὴ
1787 1191 1842 1225 νῦν
1865 1187 2134 1239 ἐπληράωαμεν,
2152 1187 2242 1225 ἀλλὰ
2260 1187 2399 1230 πάντως

1375 1247 1630 1298 πληρώσομεν·
1667 1247 1731 1301 ὅρα
1759 1247 1793 1286 τί
1818 1247 2082 1296 κατασκευάζει.
2120 1248 2312 1295 Δείκνυσιν,
2345 1247 2398 1286 ὅτι

1377 1308 1441 1359 μία
1460 1309 1552 1346 ἐστὶν
1569 1312 1590 1355 ἡ
1609 1308 1831 1356 δικαιοσύνη,
1851 1309 1911 1346 καὶ
1932 1308 2046 1356 ἐκείνη
2067 1311 2114 1352 εἷς
2127 1308 2256 1356 ταύτην
2275 1310 2398 1347 ἀνακε-

1377 1370 1604 1420 φαλαιοῦται,
1627 1369 1687 1406 καὶ
1706 1368 1759 1406 ὅτι
1789 1372 1806 1406 ὅ
1837 1368 1898 1418 μὲν
1922 1368 2051 1414 ταύτην
2071 1368 2231 1418 ἑλόμενος
2258 1368 2321 1414 τὴν
2343 1369 2399 1407 διὰ

1376 1427 1525 1470 πίστεως
1541 1458 1550 1476 ,
1581 1428 1744 1475 κάκείνην
1766 1429 1986 1479 ἐπλήρωσεν·
2009 1432 2025 1466 ὃ
2058 1427 2093 1466 δὲ
2122 1428 2250 1476 ταύτην
2272 1430 2400 1480 ἀτιμά-

1376 1503 1457 1534 σας,
1473 1488 1637 1535 κάκείνης
1666 1488 1754 1539 μετὰ
1775 1488 1903 1535 ταύτης
1930 1488 2100 1533 ἐξέπεσεν.
2118 1490 2161 1527 Εἰ
2180 1489 2248 1541 γὰρ
2268 1494 2327 1528 τοῦ
2346 1490 2399 1528 νό-

1378 1565 1442 1599 μου
1466 1548 1563 1592 τέλος
1582 1551 1599 1586 ὁ
1620 1549 1769 1601 Χριστὸς
1785 1580 1795 1596 ,
1817 1553 1834 1587 ὃ
1864 1550 1921 1588 τὸν
1941 1549 2092 1601 Χριστὸν
2115 1550 2177 1588 οὐκ
2209 1550 2312 1601 ἔχων,
2336 1550 2398 1588 κᾶν

1376 1609 1511 1655 ἐκείνην
1526 1610 1608 1661 δοκῆ
1628 1610 1733 1663 ἔχειν,
1754 1612 1815 1647 οὐκ
1834 1609 1908 1663 ἔχει
1925 1626 1932 1633 ·
1959 1613 1976 1648 6
1995 1610 2030 1648 δὲ
2050 1610 2107 1649 τὸν
2129 1611 2280 1663 Χριστὸν
2296 1610 2400 1663 ἔχων,

1377 1670 1439 1707 κᾶν
1458 1669 1505 1721 μὴ
1524 1665 1546 1722 ῆ
1562 1670 1802 1723 κατωρθωκὼς
1830 1671 1886 1709 τὸν
1906 1671 2024 1720 νόμον,
2043 1671 2082 1709 τὸ
2096 1678 2164 1709 πᾶν
2183 1671 2314 1724 εἴληφε.
2333 1672 2401 1710 Καὶ

1377 1729 1444 1784 γὰρ
1463 1731 1560 1775 τέλος
1593 1734 1751 1784 ἰατρικῆς
1774 1731 1883 1782 ὑγεία.
1918 1731 2058 1783 Ἵὶσπερ
2089 1726 2146 1770 οὖν
2177 1735 2194 1770 6
2217 1733 2401 1782 δυνάμενος

1376 1795 1456 1843 ὑγιῆ
1478 1799 1603 1836 ποιεῖν,
1628 1792 1692 1830 κᾶν
1714 1792 1761 1842 μὴ
1782 1792 1844 1839 τὴν
1862 1792 2020 1845 ἰατρικὴν
2038 1793 2123 1845 ἔχῃ,
2143 1792 2182 1830 τὸ
2211 1799 2280 1830 πᾶν
2307 1794 2379 1845 ἔχει
2393 1808 2400 1816 ·

1376 1855 1393 1890 ὁ
1415 1853 1449 1892 δὲ
1474 1853 1521 1905 μὴ
1543 1852 1640 1896 εἰδὼς
1657 1853 1868 1905 θεραπεύειν,
1889 1852 1951 1891 κᾶν
1980 1854 2134 1904 μετιέναι
2155 1855 2238 1904 δοκῇ
2261 1854 2323 1900 τὴν
2340 1855 2399 1893 τέ-

1376 1930 1477 1967 χνην,
1498 1919 1557 1953 τοῦ
1574 1915 1701 1958 παντὸς
1733 1913 1892 1958 ἐξέπεσεν
1905 1930 1912 1938 ·
1934 1914 2023 1952 οὕτω
2042 1914 2101 1952 καὶ
2120 1914 2177 1952 ἐπὶ
2210 1918 2268 1952 τοῦ
2295 1914 2400 1965 νόμου

1377 1976 1435 2013 καὶ
1456 1979 1518 2022 τῆς
1537 1976 1686 2019 πίστεως
1699 2006 1708 2024 ,
1726 1979 1743 2014 6
1765 1975 1827 2026 μὲν
1847 1975 1976 2022 ταύτην
1997 1975 2100 2028 ἔρον,
2130 1976 2189 2013 καὶ
2209 1976 2248 2013 τὸ
2272 1976 2400 2014 ἐκείνου

1376 2037 1474 2081 τέλος
1493 2037 1566 2089 ἔχει
1578 2053 1585 2060 ·
1603 2040 1620 2075 6
1641 2036 1676 2075 δὲ
1705 2037 1834 2083 ταύτης
1851 2036 1915 2080 ἔξω
1934 2036 1993 2109 ὢν,
2011 2036 2216 2090 ἀμφοτέρων
2235 2037 2325 2075 ἐστὶν
2342 2040 2403 2076 ἀλ-

1378 2099 1527 2150 λότριος.
1552 2097 1600 2136 Τί
1619 2097 1685 2150 γὰρ
1719 2097 1822 2136 {606}x
1825 2113 1881 2135 ετο
1909 2100 1925 2136 6
1954 2097 2076 2148 νόμος;
2095 2096 2238 2136 Δίκαιον
2256 2101 2401 2144 ποιῆσαι

1379 2158 1436 2196 τὸν
1462 2158 1667 2212 ἄνθρωπον·
1691 2160 1766 2197 ἀλλ’
1794 2174 1855 2196 ουκ
1874 2158 2041 2210 ισχυσεν·
2071 2158 2181 2202 ουδεὶς
2208 2158 2276 2210 γὰρ
2301 2159 2401 2197 αὐτὸν

1381 2220 1577 2271 ἐπληρωσε.
1608 2222 1722 2258 Τουτο
1744 2235 1800 2258 ουν
1827 2212 1972 2263 τέλος
1950 2223 1991 2265 ἠν
2019 2235 2077 2258 του
2105 2219 2232 2292 νόμου,
2263 2220 2323 2258 καὶ
2355 2221 2403 2263 εἷς

1380 2296 1479 2318 τουτο
1505 2280 1652 2317 πάνταε
1639 2280 1788 2326 §.Oen-e,
1811 2295 1870 2317 και
1901 2279 1957 2317 διὰ
1977 2284 2076 2317 τοῦτο
2102 2280 2218 2317 πάντα
2245 2280 2401 2330 ἐγένετο,

1381 2340 1441 2377 καὶ
1462 2342 1496 2377 αἱ
1529 2339 1644 2391 ἑορταὶ
1674 2340 1733 2377 καὶ
1765 2342 1800 2377 αἱ
1822 2339 1957 2377 ἐντολαὶ
1987 2338 2046 2376 καὶ
2068 2341 2102 2376 αἱ
2131 2338 2247 2377 θυσίαι
2267 2339 2326 2377 καὶ
2359 2339 2403 2377 τὰ

1381 2399 1486 2438 λοιπὰ
1506 2400 1642 2448 πάντα,
1671 2399 1727 2437 ἵνα
1747 2400 1914 2450 δικαιωθῆ
1933 2402 1950 2437 6
1970 2400 2160 2452 ἅνθρωπος.
2181 2399 2285 2438 Ἀλλὰ
2303 2404 2403 2438 τοῦτο

1382 2462 1421 2500 τὸ
1446 2461 1542 2504 τέλος
1560 2462 1682 2507 ἤνυσεν
1703 2464 1719 2498 6
1736 2461 1885 2513 Χριστὸς
1908 2461 2070 2511 μειζόνως
2087 2460 2144 2498 διὰ
2159 2462 2221 2505 τῆς
2241 2460 2402 2505 πίστεως.

1382 2521 1443 2569 Μὴ
1460 2521 1572 2559 τοίνυν
1587 2522 1759 2573 φοόηθῆς,
1774 2521 1889 2573 φησὶν,
1910 2525 1955 2565 ὥς
1971 2521 2029 2559 τὸν
2041 2520 2144 2570 νόμον
2163 2521 2404 2574 παραέαίνων,

327 2596 382 2624 tus
400 2595 449 2623 est
464 2586 639 2623 Christus.
659 2587 713 2623 Ne
735 2600 818 2637 ergo
835 2586 971 2634 timeas,
989 2587 1118 2638 inquit,
1142 2589 1243 2638 quasi
1262 2589 1314 2627 le—
1335 2597 1360 2627 D
1382 2582 1501 2630 ἔπεῑῡὴ
1517 2599 1558 2634 τῃ
1575 2581 1691 2620 πίστει
1707 2584 1916 2633 προσῆλθες·
1934 2598 2012 2620 τοτε
2031 2581 2098 2635 γὰρ
2111 2582 2211 2619 αῧῒῡν
2230 2582 2405 2633 παραὲαί-

327 2660 405 2696 gem
420 2644 696 2695 transgrediens,
709 2654 894 2696 postquam
916 2645 963 2682 ad
989 2645 1099 2683 fidem
1119 2647 1310 2685 accessisti.

327 2699 430 2743 Tune
444 2705 537 2742 enim
550 2705 649 2741 illam
662 2704 932 2755 transgrederis,
946 2719 1027 2742 cum
1041 2715 1186 2758 propter
1200 2707 1314 2758 ipsam

328 2765 470 2803 Christo
497 2779 566 2802 non
584 2764 700 2802 credis
718 2780 725 2800 ε
746 2773 866 2802 eontra
883 2764 912 2801 si
932 2765 1074 2802 Christo
1097 2766 1312 2817 credideris,

328 2827 442 2877 legem
466 2825 659 2877 implevisti
689 2825 802 2862 multo
827 2825 941 2876 magis
969 2840 1076 2876 quam
1104 2827 1165 2864 illa
1181 2828 1314 2879 jussit:

328 2887 441 2924 multo
466 2886 637 2937 majorem
662 2886 946 2938 enimjustitiam
970 2888 1148 2939 accepisti.
1177 2889 1316 2927 Deinde

327 2948 409 2998 quia
437 2947 514 2984 hzec
531 2946 699 2984 sententia
721 2956 834 2997 erant,
853 2961 872 2984 a
886 2947 1081 2999 Scripturis
1103 2963 1226 2987 rursus
1254 2950 1316 2988 illa

327 3008 528 3045 confirmat.
547 3009 582 3045 5.
602 3010 775 3056 stonses,
794 3007 921 3058 inquit,
939 3010 1136 3060 justitiam
1163 3024 1249 3062 quoe
1269 3025 1316 3047 ex

330 3069 411 3120 lege
430 3077 485 3106 est
520 3070 664 3106 scribit.
698 3067 739 3105 Id
768 3077 832 3117 est,
852 3070 997 3121 Moyses
1026 3069 1180 3107 ostendit
1213 3071 1315 3108 nobis

328 3143 405 3165 eam
423 3143 499 3179 quae
520 3141 565 3165 ex
584 3127 662 3178 lege
678 3137 730 3165 est
748 3128 937 3179 justitiam,
962 3129 1077 3179 qualis
1107 3143 1234 3182 nempe
1253 3130 1314 3168 illa

1382 2660 1470 2693 νεις,
1489 2644 1544 2681 ὅτε
1565 2643 1608 2680 δι’
1631 2658 1732 2680 αυτον
1753 2646 1801 2680 τ(Νι)
1817 2644 1960 2695 ΧριστιΝ)
1987 2641 2034 2693 μὴ
2054 2641 2222 2680 πιστεύστ
2218 2660 2243 2689 ,ς
2256 2645 2343 2690 ·ὡς,
2363 2643 2403 2681 ἂν

1381 2704 1568 2755 πιστεύσῃς
1582 2706 1687 2756 αυτιΝ),
1697 2706 1854 2742 κάκεῖνον
1870 2704 1958 2741 ἐπλ’
1929 2718 2087 2753 ηρωσας,
2099 2718 2158 2740 και
2171 2704 2289 2754 πολλῷ
2300 2703 2404 2741 πλέον

1382 2768 1403 2812 ἢ
1422 2766 1601 2804 ἐκέλευσε·
1623 2767 1743 2804 πολ)()
1777 2766 1844 2818 γὰρ
1866 2765 2006 2816 μείζονα
2035 2764 2251 2812 δικαιοσύνην
2271 2765 2404 2808 ἔλαὸες.

1382 2829 1473 2865 Εἶτα
1501 2826 1620 2872 ἐπειδὴ
1642 2842 1752 2865 ταυτα
1786 2826 1959 2878 ἀπόφασις
1983 2830 2041 2872 ἦν,
2073 2826 2142 2864 ἀπὸ
2168 2829 2234 2863 τ(Ν)ν
2256 2827 2405 2877 Γραφῶν

1383 2888 1488 2926 πάλιν
1510 2887 1598 2925 αυτα
1618 2885 1701 2925 πιστ
1704 2893 1814 2926 ου’ται.
1830 2889 1983 2932 Μωῦσῆς
1998 2886 2144 2938 γράφει,
2164 2902 2267 2938 φησι,
2285 2886 2348 2933 τὴν
2368 2889 2407 2924 ἐκ

1384 2954 1444 2987 τοῦ
1463 2948 1569 2998 νόμου
1586 2947 1871 2994 δικαιοσύνην.Ὃ
1888 2946 1924 2984 δὲ
1942 2945 2036 2996 λέγει
2050 2976 2059 2993 ,
2074 2946 2176 2983 τοῦτό
2195 2949 2269 2984 ἐστι
2282 2962 2289 2969 ·
2304 2948 2407 2984 Μωϋ-

1384 3012 1448 3055 σῆς
1469 3008 1640 3046 δείκνυσιν
1676 3010 1761 3057 ἡμῖν
1789 3007 1851 3054 τὴν
1872 3008 1911 3044 ἐκ
1942 3010 2002 3043 τοῦ
2034 3006 2139 3057 νόμου
2175 3007 2406 3054 δικαιοσύνην,

1383 3070 1486 3109 ὁποία
1515 3068 1566 3112 τίς
1598 3070 1670 3107 ἐστι
1690 3067 1749 3106 καὶ
1768 3066 1925 3113 ποταπή.
1957 3066 2050 3104 Ποία
2065 3067 2193 3114 «τοίνυν,
2225 3068 2284 3105 καὶ
2304 3067 2407 3106 πόθεν

2361 3127 2406 3165 Ὁ

1384 3131 1606 3177 συνίσταται,
1627 3129 1711 3168 Ἀπὸ
1737 3131 1795 3166 τοιΝ)
1828 3130 2057 3178 πληρωθῆναι
2084 3127 2146 3171 τὰς
2178 3128 2328 3172 ἐντολάς.

330 3191 375 3228 sit
390 3200 423 3228 et
439 3190 531 3228 unde
555 3198 700 3227 constet.
722 3189 848 3239 Qualis
877 3190 987 3242 igitur
1004 3191 1065 3228 illa
1086 3200 1148 3241 cst,
1165 3201 1198 3229 et
1224 3193 1314 3231 unde
1338 3201 1361 3232 E
1383 3192 1533 3238 ποιήσας
1555 3189 1658 3236 αὐτὰ,
1682 3189 1784 3242 φησὶ,
1808 3188 1951 3234 ζήσεται
1980 3190 2014 3225 ἐν
2050 3189 2175 3231 αὐτοῖς.
2196 3189 2265 3226 Καὶ
2291 3189 2405 3232 ἄλλως

331 3250 583 3288 constituitur?
606 3250 645 3288 Si
665 3250 832 3288 mandata
855 3251 1085 3303 impleantur.
1113 3253 1189 3303 Qui
1203 3254 1312 3305 sece-

330 3316 379 3348 rit
400 3326 463 3356 ea,
487 3312 616 3361 inquit,
640 3315 745 3349 vivet
778 3315 819 3349 in
851 3313 944 3350 illis.
963 3313 1041 3350 Non
1064 3314 1166 3351 aliter
1193 3323 1308 3366 potest

332 3371 410 3419 quis
423 3371 611 3421 justificari
629 3372 663 3409 in
684 3373 773 3422 lege,
795 3387 899 3422 quam
918 3373 944 3411 si
959 3374 1074 3412 omnia
1096 3374 1313 3425 impleverit:

333 3431 423 3468 illud
442 3439 555 3468 autem
587 3445 688 3469 nemo
718 3433 842 3484 potuit.

1383 3254 1443 3291 οὐκ
1464 3252 1512 3290 ἔνι
1533 3250 1665 3289 δίκαιον
1680 3249 1837 3299 γενέσθαι
1857 3250 1890 3286 ἐν
1912 3248 2008 3300 νόμῳ
2021 3278 2030 3296 ,
2050 3250 2124 3286 ἀλλ’
2144 3248 2166 3294 ἢ
2184 3249 2296 3287 πάντα
2311 3251 2402 3295 πλη-

1386 3313 1565 3366 ρώσαντα·
1587 3315 1687 3349 τοῦτο
1708 3310 1742 3348 δὲ
1763 3309 1874 3348 οὐδενὶ
1892 3308 2010 3359 γέγονε
2030 3308 2184 3347 δυνατόν.
