<?xml version="1.0" encoding="UTF-8"?>
<!DOCTYPE html PUBLIC "-//W3C//DTD XHTML 1.0 Transitional//EN"
    "http://www.w3.org/TR/xhtml1/DTD/xhtml1-transitional.dtd">
<html xmlns="http://www.w3.org/1999/xhtml" xml:lang="en" lang="en">
 <head>
  <title>
</title>
<meta http-equiv="Content-Type" content="text/html;charset=utf-8" />
  <meta name='ocr-system' content='tesseract 3.04.00' />
  <meta name='ocr-capabilities' content='ocr_page ocr_carea ocr_par ocr_line ocrx_word'/>
</head>
<body>
  <div class='ocr_page' id='page_1' title='image "./operaomniaquaeex09johnuoft/operaomniaquaeex09johnuoft_0651.png"; bbox 0 0 2502 3810; ppageno 0'>
   <div class='ocr_carea' id='block_1_1' title="bbox 718 271 937 302">
    <p class='ocr_par' dir='ltr' id='par_1_1' title="bbox 718 271 937 302">
     <span class='ocr_line' id='line_1_1' title="bbox 718 271 937 302; baseline 0 -2"><span class='ocrx_word' id='word_1_1' title='bbox 718 273 761 301; x_wconf 62' lang='lat' dir='ltr'>{N</span> <span class='ocrx_word' id='word_1_2' title='bbox 797 271 937 302; x_wconf 81' lang='lat' dir='ltr'>EPtST.</span> 
     </span>
    </p>
   </div>
   <div class='ocr_carea' id='block_1_2' title="bbox 70 353 1094 1127">
    <p class='ocr_par' dir='ltr' id='par_1_2' title="bbox 70 353 1092 1071">
     <span class='ocr_line' id='line_1_2' title="bbox 70 353 1081 400; baseline -0.005 -6"><span class='ocrx_word' id='word_1_3' title='bbox 70 356 188 398; x_wconf 77' lang='grc' dir='ltr'>ἁπλῶς</span> <span class='ocrx_word' id='word_1_4' title='bbox 204 355 330 393; x_wconf 75' lang='grc' dir='ltr'>τέθεικε</span> <span class='ocrx_word' id='word_1_5' title='bbox 345 354 401 392; x_wconf 75' lang='grc' dir='ltr'>τὸν</span> <span class='ocrx_word' id='word_1_6' title='bbox 423 353 579 400; x_wconf 78' lang='grc' dir='ltr'>θάνατον,</span> <span class='ocrx_word' id='word_1_7' title='bbox 599 353 689 391; x_wconf 75' lang='grc' dir='ltr'>ἀλλὰ</span> <span class='ocrx_word' id='word_1_8' title='bbox 707 353 812 391; x_wconf 87' lang='grc' dir='ltr'>πάλιν</span> <span class='ocrx_word' id='word_1_9' title='bbox 827 353 883 390; x_wconf 76' lang='grc' dir='ltr'>τὸν</span> <span class='ocrx_word' id='word_1_10' title='bbox 903 356 1012 390; x_wconf 88' lang='grc' dir='ltr'>ταῦτα</span> <span class='ocrx_word' id='word_1_11' title='bbox 1027 354 1081 389; x_wconf 56' lang='lat'>3*-</span> 
     </span>
     <span class='ocr_line' id='line_1_3' title="bbox 70 412 1080 467; baseline -0.003 -15"><span class='ocrx_word' id='word_1_12' title='bbox 70 415 263 467; x_wconf 86' lang='grc' dir='ltr'>γασάμενον</span> <span class='ocrx_word' id='word_1_13' title='bbox 294 414 352 452; x_wconf 83' lang='grc' dir='ltr'>τὸν</span> <span class='ocrx_word' id='word_1_14' title='bbox 382 414 528 465; x_wconf 81' lang='grc' dir='ltr'>σταυρὸν</span> <span class='ocrx_word' id='word_1_15' title='bbox 547 412 710 464; x_wconf 77' lang='grc' dir='ltr'>εἰσήγαγε</span> <span class='ocrx_word' id='word_1_16' title='bbox 723 442 732 460; x_wconf 88' lang='grc'>,</span> <span class='ocrx_word' id='word_1_17' title='bbox 754 413 813 451; x_wconf 79' lang='grc' dir='ltr'>καὶ</span> <span class='ocrx_word' id='word_1_18' title='bbox 832 412 942 464; x_wconf 80' lang='grc' dir='ltr'>ταύτῃ</span> <span class='ocrx_word' id='word_1_19' title='bbox 973 416 1080 451; x_wconf 78' lang='grc' dir='ltr'>ποιῶν</span> 
     </span>
     <span class='ocr_line' id='line_1_4' title="bbox 71 473 1084 526; baseline -0.003 -13"><span class='ocrx_word' id='word_1_20' title='bbox 71 481 164 526; x_wconf 72' lang='grc' dir='ltr'>ἡμᾶς</span> <span class='ocrx_word' id='word_1_21' title='bbox 182 474 394 517; x_wconf 78' lang='grc' dir='ltr'>ὑπευθύνους.</span> <span class='ocrx_word' id='word_1_22' title='bbox 415 475 467 512; x_wconf 78' lang='grc' dir='ltr'>Οὐ</span> <span class='ocrx_word' id='word_1_23' title='bbox 482 473 549 526; x_wconf 78' lang='grc' dir='ltr'>γὰρ</span> <span class='ocrx_word' id='word_1_24' title='bbox 564 475 694 521; x_wconf 81' lang='grc' dir='ltr'>ἁπλῶς,</span> <span class='ocrx_word' id='word_1_25' title='bbox 714 473 952 524; x_wconf 69' lang='grc' dir='ltr'>ἀπηλλάγητε,</span> <span class='ocrx_word' id='word_1_26' title='bbox 969 473 1084 525; x_wconf 80' lang='grc' dir='ltr'>φησὶν,</span> 
     </span>
     <span class='ocr_line' id='line_1_5' title="bbox 74 533 1086 584; baseline -0.004 -9"><span class='ocrx_word' id='word_1_27' title='bbox 74 537 182 584; x_wconf 78' lang='grc' dir='ltr'>ἀλλὰ,</span> <span class='ocrx_word' id='word_1_28' title='bbox 198 536 265 574; x_wconf 74' lang='grc' dir='ltr'>Διὰ</span> <span class='ocrx_word' id='word_1_29' title='bbox 277 540 335 573; x_wconf 86' lang='grc' dir='ltr'>τοῦ</span> <span class='ocrx_word' id='word_1_30' title='bbox 353 535 500 573; x_wconf 81' lang='grc' dir='ltr'>θανάτου</span> <span class='ocrx_word' id='word_1_31' title='bbox 515 539 572 573; x_wconf 87' lang='grc' dir='ltr'>τοῦ</span> <span class='ocrx_word' id='word_1_32' title='bbox 591 535 804 572; x_wconf 71' lang='grc' dir='ltr'>δεσποτικοῦ.</span> <span class='ocrx_word' id='word_1_33' title='bbox 822 533 1086 579; x_wconf 51' lang='lat' dir='ltr'>&#39;Boanum-ras</span> 
     </span>
     <span class='ocr_line' id='line_1_6' title="bbox 74 594 1086 650; baseline -0.005 -15"><span class='ocrx_word' id='word_1_34' title='bbox 74 597 162 650; x_wconf 77' lang='grc' dir='ltr'>γὰρ,</span> <span class='ocrx_word' id='word_1_35' title='bbox 181 597 284 648; x_wconf 81' lang='grc' dir='ltr'>φησὶ,</span> <span class='ocrx_word' id='word_1_36' title='bbox 305 598 354 647; x_wconf 80' lang='grc' dir='ltr'>τῷ</span> <span class='ocrx_word' id='word_1_37' title='bbox 372 595 468 647; x_wconf 83' lang='grc' dir='ltr'>νόμῳ</span> <span class='ocrx_word' id='word_1_38' title='bbox 493 595 548 633; x_wconf 68' lang='grc' dir='ltr'>διὰ</span> <span class='ocrx_word' id='word_1_39' title='bbox 567 600 626 632; x_wconf 84' lang='grc' dir='ltr'>τοῦ</span> <span class='ocrx_word' id='word_1_40' title='bbox 645 594 806 644; x_wconf 84' lang='grc' dir='ltr'>σώματος</span> <span class='ocrx_word' id='word_1_41' title='bbox 837 599 895 632; x_wconf 89' lang='grc' dir='ltr'>τοῦ</span> <span class='ocrx_word' id='word_1_42' title='bbox 924 595 1086 645; x_wconf 87' lang='grc' dir='ltr'>Χριστοῦ.</span> 
     </span>
     <span class='ocr_line' id='line_1_7' title="bbox 76 654 1088 708; baseline -0.006 -12"><span class='ocrx_word' id='word_1_43' title='bbox 76 660 152 697; x_wconf 77' lang='grc' dir='ltr'>Οὔκ</span> <span class='ocrx_word' id='word_1_44' title='bbox 171 660 330 695; x_wconf 81' lang='grc' dir='ltr'>ἐντεῦθεν</span> <span class='ocrx_word' id='word_1_45' title='bbox 362 657 396 694; x_wconf 83' lang='grc' dir='ltr'>δὲ</span> <span class='ocrx_word' id='word_1_46' title='bbox 421 655 610 708; x_wconf 80' lang='grc' dir='ltr'>προτρέπει</span> <span class='ocrx_word' id='word_1_47' title='bbox 630 654 744 705; x_wconf 85' lang='grc' dir='ltr'>μόνον,</span> <span class='ocrx_word' id='word_1_48' title='bbox 765 654 855 693; x_wconf 75' lang='grc' dir='ltr'>ἀλλὰ</span> <span class='ocrx_word' id='word_1_49' title='bbox 874 670 932 692; x_wconf 85' lang='grc' dir='ltr'>και</span> <span class='ocrx_word' id='word_1_50' title='bbox 963 657 1001 692; x_wconf 83' lang='grc' dir='ltr'>ἐκ</span> <span class='ocrx_word' id='word_1_51' title='bbox 1027 669 1088 699; x_wconf 91' lang='grc' dir='ltr'>της</span> 
     </span>
     <span class='ocr_line' id='line_1_8' title="bbox 75 715 1089 793; baseline -0.006 -36"><span class='ocrx_word' id='word_1_52' title='bbox 75 721 250 771; x_wconf 67' lang='grc' dir='ltr'>ὑπεροχῆς</span> <span class='ocrx_word' id='word_1_53' title='bbox 236 722 323 761; x_wconf 87' lang='grc' dir='ltr'>ςτοῦ</span> <span class='ocrx_word' id='word_1_54' title='bbox 339 718 495 793; x_wconf 77' lang='grc' dir='ltr'>δευτέρου</span> <span class='ocrx_word' id='word_1_55' title='bbox 515 716 652 768; x_wconf 85' lang='grc' dir='ltr'>ἀνορός·</span> <span class='ocrx_word' id='word_1_56' title='bbox 671 717 722 754; x_wconf 71' lang='grc' dir='ltr'>διὸ</span> <span class='ocrx_word' id='word_1_57' title='bbox 740 716 800 754; x_wconf 83' lang='grc' dir='ltr'>καὶ</span> <span class='ocrx_word' id='word_1_58' title='bbox 816 715 1010 767; x_wconf 74' lang='grc' dir='ltr'>ἐπήγαγεν·</span> <span class='ocrx_word' id='word_1_59' title='bbox 1027 717 1089 757; x_wconf 84' lang='grc' dir='ltr'>Εἷς</span> 
     </span>
     <span class='ocr_line' id='line_1_9' title="bbox 75 770 1090 840; baseline -0.007 -21"><span class='ocrx_word' id='word_1_60' title='bbox 75 781 305 831; x_wconf 79' lang='grc' dir='ltr'>τογενεσθαι</span> <span class='ocrx_word' id='word_1_61' title='bbox 294 795 381 829; x_wconf 75' lang='grc' dir='ltr'>υμας</span> <span class='ocrx_word' id='word_1_62' title='bbox 395 778 501 831; x_wconf 72' lang='grc' dir='ltr'>ἑτερο)</span> <span class='ocrx_word' id='word_1_63' title='bbox 496 809 524 840; x_wconf 53' lang='grc' dir='ltr'>Ν,</span> <span class='ocrx_word' id='word_1_64' title='bbox 535 794 584 828; x_wconf 86' lang='grc' dir='ltr'>τῳ</span> <span class='ocrx_word' id='word_1_65' title='bbox 600 779 638 814; x_wconf 76' lang='grc' dir='ltr'>ἐκ</span> <span class='ocrx_word' id='word_1_66' title='bbox 651 792 708 814; x_wconf 89' lang='grc' dir='ltr'>νεκ</span> <span class='ocrx_word' id='word_1_67' title='bbox 700 793 778 828; x_wconf 85' lang='grc' dir='ltr'>.ριι)ν</span> <span class='ocrx_word' id='word_1_68' title='bbox 795 794 810 814; x_wconf 88' lang='lat'>3</span> <span class='ocrx_word' id='word_1_69' title='bbox 801 776 976 827; x_wconf 79' lang='grc' dir='ltr'>’γερθεντι.</span> <span class='ocrx_word' id='word_1_70' title='bbox 989 770 1090 823; x_wconf 80' lang='grc' dir='ltr'>Εἶτα,</span> 
     </span>
     <span class='ocr_line' id='line_1_10' title="bbox 75 835 1090 890; baseline -0.005 -13"><span class='ocrx_word' id='word_1_71' title='bbox 75 841 133 878; x_wconf 69' lang='grc' dir='ltr'>ἵνα</span> <span class='ocrx_word' id='word_1_72' title='bbox 162 840 209 890; x_wconf 83' lang='grc' dir='ltr'>μὴ</span> <span class='ocrx_word' id='word_1_73' title='bbox 237 839 276 877; x_wconf 80' lang='grc' dir='ltr'>λε</span> <span class='ocrx_word' id='word_1_74' title='bbox 261 854 384 889; x_wconf 66' lang='grc' dir='ltr'>ειγι)σι,</span> <span class='ocrx_word' id='word_1_75' title='bbox 419 838 452 875; x_wconf 81' lang='grc' dir='ltr'>τί</span> <span class='ocrx_word' id='word_1_76' title='bbox 478 842 548 884; x_wconf 80' lang='grc' dir='ltr'>οὖν,</span> <span class='ocrx_word' id='word_1_77' title='bbox 569 837 608 874; x_wconf 76' lang='grc' dir='ltr'>ἂν</span> <span class='ocrx_word' id='word_1_78' title='bbox 631 837 678 888; x_wconf 85' lang='grc' dir='ltr'>μὴ</span> <span class='ocrx_word' id='word_1_79' title='bbox 709 836 912 886; x_wconf 82' lang='grc' dir='ltr'>βουλώμεθα</span> <span class='ocrx_word' id='word_1_80' title='bbox 943 835 1090 887; x_wconf 78' lang='grc' dir='ltr'>δευτέρῳ</span> 
     </span>
     <span class='ocr_line' id='line_1_11' title="bbox 77 895 1091 952; baseline -0.006 -14"><span class='ocrx_word' id='word_1_81' title='bbox 77 903 243 951; x_wconf 65' lang='grc' dir='ltr'>ὁμιλῆσαι</span> <span class='ocrx_word' id='word_1_82' title='bbox 262 899 379 952; x_wconf 72' lang='grc' dir='ltr'>ἀνδρί,</span> <span class='ocrx_word' id='word_1_83' title='bbox 397 903 414 937; x_wconf 79' lang='grc' dir='ltr'>ὁ</span> <span class='ocrx_word' id='word_1_84' title='bbox 428 898 494 950; x_wconf 79' lang='grc' dir='ltr'>γὰρ</span> <span class='ocrx_word' id='word_1_85' title='bbox 509 898 613 947; x_wconf 71' lang='grc' dir='ltr'>νόμος</span> <span class='ocrx_word' id='word_1_86' title='bbox 628 897 689 943; x_wconf 77' lang='grc' dir='ltr'>τὴν</span> <span class='ocrx_word' id='word_1_87' title='bbox 704 895 924 948; x_wconf 79' lang='grc' dir='ltr'>χηρεύσασαν</span> <span class='ocrx_word' id='word_1_88' title='bbox 945 898 982 933; x_wconf 81' lang='grc' dir='ltr'>οὐ</span> <span class='ocrx_word' id='word_1_89' title='bbox 999 901 1091 933; x_wconf 86' lang='grc' dir='ltr'>ποιεῖ</span> 
     </span>
     <span class='ocr_line' id='line_1_12' title="bbox 79 955 1092 1032; baseline -0.005 -35"><span class='ocrx_word' id='word_1_90' title='bbox 79 961 142 1011; x_wconf 81' lang='grc' dir='ltr'>μὲν</span> <span class='ocrx_word' id='word_1_91' title='bbox 158 966 243 999; x_wconf 84' lang='grc' dir='ltr'>εἶναι</span> <span class='ocrx_word' id='word_1_92' title='bbox 261 959 449 1011; x_wconf 74' lang='grc' dir='ltr'>μοιχαλίδα</span> <span class='ocrx_word' id='word_1_93' title='bbox 469 958 637 1008; x_wconf 81' lang='grc' dir='ltr'>δευτεροις</span> <span class='ocrx_word' id='word_1_94' title='bbox 655 956 760 1006; x_wconf 71' lang='grc' dir='ltr'>ὁμιλ’</span> <span class='ocrx_word' id='word_1_95' title='bbox 731 971 873 1032; x_wconf 81' lang='grc' dir='ltr'>ησασαν</span> <span class='ocrx_word' id='word_1_96' title='bbox 892 955 1035 1007; x_wconf 77' lang='grc' dir='ltr'>γάμοις,</span> <span class='ocrx_word' id='word_1_97' title='bbox 1055 956 1092 993; x_wconf 81' lang='grc' dir='ltr'>οὗ</span> 
     </span>
     <span class='ocr_line' id='line_1_13' title="bbox 80 1015 1091 1071; baseline -0.006 -12.994"><span class='ocrx_word' id='word_1_98' title='bbox 80 1022 149 1070; x_wconf 80' lang='grc' dir='ltr'>μὴν</span> <span class='ocrx_word' id='word_1_99' title='bbox 169 1021 354 1071; x_wconf 78' lang='grc' dir='ltr'>ἀναγκάζει</span> <span class='ocrx_word' id='word_1_100' title='bbox 373 1021 561 1069; x_wconf 72' lang='grc' dir='ltr'>ὁμιλῆσαι·</span> <span class='ocrx_word' id='word_1_101' title='bbox 582 1017 624 1055; x_wconf 75' lang='grc' dir='ltr'>ἵν’</span> <span class='ocrx_word' id='word_1_102' title='bbox 647 1021 703 1055; x_wconf 82' lang='grc' dir='ltr'>οὖν</span> <span class='ocrx_word' id='word_1_103' title='bbox 736 1016 784 1067; x_wconf 88' lang='grc' dir='ltr'>μὴ</span> <span class='ocrx_word' id='word_1_104' title='bbox 815 1015 914 1054; x_wconf 87' lang='grc' dir='ltr'>τοῦτο</span> <span class='ocrx_word' id='word_1_105' title='bbox 939 1015 1091 1066; x_wconf 77' lang='grc' dir='ltr'>λέγωσι,</span> 
     </span>
    </p>

    <p class='ocr_par' dir='ltr' id='par_1_3' title="bbox 79 1076 1094 1127">
     <span class='ocr_line' id='line_1_14' title="bbox 79 1076 1094 1127; baseline -0.005 -10"><span class='ocrx_word' id='word_1_106' title='bbox 79 1081 247 1118; x_wconf 80' lang='grc' dir='ltr'>δείκνυσιν</span> <span class='ocrx_word' id='word_1_107' title='bbox 266 1080 319 1118; x_wconf 77' lang='grc' dir='ltr'>ὅτι</span> <span class='ocrx_word' id='word_1_108' title='bbox 339 1079 397 1117; x_wconf 79' lang='grc' dir='ltr'>καὶ</span> <span class='ocrx_word' id='word_1_109' title='bbox 415 1082 453 1117; x_wconf 83' lang='lat'><em>3&#39;7.</em></span> <span class='ocrx_word' id='word_1_110' title='bbox 467 1082 534 1115; x_wconf 83' lang='grc' dir='ltr'>τῶν</span> <span class='ocrx_word' id='word_1_111' title='bbox 550 1076 782 1127; x_wconf 77' lang='grc' dir='ltr'>ὑπηργμένων</span> <span class='ocrx_word' id='word_1_112' title='bbox 799 1076 866 1121; x_wconf 74' lang='grc' dir='ltr'>ἤδη</span> <span class='ocrx_word' id='word_1_113' title='bbox 884 1079 968 1126; x_wconf 72' lang='grc' dir='ltr'>ἡμῖν</span> <span class='ocrx_word' id='word_1_114' title='bbox 991 1078 1094 1126; x_wconf 70' lang='grc' dir='ltr'>δβου-</span> 
     </span>
    </p>
   </div>
   <div class='ocr_carea' id='block_1_3' title="bbox 979 270 1485 300">
    <p class='ocr_par' dir='ltr' id='par_1_4' title="bbox 979 270 1485 300">
     <span class='ocr_line' id='line_1_15' title="bbox 979 270 1485 300; baseline 0.002 -1"><span class='ocrx_word' id='word_1_115' title='bbox 979 271 1036 300; x_wconf 77' lang='lat' dir='ltr'>AD</span> <span class='ocrx_word' id='word_1_116' title='bbox 1073 270 1176 300; x_wconf 77' lang='lat' dir='ltr'>ROM.</span> <span class='ocrx_word' id='word_1_117' title='bbox 1214 270 1368 300; x_wconf 78' lang='lat' dir='ltr'>HOMIL.</span> <span class='ocrx_word' id='word_1_118' title='bbox 1407 271 1485 300; x_wconf 79' lang='lat' dir='ltr'>xil.</span> 
     </span>
    </p>
   </div>
   <div class='ocr_carea' id='block_1_4' title="bbox 1093 351 1140 375">
    <p class='ocr_par' dir='ltr' id='par_1_5' title="bbox 1093 351 1140 375">
     <span class='ocr_line' id='line_1_16' title="bbox 1093 351 1140 375; baseline 0 -1"><span class='ocrx_word' id='word_1_119' title='bbox 1093 351 1140 375; x_wconf 73' lang='lat'>546</span> 
     </span>
    </p>
   </div>
   <div class='ocr_carea' id='block_1_5' title="bbox 1106 386 1164 417">
    <p class='ocr_par' dir='ltr' id='par_1_6' title="bbox 1106 386 1164 417">
     <span class='ocr_line' id='line_1_17' title="bbox 1106 386 1164 417; baseline 0.034 -2"><span class='ocrx_word' id='word_1_120' title='bbox 1106 386 1131 415; x_wconf 87' lang='grc' dir='ltr'>Α</span> <span class='ocrx_word' id='word_1_121' title='bbox 1157 411 1164 417; x_wconf 98' lang='grc'>.</span> 
     </span>
    </p>
   </div>
   <div class='ocr_carea' id='block_1_6' title="bbox 2037 255 2121 301">
    <p class='ocr_par' dir='ltr' id='par_1_7' title="bbox 2037 255 2121 301">
     <span class='ocr_line' id='line_1_18' title="bbox 2037 255 2121 301; baseline -0.036 0"><span class='ocrx_word' id='word_1_122' title='bbox 2037 255 2121 301; x_wconf 84' lang='grc' dir='ltr'>6οι</span> 
     </span>
    </p>
   </div>
   <div class='ocr_carea' id='block_1_7' title="bbox 1154 352 2148 1130">
    <p class='ocr_par' dir='ltr' id='par_1_8' title="bbox 1154 352 2148 1130">
     <span class='ocr_line' id='line_1_19' title="bbox 1154 352 2132 404; baseline 0.004 -16"><span class='ocrx_word' id='word_1_123' title='bbox 1154 361 1301 389; x_wconf 84' lang='lat' dir='ltr'><strong>mortem</strong></span> <span class='ocrx_word' id='word_1_124' title='bbox 1315 352 1447 403; x_wconf 82' lang='lat' dir='ltr'><strong>posuit,</strong></span> <span class='ocrx_word' id='word_1_125' title='bbox 1466 352 1526 390; x_wconf 88' lang='lat' dir='ltr'>sed</span> <span class='ocrx_word' id='word_1_126' title='bbox 1541 366 1662 390; x_wconf 87' lang='lat' dir='ltr'><strong>rursus</strong></span> <span class='ocrx_word' id='word_1_127' title='bbox 1679 366 1817 391; x_wconf 88' lang='lat' dir='ltr'><strong>crucem</strong></span> <span class='ocrx_word' id='word_1_128' title='bbox 1836 352 1911 389; x_wconf 86' lang='lat' dir='ltr'>haec</span> <span class='ocrx_word' id='word_1_129' title='bbox 1930 361 2084 404; x_wconf 80' lang='lat' dir='ltr'>operam&lt;</span> <span class='ocrx_word' id='word_1_130' title='bbox 2095 367 2132 392; x_wconf 90' lang='lat' dir='ltr'><strong>m</strong></span> 
     </span>
     <span class='ocr_line' id='line_1_20' title="bbox 1154 410 2129 459; baseline 0.005 -12"><span class='ocrx_word' id='word_1_131' title='bbox 1154 410 1317 459; x_wconf 71' lang='lat' dir='ltr'><strong>induxit,</strong></span> <span class='ocrx_word' id='word_1_132' title='bbox 1337 411 1403 448; x_wconf 86' lang='lat' dir='ltr'><strong>hac</strong></span> <span class='ocrx_word' id='word_1_133' title='bbox 1432 411 1566 449; x_wconf 87' lang='lat' dir='ltr'><strong>ratione</strong></span> <span class='ocrx_word' id='word_1_134' title='bbox 1594 425 1656 450; x_wconf 87' lang='lat' dir='ltr'>nos</span> <span class='ocrx_word' id='word_1_135' title='bbox 1674 413 1846 451; x_wconf 81' lang='lat' dir='ltr'><strong>obnoxios</strong></span> <span class='ocrx_word' id='word_1_136' title='bbox 1869 412 2033 451; x_wconf 87' lang='lat' dir='ltr'><strong>reddens.</strong></span> <span class='ocrx_word' id='word_1_137' title='bbox 2052 416 2129 452; x_wconf 81' lang='lat' dir='ltr'>Non</span> 
     </span>
     <span class='ocr_line' id='line_1_21' title="bbox 1155 470 2134 523; baseline 0.004 -15"><span class='ocrx_word' id='word_1_138' title='bbox 1155 470 1250 508; x_wconf 89' lang='lat' dir='ltr'><strong>enim</strong></span> <span class='ocrx_word' id='word_1_139' title='bbox 1269 471 1489 523; x_wconf 84' lang='lat' dir='ltr'><strong>simpliciter,</strong></span> <span class='ocrx_word' id='word_1_140' title='bbox 1512 473 1641 523; x_wconf 88' lang='lat' dir='ltr'><strong>iuquit,</strong></span> <span class='ocrx_word' id='word_1_141' title='bbox 1667 473 1823 511; x_wconf 82' lang='lat' dir='ltr'><strong>Liberati</strong></span> <span class='ocrx_word' id='word_1_142' title='bbox 1841 474 1938 522; x_wconf 85' lang='lat' dir='ltr'><strong>estis,</strong></span> <span class='ocrx_word' id='word_1_143' title='bbox 1959 473 2032 520; x_wconf 86' lang='lat' dir='ltr'><strong>sed,</strong></span> <span class='ocrx_word' id='word_1_144' title='bbox 2056 477 2134 512; x_wconf 89' lang='lat' dir='ltr'>Per</span> 
     </span>
     <span class='ocr_line' id='line_1_22' title="bbox 1158 533 2131 587; baseline 0.004 -19"><span class='ocrx_word' id='word_1_145' title='bbox 1158 540 1316 568; x_wconf 81' lang='lat' dir='ltr'><strong>mortem</strong></span> <span class='ocrx_word' id='word_1_146' title='bbox 1341 533 1514 571; x_wconf 84' lang='lat' dir='ltr'><em>Domini.</em></span> <span class='ocrx_word' id='word_1_147' title='bbox 1536 534 1768 585; x_wconf 66' lang='lat' dir='ltr'><strong>„Mortificati</strong></span> <span class='ocrx_word' id='word_1_148' title='bbox 1793 538 1896 571; x_wconf 77' lang='lat' dir='ltr'><strong>enim</strong></span> <span class='ocrx_word' id='word_1_149' title='bbox 1922 538 2010 573; x_wconf 79' lang='lat' dir='ltr'><strong>estis</strong></span> <span class='ocrx_word' id='word_1_150' title='bbox 2043 536 2131 587; x_wconf 77' lang='lat' dir='ltr'><strong>legi,</strong></span> 
     </span>
     <span class='ocr_line' id='line_1_23' title="bbox 1158 591 2136 645; baseline 0.006 -18"><span class='ocrx_word' id='word_1_151' title='bbox 1158 591 1296 641; x_wconf 84' lang='lat' dir='ltr'><strong>inquit,</strong></span> <span class='ocrx_word' id='word_1_152' title='bbox 1312 606 1381 643; x_wconf 85' lang='lat' dir='ltr'>per</span> <span class='ocrx_word' id='word_1_153' title='bbox 1399 607 1535 645; x_wconf 79' lang='lat' dir='ltr'><strong>corpus</strong></span> <span class='ocrx_word' id='word_1_154' title='bbox 1563 596 1718 633; x_wconf 78' lang='lat' dir='ltr'>Christi.</span> <span class='ocrx_word' id='word_1_155' title='bbox 1737 596 1860 645; x_wconf 83' lang='lat' dir='ltr'><strong>Neque</strong></span> <span class='ocrx_word' id='word_1_156' title='bbox 1885 596 1967 633; x_wconf 86' lang='lat' dir='ltr'><strong>hinc</strong></span> <span class='ocrx_word' id='word_1_157' title='bbox 1998 605 2136 633; x_wconf 80' lang='lat' dir='ltr'><strong>tantum</strong></span> 
     </span>
     <span class='ocr_line' id='line_1_24' title="bbox 1160 652 2137 702; baseline 0.005 -14"><span class='ocrx_word' id='word_1_158' title='bbox 1160 652 1334 702; x_wconf 79' lang='lat' dir='ltr'><strong>hortatur,</strong></span> <span class='ocrx_word' id='word_1_159' title='bbox 1349 653 1408 690; x_wconf 90' lang='lat' dir='ltr'>sed</span> <span class='ocrx_word' id='word_1_160' title='bbox 1427 654 1532 691; x_wconf 76' lang='lat' dir='ltr'><strong>etiam</strong></span> <span class='ocrx_word' id='word_1_161' title='bbox 1548 669 1568 692; x_wconf 86' lang='lat' dir='ltr'>a</span> <span class='ocrx_word' id='word_1_162' title='bbox 1583 654 1727 692; x_wconf 88' lang='lat' dir='ltr'><strong>secundi</strong></span> <span class='ocrx_word' id='word_1_163' title='bbox 1743 655 1812 693; x_wconf 79' lang='lat' dir='ltr'><strong>viri</strong></span> <span class='ocrx_word' id='word_1_164' title='bbox 1825 656 2046 693; x_wconf 80' lang='lat' dir='ltr'><strong>excellentia:</strong></span> <span class='ocrx_word' id='word_1_165' title='bbox 2059 655 2137 694; x_wconf 90' lang='lat' dir='ltr'><strong>ideo</strong></span> 
     </span>
     <span class='ocr_line' id='line_1_25' title="bbox 1162 713 2139 768; baseline 0.005 -18"><span class='ocrx_word' id='word_1_166' title='bbox 1162 713 1364 764; x_wconf 85' lang='lat' dir='ltr'><strong>subjungit:</strong></span> <span class='ocrx_word' id='word_1_167' title='bbox 1385 716 1437 752; x_wconf 77' lang='lat' dir='ltr'>Ut</span> <span class='ocrx_word' id='word_1_168' title='bbox 1450 718 1533 752; x_wconf 82' lang='lat' dir='ltr'><strong>sitis</strong></span> <span class='ocrx_word' id='word_1_169' title='bbox 1552 729 1623 753; x_wconf 82' lang='lat' dir='ltr'>vos</span> <span class='ocrx_word' id='word_1_170' title='bbox 1635 717 1809 765; x_wconf 84' lang='lat' dir='ltr'><strong>alterius,</strong></span> <span class='ocrx_word' id='word_1_171' title='bbox 1831 720 1896 768; x_wconf 78' lang='lat' dir='ltr'>qui</span> <span class='ocrx_word' id='word_1_172' title='bbox 1915 732 1962 753; x_wconf 67' lang='lat' dir='ltr'>ea:</span> <span class='ocrx_word' id='word_1_173' title='bbox 1980 721 2139 756; x_wconf 79' lang='lat' dir='ltr'><em>mortuis</em></span> 
     </span>
     <span class='ocr_line' id='line_1_26' title="bbox 1162 774 2140 827; baseline 0.005 -17"><span class='ocrx_word' id='word_1_174' title='bbox 1162 776 1381 810; x_wconf 81' lang='lat' dir='ltr'><strong>resm7·e.z·it.</strong></span> <span class='ocrx_word' id='word_1_175' title='bbox 1399 774 1534 812; x_wconf 86' lang='lat' dir='ltr'><strong>Deinde</strong></span> <span class='ocrx_word' id='word_1_176' title='bbox 1550 789 1593 813; x_wconf 86' lang='lat' dir='ltr'>ne</span> <span class='ocrx_word' id='word_1_177' title='bbox 1610 774 1742 822; x_wconf 81' lang='lat' dir='ltr'><strong>dicant,</strong></span> <span class='ocrx_word' id='word_1_178' title='bbox 1763 776 1861 821; x_wconf 86' lang='lat' dir='ltr'><strong>Quid</strong></span> <span class='ocrx_word' id='word_1_179' title='bbox 1873 792 1970 827; x_wconf 76' lang='lat' dir='ltr'><strong>ergo,</strong></span> <span class='ocrx_word' id='word_1_180' title='bbox 1990 778 2019 815; x_wconf 84' lang='lat' dir='ltr'><strong>si</strong></span> <span class='ocrx_word' id='word_1_181' title='bbox 2032 779 2140 815; x_wconf 87' lang='lat' dir='ltr'><strong>nolu-</strong></span> 
     </span>
     <span class='ocr_line' id='line_1_27' title="bbox 1163 834 2142 891; baseline 0.007 -22"><span class='ocrx_word' id='word_1_182' title='bbox 1163 845 1242 891; x_wconf 53' lang='lat' dir='ltr'>mus</span> <span class='ocrx_word' id='word_1_183' title='bbox 1267 847 1347 870; x_wconf 86' lang='lat' dir='ltr'><strong>cum</strong></span> <span class='ocrx_word' id='word_1_184' title='bbox 1365 834 1474 871; x_wconf 83' lang='lat' dir='ltr'><strong>altero</strong></span> <span class='ocrx_word' id='word_1_185' title='bbox 1494 835 1573 871; x_wconf 77' lang='lat' dir='ltr'><strong>viro</strong></span> <span class='ocrx_word' id='word_1_186' title='bbox 1595 835 1780 886; x_wconf 72' lang='lat' dir='ltr'><strong>copulari?</strong></span> <span class='ocrx_word' id='word_1_187' title='bbox 1796 836 1855 874; x_wconf 74' lang='lat' dir='ltr'>lex</span> <span class='ocrx_word' id='word_1_188' title='bbox 1881 838 1975 875; x_wconf 84' lang='lat' dir='ltr'><strong>enim</strong></span> <span class='ocrx_word' id='word_1_189' title='bbox 1993 839 2142 876; x_wconf 76' lang='lat' dir='ltr'><strong>viduam</strong></span> 
     </span>
     <span class='ocr_line' id='line_1_28' title="bbox 1164 893 2140 945; baseline 0.006 -16"><span class='ocrx_word' id='word_1_190' title='bbox 1164 907 1242 943; x_wconf 82' lang='lat' dir='ltr'>quae</span> <span class='ocrx_word' id='word_1_191' title='bbox 1284 893 1492 944; x_wconf 84' lang='lat' dir='ltr'><strong>conjugium</strong></span> <span class='ocrx_word' id='word_1_192' title='bbox 1522 894 1640 943; x_wconf 81' lang='lat' dir='ltr'><strong>iterat,</strong></span> <span class='ocrx_word' id='word_1_193' title='bbox 1679 894 1876 933; x_wconf 78' lang='lat' dir='ltr'><strong>adulteram</strong></span> <span class='ocrx_word' id='word_1_194' title='bbox 1913 911 1981 934; x_wconf 89' lang='lat' dir='ltr'>non</span> <span class='ocrx_word' id='word_1_195' title='bbox 2029 899 2108 940; x_wconf 73' lang='lat' dir='ltr'><strong>facit</strong></span> <span class='ocrx_word' id='word_1_196' title='bbox 2129 930 2140 945; x_wconf 87' lang='lat'>,</span> 
     </span>
     <span class='ocr_line' id='line_1_29' title="bbox 1164 956 2147 1009; baseline 0.007 -17"><span class='ocrx_word' id='word_1_197' title='bbox 1164 969 1227 993; x_wconf 91' lang='lat' dir='ltr'>nec</span> <span class='ocrx_word' id='word_1_198' title='bbox 1242 965 1357 993; x_wconf 83' lang='lat' dir='ltr'><strong>tamen</strong></span> <span class='ocrx_word' id='word_1_199' title='bbox 1389 956 1515 993; x_wconf 77' lang='lat' dir='ltr'><strong>iterare</strong></span> <span class='ocrx_word' id='word_1_200' title='bbox 1551 959 1643 1007; x_wconf 85' lang='lat' dir='ltr'>cogit</span> <span class='ocrx_word' id='word_1_201' title='bbox 1671 971 1741 994; x_wconf 90' lang='lat' dir='ltr'>:ne</span> <span class='ocrx_word' id='word_1_202' title='bbox 1785 959 1894 1008; x_wconf 83' lang='lat' dir='ltr'><strong>igitur</strong></span> <span class='ocrx_word' id='word_1_203' title='bbox 1911 959 1979 997; x_wconf 87' lang='lat' dir='ltr'><strong>hoc</strong></span> <span class='ocrx_word' id='word_1_204' title='bbox 2014 961 2147 1009; x_wconf 80' lang='lat' dir='ltr'><strong>dicant,</strong></span> 
     </span>
     <span class='ocr_line' id='line_1_30' title="bbox 1166 1015 2148 1069; baseline 0.006 -16"><span class='ocrx_word' id='word_1_205' title='bbox 1166 1015 1320 1053; x_wconf 76' lang='lat' dir='ltr'><strong>ostendit</strong></span> <span class='ocrx_word' id='word_1_206' title='bbox 1348 1030 1393 1054; x_wconf 82' lang='lat' dir='ltr'>ex</span> <span class='ocrx_word' id='word_1_207' title='bbox 1424 1017 1492 1062; x_wconf 87' lang='lat' dir='ltr'><strong>iis,</strong></span> <span class='ocrx_word' id='word_1_208' title='bbox 1519 1031 1596 1066; x_wconf 82' lang='lat' dir='ltr'>quae</span> <span class='ocrx_word' id='word_1_209' title='bbox 1632 1017 1832 1069; x_wconf 83' lang='lat' dir='ltr'><strong>accepimus</strong></span> <span class='ocrx_word' id='word_1_210' title='bbox 1846 1048 1856 1065; x_wconf 89' lang='lat'>,</span> <span class='ocrx_word' id='word_1_211' title='bbox 1886 1033 1949 1056; x_wconf 85' lang='lat' dir='ltr'>nos</span> <span class='ocrx_word' id='word_1_212' title='bbox 1986 1020 2024 1057; x_wconf 92' lang='lat' dir='ltr'><strong>id</strong></span> <span class='ocrx_word' id='word_1_213' title='bbox 2057 1022 2148 1059; x_wconf 73' lang='lat' dir='ltr'><strong>velle</strong></span> 
     </span>
     <span class='ocr_line' id='line_1_31' title="bbox 1166 1044 2148 1130; baseline 0.005 -17"><span class='ocrx_word' id='word_1_214' title='bbox 1166 1085 1327 1128; x_wconf 83' lang='lat' dir='ltr'><strong>oportere</strong></span> <span class='ocrx_word' id='word_1_215' title='bbox 1359 1092 1366 1112; x_wconf 92' lang='lat'><strong>:</strong></span> <span class='ocrx_word' id='word_1_216' title='bbox 1399 1044 1496 1127; x_wconf 87' lang='lat' dir='ltr'><strong>quod</strong></span> <span class='ocrx_word' id='word_1_217' title='bbox 1532 1077 1617 1114; x_wconf 83' lang='lat' dir='ltr'><strong>alibi</strong></span> <span class='ocrx_word' id='word_1_218' title='bbox 1657 1078 1788 1115; x_wconf 80' lang='lat' dir='ltr'><strong>clarius</strong></span> <span class='ocrx_word' id='word_1_219' title='bbox 1838 1078 1968 1127; x_wconf 78' lang='lat' dir='ltr'><strong>effert,</strong></span> <span class='ocrx_word' id='word_1_220' title='bbox 2001 1080 2121 1118; x_wconf 77' lang='lat' dir='ltr'><strong>dicens</strong></span> <span class='ocrx_word' id='word_1_221' title='bbox 2138 1111 2148 1130; x_wconf 89' lang='lat'>,</span> 
     </span>
    </p>
   </div>
   <div class='ocr_carea' id='block_1_8' title="bbox 79 1135 1093 1189">
    <p class='ocr_par' dir='ltr' id='par_1_9' title="bbox 79 1135 1093 1189">
     <span class='ocr_line' id='line_1_32' title="bbox 79 1135 1093 1189; baseline -0.004 -11"><span class='ocrx_word' id='word_1_222' title='bbox 79 1143 227 1186; x_wconf 76' lang='grc' dir='ltr'>ληθῆναι</span> <span class='ocrx_word' id='word_1_223' title='bbox 260 1141 331 1177; x_wconf 79' lang='grc' dir='ltr'>δεῖ·</span> <span class='ocrx_word' id='word_1_224' title='bbox 359 1139 442 1189; x_wconf 77' lang='grc' dir='ltr'>ὅπερ</span> <span class='ocrx_word' id='word_1_225' title='bbox 472 1137 531 1175; x_wconf 82' lang='grc' dir='ltr'>καὶ</span> <span class='ocrx_word' id='word_1_226' title='bbox 561 1139 716 1189; x_wconf 74' lang='grc' dir='ltr'>ἀλλαχοῦ</span> <span class='ocrx_word' id='word_1_227' title='bbox 734 1136 942 1188; x_wconf 64' lang='grc' dir='ltr'>σαφέστερον</span> <span class='ocrx_word' id='word_1_228' title='bbox 960 1135 1093 1183; x_wconf 82' lang='grc' dir='ltr'>τίθησι,</span> 
     </span>
    </p>
   </div>
   <div class='ocr_carea' id='block_1_9' title="bbox 79 1139 2336 1250">
    <p class='ocr_par' dir='ltr' id='par_1_10' title="bbox 79 1139 2336 1250">
     <span class='ocr_line' id='line_1_33' title="bbox 1208 1139 2336 1190; baseline 0.009 -17"><span class='ocrx_word' id='word_1_229' title='bbox 1208 1151 1259 1174; x_wconf 85' lang='grc' dir='ltr'>οη</span> <span class='ocrx_word' id='word_1_230' title='bbox 1275 1139 1480 1190; x_wconf 77' lang='lat' dir='ltr'><strong>estisjurzs</strong></span> <span class='ocrx_word' id='word_1_231' title='bbox 1494 1140 1632 1185; x_wconf 79' lang='lat' dir='ltr'><strong>vestri,-</strong></span> <span class='ocrx_word' id='word_1_232' title='bbox 1651 1148 1705 1189; x_wconf 91' lang='lat' dir='ltr'>et,</span> <span class='ocrx_word' id='word_1_233' title='bbox 1728 1141 1862 1177; x_wconf 85' lang='lat' dir='ltr'><strong>Pretio</strong></span> <span class='ocrx_word' id='word_1_234' title='bbox 1882 1144 1973 1178; x_wconf 81' lang='lat' dir='ltr'><strong>emti</strong></span> <span class='ocrx_word' id='word_1_235' title='bbox 1989 1145 2277 1188; x_wconf 71' lang='lat' dir='ltr'><strong>esti55et1.co1</strong></span> <span class='ocrx_word' id='word_1_236' title='bbox 2305 1155 2336 1184; x_wconf 78' lang='lat'>6.</span> 
     </span>
     <span class='ocr_line' id='line_1_34' title="bbox 79 1196 2289 1250; baseline 0.002 -12"><span class='ocrx_word' id='word_1_237' title='bbox 79 1200 202 1250; x_wconf 79' lang='grc' dir='ltr'>λέγων,</span> <span class='ocrx_word' id='word_1_238' title='bbox 223 1200 300 1237; x_wconf 77' lang='grc' dir='ltr'>Οὐκ</span> <span class='ocrx_word' id='word_1_239' title='bbox 329 1197 407 1236; x_wconf 82' lang='grc' dir='ltr'>ἐστὲ</span> <span class='ocrx_word' id='word_1_240' title='bbox 441 1199 590 1235; x_wconf 79' lang='grc' dir='ltr'>ἑαυτῶν·</span> <span class='ocrx_word' id='word_1_241' title='bbox 620 1197 694 1244; x_wconf 81' lang='grc' dir='ltr'>καὶ,</span> <span class='ocrx_word' id='word_1_242' title='bbox 714 1199 832 1247; x_wconf 77' lang='grc' dir='ltr'>Τιμῆς</span> <span class='ocrx_word' id='word_1_243' title='bbox 862 1196 1095 1249; x_wconf 77' lang='grc' dir='ltr'>ἠγοράσθητε·</span> <span class='ocrx_word' id='word_1_244' title='bbox 2171 1207 2215 1236; x_wconf 80' lang='lat'>¹9¹</span> <span class='ocrx_word' id='word_1_245' title='bbox 2239 1208 2289 1226; x_wconf 84' lang='lat'>²⁰</span> 
     </span>
    </p>
   </div>
   <div class='ocr_carea' id='block_1_10' title="bbox 1169 1197 2337 1276">
    <p class='ocr_par' dir='ltr' id='par_1_11' title="bbox 1169 1197 2337 1276">
     <span class='ocr_line' id='line_1_35' title="bbox 1169 1197 2337 1273; baseline 0.008 -38"><span class='ocrx_word' id='word_1_246' title='bbox 1169 1198 1230 1235; x_wconf 82' lang='lat' dir='ltr'>No</span> <span class='ocrx_word' id='word_1_247' title='bbox 1234 1197 1301 1234; x_wconf 80' lang='lat' dir='ltr'><strong>lite</strong></span> <span class='ocrx_word' id='word_1_248' title='bbox 1325 1198 1533 1247; x_wconf 76' lang='lat' dir='ltr'><strong>sierzservi</strong></span> <span class='ocrx_word' id='word_1_249' title='bbox 1563 1201 1787 1246; x_wconf 79' lang='grc' dir='ltr'>Ῐιο1ηἰηῑι11ι,·</span> <span class='ocrx_word' id='word_1_250' title='bbox 1806 1210 1837 1238; x_wconf 93' lang='lat' dir='ltr'>et</span> <span class='ocrx_word' id='word_1_251' title='bbox 1866 1216 2010 1253; x_wconf 77' lang='lat' dir='ltr'><strong>misus,</strong></span> <span class='ocrx_word' id='word_1_252' title='bbox 2046 1205 2201 1273; x_wconf 64' lang='lat' dir='ltr'>Lymslb</span> <span class='ocrx_word' id='word_1_253' title='bbox 2206 1241 2246 1267; x_wconf 69' lang='lat' dir='ltr'>ul.</span> <span class='ocrx_word' id='word_1_254' title='bbox 2301 1237 2337 1266; x_wconf 72' lang='lat'>23</span> 
     </span>
     <span class='ocr_line' id='line_1_36' title="bbox 2259 1248 2288 1276; baseline 0 0"><span class='ocrx_word' id='word_1_255' title='bbox 2259 1248 2288 1276; x_wconf 75' lang='grc'>7·</span> 
     </span>
    </p>
   </div>
   <div class='ocr_carea' id='block_1_11' title="bbox 82 1253 2350 1316">
    <p class='ocr_par' dir='ltr' id='par_1_12' title="bbox 82 1253 2350 1316">
     <span class='ocr_line' id='line_1_37' title="bbox 82 1253 2350 1316; baseline 0.003 -18"><span class='ocrx_word' id='word_1_256' title='bbox 82 1260 162 1307; x_wconf 78' lang='grc' dir='ltr'>καὶ,</span> <span class='ocrx_word' id='word_1_257' title='bbox 181 1259 242 1306; x_wconf 72' lang='grc' dir='ltr'>Μὴ</span> <span class='ocrx_word' id='word_1_258' title='bbox 263 1259 396 1311; x_wconf 78' lang='grc' dir='ltr'>γίνεσθε</span> <span class='ocrx_word' id='word_1_259' title='bbox 423 1260 536 1296; x_wconf 71' lang='grc' dir='ltr'>δοῦλοι</span> <span class='ocrx_word' id='word_1_260' title='bbox 558 1257 768 1310; x_wconf 80' lang='grc' dir='ltr'>ἀνθρώπων·</span> <span class='ocrx_word' id='word_1_261' title='bbox 800 1257 859 1295; x_wconf 77' lang='grc' dir='ltr'>καὶ</span> <span class='ocrx_word' id='word_1_262' title='bbox 893 1258 1012 1303; x_wconf 75' lang='grc' dir='ltr'>πάλιν,</span> <span class='ocrx_word' id='word_1_263' title='bbox 1036 1253 1098 1300; x_wconf 69' lang='grc' dir='ltr'>Εἷς</span> <span class='ocrx_word' id='word_1_264' title='bbox 1168 1271 1238 1309; x_wconf 73' lang='lat' dir='ltr'>plo</span> <span class='ocrx_word' id='word_1_265' title='bbox 1261 1260 1438 1296; x_wconf 81' lang='lat' dir='ltr'>omnibus</span> <span class='ocrx_word' id='word_1_266' title='bbox 1464 1269 1634 1298; x_wconf 81' lang='lat' dir='ltr'><strong>mortuus</strong></span> <span class='ocrx_word' id='word_1_267' title='bbox 1655 1269 1723 1307; x_wconf 81' lang='lat' dir='ltr'><strong>est,</strong></span> <span class='ocrx_word' id='word_1_268' title='bbox 1751 1264 1878 1314; x_wconf 77' lang='lat' dir='ltr'><strong>utqui</strong></span> <span class='ocrx_word' id='word_1_269' title='bbox 1896 1266 2048 1313; x_wconf 73' lang='lat' dir='ltr'><strong>vivunt,</strong></span> <span class='ocrx_word' id='word_1_270' title='bbox 2069 1280 2153 1316; x_wconf 83' lang='lat' dir='ltr'>Jam</span> <span class='ocrx_word' id='word_1_271' title='bbox 2170 1289 2198 1308; x_wconf 83' lang='lat'>2</span> <span class='ocrx_word' id='word_1_272' title='bbox 2226 1280 2295 1308; x_wconf 61' lang='lat' dir='ltr'>co,</span> <span class='ocrx_word' id='word_1_273' title='bbox 2323 1278 2350 1306; x_wconf 85' lang='lat'>5.</span> 
     </span>
    </p>
   </div>
   <div class='ocr_carea' id='block_1_12' title="bbox 81 1319 1105 1699">
    <p class='ocr_par' dir='ltr' id='par_1_13' title="bbox 81 1319 1103 1615">
     <span class='ocr_line' id='line_1_38' title="bbox 81 1319 1099 1374; baseline -0.005 -13"><span class='ocrx_word' id='word_1_274' title='bbox 81 1322 169 1374; x_wconf 78' lang='grc' dir='ltr'>ὑπὲρ</span> <span class='ocrx_word' id='word_1_275' title='bbox 187 1322 325 1360; x_wconf 82' lang='grc' dir='ltr'>πάντων</span> <span class='ocrx_word' id='word_1_276' title='bbox 351 1321 531 1366; x_wconf 81' lang='grc' dir='ltr'>ἀπέθανεν,</span> <span class='ocrx_word' id='word_1_277' title='bbox 550 1319 605 1358; x_wconf 76' lang='grc' dir='ltr'>ἵνα</span> <span class='ocrx_word' id='word_1_278' title='bbox 624 1321 654 1356; x_wconf 82' lang='grc' dir='ltr'>οἳ</span> <span class='ocrx_word' id='word_1_279' title='bbox 670 1321 793 1363; x_wconf 77' lang='grc' dir='ltr'>ζῶντες</span> <span class='ocrx_word' id='word_1_280' title='bbox 810 1319 936 1369; x_wconf 74' lang='grc' dir='ltr'>μηκέτι</span> <span class='ocrx_word' id='word_1_281' title='bbox 966 1321 1099 1362; x_wconf 81' lang='grc' dir='ltr'>ἑαυτοῖς</span> 
     </span>
     <span class='ocr_line' id='line_1_39' title="bbox 84 1380 1099 1433; baseline -0.003 -12"><span class='ocrx_word' id='word_1_282' title='bbox 84 1385 200 1430; x_wconf 87' lang='grc' dir='ltr'>ζῶσιν,</span> <span class='ocrx_word' id='word_1_283' title='bbox 215 1381 305 1420; x_wconf 73' lang='grc' dir='ltr'>ἀλλὰ</span> <span class='ocrx_word' id='word_1_284' title='bbox 323 1384 372 1433; x_wconf 80' lang='grc' dir='ltr'>τῷ</span> <span class='ocrx_word' id='word_1_285' title='bbox 389 1380 474 1433; x_wconf 75' lang='grc' dir='ltr'>ὑπὲρ</span> <span class='ocrx_word' id='word_1_286' title='bbox 497 1382 608 1418; x_wconf 81' lang='grc' dir='ltr'>αὐτῶν</span> <span class='ocrx_word' id='word_1_287' title='bbox 635 1380 853 1418; x_wconf 80' lang='grc' dir='ltr'>ἀποθανόντι.</span> <span class='ocrx_word' id='word_1_288' title='bbox 880 1381 992 1418; x_wconf 80' lang='grc' dir='ltr'>Τοῦτο</span> <span class='ocrx_word' id='word_1_289' title='bbox 1020 1385 1099 1432; x_wconf 87' lang='grc' dir='ltr'>γοῦν</span> 
     </span>
     <span class='ocr_line' id='line_1_40' title="bbox 84 1436 1102 1491; baseline -0.003 -10"><span class='ocrx_word' id='word_1_290' title='bbox 84 1443 143 1481; x_wconf 80' lang='grc' dir='ltr'>καὶ</span> <span class='ocrx_word' id='word_1_291' title='bbox 162 1446 306 1481; x_wconf 76' lang='grc' dir='ltr'>ἐνταῦθα</span> <span class='ocrx_word' id='word_1_292' title='bbox 324 1440 464 1491; x_wconf 73' lang='grc' dir='ltr'>ᾐνίξατο</span> <span class='ocrx_word' id='word_1_293' title='bbox 492 1440 610 1485; x_wconf 79' lang='grc' dir='ltr'>εἰπὼν,</span> <span class='ocrx_word' id='word_1_294' title='bbox 635 1439 703 1478; x_wconf 77' lang='grc' dir='ltr'>Διὰ</span> <span class='ocrx_word' id='word_1_295' title='bbox 729 1446 788 1479; x_wconf 86' lang='grc' dir='ltr'>τοῦ</span> <span class='ocrx_word' id='word_1_296' title='bbox 813 1440 984 1491; x_wconf 83' lang='grc' dir='ltr'>σώματος.</span> <span class='ocrx_word' id='word_1_297' title='bbox 1013 1436 1102 1478; x_wconf 65' lang='grc' dir='ltr'>Εἶτα</span> 
     </span>
     <span class='ocr_line' id='line_1_41' title="bbox 1024 1501 1103 1539; baseline 0 0"><span class='ocrx_word' id='word_1_298' title='bbox 1024 1501 1103 1539; x_wconf 85' lang='grc' dir='ltr'>Ἵνα</span> 
     </span>
     <span class='ocr_line' id='line_1_42' title="bbox 86 1560 1102 1615; baseline -0.003 -13"><span class='ocrx_word' id='word_1_299' title='bbox 86 1563 408 1615; x_wconf 63' lang='grc' dir='ltr'>καρποφορήσωμεν</span> <span class='ocrx_word' id='word_1_300' title='bbox 427 1565 476 1599; x_wconf 82' lang='grc' dir='ltr'>τῶ</span> <span class='ocrx_word' id='word_1_301' title='bbox 496 1563 590 1612; x_wconf 84' lang='grc' dir='ltr'>Θεῳ.</span> <span class='ocrx_word' id='word_1_302' title='bbox 613 1560 704 1599; x_wconf 83' lang='grc' dir='ltr'>Τότε</span> <span class='ocrx_word' id='word_1_303' title='bbox 727 1561 788 1611; x_wconf 81' lang='grc' dir='ltr'>μὲν</span> <span class='ocrx_word' id='word_1_304' title='bbox 811 1560 878 1614; x_wconf 79' lang='grc' dir='ltr'>γὰρ</span> <span class='ocrx_word' id='word_1_305' title='bbox 904 1564 1102 1613; x_wconf 73' lang='grc' dir='ltr'>ἐκαρποοο-</span> 
     </span>
    </p>

    <p class='ocr_par' dir='ltr' id='par_1_14' title="bbox 664 1621 1105 1699">
     <span class='ocr_line' id='line_1_43' title="bbox 664 1621 1105 1699; baseline -0.005 -37"><span class='ocrx_word' id='word_1_306' title='bbox 664 1621 690 1634; x_wconf 61' lang='grc'>”</span> <span class='ocrx_word' id='word_1_307' title='bbox 725 1638 774 1673; x_wconf 78' lang='grc' dir='ltr'>τῳ</span> <span class='ocrx_word' id='word_1_308' title='bbox 800 1624 894 1673; x_wconf 74' lang='grc' dir='ltr'>Θεῷ.</span> <span class='ocrx_word' id='word_1_309' title='bbox 929 1622 1016 1660; x_wconf 67' lang='grc' dir='ltr'>ζΌτε</span> <span class='ocrx_word' id='word_1_310' title='bbox 1038 1622 1105 1699; x_wconf 77' lang='grc' dir='ltr'>γὰρ</span> 
     </span>
    </p>
   </div>
   <div class='ocr_carea' id='block_1_13' title="bbox 87 1623 1105 1735">
    <p class='ocr_par' dir='ltr' id='par_1_15' title="bbox 89 1623 1105 1735">
     <span class='ocr_line' id='line_1_44' title="bbox 89 1623 694 1676; baseline -0.007 -14"><span class='ocrx_word' id='word_1_311' title='bbox 89 1631 139 1676; x_wconf 77' lang='grc' dir='ltr'>ρεὶ</span> <span class='ocrx_word' id='word_1_312' title='bbox 141 1640 177 1661; x_wconf 89' lang='grc' dir='ltr'>τε</span> <span class='ocrx_word' id='word_1_313' title='bbox 197 1626 246 1675; x_wconf 82' lang='grc' dir='ltr'>τῷ</span> <span class='ocrx_word' id='word_1_314' title='bbox 267 1623 423 1675; x_wconf 78' lang='grc' dir='ltr'>Θανάτιι),</span> <span class='ocrx_word' id='word_1_315' title='bbox 444 1637 527 1673; x_wconf 64' lang='grc' dir='ltr'>φησι</span> <span class='ocrx_word' id='word_1_316' title='bbox 539 1651 548 1667; x_wconf 95' lang='grc'>,</span> <span class='ocrx_word' id='word_1_317' title='bbox 568 1625 626 1658; x_wconf 83' lang='grc' dir='ltr'>νῦν</span> <span class='ocrx_word' id='word_1_318' title='bbox 661 1636 694 1658; x_wconf 73' lang='lat'>33</span> 
     </span>
     <span class='ocr_line' id='line_1_45' title="bbox 87 1681 1105 1735; baseline 0 -14"><span class='ocrx_word' id='word_1_319' title='bbox 87 1700 140 1733; x_wconf 86' lang='grc' dir='ltr'>ημ</span> <span class='ocrx_word' id='word_1_320' title='bbox 143 1700 174 1722; x_wconf 82' lang='grc' dir='ltr'>εν</span> <span class='ocrx_word' id='word_1_321' title='bbox 190 1686 223 1722; x_wconf 80' lang='grc' dir='ltr'>ἐν</span> <span class='ocrx_word' id='word_1_322' title='bbox 240 1699 281 1734; x_wconf 84' lang='grc' dir='ltr'>τῃ</span> <span class='ocrx_word' id='word_1_323' title='bbox 301 1697 421 1735; x_wconf 81' lang='grc' dir='ltr'>σαρκι,</span> <span class='ocrx_word' id='word_1_324' title='bbox 441 1698 485 1720; x_wconf 92' lang='grc' dir='ltr'>τα</span> <span class='ocrx_word' id='word_1_325' title='bbox 501 1681 670 1731; x_wconf 73' lang='grc' dir='ltr'>παθήματ</span> <span class='ocrx_word' id='word_1_326' title='bbox 674 1685 773 1720; x_wconf 77' lang='grc' dir='ltr'>ατῶν</span> <span class='ocrx_word' id='word_1_327' title='bbox 795 1683 974 1734; x_wconf 78' lang='grc' dir='ltr'>ἁμαρτιῶν</span> <span class='ocrx_word' id='word_1_328' title='bbox 987 1699 1031 1721; x_wconf 88' lang='grc' dir='ltr'>τα</span> <span class='ocrx_word' id='word_1_329' title='bbox 1049 1683 1105 1721; x_wconf 76' lang='grc' dir='ltr'>οια</span> 
     </span>
    </p>
   </div>
   <div class='ocr_carea' id='block_1_14' title="bbox 85 1501 994 1556">
    <p class='ocr_par' dir='ltr' id='par_1_16' title="bbox 85 1501 994 1556">
     <span class='ocr_line' id='line_1_46' title="bbox 85 1501 994 1556; baseline -0.002 -15"><span class='ocrx_word' id='word_1_330' title='bbox 85 1504 143 1541; x_wconf 76' lang='grc' dir='ltr'>καὶ</span> <span class='ocrx_word' id='word_1_331' title='bbox 164 1503 351 1556; x_wconf 74' lang='grc' dir='ltr'>προτρέπει</span> <span class='ocrx_word' id='word_1_332' title='bbox 371 1508 446 1545; x_wconf 84' lang='grc' dir='ltr'>ταῖς</span> <span class='ocrx_word' id='word_1_333' title='bbox 475 1501 666 1552; x_wconf 83' lang='grc' dir='ltr'>κρείττοσιν</span> <span class='ocrx_word' id='word_1_334' title='bbox 697 1501 834 1546; x_wconf 77' lang='grc' dir='ltr'>ἐλπίσι,</span> <span class='ocrx_word' id='word_1_335' title='bbox 860 1501 970 1552; x_wconf 80' lang='grc' dir='ltr'>λέγων</span> <span class='ocrx_word' id='word_1_336' title='bbox 987 1518 994 1524; x_wconf 88' lang='grc'>·</span> 
     </span>
    </p>
   </div>
   <div class='ocr_carea' id='block_1_15' title="bbox 89 1742 1120 3134">
    <p class='ocr_par' dir='ltr' id='par_1_17' title="bbox 89 1742 1120 3134">
     <span class='ocr_line' id='line_1_47' title="bbox 89 1742 1104 1797; baseline 0 -15"><span class='ocrx_word' id='word_1_337' title='bbox 89 1749 148 1782; x_wconf 77' lang='grc' dir='ltr'>τοῦ</span> <span class='ocrx_word' id='word_1_338' title='bbox 166 1743 271 1794; x_wconf 81' lang='grc' dir='ltr'>νόμου</span> <span class='ocrx_word' id='word_1_339' title='bbox 287 1745 496 1796; x_wconf 72' lang='grc' dir='ltr'>ἐνηργεῖτοε</span> <span class='ocrx_word' id='word_1_340' title='bbox 482 1745 516 1780; x_wconf 74' lang='grc' dir='ltr'>ἐν</span> <span class='ocrx_word' id='word_1_341' title='bbox 537 1749 606 1786; x_wconf 58' lang='grc' dir='ltr'>τοῖς</span> <span class='ocrx_word' id='word_1_342' title='bbox 627 1742 764 1793; x_wconf 78' lang='grc' dir='ltr'>μέλεσιν</span> <span class='ocrx_word' id='word_1_343' title='bbox 780 1747 880 1795; x_wconf 72' lang='grc' dir='ltr'>ημῶν</span> <span class='ocrx_word' id='word_1_344' title='bbox 901 1747 946 1787; x_wconf 84' lang='grc' dir='ltr'>εἷς</span> <span class='ocrx_word' id='word_1_345' title='bbox 966 1744 1004 1782; x_wconf 81' lang='grc' dir='ltr'>τὸ</span> <span class='ocrx_word' id='word_1_346' title='bbox 1021 1760 1104 1797; x_wconf 81' lang='grc' dir='ltr'>καρ-</span> 
     </span>
     <span class='ocr_line' id='line_1_48' title="bbox 90 1798 1105 1858; baseline 0 -15"><span class='ocrx_word' id='word_1_347' title='bbox 90 1807 287 1856; x_wconf 68' lang='grc' dir='ltr'>ποῡορῆσαι</span> <span class='ocrx_word' id='word_1_348' title='bbox 305 1820 354 1855; x_wconf 82' lang='grc' dir='ltr'>τῳ</span> <span class='ocrx_word' id='word_1_349' title='bbox 375 1803 525 1855; x_wconf 78' lang='grc' dir='ltr'>θανάτῳ.</span> <span class='ocrx_word' id='word_1_350' title='bbox 546 1798 646 1846; x_wconf 77' lang='grc' dir='ltr'>Εἰοες</span> <span class='ocrx_word' id='word_1_351' title='bbox 658 1809 717 1842; x_wconf 87' lang='grc' dir='ltr'>τοῦ</span> <span class='ocrx_word' id='word_1_352' title='bbox 741 1828 760 1842; x_wconf 76' lang='grc' dir='ltr'>ιι</span> <span class='ocrx_word' id='word_1_353' title='bbox 736 1820 904 1857; x_wconf 61' lang='grc' dir='ltr'>προτερου</span> <span class='ocrx_word' id='word_1_354' title='bbox 928 1806 1047 1858; x_wconf 76' lang='grc' dir='ltr'>ανδρὸς</span> <span class='ocrx_word' id='word_1_355' title='bbox 1066 1805 1105 1843; x_wconf 79' lang='grc' dir='ltr'>τὸ</span> 
     </span>
     <span class='ocr_line' id='line_1_49' title="bbox 90 1864 1104 1919; baseline 0 -16"><span class='ocrx_word' id='word_1_356' title='bbox 90 1865 225 1917; x_wconf 70' lang='grc' dir='ltr'>κέρδος,</span> <span class='ocrx_word' id='word_1_357' title='bbox 246 1865 315 1903; x_wconf 81' lang='grc' dir='ltr'>Καὶ</span> <span class='ocrx_word' id='word_1_358' title='bbox 333 1867 394 1902; x_wconf 79' lang='grc' dir='ltr'>οὐκ</span> <span class='ocrx_word' id='word_1_359' title='bbox 413 1880 518 1909; x_wconf 79' lang='grc' dir='ltr'>ειπεν,</span> <span class='ocrx_word' id='word_1_360' title='bbox 535 1864 576 1902; x_wconf 71' lang='grc' dir='ltr'>δ’τ-</span> <span class='ocrx_word' id='word_1_361' title='bbox 578 1881 593 1902; x_wconf 88' lang='grc' dir='ltr'>ε</span> <span class='ocrx_word' id='word_1_362' title='bbox 609 1869 696 1914; x_wconf 75' lang='grc' dir='ltr'>ἦμεν</span> <span class='ocrx_word' id='word_1_363' title='bbox 722 1868 754 1903; x_wconf 77' lang='grc' dir='ltr'>ἐν</span> <span class='ocrx_word' id='word_1_364' title='bbox 770 1882 818 1917; x_wconf 85' lang='grc' dir='ltr'>τῳ</span> <span class='ocrx_word' id='word_1_365' title='bbox 834 1865 952 1919; x_wconf 87' lang='grc' dir='ltr'>νόμιι),</span> <span class='ocrx_word' id='word_1_366' title='bbox 974 1882 1104 1904; x_wconf 83' lang='grc' dir='ltr'>παντα-</span> 
     </span>
     <span class='ocr_line' id='line_1_50' title="bbox 90 1926 1106 1979; baseline 0 -15"><span class='ocrx_word' id='word_1_367' title='bbox 90 1931 154 1979; x_wconf 76' lang='grc' dir='ltr'>χοῦ</span> <span class='ocrx_word' id='word_1_368' title='bbox 173 1926 369 1978; x_wconf 68' lang='grc' dir='ltr'>φεισόμενος</span> <span class='ocrx_word' id='word_1_369' title='bbox 396 1926 513 1962; x_wconf 75' lang='grc' dir='ltr'>δοῦναι</span> <span class='ocrx_word' id='word_1_370' title='bbox 539 1927 721 1977; x_wconf 83' lang='grc' dir='ltr'>αιρετικοῖς</span> <span class='ocrx_word' id='word_1_371' title='bbox 746 1926 878 1972; x_wconf 72' lang='grc' dir='ltr'>λαίην·</span> <span class='ocrx_word' id='word_1_372' title='bbox 910 1928 997 1974; x_wconf 83' lang='grc' dir='ltr'>ἀλλ’,</span> <span class='ocrx_word' id='word_1_373' title='bbox 1018 1926 1106 1966; x_wconf 87' lang='grc' dir='ltr'>Ὅτε</span> 
     </span>
     <span class='ocr_line' id='line_1_51' title="bbox 92 1985 1106 2062; baseline 0 -37"><span class='ocrx_word' id='word_1_374' title='bbox 92 1992 179 2038; x_wconf 78' lang='grc' dir='ltr'>ἦμεν</span> <span class='ocrx_word' id='word_1_375' title='bbox 201 1990 234 2025; x_wconf 78' lang='grc' dir='ltr'>ἐν</span> <span class='ocrx_word' id='word_1_376' title='bbox 255 1991 297 2038; x_wconf 69' lang='grc' dir='ltr'>τῇ</span> <span class='ocrx_word' id='word_1_377' title='bbox 318 2002 443 2037; x_wconf 85' lang='grc' dir='ltr'>σαρκι,</span> <span class='ocrx_word' id='word_1_378' title='bbox 471 1985 646 2031; x_wconf 64' lang='grc' dir='ltr'>τιυτέστι,</span> <span class='ocrx_word' id='word_1_379' title='bbox 665 1992 768 2030; x_wconf 82' lang='grc' dir='ltr'>ταῖς</span> <span class='ocrx_word' id='word_1_380' title='bbox 758 1994 923 2062; x_wconf 78' lang='grc' dir='ltr'>πονηραῖς</span> <span class='ocrx_word' id='word_1_381' title='bbox 944 1988 1033 2040; x_wconf 80' lang='grc' dir='ltr'>πράς</span> <span class='ocrx_word' id='word_1_382' title='bbox 1036 2003 1106 2034; x_wconf 82' lang='grc' dir='ltr'>εσι,</span> 
     </span>
     <span class='ocr_line' id='line_1_52' title="bbox 93 2047 1106 2101; baseline 0 -16"><span class='ocrx_word' id='word_1_383' title='bbox 93 2063 142 2085; x_wconf 87' lang='grc' dir='ltr'>τιι)</span> <span class='ocrx_word' id='word_1_384' title='bbox 161 2063 340 2099; x_wconf 85' lang='grc' dir='ltr'>σαρκικῳ</span> <span class='ocrx_word' id='word_1_385' title='bbox 335 2047 410 2084; x_wconf 78' lang='grc' dir='ltr'>Βίιι.)</span> <span class='ocrx_word' id='word_1_386' title='bbox 428 2049 479 2086; x_wconf 79' lang='grc' dir='ltr'>Οὐ</span> <span class='ocrx_word' id='word_1_387' title='bbox 496 2047 561 2098; x_wconf 77' lang='grc' dir='ltr'>γὰρ</span> <span class='ocrx_word' id='word_1_388' title='bbox 578 2047 678 2085; x_wconf 83' lang='grc' dir='ltr'>τοῦτό</span> <span class='ocrx_word' id='word_1_389' title='bbox 697 2063 814 2098; x_wconf 69' lang='grc' dir='ltr'>φησιν,</span> <span class='ocrx_word' id='word_1_390' title='bbox 833 2047 886 2085; x_wconf 74' lang='grc' dir='ltr'>ότι</span> <span class='ocrx_word' id='word_1_391' title='bbox 901 2064 968 2101; x_wconf 84' lang='grc' dir='ltr'>προ</span> <span class='ocrx_word' id='word_1_392' title='bbox 987 2048 1106 2087; x_wconf 80' lang='grc' dir='ltr'>τούτου</span> 
     </span>
     <span class='ocr_line' id='line_1_53' title="bbox 96 2107 1109 2161; baseline 0.001 -15"><span class='ocrx_word' id='word_1_393' title='bbox 96 2125 157 2159; x_wconf 78' lang='grc' dir='ltr'>μεν</span> <span class='ocrx_word' id='word_1_394' title='bbox 178 2111 210 2146; x_wconf 84' lang='grc' dir='ltr'>ἐν</span> <span class='ocrx_word' id='word_1_395' title='bbox 228 2123 330 2160; x_wconf 58' lang='grc' dir='ltr'>σαρκι</span> <span class='ocrx_word' id='word_1_396' title='bbox 350 2112 453 2154; x_wconf 76' lang='grc' dir='ltr'>ἦσαν</span> <span class='ocrx_word' id='word_1_397' title='bbox 467 2107 538 2145; x_wconf 79' lang='grc' dir='ltr'>νυνὶ</span> <span class='ocrx_word' id='word_1_398' title='bbox 559 2107 594 2145; x_wconf 75' lang='grc' dir='ltr'>δὲ</span> <span class='ocrx_word' id='word_1_399' title='bbox 614 2108 795 2158; x_wconf 63' lang='grc' dir='ltr'>ἀσώματοι</span> <span class='ocrx_word' id='word_1_400' title='bbox 817 2089 994 2159; x_wconf 67' lang='grc' dir='ltr'>γενόμενοι</span> <span class='ocrx_word' id='word_1_401' title='bbox 1011 2125 1109 2161; x_wconf 88' lang='grc' dir='ltr'>περι-</span> 
     </span>
     <span class='ocr_line' id='line_1_54' title="bbox 95 2162 1108 2221; baseline -0.001 -13"><span class='ocrx_word' id='word_1_402' title='bbox 95 2169 214 2221; x_wconf 64' lang='grc' dir='ltr'>ῄεσαν.</span> <span class='ocrx_word' id='word_1_403' title='bbox 228 2169 373 2207; x_wconf 83' lang='grc' dir='ltr'>Τοῦτο</span> <span class='ocrx_word' id='word_1_404' title='bbox 355 2184 389 2205; x_wconf 86' lang='grc' dir='ltr'>οε</span> <span class='ocrx_word' id='word_1_405' title='bbox 407 2167 526 2215; x_wconf 65' lang='lat' dir='ltr'><strong>etrum,</strong></span> <span class='ocrx_word' id='word_1_406' title='bbox 545 2167 623 2206; x_wconf 80' lang='grc' dir='ltr'>οὔτε</span> <span class='ocrx_word' id='word_1_407' title='bbox 645 2169 752 2206; x_wconf 83' lang='grc' dir='ltr'>αἴτιον</span> <span class='ocrx_word' id='word_1_408' title='bbox 770 2162 857 2206; x_wconf 80' lang='grc' dir='ltr'>εἷναί</span> <span class='ocrx_word' id='word_1_409' title='bbox 877 2185 978 2221; x_wconf 64' lang='grc' dir='ltr'>φησιν</span> <span class='ocrx_word' id='word_1_410' title='bbox 999 2170 1108 2221; x_wconf 78' lang='grc' dir='ltr'>ἁμαρ-</span> 
     </span>
     <span class='ocr_line' id='line_1_55' title="bbox 95 2228 1109 2282; baseline 0.002 -16"><span class='ocrx_word' id='word_1_411' title='bbox 95 2229 261 2279; x_wconf 82' lang='grc' dir='ltr'>τημάτων</span> <span class='ocrx_word' id='word_1_412' title='bbox 277 2229 333 2267; x_wconf 81' lang='grc' dir='ltr'>τὸν</span> <span class='ocrx_word' id='word_1_413' title='bbox 347 2228 463 2278; x_wconf 84' lang='grc' dir='ltr'>νόμον,</span> <span class='ocrx_word' id='word_1_414' title='bbox 478 2228 554 2266; x_wconf 81' lang='grc' dir='ltr'>οὔτε</span> <span class='ocrx_word' id='word_1_415' title='bbox 567 2228 783 2267; x_wconf 71' lang='grc' dir='ltr'>ἀπαλλάττει</span> <span class='ocrx_word' id='word_1_416' title='bbox 798 2230 899 2267; x_wconf 73' lang='grc' dir='ltr'>αὐτὸν</span> <span class='ocrx_word' id='word_1_417' title='bbox 911 2230 1109 2282; x_wconf 68' lang='grc' dir='ltr'>ἀπεχθείας·</span> 
     </span>
     <span class='ocr_line' id='line_1_56' title="bbox 95 2288 1110 2342; baseline 0.001 -15"><span class='ocrx_word' id='word_1_418' title='bbox 95 2289 288 2342; x_wconf 80' lang='grc' dir='ltr'>κατηγόρου</span> <span class='ocrx_word' id='word_1_419' title='bbox 311 2288 378 2341; x_wconf 68' lang='grc' dir='ltr'>γὰρ</span> <span class='ocrx_word' id='word_1_420' title='bbox 399 2289 493 2333; x_wconf 81' lang='grc' dir='ltr'>τάξιν</span> <span class='ocrx_word' id='word_1_421' title='bbox 523 2291 640 2340; x_wconf 74' lang='grc' dir='ltr'>ἐπεῖχε</span> <span class='ocrx_word' id='word_1_422' title='bbox 668 2295 808 2340; x_wconf 83' lang='grc' dir='ltr'>πικροῦ,</span> <span class='ocrx_word' id='word_1_423' title='bbox 840 2292 1047 2342; x_wconf 71' lang='grc' dir='ltr'>ἀπιγυμνῶν</span> <span class='ocrx_word' id='word_1_424' title='bbox 1067 2291 1110 2328; x_wconf 78' lang='grc' dir='ltr'>τὰ</span> 
     </span>
     <span class='ocr_line' id='line_1_57' title="bbox 96 2349 1110 2405; baseline 0.001 -17"><span class='ocrx_word' id='word_1_425' title='bbox 96 2351 333 2402; x_wconf 68' lang='grc' dir='ltr'>ἁμαρτήματα</span> <span class='ocrx_word' id='word_1_426' title='bbox 347 2365 354 2371; x_wconf 95' lang='grc'>·</span> <span class='ocrx_word' id='word_1_427' title='bbox 380 2352 397 2387; x_wconf 82' lang='grc' dir='ltr'><strong><em>ὃ</em></strong></span> <span class='ocrx_word' id='word_1_428' title='bbox 422 2349 488 2401; x_wconf 74' lang='grc' dir='ltr'>γὰρ</span> <span class='ocrx_word' id='word_1_429' title='bbox 508 2352 557 2400; x_wconf 78' lang='grc' dir='ltr'>τῷ</span> <span class='ocrx_word' id='word_1_430' title='bbox 587 2350 693 2399; x_wconf 69' lang='grc' dir='ltr'>μηδὲν</span> <span class='ocrx_word' id='word_1_431' title='bbox 714 2350 892 2388; x_wconf 80' lang='grc' dir='ltr'>πείθεσθαι</span> <span class='ocrx_word' id='word_1_432' title='bbox 913 2352 1110 2405; x_wconf 77' lang='grc' dir='ltr'>βουλομένῳ</span> 
     </span>
     <span class='ocr_line' id='line_1_58' title="bbox 95 2410 1111 2464; baseline 0.002 -16"><span class='ocrx_word' id='word_1_433' title='bbox 95 2410 238 2449; x_wconf 87' lang='grc' dir='ltr'>πλείονα</span> <span class='ocrx_word' id='word_1_434' title='bbox 270 2410 476 2458; x_wconf 73' lang='grc' dir='ltr'>ἐπιτάττων,</span> <span class='ocrx_word' id='word_1_435' title='bbox 503 2411 683 2455; x_wconf 82' lang='grc' dir='ltr'>πλεονάζει</span> <span class='ocrx_word' id='word_1_436' title='bbox 710 2410 748 2448; x_wconf 76' lang='grc' dir='ltr'>τὸ</span> <span class='ocrx_word' id='word_1_437' title='bbox 775 2411 1014 2464; x_wconf 83' lang='grc' dir='ltr'>παράπτωμα.</span> <span class='ocrx_word' id='word_1_438' title='bbox 1043 2413 1111 2450; x_wconf 78' lang='grc' dir='ltr'>Διὰ</span> 
     </span>
     <span class='ocr_line' id='line_1_59' title="bbox 96 2465 1112 2524; baseline 0.001 -14"><span class='ocrx_word' id='word_1_439' title='bbox 96 2475 197 2510; x_wconf 86' lang='grc' dir='ltr'>τοῦτο</span> <span class='ocrx_word' id='word_1_440' title='bbox 215 2467 275 2510; x_wconf 86' lang='grc' dir='ltr'>ουκ</span> <span class='ocrx_word' id='word_1_441' title='bbox 294 2465 391 2519; x_wconf 72' lang='grc' dir='ltr'>εἷπε,</span> <span class='ocrx_word' id='word_1_442' title='bbox 412 2487 455 2508; x_wconf 87' lang='grc' dir='ltr'>τα</span> <span class='ocrx_word' id='word_1_443' title='bbox 474 2471 665 2522; x_wconf 78' lang='grc' dir='ltr'>παθήματα</span> <span class='ocrx_word' id='word_1_444' title='bbox 689 2488 756 2509; x_wconf 77' lang='grc' dir='ltr'>των</span> <span class='ocrx_word' id='word_1_445' title='bbox 782 2474 962 2524; x_wconf 77' lang='grc' dir='ltr'>ἁμαρτιι)ν</span> <span class='ocrx_word' id='word_1_446' title='bbox 983 2473 1057 2511; x_wconf 76' lang='grc' dir='ltr'>τὰ</span> <span class='ocrx_word' id='word_1_447' title='bbox 1045 2489 1112 2511; x_wconf 84' lang='grc' dir='ltr'>υπο</span> 
     </span>
     <span class='ocr_line' id='line_1_60' title="bbox 98 2531 1112 2584; baseline 0.003 -15"><span class='ocrx_word' id='word_1_448' title='bbox 98 2537 157 2570; x_wconf 81' lang='grc' dir='ltr'>τοῦ</span> <span class='ocrx_word' id='word_1_449' title='bbox 173 2532 275 2582; x_wconf 86' lang='grc' dir='ltr'>νόμου</span> <span class='ocrx_word' id='word_1_450' title='bbox 291 2531 410 2582; x_wconf 83' lang='grc' dir='ltr'>γινόυ.ε</span> <span class='ocrx_word' id='word_1_451' title='bbox 395 2548 474 2579; x_wconf 89' lang='grc' dir='ltr'>να,</span> <span class='ocrx_word' id='word_1_452' title='bbox 496 2532 583 2569; x_wconf 69' lang='grc' dir='ltr'>ἄλλα</span> <span class='ocrx_word' id='word_1_453' title='bbox 596 2560 604 2576; x_wconf 90' lang='grc'>,</span> <span class='ocrx_word' id='word_1_454' title='bbox 623 2534 655 2569; x_wconf 92' lang='grc' dir='ltr'><strong>Τ</strong></span> <span class='ocrx_word' id='word_1_455' title='bbox 659 2531 680 2568; x_wconf 78' lang='grc' dir='ltr'>ὰ</span> <span class='ocrx_word' id='word_1_456' title='bbox 696 2531 752 2570; x_wconf 67' lang='grc' dir='ltr'>διὰ</span> <span class='ocrx_word' id='word_1_457' title='bbox 767 2537 826 2571; x_wconf 82' lang='grc' dir='ltr'>τοῦ</span> <span class='ocrx_word' id='word_1_458' title='bbox 847 2533 977 2584; x_wconf 73' lang='grc' dir='ltr'>νόμου,</span> <span class='ocrx_word' id='word_1_459' title='bbox 1000 2550 1058 2572; x_wconf 83' lang='grc' dir='ltr'>και</span> <span class='ocrx_word' id='word_1_460' title='bbox 1074 2537 1112 2572; x_wconf 69' lang='grc' dir='ltr'>οὗ</span> 
     </span>
     <span class='ocr_line' id='line_1_61' title="bbox 99 2591 1109 2644; baseline 0.004 -16"><span class='ocrx_word' id='word_1_461' title='bbox 99 2591 314 2643; x_wconf 79' lang='grc' dir='ltr'>προσέθηκε,</span> <span class='ocrx_word' id='word_1_462' title='bbox 335 2591 517 2642; x_wconf 66' lang='grc' dir='ltr'>γινόμενα,</span> <span class='ocrx_word' id='word_1_463' title='bbox 540 2592 615 2628; x_wconf 77' lang='grc' dir='ltr'>ἀλλ’</span> <span class='ocrx_word' id='word_1_464' title='bbox 637 2593 777 2641; x_wconf 64' lang='grc' dir='ltr'>ἁπλῶς,</span> <span class='ocrx_word' id='word_1_465' title='bbox 799 2593 868 2631; x_wconf 84' lang='grc' dir='ltr'>Δια</span> <span class='ocrx_word' id='word_1_466' title='bbox 893 2599 953 2632; x_wconf 81' lang='grc' dir='ltr'>τοῦ</span> <span class='ocrx_word' id='word_1_467' title='bbox 976 2593 1081 2644; x_wconf 90' lang='grc' dir='ltr'>νόμου</span> <span class='ocrx_word' id='word_1_468' title='bbox 1100 2624 1109 2642; x_wconf 98' lang='grc'>,</span> 
     </span>
     <span class='ocr_line' id='line_1_62' title="bbox 101 2652 1113 2708; baseline 0.002 -17"><span class='ocrx_word' id='word_1_469' title='bbox 101 2653 279 2699; x_wconf 83' lang='grc' dir='ltr'>τουτέστι,</span> <span class='ocrx_word' id='word_1_470' title='bbox 295 2652 339 2691; x_wconf 83' lang='grc' dir='ltr'>τα</span> <span class='ocrx_word' id='word_1_471' title='bbox 353 2653 408 2690; x_wconf 75' lang='grc' dir='ltr'>σιὰ</span> <span class='ocrx_word' id='word_1_472' title='bbox 427 2657 486 2691; x_wconf 84' lang='grc' dir='ltr'>τοῦ</span> <span class='ocrx_word' id='word_1_473' title='bbox 499 2652 604 2690; x_wconf 72' lang='grc' dir='ltr'>νόμου</span> <span class='ocrx_word' id='word_1_474' title='bbox 624 2654 814 2705; x_wconf 65' lang='grc' dir='ltr'>φαινόμενα</span> <span class='ocrx_word' id='word_1_475' title='bbox 828 2654 850 2700; x_wconf 86' lang='grc' dir='ltr'>ἢ</span> <span class='ocrx_word' id='word_1_476' title='bbox 866 2655 1113 2708; x_wconf 71' lang='grc' dir='ltr'>γνωριζόμενα</span> 
     </span>
     <span class='ocr_line' id='line_1_63' title="bbox 100 2708 1115 2768; baseline 0.004 -16"><span class='ocrx_word' id='word_1_477' title='bbox 100 2708 210 2761; x_wconf 79' lang='grc' dir='ltr'>Εἶτα,</span> <span class='ocrx_word' id='word_1_478' title='bbox 231 2730 284 2751; x_wconf 85' lang='grc' dir='ltr'>ινα</span> <span class='ocrx_word' id='word_1_479' title='bbox 299 2729 385 2764; x_wconf 85' lang='grc' dir='ltr'>μηοε</span> <span class='ocrx_word' id='word_1_480' title='bbox 402 2730 463 2760; x_wconf 86' lang='grc' dir='ltr'>της</span> <span class='ocrx_word' id='word_1_481' title='bbox 479 2730 606 2766; x_wconf 79' lang='grc' dir='ltr'>σαρκός</span> <span class='ocrx_word' id='word_1_482' title='bbox 620 2730 709 2761; x_wconf 80' lang='grc' dir='ltr'>κατ-Γ,</span> <span class='ocrx_word' id='word_1_483' title='bbox 713 2716 845 2768; x_wconf 67' lang='grc' dir='ltr'>γορήο-Γ,</span> <span class='ocrx_word' id='word_1_484' title='bbox 859 2747 868 2765; x_wconf 82' lang='grc'>,</span> <span class='ocrx_word' id='word_1_485' title='bbox 885 2733 947 2755; x_wconf 87' lang='grc' dir='ltr'>ουκ</span> <span class='ocrx_word' id='word_1_486' title='bbox 965 2721 1073 2764; x_wconf 82' lang='grc' dir='ltr'>εἶπεν,</span> <span class='ocrx_word' id='word_1_487' title='bbox 1094 2718 1115 2755; x_wconf 82' lang='grc' dir='ltr'>ἃ</span> 
     </span>
     <span class='ocr_line' id='line_1_64' title="bbox 107 2774 1114 2827; baseline 0.003 -15"><span class='ocrx_word' id='word_1_488' title='bbox 107 2775 244 2826; x_wconf 71' lang='grc' dir='ltr'>ἐνήργει</span> <span class='ocrx_word' id='word_1_489' title='bbox 265 2791 309 2812; x_wconf 90' lang='grc' dir='ltr'>τα</span> <span class='ocrx_word' id='word_1_490' title='bbox 339 2774 449 2824; x_wconf 83' lang='grc' dir='ltr'>μέλη,</span> <span class='ocrx_word' id='word_1_491' title='bbox 471 2775 545 2812; x_wconf 76' lang='grc' dir='ltr'>ἀλλ’</span> <span class='ocrx_word' id='word_1_492' title='bbox 566 2774 903 2827; x_wconf 62' lang='grc' dir='ltr'>ΓνΓργειιοει</span> <span class='ocrx_word' id='word_1_493' title='bbox 906 2783 953 2820; x_wconf 84' lang='grc' dir='ltr'>οἷς</span> <span class='ocrx_word' id='word_1_494' title='bbox 979 2777 1114 2827; x_wconf 69' lang='grc' dir='ltr'>μέλεσιν</span> 
     </span>
     <span class='ocr_line' id='line_1_65' title="bbox 102 2835 1116 2890; baseline 0.003 -17.015"><span class='ocrx_word' id='word_1_495' title='bbox 102 2838 222 2885; x_wconf 81' lang='grc' dir='ltr'>ἡμων</span> <span class='ocrx_word' id='word_1_496' title='bbox 240 2835 370 2878; x_wconf 84' lang='grc' dir='ltr'>οεικνυς</span> <span class='ocrx_word' id='word_1_497' title='bbox 392 2835 556 2887; x_wconf 81' lang='grc' dir='ltr'>ετερωθεν</span> <span class='ocrx_word' id='word_1_498' title='bbox 577 2839 680 2874; x_wconf 78' lang='grc' dir='ltr'>οὖσαν</span> <span class='ocrx_word' id='word_1_499' title='bbox 701 2852 763 2882; x_wconf 85' lang='grc' dir='ltr'>της</span> <span class='ocrx_word' id='word_1_500' title='bbox 780 2838 949 2889; x_wconf 85' lang='grc' dir='ltr'>πονηρίας</span> <span class='ocrx_word' id='word_1_501' title='bbox 976 2855 1038 2884; x_wconf 88' lang='grc' dir='ltr'>την</span> <span class='ocrx_word' id='word_1_502' title='bbox 1059 2841 1116 2890; x_wconf 78' lang='grc' dir='ltr'>ἀρ-</span> 
     </span>
     <span class='ocr_line' id='line_1_66' title="bbox 101 2896 1114 2949; baseline 0.003 -16.006"><span class='ocrx_word' id='word_1_503' title='bbox 101 2896 185 2948; x_wconf 63' lang='grc' dir='ltr'>γὴν,</span> <span class='ocrx_word' id='word_1_504' title='bbox 213 2896 281 2934; x_wconf 82' lang='grc' dir='ltr'>ἀπο</span> <span class='ocrx_word' id='word_1_505' title='bbox 304 2899 370 2934; x_wconf 81' lang='grc' dir='ltr'>τῶν</span> <span class='ocrx_word' id='word_1_506' title='bbox 396 2912 621 2949; x_wconf 84' lang='grc' dir='ltr'>ενεργουντων</span> <span class='ocrx_word' id='word_1_507' title='bbox 649 2899 841 2949; x_wconf 85' lang='grc' dir='ltr'>λογισμων,</span> <span class='ocrx_word' id='word_1_508' title='bbox 867 2914 928 2936; x_wconf 89' lang='grc' dir='ltr'>ουκ</span> <span class='ocrx_word' id='word_1_509' title='bbox 951 2900 1019 2938; x_wconf 82' lang='grc' dir='ltr'>ἀπο</span> <span class='ocrx_word' id='word_1_510' title='bbox 1047 2916 1114 2938; x_wconf 89' lang='grc' dir='ltr'>των</span> 
     </span>
     <span class='ocr_line' id='line_1_67' title="bbox 105 2956 1116 3012; baseline 0.004 -18"><span class='ocrx_word' id='word_1_511' title='bbox 105 2957 353 3008; x_wconf 81' lang='grc' dir='ltr'>ἐνεργουμένων</span> <span class='ocrx_word' id='word_1_512' title='bbox 369 2959 496 3007; x_wconf 82' lang='grc' dir='ltr'>μελῶν.</span> <span class='ocrx_word' id='word_1_513' title='bbox 515 2957 559 2995; x_wconf 74' lang='lat' dir='ltr'>‘H</span> <span class='ocrx_word' id='word_1_514' title='bbox 579 2956 640 3008; x_wconf 80' lang='grc' dir='ltr'>μὲν</span> <span class='ocrx_word' id='word_1_515' title='bbox 655 2958 722 3011; x_wconf 83' lang='grc' dir='ltr'>γὰρ</span> <span class='ocrx_word' id='word_1_516' title='bbox 736 2959 830 3011; x_wconf 76' lang='grc' dir='ltr'>ψυχὴ</span> <span class='ocrx_word' id='word_1_517' title='bbox 845 2960 1001 3012; x_wconf 61' lang='grc' dir='ltr'>τεχνίτιυ</span> <span class='ocrx_word' id='word_1_518' title='bbox 1023 2960 1116 3005; x_wconf 85' lang='grc' dir='ltr'>τάξιν</span> 
     </span>
     <span class='ocr_line' id='line_1_68' title="bbox 107 3018 1118 3072; baseline 0.005 -18"><span class='ocrx_word' id='word_1_519' title='bbox 107 3018 240 3068; x_wconf 76' lang='grc' dir='ltr'>ἐπεῖχε,</span> <span class='ocrx_word' id='word_1_520' title='bbox 256 3018 400 3068; x_wconf 79' lang='grc' dir='ltr'>κιθάρας</span> <span class='ocrx_word' id='word_1_521' title='bbox 416 3018 452 3055; x_wconf 79' lang='grc' dir='ltr'>δὲ</span> <span class='ocrx_word' id='word_1_522' title='bbox 465 3020 526 3063; x_wconf 77' lang='grc' dir='ltr'>τῆς</span> <span class='ocrx_word' id='word_1_523' title='bbox 542 3019 668 3071; x_wconf 77' lang='grc' dir='ltr'>σαρκὸς</span> <span class='ocrx_word' id='word_1_524' title='bbox 679 3023 700 3066; x_wconf 91' lang='lat'>7,</span> <span class='ocrx_word' id='word_1_525' title='bbox 720 3019 833 3071; x_wconf 63' lang='grc' dir='ltr'>φύσις,</span> <span class='ocrx_word' id='word_1_526' title='bbox 851 3020 959 3065; x_wconf 78' lang='grc' dir='ltr'>οὕτως</span> <span class='ocrx_word' id='word_1_527' title='bbox 970 3024 1118 3072; x_wconf 73' lang='grc' dir='ltr'>ἧχοῦσα,</span> 
     </span>
     <span class='ocr_line' id='line_1_69' title="bbox 107 3078 1120 3134; baseline 0.006 -20"><span class='ocrx_word' id='word_1_528' title='bbox 107 3079 152 3119; x_wconf 80' lang='grc' dir='ltr'>ὡς</span> <span class='ocrx_word' id='word_1_529' title='bbox 168 3078 358 3128; x_wconf 74' lang='grc' dir='ltr'>ἠνάγκαζεν</span> <span class='ocrx_word' id='word_1_530' title='bbox 377 3081 395 3116; x_wconf 77' lang='grc' dir='ltr'>ὁ</span> <span class='ocrx_word' id='word_1_531' title='bbox 413 3078 583 3130; x_wconf 78' lang='grc' dir='ltr'>τεχνίτης.</span> <span class='ocrx_word' id='word_1_532' title='bbox 595 3081 729 3119; x_wconf 79' lang='grc' dir='ltr'>Οὐκοῦν</span> <span class='ocrx_word' id='word_1_533' title='bbox 745 3083 782 3119; x_wconf 77' lang='grc' dir='ltr'>οὔ</span> <span class='ocrx_word' id='word_1_534' title='bbox 801 3082 910 3133; x_wconf 80' lang='grc' dir='ltr'>ταύτῃ</span> <span class='ocrx_word' id='word_1_535' title='bbox 927 3082 965 3119; x_wconf 76' lang='grc' dir='ltr'>τὸ</span> <span class='ocrx_word' id='word_1_536' title='bbox 985 3081 1120 3134; x_wconf 74' lang='grc' dir='ltr'>ἀπηχὲς</span> 
     </span>
    </p>
   </div>
   <div class='ocr_carea' id='block_1_16' title="bbox 109 3137 1119 3225">
    <p class='ocr_par' dir='ltr' id='par_1_18' title="bbox 109 3137 1119 3209">
     <span class='ocr_line' id='line_1_70' title="bbox 109 3137 1119 3192; baseline 0.007 -19"><span class='ocrx_word' id='word_1_537' title='bbox 109 3137 211 3187; x_wconf 74' lang='grc' dir='ltr'>μέλος</span> <span class='ocrx_word' id='word_1_538' title='bbox 199 3167 232 3185; x_wconf 85' lang='grc'>,</span> <span class='ocrx_word' id='word_1_539' title='bbox 256 3139 330 3175; x_wconf 83' lang='grc' dir='ltr'>ἀλλ’</span> <span class='ocrx_word' id='word_1_540' title='bbox 353 3139 465 3190; x_wconf 78' lang='grc' dir='ltr'>ἐκείνῃ</span> <span class='ocrx_word' id='word_1_541' title='bbox 484 3139 550 3191; x_wconf 84' lang='grc' dir='ltr'>πρὸ</span> <span class='ocrx_word' id='word_1_542' title='bbox 570 3139 696 3186; x_wconf 81' lang='grc' dir='ltr'>ταύτης</span> <span class='ocrx_word' id='word_1_543' title='bbox 714 3142 852 3192; x_wconf 77' lang='grc' dir='ltr'>λ·ο(ιστε’</span> <span class='ocrx_word' id='word_1_544' title='bbox 854 3158 890 3179; x_wconf 90' lang='grc' dir='ltr'>ον</span> <span class='ocrx_word' id='word_1_545' title='bbox 917 3146 1014 3188; x_wconf 56' lang='grc' dir='ltr'>ὑμῖν.</span> <span class='ocrx_word' id='word_1_546' title='bbox 1048 3145 1119 3181; x_wconf 62' lang='grc' dir='ltr'>Νῦν</span> 
     </span>
     <span class='ocr_line' id='line_1_71' title="bbox 113 3196 144 3225; baseline 0 -16"><span class='ocrx_word' id='word_1_547' title='bbox 113 3196 144 3225; x_wconf 54' lang='grc' dir='ltr'>’ἱὲ</span> 
     </span>
    </p>
   </div>
   <div class='ocr_carea' id='block_1_17' title="bbox 110 3198 1121 3256">
    <p class='ocr_par' dir='ltr' id='par_1_19' title="bbox 110 3198 1121 3256">
     <span class='ocr_line' id='line_1_72' title="bbox 110 3198 1121 3256; baseline 0.008 -22.024"><span class='ocrx_word' id='word_1_548' title='bbox 110 3213 166 3244; x_wconf 80' lang='grc' dir='ltr'>σε,</span> <span class='ocrx_word' id='word_1_549' title='bbox 188 3198 288 3248; x_wconf 61' lang='grc' dir='ltr'>φησὶ,</span> <span class='ocrx_word' id='word_1_550' title='bbox 317 3200 583 3251; x_wconf 66' lang='grc' dir='ltr'>κατηργηθημεν</span> <span class='ocrx_word' id='word_1_551' title='bbox 613 3201 681 3239; x_wconf 87' lang='grc' dir='ltr'>ἀπο</span> <span class='ocrx_word' id='word_1_552' title='bbox 699 3207 758 3240; x_wconf 90' lang='grc' dir='ltr'>τοῦ</span> <span class='ocrx_word' id='word_1_553' title='bbox 783 3203 900 3254; x_wconf 75' lang='grc' dir='ltr'>νόμου.</span> <span class='ocrx_word' id='word_1_554' title='bbox 921 3202 1029 3256; x_wconf 87' lang='grc' dir='ltr'>Ορας</span> <span class='ocrx_word' id='word_1_555' title='bbox 1048 3206 1121 3247; x_wconf 77' lang='grc' dir='ltr'>πῶς</span> 
     </span>
    </p>
   </div>
   <div class='ocr_carea' id='block_1_18' title="bbox 110 3264 1122 3322">
    <p class='ocr_par' dir='ltr' id='par_1_20' title="bbox 110 3264 1122 3322">
     <span class='ocr_line' id='line_1_73' title="bbox 110 3264 1122 3322; baseline 0.007 -21"><span class='ocrx_word' id='word_1_556' title='bbox 110 3264 214 3302; x_wconf 84' lang='grc' dir='ltr'>πάλιν</span> <span class='ocrx_word' id='word_1_557' title='bbox 228 3267 374 3304; x_wconf 78' lang='grc' dir='ltr'>ἐνταῦθα</span> <span class='ocrx_word' id='word_1_558' title='bbox 388 3282 475 3312; x_wconf 85' lang='grc' dir='ltr'>της</span> <span class='ocrx_word' id='word_1_559' title='bbox 459 3282 584 3319; x_wconf 78' lang='grc' dir='ltr'>σαρκός</span> <span class='ocrx_word' id='word_1_560' title='bbox 599 3284 658 3306; x_wconf 86' lang='grc' dir='ltr'>και</span> <span class='ocrx_word' id='word_1_561' title='bbox 675 3274 734 3308; x_wconf 88' lang='grc' dir='ltr'>τοῦ</span> <span class='ocrx_word' id='word_1_562' title='bbox 747 3270 852 3321; x_wconf 85' lang='grc' dir='ltr'>νόμου</span> <span class='ocrx_word' id='word_1_563' title='bbox 867 3271 1044 3322; x_wconf 66' lang='grc' dir='ltr'>φείσεται·</span> <span class='ocrx_word' id='word_1_564' title='bbox 1034 3301 1045 3321; x_wconf 93' lang='grc'>,</span> <span class='ocrx_word' id='word_1_565' title='bbox 1069 3273 1122 3310; x_wconf 87' lang='grc' dir='ltr'>Ου</span> 
     </span>
    </p>
   </div>
   <div class='ocr_carea' id='block_1_19' title="bbox 1173 1321 2218 3321">
    <p class='ocr_par' dir='ltr' id='par_1_21' title="bbox 1173 1321 2218 3321">
     <span class='ocr_line' id='line_1_74' title="bbox 1173 1321 2218 1375; baseline 0.01 -20"><span class='ocrx_word' id='word_1_566' title='bbox 1173 1333 1251 1356; x_wconf 84' lang='lat' dir='ltr'>non</span> <span class='ocrx_word' id='word_1_567' title='bbox 1273 1321 1346 1356; x_wconf 77' lang='lat' dir='ltr'>sihi</span> <span class='ocrx_word' id='word_1_568' title='bbox 1365 1322 1518 1367; x_wconf 74' lang='lat' dir='ltr'>vivant,</span> <span class='ocrx_word' id='word_1_569' title='bbox 1542 1322 1610 1358; x_wconf 86' lang='lat' dir='ltr'>sed</span> <span class='ocrx_word' id='word_1_570' title='bbox 1626 1324 1673 1367; x_wconf 84' lang='lat' dir='ltr'>ei,</span> <span class='ocrx_word' id='word_1_571' title='bbox 1698 1324 1764 1373; x_wconf 68' lang='lat' dir='ltr'>qui</span> <span class='ocrx_word' id='word_1_572' title='bbox 1780 1336 1850 1373; x_wconf 82' lang='lat' dir='ltr'>pro</span> <span class='ocrx_word' id='word_1_573' title='bbox 1871 1326 1959 1375; x_wconf 81' lang='lat' dir='ltr'><strong>ipsis</strong></span> <span class='ocrx_word' id='word_1_574' title='bbox 1982 1335 2154 1364; x_wconf 79' lang='lat' dir='ltr'><strong>mortuus</strong></span> <span class='ocrx_word' id='word_1_575' title='bbox 2174 1321 2218 1350; x_wconf 82' lang='lat'>¹5·</span> 
     </span>
     <span class='ocr_line' id='line_1_75' title="bbox 1175 1381 2158 1434; baseline 0.009 -17"><span class='ocrx_word' id='word_1_576' title='bbox 1175 1389 1242 1418; x_wconf 81' lang='lat' dir='ltr'><strong>est.</strong></span> <span class='ocrx_word' id='word_1_577' title='bbox 1258 1381 1335 1418; x_wconf 87' lang='lat' dir='ltr'><strong>Hoc</strong></span> <span class='ocrx_word' id='word_1_578' title='bbox 1351 1395 1433 1432; x_wconf 82' lang='lat' dir='ltr'><strong>ergo</strong></span> <span class='ocrx_word' id='word_1_579' title='bbox 1446 1381 1505 1419; x_wconf 87' lang='lat' dir='ltr'>hie</span> <span class='ocrx_word' id='word_1_580' title='bbox 1521 1396 1660 1433; x_wconf 88' lang='lat' dir='ltr'><strong>quoque</strong></span> <span class='ocrx_word' id='word_1_581' title='bbox 1674 1383 1912 1423; x_wconf 74' lang='lat' dir='ltr'><strong>subindicavit</strong></span> <span class='ocrx_word' id='word_1_582' title='bbox 1924 1385 2057 1434; x_wconf 83' lang='lat' dir='ltr'><strong>dicens,</strong></span> <span class='ocrx_word' id='word_1_583' title='bbox 2079 1390 2158 1426; x_wconf 81' lang='lat' dir='ltr'>Per</span> 
     </span>
     <span class='ocr_line' id='line_1_76' title="bbox 1176 1443 2156 1498; baseline 0.008 -19"><span class='ocrx_word' id='word_1_584' title='bbox 1176 1443 1469 1494; x_wconf 65' lang='lat' dir='ltr'><strong>cor-pus.Deinde</strong></span> <span class='ocrx_word' id='word_1_585' title='bbox 1489 1458 1552 1495; x_wconf 86' lang='lat' dir='ltr'>per</span> <span class='ocrx_word' id='word_1_586' title='bbox 1575 1445 1757 1483; x_wconf 89' lang='lat' dir='ltr'><strong>meliorem</strong></span> <span class='ocrx_word' id='word_1_587' title='bbox 1776 1460 1875 1498; x_wconf 85' lang='lat' dir='ltr'><strong>spem</strong></span> <span class='ocrx_word' id='word_1_588' title='bbox 1901 1447 2077 1497; x_wconf 80' lang='lat' dir='ltr'><strong>hortatur,</strong></span> <span class='ocrx_word' id='word_1_589' title='bbox 2097 1450 2156 1487; x_wconf 89' lang='lat' dir='ltr'><strong>di-</strong></span> 
     </span>
     <span class='ocr_line' id='line_1_77' title="bbox 1177 1504 2159 1556; baseline 0.008 -16"><span class='ocrx_word' id='word_1_590' title='bbox 1177 1517 1280 1541; x_wconf 83' lang='lat' dir='ltr'><strong>cens:</strong></span> <span class='ocrx_word' id='word_1_591' title='bbox 1300 1504 1645 1556; x_wconf 75' lang='lat' dir='ltr'><strong>Etfructificemzcs</strong></span> <span class='ocrx_word' id='word_1_592' title='bbox 1659 1507 1756 1543; x_wconf 85' lang='lat' dir='ltr'><strong>Deo.</strong></span> <span class='ocrx_word' id='word_1_593' title='bbox 1779 1509 1809 1546; x_wconf 80' lang='lat' dir='ltr'><strong>l</strong></span> <span class='ocrx_word' id='word_1_594' title='bbox 1814 1522 1883 1545; x_wconf 89' lang='lat' dir='ltr'><strong>unc</strong></span> <span class='ocrx_word' id='word_1_595' title='bbox 1897 1509 1992 1546; x_wconf 86' lang='lat' dir='ltr'><strong>enim</strong></span> <span class='ocrx_word' id='word_1_596' title='bbox 2007 1510 2159 1548; x_wconf 80' lang='lat' dir='ltr'><strong>fiuctifi-</strong></span> 
     </span>
     <span class='ocr_line' id='line_1_78' title="bbox 1178 1565 2160 1616; baseline 0.009 -15"><span class='ocrx_word' id='word_1_597' title='bbox 1178 1565 1312 1602; x_wconf 79' lang='lat' dir='ltr'><strong>eabatis</strong></span> <span class='ocrx_word' id='word_1_598' title='bbox 1345 1565 1466 1614; x_wconf 85' lang='lat' dir='ltr'><strong>morti,</strong></span> <span class='ocrx_word' id='word_1_599' title='bbox 1496 1566 1624 1616; x_wconf 89' lang='lat' dir='ltr'><strong>inquit,</strong></span> <span class='ocrx_word' id='word_1_600' title='bbox 1646 1581 1741 1606; x_wconf 84' lang='lat' dir='ltr'><strong>nunc</strong></span> <span class='ocrx_word' id='word_1_601' title='bbox 1758 1578 1875 1607; x_wconf 77' lang='lat' dir='ltr'><strong>autem</strong></span> <span class='ocrx_word' id='word_1_602' title='bbox 1895 1571 2024 1609; x_wconf 82' lang='lat' dir='ltr'><strong>Deo.5</strong></span> <span class='ocrx_word' id='word_1_603' title='bbox 2030 1574 2160 1610; x_wconf 83' lang='lat' dir='ltr'>Cum</span> 
     </span>
     <span class='ocr_line' id='line_1_79' title="bbox 1179 1628 2158 1683; baseline 0.008 -19"><span class='ocrx_word' id='word_1_604' title='bbox 1179 1629 1280 1664; x_wconf 79' lang='lat' dir='ltr'><strong>enim</strong></span> <span class='ocrx_word' id='word_1_605' title='bbox 1300 1640 1464 1664; x_wconf 81' lang='lat' dir='ltr'><strong>essemus</strong></span> <span class='ocrx_word' id='word_1_606' title='bbox 1481 1628 1521 1664; x_wconf 82' lang='lat' dir='ltr'>in</span> <span class='ocrx_word' id='word_1_607' title='bbox 1541 1641 1672 1679; x_wconf 75' lang='lat' dir='ltr'><strong>carne,</strong></span> <span class='ocrx_word' id='word_1_608' title='bbox 1688 1633 1886 1680; x_wconf 72' lang='lat' dir='ltr'><strong>passiones</strong></span> <span class='ocrx_word' id='word_1_609' title='bbox 1899 1643 2158 1683; x_wconf 69' lang='lat' dir='ltr'><strong>peccatorum,</strong></span> 
     </span>
     <span class='ocr_line' id='line_1_80' title="bbox 1181 1687 2163 1740; baseline 0.01 -18"><span class='ocrx_word' id='word_1_610' title='bbox 1181 1700 1266 1738; x_wconf 82' lang='lat' dir='ltr'>quae</span> <span class='ocrx_word' id='word_1_611' title='bbox 1282 1701 1351 1738; x_wconf 85' lang='lat' dir='ltr'>per</span> <span class='ocrx_word' id='word_1_612' title='bbox 1364 1687 1483 1738; x_wconf 80' lang='lat' dir='ltr'><strong>legem</strong></span> <span class='ocrx_word' id='word_1_613' title='bbox 1500 1697 1625 1737; x_wconf 79' lang='lat' dir='ltr'><strong>erant,</strong></span> <span class='ocrx_word' id='word_1_614' title='bbox 1652 1692 1912 1740; x_wconf 79' lang='lat' dir='ltr'>operabantur</span> <span class='ocrx_word' id='word_1_615' title='bbox 1927 1695 1968 1728; x_wconf 87' lang='lat' dir='ltr'>in</span> <span class='ocrx_word' id='word_1_616' title='bbox 1984 1697 2163 1733; x_wconf 82' lang='lat' dir='ltr'><strong>membris</strong></span> 
     </span>
     <span class='ocr_line' id='line_1_81' title="bbox 1183 1749 2163 1807; baseline 0.01 -23"><span class='ocrx_word' id='word_1_617' title='bbox 1183 1751 1322 1785; x_wconf 82' lang='lat' dir='ltr'><strong>nostris</strong></span> <span class='ocrx_word' id='word_1_618' title='bbox 1336 1749 1389 1785; x_wconf 77' lang='lat' dir='ltr'>ad</span> <span class='ocrx_word' id='word_1_619' title='bbox 1399 1749 1723 1800; x_wconf 80' lang='lat' dir='ltr'><strong>fructificandum</strong></span> <span class='ocrx_word' id='word_1_620' title='bbox 1739 1755 1862 1790; x_wconf 86' lang='lat' dir='ltr'>morti.</span> <span class='ocrx_word' id='word_1_621' title='bbox 1882 1752 2163 1807; x_wconf 75' lang='lat' dir='ltr'><strong>Vidistin’prio-</strong></span> 
     </span>
     <span class='ocr_line' id='line_1_82' title="bbox 1181 1808 2161 1868; baseline 0.009 -23"><span class='ocrx_word' id='word_1_622' title='bbox 1181 1808 1230 1846; x_wconf 83' lang='lat' dir='ltr'><strong>ris</strong></span> <span class='ocrx_word' id='word_1_623' title='bbox 1245 1808 1314 1847; x_wconf 77' lang='lat' dir='ltr'><strong>viri</strong></span> <span class='ocrx_word' id='word_1_624' title='bbox 1329 1808 1495 1846; x_wconf 73' lang='lat' dir='ltr'><strong>lucrum?</strong></span> <span class='ocrx_word' id='word_1_625' title='bbox 1509 1810 1586 1846; x_wconf 85' lang='lat' dir='ltr'>Non</span> <span class='ocrx_word' id='word_1_626' title='bbox 1605 1809 1715 1859; x_wconf 78' lang='lat' dir='ltr'><strong>dixit,</strong></span> <span class='ocrx_word' id='word_1_627' title='bbox 1734 1812 1824 1849; x_wconf 75' lang='lat' dir='ltr'>Cum</span> <span class='ocrx_word' id='word_1_628' title='bbox 1844 1826 1998 1851; x_wconf 84' lang='lat' dir='ltr'><strong>essemus</strong></span> <span class='ocrx_word' id='word_1_629' title='bbox 2017 1815 2053 1853; x_wconf 90' lang='lat' dir='ltr'><strong>in</strong></span> <span class='ocrx_word' id='word_1_630' title='bbox 2071 1816 2161 1868; x_wconf 82' lang='lat' dir='ltr'><strong>lege,</strong></span> 
     </span>
     <span class='ocr_line' id='line_1_83' title="bbox 1183 1870 2164 1924; baseline 0.008 -18"><span class='ocrx_word' id='word_1_631' title='bbox 1183 1883 1320 1921; x_wconf 84' lang='lat' dir='ltr'><strong>semper</strong></span> <span class='ocrx_word' id='word_1_632' title='bbox 1344 1883 1470 1907; x_wconf 73' lang='lat' dir='ltr'><strong>cavens</strong></span> <span class='ocrx_word' id='word_1_633' title='bbox 1490 1884 1533 1908; x_wconf 90' lang='lat' dir='ltr'>ne</span> <span class='ocrx_word' id='word_1_634' title='bbox 1551 1884 1671 1908; x_wconf 77' lang='lat' dir='ltr'><strong>ansam</strong></span> <span class='ocrx_word' id='word_1_635' title='bbox 1686 1870 1745 1909; x_wconf 88' lang='lat' dir='ltr'>det</span> <span class='ocrx_word' id='word_1_636' title='bbox 1759 1871 1956 1924; x_wconf 67' lang='lat' dir='ltr'><strong>haereticis,</strong></span> <span class='ocrx_word' id='word_1_637' title='bbox 1971 1875 2045 1923; x_wconf 84' lang='lat' dir='ltr'><strong>sed,</strong></span> <span class='ocrx_word' id='word_1_638' title='bbox 2067 1878 2164 1914; x_wconf 84' lang='lat' dir='ltr'>Cum</span> 
     </span>
     <span class='ocr_line' id='line_1_84' title="bbox 1183 1931 2162 1987; baseline 0.007 -19"><span class='ocrx_word' id='word_1_639' title='bbox 1183 1944 1349 1969; x_wconf 80' lang='lat' dir='ltr'><strong>essemus</strong></span> <span class='ocrx_word' id='word_1_640' title='bbox 1377 1933 1418 1968; x_wconf 84' lang='lat' dir='ltr'>in</span> <span class='ocrx_word' id='word_1_641' title='bbox 1435 1944 1551 1968; x_wconf 85' lang='lat' dir='ltr'><strong>carne</strong></span> <span class='ocrx_word' id='word_1_642' title='bbox 1560 1947 1575 1975; x_wconf 84' lang='lat'>‚·</span> <span class='ocrx_word' id='word_1_643' title='bbox 1593 1931 1630 1968; x_wconf 87' lang='lat' dir='ltr'><strong>id</strong></span> <span class='ocrx_word' id='word_1_644' title='bbox 1649 1941 1714 1981; x_wconf 88' lang='lat' dir='ltr'><strong>est,</strong></span> <span class='ocrx_word' id='word_1_645' title='bbox 1738 1932 1774 1970; x_wconf 93' lang='lat' dir='ltr'><strong>in</strong></span> <span class='ocrx_word' id='word_1_646' title='bbox 1795 1933 1898 1971; x_wconf 84' lang='lat' dir='ltr'><strong>malis</strong></span> <span class='ocrx_word' id='word_1_647' title='bbox 1927 1936 2108 1987; x_wconf 86' lang='lat' dir='ltr'><strong>operibus,</strong></span> <span class='ocrx_word' id='word_1_648' title='bbox 2128 1938 2162 1975; x_wconf 90' lang='lat' dir='ltr'><strong>in</strong></span> 
     </span>
     <span class='ocr_line' id='line_1_85' title="bbox 1185 1991 2164 2049; baseline 0.008 -21"><span class='ocrx_word' id='word_1_649' title='bbox 1185 1991 1317 2029; x_wconf 82' lang='lat' dir='ltr'><strong>carnali</strong></span> <span class='ocrx_word' id='word_1_650' title='bbox 1337 1991 1423 2029; x_wconf 76' lang='lat' dir='ltr'>vita.</span> <span class='ocrx_word' id='word_1_651' title='bbox 1451 1991 1530 2029; x_wconf 77' lang='lat' dir='ltr'>Non</span> <span class='ocrx_word' id='word_1_652' title='bbox 1556 1992 1649 2029; x_wconf 87' lang='lat' dir='ltr'><strong>enim</strong></span> <span class='ocrx_word' id='word_1_653' title='bbox 1680 1993 1747 2031; x_wconf 86' lang='lat' dir='ltr'>hcc</span> <span class='ocrx_word' id='word_1_654' title='bbox 1765 1994 1871 2043; x_wconf 89' lang='lat' dir='ltr'><strong>dicit,</strong></span> <span class='ocrx_word' id='word_1_655' title='bbox 1891 1997 1987 2046; x_wconf 84' lang='lat' dir='ltr'><strong>quod</strong></span> <span class='ocrx_word' id='word_1_656' title='bbox 2010 1998 2108 2049; x_wconf 80' lang='lat' dir='ltr'><strong>prius</strong></span> <span class='ocrx_word' id='word_1_657' title='bbox 2128 1999 2164 2036; x_wconf 93' lang='lat' dir='ltr'><strong>in</strong></span> 
     </span>
     <span class='ocr_line' id='line_1_86' title="bbox 1185 2052 2162 2108; baseline 0.009 -19"><span class='ocrx_word' id='word_1_658' title='bbox 1185 2066 1287 2090; x_wconf 81' lang='lat' dir='ltr'><strong>carne</strong></span> <span class='ocrx_word' id='word_1_659' title='bbox 1312 2052 1456 2098; x_wconf 85' lang='lat' dir='ltr'><strong>fuerint,</strong></span> <span class='ocrx_word' id='word_1_660' title='bbox 1480 2066 1575 2090; x_wconf 86' lang='lat' dir='ltr'><strong>nune</strong></span> <span class='ocrx_word' id='word_1_661' title='bbox 1600 2067 1684 2092; x_wconf 78' lang='lat' dir='ltr'><strong>vero</strong></span> <span class='ocrx_word' id='word_1_662' title='bbox 1714 2055 1912 2108; x_wconf 80' lang='lat' dir='ltr'><strong>incorporei</strong></span> <span class='ocrx_word' id='word_1_663' title='bbox 1934 2058 2162 2098; x_wconf 82' lang='lat' dir='ltr'><strong>circumeant.</strong></span> 
     </span>
     <span class='ocr_line' id='line_1_87' title="bbox 1186 2113 2167 2167; baseline 0.006 -15"><span class='ocrx_word' id='word_1_664' title='bbox 1186 2114 1261 2152; x_wconf 90' lang='lat' dir='ltr'><strong>Hoc</strong></span> <span class='ocrx_word' id='word_1_665' title='bbox 1284 2113 1418 2163; x_wconf 85' lang='lat' dir='ltr'><strong>dicens,</strong></span> <span class='ocrx_word' id='word_1_666' title='bbox 1443 2127 1512 2151; x_wconf 92' lang='lat' dir='ltr'>non</span> <span class='ocrx_word' id='word_1_667' title='bbox 1538 2113 1654 2165; x_wconf 85' lang='lat' dir='ltr'><strong>legem</strong></span> <span class='ocrx_word' id='word_1_668' title='bbox 1681 2126 1905 2167; x_wconf 84' lang='lat' dir='ltr'><strong>peccatorum</strong></span> <span class='ocrx_word' id='word_1_669' title='bbox 1924 2133 1998 2156; x_wconf 82' lang='lat' dir='ltr'><strong>esse</strong></span> <span class='ocrx_word' id='word_1_670' title='bbox 2026 2133 2167 2158; x_wconf 78' lang='lat' dir='ltr'><strong>causam</strong></span> 
     </span>
     <span class='ocr_line' id='line_1_88' title="bbox 1186 2174 2166 2224; baseline 0.007 -13"><span class='ocrx_word' id='word_1_671' title='bbox 1186 2174 1286 2223; x_wconf 85' lang='lat' dir='ltr'><strong>dicit,</strong></span> <span class='ocrx_word' id='word_1_672' title='bbox 1303 2187 1416 2224; x_wconf 86' lang='lat' dir='ltr'><strong>neque</strong></span> <span class='ocrx_word' id='word_1_673' title='bbox 1442 2181 1559 2211; x_wconf 76' lang='lat' dir='ltr'><strong>tamen</strong></span> <span class='ocrx_word' id='word_1_674' title='bbox 1578 2175 1677 2212; x_wconf 80' lang='lat' dir='ltr'><strong>illam</strong></span> <span class='ocrx_word' id='word_1_675' title='bbox 1706 2176 1751 2213; x_wconf 79' lang='lat' dir='ltr'>ab</span> <span class='ocrx_word' id='word_1_676' title='bbox 1775 2177 1858 2215; x_wconf 90' lang='lat' dir='ltr'><strong>odio</strong></span> <span class='ocrx_word' id='word_1_677' title='bbox 1885 2178 2166 2218; x_wconf 78' lang='lat' dir='ltr'><strong>liberatzaeerbi</strong></span> 
     </span>
     <span class='ocr_line' id='line_1_89' title="bbox 1185 2234 2164 2289; baseline 0.008 -19"><span class='ocrx_word' id='word_1_678' title='bbox 1185 2234 1280 2271; x_wconf 89' lang='lat' dir='ltr'><strong>enim</strong></span> <span class='ocrx_word' id='word_1_679' title='bbox 1298 2235 1509 2271; x_wconf 81' lang='lat' dir='ltr'><strong>accusatoris</strong></span> <span class='ocrx_word' id='word_1_680' title='bbox 1528 2234 1688 2272; x_wconf 86' lang='lat' dir='ltr'><strong>ordinem</strong></span> <span class='ocrx_word' id='word_1_681' title='bbox 1708 2245 1814 2286; x_wconf 83' lang='lat' dir='ltr'><strong>tenet,</strong></span> <span class='ocrx_word' id='word_1_682' title='bbox 1836 2248 1973 2289; x_wconf 78' lang='lat' dir='ltr'><strong>peccata</strong></span> <span class='ocrx_word' id='word_1_683' title='bbox 1994 2241 2164 2279; x_wconf 73' lang='lat' dir='ltr'><strong>revelans.</strong></span> 
     </span>
     <span class='ocr_line' id='line_1_90' title="bbox 1186 2294 2167 2349; baseline 0.007 -17"><span class='ocrx_word' id='word_1_684' title='bbox 1186 2296 1278 2332; x_wconf 85' lang='lat' dir='ltr'>Nam</span> <span class='ocrx_word' id='word_1_685' title='bbox 1296 2295 1326 2332; x_wconf 85' lang='lat' dir='ltr'><strong>si</strong></span> <span class='ocrx_word' id='word_1_686' title='bbox 1341 2295 1420 2345; x_wconf 88' lang='lat' dir='ltr'><strong>quis</strong></span> <span class='ocrx_word' id='word_1_687' title='bbox 1440 2294 1483 2343; x_wconf 90' lang='lat' dir='ltr'>ei,</span> <span class='ocrx_word' id='word_1_688' title='bbox 1499 2295 1559 2345; x_wconf 88' lang='lat' dir='ltr'><strong>qui</strong></span> <span class='ocrx_word' id='word_1_689' title='bbox 1578 2295 1614 2332; x_wconf 88' lang='lat' dir='ltr'><strong>in</strong></span> <span class='ocrx_word' id='word_1_690' title='bbox 1635 2296 1733 2334; x_wconf 88' lang='lat' dir='ltr'><strong>nullo</strong></span> <span class='ocrx_word' id='word_1_691' title='bbox 1751 2297 1830 2334; x_wconf 86' lang='lat' dir='ltr'><strong>vult</strong></span> <span class='ocrx_word' id='word_1_692' title='bbox 1844 2312 1981 2349; x_wconf 76' lang='lat' dir='ltr'><strong>parere,</strong></span> <span class='ocrx_word' id='word_1_693' title='bbox 2002 2300 2167 2338; x_wconf 73' lang='lat' dir='ltr'><strong>mandata</strong></span> 
     </span>
     <span class='ocr_line' id='line_1_91' title="bbox 1188 2355 2167 2411; baseline 0.009 -20"><span class='ocrx_word' id='word_1_694' title='bbox 1188 2355 1410 2407; x_wconf 85' lang='lat' dir='ltr'><strong>multiplicet,</strong></span> <span class='ocrx_word' id='word_1_695' title='bbox 1425 2355 1454 2392; x_wconf 87' lang='lat' dir='ltr'><strong>is</strong></span> <span class='ocrx_word' id='word_1_696' title='bbox 1470 2365 1574 2407; x_wconf 84' lang='lat' dir='ltr'><strong>auget</strong></span> <span class='ocrx_word' id='word_1_697' title='bbox 1588 2355 1769 2394; x_wconf 89' lang='lat' dir='ltr'><strong>delictum.</strong></span> <span class='ocrx_word' id='word_1_698' title='bbox 1782 2358 1868 2396; x_wconf 89' lang='lat' dir='ltr'><strong>Ideo</strong></span> <span class='ocrx_word' id='word_1_699' title='bbox 1882 2373 1950 2397; x_wconf 90' lang='lat' dir='ltr'>non</span> <span class='ocrx_word' id='word_1_700' title='bbox 1965 2360 2070 2411; x_wconf 80' lang='lat' dir='ltr'><strong>dixit,</strong></span> <span class='ocrx_word' id='word_1_701' title='bbox 2086 2363 2167 2400; x_wconf 81' lang='lat' dir='ltr'><strong>Pas-</strong></span> 
     </span>
     <span class='ocr_line' id='line_1_92' title="bbox 1187 2417 2166 2473; baseline 0.009 -19"><span class='ocrx_word' id='word_1_702' title='bbox 1187 2417 1299 2455; x_wconf 88' lang='lat' dir='ltr'><strong>siones</strong></span> <span class='ocrx_word' id='word_1_703' title='bbox 1323 2425 1562 2469; x_wconf 79' lang='lat' dir='ltr'><strong>peccatorum,</strong></span> <span class='ocrx_word' id='word_1_704' title='bbox 1585 2432 1664 2468; x_wconf 82' lang='lat' dir='ltr'>quae</span> <span class='ocrx_word' id='word_1_705' title='bbox 1684 2419 1750 2471; x_wconf 85' lang='lat' dir='ltr'>sub</span> <span class='ocrx_word' id='word_1_706' title='bbox 1772 2419 1848 2472; x_wconf 84' lang='lat' dir='ltr'><strong>lege</strong></span> <span class='ocrx_word' id='word_1_707' title='bbox 1866 2422 1957 2459; x_wconf 82' lang='lat' dir='ltr'><strong>facta</strong></span> <span class='ocrx_word' id='word_1_708' title='bbox 1975 2433 2074 2473; x_wconf 72' lang='lat' dir='ltr'><strong>sunt,</strong></span> <span class='ocrx_word' id='word_1_709' title='bbox 2090 2424 2166 2471; x_wconf 80' lang='lat' dir='ltr'><strong>sed,</strong></span> 
     </span>
     <span class='ocr_line' id='line_1_93' title="bbox 1191 2478 2169 2533; baseline 0.009 -18"><span class='ocrx_word' id='word_1_710' title='bbox 1191 2478 1284 2528; x_wconf 82' lang='lat' dir='ltr'>Quoe</span> <span class='ocrx_word' id='word_1_711' title='bbox 1299 2493 1368 2529; x_wconf 84' lang='lat' dir='ltr'>per</span> <span class='ocrx_word' id='word_1_712' title='bbox 1387 2479 1508 2530; x_wconf 79' lang='lat' dir='ltr'><strong>legem</strong></span> <span class='ocrx_word' id='word_1_713' title='bbox 1521 2495 1537 2524; x_wconf 85' lang='lat'>,·</span> <span class='ocrx_word' id='word_1_714' title='bbox 1559 2493 1670 2530; x_wconf 84' lang='lat' dir='ltr'><strong>neque</strong></span> <span class='ocrx_word' id='word_1_715' title='bbox 1688 2480 1836 2532; x_wconf 82' lang='lat' dir='ltr'><strong>adjecit,</strong></span> <span class='ocrx_word' id='word_1_716' title='bbox 1855 2483 1960 2521; x_wconf 80' lang='lat' dir='ltr'><strong>Facta</strong></span> <span class='ocrx_word' id='word_1_717' title='bbox 1987 2494 2088 2533; x_wconf 88' lang='lat' dir='ltr'><strong>sunt;</strong></span> <span class='ocrx_word' id='word_1_718' title='bbox 2107 2486 2169 2523; x_wconf 87' lang='lat' dir='ltr'>sed</span> 
     </span>
     <span class='ocr_line' id='line_1_94' title="bbox 1187 2539 2168 2598; baseline 0.009 -23"><span class='ocrx_word' id='word_1_719' title='bbox 1187 2539 1407 2590; x_wconf 79' lang='lat' dir='ltr'><strong>simpliciter,</strong></span> <span class='ocrx_word' id='word_1_720' title='bbox 1424 2542 1503 2577; x_wconf 83' lang='lat' dir='ltr'>Per</span> <span class='ocrx_word' id='word_1_721' title='bbox 1520 2541 1652 2592; x_wconf 79' lang='lat' dir='ltr'><strong>legem,</strong></span> <span class='ocrx_word' id='word_1_722' title='bbox 1666 2540 1702 2579; x_wconf 90' lang='lat' dir='ltr'><strong>id</strong></span> <span class='ocrx_word' id='word_1_723' title='bbox 1718 2551 1780 2588; x_wconf 83' lang='lat' dir='ltr'><strong>est,</strong></span> <span class='ocrx_word' id='word_1_724' title='bbox 1792 2557 1856 2594; x_wconf 80' lang='lat' dir='ltr'>per</span> <span class='ocrx_word' id='word_1_725' title='bbox 1869 2544 1983 2595; x_wconf 83' lang='lat' dir='ltr'><strong>legem</strong></span> <span class='ocrx_word' id='word_1_726' title='bbox 1996 2561 2168 2598; x_wconf 62' lang='lat' dir='ltr'><strong>appetite&lt;</strong></span> 
     </span>
     <span class='ocr_line' id='line_1_95' title="bbox 1187 2599 2165 2651; baseline 0.01 -16"><span class='ocrx_word' id='word_1_727' title='bbox 1187 2608 1269 2636; x_wconf 84' lang='lat' dir='ltr'><strong>runt</strong></span> <span class='ocrx_word' id='word_1_728' title='bbox 1283 2608 1345 2636; x_wconf 81' lang='lat' dir='ltr'><strong>aut</strong></span> <span class='ocrx_word' id='word_1_729' title='bbox 1358 2599 1533 2637; x_wconf 82' lang='lat' dir='ltr'><strong>declarata</strong></span> <span class='ocrx_word' id='word_1_730' title='bbox 1552 2610 1644 2638; x_wconf 87' lang='lat' dir='ltr'><strong>sunt.</strong></span> <span class='ocrx_word' id='word_1_731' title='bbox 1665 2601 1813 2651; x_wconf 84' lang='lat' dir='ltr'><strong>Deinde,</strong></span> <span class='ocrx_word' id='word_1_732' title='bbox 1835 2613 1872 2641; x_wconf 89' lang='lat' dir='ltr'><strong>ut</strong></span> <span class='ocrx_word' id='word_1_733' title='bbox 1890 2619 1933 2642; x_wconf 93' lang='lat' dir='ltr'>ne</span> <span class='ocrx_word' id='word_1_734' title='bbox 1948 2620 2088 2644; x_wconf 81' lang='lat' dir='ltr'><strong>earnem</strong></span> <span class='ocrx_word' id='word_1_735' title='bbox 2110 2622 2165 2645; x_wconf 77' lang='lat' dir='ltr'><strong>ac-</strong></span> 
     </span>
     <span class='ocr_line' id='line_1_96' title="bbox 1188 2661 2166 2718; baseline 0.011 -21"><span class='ocrx_word' id='word_1_736' title='bbox 1188 2669 1339 2711; x_wconf 77' lang='lat' dir='ltr'><strong>cusaret,</strong></span> <span class='ocrx_word' id='word_1_737' title='bbox 1358 2675 1427 2699; x_wconf 92' lang='lat' dir='ltr'>non</span> <span class='ocrx_word' id='word_1_738' title='bbox 1447 2661 1556 2712; x_wconf 80' lang='lat' dir='ltr'><strong>dixit,</strong></span> <span class='ocrx_word' id='word_1_739' title='bbox 1587 2663 1675 2708; x_wconf 82' lang='lat' dir='ltr'>Quae</span> <span class='ocrx_word' id='word_1_740' title='bbox 1695 2664 1852 2702; x_wconf 78' lang='lat' dir='ltr'><strong>membra</strong></span> <span class='ocrx_word' id='word_1_741' title='bbox 1871 2666 2060 2718; x_wconf 80' lang='lat' dir='ltr'><strong>faciebant,</strong></span> <span class='ocrx_word' id='word_1_742' title='bbox 2091 2670 2166 2718; x_wconf 87' lang='lat' dir='ltr'><strong>sed,</strong></span> 
     </span>
     <span class='ocr_line' id='line_1_97' title="bbox 1193 2724 2167 2773; baseline 0.01 -15"><span class='ocrx_word' id='word_1_743' title='bbox 1193 2724 1288 2773; x_wconf 82' lang='lat' dir='ltr'>Quae</span> <span class='ocrx_word' id='word_1_744' title='bbox 1313 2725 1574 2773; x_wconf 72' lang='lat' dir='ltr'><strong>operabantur:</strong></span> <span class='ocrx_word' id='word_1_745' title='bbox 1599 2725 1640 2760; x_wconf 86' lang='lat' dir='ltr'>in</span> <span class='ocrx_word' id='word_1_746' title='bbox 1662 2727 1840 2763; x_wconf 78' lang='lat' dir='ltr'><strong>membris</strong></span> <span class='ocrx_word' id='word_1_747' title='bbox 1867 2731 2007 2766; x_wconf 76' lang='lat' dir='ltr'>nostris</span> <span class='ocrx_word' id='word_1_748' title='bbox 2019 2745 2034 2773; x_wconf 82' lang='lat'>,·</span> <span class='ocrx_word' id='word_1_749' title='bbox 2051 2739 2167 2768; x_wconf 72' lang='lat' dir='ltr'><strong>osten-</strong></span> 
     </span>
     <span class='ocr_line' id='line_1_98' title="bbox 1188 2783 2167 2843; baseline 0.01 -23"><span class='ocrx_word' id='word_1_750' title='bbox 1188 2784 1274 2822; x_wconf 87' lang='lat' dir='ltr'><strong>dens</strong></span> <span class='ocrx_word' id='word_1_751' title='bbox 1302 2783 1448 2821; x_wconf 79' lang='lat' dir='ltr'><strong>aliunde</strong></span> <span class='ocrx_word' id='word_1_752' title='bbox 1463 2785 1656 2836; x_wconf 86' lang='lat' dir='ltr'><strong>profectum</strong></span> <span class='ocrx_word' id='word_1_753' title='bbox 1676 2799 1748 2823; x_wconf 88' lang='lat' dir='ltr'><strong>esse</strong></span> <span class='ocrx_word' id='word_1_754' title='bbox 1766 2787 1911 2825; x_wconf 76' lang='lat' dir='ltr'><strong>malitiae</strong></span> <span class='ocrx_word' id='word_1_755' title='bbox 1938 2789 2167 2843; x_wconf 85' lang='lat' dir='ltr'><strong>principium,</strong></span> 
     </span>
     <span class='ocr_line' id='line_1_99' title="bbox 1190 2844 2170 2903; baseline 0.009 -22"><span class='ocrx_word' id='word_1_756' title='bbox 1190 2860 1209 2882; x_wconf 83' lang='lat' dir='ltr'>a</span> <span class='ocrx_word' id='word_1_757' title='bbox 1229 2844 1501 2896; x_wconf 82' lang='lat' dir='ltr'><strong>cogitationibus</strong></span> <span class='ocrx_word' id='word_1_758' title='bbox 1517 2846 1757 2897; x_wconf 79' lang='lat' dir='ltr'><strong>operantibus,</strong></span> <span class='ocrx_word' id='word_1_759' title='bbox 1776 2861 1845 2885; x_wconf 92' lang='lat' dir='ltr'>non</span> <span class='ocrx_word' id='word_1_760' title='bbox 1867 2863 1886 2885; x_wconf 79' lang='lat' dir='ltr'>a</span> <span class='ocrx_word' id='word_1_761' title='bbox 1905 2851 2073 2889; x_wconf 85' lang='lat' dir='ltr'><strong>membris</strong></span> <span class='ocrx_word' id='word_1_762' title='bbox 2089 2853 2170 2903; x_wconf 83' lang='lat' dir='ltr'><strong>agi-</strong></span> 
     </span>
     <span class='ocr_line' id='line_1_100' title="bbox 1191 2906 2171 2963; baseline 0.009 -20"><span class='ocrx_word' id='word_1_763' title='bbox 1191 2906 1283 2944; x_wconf 85' lang='lat' dir='ltr'><strong>tatis.</strong></span> <span class='ocrx_word' id='word_1_764' title='bbox 1299 2906 1426 2943; x_wconf 82' lang='lat' dir='ltr'><strong>Anima</strong></span> <span class='ocrx_word' id='word_1_765' title='bbox 1441 2906 1571 2958; x_wconf 87' lang='lat' dir='ltr'><strong>quippe</strong></span> <span class='ocrx_word' id='word_1_766' title='bbox 1584 2907 1731 2945; x_wconf 84' lang='lat' dir='ltr'><strong>artificis</strong></span> <span class='ocrx_word' id='word_1_767' title='bbox 1743 2908 1902 2948; x_wconf 90' lang='lat' dir='ltr'><strong>ordinem</strong></span> <span class='ocrx_word' id='word_1_768' title='bbox 1921 2913 2077 2963; x_wconf 71' lang='lat' dir='ltr'><strong>tenebat,</strong></span> <span class='ocrx_word' id='word_1_769' title='bbox 2093 2928 2171 2951; x_wconf 82' lang='lat' dir='ltr'><strong>car—</strong></span> 
     </span>
     <span class='ocr_line' id='line_1_101' title="bbox 1191 2965 2170 3020; baseline 0.01 -17"><span class='ocrx_word' id='word_1_770' title='bbox 1191 2965 1246 3004; x_wconf 92' lang='lat' dir='ltr'><strong>nis</strong></span> <span class='ocrx_word' id='word_1_771' title='bbox 1265 2981 1349 3005; x_wconf 73' lang='lat' dir='ltr'><strong>vero</strong></span> <span class='ocrx_word' id='word_1_772' title='bbox 1370 2976 1495 3004; x_wconf 83' lang='lat' dir='ltr'><strong>natura</strong></span> <span class='ocrx_word' id='word_1_773' title='bbox 1512 2967 1668 3018; x_wconf 73' lang='lat' dir='ltr'><strong>citharae,</strong></span> <span class='ocrx_word' id='word_1_774' title='bbox 1689 2978 1832 3020; x_wconf 86' lang='lat' dir='ltr'><strong>cogente</strong></span> <span class='ocrx_word' id='word_1_775' title='bbox 1855 2971 1991 3010; x_wconf 79' lang='lat' dir='ltr'><strong>artifice</strong></span> <span class='ocrx_word' id='word_1_776' title='bbox 2004 2975 2170 3013; x_wconf 80' lang='lat' dir='ltr'><strong>sonantis.</strong></span> 
     </span>
     <span class='ocr_line' id='line_1_102' title="bbox 1192 3026 2170 3080; baseline 0.007 -15"><span class='ocrx_word' id='word_1_777' title='bbox 1192 3026 1232 3066; x_wconf 89' lang='lat' dir='ltr'><strong>Si</strong></span> <span class='ocrx_word' id='word_1_778' title='bbox 1249 3027 1338 3078; x_wconf 89' lang='lat' dir='ltr'><strong>quid</strong></span> <span class='ocrx_word' id='word_1_779' title='bbox 1350 3041 1432 3078; x_wconf 83' lang='lat' dir='ltr'><strong>ergo</strong></span> <span class='ocrx_word' id='word_1_780' title='bbox 1448 3026 1620 3066; x_wconf 85' lang='lat' dir='ltr'><strong>absonum</strong></span> <span class='ocrx_word' id='word_1_781' title='bbox 1643 3028 1792 3079; x_wconf 84' lang='lat' dir='ltr'><strong>emittat,</strong></span> <span class='ocrx_word' id='word_1_782' title='bbox 1805 3029 1843 3068; x_wconf 87' lang='lat' dir='ltr'><strong>id</strong></span> <span class='ocrx_word' id='word_1_783' title='bbox 1857 3045 1925 3069; x_wconf 91' lang='lat' dir='ltr'>non</span> <span class='ocrx_word' id='word_1_784' title='bbox 1946 3032 2013 3080; x_wconf 79' lang='lat' dir='ltr'><strong>illi,</strong></span> <span class='ocrx_word' id='word_1_785' title='bbox 2033 3033 2093 3071; x_wconf 87' lang='lat' dir='ltr'>sed</span> <span class='ocrx_word' id='word_1_786' title='bbox 2110 3049 2170 3071; x_wconf 79' lang='lat' dir='ltr'>ar·</span> 
     </span>
     <span class='ocr_line' id='line_1_103' title="bbox 1194 3088 2171 3145; baseline 0.007 -19"><span class='ocrx_word' id='word_1_787' title='bbox 1194 3088 1283 3126; x_wconf 84' lang='lat' dir='ltr'><strong>tifici</strong></span> <span class='ocrx_word' id='word_1_788' title='bbox 1299 3088 1551 3141; x_wconf 82' lang='lat' dir='ltr'><strong>imputandum</strong></span> <span class='ocrx_word' id='word_1_789' title='bbox 1563 3099 1625 3128; x_wconf 82' lang='lat' dir='ltr'><strong>est.</strong></span> <span class='ocrx_word' id='word_1_790' title='bbox 1642 3091 1678 3128; x_wconf 82' lang='lat'>6.</span> <span class='ocrx_word' id='word_1_791' title='bbox 1691 3092 1806 3129; x_wconf 75' lang='lat' dir='ltr'><strong>Nunc</strong></span> <span class='ocrx_word' id='word_1_792' title='bbox 1822 3094 2097 3145; x_wconf 80' lang='lat' dir='ltr'><strong>autem‚inquit,</strong></span> <span class='ocrx_word' id='word_1_793' title='bbox 2112 3110 2171 3133; x_wconf 85' lang='lat' dir='ltr'>so-</span> 
     </span>
     <span class='ocr_line' id='line_1_104' title="bbox 1196 3149 2173 3206; baseline 0.009 -21"><span class='ocrx_word' id='word_1_794' title='bbox 1196 3149 1268 3186; x_wconf 83' lang='lat' dir='ltr'>luti</span> <span class='ocrx_word' id='word_1_795' title='bbox 1286 3162 1415 3187; x_wconf 81' lang='lat' dir='ltr'><strong>sumus</strong></span> <span class='ocrx_word' id='word_1_796' title='bbox 1432 3163 1456 3186; x_wconf 85' lang='lat' dir='ltr'><em>a</em></span> <span class='ocrx_word' id='word_1_797' title='bbox 1476 3149 1567 3201; x_wconf 83' lang='lat' dir='ltr'><strong>lege.</strong></span> <span class='ocrx_word' id='word_1_798' title='bbox 1581 3149 1713 3188; x_wconf 81' lang='lat' dir='ltr'><strong>Viden’</strong></span> <span class='ocrx_word' id='word_1_799' title='bbox 1723 3152 1899 3201; x_wconf 88' lang='lat' dir='ltr'><strong>quomodo</strong></span> <span class='ocrx_word' id='word_1_800' title='bbox 1913 3153 1971 3191; x_wconf 86' lang='lat' dir='ltr'>hie</span> <span class='ocrx_word' id='word_1_801' title='bbox 1989 3169 2124 3206; x_wconf 86' lang='lat' dir='ltr'><strong>quoque</strong></span> <span class='ocrx_word' id='word_1_802' title='bbox 2141 3165 2173 3193; x_wconf 85' lang='lat' dir='ltr'>ct</span> 
     </span>
     <span class='ocr_line' id='line_1_105' title="bbox 1196 3209 2174 3266; baseline 0.009 -19"><span class='ocrx_word' id='word_1_803' title='bbox 1196 3209 1292 3247; x_wconf 84' lang='lat' dir='ltr'><strong>carni</strong></span> <span class='ocrx_word' id='word_1_804' title='bbox 1308 3219 1428 3262; x_wconf 80' lang='lat' dir='ltr'><strong>parcat</strong></span> <span class='ocrx_word' id='word_1_805' title='bbox 1443 3219 1475 3248; x_wconf 86' lang='lat' dir='ltr'>et</span> <span class='ocrx_word' id='word_1_806' title='bbox 1490 3210 1558 3260; x_wconf 84' lang='lat' dir='ltr'><strong>legi</strong></span> <span class='ocrx_word' id='word_1_807' title='bbox 1569 3211 1671 3249; x_wconf 68' lang='lat' dir='ltr'><strong>PNon</strong></span> <span class='ocrx_word' id='word_1_808' title='bbox 1686 3212 1779 3250; x_wconf 89' lang='lat' dir='ltr'><strong>enim</strong></span> <span class='ocrx_word' id='word_1_809' title='bbox 1793 3212 1899 3264; x_wconf 82' lang='lat' dir='ltr'><strong>dixit,</strong></span> <span class='ocrx_word' id='word_1_810' title='bbox 1910 3216 2032 3254; x_wconf 82' lang='lat' dir='ltr'><strong>Soluta</strong></span> <span class='ocrx_word' id='word_1_811' title='bbox 2044 3226 2094 3255; x_wconf 83' lang='lat' dir='ltr'>est</span> <span class='ocrx_word' id='word_1_812' title='bbox 2103 3218 2174 3266; x_wconf 67' lang='lat' dir='ltr'><strong>leX,</strong></span> 
     </span>
     <span class='ocr_line' id='line_1_106' title="bbox 1197 3270 2174 3321; baseline 0.007 -12"><span class='ocrx_word' id='word_1_813' title='bbox 1197 3285 1259 3309; x_wconf 86' lang='lat' dir='ltr'>nec</span> <span class='ocrx_word' id='word_1_814' title='bbox 1285 3270 1406 3309; x_wconf 81' lang='lat' dir='ltr'><strong>soluta</strong></span> <span class='ocrx_word' id='word_1_815' title='bbox 1434 3279 1484 3308; x_wconf 79' lang='lat' dir='ltr'>est</span> <span class='ocrx_word' id='word_1_816' title='bbox 1503 3284 1603 3321; x_wconf 73' lang='lat' dir='ltr'><strong>cai-05</strong></span> <span class='ocrx_word' id='word_1_817' title='bbox 1625 3271 1700 3319; x_wconf 87' lang='lat' dir='ltr'><strong>sed,</strong></span> <span class='ocrx_word' id='word_1_818' title='bbox 1719 3274 1799 3312; x_wconf 82' lang='lat' dir='ltr'>Nos</span> <span class='ocrx_word' id='word_1_819' title='bbox 1819 3275 1939 3313; x_wconf 76' lang='lat' dir='ltr'>soluti</span> <span class='ocrx_word' id='word_1_820' title='bbox 1966 3290 2109 3316; x_wconf 81' lang='lat' dir='ltr'>sumus.</span> <span class='ocrx_word' id='word_1_821' title='bbox 2128 3278 2174 3315; x_wconf 84' lang='lat' dir='ltr'><strong>Et</strong></span> 
     </span>
    </p>
   </div>
   <div class='ocr_carea' id='block_1_20' title="bbox 158 3391 1323 3442">
    <p class='ocr_par' dir='ltr' id='par_1_22' title="bbox 158 3391 1323 3442">
     <span class='ocr_line' id='line_1_107' title="bbox 158 3391 1323 3442; baseline 0.009 -21"><span class='ocrx_word' id='word_1_822' title='bbox 158 3401 168 3415; x_wconf 75' lang='lat'>⁵</span> <span class='ocrx_word' id='word_1_823' title='bbox 195 3391 234 3422; x_wconf 87' lang='lat' dir='ltr'>In</span> <span class='ocrx_word' id='word_1_824' title='bbox 250 3402 315 3422; x_wconf 86' lang='lat' dir='ltr'>uno</span> <span class='ocrx_word' id='word_1_825' title='bbox 342 3391 465 3424; x_wconf 79' lang='lat' dir='ltr'><strong>Codice</strong></span> <span class='ocrx_word' id='word_1_826' title='bbox 490 3403 548 3434; x_wconf 84' lang='lat' dir='ltr'>pro</span> <span class='ocrx_word' id='word_1_827' title='bbox 571 3398 770 3437; x_wconf 63' lang='grc' dir='ltr'>βουληθῆναι,</span> <span class='ocrx_word' id='word_1_828' title='bbox 787 3404 972 3429; x_wconf 82' lang='lat' dir='ltr'><strong>correctum</strong></span> <span class='ocrx_word' id='word_1_829' title='bbox 990 3397 1107 3442; x_wconf 73' lang='lat' dir='ltr'><strong>legitur</strong></span> <span class='ocrx_word' id='word_1_830' title='bbox 1132 3401 1323 3435; x_wconf 58' lang='grc' dir='ltr'>δουλωθῆναι-</span> 
     </span>
    </p>
   </div>
   <div class='ocr_carea' id='block_1_21' title="bbox 1935 3449 1996 3486">
    <p class='ocr_par' dir='ltr' id='par_1_23' title="bbox 1935 3449 1996 3486">
     <span class='ocr_line' id='line_1_108' title="bbox 1935 3449 1996 3486; baseline 0.033 -2"><span class='ocrx_word' id='word_1_831' title='bbox 1935 3449 1996 3486; x_wconf 68' lang='lat'>42.</span> 
     </span>
    </p>
   </div>
  </div>
 </body>
</html>
