2502 3810
700 214 745 243 {N
781 212 921 243 EPtST.

65 303 169 342 νοντά
183 317 238 350 σε,
255 300 342 340 ἀλλα
362 315 421 338 και
439 301 671 350 κατορθουντα
695 296 841 348 βλάπτει
862 311 923 341 της
944 294 1080 332 κενοδο-

963 211 1020 240 AD
1056 210 1164 240 ROM.

1204 211 1359 243 nomn..
1398 215 1508 245 xvir.
2038 200 2131 264 (393

1155 301 1272 330 autem
1286 306 1392 344 grave
1408 295 1543 333 malum
1556 305 1617 343 cst,
1635 296 1728 346 quod
1749 309 1816 334 non
1836 296 1951 335 solum
1965 297 1993 335 si
2012 311 2136 349 pccca-

68 363 140 407 ξίας
158 366 179 409 ἡ
202 362 319 407 νόσος,
344 362 420 398 τότε
448 359 510 411 μὲν
539 358 680 410 μυρίους
711 356 1001 401 υποσκελίζουσα,
1024 369 1082 391 νυν
1107 362 1129 391 Β
1157 356 1248 393 veiis
1280 357 1342 394 sed
1372 357 1477 395 etiam
1495 358 1709 410 sip1aecla1a
1737 360 1874 407 seceris,
1895 375 1994 398 vanae
2014 361 2135 411 gloiiae

65 423 180 461 πάντα
201 438 260 460 σου
278 436 423 459 κενουσα
453 435 510 457 τον
542 417 674 469 μισθόν.
696 417 815 455 Δειιὸν
845 416 906 466 μὲν
935 419 1004 463 οὖν,
1024 414 1083 452 καὶ

65 484 179 531 πάσης
199 483 340 534 ἀτιμίας
361 481 568 531 ἀνάμεστον,
584 479 622 517 τὸ
653 478 711 516 καὶ
730 481 764 516 ἐν
786 480 853 515 πο)
858 492 978 518 ιτικοις
995 476 1083 528 πρά-

65 560 176 595 γμασι
194 544 291 590 δόξης
310 546 390 594 ἐρᾷν
405 557 412 564 ·
433 541 514 579 ὅταν
544 539 579 578 δὲ
607 538 667 577 καὶ
694 541 728 577 ἐν
748 544 819 581 τοῖς
837 543 1083 588 πνευματικοῖς

65 606 104 644 τὸ
123 605 206 642 αὐτὸ
235 608 336 641 τοῦτο
357 603 520 654 πάσχης,
539 600 588 644 τίς
619 598 778 638 λείπεταί
806 614 860 636 σοι
893 597 1080 649 συγγνώμη

66 665 196 713 λοιπὸν,
215 664 302 714 μηδὲ
319 663 489 709 τοσαύτην
507 660 705 713 βουλομένῳ
722 665 915 713 παρασχεῖν
929 661 979 710 τῷ
998 660 1081 710 Θεῷ

65 724 183 775 τιμὴν,
202 724 284 771 ὅσην
307 724 405 766 αὐτὸς
424 721 520 775 παρὰ
541 723 608 759 τῶν
630 722 770 758 οἰκετῶν
798 718 911 771 ἔχεις;
930 719 989 756 καὶ
1014 719 1081 770 γὰρ

65 788 84 822 ὁ
104 785 218 827 δοῦλος
235 784 320 835 πρὸς
339 783 417 826 τοὺς
433 780 629 834 ὀφθαλμοὺς
649 784 713 834 ὁρᾷ
730 783 790 817 τοῦ
817 779 982 818 δεσπότου
996 808 1006 827 ,
1023 778 1083 816 καὶ

66 850 84 884 6
109 845 278 897 μισθωτὸς
297 845 382 898 πρὸς
402 844 459 882 τὸν
485 848 544 881 τοῦ
563 843 662 896 ἔργου
691 840 808 893 κύριον
834 840 891 878 τὸν
911 839 1084 890 μέλλοντα

66 907 267 946 ἀποδιδόναι
284 904 424 956 μισθοὺς
435 933 445 952 ,
460 904 519 942 καὶ
534 906 551 941 6
572 902 729 954 μαθητὴς
745 901 828 954 πρὸς
846 900 904 938 τὸν
920 900 1084 938 διδάσκα·

67 970 147 1006 λον·
175 967 216 1006 σὺ
237 967 273 1005 δὲ
297 965 494 1004 τούναντίον
527 964 632 1010 ἅπαν,
660 962 718 999 τὸν
746 959 1011 1011 μισθωσάμενόν
1045 975 1083 997 σε

67 1028 158 1065 Θεὸν
180 1027 276 1079 ἀφεὶς
291 1027 352 1064 καὶ
377 1026 434 1063 τὸν
454 1022 650 1069 Δεσπότην,
665 1021 750 1072 πρὸς
776 1020 855 1063 τοὺς
879 1020 1083 1070 ὁμοδούλους

69 1088 226 1138 βλέπεις,
243 1088 302 1125 καὶ
329 1091 441 1124 ταῦτα
469 1083 587 1131 εἰδὼς,
604 1082 658 1121 ὅτι
678 1085 697 1120 6
718 1080 783 1132 μὲν
798 1080 888 1123 Θεὸς
906 1080 1082 1131 μέμνηται

66 1149 126 1187 καὶ
145 1151 192 1191 εἷς
209 1149 253 1185 τὰ
273 1147 361 1198 μετὰ
379 1151 488 1184 ταῦτα
515 1146 584 1182 τῶν
604 1146 671 1182 σῶν
700 1142 995 1195 κατορθωμάτων,
1024 1142 1083 1180 ἄν·

66 1213 200 1262 θρωπος
221 1207 255 1246 δὲ
283 1209 329 1250 εἷς
357 1207 397 1245 τὸ
422 1205 548 1258 παρόν·
573 1204 633 1243 καὶ
661 1205 695 1242 ἐν
716 1205 850 1256 οὐρανῷ
871 1204 911 1242 τὸ
941 1203 1082 1256 θέατρον

65 1270 154 1322 ἔχων
174 1268 380 1318 καθήμενον,
399 1267 478 1309 τοὺς
504 1265 562 1303 ἐπὶ
588 1269 652 1316 γῆς
673 1264 796 1307 θεατὰς
822 1264 992 1316 συνάγεις.
1014 1265 1084 1302 Καὶ

65 1333 83 1368 6
103 1329 165 1380 μὲν
198 1327 349 1375 ἀθλητὴς
369 1327 447 1365 ἔνθα
471 1326 694 1377 ἀγωνίζεται,
715 1327 785 1363 ε’κεῖ
812 1325 970 1376 βούλεται
989 1326 1087 1364 εὐδο-

66 1395 179 1440 κιμεῖν
193 1405 200 1413 ·
222 1388 262 1428 σὺ
280 1389 314 1426 δὲ
331 1387 580 1439 ἀγωνιζόμενος
600 1386 671 1424 ἅνω
683 1416 692 1433 ,
709 1386 806 1424 κάτω
833 1390 1085 1438 στεφανοῦσθαι

68 1450 280 1493 σπουδάζεις.
312 1449 382 1487 Καὶ
412 1448 447 1485 τί
481 1446 610 1494 ταύτης
635 1452 750 1498 χεῖρον
791 1447 915 1499 γένοιτ’
952 1448 991 1485 ἂν
1024 1452 1086 1495 τῆς

68 1511 205 1557 ἀνοίας,
225 1509 372 1561 Ἴδωμεν
392 1509 427 1547 δὲ
445 1539 454 1556 ,
476 1511 506 1547 εἷ
525 1510 641 1554 δοκεῖ,
658 1509 718 1546 καὶ
733 1508 812 1552 τοὺς
833 1509 1024 1561 στεφάνους
1042 1525 1049 1532 ·
1067 1512 1084 1547 6

68 1572 131 1623 μὲν
150 1572 216 1623 γὰρ
231 1571 265 1615 ἐξ
285 1570 448 1613 ἀπονοίας
471 1570 668 1621 σύγκειται,
685 1573 702 1607 6
723 1569 758 1608 δὲ
778 1572 816 1608 ἐκ
834 1572 896 1615 τῆς
912 1570 997 1622 πρὸς
1013 1570 1084 1608 ἕτε-

70 1649 126 1684 ρον
149 1632 338 1683 βασκανίας
350 1661 361 1681 ,
377 1635 395 1670 6
414 1630 449 1669 δὲ
470 1630 503 1674 ἐξ
523 1630 696 1682 εἰρωνείας
713 1630 772 1668 καὶ
790 1631 973 1674 κολακείας
985 1661 994 1679 ,
1012 1634 1029 1669 6
1050 1631 1084 1669 δὲ

69 1694 139 1731 ἀπὸ
160 1692 364 1745 χρημάτων,
384 1696 401 1729 6
419 1691 453 1729 δὲ
469 1691 537 1728 ἀπὸ
556 1693 808 1743 δουλοπρεποῧς
828 1691 991 1735 διανοίας.
1018 1692 1086 1730 Καὶ
1107 1697 1132 1727 D

68 1753 227 1805 καθάπερ
241 1752 284 1790 τὰ
298 1752 421 1790 παιδία
440 1751 484 1790 τὰ
501 1752 669 1796 παίζοντα
682 1751 808 1804 χόρτου
828 1752 993 1804 στέφανον
1014 1754 1087 1791 ἔπι-

67 1813 221 1851 τιθέασιν
238 1813 420 1861 ἀλλήλοις,
438 1813 496 1851 καὶ
513 1817 571 1851 τοῦ
589 1812 866 1864 στεφανωθέντος
878 1815 940 1851 οὐκ
962 1813 1088 1858 εἰδότος

69 1875 310 1924 καταγελῶσιν
330 1874 470 1912 ὄπισθεν
500 1873 688 1916 πολλάκις·
703 1872 794 1911 οὕτω
815 1873 855 1921 δὴ
887 1874 946 1912 καὶ
976 1878 1034 1912 νῦν
1056 1877 1087 1912 οἱ

68 1933 340 1983 ἐγκωμιάζοντες
361 1951 418 1981 σε,
439 1936 518 1971 καθ’
539 1933 681 1977 ἑαυτοὺς
699 1934 867 1978 πολλάκις
880 1934 1086 1987 ἐχλεύασαν,

68 1993 126 2030 τὸν
145 1993 268 2044 χόρτον
288 1997 370 2044 ἡμῖν
399 1993 607 2037 ἐπιτιθέντες
620 2009 627 2017 ·
648 1993 707 2031 καὶ
723 1993 790 2031 εἴθε
820 1995 945 2047 χόρτον
963 1996 1064 2047 μόνον
1079 2011 1086 2019 ·

69 2054 141 2090 νυνὶ
174 2054 290 2091 δὲκαὶ
314 2056 445 2101 πολλ’-ῆς
478 2054 577 2105 γε’μει
614 2055 746 2106 βλάὸης
775 2059 792 2094 ὁ
824 2055 1006 2108 στέφανος,
1029 2058 1088 2095 καὶ

71 2113 186 2151 πάντα
213 2116 314 2164 ἡμῶν
338 2114 509 2153 ἀπόλλυσι
536 2114 581 2152 τὰ
611 2114 879 2168 κατορθώματα.
900 2117 1089 2164 Ἐννοήσας

70 2174 183 2212 τοίνυν
204 2176 305 2214 αὐτοῦ
329 2176 369 2213 τὸ
388 2175 541 2223 εὐτελὲς,
564 2179 668 2228 φεῦγε
693 2175 756 2222 τὴν
786 2176 924 2227 ζημίαν.
954 2177 1089 2221 Πόσους

70 2235 136 2287 γὰρ
160 2230 246 2273 εἶναι
264 2236 378 2287 βούλει
408 2252 469 2274 σου
490 2237 566 2280 τοὺς
595 2236 798 2285 ἐπαινέτας,
818 2237 961 2285 ἑκατὸν,
989 2239 1011 2284 ἢ
1041 2240 1091 2282 δὶς

69 2296 249 2339 τοσούτους
266 2296 326 2333 καὶ
353 2296 426 2348 τρὶς
442 2297 504 2335 καὶ
531 2297 711 2350 τετράκις,
730 2299 864 2348 μᾶλλον
881 2299 939 2347 δὲ,
962 2301 990 2337 εἰ
1012 2299 1091 2350 ,306-

68 2357 120 2393 λει
132 2385 141 2402 ,

161 2356 246 2393 τίθει
261 2356 398 2400 δεκάκις
417 2357 600 2402 τοσούτους
618 2358 676 2396 καὶ
696 2359 887 2407 εἰκοσάκις,
907 2360 966 2398 καὶ
985 2359 1092 2399 ἔστω-

70 2432 132 2455 σαν
161 2417 323 2468 δισχίλιοι
343 2418 402 2455 καὶ
432 2419 726 2472 τετρακισχίλιοι·
748 2421 830 2458 εἰδὲ
866 2421 997 2472 βούλει,
1032 2422 1093 2460 καὶ
1113 2428 1136 2458 Ε

72 2477 188 2529 μυρίοι
209 2481 240 2516 οἱ
259 2484 479 2529 κροτοῦντες·
502 2481 578 2517 ἀλλ’
604 2480 699 2519 οὐδὲν
727 2475 819 2519 οὗτοι
835 2484 977 2521 κολοιῶν
1005 2499 1093 2535 κρα-

71 2537 197 2581 ζόντων
227 2537 448 2591 διαφέρουσι·
468 2542 602 2589 μᾶλλον
622 2540 680 2588 δὲ,
701 2540 740 2578 ἂν
771 2542 935 2594 ἐννοήσῃς
954 2544 993 2581 τὸ
1024 2547 1092 2581 τῶν

73 2598 230 2649 ἀγγέλων
248 2599 403 2651 Οεάτρον,
430 2600 489 2638 καὶ
509 2601 702 2647 σκωλήκων
724 2596 816 2640 οἷτοι
834 2609 1020 2655 φανοῦνται
1041 2607 1094 2642 εὖέ

71 2658 287 2709 τελέστεροι,
307 2659 366 2697 καὶ
385 2660 545 2712 ἀράχνης
564 2661 791 2712 ἀσθενεστέρα
814 2664 926 2700 αὐτῶν
941 2667 962 2709 ἢ
983 2666 1093 2715 εὐφη-

74 2719 139 2769 μία
151 2749 160 2766 ,
174 2719 233 2757 καὶ
249 2723 391 2758 καπνῶν
412 2720 472 2758 καὶ
492 2721 688 2773 ὀνειράτων.
711 2721 874 2761 Ἄκουσον
891 2727 971 2774 γοῦν
987 2727 1060 2768 πῶς
1076 2727 1093 2762 6

76 2781 217 2822 Παῦλος
245 2783 263 2818 6
296 2784 406 2818 ταῦτα
439 2781 685 2832 διεσκεμμένος
714 2783 887 2835 ἀκριὸῶς,
920 2786 957 2822 οὐ
992 2784 1093 2835 μόνον

78 2841 164 2878 αὐτὰ
194 2842 257 2879 οὐκ
291 2843 468 2890 ἐπιζητεῖ,
499 2843 590 2881 ἀλλὰ
618 2859 677 2881 και
712 2843 902 2897 ἀπεύχεται
919 2874 927 2891 ,
959 2845 1092 2895 λέγων·

1156 417 1301 455 1110111115
1330 427 1363 455 10
1383 417 1505 465 laedat3
1527 419 1603 457 illic
1628 429 1662 458 te
1681 421 1780 458 mille
1808 422 1948 473 plobiis
1968 390 2136 474 sultiplan-

1155 485 1245 526 tans,
1274 478 1334 515 hic
1356 492 1440 517 vcro
1461 493 1601 517 omnem
1627 481 1696 518 tibi
1717 482 1913 520 mercedem
1944 497 2130 520 evacuans.

1158 538 1277 576 Grave
1287 538 1415 589 'utique
1428 548 1493 589 est,
1515 549 1548 578 et
1566 539 1759 591 ignominia
1780 543 1874 580 omni
1897 543 2055 595 plenum,
2080 544 2135 581 vel

1156 597 1192 633 in
1214 597 1367 648 politicis
1393 599 1498 637 rebus
1520 600 1671 650 gloriam
1699 616 1816 640 amare
1834 619 1841 639 τ
1862 617 1943 641 cum
1960 613 2076 641 autem
2099 604 2136 640 in

1156 657 1402 708 spiritualibus
1422 658 1489 697 hoc
1516 660 1635 711 ipsum
1664 676 1789 712 passus
1819 663 1944 712 fueris;
1967 678 2044 715 quae
2069 664 2135 701 tibi

1156 718 1283 756 deinde
1297 720 1398 757 venia
1419 729 1589 772 superest,
1601 735 1683 758 cum
1698 736 1768 759 non
1782 732 1919 761 tantum
1931 726 2005 762 Deo
2025 725 2137 762 hono-

1157 794 1230 817 rem
1247 780 1402 831 praebere
1420 781 1524 831 velis,
1544 791 1715 831 quantum
1734 791 1772 820 tu
1790 798 1809 820 a
1828 783 2029 823 domesticis
2046 787 2140 823 acci-

1157 840 1241 892 pis?
1270 842 1363 879 Nam
1394 855 1517 880 servus
1545 843 1594 881 ad
1623 841 1761 880 domini
1789 845 1908 882 oculos
1932 846 2085 897 respicit,
2105 855 2139 883 et

1158 901 1394 940 mercenarius
1424 903 1470 940 ad
1497 903 1614 954 operis
1640 903 1840 953 dominum,
1868 905 1930 954 qui
1959 905 2138 943 mercedes

1156 961 1363 1000 redditurus
1388 971 1464 1008 est,
1494 973 1528 1001 et
1557 964 1757 1016 discipulus
1776 964 1823 1002 ad
1853 965 2082 1015 magistrum:
2099 976 2139 1004 tu

1158 1036 1241 1062 vero
1257 1023 1475 1061 contrarium
1491 1025 1634 1062 omnino
1652 1025 1738 1063 facis
1750 1040 1758 1061 :
1770 1025 1893 1063 relicto
1910 1027 1986 1064 Deo
2009 1035 2042 1064 et
2066 1029 2141 1065 Do-

1157 1082 1254 1120 mino
1270 1082 1332 1134 qui
1344 1092 1378 1121 te
1393 1084 1553 1122 mercede
1566 1083 1752 1133 conduxit,
1765 1085 1811 1123 ad
1826 1098 2012 1124 conservos
2031 1088 2143 1139 respi—

1158 1143 1220 1192 cis,
1231 1158 1312 1182 cum
1326 1153 1440 1182 tamen
1455 1144 1556 1193 scias,
1567 1146 1683 1182 Deum
1697 1145 1840 1196 quidem
1859 1155 1951 1183 recte
1968 1146 2143 1184 factorum

1158 1203 1265 1241 etiam
1282 1203 1319 1241 in
1346 1204 1507 1242 futurum
1527 1219 1720 1243 memorem
1747 1219 1833 1255 esse,
1854 1205 2035 1244 hominem
2059 1221 2143 1246 vero

1159 1265 1196 1302 in
1210 1265 1373 1316 praesenti
1390 1267 1707 1317 tant11m331qt1ein
1723 1267 1808 1304 caelo
1817 1266 1951 1304 habens
1966 1267 2145 1306 theatrum

1160 1327 1411 1376 constitutum,
1444 1336 1599 1365 terrenos
1627 1337 1837 1380 spectatores
1867 1342 2069 1379 congregas.
2098 1331 2145 1367 Et

1159 1386 1289 1426 athleta
1307 1387 1452 1438 quidem
1471 1388 1533 1425 11111
1559 1398 1683 1438 certat,
1702 1389 1778 1427 illic
1797 1390 1877 1428 vult
1895 1390 2084 1439 cclcbrari3
2104 1400 2144 1428 tu

1158 1463 1242 1489 Vero
1257 1463 1339 1487 cum
1355 1449 1392 1487 in
1413 1450 1574 1502 supernis
1594 1449 1764 1497 decertes,
1782 1451 1818 1489 in
1834 1451 2060 1489 inferioribus
2088 1452 2144 1491 vis

1159 1509 1478 1560 coronari.Ecquid
1488 1510 1554 1548 hac
1564 1511 1717 1549 amentia
1730 1511 1884 1550 deterius
1895 1512 2024 1549 fuerit?
2035 1513 2144 1550 Coro-

1159 1585 1222 1610 nas
1236 1580 1368 1622 autem,
1381 1571 1409 1609 si
1421 1572 1549 1623 placet,
1563 1573 1841 1611 consideremus:
1854 1574 1923 1611 3113
1939 1574 2082 1624 quidem
2099 1589 2144 1612 ex

1159 1635 1361 1685 arrogantia
1371 1643 1517 1683 constat,
1533 1634 1602 1672 alia
1615 1649 1659 1672 ex
1669 1635 1806 1674 invidia
1817 1636 1984 1675 adversus
1993 1638 2145 1674 alterum

1156 1703 1338 1748 concepta,
1358 1695 1428 1733 alia
1448 1709 1493 1733 ex
1508 1694 1622 1733 ironia
1643 1705 1677 1734 et
1699 1695 1914 1747 adulatione,
1929 1698 1998 1736 alia
2020 1712 2065 1735 ex
2081 1713 2144 1750 pe-

1156 1757 1283 1805 cuniis,
1312 1757 1382 1795 alia
1413 1770 1457 1794 ex
1476 1757 1598 1795 servili
1617 1757 1755 1795 animo:
1773 1767 1878 1809 atque
1898 1768 1938 1796 ut
1956 1760 2057 1811 pueri
2087 1760 2142 1796 lu-

1161 1818 1282 1856 dentes
1301 1831 1446 1855 coronas
1473 1832 1519 1855 ex
1539 1818 1633 1856 foeno
1660 1818 1727 1856 sibi
1743 1828 1867 1857 mutuo
1889 1820 2092 1872 imponunt,
2113 1831 2147 1859 et

1157 1888 1364 1918 coronatum
1389 1880 1466 1931 ejus
1496 1879 1547 1917 rei
1567 1880 1728 1932 ignarum
1746 1896 1766 1919 a
1785 1891 1884 1933 tergo
1902 1883 2052 1921 irrident
2071 1900 2078 1920 ε
2097 1886 2146 1922 ita

1156 1948 1190 1978 et
1211 1954 1305 1977 nunc
1335 1939 1382 1988 ii,
1402 1939 1464 1990 qui
1485 1949 1519 1977 te
1545 1940 1714 1980 laudibus
1744 1942 1935 1991 celebrant,
1955 1944 2049 1982 foeno
2079 1945 2147 1982 tibi

1157 2000 1337 2053 imposito,
1356 2000 1448 2038 inter
1467 2014 1502 2039 se
1527 2000 1678 2040 irrident
1710 2012 1916 2041 coronatum
1933 2020 1940 2040 :
1955 2014 1990 2043 et
2008 2006 2145 2043 utinam

1157 2060 1290 2098 foenum
1318 2070 1456 2099 tantum
1482 2061 1725 2114 imponerent!
1757 2065 1860 2102 Nunc
1882 2075 2001 2103 autem
2028 2066 2142 2104 multo

1158 2121 1265 2159 etiam
1285 2121 1416 2159 damno
1432 2122 1533 2174 plena
1550 2131 1602 2160 est
1628 2123 1703 2160 haec
1734 2137 1871 2173 corona,
1888 2135 1920 2163 et
1944 2136 2035 2164 recte
2055 2128 2147 2166 facta

1159 2183 1281 2221 omnia
1297 2192 1415 2221 nostra
1435 2183 1565 2234 perdit.
1585 2183 1814 2223 Considerata
1840 2186 1952 2237 igitur
1970 2188 2046 2239 ejus
2066 2189 2149 2227 vili-

1158 2251 1241 2292 tate,
1265 2243 1438 2281 damnum
1462 2243 1556 2281 illud
1580 2243 1706 2295 fugito.
1725 2246 1822 2291 Quot
1837 2247 1931 2284 enim
1946 2248 2002 2286 vis
2024 2249 2150 2286 lauda-

1159 2312 1252 2341 tores
1278 2303 1437 2341 habere?
1457 2318 1501 2341 an
1534 2313 1688 2352 centum,
1715 2320 1759 2344 an
1787 2307 1844 2344 bis
1874 2308 2009 2360 plures,
2030 2324 2073 2347 an
2097 2319 2149 2348 ter

1161 2373 1222 2401 aut
1240 2364 1394 2415 quater?
1414 2364 1485 2402 imo
1507 2365 1537 2402 si
1556 2365 1659 2417 velis,
1679 2366 1794 2405 decies
1823 2377 1858 2406 et
1889 2369 2068 2419 undecies,
2089 2381 2150 2408 aut

1162 2426 1326 2478 vigesies,
1342 2425 1483 2477 sintque
1497 2427 1554 2464 bis
1569 2437 1630 2465 aut
1652 2437 1776 2478 quater
1794 2429 1915 2481 mille,
1938 2431 2010 2469 imo
2030 2432 2058 2470 si
2073 2433 2151 2484 pla-

1166 2496 1234 2537 cet,
1255 2487 1371 2525 decies
1390 2488 1490 2525 mille
1509 2488 1574 2525 tihi
1598 2489 1836 2540 plaudant:at
1853 2491 1908 2528 illi
1931 2492 2022 2529 nihil
2035 2507 2054 2530 a
2070 2507 2150 2545 gra-

1165 2546 1256 2585 culis
1298 2561 1448 2599 superne
1467 2548 1732 2586 clamitantibus
1750 2549 1922 2588 diffcrunt
1943 2567 1951 2587 :
1972 2552 2043 2589 imo
2066 2568 2150 2591 vcro

1164 2607 1194 2645 si
1220 2608 1430 2659 cogitaveris
1449 2609 1656 2659 angelorum
1681 2609 1874 2661 theatrum,
1901 2611 1941 2648 hi
1968 2614 2150 2651 vermibus

1163 2667 1307 2705 viliores
1315 2667 1765 2720 videbuntur,illorumque
1773 2671 1925 2721 praeconi
1930 2686 1990 2709 um
2002 2674 2150 2723 araneis,

1164 2727 1262 2764 fumo
1283 2736 1317 2764 et
1337 2727 1484 2764 somniis
1514 2727 1705 2765 infirmius.
1728 2730 1823 2767 Audi
1844 2730 1955 2781 igitur
1971 2734 2150 2783 quomodo

1165 2786 1311 2833 Paulus,
1325 2787 1387 2837 qui
1399 2787 1473 2824 haec
1485 2787 1684 2826 acculatius
1699 2790 1946 2841 perpendam,
1954 2807 2022 2830 non
2035 2794 2150 2832 solum

1165 2862 1234 2886 non
1255 2848 1317 2885 illa
1333 2857 1480 2898 quaerat,
1498 2847 1559 2885 scd
1579 2848 1686 2886 etiam
1700 2848 1874 2918 depellat,
1889 2851 2028 2891 dicens:
2048 2857 2151 2894 Miln'

78 2901 182 2951 Ἐμοι
202 2902 237 2939 δὲ
255 2901 304 2953 μὴ
323 2902 456 2953 γένοιτο
472 2907 693 2980 notu7ffc500tt,
716 2907 744 2943 εἰ
767 2905 815 2956 μὴ
832 2909 866 2944 ἐν
886 2923 935 2959 τῳ
955 2922 1093 2959 σταυρῳ
1106 2928 1153 2953 629
1167 2918 1298 2947 autem
1324 2911 1426 2947 absit
1456 2909 1633 2961 gloriari,
1666 2912 1740 2948 nisi
1771 2914 1813 2948 in
1844 2925 1955 2952 cruce
1988 2916 2146 2954 Christe.

79 2977 138 3000 του
156 2964 321 3014 Χριστου.
340 2964 480 3012 Ταύτην
497 2965 609 3004 τοίνυν
627 2966 686 3004 καὶ
706 2983 746 3005 συ
762 2966 917 3013 ζηλωσον
937 2968 999 3016 την
1014 2969 1096 3007 καύ-
1117 2967 1143 2995 Α
1168 2970 1269 3007 Hanc
1288 2978 1321 3007 et
1350 2978 1388 3006 tu
1403 2982 1543 3020 quoque
1559 2969 1805 3020 gloriationem
1821 2973 2060 3024 3311101310,ῃο
2078 2978 2151 3013 Do-

79 3036 197 3072 χησιν,
224 3022 280 3061 ι’να
301 3023 349 3074 μὴ
378 3025 569 3078 παροξύνῃς
588 3042 644 3064 τον
660 3026 857 3074 Δεσπότην.
877 3028 946 3067 Και
961 3029 1027 3081 γαρ
1052 3031 1097 3072 εἷς

81 3082 138 3119 τὸν
161 3082 248 3121 Θεον
275 3084 442 3136 υὸρίζεις,
459 3090 560 3125 τοῦτο
584 3089 704 3137 ποιῶν,
725 3089 803 3140 ουχὶ
825 3104 967 3127 σεαυτον
983 3091 1097 3140 μόνον.

83 3141 174 3180 Οὐδε
190 3141 256 3194 γὰρ
284 3146 312 3181 εἰ
332 3145 559 3197 ζωγράφος“λ
538 3163 586 3184 ων
608 3148 766 3198 μαθητην
785 3166 863 3187 τινα
894 3155 1002 3202 εἶχες,
1023 3155 1098 3189 εἶτα

84 3204 211 3244 ἐκεῖνος
227 3203 322 3254 ἀφεις
337 3204 570 3248 ἐπιδείξασθαί
588 3223 642 3246 σοι
661 3208 706 3247 τὰ
726 3225 787 3256 της
802 3210 944 3262 τέχνης,
965 3212 1022 3250 τὸν
1041 3212 1098 3249 πί-

86 3278 175 3300 νακα
194 3262 258 3306 ἔξω
279 3265 449 3316 προτιθεις
458 3271 529 3309 τοῖς
547 3283 807 3322 παρατηρουσιν
824 3272 965 3320 ἁπλῶς,
980 3289 1070 3325 πρκ(
1071 3289 1099 3316 1ς

88 3340 126 3361 αν
146 3324 306 3374 ἤνεγκας.
330 3327 411 3363 1Ξῖδ
395 3337 429 3364 οε
463 3326 520 3365 ἐπι
539 3332 606 3368 τῶν
637 3332 834 3382 ὁμοδούλων
856 3349 956 3372 τουτο
982 3334 1098 3385 ὕὸρις,

332 3413 425 3438 ΤΟΜ.
463 3416 500 3439 tx
510 3433 516 3441 -

1170 3030 1308 3068 minum
1328 3030 1453 3068 irlites.
1470 3031 1561 3068 Nam
1586 3030 1672 3068 dum
1688 3031 1763 3068 haec
1776 3033 1873 3082 faciS‚
1891 3036 2005 3073 Deum
2025 3046 2153 3075 contu-

1171 3092 1277 3129 melia
1298 3090 1424 3137 afficis,
1441 3104 1511 3128 non
1530 3099 1564 3128 te
1582 3099 1730 3128 tantum.
1751 3093 1872 3143 Neque
1885 3095 1978 3132 enim
1994 3096 2022 3133 si
2038 3097 2152 3149 pictor

1172 3166 1262 3190 esses
1276 3161 1308 3189 et
1324 3151 1541 3203 discipulum
1556 3151 1745 3201 quemdam
1764 3152 1924 3205 haberes,
1946 3157 2007 3206 qui
2023 3171 2062 3195 ea
2076 3173 2153 3208 quae

1172 3213 1258 3251 artis
1277 3220 1358 3249 sunt
1372 3211 1435 3249 tibi
1452 3211 1634 3249 ostendere
1653 3221 1889 3265 contemnens,
1914 3216 2082 3256 tabellam
2102 3220 2154 3258 fo-

1153 3274 1222 3312 ·ris
1248 3272 1521 3312 observantibus
1553 3271 1751 3320 exhiheret,
1785 3274 1821 3312 id
1840 3276 2013 3327 patienter
2032 3280 2149 3320 ferres,

1165 3335 1273 3383 Quod
1293 3335 1322 3373 si
1353 3335 1387 3372 in
1410 3332 1588 3373 conservis
1616 3333 1684 3373 hoc
1715 3338 1928 3376 contumelia
1952 3349 2015 3390 est,
2041 3344 2157 3381 multo

1950 3414 2000 3454 48

2171 2867 2240 2895 Sal.
2255 2866 2347 2906 (5.14.
