2502 3810
726 278 771 309 IN
807 277 948 310 EPIST.
989 276 1046 308 AD
1084 279 1192 308 ROM.

77 370 178 401 σίως·
213 348 282 395 οἷον
314 359 369 396 τὸν
401 356 456 396 ἐπὶ
484 359 609 408 Ἂὲελ,
638 360 693 397 τὸν
727 361 784 398 ἐπὶ
817 362 919 407 Νῶε,
951 360 1007 397 τὸν
1035 360 1091 398 ἐπὶ

75 418 252 470 Ἂὸραὰμ,
283 419 340 456 τὸν
367 419 431 462 ἕως
459 420 515 457 ὅτε
545 421 699 466 Μωϋσῆς
721 422 895 473 ἐγεννήθη.
916 421 1008 458 Ποία
1034 424 1089 458 οὖν

76 479 152 517 τότε
181 474 222 526 ἦν
250 483 272 525 ἡ
301 479 480 530 ἁμαρτία,
508 480 610 524 Τινές
632 497 715 532 φασι
740 481 803 527 τὴν
827 484 862 519 ἐν
888 480 1090 533 παραδείσῳ

75 540 186 591 λέγειν
210 539 329 578 αὐτόν·
352 540 488 578 οὐδέπω
517 540 584 593 γὰρ
615 536 657 588 ἦν
679 544 840 588 λυθεῖσα,
861 542 978 593 φησὶν,
999 542 1089 579 ἀλλὰ
1102 567 1149 590 520
1163 541 1356 592 significari
1382 560 1389 581 ε

1231 280 1386 310 HOMtL.
1426 283 1471 312 X.

2052 272 2134 335 571

1165 360 1267 409 Abel,
1295 362 1370 399 Noe
1394 373 1427 401 et
1456 364 1636 403 Abraham
1664 366 1843 416 vixerunt,
1863 367 1973 406 donec
2001 371 2142 420 Moyses

1163 429 1266 458 natus
1286 432 1347 461 est.
1368 424 1474 469 Quod
1504 439 1586 477 ergo
1610 436 1692 465 tunc
1711 437 1784 466 erat
1813 430 2023 480 peecatum?
2049 430 2141 476 Qui-

1163 481 1244 519 dam
1260 483 1396 533 dicunt,
1412 485 1502 524 illud
1522 488 1619 537 quod
1640 488 1674 526 in
1691 489 1855 541 paradiso
1875 489 2072 528 admissum
2091 499 2143 528 est

1414 546 1572 584 nondum
1603 549 1697 586 euim
1713 558 1786 587 erat
1813 551 1984 599 solutum,
2010 550 2139 601 inquit,

76 601 134 638 καὶ
155 601 250 647 ἤνθει
274 603 378 648 αὐτ-ῆς
396 604 414 638 ὁ
429 601 579 654 καρπός·
597 603 653 640 τὸν
674 602 742 655 γὰρ
762 602 872 641 κοινὸν
892 602 1004 649 ἐκείνη
1026 602 1086 639 θά-
1113 603 1139 631 Α
1162 602 1223 640 sed
1242 604 1317 655 ejus
1337 606 1474 644 fructus
1491 607 1640 646 florebat
1663 625 1670 645 :
1691 624 1773 647 nam
1790 625 2014 649 communem
2041 611 2142 649 illam

75 677 175 699 νατον
202 661 357 713 ἤνεγκεν,
390 662 425 705 ὃς
444 663 583 714 ἐκράτει
603 663 661 700 καὶ
688 663 875 714 ἐτυράννει.
907 663 1010 705 Τίνος
1031 666 1088 700 οὐν

75 720 187 759 ἕνεκεν
211 722 350 774 ἐπάγει,
379 722 547 775 Ἁμαρτία
567 724 601 761 δὲ
625 726 686 762 οὐκ
702 725 906 775 ἐλλογεῖται,
928 722 976 772 μὴ
994 723 1089 765 ὄντος

74 781 196 832 νόμου,
211 782 483 826 Ἐξάντιθέσεως
498 787 565 821 τῶν
577 784 766 831 Ἰουδαίων,
781 784 896 835 φησὶν,
911 785 941 821 οἱ
953 782 1089 833 τὰῆμέ-

75 860 157 896 τερα
188 846 363 896 εἰρηκότες
389 850 490 884 τοῦτο
514 847 614 885 αὐτὸν
638 845 827 884 τεθεικέναι
847 846 1017 895 λέγονται,
1036 847 1088 882 ὅτι

76 908 104 943 εἰ
134 906 182 955 μὴ
216 908 306 944 ἔστιν
331 907 486 958 ἁμαρτία
516 908 622 959 χωρὶς
647 907 777 956 νόμου,
807 908 881 947 πῶς
904 910 922 944 ὃ
947 905 1089 947 θάνατος

75 967 238 1012 ἀνήλισκε
258 967 391 1010 πάντας
413 966 492 1010 τοὺς
511 967 579 1018 πρὸ
597 971 656 1004 τοῦ
671 967 797 1016 νόμου,
816 965 920 1015 Ἐμοὶ
940 965 975 1003 δὲ
997 966 1088 1002 δοκεῖ

74 1027 112 1063 τὸ
144 1027 375 1077 λεχθήσεσθαι
397 1027 521 1076 μέλλον
545 1026 644 1076 λόγον
674 1026 766 1077 ἔχειν
797 1027 940 1075 μᾶλλον,
962 1025 1021 1062 καὶ
1045 1028 1087 1076 τῇ

73 1087 286 1136 ἅποστολικῇ
319 1086 521 1136 συμὸαίνειν
544 1086 690 1137 διανοίᾳ.
717 1086 764 1123 Τί
792 1085 828 1122 δὲ
856 1085 957 1123 τοῦτό
976 1087 1089 1132 ἐστιν,

73 1145 192 1183 Εἰπὼν
207 1175 218 1192 ,
236 1146 288 1184 ὅτι
314 1146 395 1198 ἄχρι
413 1145 519 1194 νόμου
537 1146 692 1199 ἁμαρτία
709 1140 750 1192 ἦν
771 1147 804 1182 ἐν
825 1145 966 1197 κόσμῳ,
988 1145 1091 1184 τοῦτό

72 1221 130 1255 μοι
147 1207 238 1243 δοκεῖ
259 1205 371 1256 λέγειν
384 1236 394 1252 ,
414 1206 467 1244 ὅτι
489 1210 548 1244 τοῦ
569 1206 674 1256 νόμου
693 1206 846 1249 δοθέντος
860 1236 868 1252 ,
887 1210 909 1253 ἦ
932 1206 1088 1258 ἁμαρτία

71 1266 207 1319 ἐκράτει
225 1270 246 1313 ἡ
265 1269 302 1304 ἐκ
316 1270 377 1312 τῆς
396 1267 628 1318 παραὸάσεως
642 1297 651 1313 ,
679 1267 738 1305 καὶ
759 1267 822 1310 ἕως
838 1267 915 1304 τότε
936 1268 1086 1319 ἐκράτει,

70 1326 133 1369 ἕως
146 1327 204 1364 καὶ
220 1327 322 1377 νόμος
340 1321 381 1373 ἦν
397 1343 403 1350 ·
425 1328 502 1366 οὐδὲ
523 1328 590 1380 γὰρ
613 1333 626 1349 ²¹
641 1327 783 1366 δύναται
803 1331 969 1374 συστῆναι
985 1358 994 1373 ,
1024 1344 1086 1380 φη-

69 1388 136 1435 σὶν,
171 1383 349 1440 ἁμαρτία,
386 1389 434 1439 μὴ
466 1389 560 1432 ὄντος
587 1389 703 1440 νόμου.
742 1392 785 1428 Εἰ
816 1390 926 1428 τοίνυν
948 1390 1033 1437 αὕτη
1063 1394 1084 1436 ἡ

69 1450 221 1500 ἁμαρτία
237 1479 246 1496 ,
271 1450 394 1500 φησὶν,
423 1451 462 1487 ἐκ
485 1452 548 1492 τῖς
571 1455 630 1488 τοῦ
655 1450 759 1500 νόμου
779 1450 1012 1501 παραὸάσεως
1028 1451 1085 1488 τὸν

69 1509 212 1548 θάνατον
233 1510 364 1555 ἔτικτε,
382 1513 457 1553 πῶς
470 1513 500 1548 οἳ
514 1511 582 1562 πρὸ
597 1515 657 1548 τοῦ
676 1511 781 1560 νόμου
796 1511 921 1554 πάντες
934 1511 1083 1558 ἀπέθνη-

69 1585 175 1617 σκον,
199 1571 244 1608 Εἰ
265 1573 332 1622 γὰρ
352 1570 386 1613 ἐξ
403 1571 575 1622 ἁμαρτίας
592 1574 609 1608 ὃ
629 1571 773 1613 θάνατος
797 1570 860 1616 τὴν
879 1572 971 1622 ῥίζαν
991 1571 1084 1624 ἔσχε,

68 1629 173 1679 νόμου
195 1629 230 1667 δὲ
249 1631 311 1667 οὐκ
337 1630 431 1673 ὄντος
457 1634 478 1676 ἢ
508 1630 663 1682 ἁμαρτία
683 1634 745 1669 οὐκ
765 1632 980 1682 ἐλλογεῖται,
1012 1636 1086 1675 πῶς

65 1693 84 1727 ὁ
107 1691 250 1733 θάνατος
282 1690 440 1741 ἐκράτει,
477 1690 582 1728 ϋΟθεν
617 1693 720 1737 δῆλον
736 1720 745 1737 ,
782 1690 835 1728 ὅτι
859 1694 923 1743 οὐχ
951 1692 1036 1740 αὕτη
1063 1696 1083 1738 ἢ

1163 671 1312 701 mortem
1331 665 1471 716 attulit,
1490 681 1569 717 quae
1589 668 1841 708 dominabatur
1859 680 1892 708 et
1914 671 2142 723 tyrannidem

1162 725 1355 763 exercebat.
1378 729 1451 765 Cur
1463 742 1546 779 ergo
1566 730 1763 781 subjungit,
1783 734 1992 770 Peccatum
2012 742 2141 771 autem

1163 796 1239 820 non
1255 787 1477 836 imputatur,
1497 802 1584 826 cum
1599 803 1675 826 non
1692 800 1747 828 est
1766 792 1852 828 lex?
1869 794 1926 831 Ex
1946 794 2141 845 objectione

1161 843 1382 892 Judaeorum,
1400 847 1526 897 inquit,
1541 848 1567 885 ii
1584 850 1643 898 qui
1661 851 1851 893 nobiscum
1865 854 2018 891 sentiunt
2036 864 2069 892 et
2089 855 2140 893 lo-

1161 913 1334 953 quuntur,
1357 905 1424 942 hoe
1439 907 1556 957 ipsum
1570 909 1729 959 posuisse
1747 909 1870 949 dicunt
1894 928 1900 948 :
1919 915 2014 963 quod
2027 915 2054 951 51
2073 929 2142 952 11011

1162 966 1207 1003 511
1227 975 1408 1017 peccatum
1421 967 1496 1004 sine
1512 968 1602 1019 lege,
1621 971 1798 1019 quomodo
1813 987 1908 1010 mors
1929 988 2062 1021 01111165,
2079 977 2142 1025 qui

1163 1034 1241 1062 ante
1261 1025 1375 1077 legem
1398 1035 1506 1075 erant,
1528 1029 1727 1067 absumsit?
1748 1031 1841 1068 Mihi
1864 1041 1982 1070 autem
2002 1034 2144 1072 videtur

1113 1093 1136 1122 B
1164 1085 1213 1135 id,
1235 1086 1332 1136 quod
1355 1085 1487 1124 dicturi
1506 1102 1642 1136 sumus,
1667 1091 1795 1128 rationi
1821 1093 1935 1144 magis
1963 1104 2147 1132 consenta-

1164 1161 1270 1184 neum
1294 1161 1380 1196 esse,
1411 1157 1443 1185 et
1471 1163 1552 1187 cum
1581 1151 1772 1201 apostolica
1799 1163 1915 1191 11161116
1934 1157 2140 1194 consentire.

1163 1207 1264 1254 Quid
1291 1207 1382 1245 illud
1409 1209 1484 1246 est?
1516 1210 1606 1247 Cum
1631 1211 1792 1262 dixisset,
1822 1228 1932 1265 usque
1954 1216 1999 1253 ad
2031 1217 2144 1267 legem

1161 1276 1343 1318 peceatum
1372 1269 1480 1307 fuisse
1498 1270 1534 1307 in
1563 1271 1708 1319 mundo,
1731 1273 1798 1311 1106
1816 1275 1906 1312 mihi
1924 1276 2065 1314 videtur
2087 1278 2142 1315 di-

1162 1341 1251 1377 cere,
1271 1327 1367 1378 quod
1387 1338 1466 1380 post
1485 1329 1606 1368 datam
1630 1332 1742 1383 legem
1766 1344 1947 1385 peecatum
1964 1350 2007 1374 ex
2026 1346 2142 1376 trans<

1161 1389 1336 1438 gressione
1348 1399 1467 1427 ortum
1491 1390 1714 1430 dominatum
1736 1394 1794 1444 sit,
1818 1405 1851 1433 et
1870 1397 2005 1434 tamdiu
2026 1398 2143 1437 domi·

1160 1457 1282 1486 natum
1297 1450 1355 1499 sit,
1375 1450 1487 1489 donee
1502 1452 1560 1490 lex
1574 1463 1661 1491 esset
1684 1470 1693 1491 .·
1714 1469 1826 1505 neque
1840 1457 1934 1494 enim
1957 1459 2145 1497 consistere

1159 1518 1272 1560 potest
1292 1522 1489 1561 peccatum,
1510 1513 1639 1564 inquit,
1655 1529 1736 1552 eum
1752 1516 1812 1555 lex
1830 1531 1899 1555 non
1917 1528 1977 1556 est.
1996 1521 2034 1558 Si
2050 1535 2144 1572 erge,

1159 1570 1308 1620 inquies,
1318 1571 1385 1609 hoe
1401 1582 1584 1624 peccatum
1595 1588 1639 1612 ex
1657 1575 1744 1627 legis
1756 1579 2033 1629 transgressione
2049 1595 2143 1619 mor—

1159 1638 1230 1667 tem
1256 1631 1410 1683 peperit,
1438 1633 1616 1683 quomodo
1643 1636 1706 1685 qui
1731 1646 1812 1675 31116
1841 1638 1953 1690 legem
1983 1641 2142 1688 fuerunt,

1159 1704 1278 1729 omnes
1294 1693 1425 1729 mortui
1445 1694 1552 1731 sunt?
1572 1694 1610 1732 Si
1626 1695 1720 1732 enim
1736 1711 1781 1734 ex
1802 1709 1945 1749 peccato
1961 1715 2056 1739 mors
2084 1717 2142 1740 ra-

68 1750 221 1800 ἇμαρτία
240 1755 261 1796 ἡ
285 1754 347 1796 τῆς
366 1755 425 1788 τοῦ
443 1751 546 1801 νόμου
564 1752 816 1804 παραέάσεως,
837 1753 913 1790 ἀλλ’
933 1753 1045 1799 ἐκείνη
1062 1757 1083 1799 ἡ
1108 1759 1132 1789 C
1158 1753 1275 1791 dicem
1298 1754 1446 1805 habuit,
1468 1764 1502 1792 et
1530 1755 1560 1793 si
1587 1770 1656 1794 non
1680 1768 1840 1798 exstante
1865 1761 1942 1812 lege
1959 1773 2145 1814 peccatum

68 1813 128 1855 τῆς
143 1816 202 1849 τοῦ
222 1810 333 1859 Ἀδὰμ
354 1815 535 1865 παρακοῆς
550 1841 559 1857 ,
582 1813 668 1859 αὕτη
685 1808 726 1859 ἦν
744 1816 764 1859 ἦ
783 1813 897 1852 πάντα
915 1816 1083 1864 λυμαινο-

69 1871 167 1920 μένη.
200 1872 270 1910 Καὶ
300 1872 351 1915 τίς
377 1876 399 1917 ἡ
428 1872 547 1910 τούτου
574 1873 771 1920 ἀπόδειξις,
790 1874 842 1912 Τὸ
864 1874 924 1912 καὶ
942 1875 1009 1926 πρὸ
1027 1879 1086 1913 τοῦ

69 1931 174 1981 νόμου
192 1932 325 1976 πάντας
348 1933 589 1979 ἀποθνήσκειν.
621 1934 851 1972 Ἐἕασίλευσε
868 1935 934 1985 γὰρ
951 1938 968 1972 ὃ
983 1935 1086 1973 θάνα-

70 2007 124 2034 τος
139 2023 148 2039 ,
179 1992 281 2044 φησὶν
296 2023 305 2040 ,
333 1994 402 2031 ἀπὸ
430 1992 540 2044 Ἀδὰμ
573 1994 677 2045 μέχρι
709 1994 886 2038 Μωῦσέως
901 2025 910 2042 ,
942 1995 1000 2033 καὶ
1028 1996 1086 2033 ἐπὶ

70 2051 147 2095 τοὺς
178 2052 226 2102 μὴ
251 2053 531 2104 ἁμαρτήσαντας.
566 2055 650 2097 Πῶς
676 2055 917 2105 ἐβασίλευσεν;
947 2055 1006 2093 Ἐν
1037 2057 1086 2106 τῷ

68 2112 265 2162 ὁμοιώματι
284 2117 346 2160 τῆς
363 2114 594 2166 παραὸάσεως
614 2114 742 2165 Ἀδὰμ,
762 2116 795 2159 ὃς
813 2118 886 2154 ἐστι
904 2115 1009 2160 τύπος
1028 2119 1087 2153 τοῦ

70 2173 266 2223 μέλλοντος.
313 2173 381 2212 Διὰ
403 2174 470 2226 γὰρ
501 2180 601 2213 τοῦτο
629 2176 687 2227 καὶ
714 2176 818 2219 τύπος
851 2176 943 2214 ἐστὶν
970 2176 1085 2222 Ἰησοῦ

70 2234 221 2285 Χριστοῦ
246 2238 263 2272 ὁ
284 2234 402 2285 Ἀδάμ.
434 2237 518 2279 Πῶς
542 2236 666 2284 τύπος,
695 2237 816 2289 φησίν,
840 2236 925 2276 οὈτι
940 2268 949 2282 ,
967 2237 1086 2289 ὥσπερ

70 2297 197 2338 ἐκεῖνος
214 2301 283 2339 τοῖς
300 2295 333 2340 ἐξ
348 2298 463 2342 αὐτοῦ,
485 2297 599 2336 καίτοι
620 2313 658 2348 γε
681 2298 728 2348 μὴ
749 2304 913 2349 φαγοῦσιν
940 2298 1008 2336 ἀπὸ
1026 2303 1086 2337 τοῦ

70 2354 183 2400 ξύλου,
197 2355 333 2407 γέγονεν
351 2356 458 2400 αἴτιος
475 2357 620 2396 θανάτου
639 2361 698 2396 τοῦ
715 2358 772 2397 διὰ
786 2358 848 2405 τὴν
866 2361 994 2410 βρῶσιν
1011 2361 1085 2396 εἷσ-

71 2415 231 2466 αχθέντος
247 2432 254 2439 ·
281 2416 372 2455 οὕτω
389 2418 448 2455 καὶ
474 2421 491 2456 ὃ
509 2419 660 2472 Χριστὸς
680 2425 751 2463 τοῖς
773 2419 806 2464 ἐξ
827 2422 952 2468 αὐτοῦ,
973 2420 1085 2458 καίτοι

69 2491 108 2523 γε
126 2477 163 2512 οὐ
182 2477 497 2529 δικαιοπραγῆσασι
510 2509 520 2527 ,
544 2479 662 2531 γέγονε
677 2480 837 2533 πρόξενος
852 2481 1086 2528 δικαιοσύνης,

69 2535 113 2580 ἣν
127 2534 184 2572 διὰ
201 2540 260 2573 τοῦ
287 2541 434 2590 σταυροῦ
450 2545 554 2576 πᾶσιν
569 2543 655 2590 ἡμῖν
680 2541 882 2594 ἐχαρίσατο.
903 2540 971 2579 Διὰ
987 2545 1086 2580 τοῦτο

71 2593 142 2630 ἄνω
157 2594 215 2631 καὶ
225 2595 322 2633 κάτω
337 2602 395 2635 τοῦ
411 2598 484 2640 ἑνὸς
499 2598 618 2650 ἔχεται
631 2630 639 2646 ,
656 2600 714 2638 καὶ
727 2603 878 2653 συνεχῶς
896 2600 912 2621 ¹³
923 2606 1024 2639 τοῦτο
1039 2604 1085 2644 εἷς

71 2653 176 2702 μέσον
206 2655 300 2707 φέρει
315 2685 325 2702 ,
358 2656 467 2707 λέγων
480 2673 487 2680 ·
519 2657 659 2712 ϋΩσπερ
688 2662 731 2698 δι’
763 2661 836 2704 ἑνὸς
863 2660 1044 2712 ἀνθρώπου
1062 2665 1083 2707 ἡ

70 2714 226 2767 ἁμαρτία
253 2717 299 2760 εἷς
323 2717 382 2754 τὸν
409 2717 539 2769 κόσμον
568 2721 721 2765 εἰσῆλθε·
744 2721 822 2768 καὶ,
848 2720 935 2759 εἜν
951 2724 1001 2773 τῷ
1025 2727 1085 2760 τοῦ

70 2775 141 2818 ἑνὸς
162 2777 423 2829 παραπτώματι
442 2781 473 2817 οἱ
491 2779 613 2818 πολλοὶ
629 2780 798 2818 ἀπέθανον
811 2797 818 2804 ·
835 2781 894 2819 καὶ
906 2811 915 2828 ,
944 2784 1024 2833 Οὐχ
1037 2784 1084 2825 ὡς

70 2837 113 2873 δι’
132 2837 204 2880 ἑνὸς
228 2838 514 2890 ἁμαρτήσαντος,
536 2841 575 2878 τὸ
595 2840 758 2892 δώρημα·
779 2842 862 2889 καὶ,
895 2843 948 2881 Τὸ
974 2843 1084 2894 κρίμα

70 2895 104 2940 ἐξ
122 2898 194 2941 ἐνὸς
211 2900 258 2941 εἰς
272 2899 474 2953 κατάκριμα
491 2917 498 2924 ·
515 2901 576 2940 καὶ
593 2903 712 2948 πάλιν,
731 2904 776 2941 Εἰ
791 2903 858 2955 γὰρ
874 2906 922 2955 τῷ
937 2908 996 2942 τοῦ
1012 2904 1084 2946 ἑνὸς

1160 1828 1228 1851 11011
1241 1815 1454 1867 imputatur,
1466 1817 1645 1867 quomodo
1655 1832 1749 1858 mors
1757 1819 2026 1861 dominabatur?
2040 1826 2144 1863 Unde

1159 1875 1278 1926 palam
1289 1885 1432 1926 est,non
1448 1887 1631 1929 peccatum
1645 1878 1748 1929 illud,
1760 1881 1857 1931 quod
1871 1892 1921 1920 est
1930 1884 2019 1935 legis
2034 1894 2145 1924 trans-

1158 1937 1302 1987 gressio,
1321 1937 1382 1975 sed
1401 1937 1495 1975 illud
1514 1938 1641 1976 Adami
1667 1951 1849 1992 peccatum
1875 1943 2121 1985 inobedientia·
2133 1978 2142 1995 ‚

1156 1997 1350 2049 ipsummet
1369 1999 1476 2038 fuisse
1489 2000 1585 2051 quod
1599 2002 1717 2040 omnia
1732 2004 1901 2055 perdidit.
1918 2007 1962 2044 Et
1979 2022 2141 2058 quaenam

1156 2058 1265 2111 hujus
1291 2059 1341 2097 rei
1367 2060 1530 2112 probatio
1550 2062 1628 2100 est?
1656 2063 1762 2111 Quod
1781 2075 1862 2103 ante
1884 2067 1997 2118 legem
2021 2083 2141 2108 omnes

1157 2129 1387 2158 morerentur.
1405 2123 1465 2159 44.
1484 2124 1674 2174 Regnavit
1689 2127 1788 2162 enim
1807 2140 1922 2176 mors,
1937 2128 2066 2179 inquit,
2090 2134 2140 2168 ab

1157 2181 1292 2217 Adam
1310 2195 1428 2233 usque
1441 2184 1495 2220 ad
1507 2185 1688 2232 ,Moysem
1705 2188 1822 2224 etiam
1838 2190 1879 2224 in
1894 2202 1968 2237 eos,
1987 2193 2055 2241 qui
2066 2205 2152 2228 non-

1155 2251 1424 2290 peccaverunt.
1457 2243 1648 2289 Quomodo
1678 2246 1864 2294 regnavit?
1886 2250 1937 2284 In
1961 2251 2143 2288 similitu-

1157 2302 1655 2353 dinem—praeuaricationis
1683 2305 1808 2356 Adoe,
1841 2310 1908 2359 qui
1941 2311 2141 2362 estfigura

1145 2364 1293 2415 futuri.
1313 2363 1396 2401 Ideo
1415 2364 1509 2402 enim
1530 2374 1635 2417 typus
1651 2375 1700 2404 est
1726 2367 1862 2405 Christi
1886 2369 2013 2407 Adam.
2036 2373 2142 2419 Quo-

1111 2430 1134 2459 D
1157 2425 1274 2474 modo,
1291 2425 1443 2477 inquies,
1468 2428 1604 2479 typus?
1622 2428 1716 2475 Quia
1742 2429 1833 2467 sicut
1852 2430 1913 2468 ille
1930 2446 1972 2469 ex
1991 2447 2026 2471 56
2041 2435 2140 2480 ortis,

1157 2484 1239 2523 licet
1258 2500 1327 2524 non
1351 2487 1569 2525 comederint
1596 2488 1640 2525 de
1668 2489 1778 2539 ligno,
1798 2504 1902 2528 631153
1927 2493 1993 2530 fuit
2016 2496 2142 2534 mortis

1156 2560 1219 2597 per
1233 2547 1354 2584 cibum
1368 2547 1470 2585 illum
1483 2547 1636 2585 inductae
1652 2565 1661 2584 .·
1676 2548 1724 2585 ita
1737 2558 1769 2586 et
1780 2550 1946 2590 Christus
1959 2553 2043 2603 suis,
2061 2556 2141 2593 lieet

1156 2620 1223 2644 non
1241 2608 1336 2659 juste
1359 2608 1510 2659 egerint,
1534 2609 1680 2660 justitiae
1702 2610 1910 2649 conciliator
1927 2614 2010 2663 fuit,
2032 2630 2140 2665 quam

1156 2682 1218 2719 per
1230 2681 1369 2705 crucem
1383 2668 1484 2705 nobis
1497 2669 1663 2705 omnibus
1677 2669 1826 2720 largitus
1839 2681 1900 2710 est.
1915 2675 2140 2728 Quapropter

1156 2741 1293 2779 semper
1313 2737 1346 2765 et
1377 2728 1508 2778 ubique
1530 2728 1615 2766 huic
1646 2729 1693 2766 rei
1720 2729 1862 2778 insistit,
1883 2741 1915 2769 et
1940 2733 2139 2784 frequenter

1155 2789 1271 2826 hocin
1287 2788 1443 2826 medium
1461 2787 1621 2835 adducit,
1635 2788 1756 2826 dicens
1780 2807 1786 2826 :
1809 2791 1912 2829 Sicut
1929 2808 1999 2844 per
2018 2809 2137 2834 unum

1156 2851 1350 2887 hominem
1367 2862 1467 2886 mors
1489 2851 1651 2885 intravit
1669 2851 1709 2886 in
1724 2852 1928 2901 mundum,
1946 2862 1990 2901 61,
2013 2857 2135 2895 Unius

1151 2918 1310 2961 peccato
1336 2909 1450 2946 multi
1480 2912 1619 2946 mortui
1639 2919 1751 2956 sunt3
1773 2920 1830 2960 et,
1849 2914 1938 2949 Non
1956 2918 2134 2969 sicutper
2153 2931 2233 2959 Rom.
2247 2933 2332 2964 3.16.

1154 2983 1272 3007 unum
1281 2977 1532 3020 peccatorem,
1550 2972 1606 3006 ita
1625 2970 1768 3008 donum
1776 2986 1788 3021 5
1807 2981 1852 3018 et,
1872 2974 2071 3015 ιῙιιᾱίσὶιιηι
2084 2994 2131 3017 ex
2149 3002 2224 3030 [11:21.
2239 3003 2268 3032 5-
2286 3005 2331 3033 16.

1153 3045 1230 3068 ιιηο
1262 3033 1303 3067 in
1324 3031 1706 3079 condemnationem,
1734 3041 1767 3069 et
1796 3047 1934 3086 rursus,
1961 3039 2002 3076 Si
2027 3044 2206 3081 em'mS‘I‘l·

66 3074 209 3130 αΩσπεΡ
240 3078 296 3117 διὰ
323 3082 385 3126 τῆς
403 3086 585 3133 παρακῡῆς
602 3089 662 3122 τοῦ
677 3085 749 3127 ἑνὸς
767 3085 947 3136 ἀνθρώπου
968 3085 1080 3136 ἆμαρ·
1105 3097 1128 3126 Ε
1150 3107 1219 3144 per
1237 3094 1349 3130 unius
1370 3091 1551 3128 delictum
1580 3105 1681 3130 mors
1702 3099 1879 3145 regnavit
1896 3113 1967 3149 per
1990 3115 2129 3151 unum;

68 3138 171 3175 τωλοὶ
202 3142 461 3189 κατεστάθησαν
491 3146 522 3181 οἱ
550 3145 693 3182 πολλοί·
727 3146 787 3183 καὶ
806 3148 867 3183 οὐκ
893 3144 1081 3196 ἀφίσταται
1153 3161 1204 3198 et,
1231 3155 1369 3203 [taque
1394 3154 1427 3188 si
1453 3166 1523 3202 per
1550 3155 1664 3190 unius
1693 3154 1894 3206 delictum3
1919 3168 1952 3196 et
1973 3175 2129 3211 rursum,

1152 3214 1257 3251 Sicut
1273 3226 1343 3263 per
1358 3213 1656 3249 inobedientiam
1678 3215 1792 3252 unius
1811 3217 2132 3273 lzominis‘pecca-

1144 3286 1242 3315 tores
1262 3277 1397 3329 effecti
1419 3282 1508 3312 sunt
1531 3275 1644 3312 multi
1663 3289 1673 3312 .·
1695 3290 1806 3327 neque
1829 3280 1874 3317 ab
1896 3281 1962 3320 hoc
1982 3298 2050 3323 11110
2070 3287 2132 3326 de—

68 2958 328 3010 παραπτώματι
346 2963 364 2997 ὃ
379 2961 524 3005 θάνατος
538 2962 740 3001 ἕδασίλευσε
757 2963 813 3002 διὰ
827 2969 887 3002 τοῦ
903 2964 993 3007 ἑνός·
1010 2964 1081 3011 καὶ,

67 3009 155 3069 Ἆρα
187 3013 243 3056 οἶν
279 3022 326 3063 ὡς
360 3021 403 3058 δι’
434 3021 507 3065 ἑνὸς
539 3023 844 3074 παραπτώματος·
878 3024 937 3062 καὶ
962 3024 1081 3069 πάλιν,

69 3207 127 3241 τοῦ
148 3204 243 3250 ἑνὸς,
275 3205 316 3243 ἵν’
346 3207 426 3246 ὅταν
445 3209 528 3260 λέγῃ
558 3225 611 3247 σοι
631 3213 648 3248 ὁ
675 3210 855 3258 Ἰουδαῖος,
885 3214 977 3258 πῶς,
1010 3210 1082 3253 ἑνὸς

71 3270 348 3322 κατορθώσαντος
381 3278 440 3311 τοῦ
468 3275 647 3326 Χριστοῦ,
678 3279 699 3322 ἡ
731 3276 914 3327 οἰκουμένη
943 3276 1080 3325 ἐσώθη,

1177 3390 1189 3404 ε
1214 3377 1328 3412 Morel.
1349 3377 1433 3410 male
1451 3384 1475 3412 εἰ
1489 3388 1528 3421 τῷ
1546 3383 1683 3418 mik-153.
1704 3380 1879 3423 [similiter.
1899 3387 1933 3419 A.
1953 3388 1993 3421 Et
2012 3390 2055 3423 ita
2074 3402 2131 3424 ve-

1139 3440 1189 3463 tus
1206 3431 1327 3474 legerat
1346 3431 1543 3472 Interpres]

114 3385 126 3398 ⁴
153 3375 203 3415 [Α.
222 3377 330 3408 δύναιτ’
344 3375 408 3419 itm]

114 3425 130 3449 1’
154 3424 203 3467 [Α.
225 3432 256 3459 τὸ
275 3425 374 3470 αὐτὰ]
