2502 3810
106 699 174 725 Gal.
190 695 218 736 ,4.
234 704 282 725 21.

101 746 150 766 22-

99 1376 283 1405 Rom.1o.3.

301 230 329 275 5
339 232 394 275 28
735 243 772 272 s.
810 241 993 272 Joaxms
1028 240 1267 269 euersos‘r.

301 324 429 374 inquit,
463 324 549 361 alios
580 323 740 359 incusare
771 335 851 358 eum
880 320 1103 371 prophetam,
1139 319 1201 368 qui
1233 318 1279 355 ad

302 392 452 420 vestram
471 380 748 419 emendationem
769 379 898 416 missus
916 379 1018 416 erat?
1046 391 1160 427 neque
1185 377 1279 414 enim

300 444 358 480 lex
377 443 456 479 aliis
475 442 556 478 data
576 442 701 486 fuerat,
725 453 831 489 quam
847 439 961 478 vobis.
983 440 1056 476 Cur
1072 448 1190 476 autem
1209 452 1278 475 non

298 504 405 551 dixit,
430 502 569 540 Scimus
588 501 683 551 quod
704 515 936 551 quaecumque
957 501 1129 553 propheta
1157 500 1245 537 dicit
1263 529 1276 546 ,

298 564 369 611 sed,
390 565 643 613 Qnoecuquce
660 563 723 599 lac
737 563 907 614 loquitur
918 567 933 598 Ρ
948 562 1041 607 Quia
1049 564 1161 600 Vetus
1178 574 1280 598 omne

299 628 564 663 Testamentum
572 623 685 674 legem
693 637 820 661 vocare
829 623 915 661 solet
929 624 1073 661 Paulus.
1089 625 1181 660 Nam
1192 623 1280 660 alibi

298 685 386 722 dicit
403 701 410 720 :
431 686 567 735 Legem
583 698 659 721 non
676 686 834 732 auditis,
851 688 943 736 quia
959 684 1167 722 Abraham
1183 686 1278 721 duos

297 749 399 797 filios
419 749 555 784 habuit
570 752 586 784 Ρ
608 756 641 784 et
658 747 717 785 hic
735 762 876 798 quoque
897 748 1056 785 Psalmos
1081 747 1195 798 legem
1212 762 1278 785 vo-

298 809 417 858 cavit,
448 807 568 845 dicens
587 809 777 854 :Scimus,
812 810 916 860 quod
943 822 1190 861 quoecumque
1217 810 1280 846 lex

297 872 405 916 dicit,
436 873 482 907 iis
499 873 565 921 qui
581 872 622 906 in
641 870 722 921 lege
740 879 829 907 sunt
848 871 952 907 dicit.
973 870 1111 907 Deinde
1127 870 1281 908 ostendit

297 946 366 969 uon
387 931 575 968 accusandi
603 939 740 968 tantum
760 945 864 968 causa
885 931 962 968 haec
979 931 1066 979 dici,
1094 931 1155 969 sed
1173 931 1280 969 etiam

298 1001 337 1029 ut
357 992 440 1029 fidei
473 992 532 1029 lex
559 991 656 1029 viam
688 1001 838 1042 pararet.
875 992 1013 1029 Tantus
1032 992 1171 1031 Veteris
1199 1006 1279 1029 cum

299 1056 400 1092 Novo
432 1054 656 1091 Testamento
685 1068 872 1091 consensus
892 1063 985 1102 erat3
1014 1055 1112 1104 quod
1133 1069 1279 1094 accusa-

298 1119 410 1156 tiones
441 1127 473 1154 et
494 1117 758 1167 redargutiones
789 1117 870 1154 ideo
889 1116 986 1154 haud
1005 1117 1112 1155 dubie
1129 1118 1251 1156 fierent
1267 1149 1279 1169 ,

299 1188 337 1216 ut
360 1178 457 1230 apud
476 1178 652 1215 auditores
673 1178 857 1229 splendida
877 1178 924 1215 ad
950 1178 1056 1216 fidem
1071 1180 1180 1230 janua
1199 1194 1284 1231 ape«

298 1240 439 1278 rii-etur.
463 1239 558 1286 Quia
579 1239 673 1276 enim
694 1239 759 1276 hoc
774 1240 930 1277 maxime
949 1239 1089 1278 Judaeos
1108 1240 1279 1291 perdidit,

297 1299 393 1350 quod
411 1299 524 1336 altum
539 1299 583 1336 de
606 1313 640 1336 se
659 1309 832 1351 saperent,
858 1299 953 1350 quod
980 1300 1101 1349 utique
1119 1314 1282 1352 progres-

299 1377 358 1401 sus
375 1362 436 1400 ille
453 1362 547 1399 dixit
560 1393 570 1410 ,
593 1362 689 1413 quod
706 1376 832 1414 nempe
870 1366 1100 1414 Ignorantes
1121 1365 1197 1400 Dei
1212 1367 1281 1416 ju-

298 1428 458 1471 stitiam,
478 1434 515 1462 et
530 1438 642 1462 suam
665 1433 834 1462 statuere
845 1427 1041 1477 justitiam
1053 1435 1278 1476 qztoerentes,

290 1488 453 1537 justitioe
480 1487 556 1522 Dei
581 1499 620 1523 se
651 1500 728 1522 non
755 1488 1012 1522 submiserunt
1030 1501 1039 1520 .-
1060 1485 1154 1536 ipsos
1179 1495 1281 1523 ante—

298 1556 436 1585 vertens
453 1547 514 1584 lex
532 1555 564 1584 et
585 1547 772 1598 propbeta,
806 1546 965 1597 ipsorum
982 1547 1113 1582 fastum
1135 1546 1281 1597 depres-

298 1608 342 1645 sit
363 1617 468 1657 atque
490 1617 675 1654 tumorem,
703 1615 741 1643 ut
761 1621 823 1643 sua
855 1606 1045 1656 cogitantes
1077 1615 1229 1656 peccata,
1249 1616 1282 1643 et

297 1668 533 1718 arrogantiam
560 1680 698 1703 omnem
727 1665 953 1717 deponentes,
989 1679 1094 1715 seque
1122 1665 1283 1703 videntes

296 1729 339 1765 de
353 1728 519 1765 extremis
534 1726 740 1778 periclitari⁷
756 1740 836 1763 cum
851 1726 969 1763 studio
986 1726 1100 1763 multo
1115 1726 1160 1764 ad
1177 1726 1282 1764 illum

295 1795 531 1836 accurrerent,
576 1786 639 1836 qui
677 1785 745 1823 sibi
780 1795 1007 1837 peccatorum
1042 1786 1283 1826 remissionem

295 1848 480 1900 praeberet‚
514 1856 546 1884 et
566 1847 716 1897 gratiam
744 1861 806 1898 per
828 1847 938 1884 fidem
960 1846 1173 1898 acciperent.
1209 1847 1285 1885 Hoc

295 1909 414 1961 ipsum
435 1908 569 1946 Paulus
587 1908 648 1948 hic
675 1907 921 1956 subindicans‚
952 1907 1090 1945 dicebat
1110 1924 1117 1943 :
1137 1908 1284 1947 Scimus

297 1971 401 2022 quod
417 1983 664 2022 quencumque
682 1970 744 2006 lex
763 1970 871 2015 dicit,
892 1972 937 2006 iis
954 1972 1021 2020 qui
1040 1972 1079 2006 ιή
1099 1970 1180 2021 lege
1196 1979 1285 2008 sunt

297 2032 390 2068 dicit
410 2047 417 2066 :
438 2039 476 2068 ut
498 2044 608 2066 omne
627 2044 666 2067 os
687 2031 923 2077 obstruatur,
945 2037 981 2066 et
1002 2037 1101 2066 totus
1119 2031 1284 2068 mundus

298 2094 382 2129 Deo
400 2092 572 2129 subditus
588 2094 649 2128 sit.
666 2091 733 2128 Hic
753 2090 845 2127 enim
867 2089 1019 2127 ostendit
1037 2104 1094 2127 eos
1109 2090 1284 2128 bonorum

298 2166 445 2203 operum
476 2150 607 2188 fiducia
631 2150 829 2197 destitutos,
849 2149 1037 2200 verbisque
1065 2159 1202 2187 tantum
1227 2166 1285 2188 ar-

300 2221 459 2262 rogantes
489 2221 523 2247 et
553 2210 774 2262 impudentes
798 2224 882 2248 csse.
902 2210 1040 2247 Idcirco
1059 2211 1203 2262 proprie
1229 2211 1285 2249 di-

301 2272 451 2308 ctionem
469 2271 671 2322 usurpavst,
692 2270 743 2307 sic
761 2270 921 2319 loquens,
947 2272 997 2307 Ut
1013 2284 1124 2307 omne
1150 2285 1190 2308 os
1213 2274 1285 2308 ob-

302 2341 496 2378 struatur,
530 2331 774 2382 impudentem
802 2330 946 2367 illorum
968 2339 1000 2367 et
1025 2331 1191 2368 effrenem
1228 2333 1289 2383 Ja-

303 2395 470 2432 stantiam
481 2394 677 2443 declarans,
688 2403 720 2431 et
734 2394 894 2446 linguam
907 2403 1065 2430 accurate
1081 2394 1291 2431 refrenatam

304 2456 609 2506 significan52illa
638 2469 788 2505 namque
819 2455 918 2505 quasi
948 2464 1083 2492 torrens
1114 2455 1290 2492 violentus

304 2517 509 2564 ferebatur3
547 2514 609 2551 sed
634 2514 826 2552 refrenavit
852 2514 952 2551 illam
982 2514 1166 2566 propheta.
1200 2515 1291 2552 Cum

304 2592 387 2615 vero
414 2577 501 2614 dicit
521 2576 665 2624 Paulus,
695 2578 744 2613 Ut
765 2590 875 2612 omne
901 2590 942 2613 os
963 2578 1201 2624 obstruatur;
1221 2590 1290 2613 non

305 2639 371 2676 hoc
390 2639 450 2687 ait,
467 2637 560 2689 quod
580 2637 658 2674 ideo
672 2637 905 2688 peccaverint,
930 2647 968 2674 ut
989 2652 1026 2674 os
1055 2637 1211 2689 ipsorum
1229 2639 1291 2675 ob-

305 2711 518 2743 strueretur:
540 2699 602 2737 sed
621 2699 702 2736 ideo
722 2699 1008 2745 confutabuntur,
1026 2708 1064 2736 ut
1079 2713 1122 2736 ne
1145 2699 1291 2750 ignora-

305 2773 380 2800 rent
400 2777 436 2800 se
460 2760 666 2813 peccavisse.
691 2761 745 2796 Et
769 2768 869 2797 totus
886 2761 1053 2797 mundus
1070 2761 1154 2796 Deo
1175 2762 1291 2796 obno-

305 2827 392 2861 xius
409 2824 500 2874 fiat.
527 2822 607 2858 Non
628 2819 736 2868 dixit,
751 2819 917 2869 Jildaeus5
947 2819 1020 2868 sed,
1039 2820 1129 2856 Tota
1149 2828 1288 2856 natura.

306 2883 402 2921 Illud
436 2895 612 2932 namque⁷
647 2882 697 2917 Ut
732 2894 772 2917 os
799 2894 910 2917 omne
944 2882 1182 2930 obstruatur,
1211 2881 1292 2919 illos

307 2943 533 2991 subindicat,
585 2941 667 2977 licet
700 2954 769 2977 non
807 2940 990 2983 manifeste
1005 2969 1015 2989 ,
1060 2954 1104 2977 ne
1135 2941 1293 2992 asperior

307 3018 420 3040 sermo
456 3011 542 3040 esset
567 3017 575 3038 :
598 3002 666 3038 hoc
705 3009 822 3038 autem
841 3030 852 3049 ,
902 3002 951 3037 Ut
993 3009 1093 3037 totns
1127 3003 1291 3039 mundus

309 3067 495 3101 obium-ius
509 3063 593 3115 fiat
620 3064 717 3107 Deo,
764 3061 873 3098 simul
905 3069 938 3097 et
963 3060 1007 3098 de
1032 3061 1167 3099 Judaeis
1191 3071 1227 3099 et
1248 3063 1292 3100 de

308 3125 499 3173 gentilibus
529 3123 666 3161 dictum
693 3130 755 3160 est.
794 3123 872 3159 Non
898 3135 1026 3173 parum
1055 3131 1170 3158 autem
1205 3136 1289 3160 con-

309 3188 374 3224 sert
411 3186 456 3223 ad
492 3185 636 3222 illorum
673 3183 911 3235 arrogantiam
953 3183 1255 3235 comprimendam
1276 3215 1287 3234 ,

353 3313 365 3327 a
390 3304 461 3333 Duo
480 3303 586 3341 3155.ss
600 3309 758 3344 συγγένεια.
778 3301 846 3343 [Sic
863 3308 895 3333 et
910 3302 946 3333 A.
964 3308 995 3332 et
1013 3313 1114 3344 marg.
1133 3301 1232 3334 Savil.
1254 3303 1311 3333 In-

311 3354 358 3384 sra
374 3356 408 3384 Α.
429 3360 532 3391 πάντες
547 3365 605 3395 pro
623 3354 773 3394 namnam]

355 3406 369 3428 b
394 3406 452 3446 [A.
473 3413 501 3435 et
528 3416 630 3446 marg.
665 3405 764 3437 Savil.
798 3409 1018 3449 refluae-5322&
1051 3412 1081 3436 rt
1112 3409 1305 3439 (mineth-2.

1291 901 1338 925 ass

1302 937 1328 965 A
1349 925 1517 976 δοποιήση
1546 927 1650 963 πάλιν
1668 928 1684 962 ὃ
1701 925 1816 975 νόμος.
1835 924 1997 971 Τοσαύτη
2017 927 2079 970 τῆς
2102 926 2264 966 Παλαιᾶς
2283 923 2367 974 πρὸς

1308 239 1493 268 ΑΒΕΗΙΕΡ
1503 258 1512 268 .
1551 238 1902 271 CONSTANTINOP-

1347 319 1403 356 τὸν
1424 320 1471 362 εἷς
1488 317 1549 364 τὴν
1570 318 1737 369 ὑμετέραν
1765 318 1943 371 διόρθωσιν
1968 320 2208 358 ἀποσταλέντα
2227 319 2360 370 ἰι-,σοφὴ

1347 395 1431 426 την,
1451 378 1527 416 οὐδὲ
1544 378 1611 429 γὰρ
1630 380 1647 415 ὃ
1668 378 1770 428 νόμος
1789 379 1917 430 ἑτέροις
1936 381 2033 427 ἐδόθη
2048 410 2058 428 ,
2081 380 2158 417 ἀλλ’
2179 383 2271 429 ὑμῖν.
2294 378 2363 416 Τί·-

1348 456 1402 483 νος
1424 440 1459 478 δὲ
1478 440 1590 477 ἕνεκεν
1613 442 1674 476 οὐκ
1694 434 1802 486 εἶπεν,
1821 441 1974 490 οἴδαμεν,
1992 441 2046 479 ὅτι
2064 441 2128 478 ὅσα
2147 443 2164 477 ὃ
2184 439 2362 491 προφήτης

1347 501 1460 553 λέγει,
1479 503 1571 549 ἀλλ’,
1598 501 1694 538 “Ocm
1714 504 1731 538 ὃ
1757 499 1860 551 νόμος
1876 503 1994 549 λαλεῖ,
2011 501 2027 516 ‘²
2063 518 2096 539 τι
2116 501 2178 548 τὴν
2199 499 2360 538 Παλαιὰν

1346 568 1461 600 πᾶσαν
1481 562 1584 612 νόμον
1603 563 1720 599 καλεῖν
1741 560 1856 598 εἴωθεν
1874 564 1891 598 ὃ
1910 562 2058 604 Παῦλος.
2079 562 2147 600 Καὶ
2163 561 2231 612 γὰρ
2252 561 2364 598 ἀλλα-

1346 625 1409 673 χοῦ
1430 638 1537 673 φησι·
1557 622 1627 660 Τὸν
1648 622 1752 673 νόμον
1783 623 1845 658 οὐκ
1869 620 2026 666 ἀκούετε,
2045 622 2097 659 ὅτι
2121 620 2281 671 Ἀὅραὰμ
2305 618 2364 656 δύο

1346 682 1438 725 υἱοὺς
1457 683 1555 734 ἔσχε,
1575 683 1634 720 καὶ
1659 684 1807 720 ἐνταῦθα
1834 679 1913 724 τοὺς
1939 680 2097 732 ψαλμοὺς
2123 681 2226 730 νόμον
2247 679 2365 718 ἐκάλε-

1347 759 1417 790 σεν,
1437 742 1542 781 εἰπών
1555 759 1562 766 ·
1584 743 1740 792 Οἴδαμεν
1754 772 1763 790 ,
1791 742 1843 780 ὅτι
1861 743 1925 780 ὅσα
1944 745 1961 779 ὃ
1980 741 2081 792 νόμος
2107 741 2219 792 λέγει,
2238 747 2308 783 τοῖς
2329 741 2364 776 ἓν

1346 807 1395 856 τῷ
1411 804 1507 856 νόμῳ
1526 805 1636 842 λαλεῖ.
1660 797 1749 842 Εἶτα
1770 803 1937 841 δείκνυσιν
1957 802 2033 841 οὐδὲ
2048 803 2166 845 ἁπλῶς
2180 805 2291 838 ταῦτα
2308 802 2366 837 λε-

1347 865 1478 916 γόμενα
1497 864 1708 916 κατηγορίας
1727 863 1840 902 ἕνεκεν
1852 894 1862 911 ,
1883 864 1961 902 ἀλλ’
1979 863 2035 901 ῗνα
2054 867 2096 914 effi
2117 863 2232 901 πίστει
2255 878 2366 915 προο-

1348 987 1410 1032 τὴν
1432 986 1562 1032 Καινὴν
1582 989 1625 1031 3η
1648 985 1850 1038 συμφωνία,
1866 984 1918 1023 ὅτι
1938 985 1997 1023 καὶ
2013 987 2048 1021 αἱ
2072 984 2278 1036 κατηγορίαι
2307 983 2368 1021 καὶ

1348 1051 1378 1086 οἱ
1400 1047 1536 1099 ἔλεγχοι
1565 1046 1620 1084 διὰ
1645 1052 1744 1085 τοῦτο
1770 1047 1908 1090 πάντως
1936 1046 2108 1095 ἐγένοντο,
2133 1045 2190 1083 ἵνα
2220 1044 2367 1096 λαμπρὰ

1348 1108 1444 1161 παρὰ
1476 1114 1545 1151 τοῖς
1573 1106 1753 1146 ἀκούουσιν
1785 1111 1904 1159 ἀνοιγῇ
1933 1111 1996 1153 effic
2032 1107 2183 1150 πίστεως
2212 1111 2233 1153 ἡ
2269 1105 2366 1157 θύρα.

1348 1168 1495 1215 Ἐπειδὴ
1523 1168 1591 1222 γὰρ
1618 1174 1716 1206 τοῦτο
1745 1168 1897 1218 μάλιστα
1925 1167 2113 1210 Ἰουδαίους
2142 1167 2302 1205 ἀπώλεσε
2329 1166 2369 1204 τὸ

1349 1230 1440 1282 μέγα
1459 1236 1592 1281 φρονεῖν
1614 1229 1666 1281 ἐφ’
1688 1232 1821 1272 ἑαυτοῖς
1836 1245 1843 1252 ·
1866 1229 1950 1281 ὅπερ
1969 1223 2026 1266 οῦν
2054 1228 2113 1265 καὶ
2143 1228 2272 1279 προϊὼν
2297 1227 2368 1266 ἕλε-

1348 1306 1425 1341 γεν,
1443 1290 1496 1328 ὅτι
1527 1290 1739 1341 ’Δγ-νοοῦντες
1758 1295 1817 1328 τοῦ
1836 1292 1927 1327 Θεοῦ
1948 1288 2010 1334 τὴν
2041 1288 2279 1335 δικαιοσύνην,
2310 1289 2370 1326 καὶ

1349 1351 1412 1397 τὴν
1433 1352 1520 1388 ἰδίαν
1547 1350 1764 1396 δικαιοσύνην
1786 1352 1964 1396 ζητοῦντες
1989 1351 2138 1395 στῆσαι,
2169 1351 2212 1399 effi
2239 1350 2369 1387 δικαιο-

1350 1412 1434 1463 σύνῃ
1455 1415 1513 1449 τοῦ
1531 1414 1622 1450 Θεοῦ
1639 1414 1703 1461 οὐχ
1724 1410 1946 1460 ὑπετάγησαν
1963 1424 1970 1431 ·
1988 1408 2174 1462 προλαὸὼν
2195 1409 2253 1447 καὶ
2275 1413 2292 1447 ὁ
2316 1409 2370 1447 νό-

1352 1486 1413 1521 μος
1432 1471 1489 1508 καὶ
1508 1475 1526 1508 ὁ
1544 1470 1723 1522 προφήτης
1739 1469 1755 1489 ¹³
1768 1469 2029 1521 προκατέὸαλον
2046 1473 2157 1507 αὐτῶν
2180 1469 2224 1508 τὰ
2246 1470 2370 1522 φρονή-

1353 1547 1465 1580 ματα,
1492 1530 1551 1568 καὶ
1577 1530 1801 1568 κατέστειλαν
1829 1532 1941 1567 αὐτῶν
1969 1529 2008 1566 τὸ
2039 1529 2204 1581 φύσημα,
2238 1530 2294 1568 ἵνα
2324 1533 2370 1574 εἷς

1353 1593 1482 1629 ἔννοιαν
1505 1594 1572 1628 τῶν
1593 1591 1725 1628 οἰκείων
1748 1590 1901 1633 ἐλθόντες
1920 1591 2204 1642 ἁμαρτημάτων,
2229 1591 2288 1629 καὶ
2306 1591 2369 1637 τὴν

1355 1652 1517 1690 ἀπόνοιαν
1543 1658 1659 1689 πᾶσαν
1679 1650 1995 1698 κατακενώσαντες,
2011 1651 2070 1689 καὶ
2088 1651 2214 1694 ἰδόντες
2233 1652 2372 1696 ἑαυτοὺς

1353 1713 1433 1765 περὶ
1456 1716 1522 1750 τῶν
1546 1713 1703 1764 ἐσχάτων
1730 1711 2005 1757 κινδυνεύοντας,
2038 1711 2124 1761 μετὰ
2153 1713 2285 1758 πολλῆς
2310 1716 2372 1759 τῆς

1353 1774 1546 1826 προθυμίας
1576 1772 1828 1825 προσδράμωσι
1855 1774 1904 1824 τῷ
1922 1770 1984 1817 τὴν
2014 1772 2135 1823 ἄφεσιν
2168 1774 2281 1815 αὐτοῖς
2303 1774 2372 1810 τῶν

1354 1834 1618 1888 ἁμαρτημάτων]
1640 1833 1850 1884 παρέχοντι,
1869 1832 1929 1870 καὶ
1944 1831 2007 1878 τὴν
2026 1832 2127 1884 χάριν
2149 1832 2204 1870 διὰ
2227 1835 2288 1878 τῆς
2313 1833 2373 1870 πί-

1353 1911 1461 1938 στεως
1477 1893 1745 1938 καταδέξωνται.
1760 1895 1874 1931 Τοῦτο
1892 1897 1971 1943 γοῦν
1987 1894 2046 1931 καὶ
2065 1895 2209 1931 ἐνταῦθα
2227 1893 2374 1931 αἰνιττό-

1355 1972 1455 2007 μενος
1481 1959 1498 1993 ὁ
1526 1957 1666 1998 Παῦλος
1695 1954 1808 2005 ἔλεγεν
1827 1970 1834 1977 ·
1861 1954 2038 2004 Οἴδαμεν,
2062 1955 2115 1992 ὅτι
2134 1953 2198 1992 ὅσα
2228 1956 2245 1991 ὁ
2272 1954 2374 2004 νόμος

1353 2018 1467 2069 λέγει,
1487 2022 1557 2059 τοῖς
1574 2018 1608 2053 ἐν
1622 2019 1671 2068 τῷ
1690 2016 1786 2067 νόμῳ
1801 2017 1899 2054 λαλεῖ
1915 2032 1922 2039 ·
1942 2015 1998 2053 ἵνα
2020 2023 2087 2053 πᾶν
2108 2014 2220 2065 στόμα
2240 2018 2374 2067 φραγῇ,

1309 2095 1333 2125 C
1354 2079 1413 2117 καὶ
1435 2079 1596 2121 ὑπόδικος
1609 2077 1752 2127 γένηται
1767 2084 1836 2120 πᾶς
1851 2080 1867 2114 ὁ
1885 2078 2014 2127 κόσμος
2027 2079 2076 2128 τῷ
2091 2078 2184 2127 Θεῷ.
2201 2076 2374 2114 Ἐνταῦθα

1354 2139 1421 2191 γὰρ
1448 2138 1616 2176 δείκνυσιν
1637 2136 1757 2179 αὐτοὺς
1774 2141 1836 2183 τῆς
1857 2137 1918 2187 μὲν
1936 2137 2004 2175 ἀπὸ
2021 2139 2088 2174 τῶν
2109 2137 2218 2188 ἔργων
2237 2138 2375 2189 παῤῥη-

1355 2200 1431 2242 σίας
1447 2199 1596 2250 ἐρήμους
1618 2198 1735 2243 ὄντας,
1757 2199 1791 2235 ἐν
1808 2197 1843 2234 δὲ
1858 2203 1928 2240 τοῖς
1955 2198 2105 2249 ῥήμασιν
2126 2196 2375 2247 ἀλαζονευομέ-

1354 2276 1429 2302 νους
1466 2258 1568 2309 μόνον
1602 2259 1661 2295 καὶ
1691 2260 2012 2308 ἀναισχυντοῦντας.
2045 2257 2108 2295 Διὸ
2147 2258 2208 2295 καὶ
2249 2258 2377 2309 κυρίως

1357 2319 1531 2370 ἐχρήσατο
1550 2321 1593 2367 effi
1613 2319 1722 2364 λέξει,
1749 2317 1878 2364 εἰπὼν,
1898 2317 1976 2355 Ἵνα
2006 2324 2075 2355 πᾶν
2106 2318 2219 2368 στόμα
2248 2321 2378 2370 φραγῇ,

1359 2379 1421 2424 τὴν
1448 2377 1672 2428 ἀναίσχυντον
1700 2378 1812 2414 αὐτῶν
1838 2377 1898 2414 καὶ
1925 2377 2153 2414 δυσκάθεκτον
2183 2381 2378 2429 μεγαληγο-

1364 2437 1438 2490 ρίαν
1455 2440 1566 2484 δηλῶν
1580 2466 1589 2483 ,
1607 2437 1665 2474 καὶ
1681 2436 1743 2483 τὴν
1764 2473 1770 2486 γ

1765 2437 1852 2474 μετὰ
1873 2437 2049 2487 ἀκριὸείας
2068 2438 2378 2488 ἐπιστομιζομένην

1363 2501 1474 2536 αὐτῶν
1490 2500 1645 2549 γλῶτταν
1662 2513 1669 2520 ·
1690 2498 1848 2548 καθάπερ
1861 2497 1928 2549 γὰρ
1946 2501 2054 2549 ῥεῦμα
2074 2498 2257 2550 ἀφόρητον,
2273 2498 2380 2541 οὕτως

1364 2560 1451 2605 αὕτη
1484 2559 1623 2610 ἐφέρετο
1639 2574 1646 2582 ·
1682 2561 1757 2596 ἀλλ’
1792 2558 1972 2610 ἓνέφραξεν
2005 2557 2110 2604 αὐτὴν
2140 2562 2157 2595 ὁ
2187 2558 2379 2611 προφήτης.

1363 2620 1473 2658 ζΌταν
1506 2621 1540 2657 δὲ
1570 2620 1654 2670 λε’γῃ
1679 2621 1836 2665 Παῦλος,
1856 2618 1934 2657 Ἵνα
1958 2626 2025 2657 πᾶν
2053 2619 2165 2669 στόμα
2191 2623 2321 2671 φραγῇ,
2344 2622 2381 2656 οὐ

1362 2681 1462 2719 τοῦτο’
1478 2698 1592 2733 φησιν,
1612 2681 1664 2719 ὅτι
1685 2682 1740 2718 διὰ
1756 2686 1854 2718 τοῦτο
1869 2680 2038 2732 ἥμαρτον,
2057 2680 2113 2718 ἵνα
2133 2683 2248 2732 φραγῇ
2269 2682 2381 2718 αὐτῶν

1363 2741 1400 2779 τὸ
1419 2741 1549 2791 στόμα,
1571 2741 1658 2779 ἀλλὰ
1679 2741 1855 2779 διὰλτοῦτο
1873 2741 2082 2792 ·ἦ)ιέ·[[ο“ντο,
2101 2740 2157 2777 ἵνα
2181 2740 2228 2790 μὴ
2251 2743 2380 2791 ἀγνοῶ-

1363 2818 1416 2840 σιν
1444 2802 1696 2853 ἁμαρτάνοντες
1716 2805 1818 2839 τοῦτο
1846 2801 1939 2839 αὐτό.
1966 2801 2036 2838 Καὶ
2055 2801 2216 2842 ὑπόδικος
2239 2800 2381 2851 γένηται

1362 2869 1429 2904 πᾶς
1444 2866 1461 2899 ὃ
1476 2862 1604 2912 κόσμος
1619 2865 1668 2913 τῷ
1688 2864 1784 2913 Θεῷ.
1806 2864 1882 2899 Οὐκ
1901 2855 2009 2908 εἶπεν,
2031 2864 2048 2898 ὁ
2067 2860 2249 2907 Ἰουδαῖος,
2271 2860 2360 2899 ἀλλὰ
2372 2891 2382 2907 ,

1361 2930 1457 2961 πᾶσα
1474 2926 1494 2967 ἦ
1512 2922 1622 2974 φύσις.
1650 2923 1702 2960 Τὸ
1719 2921 1781 2971 μὲν
1800 2922 1887 2973 γὰρ,
1915 2920 1992 2959 Ἵνα
2019 2928 2088 2959 πᾶν
2111 2922 2224 2971 στόμα
2253 2925 2382 2973 φραγῇ,

1362 2983 1510 3025 ἐκείνους
1527 2983 1619 3020 ἐστὶν
1638 2988 1651 3003 ⁰
1663 2982 1909 3032 αἰνιττόμενον,
1925 2985 1955 3020 εἰ
1971 2982 2030 3020 καὶ
2050 2983 2098 3032 μὴ
2119 2986 2272 3035 φανερῶς
2300 2983 2383 3020 αὐτὸ

1361 3051 1522 3097 τέθειται,
1542 3049 1631 3087 ὥστε
1653 3048 1700 3099 μὴ
1719 3048 1929 3100 τραχύτερον
1949 3049 2107 3099 γενέσθαι
2125 3049 2181 3086 τὸν
2200 3048 2302 3098 λόγον
2318 3063 2325 3071 ·
2344 3049 2383 3086 τὸ

1364 3117 1420 3164 δὲ,
1451 3116 1528 3154 Ἵνα
1557 3115 1717 3158 ὑπόδικος
1745 3115 1889 3164 γένηται
1912 3122 1979 3157 πᾶς
2005 3117 2022 3152 ὃ
2051 3115 2179 3165 κόσμος
2201 3117 2249 3166 τῷ
2281 3116 2381 3166 Θεῷ,

1363 3186 1447 3234 ὁμοῦ
1476 3183 1535 3221 καὶ
1565 3182 1644 3234 περὶ
1663 3181 1838 3220 Ἰουδαίων
1859 3181 1917 3219 καὶ
1938 3181 2117 3227 Ἑλλήνων
2151 3181 2295 3234 εἴρηται.
2328 3180 2380 3220 Οὖ

1379 3302 1451 3333 Mox
1472 3302 1507 3332 A.
1526 3308 1699 3337 κενώσαντες
1711 3310 1772 3341 pro
1786 3307 2041 3337 κατακενοὲσαντες
2067 3300 2078 3340 ]

1420 3363 1432 3376 0
1455 3353 1519 3393 [A.
1551 3358 1769 3391 αἰνιττόμενος,
1794 3349 1883 3393 quod
1911 3359 1945 3382 ut
1964 3350 2039 3383 ferri
2069 3351 2170 3393 sessu
2203 3355 2236 3383 τὲ
2252 3353 2306 3391 μὲν
2325 3354 2379 3392 γὰρ

1379 3403 1574 3435 mutandum
1590 3404 1621 3434 in
1642 3413 1681 3445 τῷ
1696 3418 1731 3445 μ..
1751 3418 1768 3444 γ
1786 3404 1796 3443 ]
