2502 3810
351 234 445 294 450
803 250 839 273 ε.

349 341 458 384 colo,
481 338 544 375 224.
565 336 697 371 dicens
716 348 726 368 .·
750 333 809 368 Ne
829 334 979 375 timeas,
1002 328 1129 365 Paule
1148 343 1161 370 ;
1187 324 1333 363 Caesari

350 410 385 437 te
422 404 566 448 oportet
594 396 678 431 sisti
699 408 709 428 .·
739 400 777 429 et
806 405 891 428 ecee
924 391 1085 427 donavit
1122 389 1191 424 tibi
1227 386 1333 422 Deus

350 457 568 506 omnes,qui
587 455 775 504 navigant
795 460 928 488 tecum.
946 451 1008 486 25.
1028 450 1120 486 Ideo
1141 451 1240 485 bono
1255 448 1336 483 ani-

349 532 409 555 mo
430 524 561 560 estote,
578 516 656 550 viri
671 529 680 548 .·
698 513 810 550 credo
831 514 928 548 enim
952 512 1049 556 Deo,
1067 510 1171 561 quod
1194 511 1249 545 sic
1265 509 1334 544 erit

349 575 673 629 quemadmodum
687 574 831 610 dictum
847 581 901 609 est
913 573 1020 608 milii.
1032 570 1093 608 ²26.
1106 572 1155 606 In
1165 569 1336 606 insulam

348 645 477 674 autem
500 634 709 686 quamdam
733 640 879 684 oportet
905 645 972 668 nos
992 630 1171 667 incidere.
1198 629 1260 665 2⁷.
1287 629 1337 665 L't

349 705 480 734 autem
512 694 806 746 quartadecima
836 705 912 728 noa:
947 692 1196 741 supervenit,
1227 689 1336 724 navi-

347 759 527 809 gantibus
548 757 655 792 nobis
672 757 714 790 in
733 754 865 790 Adria
884 755 989 790 circa
1011 752 1180 788 medium
1198 752 1333 795 noctis,

350 818 646 869 suspicabantur
668 822 796 851 nauta?
815 826 1001 864 apparere
1020 812 1197 863 aliquam
1216 812 1337 860 regio-

352 893 437 916 nem
454 894 467 921 ‚·
496 876 560 914 28.
597 878 664 928 qui
687 876 853 912 demissa
883 875 1010 911 bolide
1033 880 1255 923 repererunt
1279 884 1338 907 or-

350 943 466 993 gyias
486 940 629 990 viginti
646 953 656 972 .·
672 951 717 974 ac
739 936 926 987 pusillum
947 935 1037 972 inde
1061 935 1236 985 digressi,
1253 946 1339 969 rur-

352 1016 438 1039 sum
452 1003 564 1052 jacta
585 999 735 1046 bolide,
756 1005 977 1048 repererunt
996 998 1154 1046 orgyias
1178 994 1337 1045 quinde-

352 1065 427 1099 cim
436 1077 449 1105 ;
466 1061 526 1098 29.
546 1062 795 1108 timentesque
807 1072 853 1094 ne
872 1060 914 1093 in
933 1070 1071 1108 aspera
1092 1056 1178 1092 loca
1195 1055 1338 1091 incide-

352 1135 490 1166 remus,
524 1121 571 1157 de
615 1121 731 1170 puppi
766 1121 886 1170 jactis
930 1118 1112 1154 anchoris
1154 1124 1334 1165 quatuor,

354 1184 541 1234 optabant
557 1182 659 1218 diem
679 1182 784 1216 oriri.
808 1180 873 1216 50.
892 1180 1034 1216 Nautis
1050 1190 1143 1214 vero
1161 1189 1339 1228 quoeren-

355 1243 603 1294 tibussugere
617 1255 663 1278 ex
676 1242 782 1286 navi,
798 1254 884 1276 cum
896 1240 1137 1276 demisissent
1152 1238 1340 1287 scapham

354 1307 396 1341 in
415 1317 542 1348 mare,
563 1304 631 1340 sub
639 1309 828 1352 praetextu
844 1314 890 1336 ae
906 1302 938 1336 si
954 1314 1000 1336 ex
1013 1312 1131 1350 prora
1147 1299 1341 1335 anchoras

354 1366 551 1402 extensuri
570 1372 693 1401 essent
712 1393 724 1408 ‚
746 1364 810 1400 51.
830 1363 932 1398 dixit
954 1361 1105 1398 Paulus
1127 1361 1343 1397 centurioni

354 1434 391 1463 et
411 1426 599 1461 militibus
621 1439 628 1459 :
652 1425 740 1461 Nisi
760 1425 801 1459 1ιί
830 1425 871 1459 in
897 1424 988 1458 navi
1010 1423 1247 1467 manserint,
1270 1433 1341 1456 vos

354 1486 456 1523 salvi
471 1499 551 1522 esse
572 1498 648 1521 non
661 1486 834 1535 potestis.
853 1484 914 1520 52.
937 1483 1043 1519 Tunc
1062 1482 1202 1518 milites
1219 1482 1342 1517 absci-

356 1547 621 1598 deruntsunes
634 1546 787 1595 scaplzoe
802 1574 814 1590 ,
837 1552 873 1580 et
895 1545 1002 1593 passi
1020 1551 1110 1579 sunt
1129 1555 1214 1578 eam
1235 1542 1342 1576 deei—

357 1608 456 1644 dere.
473 1606 539 1643 Hic
554 1605 704 1643 ostendit
721 1606 842 1655 fugam
852 1604 1006 1640 facturos
1023 1616 1097 1639 esse
1113 1610 1237 1637 nautas
1247 1600 1343 1636 dicto

357 1681 426 1704 non
454 1667 633 1704 credentes
654 1681 664 1715 3
688 1665 847 1702 centurio
868 1673 985 1700 autem
1008 1662 1117 1699 credit
1141 1675 1223 1698 cum
1247 1660 1344 1697 mili-

358 1728 465 1765 tibus.
487 1726 570 1763 Ideo
592 1726 642 1762 ait
663 1741 670 1760 :
698 1726 738 1762 Si
761 1725 1015 1776 lzisugerint,
1036 1735 1107 1759 vos
1132 1722 1234 1759 salvi
1265 1735 1345 1758 esse

358 1801 435 1824 non
459 1788 629 1837 potestis.
651 1786 729 1822 Non
751 1798 790 1821 ea
809 1784 852 1821 de
876 1797 979 1820 causa
1000 1782 1095 1819 dixit
1112 1811 1123 1828 ,
1149 1781 1211 1819 sed
1232 1790 1269 1819 ut
1292 1796 1344 1819 re-

355 1847 482 1884 tineret
509 1860 566 1883 eos
589 1876 597 1893 ,
630 1860 673 1882 ne
702 1844 887 1897 prophetia
918 1843 1111 1880 excideret,
1140 1842 1236 1882 Vide
1264 1843 1344 1879 illos

356 1907 459 1958 quasi
485 1907 521 1944 in
556 1906 701 1944 ecclesia
730 1905 849 1943 doceri
874 1904 1140 1956 philosophiam
1164 1918 1184 1940 a
1216 1904 1342 1949 Paulo,

356 1983 443 2019 quos
465 1983 510 2006 ex
528 1967 655 2005 mediis
677 1966 845 2019 periculis
866 1966 984 2017 eripit.
1007 1965 1055 2003 Et
1073 1979 1136 2017 per
1158 1964 1346 2016 providen-

357 2029 443 2065 tiam
462 2042 531 2066 non
552 2027 708 2065 creditur
725 2026 836 2064 Paulo
851 2056 860 2075 ,
878 2035 918 2063 ut
936 2035 1012 2077 post
1028 2039 1147 2062 rerum
1165 2025 1347 2076 experien-

358 2089 444 2126 tiam
463 2090 533 2141 ipsi
552 2088 733 2137 credatur,
749 2097 788 2125 ut
806 2088 940 2125 factum
955 2096 1017 2124 est.
1040 2090 1089 2124 Ac
1106 2101 1246 2124 rursum
1263 2087 1344 2123 hor-

359 2159 465 2196 tatur,
486 2159 524 2187 ut
542 2158 681 2187 sumant
702 2149 836 2197 cibum,
859 2157 891 2185 et
911 2149 1154 2199 obtemperant
1166 2163 1176 2196 3
1203 2147 1347 2198 ipseque

359 2208 496 2258 primus
519 2208 643 2256 sumit,
675 2221 745 2244 non
770 2207 891 2254 verbo,
920 2206 981 2243 sed
1009 2215 1042 2243 et
1066 2220 1169 2257 opere
1196 2205 1346 2243 suadens

362 2268 450 2304 nihil
478 2268 676 2304 nocituram
699 2281 771 2304 csse
796 2275 1039 2318 tempestatem
1062 2296 1071 2313 ‚
1101 2266 1172 2303 imo
1202 2267 1347 2303 illorum

361 2327 547 2364 animabus
561 2328 800 2378 profuturam.
819 2329 881 2363 55.
899 2329 952 2363 Et
969 2340 1055 2363 cum
1068 2328 1148 2363 dies
1167 2330 1349 2377 inciperet

363 2391 470 2434 oriri,
487 2390 719 2425 hortabatur
733 2388 882 2425 Paulus
899 2400 1028 2423 omnes
1041 2400 1189 2424 sumere
1204 2389 1344 2433 cibum,

362 2451 525 2487 dicens:
550 2451 644 2486 Dies
672 2450 841 2486 decimus
867 2456 1028 2499 quartus
1065 2456 1120 2484 est
1152 2448 1255 2499 quod
1284 2463 1349 2485 ex-

361 2519 578 2563 spectantes
602 2512 730 2562 jejuni
753 2512 999 2561 permanetis,
1023 2509 1124 2546 nihil
1156 2512 1350 2561 accipien-

363 2581 429 2609 tes.
454 2573 517 2608 54.
547 2573 712 2622 Propter
740 2571 844 2622 quod
863 2572 994 2607 hortor
1021 2583 1092 2607 vos
1121 2579 1162 2607 ut
1189 2574 1350 2608 sumatis

362 2634 490 2670 cibum
505 2648 516 2667 .·
529 2634 600 2669 lioe
611 2633 713 2668 enim
730 2632 782 2668 ad
797 2631 962 2668 salutem
978 2638 1150 2667 ‘vestram
1159 2634 1324 2681 pertinet
1336 2646 1346 2666 :
1362 2654 1408 2678 400

364 2693 509 2729 nullius
523 2694 624 2728 enim
642 2699 817 2728 vestrum
832 2690 997 2741 capillus
1015 2691 1062 2727 de
1077 2693 1202 2741 capite
1219 2692 1345 2727 cadet.
1371 2689 1397 2718 Α

362 2754 428 2790 55.
452 2754 505 2789 Et
519 2766 604 2789 cum
626 2754 707 2789 lzoeo
727 2752 887 2788 dixisset
909 2781 920 2800 ,
943 2759 1067 2788 sumto
1085 2765 1188 2802 pane
1200 2754 1349 2802 gratias

1065 2828 1073 2848 :
1101 2821 1136 2849 et
1163 2826 1250 2850 cum
1259 2814 1348 2864 sre-

359 2879 490 2926 gessen
515 2877 624 2926 clepit
642 2876 761 2911 edere.
783 2875 844 2912 56.
869 2875 963 2911 Cum
983 2887 1097 2924 porro
1111 2876 1199 2925 jam
1219 2888 1348 2911 omnes

364 2940 463 2973 bono
489 2940 620 2975 animo
645 2945 781 2983 essent,
807 2945 1025 2973 sumserunt
1057 2945 1094 2973 et
1117 2939 1189 2987 ipsi
1208 2938 1346 2973 cibum.

363 2999 428 3034 57.
443 2999 610 3034 Eramus
630 3010 716 3033 vero
728 2999 767 3032 in
781 2998 872 3033 navi
884 3010 1012 3033 omnes
1023 2999 1165 3034 animle
1177 2997 1350 3034 ducentoe

361 3061 608 3110 septuaginta
625 3071 704 3095 sex.
729 3057 790 3095 58.
811 3058 951 3095 Satiati
970 3066 1099 3094 autem
1121 3060 1205 3095 cibo
1221 3088 1232 3108 ,
1251 3060 1349 3096 alle-

366 3121 524 3155 viabant
551 3133 687 3155 navem
705 3147 714 3165 ‚
741 3120 935 3169 ejicientes
961 3121 1129 3156 triticum
1155 3122 1196 3156 in
1226 3134 1345 3156 mare.

364 3180 428 3216 59.
449 3181 544 3216 Cum
562 3188 692 3216 autem
712 3180 791 3216 dies
806 3180 900 3229 fuit⁷
920 3187 1062 3216 terram
1077 3193 1154 3216 non
1167 3194 1348 3232 agnosce-

366 3243 459 3277 bant
479 3256 488 3275 .-
509 3243 634 3277 sinum
650 3254 743 3277 vero
764 3240 968 3290 quemdam
993 3242 1349 3280 animadverterunt

361 2817 437 2865 egit
465 2815 548 2851 Deo
573 2817 614 2850 in
639 2821 842 2863 conspectu
865 2815 1036 2850 omnium

409 3388 423 3400 ³
442 3378 531 3408 [Jullss
548 3382 674 3413 πιστεύει
692 3382 739 3411 τὶν
756 3387 795 3421 τῷ
814 3382 921 3421 Παύλῳ

879 241 1062 272 JOANNIS
1098 236 1336 268 CHRYSOST.
1376 236 1581 266 ARCHIEP.
1621 236 1974 268 CONSTANTINOP-

1408 328 1480 361 σοῦ.
1499 324 1562 361 Διὸ
1575 325 1919 379 εὖθυμεῖτε,ἀ’νδρες·
1933 327 2084 365 πιστεύω
2108 326 2175 378 γὰρ
2198 328 2247 376 τῷ
2269 325 2429 378 Θεῷ,ὁ’τι

1409 383 1517 427 οὕτως
1538 384 1635 422 ἔσται
1652 388 1728 422 καθ’
1747 385 1782 423 ὃν
1798 387 1923 437 τρόπον
1946 386 2137 433 λελάληταί
2163 402 2233 436 μοι.
2249 388 2312 430 Εἷς
2326 390 2428 431 νῆσον

1409 443 1447 481 δέ
1463 460 1540 481 τινα
1563 446 1613 481 δεῖ
1640 448 1734 495 ἡμᾶς
1763 447 1933 484 ἐκπεσεῖν.
1957 446 2019 489 Ὡς
2042 448 2077 485 δὲ
2095 447 2431 498 τεσσαρεσκαιδεκά-

1409 521 1450 551 τη
1469 503 1526 548 νὺξ
1543 505 1694 555 ἐγένετο,
1710 506 1966 558 διαφερομένων
1977 510 2077 556 ἡμῶν
2095 510 2128 545 ἐν
2146 511 2194 559 τῷ
2210 507 2327 560 Ἁδρίᾳ
2340 506 2431 545 κατὰ

1412 565 1515 615 μέσον
1533 569 1594 611 τῆς
1613 568 1751 613 νυκτὸς,
1769 566 1932 605 ὑπενόουν
1952 570 1982 604 οἱ
1999 571 2122 605 ναῦται
2148 568 2337 620 προσάγειν
2353 567 2431 605 τινὰ

1412 629 1526 669 αὐτοῖς
1559 627 1699 680 χώραν·
1734 628 1792 665 καὶ
1842 627 2040 678 βολίσαντες
2082 623 2178 679 εἷρον
2213 628 2352 681 ὀργυιὰς
2373 627 2406 666 κ’
2423 644 2429 650 ·

1413 686 1526 738 βραχὺ
1545 687 1579 724 δὲ
1600 688 1847 734 διαστήσαντες
1875 688 1934 725 καὶ
1964 688 2069 725 πάλιν
2098 688 2313 738 βολίσαντες,
2336 683 2432 740 εῧρον

1412 748 1552 800 ὀργυιὰς
1573 748 1609 786 ιε’
1625 764 1632 771 ·
1655 749 1862 800 φοῗούμενοί
1879 765 1916 786 τε
1933 749 1980 799 μή
1997 764 2071 791 πως
2092 751 2137 792 εἷς
2156 756 2296 800 τραχεῖς
2310 749 2433 793 τόπους

1413 809 1628 859 ἐκπέσωμεν,
1652 811 1690 846 ἐκ
1716 810 1876 862 πρύμνης
1897 810 2056 861 ῥίψαντες
2076 808 2227 861 ἀγκύρας
2245 809 2433 862 τέσσαρας,

1413 869 1554 921 εὔχοντο
1582 870 1716 922 ’ἡμέραν
1736 870 1907 919 γενέσθαι.
1927 872 2010 907 Τῶν
2040 869 2075 906 δὲ
2091 873 2225 907 ναυτῶν
2242 870 2432 916 ζητούντων

1413 937 1528 982 φυγεῖν
1557 933 1596 968 Ξκ
1614 935 1674 968 τοῦ
1696 931 1838 978 πλοίου,
1858 930 1916 967 καὶ
1942 930 2172 981 χαλασάντων
2202 929 2265 976 τὴν
2299 929 2434 980 σκάφην

1413 993 1460 1033 εἷς
1472 990 1534 1036 τὴν
1553 991 1744 1037 θάλασσαν,
1765 991 1937 1042 προφάσει
1953 992 1998 1032 ὡς
2016 992 2054 1027 ἐκ
2073 988 2216 1042 πρῴρας
2238 989 2433 1040 μελλόντων

1415 1051 1565 1102 ἀγκύρας
1591 1051 1767 1097 ἐκτείνειν,
1797 1045 1889 1088 εἶπεν
1918 1054 1935 1088 ὃ
1962 1052 2099 1093 Παῦλος
2121 1054 2170 1103 τῷ
2195 1050 2433 1102 ἑκατοντάρχῃ

1415 1111 1475 1148 καὶ
1491 1117 1561 1154 τοῖς
1579 1111 1829 1164 στρατιώταις·
1860 1111 1919 1148 ἐὰν
1954 1111 2002 1161 μὴ
2028 1106 2121 1149 οὗτοι
2142 1111 2305 1161 μείνωσιν
2332 1113 2365 1148 ἓν
2385 1113 2435 1162 τῷ

1415 1172 1543 1224 πλοίῳ,
1564 1176 1660 1223 ὑμεῖς
1683 1176 1834 1219 σωθῆναι
1859 1174 1895 1210 οὐ
1925 1172 2081 1209 δύνασθε.
2101 1172 2190 1209 Τότε
2210 1174 2240 1208 οἱ
2262 1175 2436 1222 στρατιῶ-

1415 1250 1473 1271 ται
1494 1235 1672 1285 ἀπέκοψαν
1703 1233 1747 1271 τὰ
1778 1233 1915 1285 σχοινία
1946 1237 2006 1279 τῆς
2041 1233 2196 1284 σκάφης,
2227 1232 2286 1270 καὶ
2316 1231 2435 1269 εἴασαν

1418 1295 1524 1342 αὐτὴν
1558 1297 1728 1333 ἐκπεσεῖν.
1746 1295 1919 1332 Ἐνταῦθα
1953 1294 2133 1340 δείκνυσιν,
2165 1293 2217 1331 δ’τι
2244 1294 2387 1343 ἔμελλον
2406 1295 2436 1330 οἱ

1416 1360 1539 1395 ναῦται
1561 1356 1696 1408 φεύγειν
1724 1358 1947 1398 ἀπιστοῦντες
1967 1358 2015 1406 τῷ
2044 1354 2241 1406 λεγομένῳ“
2265 1357 2281 1390 ὃ
2303 1352 2337 1391 δὲ
2357 1357 2436 1391 ἑκα-

1416 1419 1603 1469 τόνταρχος
1624 1423 1637 1437 ⁰
1652 1417 1803 1455 πιστεύει
1834 1415 1893 1454 σὺν
1924 1422 1993 1459 τοῖς
2013 1414 2252 1466 στρατιώταις.
2282 1415 2345 1452 Διὸ
2377 1413 2438 1451 καί

1418 1495 1520 1530 φησιν
1538 1494 1544 1501 ·
1567 1478 1650 1516 Ἐὰν
1668 1472 1759 1515 οὗτοι
1782 1477 1950 1529 φύγωσιν,
1987 1479 2083 1526 ὓμε”ς
2109 1480 2260 1522 σωθῆναι
2278 1478 2315 1514 οὗ
2337 1475 2438 1513 δύνα-

1419 1543 1476 1578 σθε
1492 1555 1499 1561 ·
1520 1540 1556 1576 οὐ
1579 1539 1635 1576 διὰ
1663 1543 1762 1576 τοῦτο
1779 1539 1897 1585 εἰπὼν,
1928 1540 2002 1575 ἀλλ’
2021 1537 2078 1575 ἵνα
2101 1537 2264 1588 κατάσχῃ
2294 1536 2415 1579 αὐτοὺς
2429 1567 2438 1583 ,
2466 1553 2467 1557 ’

1418 1599 1477 1636 καὶ
1498 1601 1519 1643 ἦ
1543 1598 1738 1649 προφητεία
1770 1597 1818 1647 μὴ
1842 1597 2003 1647 διαπέσῃ.
2025 1597 2119 1647 ζΌρα
2139 1597 2297 1648 καθάπερ
2325 1600 2358 1634 ἐν
2385 1597 2440 1633 ἐκ·

1419 1659 1547 1709 κλησιά
1567 1657 1836 1708 παιδευομένους
1862 1656 1980 1699 αὐτοὺς
2000 1661 2058 1694 τοῦ
2085 1655 2229 1694 Παύλου
2248 1657 2311 1702 τὴν
2337 1658 2440 1708 φιλο-

1421 1719 1554 1770 σοφίαν,
1572 1717 1627 1761 οὒς
1648 1718 1708 1755 καὶ
1723 1719 1762 1755 ἐκ
1780 1717 1894 1767 μέσων
1918 1718 2030 1754 αὐτῶν
2051 1715 2152 1760 σώζει
2175 1720 2242 1754 τῶν
2259 1716 2438 1754 κινδύνων.

1420 1779 1489 1817 Καὶ
1516 1780 1744 1829 οἰκονομικῶς
1765 1780 1963 1816 ἀπιστεῖται
1981 1781 1997 1815 ὀ
2013 1778 2153 1820 Παῦλος
2165 1806 2173 1822 ,
2192 1776 2248 1814 ἵνα
2268 1776 2357 1826 μετὰ
2376 1776 2439 1822 τὴν

1420 1846 1541 1890 πεῖραν
1562 1841 1630 1876 τῶν
1651 1839 1868 1890 πραγμάτων
1901 1841 2068 1888 πιστευθῇ
2088 1853 2095 1859 ·
2116 1837 2201 1888 ὅπερ
2231 1830 2288 1874 οἶν
2308 1837 2367 1874 καὶ
2385 1837 2442 1887 γέ-

1420 1916 1512 1952 γονε.
1545 1900 1614 1938 Καὶ
1644 1904 1807 1950 παραινεῖ
1827 1899 1932 1937 πάλιν
1962 1897 2171 1948 μεταλαῧεῖν
2201 1900 2349 1948 τροφῆς,
2380 1897 2439 1934 καὶ

1420 1961 1615 1999 πείθονται·
1630 1961 1689 1997 καὶ
1709 1961 1810 2002 αὐτὸς
1825 1962 1961 2011 πρῶτος
1979 1958 2239 2008 μεταλαμὸάνει
2254 1985 2263 2002 ,
2283 1959 2320 1994 οὐ
2334 1957 2440 2009 λόγῳ,

1420 2021 1510 2059 ἀλλὰ
1529 2021 1588 2059 καὶ
1622 2020 1711 2072 ἔργῳ
1745 2043 1750 2057 ι
1769 2020 1867 2058 είθων
1888 2022 1933 2062 ὡς
1964 2019 2059 2056 οὐδὲν
2089 2018 2238 2070 ἔὲῗλαψεν
2258 2021 2275 2055 ὁ
2293 2017 2440 2069 χειμὼν,

1422 2083 1511 2120 ἀλλὰ
1543 2083 1673 2133 μᾶλλον
1698 2083 1808 2119 αὐτῶν
1835 2081 1896 2124 τὰς
1915 2080 2028 2132 ψυχὰς
2051 2079 2110 2117 καὶ
2129 2078 2320 2130 ὠφέλησεν.
2340 2078 2442 2129 Ἄχρι

1422 2144 1457 2181 δὲ
1475 2138 1512 2181 οἷ
1532 2143 1673 2193 ἔμελλεν
1698 2142 1832 2194 ἡμέραν
1858 2141 2035 2192 γίνεσθαι,
2062 2140 2252 2191 παρεκάλει
2266 2143 2283 2177 ὃ
2302 2140 2442 2181 Παῦλος

1422 2205 1576 2246 ἅπαντας
1607 2203 1817 2254 μεταλαὸεῖν
1836 2206 1982 2254 τροφῆς,
1999 2201 2125 2252 λέγων,
2154 2201 2443 2253 τεσσαρεσκαιδε-

1424 2266 1532 2310 κάτην
1554 2265 1702 2315 σήμερον
1733 2263 1867 2314 ἡμέραν
1890 2264 2169 2313 προσδοκῶντες,
2194 2262 2306 2299 ἄσιτοι
2329 2262 2445 2299 διατε-

1421 2328 1512 2364 λεῖτε
1548 2324 1655 2374 μηδὲν
1700 2323 1991 2375 προσλαὸόμενοι.
2027 2323 2090 2359 Διὸ
2122 2325 2318 2372 παρακαλῶ
2355 2325 2445 2371 ὑμᾶς

1425 2384 1633 2435 μεταλαὸεῖν
1660 2387 1787 2435 τροφῆς
1800 2398 1807 2404 ·
1837 2387 1936 2420 τοῦτο
1966 2382 2032 2432 γὰρ
2066 2382 2150 2432 πρὸς
2184 2384 2246 2426 τῆς
2274 2382 2443 2432 ὑμετέρας

1424 2443 1598 2497 σωτηρίας
1614 2443 1781 2494 ὑπάρχει·
1805 2442 1938 2484 οὐδενὸς
1959 2442 2025 2493 γὰρ
2046 2444 2142 2491 ὑμῶν
2165 2441 2236 2492 θρὶξ
2256 2444 2318 2486 τῆς
2335 2457 2443 2492 κεφα-

1422 2508 1484 2552 λῆς
1500 2510 1670 2543 πεσεῖται.
1697 2502 1816 2541 Εἰπὼν
1836 2502 1870 2541 δὲ
1892 2508 2000 2540 ταῦτα
2012 2531 2021 2548 ,
2041 2502 2100 2540 καὶ
2117 2501 2235 2539 λαὸὼν
2256 2502 2372 2552 ἄρτον,
2392 2504 2444 2539 εὐ-

1424 2567 1616 2618 χαρίστησε
1636 2568 1684 2616 τῷ
1710 2567 1791 2616 Θεῷ
1812 2563 1957 2602 ἐνώπιον
1973 2564 2126 2609 πάντων,
2148 2562 2206 2600 καὶ
2226 2563 2360 2606 κλάσας
2379 2563 2444 2615 ἤρ-

1426 2631 1506 2674 ξατο
1522 2630 1656 2668 ἐσθίειν.
1680 2629 1834 2678 Εὕθυμοι
1857 2628 1890 2665 δὲ
1906 2628 2086 2679 γενόμενοι
2104 2627 2249 2674 πάντες,
2271 2626 2330 2665 καὶ
2349 2626 2444 2664 αὐτοὶ

1424 2691 1680 2743 προσελάὲοντο
1695 2692 1836 2742 τροφῆς.
1856 2683 1972 2739 *Htw
1991 2689 2026 2727 δὲ
2042 2691 2074 2726 ἐν
2092 2691 2141 2740 τῷ
2157 2687 2268 2738 πλοίῳ
2284 2690 2319 2724 αἱ
2331 2695 2443 2725 πᾶσαι

1422 2752 1534 2804 ψυχαὶ
1562 2751 1734 2788 διακόσιαι
1762 2749 2051 2800 ἑὲδομηκονταέξ.
2073 2748 2301 2799 Κορεσθέντες
2321 2747 2356 2785 δὲ
2382 2751 2444 2793 τ’ἧς

1421 2816 1549 2865 τροφῆς
1562 2842 1571 2859 ,
1599 2813 1773 2864 ἐκούφιζον
1790 2812 1829 2849 τὸ
1845 2813 1977 2856 πλοῖον,
2005 2809 2254 2859 ἐκὸαλλόμενοι
2273 2809 2331 2846 τὸν
2348 2815 2441 2846 σῖτον

1423 2877 1470 2918 εἷς
1484 2874 1545 2920 τὴν
1564 2874 1751 2911 θάλασσαν.
1764 2872 1853 2910 σΟτε
1870 2871 1905 2909 δὲ
1921 2870 2037 2923 ἡμέρα
2054 2870 2187 2920 ἐγένετο
2198 2900 2207 2916 ,
2222 2869 2284 2916 τὴν
2302 2873 2365 2921 γ’ἦν
2382 2871 2444 2907 οὐκ

1423 2935 1655 2986 ἐπεγίνωσκον
1667 2950 1674 2957 ·
1695 2933 1822 2971 κόλπον
1841 2933 1875 2970 δέ
1890 2948 1968 2969 τινα
1984 2931 2166 2969 κατενόουν
2185 2931 2310 2982 ἔχοντα
2326 2933 2445 2981 αἰγια-

1422 2997 1494 3043 λὸν,
1511 2999 1558 3038 εἷς
1573 2995 1609 3032 ὃν
1623 2994 1868 3032 ἐξουλεύσαντο
1880 3024 1888 3040 ,
1904 2995 1933 3029 εἷ
1950 2992 2103 3038 δυνατὸν,
2119 2991 2245 3035 ἐξῶσαι
2258 2992 2297 3029 τὸ
2313 2992 2445 3029 πλοῖον.

1424 3057 1494 3095 Καὶ
1519 3057 1581 3099 τὰς
1600 3055 1751 3107 ἀγκύρας
1770 3053 1985 3105 περιελόντες
2013 3052 2090 3089 εἴων
2111 3054 2157 3095 εἷς
2173 3052 2236 3098 τὴν
2257 3052 2447 3096 Θάλασσαν,

1425 3119 1498 3169 ἅμα
1514 3117 1648 3159 ἀνέντες
1666 3117 1728 3158 τὰς
1748 3114 1949 3166 ζευκτηρίας
1969 3117 2036 3150 τῶν
2065 3114 2245 3159 πηδαλίων
2258 3128 2265 3135 ·
2288 3112 2348 3149 καὶ
2365 3111 2448 3149 ε’πά-

1428 3195 1544 3232 ραντες
1560 3178 1616 3215 τὸν
1634 3175 1825 3227 ἀρτέμονα,
1844 3179 1885 3225 τῇ
1906 3174 2054 3226 πνεούσῃ
2075 3179 2236 3224 κατεῖχον
2253 3176 2300 3216 εἷς
2318 3172 2374 3210 τὸν
2397 3174 2448 3210 αἷ-

1855 3236 1883 3251 <xx

1425 3240 1556 3292 γιαλόν.
1583 3237 1836 3289 Περιπεσόντες
1852 3252 1886 3274 οε
1915 3238 1962 3279 εἷς
1990 3236 2095 3274 τᾷπον
2113 3235 2331 3281 διθάλασσον,
2351 3232 2448 3271 ἐπώ-
