2502 3810
325 302 346 315 .-

325 316 348 345 ί)

355 300 415 346 58

317 398 391 448 jam
411 397 495 433 olim
517 395 718 431 damnatam
737 391 939 443 oportebat3
957 389 986 426 si
1003 401 1084 427 vero
1105 386 1215 424 solida
1237 386 1301 435 sit,

322 471 388 495 non
409 466 480 493 tam
499 455 568 491 cito
587 453 664 490 tolli
678 461 803 503 potest.
824 453 916 488 oon
943 450 1056 486 modo
1077 457 1224 493 autem,
1248 447 1301 483 in-

322 516 416 566 quit
438 517 508 551 hoc
525 513 770 564 periclitatur
789 512 908 549 nolus
931 509 1042 556 Quasi
1072 508 1158 558 quid
1187 508 1300 558 majus

321 576 439 612 dicens
452 604 461 622 ,
482 574 549 610 hoe
564 571 736 610 subdidit.
753 574 826 609 His
843 572 985 608 auditis
1009 570 1144 621 repleti
1159 569 1302 620 furore

321 636 544 672 clamabant
572 649 582 668 :
614 634 763 684 fllagna
792 633 928 668 Diana
958 632 1224 681 Ephesiorum.
1259 629 1301 665 In

322 695 469 745 singulis
488 694 581 731 enim
601 693 805 732 civitatibus
824 691 877 729 dii
897 691 1033 743 proprii
1049 699 1159 728 erant.
1185 691 1233 726 Ae
1252 689 1303 726 sic

321 755 438 792 affecti
457 763 575 801 erant,
596 753 696 804 quasi
713 766 798 791 voce
817 766 879 789 sua
898 751 1033 788 cultum
1053 751 1127 802 ejus
1143 749 1303 787 restitue-

322 825 418 861 rent,
439 825 473 853 et
493 830 572 865 quie
592 816 681 852 sacta
705 823 801 851 erant
819 813 1063 850 dissolverent.

375 879 410 914 5.
439 876 533 915 Vide
557 875 774 913 inconditam
798 874 951 911 turbam.
984 873 1112 910 Paulo
1145 880 1270 910 aulem
1287 901 1299 917 ,

322 938 456 988 inquit,
478 938 632 974 volente
652 939 799 973 intrare
827 937 867 971 in
883 934 1065 985 populum
1081 963 1091 981 ,
1115 947 1194 970 non
1212 946 1302 983 per-

323 999 506 1033 miserunt
526 994 714 1045 discipuli.
736 993 867 1031 Paulus
886 992 996 1043 igitur
1013 991 1150 1042 ingredi
1164 990 1306 1028 volebat

784 312 820 341 S.

325 1055 556 1094 concionandi
579 1069 682 1093 causa
703 1071 709 1091 :
734 1053 1022 1106 persequutiones
1048 1051 1142 1088 enim
1171 1050 1216 1087 ad
1242 1049 1358 1104 do-32¹

323 1118 470 1155 etrinam
491 1116 652 1168 captabat
662 1131 672 1165 3
689 1115 749 1153 sed
767 1113 934 1166 discipuli
954 1127 1020 1150 non
1038 1111 1301 1164 permittebant.

325 1177 504 1230 Perpende
521 1186 650 1227 quanta
675 1190 755 1226 erga
785 1175 903 1227 ipsum
924 1188 1061 1225 semper
1084 1172 1305 1224 providenda

326 1248 481 1277 utantur.
499 1238 546 1275 Et
562 1238 606 1274 ab
621 1237 721 1275 initio
737 1237 856 1288 ipsum
872 1235 1089 1282 eduxerunt,
1109 1247 1152 1270 ne
1164 1233 1306 1270 letalem

324 1300 495 1351 acciperet
522 1299 665 1350 plagam
696 1313 702 1333 :
734 1310 950 1347 quamquam
978 1294 1179 1342 audierant,
1212 1292 1306 1343 quod

325 1369 497 1413 oporteret
520 1359 636 1411 ipsum
656 1360 806 1395 Romam
827 1357 970 1405 videre;
1002 1365 1153 1392 attamen
1181 1353 1305 1406 prohi-

324 1421 418 1458 bent.
444 1420 523 1457 Non
548 1419 621 1455 sine
640 1417 866 1469 providentia
891 1425 1006 1453 autem
1031 1413 1306 1467 prsenuntiavit,

326 1495 366 1518 ne
388 1480 433 1518 de
452 1494 488 1517 re
508 1488 602 1530 gesta
621 1478 858 1516 turbarentur.
879 1478 930 1513 Ita
947 1476 1111 1513 nolebant
1125 1476 1226 1512 illum
1242 1474 1307 1512 ali-

325 1539 410 1590 quid
433 1540 517 1592 pati.
538 1541 590 1577 Et
610 1539 769 1590 quidam
787 1539 1003 1587 principum
1019 1535 1151 1581 Λεία),
1170 1534 1304 1584 inquit,

324 1603 513 1653 rogabant
528 1600 653 1648 illum,
672 1613 717 1635 ne
730 1601 892 1634 intraret
908 1600 949 1633 in
963 1598 1166 1633 theatrum.
1182 1596 1306 1634 Prom-

324 1672 400 1699 tum
415 1662 490 1713 ejus
503 1661 663 1698 animum
677 1658 836 1696 videntes
845 1657 1076 1694 obsecrabant
1088 1672 1095 1692 z
1107 1655 1305 1693 adeoillum

326 1724 446 1762 fideles
467 1736 586 1760 omnes
603 1720 781 1758 amabant.
805 1719 851 1756 Et
872 1733 948 1768 eur,
971 1717 1128 1768 inquies,
1152 1716 1305 1753 Alexana

325 1783 387 1820 der
414 1783 529 1821 voluit
559 1781 730 1818 rationem
747 1778 917 1817 reddere?
941 1792 1027 1815 num
1052 1787 1085 1815 et
1105 1777 1179 1829 ipse
1202 1790 1306 1814 acena

325 1844 492 1883 sabatur?
511 1844 560 1881 Ut
579 1843 723 1881 inventa
743 1840 1005 1893 opportunitate
1023 1848 1138 1877 totum
1155 1838 1306 1876 subver-

324 1914 410 1943 teret
439 1913 473 1942 et
500 1903 623 1956 populi
653 1902 808 1939 furorem
843 1900 1096 1951 exstingueret,
1129 1897 1304 1938 Vidistin'

327 1968 480 2004 furorem
496 1963 782 2003 tumultuosum?
804 1962 898 2000 Bene
920 1971 953 2000 et
980 1959 1194 2013 increpantis
1210 1973 1308 1997 more

327 2030 468 2068 scriba:
494 2030 587 2079 Quis
608 2036 681 2073 est,
707 2025 841 2076 inquit,
865 2028 933 2078 qui
954 2027 1100 2063 nesciat
1121 2025 1309 2075 Ephesio-

328 2105 412 2128 rum
431 2092 653 2128 civitatem?
681 2087 743 2127 Sic
763 2086 852 2125 dicit
865 2115 876 2136 ,
897 2085 941 2123 de
960 2099 1029 2136 quo
1047 2084 1219 2122 timebant
1227 2099 1238 2133 5
1269 2097 1311 2121 ac

329 2151 358 2188 si
375 2150 526 2198 diceret,
544 2150 670 2187 Nonne
683 2147 798 2185 colitis
814 2146 941 2184 illam?
956 2147 1077 2195 Neque
1090 2144 1201 2193 dixit,
1218 2144 1311 2191 Quis

329 2220 380 2249 est
410 2209 473 2261 qui
502 2222 573 2246 non
604 2206 742 2245 noverit
775 2205 953 2243 Dianam?
984 2205 1046 2242 sed
1058 2235 1068 2254 ,
1106 2205 1311 2241 Civitatem

331 2279 507 2318 nostram,
529 2268 610 2305 illos
632 2279 866 2317 compescens.
899 2265 996 2302 Cum
1027 2279 1114 2315 ergo
1137 2266 1196 2301 his
1216 2277 1312 2301 con-

333 2332 472 2372 tradici
494 2343 570 2366 non
588 2329 731 2380 possit,
758 2333 903 2377 oportet
934 2338 1005 2361 vos
1036 2325 1187 2361 sedatos
1221 2337 1311 2361 esse.

335 2394 387 2430 De
400 2391 458 2429 his
476 2389 672 2441 redarguit,
691 2401 731 2425 ae
750 2387 779 2424 si
793 2386 925 2424 diceret
941 2401 949 2423 :
966 2385 1065 2431 Quid
1083 2399 1166 2436 ergo
1182 2384 1313 2435 quaeri-

335 2453 399 2501 tis,
425 2450 524 2502 quasi
543 2450 621 2487 haee
639 2448 770 2486 ineerta
790 2446 928 2484 essent?
955 2445 1075 2497 palam
1103 2454 1172 2493 est,
1192 2453 1315 2482 contu-

335 2512 477 2551 meliam
496 2511 531 2548 in
548 2509 650 2547 deam
665 2509 764 2546 illam
783 2507 945 2545 transire.
961 2505 1157 2556 Religionis
1171 2505 1314 2542 obtentu

336 2574 475 2610 lucrum
505 2584 609 2608 suum
643 2569 787 2606 firmare
817 2567 996 2605 volebant.
1031 2565 1168 2603 Deinde
1191 2565 1316 2602 leniter

336 2631 540 2685 perstringit
556 2644 614 2669 eos
621 2646 632 2680 3
651 2628 834 2668 ostendens
850 2628 929 2665 illos
946 2627 1076 2677 absque
1091 2626 1225 2663 ratione
1239 2639 1318 2663 con-

338 2694 485 2732 venisse.
506 2694 559 2731 Et
580 2692 702 2738 nihil,
724 2690 861 2740 inquit,
882 2698 1020 2726 temere
1040 2702 1162 2740 agere.
1186 2689 1314 2725 Osten-

337 2755 422 2792 dens
451 2768 509 2791 eos
540 2753 739 2805 petulanter
759 2751 892 2802 egisse,
920 2749 988 2787 hoe
1008 2748 1114 2786 dixit.
1151 2749 1261 2798 Quod
1286 2750 1319 2786 si

338 2817 556 2853 Demetrius
576 2822 612 2851 et
632 2815 698 2865 qui
716 2825 802 2850 cum
822 2825 866 2848 eo
885 2819 993 2855 sunt,
1018 2811 1161 2847 liabent
1183 2809 1318 2846 adver-

339 2890 402 2914 sus
425 2877 595 2928 aliquem
613 2887 788 2921 causam,
806 2871 1053 2922 proconsules
1071 2877 1173 2907 sunt.
1193 2869 1240 2906 Et
1252 2869 1320 2906 hoe

338 2936 444 2987 dicit,
466 2936 613 2987 culpans
631 2942 665 2971 et
683 2932 867 2971 ostendens
886 2944 955 2969 non
973 2939 1133 2982 oportere
1158 2930 1318 2981 privato-

338 3011 420 3035 rum
441 2996 632 3034 criminum
647 3007 750 3031 eausa
765 3005 985 3030 communem
1002 2991 1079 3028 fieri
1097 3000 1318 3029 conventum.

342 3060 444 3096 Nam
461 3056 674 3109 periculum
690 3062 759 3100 est,
781 3052 916 3102 inquit,
935 3065 981 3089 ne
997 3065 1230 3089 accusemur.
1247 3051 1321 3088 Hac

339 3134 376 3157 re
394 3118 473 3157 illos
491 3118 527 3155 in
546 3115 725 3167 angustias
744 3113 899 3165 conjicit.
921 3113 1018 3150 Cum
1035 3113 1146 3149 nulla
1165 3115 1215 3149 sit
1230 3127 1321 3150 cau-

339 3193 397 3226 sa,
415 3178 549 3229 inquit,
566 3179 613 3215 de
631 3189 709 3228 qua
722 3177 910 3226 possimus
927 3174 1040 3225 hujus
1061 3174 1245 3210 tumultus
1261 3188 1321 3210 ra-

341 3242 480 3277 tionem
499 3238 667 3275 reddere.
693 3234 788 3275 Vide
817 3247 924 3284 quam
942 3231 1133 3285 prudenter
1152 3233 1209 3271 vel
1231 3233 1318 3270 infi-

381 3372 393 3386 ³
421 3360 513 3393 Idem
532 3365 741 3407 θορυὲηθῶσιν·
763 3364 828 3393 0222?
854 3362 942 3398 οἴτως
964 3364 1085 3402 πάσχειν
1101 3368 1127 3394 τί
1145 3363 1231 3394 αὑτὸν
1254 3364 1337 3394 ἐξον-

341 3428 417 3449 ΓΞΤΟ.

859 312 905 342 JO
912 310 1041 339 -tNNIS
1077 307 1316 337 CHRYsOS'r.

1358 306 1546 336 ARCHIEP
1557 325 1564 335 .
1607 305 1947 336 CONSTANTINOP
1956 326 1965 335 .

1374 386 1414 432 δή
1434 386 1468 423 τί
1487 401 1570 424 ποτε
1590 387 1705 436 μεῖζον
1729 385 1857 436 λέγων,
1875 402 1975 424 τουτο
2002 387 2187 438 ἐπήγαγεν.
2204 385 2388 424 Ἀκούσαν-

1371 462 1427 489 τες
1444 445 1478 484 δὲ
1499 446 1558 483 καὶ
1582 445 1761 496 γενόμενοι
1779 445 1923 497 πληρεις
1941 449 2047 496 Θυμου
2066 446 2231 523 ἔκραζον·
2254 445 2389 497 μεγάλη

1371 509 1392 552 ἦ
1410 505 1571 558 Αρτεμις
1599 504 1787 557 Ἐφεσίων.
1820 505 1920 543 Κατὰ
1950 506 2048 544 πόλιν
2081 506 2148 558 γαρ
2169 508 2282 549 αὐτοῖς
2300 509 2389 551 ἦσαν

1373 566 1453 604 θεοί.
1471 566 1540 605 Και
1558 565 1648 604 ούτω
1665 564 1851 611 διεκειντο,
1869 568 1915 608 ὡς
1943 565 1998 602 διὰ
2014 569 2075 611 τῆς
2093 582 2205 618 φωνης
2226 564 2389 604 ἀνακτώ-

1373 642 1469 677 μενοι
1490 626 1528 664 τὸ
1543 625 1647 668 σε’ὅας
1665 626 1790 673 αὐτῆς,
1806 625 1864 663 καὶ
1881 624 1924 663 τὰ
1941 626 2155 675 γεγενημένα
2171 625 2386 668 ἀναλύοντες.

1927 865 1999 881 mxx

1425 868 1521 919 “opu
1542 868 1690 906 ἄτακτον
1711 869 1759 906 πλ
1761 870 1855 914 ἦθος.
1877 868 1949 904 Του
1968 877 2004 904 οε
2018 865 2182 912 Παύλου,
2199 865 2296 916 φησὶ,
2316 868 2392 915 βου-

1372 928 1518 979 λομένου
1547 930 1706 966 εἰσελθεῖν
1742 930 1789 971 εἷς
1813 927 1870 965 τὸν
1891 928 2019 976 δῆμον,
2045 928 2106 964 οὐκ
2132 926 2209 963 εἴων
2235 926 2336 963 αὐτὸν
2362 928 2393 963 οἳ

1376 966 1546 1039 μαθηταί.
1572 988 1616 1025 ‘O
1642 987 1703 1038 μὲν
1720 982 1778 1026 οὖν
1801 989 1938 1029 Παῦλος
1963 986 2124 1024 ε’ἒούλετο
2150 987 2311 1023 εἰσελθεῖν
2334 986 2394 1032 δη·

1378 1052 1576 1102 μηγορῆσαι
1591 1064 1598 1072 ·
1623 1048 1701 1092 τοὺς
1721 1048 1788 1100 γὰρ
1811 1047 1982 1098 διωγμοὺς
2000 1046 2195 1096 ἐλάμὸανεν
2226 1047 2272 1088 εἷς
2299 1047 2396 1083 διδα-

1324 1117 1350 1145 Α
1376 1110 1547 1148 σκαλίαν·
1571 1111 1648 1147 ἀλλ’
1678 1112 1708 1147 οἱ
1733 1108 1885 1159 μαθηταὶ
1916 1109 1977 1145 οὐκ
1998 1107 2074 1144 εἴων
2104 1107 2216 1144 αὐτόν.
2247 1105 2396 1147 Σκόπει,

1375 1171 1465 1221 πόσῃ
1481 1170 1560 1222 περὶ
1580 1170 1680 1207 αὐτὸν
1696 1169 1839 1221 προνοίᾳ
1856 1168 2047 1221 κέχρηνται
2063 1171 2254 1218 πανταχοῦ.
2276 1166 2346 1205 Καὶ
2362 1166 2396 1209 ἐξ

1376 1234 1488 1283 ἀρχῆς
1514 1231 1615 1269 αὐτὸν
1645 1229 1809 1280 ἐξήγαγον
1823 1259 1832 1276 ,
1855 1229 1944 1268 ὥστε
1967 1228 2014 1279 μὴ
2035 1228 2114 1279 περὶ
2132 1228 2174 1265 τὰ
2192 1227 2312 1279 καίρια
2328 1228 2395 1263 λοι-

1377 1292 1447 1330 &tv
1467 1291 1530 1338 τὴν
1547 1290 1685 1341 πληγήν
1700 1306 1707 1313 ·
1728 1289 1840 1327 καίτοι
1859 1306 1898 1340 γε
1915 1290 2081 1336 ἤκουσαν,
2099 1288 2152 1327 ὅτι
2168 1289 2217 1325 δεῖ
2232 1288 2292 1325 καὶ
2308 1286 2398 1325 ‘Po'i-

1377 1369 1444 1404 μην
1470 1353 1551 1390 ἰδεῖν
1568 1367 1575 1373 ·
1595 1351 1691 1401 ὅμως
1712 1350 1914 1388 κωλύουσιν.
1932 1351 2172 1397 Οἷκονομικῶς
2193 1348 2227 1385 δὲ
2244 1362 2398 1399 προαγο-

1378 1414 1482 1467 ρεύει,
1514 1412 1570 1449 ἵνα
1603 1412 1650 1462 μὴ
1682 1415 1732 1464 τῷ
1759 1412 1934 1462 γενομένῳ
1961 1415 1974 1431 ⁸
1992 1411 2241 1461 Οορυὲηθῶσιν.
2275 1408 2399 1452 Οὕτως

1375 1474 1451 1513 οὐδὲ
1471 1474 1620 1524 πάσχειν
1636 1490 1670 1510 τι
1691 1473 1793 1510 αὐτὸν
1821 1472 2012 1509 ἐὸούλοντο.
2037 1470 2106 1508 Koa
2132 1486 2199 1507 των
2221 1471 2399 1522 ἁσιαργῶν

1375 1533 1412 1571 δέ
1431 1548 1519 1575 τινες
1538 1532 1755 1584 παρεκάλουν
1776 1532 1896 1578 αὐτὸν,
1913 1547 2016 1583 φησι,
2038 1530 2086 1581 μὴ
2103 1531 2264 1568 εἰσελθεῖν
2289 1531 2336 1572 εἷς
2361 1529 2401 1567 τὸ

1375 1594 1529 1646 θέατρον.
1547 1593 1689 1636 Εἰδότες
1715 1594 1818 1630 αὐτοῦ
1846 1591 1909 1637 τὴν
1933 1590 2145 1642 προθυμίαν,
2161 1589 2399 1641 παρεκάλουν·

1376 1654 1466 1693 οὕτω
1485 1653 1611 1697 πάντες
1630 1653 1731 1691 αὐτὸν
1749 1652 1891 1704 ,ἐφίλουν
1912 1653 1942 1688 οἱ
1962 1650 2092 1688 πιστοί.
2117 1650 2188 1688 Καὶ
2214 1650 2304 1693 τίνος
2323 1650 2399 1688 ἕνε-

1376 1730 1455 1760 κεν,
1475 1729 1599 1766 φησιν,
1621 1717 1638 1751 ὃ
1653 1713 1874 1764 Ἀλέξανδρος
1893 1712 2054 1764 ἐβούλετο
2069 1712 2333 1761 ἀπολογεῖσθαι,
2351 1711 2399 1760 μὴ

1328 1780 1351 1809 Β
1374 1791 1441 1827 γαρ
1458 1775 1558 1817 αὐτὸς
1579 1774 1767 1821 ἐνεκλήθη,
1787 1773 1895 1811 σΩ-στε
1913 1773 2032 1824 καιρὸν
2055 1774 2131 1824 ευρε
2118 1778 2177 1818 -ῖν,
2198 1771 2258 1809 καὶ
2277 1771 2317 1810 τὸ
2333 1787 2402 1808 παν

1377 1850 1550 1887 καταστρε
1536 1834 1617 1886 ,ψαι
1636 1834 1695 1873 καὶ
1716 1837 1884 1873 ἕκκαυσαι
1900 1848 1960 1871 του
1989 1832 2100 1883 δήμου
2121 1832 2179 1870 τὸν
2203 1831 2320 1882 Θυμόν.
2337 1825 2403 1869 Εἰ-

1379 1897 1432 1939 δες
1463 1895 1570 1946 θυμὸν
1610 1895 1778 1941 ἅτακτον;
1828 1895 1953 1937 Καλιι)ς
1995 1894 2057 1931 καὶ
2096 1893 2348 1943 ἐπιτιμητικῶς
2385 1895 2403 1930 ὁ

1378 1971 1622 2008 γραμματευς,
1647 1954 1711 1998 Τίς
1739 1954 1833 2002 ἔστι,
1860 1970 1984 2006 φησιν,
2021 1954 2056 1997 ὃς
2084 1955 2122 1991 οὐ
2146 1952 2308 2003 γινώσκει
2339 1952 2402 1999 τὴν

1381 2016 1550 2069 Ἐφεσίων
1568 2016 1690 2062 πόλιν;
1708 2015 1815 2059 οὕτως
1831 2014 1934 2053 εἰπὼν
1953 2031 2034 2066 περι
2047 2018 2084 2051 οὑ
2102 2015 2304 2066 ἐφοὸουντο·
2320 2013 2402 2051 ὡσει

1380 2077 1516 2128 ἔλεγεν·
1539 2093 1576 2114 ου
1598 2081 1633 2115 05
1619 2076 1800 2128 εραπεύετε
1821 2076 1945 2123 αὐτήν,
1970 2075 2040 2113 Καὶ
2067 2077 2127 2113 οὐκ
2147 2078 2234 2119 εἷπε,
2264 2072 2315 2117 τίς
2335 2073 2402 2125 γάρ

1381 2141 1489 2185 ἔστιν,
1507 2138 1541 2181 ὃς
1555 2140 1592 2176 οὗ
1608 2137 1771 2189 γινώσκει
1788 2136 1850 2183 τὴν
1869 2136 2057 2188 Ἄρτεμιν,
2077 2134 2166 2173 ἀλλὰ
2181 2163 2190 2179 ,
2205 2134 2280 2181 Τὴν
2302 2134 2402 2172 πόλιν

1382 2199 1444 2245 τὴν
1467 2198 1662 2250 ἡμετέραν·
1685 2197 1883 2250 Θεραπεύων
1907 2195 2039 2240 αὐτούς.
2057 2195 2331 2248 Ἀναντιῤῥήτων
2346 2189 2402 2232 οὖν

1383 2260 1510 2298 τούτων
1531 2260 1650 2306 ὄντων,
1673 2258 1746 2296 δέον
1763 2258 1856 2296 ἐστὶν
1873 2261 1961 2308 ὑμᾶς
1981 2255 2282 2307 κατεσταλμένους
2299 2256 2407 2308 ὑπάρ-

1385 2336 1472 2372 χειν,
1488 2322 1612 2357 Ταυτα
1632 2320 1765 2364 δηῡενε
1756 2320 1875 2368 γεκα)
1878 2325 1908 2365 ἰ,
1928 2317 2164 2368 μονονουχιλέ
2149 2332 2259 2367 ,γι)ν·
2279 2316 2314 2354 τί
2334 2316 2407 2353 τοί-

1386 2396 1445 2418 νυν
1465 2384 1598 2426 ζητεῖτε
1618 2395 1663 2421 ως
1683 2378 1821 2423 ἀοήλων
1851 2378 1975 2422 ὄντων,
2003 2376 2171 2428 φανερὸν,
2196 2380 2242 2419 ὡς
2261 2380 2282 2422 ἡ
2310 2376 2408 2429 ὕέρις

1389 2442 1435 2483 εἷς
1466 2456 1530 2486 την
1569 2439 1642 2476 Οεον
1681 2437 1862 2475 διαοαίνει.
1901 2437 2105 2488 Πρόσχημα
2136 2436 2200 2483 τὴν
2231 2436 2408 2474 εὔσέίειαν

1390 2501 1568 2539 ἐὸούλοντο
1587 2505 1695 2537 ποιεῖν
1722 2514 1781 2536 του
1802 2512 2064 2549 χρηματισμου.
2089 2491 2178 2535 Εἶτα
2201 2497 2318 2549 ἠρέμα
2343 2512 2409 2534 κα-

1390 2561 1559 2599 Θάπτεται
1588 2561 1720 2606 αὐτῶν,
1747 2557 1900 2603 δεικνυς,
1929 2557 1982 2596 ὅτι
2007 2557 2198 2607 ἀλογίστως
2230 2558 2408 2602 συνηλθον.

1389 2621 1459 2659 Koa
1479 2619 1566 2671 μηδε
1569 2636 1607 2667 ν,
1635 2635 1739 2670 φησι,
1762 2634 1931 2670 προπετες
1955 2618 2133 2670 πράττειν.
2160 2616 2326 2663 Δεικνυς,
2357 2617 2410 2655 ὅτι

1388 2697 1569 2732 προπετιι)ς
1594 2679 1763 2731 ἔπραξαν,
1782 2694 1882 2716 τουτο
1909 2683 2013 2717 εἶπεν.
2042 2680 2086 2716 Εἰ
2114 2678 2176 2729 μὲν
2198 2694 2254 2716 ουν
2281 2677 2410 2728 Δημή-

1389 2757 1481 2793 τριος
1500 2758 1559 2779 και
1579 2758 1609 2779 οι
1635 2757 1694 2778 συν
1719 2742 1811 2791 αὐτι)
1836 2739 1955 2790 ἔχουσί
1973 2755 2051 2777 τινα
2076 2739 2200 2789 λόγον,
2220 2737 2409 2776 ἀνθύπατοί

1389 2805 1467 2841 εἶσι.
1481 2801 1548 2840 Καὶ
1565 2805 1664 2839 τοῦτο
1682 2800 1776 2851 λέγει
1791 2779 1958 2849 ἐγκαλῶν,
1975 2799 2035 2836 καὶ
2049 2798 2181 2841 δεικνὺς
2197 2799 2249 2836 ὅτι
2265 2800 2326 2836 οὐκ
2341 2799 2409 2836 ἔδει

1391 2864 1571 2901 ἰδιωτικῶν
1589 2860 1818 2911 ἐγκλημάτων
1839 2859 1951 2897 ἕνεκεν
1969 2858 2084 2905 κοινὴν
2100 2858 2286 2905 ἐκκλησίαν
2303 2864 2409 2896 ποιεῖ-

1392 2927 1480 2962 σθαι.
1515 2922 1585 2960 Και
1620 2921 1686 2972 γαρ
1720 2920 1958 2969 κινδυνεύομεν
1974 2950 1983 2966 ‚
2014 2935 2138 2970 φησιν,
2175 2921 2407 2969 ἐγκαλεῖσθαι.

1391 2983 1515 3035 Γούτῳ
1541 2981 1672 3033 σφόορα
1703 2980 1824 3023 αὐτους
1854 2979 2076 3030 διηπόρησεν.
2103 2979 2251 3022 Οὐδενὸς
2280 2979 2408 3027 αἰτίου,

1393 3060 1497 3096 φησι,
1516 3042 1751 3093 υπάργοντος,
1768 3040 1847 3092 περὶ
1873 3035 1910 3078 οῧ
1931 3039 2146 3088 δυνησόμεθα
2174 3040 2314 3091 λόγον
2296 3045 2410 3078 oou'voa

1392 3108 1454 3151 τῆς
1473 3106 1666 3154 συστροφής
1683 3101 1821 3147 ταύτης.
1833 3100 1930 3151 ζὈροι
1951 3124 1970 3137 ι
1947 3116 2020 3143 ’ως
2037 3103 2067 3138 οἱ
2083 3100 2221 3138 ἄπιστοι
2237 3099 2410 3152 φρονίμως

1391 3165 1686 3215 ιὀἰπολογοῧντοιι,
1708 3165 1781 3205 πῶς
1809 3164 1971 3204 συνετῶς.
2000 3160 2121 3204 Οὕτως
2141 3160 2261 3200 ἔσὸεσε
2274 3161 2332 3198 τὸν
2352 3164 2410 3198 θυ-

1393 3232 1467 3282 μόν.
1489 3231 1625 3282 ’Ὠσπερ
1646 3228 1711 3280 γὰρ
1731 3227 1854 3281 ῥᾳδίως
1873 3227 2077 3274 ἐξάπτεται,
2097 3227 2186 3265 οὕτω
2201 3227 2260 3266 καὶ
2285 3226 2411 3279 ῥᾳδίως

1448 3360 1464 3384 b
1490 3362 1703 3400 ἀπολογοῦνται
1721 3355 1812 3388 deest
1830 3356 1861 3387 in
1879 3353 2090 3398 quibusdam.
