2466 3805
677 256 720 285 IN

121 331 196 376 εἷπε
213 336 275 384 τὴν
297 336 433 374 σινδόνα
449 336 589 383 εὐθέως,
618 336 704 375 “On
722 336 917 381 ἀκενόόοξος
930 331 971 383 ἦν
989 336 1133 388 σφόδρα.

121 398 207 437 “Οτι
226 397 288 448 μὲν
307 397 373 450 γὰρ
392 398 609 436 ἀπέσταλται
629 398 695 436 ὑπὸ
714 403 774 436 τοῦ
793 400 896 445 Θεοῦ,
915 398 1027 449 λέγει·
1043 397 1083 435 τὸ
1100 396 1196 459 &5187

759 255 875 285 ACTA
912 255 996 285 APO
1003 254 1082 285 STO
1088 254 1142 284 LO
1151 254 1173 282 R
1180 253 1239 282 UM
1249 272 1258 282 .

1296 248 1451 281 HOMIL.
1491 251 1618 279 xxm.
2101 250 2184 279 201

1185 376 1188 379 ,
1213 336 1286 372 Vos
1301 335 1406 372 scitis
1421 333 1602 370 illicitum
1619 344 1710 369 esse.
1724 330 1770 368 Et
1784 344 1848 368 cur
1864 343 1933 367 non
1941 329 2059 367 statim
2075 329 2192 367 sindo-

1209 409 1290 433 nem
1298 393 1527 433 memoravit?
1538 392 1632 439 Quia
1647 407 1664 429 a
1676 405 1764 431 vana
1778 391 1891 443 gloria
1903 399 1977 429 erat
1991 389 2096 428 valde
2106 390 2191 428 alie-

120 461 206 507 πῶς,
220 461 280 497 οὐκ
299 458 369 496 ἔτι·
388 458 466 496 ἀλλ’
483 458 539 497 ὅτε
556 458 688 510 ἀνάγκη
709 459 859 510 γέγονεν,
878 458 935 497 ὅτε
957 458 1016 496 καὶ
1030 452 1135 496 εἶπεν·
1160 473 1187 502 A
1209 471 1285 495 nus.
1309 455 1416 502 Quod
1437 455 1564 493 missus
1590 454 1634 492 sit
1657 468 1677 491 a
1698 455 1774 491 Deo
1789 453 1899 502 dicit;
1918 452 2110 503 quomodo,
2123 466 2191 490 non

121 519 241 570 Ἱ’μεῖς
268 519 457 557 ἐπίστασθε
481 521 527 561 ὡς
547 518 707 570 ἀθέμιτόν
727 522 818 557 ἐστιν
839 518 995 571 Ἰουδαίῳ
1015 518 1137 556 κολλᾶ-

122 584 201 619 σθαι
243 580 265 626 ἢ
303 581 557 635 προσέρχεσθαι
585 580 789 633 ἀλλοφύλῳ·
820 579 927 624 οὕτως
947 575 989 627 ἦν
1017 579 1137 631 πόῤῥιι)

379 641 501 691 Ὑμεῖς
546 641 741 679 ἐπίστασθε.
789 643 902 680 Τοῦτο
939 641 1048 693 λέγων
1078 639 1137 677 καὶ

122 701 184 748 τὴν
209 702 346 741 ἐκείνων
377 709 610 754 κατεγγυᾶται
641 701 796 754 γνώμην.
832 701 880 740 Τί
908 701 963 739 δαὶ
997 699 1137 752 Κορνή-

121 762 213 808 λιος;
246 761 433 812 Πάρεσμεν
445 791 454 808 ,
483 760 585 812 φησὶν
601 790 610 809 ,
627 760 773 798 ἐνώπιον
793 763 852 798 τοῦ
868 760 973 807 Θεοῦ,
992 761 1138 796 ἀκοῦσαι

121 641 326 685 κενοδοξίας.

123 821 291 859 πάντατὰ
305 821 591 874 προστεταγμένα
601 836 655 859 σοι
669 821 736 858 ὑπὸ
749 824 808 858 τοῦ
824 821 926 859 Θεοῦ.
944 821 1021 858 Οὔκ
1031 812 1137 863 εἶπεν,

122 881 268 921 ἐνώπιον
284 881 479 934 ἀνθρώπου,
495 882 597 929 ἀλλὰ,
615 883 686 919 Τοῦ
705 883 807 928 Θεοῦ,
826 880 967 925 δεικνὺς,
981 879 1032 917 ὅτι
1050 877 1139 916 οὕτω

124 944 174 980 δεῖ.
190 942 372 995 προσέχειν
388 948 458 986 τοῖς
482 959 541 980 του
561 944 652 980 Θεου
672 941 817 983 δούλοις.
849 940 970 978 Εἴδετε
987 938 1139 976 διάνοιαν

125 1003 413 1055 διεγηγερμένην,
433 1002 539 1040 εἴδετε
561 1004 635 1044 πῶς
658 1000 751 1045 ἄξιος
770 1005 811 1047 ἠν
839 1000 978 1038 πάντων
996 998 1142 1046 τούτων,

124 1063 275 1108 Ἀνοίξας
292 1063 346 1111 δὲ,
378 1063 486 1115 φησὶ,
505 1062 639 1140 Πέτρϋος
657 1078 697 1100 το
712 1060 824 1111 στόμα
846 1064 959 1098 εἶπεν
981 1062 1024 1098 ἐπ
1027 1059 1140 1106 ’ἀλη-

124 1125 217 1169 θείας
234 1124 611 1175 καταλαμόάνομαι,“
590 1140 643 1163 οτι
663 1125 723 1162 οὐκ
742 1123 816 1161 ἔστι
836 1122 1047 1177 προσωπο)’
1026 1137 1141 1168 ηπτης

118 1189 136 1224 ὁ
164 1186 267 1229 Θεός.
300 1187 413 1224 Τοῦτο
439 1185 498 1223 καὶ
526 1185 610 1237 πρὸς
639 1184 718 1227 τοὺς
742 1184 916 1237 παρόντας
951 1183 1138 1227 Ἰουδαίους

121 1245 394 1297 ἀπολογούμενος
410 1246 520 1297 ἔλεγε.
559 1245 708 1283 Μέλλων
731 1251 746 1268 ‘⁵
758 1245 825 1297 γὰρ
845 1246 930 1297 πρὸς
945 1244 1064 1287 αὐτοὺς
1079 1260 1140 1294 με-

119 1306 326 1360 ταχειρίζειν
346 1307 403 1345 τὸν
427 1306 574 1381 λόγον,
559 1322 677 1359 ωσπερ
696 1306 883 1358 ἀπολογίαν
899 1305 1066 1359 πρότερον
1088 1305 1139 1343 τί·

121 1372 214 1415 θησι.
242 1367 289 1406 Τί
318 1370 400 1406 οὖν·
392 1384 494 1421 ,προ
518 1367 638 1406 τούτου
665 1366 1007 1420 προσωποληπτης
990 1383 1050 1414 η;ν
1075 1366 1137 1413 Μὴ

120 1428 270 1480 γένοιτο·
297 1428 372 1466 ἐπεὶ
397 1444 456 1466 και
488 1428 556 1479 πρὸ
590 1428 709 1467 τούτου
730 1428 834 1472 οὕτως
853 1432 908 1475 ἦν.
938 1430 1050 1471 Ποίς
1037 1443 1054 1464 0
1073 1443 1138 1479 φο-

122 1489 326 1540 ὅούμενοςκ
304 1492 362 1527 καὶ
379 1488 617 1541 ἐργαζόμενος,
638 1505 742 1542 φησι,
759 1489 1002 1537 δικαιοσύνην,
1024 1489 1141 1531 δεκτος

1024 1548 1139 1589 (Όταν

120 1611 188 1665 γὰρ
215 1611 293 1659 ἔθνη
323 1611 367 1649 τὰ
393 1611 446 1662 μὴ
473 1611 576 1662 νόμον
600 1611 746 1663 ἔχοντα,
778 1611 877 1665 φύσει
896 1610 939 1649 τὰ
958 1614 1016 1650 τοῦ
1033 1612 1139 1662 νόμου

123 1553 215 1603 αὐτῷ
240 1552 325 1588 ἔστι.
346 1552 459 1589 Τοῦτο
479 1550 538 1589 καὶ
558 1552 698 1596 Παῦλος
718 1550 857 1604 γράφων
878 1550 971 1602 λέγει
986 1566 994 1573 .

122 1677 217 1724 ποιῇ.
251 1672 320 1712 Καὶ
338 1673 451 1724 δόγμα
471 1673 602 1724 εἰσάγει
620 1672 679 1710 καὶ
698 1672 887 1712 πολιτείαν.
922 1674 966 1711 Εἰ
982 1672 1048 1725 γὰρ
1067 1674 1140 1724 μά-

124 1748 204 1783 γους
223 1735 260 1771 οὗ
278 1735 473 1785 περιεῖδεν,
499 1733 575 1772 οὖοὲ
600 1733 773 1781 Αἰθίοπα,
800 1733 875 1772 οὐδὲ
891 1733 1042 1786 λῃστὴν,
1067 1733 1142 1772 οὐδὲ

123 1794 274 1847 πόρνην·
299 1796 418 1832 πολλιΝ)
442 1796 572 1846 μᾶλλον
599 1811 674 1838 τους
697 1794 945 1871 ἐργαζομένους
965 1794 1136 1834 δικαιοσύ-

123 1871 184 1901 νην
212 1856 271 1893 καὶ
293 1856 521 1907 βουλομενους
535 1856 673 1899 πάντως
693 1859 730 1895 οὔ
748 1857 962 1908 περιόψεται.
996 1857 1045 1895 Τί
1068 1861 1139 1905 οὐν,

121 1915 173 1953 ὅτι
195 1916 279 1955 εἰσὶν
301 1919 463 1961 ἐπιεικεῖς
477 1917 536 1954 καὶ
555 1917 602 1967 ἥυ
600 1933 681 1969 ,εροι
703 1918 897 1970 ἅνθρωποι,
921 1934 981 1956 και
998 1933 1139 1956 πιστευ-

121 1993 180 2015 σαι
199 1979 236 2015 06
260 1977 464 2028 βούλονται;
484 1978 575 2017 Ἰδοὺ
599 1954 639 2017 συ
657 1978 719 2025 τὴν
740 1978 853 2017 αἰτίαν
883 1973 993 2026 εἶπες,
1019 1979 1073 2018 ὅτι
1099 1981 1136 2018 οὖ

123 2039 316 2088 βούλονται.
353 2038 484 2083 Ἄλλως
499 2039 534 2076 δὲ
550 2041 685 2087 ἐπιεικῆ
705 2042 870 2089 ἐνταῦθα,
892 2041 929 2078 οὗ
951 2040 1008 2078 τὸν
1027 2047 1136 2092 πρᾶον

120 2099 226 2149 λέγει,
255 2099 345 2137 ἀλλὰ
375 2099 432 2137 τὸν
456 2100 673 2148 δικαιοσύνην
697 2101 923 2175 ε’ργαζόμενον
940 2117 947 2125 ·
968 2101 1136 2148 τουτέστι,

120 2160 177 2197 τοι
199 2162 232 2197 ἐν
252 2166 358 2198 πᾶσιν
376 2160 602 2212 *εὖοίρεστοη
618 2161 652 2203 ὃς
669 2160 747 2199 τότε
766 2162 918 2204 τοιουτός
936 2165 1041 2209 ἐστιν,
1053 2178 1135 2200 οταν

121 2219 184 2271 ἔχῃ
214 2224 272 2257 τοῦ
295 2222 385 2258 Θεοῦ
412 2221 469 2258 τὸν
499 2220 602 2271 φόὸον
626 2224 672 2264 ὡς
693 2221 775 2275 χρή
805 2223 912 2261 Τὸν
894 2222 929 2261 οὲ
948 2227 1097 2261 τοιοῦτον
1118 2226 1135 2261 ὁ

120 2281 208 2323 Θεὸς
233 2274 302 2318 οἶδε
323 2281 437 2331 μόν.ος

118 2343 269 2390 ἤκουσε,
288 2342 346 2379 καὶ
363 2341 519 2390 ἐπείσθη.
555 2342 623 2381 Και
643 2359 714 2392 νυν,
736 2345 764 2382 εἰ
786 2344 929 2396 ἅγγελος
951 2339 1047 2392 ἠλθε,
1066 2360 1133 2397 φη-

473 2280 569 2333 (Ὀρα
594 2285 667 2325 πῶς
692 2286 733 2329 ἠν
768 2286 865 2327 οὗτος
899 2284 998 2322 δεκτο
981 2284 1032 2327 ός·
1061 2284 1135 2334 ἅμα

118 2401 171 2439 σὶν
186 2431 195 2448 ,
218 2402 358 2450 ἐπείσθη
381 2402 420 2440 ἂν
441 2403 602 2451 ἕκαστος,
619 2404 712 2447 ὅστις
736 2404 776 2442 ἂν
806 2399 860 2452 ἦν.
891 2405 996 2444 Ἀλλὰ
1014 2407 1134 2458 πολλῷ

116 2461 159 2499 τὰ
178 2479 233 2501 νυν
254 2470 384 2514 σημεῖα
411 2463 549 2502 ἐκείνων
572 2464 646 2502 ἐστι
666 2465 826 2516 μείζονα,
857 2467 916 2504 καὶ
936 2483 1030 2518 ομως
1050 2470 1132 2506 ἀπι-

1207 517 1312 566 116111,
1330 515 1391 554 sed
1412 529 1493 553 cum
1504 528 1640 552 necesse
1656 514 1737 564 fuit,
1760 527 1841 551 cum
1853 513 1948 551 dixit
1965 529 1972 549 :
1992 515 2065 551 Vos
2086 515 2192 551 scitis

1208 579 1389 616 illicitum
1413 591 1494 615 esse
1507 577 1644 615 Judoeo
1661 578 1841 628 conjungi
1856 574 1923 612 ‘vel
1943 576 2124 612 accedere
2140 575 2194 612 ad

1209 640 1492 691 alienigenam:
1509 638 1556 676 ita
1572 637 1699 690 procul
1728 646 1800 674 erat
1819 651 1839 674 a
1859 650 1949 674 vvana
1966 636 2092 687 gloria.
2118 638 2192 673 Vos

1209 703 1327 739 scitis.
1347 700 1424 738 Hoc
1441 699 1575 749 dicens,
1600 699 1747 736 illorum
1778 698 1985 737 sententiam
2018 698 2054 736 in
2081 711 2190 750 spon—

1210 760 1342 799 sionem
1356 760 1479 798 trahit.
1500 759 1600 806 Quid
1618 774 1699 797 vero
1726 760 1936 797 Cornelius?
1972 760 2188 805 Αᾱςιιηιιις,

1210 818 1340 869 inquit,
1362 821 1403 855 in
1418 826 1625 869 conspeetu
1645 819 1720 855 Dei
1750 819 1886 855 audire
1917 821 2060 864 omnia,
2091 832 2193 870 (μαε-

1211 893 1373 931 cumque
1389 882 1459 916 tihi
1477 887 1670 931 prcecepta
1697 888 1786 917 sunt
1814 893 1836 915 a
1859 880 1953 916 Deo.
1983 881 2062 917 Non
2085 880 2193 928 dixit,

1213 941 1254 977 In
1267 949 1456 992 conspectu
1476 939 1644 985 hominis,
1665 938 1738 989 sed,
1753 941 1840 987 Dei,
1859 940 2056 989 ostendens,
2078 941 2127 978 sic
2140 956 2195 978 36-

1212 999 1412 1038 cedendum
1429 1014 1502 1038 esse
1519 999 1565 1038 ad
1595 1000 1663 1037 Dei
1698 1013 1829 1038 servos.
1854 999 2008 1039 Vidistis
2042 1010 2196 1038 mentem

1211 1061 1427 1098 excitatam?
1447 1060 1591 1100 vidistis
1618 1074 1726 1110 quam
1746 1060 1877 1111 dignus
1891 1070 1980 1099 esset
1997 1061 2052 1099 his
2083 1063 2197 1100 0111111-

1166 1128 1189 1158 Β
1212 1122 1281 1160 1)115
1293 1123 1310 1160 ?
1323 1122 1517 1174 Aperiens
1531 1129 1681 1168 autem,
1717 1122 1845 1172 inquit,
1870 1124 2010 1160 Petrus
2031 1136 2071 1162 05
2086 1137 2196 1161 suum

1212 1184 1312 1221 dixit
1325 1199 1336 1218 :
1353 1185 1403 1220 In
1421 1185 1591 1220 veritate
1604 1185 1783 1234 comperi,
1802 1185 1894 1235 quia
1923 1197 2001 1220 non
2029 1192 2082 1222 est
2113 1198 2199 1236 per-

1209 1257 1393 1282 sonarum
1405 1245 1710 1296 acceptorDeus.
1725 1243 1801 1282 Hoc
1815 1244 2198 1295 p1*aesentilms„J11daeis

1209 1305 1263 1343 sui
1277 1304 1457 1357 purgandi
1477 1319 1582 1343 causa
1604 1305 1755 1343 dicebat.
1781 1306 1871 1343 Cum
1898 1306 1990 1344 enim
2021 1306 2093 1344 illis
2117 1321 2197 1344 ver-

1206 1367 1295 1404 bum
1305 1366 1501 1405 traditurus
1511 1376 1611 1416 esset,
1631 1367 1737 1417 quasi
1748 1366 1988 1405 defensionem
2000 1368 2196 1420 praemittit.

1209 1427 1308 1476 Quid
1326 1428 1437 1480 ergo?
1455 1443 1541 1466 num
1554 1437 1655 1466 antea
1670 1442 1900 1480 personarum
1912 1439 2073 1481 acceptor
2089 1438 2162 1467 erat
2172 1431 2190 1468 Ξ)

1209 1489 1313 1527 Absit
1334 1505 1341 1526 :
1356 1504 1438 1527 nam
1448 1499 1547 1527 antea
1565 1490 1616 1527 sic
1631 1499 1717 1528 erat.
1744 1491 1775 1528 O
1791 1493 1907 1539 mnis,
1923 1491 2053 1542 iuquit,
2065 1495 2130 1544 qui
2149 1495 2194 1530 zi-

1209 1561 1286 1589 met
1304 1553 1445 1600 Deum,
1470 1561 1506 1590 et
1523 1560 1709 1604 operatur
1711 1554 1924 1605 justitiam,
1943 1562 2122 1605 acceptus
2135 1554 2197 1591 illi
2204 1560 2207 1561 ’

1209 1620 1277 1650 est.
1295 1611 1371 1650 Hoc
1382 1621 1416 1650 et
1429 1613 1562 1650 Paulus
1579 1612 1737 1650 scribens
1752 1612 1841 1650 dicit
1856 1628 1864 1650 :
1881 1615 1977 1652 Cum
1990 1617 2091 1652 enim
2103 1629 2194 1667 gen·
2213 1631 2300 1661 Rom,
2314 1641 2327 1659 2
2336 1656 2340 1660 ⁴
2353 1642 2358 1660 ι
2372 1634 2396 1660 ν,

1210 1681 1278 1720 tes,
1296 1687 1381 1725 quoe
1396 1674 1517 1726 legem
1539 1687 1618 1712 non
1633 1675 1793 1721 habent,
1810 1688 1856 1712 ea
1872 1688 1956 1727 quse
1982 1675 2074 1728 legis
2105 1685 2196 1715 sunt

1204 1737 1374 1789 faciunt.
1395 1737 1442 1775 Et
1457 1736 1589 1788 dogma
1605 1737 1744 1778 inducit
1759 1747 1793 1776 et
1816 1737 2091 1778 institutionem.
2104 1742 2196 1778 Nam

1163 1811 1186 1841 c
1208 1799 1239 1835 si
1255 1812 1378 1850 magos
1400 1812 1470 1837 non
1487 1799 1664 1851 despexit,
1684 1814 1796 1850 neque
1826 1800 2046 1852 AEthiopem‚
2084 1816 2196 1853 neque

1206 1859 1395 1908 lzwtronem,
1413 1873 1526 1910 neque
1555 1859 1804 1898 mer—enicem:
1822 1860 1934 1898 multo
1963 1862 2077 1913 magis
2108 1877 2196 1914 ope-

1206 1929 1322 1958 rantes
1331 1889 1510 1973 jusititiam
1526 1930 1559 1959 et
1575 1921 1732 1960 volentes
1751 1935 1820 1959 non
1852 1931 2061 1961 contemnet.
2095 1924 2195 1972 Quid

1205 1996 1303 2034 ergo,
1325 1983 1355 2021 si
1370 1982 1440 2020 sint
1454 1982 1629 2020 mansueti
1643 1991 1676 2020 et
1693 1983 1796 2022 mites
1830 1983 1991 2023 homines
2022 1986 2083 2036 qui
2120 1999 2191 2023 cre-

1204 2043 1287 2081 dere
1303 2043 1444 2081 nolint?
1475 2044 1568 2082 Eece
1593 2052 1630 2081 tu
1658 2058 1801 2082 causam
1821 2044 1945 2083 dixisti
1969 2061 1976 2082 ε
1999 2047 2081 2097 quia
2120 2061 2192 2084 cre-

1203 2104 1286 2142 dere
1304 2105 1441 2142 nolunt.
1465 2104 1635 2154 Alioquin
1647 2114 1764 2142 autem
1782 2115 2004 2144 mansuetum
2026 2107 2085 2145 1116
2104 2107 2193 2145 dicit

1203 2179 1273 2204 non
1293 2166 1428 2213 mitem,
1444 2165 1505 2203 sed
1520 2180 1616 2215 eum,
1640 2166 1701 2216 qui
1733 2167 1910 2218 justitiam
1941 2178 2125 2220 operatur5
2154 2169 2192 2207 id

1201 2236 1267 2275 est,
1284 2240 1377 2276 611111,
1393 2226 1455 2277 qui
1469 2226 1506 2264 in
1518 2226 1684 2264 omnibus
1699 2227 1943 2280 beneplacitus
1958 2239 2020 2276 est,
2032 2230 2093 2280 qui
2107 2239 2190 2268 tunc

1201 2286 1283 2324 talis
1298 2296 1361 2336 est,
1386 2287 1529 2338 quando
1554 2288 1673 2326 Deum
1691 2297 1731 2326 ut
1747 2303 1812 2340 par
1832 2298 1883 2327 est
1912 2289 2023 2328 timet.
2054 2291 2190 2344 Hujus-

1201 2347 1300 2386 modi
1316 2362 1400 2388 vero
1413 2348 1595 2387 hominem
1616 2349 1713 2387 Deus
1740 2349 1835 2389 solus
1855 2351 1968 2390 novit.
1995 2353 2090 2394 Vide
2101 2368 2188 2404 quo—

1203 2408 1310 2447 modo
1325 2408 1385 2446 hic
1396 2418 1562 2462 acceptus
1574 2424 1610 2447 61
1612 2418 1664 2447 at
1681 2424 1768 2448 mox
1780 2419 1819 2448 ut
1837 2412 1991 2463 30111111,
2004 2413 2108 2451 etiam
2125 2415 2188 2452 ol)-

1203 2470 1428 2522 temperavit.
1452 2470 1499 2508 Et
1514 2484 1622 2519 nunc,
1639 2470 1669 2508 si
1688 2471 1836 2522 angelus
1853 2473 2002 2521 mmet,
2033 2475 2185 2526 inquies7

115 2538 233 2562 στουσι
251 2524 384 2563 πολ)οί.
414 2518 502 2563 Εἶτα
531 2525 676 2577 ἄρχεται
704 2543 766 2573 της
800 2529 1044 2579 διδασκαλίας,
1075 2546 1136 2569 και
1158 2545 1182 2575 D
1203 2545 1306 2570 nemo
1332 2540 1383 2569 est
1408 2531 1552 2582 quinon
1567 2531 1736 2569 credelfflet
1765 2534 1902 2572 ’Χῖ-6111111
1932 2534 2035 2587 longe
2053 2538 2187 2588 majoia

117 2589 215 2634 τηρεῖ
226 2599 288 2628 την
301 2582 470 2635 εὐγένειαν
491 2589 561 2627 τοῖς
575 2584 764 2629 Ιουδαίοις.
786 2587 855 2625 Τον
870 2587 997 2638 Λόγον,
1012 2602 1128 2641 φησιν,

116 2642 151 2681 ὃν
168 2643 348 2682 ἀπέστειλε
364 2651 433 2688 τοῖς
459 2646 542 2689 υἱοῖς
564 2644 708 2698 Ἰσραὴλ
724 2649 1025 2701 εὐαγγελιζόμενον
1043 2651 1135 2702 εἰρη-

116 2720 198 2751 νην·
218 2700 315 2748 οὗτός
334 2708 406 2744 ἐστι
427 2707 551 2760 Κύριος
565 2708 717 2747 πάντων.
729 2710 909 2762 Πρῶτον
898 2711 978 2763 περὶ
993 2727 1055 2758 της
1073 2728 1133 2750 κυ-

116 2765 270 2817 ριότητος
290 2770 391 2805 αὐτοῦ
418 2768 513 2806 διαλέ
500 2784 634 2819 γεται,
649 2770 707 2807 καὶ
728 2770 859 2823 σφόδρα
885 2772 1079 2824 ὑψηλῖι)ς,ι’
1088 2776 1133 2816 ὡς

113 2829 205 2875 ἔνην,
224 2827 341 2876 ἐπειδὴ
363 2844 422 2867 και
440 2845 525 2881 προς
543 2829 657 2882 ψυχὴν
676 2825 767 2883 εἶχεν
788 2832 923 2884 ὑψηλὴν
947 2833 1013 2881 ἤδη
1040 2851 1133 2886 γενο-

116 2887 220 2938 μένην
240 2889 299 2927 καὶ
318 2889 432 2927 πάντα
449 2893 618 2942 θερμῶςῖ
600 2892 788 2944 οεχοαένην
809 2893 852 2931 τὰ
868 2911 915 2932 υπ
918 2896 1047 2934 ἀὐτου
1061 2911 1133 2934 πα-

116 2948 354 3000 ρεγγυιῖ)μενα·
371 2954 445 2988 εἶτα
474 2953 743 2997 κατασκευάζων
768 2957 842 2997 πῶς
875 2954 1041 3009 Κύριος
1024 2956 1133 2994 απάν-

114 3024 195 3055 τιι)ν,
219 3009 340 3061 ἐπάγει
364 3027 424 3049 και
458 3011 570 3064 λέγει·
591 3012 658 3051 ιῸν
689 3013 890 3053 ἀπέστειλεν
917 3017 1134 3068 εὐαγγελιζό-

116 3084 236 3118 μενον·
261 3085 355 3108 τουπ
349 3070 454 3121 ’,στιν
484 3074 538 3111 ἐπ’
552 3076 703 3125 ἀγαθοῖς
735 3076 924 3125 καλουντα,
950 3080 988 3115 οὐ
1020 3078 1132 3130 κρίσιν

114 3129 297 3181 ἐπάγοντα.

161 3324 173 3339 ³
194 3313 288 3347 Idem
304 3322 361 3363 γὰρ
377 3320 474 3356 αὐτοῖς
489 3323 660 3366 ἐγχειρίζειν
677 3324 726 3355 τὸν
744 3325 839 3364 λόγον.

162 3367 177 3383 ³‘
194 3367 349 3412 [ἐνάρετον
364 3372 413 3402 καὶ
428 3373 560 3409 ἄληπτον
582 3372 620 3405 B.
639 3372 676 3404 C.
705 3378 853 3417 ἐνάρετον,
872 3375 912 3406 D.
933 3381 966 3406 et
982 3376 1111 3410 Erasm.

120 3419 159 3450 In
185 3419 220 3450 B.
237 3446 244 3459 ,
271 3419 394 3453 Codice
416 3420 513 3463 pleno
535 3421 750 3463 lacunarum,
776 3432 865 3457 totus
891 3425 981 3459 locus
1009 3426 1111 3462 deest.

1202 2607 1295 2630 nunc
1327 2592 1428 2643 signa
1447 2602 1543 2643 sunt,
1564 2593 1772 2643 quamilla:
1795 2603 1828 2631 et
1847 2604 1963 2634 tamen
1986 2597 2091 2635 multi
2117 2612 2185 2635 non

1202 2620 1379 2692 credunt?
1395 2653 1534 2691 Deinde
1563 2653 1763 2691 doctrinam
1798 2655 1946 2708 incipit,
1975 2667 2007 2695 et
2050 2659 2185 2697 Judaeis

1201 2728 1301 2753 suam
1316 2722 1432 2753 servat
1452 2713 1688 2752 nobilitatem.
1715 2716 1894 2764 Verbum,
1917 2716 2047 2770 inquit,
2082 2724 2186 2773 quod

1202 2778 1305 2813 misit
1326 2776 1433 2814 Deus
1455 2776 1561 2828 filiis
1587 2776 1726 2823 Israel,
1746 2780 1990 2818 annuntians
2015 2795 2150 2832 pacem
2170 2799 2180 2819 :

1201 2838 1264 2874 hic
1296 2845 1351 2875 est
1391 2839 1563 2874 omnium
1594 2838 1798 2876 Dominus.
1819 2838 1938 2878 Primo
1957 2840 2001 2878 de
2022 2842 2182 2883 domina-

1201 2898 1295 2936 tione
1309 2898 1384 2951 ejus
1411 2898 1585 2949 loquitur,
1617 2897 1882 2950 admodumque
1902 2901 2116 2955 sublimiter,
2144 2916 2183 2944 ut

1199 2961 1340 3011 licebat3
1359 2961 1442 3012 quia
1458 2975 1538 2999 cum
1565 2960 1707 2999 homine
1740 2976 1853 3000 sermo
1886 2973 1972 3012 erat,
2013 2967 2075 3017 qui
2105 2968 2181 3019 jam

1200 3023 1364 3061 sublimis
1385 3023 1542 3073 effectus,
1572 3022 1735 3060 ardenter
1758 3024 1876 3062 omnia
1907 3026 1953 3064 ab
1984 3041 2020 3065 se
2052 3029 2183 3068 tradita

1200 3084 1439 3137 suscipiebat:
1459 3083 1588 3122 deinde
1618 3085 1784 3136 probans,
1809 3087 1986 3136 quomodo
2021 3092 2182 3130 omnium

1200 3146 1376 3185 Dominus
1390 3155 1490 3194 esset,
1509 3146 1633 3198 adjicit
1650 3162 1657 3183 ι
1677 3147 1789 3197 Quod
1801 3150 1904 3186 misit
1921 3155 2180 3200 annuntians,-

1201 3208 1242 3246 id
1254 3217 1318 3258 est,
1334 3208 1380 3246 ad
1394 3209 1488 3247 bona
1503 3222 1646 3258 vocans,
1661 3221 1730 3245 non
1740 3208 1921 3260 judicium
1942 3212 2124 3254 inducens.

1181 3325 1272 3358 Editi
1289 3337 1404 3360 omnes
1416 3327 1602 3370 &almo-rom]

1225 3380 1242 3404 b
1260 3383 1296 3417 ὡς
1311 3384 1375 3418 ἐνῆν
1391 3377 1483 3411 deest
1501 3379 1534 3411 in
1552 3376 1749 3421 quibusdam
1767 3378 1844 3411 Mss.
