2502 3810
1236 289 1390 319 noun„
2065 271 2152 330 733

1180 369 1431 420 quebarbams
1445 369 1493 406 ait
1512 385 1518 405 :
1540 370 1624 420 Ego
1650 381 1730 406 sum
1753 368 1860 418 deus,
1874 375 1910 405 et
1932 381 2007 404 non
2026 368 2155 409 homo,-

1179 431 1340 481 aliusque
1361 446 1368 466 t
1393 431 1496 468 Num
1513 432 1652 482 poterit
1678 430 1781 467 Deus
1799 442 1953 466 servare
1980 441 2064 478 vos,
2089 437 2155 466 aut
2172 437 2250 464 Dan.
2268 437 2295 466 3.
2310 445 2353 477 ¹7·

1178 495 1321 543 eripere
1352 492 1398 528 de
1423 492 1601 528 manibus
1631 492 1723 528 meis
1738 493 1754 526 Ρ
1773 498 1806 527 ct
1831 488 2039 542 AEgyptius‚
2068 491 2158 528 Non
2169 496 2311 524 Emeda
2326 505 2353 524 κ.

1181 555 1270 589 novi
1298 553 1525 596 Dominum,
1558 559 1595 588 et
1624 551 1809 588 Israelem
1843 563 1921 587 non
1946 550 2153 588 dimittam.

1179 611 1423 662 Insipiensque
1441 609 1536 662 apud
1556 610 1764 661 prophetam
1784 610 1864 647 talis
1883 618 1947 657 est,
1968 609 2055 647 dum
2073 609 2159 647 dicit

1180 673 1215 710 in
1249 674 1355 712 corde
1386 688 1464 721 suo,
1500 675 1589 711 Non
1615 681 1670 710 est
1692 673 1826 714 Deus‚·
1860 681 1893 710 et
1926 673 2012 710 Cain
2030 689 2037 709 z
2054 674 2159 711 Num
2172 685 2356 714 Psal.i3.i.

1120 768 1167 791 66,
1183 744 1308 773 custos
1326 736 1468 788 fratris
1497 736 1573 771 mei
1596 747 1680 771 sum
1699 738 1798 784 ego?
1825 735 1876 770 An
1897 734 2007 785 possis
2032 747 2161 785 cogno·
2179 742 2249 767 Cen·
2264 740 2338 778 4v9‘

90 798 374 849 ἀπονενοημένων
386 829 395 846 ,
415 798 437 844 ἢ
455 800 580 851 μωρῶν
601 797 644 835 τὰ
662 798 823 850 ῥήματα,
842 800 859 843 ἦ
875 797 942 848 γὰρ
963 796 1108 835 ἀπόνοια
1132 804 1158 832 A
1183 810 1276 833 scere
1291 795 1581 848 arrogantiumne
1593 809 1637 832 an
1653 794 1843 831 stultorum
1857 794 1925 831 sint
1940 796 2074 834 verba?
2094 798 2161 832 Ar-

1182 858 1343 908 rogantia
1375 857 1471 895 enim
1501 870 1520 893 a
1543 854 1784 893 moderatione
1805 864 1837 892 et
1858 870 1878 892 a
1908 866 2023 894 mente
2047 856 2160 894 defle-

1184 926 1278 955 ctens
1299 917 1417 966 (unde
1435 930 1576 968 quoquc
1594 915 1747 953 amentia
1775 914 1946 965 dicitur),
1980 926 2013 954 et
2038 918 2163 954 stultos

1185 986 1218 1014 et
1241 987 1444 1029 arrogantes
1471 976 1592 1014 efficit.
1615 975 1663 1013 Et
1690 976 1719 1012 si
1745 975 1962 1027 principium
1986 978 2163 1028 sapientiae
2178 987 2292 1026 Pr2.·.9
2316 996 2359 1014 ιο.

1183 1038 1228 1075 sit
1247 1037 1354 1075 timor
1372 1036 1517 1075 Domini
1529 1052 1539 1085 3
1565 1036 1707 1073 initium
1727 1049 1810 1086 ergo
1831 1036 1990 1073 stultitia:
2012 1037 2078 1074 erit
2097 1052 2165 1075 non

1183 1112 1284 1136 nosse
1306 1098 1511 1136 Dominum.
1536 1097 1575 1136 Si
1602 1096 1713 1147 igitur
1729 1110 1935 1147 cognoscere
1955 1106 2005 1134 est
2024 1097 2165 1149 sapien-

1184 1160 1244 1209 tia,
1264 1174 1333 1197 non
1350 1173 1571 1211 cognoscere,
1590 1158 1764 1207 stultitia,-
1779 1166 1812 1195 et
1827 1157 1856 1195 si
1875 1172 1943 1195 non
1961 1172 2168 1209 cognoscere

1184 1235 1228 1259 ex
1256 1220 1423 1273 superbia
1447 1220 1561 1257 oritur
1592 1218 1755 1268 (initium
1778 1219 1872 1256 enim
1899 1220 2072 1271 superbiae
2119 1230 2168 1258 est

1186 1296 1255 1320 non
1288 1294 1497 1334 cognoscere
1525 1280 1742 1328 Dominum)
1757 1296 1764 1316 z
1779 1295 1861 1332 ergo
1894 1282 2073 1333 superbia,
2108 1296 2168 1320 ex-

1186 1354 1297 1383 trema
1326 1353 1376 1382 est
1401 1342 1615 1396 insipientia.
1650 1342 1750 1379 Talis
1773 1351 1847 1380 erat
1885 1352 1917 1381 et
1943 1343 2081 1394 Nabal,
2106 1345 2169 1382 etsi

93 1402 201 1454 γονώς
216 1418 224 1426 ·
243 1405 318 1441 ἀλλ’
341 1402 485 1454 ὕστερον
507 1404 655 1441 ἀπέθανε
677 1404 726 1454 τῷ
748 1402 827 1440 δέει.
847 1401 960 1441 ἰὈταν
979 1402 1046 1454 γάρ
1064 1419 1115 1446 τις
1139 1407 1162 1436 Β
1186 1420 1255 1444 non
1279 1420 1361 1458 erga
1380 1407 1512 1457 Deum,
1539 1413 1575 1443 at
1594 1418 1675 1455 erga
1700 1403 1880 1442 hominem
1901 1419 1945 1442 ex
1970 1406 2170 1457 arrogantia

95 1464 225 1516 ἐκπέσῃ
244 1468 304 1502 τοῦ
335 1463 460 1516 μέτρου
480 1465 542 1509 τῆς
567 1463 762 1516 φρονήσεως
775 1494 784 1509 ,
805 1464 864 1502 καὶ
893 1463 1002 1507 δειλὸς
1030 1466 1116 1514 ὁμοῦ
1187 1467 1317 1505 stultus
1335 1467 1479 1504 effectus
1499 1482 1506 1503 ε
1525 1466 1587 1504 sed
1606 1475 1782 1518 postremo
1801 1480 1846 1503 ex
1864 1465 1990 1504 timore
2010 1476 2169 1503 mortuus

1188 1536 1252 1565 est.
1279 1528 1370 1565 Cum
1390 1527 1483 1564 enim
1503 1527 1582 1577 quis
1607 1540 1651 1564 ex
1669 1539 1832 1563 mensura
1854 1525 2049 1577 prudentiae
2069 1526 2170 1563 exci-

1187 1587 1256 1637 dit,
1283 1597 1317 1626 et
1338 1587 1487 1625 timidus
1516 1587 1624 1625 simul
1652 1596 1685 1625 et
1703 1586 1824 1624 audax
1842 1586 2018 1637 redditur,
2050 1587 2169 1625 animo

1189 1648 1322 1687 scilieet
1359 1649 1435 1701 jam
1473 1648 1690 1686 infirmante.
1736 1647 2048 1694 Quemadmodum
2077 1649 2171 1686 enim

1190 1724 1318 1762 corpus
1361 1724 1442 1748 cum
1473 1718 1704 1761 temperatam
1734 1708 1926 1746 humorum
1969 1723 2173 1747 mensuram

1189 1771 1336 1820 amittit,
1367 1771 1502 1809 morbis
1534 1770 1699 1809 omnibus
1730 1779 1781 1808 est
1811 1769 2027 1808 obnoxium:
2057 1771 2106 1808 sic
2139 1781 2173 1808 et

1190 1832 1307 1870 anima
1323 1847 1406 1870 cum
1420 1832 1749 1883 magnanimitatem
1763 1831 1871 1869 simul
1885 1841 1918 1870 et
1933 1832 2173 1871 humilitatem

1191 1894 1363 1941 amiserit,
1372 1893 1539 1931 habitum
1552 1893 1741 1944 quemdam
1752 1893 1926 1945 accipiens
1942 1893 2171 1942 imbecillum,

1193 1955 1322 1993 timida
1343 1954 1450 1992 simul
1480 1964 1514 1992 et
1544 1954 1664 1993 audax
1696 1964 1801 2005 atque
1832 1953 2001 2006 insipiens
2040 1955 2171 2004 evadit,

1191 2026 1297 2067 atque
1322 2016 1476 2068 seipsam
1499 2015 1666 2068 deinceps
1685 2015 1874 2066 ignorabit.
1899 2016 1972 2063 Qui
2008 2030 2093 2054 vero
2125 2030 2175 2054 se-

98 2073 213 2109 ποδῶν
230 2066 319 2110 οἶδε·
334 2072 393 2110 καὶ
407 2072 592 2123 ὀφθαλμὸς,
607 2071 688 2110 ὅταν
707 2072 808 2115 αὐτὸς
821 2075 988 2124 πηρωθῇ,
1002 2072 1118 2110 πάντα
1144 2081 1166 2111 C
1191 2077 1309 2130 ipsum
1324 2077 1476 2128 ignorat,
1498 2076 1676 2128 quomodo
1696 2077 1772 2127 illa,
1794 2091 1871 2127 quae
1893 2091 1997 2129 supra
2017 2091 2053 2114 se
2074 2087 2170 2126 sunt,

100 2139 218 2171 σκοτοῖ
238 2131 282 2170 τὰ
301 2132 407 2170 λοιπὰ
438 2131 526 2183 μέλη
546 2148 553 2155 ·
573 2131 661 2170 Οὕτω
692 2132 751 2170 καὶ
779 2132 836 2171 ἐπὶ
862 2136 925 2179 τῆς
957 2133 1119 2176 ἀπονοίας
1192 2138 1408 2190 cognoscet?
1435 2138 1537 2176 Sicut
1559 2137 1652 2175 enim
1671 2137 1715 2187 is,
1746 2137 1807 2190 qui
1826 2138 1991 2189 phrenesi
2011 2138 2173 2176 detentus

1192 2208 1255 2249 est,
1288 2213 1370 2237 cum
1401 2199 1558 2250 seipsum
1590 2198 1742 2249 ignoret,
1778 2212 1890 2248 neque
1919 2213 1957 2236 ea
1988 2213 2065 2249 quae
2095 2208 2175 2237 ante

1191 2259 1299 2312 pedes
1314 2260 1390 2312 ejus
1407 2265 1489 2296 sunt
1503 2258 1641 2297 noverit
1650 2274 1663 2308 3
1683 2267 1716 2296 et
1731 2258 1855 2296 oculus
1874 2273 1955 2296 eum
1978 2268 2173 2296 excaecatus

1191 2320 1312 2370 fuerit,
1343 2329 1468 2358 caetera
1487 2319 1646 2357 membra
1675 2319 1840 2357 obscurat
1858 2336 1865 2356 :
1886 2320 1935 2358 sic
1959 2329 1993 2358 et
2016 2320 2051 2358 in
2071 2335 2174 2358 arro—

1193 2382 1312 2436 gantia
1329 2381 1610 2432 contingit.lde0
1627 2390 1832 2432 arrogantes
1846 2381 2047 2419 furentibus
2059 2412 2071 2432 ,
2084 2391 2117 2420 et
2131 2382 2174 2419 iis

1191 2444 1252 2496 qui
1263 2458 1309 2482 ex
1319 2452 1445 2481 natura
1455 2457 1518 2481 sua
1531 2442 1631 2480 stulti
1650 2451 1744 2491 sunt,
1758 2442 1956 2481 miseriores
1973 2453 2065 2481 sunt.
2079 2445 2169 2481 Nam

1192 2503 1338 2556 perinde
1363 2513 1470 2554 atque
1493 2502 1548 2542 illi
1576 2502 1689 2541 risum
1715 2512 1871 2553 movent,
1901 2504 2048 2555 perinde
2073 2514 2175 2555 atque

1192 2566 1247 2603 illi
1276 2564 1465 2617 injucundi
1495 2572 1529 2601 et
1547 2572 1700 2601 amentes
1728 2572 1824 2612 sunt,
1856 2564 1915 2601 sed
1941 2579 2009 2602 non
2030 2565 2176 2616 perinde

1192 2635 1300 2676 atque
1314 2625 1369 2662 illi
1387 2624 1648 2662 miserationem
1663 2633 1885 2661 commovent
1892 2640 1902 2671 3
1924 2624 2173 2675 insaniuntque

1192 2696 1308 2725 tamen
1329 2696 1368 2724 ut
1396 2686 1466 2736 illi,
1498 2700 1560 2723 nec
1581 2685 1723 2724 veniam
1749 2684 1940 2737 impetrant
1959 2695 1998 2723 ut
2017 2686 2086 2732 illi,
2114 2686 2172 2723 sed

1192 2748 1273 2786 odio
1289 2748 1468 2784 habentur
1483 2762 1490 2783 :
1504 2756 1537 2784 et
1553 2760 1633 2784 cum
1650 2754 1881 2796 utrorumque
1900 2746 1988 2784 vitia
2005 2746 2173 2795 habeant,

102 2801 250 2851 βαδίζεις
266 2802 319 2839 ἐπ’
338 2800 454 2853 ἄκρων
479 2799 612 2852 ὀνύχων
629 2816 638 2847 ;
658 2800 691 2838 τί
716 2800 779 2844 τὰς
808 2802 912 2852 ὀφρῦς
940 2803 1119 2853 ἇνασπᾷς3
1143 2811 1168 2840 D
1193 2807 1295 2846 venia
1310 2816 1426 2845 tamen
1445 2816 1678 2856 utrorumque
1695 2805 1897 2858 privantur,
1925 2807 2013 2844 dum
2038 2821 2107 2845 non
2129 2821 2174 2845 ex

99 2861 134 2899 τί
151 2862 329 2907 τὸστῆθος
349 2868 478 2913 φυσᾷς
501 2861 620 2914 Τρίχα
640 2864 677 2900 οὐ
695 2861 837 2900 δύνασαι
865 2865 1012 2909 ποι-ἧσαι
1038 2864 1120 2900 λευ-
1193 2869 1311 2907 verbis
1332 2877 1484 2918 tantum,
1503 2867 1565 2905 sed
1583 2867 1689 2905 etiam
1707 2881 1752 2904 ex
1766 2867 1892 2904 habitu
1911 2868 2056 2906 ridiculi
2075 2878 2169 2907 sunt.

1194 2930 1292 2976 Quid
1311 2930 1434 2982 igitur,
1458 2943 1588 2980 quaeSO,
1609 2928 1782 2967 cervicem
1799 2929 1933 2980 erigis?
1951 2929 2039 2980 quid
2058 2939 2175 2967 extre·

735 295 777 323 IN
815 293 953 323 EPIST.
994 292 1052 320 AD
1090 291 1195 320 [1031.
1430 289 1507 318 XX.

88 376 147 412 οὐκ
168 374 363 425 ἅνθρωπος·
383 376 441 412 καὶ
456 374 557 417 ἄλλος
574 375 692 422 πάλιν,
707 375 765 421 Μὴ
781 375 997 421 δυνήσεταιὸ
1017 372 1104 415 Θεὸς

88 437 200 473 σῶσαι
220 437 325 484 ὑμᾶς,
345 433 366 480 ἢ
388 434 560 477 ἐξελέσθαι
576 437 613 472 ἐκ
639 438 705 472 τῶν
739 439 867 487 χειρῶν
900 449 985 484 μου;
1009 433 1067 471 καὶ
1088 435 1104 469 ὃ

87 494 278 545 Αἰγύπτιος
297 494 346 542 δὲ,
366 496 444 533 Οὐκ
467 488 542 532 οἶδα
560 495 617 532 τὸν
640 495 778 546 Κύριον,
798 495 858 533 καὶ
883 495 940 532 τὸν
961 491 1106 543 Ἰσραὴλ

87 556 149 592 οὐκ
177 551 396 598 ἐξαποστελῶ
414 570 422 578 ·
443 555 502 592 καὶ
531 559 549 593 ὃ
579 555 676 608 παρὰ
706 558 756 608 τῷ
792 555 951 606 προφήτῃ
988 554 1104 605 ἄφρων

87 615 239 659 τοιοῦτός
268 632 318 660 τις
340 616 432 662 ἐστὶ,
460 615 571 667 λέγων
599 617 633 654 ἐν
654 619 696 668 τῇ
728 616 855 669 καρδία
884 617 1006 661 αὐτοῦ,
1030 615 1106 651 Οὐκ

88 677 162 714 ἔστι
181 676 270 720 Θεός
287 692 295 700 ·
318 677 377 715 καὶ
397 680 414 714 ὃ
442 677 528 714 Κάϊν
561 677 613 724 δὲ,
633 677 695 724 Μὴ
716 676 824 729 φύλαξ
852 674 920 728 ἐγώ
947 677 1019 725 εἶμι
1046 677 1106 712 τοῦ

89 738 236 787 ἀδελφοῦ
267 753 354 788 μου,
381 737 467 789 Ἄρα
503 737 550 788 μὴ
576 737 719 775 δύνασαι
749 739 935 789 διαγνῶναι
963 735 1105 787 πότερον

90 863 152 905 τῆς
172 860 387 910 συμμετρίας
404 859 619 898 ἐκπίπτουσα
634 860 693 897 καὶ
709 859 777 897 ἀπὸ
791 863 850 896 τοῦ
867 862 925 896 νοῦ
943 856 1106 908 γινομένη

92 922 164 969 (διὸ
181 921 239 959 καὶ
264 922 410 959 ἀπόνοια
427 921 600 973 λέγεται),
619 921 678 958 καὶ
700 920 836 971 μωροὺς
865 919 924 957 καὶ
943 918 1110 962 ἀλαζόνας

93 982 285 1033 ἐργάζεται.
299 982 391 1019 ί’Καὶ
408 984 436 1019 εἷ
458 981 549 1034 ἀρχὴ
567 980 686 1032 σοφίας
702 980 804 1032 φόὸος
824 978 954 1031 Κυρίου
965 1009 975 1026 ,
991 981 1110 1016 οὐκοῦν

93 1042 185 1092 ἀρχὴ
211 1041 343 1092 μωρίας
364 1042 402 1079 τὸ
422 1041 470 1091 μὴ
492 1041 618 1078 εἰδέναι
637 1041 692 1078 τὸν
718 1039 858 1090 Κύριον.
879 1041 924 1076 Εἰ
941 1038 1052 1076 τοίνυν
1072 1037 1111 1075 τὸ

93 1101 218 1138 εἰδέναι
236 1101 360 1152 σοφία,
377 1101 416 1138 τὸ
435 1101 483 1150 μὴ
505 1100 630 1138 εἰδέναι
651 1099 766 1151 μωρία
778 1130 788 1146 ,
804 1099 843 1137 τὸ
858 1098 894 1137 δὲ
921 1098 969 1149 μὴ
987 1098 1113 1137 εἰδέναι

93 1160 126 1205 ἐξ
146 1160 381 1213 ὑπερηφανίας
399 1161 531 1212 γίνεται
560 1160 673 1212 (ἀρχὴ
701 1160 769 1211 γὰρ
785 1158 800 1178 ¹³
813 1159 1051 1212 ὓπερηιρανίας
1075 1158 1114 1196 τὸ

94 1221 140 1271 μὴ
173 1220 299 1259 εἰδέναι
327 1221 384 1259 τὸν
405 1220 576 1272 Κύριον),
609 1220 720 1271 ἄραὴ
753 1219 973 1272 ὑπερηφανία
999 1219 1115 1271 μωρία

93 1281 237 1334 ἐσχάτη.
258 1283 420 1325 Τοιοῦτος
447 1277 488 1329 ἦν
508 1281 568 1319 καὶ
600 1284 617 1319 ὃ
646 1281 792 1328 Notat,
817 1283 845 1318 εἰ
871 1280 930 1319 καὶ
953 1280 1000 1331 μὴ
1030 1280 1114 1332 πρὸς

89 1343 200 1394 Θεὸν,
221 1343 311 1381 ἀλλὰ
330 1343 415 1395 πρὸς
437 1342 636 1394 ἄνθρωπον,
657 1342 690 1386 ἐξ
713 1342 875 1385 ἀπονοίας
897 1342 1040 1388 ἀνόητος
1059 1358 1114 1394 γε-

94 1525 155 1562 καὶ
184 1524 309 1576 θρασὺς
328 1524 480 1576 γίνεται,
509 1526 571 1569 τῆς
601 1526 716 1576 ψυχῆς
742 1527 904 1567 ἀσθενοῦς
923 1523 1115 1575 γινομένης.

95 1585 264 1636 Καθάπερ
283 1585 348 1637 γὰρ
367 1585 406 1623 τὸ
425 1588 547 1635 σῶμα,
567 1585 648 1623 ὅταν
664 1585 942 1638 τὴνσύμμετρον
961 1584 1114 1636 ἀπολέσῃ

97 1654 239 1698 κρᾶσιν,
259 1646 435 1698 γινόμενον
469 1645 679 1699 δύσκρατον,
709 1652 814 1684 πᾶσιν
847 1645 1028 1684 ἁλίσκεται
1046 1650 1117 1689 τοῖς

97 1709 241 1746 πάθεσιν
259 1723 267 1730 ·
288 1707 377 1746 οὕτω
406 1707 465 1745 καὶ
486 1710 506 1753 ἡ
534 1707 652 1759 ψυχὴ,
680 1707 817 1746 ἐπειδὰν
842 1706 881 1745 τὸ
903 1706 1117 1759 μεγαλοφυὲς

98 1767 251 1819 ἀπολέσῃ
280 1768 338 1805 καὶ
354 1768 392 1806 τὸ
407 1774 686 1819 ταπεινοφρονεῖν
699 1798 708 1816 ,
728 1767 795 1812 ἕξιν
823 1766 992 1818 δεξαμένη
1012 1773 1026 1788 ⁶
1039 1767 1117 1806 τινὰ

97 1831 242 1876 ἀσθενῆ,
259 1829 318 1866 καὶ
347 1828 441 1874 δειλὴ
461 1828 520 1866 καὶ
548 1832 691 1880 θρασεῖα
718 1828 777 1867 καὶ
803 1828 946 1874 ἀνόητος
967 1828 1117 1879 γίνεται,

97 1890 156 1928 καὶ
188 1889 314 1936 ἑαυτὴν
345 1889 506 1940 ἀγνοήσει
535 1888 667 1927 λοιπόν.
691 1888 735 1926 ‘O
763 1888 797 1927 δὲ
821 1889 938 1926 ἑαυτὸν
965 1890 1116 1941 ἀγνοῶν,

97 1954 170 1994 πῶς
186 1951 230 1989 τὰ
246 1950 333 2002 ὑπὲρ
348 1950 468 1988 ἑαυτὸν
484 1950 633 1997 εἴσεται;
655 1950 823 2003 Καθάπερ
839 1949 906 2001 γὰρ
921 1953 937 1987 ὃ
952 1949 1118 2003 φρενίτιδι

98 2011 347 2063 κατεχόμενος,
371 2011 452 2050 ὅταν
476 2011 597 2049 ἑαυτὸν
615 2011 787 2062 ἀγνοήσῃ,
804 2011 879 2050 οὐδὲ
895 2011 939 2050 τὰ
966 2011 1033 2063 πρὸ
1049 2013 1117 2049 τῶν

99 2193 296 2243 συμὸαίνει.
317 2193 380 2231 Διὸ
399 2193 457 2231 καὶ
477 2195 545 2230 τῶν
570 2192 787 2243 μαινομένων
807 2193 892 2231 εἰσὶν
916 2192 1119 2247 ἀθλιώτεροι

97 2248 190 2292 οῦτοι
202 2284 211 2301 ,
229 2254 288 2291 καὶ
304 2257 372 2292 τῶν
388 2253 488 2306 φύσει
507 2255 645 2304 μωρῶν.
669 2254 738 2291 Καὶ
755 2253 822 2307 γὰρ
837 2253 964 2304 ὁμοίως
987 2254 1120 2298 τούτοις

96 2314 231 2365 γέλωτα
251 2319 400 2363 κινοῦσι,
420 2315 478 2352 καὶ
497 2314 623 2365 ὁμοίως
640 2315 779 2358 ἐκείνοις
796 2315 880 2354 εἰσὶν
898 2316 1015 2362 ἀηδεῖς
1034 2331 1041 2338 ·
1059 2315 1118 2354 καὶ

97 2375 302 2422 ἐξεστήκασι
331 2375 392 2426 μὲν
421 2375 540 2428 ὥσπερ
568 2378 713 2421 ἐκεῖνοι,
741 2378 817 2414 ἀλλ’
845 2377 906 2414 οὐκ
944 2377 1118 2414 ἐλεοῦνται

96 2437 215 2489 ὥσπερ
246 2438 390 2475 ἐκεῖνοι·
409 2441 670 2489 παραφρονοῦσι
698 2436 733 2476 δὲ
760 2435 878 2490 ὥσπερ
906 2431 1018 2486 οῦτοι,
1039 2439 1116 2476 ἀλλ’

97 2499 135 2535 ὀὖ
160 2497 455 2548 συγγινώσκονται
473 2497 592 2549 ὥσπερ
612 2492 723 2544 οῦτοι,
741 2498 831 2537 ἀλλὰ
853 2504 1033 2549 μισοῦνται
1055 2499 1118 2550 μό-

96 2572 152 2595 νον
168 2573 175 2580 ·
193 2558 253 2595 καὶ
270 2557 314 2595 τὰ
333 2558 566 2608 ἐλαττώματα
587 2558 760 2609 ἑκατέρων
780 2559 918 2611 ἔχοντες
930 2588 939 2606 ,
955 2562 1019 2606 τῆς
1035 2576 1118 2610 συγ-

97 2617 238 2669 γνώμης
259 2618 428 2672 ἑκατέρων
451 2617 671 2670 ἐστέρηνται,
690 2621 751 2657 οὐκ
773 2620 842 2657 ἀπὸ
863 2621 932 2657 τῶν
951 2620 1116 2672 ῥημάτων

100 2679 203 2729 μόνον
216 2709 226 2726 ,
243 2679 333 2717 ἀλλὰ
348 2679 407 2717 καὶ
424 2678 492 2717 ἀπὸ
507 2682 576 2717 τῶν
595 2679 789 2731 σχημάτων
809 2679 902 2722 ὄντες
921 2680 1118 2731 καταγέλα-

100 2755 185 2778 στοι.
205 2740 252 2778 Τί
271 2740 337 2792 γὰρ
352 2771 360 2787 ,
378 2739 454 2778 εἰπέ
479 2755 555 2790 μοι,
574 2740 631 2778 τὸν
654 2739 783 2791 αὐχένα
802 2739 1007 2788 ἀνατείνεις,
1027 2740 1061 2779 τί
1083 2740 1118 2780 δὲ

100 2921 164 2968 κὴν
183 2922 205 2968 ἢ
227 2922 406 2973 μέλαιναν,
421 2922 481 2960 καὶ
496 2924 543 2966 ὡς
562 2922 702 2961 πάντων
717 2925 875 2974 κρατῶν,
894 2922 1001 2966 οὕτως
1017 2925 1120 2976 ἀερο-

102 2982 236 3030 6ατεῖς;
255 2982 362 3034 Τάχα
382 2983 523 3021 ἐὸούλου
542 2998 595 3020 σοι
620 2983 678 3021 καὶ
703 2983 815 3035 πτερὰ
840 2986 942 3035 φῦναι
959 3010 969 3029 ,
988 2983 1044 3021 ἵνα
1071 2983 1119 3033 μὴ

105 3042 246 3093 βαδίζῃς
261 3043 318 3080 ἐπὶ
332 3047 394 3090 τῆς
411 3046 475 3094 γῆς
490 3059 498 3067 ·
518 3043 613 3095 τάχα
631 3043 691 3081 καὶ
708 3043 809 3095 τέρας
825 3037 913 3082 εἶναι
929 3045 1119 3094 ἐπιθυμεῖς.

104 3107 174 3144 Νῦν
194 3107 260 3160 γὰρ
279 3108 356 3160 οὐχὶ
374 3108 476 3160 τέρας
495 3110 619 3149 σαυτὸν
639 3109 846 3158 πεποίηκας,
865 3110 1043 3163 ἄνθρωπος
1058 3109 1120 3161 μὲν

104 3171 166 3220 ὧν,
187 3172 357 3212 πέτασθαι
374 3174 409 3212 δὲ
424 3178 608 3227 ἐπιχειρῶν
621 3191 631 3224 3
653 3177 784 3227 μᾶλλον
805 3176 840 3215 δὲ
857 3176 916 3215 καὶ
932 3176 1120 3227 πετόμενος

149 3302 159 3317 “
186 3292 260 3333 [καὶ
276 3297 333 3336 γὰρ
349 3299 429 3338 ἀρχή
445 3294 483 3327 A,
498 3301 532 3326 et
547 3305 652 3338 marg.
667 3295 785 3338 Savil.]

149 3346 165 3369 b
190 3343 315 3387 [sav'll-
332 3345 419 3387 conj·
436 3348 619 3390 ὑπερηφανία
642 3353 704 3380 τοῦ.
720 3347 825 3390 Supra
853 3348 890 3379 A.
910 3352 997 3382 τοῦτο
1023 3350 1053 3380 δὲ
1075 3352 1108 3380 ⁴:⁸0

105 3404 148 3439 μὶ,
168 3396 298 3438 §Ed-aoth]

150 3460 161 3472 ⁸*
187 3447 298 3482 Codex
325 3459 406 3481 unus
432 3464 495 3482 τινα
519 3453 640 3487 ἀσθενῆ,
658 3454 705 3483 καὶ
721 3453 818 3492 δειλὴ,
837 3463 908 3494 quae
923 3451 1020 3484 lectio
1040 3464 1106 3484 non

1193 2991 1262 3029 mis
1291 2991 1424 3044 pedum
1454 2990 1635 3042 unguibus
1664 2988 1831 3027 incedis?
1863 2990 1950 3040 quid
1986 2991 2174 3042 supercilia

1193 3053 1364 3091 extollis?
1387 3052 1475 3103 quid
1492 3061 1615 3105 pectus
1634 3051 1760 3088 inflas?
1779 3052 1960 3104 Capillum
1981 3066 2048 3090 non
2076 3061 2174 3104 potes

1192 3114 1250 3153 vel
1277 3115 1400 3152 album
1421 3113 1480 3152 vel
1506 3113 1650 3163 nigrum
1673 3113 1799 3161 facere,
1827 3122 1860 3150 et
1885 3127 1925 3150 ac
1954 3113 1983 3151 si
2011 3114 2175 3152 omnihus

1193 3175 1396 3228 imperares,
1415 3184 1448 3213 et
1462 3174 1563 3226 quasi
1578 3173 1613 3211 in
1628 3188 1706 3211 aere
1720 3173 1876 3211 incedis?
1891 3174 2023 3212 Forsan
2039 3185 2174 3228 optares

1174 3293 1358 3337 spernenda
1380 3293 1522 3327 videtur.
1542 3294 1755 3336 [Recepimus
1771 3306 1841 3326 eam
1868 3296 1900 3326 in
1918 3302 2044 3328 textum
2057 3322 2064 3336 ,
2085 3308 2175 3329 com-

1175 3346 1353 3388 probatam
1378 3345 1421 3377 ab
1446 3346 1482 3377 A.
1501 3344 1688 3389 Legebamr
1707 3351 1837 3385 ἀσθενής.
1865 3347 1939 3379 Mox
1958 3348 1995 3382 A.
2014 3354 2046 3380 et
2070 3360 2174 3393 marg.

1175 3398 1275 3434 Savil.
1295 3405 1391 3440 ἀγνοεῖ
1409 3399 1419 3440 ]
