2466 3805
135 367 210 394 CxP.
237 378 277 395 xi.

340 260 426 303 208
795 275 832 304 S.

335 369 416 394 cum
434 354 565 393 fidncia
591 363 719 392 manet.
744 356 779 390 1.
808 354 1034 390 Audierunt
1061 360 1192 389 autem
1220 365 1307 403 apo-

333 418 424 455 stoli
446 425 482 453 et
488 417 655 467 fratres,
676 416 742 465 qui
761 421 873 450 erant
893 415 934 448 in
949 413 1103 457 Judoea,
1125 415 1309 463 quoniam

333 485 369 513 et
378 484 507 527 gentes
521 481 741 525 receperant
754 474 914 509 verbum
924 471 1009 509 Dei.
1017 473 1054 508 9.
1068 472 1165 508 Cum
1177 480 1305 508 autem

330 537 558 574 ascendisset
573 536 710 571 Petrus
721 533 752 570 J
750 532 874 570 erosol
869 546 1023 581 ymam,
1036 532 1306 583 disceptabant

326 601 506 636 adversus
521 598 632 634 illum
649 599 716 648 qui
736 604 847 633 erant
865 610 912 632 ea:
927 598 1227 640 circumcisione,
1248 595 1304 632 di-

324 665 450 694 centes
468 672 478 691 :
497 658 531 694 5.
552 657 679 706 Quare
701 656 868 692 introisti
888 655 941 691 ad
953 656 1059 690 viros
1075 657 1301 705 prceputium

869 271 1050 303 JOANNIS
1083 270 1327 301 CHRYSOST.

1319 687 1365 712 193

1366 271 1551 302 ARCHIEP
1560 292 1569 301 .
1608 272 1947 304 CONSTANTINOP
1955 295 1965 304 .

1382 353 1441 390 καὶ
1469 352 1546 390 τότε
1571 353 1771 405 προσέταξε.
1791 355 1882 393 Τότε
1901 354 2078 406 ἐρώτησαν
2097 356 2198 395 αὐτὸν
2222 356 2398 407 ἐπιμεῖναι

1380 413 1513 466 ἡμέρας
1541 414 1648 456 τινάς.
1667 413 1849 452 Ἐντεῦθεν
1876 415 2016 460 εἰκότως
2042 416 2101 454 καὶ
2134 421 2251 469 θαρρεῖ
2277 417 2397 456 λοιπὸν

1381 473 1439 510 καὶ
1460 473 1626 523 ἐπιμένει.
1646 473 1823 512 Ἤκουσαν
1845 475 1880 513 δὲ
1900 479 1930 513 οἱ
1948 476 2135 515 ἀπόστολοι
2161 478 2220 516 καὶ
2240 479 2271 516 οἱ
2298 479 2399 516 ἀδελ-

1381 533 1437 585 φοὶ
1456 536 1485 571 οἱ
1501 534 1594 577 ὄντες
1619 532 1710 572 κατὰ
1728 534 1792 581 τὴν
1809 536 1992 582 Ἰουδαίαν,
2009 536 2062 574 ὅτι
2080 538 2139 575 καὶ
2168 536 2212 576 τὰ
2227 538 2305 584 ἔθνη
2328 538 2399 577 ἐδέ-

1380 592 1479 636 ξαντο
1497 594 1553 632 τὸν
1572 594 1672 645 λόγον
1692 599 1751 632 τοῦ
1769 597 1873 633 Θεοῦ.
1899 597 1969 634 Καὶ
1987 596 2044 635 ὅτε
2064 598 2170 645 ἀνέὸη
2200 599 2333 651 Πέτρος
2352 601 2398 642 εἷς

1379 651 1602 706 Ἱεροσόλυμα
1614 685 1623 702 ,
1647 655 1852 707 διεκρίνοντο
1871 657 1956 708 πρὸς
1973 658 2073 695 αὐτὸν
2089 661 2119 695 οἳ
2135 661 2174 696 ἐκ
2189 663 2398 712 περιτομῆς,

323 719 517 762 habentes,
540 725 576 753 et
596 715 945 763 manducastiscum
962 715 1071 752 illis?
1088 715 1211 752 Postea
1234 717 1304 753 Di·
1329 725 1355 754 A
1377 714 1553 764 λέγοντες·
1577 715 1632 755 ὅτι
1656 717 1740 768 πρὸς
1761 717 1887 770 ἄνδρας
1906 717 2138 769 ἀκροὸυστίαν
2155 719 2298 770 ἔχοντας
2321 722 2397 757 εἷσ-

322 779 547 828 sceptabant
569 779 634 829 qui
659 791 705 813 ex
732 778 1032 821 circumcisione,
1052 789 1119 813 non
1140 777 1301 827 apostoli.

322 838 419 884 Quid
435 847 485 875 est
495 838 598 886 illud,
614 839 918 889 DisceptabantP
930 837 1007 874 Non
1022 850 1160 888 parum,
1174 837 1302 887 inquit,

321 899 601 938 offendebantur.
617 899 665 937 Et
677 899 761 937 vide
772 897 862 950 quid
873 898 1054 950 objiciant.
1066 899 1145 935 Non
1161 898 1299 949 dicunt,

322 963 395 999 Cur
409 960 648 998 annuntiasti?
665 960 737 1009 sed,
753 961 783 997 C
786 973 831 996 ur
851 972 930 997 una
945 959 1216 997 manducasti?
1231 961 1302 996 Pe-

320 1032 396 1061 trus
416 1037 503 1061 vero
521 1036 590 1059 non
604 1021 642 1059 in
669 1021 734 1059 hoc
748 1021 878 1072 frigido
896 1020 990 1065 dicto
1011 1029 1167 1057 moratur
1189 1023 1202 1068 (
1219 1035 1301 1060 nam

320 1083 493 1135 frigidum
511 1097 592 1121 vere
611 1087 722 1129 erat),
740 1082 850 1120 sedin
870 1095 998 1131 magno
1011 1080 1085 1129 illo,
1101 1081 1222 1119 dicens
1239 1097 1246 1118 :
1262 1083 1300 1120 Si

321 1145 498 1198 Spiritum
523 1143 576 1180 illi
599 1151 817 1195 acceperant,
840 1141 1018 1193 quomodo
1051 1140 1118 1179 hoc
1137 1157 1206 1180 non
1229 1143 1300 1181 illis

321 1206 580 1246 concedendum
597 1206 694 1243 erat?
714 1205 902 1251 Quomodo
916 1217 999 1255 ergo
1012 1202 1047 1241 in
1069 1204 1300 1242 Samaritanis

319 1272 386 1308 hoc
410 1271 541 1308 factum
566 1283 634 1307 non
656 1278 718 1317 est,
739 1268 811 1305 imo
835 1265 1066 1314 contrarium,
1089 1278 1160 1303 non
1193 1265 1299 1304 modo

319 1344 410 1381 ante,
432 1333 492 1371 sed
516 1332 621 1370 etiam
646 1339 725 1383 post
780 1326 1031 1381 baptismum?
1052 1328 1173 1378 Neque
1207 1328 1301 1367 indi-

319 1395 416 1447 gnati
448 1403 528 1432 sunt
549 1409 556 1429 :
577 1393 648 1430 imo
670 1392 774 1429 etiam
801 1390 846 1428 ad
875 1404 952 1427 eam
985 1390 1099 1441 ipsam
1132 1403 1206 1427 rem
1231 1391 1299 1428 mi-

319 1464 448 1494 serunt.
470 1457 606 1494 Verum
629 1453 689 1490 hic
719 1465 789 1490 non
818 1466 857 1488 ea
875 1450 919 1488 de
955 1463 994 1487 re
1009 1459 1187 1499 accusant;
1204 1452 1297 1489 scie-

315 1518 402 1556 bant
416 1516 509 1554 enim
521 1516 588 1553 hoe
600 1514 730 1552 divinae
747 1514 867 1564 gratiae
882 1526 972 1559 esse3
993 1511 1068 1557 sed,
1088 1512 1230 1563 Quare,
1246 1511 1298 1550 in-

317 1577 459 1629 quiunt,
475 1577 719 1613 manducasti
729 1589 815 1612 cum
829 1574 935 1611 illis?
950 1573 1116 1622 Alioquin
1127 1586 1211 1610 vero
1221 1588 1296 1610 ma-

317 1653 427 1690 gnum
446 1647 479 1676 et
499 1638 713 1674 immensum
736 1635 926 1673 discrimen
956 1643 1030 1671 erat
1053 1634 1295 1673 Samaritanos

316 1698 409 1736 inter
423 1707 456 1735 et
475 1706 606 1748 gentes.
625 1696 695 1735 Vel
714 1695 818 1733 etiam
835 1709 898 1746 per
916 1693 1213 1746 dispensationem
1232 1709 1294 1733 ae-

315 1759 416 1808 cidit,
437 1758 531 1808 quod
556 1758 586 1795 is
611 1765 817 1805 accusetur,
841 1764 880 1792 ut
909 1755 962 1791 illi
991 1754 1128 1792 discant
1151 1770 1158 1790 :
1182 1769 1295 1806 neque

314 1822 408 1859 enim
426 1821 550 1857 Petrus
564 1833 638 1856 rem
651 1818 725 1856 sine
747 1831 850 1854 causa
865 1816 1033 1854 narravit.
1048 1816 1143 1855 Vide
1162 1826 1292 1867 autem,

314 1896 421 1933 quam
442 1881 487 1919 sit
502 1895 521 1918 a
537 1880 629 1917 fastu
646 1889 678 1917 et
699 1893 789 1916 vana
805 1877 918 1929 gloria
937 1877 1086 1915 alienus.
1106 1879 1199 1916 'Nam
1214 1880 1263 1917 ait
1283 1896 1291 1916 ε

310 1944 349 1980 4.
366 1944 559 1994 Incipiens
582 1943 735 1986 Petrus,
755 1940 971 1991 exponebat
998 1939 1078 1976 illis
1100 1953 1169 1990 per
1190 1941 1294 1978 ordi-

313 2018 413 2049 nem,
437 2004 566 2040 dicens
589 2016 599 2037 .·
620 2002 656 2039 5.
677 2002 762 2052 Ego
787 2013 894 2037 eram
927 2001 969 2036 in
996 2001 1153 2037 civitate
1171 2002 1293 2052 Joppe

313 2078 441 2103 orans.
454 2065 533 2102 Non
548 2062 635 2100 dicit
651 2076 772 2112 quare,
786 2061 843 2099 vel
858 2075 926 2111 qua
937 2061 1131 2099 occasione.
1141 2064 1195 2100 Et
1208 2065 1293 2100 vidi

313 2130 354 2163 in
379 2128 516 2163 mentis
543 2137 699 2162 excessu
723 2126 926 2168 visionem,
958 2123 1190 2161 descendens
1217 2139 1292 2163 vas

313 2187 507 2239 quoddam
522 2186 632 2222 velut
647 2185 807 2221 linteum
827 2197 1021 2235 magnum,
1037 2193 1203 2235 quatuor
1215 2188 1291 2222 ini-

312 2250 375 2285 tiis
396 2248 600 2284 demissum
619 2246 666 2282 de
690 2245 797 2291 coelo,
821 2253 857 2281 et
875 2247 985 2281 venit
1008 2257 1126 2295 usque
1147 2247 1201 2282 ad
1219 2260 1289 2286 me.

311 2310 347 2346 6.
363 2310 412 2344 In
433 2308 536 2360 quod
551 2309 702 2343 intuens
716 2306 1006 2342 considerabam
1017 2319 1031 2348 ;
1046 2313 1081 2341 et
1100 2306 1186 2341 vidi
1201 2319 1291 2358 qua-

312 2369 498 2420 drupedia
517 2376 638 2413 terroe,
659 2375 695 2404 et
715 2368 868 2414 bestias,
885 2374 921 2402 et
939 2366 1106 2417 reptilia,
1125 2376 1161 2404 et
1180 2369 1291 2405 vola-

313 2431 401 2467 tilia
427 2429 525 2467 eceli.
547 2429 585 2465 7.
609 2427 759 2465 Audivi
785 2435 914 2464 autem
942 2440 1079 2463 vocem
1104 2428 1291 2466 dicentem

312 2492 407 2528 milii
428 2505 438 2525 .-
460 2490 589 2540 Surge,
609 2490 738 2533 Petre,
762 2488 891 2524 occide
910 2495 945 2523 et
967 2488 1174 2525 manduca.
1194 2488 1291 2534 Quid

310 2566 373 2604 per
399 2551 475 2588 haee
501 2550 616 2588 dicere
644 2549 750 2587 vult?
770 2548 863 2587 Satis
889 2557 978 2597 erat,
1002 2548 1133 2599 inquit,
1161 2549 1291 2588 vidisse

310 2612 460 2649 linteum
473 2611 601 2648 adhoc
619 2609 903 2662 persuadendum
910 2625 920 2657 ,
938 2618 1090 2647 attamen
1109 2624 1183 2648 vox
1200 2625 1290 2661 quo-

310 2687 380 2722 que
401 2672 535 2724 adjecta
566 2680 628 2709 est.
653 2671 688 2709 8.
712 2672 808 2708 Dixi
839 2678 968 2707 autem
985 2685 998 2707 .-
1018 2671 1286 2723 Nequaquam,

311 2734 492 2779 Domine,
512 2734 604 2785 quia
627 2745 826 2769 commune
847 2739 883 2768 et
913 2732 1153 2768 immundum
1175 2746 1289 2769 num-

311 2809 428 2846 quam
442 2797 615 2831 introivit
628 2796 669 2830 in
684 2807 724 2830 os
744 2806 879 2831 meum.
892 2791 1155 2843 Viden'?q110d
1172 2808 1289 2831 meum

309 2864 396 2905 erat,
413 2856 540 2906 inquit,
560 2856 624 2893 feci
637 2871 644 2891 :
657 2855 750 2901 dixi,
769 2855 970 2904 Numquam
993 2854 1140 2892 comedi.
1156 2856 1232 2893 Hoc
1244 2854 1291 2893 ad

311 2918 370 2967 id,
392 2917 488 2968 quod
512 2917 677 2954 dicebant
706 2916 760 2953 illi
785 2931 792 2952 :
814 2919 1003 2963 Introisti,
1032 2925 1067 2954 et
1093 2918 1292 2955 comedisti

312 2993 396 3016 cum
427 2979 518 3016 illis.
536 2978 611 3015 Hoc
635 2992 718 3016 vero
746 2991 814 3014 non
838 2976 931 3014 dixit
961 2977 1123 3015 Cornelio
1147 2994 1154 3014 :
1178 2992 1291 3029 neque

312 3040 404 3077 enim
423 3055 560 3078 necesse
575 3049 659 3078 crat.
675 3041 711 3079 9.
730 3040 936 3092 Respondit
953 3048 1081 3076 autem
1102 3041 1196 3077 mihi
1210 3054 1290 3077 voa:

312 3103 478 3138 secundo
499 3103 546 3138 de
567 3102 660 3140 caelo
682 3117 690 3138 :
718 3103 811 3152 Quae
828 3102 933 3138 Deus
954 3101 1167 3149 mundavit,
1187 3109 1227 3138 tu
1245 3115 1291 3138 ne

312 3166 529 3200 communia
558 3164 714 3200 dixeris.
731 3163 794 3200 10.
814 3163 898 3199 Hoc
918 3162 1213 3213 autemfactum
1237 3169 1291 3199 est

315 3233 370 3261 ter
388 3240 397 3260 .·
414 3235 448 3263 et
464 3235 633 3264 retracta
656 3235 746 3263 sunt
767 3227 896 3262 omnia
915 3238 1065 3261 rursum
1084 3226 1125 3260 in
1139 3225 1287 3261 caelum.

316 3287 329 3321 1
347 3287 375 3323 1.
396 3288 449 3323 Et
473 3301 558 3325 ecce
583 3290 659 3325 viri
681 3296 755 3325 tres
773 3287 977 3340 confestim
995 3286 1228 3323 adstiterunt
1251 3287 1292 3320 in

359 3426 372 3440 ἃ
389 3415 448 3447 Alii
467 3421 544 3450 ἀλλὰ
561 3423 608 3451 καὶ
626 3422 799 3459 τούναντίον,
815 3421 846 3451 03
863 3424 950 3460 μόνον
968 3422 1024 3460 πρὸ
1043 3424 1102 3449 το).

1378 778 1499 824 ἦλθες,
1521 776 1580 814 καὶ
1600 776 1786 829 συνέφαγες
1815 779 1941 820 αὐτοῖς.
1962 777 2064 816 Μετὰ
2086 784 2238 817 τοσαῦτα
2260 779 2398 830 Διεκρί-

1376 853 1474 875 νοντο
1496 839 1526 874 οἱ
1546 839 1586 875 ἐκ
1610 841 1821 889 περιτομῆς,
1841 841 1905 891 οὐχ
1935 841 1965 877 οἳ
1993 839 2192 878 ἀπόστολοι.
2227 839 2274 878 Τί
2305 843 2396 889 ἐστι,

1378 899 1612 952 Διεκρίνοντο,
1651 898 1983 946 Ἐσκανόαλίζοντο,
2022 900 2138 952 φησὶν,
2175 900 2213 937 οὔ
2250 904 2393 954 μικρῶς.

1377 960 1448 997 Καὶ
1465 960 1524 997 θέα
1535 989 1545 1006 ,
1566 961 1599 996 τί
1618 960 1885 1010 προὸάλλονται.
1902 962 1955 998 Οὐ
1969 959 2127 1011 λέγουσι,
2142 960 2199 998 διὰ
2216 960 2250 997 τί
2267 961 2396 1012 κατήγ-

1376 1021 1507 1071 γειλας,
1527 1021 1628 1068 ἀλλὰ,
1646 1021 1713 1058 Διὰ
1724 1020 1758 1058 τί
1773 1021 1976 1073 συνέφαγες,
1998 1020 2042 1059 ‘O
2056 1020 2092 1059 δὲ
2112 1021 2243 1072 Πέτρος
2261 1023 2298 1059 οὖ
2311 1023 2397 1073 πρὸς

1378 1085 1475 1120 τοῦτο
1503 1081 1641 1120 ἵσταται
1668 1082 1707 1120 τὸ
1735 1081 1867 1135 ψυχρόν
1901 1082 2051 1135 (ψυχρὸν
2081 1083 2149 1134 γὰρ
2175 1083 2280 1126 ὄντως
2311 1076 2394 1132 ῆν),

1376 1143 1465 1180 ἀλλὰ
1486 1142 1571 1195 πρὸς
1598 1145 1706 1180 ἐκεῖνο
1727 1143 1766 1180 τὸ
1792 1142 1902 1193 μέγα,
1923 1143 2032 1194 λέγων
2045 1158 2052 1166 ·
2070 1143 2122 1180 ὅτι
2146 1145 2176 1180 εἰ
2192 1142 2395 1193 Πνεύματος

1377 1204 1567 1252 μετέλαέον
1586 1203 1645 1241 καί
1662 1203 1777 1251 αὐτοὶ,
1794 1207 1867 1245 πῶς
1885 1203 2006 1241 τούτου
2031 1204 2238 1254 μεταδοῦναι
2256 1205 2318 1241 οὐκ
2337 1198 2395 1253 ἦν,

1374 1265 1458 1308 Πῶς
1494 1258 1550 1302 οὖν
1583 1264 1640 1303 ἐπὶ
1670 1268 1738 1302 τῶν
1771 1265 2000 1317 Σαμαρειτῶν
2037 1268 2138 1302 τοῦτο
2169 1267 2206 1302 οὐ
2242 1264 2393 1316 γέγονεν,

1373 1325 1486 1363 ’ἀλλὰ
1507 1324 1723 1373 τούναντίον,
1746 1324 1805 1363 καὶ
1826 1325 1892 1377 γὰρ
1911 1326 1949 1362 οὗ
1972 1324 2072 1375 μόνον
2092 1325 2160 1377 πρὸ
2180 1329 2238 1362 τοῦ
2269 1324 2394 1376 βαπτί·

1341 1393 1348 1403 '
1374 1401 1506 1437 σματος
1532 1389 1593 1424 οὐκ
1619 1386 1773 1437 ἐγένετο,
1801 1387 1876 1424 ἀλλ’
1910 1386 1986 1423 οὐδὲ
2009 1386 2097 1436 μετὰ
2122 1386 2161 1423 τὸ
2190 1386 2391 1436 βάπτισμα·

1372 1448 1432 1485 καὶ
1451 1449 1512 1485 οὐκ
1527 1448 1788 1499 ἠγανάκτησαν,
1811 1447 1901 1485 ἀλλὰ
1918 1449 2047 1497 μᾶλλον
2066 1446 2272 1490 ἀκούσαντες
2288 1446 2393 1497 ἔπεμ-

1371 1511 1439 1560 ψαν
1453 1509 1511 1547 ἐπὶ
1523 1514 1621 1548 τοῦτο
1634 1509 1728 1547 αὐτό.
1749 1509 1839 1547 Ἀλλ’
1855 1508 1932 1547 οὐδὲ
1947 1510 2093 1546 ἐνταῦθα
2104 1512 2205 1546 τοῦτο
2224 1509 2392 1560 ἐγκαλοῦ-

1373 1587 1426 1609 σιν
1441 1587 1448 1595 ·
1470 1572 1610 1623 ᾔδεισαν
1627 1571 1694 1622 γὰρ
1718 1570 1770 1608 ὅτι
1785 1569 1876 1612 θείας
1898 1569 2040 1621 χάριτος
2052 1563 2093 1615 ῆν
2105 1584 2114 1591 ·
2132 1568 2239 1617 ἀλλὰ,
2257 1568 2326 1606 Διὰ
2344 1569 2390 1617 τί,

1372 1632 1473 1685 φασὶ,
1491 1632 1694 1683 συνέφαγες,
1711 1630 1842 1673 Ἄλλως
1860 1630 1895 1668 δὲ
1912 1630 1999 1668 πολὺ
2020 1629 2079 1667 καὶ
2100 1629 2241 1681 ἄπειρον
2258 1629 2297 1667 τὸ
2317 1629 2391 1667 διά·

1371 1710 1471 1747 φορον
1506 1695 1735 1745 Σαμαρειτῶν
1765 1691 1825 1729 καὶ
1857 1694 1975 1730 ἐθνῶν.
1997 1691 2047 1728 'H
2073 1691 2132 1729 καὶ
2166 1693 2391 1740 οἰκονομικῶς

1369 1755 1500 1806 γίνεται
1519 1754 1558 1792 τὸ
1582 1755 1792 1804 ἐγκληθῆναι
1817 1752 1933 1800 αὐτὸν,
1957 1752 2001 1790 ἵν’
2028 1747 2121 1790 οἶτοι
2152 1752 2329 1803 μάθωσιν·
2351 1755 2389 1792 οὐ

1369 1815 1436 1867 γὰρ
1453 1815 1492 1853 ἂν
1513 1816 1631 1857 ἁπλῶς
1646 1813 1780 1866 Πέτρος
1796 1808 1902 1852 εἶπεν.
1919 1813 2014 1866 υΟρα
2031 1814 2066 1851 δὲ
2082 1815 2185 1851 αὐτοῦ
2202 1814 2240 1852 τὸ
2262 1814 2388 1866 ἄτυφον

1368 1877 1426 1914 καὶ
1443 1875 1656 1920 ἀκενόδοξον.
1671 1875 1876 1928 Ἀρξάμενος
1894 1875 1962 1927 γὰρ
1975 1906 1984 1924 ,
2006 1875 2110 1928 φησὶ,
2133 1875 2268 1927 Πέτρος
2282 1875 2390 1919 ἐξετί-

1368 1942 1444 1976 θετο
1485 1939 1598 1980 αὐτοῖς
1630 1936 1774 1983 καθεξῆς
1787 1966 1797 1983 ,
1828 1937 1938 1988 λέγων
1953 1952 1960 1960 ·
1995 1936 2063 1987 ἐγὼ
2099 1936 2194 1987 ἥμην
2226 1940 2260 1975 ἐν
2289 1937 2388 1975 πόλει

1368 1998 1494 2051 Ἰόππῃ
1513 1997 1800 2051 προσευχόμενος.
1825 1998 1895 2035 Καὶ
1910 1999 1946 2035 οὔ
1961 1997 2055 2050 λέγει
2077 1998 2132 2035 διὰ
2149 1997 2202 2046 τί,
2232 1998 2307 2036 οὐδὲ
2331 1998 2388 2036 ἐπὶ

1368 2060 1450 2112 ποία
1468 2060 1651 2112 προφάσει.
1682 2058 1752 2098 Καὶ
1775 2053 1861 2096 εἶδον
1883 2061 1915 2096 ἐν
1938 2059 2099 2098 ἐκστάσει
2118 2061 2250 2110 ὅραμα,
2279 2074 2388 2097 κατα-

1368 2121 1483 2159 ὅαῖνόν
1501 2137 1535 2159 τι
1554 2126 1672 2163 σκεῦος
1686 2123 1732 2164 ὡς
1744 2120 1863 2167 ὀθόνην
1884 2120 2039 2171 μεγάλην
2057 2119 2241 2173 τέσσαρσιν
2263 2123 2386 2174 ἀρχαῖς

1367 2183 1574 2233 καθιεμένην
1605 2186 1643 2221 ἐκ
1673 2188 1730 2221 τοῦ
1758 2186 1922 2235 οὐρανοῦ,
1946 2182 2005 2219 καὶ
2024 2176 2126 2228 ῆλθεν
2156 2182 2257 2235 ἄχρις
2288 2184 2384 2232 ἐμοῦ.

1365 2244 1427 2286 Εἷς
1440 2245 1480 2290 ἢν
1497 2243 1655 2286 ἀτενίσας
1669 2244 1864 2291 κατενόουν,
1880 2244 1939 2281 καὶ
1956 2239 2043 2282 εἶδον
2057 2244 2102 2282 τὰ
2116 2244 2311 2296 τετράποδα
2324 2247 2387 2291 τῆς

1365 2307 1449 2355 γῆς,
1477 2305 1536 2342 καὶ
1564 2305 1608 2342 τὰ
1629 2304 1754 2357 θηρία,
1777 2304 1836 2342 καὶ
1859 2304 1903 2342 τὰ
1926 2305 2075 2355 ἑρπετὰ,
2095 2306 2154 2343 καὶ
2179 2305 2223 2343 τὰ
2243 2306 2384 2344 πετεινὰ

1365 2369 1424 2402 τοῦ
1441 2367 1583 2418 οὐρανοῦ
1595 2392 1605 2410 ,
1621 2365 1755 2410 ἤκουσα
1770 2364 1805 2402 δὲ
1820 2369 1935 2416 φωνῆς
1945 2366 2111 2416 λεγούσης
2125 2381 2184 2416 μοι
2194 2383 2201 2390 ·
2222 2367 2385 2412 ἀναστὰς,

1365 2426 1498 2477 Πέτρε,
1524 2430 1623 2463 θῦσον
1645 2425 1704 2463 καὶ
1724 2426 1822 2477 φάγε,-
1854 2426 1901 2463 Τί
1926 2425 1983 2463 διὰ
2010 2426 2139 2464 τούτων
2168 2429 2276 2464 εἰπεῖν
2305 2427 2384 2478 βού-

1365 2488 1482 2533 λεται,
1502 2486 1634 2524 Ἱκανὸν
1654 2481 1709 2533 ῆν,
1730 2486 1834 2538 φησὶ,
1856 2486 1915 2523 καὶ
1939 2490 2041 2524 τοῦτο
2071 2493 2207 2535 πεῖσαι,
2237 2487 2277 2524 τὸ
2303 2488 2384 2526 θεά-

1366 2552 1491 2585 σασθαι
1511 2547 1573 2593 τὴν
1591 2547 1728 2594 ὀθόνην·
1756 2547 1846 2594 πλὴν
1868 2547 1957 2585 ἀλλὰ
1976 2547 2035 2585 καὶ
2061 2548 2156 2600 φωνὴ
2177 2548 2382 2600 προσετέθη.

1366 2602 1474 2645 Εἶπον
1492 2608 1545 2645 δέ·
1565 2610 1754 2658 μηδαμῶς,
1779 2608 1905 2660 Κύριε,
1935 2608 1988 2646 ὅτι
2022 2608 2132 2647 κοινὸν
2149 2609 2170 2656 ἢ
2189 2609 2382 2662 ἀκάθαρτον

1365 2669 1527 2707 οὐδέποτε
1546 2672 1701 2716 εἰσῆλθεν
1730 2672 1776 2713 εἷς
1798 2670 1837 2708 τὸ
1852 2670 1964 2721 στόμα
1984 2686 2061 2720 μου.
2082 2669 2206 2722 Ὁρᾷς,
2227 2671 2280 2709 Τὸ
2299 2671 2381 2721 ἐμὸν

1365 2731 1532 2777 ἐποίησα,
1554 2730 1656 2782 φησίν
1670 2746 1677 2753 ·
1700 2725 1807 2778 εἶπον,
1831 2730 1884 2768 ὅτι
1911 2731 2072 2769 οὐδέποτε
2100 2731 2237 2783 ἔφαγον.
2268 2733 2382 2770 Τοῦτο

1364 2792 1449 2843 πρὸς
1466 2792 1482 2829 ὃ
1502 2790 1616 2842 ἔλεγον
1637 2793 1772 2838 ἐκεῖνοι,
1788 2790 1840 2828 ὅτι
1853 2793 2022 2837 Εἰσῆλθες
2043 2791 2101 2829 καὶ
2121 2791 2307 2843 συνέφαγες
2321 2794 2384 2829 αὖ-

1363 2859 1446 2895 τοῖς.
1473 2854 1584 2890 Τοῦτο
1610 2851 1645 2889 ἓὲ
1664 2852 1749 2903 πρὸς
1777 2852 1967 2904 Κορνήλιον
1991 2853 2028 2889 οὐ
2050 2852 2164 2903 λέγει·
2185 2854 2221 2890 οὔ
2243 2852 2310 2905 γὰρ
2339 2847 2381 2900 ῆν

1365 2914 1512 2965 ἀνάγκη.
1534 2913 1717 2965 Ἀπεκρίθη
1739 2913 1774 2951 δέ
1796 2929 1854 2963 μοι
1881 2914 1920 2950 ἐκ
1947 2912 2104 2965 δευτέρου
2135 2913 2229 2965 φωνὴ
2260 2916 2299 2952 ἐκ
2323 2918 2382 2951 τοῦ

1365 2978 1527 3027 οὐρανοῦ·
1548 2975 1569 3011 ἃ
1583 2977 1600 3011 ὅ
1619 2974 1706 3016 Θεὸς
1727 2974 1932 3025 ἓκαθάρισε,
1952 2973 1992 3011 σὺ
2010 2973 2057 3024 μὴ
2074 2974 2198 3012 κοίνου.
2219 2976 2331 3013 Τοῦτο
2347 2974 2382 3014 δὲ

1366 3037 1497 3088 ἐγένετο
1526 3036 1582 3073 ἐπὶ
1602 3035 1692 3088 τρὶς,
1721 3034 1779 3072 καὶ
1809 3034 1914 3072 πάλιν
1944 3035 2143 3082 ἀνεσπάσθη
2166 3036 2304 3074 ἅπαντα
2335 3037 2382 3079 εἷς

1363 3099 1420 3136 τὸν
1437 3097 1593 3149 οὐρανόν.
1614 3096 1683 3134 Καὶ
1703 3094 1774 3133 ἰδοὺ
1796 3095 1828 3139 ἐξ
1852 3098 1955 3141 αὐτῆς
1980 3102 2071 3147 τρεῖς
2088 3097 2207 3149 ἄνδρες
2232 3096 2380 3143 ἐπέστη-

1365 3176 1428 3198 σαν
1444 3160 1500 3197 ἐπὶ
1516 3158 1579 3205 τὴν
1593 3158 1715 3205 οἰκίαν,
1733 3160 1765 3195 ἐν
1782 3152 1805 3208 ῆ
1819 3157 1926 3207 ἥμην,
1944 3158 2199 3209 ἀπεσταλμένοι
2213 3158 2282 3196 ἀπὸ
2296 3160 2381 3196 Και-

1364 3219 1502 3273 σαρείας
1522 3219 1606 3272 πρός
1638 3234 1693 3269 με.
1722 3217 1830 3270 Ἅπερ
1850 3220 2022 3270 ἀναγκαῖα
2051 3215 2093 3267 ῆν
2125 3221 2316 3270 διηγεῖται,
2336 3218 2380 3256 τὰ

1365 3283 1453 3321 ἅλλα
1474 3281 1508 3319 δὲ
1531 3287 1666 3332 σιωπᾷ·
1693 3281 1822 3331 μᾶλλον
1846 3280 1880 3319 δὲ
1902 3280 1958 3319 διὰ
1976 3281 2104 3320 τούτων
2127 3281 2186 3320 καὶ
2208 3280 2295 3319 αὐτὰ
2314 3296 2380 3319 m-
