2502 3810
927 230 1067 258 CONTR
1074 230 1097 257 *i
1135 230 1161 258 11
1170 230 1402 259 ERETicos.

2093 211 2186 273 925

1209 309 1276 357 nis,
1295 310 1423 358 gratia,
1450 308 1732 346 miserationibus
1752 318 1784 346 et
1804 307 2018 357 benignitate
2042 307 2187 344 Domini

1208 363 1316 398 nostri
1340 364 1425 400 Jesu
1452 361 1600 408 Christi,
1621 361 1765 411 quicum
1795 362 1889 397 Patri
1916 360 2042 410 gloria,
2063 360 2187 404 honor,

1207 413 1366 451 adoratio
1379 428 1460 450 cum
1479 413 1700 451 sanctissimo
1719 413 1871 464 Spiritu,
1886 426 1980 450 nunc
1994 421 2027 450 et
2038 425 2187 463 semper,

118 310 291 356 κλήσεως,
307 309 427 360 γάριτι
447 309 505 346 καὶ
525 311 713 361 οἷκτιρμοῖς
733 309 791 346 καὶ
814 308 1055 377 φιλαῗνΟρωπίᾳ
1075 325 1134 346 του

119 361 250 427 Κυρίου
278 364 378 409 ἡνιῶν
409 361 524 407 Ἰησου
556 363 730 412 Χριστοῦ,
761 361 836 410 μεθ’
867 365 905 398 οὓ
937 365 986 412 τῷ
1018 361 1136 411 Πατρὶ

118 414 246 478 πρέπει
266 412 364 459 δόξα,
388 413 472 463 τιμὴ
494 414 552 451 καὶ
572 413 824 464 προσκύνησις,
853 429 914 450 συν
945 415 994 449 τῶ
1021 429 1137 451 πανα-

117 465 185 515 γίῳ
202 464 381 514 Πνεύματι
394 495 403 511 ,
422 471 477 503 νῦν
497 466 556 503 καὶ
579 466 650 511 ἀεὶ,
675 466 735 504 καὶ
755 467 801 509 εἷς
820 464 896 509 τοὺς
915 452 1041 507 αἰῶνας
1066 466 1136 503 τῶν
1161 469 1183 498 C
1209 474 1240 504 et
1258 466 1294 503 in
1315 466 1444 504 saecula
1463 465 1685 504 saeculorum.
1707 467 1832 503 Amen.

119 516 269 554 αἰώνων.
292 517 413 567 Ἀμήν.

908 735 1452 847 MONITUM

704 945 767 990 IN
802 942 1149 990 SERMONEM
1183 940 1586 1002 s-EQUENTEM.

177 1080 267 1125 Qum
279 1093 368 1130 saepe
380 1079 653 1131 Chrysostomus
670 1078 705 1116 in
724 1078 864 1131 seriptis
883 1078 957 1116 suis
976 1078 1081 1126 clare,
1097 1087 1220 1128 argute
1230 1085 1263 1114 et
1281 1076 1439 1114 dilucide
1458 1088 1521 1113 suo
1536 1087 1634 1111 more
1655 1081 1775 1110 contra
1794 1073 1940 1112 Arianos
1955 1083 1988 1111 et
2009 1076 2193 1113 Anomoeos

124 1142 374 1191 prosequitur,
389 1141 448 1179 hic
469 1141 631 1191 quisquis
652 1141 696 1179 sit
715 1142 865 1193 scriptor
881 1140 1048 1193 perplexe
1067 1149 1220 1188 tractam
1247 1139 1373 1177 Arium
1388 1147 1422 1177 et
1446 1138 1596 1176 Arianos
1615 1135 1748 1188 carpit,
1768 1137 1804 1173 in
1824 1137 1950 1174 multis
1963 1137 2012 1174 ita
2035 1138 2194 1183 obscure,

125 1211 164 1239 ut
182 1216 433 1252 nonnunquam
451 1201 702 1253 divinandonea
731 1202 854 1239 Latine
876 1209 1079 1238 convertere
1099 1199 1209 1237 coacti
1223 1198 1345 1237 simus.

479 1427 581 1466 Κατὰ
604 1429 796 1481 αἶρε-πικῶν.
1167 1428 1191 1457 D

179 1549 355 1600 Χορευτὰς
370 1552 431 1595 τῆς
451 1549 624 1592 εὐσεὸείας
636 1551 725 1599 ὑμᾶς
744 1549 802 1587 καὶ
819 1549 1033 1601 στρατιώτας
1049 1548 1142 1586 εἶδό-

126 1619 201 1649 τες,
216 1606 273 1639 νυ”ν
295 1602 336 1652 μὲ
339 1618 355 1639 ν
370 1601 434 1647 τὴν
450 1605 517 1638 τῶν
540 1604 669 1646 ἠθικῶν
689 1605 736 1644 ὡς
748 1606 931 1664 χορευταῖς
965 1603 1144 1667 γλυκυφω-

125 1654 200 1692 νίαν
223 1655 447 1718 προτιθεμαι,
468 1669 524 1692 νυν
546 1653 669 1699 δὲτὴν
694 1653 908 1704 δογυ.ατικην
928 1657 1004 1695 ταῖς
1023 1655 1143 1696 ἀκοαῖς

126 1706 393 1770 αὖστηρότητα,
411 1706 569 1757 καθάπερ
589 1705 778 1774 σάλπιγγος
797 1706 924 1757 φωνην,
940 1708 1142 1756 ὑπηγουμεν

122 1759 292 1800 ὃπλίταις.
313 1758 373 1802 ΕΞ
391 1761 507 1809 diupo-c
510 1758 595 1809 ε’ρων
614 1758 681 1809 γαρ
706 1763 727 1805 ἡ
758 1775 819 1804 της
835 1757 1008 1800 566565i'0te
1026 1774 1143 1796 συντε-

120 1815 233 1849 θειται
256 1809 447 1862 μόρφωσις,
467 1813 535 1848 τῶν
560 1810 621 1861 μὲν
652 1813 780 1856 ἠθικῶν
802 1810 864 1857 τὴν
896 1826 954 1848 του
983 1826 1142 1860 σωματος

122 1863 218 1908 ταξιν
229 1863 540 1942 ἀναπληρούντων,
557 1866 618 1909 τῆς
635 1865 669 1901 δὲ
687 1866 754 1901 τῶν
773 1863 954 1928 δογμάτων
971 1862 1143 1928 παραζεύ-

123 1915 205 1959 ξεως
225 1917 258 1952 ἐν
269 1919 312 1966 τῇ
331 1932 393 1961 της
413 1918 526 1967 ,10775
546 1915 760 1967 τεταγμένης
788 1915 877 1967 ἀξίᾳ.
896 1913 1061 1966 Καθάπερ
1075 1914 1142 1966 γὰρ

121 1983 285 2022 σωματος
313 1968 581 2018 ἀποζευχθέντος
599 1971 734 2020 ψυγῆς,
757 1971 779 2014 ἡ
805 1970 873 2006 τῶν
875 1970 1029 2033 μελῶν
1028 1968 1078 2018 ἄ]
1082 1984 1141 2018 ρη-

119 2035 201 2063 στος
216 2024 236 2071 ἠ
257 2036 320 2057 καν
336 2021 708 2067 επαινῆταισυνθηκη·
726 2020 814 2058 ούτο)
830 2021 887 2058 καὶ
904 2024 965 2066 τῆς
983 2022 1050 2057 τῶν
1067 2023 1141 2065 ἠθι-
1165 2034 1189 2064 Ε

121 2076 191 2110 κῶν
213 2075 338 2141 ἀρετ-Νης
356 2073 395 2110 τὸ
410 2073 535 2116 καλλος
546 2087 666 2125 νεκρον
685 2077 727 2125 ¹2¹7,
745 2077 812 2111 τῶν
834 2073 1015 2124 δογμάτων
1039 2072 1142 2109 δυνά-

120 2141 179 2175 μει
200 2142 248 2175 μη
275 2125 504 2192 ψυχούμενον.
526 2126 573 2163 Τί
598 2126 664 2177 γὰρ
691 2126 815 2192 ὄφελος
838 2128 930 2171 ἠΟων
952 2131 1139 2176 σωφρονεῖν

120 2178 386 2225 παιδευθεντων,
404 2177 486 2215 ὅταν
507 2178 563 2216 τὸν
576 2182 637 2224 τῆς
657 2178 878 2230 cti÷poe6vm
896 2193 1017 2228 κριτην
1033 2180 1050 2214 6
1069 2193 1140 2215 σω-

121 2233 254 2281 φρονῶν
278 2233 405 2281 ἀγνοῆ;
425 2230 459 2268 τί
478 2233 539 2276 τῆς
553 2232 784 2280 ἐλεημοσύνης
801 2231 839 2268 τὸ
858 2230 975 2281 κέρδος
988 2260 997 2277 ,
1022 2230 1103 2267 ὅταν
1124 2233 1142 2268 6

119 2286 181 2329 τῆς
195 2282 430 2332 ἐλεημοσύνης
451 2282 673 2331 ἀθετούμενος
693 2286 883 2351 ἀγανακτῇ
890 2282 1075 2329 δικαστής
1091 2282 1142 2325 τίς

118 2334 237 2381 ὄνησις
257 2350 488 2400 στρατιωταις
507 2334 674 2386 υπάρξει,
689 2335 821 2383 πολλὴν
846 2334 906 2386 μεν
926 2335 1142 2385 ἐνδεικνυμέ-

119 2403 188 2430 νοις
204 2389 376 2452 ἄγαθῶν’
362 2387 538 2438 εργασίαν,
556 2389 727 2440 ἐχθρῶν
709 2387 744 2426 οε
762 2391 812 2425 τῶ
836 2389 990 2455 βασιλεῖ;
1007 2389 1067 2434 M),
1086 2403 1141 2425 κε-

119 2440 310 2491 χρημένοις
347 2440 438 2478 ἅπαν
464 2440 591 2486 ἔθηκας
620 2443 749 2503 ἀρετῆς
784 2427 956 2491 ανωφε)ὲς
976 2440 1141 2478 πλεονέκ-

120 2508 218 2541 τημα
232 2522 241 2539 ,
278 2494 340 2537 τῆς
385 2496 453 2529 τῶν
491 2492 673 2543 δογμάτων
709 2493 757 2542 μὴ

120 2543 316 2595 ῧρθότητος.
337 2546 399 2581 Δεῖ
416 2544 481 2595 γὰρ
502 2547 541 2582 ἐκ
569 2544 663 2596 ρίζης
682 2544 760 2587 τοὺς
789 2544 942 2596 καρπους
963 2545 1142 2594 προϊέναι,

121 2596 180 2633 καὶ
201 2596 245 2634 τὰ
278 2612 379 2648 νευρα
413 2600 480 2634 τῶν
503 2598 635 2647 ἀρετῶν
661 2599 699 2635 ἐκ
733 2599 886 2643 κεφαλῆς
907 2598 1140 2663 ἀφορμᾶσθαι.

119 2648 297 2697 Ταύτης“
281 2655 382 2698 ημεῖς
415 2649 692 2715 εκκρεμοίμενοι,
726 2650 785 2686 καὶ
820 2648 864 2686 τὰ
895 2652 964 2686 τῶν
983 2648 1141 2699 πράξεων

121 2703 206 2753 αὐτῇ
226 2701 486 2753 συνυφαίνοντες
504 2700 611 2750 μελη,
629 2701 667 2738 τὸ
682 2704 743 2747 τῆς
763 2700 934 2743 εὗσεὸείας
953 2700 1140 2767 ὁλόκληρον

122 2755 250 2818 ἄπαρτι
244 2754 355 2804 ζομεν
383 2756 506 2804 σῶμα,
525 2769 588 2800 την
610 2770 669 2791 του
692 2753 854 2803 σώματος
875 2752 1029 2804 κεφαλην
1052 2753 1139 2805 Χρι-

121 2806 200 2844 στὸν
217 2822 259 2844 πε
266 2806 513 2872 ρισφίγγοντες
544 2806 654 2849 Αὐτὸς
674 2806 760 2857 γαρ,
780 2821 895 2856 φησιν,
921 2805 1013 2843 ἐστιν
1033 2808 1054 2851 ἡ
1082 2821 1141 2842 κε-

119 2858 212 2910 φαλὴ
240 2875 298 2896 του
333 2858 495 2909 σώματος
519 2861 582 2903 τῆς
615 2859 850 2905 Ἔκκλησιας·
872 2858 906 2896 ὃν
906 2856 1020 2922 ἕγειν
1044 2859 1140 2923 αἱρε-

118 2912 208 2949 τικοὶ
235 2911 388 2963 κεφαλὴν
410 2910 627 2957 ἀπηξίωσαν.
657 2912 774 2961 Εὐγῆς
807 2909 848 2947 μὲ
852 2926 868 2945 ν
888 2914 942 2946 οὐν
972 2909 1062 2953 ἄξιον
1090 2909 1138 2959 μὴ

118 2979 261 3000 τοιαυτα
289 2964 517 3014 Χριστιανως
534 2964 600 3001 καλ
594 2978 764 3014 ουμενους
787 2961 878 3000 κατὰ
898 2963 1050 3010 Χριστου
1070 2977 1140 3011 με-

121 3015 278 3063 μηνέναι.
301 3018 372 3054 Νυν
402 3016 437 3055 65
456 3033 514 3054 και
532 3016 635 3068 χάριν
657 3017 769 3059 αὐτοῖς
789 3017 851 3060 τῆς
871 3030 995 3064 μανιας
1014 3013 1137 3059 ἰστέον,

118 3066 172 3104 ὅτι
191 3071 346 3105 ποιοῦσιν
365 3072 459 3116 ἡμᾶς
492 3068 716 3120 ἐγρηγορέναι
735 3070 928 3110 λυσσῶντες
943 3096 952 3113 ,
979 3066 1032 3104 ὅτι
1053 3065 1139 3115 πρὸς

119 3118 238 3169 μάχην
260 3120 419 3165 ποΟεινην
444 3121 643 3170 ἐρεθίζουσι.
661 3123 764 3159 (Doti
778 3136 845 3171 γαρ
869 3118 985 3170 υάγην
1003 3118 1139 3169 εἰρήνης

120 3170 297 3220 βελτίονα,
319 3173 413 3236 φιλῶ
426 3172 577 3222 πόλεμον
598 3174 737 3239 ἀγάπης
756 3171 1028 3223 μακαριώτερον,
1049 3171 1138 3219 φιλῶ

117 3221 260 3273 γνώαην
275 3222 464 3272 πομπεύειν
485 3224 599 3277 πρὸς
593 3225 655 3262 (ιὲν

168 3356 180 3371 ι’·
203 3344 329 3387 [Savil.
350 3351 387 3379 ἵσ.
407 3347 551 3392 προερῤ-]

794 2498 947 2560 ὃπροσερ
936 2469 1203 2556 ’ριζωυένηςὸἒο
1216 2499 1263 2527 tet
1278 2489 1371 2526 enim
1391 2489 1528 2525 finctus
1543 2502 1587 2525 ex
1607 2487 1726 2525 radice
1751 2488 1948 2538 proficisci,
1967 2497 1999 2525 et
2018 2489 2193 2526 virtutum

1489 1423 1636 1460 Contra
1654 1420 1885 1460 Hoereticos.‘

1269 1545 1359 1583 Cum
1369 1558 1432 1582 vos
1443 1553 1475 1581 et
1485 1545 1628 1582 choreas
1645 1543 1785 1595 pietatis
1798 1552 1937 1595 agentes
1954 1552 1987 1582 et
1998 1543 2127 1581 milites
2142 1545 2196 1582 vi-

1214 1596 1332 1647 deam,
1346 1596 1452 1634 modo
1472 1597 1661 1634 moralium
1682 1609 1800 1633 lerum
1824 1605 1965 1633 cantum
1986 1611 2130 1634 suavem
2153 1605 2192 1634 ut

1214 1649 1300 1686 (thoi
1302 1663 1357 1686 eas
1376 1650 1561 1700 agentibus
1577 1662 1747 1700 propono,
1762 1648 1866 1686 modo
1879 1648 2119 1700 dogmaticam
2134 1664 2195 1686 au-

1213 1701 1314 1738 ribus
1330 1716 1475 1753 persono
1494 1702 1741 1749 severitatem,
1760 1710 1793 1738 et
1813 1702 1906 1738 tubae
1923 1702 2135 1752 clangorem,
2156 1711 2196 1739 ut

1214 1754 1400 1792 militibus
1419 1755 1477 1792 Ex
1503 1763 1652 1804 unoque
1669 1754 1764 1791 enim
1783 1754 1923 1812 pietatis
1942 1755 2053 1791 forma
2068 1755 2195 1791 consti-

1214 1806 1346 1854 tuitur,
1367 1806 1561 1844 moralibus
1586 1805 1742 1858 corporis
1765 1805 1926 1843 ordinem
1951 1806 2192 1858 implentibus,

1214 1858 1440 1909 dogmatibus
1428 1873 1511 1909 que
1541 1858 1719 1917 adjunctis
1756 1859 1803 1896 ad
1828 1859 1953 1896 animae
1983 1859 2194 1910 dignitatem

1216 1912 1334 1948 confei
1336 1912 1486 1948 entibus
1503 1911 1602 1949 Sicut
1623 1925 1717 1949 enim
1736 1925 1883 1970 corpore
1896 1912 1940 1948 ab
1958 1912 2076 1949 anima
2092 1926 2193 1963 sepa-

1214 1973 1303 2011 rato,
1326 1964 1566 2001 membrorum
1592 1963 1799 2015 compositio
1824 1963 1961 2001 inutilis
1988 1964 2106 2013 fuerit,
2128 1965 2193 2001 etsi

1214 2031 1251 2053 ea
1281 2016 1470 2054 laudetur·
1462 2016 1534 2054 ¹sic
1553 2025 1586 2053 et
1612 2016 1801 2053 moralium
1831 2030 1947 2053 lerum
1975 2016 2092 2067 decor,
2124 2016 2193 2054 nisi

1213 2068 1421 2119 dogmatum
1436 2069 1473 2106 vi
1498 2069 1677 2115 fulciatur,
1706 2077 1886 2106 emortuus
1905 2077 1968 2106 est.
1991 2070 2079 2114 Quae
2098 2069 2193 2106 enim

1215 2123 1350 2159 utilitas
1377 2130 1426 2159 est
1445 2121 1634 2158 moralium
1650 2135 1727 2171 quae
1744 2121 2012 2172 temperantiam
2028 2121 2188 2167 doceant,

1213 2174 1241 2211 si
1263 2174 1502 2226 temperantiae
1522 2173 1684 2213 Judicem
1701 2182 1898 2232 temperans
1917 2174 2077 2224 ignoret?
2097 2174 2192 2224 quod

1214 2227 1444 2278 eleemosynae
1458 2226 1599 2264 lucrum
1615 2235 1678 2273 est,
1692 2240 1718 2263 st
1739 2227 1966 2277 eleemosynae
1981 2226 2098 2265 Judex
2112 2241 2192 2264 eon-

1213 2287 1343 2317 temtus
1357 2278 1586 2329 indignetur?
1597 2256 1710 2328 quid
1696 2287 1800 2329 Juvat
1819 2279 1964 2327 milites,
1980 2278 2008 2315 si
2024 2281 2192 2317 strenuis-

1215 2332 1302 2369 sime
1323 2345 1397 2369 rem
1419 2340 1537 2381 agant,
1549 2330 1661 2367 dum
1651 2331 1785 2368 inimici
1803 2330 1894 2381 regis
1915 2331 2019 2368 sunt?
2037 2331 2193 2371 Virtutis

1215 2385 1354 2422 culmen
1384 2383 1511 2421 inutile
1529 2383 1633 2435 ponis
1654 2383 1697 2421 iis
1724 2383 1784 2434 qui
1806 2397 1875 2420 non
1896 2392 2055 2431 utuntur,
2069 2384 2098 2421 si
2114 2385 2193 2434 qui-

1216 2437 1297 2474 dem
1320 2445 1411 2474 recta
1433 2436 1599 2486 dogmata
1613 2435 1768 2473 radicem
1782 2435 2053 2487 nonposueiint.
2077 2439 2193 2488 Opor-

1216 2555 1277 2578 nei
1281 2555 1341 2579 vos
1357 2555 1401 2578 ex
1427 2540 1541 2591 capite
1563 2539 1718 2591 prodire.
1746 2539 1803 2576 Ex
1822 2539 1889 2576 hoc
1908 2554 1970 2577 nos
1986 2540 2191 2591 pendentes,

1215 2602 1248 2630 et
1263 2593 1348 2629 huie
1366 2593 1524 2629 membra
1536 2591 1711 2628 bonorum
1725 2605 1809 2642 oper
1813 2605 1871 2628 um
1886 2592 2104 2650 copulantes,
2118 2607 2192 2643 pie.-

1215 2644 1296 2682 tatis
1328 2653 1442 2681 totum
1479 2657 1606 2694 corpus
1641 2644 1867 2695 perficimus,
1893 2657 2051 2694 corporis
2087 2653 2192 2695 caput

1214 2696 1396 2734 Clnistum
1426 2695 1708 2747 complectentes.
1728 2700 1815 2746 Ipse
1834 2673 1935 2732 eizim
1963 2705 2037 2741 est,
2060 2696 2188 2746 inquit,
2207 2713 2272 2741 Col
2292 2720 2316 2739 ,
2338 2709 2383 2739 ,g

1215 2758 1331 2800 caput
1355 2762 1522 2799 corporis
1550 2748 1746 2785 Ecclesiae.
1777 2747 1882 2793 Quod
1899 2757 2010 2806 eaput
2037 2748 2191 2786 baeretici

1215 2816 1282 2838 non
1301 2800 1437 2851 dignati
1453 2809 1534 2837 sunt
1551 2800 1693 2837 habere
1716 2799 1906 2837 Precibus
1897 2800 2006 2851 igitur
2024 2813 2112 2851 opus
2127 2800 2190 2838 ha-

1212 2854 1311 2900 bent,
1334 2862 1372 2890 ut
1391 2867 1434 2890 ne
1452 2852 1645 2889 Clnistiani
1665 2851 1846 2903 appellati,
1868 2861 1987 2889 contra
2009 2852 2189 2890 Christum

1215 2884 1401 2943 insaiiiant.
1421 2906 1525 2942 Nunc
1544 2913 1661 2941 autem
1684 2904 1806 2954 gratiae
1833 2904 1906 2941 illis
1921 2904 1990 2941 de
1981 2904 2113 2942 insania
2127 2918 2190 2942 sua

1213 2957 1384 2996 habendae
1400 2966 1495 3005 sunt,
1512 2956 1594 3006 quia
1609 2956 1698 2993 dum
1710 2955 1828 2993 rabidi
1847 2956 1988 3003 instant,
2006 2965 2044 2992 ut
2065 2956 2191 3007 vigile-

1213 3024 1292 3048 mus
1311 3009 1491 3047 efficiunt:
1508 3008 1555 3045 ad
1569 3021 1724 3065 pugnam
1739 3008 1832 3044 enim
1846 3007 2115 3045 desiderabilem
2128 3022 2190 3046 nos

1212 3062 1383 3099 incitant·
1401 3073 1557 3111 pugnam
1579 3073 1673 3096 enim
1701 3073 1782 3096 amo
1804 3073 1889 3110 pace
1902 3059 2095 3106 meliorem,
2117 3061 2191 3098 bel-

1211 3114 1286 3151 lum
1317 3113 1430 3162 diligo
1457 3112 1602 3148 caritate
1624 3111 1773 3148 beatius.
1803 3111 2019 3149 Sententiam
2042 3112 2193 3150 libenter

1212 3166 1330 3213 effero,
1352 3178 1431 3215 quae
1460 3163 1554 3215 apud
1578 3163 1725 3214 gentiles
1756 3163 1791 3200 in
1815 3163 1948 3201 honoie
1969 3163 2118 3201 habetur
2146 3165 2192 3202 ob

675 3225 854 3271 ςΈλληνας
880 3237 1136 3274 σεμνυνομενην
1163 3229 1185 3260 Β
1212 3218 1412 3267 Christum,
1434 3215 1529 3268 apud
1549 3230 1611 3254 nos
1631 3224 1748 3253 autem
1762 3215 1991 3254 dissidiorum
2008 3230 2112 3255 causa
2127 3226 2192 3266 est,
