2502 3810
124 2498 276 2523 Peccatum

92 2544 269 2566 senectutem

93 2580 189 2607 asti-rt.

278 278 368 340 578

276 383 353 411 tate
382 375 473 408 ‘vitri’
502 369 752 407 ambulemus.
783 367 850 404 Hic
875 380 956 403 cum
983 374 1075 403 recte
1106 363 1252 402 vivendi

275 434 390 472 studio
405 430 694 469 resurrectionem
710 442 849 479 quoque
865 427 1077 465 subindicat.
1095 427 1252 472 Quomo-

273 494 343 531 do?
364 490 567 538 credidisti,
588 489 716 540 inquit,
741 488 927 526 Christum
947 496 1128 525 mortuum
1148 486 1253 523 fuisse

272 563 305 590 et
341 550 598 589 resurrexisse?
627 550 724 600 Ergo
758 558 792 586 et
824 548 920 599 quod
951 548 996 585 ad
1036 557 1069 585 te
1104 546 1255 599 pertinet

272 612 420 659 credit03
444 612 509 648 hoc
530 611 621 648 enim
653 610 708 647 illi
737 609 853 647 simile
882 618 947 658 est,
974 609 1141 659 quoniam
1160 606 1206 644 ad
1222 616 1256 644 te

272 687 410 723 quoque
439 681 573 725 spectat
592 681 623 709 et
645 686 735 709 crux
755 680 787 708 ct
814 669 1029 722 sepulcrum.
1050 671 1141 707 Nam
1160 669 1190 706 si
1218 668 1255 706 in

272 742 382 771 morte
398 742 431 770 et
448 733 484 770 in
502 732 663 785 sepulcro
683 745 822 769 consors
836 731 905 782 ipsi
921 730 1033 778 fuisti,
1053 730 1165 767 multo
1182 743 1257 766 ma-

272 794 326 843 gis
345 794 380 830 in
397 793 652 831 resurrectione
678 802 710 830 et
729 792 801 830 vita
818 808 825 827 :
842 791 956 828 soluto
977 805 1128 840 namque
1147 790 1257 842 majo-

271 869 308 892 re
322 885 331 901 ,
352 854 522 892 nimirum
552 863 712 906 peccato,
734 853 778 890 de
807 853 957 901 minore,
978 866 1104 904 nempe
1133 851 1257 889 mortis

272 915 393 962 exitio,
411 929 478 952 non
500 924 551 952 est
569 914 665 965 quod
690 913 884 951 dubitetur.
909 915 1044 952 Verum
1066 912 1140 949 haec
1164 912 1255 948 inte-

272 977 340 1014 rim
360 977 492 1014 Paulus
519 976 723 1013 auditorum
753 974 971 1012 conscientiae
1003 972 1257 1010 consideranda

274 1037 439 1086 relinquit
448 1052 457 1085 ;
473 1037 548 1088 ipse
562 1050 645 1074 vero
662 1035 843 1087 proposita
858 1036 978 1071 sutura
993 1033 1257 1080 resurrectione,

273 1098 380 1134 aliam
400 1112 419 1133 a
434 1097 535 1134 nobis
551 1096 843 1133 resurrectionem
863 1094 988 1145 exigit,
1007 1108 1141 1132 novum
1160 1094 1259 1131 insti-

275 1167 392 1194 tutum
404 1157 439 1194 in
454 1157 617 1208 praesenti
633 1158 719 1204 vita,
739 1155 833 1206 quod
846 1170 892 1192 ex
907 1169 1046 1192 morum
1067 1155 1260 1192 mutatione

275 1218 350 1254 fiat.
370 1219 463 1254 Nam
492 1231 574 1254 cum
595 1217 788 1254 fornicator
810 1225 924 1253 castus
946 1215 1114 1262 efficitur,
1133 1229 1260 1252 avarus

276 1279 489 1327 misericors,
511 1292 613 1329 asper
632 1280 848 1320 mansuetus,
864 1276 922 1314 hic
942 1291 1081 1327 quoque
1100 1289 1260 1313 resurre—

277 1340 346 1377 ctio
368 1340 422 1385 fit,
445 1353 521 1390 quae
539 1340 666 1376 futurae
693 1338 905 1391 prooemium
924 1347 985 1376 est.
1017 1338 1062 1375 Et
1083 1337 1260 1387 quomodo

276 1399 484 1436 resurrectio
499 1400 577 1436 cst?
594 1401 738 1436 Mortuo
754 1408 909 1450 peccato,
930 1408 962 1435 et
979 1398 1119 1450 justitia
1137 1411 1260 1435 exsur-

277 1470 377 1509 gente
390 1475 400 1507 3
414 1459 564 1510 pristina
584 1459 658 1496 vita
675 1459 803 1507 deleta,
821 1473 911 1496 nova
927 1467 1044 1495 autem
1062 1458 1128 1494 hac
1146 1466 1179 1495 et
1199 1471 1260 1494 an-

277 1519 387 1569 gelica
405 1519 555 1570 vigente.
579 1521 669 1556 Cum
691 1519 792 1556 audis
810 1519 923 1556 vitam
949 1532 1090 1565 novam,
1112 1518 1260 1554 multam

278 1594 396 1629 quaere
414 1579 656 1617 diversitatem
677 1589 709 1616 et
729 1579 958 1616 mutationem
981 1592 1158 1629 magnam.

731 287 750 316 S
761 307 768 315 .
807 283 989 315 JOANNJS
1026 280 1263 311 CuanosT.

333 1758 366 1794 5.
387 1758 521 1794 Verum
541 1756 576 1793 in
607 1757 784 1808 lacrymas
813 1769 960 1806 erumpo
991 1755 1081 1793 etin
1112 1757 1266 1807 gemitus

280 1830 525 1868 magnos,cum
541 1817 655 1868 cogito
669 1826 838 1867 quantam
854 1831 873 1853 a
885 1816 986 1854 nobis
1000 1817 1266 1869 philosophiam

279 1878 399 1928 exigat
418 1876 561 1921 Paulus,
580 1885 614 1913 et
634 1877 671 1914 in
692 1886 859 1926 quantam
878 1890 941 1913 nos
956 1876 1138 1927 ignaviam
1153 1879 1267 1930 conje-

281 1937 413 1984 cimus,
444 1945 522 1987 post
550 1936 770 1988 baptismum
802 1936 849 1973 ad
878 1936 1032 1987 priorem
1054 1947 1267 1975 senectutem

282 1997 423 2043 reversi,
441 2006 543 2047 atque
558 1996 593 2033 in
607 1997 806 2049 AEgyptum
819 1996 1014 2045 redeuntes,
1031 2007 1063 2035 et
1078 2008 1158 2049 post
1175 2013 1269 2036 man·

281 2072 344 2105 na,
365 2057 448 2094 allia
468 2058 504 2094 in
536 2058 743 2095 memoriam
777 2066 992 2096 revocantes
1014 2060 1143 2095 Decem
1175 2060 1268 2096 enim

283 2127 345 2155 aut
372 2117 500 2168 viginti
520 2117 647 2155 diebus
667 2127 744 2169 post
763 2118 941 2169 baptisma
961 2119 1100 2162 mutati,
1120 2120 1270 2171 pristina

284 2192 427 2215 rursum
445 2178 686 2228 aggredimur.
706 2181 751 2215 At
770 2191 839 2214 non
860 2187 1031 2215 statutum
1047 2179 1186 2217 dierum
1206 2195 1270 2218 nu-

285 2251 439 2285 merum,
457 2237 518 2275 sed
544 2247 655 2275 totam
683 2237 797 2275 vitam
817 2238 951 2289 expetit
980 2239 1112 2276 Paulus
1132 2239 1174 2276 ad
1204 2241 1272 2278 hoc

286 2297 435 2335 vivendi
464 2297 667 2334 institutum
683 2313 689 2333 :
705 2311 767 2334 nos
791 2307 910 2334 autem
929 2298 976 2335 ad
999 2299 1188 2349 pristinum
1212 2314 1273 2339 vo-

287 2357 416 2394 mitum
433 2356 577 2404 reversi,
591 2365 669 2408 post
684 2357 908 2407 juventutem
919 2371 939 2393 a
956 2358 1067 2407 gratia
1082 2368 1272 2410 acceptam,
1292 2372 1317 2400 D

288 2432 307 2454 a
327 2417 477 2468 peccatis
507 2425 719 2453 senectutem
738 2429 916 2467 paramus,
931 2418 1023 2453 Nam
1043 2417 1275 2468 pecuniarum

290 2493 389 2516 amor
404 2488 437 2516 et
456 2477 692 2515 absurdarum
719 2477 954 2530 cupiditatum
974 2480 1137 2529 servitus,
1157 2495 1276 2519 omne-

293 2554 361 2590 que
380 2539 523 2576 tandem
539 2547 735 2590 peccatum,
747 2547 958 2576 senec-tutem
979 2541 1134 2591 operanti
1151 2542 1277 2580 afferre

291 2601 400 2649 solet3
427 2600 524 2650 quod
544 2608 662 2637 autem
691 2599 737 2636 ad
766 2608 976 2638 vetustatem
998 2610 1278 2653 senectutemque

290 2661 456 2710 declinat,
477 2661 635 2698 interitui
658 2660 864 2712 proximum
880 2670 944 2698 est.
966 2662 1089 2712 Neque
1108 2663 1202 2700 enim
1227 2663 1278 2701 ita

292 2732 404 2774 potest
423 2736 551 2774 corpus
579 2736 642 2774 per
675 2731 889 2759 senectutem
916 2722 1080 2770 dissolvi,
1102 2734 1142 2762 ut
1162 2726 1278 2763 anima

293 2783 444 2834 peccatis
472 2791 636 2834 corrupta
658 2796 698 2819 ac
725 2782 896 2834 delapsa:
914 2782 958 2819 ad
987 2793 1161 2823 extremas
1185 2786 1279 2823 enim

295 2853 377 2881 tunc
392 2857 505 2894 nugas
519 2842 723 2891 deducitur,
741 2843 858 2880 futilia
875 2843 1032 2894 loquens,
1049 2847 1277 2895 quemadmo-

292 2903 380 2940 dum
406 2917 502 2940 senes
521 2911 554 2939 et
571 2903 689 2950 deliri,
710 2912 814 2954 atque
832 2903 962 2955 pituita
982 2905 1121 2955 referta,
1143 2921 1275 2945 necnon

294 2973 434 3015 stupore
448 2972 551 3013 atque
567 2963 758 3010 oblivione,
773 2963 882 3015 lippis
893 2963 1063 3002 instructa
1077 2967 1200 3015 oculis,
1213 2968 1276 3006 ho-

296 3025 450 3062 minibus
468 3024 718 3072 abominanda,
740 3034 772 3062 et
789 3025 933 3063 diabolo
953 3035 1057 3077 captu
1077 3028 1192 3066 facilis
1205 3038 1275 3067 est:

295 3086 380 3123 tales
395 3085 489 3123 enim
507 3095 587 3123 sunt
607 3095 829 3137 peccatorum
845 3085 983 3123 animae.
995 3088 1178 3126 Justorum
1195 3104 1277 3127 vero

297 3146 420 3182 animae
454 3154 573 3182 contra
597 3146 831 3196 juvenescunt
851 3159 891 3183 ac
911 3145 1052 3196 vigent,
1073 3156 1106 3185 et
1136 3149 1172 3186 in
1200 3149 1277 3201 ipso

298 3206 408 3243 uitatis
428 3205 514 3243 ssore
542 3215 624 3243 sunt
650 3220 804 3257 semper,
835 3205 880 3243 ad
911 3220 1068 3257 pugnam
1093 3217 1126 3245 et
1145 3209 1277 3248 luctam

299 3279 435 3316 ¹semper
452 3274 593 3317 paratae.
614 3266 841 3303 peccatorum
865 3280 948 3304 vero
974 3267 1099 3305 animae
1117 3269 1152 3306 in
1171 3284 1276 3319 quam

345 3380 355 3394 ὖ
380 3372 442 3410 [Α.
465 3374 659 3413 {ma-achazas]

347 3422 361 3445 ¹*
387 3422 448 3461 [A.
468 3429 499 3452 ct
516 3433 617 3464 marg.
638 3423 740 3454 Sutil-
760 3429 791 3457 τὸ
812 3427 974 3466 ρο)τισμα.]

1304 278 1491 311 Ancnffip
1501 301 1510 311 .
1549 280 1631 311 CON
1639 278 1714 311 STA
1724 277 1883 313 NTllx'Ot’
1892 277 1907 311 ,¹

1325 362 1412 401 οὕτω
1433 365 1491 402 καὶ
1522 368 1623 414 ἡμεῖς
1651 367 1683 402 ἐν
1713 365 1891 412 καινότητι
1922 367 2010 411 ζωῆς
2036 360 2339 416 περιπατῆσωμεν.

1325 425 1498 462 Ἐνταῦθα
1515 424 1604 475 μετὰ
1623 428 1684 471 τῆς
1706 424 1905 475 ἐπιμελείας
1923 429 1981 462 τοῦ
2003 425 2076 476 βίου
2096 425 2156 462 καὶ
2181 425 2237 462 τὸν
2264 424 2343 475 περὶ

1324 486 1387 530 τῆς
1408 485 1630 529 ἀναστάσεως
1646 485 1833 523 αἰνίττεται
1850 484 1963 536 λόγον.
1977 487 2076 531 Πῶς
2092 485 2344 530 Ἐπίστευσας,

1327 545 1442 596 φησὶν,
1463 544 1515 582 ὅτι
1532 545 1698 583 ἀπέθανεν
1716 547 1733 582 ὅ
1753 546 1920 598 Χριστὸς,
1937 545 1996 583 καὶ
2016 545 2069 583 ὅτι
2085 545 2232 597 ἠγέρθη;
2244 547 2342 583 Οὐκ-

1327 609 1383 643 οῦν
1402 604 1461 643 καὶ
1496 605 1536 643 τὸ
1564 606 1623 644 σὸν
1655 605 1814 644 πίστευε·
1839 610 1938 644 τοῦτο
1970 605 2036 657 γὰρ
2065 606 2173 644 ἔοικεν
2209 605 2343 657 ἐκείνῳ,

1328 665 1447 712 ἐπειδὴ
1468 665 1527 704 καὶ
1547 666 1586 704 τὸ
1605 667 1663 704 σὸν
1678 667 1738 704 καὶ
1757 665 1903 717 σταυρὸς
1931 666 1991 704 καὶ
2016 666 2132 718 τάφος.
2158 669 2202 704 Εἰ
2220 665 2286 717 γὰρ
2313 667 2347 702 ἐν

1330 726 1467 778 θανάτῳ
1495 726 1748 772 3ἐκοινώνησας
1781 726 1840 764 καὶ
1872 729 1988 778 ταφῇ,
2015 728 2134 778 πολλῷ
2164 728 2294 776 μᾶλλον
2313 725 2349 761 ἐν

1330 787 1518 825 ἀναστάσει
1534 787 1595 825 καὶ
1617 790 1706 838 ζωῇ·
1734 791 1793 825 τοῦ
1818 787 1885 838 γὰρ
1917 787 2068 837 μείζονος
2092 787 2270 832 λυθέντος,
2288 789 2350 831 τῆς

1331 846 1523 898 ἁμαρτίας,
1539 850 1576 885 οὖ
1594 848 1643 884 δεῖ
1663 847 1741 898 περὶ
1760 852 1820 885 τοῦ
1835 848 2014 890 ἐλάττονος
2031 846 2262 898 ἀμφιὸάλλειν
2278 848 2352 884 λοι-

1331 907 1409 954 πὸν,
1430 910 1494 953 τῆς
1525 913 1584 946 τοῦ
1612 907 1757 946 θανάτου
1786 907 2002 959 ἀναιρέσεως.
2033 907 2137 946 Ἀλλὰ
2158 912 2269 945 ταῦτα
2289 906 2352 956 μὲν

1331 967 1416 1011 τέως
1430 969 1552 1020 ἀφίησι
1567 969 1763 1020 λογίζεσθαι
1777 971 1826 1020 τῷ
1840 969 2008 1007 συνειδότι
2026 971 2094 1005 τῶν
2109 967 2352 1019 ἀκροωμένων,

1333 1029 1433 1071 αὐτὸς
1464 1029 1498 1066 δὲ
1530 1029 1761 1082 προκειμένης
1792 1033 1853 1075 τῆς
1890 1030 2100 1080 μελλούσης,
2122 1030 2241 1080 ἑτέραν
2259 1033 2354 1079 ἡμᾶς

1333 1089 1521 1128 ἀνάστασιν
1548 1085 1709 1137 ἀπαιτεῖ,
1730 1090 1791 1137 τὴν
1817 1090 1936 1137 καινὴν
1961 1090 2151 1136 πολιτείαν,
2171 1089 2232 1136 τὴν
2262 1089 2352 1127 κατὰ

1332 1149 1389 1187 τὸν
1404 1150 1558 1202 παρόντα
1578 1150 1650 1201 βίον
1668 1153 1706 1188 ἐκ
1726 1154 1788 1197 τῆς
1807 1154 1873 1188 τῶν
1894 1150 2030 1203 τρόπων
2049 1150 2244 1200 μεταῧολῆς
2263 1165 2353 1201 γινο-

1336 1210 1454 1260 μένην.
1469 1210 1581 1248 “O-tow
1600 1211 1666 1262 γὰρ
1696 1215 1713 1250 ὁ
1748 1211 1870 1262 πόρνος
1894 1211 2035 1262 γένηται
2056 1210 2214 1262 σώφρων,
2244 1210 2302 1247 καὶ
2336 1213 2354 1246 ὁ

1334 1270 1542 1318 πλεονέκτης
1563 1272 1734 1321 ἐλεήμων,
1763 1272 1821 1309 καὶ
1841 1275 1858 1308 ὁ
1879 1271 2008 1323 τραχὺς
2027 1272 2174 1321 ἥμερος,
2205 1271 2265 1307 καὶ
2295 1272 2353 1306 ἐν·

1334 1335 1443 1369 ταῧθα
1461 1332 1648 1374 ἀνάστασις
1664 1333 1800 1383 γέγονεν
1817 1332 1962 1377 ἐκείνης
1978 1325 2064 1367 οὖσα
2076 1330 2267 1382 προοίμιον.
2285 1330 2355 1367 Καὶ

1334 1394 1407 1434 πῶς
1442 1391 1652 1438 ἀνάστασις;
1689 1394 1764 1437 Τῆς
1801 1391 1862 1441 μὲν
1896 1390 2069 1443 ἁμαρτίας
2104 1391 2356 1442 νεκρωθείσης,

1327 1454 1395 1497 ,τῆς
1423 1451 1457 1489 δὲ
1501 1451 1719 1497 δικαιοσύνης
1753 1450 1973 1497 ἀναστάσης,
2004 1451 2062 1488 καὶ
2101 1455 2162 1498 τῆς
2193 1451 2254 1502 μὲν
2288 1469 2354 1490 πα-

1334 1514 1435 1553 λαιᾶς
1454 1514 1544 1557 ζωῆς
1574 1511 1838 1563 ἀφανισθείσης,
1863 1514 1924 1557 τ’ἧς
1949 1510 1985 1549 δὲ
2007 1515 2127 1558 καινῆς
2148 1512 2276 1558 ταύτης
2297 1512 2356 1550 καὶ

1336 1572 1520 1621 ἀγγελικῆς
1546 1572 1825 1622 πολιτευομένης.
1846 1571 1960 1610 “Οταν
1991 1572 2026 1609 δὲ
2057 1572 2206 1623 ἀκούσῃς
2233 1573 2355 1619 καινὴν

1336 1630 1445 1678 ζωὴν,
1485 1631 1617 1678 πολλὴν
1650 1632 1744 1679 ζήτει
1773 1631 1835 1679 τὴν
1873 1632 2082 1683 ἐναλλαγὴν,
2114 1633 2173 1670 καὶ
2201 1633 2356 1684 μεγάλην

1337 1690 1399 1737 τὴν
1437 1692 1648 1742 μεταὸολήν.

1390 1752 1494 1790 Ἀλλὰ
1529 1753 1595 1805 γὰρ
1627 1754 1796 1806 δακρῦσαί
1830 1770 1886 1805 μοι
1916 1755 2036 1793 λοιπὸν
2060 1755 2172 1793 ἔπεισι
2199 1756 2258 1792 καὶ
2280 1771 2356 1793 στε-

1337 1813 1436 1857 νάξαι
1468 1813 1576 1865 μέγα,
1597 1814 1677 1852 ὅταν
1706 1816 1858 1862 ἐννοήσω
1888 1815 1999 1861 πόσην
2021 1815 2082 1866 μὲν
2102 1819 2195 1865 ἡμᾶς
2215 1818 2356 1853 ἀπαιτεῖ

1338 1875 1539 1927 φιλοσοφίαν
1579 1879 1596 1913 ὃ
1629 1878 1769 1920 Παῦλος
1783 1907 1792 1924 ,
1813 1878 1904 1929 πόσῃ
1944 1877 1979 1914 δὲ
2009 1876 2147 1920 ἑαυτοὺς
2183 1875 2355 1921 ἐξεδώκα-

1339 1952 1400 1986 μεν
1438 1936 1605 1990 ῥᾳθυμία,
1627 1937 1714 1987 μετὰ
1748 1939 1786 1976 τὸ
1817 1938 2001 1989 βάπτισμα
2030 1939 2087 1976 ἐπὶ
2123 1938 2161 1976 τὸ
2192 1937 2357 1990 πρότερον

1339 1997 1534 2040 ἐπανιόντες
1564 2000 1699 2050 γ’·ἶιρας,
1733 1998 1791 2035 καὶ
1825 2002 1871 2043 εἰς
1899 1999 1961 2046 τὴν
1991 1998 2167 2048 Αἴγυπτον
2197 1999 2359 2049 ἀνακάμ-

1339 2072 1504 2104 πτοντες,
1536 2057 1594 2094 καὶ
1626 2059 1693 2095 τῶν
1724 2059 1895 2108 σκορόδων
1932 2059 2146 2109 μεμνημένοι
2191 2058 2280 2109 μετὰ
2320 2059 2360 2096 τὸ

1341 2118 1465 2168 μάννα.
1496 2118 1590 2156 Δέκα
1616 2118 1683 2169 γὰρ
1702 2119 1761 2156 καὶ
1791 2118 1917 2156 εἴκοσιν
1945 2119 2079 2171 ἡμέρας
2099 2123 2180 2171 παρ’
2198 2120 2279 2158 αὐτὸ
2298 2118 2362 2156 ι’τὸ

1342 2178 1525 2229 βάπτισμα
1545 2179 1864 2230 μεταὸαλλόμενοι,
1883 2187 1954 2223 τοῖς
1973 2181 2151 2232 προτέροις
2165 2181 2270 2219 πάλιν
2285 2182 2362 2219 ἐπι-

1340 2243 1538 2292 χειροῧμεν.
1563 2239 1656 2276 Ἀλλ’
1687 2242 1748 2278 οὐκ
1779 2241 1923 2290 ἀριθμὸν
1941 2244 2082 2293 ἡμερῶν
2113 2243 2251 2289 τακτὸν,
2287 2243 2362 2279 ἀλλ’

1340 2298 1416 2336 ὅλον
1437 2302 1531 2348 ἡμᾶς
1555 2300 1611 2337 τὸν
1641 2299 1713 2349 βίον
1737 2303 1876 2337 ἀπαιτεῖ
1895 2301 2024 2346 ταύτην
2056 2301 2118 2347 τὴν
2149 2302 2326 2339 πολιτείαν
2345 2305 2363 2339 ὃ

1342 2360 1499 2401 Παῦλος·
1526 2363 1628 2408 ἡμεῖς
1665 2360 1700 2397 δὲ
1733 2360 1789 2397 ἐπὶ
1826 2360 1882 2397 τὸν
1909 2360 2075 2412 πρότερον
2101 2363 2363 2414 ἐπανεργιόμεθα

1343 2418 1475 2468 ἔμετον,
1497 2419 1586 2468 μετὰ
1601 2419 1663 2465 τὴν
1684 2420 1752 2457 ἀπὸ
1780 2423 1841 2465 τῆς
1869 2421 2010 2472 χάριτος
2045 2421 2192 2468 νεότητα
2221 2424 2260 2461 τὸ
2295 2424 2363 2461 ἀπὸ

1343 2482 1410 2516 τῶν
1433 2480 1612 2530 ἁμαρτιῶν
1644 2480 1957 2525 κατασκευάζοντες
1981 2485 2101 2534 γῆρας.
2128 2483 2198 2520 Καὶ
2231 2482 2298 2534 γὰρ
2325 2483 2366 2521 τὸ

1343 2541 1535 2592 χρημάτων
1557 2542 1655 2591 ἐρᾷν,
1675 2540 1733 2578 καὶ
1749 2542 1788 2579 τὸ
1803 2541 1970 2579 δουλεύειν
1985 2542 2183 2592 ἐπιθυμίαις
2202 2544 2343 2588 ἀτόποις
2355 2575 2364 2591 ,

1344 2600 1403 2639 καὶ
1415 2607 1512 2638 πᾶσα
1529 2601 1646 2644 ἁπλῶς
1666 2601 1821 2652 ἁμαρτία
1840 2604 2007 2640 παλαιοῧν
2031 2603 2129 2641 εἴωθε
2148 2604 2204 2641 τὸν
2221 2605 2365 2656 ἐργαζό-

1347 2677 1462 2712 μενον·
1483 2662 1522 2700 τὸ
1541 2661 1576 2700 δὲ
1607 2662 1860 2712 παλαιούμενον
1883 2662 1942 2700 καὶ
1962 2664 2136 2716 γηράσκον
2153 2664 2253 2715 ἐγγὺς
2270 2667 2364 2717 ἀφα-

1346 2726 1478 2771 νισμοῦ.
1499 2723 1552 2759 Οὐ
1571 2721 1636 2773 γάρ
1663 2724 1768 2769 ἐστιν,
1783 2724 1843 2760 οὐκ
1859 2722 1951 2760 ἔστιν
1968 2723 2057 2761 οὕτω
2078 2726 2181 2773 σῶμα
2196 2725 2263 2763 ὑπὸ
2279 2725 2365 2777 χρό-

1346 2799 1412 2820 νων
1440 2783 1720 2833 παραλελυμένον
1744 2784 1838 2831 ἶδεῖν,
1860 2786 1907 2827 ὧς
1926 2783 2040 2836 ψυχὴν
2059 2783 2124 2821 ὑπὸ
2147 2785 2362 2837 ἁμαρτημά-

1346 2859 1413 2880 των
1434 2844 1571 2881 πολλῶν
1594 2843 1830 2896 σαθρουμένην
1845 2845 1904 2882 καὶ
1922 2844 2219 2884 καταπίπτουσαν.
2237 2845 2282 2883 <H
2299 2846 2367 2897 γὰρ

1348 2904 1394 2946 εἷς
1425 2903 1577 2954 ἐσχάτην
1594 2903 1768 2954 ληρωδίαν
1788 2904 1946 2954 ἐξάγεται
1971 2904 2104 2952 λοιπὸν,
2125 2906 2247 2956 ἄσημα
2267 2910 2370 2958 φθεγ-

1348 2962 1475 3015 γομένη
1496 2967 1509 2982 ⁰
1522 2963 1679 3015 καθάπερ
1697 2966 1728 3000 οἱ
1757 2965 1989 3016 γεγηρακότες
2007 2965 2067 3003 καὶ
2091 2966 2347 3019 παραπαίοντες
2359 2997 2368 3013 ,

1348 3023 1407 3062 καὶ
1438 3022 1582 3073 κορύζης
1608 3025 1904 3074 ἀναπεπλησμένῃ
1933 3026 1992 3062 καὶ
2013 3025 2258 3078 παραπληξίας
2278 3029 2368 3065 πολ-

1371 3087 1412 3130 ἧς
1427 3084 1486 3121 καὶ
1503 3084 1630 3131 λήθης,
1654 3084 1712 3121 καὶ
1727 3085 1842 3134 λήμας
1863 3087 1931 3136 πρὸ
1941 3088 2008 3123 τῶν
2028 3088 2213 3138 ὀφθαλμῶν
2229 3088 2370 3139 ἔχουσα,

1351 3145 1409 3182 καὶ
1438 3143 1629 3194 ἀνθρώποις
1647 3144 1813 3196 βδελυρὰ,
1834 3146 1892 3182 καὶ
1910 3149 1959 3197 τῷ
1980 3147 2131 3199 διαβόλῳ
2149 3147 2368 3200 εὐχείρωτος·

1350 3206 1407 3242 καὶ
1426 3204 1493 3257 γὰρ
1508 3208 1665 3242 τοιαῧται
1686 3208 1721 3243 αἱ
1739 3209 1806 3242 τῶν
1824 3207 2041 3258 ἁμαρτωλῶν
2056 3208 2177 3260 ψυχαί.
2197 3208 2287 3246 Ἀλλ’
2306 3211 2371 3259 οὐχ

1351 3273 1386 3309 αἱ
1404 3275 1471 3310 τῶν
1490 3271 1644 3320 δικαίων,
1665 3271 1753 3309 ἀλλὰ
1773 3271 1927 3315 νεάζουσι
1957 3273 2014 3309 καὶ
2039 3275 2228 3324 σφριγῶσι,
2249 3274 2307 3312 καὶ
2336 3276 2369 3312 ἐν

1414 3389 1425 3401 c
1451 3376 1579 3419 [Iidem
1598 3383 1645 3411 καὶ
1662 3382 1835 3421 καθάπερ...
1858 3383 2116 3421 ἀναπεπλησμένος
2143 3380 2184 3412 Et
2198 3379 2280 3412 infra
2297 3387 2372 3412 ante

1375 3434 1543 3473 εὐχείρωτος
1560 3430 1705 3461 inserunt
1724 3428 1858 3460 verbum
1878 3431 2036 3473 emetur]
