2502 3810
744 288 786 317 IN
825 286 965 316 EPiST.

70 367 206 406 πάντων
221 368 288 404 τῶν
307 366 608 417 καταγγειλάντων
619 365 675 403 τὸν
693 366 792 416 λόγον
804 366 888 404 ἀτῶν
903 368 977 416 μετ’
995 364 1084 404 ἐκεί-

68 443 156 469 νους.
174 427 304 470 Ἄλλως
324 425 361 464 δὲ
376 426 451 464 οὐδὲ
468 427 522 464 ἐπ’
538 426 640 463 αὐτοῦ
660 425 717 463 τὸν
734 425 835 476 λόγον
855 425 1081 477 ἐλεγχόμενον

68 487 138 524 ἴδοι
153 503 204 530 τις
227 486 280 533 ἂν,
301 488 331 524 εἰ
351 485 413 532 τὴν
437 485 630 539 προθυμίαν
660 486 811 533 ἐννοήσει
837 485 900 533 τὴν
932 485 1082 531 ἐκείνου,

67 548 127 585 καὶ
145 547 199 586 ὅτι
218 546 305 597 μετὰ
326 546 487 593 τελευτὴν
517 549 554 584 οὐ
575 546 721 585 παύεται
741 550 921 598 πανταχοῦ
949 549 1011 592 τῆς
1030 547 1084 583 οἷ-

69 607 238 658 κουμένης
265 607 455 660 κηρύττων,
485 606 671 654 Ἐννόησον
701 606 737 645 δὲ
762 610 835 651 πῶς
866 607 1000 658 ἐπαίρει
1020 606 1082 653 τὴν

70 668 212 720 δωρεὰν,
233 668 292 706 καὶ
320 668 470 706 δείκνυσι
502 668 656 718 μεγάλην
684 663 787 706 οῦσαν
819 667 878 704 καὶ
903 666 990 705 πολὺ
1022 671 1084 711 τῆς

68 729 237 781 προτέρας
270 729 484 781 ὑψηλοτέραν
498 744 505 751 ·
537 728 568 766 εἴ
598 744 637 778 γε
668 728 713 767 τὰ
745 728 806 778 μὲν
837 727 972 766 παλαιὰ
1005 727 1084 779 περὶ

67 789 159 833 ἔθνος
177 789 212 827 ἓν
232 789 399 841 ἐγίγνετο,
418 789 503 836 αὕτη
524 788 559 827 δὲ
578 792 641 840 γῆν
659 788 717 827 καὶ
737 788 912 826 θάλασσαν
930 786 1084 825 ἐπεσπά-

69 866 164 888 σατο.
186 849 319 888 Σκόπει
341 849 378 888 δέ
405 866 463 900 μοι
484 841 644 896 κάκεῖνο,
670 852 744 891 πῶς
766 846 948 889 κολακείας
970 848 1085 893 πάσης

71 910 323 961 ἀπηλλαγμένη
354 910 445 948 ἐστὶν
464 914 485 956 ἡ
505 913 564 947 τοῦ
595 908 737 946 Παύλου
759 906 867 958 ψυχή.
894 905 1085 955 εΡωμαίοις

70 970 136 1021 γὰρ
154 970 392 1020 διαλεγόμενος
412 973 506 1012 θτοῖς
524 968 642 1020 ὥσπερ
660 968 693 1004 ἐν
714 968 847 1018 κορυφῇ
867 980 935 1002 τινι
954 968 1016 1010 τῆς
1035 966 1083 1001 οἰ-

69 1030 240 1080 κουμένης
257 1030 394 1074 ἁπάσης
410 1028 619 1078 καθημένοις
631 1056 641 1074 ,
658 1025 752 1064 οὐδὲν
771 1025 875 1063 πλέον
897 1025 1011 1067 αὐτοῖς
1028 1024 1082 1061 δί-

70 1093 155 1127 δωσι
173 1092 242 1126 τῶν
257 1091 387 1127 λοιπῶν
410 1090 528 1133 ἐθνῶν,
552 1086 648 1134 οὐδὲ,
669 1085 790 1131 ἐπειδὴ
813 1085 892 1122 τότε
919 1084 1083 1136 ἐκράτουν

68 1149 127 1186 καὶ
158 1148 368 1194 ἐδασίλευον,
402 1147 460 1185 καὶ
491 1148 525 1184 ἐν
557 1153 626 1189 τοῖς
657 1150 905 1196 πνευματικοῖς
933 1143 1019 1196 φησί
1051 1160 1085 1181 τι

69 1209 173 1246 πλέον
195 1207 314 1250 αὐτοὺς
342 1206 454 1259 ἔχειν·
481 1208 558 1244 ἀλλ’
580 1205 717 1257 ὥσπερ,
738 1205 840 1258 φησὶ,
870 1211 941 1248 τοῖς
974 1204 1085 1243 ἔθνεσι

68 1275 155 1306 πᾶσι
173 1268 400 1321 κηρύττομεν,
420 1266 510 1305 οὕτω
533 1266 593 1305 καὶ
617 1269 709 1316 ὑμῖν,
739 1265 828 1316 μετὰ
853 1267 998 1304 Σκυθῶν
1026 1266 1113 1321 nat,

68 1330 218 1381 Θρακῶν
246 1327 366 1370 αυτοὺς
390 1329 563 1380 ἀριθμῶν·
586 1326 661 1366 ἐπεὶ
680 1329 710 1365 εἰ
738 1326 786 1378 μὴ
806 1331 906 1365 τοῦτο
925 1325 1086 1365 ἐδούλετο

68 1390 241 1436 δηλῶσαι,
270 1387 430 1440 περιττὸν
462 1391 504 1434 ἠν
531 1388 571 1426 τὸ
600 1389 720 1433 εἰπεῖν,
751 1387 813 1425 Ἐν
841 1390 890 1430 οἱς
917 1388 994 1426 ἐστε
1027 1387 1085 1425 καὶ

68 1454 177 1499 ὑμεῖς.
194 1451 317 1488 Ταῦτα
336 1448 372 1487 δὲ
391 1454 483 1487 ποιεῖ
509 1451 685 1500 καθαιρῶν
706 1449 820 1486 αὐτῶν
841 1464 880 1486 το
903 1447 1085 1500 φρόνημα,

68 1510 128 1548 καὶ
155 1511 261 1548 κενῶν
292 1509 331 1547 τὸ
361 1509 506 1562 φύσημα
530 1512 592 1555 τῆς
624 1508 794 1556 διανοίας,
826 1508 886 1547 καὶ
914 1508 1086 1547 διδάσκων

69 1570 191 1614 αὐτοὺς
211 1570 298 1617 ατὴν
332 1570 417 1622 πρὸς
438 1569 515 1614 τοὺς
544 1570 668 1612 ἄλλους
693 1569 880 1621 ἰσοτιμίαν.
906 1570 969 1608 Διὸ
1002 1571 1087 1617 ἐπή-

68 1648 172 1683 γαγεν
192 1631 274 1669 αὐτὸ
292 1635 391 1669 τοῦτο
410 1630 538 1682 λέγων·
559 1630 622 1668 Ἐν
643 1625 691 1673 οἷς
709 1633 785 1669 ἐστε
800 1630 860 1668 καὶ
879 1632 976 1681 ὑμεῖς
994 1632 1084 1678 κλη-

71 1693 122 1730 τοὶ
142 1692 256 1739 Ἰησοῦ
274 1693 424 1743 Χριστοῦ
436 1707 444 1715 ·
460 1691 637 1739 τουτέστι,
659 1693 732 1742 μεθ’
745 1685 792 1728 ῶν
807 1693 884 1729 ἕστε
899 1692 959 1729 καὶ
974 1693 1084 1741 ὑμεῖς.

71 1753 139 1791 Καὶ
157 1755 216 1791 οὐκ
236 1746 343 1799 εἶπεν,
365 1751 418 1789 ὅτι
436 1751 512 1795 τοὺς
530 1751 656 1795 ἄλλους
676 1753 750 1802 μεθ’
770 1754 879 1802 ὑμῶν,
902 1752 978 1790 ἀλλ’
995 1755 1085 1803 ὑμᾶς

72 1812 158 1862 μετὰ
177 1815 244 1850 τῶν
265 1812 376 1850 ἄλλων
403 1811 575 1850 ἐκάλεσεν.
602 1814 646 1850 Εἰ
666 1811 732 1864 γὰρ
753 1813 785 1849 ἐν
802 1813 946 1866 Χριστῷ
968 1813 1083 1858 Ἰησοῦ

69 1875 130 1910 οὐκ
156 1872 229 1911 ἔστι
248 1873 363 1916 δοῦλος
391 1871 467 1910 οὐδὲ
487 1871 662 1925 ἐλεύθερος
677 1903 687 1919 ,
705 1874 824 1924 πολλῷ
852 1874 982 1923 μᾶλλον
1008 1871 1083 1911 οὐδὲ

73 1933 231 1983 βασιλεὺς
250 1933 309 1971 καὶ
332 1931 488 1979 ἰδιώτης·
509 1932 567 1970 καὶ
591 1932 659 1985 γὰρ
685 1934 785 1984 ὑμεῖς
814 1933 1006 1980 ἐκλήθητε,
1026 1933 1085 1971 καὶ

68 1994 130 2031 οὐκ
164 1996 221 2045 ἀφ’
257 1995 387 2031 ἑαυτῶν
420 1993 650 2044 προσήλθετε.
686 1995 784 2031 Ham
814 1999 885 2037 τοῖς
919 1987 1014 2031 οἶσιν
1050 1996 1084 2032 ἐν

70 2054 194 2105 (Ρώμῃ
215 2056 406 2105 ἀγαπητοῖς
431 2056 541 2102 Θεοῦ,
560 2056 699 2101 κλητοῖς
724 2054 854 2105 ἁγίοις,
874 2054 976 2107 χάρις
1003 2057 1083 2106 ὑμῖν

69 2115 128 2152 καὶ
143 2115 280 2196 εἷρήνηι)
275 2116 343 2153 ἀπὸ
369 2117 459 2154 Θεοῦ
479 2114 617 2166 Πατρὸς
632 2118 732 2165 ἡμῶν
751 2115 809 2153 καὶ
825 2115 954 2169 Κυρίου
970 2115 1085 2163 Ἰησοῦ

71 2174 280 2227 Χριστοῦ.
293 2175 387 2227 υΟρα
405 2192 479 2219 πως
500 2179 653 2228 συνεχῶς
670 2177 710 2215 τὸ
737 2176 846 2226 ὄνομα
866 2180 926 2215 τοῦ
957 2179 1085 2224 κλητοῦ

71 2237 208 2283 τίθησι,
226 2236 362 2283 Κλητὸς
387 2236 576 2280 ἀπόστολος
591 2267 600 2283 ,
621 2236 746 2288 λέγων,
761 2236 823 2275 Ἐν
843 2241 891 2280 οἷς
920 2238 998 2275 ἐστε
1025 2238 1085 2275 και

71 2298 167 2346 ὑμεῖς
192 2295 332 2343 κλητοὶ,
362 2297 457 2334 Πασι
482 2302 553 2338 τοῖς
583 2300 676 2334 οὖσιν
710 2298 744 2334 ἐν
775 2296 899 2348 ‘Po'Jwfl
933 2299 1084 2344 κλητοῖς.

70 2359 184 2395 Τοῦτο
212 2356 246 2395 δὲ
276 2359 313 2394 οὐ
342 2358 594 2407 περιττολογων
619 2363 731 2404 ποιεῖ,
761 2357 851 2396 ἀλλὰ
881 2357 1086 2408 βουλόμενος

70 2417 190 2461 αὐτους
208 2433 270 2462 της
283 2416 482 2470 εὐεργεσίας
501 2420 712 2467 ἀναμνησαι.
738 2417 885 2465 Ἐπειδὴ
910 2418 977 2470 γὰρ
997 2419 1086 2463 εἰκὸς

71 2483 112 2524 ἠν
132 2480 167 2516 ἐν
183 2484 252 2521 τοῖς
277 2493 477 2516 πιστευουσι
494 2477 555 2516 καὶ
573 2477 637 2522 ἐξ
624 2478 790 2530 υπάρχων
811 2484 899 2518 εἰναι
919 2480 1009 2518 καὶε
997 2481 1085 2519 υπά·

71 2555 152 2586 των,
173 2553 231 2575 και
245 2537 396 2584 πένητας
410 2538 469 2575 καὶ
492 2538 648 2586 ἰδιώτας,
668 2539 847 2578 ἐκὸάλλων
862 2540 925 2588 τὴν
944 2544 1085 2593 ἀνωμα-

73 2599 149 2636 λίαν
168 2601 234 2635 τῶν
251 2598 468 2647 ἀξιωμάτων,
486 2605 573 2637 πᾶσι
594 2599 675 2650 μίαν
696 2600 890 2639 ἐπιστέλλει
909 2616 1085 2653 προσηγο-

75 2658 162 2709 ρίαν.
183 2659 227 2696 Εἷ
248 2657 283 2695 δὲ
308 2660 342 2696 ἐν
367 2665 437 2702 τοῖς
455 2659 733 2711 ἀναγκαιοτέροις
753 2659 813 2698 καὶ
839 2669 1086 2712 πνευματικοῖς

74 2718 170 2757 κοινὰ
184 2718 314 2762 δούλοις
327 2718 386 2756 καὶ
402 2718 588 2772 ἐλευθέροις
603 2719 740 2758 ἅπαντα
758 2719 958 2775 πρόκειται,
978 2717 1045 2761 οἷον
1062 2726 1084 2769 ἡ

73 2779 190 2831 ἀγάπη
207 2782 228 2826 ἡ
249 2779 344 2833 παρὰ
366 2782 425 2818 τοῦ
445 2781 554 2828 Θεοῦ,
573 2783 595 2827 ἡ
619 2782 741 2828 κλῆσις
753 2812 762 2830 ,
777 2781 817 2820 τὸ
837 2782 1045 2836 εὐαγγέλιον,
1062 2788 1084 2831 ἦ

73 2840 242 2889 υἱοθεσία,
264 2844 285 2887 ἡ
306 2840 427 2893 χάρις,
447 2845 469 2889 ἠ
491 2841 631 2893 εἰρήνη,
657 2845 675 2880 ὁ
701 2842 889 2894 ἁγιασμὸς,
920 2844 965 2883 τὰ
995 2845 1085 2883 ἄλλα

73 2901 205 2948 πάντα,
234 2903 307 2945 πῶς
334 2902 484 2954 ἐσχάτης
505 2902 622 2946 ἀνοίας
640 2905 702 2942 οὐκ
723 2903 764 2941 ἂν
788 2904 862 2952 εἴη,
889 2904 946 2949 οὓς
963 2908 981 2944 ὁ
997 2905 1086 2949 Θεὸς

74 2965 204 3015 συν-ἧψε
227 2963 286 3001 καὶ
299 2963 484 3014 ὁμοτίμους
504 2963 663 3011 ἐποίησεν
680 2967 715 3003 ἐν
731 2972 802 3010 τοῖς
822 2966 954 3016 μείζοσι
971 2997 981 3015 ,
1007 2968 1086 3005 τού-

74 3039 151 3066 τους
167 3025 307 3077 διαιρεῖν
332 3023 400 3062 ἀπὸ
421 3027 490 3062 τῶν
511 3027 545 3063 ἐν
563 3028 606 3077 τῇ
624 3028 669 3078 γῇ
685 3026 926 3079 πραγμάτων,
948 3028 1016 3066 Διά
1035 3045 1085 3067 τοι

74 3087 173 3121 τοῦτο
192 3084 260 3122 ἀπὸ
276 3086 344 3121 τῶν
366 3085 556 3136 προοιμίων
575 3087 686 3125 αὐτῶν
702 3087 764 3134 τὴν
780 3087 938 3140 χαλεπὴν
958 3088 1086 3135 ταύτην

76 3148 231 3187 ἐκὸαλὼν
252 3149 347 3188 νόσον
368 3153 385 3188 ὃ
402 3151 570 3204 μακάριος
587 3145 704 3202 οἶτος,
721 3155 767 3197 εἷς
780 3153 842 3201 τὴν
862 3154 998 3207 μητέρα
1019 3157 1086 3192 τῶν

1007 284 1065 313 AD
1095 284 1203 314 ROM.

1243 285 1398 314 nomn„
1438 285 1467 314 1.
2048 268 2131 325 471

1159 366 1421 403 nuntiaverunt.
1444 363 1613 414 Alioquin
1633 370 1750 400 autem
1764 361 1900 399 etiamsi
1916 360 2085 399 dePaulo
2102 362 2140 398 id

1158 425 1428 476 intelligendum
1444 438 1587 476 arguas,
1603 438 1672 462 non
1691 433 1811 461 eontra
1831 422 1950 460 dicere
1963 423 2088 474 possis,
2109 423 2140 459 si

1156 486 1333 524 servorem
1348 488 1423 538 ejus
1438 485 1656 534 consideres3
1677 494 1710 523 et
1725 484 1821 535 quod
1834 497 1876 521 ne
1892 493 1971 536 post
1987 492 2138 521 mortem

1158 546 1302 596 quidem
1331 556 1438 584 cesset
1463 546 1595 597 ubique
1621 554 1796 583 terrarum
1824 544 2036 596 praedicare.
2056 547 2139 583 Per—

1158 606 1271 658 pende
1291 606 1467 657 quomodo
1486 606 1632 644 extollat
1651 605 1799 651 donum,
1818 604 2048 654 ostendatque
2062 619 2140 642 ma-

1159 680 1269 716 gnum
1287 666 1379 704 illud
1398 680 1472 704 esse
1489 675 1522 704 et
1537 667 1647 718 priori
1664 665 1854 703 sublimius
1871 680 1879 701 :
1895 674 2011 703 vetera
2030 665 2141 715 siqui-

1108 728 1133 757 E
1159 725 1239 764 dem
1259 735 1395 777 gentem
1416 741 1523 764 unam
1542 726 1764 778 spectabant;
1784 725 1851 762 hoc
1870 735 1987 763 autem
2005 726 2140 764 donum

1158 795 1287 824 terram
1303 796 1335 825 et
1350 801 1446 824 mare
1461 786 1617 824 attraxit.
1632 787 1709 824 Hoc
1728 786 1811 823 item
1827 787 1916 823 mihi
1937 786 2141 824 consideres

1159 848 1281 897 velim,
1299 849 1475 898 quomodo
1493 847 1595 885 Pauli
1611 847 1727 883 anima
1749 849 1843 884 omni
1860 861 1984 898 expers
2001 847 2046 884 sit
2058 848 2141 884 adu-

1159 907 1298 945 latione.
1315 910 1491 945 Romanos
1508 907 1600 943 enim
1615 906 1713 956 quasi
1729 907 1765 943 in
1779 907 1910 944 vertice
1924 907 2030 944 totius
2046 907 2142 944 orbis

1159 967 1368 1014 constitutos
1387 967 1580 1016 alloquens,
1597 965 1687 1002 nihil
1708 966 1863 1016 amplius
1880 966 1952 1002 illis
1967 966 2138 1011 coneedit,

1159 1039 1266 1075 quam
1299 1027 1432 1064 caeteris
1461 1025 1625 1076 gentihus
1640 1040 1651 1073 3
1682 1039 1809 1074 neque,
1841 1025 1978 1062 etiamsi
2010 1026 2143 1062 caeteris

1158 1086 1369 1137 imperarint
1387 1099 1427 1123 ac
1444 1093 1643 1136 regnarent,
1663 1085 1698 1121 in
1715 1084 1962 1135 spiritualibus
1979 1084 2060 1136 plus
2079 1086 2142 1121 lia-

1158 1146 1243 1185 here
1267 1146 1375 1196 dleit3
1410 1146 1471 1184 sed
1503 1146 1593 1184 sicut
1617 1145 1781 1195 gentibus
1807 1146 1985 1191 omnibus,
2014 1145 2143 1196 inquit,

1159 1206 1408 1257 praedicamus,
1430 1206 1479 1243 ita
1494 1214 1527 1243 et
1545 1205 1662 1254 vobis,
1682 1219 1763 1243 cum
1783 1206 1928 1258 Scythis
1948 1214 1981 1243 et
1995 1205 2145 1243 Thraci-

1116 1266 1227 1321 3„⁴bus
1247 1266 1339 1318 ipsos
1358 1280 1566 1305 enumerans
1586 1283 1593 1302 :
1617 1266 1905 1317 quandoquidem
1926 1266 1994 1303 nisi
2013 1267 2080 1304 hoc
2098 1267 2145 1304 si-

1110 1333 1136 1362 A
1160 1326 1330 1377 gnificare
1355 1327 1543 1373 voluisset,
1565 1340 1865 1379 supervacaneum
1883 1337 1970 1365 esset
1989 1327 2142 1376 dixisse,

1159 1392 1209 1427 In
1228 1392 1365 1443 quibus
1381 1393 1471 1428 estis
1488 1399 1523 1428 et
1541 1403 1624 1428 vos.
1645 1391 1728 1428 Haec
1749 1399 1867 1428 autem
1881 1390 1979 1437 facit,
1999 1390 2146 1428 illorum

1160 1453 1289 1492 fastum
1309 1462 1342 1491 et
1364 1453 1567 1505 superbiam
1584 1453 1807 1504 deprimens,
1827 1453 1994 1505 ipsosque
2013 1454 2146 1491 caeteris

1160 1529 1262 1567 pares
1276 1528 1350 1553 esse
1364 1515 1503 1554 docens.
1524 1518 1751 1567 Quapropter
1769 1514 1845 1552 haec
1863 1515 2074 1567 subjungit:
2097 1518 2147 1553 In

1161 1578 1298 1627 quibus
1322 1578 1412 1614 estis
1428 1584 1465 1613 et
1486 1589 1558 1614 vos
1575 1577 1708 1613 vocati
1726 1576 1820 1613 Jeszt
1839 1576 1984 1613 Christi
1994 1592 2009 1621 ;
2027 1576 2061 1613 id
2082 1585 2146 1622 est,

1161 1649 1243 1673 cum
1268 1636 1399 1686 quibus
1426 1636 1509 1674 estis
1538 1645 1572 1674 et
1590 1650 1666 1675 vos.
1686 1636 1733 1674 Et
1752 1649 1821 1674 non
1842 1636 1950 1680 dixit,
1982 1637 2054 1674 Alii
2083 1651 2150 1675 vo·-

1159 1695 1318 1746 hiscum3
1342 1697 1417 1744 sed,
1444 1698 1521 1735 Vos
1540 1711 1620 1734 cum
1638 1696 1730 1735 aliis.
1759 1697 1912 1735 sienim
1940 1697 1975 1735 in
2002 1698 2146 1736 Christo

1160 1755 1244 1792 Jesu
1258 1767 1326 1791 non
1339 1763 1390 1792 est
1402 1767 1524 1792 servus
1539 1768 1652 1805 neque
1664 1754 1769 1802 liber,
1783 1755 1895 1792 multo
1909 1755 2023 1806 magis
2033 1770 2146 1806 neque

1160 1828 1224 1852 rex
1252 1828 1364 1866 neque
1390 1815 1582 1867 privatus:
1607 1815 1736 1852 etenim
1763 1824 1795 1852 et
1818 1829 1879 1853 vos
1906 1817 2020 1854 vocati
2047 1817 2145 1864 estis,

1108 1887 1132 1916 Β
1160 1890 1277 1926 neque
1290 1885 1413 1928 sponte
1426 1885 1541 1915 vestra
1559 1876 1766 1914 accessistis.
1789 1879 1827 1916 7.
1851 1878 2058 1923 Omnibus,
2082 1881 2148 1929 qui

1159 1945 1249 1975 sunt
1268 1939 1411 1984 Romoe,
1429 1938 1582 1975 dilectis
1593 1938 1683 1983 Dei,
1704 1939 1857 1975 vocatis
1875 1941 2034 1984 sanctis,
2052 1953 2144 1990 gra-

1160 2001 1216 2036 tia
1228 2000 1339 2036 vobis
1353 2007 1389 2036 et
1401 2013 1481 2050 pax
1495 2012 1519 2035 a
1535 2000 1619 2036 Deo
1636 2000 1756 2036 Patre
1777 2007 1907 2036 nostro
1924 2007 1961 2036 et
1976 2000 2146 2036 Domino

1160 2061 1254 2098 Jesu
1272 2061 1436 2098 Christo.
1454 2059 1550 2098 Vide
1571 2074 1678 2107 quam
1697 2059 1897 2109 frequenter
1917 2073 2044 2098 nomen
2070 2075 2143 2097 vo-

1159 2120 1239 2156 cati
1249 2127 1406 2170 usurpet,
1427 2118 1593 2155 Vocatus
1610 2118 1821 2169 apostolus,
1840 2117 1981 2166 dicens,
1997 2121 2043 2155 In
2061 2121 2146 2170 qui-

1161 2180 1231 2216 bus
1259 2180 1350 2215 estis
1380 2186 1417 2215 et
1448 2190 1520 2215 vos
1549 2180 1708 2224 vocali,·
1743 2179 1928 2215 Omnibus
1963 2181 2029 2229 qui
2060 2188 2149 2216 sunt

1160 2240 1290 2277 Romae
1309 2240 1475 2276 vocatis.
1496 2238 1597 2275 Illud
1613 2246 1730 2276 autem
1748 2251 1816 2275 non
1843 2239 2020 2290 superflue
2047 2254 2148 2291 repe-

1159 2308 1236 2338 tens
1265 2299 1371 2350 facit,
1394 2299 1455 2337 sed
1475 2307 1515 2336 ut
1541 2299 1614 2337 illis
1644 2298 1856 2337 beneficium
1887 2300 1922 2338 in
1942 2301 2148 2339 memoriam

1160 2369 1313 2400 revocet.
1347 2360 1441 2409 Quia
1472 2359 1566 2397 enim
1597 2359 1792 2399 verisimile
1825 2369 1916 2411 erat,
1948 2362 2038 2400 inter
2071 2376 2150 2399 cre-

1160 2421 1281 2459 dentes
1318 2434 1363 2458 ex
1401 2420 1575 2473 praesectis
1613 2430 1647 2458 et
1683 2421 1930 2459 consularibus
1974 2423 2149 2473 quosdam

1159 2482 1280 2533 fuisse,
1301 2481 1457 2530 itemque
1472 2494 1642 2533 pauperes
1662 2490 1698 2520 et
1722 2481 1904 2533 privatos,
1931 2482 2148 2534 dignitatum

1108 2550 1132 2581 C
1161 2543 1433 2594 inaequalitatem
1451 2542 1592 2589 tollens,
1614 2541 1779 2580 omnibus
1797 2555 1905 2580 unam
1924 2543 2033 2581 mittit
2052 2558 2147 2582 eom-

1160 2603 1400 2656 pellationem.
1419 2603 1458 2642 Si
1473 2616 1559 2641 vero
1572 2601 1609 2640 in
1627 2602 1734 2640 rebus
1750 2603 1863 2655 magis
1894 2604 2101 2641 necessariis
2116 2614 2148 2642 et

1160 2663 1406 2716 spiritualibus
1447 2662 1649 2701 communia
1675 2662 1794 2700 omnia
1821 2663 1933 2700 servis
1962 2673 1995 2701 et
2025 2663 2149 2702 liberis

1161 2733 1333 2778 prostant,
1360 2732 1399 2760 ut
1426 2722 1553 2761 caritas
1581 2722 1670 2768 Dei,
1704 2722 1862 2771 vocatio,
1893 2724 2139 2774 evangelium,

1160 2786 1325 2839 adoptio,
1360 2785 1469 2836 gratia
1484 2813 1496 2834 ,
1529 2797 1627 2836 pax,
1664 2783 1918 2832 sanctificatio,
1954 2793 2148 2835 caeteraque

1160 2848 1292 2887 omnia:
1308 2845 1486 2898 quomodo
1494 2858 1561 2883 non
1572 2853 1735 2882 extremae
1745 2843 1928 2882 dementiae
1936 2844 2053 2893 fuerit,
2070 2859 2144 2895 eos,

1160 2924 1248 2962 quos
1266 2911 1363 2947 Deus
1380 2907 1570 2959 conjunxit
1591 2914 1624 2944 et
1643 2907 1684 2944 in
1705 2905 1902 2957 majoribus
1920 2920 2023 2957 pares
2042 2907 2140 2952 fecii,

1160 2989 1180 3012 a
1202 2973 1350 3012 terrenis
1369 2970 1519 3024 negotiis
1538 2969 1783 3021 distinguere?
1799 2967 1955 3019 Ideoque
1973 2969 2018 3007 ab
2037 2983 2141 3008 exor-

1160 3035 1221 3074 dio
1233 3035 1293 3073 hic
1306 3034 1500 3073 virbeatus
1511 3045 1652 3083 gravem
1662 3030 1758 3067 hunc
1770 3028 1951 3081 depellens
1963 3031 2144 3078 morbum,

1161 3099 1198 3136 in
1229 3107 1376 3136 matrem
1401 3096 1582 3133 bonorum
1601 3092 1759 3131 omnium
1785 3092 2025 3130 humilitatem
2052 3093 2147 3144 ipsos

1161 3158 1311 3197 inducit.
1328 3158 1404 3196 Hoc
1423 3169 1542 3194 servos
1556 3153 1716 3191 meliores
1733 3151 1908 3190 efficiebat
1912 3184 1925 3201 ,
1941 3152 2038 3203 quod
2068 3153 2144 3190 edi-

77 3217 212 3266 ἀγαθῶν
243 3216 362 3260 αὐτοὺς
388 3217 584 3268 ἐμὸιέάζει,
614 3219 944 3272 ταπεινοφροσύνην.
974 3221 1088 3259 Τοῦτο
1110 3230 1135 3259 D
1160 3227 1293 3258 scerent
1310 3217 1400 3255 nihil
1418 3215 1487 3254 sibi
1502 3213 1622 3252 damni
1636 3226 1680 3251 ex
1695 3212 1861 3251 servitute
1873 3213 2047 3263 fore,cum
2060 3227 2144 3252 vera

119 3358 134 3381 ι]
161 3358 170 3398 s
186 3356 383 3399 Articulum,
399 3360 455 3400 qui
471 3359 561 3392 abest
579 3361 620 3393 ab
640 3361 748 3395 Editis
760 3390 767 3403 ‚
787 3362 925 3405 praebuit
945 3365 997 3396 Α.1

119 3418 125 3428 ’-
155 3411 164 3449 s
182 3413 276 3446 αὐτοῖς
293 3418 350 3446 τοῖς
367 3414 463 3455 ὥσπερ
485 3414 520 3443 A.
539 3421 571 3444 et
588 3425 690 3457 marg.
711 3415 798 3448 Savit
820 3416 830 3456 ]

262 3467 352 3490 ἰ’«νη.
390 3467 439 3489 ix:

1192 3364 1303 3394 aDuo
1322 3360 1399 3391 Mss.
1414 3360 1461 3401 [et
1477 3360 1512 3391 A.
1520 3359 1578 3400 lv>

1192 3417 1207 3440 1
1236 3413 1389 3458 Iidcmbs,
1395 3421 1426 3453 ᾷς
1441 3420 1512 3450 πῶς

1612 3363 1682 3401 πρὸ
1699 3360 1867 3396 α>.>ν’)ους
1860 3372 1901 3390 wo
1906 3372 1932 3390 τ

1914 3453 1962 3488 54
