2502 3810
723 291 763 319 IN
803 289 944 319 EPtS'r.

105 372 242 410 πάντων
274 371 387 422 ἐγένου
405 373 462 410 καὶ
490 372 740 423 ἀσθενέστερος.
757 371 801 410 Ὁ
818 371 884 423 γὰρ
897 374 1046 412 τοιοῦτος
1066 368 1125 406 καὶ

105 434 233 484 ἔρημον
268 432 388 469 ἑαυτὸν
431 433 644 479 καταστήσει
675 432 851 483 βοηθείας,
876 432 934 469 καὶ
963 434 996 470 ἐν
1018 425 1065 473 οἷς
1086 429 1124 466 ἂν

107 493 289 546 ἁμαρτάνῃ
304 523 314 542 ,
345 495 506 544 οὐδεμιᾶς
540 494 774 532 ἀπολαύσεται
806 493 882 531 οὔτε
916 490 1126 544 διορθώσεως

108 555 185 593 οὕτε
205 553 412 605 συγγνώμης
425 585 434 602 ,
445 555 569 593 καὶτὸν
589 555 678 593 Θεὸν
695 554 877 606 παροξυνεῖ
897 553 953 591 διὰ
968 557 1028 599 τῆς
1042 555 1129 590 ἀπο-

109 616 222 664 νοίας,
242 616 301 654 καὶ
321 617 435 655 πολλὰ
464 617 715 669 ἁμαρτήσεται.
735 615 840 653 Ἴξστι
855 615 935 665 γὰρ,
952 614 1024 652 ἔστι
1040 614 1131 651 πολ-

110 677 210 719 λάκις
238 679 297 716 καὶ
315 678 371 716 τὸν
389 677 551 729 φρόνιμον
573 677 621 728 μὴ
643 678 787 715 συνιδεῖν
809 677 848 714 τὸ
867 675 940 713 δέον
954 705 963 722 ,
993 674 1052 712 καὶ
1072 673 1129 710 τὸν

110 737 332 789 ἀνοητότερον
350 740 458 791 εὑρεῖν
478 754 511 775 τι
527 741 595 776 τῶν
614 737 858 789 προσηκόντων
870 752 877 759 ·
895 736 979 787 ὅπερ
999 734 1056 773 ἐπὶ
1071 738 1130 772 τοῦ

111 799 289 842 Μωϋσέως
316 799 374 836 καὶ
398 804 457 836 τοῦ
490 803 655 850 πενθεροῦ
693 799 844 851 γέγονεν,
867 798 953 849 ὅπερ
982 797 1040 834 ἐπὶ
1072 799 1130 833 τοῦ

111 859 229 898 Σαοὺλ
249 859 308 897 καὶ
336 863 395 896 τοῦ
411 861 551 906 παιδὸς,
571 859 654 911 ὅπερ
687 860 744 897 ἐπὶ
763 865 822 897 τοῦ
837 859 959 896 Ἰσαὰκ
984 857 1043 895 καὶ
1069 859 1132 901 τῆς

111 920 311 963 (Ρεὸέκκας.
332 920 393 967 Μὴ
425 920 535 959 τοίνυν
556 920 698 972 νομίσῃς
717 922 955 970 καθαιρεῖσθαι
977 917 1134 967 δεόμενος

112 982 240 1033 ἑτέρου.
267 983 380 1020 Τοῦτο
396 982 461 1033 γάρ
483 997 521 1018 σε
543 983 672 1031 μᾶλλον
691 984 788 1032 ὑψοῖ,
806 981 908 1018 τοῦτο’
927 995 965 1017 σε
987 978 1131 1029 ἰσχυρό-

114 1058 211 1094 τερον
231 1050 340 1090 ποιεῖ,
359 1042 460 1080 τοῦτο’
471 1057 510 1079 σε
529 1041 769 1093 λαμπρότερόν
789 1057 826 1079 τε
840 1041 898 1078 καὶ
916 1040 1134 1091 ἀσφαλέστε-

117 1119 187 1156 ρον.
207 1104 343 1149 Μηδενὶ
362 1104 468 1141 κακὸν
486 1103 559 1140 ἀντὶ
593 1107 701 1140 κακοῦ
730 1102 960 1143 ἀποδιδόντες.
994 1102 1038 1138 Εἰ
1067 1099 1135 1152 γὰρ

115 1165 229 1214 ἕτερον
263 1163 379 1214 ψέγεις
412 1162 699 1211 ἕπιὸουλεύοντα,
733 1162 767 1199 τί
800 1162 924 1199 σαυτὸν
953 1160 1135 1199 ὑπεύθυνον

115 1229 225 1267 ποιεῖς
240 1226 282 1275 τῇ
299 1223 512 1276 κατηγορίᾳ,
527 1224 571 1261 Εἰ
586 1226 703 1266 κακῶς
720 1224 846 1265 ἐκεῖνος
866 1222 1021 1268 ἐποίησε,
1037 1221 1069 1258 τί
1088 1220 1136 1270 μὴ

117 1284 252 1335 φεύγεις
266 1283 322 1321 τὸν
339 1286 457 1330 ζῆλον,
475 1284 545 1322 Καὶ
557 1284 621 1335 ὅρα
636 1287 709 1327 πῶς
728 1287 872 1322 ἐνταῦθα
887 1286 924 1321 οὐ
940 1283 1138 1328 διέστειλεν,

119 1345 208 1384 ἀλλὰ
224 1345 334 1384 κοινὸν
351 1346 407 1383 τὸν
420 1345 522 1396 νόμον
540 1346 673 1392 ἔθηκεν.
693 1348 746 1384 Οὐ
764 1345 832 1398 γὰρ
850 1339 942 1392 εἷπε,
959 1347 1008 1397 τῷ
1025 1346 1140 1395 πιστῷ

121 1406 170 1456 μὴ
185 1407 321 1457 ἀποδῷς
338 1407 456 1451 κακὸν,
477 1407 566 1445 ἀλλὰ
593 1407 743 1453 Μηδενὶ,
762 1407 826 1445 κᾶν
839 1405 976 1451 (Ἕλλην
1003 1400 1048 1457 ᾗ,
1078 1404 1141 1442 κᾶν

122 1467 255 1518 μιαρὸς,
271 1467 334 1504 κᾶν
351 1471 521 1505 ὁστισοῦν.
540 1467 793 1520 Προνοούμενοι
807 1466 899 1505 καλὰ
919 1465 1063 1504 ἐνώπιον
1083 1468 1145 1503 ἀν-

122 1527 269 1581 θρώπων
286 1527 438 1576 πάντων,
459 1531 486 1566 εἷ
507 1528 661 1576 δυνατὸν,
677 1529 716 1567 τὸ
731 1528 765 1572 ἐξ
780 1530 890 1579 ὑμῶν,
905 1527 993 1579 μετὰ
1005 1521 1143 1564 πάντων

123 1588 313 1640 ἀνθρώπιον
345 1589 585 1640 εἰρηνεύοντες.
604 1589 719 1627 Τοῦτό
753 1591 825 1627 ἐστι
838 1619 848 1637 ,
882 1588 1070 1640 Λαμψάτω
1105 1587 1144 1625 τὸ

125 1654 195 1701 φῶς
213 1653 308 1700 ὑμῶν
332 1650 524 1703 ἔμπροσθεν
543 1654 611 1688 τῶν
641 1649 851 1702 ἀνθρώπων·
878 1652 942 1702 οὐχ
975 1649 1031 1687 ἵνα
1059 1649 1145 1703 πρὸς

124 1709 317 1754 κενοδοξίαν
336 1713 461 1761 ζῶμεν,
478 1713 552 1749 ἀλλ’
572 1711 628 1750 ἵνα
645 1711 693 1763 μὴ
715 1711 924 1764 παρέχωμεν
943 1710 1054 1757 λαὸὴν
1067 1710 1145 1748 καθ’

126 1774 256 1809 ἑαυτῶν
289 1777 360 1815 τοῖς
390 1771 623 1822 βουλομένοις.
663 1772 726 1809 Διὸ
755 1772 814 1810 καὶ
846 1773 1000 1824 ἀλλαχοῦ
1029 1786 1145 1823 φησιν,

126 1831 351 1885 Ἀπρόςκοποι
364 1831 498 1885 γίνεσθε
513 1833 572 1871 καὶ
590 1833 765 1876 Ἰουδαίοις
785 1832 1012 1879 καὶ’“Έλλ-ησι
1029 1833 1088 1870 καὶ
1104 1835 1146 1882 τῇ

127 1892 324 1946 Ἐκκλησία
344 1897 403 1930 τοῦ
419 1895 521 1932 Θεοῦ.
543 1896 669 1937 Καλῶς
690 1894 724 1932 δὲ
743 1894 782 1932 τὸ
800 1894 875 1940 ἑξῆς
904 1893 1075 1939 ἐδήλωσεν
1095 1894 1148 1929 εἰ-

127 1953 216 2001 πὼν,
239 1956 281 1991 Εἰ
295 1955 450 2001 δυνατὸν,
464 1956 503 1993 τὸ
519 1954 553 1999 ἐξ
567 1957 676 2005 ὑμῶν.
696 1954 796 1994 Ἔστι
815 1955 882 2007 γὰρ
900 1954 985 1993 ὅπου
1000 1956 1037 1992 οὐ
1056 1955 1150 1991 δυνα-

129 2016 186 2053 τόν
201 2030 208 2037 ·
231 2010 298 2053 οἷον
319 2015 399 2053 ὅταν
423 2016 503 2066 περὶ
536 2016 708 2060 εὖσεὸείας
736 2019 752 2054 ὁ
772 2016 872 2067 λόγος
903 2010 948 2067 ᾗ,
967 2014 1047 2053 ὅταν
1068 2013 1149 2065 περὶ

132 2075 364 2125 ἀδικουμένων
388 2079 405 2113 ὃ
425 2075 529 2127 ἀγών.
560 2076 629 2114 Καὶ
660 2076 694 2114 τί
723 2077 930 2127 Θαυμάζεις,
953 2076 982 2113 εἷ
1011 2075 1067 2114 ἐπὶ
1088 2077 1148 2112 ἀν-

130 2135 279 2187 θρώπων
294 2139 361 2174 τῶν
380 2136 495 2174 ἄλλων
515 2141 614 2175 τοῦτο
629 2139 665 2176 οὒ
691 2140 871 2189 πανταχοῦ
891 2136 1046 2181 δυνατὸν,
1064 2135 1149 2175 ὅπου

132 2212 170 2245 γε
184 2197 244 2234 καὶ
259 2196 315 2234 ε’πὶ
330 2197 450 2248 ἀνδρὸς
463 2197 522 2235 καὶ
537 2198 697 2249 γυναικὸς
712 2197 840 2245 ταύτην
854 2197 953 2236 ἔλυσε
968 2197 1030 2245 τὴν
1045 2197 1151 2248 ἀνάγ-

133 2273 210 2305 κην,
224 2257 330 2295 εἰπών
341 2273 348 2281 ·
361 2259 403 2295 Εἷ
417 2257 452 2296 δὲ
468 2262 485 2296 ὃ
502 2259 644 2302 ἄπιστος
655 2259 858 2312 χωρίζεται,
868 2258 1069 2313 χωριζέσθω
1079 2274 1089 2306 ;
1101 2257 1151 2295 οΟ

131 2319 167 2355 δὲ
187 2318 300 2369 λέγει,
319 2318 471 2356 τοιοῦτόν
488 2321 562 2357 ε’στι
579 2336 586 2343 ·
606 2320 649 2357 τὰ
665 2321 761 2373 παρὰ
774 2325 916 2360 σεαυτοῦ
936 2321 1082 2372 πάρεχε,
1093 2321 1152 2359 καὶ

132 2379 254 2430 μηδενὶ
266 2378 358 2416 δίδου
374 2378 525 2429 πολέμου
539 2380 596 2418 καὶ
609 2380 724 2433 μάχης
739 2381 912 2436 ἀφορμὴν,
925 2382 1152 2436 μὴἸουδαίῳ,

132 2440 180 2490 μὴ
193 2441 344 2486 υΕλληνι
353 2458 360 2466 ·
374 2441 404 2479 εἷ
419 2442 455 2480 δέ
465 2460 531 2483 που
542 2443 604 2490 τὴν
621 2442 797 2482 εὖσέὸειαν
810 2444 1152 2498 παραὲλαπτομένην

133 2501 239 2549 ἴδοις,
261 2503 309 2553 μὴ
340 2504 495 2555 προτίμα
514 2505 576 2551 τὴν
599 2504 757 2554 ὁμόνοιαν
783 2508 845 2552 τῆς
868 2506 1030 2552 ἀληθείας
1045 2536 1055 2554 ,
1076 2507 1152 2545 ἀλλ’

133 2562 256 2601 ἵστασο
267 2565 429 2615 γενναίως
445 2566 508 2608 ἕως
525 2566 684 2604 θανάτου·
695 2566 754 2604 καὶ
773 2566 859 2616 μηδὲ
878 2566 968 2604 οὕτω
984 2570 1078 2619 ψυχῇ
1093 2584 1153 2606 πο-

136 2623 236 2674 λέμει
251 2655 259 2672 ,
280 2625 365 2675 μηδὲ
384 2625 599 2678 ἀποστρέφου
614 2628 754 2678 γνώμῃ,
778 2627 867 2664 ἀλλὰ
882 2633 952 2670 τοῖς
968 2628 1154 2678 πράγμασι

139 2685 252 2736 μάχου
287 2685 387 2736 μόνον
404 2702 411 2710 ·
439 2692 538 2725 τοῦτο
568 2687 634 2739 γάρ
671 2689 766 2734 ἐστι,
793 2688 845 2726 Τὸ
870 2687 903 2732 ἐξ
932 2691 1042 2738 ὑμῶν,
1064 2688 1155 2738 μετὰ

137 2745 277 2782 πάντων
300 2744 487 2798 ἀνθρώπων
502 2745 743 2796 εἰρηνεύοντες.
762 2744 836 2782 Κᾶν
853 2747 979 2789 ἐκεῖνος
999 2746 1046 2796 μὴ
1062 2749 1155 2798 εἰρη-

138 2805 234 2857 νεύη,
249 2805 289 2844 σὺ
305 2805 353 2856 μὴ
374 2804 563 2856 πληρώσῃς
587 2809 757 2857 χειμῶνος
776 2805 838 2852 τὴν
858 2805 987 2858 ψυχὴν,
1004 2808 1081 2844 ἀλλ’
1100 2806 1157 2845 ἔσο

136 2868 155 2884 *
173 2866 268 2918 φίλος
283 2866 374 2905 κατὰ
389 2865 544 2918 γνώμην,
559 2866 643 2917 ὅπερ
660 2866 763 2919 ἔφθην
781 2866 900 2915 εἰπὼν,
915 2867 977 2914 τὴν
994 2867 1157 2914 ἀλήθειαν

140 2927 300 2976 μηδαμοῦ
319 2926 511 2979 προδιδούς.
532 2925 631 2971 Μηδὲ
652 2925 792 2970 ἑαυτοὺς
808 2927 1036 2975 ἐκδικοῦντες,
1066 2929 1155 2980 ἀγα-

139 2986 262 3033 πητοὶ,
282 2986 372 3024 ἀλλὰ
404 2986 480 3025 δότε
511 2987 616 3025 τόπον
640 2989 684 3038 τῇ
714 2989 822 3040 ὀργῇ·
848 2988 1043 3040 γέγραπται
1072 2990 1158 3042 γὰρ,

142 3046 245 3094 Ἐμοὶ
275 3047 472 3096 ἐκδίκησις,
503 3047 571 3100 ἐγὼ
608 3048 844 3087 ἀνταποδώσω
856 3079 866 3097 ,
899 3049 992 3100 λέγει
1020 3049 1158 3101 Κύριος.

141 3105 235 3157 Ποία
247 3108 330 3157 ὀργῇ
342 3123 351 3153 ;
363 3109 419 3159 Τῇ
436 3112 495 3146 τοῦ
517 3110 620 3148 Θεοῦ.
636 3109 782 3156 Ἐπειδὴ
804 3109 870 3161 γὰρ
889 3113 989 3148 τοῦτο
1004 3110 1158 3160 μάλιστα

143 3166 302 3215 ἐπιθυμεῖ
326 3168 408 3205 ἰδεῖν
430 3171 448 3205 ὁ
479 3169 671 3218 ἀδικηθεὶς,
689 3170 840 3214 ἐκδικίας
865 3171 985 3209 ἑαυτὸν
1007 3171 1159 3210 ἀπολαύ-

146 3241 227 3263 οντα
238 3255 247 3273 ,
270 3230 369 3265 τοῦτο
388 3229 472 3267 αὐτὸ
481 3230 570 3278 μετὰ
583 3224 852 3276 πολλῆςδίδωσι
866 3234 926 3278 τῆς
941 3231 1157 3283 περιουσίας·

148 3288 185 3324 ἂν
203 3287 270 3340 γὰρ
295 3289 394 3332 αὐτὸς
412 3289 459 3340 μὴ
478 3290 614 3342 ἀμύνῃ,
630 3295 647 3329 ὃ
664 3292 752 3336 Θεὸς
766 3294 863 3332 ἔσται
881 3292 1044 3345 τιμωρός.
1070 3295 1160 3345 Συγ-

194 3423 205 3435 “
234 3420 409 3464 [φιλόσοφος
425 3421 459 3454 Α.
476 3428 508 3453 et
524 3433 626 3466 marg.
642 3423 729 3456 Saxil
747 3424 758 3465 ]

983 288 1041 316 ΑΒ
1079 287 1182 316 ΒΟΠ.
1220 286 1375 316 ΠΟΜΙΙ,.

1166 1414 1189 1443 Β

1414 286 1523 316 xxu.
2085 265 2170 326 747

1196 368 1263 405 bus
1281 368 1393 405 factus
1412 382 1447 405 es
1465 366 1607 405 stultior
1626 374 1658 403 ct
1674 364 1999 403 imbecillimamm
2020 362 2081 413 qui
2095 363 2174 400 talis

1198 438 1262 477 est,
1277 442 1312 466 se
1329 428 1424 466 omui
1442 441 1594 466 vacuum
1613 426 1748 464 auxilio
1767 425 1967 471 constituet,
1990 433 2021 462 et
2038 423 2073 460 in
2088 437 2175 475 pec-

1199 488 1286 526 catis
1305 489 1377 526 suis
1396 488 1493 526 nulla
1512 489 1648 525 fruetur
1669 487 1728 526 vel
1748 486 1961 525 correctione
1980 484 2038 522 vel
2057 484 2175 533 venia,

1199 564 1239 586 ac
1257 564 1321 601 per
1335 549 1573 601 arrogantiam
1592 563 1693 586 suam
1710 550 1825 586 Deum
1848 547 1893 585 ad
1911 547 2000 584 iram
2019 546 2177 584 concita-

1199 609 1265 657 bit,
1282 619 1314 647 et
1328 610 1363 647 in
1382 610 1504 647 multis
1533 609 1726 659 delinquet.
1745 607 1884 646 Accidit
1910 621 2072 658 namque,
2089 621 2181 658 saepe

1201 670 1388 718 accidit,ut
1408 670 1472 721 qui
1489 670 1645 722 prudens
1673 679 1738 719 est,
1753 670 1791 706 id
1809 669 1903 719 quod
1921 677 2095 721 oporteret
2111 682 2179 706 non

1203 730 1341 780 videat,
1359 740 1392 768 et
1412 731 1441 768 is
1468 731 1530 781 qui
1549 729 1689 767 stultior
1707 739 1772 777 est,
1796 729 1932 780 aliquid
1963 743 2085 766 eorum
2104 743 2180 779 quae

1205 793 1417 830 conveniunt
1447 790 1721 843 reperiatzquod
1749 791 1786 827 in
1808 792 1935 842 Moyse
1952 800 1984 828 et
2011 792 2044 828 in
2064 805 2182 829 socero

1205 866 1268 890 suo
1288 853 1450 904 contigit,
1472 852 1567 903 quod
1585 853 1619 889 in
1638 851 1744 890 Sa'ule
1761 861 1794 889 et
1815 852 1849 888 in
1866 867 1975 903 puero
1997 867 2074 899 su0,
2089 852 2183 903 quod

1205 914 1240 950 in
1256 915 1376 952 lsaaco
1389 923 1422 951 et
1441 913 1477 950 in
1495 913 1664 951 Rebecca.
1678 914 1731 950 Ne
1750 922 1852 964 putes
1871 927 1953 963 ergo
1969 923 2002 951 te
2020 914 2183 966 deprimi,

1206 974 1234 1010 si
1254 975 1365 1011 altero
1389 973 1641 1024 indigeaszhoc
1660 973 1754 1011 enim
1774 982 1806 1010 tc
1824 974 1936 1024 magis
1952 976 2098 1025 exaltat,
2119 978 2186 1013 hoc

1206 1043 1240 1071 te
1255 1034 1434 1071 fortiorem
1443 1034 1610 1082 facit,hoc
1625 1043 1659 1071 te
1673 1033 1949 1086 splendidiorem
1961 1044 1993 1072 et
2008 1037 2186 1075 tutiorem.

1209 1096 1270 1132 17.
1291 1097 1449 1132 Nemini
1468 1096 1614 1133 malum
1641 1110 1711 1148 pro
1743 1097 1848 1134 malo
1865 1098 2078 1136 reddentes.
2098 1099 2190 1136 Nam

1210 1155 1238 1193 si
1260 1156 1371 1193 alium
1393 1156 1454 1206 qui
1473 1156 1541 1194 tibi
1570 1157 1760 1195 insidiatur
1775 1157 1968 1210 vituperes,
1987 1172 2050 1196 cur
2069 1168 2102 1196 te
2118 1159 2191 1196 cri—

1210 1219 1297 1256 mini
1313 1219 1509 1257 obnoxium
1528 1220 1642 1259 facis?
1662 1222 1691 1259 si
1711 1222 1846 1260 malum
1867 1222 1928 1260 ille
1946 1223 2041 1271 feeit,
2060 1237 2122 1260 cur
2155 1232 2191 1260 tu

1212 1280 1473 1318 aemulationem
1503 1295 1572 1319 non
1596 1282 1721 1333 fugis?
1745 1283 1792 1322 Et
1814 1283 1910 1333 vide,
1940 1283 2117 1335 quomodo
2135 1284 2196 1322 hic

1212 1355 1281 1379 non
1303 1341 1520 1391 distinxerit,
1541 1342 1604 1382 sed
1636 1357 1856 1383 communem
1876 1345 1990 1397 legem
2023 1346 2192 1397 posuerit.

1214 1403 1336 1452 Neque
1350 1404 1445 1440 enim
1468 1403 1577 1452 dixit,
1594 1404 1709 1443 Fideli
1730 1406 1865 1443 malum
1884 1421 1951 1444 non
1969 1406 2096 1444 reddas
2107 1422 2116 1455 ;
2136 1406 2197 1444 sed

1215 1464 1386 1510 Nemini,
1417 1463 1553 1501 etiamsi
1582 1463 1725 1514 gentilis
1756 1464 1816 1514 sit,
1848 1465 1984 1502 etiamsi
2015 1466 2195 1514 scelestus,

1216 1532 1250 1560 et
1267 1522 1428 1573 quisquis
1448 1523 1591 1561 tandem
1611 1524 1729 1562 suerit.
1744 1526 1998 1564 Providentes
2015 1528 2117 1564 bona
2133 1541 2200 1565 co-

1216 1598 1300 1622 ram
1312 1587 1486 1623 omnibus
1495 1586 1808 1626 hominibus:‘18.
1819 1590 1852 1625 si
1861 1588 1950 1639 sieri
1959 1590 2203 1640 potest‚quod

1217 1660 1264 1683 ex
1285 1648 1396 1684 vobis
1421 1655 1491 1698 est,
1513 1661 1600 1684 cum
1627 1650 1801 1685 omnibus
1823 1650 2041 1688 hominihus
2065 1664 2202 1702 pacem

1219 1709 1417 1745 habentes.
1440 1707 1516 1745 Hoc
1532 1717 1595 1755 est,
1610 1709 1754 1746 Luceat
1771 1710 1838 1746 lux
1850 1719 1981 1748 vestra
1995 1724 2126 1748 coram
2140 1713 2203 1748 ho·
2219 1720 2332 1748 nauh.
2353 1721 2381 1750 5.

1220 1769 1388 1809 minibus
1402 1781 1491 1805 :non
1504 1777 1542 1805 ut
1554 1767 1598 1805 ad
1607 1783 1733 1806 vanam
1743 1769 1892 1820 gloriam
1900 1770 2078 1820 vivamus,
2092 1771 2153 1809 sed
2165 1780 2204 1809 ut
2222 1763 2267 1792 ’δ’

1220 1842 1342 1868 ansam
1366 1828 1570 1867 volentibus
1594 1844 1637 1868 ne
1662 1831 1882 1882 praebeamus
1914 1831 2102 1870 adversum
2124 1847 2198 1874 nos.

1222 1889 1327 1928 Unde
1343 1889 1430 1927 alibi
1453 1904 1593 1941 quoque
1608 1891 1694 1929 dicit
1711 1907 1718 1928 ε
1733 1894 1931 1945 Inoffensi
1944 1902 2062 1932 estote
2077 1904 2114 1933 et
2129 1896 2202 1933 Ju—
2222 1911 2246 1931 1.
2268 1902 2336 1931 Cor.
2360 1910 2403 1931 10.

1223 1951 1369 1988 doeis‘et
1390 1952 1534 1989 Graecis
1555 1961 1591 1990 et
1606 1954 1792 1992 Ecclesiae
1810 1955 1897 1992 Dei.
1917 1956 2008 1993 Bene
2027 1965 2145 1994 autem
2166 1957 2202 1994 in
2219 1944 2269 1972 3²·

1224 2012 1450 2062 sequentihus
1478 2012 1516 2051 id
1541 2013 1712 2065 declarat,
1738 2015 1870 2062 dicens,
1897 2016 1937 2054 Si
1944 2017 2041 2069 fieri
2065 2027 2202 2069 potest,

1225 2074 1329 2127 quod
1344 2088 1391 2111 ex
1406 2076 1520 2112 vobis
1534 2084 1602 2113 est.
1617 2076 1819 2128 Aliquando
1837 2086 1955 2116 autem
1975 2078 2050 2116 fieri
2072 2079 2206 2129 nequit,

1226 2144 1265 2172 ut
1284 2148 1365 2173 cum
1385 2134 1430 2173 de
1448 2135 1576 2187 pietate
1591 2151 1704 2175 sermo
1718 2147 1783 2189 cst,
1802 2148 1836 2176 et
1851 2139 1993 2190 quando
2013 2139 2057 2177 de
2078 2139 2210 2192 injuria

1224 2195 1361 2234 affectis
1380 2205 1612 2236 concertatur.
1626 2197 1674 2236 Et
1694 2198 1779 2248 quid
1796 2200 1951 2247 miraris,
1965 2200 1994 2238 si
2012 2200 2107 2252 apud
2122 2201 2210 2238 alios

1227 2256 1387 2294 homines
1401 2256 1439 2293 id
1450 2257 1527 2294 fieri
1540 2271 1609 2296 non
1622 2272 1759 2311 semper
1770 2261 1906 2312 possit?
1918 2261 2207 2312 quandoquidem

1226 2314 1317 2354 inter
1331 2316 1451 2354 virum
1464 2326 1497 2355 ct
1508 2331 1656 2356 uxorem
1668 2318 1760 2358 hanc
1771 2320 1878 2358 solvit
1893 2321 2145 2371 necessitatem,
2159 2320 2209 2358 di·

1228 2390 1306 2416 cens
1320 2378 1484 2417 :sivero
1500 2380 1672 2432 infidelis
1688 2382 1862 2429 discedit,
1882 2384 2054 2420 discedat
2063 2399 2078 2428 ;
2090 2382 2127 2420 id
2145 2392 2206 2432 est,
2228 2403 2250 2422 1.
2272 2393 2341 2423 Cor.
2359 2406 2387 2433 7·

1227 2437 1316 2484 Quae
1335 2452 1439 2491 penes
1464 2449 1497 2478 te
1525 2450 1608 2480 sunt
1634 2451 1772 2494 praesta,
1792 2452 1826 2481 et
1848 2443 1981 2481 nemini
2007 2444 2067 2482 des
2087 2458 2209 2483 ansam
2227 2436 2272 2465 ¹5·

1225 2500 1312 2538 belli
1331 2510 1364 2538 et
1393 2514 1538 2553 pugnae,
1569 2515 1638 2540 non
1670 2500 1806 2553 Judaeo,
1827 2517 1896 2542 non
1925 2505 2049 2543 Graeco
2069 2506 2209 2543 :sicubi

1227 2577 1310 2601 vero
1343 2563 1511 2615 pietatem
1547 2563 1632 2601 laedi
1663 2563 1804 2614 videas,
1838 2579 1881 2603 nc
1913 2581 2098 2618 praeponas
2127 2581 2208 2605 con-

1229 2623 1385 2661 cordiam
1416 2624 1570 2673 veritati,
1589 2624 1648 2661 sed
1667 2638 1831 2675 generose
1850 2627 1997 2677 persiste
2032 2642 2143 2678 usque
2163 2628 2209 2666 ad

1228 2693 1395 2733 mortem,
1419 2698 1460 2722 ac
1481 2698 1593 2734 neque
1623 2685 1674 2722 sic
1704 2699 1749 2722 ex
1782 2687 1899 2723 animo
1928 2701 2076 2738 pugnes,
2099 2702 2209 2739 neque

1230 2758 1275 2781 ex
1293 2743 1490 2782 voluntatis
1510 2745 1691 2796 proposito
1722 2745 1838 2797 ipsum
1859 2746 2055 2786 adverseris
2067 2779 2076 2797 ,
2088 2748 2149 2786 scd
2168 2749 2204 2786 in

1230 2805 1336 2843 rebus
1376 2805 1621 2843 tantummodo
1649 2820 1808 2858 pugnes:
1829 2807 1866 2845 id
1902 2808 1996 2846 enim
2032 2809 2210 2860 significat

1231 2866 1336 2915 illud,
1351 2867 1463 2917 Quod
1493 2882 1540 2905 ex
1575 2869 1686 2905 vobis
1720 2877 1788 2915 est,
1816 2883 1902 2906 cum
1937 2873 2112 2909 omnibus
2144 2873 2210 2908 ho-

1231 2931 1398 2966 minibus
1414 2942 1548 2981 pacem
1580 2930 1776 2967 habentes.
1796 2931 1843 2968 Et
1862 2931 1890 2968 si
1913 2931 1973 2969 ille
1991 2946 2113 2984 pacem
2142 2946 2210 2970 non

1231 2989 1436 3038 servaverit,
1447 2999 1540 3028 tune
1550 2990 1710 3028 animum
1723 3000 1822 3028 tuum
1842 3000 2046 3044 tempestate
2059 2994 2209 3045 repleas,

1231 3050 1294 3088 sed
1313 3064 1361 3088 ex
1381 3051 1562 3103 proposito
1585 3051 1776 3090 voluntatis
1793 3052 1928 3090 amicus
1947 3063 2035 3103 esto,
2056 3064 2095 3091 ut
2113 3054 2207 3105 dixi,

1231 3112 1488 3162 veritatemque
1518 3127 1693 3163 nusquam
1726 3113 1868 3164 prodas.
1894 3115 1954 3151 19.
1980 3117 2114 3167 Neque
2141 3130 2211 3155 vos

1234 3176 1334 3224 ipsos
1347 3173 1588 3219 ulciscentes,
1600 3176 1801 3223 carissimi,
1812 3176 1880 3212 sed
1886 3176 1974 3213 date
1986 3176 2112 3214 locum
2122 3180 2188 3215 iroe
2197 3194 2208 3214 :

1233 3236 1417 3284 scriptum
1446 3242 1501 3271 est
1530 3235 1770 3271 erzimffllilzi
1788 3237 1978 3283 vindicta,
2007 3251 2073 3290 ego
2099 3242 2212 3277 retri-
2225 3246 2316 3292 vD5111.
2339 3246 2388 3275 32.

1236 3297 1364 3341 huam,
1382 3295 1474 3332 dicit
1498 3295 1701 3333 Dominus.
1726 3295 1790 3333 Cui
1813 3295 1900 3334 irae‘?
1917 3297 1996 3335 Dei.
2009 3299 2104 3348 Quia
2119 3300 2212 3339 enim
2225 3285 2276 3316 ³³¹
