<?xml version="1.0" encoding="UTF-8"?>
<!DOCTYPE html PUBLIC "-//W3C//DTD XHTML 1.0 Transitional//EN"
    "http://www.w3.org/TR/xhtml1/DTD/xhtml1-transitional.dtd">
<html xmlns="http://www.w3.org/1999/xhtml" xml:lang="en" lang="en">
 <head>
  <title>
</title>
<meta http-equiv="Content-Type" content="text/html;charset=utf-8" />
  <meta name='ocr-system' content='tesseract 3.04.00' />
  <meta name='ocr-capabilities' content='ocr_page ocr_carea ocr_par ocr_line ocrx_word'/>
</head>
<body>
  <div class='ocr_page' id='page_1' title='image "./operaomniaquaeex09johnuoft_0669.png"; bbox 0 0 2502 3810; ppageno 0'>
   <div class='ocr_carea' id='block_1_1' title="bbox 695 286 916 317">
    <p class='ocr_par' dir='ltr' id='par_1_1' title="bbox 695 286 916 317">
     <span class='ocr_line' id='line_1_1' title="bbox 695 286 916 317; baseline -0.014 0"><span class='ocrx_word' id='word_1_1' title='bbox 695 289 737 317; x_wconf 88' lang='lat' dir='ltr'>IN</span> <span class='ocrx_word' id='word_1_2' title='bbox 776 286 916 317; x_wconf 87' lang='lat' dir='ltr'><strong>EPIST.</strong></span> 
     </span>
    </p>
   </div>
   <div class='ocr_carea' id='block_1_2' title="bbox 53 364 1072 1254">
    <p class='ocr_par' dir='ltr' id='par_1_2' title="bbox 53 364 1072 1254">
     <span class='ocr_line' id='line_1_2' title="bbox 54 364 1064 418; baseline -0.003 -15"><span class='ocrx_word' id='word_1_3' title='bbox 54 366 182 418; x_wconf 67' lang='grc' dir='ltr'>σφόδρα</span> <span class='ocrx_word' id='word_1_4' title='bbox 214 365 273 403; x_wconf 83' lang='grc' dir='ltr'>καὶ</span> <span class='ocrx_word' id='word_1_5' title='bbox 302 365 386 416; x_wconf 79' lang='grc' dir='ltr'>πρὸς</span> <span class='ocrx_word' id='word_1_6' title='bbox 405 365 529 417; x_wconf 75' lang='grc' dir='ltr'>ἀρετὴν</span> <span class='ocrx_word' id='word_1_7' title='bbox 548 369 631 416; x_wconf 80' lang='grc' dir='ltr'>ἡμῖν</span> <span class='ocrx_word' id='word_1_8' title='bbox 652 366 855 413; x_wconf 78' lang='grc' dir='ltr'>ἐπιτήδειον,</span> <span class='ocrx_word' id='word_1_9' title='bbox 874 364 931 403; x_wconf 77' lang='grc' dir='ltr'>ἐὰν</span> <span class='ocrx_word' id='word_1_10' title='bbox 951 364 1064 414; x_wconf 71' lang='grc' dir='ltr'>νήφω-</span> 
     </span>
     <span class='ocr_line' id='line_1_3' title="bbox 54 424 1065 477; baseline -0.004 -14"><span class='ocrx_word' id='word_1_11' title='bbox 54 441 126 476; x_wconf 85' lang='grc' dir='ltr'>μεν.</span> <span class='ocrx_word' id='word_1_12' title='bbox 156 424 389 476; x_wconf 86' lang='grc' dir='ltr'>Ταλαίπωρος</span> <span class='ocrx_word' id='word_1_13' title='bbox 411 425 478 476; x_wconf 81' lang='grc' dir='ltr'>ἐγὼ</span> <span class='ocrx_word' id='word_1_14' title='bbox 500 425 694 477; x_wconf 76' lang='grc' dir='ltr'>ἄνθρωπος·</span> <span class='ocrx_word' id='word_1_15' title='bbox 720 426 770 469; x_wconf 83' lang='grc' dir='ltr'>τίς</span> <span class='ocrx_word' id='word_1_16' title='bbox 801 441 843 475; x_wconf 82' lang='grc' dir='ltr'>με</span> <span class='ocrx_word' id='word_1_17' title='bbox 871 425 1009 476; x_wconf 74' lang='grc' dir='ltr'>ῥύσεται</span> <span class='ocrx_word' id='word_1_18' title='bbox 1027 425 1065 459; x_wconf 81' lang='grc' dir='ltr'>ἐκ</span> 
     </span>
     <span class='ocr_line' id='line_1_4' title="bbox 53 480 1065 535; baseline -0.002 -13"><span class='ocrx_word' id='word_1_19' title='bbox 53 489 112 523; x_wconf 87' lang='grc' dir='ltr'>τοῦ</span> <span class='ocrx_word' id='word_1_20' title='bbox 128 484 286 535; x_wconf 84' lang='grc' dir='ltr'>σώματος</span> <span class='ocrx_word' id='word_1_21' title='bbox 301 490 359 523; x_wconf 86' lang='grc' dir='ltr'>τοῦ</span> <span class='ocrx_word' id='word_1_22' title='bbox 373 486 518 523; x_wconf 75' lang='grc' dir='ltr'>Θανάτου</span> <span class='ocrx_word' id='word_1_23' title='bbox 538 485 676 531; x_wconf 51' lang='lat' dir='ltr'>totitem</span> <span class='ocrx_word' id='word_1_24' title='bbox 698 480 798 528; x_wconf 71' lang='grc' dir='ltr'>Εἶδες</span> <span class='ocrx_word' id='word_1_25' title='bbox 816 485 906 530; x_wconf 88' lang='grc' dir='ltr'>πόση</span> <span class='ocrx_word' id='word_1_26' title='bbox 927 486 989 528; x_wconf 71' lang='grc' dir='ltr'>τῆς</span> <span class='ocrx_word' id='word_1_27' title='bbox 1005 497 1065 520; x_wconf 81' lang='grc' dir='ltr'>κα·</span> 
     </span>
     <span class='ocr_line' id='line_1_5' title="bbox 53 542 1063 597; baseline -0.004 -15"><span class='ocrx_word' id='word_1_28' title='bbox 53 545 162 591; x_wconf 82' lang='grc' dir='ltr'>κίαςὴ</span> <span class='ocrx_word' id='word_1_29' title='bbox 183 548 355 596; x_wconf 82' lang='grc' dir='ltr'>τυραννὶς,</span> <span class='ocrx_word' id='word_1_30' title='bbox 389 546 441 584; x_wconf 78' lang='grc' dir='ltr'>ὅτι</span> <span class='ocrx_word' id='word_1_31' title='bbox 465 547 523 584; x_wconf 84' lang='grc' dir='ltr'>καὶ</span> <span class='ocrx_word' id='word_1_32' title='bbox 561 546 788 595; x_wconf 75' lang='grc' dir='ltr'>συνηδόμενον</span> <span class='ocrx_word' id='word_1_33' title='bbox 812 550 862 597; x_wconf 85' lang='grc' dir='ltr'>τῷ</span> <span class='ocrx_word' id='word_1_34' title='bbox 881 545 975 595; x_wconf 86' lang='grc' dir='ltr'>νόμῳ</span> <span class='ocrx_word' id='word_1_35' title='bbox 1006 542 1063 579; x_wconf 83' lang='grc' dir='ltr'>τὸν</span> 
     </span>
     <span class='ocr_line' id='line_1_6' title="bbox 53 604 1064 658; baseline -0.003 -16"><span class='ocrx_word' id='word_1_36' title='bbox 53 610 128 643; x_wconf 85' lang='grc' dir='ltr'>νοῦν</span> <span class='ocrx_word' id='word_1_37' title='bbox 144 612 242 657; x_wconf 68' lang='grc' dir='ltr'>νικᾷ,</span> <span class='ocrx_word' id='word_1_38' title='bbox 261 605 350 643; x_wconf 72' lang='grc' dir='ltr'>Οὐδὲ</span> <span class='ocrx_word' id='word_1_39' title='bbox 369 605 437 658; x_wconf 82' lang='grc' dir='ltr'>γὰρ</span> <span class='ocrx_word' id='word_1_40' title='bbox 470 607 543 658; x_wconf 70' lang='grc' dir='ltr'>ἔχει</span> <span class='ocrx_word' id='word_1_41' title='bbox 561 623 613 649; x_wconf 90' lang='grc' dir='ltr'>τις</span> <span class='ocrx_word' id='word_1_42' title='bbox 644 609 765 654; x_wconf 84' lang='grc' dir='ltr'>εἰπεῖν,</span> <span class='ocrx_word' id='word_1_43' title='bbox 791 606 906 658; x_wconf 75' lang='grc' dir='ltr'>φησὶν,</span> <span class='ocrx_word' id='word_1_44' title='bbox 929 604 981 641; x_wconf 78' lang='grc' dir='ltr'>ὅτι</span> <span class='ocrx_word' id='word_1_45' title='bbox 1009 619 1064 652; x_wconf 86' lang='grc' dir='ltr'>μι-</span> 
     </span>
     <span class='ocr_line' id='line_1_7' title="bbox 54 661 1065 718; baseline -0.004 -16"><span class='ocrx_word' id='word_1_46' title='bbox 54 664 178 702; x_wconf 88' lang='grc' dir='ltr'>σοῦντά</span> <span class='ocrx_word' id='word_1_47' title='bbox 197 681 240 714; x_wconf 88' lang='grc' dir='ltr'>με</span> <span class='ocrx_word' id='word_1_48' title='bbox 255 666 312 703; x_wconf 83' lang='grc' dir='ltr'>τὸν</span> <span class='ocrx_word' id='word_1_49' title='bbox 328 665 429 716; x_wconf 86' lang='grc' dir='ltr'>νόμον</span> <span class='ocrx_word' id='word_1_50' title='bbox 451 667 510 704; x_wconf 80' lang='grc' dir='ltr'>καὶ</span> <span class='ocrx_word' id='word_1_51' title='bbox 541 664 838 718; x_wconf 76' lang='grc' dir='ltr'>ἀποστρεφόμενον</span> <span class='ocrx_word' id='word_1_52' title='bbox 858 669 880 711; x_wconf 77' lang='grc' dir='ltr'><strong>ἢ</strong></span> <span class='ocrx_word' id='word_1_53' title='bbox 911 661 1065 714; x_wconf 82' lang='grc' dir='ltr'>ἁμαρτία</span> 
     </span>
     <span class='ocr_line' id='line_1_8' title="bbox 53 721 1066 779; baseline -0.001 -19"><span class='ocrx_word' id='word_1_54' title='bbox 53 728 247 775; x_wconf 75' lang='grc' dir='ltr'>χειροῦται·</span> <span class='ocrx_word' id='word_1_55' title='bbox 277 726 469 776; x_wconf 71' lang='grc' dir='ltr'>συνήδομαι</span> <span class='ocrx_word' id='word_1_56' title='bbox 490 727 556 779; x_wconf 81' lang='grc' dir='ltr'>γὰρ</span> <span class='ocrx_word' id='word_1_57' title='bbox 589 729 681 778; x_wconf 78' lang='grc' dir='ltr'>αὐτῷ</span> <span class='ocrx_word' id='word_1_58' title='bbox 706 726 765 764; x_wconf 81' lang='grc' dir='ltr'>καὶ</span> <span class='ocrx_word' id='word_1_59' title='bbox 791 725 975 775; x_wconf 77' lang='grc' dir='ltr'>σύμφημι,</span> <span class='ocrx_word' id='word_1_60' title='bbox 1007 721 1066 759; x_wconf 79' lang='grc' dir='ltr'>καὶ</span> 
     </span>
     <span class='ocr_line' id='line_1_9' title="bbox 54 779 1067 837; baseline 0 -16"><span class='ocrx_word' id='word_1_61' title='bbox 54 785 259 836; x_wconf 65' lang='grc' dir='ltr'>καταφεύγω</span> <span class='ocrx_word' id='word_1_62' title='bbox 283 787 366 837; x_wconf 82' lang='grc' dir='ltr'>πρὸς</span> <span class='ocrx_word' id='word_1_63' title='bbox 398 787 510 834; x_wconf 73' lang='grc' dir='ltr'>αὐτὸν,</span> <span class='ocrx_word' id='word_1_64' title='bbox 531 788 606 824; x_wconf 87' lang='grc' dir='ltr'>ἀλλ’</span> <span class='ocrx_word' id='word_1_65' title='bbox 630 786 722 836; x_wconf 78' lang='grc' dir='ltr'>ὅμως</span> <span class='ocrx_word' id='word_1_66' title='bbox 756 787 882 826; x_wconf 81' lang='grc' dir='ltr'>ἐκεῖνος</span> <span class='ocrx_word' id='word_1_67' title='bbox 908 783 969 833; x_wconf 78' lang='grc' dir='ltr'>μὲν</span> <span class='ocrx_word' id='word_1_68' title='bbox 991 779 1067 819; x_wconf 72' lang='grc' dir='ltr'>οὐδὲ</span> 
     </span>
     <span class='ocr_line' id='line_1_10' title="bbox 56 840 1068 899; baseline -0.003 -17"><span class='ocrx_word' id='word_1_69' title='bbox 56 844 221 896; x_wconf 70' lang='grc' dir='ltr'>φεύγοντα</span> <span class='ocrx_word' id='word_1_70' title='bbox 240 846 323 897; x_wconf 82' lang='grc' dir='ltr'>πρὸς</span> <span class='ocrx_word' id='word_1_71' title='bbox 339 847 438 884; x_wconf 77' lang='grc' dir='ltr'>αὐτὸν</span> <span class='ocrx_word' id='word_1_72' title='bbox 460 846 580 899; x_wconf 71' lang='grc' dir='ltr'>ἴσχυσε</span> <span class='ocrx_word' id='word_1_73' title='bbox 601 850 710 884; x_wconf 70' lang='grc' dir='ltr'>σῶσαι</span> <span class='ocrx_word' id='word_1_74' title='bbox 723 874 732 891; x_wconf 89' lang='grc'>,</span> <span class='ocrx_word' id='word_1_75' title='bbox 751 848 768 882; x_wconf 85' lang='grc' dir='ltr'><em>ὃ</em></span> <span class='ocrx_word' id='word_1_76' title='bbox 787 844 822 881; x_wconf 79' lang='grc' dir='ltr'>δὲ</span> <span class='ocrx_word' id='word_1_77' title='bbox 842 842 990 895; x_wconf 81' lang='grc' dir='ltr'>Χριστὸς</span> <span class='ocrx_word' id='word_1_78' title='bbox 1009 840 1068 876; x_wconf 73' lang='grc' dir='ltr'>καὶ</span> 
     </span>
     <span class='ocr_line' id='line_1_11' title="bbox 58 900 1069 954; baseline 0.006 -14"><span class='ocrx_word' id='word_1_79' title='bbox 58 903 225 954; x_wconf 73' lang='grc' dir='ltr'>φεύγοντα</span> <span class='ocrx_word' id='word_1_80' title='bbox 245 907 304 943; x_wconf 85' lang='grc' dir='ltr'>ἀπ’</span> <span class='ocrx_word' id='word_1_81' title='bbox 328 909 429 944; x_wconf 80' lang='grc' dir='ltr'>αὐτοῦ</span> <span class='ocrx_word' id='word_1_82' title='bbox 451 907 589 944; x_wconf 83' lang='grc' dir='ltr'>ἔσωσεν.</span> <span class='ocrx_word' id='word_1_83' title='bbox 608 900 707 948; x_wconf 66' lang='grc' dir='ltr'>Εἶδες</span> <span class='ocrx_word' id='word_1_84' title='bbox 724 904 816 950; x_wconf 88' lang='grc' dir='ltr'>πόση</span> <span class='ocrx_word' id='word_1_85' title='bbox 839 905 902 946; x_wconf 59' lang='grc' dir='ltr'>τῆς</span> <span class='ocrx_word' id='word_1_86' title='bbox 927 901 1069 952; x_wconf 62' lang='grc' dir='ltr'>χάριτος</span> 
     </span>
     <span class='ocr_line' id='line_1_12' title="bbox 58 958 1070 1017; baseline -0.006 -17"><span class='ocrx_word' id='word_1_87' title='bbox 58 967 78 1008; x_wconf 78' lang='grc' dir='ltr'>ἡ</span> <span class='ocrx_word' id='word_1_88' title='bbox 95 964 288 1017; x_wconf 61' lang='grc' dir='ltr'>ὑπερδολῆ,</span> <span class='ocrx_word' id='word_1_89' title='bbox 310 966 400 1003; x_wconf 82' lang='grc' dir='ltr'>Ἀλλ’</span> <span class='ocrx_word' id='word_1_90' title='bbox 425 966 512 1004; x_wconf 78' lang='grc' dir='ltr'>οὕτω</span> <span class='ocrx_word' id='word_1_91' title='bbox 542 965 602 1015; x_wconf 81' lang='grc' dir='ltr'>μὲν</span> <span class='ocrx_word' id='word_1_92' title='bbox 619 967 691 1003; x_wconf 61' lang='grc' dir='ltr'>ὀὐκ</span> <span class='ocrx_word' id='word_1_93' title='bbox 720 963 838 1008; x_wconf 79' lang='grc' dir='ltr'>ἔθηκεν</span> <span class='ocrx_word' id='word_1_94' title='bbox 855 961 935 998; x_wconf 80' lang='grc' dir='ltr'>αὐτὸ</span> <span class='ocrx_word' id='word_1_95' title='bbox 953 963 971 997; x_wconf 83' lang='grc' dir='ltr'>ὃ</span> <span class='ocrx_word' id='word_1_96' title='bbox 987 958 1070 995; x_wconf 85' lang='grc' dir='ltr'>ἀπό-</span> 
     </span>
     <span class='ocr_line' id='line_1_13' title="bbox 60 1020 1072 1075; baseline -0.001 -15"><span class='ocrx_word' id='word_1_97' title='bbox 60 1027 196 1068; x_wconf 85' lang='grc' dir='ltr'>στολος·</span> <span class='ocrx_word' id='word_1_98' title='bbox 219 1025 410 1075; x_wconf 86' lang='grc' dir='ltr'>ἀνοιμώξας</span> <span class='ocrx_word' id='word_1_99' title='bbox 435 1025 470 1063; x_wconf 78' lang='grc' dir='ltr'>δὲ</span> <span class='ocrx_word' id='word_1_100' title='bbox 488 1025 587 1075; x_wconf 89' lang='grc' dir='ltr'>μόνον</span> <span class='ocrx_word' id='word_1_101' title='bbox 609 1025 667 1062; x_wconf 85' lang='grc' dir='ltr'>καὶ</span> <span class='ocrx_word' id='word_1_102' title='bbox 696 1023 865 1075; x_wconf 80' lang='grc' dir='ltr'>θρηνήσας</span> <span class='ocrx_word' id='word_1_103' title='bbox 885 1020 994 1071; x_wconf 76' lang='grc' dir='ltr'>μέγα,</span> <span class='ocrx_word' id='word_1_104' title='bbox 1026 1020 1072 1060; x_wconf 77' lang='grc' dir='ltr'>ὡς</span> 
     </span>
     <span class='ocr_line' id='line_1_14' title="bbox 57 1077 1071 1136; baseline 0 -14"><span class='ocrx_word' id='word_1_105' title='bbox 57 1087 115 1122; x_wconf 52' lang='grc' dir='ltr'>ἒέν</span> <span class='ocrx_word' id='word_1_106' title='bbox 133 1085 260 1136; x_wconf 75' lang='grc' dir='ltr'>ἐρημία</span> <span class='ocrx_word' id='word_1_107' title='bbox 293 1088 358 1121; x_wconf 79' lang='grc' dir='ltr'>τῶν</span> <span class='ocrx_word' id='word_1_108' title='bbox 381 1083 632 1134; x_wconf 73' lang='grc' dir='ltr'>βοηθησόντων,</span> <span class='ocrx_word' id='word_1_109' title='bbox 654 1084 710 1121; x_wconf 77' lang='grc' dir='ltr'>διὰ</span> <span class='ocrx_word' id='word_1_110' title='bbox 735 1087 796 1129; x_wconf 65' lang='grc' dir='ltr'>τῆς</span> <span class='ocrx_word' id='word_1_111' title='bbox 829 1079 974 1133; x_wconf 71' lang='grc' dir='ltr'>ἀπορίας</span> <span class='ocrx_word' id='word_1_112' title='bbox 1003 1077 1071 1114; x_wconf 66' lang='grc' dir='ltr'>δεί-</span> 
     </span>
     <span class='ocr_line' id='line_1_15' title="bbox 59 1137 1072 1194; baseline -0.009 -12"><span class='ocrx_word' id='word_1_113' title='bbox 59 1159 157 1182; x_wconf 79' lang='grc' dir='ltr'>κνυσι</span> <span class='ocrx_word' id='word_1_114' title='bbox 171 1147 230 1180; x_wconf 87' lang='grc' dir='ltr'>τοῦ</span> <span class='ocrx_word' id='word_1_115' title='bbox 246 1145 396 1194; x_wconf 84' lang='grc' dir='ltr'>Χριστοῦ</span> <span class='ocrx_word' id='word_1_116' title='bbox 415 1143 477 1189; x_wconf 77' lang='grc' dir='ltr'>τὴν</span> <span class='ocrx_word' id='word_1_117' title='bbox 501 1143 655 1194; x_wconf 82' lang='grc' dir='ltr'>δύναμιν,</span> <span class='ocrx_word' id='word_1_118' title='bbox 672 1143 731 1181; x_wconf 86' lang='grc' dir='ltr'>καί</span> <span class='ocrx_word' id='word_1_119' title='bbox 747 1157 849 1194; x_wconf 71' lang='grc' dir='ltr'>φησι,</span> <span class='ocrx_word' id='word_1_120' title='bbox 878 1137 1072 1179; x_wconf 82' lang='grc' dir='ltr'>Ταλαίπω-</span> 
     </span>
     <span class='ocr_line' id='line_1_16' title="bbox 54 1198 1071 1254; baseline -0.006 -14"><span class='ocrx_word' id='word_1_121' title='bbox 54 1218 109 1254; x_wconf 86' lang='grc' dir='ltr'>ρος</span> <span class='ocrx_word' id='word_1_122' title='bbox 140 1202 207 1254; x_wconf 79' lang='grc' dir='ltr'>ἐγὼ</span> <span class='ocrx_word' id='word_1_123' title='bbox 233 1203 430 1254; x_wconf 82' lang='grc' dir='ltr'>ἄνθρωπος·</span> <span class='ocrx_word' id='word_1_124' title='bbox 460 1202 511 1245; x_wconf 87' lang='grc' dir='ltr'>τίς</span> <span class='ocrx_word' id='word_1_125' title='bbox 536 1219 578 1253; x_wconf 89' lang='grc' dir='ltr'>με</span> <span class='ocrx_word' id='word_1_126' title='bbox 600 1203 740 1254; x_wconf 77' lang='grc' dir='ltr'>ῥύσεται</span> <span class='ocrx_word' id='word_1_127' title='bbox 769 1204 807 1239; x_wconf 79' lang='grc' dir='ltr'>ἐκ</span> <span class='ocrx_word' id='word_1_128' title='bbox 834 1204 892 1238; x_wconf 90' lang='grc' dir='ltr'>τοῦ</span> <span class='ocrx_word' id='word_1_129' title='bbox 908 1198 1071 1249; x_wconf 80' lang='grc' dir='ltr'>σώματος</span> 
     </span>
    </p>
   </div>
   <div class='ocr_carea' id='block_1_3' title="bbox 956 282 1154 313">
    <p class='ocr_par' dir='ltr' id='par_1_3' title="bbox 956 282 1154 313">
     <span class='ocr_line' id='line_1_17' title="bbox 956 282 1154 313; baseline -0.015 0"><span class='ocrx_word' id='word_1_130' title='bbox 956 284 1015 313; x_wconf 88' lang='grc' dir='ltr'>ΑΙ)</span> <span class='ocrx_word' id='word_1_131' title='bbox 1045 282 1154 312; x_wconf 81' lang='lat' dir='ltr'><strong>ROM.</strong></span> 
     </span>
    </p>
   </div>
   <div class='ocr_carea' id='block_1_4' title="bbox 1193 261 2116 323">
    <p class='ocr_par' dir='ltr' id='par_1_4' title="bbox 1193 261 2116 323">
     <span class='ocr_line' id='line_1_18' title="bbox 1193 261 2116 323; baseline -0.005 -13"><span class='ocrx_word' id='word_1_132' title='bbox 1193 281 1347 311; x_wconf 84' lang='lat' dir='ltr'>HOMIL.</span> <span class='ocrx_word' id='word_1_133' title='bbox 1386 282 1481 312; x_wconf 84' lang='lat' dir='ltr'>xm.</span> <span class='ocrx_word' id='word_1_134' title='bbox 2021 261 2051 306; x_wconf 83' lang='lat'>6</span> <span class='ocrx_word' id='word_1_135' title='bbox 2065 280 2072 305; x_wconf 89' lang='grc' dir='ltr'>ι</span> <span class='ocrx_word' id='word_1_136' title='bbox 2085 278 2116 323; x_wconf 77' lang='lat'>9</span> 
     </span>
    </p>
   </div>
   <div class='ocr_carea' id='block_1_5' title="bbox 1136 356 2128 1251">
    <p class='ocr_par' dir='ltr' id='par_1_5' title="bbox 1136 356 2128 1251">
     <span class='ocr_line' id='line_1_19' title="bbox 1138 356 2114 411; baseline -0.005 -13"><span class='ocrx_word' id='word_1_137' title='bbox 1138 360 1202 398; x_wconf 86' lang='lat' dir='ltr'>Dei</span> <span class='ocrx_word' id='word_1_138' title='bbox 1219 361 1321 398; x_wconf 76' lang='lat' dir='ltr'>nobis</span> <span class='ocrx_word' id='word_1_139' title='bbox 1340 361 1385 398; x_wconf 85' lang='lat' dir='ltr'>ad</span> <span class='ocrx_word' id='word_1_140' title='bbox 1401 361 1568 401; x_wconf 85' lang='lat' dir='ltr'>virtutem</span> <span class='ocrx_word' id='word_1_141' title='bbox 1582 360 1688 400; x_wconf 85' lang='lat' dir='ltr'>valde</span> <span class='ocrx_word' id='word_1_142' title='bbox 1703 367 1954 411; x_wconf 80' lang='lat' dir='ltr'>opportunum,</span> <span class='ocrx_word' id='word_1_143' title='bbox 1971 357 1999 394; x_wconf 89' lang='lat' dir='ltr'>si</span> <span class='ocrx_word' id='word_1_144' title='bbox 2018 356 2114 407; x_wconf 83' lang='lat' dir='ltr'>vigi-</span> 
     </span>
     <span class='ocr_line' id='line_1_20' title="bbox 1136 418 2118 474; baseline -0.003 -17"><span class='ocrx_word' id='word_1_145' title='bbox 1136 421 1260 459; x_wconf 89' lang='lat' dir='ltr'>lemus.</span> <span class='ocrx_word' id='word_1_146' title='bbox 1277 422 1339 459; x_wconf 61' lang='grc'>94.</span> <span class='ocrx_word' id='word_1_147' title='bbox 1358 423 1508 474; x_wconf 75' lang='lat' dir='ltr'><em>Infelix</em></span> <span class='ocrx_word' id='word_1_148' title='bbox 1538 436 1606 474; x_wconf 80' lang='lat' dir='ltr'>ego</span> <span class='ocrx_word' id='word_1_149' title='bbox 1640 419 1776 459; x_wconf 78' lang='lat' dir='ltr'>homo!</span> <span class='ocrx_word' id='word_1_150' title='bbox 1802 422 1886 470; x_wconf 83' lang='lat' dir='ltr'>quis</span> <span class='ocrx_word' id='word_1_151' title='bbox 1921 432 1981 455; x_wconf 87' lang='lat' dir='ltr'>me</span> <span class='ocrx_word' id='word_1_152' title='bbox 2019 418 2118 455; x_wconf 76' lang='lat' dir='ltr'>libe-</span> 
     </span>
     <span class='ocr_line' id='line_1_21' title="bbox 1137 478 2115 533; baseline -0.003 -16"><span class='ocrx_word' id='word_1_153' title='bbox 1137 482 1240 518; x_wconf 81' lang='lat' dir='ltr'>rabit</span> <span class='ocrx_word' id='word_1_154' title='bbox 1256 482 1304 518; x_wconf 83' lang='lat' dir='ltr'>de</span> <span class='ocrx_word' id='word_1_155' title='bbox 1331 495 1486 533; x_wconf 82' lang='lat' dir='ltr'>corpore</span> <span class='ocrx_word' id='word_1_156' title='bbox 1515 485 1646 520; x_wconf 78' lang='lat' dir='ltr'>mortis</span> <span class='ocrx_word' id='word_1_157' title='bbox 1670 483 1809 533; x_wconf 79' lang='lat' dir='ltr'>hujus?</span> <span class='ocrx_word' id='word_1_158' title='bbox 1828 478 1958 519; x_wconf 84' lang='lat' dir='ltr'>Viden&#39;</span> <span class='ocrx_word' id='word_1_159' title='bbox 1983 486 2115 528; x_wconf 83' lang='lat' dir='ltr'>quanta</span> 
     </span>
     <span class='ocr_line' id='line_1_22' title="bbox 1139 537 2117 594; baseline -0.003 -17"><span class='ocrx_word' id='word_1_160' title='bbox 1139 540 1183 577; x_wconf 87' lang='lat' dir='ltr'>sit</span> <span class='ocrx_word' id='word_1_161' title='bbox 1204 541 1349 578; x_wconf 87' lang='lat' dir='ltr'>malitiae</span> <span class='ocrx_word' id='word_1_162' title='bbox 1381 542 1556 594; x_wconf 82' lang='lat' dir='ltr'>tyrannis,</span> <span class='ocrx_word' id='word_1_163' title='bbox 1581 556 1658 592; x_wconf 78' lang='lat' dir='ltr'>quae</span> <span class='ocrx_word' id='word_1_164' title='bbox 1692 549 1843 578; x_wconf 80' lang='lat' dir='ltr'>mentem</span> <span class='ocrx_word' id='word_1_165' title='bbox 1874 538 1910 575; x_wconf 87' lang='lat' dir='ltr'>in</span> <span class='ocrx_word' id='word_1_166' title='bbox 1940 538 2016 589; x_wconf 81' lang='lat' dir='ltr'>lege</span> <span class='ocrx_word' id='word_1_167' title='bbox 2049 537 2117 575; x_wconf 85' lang='lat' dir='ltr'>sibi</span> 
     </span>
     <span class='ocr_line' id='line_1_23' title="bbox 1140 598 2114 653; baseline -0.004 -15"><span class='ocrx_word' id='word_1_168' title='bbox 1140 602 1415 653; x_wconf 78' lang='lat' dir='ltr'><strong>complacentem</strong></span> <span class='ocrx_word' id='word_1_169' title='bbox 1435 603 1574 641; x_wconf 71' lang='lat' dir='ltr'>vincit?</span> <span class='ocrx_word' id='word_1_170' title='bbox 1592 603 1715 652; x_wconf 83' lang='lat' dir='ltr'>Neque</span> <span class='ocrx_word' id='word_1_171' title='bbox 1733 601 1826 639; x_wconf 87' lang='lat' dir='ltr'>enim</span> <span class='ocrx_word' id='word_1_172' title='bbox 1846 599 1962 637; x_wconf 85' lang='lat' dir='ltr'><strong>dicere</strong></span> <span class='ocrx_word' id='word_1_173' title='bbox 1988 598 2114 650; x_wconf 85' lang='lat' dir='ltr'>possis,</span> 
     </span>
     <span class='ocr_line' id='line_1_24' title="bbox 1141 661 2119 712; baseline -0.003 -15"><span class='ocrx_word' id='word_1_174' title='bbox 1141 675 1208 709; x_wconf 71' lang='lat' dir='ltr'>me,</span> <span class='ocrx_word' id='word_1_175' title='bbox 1221 661 1281 711; x_wconf 87' lang='lat' dir='ltr'>qui</span> <span class='ocrx_word' id='word_1_176' title='bbox 1293 662 1406 712; x_wconf 81' lang='lat' dir='ltr'>legem</span> <span class='ocrx_word' id='word_1_177' title='bbox 1423 662 1559 700; x_wconf 81' lang='lat' dir='ltr'>oderim</span> <span class='ocrx_word' id='word_1_178' title='bbox 1575 671 1607 700; x_wconf 89' lang='lat' dir='ltr'>et</span> <span class='ocrx_word' id='word_1_179' title='bbox 1624 675 1774 709; x_wconf 77' lang='lat' dir='ltr'>averser,</span> <span class='ocrx_word' id='word_1_180' title='bbox 1785 675 1804 697; x_wconf 89' lang='lat' dir='ltr'>a</span> <span class='ocrx_word' id='word_1_181' title='bbox 1818 668 1959 711; x_wconf 84' lang='lat' dir='ltr'>peccato</span> <span class='ocrx_word' id='word_1_182' title='bbox 1975 667 2119 710; x_wconf 87' lang='lat' dir='ltr'>captum</span> 
     </span>
     <span class='ocr_line' id='line_1_25' title="bbox 1139 717 2120 772; baseline -0.002 -15"><span class='ocrx_word' id='word_1_183' title='bbox 1139 721 1266 760; x_wconf 87' lang='lat' dir='ltr'>fuisse:</span> <span class='ocrx_word' id='word_1_184' title='bbox 1284 722 1502 759; x_wconf 83' lang='lat' dir='ltr'>condelector</span> <span class='ocrx_word' id='word_1_185' title='bbox 1521 722 1615 759; x_wconf 87' lang='lat' dir='ltr'>enim</span> <span class='ocrx_word' id='word_1_186' title='bbox 1632 722 1668 759; x_wconf 92' lang='lat' dir='ltr'>in</span> <span class='ocrx_word' id='word_1_187' title='bbox 1690 722 1778 772; x_wconf 85' lang='lat' dir='ltr'>ipsa,</span> <span class='ocrx_word' id='word_1_188' title='bbox 1799 721 1912 771; x_wconf 84' lang='lat' dir='ltr'>ipsam</span> <span class='ocrx_word' id='word_1_189' title='bbox 1932 719 2057 770; x_wconf 76' lang='lat' dir='ltr'>probo,</span> <span class='ocrx_word' id='word_1_190' title='bbox 2073 717 2120 755; x_wconf 86' lang='lat' dir='ltr'>ad</span> 
     </span>
     <span class='ocr_line' id='line_1_26' title="bbox 1141 779 2116 832; baseline -0.003 -15"><span class='ocrx_word' id='word_1_191' title='bbox 1141 781 1239 818; x_wconf 89' lang='lat' dir='ltr'>illam</span> <span class='ocrx_word' id='word_1_192' title='bbox 1271 782 1449 832; x_wconf 85' lang='lat' dir='ltr'>confugio.</span> <span class='ocrx_word' id='word_1_193' title='bbox 1475 783 1639 819; x_wconf 81' lang='lat' dir='ltr'>Attamen</span> <span class='ocrx_word' id='word_1_194' title='bbox 1658 781 1719 818; x_wconf 86' lang='lat' dir='ltr'>illa</span> <span class='ocrx_word' id='word_1_195' title='bbox 1738 779 1783 817; x_wconf 85' lang='lat' dir='ltr'>ad</span> <span class='ocrx_word' id='word_1_196' title='bbox 1805 794 1841 816; x_wconf 89' lang='lat' dir='ltr'>se</span> <span class='ocrx_word' id='word_1_197' title='bbox 1861 779 2116 829; x_wconf 78' lang='lat' dir='ltr'>confugientem</span> 
     </span>
     <span class='ocr_line' id='line_1_27' title="bbox 1141 838 2121 892; baseline -0.003 -15"><span class='ocrx_word' id='word_1_198' title='bbox 1141 854 1280 878; x_wconf 85' lang='lat' dir='ltr'>servare</span> <span class='ocrx_word' id='word_1_199' title='bbox 1296 854 1362 877; x_wconf 92' lang='lat' dir='ltr'>non</span> <span class='ocrx_word' id='word_1_200' title='bbox 1380 841 1516 892; x_wconf 87' lang='lat' dir='ltr'>potuit;</span> <span class='ocrx_word' id='word_1_201' title='bbox 1531 849 1650 878; x_wconf 85' lang='lat' dir='ltr'>contra</span> <span class='ocrx_word' id='word_1_202' title='bbox 1669 853 1752 879; x_wconf 84' lang='lat' dir='ltr'>vero</span> <span class='ocrx_word' id='word_1_203' title='bbox 1769 839 1931 876; x_wconf 84' lang='lat' dir='ltr'>Christus</span> <span class='ocrx_word' id='word_1_204' title='bbox 1949 838 1994 875; x_wconf 87' lang='lat' dir='ltr'>ab</span> <span class='ocrx_word' id='word_1_205' title='bbox 2014 852 2049 875; x_wconf 91' lang='lat' dir='ltr'>se</span> <span class='ocrx_word' id='word_1_206' title='bbox 2061 838 2121 874; x_wconf 87' lang='lat' dir='ltr'>fu-</span> 
     </span>
     <span class='ocr_line' id='line_1_28' title="bbox 1144 897 2123 949; baseline -0.002 -14"><span class='ocrx_word' id='word_1_207' title='bbox 1144 899 1296 949; x_wconf 87' lang='lat' dir='ltr'>gientem</span> <span class='ocrx_word' id='word_1_208' title='bbox 1309 899 1476 938; x_wconf 78' lang='lat' dir='ltr'>servavit.</span> <span class='ocrx_word' id='word_1_209' title='bbox 1491 898 1622 939; x_wconf 62' lang='lat' dir='ltr'>Viden*</span> <span class='ocrx_word' id='word_1_210' title='bbox 1639 908 1770 949; x_wconf 87' lang='lat' dir='ltr'>quanta</span> <span class='ocrx_word' id='word_1_211' title='bbox 1789 898 1831 935; x_wconf 86' lang='lat' dir='ltr'>sit</span> <span class='ocrx_word' id='word_1_212' title='bbox 1846 898 1967 947; x_wconf 62' lang='lat' dir='ltr'>gratia}</span> <span class='ocrx_word' id='word_1_213' title='bbox 1986 897 2123 946; x_wconf 82' lang='lat' dir='ltr'>magni-</span> 
     </span>
     <span class='ocr_line' id='line_1_29' title="bbox 1145 955 2122 1007; baseline -0.004 -13"><span class='ocrx_word' id='word_1_214' title='bbox 1145 956 1259 994; x_wconf 71' lang='lat' dir='ltr'>tudo?</span> <span class='ocrx_word' id='word_1_215' title='bbox 1279 959 1324 994; x_wconf 89' lang='lat' dir='ltr'>At</span> <span class='ocrx_word' id='word_1_216' title='bbox 1344 971 1414 994; x_wconf 92' lang='lat' dir='ltr'>non</span> <span class='ocrx_word' id='word_1_217' title='bbox 1444 957 1494 995; x_wconf 88' lang='lat' dir='ltr'>sic</span> <span class='ocrx_word' id='word_1_218' title='bbox 1521 958 1691 1007; x_wconf 83' lang='lat' dir='ltr'>loquutus</span> <span class='ocrx_word' id='word_1_219' title='bbox 1720 966 1771 994; x_wconf 87' lang='lat' dir='ltr'>est</span> <span class='ocrx_word' id='word_1_220' title='bbox 1800 956 1978 1007; x_wconf 84' lang='lat' dir='ltr'>apostolus</span> <span class='ocrx_word' id='word_1_221' title='bbox 1996 971 2002 990; x_wconf 93' lang='lat'>:</span> <span class='ocrx_word' id='word_1_222' title='bbox 2020 955 2122 1004; x_wconf 83' lang='lat' dir='ltr'>inge-</span> 
     </span>
     <span class='ocr_line' id='line_1_30' title="bbox 1147 1015 2125 1067; baseline -0.003 -14"><span class='ocrx_word' id='word_1_223' title='bbox 1147 1017 1294 1054; x_wconf 83' lang='lat' dir='ltr'>miscens</span> <span class='ocrx_word' id='word_1_224' title='bbox 1306 1030 1390 1055; x_wconf 75' lang='lat' dir='ltr'>vero</span> <span class='ocrx_word' id='word_1_225' title='bbox 1405 1026 1556 1067; x_wconf 78' lang='lat' dir='ltr'>tantum,</span> <span class='ocrx_word' id='word_1_226' title='bbox 1575 1017 1675 1067; x_wconf 83' lang='lat' dir='ltr'>quasi</span> <span class='ocrx_word' id='word_1_227' title='bbox 1689 1016 1823 1053; x_wconf 80' lang='lat' dir='ltr'>auxilio</span> <span class='ocrx_word' id='word_1_228' title='bbox 1841 1015 2045 1064; x_wconf 80' lang='lat' dir='ltr'>destitutus,</span> <span class='ocrx_word' id='word_1_229' title='bbox 2063 1028 2125 1065; x_wconf 86' lang='lat' dir='ltr'>per</span> 
     </span>
     <span class='ocr_line' id='line_1_31' title="bbox 1146 1074 2126 1129; baseline -0.003 -15"><span class='ocrx_word' id='word_1_230' title='bbox 1146 1077 1403 1115; x_wconf 77' lang='lat' dir='ltr'>dubitationem</span> <span class='ocrx_word' id='word_1_231' title='bbox 1435 1078 1567 1116; x_wconf 82' lang='lat' dir='ltr'>Christi</span> <span class='ocrx_word' id='word_1_232' title='bbox 1601 1077 1795 1129; x_wconf 83' lang='lat' dir='ltr'>potentiam</span> <span class='ocrx_word' id='word_1_233' title='bbox 1831 1074 1964 1112; x_wconf 86' lang='lat' dir='ltr'>indicat</span> <span class='ocrx_word' id='word_1_234' title='bbox 1995 1083 2028 1111; x_wconf 86' lang='lat' dir='ltr'>et</span> <span class='ocrx_word' id='word_1_235' title='bbox 2060 1075 2126 1111; x_wconf 89' lang='lat' dir='ltr'>ait:</span> 
     </span>
     <span class='ocr_line' id='line_1_32' title="bbox 1146 1136 2128 1191; baseline -0.003 -16"><span class='ocrx_word' id='word_1_236' title='bbox 1146 1139 1294 1191; x_wconf 66' lang='lat' dir='ltr'>Irffelix</span> <span class='ocrx_word' id='word_1_237' title='bbox 1308 1153 1376 1190; x_wconf 80' lang='lat' dir='ltr'>ego</span> <span class='ocrx_word' id='word_1_238' title='bbox 1390 1140 1503 1176; x_wconf 80' lang='lat' dir='ltr'>homo</span> <span class='ocrx_word' id='word_1_239' title='bbox 1513 1137 1529 1176; x_wconf 76' lang='lat' dir='ltr'><em>l</em></span> <span class='ocrx_word' id='word_1_240' title='bbox 1542 1141 1627 1190; x_wconf 82' lang='lat' dir='ltr'>quis</span> <span class='ocrx_word' id='word_1_241' title='bbox 1641 1152 1701 1175; x_wconf 84' lang='lat' dir='ltr'>me</span> <span class='ocrx_word' id='word_1_242' title='bbox 1713 1138 1892 1175; x_wconf 74' lang='lat' dir='ltr'>liberabit</span> <span class='ocrx_word' id='word_1_243' title='bbox 1908 1136 1954 1172; x_wconf 83' lang='lat' dir='ltr'>de</span> <span class='ocrx_word' id='word_1_244' title='bbox 1973 1149 2128 1187; x_wconf 79' lang='lat' dir='ltr'>corpore</span> 
     </span>
     <span class='ocr_line' id='line_1_33' title="bbox 1147 1195 2128 1251; baseline -0.004 -16"><span class='ocrx_word' id='word_1_245' title='bbox 1147 1201 1279 1236; x_wconf 81' lang='lat' dir='ltr'>mortis</span> <span class='ocrx_word' id='word_1_246' title='bbox 1308 1200 1422 1251; x_wconf 77' lang='lat' dir='ltr'>hujus</span> <span class='ocrx_word' id='word_1_247' title='bbox 1438 1203 1454 1236; x_wconf 76' lang='lat' dir='ltr'>P</span> <span class='ocrx_word' id='word_1_248' title='bbox 1474 1200 1549 1236; x_wconf 83' lang='lat' dir='ltr'>Lex</span> <span class='ocrx_word' id='word_1_249' title='bbox 1575 1212 1644 1235; x_wconf 90' lang='lat' dir='ltr'>non</span> <span class='ocrx_word' id='word_1_250' title='bbox 1667 1197 1796 1250; x_wconf 75' lang='lat' dir='ltr'>potuit7</span> <span class='ocrx_word' id='word_1_251' title='bbox 1827 1195 2038 1234; x_wconf 87' lang='lat' dir='ltr'>conscientia</span> <span class='ocrx_word' id='word_1_252' title='bbox 2058 1209 2128 1232; x_wconf 91' lang='lat' dir='ltr'>non</span> 
     </span>
    </p>
   </div>
   <div class='ocr_carea' id='block_1_6' title="bbox 50 1256 2132 1553">
    <p class='ocr_par' dir='ltr' id='par_1_6' title="bbox 50 1256 2132 1553">
     <span class='ocr_line' id='line_1_34' title="bbox 50 1256 2130 1314; baseline -0.004 -13"><span class='ocrx_word' id='word_1_253' title='bbox 50 1267 109 1301; x_wconf 85' lang='grc' dir='ltr'>τοῦ</span> <span class='ocrx_word' id='word_1_254' title='bbox 129 1262 273 1300; x_wconf 80' lang='grc' dir='ltr'>Θανάτου</span> <span class='ocrx_word' id='word_1_255' title='bbox 289 1262 433 1310; x_wconf 65' lang='grc' dir='ltr'>τούτου,</span> <span class='ocrx_word' id='word_1_256' title='bbox 457 1262 575 1313; x_wconf 74' lang='grc' dir='ltr'>Νόμος</span> <span class='ocrx_word' id='word_1_257' title='bbox 605 1265 665 1301; x_wconf 79' lang='grc' dir='ltr'>οὐκ</span> <span class='ocrx_word' id='word_1_258' title='bbox 693 1263 832 1314; x_wconf 78' lang='grc' dir='ltr'>ἴσχυσε,</span> <span class='ocrx_word' id='word_1_259' title='bbox 859 1260 898 1298; x_wconf 79' lang='grc' dir='ltr'>τὸ</span> <span class='ocrx_word' id='word_1_260' title='bbox 920 1257 1071 1301; x_wconf 72' lang='grc' dir='ltr'>συνειδὸς</span> <span class='ocrx_word' id='word_1_261' title='bbox 1146 1259 1260 1298; x_wconf 76' lang='lat' dir='ltr'>valuit</span> <span class='ocrx_word' id='word_1_262' title='bbox 1275 1275 1282 1295; x_wconf 90' lang='lat'>:</span> <span class='ocrx_word' id='word_1_263' title='bbox 1297 1259 1404 1297; x_wconf 86' lang='lat' dir='ltr'>etiam</span> <span class='ocrx_word' id='word_1_264' title='bbox 1423 1259 1452 1297; x_wconf 91' lang='lat' dir='ltr'>si</span> <span class='ocrx_word' id='word_1_265' title='bbox 1471 1273 1549 1309; x_wconf 84' lang='lat' dir='ltr'>quae</span> <span class='ocrx_word' id='word_1_266' title='bbox 1575 1259 1667 1296; x_wconf 87' lang='lat' dir='ltr'>bona</span> <span class='ocrx_word' id='word_1_267' title='bbox 1701 1266 1814 1296; x_wconf 84' lang='lat' dir='ltr'>essent</span> <span class='ocrx_word' id='word_1_268' title='bbox 1845 1256 2044 1306; x_wconf 78' lang='lat' dir='ltr'>laudarem,</span> <span class='ocrx_word' id='word_1_269' title='bbox 2066 1270 2130 1293; x_wconf 89' lang='lat' dir='ltr'>nec</span> 
     </span>
     <span class='ocr_line' id='line_1_35' title="bbox 1146 1316 2128 1369; baseline -0.003 -12"><span class='ocrx_word' id='word_1_270' title='bbox 1146 1320 1251 1358; x_wconf 84' lang='lat' dir='ltr'>modo</span> <span class='ocrx_word' id='word_1_271' title='bbox 1270 1319 1468 1369; x_wconf 80' lang='lat' dir='ltr'>laudarem,</span> <span class='ocrx_word' id='word_1_272' title='bbox 1486 1320 1547 1357; x_wconf 89' lang='lat' dir='ltr'>sed</span> <span class='ocrx_word' id='word_1_273' title='bbox 1563 1319 1669 1356; x_wconf 86' lang='lat' dir='ltr'>etiam</span> <span class='ocrx_word' id='word_1_274' title='bbox 1690 1317 1961 1356; x_wconf 79' lang='lat' dir='ltr'>adversantibus</span> <span class='ocrx_word' id='word_1_275' title='bbox 1980 1316 2128 1354; x_wconf 85' lang='lat' dir='ltr'>obsiste-</span> 
     </span>
     <span class='ocr_line' id='line_1_36' title="bbox 1145 1375 2130 1430; baseline -0.005 -12"><span class='ocrx_word' id='word_1_276' title='bbox 1145 1394 1233 1418; x_wconf 85' lang='lat' dir='ltr'>rem.</span> <span class='ocrx_word' id='word_1_277' title='bbox 1251 1381 1343 1418; x_wconf 84' lang='lat' dir='ltr'>Cum</span> <span class='ocrx_word' id='word_1_278' title='bbox 1363 1380 1457 1417; x_wconf 88' lang='lat' dir='ltr'>enim</span> <span class='ocrx_word' id='word_1_279' title='bbox 1471 1379 1579 1430; x_wconf 70' lang='lat' dir='ltr'>dixit,</span> <span class='ocrx_word' id='word_1_280' title='bbox 1602 1381 1908 1430; x_wconf 80' lang='lat' dir='ltr'>Repugnantem,</span> <span class='ocrx_word' id='word_1_281' title='bbox 1931 1375 2082 1414; x_wconf 84' lang='lat' dir='ltr'>ostendit</span> <span class='ocrx_word' id='word_1_282' title='bbox 2094 1390 2130 1413; x_wconf 88' lang='lat' dir='ltr'>se</span> 
     </span>
     <span class='ocr_line' id='line_1_37' title="bbox 1145 1437 2130 1491; baseline -0.005 -13"><span class='ocrx_word' id='word_1_283' title='bbox 1145 1440 1335 1478; x_wconf 81' lang='lat' dir='ltr'>adversum</span> <span class='ocrx_word' id='word_1_284' title='bbox 1353 1449 1444 1477; x_wconf 85' lang='lat' dir='ltr'>stare</span> <span class='ocrx_word' id='word_1_285' title='bbox 1462 1448 1495 1477; x_wconf 89' lang='lat' dir='ltr'>et</span> <span class='ocrx_word' id='word_1_286' title='bbox 1514 1453 1683 1491; x_wconf 84' lang='lat' dir='ltr'>pugnare.</span> <span class='ocrx_word' id='word_1_287' title='bbox 1705 1438 1810 1476; x_wconf 89' lang='lat' dir='ltr'>Unde</span> <span class='ocrx_word' id='word_1_288' title='bbox 1830 1437 1940 1488; x_wconf 82' lang='lat' dir='ltr'>igitur</span> <span class='ocrx_word' id='word_1_289' title='bbox 1969 1437 2035 1474; x_wconf 88' lang='lat' dir='ltr'>erit</span> <span class='ocrx_word' id='word_1_290' title='bbox 2052 1450 2130 1488; x_wconf 87' lang='lat' dir='ltr'>spes</span> 
     </span>
     <span class='ocr_line' id='line_1_38' title="bbox 1147 1500 2132 1553; baseline -0.004 -13"><span class='ocrx_word' id='word_1_291' title='bbox 1147 1502 1301 1540; x_wconf 75' lang='lat' dir='ltr'>salutis?</span> <span class='ocrx_word' id='word_1_292' title='bbox 1320 1503 1382 1541; x_wconf 58' lang='lat'>25.</span> <span class='ocrx_word' id='word_1_293' title='bbox 1406 1503 1567 1540; x_wconf 79' lang='lat' dir='ltr'>Gratias</span> <span class='ocrx_word' id='word_1_294' title='bbox 1596 1516 1668 1553; x_wconf 79' lang='lat' dir='ltr'>ago</span> <span class='ocrx_word' id='word_1_295' title='bbox 1701 1503 1799 1547; x_wconf 75' lang='lat' dir='ltr'>Deo,</span> <span class='ocrx_word' id='word_1_296' title='bbox 1823 1500 1951 1550; x_wconf 76' lang='lat' dir='ltr'>inquit,</span> <span class='ocrx_word' id='word_1_297' title='bbox 1969 1514 2038 1551; x_wconf 80' lang='lat' dir='ltr'>per</span> <span class='ocrx_word' id='word_1_298' title='bbox 2064 1500 2132 1537; x_wconf 86' lang='lat' dir='ltr'>Je-</span> 
     </span>
    </p>
   </div>
   <div class='ocr_carea' id='block_1_7' title="bbox 1147 1559 2132 1610">
    <p class='ocr_par' dir='ltr' id='par_1_7' title="bbox 1147 1559 2132 1610">
     <span class='ocr_line' id='line_1_39' title="bbox 1147 1559 2132 1610; baseline -0.003 -10"><span class='ocrx_word' id='word_1_299' title='bbox 1147 1576 1232 1601; x_wconf 78' lang='lat' dir='ltr'>sum</span> <span class='ocrx_word' id='word_1_300' title='bbox 1250 1563 1444 1600; x_wconf 80' lang='lat' dir='ltr'>Christum</span> <span class='ocrx_word' id='word_1_301' title='bbox 1461 1563 1673 1599; x_wconf 80' lang='lat' dir='ltr'>Dominum</span> <span class='ocrx_word' id='word_1_302' title='bbox 1694 1569 1876 1598; x_wconf 82' lang='lat' dir='ltr'>nostrum.</span> <span class='ocrx_word' id='word_1_303' title='bbox 1898 1559 2028 1599; x_wconf 86' lang='lat' dir='ltr'>Viden&#39;</span> <span class='ocrx_word' id='word_1_304' title='bbox 2044 1574 2132 1610; x_wconf 89' lang='lat' dir='ltr'>quo-</span> 
     </span>
    </p>
   </div>
   <div class='ocr_carea' id='block_1_8' title="bbox 52 1319 1073 1615">
    <p class='ocr_par' dir='ltr' id='par_1_8' title="bbox 52 1319 1073 1615">
     <span class='ocr_line' id='line_1_40' title="bbox 53 1319 1071 1374; baseline -0.003 -14"><span class='ocrx_word' id='word_1_305' title='bbox 53 1324 115 1361; x_wconf 80' lang='grc' dir='ltr'>οὐκ</span> <span class='ocrx_word' id='word_1_306' title='bbox 133 1321 273 1374; x_wconf 79' lang='grc' dir='ltr'>ἤρκεσε·</span> <span class='ocrx_word' id='word_1_307' title='bbox 291 1322 404 1360; x_wconf 85' lang='grc' dir='ltr'>καίτοι</span> <span class='ocrx_word' id='word_1_308' title='bbox 417 1337 457 1373; x_wconf 86' lang='grc' dir='ltr'>γε</span> <span class='ocrx_word' id='word_1_309' title='bbox 475 1327 488 1343; x_wconf 72' lang='lat'>²³</span> <span class='ocrx_word' id='word_1_310' title='bbox 500 1323 644 1374; x_wconf 72' lang='grc' dir='ltr'>ἐπῄνουν</span> <span class='ocrx_word' id='word_1_311' title='bbox 661 1323 704 1360; x_wconf 81' lang='grc' dir='ltr'>τὰ</span> <span class='ocrx_word' id='word_1_312' title='bbox 718 1323 822 1368; x_wconf 78' lang='grc' dir='ltr'>καλὰ,</span> <span class='ocrx_word' id='word_1_313' title='bbox 838 1321 898 1359; x_wconf 83' lang='grc' dir='ltr'>καὶ</span> <span class='ocrx_word' id='word_1_314' title='bbox 911 1323 971 1358; x_wconf 80' lang='grc' dir='ltr'>οὐκ</span> <span class='ocrx_word' id='word_1_315' title='bbox 987 1319 1071 1371; x_wconf 76' lang='grc' dir='ltr'>ἐπῄ-</span> 
     </span>
     <span class='ocr_line' id='line_1_41' title="bbox 52 1380 1068 1434; baseline -0.002 -15"><span class='ocrx_word' id='word_1_316' title='bbox 52 1399 128 1420; x_wconf 88' lang='grc' dir='ltr'>νουν</span> <span class='ocrx_word' id='word_1_317' title='bbox 155 1383 268 1432; x_wconf 88' lang='grc' dir='ltr'>μόνον,</span> <span class='ocrx_word' id='word_1_318' title='bbox 285 1382 374 1420; x_wconf 75' lang='grc' dir='ltr'>ἀλλὰ</span> <span class='ocrx_word' id='word_1_319' title='bbox 395 1385 453 1421; x_wconf 83' lang='grc' dir='ltr'>καὶ</span> <span class='ocrx_word' id='word_1_320' title='bbox 481 1383 717 1434; x_wconf 73' lang='grc' dir='ltr'>ἀπεμαχόμην</span> <span class='ocrx_word' id='word_1_321' title='bbox 744 1383 828 1434; x_wconf 70' lang='grc' dir='ltr'>πρὸς</span> <span class='ocrx_word' id='word_1_322' title='bbox 853 1382 898 1420; x_wconf 79' lang='grc' dir='ltr'>τὰ</span> <span class='ocrx_word' id='word_1_323' title='bbox 920 1380 1068 1419; x_wconf 80' lang='grc' dir='ltr'>ἐναντία.</span> 
     </span>
     <span class='ocr_line' id='line_1_42' title="bbox 53 1441 1070 1494; baseline -0.003 -13"><span class='ocrx_word' id='word_1_324' title='bbox 53 1444 116 1494; x_wconf 82' lang='grc' dir='ltr'>Τῷ</span> <span class='ocrx_word' id='word_1_325' title='bbox 140 1442 206 1494; x_wconf 81' lang='grc' dir='ltr'>γὰρ</span> <span class='ocrx_word' id='word_1_326' title='bbox 227 1445 348 1488; x_wconf 85' lang='grc' dir='ltr'>εἰπεῖν,</span> <span class='ocrx_word' id='word_1_327' title='bbox 367 1443 746 1494; x_wconf 81' lang='grc' dir='ltr'>Ἀντιστρατευόμενον,</span> <span class='ocrx_word' id='word_1_328' title='bbox 769 1441 873 1486; x_wconf 68' lang='grc' dir='ltr'>ἔδειξε</span> <span class='ocrx_word' id='word_1_329' title='bbox 892 1441 952 1480; x_wconf 72' lang='grc' dir='ltr'>καὶ</span> <span class='ocrx_word' id='word_1_330' title='bbox 970 1441 1070 1479; x_wconf 77' lang='grc' dir='ltr'>αὐτὸν</span> 
     </span>
     <span class='ocr_line' id='line_1_43' title="bbox 55 1499 1072 1555; baseline -0.002 -14"><span class='ocrx_word' id='word_1_331' title='bbox 55 1503 354 1553; x_wconf 84' lang='grc' dir='ltr'>ἀντιταττόμενον.</span> <span class='ocrx_word' id='word_1_332' title='bbox 373 1503 483 1541; x_wconf 86' lang='grc' dir='ltr'>Πόθεν</span> <span class='ocrx_word' id='word_1_333' title='bbox 499 1499 555 1541; x_wconf 67' lang='grc' dir='ltr'>οῦν</span> <span class='ocrx_word' id='word_1_334' title='bbox 577 1502 674 1540; x_wconf 82' lang='grc' dir='ltr'>ἔσται</span> <span class='ocrx_word' id='word_1_335' title='bbox 689 1503 860 1555; x_wconf 81' lang='grc' dir='ltr'>σωτηρίας</span> <span class='ocrx_word' id='word_1_336' title='bbox 874 1502 987 1547; x_wconf 73' lang='grc' dir='ltr'>ἐλπίς,</span> <span class='ocrx_word' id='word_1_337' title='bbox 1002 1503 1072 1539; x_wconf 81' lang='grc' dir='ltr'>Εὐ-</span> 
     </span>
     <span class='ocr_line' id='line_1_44' title="bbox 55 1562 1073 1615; baseline -0.002 -15"><span class='ocrx_word' id='word_1_338' title='bbox 55 1567 213 1614; x_wconf 77' lang='grc' dir='ltr'>χαριστῶ</span> <span class='ocrx_word' id='word_1_339' title='bbox 252 1567 302 1615; x_wconf 80' lang='grc' dir='ltr'>τῷ</span> <span class='ocrx_word' id='word_1_340' title='bbox 338 1566 441 1615; x_wconf 77' lang='grc' dir='ltr'>Θεῷ,</span> <span class='ocrx_word' id='word_1_341' title='bbox 475 1563 578 1614; x_wconf 79' lang='grc' dir='ltr'>φησὶ,</span> <span class='ocrx_word' id='word_1_342' title='bbox 617 1562 672 1601; x_wconf 81' lang='grc' dir='ltr'>διὰ</span> <span class='ocrx_word' id='word_1_343' title='bbox 692 1563 807 1609; x_wconf 84' lang='grc' dir='ltr'>Ἰησοῦ</span> <span class='ocrx_word' id='word_1_344' title='bbox 834 1563 986 1615; x_wconf 82' lang='grc' dir='ltr'>Χριστοῦ</span> <span class='ocrx_word' id='word_1_345' title='bbox 1013 1565 1073 1598; x_wconf 84' lang='grc' dir='ltr'>τοῦ</span> 
     </span>
    </p>
   </div>
   <div class='ocr_carea' id='block_1_9' title="bbox 57 1623 1087 3248">
    <p class='ocr_par' dir='ltr' id='par_1_9' title="bbox 57 1623 1083 2761">
     <span class='ocr_line' id='line_1_45' title="bbox 58 1623 1073 1675; baseline -0.002 -14"><span class='ocrx_word' id='word_1_346' title='bbox 58 1623 185 1675; x_wconf 82' lang='grc' dir='ltr'>Κυρίου</span> <span class='ocrx_word' id='word_1_347' title='bbox 225 1627 336 1674; x_wconf 74' lang='grc' dir='ltr'>ἡμῶν.</span> <span class='ocrx_word' id='word_1_348' title='bbox 377 1625 477 1667; x_wconf 79' lang='grc' dir='ltr'>Εἶδες</span> <span class='ocrx_word' id='word_1_349' title='bbox 512 1626 586 1666; x_wconf 80' lang='grc' dir='ltr'>πῶς</span> <span class='ocrx_word' id='word_1_350' title='bbox 623 1623 746 1667; x_wconf 79' lang='grc' dir='ltr'>ἔδειξεν</span> <span class='ocrx_word' id='word_1_351' title='bbox 780 1623 971 1673; x_wconf 78' lang='grc' dir='ltr'>ἀναγκαίαν</span> <span class='ocrx_word' id='word_1_352' title='bbox 1012 1624 1073 1667; x_wconf 72' lang='grc' dir='ltr'>τῆς</span> 
     </span>
     <span class='ocr_line' id='line_1_46' title="bbox 57 1681 1073 1737; baseline -0.003 -15"><span class='ocrx_word' id='word_1_353' title='bbox 57 1685 198 1737; x_wconf 80' lang='grc' dir='ltr'>χάριτος</span> <span class='ocrx_word' id='word_1_354' title='bbox 217 1684 278 1730; x_wconf 74' lang='grc' dir='ltr'>τὴν</span> <span class='ocrx_word' id='word_1_355' title='bbox 298 1685 502 1735; x_wconf 84' lang='grc' dir='ltr'>παρουσίαν,</span> <span class='ocrx_word' id='word_1_356' title='bbox 517 1685 576 1722; x_wconf 74' lang='grc' dir='ltr'>καὶ</span> <span class='ocrx_word' id='word_1_357' title='bbox 591 1683 689 1722; x_wconf 84' lang='grc' dir='ltr'>κοινὰ</span> <span class='ocrx_word' id='word_1_358' title='bbox 703 1682 842 1736; x_wconf 83' lang='grc' dir='ltr'>Πατρὸς</span> <span class='ocrx_word' id='word_1_359' title='bbox 856 1683 914 1720; x_wconf 80' lang='grc' dir='ltr'>καὶ</span> <span class='ocrx_word' id='word_1_360' title='bbox 928 1683 1013 1720; x_wconf 78' lang='grc' dir='ltr'>Υἱοῦ</span> <span class='ocrx_word' id='word_1_361' title='bbox 1029 1681 1073 1719; x_wconf 76' lang='grc' dir='ltr'>τὰ</span> 
     </span>
     <span class='ocr_line' id='line_1_47' title="bbox 58 1741 1074 1796; baseline 0 -16"><span class='ocrx_word' id='word_1_362' title='bbox 58 1744 332 1795; x_wconf 72' lang='grc' dir='ltr'>κατορθώματα,</span> <span class='ocrx_word' id='word_1_363' title='bbox 346 1746 389 1783; x_wconf 78' lang='grc' dir='ltr'>ΕΞ</span> <span class='ocrx_word' id='word_1_364' title='bbox 399 1744 465 1796; x_wconf 79' lang='grc' dir='ltr'>γὰρ</span> <span class='ocrx_word' id='word_1_365' title='bbox 481 1745 540 1782; x_wconf 80' lang='grc' dir='ltr'>καὶ</span> <span class='ocrx_word' id='word_1_366' title='bbox 555 1746 604 1796; x_wconf 75' lang='grc' dir='ltr'>τῷ</span> <span class='ocrx_word' id='word_1_367' title='bbox 620 1744 736 1795; x_wconf 78' lang='grc' dir='ltr'>Πατρὶ</span> <span class='ocrx_word' id='word_1_368' title='bbox 751 1745 969 1794; x_wconf 70' lang='grc' dir='ltr'>εὐχαριστεῖ,</span> <span class='ocrx_word' id='word_1_369' title='bbox 984 1741 1074 1781; x_wconf 85' lang='grc' dir='ltr'>ἀλλὰ</span> 
     </span>
     <span class='ocr_line' id='line_1_48' title="bbox 58 1801 1074 1857; baseline -0.002 -15"><span class='ocrx_word' id='word_1_370' title='bbox 58 1807 120 1849; x_wconf 82' lang='grc' dir='ltr'>τ’ῆς</span> <span class='ocrx_word' id='word_1_371' title='bbox 139 1805 360 1857; x_wconf 70' lang='grc' dir='ltr'>εὐχαριστίας</span> <span class='ocrx_word' id='word_1_372' title='bbox 387 1805 517 1851; x_wconf 68' lang='grc' dir='ltr'>ταύτης</span> <span class='ocrx_word' id='word_1_373' title='bbox 543 1804 601 1842; x_wconf 79' lang='grc' dir='ltr'>καὶ</span> <span class='ocrx_word' id='word_1_374' title='bbox 623 1807 640 1842; x_wconf 84' lang='grc' dir='ltr'><em>ὃ</em></span> <span class='ocrx_word' id='word_1_375' title='bbox 660 1804 742 1847; x_wconf 80' lang='grc' dir='ltr'>Υἱὸς</span> <span class='ocrx_word' id='word_1_376' title='bbox 764 1803 882 1846; x_wconf 82' lang='grc' dir='ltr'>αἴτιος.</span> <span class='ocrx_word' id='word_1_377' title='bbox 906 1802 1019 1841; x_wconf 68' lang='grc' dir='ltr'>εὈταν</span> <span class='ocrx_word' id='word_1_378' title='bbox 1039 1801 1074 1848; x_wconf 79' lang='grc' dir='ltr'>δὲ</span> 
     </span>
     <span class='ocr_line' id='line_1_49' title="bbox 60 1863 1076 1917; baseline -0.002 -14"><span class='ocrx_word' id='word_1_379' title='bbox 60 1864 208 1916; x_wconf 75' lang='grc' dir='ltr'>ἀκούσῃς</span> <span class='ocrx_word' id='word_1_380' title='bbox 222 1865 379 1915; x_wconf 81' lang='grc' dir='ltr'>λέγοντος</span> <span class='ocrx_word' id='word_1_381' title='bbox 398 1868 520 1912; x_wconf 75' lang='grc' dir='ltr'>αὐτοῦ,</span> <span class='ocrx_word' id='word_1_382' title='bbox 538 1864 602 1907; x_wconf 82' lang='grc' dir='ltr'>Τίς</span> <span class='ocrx_word' id='word_1_383' title='bbox 623 1881 666 1915; x_wconf 85' lang='grc' dir='ltr'>με</span> <span class='ocrx_word' id='word_1_384' title='bbox 688 1864 826 1917; x_wconf 74' lang='grc' dir='ltr'>ῥύσεται</span> <span class='ocrx_word' id='word_1_385' title='bbox 854 1867 892 1902; x_wconf 80' lang='grc' dir='ltr'>ἐκ</span> <span class='ocrx_word' id='word_1_386' title='bbox 911 1868 970 1902; x_wconf 90' lang='grc' dir='ltr'>τοῦ</span> <span class='ocrx_word' id='word_1_387' title='bbox 999 1863 1076 1901; x_wconf 84' lang='grc' dir='ltr'>σώ-</span> 
     </span>
     <span class='ocr_line' id='line_1_50' title="bbox 63 1923 1074 1976; baseline -0.002 -13"><span class='ocrx_word' id='word_1_388' title='bbox 63 1941 169 1975; x_wconf 82' lang='grc' dir='ltr'>ματος</span> <span class='ocrx_word' id='word_1_389' title='bbox 186 1930 246 1963; x_wconf 84' lang='grc' dir='ltr'>τοῦ</span> <span class='ocrx_word' id='word_1_390' title='bbox 266 1926 412 1964; x_wconf 79' lang='grc' dir='ltr'>Θανάτου</span> <span class='ocrx_word' id='word_1_391' title='bbox 431 1925 570 1973; x_wconf 77' lang='grc' dir='ltr'>τούτου;</span> <span class='ocrx_word' id='word_1_392' title='bbox 591 1924 638 1974; x_wconf 83' lang='grc' dir='ltr'>μὴ</span> <span class='ocrx_word' id='word_1_393' title='bbox 657 1925 772 1974; x_wconf 84' lang='grc' dir='ltr'>νόμιζε</span> <span class='ocrx_word' id='word_1_394' title='bbox 786 1927 848 1970; x_wconf 67' lang='grc' dir='ltr'>τῆς</span> <span class='ocrx_word' id='word_1_395' title='bbox 868 1923 994 1976; x_wconf 78' lang='grc' dir='ltr'>σαρκὸς</span> <span class='ocrx_word' id='word_1_396' title='bbox 1013 1925 1074 1961; x_wconf 81' lang='grc' dir='ltr'>αὖ·</span> 
     </span>
     <span class='ocr_line' id='line_1_51' title="bbox 61 1980 1077 2038; baseline -0.001 -15"><span class='ocrx_word' id='word_1_397' title='bbox 61 1986 117 2024; x_wconf 82' lang='grc' dir='ltr'>τὸν</span> <span class='ocrx_word' id='word_1_398' title='bbox 137 1992 352 2038; x_wconf 83' lang='grc' dir='ltr'>κατηγορεῖν.</span> <span class='ocrx_word' id='word_1_399' title='bbox 376 1986 466 2025; x_wconf 78' lang='grc' dir='ltr'>Οὐδὲ</span> <span class='ocrx_word' id='word_1_400' title='bbox 485 1987 552 2038; x_wconf 69' lang='grc' dir='ltr'>γὰρ</span> <span class='ocrx_word' id='word_1_401' title='bbox 572 1980 646 2024; x_wconf 69' lang='grc' dir='ltr'>εἷπε</span> <span class='ocrx_word' id='word_1_402' title='bbox 665 1987 766 2035; x_wconf 82' lang='grc' dir='ltr'>σῶμα</span> <span class='ocrx_word' id='word_1_403' title='bbox 781 1984 973 2037; x_wconf 83' lang='grc' dir='ltr'>ἁμαρτίας,</span> <span class='ocrx_word' id='word_1_404' title='bbox 988 1984 1077 2023; x_wconf 74' lang='grc' dir='ltr'>ἀλλὰ</span> 
     </span>
     <span class='ocr_line' id='line_1_52' title="bbox 63 2046 1078 2097; baseline 0.001 -15"><span class='ocrx_word' id='word_1_405' title='bbox 63 2049 165 2095; x_wconf 79' lang='grc' dir='ltr'>σῶμα</span> <span class='ocrx_word' id='word_1_406' title='bbox 186 2046 331 2084; x_wconf 78' lang='grc' dir='ltr'>θανάτου</span> <span class='ocrx_word' id='word_1_407' title='bbox 347 2062 354 2069; x_wconf 94' lang='grc'>·</span> <span class='ocrx_word' id='word_1_408' title='bbox 377 2046 551 2093; x_wconf 69' lang='grc' dir='ltr'>τουτέστι,</span> <span class='ocrx_word' id='word_1_409' title='bbox 579 2046 618 2083; x_wconf 78' lang='grc' dir='ltr'>τὸ</span> <span class='ocrx_word' id='word_1_410' title='bbox 645 2046 764 2092; x_wconf 73' lang='grc' dir='ltr'>θνητὸν</span> <span class='ocrx_word' id='word_1_411' title='bbox 785 2048 905 2096; x_wconf 74' lang='grc' dir='ltr'>σῶμα,</span> <span class='ocrx_word' id='word_1_412' title='bbox 933 2046 972 2083; x_wconf 77' lang='grc' dir='ltr'>τὸ</span> <span class='ocrx_word' id='word_1_413' title='bbox 1006 2062 1078 2097; x_wconf 80' lang='grc' dir='ltr'>χει-</span> 
     </span>
     <span class='ocr_line' id='line_1_53' title="bbox 66 2106 1076 2157; baseline 0.001 -14"><span class='ocrx_word' id='word_1_414' title='bbox 66 2106 171 2157; x_wconf 76' lang='grc' dir='ltr'>ρωθὲν</span> <span class='ocrx_word' id='word_1_415' title='bbox 188 2108 254 2145; x_wconf 75' lang='grc' dir='ltr'>ὑπὸ</span> <span class='ocrx_word' id='word_1_416' title='bbox 269 2111 326 2144; x_wconf 80' lang='grc' dir='ltr'>τοῦ</span> <span class='ocrx_word' id='word_1_417' title='bbox 347 2107 511 2154; x_wconf 83' lang='grc' dir='ltr'>θανάτου,</span> <span class='ocrx_word' id='word_1_418' title='bbox 532 2109 569 2145; x_wconf 79' lang='grc' dir='ltr'>οὗ</span> <span class='ocrx_word' id='word_1_419' title='bbox 589 2107 628 2144; x_wconf 79' lang='grc' dir='ltr'>τὸ</span> <span class='ocrx_word' id='word_1_420' title='bbox 651 2109 818 2156; x_wconf 64' lang='grc' dir='ltr'>γεννῆσαν</span> <span class='ocrx_word' id='word_1_421' title='bbox 834 2106 891 2144; x_wconf 80' lang='grc' dir='ltr'>τὸν</span> <span class='ocrx_word' id='word_1_422' title='bbox 912 2106 1076 2144; x_wconf 86' lang='grc' dir='ltr'>θάνατον·</span> 
     </span>
     <span class='ocr_line' id='line_1_54' title="bbox 64 2166 1079 2219; baseline 0 -16"><span class='ocrx_word' id='word_1_423' title='bbox 64 2166 147 2217; x_wconf 81' lang='grc' dir='ltr'>ὅπερ</span> <span class='ocrx_word' id='word_1_424' title='bbox 164 2169 200 2204; x_wconf 83' lang='grc' dir='ltr'>οὐ</span> <span class='ocrx_word' id='word_1_425' title='bbox 220 2170 282 2213; x_wconf 78' lang='grc' dir='ltr'>τῆς</span> <span class='ocrx_word' id='word_1_426' title='bbox 298 2167 463 2219; x_wconf 83' lang='grc' dir='ltr'>πονηρίας</span> <span class='ocrx_word' id='word_1_427' title='bbox 483 2171 544 2213; x_wconf 68' lang='grc' dir='ltr'>τῆς</span> <span class='ocrx_word' id='word_1_428' title='bbox 564 2166 708 2217; x_wconf 72' lang='grc' dir='ltr'>σαρκὸς,</span> <span class='ocrx_word' id='word_1_429' title='bbox 727 2166 817 2203; x_wconf 80' lang='grc' dir='ltr'>ἀλλὰ</span> <span class='ocrx_word' id='word_1_430' title='bbox 835 2169 896 2212; x_wconf 72' lang='grc' dir='ltr'>τῆς</span> <span class='ocrx_word' id='word_1_431' title='bbox 917 2166 1079 2217; x_wconf 80' lang='grc' dir='ltr'>ἐπηρείας</span> 
     </span>
     <span class='ocr_line' id='line_1_55' title="bbox 64 2221 1073 2278; baseline 0.001 -15"><span class='ocrx_word' id='word_1_432' title='bbox 64 2221 104 2271; x_wconf 62' lang='grc' dir='ltr'>ἧς</span> <span class='ocrx_word' id='word_1_433' title='bbox 123 2225 304 2276; x_wconf 77' lang='grc' dir='ltr'>ὑπέμεινε,</span> <span class='ocrx_word' id='word_1_434' title='bbox 333 2226 458 2278; x_wconf 81' lang='grc' dir='ltr'>δεῖγμά</span> <span class='ocrx_word' id='word_1_435' title='bbox 474 2228 579 2264; x_wconf 80' lang='grc' dir='ltr'>ἐστιν.</span> <span class='ocrx_word' id='word_1_436' title='bbox 597 2226 732 2276; x_wconf 64' lang='lat' dir='ltr'>“sse-7:39</span> <span class='ocrx_word' id='word_1_437' title='bbox 760 2225 799 2263; x_wconf 77' lang='grc' dir='ltr'>ἂν</span> <span class='ocrx_word' id='word_1_438' title='bbox 817 2226 847 2264; x_wconf 82' lang='grc' dir='ltr'>εἴ</span> <span class='ocrx_word' id='word_1_439' title='bbox 874 2242 925 2269; x_wconf 86' lang='grc' dir='ltr'>τις</span> <span class='ocrx_word' id='word_1_440' title='bbox 945 2229 1073 2278; x_wconf 74' lang='grc' dir='ltr'>αἰχμα-</span> 
     </span>
     <span class='ocr_line' id='line_1_56' title="bbox 64 2280 1080 2338; baseline 0 -14"><span class='ocrx_word' id='word_1_441' title='bbox 64 2287 242 2330; x_wconf 79' lang='grc' dir='ltr'>λωτισθεὶς</span> <span class='ocrx_word' id='word_1_442' title='bbox 260 2287 355 2338; x_wconf 78' lang='grc' dir='ltr'>παρὰ</span> <span class='ocrx_word' id='word_1_443' title='bbox 376 2287 575 2338; x_wconf 66' lang='grc' dir='ltr'>βαρέάρων,</span> <span class='ocrx_word' id='word_1_444' title='bbox 591 2286 726 2338; x_wconf 79' lang='grc' dir='ltr'>λέγοιτο</span> <span class='ocrx_word' id='word_1_445' title='bbox 745 2280 830 2324; x_wconf 59' lang='grc' dir='ltr'>εἶναι</span> <span class='ocrx_word' id='word_1_446' title='bbox 848 2290 916 2324; x_wconf 74' lang='grc' dir='ltr'>τῶν</span> <span class='ocrx_word' id='word_1_447' title='bbox 949 2286 1080 2337; x_wconf 53' lang='lat' dir='ltr'>timp&amp;-</span> 
     </span>
     <span class='ocr_line' id='line_1_57' title="bbox 69 2347 1081 2399; baseline -0.001 -14"><span class='ocrx_word' id='word_1_448' title='bbox 69 2363 147 2399; x_wconf 85' lang='grc' dir='ltr'>ρων,</span> <span class='ocrx_word' id='word_1_449' title='bbox 167 2349 226 2386; x_wconf 82' lang='grc' dir='ltr'>οὐκ</span> <span class='ocrx_word' id='word_1_450' title='bbox 242 2347 358 2393; x_wconf 77' lang='grc' dir='ltr'>ἐπειδὴ</span> <span class='ocrx_word' id='word_1_451' title='bbox 381 2347 553 2399; x_wconf 61' lang='grc' dir='ltr'>βάρὸαρός</span> <span class='ocrx_word' id='word_1_452' title='bbox 571 2349 676 2394; x_wconf 78' lang='grc' dir='ltr'>ἐστιν,</span> <span class='ocrx_word' id='word_1_453' title='bbox 693 2347 770 2385; x_wconf 74' lang='grc' dir='ltr'>ἀλλ’</span> <span class='ocrx_word' id='word_1_454' title='bbox 789 2347 907 2394; x_wconf 75' lang='grc' dir='ltr'>ἐπειδὴ</span> <span class='ocrx_word' id='word_1_455' title='bbox 923 2349 981 2384; x_wconf 75' lang='grc' dir='ltr'>ὑπ’</span> <span class='ocrx_word' id='word_1_456' title='bbox 995 2347 1081 2385; x_wconf 80' lang='grc' dir='ltr'>ἐκεί-</span> 
     </span>
     <span class='ocr_line' id='line_1_58' title="bbox 67 2407 1080 2460; baseline -0.001 -14"><span class='ocrx_word' id='word_1_457' title='bbox 67 2425 132 2446; x_wconf 88' lang='grc' dir='ltr'>νων</span> <span class='ocrx_word' id='word_1_458' title='bbox 152 2408 338 2460; x_wconf 78' lang='grc' dir='ltr'>κατέχεται</span> <span class='ocrx_word' id='word_1_459' title='bbox 351 2424 358 2432; x_wconf 90' lang='grc'><em>·</em></span> <span class='ocrx_word' id='word_1_460' title='bbox 379 2407 469 2445; x_wconf 78' lang='grc' dir='ltr'>οὕτω</span> <span class='ocrx_word' id='word_1_461' title='bbox 488 2408 546 2446; x_wconf 82' lang='grc' dir='ltr'>καὶ</span> <span class='ocrx_word' id='word_1_462' title='bbox 565 2407 603 2445; x_wconf 84' lang='grc' dir='ltr'>τὸ</span> <span class='ocrx_word' id='word_1_463' title='bbox 626 2410 728 2458; x_wconf 79' lang='grc' dir='ltr'>σῶμα</span> <span class='ocrx_word' id='word_1_464' title='bbox 750 2408 896 2446; x_wconf 81' lang='grc' dir='ltr'>θανάτου</span> <span class='ocrx_word' id='word_1_465' title='bbox 922 2408 1080 2459; x_wconf 80' lang='grc' dir='ltr'>λέγεται,</span> 
     </span>
     <span class='ocr_line' id='line_1_59' title="bbox 69 2467 1079 2520; baseline 0 -15"><span class='ocrx_word' id='word_1_466' title='bbox 69 2467 186 2513; x_wconf 75' lang='grc' dir='ltr'>ἐπειδὴ</span> <span class='ocrx_word' id='word_1_467' title='bbox 211 2468 404 2519; x_wconf 66' lang='grc' dir='ltr'>κατεσχέθη</span> <span class='ocrx_word' id='word_1_468' title='bbox 426 2467 511 2519; x_wconf 83' lang='grc' dir='ltr'>παρ’</span> <span class='ocrx_word' id='word_1_469' title='bbox 533 2469 651 2516; x_wconf 74' lang='grc' dir='ltr'>αὐτοῦ,</span> <span class='ocrx_word' id='word_1_470' title='bbox 673 2470 735 2506; x_wconf 76' lang='grc' dir='ltr'>οὐκ</span> <span class='ocrx_word' id='word_1_471' title='bbox 753 2468 871 2515; x_wconf 80' lang='grc' dir='ltr'>ἐπειδὴ</span> <span class='ocrx_word' id='word_1_472' title='bbox 891 2468 1079 2520; x_wconf 53' lang='grc' dir='ltr'>προεξένην</span> 
     </span>
     <span class='ocr_line' id='line_1_60' title="bbox 69 2528 1082 2581; baseline 0 -15"><span class='ocrx_word' id='word_1_473' title='bbox 69 2544 125 2566; x_wconf 88' lang='grc' dir='ltr'>σεν</span> <span class='ocrx_word' id='word_1_474' title='bbox 149 2528 263 2565; x_wconf 75' lang='grc' dir='ltr'>αὐτόν.</span> <span class='ocrx_word' id='word_1_475' title='bbox 290 2529 420 2581; x_wconf 83' lang='grc' dir='ltr'>Διόπερ</span> <span class='ocrx_word' id='word_1_476' title='bbox 442 2529 518 2567; x_wconf 78' lang='grc' dir='ltr'>οὐδὲ</span> <span class='ocrx_word' id='word_1_477' title='bbox 535 2529 633 2572; x_wconf 76' lang='grc' dir='ltr'>αὐτὸς</span> <span class='ocrx_word' id='word_1_478' title='bbox 652 2533 710 2566; x_wconf 87' lang='grc' dir='ltr'>τοῦ</span> <span class='ocrx_word' id='word_1_479' title='bbox 731 2528 891 2580; x_wconf 83' lang='grc' dir='ltr'>σώματος</span> <span class='ocrx_word' id='word_1_480' title='bbox 918 2533 1082 2581; x_wconf 71' lang='grc' dir='ltr'>ῥυσθῆναι</span> 
     </span>
     <span class='ocr_line' id='line_1_61' title="bbox 72 2589 1083 2641; baseline 0.001 -15"><span class='ocrx_word' id='word_1_481' title='bbox 72 2589 248 2638; x_wconf 79' lang='grc' dir='ltr'>βούλεται,</span> <span class='ocrx_word' id='word_1_482' title='bbox 266 2589 353 2627; x_wconf 74' lang='grc' dir='ltr'>ἀλλὰ</span> <span class='ocrx_word' id='word_1_483' title='bbox 381 2593 440 2626; x_wconf 87' lang='grc' dir='ltr'>τοῦ</span> <span class='ocrx_word' id='word_1_484' title='bbox 459 2593 580 2635; x_wconf 86' lang='grc' dir='ltr'>θνητοῦ</span> <span class='ocrx_word' id='word_1_485' title='bbox 599 2589 778 2641; x_wconf 81' lang='grc' dir='ltr'>σώματος,</span> <span class='ocrx_word' id='word_1_486' title='bbox 812 2589 1043 2640; x_wconf 77' lang='grc' dir='ltr'>αἰνιττόμενος</span> <span class='ocrx_word' id='word_1_487' title='bbox 1066 2590 1083 2628; x_wconf 81' lang='grc' dir='ltr'>ὃ</span> 
     </span>
     <span class='ocr_line' id='line_1_62' title="bbox 70 2649 1083 2700; baseline -0.001 -13"><span class='ocrx_word' id='word_1_488' title='bbox 70 2649 236 2692; x_wconf 80' lang='grc' dir='ltr'>πολλάκις</span> <span class='ocrx_word' id='word_1_489' title='bbox 255 2649 351 2700; x_wconf 59' lang='grc' dir='ltr'>ἔφην,</span> <span class='ocrx_word' id='word_1_490' title='bbox 363 2649 415 2687; x_wconf 79' lang='grc' dir='ltr'>ὅτι</span> <span class='ocrx_word' id='word_1_491' title='bbox 431 2650 470 2686; x_wconf 81' lang='grc' dir='ltr'>ἐκ</span> <span class='ocrx_word' id='word_1_492' title='bbox 489 2653 547 2686; x_wconf 89' lang='grc' dir='ltr'>τοῦ</span> <span class='ocrx_word' id='word_1_493' title='bbox 566 2650 719 2696; x_wconf 76' lang='grc' dir='ltr'>παθητὸν</span> <span class='ocrx_word' id='word_1_494' title='bbox 733 2649 814 2687; x_wconf 77' lang='grc' dir='ltr'>αὐτὸ</span> <span class='ocrx_word' id='word_1_495' title='bbox 831 2649 1005 2700; x_wconf 78' lang='grc' dir='ltr'>γενέσθαι,</span> <span class='ocrx_word' id='word_1_496' title='bbox 1023 2649 1083 2687; x_wconf 74' lang='grc' dir='ltr'>καὶ</span> 
     </span>
     <span class='ocr_line' id='line_1_63' title="bbox 73 2708 714 2761; baseline 0 -15"><span class='ocrx_word' id='word_1_497' title='bbox 73 2709 328 2760; x_wconf 71' lang='grc' dir='ltr'>εὐεπιχείρητον</span> <span class='ocrx_word' id='word_1_498' title='bbox 350 2708 466 2761; x_wconf 79' lang='grc' dir='ltr'>γέγονε</span> <span class='ocrx_word' id='word_1_499' title='bbox 486 2713 527 2760; x_wconf 76' lang='grc' dir='ltr'>τῇ</span> <span class='ocrx_word' id='word_1_500' title='bbox 549 2709 714 2760; x_wconf 78' lang='grc' dir='ltr'>ἁμαρτίᾳ.</span> 
     </span>
    </p>

    <p class='ocr_par' dir='ltr' id='par_1_10' title="bbox 72 2772 1087 3248">
     <span class='ocr_line' id='line_1_64' title="bbox 124 2772 1084 2825; baseline 0 -14"><span class='ocrx_word' id='word_1_501' title='bbox 124 2774 192 2812; x_wconf 77' lang='grc' dir='ltr'>Καὶ</span> <span class='ocrx_word' id='word_1_502' title='bbox 224 2773 314 2816; x_wconf 84' lang='grc' dir='ltr'>τίνος</span> <span class='ocrx_word' id='word_1_503' title='bbox 343 2773 469 2821; x_wconf 77' lang='grc' dir='ltr'>ἕνεκεν,</span> <span class='ocrx_word' id='word_1_504' title='bbox 493 2773 607 2825; x_wconf 75' lang='grc' dir='ltr'>φησὶν,</span> <span class='ocrx_word' id='word_1_505' title='bbox 639 2774 668 2810; x_wconf 85' lang='grc' dir='ltr'>εἷ</span> <span class='ocrx_word' id='word_1_506' title='bbox 703 2772 856 2819; x_wconf 77' lang='grc' dir='ltr'>τοσαύτη</span> <span class='ocrx_word' id='word_1_507' title='bbox 885 2776 946 2820; x_wconf 71' lang='grc' dir='ltr'>τῆς</span> <span class='ocrx_word' id='word_1_508' title='bbox 974 2774 1084 2825; x_wconf 85' lang='grc' dir='ltr'>ἁμαρ-</span> 
     </span>
     <span class='ocr_line' id='line_1_65' title="bbox 72 2827 1084 2886; baseline 0.001 -15"><span class='ocrx_word' id='word_1_509' title='bbox 72 2833 145 2877; x_wconf 84' lang='grc' dir='ltr'>τίας</span> <span class='ocrx_word' id='word_1_510' title='bbox 171 2838 192 2881; x_wconf 78' lang='grc' dir='ltr'>ἡ</span> <span class='ocrx_word' id='word_1_511' title='bbox 213 2834 370 2885; x_wconf 80' lang='grc' dir='ltr'>τυραννὶς</span> <span class='ocrx_word' id='word_1_512' title='bbox 391 2834 458 2886; x_wconf 82' lang='grc' dir='ltr'>πρὸ</span> <span class='ocrx_word' id='word_1_513' title='bbox 475 2837 537 2879; x_wconf 70' lang='grc' dir='ltr'>τῆς</span> <span class='ocrx_word' id='word_1_514' title='bbox 552 2833 693 2885; x_wconf 74' lang='grc' dir='ltr'>χάριτος</span> <span class='ocrx_word' id='word_1_515' title='bbox 716 2827 770 2880; x_wconf 63' lang='grc' dir='ltr'>ἦν,</span> <span class='ocrx_word' id='word_1_516' title='bbox 787 2833 1024 2880; x_wconf 81' lang='grc' dir='ltr'>ἐκολάσθησαν</span> <span class='ocrx_word' id='word_1_517' title='bbox 1053 2837 1084 2872; x_wconf 78' lang='grc' dir='ltr'>οἱ</span> 
     </span>
     <span class='ocr_line' id='line_1_66' title="bbox 73 2889 1082 2945; baseline 0.001 -14"><span class='ocrx_word' id='word_1_518' title='bbox 73 2895 343 2945; x_wconf 74' lang='grc' dir='ltr'>ἁμαρτάνοντες,</span> <span class='ocrx_word' id='word_1_519' title='bbox 362 2893 378 2908; x_wconf 72' lang='lat'>‘¹</span> <span class='ocrx_word' id='word_1_520' title='bbox 415 2910 447 2931; x_wconf 87' lang='grc' dir='ltr'>τι</span> <span class='ocrx_word' id='word_1_521' title='bbox 466 2898 608 2932; x_wconf 87' lang='grc' dir='ltr'>τοιαῦτα</span> <span class='ocrx_word' id='word_1_522' title='bbox 635 2894 870 2945; x_wconf 81' lang='grc' dir='ltr'>ἐπετάγησαν,</span> <span class='ocrx_word' id='word_1_523' title='bbox 892 2889 947 2932; x_wconf 63' lang='grc' dir='ltr'>οἷα</span> <span class='ocrx_word' id='word_1_524' title='bbox 975 2895 1082 2932; x_wconf 78' lang='grc' dir='ltr'>δυνα-</span> 
     </span>
     <span class='ocr_line' id='line_1_67' title="bbox 73 2949 1083 3007; baseline 0 -16"><span class='ocrx_word' id='word_1_525' title='bbox 73 2955 129 2992; x_wconf 80' lang='grc' dir='ltr'>τὸν</span> <span class='ocrx_word' id='word_1_526' title='bbox 147 2949 187 3000; x_wconf 68' lang='grc' dir='ltr'>ἦν</span> <span class='ocrx_word' id='word_1_527' title='bbox 213 2954 271 2991; x_wconf 79' lang='grc' dir='ltr'>καὶ</span> <span class='ocrx_word' id='word_1_528' title='bbox 290 2957 350 3000; x_wconf 66' lang='grc' dir='ltr'>τῆς</span> <span class='ocrx_word' id='word_1_529' title='bbox 370 2954 541 3005; x_wconf 81' lang='grc' dir='ltr'>ἁμαρτίας</span> <span class='ocrx_word' id='word_1_530' title='bbox 561 2953 755 3006; x_wconf 82' lang='grc' dir='ltr'>κρατούσης</span> <span class='ocrx_word' id='word_1_531' title='bbox 774 2958 974 3007; x_wconf 84' lang='grc' dir='ltr'>κατορθοῦν.</span> <span class='ocrx_word' id='word_1_532' title='bbox 992 2953 1083 2992; x_wconf 76' lang='grc' dir='ltr'>Οὐδὲ</span> 
     </span>
     <span class='ocr_line' id='line_1_68' title="bbox 74 3009 1083 3066; baseline 0.002 -16"><span class='ocrx_word' id='word_1_533' title='bbox 74 3014 139 3065; x_wconf 70' lang='grc' dir='ltr'>γὰρ</span> <span class='ocrx_word' id='word_1_534' title='bbox 171 3016 216 3057; x_wconf 83' lang='grc' dir='ltr'>εἷς</span> <span class='ocrx_word' id='word_1_535' title='bbox 248 3014 354 3066; x_wconf 84' lang='grc' dir='ltr'>ἄκραν</span> <span class='ocrx_word' id='word_1_536' title='bbox 391 3014 510 3058; x_wconf 77' lang='grc' dir='ltr'>αὐτοὺς</span> <span class='ocrx_word' id='word_1_537' title='bbox 541 3009 633 3052; x_wconf 64' lang='grc' dir='ltr'>εἷλκε</span> <span class='ocrx_word' id='word_1_538' title='bbox 673 3014 867 3062; x_wconf 82' lang='grc' dir='ltr'>πολιτείαν,</span> <span class='ocrx_word' id='word_1_539' title='bbox 897 3014 987 3052; x_wconf 78' lang='grc' dir='ltr'>ἀλλὰ</span> <span class='ocrx_word' id='word_1_540' title='bbox 1024 3014 1083 3051; x_wconf 88' lang='grc' dir='ltr'>καὶ</span> 
     </span>
     <span class='ocr_line' id='line_1_69' title="bbox 74 3073 1083 3127; baseline 0 -16"><span class='ocrx_word' id='word_1_541' title='bbox 74 3073 263 3125; x_wconf 78' lang='grc' dir='ltr'>χρημάτων</span> <span class='ocrx_word' id='word_1_542' title='bbox 290 3075 477 3112; x_wconf 79' lang='grc' dir='ltr'>ἀπολαύειν</span> <span class='ocrx_word' id='word_1_543' title='bbox 509 3074 695 3126; x_wconf 79' lang='grc' dir='ltr'>ἐπέτρεπε,</span> <span class='ocrx_word' id='word_1_544' title='bbox 719 3074 777 3113; x_wconf 79' lang='grc' dir='ltr'>καὶ</span> <span class='ocrx_word' id='word_1_545' title='bbox 799 3074 933 3126; x_wconf 79' lang='grc' dir='ltr'>γυναιξὶ</span> <span class='ocrx_word' id='word_1_546' title='bbox 952 3078 1083 3127; x_wconf 72' lang='grc' dir='ltr'>κεχρῆ-</span> 
     </span>
     <span class='ocr_line' id='line_1_70' title="bbox 76 3134 1087 3188; baseline 0.002 -18"><span class='ocrx_word' id='word_1_547' title='bbox 76 3137 154 3171; x_wconf 83' lang='grc' dir='ltr'>σθαι</span> <span class='ocrx_word' id='word_1_548' title='bbox 168 3134 320 3172; x_wconf 86' lang='grc' dir='ltr'>πλείοσιν</span> <span class='ocrx_word' id='word_1_549' title='bbox 339 3137 399 3172; x_wconf 79' lang='grc' dir='ltr'>οὐκ</span> <span class='ocrx_word' id='word_1_550' title='bbox 410 3134 539 3173; x_wconf 80' lang='grc' dir='ltr'>ἐκώλυε</span> <span class='ocrx_word' id='word_1_551' title='bbox 551 3165 560 3182; x_wconf 89' lang='grc'>,</span> <span class='ocrx_word' id='word_1_552' title='bbox 576 3135 634 3172; x_wconf 86' lang='grc' dir='ltr'>καὶ</span> <span class='ocrx_word' id='word_1_553' title='bbox 660 3138 758 3187; x_wconf 82' lang='grc' dir='ltr'>θυμῷ</span> <span class='ocrx_word' id='word_1_554' title='bbox 769 3136 983 3188; x_wconf 77' lang='grc' dir='ltr'>χαρίσασθαι</span> <span class='ocrx_word' id='word_1_555' title='bbox 999 3134 1087 3185; x_wconf 83' lang='grc' dir='ltr'>μετὰ</span> 
     </span>
     <span class='ocr_line' id='line_1_71' title="bbox 76 3192 1086 3248; baseline 0.002 -18"><span class='ocrx_word' id='word_1_556' title='bbox 76 3197 133 3230; x_wconf 86' lang='grc' dir='ltr'>τοῦ</span> <span class='ocrx_word' id='word_1_557' title='bbox 154 3192 305 3239; x_wconf 76' lang='grc' dir='ltr'>δικαίου,</span> <span class='ocrx_word' id='word_1_558' title='bbox 325 3194 383 3231; x_wconf 88' lang='grc' dir='ltr'>καὶ</span> <span class='ocrx_word' id='word_1_559' title='bbox 410 3198 520 3246; x_wconf 66' lang='grc' dir='ltr'>τρυφῇ</span> <span class='ocrx_word' id='word_1_560' title='bbox 542 3193 767 3247; x_wconf 36' lang='grc' dir='ltr'>ι’·’(”ρήσαο·θαι</span> <span class='ocrx_word' id='word_1_561' title='bbox 798 3195 1006 3248; x_wconf 79' lang='grc' dir='ltr'>συμμέτρῳ·</span> <span class='ocrx_word' id='word_1_562' title='bbox 1028 3195 1086 3233; x_wconf 86' lang='grc' dir='ltr'>καὶ</span> 
     </span>
    </p>
   </div>
   <div class='ocr_carea' id='block_1_10' title="bbox 78 3297 1078 3444">
    <p class='ocr_par' dir='ltr' id='par_1_11' title="bbox 78 3297 1078 3444">
     <span class='ocr_line' id='line_1_72' title="bbox 119 3297 867 3344; baseline 0 -21"><span class='ocrx_word' id='word_1_563' title='bbox 119 3308 132 3322; x_wconf 76' lang='grc' dir='ltr'>ιι</span> <span class='ocrx_word' id='word_1_564' title='bbox 156 3297 269 3329; x_wconf 85' lang='lat' dir='ltr'>Morel.</span> <span class='ocrx_word' id='word_1_565' title='bbox 286 3297 370 3330; x_wconf 85' lang='lat' dir='ltr'>male</span> <span class='ocrx_word' id='word_1_566' title='bbox 392 3304 419 3331; x_wconf 60' lang='grc' dir='ltr'>ἐν</span> <span class='ocrx_word' id='word_1_567' title='bbox 447 3304 558 3344; x_wconf 56' lang='grc' dir='ltr'>ἠρεμίᾳ</span> <span class='ocrx_word' id='word_1_568' title='bbox 573 3309 629 3334; x_wconf 59' lang='grc' dir='ltr'>τῶν</span> <span class='ocrx_word' id='word_1_569' title='bbox 644 3306 867 3344; x_wconf 49' lang='grc' dir='ltr'>βοηθησάντων,</span> 
     </span>
     <span class='ocr_line' id='line_1_73' title="bbox 121 3348 1078 3395; baseline -0.013 -1"><span class='ocrx_word' id='word_1_570' title='bbox 121 3359 134 3373; x_wconf 85' lang='grc'>’“</span> <span class='ocrx_word' id='word_1_571' title='bbox 157 3348 317 3389; x_wconf 38' lang='lat' dir='ltr'>limum&amp;</span> <span class='ocrx_word' id='word_1_572' title='bbox 340 3351 375 3380; x_wconf 73' lang='grc' dir='ltr'>Α·</span> <span class='ocrx_word' id='word_1_573' title='bbox 405 3349 464 3390; x_wconf 66' lang='lat' dir='ltr'>bis:</span> <span class='ocrx_word' id='word_1_574' title='bbox 484 3357 516 3382; x_wconf 71' lang='lat' dir='ltr'>el-</span> <span class='ocrx_word' id='word_1_575' title='bbox 533 3361 610 3383; x_wconf 77' lang='lat' dir='ltr'>mOX</span> <span class='ocrx_word' id='word_1_576' title='bbox 632 3358 875 3395; x_wconf 67' lang='grc' dir='ltr'>ἀπομαχόμενον.</span> <span class='ocrx_word' id='word_1_577' title='bbox 892 3350 1078 3395; x_wconf 82' lang='lat' dir='ltr'>Legebatur</span> 
     </span>
     <span class='ocr_line' id='line_1_74' title="bbox 78 3402 320 3444; baseline -0.012 -9"><span class='ocrx_word' id='word_1_578' title='bbox 78 3406 273 3444; x_wconf 63' lang='grc' dir='ltr'>ἐπεμαχάμην</span> <span class='ocrx_word' id='word_1_579' title='bbox 295 3402 320 3440; x_wconf 86' lang='grc'>,]</span> 
     </span>
    </p>
   </div>
   <div class='ocr_carea' id='block_1_11' title="bbox 1148 1620 2141 2686">
    <p class='ocr_par' dir='ltr' id='par_1_12' title="bbox 1148 1620 2141 2686">
     <span class='ocr_line' id='line_1_75' title="bbox 1148 1620 2131 1670; baseline -0.003 -10"><span class='ocrx_word' id='word_1_580' title='bbox 1148 1621 1252 1660; x_wconf 88' lang='lat' dir='ltr'>modo</span> <span class='ocrx_word' id='word_1_581' title='bbox 1271 1620 1461 1659; x_wconf 81' lang='lat' dir='ltr'>ostenderit</span> <span class='ocrx_word' id='word_1_582' title='bbox 1486 1621 1721 1658; x_wconf 85' lang='lat' dir='ltr'>necessarium</span> <span class='ocrx_word' id='word_1_583' title='bbox 1751 1634 1824 1657; x_wconf 87' lang='lat' dir='ltr'>esse</span> <span class='ocrx_word' id='word_1_584' title='bbox 1856 1620 1976 1670; x_wconf 73' lang='lat' dir='ltr'>gratiae</span> <span class='ocrx_word' id='word_1_585' title='bbox 1995 1620 2131 1658; x_wconf 79' lang='lat' dir='ltr'>adven-</span> 
     </span>
     <span class='ocr_line' id='line_1_76' title="bbox 1148 1678 2131 1731; baseline -0.003 -12"><span class='ocrx_word' id='word_1_586' title='bbox 1148 1691 1238 1730; x_wconf 84' lang='lat' dir='ltr'>tum,</span> <span class='ocrx_word' id='word_1_587' title='bbox 1256 1681 1523 1731; x_wconf 85' lang='lat' dir='ltr'>communiaque</span> <span class='ocrx_word' id='word_1_588' title='bbox 1546 1694 1618 1717; x_wconf 87' lang='lat' dir='ltr'>esse</span> <span class='ocrx_word' id='word_1_589' title='bbox 1635 1679 1750 1717; x_wconf 81' lang='lat' dir='ltr'>Patris</span> <span class='ocrx_word' id='word_1_590' title='bbox 1770 1687 1802 1716; x_wconf 89' lang='lat' dir='ltr'>et</span> <span class='ocrx_word' id='word_1_591' title='bbox 1821 1678 1906 1716; x_wconf 84' lang='lat' dir='ltr'>Filii</span> <span class='ocrx_word' id='word_1_592' title='bbox 1932 1679 2131 1716; x_wconf 77' lang='lat' dir='ltr'>beneficia?</span> 
     </span>
     <span class='ocr_line' id='line_1_77' title="bbox 1148 1738 2133 1790; baseline -0.003 -11"><span class='ocrx_word' id='word_1_593' title='bbox 1148 1740 1299 1779; x_wconf 84' lang='lat' dir='ltr'>Etiamsi</span> <span class='ocrx_word' id='word_1_594' title='bbox 1317 1740 1410 1778; x_wconf 88' lang='lat' dir='ltr'>enim</span> <span class='ocrx_word' id='word_1_595' title='bbox 1425 1740 1522 1777; x_wconf 85' lang='lat' dir='ltr'>Patri</span> <span class='ocrx_word' id='word_1_596' title='bbox 1538 1739 1668 1790; x_wconf 79' lang='lat' dir='ltr'>gratias</span> <span class='ocrx_word' id='word_1_597' title='bbox 1687 1747 1780 1790; x_wconf 75' lang='lat' dir='ltr'>agat,</span> <span class='ocrx_word' id='word_1_598' title='bbox 1800 1738 1995 1789; x_wconf 79' lang='lat' dir='ltr'>gratiarum</span> <span class='ocrx_word' id='word_1_599' title='bbox 2015 1747 2133 1776; x_wconf 86' lang='lat' dir='ltr'>tamen</span> 
     </span>
     <span class='ocr_line' id='line_1_78' title="bbox 1148 1799 2133 1851; baseline -0.002 -11"><span class='ocrx_word' id='word_1_600' title='bbox 1148 1802 1295 1840; x_wconf 84' lang='lat' dir='ltr'>actionis</span> <span class='ocrx_word' id='word_1_601' title='bbox 1314 1815 1418 1839; x_wconf 83' lang='lat' dir='ltr'>causa</span> <span class='ocrx_word' id='word_1_602' title='bbox 1435 1809 1486 1838; x_wconf 89' lang='lat' dir='ltr'>est</span> <span class='ocrx_word' id='word_1_603' title='bbox 1516 1800 1646 1838; x_wconf 87' lang='lat' dir='ltr'>Filius.</span> <span class='ocrx_word' id='word_1_604' title='bbox 1669 1801 1760 1836; x_wconf 86' lang='lat' dir='ltr'>Cum</span> <span class='ocrx_word' id='word_1_605' title='bbox 1778 1813 1884 1851; x_wconf 83' lang='lat' dir='ltr'>porro</span> <span class='ocrx_word' id='word_1_606' title='bbox 1904 1799 2006 1837; x_wconf 75' lang='lat' dir='ltr'>audis</span> <span class='ocrx_word' id='word_1_607' title='bbox 2027 1800 2133 1838; x_wconf 90' lang='lat' dir='ltr'>illum</span> 
     </span>
     <span class='ocr_line' id='line_1_79' title="bbox 1149 1861 2133 1913; baseline -0.003 -12"><span class='ocrx_word' id='word_1_608' title='bbox 1149 1864 1339 1911; x_wconf 82' lang='lat' dir='ltr'>dicentem,</span> <span class='ocrx_word' id='word_1_609' title='bbox 1363 1863 1455 1913; x_wconf 78' lang='lat' dir='ltr'>Quis</span> <span class='ocrx_word' id='word_1_610' title='bbox 1474 1876 1534 1899; x_wconf 82' lang='lat' dir='ltr'>me</span> <span class='ocrx_word' id='word_1_611' title='bbox 1555 1862 1733 1898; x_wconf 80' lang='lat' dir='ltr'>liberabit</span> <span class='ocrx_word' id='word_1_612' title='bbox 1755 1861 1802 1898; x_wconf 84' lang='lat' dir='ltr'>de</span> <span class='ocrx_word' id='word_1_613' title='bbox 1824 1873 1981 1911; x_wconf 63' lang='lat' dir='ltr'>corpore</span> <span class='ocrx_word' id='word_1_614' title='bbox 2000 1863 2133 1898; x_wconf 82' lang='lat' dir='ltr'>mortis</span> 
     </span>
     <span class='ocr_line' id='line_1_80' title="bbox 1151 1922 2133 1977; baseline -0.004 -15"><span class='ocrx_word' id='word_1_615' title='bbox 1151 1927 1295 1977; x_wconf 78' lang='lat' dir='ltr'>hujus?</span> <span class='ocrx_word' id='word_1_616' title='bbox 1314 1937 1357 1961; x_wconf 90' lang='lat' dir='ltr'>ne</span> <span class='ocrx_word' id='word_1_617' title='bbox 1382 1931 1486 1975; x_wconf 88' lang='lat' dir='ltr'>putes</span> <span class='ocrx_word' id='word_1_618' title='bbox 1504 1922 1622 1974; x_wconf 84' lang='lat' dir='ltr'>ipsum</span> <span class='ocrx_word' id='word_1_619' title='bbox 1645 1935 1809 1959; x_wconf 82' lang='lat' dir='ltr'>accusare</span> <span class='ocrx_word' id='word_1_620' title='bbox 1837 1934 1991 1958; x_wconf 81' lang='lat' dir='ltr'>carnem.</span> <span class='ocrx_word' id='word_1_621' title='bbox 2013 1923 2133 1972; x_wconf 86' lang='lat' dir='ltr'>Neque</span> 
     </span>
     <span class='ocr_line' id='line_1_81' title="bbox 1151 1982 2132 2035; baseline -0.004 -11"><span class='ocrx_word' id='word_1_622' title='bbox 1151 1986 1244 2024; x_wconf 86' lang='lat' dir='ltr'>enim</span> <span class='ocrx_word' id='word_1_623' title='bbox 1262 1984 1370 2034; x_wconf 78' lang='lat' dir='ltr'>dixit,</span> <span class='ocrx_word' id='word_1_624' title='bbox 1385 1985 1521 2035; x_wconf 90' lang='lat' dir='ltr'>Corpus</span> <span class='ocrx_word' id='word_1_625' title='bbox 1544 1983 1679 2035; x_wconf 84' lang='lat' dir='ltr'>peceati</span> <span class='ocrx_word' id='word_1_626' title='bbox 1690 1998 1701 2032; x_wconf 78' lang='lat'>3</span> <span class='ocrx_word' id='word_1_627' title='bbox 1722 1982 1801 2030; x_wconf 88' lang='lat' dir='ltr'>sed,</span> <span class='ocrx_word' id='word_1_628' title='bbox 1819 1983 1956 2034; x_wconf 77' lang='lat' dir='ltr'>Corpus</span> <span class='ocrx_word' id='word_1_629' title='bbox 1986 1982 2132 2032; x_wconf 77' lang='lat' dir='ltr'>morti53</span> 
     </span>
     <span class='ocr_line' id='line_1_82' title="bbox 1150 2044 2134 2095; baseline -0.005 -10"><span class='ocrx_word' id='word_1_630' title='bbox 1150 2047 1219 2085; x_wconf 84' lang='lat' dir='ltr'>hoe</span> <span class='ocrx_word' id='word_1_631' title='bbox 1239 2054 1303 2093; x_wconf 84' lang='lat' dir='ltr'>est,</span> <span class='ocrx_word' id='word_1_632' title='bbox 1320 2044 1469 2082; x_wconf 85' lang='lat' dir='ltr'>mortale</span> <span class='ocrx_word' id='word_1_633' title='bbox 1489 2057 1627 2095; x_wconf 82' lang='lat' dir='ltr'>eorpus,</span> <span class='ocrx_word' id='word_1_634' title='bbox 1651 2057 1669 2080; x_wconf 86' lang='lat' dir='ltr'>a</span> <span class='ocrx_word' id='word_1_635' title='bbox 1689 2051 1801 2080; x_wconf 84' lang='lat' dir='ltr'>morte</span> <span class='ocrx_word' id='word_1_636' title='bbox 1820 2051 2044 2093; x_wconf 77' lang='lat' dir='ltr'>occupatum,</span> <span class='ocrx_word' id='word_1_637' title='bbox 2064 2055 2134 2080; x_wconf 90' lang='lat' dir='ltr'>non</span> 
     </span>
     <span class='ocr_line' id='line_1_83' title="bbox 1153 2102 2134 2157; baseline -0.004 -13"><span class='ocrx_word' id='word_1_638' title='bbox 1153 2106 1248 2157; x_wconf 92' lang='lat' dir='ltr'>quod</span> <span class='ocrx_word' id='word_1_639' title='bbox 1276 2114 1424 2143; x_wconf 89' lang='lat' dir='ltr'>mortem</span> <span class='ocrx_word' id='word_1_640' title='bbox 1453 2103 1691 2155; x_wconf 84' lang='lat' dir='ltr'>generaverit:</span> <span class='ocrx_word' id='word_1_641' title='bbox 1707 2102 1804 2153; x_wconf 86' lang='lat' dir='ltr'>quod</span> <span class='ocrx_word' id='word_1_642' title='bbox 1822 2116 1892 2139; x_wconf 88' lang='lat' dir='ltr'>non</span> <span class='ocrx_word' id='word_1_643' title='bbox 1920 2112 1970 2140; x_wconf 84' lang='lat' dir='ltr'>est</span> <span class='ocrx_word' id='word_1_644' title='bbox 1989 2103 2134 2141; x_wconf 80' lang='lat' dir='ltr'>malitiae</span> 
     </span>
     <span class='ocr_line' id='line_1_84' title="bbox 1153 2163 2131 2216; baseline -0.005 -12"><span class='ocrx_word' id='word_1_645' title='bbox 1153 2166 1282 2216; x_wconf 83' lang='lat' dir='ltr'>carnis,</span> <span class='ocrx_word' id='word_1_646' title='bbox 1311 2165 1374 2203; x_wconf 85' lang='lat' dir='ltr'>sed</span> <span class='ocrx_word' id='word_1_647' title='bbox 1400 2164 1534 2213; x_wconf 86' lang='lat' dir='ltr'>damni,</span> <span class='ocrx_word' id='word_1_648' title='bbox 1562 2163 1658 2214; x_wconf 92' lang='lat' dir='ltr'>quod</span> <span class='ocrx_word' id='word_1_649' title='bbox 1688 2163 1848 2209; x_wconf 86' lang='lat' dir='ltr'>sustinet,</span> <span class='ocrx_word' id='word_1_650' title='bbox 1870 2172 2131 2214; x_wconf 78' lang='lat' dir='ltr'>argumentum.</span> 
     </span>
     <span class='ocr_line' id='line_1_85' title="bbox 1153 2222 2138 2274; baseline -0.006 -9"><span class='ocrx_word' id='word_1_651' title='bbox 1153 2225 1466 2274; x_wconf 83' lang='lat' dir='ltr'>Quemadmodum</span> <span class='ocrx_word' id='word_1_652' title='bbox 1482 2224 1511 2262; x_wconf 90' lang='lat' dir='ltr'>si</span> <span class='ocrx_word' id='word_1_653' title='bbox 1529 2224 1610 2274; x_wconf 83' lang='lat' dir='ltr'>quis</span> <span class='ocrx_word' id='word_1_654' title='bbox 1627 2238 1647 2261; x_wconf 91' lang='lat' dir='ltr'>a</span> <span class='ocrx_word' id='word_1_655' title='bbox 1661 2222 1826 2260; x_wconf 78' lang='lat' dir='ltr'>barbaris</span> <span class='ocrx_word' id='word_1_656' title='bbox 1845 2231 1980 2274; x_wconf 76' lang='lat' dir='ltr'>eaptus,</span> <span class='ocrx_word' id='word_1_657' title='bbox 1998 2222 2138 2260; x_wconf 86' lang='lat' dir='ltr'>dicatur</span> 
     </span>
     <span class='ocr_line' id='line_1_86' title="bbox 1154 2282 2139 2334; baseline -0.005 -9"><span class='ocrx_word' id='word_1_658' title='bbox 1154 2301 1227 2326; x_wconf 85' lang='lat' dir='ltr'>esse</span> <span class='ocrx_word' id='word_1_659' title='bbox 1238 2286 1493 2334; x_wconf 81' lang='lat' dir='ltr'>barbarorum3</span> <span class='ocrx_word' id='word_1_660' title='bbox 1509 2298 1579 2322; x_wconf 89' lang='lat' dir='ltr'>non</span> <span class='ocrx_word' id='word_1_661' title='bbox 1594 2282 1692 2334; x_wconf 87' lang='lat' dir='ltr'>quod</span> <span class='ocrx_word' id='word_1_662' title='bbox 1702 2283 1875 2320; x_wconf 80' lang='lat' dir='ltr'>barbarus</span> <span class='ocrx_word' id='word_1_663' title='bbox 1893 2282 1949 2331; x_wconf 85' lang='lat' dir='ltr'>sit,</span> <span class='ocrx_word' id='word_1_664' title='bbox 1966 2282 2027 2320; x_wconf 86' lang='lat' dir='ltr'>sed</span> <span class='ocrx_word' id='word_1_665' title='bbox 2043 2283 2139 2333; x_wconf 89' lang='lat' dir='ltr'>quod</span> 
     </span>
     <span class='ocr_line' id='line_1_87' title="bbox 1155 2343 2138 2396; baseline -0.006 -10"><span class='ocrx_word' id='word_1_666' title='bbox 1155 2349 1200 2387; x_wconf 86' lang='lat' dir='ltr'>ab</span> <span class='ocrx_word' id='word_1_667' title='bbox 1220 2348 1292 2385; x_wconf 90' lang='lat' dir='ltr'>illis</span> <span class='ocrx_word' id='word_1_668' title='bbox 1310 2346 1508 2385; x_wconf 82' lang='lat' dir='ltr'>detineatur</span> <span class='ocrx_word' id='word_1_669' title='bbox 1524 2361 1532 2382; x_wconf 75' lang='grc' dir='ltr'>τ</span> <span class='ocrx_word' id='word_1_670' title='bbox 1549 2345 1599 2383; x_wconf 87' lang='lat' dir='ltr'>sic</span> <span class='ocrx_word' id='word_1_671' title='bbox 1620 2353 1653 2382; x_wconf 89' lang='lat' dir='ltr'>et</span> <span class='ocrx_word' id='word_1_672' title='bbox 1673 2358 1801 2396; x_wconf 82' lang='lat' dir='ltr'>eorpus</span> <span class='ocrx_word' id='word_1_673' title='bbox 1820 2343 1943 2381; x_wconf 78' lang='lat' dir='ltr'>mortis</span> <span class='ocrx_word' id='word_1_674' title='bbox 1958 2357 2031 2381; x_wconf 86' lang='lat' dir='ltr'>esse</span> <span class='ocrx_word' id='word_1_675' title='bbox 2049 2343 2138 2380; x_wconf 89' lang='lat' dir='ltr'>dici-</span> 
     </span>
     <span class='ocr_line' id='line_1_88' title="bbox 1155 2403 2139 2458; baseline -0.007 -11"><span class='ocrx_word' id='word_1_676' title='bbox 1155 2419 1227 2458; x_wconf 83' lang='lat' dir='ltr'>tur,</span> <span class='ocrx_word' id='word_1_677' title='bbox 1250 2407 1347 2458; x_wconf 89' lang='lat' dir='ltr'>quod</span> <span class='ocrx_word' id='word_1_678' title='bbox 1373 2408 1419 2445; x_wconf 85' lang='lat' dir='ltr'>ab</span> <span class='ocrx_word' id='word_1_679' title='bbox 1439 2407 1502 2444; x_wconf 90' lang='lat' dir='ltr'>illa</span> <span class='ocrx_word' id='word_1_680' title='bbox 1531 2405 1714 2444; x_wconf 75' lang='lat' dir='ltr'>detentum</span> <span class='ocrx_word' id='word_1_681' title='bbox 1744 2404 1803 2455; x_wconf 78' lang='lat' dir='ltr'>sit,</span> <span class='ocrx_word' id='word_1_682' title='bbox 1824 2418 1894 2441; x_wconf 85' lang='lat' dir='ltr'>non</span> <span class='ocrx_word' id='word_1_683' title='bbox 1915 2403 2010 2454; x_wconf 81' lang='lat' dir='ltr'>quod</span> <span class='ocrx_word' id='word_1_684' title='bbox 2038 2404 2139 2441; x_wconf 91' lang='lat' dir='ltr'>illam</span> 
     </span>
     <span class='ocr_line' id='line_1_89' title="bbox 1156 2463 2141 2520; baseline -0.006 -14"><span class='ocrx_word' id='word_1_685' title='bbox 1156 2467 1412 2520; x_wconf 75' lang='lat' dir='ltr'>procuraverit.</span> <span class='ocrx_word' id='word_1_686' title='bbox 1445 2466 1671 2516; x_wconf 78' lang='lat' dir='ltr'>Quapropter</span> <span class='ocrx_word' id='word_1_687' title='bbox 1690 2464 1750 2501; x_wconf 84' lang='lat' dir='ltr'>ilie</span> <span class='ocrx_word' id='word_1_688' title='bbox 1769 2477 1838 2501; x_wconf 79' lang='lat' dir='ltr'>non</span> <span class='ocrx_word' id='word_1_689' title='bbox 1857 2477 1877 2500; x_wconf 80' lang='lat' dir='ltr'>a</span> <span class='ocrx_word' id='word_1_690' title='bbox 1897 2477 2043 2514; x_wconf 85' lang='lat' dir='ltr'>corpore</span> <span class='ocrx_word' id='word_1_691' title='bbox 2061 2463 2141 2503; x_wconf 84' lang='lat' dir='ltr'>vult</span> 
     </span>
     <span class='ocr_line' id='line_1_90' title="bbox 1155 2523 2140 2575; baseline -0.006 -9"><span class='ocrx_word' id='word_1_692' title='bbox 1155 2528 1300 2566; x_wconf 83' lang='lat' dir='ltr'>liberari</span> <span class='ocrx_word' id='word_1_693' title='bbox 1328 2526 1390 2565; x_wconf 86' lang='lat' dir='ltr'>sed</span> <span class='ocrx_word' id='word_1_694' title='bbox 1413 2541 1434 2564; x_wconf 82' lang='lat' dir='ltr'>a</span> <span class='ocrx_word' id='word_1_695' title='bbox 1460 2525 1602 2563; x_wconf 82' lang='lat' dir='ltr'>mortali</span> <span class='ocrx_word' id='word_1_696' title='bbox 1636 2537 1781 2575; x_wconf 80' lang='lat' dir='ltr'>corpore</span> <span class='ocrx_word' id='word_1_697' title='bbox 1790 2539 1800 2571; x_wconf 80' lang='lat'>3</span> <span class='ocrx_word' id='word_1_698' title='bbox 1824 2523 2071 2572; x_wconf 85' lang='lat' dir='ltr'>subindicans,</span> <span class='ocrx_word' id='word_1_699' title='bbox 2100 2533 2140 2560; x_wconf 91' lang='lat' dir='ltr'>ut</span> 
     </span>
     <span class='ocr_line' id='line_1_91' title="bbox 1156 2585 2140 2641; baseline -0.006 -14"><span class='ocrx_word' id='word_1_700' title='bbox 1156 2603 1248 2641; x_wconf 70' lang='lat' dir='ltr'>saepe</span> <span class='ocrx_word' id='word_1_701' title='bbox 1266 2588 1357 2637; x_wconf 81' lang='lat' dir='ltr'>dixi,</span> <span class='ocrx_word' id='word_1_702' title='bbox 1369 2589 1487 2640; x_wconf 83' lang='lat' dir='ltr'>ipsum</span> <span class='ocrx_word' id='word_1_703' title='bbox 1503 2585 1599 2637; x_wconf 77' lang='lat' dir='ltr'>qued</span> <span class='ocrx_word' id='word_1_704' title='bbox 1616 2586 1661 2623; x_wconf 89' lang='lat' dir='ltr'>sit</span> <span class='ocrx_word' id='word_1_705' title='bbox 1678 2585 1858 2637; x_wconf 78' lang='lat' dir='ltr'>passibile,</span> <span class='ocrx_word' id='word_1_706' title='bbox 1875 2593 2017 2635; x_wconf 86' lang='lat' dir='ltr'>peccato</span> <span class='ocrx_word' id='word_1_707' title='bbox 2035 2593 2140 2636; x_wconf 85' lang='lat' dir='ltr'>captu</span> 
     </span>
     <span class='ocr_line' id='line_1_92' title="bbox 1156 2648 1395 2686; baseline -0.008 0"><span class='ocrx_word' id='word_1_708' title='bbox 1156 2649 1258 2686; x_wconf 83' lang='lat' dir='ltr'>facile</span> <span class='ocrx_word' id='word_1_709' title='bbox 1275 2648 1395 2685; x_wconf 81' lang='lat' dir='ltr'>fuisse.</span> 
     </span>
    </p>
   </div>
   <div class='ocr_carea' id='block_1_12' title="bbox 1157 2763 2142 3241">
    <p class='ocr_par' dir='ltr' id='par_1_13' title="bbox 1157 2763 2142 3241">
     <span class='ocr_line' id='line_1_93' title="bbox 1209 2763 2138 2816; baseline -0.006 -9"><span class='ocrx_word' id='word_1_710' title='bbox 1209 2771 1246 2808; x_wconf 69' lang='lat'>4.</span> <span class='ocrx_word' id='word_1_711' title='bbox 1275 2768 1323 2806; x_wconf 91' lang='lat' dir='ltr'>Et</span> <span class='ocrx_word' id='word_1_712' title='bbox 1341 2781 1417 2816; x_wconf 77' lang='lat' dir='ltr'>cur,</span> <span class='ocrx_word' id='word_1_713' title='bbox 1449 2765 1600 2815; x_wconf 77' lang='lat' dir='ltr'>inquies,</span> <span class='ocrx_word' id='word_1_714' title='bbox 1637 2764 1667 2801; x_wconf 93' lang='lat' dir='ltr'>si</span> <span class='ocrx_word' id='word_1_715' title='bbox 1699 2771 1796 2800; x_wconf 82' lang='lat' dir='ltr'>tanta</span> <span class='ocrx_word' id='word_1_716' title='bbox 1816 2763 1948 2814; x_wconf 84' lang='lat' dir='ltr'>peceati</span> <span class='ocrx_word' id='word_1_717' title='bbox 1977 2763 2138 2814; x_wconf 80' lang='lat' dir='ltr'>tyrannis</span> 
     </span>
     <span class='ocr_line' id='line_1_94' title="bbox 1157 2823 2140 2881; baseline -0.009 -12"><span class='ocrx_word' id='word_1_718' title='bbox 1157 2840 1235 2869; x_wconf 90' lang='lat' dir='ltr'>ante</span> <span class='ocrx_word' id='word_1_719' title='bbox 1254 2828 1403 2881; x_wconf 82' lang='lat' dir='ltr'>gratiam</span> <span class='ocrx_word' id='word_1_720' title='bbox 1422 2826 1542 2876; x_wconf 76' lang='lat' dir='ltr'>fuerit,</span> <span class='ocrx_word' id='word_1_721' title='bbox 1563 2833 1761 2877; x_wconf 83' lang='lat' dir='ltr'>peccatores</span> <span class='ocrx_word' id='word_1_722' title='bbox 1774 2823 1889 2875; x_wconf 88' lang='lat' dir='ltr'>puniti</span> <span class='ocrx_word' id='word_1_723' title='bbox 1911 2824 2030 2861; x_wconf 72' lang='lat' dir='ltr'>fuere?</span> <span class='ocrx_word' id='word_1_724' title='bbox 2046 2823 2140 2869; x_wconf 89' lang='lat' dir='ltr'>Quia</span> 
     </span>
     <span class='ocr_line' id='line_1_95' title="bbox 1157 2883 2139 2940; baseline -0.008 -11"><span class='ocrx_word' id='word_1_725' title='bbox 1157 2892 1241 2930; x_wconf 86' lang='lat' dir='ltr'>talia</span> <span class='ocrx_word' id='word_1_726' title='bbox 1259 2891 1430 2940; x_wconf 77' lang='lat' dir='ltr'>imperata</span> <span class='ocrx_word' id='word_1_727' title='bbox 1449 2894 1561 2935; x_wconf 81' lang='lat' dir='ltr'>erant,</span> <span class='ocrx_word' id='word_1_728' title='bbox 1585 2898 1663 2935; x_wconf 87' lang='lat' dir='ltr'>quae</span> <span class='ocrx_word' id='word_1_729' title='bbox 1686 2892 1826 2936; x_wconf 85' lang='lat' dir='ltr'>possent</span> <span class='ocrx_word' id='word_1_730' title='bbox 1846 2883 1913 2930; x_wconf 84' lang='lat' dir='ltr'>illi,</span> <span class='ocrx_word' id='word_1_731' title='bbox 1933 2883 2039 2920; x_wconf 87' lang='lat' dir='ltr'>etiam</span> <span class='ocrx_word' id='word_1_732' title='bbox 2057 2897 2139 2935; x_wconf 82' lang='lat' dir='ltr'>pec-</span> 
     </span>
     <span class='ocr_line' id='line_1_96' title="bbox 1158 2942 2140 2996; baseline -0.009 -7"><span class='ocrx_word' id='word_1_733' title='bbox 1158 2961 1233 2990; x_wconf 86' lang='lat' dir='ltr'>cato</span> <span class='ocrx_word' id='word_1_734' title='bbox 1247 2949 1465 2996; x_wconf 85' lang='lat' dir='ltr'>dominante,</span> <span class='ocrx_word' id='word_1_735' title='bbox 1486 2946 1608 2983; x_wconf 83' lang='lat' dir='ltr'>facere.</span> <span class='ocrx_word' id='word_1_736' title='bbox 1626 2944 1747 2994; x_wconf 88' lang='lat' dir='ltr'>Neque</span> <span class='ocrx_word' id='word_1_737' title='bbox 1768 2942 1862 2980; x_wconf 88' lang='lat' dir='ltr'>enim</span> <span class='ocrx_word' id='word_1_738' title='bbox 1878 2942 1957 2980; x_wconf 89' lang='lat' dir='ltr'>illos</span> <span class='ocrx_word' id='word_1_739' title='bbox 1977 2943 2024 2980; x_wconf 88' lang='lat' dir='ltr'>ad</span> <span class='ocrx_word' id='word_1_740' title='bbox 2042 2958 2140 2981; x_wconf 91' lang='lat' dir='ltr'>sum-</span> 
     </span>
     <span class='ocr_line' id='line_1_97' title="bbox 1158 3003 2138 3054; baseline -0.009 -4"><span class='ocrx_word' id='word_1_741' title='bbox 1158 3026 1255 3050; x_wconf 90' lang='lat' dir='ltr'>mum</span> <span class='ocrx_word' id='word_1_742' title='bbox 1271 3010 1352 3049; x_wconf 83' lang='lat' dir='ltr'>vitae</span> <span class='ocrx_word' id='word_1_743' title='bbox 1374 3007 1573 3046; x_wconf 89' lang='lat' dir='ltr'>institutum</span> <span class='ocrx_word' id='word_1_744' title='bbox 1605 3004 1779 3050; x_wconf 79' lang='lat' dir='ltr'>trahebat,</span> <span class='ocrx_word' id='word_1_745' title='bbox 1805 3003 1866 3040; x_wconf 88' lang='lat' dir='ltr'>sed</span> <span class='ocrx_word' id='word_1_746' title='bbox 1899 3004 2138 3054; x_wconf 81' lang='lat' dir='ltr'>permittebat,</span> 
     </span>
     <span class='ocr_line' id='line_1_98' title="bbox 1158 3063 2138 3124; baseline -0.008 -14"><span class='ocrx_word' id='word_1_747' title='bbox 1158 3082 1197 3110; x_wconf 87' lang='lat' dir='ltr'>ut</span> <span class='ocrx_word' id='word_1_748' title='bbox 1210 3070 1370 3124; x_wconf 87' lang='lat' dir='ltr'>pecuniis</span> <span class='ocrx_word' id='word_1_749' title='bbox 1392 3076 1588 3115; x_wconf 82' lang='lat' dir='ltr'>uterentur,</span> <span class='ocrx_word' id='word_1_750' title='bbox 1627 3064 1791 3116; x_wconf 84' lang='lat' dir='ltr'>pluribus</span> <span class='ocrx_word' id='word_1_751' title='bbox 1813 3063 1864 3100; x_wconf 91' lang='lat' dir='ltr'>uti</span> <span class='ocrx_word' id='word_1_752' title='bbox 1881 3064 2053 3101; x_wconf 75' lang='lat' dir='ltr'>uxoribus</span> <span class='ocrx_word' id='word_1_753' title='bbox 2068 3079 2138 3102; x_wconf 92' lang='lat' dir='ltr'>non</span> 
     </span>
     <span class='ocr_line' id='line_1_99' title="bbox 1159 3124 2142 3184; baseline -0.006 -14"><span class='ocrx_word' id='word_1_754' title='bbox 1159 3130 1382 3184; x_wconf 83' lang='lat' dir='ltr'>prohibebat,</span> <span class='ocrx_word' id='word_1_755' title='bbox 1398 3129 1450 3166; x_wconf 85' lang='lat' dir='ltr'>ira</span> <span class='ocrx_word' id='word_1_756' title='bbox 1465 3141 1544 3165; x_wconf 89' lang='lat' dir='ltr'>cum</span> <span class='ocrx_word' id='word_1_757' title='bbox 1563 3124 1700 3177; x_wconf 84' lang='lat' dir='ltr'>justitia</span> <span class='ocrx_word' id='word_1_758' title='bbox 1716 3124 1766 3161; x_wconf 88' lang='lat' dir='ltr'>uti</span> <span class='ocrx_word' id='word_1_759' title='bbox 1785 3124 1934 3172; x_wconf 86' lang='lat' dir='ltr'>sinebat,</span> <span class='ocrx_word' id='word_1_760' title='bbox 1949 3134 2054 3175; x_wconf 85' lang='lat' dir='ltr'>atque</span> <span class='ocrx_word' id='word_1_761' title='bbox 2068 3140 2142 3164; x_wconf 89' lang='lat' dir='ltr'>mo-</span> 
     </span>
     <span class='ocr_line' id='line_1_100' title="bbox 1160 3185 2142 3241; baseline -0.007 -10"><span class='ocrx_word' id='word_1_762' title='bbox 1160 3193 1282 3231; x_wconf 84' lang='lat' dir='ltr'>derata</span> <span class='ocrx_word' id='word_1_763' title='bbox 1306 3190 1487 3241; x_wconf 81' lang='lat' dir='ltr'>voluptate</span> <span class='ocrx_word' id='word_1_764' title='bbox 1502 3186 1596 3224; x_wconf 85' lang='lat' dir='ltr'>frui:</span> <span class='ocrx_word' id='word_1_765' title='bbox 1619 3194 1782 3236; x_wconf 82' lang='lat' dir='ltr'>tantaque</span> <span class='ocrx_word' id='word_1_766' title='bbox 1802 3194 1877 3222; x_wconf 83' lang='lat' dir='ltr'>erat</span> <span class='ocrx_word' id='word_1_767' title='bbox 1905 3185 2142 3236; x_wconf 84' lang='lat' dir='ltr'>indulgentia,</span> 
     </span>
    </p>
   </div>
   <div class='ocr_carea' id='block_1_13' title="bbox 1148 3291 2148 3389">
    <p class='ocr_par' dir='ltr' id='par_1_14' title="bbox 1148 3291 2148 3389">
     <span class='ocr_line' id='line_1_101' title="bbox 1188 3291 2148 3340; baseline 0.009 -18"><span class='ocrx_word' id='word_1_768' title='bbox 1188 3299 1204 3322; x_wconf 87' lang='lat' dir='ltr'><strong>h</strong></span> <span class='ocrx_word' id='word_1_769' title='bbox 1229 3299 1240 3339; x_wconf 87' lang='lat'>[</span> <span class='ocrx_word' id='word_1_770' title='bbox 1255 3297 1292 3328; x_wconf 85' lang='grc' dir='ltr'>Α,</span> <span class='ocrx_word' id='word_1_771' title='bbox 1307 3299 1478 3340; x_wconf 54' lang='grc' dir='ltr'>κεχρῆσθαι,</span> <span class='ocrx_word' id='word_1_772' title='bbox 1488 3299 1642 3335; x_wconf 84' lang='lat' dir='ltr'>perpetua</span> <span class='ocrx_word' id='word_1_773' title='bbox 1660 3291 1827 3333; x_wconf 85' lang='lat' dir='ltr'>utriusque</span> <span class='ocrx_word' id='word_1_774' title='bbox 1846 3295 2001 3334; x_wconf 82' lang='lat' dir='ltr'>temporis</span> <span class='ocrx_word' id='word_1_775' title='bbox 2016 3303 2148 3338; x_wconf 70' lang='lat' dir='ltr'>pennu*</span> 
     </span>
     <span class='ocr_line' id='line_1_102' title="bbox 1148 3344 1755 3389; baseline -0.012 -6"><span class='ocrx_word' id='word_1_776' title='bbox 1148 3351 1283 3383; x_wconf 83' lang='lat' dir='ltr'>tatione.</span> <span class='ocrx_word' id='word_1_777' title='bbox 1305 3347 1396 3379; x_wconf 87' lang='lat' dir='ltr'>Idem</span> <span class='ocrx_word' id='word_1_778' title='bbox 1415 3346 1563 3388; x_wconf 77' lang='lat' dir='ltr'>proxime</span> <span class='ocrx_word' id='word_1_779' title='bbox 1579 3344 1755 3389; x_wconf 56' lang='grc' dir='ltr'>διηγόρευε]</span> 
     </span>
    </p>
   </div>
  </div>
 </body>
</html>
