2502 3810
690 269 733 297 IN
770 268 911 298 EPIST.

71 346 130 384 καὶ
151 346 239 383 ἴδετε
270 347 323 384 ὅτι
350 347 500 420 χρηστὸς
520 350 538 385 ὃ
558 347 693 401 Κύριος.
724 347 933 398 Πειθώμεθα
961 348 1084 395 τοίνυν,

69 405 128 443 καὶ
148 407 367 456 ἐντρυφῶμεν
388 408 491 444 αὐτου
510 410 552 458 τῇ
569 406 700 458 ἀγάπῃ.
717 407 820 446 Οὕτω
848 408 913 459 γὰρ
933 410 1084 446 ἐντεύθεν

951 268 1010 297 ΑΙ)
1047 268 1154 297 ROM.

1100 438 1148 466 694

1194 267 1347 298 IIOMIL.
1387 268 1512 297 xxw.

2049 253 2132 316 761

1161 361 1312 397 quamur
1330 361 1427 413 ergo,
1443 357 1476 385 et
1490 346 1705 385 delectemur
1725 347 1761 385 in
1776 348 1852 399 ejus
1866 347 2064 386 dilectione.
2080 350 2140 388 Sic

1159 405 1253 442 enim
1282 405 1366 442 hinc
1390 406 1465 456 jam
1496 419 1644 455 legnum
1671 406 1837 443 caelmum
1870 406 2089 456 videbimus,
2107 416 2141 445 et

67 464 134 510 ἤδη
153 464 216 510 τὴν
239 465 417 515 βασιλείαν
439 466 611 517 ὀψόμεθα,
632 468 689 504 καὶ
708 468 888 519 ἀγγελικὸν
910 467 1085 516 ζησόμεθα
1112 476 1138 504 Α
1159 466 1232 502 vita
1255 465 1417 504 vivemus
1443 466 1618 516 angeliea3
1639 475 1743 516 atque
1768 466 1803 503 in
1824 476 1914 504 teria
1943 477 2137 517 ve1santes,

72 523 158 574 βίον,
178 540 236 561 και
252 527 286 562 ἐν
302 541 345 575 γῃ
369 526 602 578 διατρίὸοντες
614 555 624 572 ,
639 529 708 564 τῶν
727 527 784 564 τὸν
802 527 941 578 οὐρανον
959 525 1087 565 οἰκούν-

69 599 136 621 των
153 583 245 622 οὐδὲν
262 584 403 623 ἔλαττον
419 585 551 636 ἕξομεν,
566 586 625 624 καὶ
645 586 733 636 μετὰ
752 586 814 633 τὴν
829 590 981 625 ἐντεῦθεν
998 590 1086 625 ἀπο-

71 643 215 693 δημίαν,
237 643 376 682 πάντων
392 646 627 699 λαμπρότεροι
641 662 690 684 τω
710 646 843 697 βήματι
860 663 917 684 του
935 648 1087 699 Χριστου

70 703 388 754 παραστησόμεθα,
406 705 465 742 καὶ
478 709 540 751 τῆς
559 706 755 758 ἀποῤῥητου
777 705 874 752 δόξης
892 706 1088 744 ἀπολαύσο-

73 777 155 812 μεν·
176 767 216 808 ἧς
242 763 373 814 γένοιτο
390 764 524 807 πάντας
544 770 638 814 ἡμᾶς
671 772 869 817 μετασχεῖν,
891 766 1010 818 χάριτι
1030 765 1089 803 και

73 824 313 875 φιλανθρωπίᾳ
327 840 386 862 του
403 825 559 877 Κυρίου
543 828 642 875 ημῶν
655 825 770 870 Ἰησου
783 827 947 876 Χριστου,
964 828 1038 875 μεθ’
1051 829 1088 862 οὑ

71 886 121 934 τῷ
139 885 252 935 Πατρὶ
266 886 340 935 ἅμα
353 888 402 937 τῷ
422 885 509 938 ἁγίῳ
521 885 716 936 Πνεύματι,
736 885 827 930 δόξα,
844 886 979 938 κράτος,
990 884 1088 935 τιμὴ,

71 948 130 982 νῦν
152 944 210 981 καὶ
230 945 303 993 ἀεὶ,
323 945 382 982 καὶ
401 948 448 988 εἰς
473 945 550 988 τοὺς
576 947 702 988 αἰῶνας
717 948 784 983 τῶν
801 945 945 982 αἰώνων.
965 944 1086 994 Ἀμήν.

444 1181 624 1219 ΟΜΙΛΙΑ
653 1179 719 1217 κδ’.

74 1301 143 1340 Καὶ
166 1304 283 1351 τοῦτο,
300 1301 425 1344 εἰδότες
444 1301 500 1339 τὸν
531 1300 662 1352 καιρὸν,
678 1300 730 1338 ὅτι
757 1300 832 1352 ὥρα
850 1304 944 1351 ἡμᾶς
962 1300 1028 1347 ἤδη
1058 1300 1090 1343 ἐξ

426 1361 530 1399 ὕπνου
548 1363 739 1413 ἐγερθῆναι.

130 1482 275 1528 Ἐπειδὴ
295 1482 411 1520 πάντα
434 1483 523 1535 ἅπερ
551 1483 657 1534 ἐχρῆν
680 1481 855 1530 ἐπέταξεν,
876 1483 956 1520 ὠθεῖ
985 1482 1089 1519 πάλιν

71 1543 194 1587 αὐτοὺς
211 1546 258 1587 εἰς
276 1543 338 1590 τὴν
356 1545 424 1580 τῶν
443 1544 579 1594 ἀγαθῶν
595 1541 758 1594 ἐργασίαν
775 1542 916 1580 ἀπὸτοῦ
929 1542 1089 1580 κατεπεί-

70 1620 200 1655 γοντος.
218 1604 302 1642 Ἐπὶ
317 1603 432 1655 θύραις
449 1603 529 1654 γὰρ,
555 1603 671 1655 φησὶν,
689 1606 705 1640 ὁ
726 1606 788 1649 τῆς
803 1603 948 1656 κρίσεως
964 1603 1090 1648 ἕστηκε

71 1665 207 1716 καιρός·
227 1664 382 1716 καθάπερ
398 1664 456 1701 καὶ
474 1664 665 1715 Κορινθίοις
681 1664 838 1716 ἔγραφεν,
849 1662 901 1700 ὅτι
916 1663 959 1701 Ὁ
973 1662 1091 1716 καιρὸς

79 1725 350 1774 συνεσταλμένος
368 1724 407 1761 τὸ
424 1723 542 1762 λοιπόν
565 1726 640 1762 ἐστι
656 1740 663 1747 ·
683 1724 742 1762 καὶ
761 1723 938 1775 Ἑέραίοις
962 1723 997 1761 δὲ
1020 1723 1091 1761 ποί-

69 1788 139 1836 λιν,
162 1785 244 1824 Ἔτι
267 1786 388 1839 μικρὸν
412 1786 489 1824 ὅσον
512 1785 605 1833 ὅσον,
620 1788 638 1823 ὅ
660 1785 845 1837 ἐρχόμενος
864 1785 958 1833 ἥξει,
975 1785 1034 1823 καὶ
1052 1786 1089 1822 οὐ

70 1853 211 1900 χρονιεῖ.
242 1847 332 1884 Ἀλλ’
366 1848 437 1885 ἐκεῖ
470 1846 531 1897 μὲν
560 1846 638 1889 τοὺς
678 1845 906 1896 πονουμένους
930 1844 1093 1891 ἀνιστὰς,
1115 1848 1139 1879 C

68 1908 128 1945 καὶ
154 1907 232 1951 τοὺς
256 1909 404 1959 ἱδρῶτας
422 1910 490 1945 τῶν
519 1907 726 1954 ἐπαλλήλων
743 1909 947 1959 πειρασμῶν
980 1922 1092 1957 παρα-

71 1967 283 2018 μυθούμενος
300 1972 409 2006 ταῦτα
437 1969 455 1988 *
471 1968 599 2018 ἔλεγεν,
633 1970 778 2005 ἐνταῦθα
812 1966 848 2005 δὲ
875 1966 953 2010 τοὺς
971 1966 1092 2005 καθεύ-

70 2020 190 2070 δοντας
208 2028 382 2080 διεγείρων
398 2044 406 2052 ·
429 2028 488 2066 καὶ
512 2027 580 2079 γὰρ
608 2027 693 2079 πρὸς
720 2027 900 2080 ἀμφότερα
919 2028 1092 2078 χρήσιμος

70 2091 153 2137 ἡμῖν
175 2082 270 2131 οὗτος
289 2092 306 2126 ὁ
327 2089 440 2140 λόγος.
462 2088 509 2127 Τί
530 2089 567 2127 δέ
585 2089 692 2134 ἐστιν,
711 2087 732 2124 δ’
748 2103 863 2139 φησιν,
883 2087 982 2138 Ὥρα
997 2091 1091 2137 ἡμᾶς

68 2148 135 2195 ἤδη
152 2148 184 2191 ἐξ
203 2148 307 2187 ὕπνου
325 2151 524 2201 ἐγερθῆναι,
544 2148 745 2194 Τουτέστιν,
769 2147 867 2199 ἐγγὺς
887 2151 908 2194 ἡ
934 2147 1090 2185 ἀνάστα-

69 2225 122 2251 σις
136 2239 145 2255 ,
166 2208 264 2261 ἐγγὺς
283 2213 304 2255 ἡ
326 2209 438 2261 κρίσις
465 2212 485 2254 ἡ
507 2208 660 2260 φοέερὰ,
691 2208 790 2259 ἐγγὺς
815 2212 836 2254 ἡ
868 2207 982 2259 ἡμέρα
1002 2211 1022 2253 ἡ
1044 2210 1091 2251 ὡς

68 2269 230 2313 κλίὸανος
250 2269 418 2319 καιομένη
433 2285 441 2292 ·
461 2269 519 2306 καὶ
547 2270 598 2306 δεῖ
619 2269 739 2306 λοιπὸν
761 2271 854 2318 ἡμᾶς
884 2270 1089 2318 ἀπαλλαγῆ-

66 2345 124 2367 ναι
142 2333 204 2376 τῆς
226 2329 404 2383 ῥᾳθυμίας.
422 2331 493 2367 Νῦν
522 2328 589 2380 γὰρ
606 2328 786 2380 ἐγγύτερον
813 2331 913 2377 ἡμῶν
933 2331 954 2374 ἡ
976 2343 1088 2377 σωτη-

69 2389 143 2442 ρία,
160 2389 182 2436 ἢ
201 2390 258 2428 ὅτε
270 2389 534 2440 ἐπιστεύσαμεν.
552 2388 660 2441 <Οράῖς
675 2392 749 2432 πῶς
774 2390 952 2441 ἐφίστησιν
974 2390 1088 2432 αὐτοῖς

66 2450 132 2498 ἤδη
148 2450 210 2497 τὴν
227 2450 433 2498 ἀνάστασιν,
447 2452 519 2488 Τοῦ
533 2449 658 2501 χρόνου
674 2448 740 2501 γὰρ
756 2449 952 2502 προϊόντος,
969 2450 1086 2502 φησὶν,

66 2515 84 2550 ὃ
105 2511 166 2561 μὲν
187 2516 245 2550 τοῦ
267 2511 436 2563 παρόντος
459 2510 533 2562 βίου
558 2511 754 2549 δαπανᾶται
772 2511 911 2563 καιρὸς,
931 2515 949 2549 ὁ
970 2511 1007 2549 δὲ
1027 2515 1085 2550 τοῦ

68 2573 251 2624 μέλλοντος
283 2574 405 2614 αἰῶνος
425 2571 604 2623 ἐγγύτερος
628 2571 772 2620 γίνεται.
788 2571 849 2609 Ἂν
881 2572 942 2621 μὲν
970 2567 1026 2609 οὖν
1047 2566 1088 2622 ἧς

66 2632 410 2685 παρεσκευασμένος,
428 2631 487 2669 καὶ
500 2631 615 2669 πάντα
628 2630 828 2678 πεποιηκὼς
844 2634 907 2669 ὅσα
927 2631 1087 2679 ἐπέταξε,

64 2699 79 2715 ³
92 2693 264 2746 σωτηρίας
283 2692 415 2743 γίνεται
430 2695 451 2738 ἡ
473 2691 589 2742 ἡμέρα
601 2707 609 2714 ·
623 2690 663 2728 ἂν
684 2691 719 2728 δὲ
738 2690 947 2739 τούναντίον,
963 2691 1088 2730 οὐκέτι.

66 2754 156 2793 Ἀλλ’
173 2756 235 2792 οὐκ
254 2753 323 2790 ἀπὸ
348 2755 416 2790 τῶν
435 2754 615 2804 λυπηρῶν,
639 2752 716 2789 ἀλλ’
750 2751 817 2789 ἀπὸ
835 2754 902 2789 τῶν
922 2754 1086 2803 χρηστῶν

65 2815 253 2867 προτρέπει
266 2814 351 2857 τέως
365 2842 374 2860 ,
390 2812 449 2850 καὶ
467 2813 577 2863 ταύτῃ
598 2828 659 2858 της
676 2813 743 2849 τῶν
763 2812 942 2863 παρόντων
964 2811 1088 2856 αὐτους

65 2876 226 2915 ἀπολυων
249 2873 476 2926 συμπαθείας.
496 2867 606 2921 Εἶτα,
634 2872 752 2919 ἐπειδὴ
776 2873 864 2915 εἰκὸς
891 2877 933 2919 ἠν
963 2873 1086 2917 αὐτους

65 2937 100 2974 ἐν
118 2936 179 2987 μὲν
197 2937 288 2989 ἀρχῆ
305 2935 365 2973 καὶ
382 2932 577 2985 προοιμίοις
597 2933 881 2986 σπουδαιοτέρους
897 2938 1008 2978 εἶναι,
1025 2933 1085 2971 ἅτε

66 2997 278 3048 ἀκμάζοντος
298 2998 412 3039 αὐτοῖς
437 3011 494 3033 του
515 2993 640 3043 πόθου,
663 3010 722 3032 του
753 2993 878 3046 χρόνου
900 2993 934 3031 δε
963 2995 1085 3045 προελ-

72 3057 186 3102 θόντος
212 3059 523 3108 καταμαρανθῆναι
544 3055 608 3101 τὴν
635 3061 751 3093 πᾶσαν
786 3055 951 3103 σπουδὴν,
982 3056 1083 3107 φησὶν

1159 522 1252 560 nihil
1265 523 1381 561 minus
1399 524 1609 561 habebimus
1627 538 1736 574 quam
1752 524 1777 561 ii
1791 524 1851 574 qui
1873 524 1909 562 in
1927 525 2014 562 caelo
2032 525 2055 561 h
2060 526 2140 563 ahi-

1159 591 1255 629 tant,
1283 591 1316 619 et
1344 591 1529 633 postquam
1561 583 1644 620 hinc
1670 583 1954 633 migraverimus,
1976 584 2137 623 omnium

1159 640 1441 692 splendidissimi
1456 651 1535 679 ante
1548 642 1704 679 tribunal
1717 643 1849 680 Christi
1863 644 2039 694 sistemur,
2051 645 2141 683 ines<

1159 701 1330 751 fabilique
1346 701 1457 751 gloria
1477 703 1654 739 fruemur:
1669 717 1775 752 quam
1792 703 1927 741 utinam
1947 719 2066 742 omnes
2081 719 2138 742 as-

1160 776 1405 813 sequamui,g
1384 763 1496 800 “ratia
1511 772 1543 800 et
1561 763 1777 813 benignitate
1796 764 1940 801 Domlnl
1951 765 2066 803 'nost11
2088 768 2140 804 Je-

1162 837 1203 860 su
1224 823 1370 870 Christi,
1387 823 1538 882 guicum
1557 823 1667 869 Patu,
1678 837 1816 873 unaque
1834 824 1983 875 Spiritui
2005 834 2137 874 sancto,

1162 883 1286 933 gloiia,
1313 883 1516 934 imperium,
1539 883 1667 928 honor,
1694 896 1787 921 nunc
1814 893 1848 920 et
1872 898 2021 934 semper,
2044 895 2077 924 et
2103 885 2140 922 in

1162 943 1290 980 saecula
1309 943 1531 981 saeculorum.
1551 944 1675 980 Amen.

1468 1176 1679 1216 HOMILIA
1697 1176 1840 1218 XXIV.

1163 1297 1252 1336 cip.
1269 1297 1371 1337 XIII.
1391 1312 1426 1337 v.
1449 1301 1510 1336 11.
1531 1298 1583 1337 Et
1601 1300 1684 1348 hoc,
1699 1303 1859 1339 scientes
1876 1308 2035 1353 tempus,
2055 1305 2147 1353 quia.

1215 1360 1313 1396 hora
1333 1368 1388 1397 est
1397 1362 1485 1411 jam
1513 1373 1581 1398 nos
1598 1361 1646 1398 de
1665 1374 1797 1398 somno
1812 1374 1974 1413 surgere.

1216 1481 1231 1516 1
1244 1508 1250 1516 .
1267 1480 1457 1529 Postquam
1473 1481 1605 1527 omnia,
1618 1496 1695 1532 quae
1702 1495 1766 1533 par
1775 1490 1862 1531 erat,
1876 1482 2057 1534 praecepit,
2067 1483 2146 1521 illos

1162 1538 1207 1577 ad
1222 1539 1314 1577 bona
1329 1554 1432 1591 opera
1445 1542 1666 1592 exsequenda
1677 1543 1722 1579 ab
1736 1557 1775 1580 eo
1791 1542 1888 1593 quod
1904 1553 2006 1594 urget
2022 1544 2145 1596 impel-

1162 1598 1216 1636 lit.
1230 1600 1321 1636 Nam
1337 1599 1372 1637 in
1394 1600 1545 1649 foribus,
1565 1601 1693 1651 inquit,
1706 1601 1820 1639 adstat
1832 1602 1961 1654 judicii
1990 1613 2145 1655 tempus:

1164 1660 1465 1709 quemadmodum
1477 1661 1670 1699 Corinthiis
1692 1663 1880 1713 scribebat,
1897 1665 1930 1700 T
1928 1678 2057 1715 empus
2065 1678 2148 1716 [ατη
2165 1688 2191 1707 ι,
2211 1679 2312 1719 6οΓ7
2320 1700 2328 1709 ,

1163 1729 1406 1758 contractum
1421 1731 1498 1766 est‚·
1513 1722 1712 1760 etHebraeis
1728 1737 1894 1761 luisum:
1908 1724 2055 1762 Adlzzcc
2069 1740 2145 1763 mo-
2162 1729 2212 1757 29

2162 1761 2314 1788 Hb..er10

1163 1781 1291 1817 dicum
1303 1782 1607 1832 aliquantulum,
1611 1791 1646 1819 et
1658 1785 1726 1834 qui
1739 1792 1882 1821 ventur
1883 1798 1926 1822 us
1940 1794 1995 1822 est
2005 1789 2147 1834 veniet,
2161 1802 2213 1839 37

1164 1848 1199 1877 et
1217 1854 1294 1877 non
1313 1843 1498 1879 tardabit.
1519 1842 1591 1880 Sed
1610 1842 1684 1880 illic
1701 1842 1844 1893 quidem
1863 1844 2061 1883 laborantes
2079 1847 2148 1883 eli—

1164 1915 1259 1952 gens,
1273 1910 1306 1938 et
1323 1902 1514 1940 sudoribus
1527 1903 1765 1953 frequentium
1782 1906 2014 1943 tentationum
2029 1920 2149 1944 conso-

1166 1962 1331 1999 lationem
1360 1962 1533 2000 adhibens
1551 1963 1628 2000 haec
1643 1963 1805 2014 dicebat3
1828 1965 1887 2003 hie
1903 1980 1987 2004 vero
2013 1967 2148 2004 dormi-

1165 2031 1259 2059 entes
1284 2023 1465 2060 excitans:
1486 2037 1568 2060 nam
1587 2023 1633 2061 ad
1656 2033 1846 2075 utrumque
1866 2026 1963 2063 utilis
1979 2027 2080 2064 nobis
2098 2037 2150 2064 est

1165 2080 1223 2118 hie
1252 2096 1377 2119 sermo.
1409 2082 1508 2130 Quid
1543 2098 1626 2122 vero
1656 2084 1830 2135 significat
1863 2086 1999 2124 dictum
2029 2086 2123 2124 illud
2138 2118 2146 2135 ,

1165 2143 1276 2179 Hora
1305 2151 1361 2179 est
1373 2144 1460 2193 jam
1486 2157 1554 2180 nos
1575 2145 1622 2181 de
1653 2158 1786 2181 somno
1811 2151 1991 2197 surgere?
2010 2146 2054 2184 Id
2075 2157 2145 2197 est,

1163 2215 1272 2252 prope
1290 2211 1341 2239 est
1368 2203 1590 2251 resurrectio,
1607 2218 1718 2256 prope
1734 2214 1784 2242 est
1807 2207 2028 2244 tremendum
2043 2208 2148 2258 judi-

1163 2261 1384 2314 eium7prope
1398 2272 1447 2300 est
1461 2263 1609 2301 diesilla
1621 2274 1660 2302 ut
1680 2265 1841 2303 clibanus
1854 2278 2051 2317 aecensa3et
2061 2282 2149 2320 opus

1161 2322 1306 2360 demum
1322 2333 1392 2377 est,
1410 2333 1450 2361 ut
1469 2325 1514 2361 ab
1536 2325 1680 2376 ignavia
1706 2340 1769 2364 nos
1784 2327 2149 2379 expediamus.]Vzmc

1161 2387 1263 2420 enim
1283 2387 1440 2435 propior
1462 2393 1518 2423 est
1544 2395 1676 2423 nostra
1696 2388 1817 2434 salus,
1832 2402 1948 2440 quam
1965 2403 2050 2427 cum
2068 2405 2150 2428 cre—

1160 2445 1340 2482 didimus.
1352 2445 1483 2485 Viden’
1499 2447 1759 2499 quomodojam
1775 2448 1846 2486 illis
1859 2450 2149 2488 resurrectionem

1160 2505 1279 2543 adesse
1288 2505 1404 2543 dicat?
1415 2507 1591 2558 Tempore
1603 2507 1821 2559 procedente,
1831 2509 1957 2560 inquit,
1965 2512 2147 2562 praesentis

1163 2567 1244 2606 vitae
1263 2569 1420 2618 spatium
1440 2568 1653 2617 insumitur;
1673 2569 1786 2606 futuri
1807 2584 1891 2608 vero
1910 2572 2028 2609 saeeuli
2051 2581 2143 2609 tem-

1162 2640 1230 2678 pus
1243 2627 1389 2678 propius
1403 2627 1592 2665 accedit.Si
1606 2641 1688 2679 ergo
1704 2637 1847 2679 paratus
1859 2629 1920 2678 sis,
1933 2639 1967 2667 et
1982 2631 2011 2668 si
2025 2632 2143 2668 omnia

1163 2701 1242 2738 quae
1267 2688 1436 2740 praecepit
1464 2688 1611 2735 feceris,
1628 2688 1751 2726 salutis
1781 2689 1856 2726 dies
1875 2691 2029 2740 erit;sin
2056 2706 2142 2729 con-

1160 2755 1213 2784 tra
1228 2748 1350 2785 feceris
1362 2778 1372 2795 ,
1388 2761 1457 2785 non
1476 2747 1572 2785 item.
1585 2747 1656 2787 Sed
1678 2748 1821 2786 interim
1841 2763 1909 2788 non
1929 2765 1948 2788 a
1963 2751 2139 2799 tristibus,

1160 2809 1223 2847 sed
1241 2824 1259 2847 a
1275 2809 1443 2861 jucundis
1464 2810 1647 2858 hortatur,
1667 2811 1734 2848 hac
1754 2811 1887 2850 ratione
1910 2813 1989 2851 illos
2008 2828 2026 2851 a
2047 2828 2139 2865 prze—

1159 2870 1311 2908 sentium
1330 2884 1449 2908 rerum
1473 2871 1601 2908 affeetu
1626 2872 1758 2909 solutos
1783 2872 1947 2911 reddens.
1976 2874 2114 2912 Deinde
2129 2905 2137 2921 ,

1160 2931 1242 2982 quia
1255 2931 1446 2970 verisimile
1461 2941 1534 2970 erat
1544 2932 1623 2969 illos
1635 2931 1737 2969 initio
1750 2932 1978 2972 studiosiores
1990 2949 2073 2983 esse,
2085 2935 2137 2974 vi—

1158 3001 1259 3042 gente
1277 3005 1400 3043 nempe
1414 2992 1558 3029 illorum
1574 2991 1767 3042 desiderio,
1783 3001 1938 3045 tempore
1956 3009 2038 3033 vero
2052 3009 2135 3046 pro—

1157 3052 1314 3102 cedente,
1329 3053 1396 3090 hoc
1410 3051 1567 3090 studium
1584 3066 1686 3089 omne
1703 3053 1814 3090 minui
1838 3068 1878 3091 ac
1897 3069 1983 3106 pene
2008 3069 2138 3093 marce-

66 3118 118 3155 ὅτι
143 3117 338 3156 τούναντίον
374 3116 434 3167 μὲν
464 3110 522 3154 οὖν
552 3118 601 3155 δεῖ
636 3121 760 3163 ποιεῖν,
791 3116 868 3168 οὐχὶ
903 3115 1083 3154 ἐκλύεσθαι
1107 3115 1130 3147 Ε
1155 3127 1274 3152 scere:
1298 3113 1387 3151 dicit
1402 3113 1477 3164 jam
1500 3112 1716 3150 eontrarium
1738 3114 1850 3152 facere
1867 3124 2045 3166 oportere,
2067 3129 2137 3153 non

981 3175 1083 3228 “0qu

67 3177 244 3229 προϊόντος
268 3180 328 3215 τοῦ
347 3175 472 3228 χρόνου
485 3204 495 3223 ,
510 3176 600 3214 ἀλλὰ
625 3178 757 3226 μᾶλλον
777 3176 955 3226 ἀκμάζειν.

111 3303 130 3323 *
152 3301 164 3342 [
184 3305 276 3342 ἔλεγε.
294 3306 340 3333 νῦν
366 3302 521 3343 ἐγγύτερον
550 3303 635 3342 ἡμῶν
649 3304 666 3339 ἡ
684 3306 816 3345 σωτηρία
834 3305 851 3338 ἦ
871 3305 921 3334 ὅτε
937 3302 1073 3334 ἐπιστεύ-

72 3367 174 3394 σαμεν.
192 3357 208 3390 ἡ
226 3354 273 3390 νὺξ
288 3356 463 3396 προέκοψεν·
486 3355 612 3385 ἐνταῦθα
629 3354 660 3384 δέ
675 3358 737 3383 ete.
758 3352 793 3383 Α.
811 3359 842 3384 et
859 3362 963 3395 marg.
984 3351 1047 3383 Sav
1067 3352 1077 3392 ]

1155 3174 1364 3227 procedente
1378 3183 1536 3226 tempore
1549 3173 1710 3225 dissolvi,
1721 3173 1781 3212 sed
1794 3176 1912 3226 potius
1931 3176 2024 3217 vires
2040 3190 2137 3215 exse-

1182 3309 1193 3323 =¹
1219 3296 1332 3331 Codex
1349 3307 1431 3330 unus
1450 3301 1581 3341 σωτηρία
1600 3310 1641 3330 σοι
1659 3301 1781 3339 γίνεται.
