2502 3810
705 263 754 292 ικ
784 249 898 290 Aera
937 257 1274 289 APOSTOLORUM.

123 358 239 393 φησιν,
267 344 319 382 ὅτι
342 343 523 382 Μέλλοντα
551 345 764 395 ἀναιρεῖσθαι
784 343 850 380 ὑπὸ
870 344 937 379 τῶν
957 338 1132 379 Ἰουδαίων

124 403 314 454 ἐξειλόμην·
336 398 410 442 εἶτα
431 404 667 456 προστίθησιν,
689 404 741 441 ὅτι
767 403 836 442 Καὶ
855 401 1052 453 κατήγαγον
1070 402 1132 438 αὖ·

123 464 179 501 τὸν
199 465 283 516 πρὸς
300 464 436 508 αὐτούς·
452 465 510 503 καὶ
539 464 609 502 οὐδ’
630 463 737 506 οὕτως
763 459 858 515 εῧρόν
885 479 918 500 τι
946 460 1135 513 ἐγκαλέσαι

123 525 244 562 ἐκεῖνοι
262 541 268 548 ·
289 526 347 562 καὶ
374 525 447 563 δέον
474 525 561 579 ὑπὲρ
588 530 647 563 τοῦ
672 524 841 576 προτέρου
869 524 1136 570 καταπλαγῆναι

124 584 181 621 καὶ
194 590 488 638 καταισχυνθῆναι
501 617 511 634 ,
524 587 629 624 πάλιν
644 587 875 638 ἐπιχειροῦσιν
887 586 1031 629 ἀνελεῖν,
1047 582 1138 620 ὥστε

125 645 196 682 πα)
202 661 228 682 ιν
248 647 487 698 λαμπρότερον
507 645 663 697 γενέσθαι
692 645 749 683 τὸν
777 644 863 696 ὓπερ
889 645 992 682 αὐτοῦ
1020 642 1133 693 λόγον,

927 705 1006 742 Ἵνα
1035 705 1067 741 ἓν
1088 704 1137 754 τῷ

147 706 191 719 ’ἱ
240 707 308 721 ΙΝ]

128 708 196 743 lxm
214 723 247 743 τι
268 720 394 754 οηποτε
422 724 499 750 τους
522 706 732 758 κατηγόρους
758 705 908 755 πέμπει,

126 766 358 819 δικαστηρίω,
385 767 465 804 ἔνθα
494 772 603 804 ταυτα
632 765 874 818 ἀκριὸέστερον
901 763 1138 815 γυμνάζεται,

127 829 234 878 αΟῷος
249 827 402 878 γένηται.
421 827 568 877 Ἴδωμεν
595 826 706 864 τοίνυν
732 826 859 863 ἄνωθεν
888 824 932 861 τὰ
960 822 1137 875 εἰρημένα.

127 886 239 937 Ἰῧγὼ,
258 888 360 940 φησὶ,
386 887 580 940 Φαρισαῖός
600 889 683 936 εἰμι.
702 889 814 924 Τοῦτο
842 878 948 930 εἶπεν,
967 882 1057 920 ὥστε
1077 884 1137 920 αὖ·

124 947 200 989 τοὺς
230 948 500 986 ἐπισπάσασθαι.
531 942 618 984 Εἶτα
644 946 700 984 ἵνα
732 944 780 994 μὴ
817 943 896 995 δόξῃ
926 942 1139 989 κολακεύειν,

125 1007 266 1058 ἐπάγει·
286 1008 375 1058 Περὶ
405 1007 541 1050 ἐλπίδος
569 1006 628 1044 καὶ
659 1005 881 1046 ἀναστάσεως
907 1004 1035 1053 νεκρῶν
1071 1001 1138 1053 ἐγὼ

124 1067 298 1119 κρίνομαι.
321 1068 403 1105 Ἀπὸ
417 1071 478 1113 τῆς
495 1065 706 1117 κατηγορίας
723 1066 834 1102 αὐτῶν
855 1063 914 1101 καὶ
933 1066 994 1109 τ’ἧς
1014 1063 1136 1100 διαδο-

123 1129 186 1172 λῆς
204 1127 400 1174 συνίστησιν
419 1126 537 1164 ἑαυτόν
552 1142 558 1149 ·
582 1127 810 1164 Σαδδουκαῖοι
826 1124 887 1175 μὲν
917 1122 984 1175 γὰρ
1000 1123 1139 1174 λέγουσι

123 1188 171 1235 μὴ
204 1182 291 1224 εἶναι
319 1188 477 1239 ἄγγελον,
511 1187 600 1237 μήτε
629 1190 778 1236 πνεῦμα.
811 1185 921 1223 Οὐδὲν
951 1183 1137 1235 ἀσώματον

122 1247 216 1286 ἰ’σασι
238 1249 480 1293 Σαδδουκαῖοι,
501 1248 596 1299 τάχα
614 1247 690 1285 οὐδὲ
711 1247 768 1285 τὸν
787 1247 890 1291 Θεὸν,
906 1250 1032 1297 παχεῖς
1049 1261 1139 1289 τινες

121 1310 214 1353 ὄντες
230 1326 236 1332 ·
255 1309 329 1347 ὅθεν
352 1309 427 1348 οὐδὲ
445 1309 633 1348 ἀνάστασιν
651 1309 832 1360 βούλονται
848 1303 934 1345 ε’ῖναι
950 1307 1137 1344 πιστεύειν.

123 1370 191 1408 Καὶ
220 1371 445 1415 ἀναστάντες,
475 1371 582 1422 φησὶ,
606 1375 826 1422 γραμματεῖς
846 1372 904 1407 τοῦ
927 1368 1050 1422 μέρους
1069 1370 1137 1405 τῶν

122 1431 342 1483 Φαρισαίων,
364 1431 568 1482 διεμάχοντο
586 1431 744 1481 λέγοντες
760 1446 767 1453 ·
799 1429 894 1468 οὐδὲν
917 1429 1023 1467 κακὸν
1043 1429 1138 1480 εὑρί-

123 1507 250 1542 σκομεν
271 1493 305 1529 ἐν
322 1495 370 1543 τῷ
387 1491 557 1544 ἀνθρώπῳ
577 1491 698 1543 τούτῳ.

172 1727 285 1779 αΟρα·
304 1726 421 1765 ἀκούει
440 1727 499 1765 καὶ
522 1729 539 1764 ὅ
557 1726 741 1778 χιλίαρχος
755 1756 763 1772 ,
784 1726 837 1763 ὅτι
854 1725 954 1764 αὐτὸν
974 1725 1136 1772 ἀπήλλα-
1162 1727 1187 1755 Α

121 1788 177 1831 ξαν
199 1788 429 1838 ἐγκλημάτων
459 1789 490 1824 οἱ
516 1789 732 1840 Φαρισαῖοι,
755 1786 814 1824 καὶ
834 1786 1026 1839 ἐψηφίσατο
1047 1786 1135 1838 ὑπὲρ

119 1865 220 1888 αυτου
233 1877 242 1894 ,
269 1850 328 1887 καὶ
358 1849 446 1899 μετὰ
464 1851 529 1887 πλε
516 1849 620 1891 ίονος
639 1847 836 1900 παρρησίας
853 1849 1000 1900 ἁρπάζει
1020 1847 1133 1886 αὐτόν.

120 1911 188 1948 Και
218 1910 304 1948 αὐτὰ
320 1910 354 1947 δὲ
378 1910 544 1961 εἶρηαενα
564 1909 696 1947 flamm
717 1909 955 1961 φιλοσοφίας”
938 1925 1053 1960 εγεμε.
1079 1911 1135 1960 Τῆ

116 1971 152 2008 δε
175 1970 316 2022 ἐπιούσῃ
337 1987 420 2008 νυκτ
425 1988 433 2008 ι
452 1970 594 2013 επιστας
609 1971 700 2007 αὐτῶ
717 1973 733 2007 ὃ
752 1969 877 2021 Κύριος
895 1974 986 2007 εἰπε·
998 1970 1135 2021 θάρσει,

118 2033 292 2069 Hao)s·‘
275 2048 321 2074 ως
336 2048 403 2084 γαρ
423 2030 641 2084 διεμαρτύρω
665 2030 708 2068 τὰ
727 2046 806 2082 περι
829 2032 914 2081 ἐμοῦ
933 2031 979 2074 εἷς
1000 2030 1136 2082 Ἰερου-

118 2092 261 2141 σαλὴα,
290 2092 380 2130 οὕτω
413 2109 451 2130 σε
481 2093 530 2130 δεῖ
561 2109 620 2130 και
653 2094 700 2134 εἷς
724 2091 868 2142 Ῥώμην
901 2095 1134 2143 μαρτυρῆσαι.

115 2153 213 2204 υΟρα
245 2153 334 2200 πόση
361 2156 383 2199 ἡ
405 2154 547 2205 παράκλ
539 2168 645 2198 η·σις

117 2218 190 2251 εἶτα
207 2229 268 2251 ουκ
290 2213 432 2266 ἀφίησιν
456 2214 531 2252 ουδε
551 2229 589 2250 το
609 2213 734 2259 ἄδηλον
765 2228 826 2258 της
855 2212 1052 2262 ἀποδημίας
1073 2228 1137 2264 φο-

677 2167 814 2205 πρῶτον
848 2153 947 2190 αὐτον
984 2155 1135 2199 επαῑνέἷ,

116 2275 264 2321 Εηῡηναι
283 2291 345 2320 της
360 2274 416 2313 ἐπι
437 2274 601 2325 Ρώαην·
619 2276 665 2316 ὡς
682 2276 710 2311 εἷ
729 2273 862 2324 ἔλεγεν·
881 2274 942 2311 οὐκ
958 2272 1132 2324 ἀπελεύσῃ

116 2335 216 2385 μόνον
247 2337 367 2383 κάκεῖ,
399 2335 488 2374 ἀλλὰ
521 2335 580 2372 καὶ
614 2333 763 2386 τοσαύτῃ
794 2333 910 2385 χρήσῃ
941 2332 1133 2386 παρρησίᾳ.

114 2397 294 2433 Ἐντεῦθεν
315 2397 381 2447 οὐχ
402 2396 455 2433 ὅτι
476 2395 672 2441 σωθήσεται
695 2396 859 2441 ἐδηλοῦτο
872 2424 881 2441 ,
901 2395 977 2432 ἀλλ’
1000 2394 1053 2431 ὅτι
1075 2393 1135 2431 καὶ

115 2456 172 2494 ἐπὶ
191 2456 354 2507 μεγάλοις
379 2461 394 2476 ³
410 2456 625 2508 μαρτυρήσει
658 2455 837 2507 στεφάνοις
870 2457 904 2492 ἐν
924 2457 967 2506 τῇ
998 2454 1132 2505 μεγάλῃ

115 2514 227 2552 πόλει.
248 2514 315 2552 Διὰ
337 2515 420 2554 τίδὲ
439 2517 476 2552 οὖ
499 2515 580 2567 πρὶν
598 2514 619 2560 ἢ
639 2516 804 2565 ἐμπεσεῖν
826 2516 873 2557 εἷς
889 2513 946 2552 τὸν
966 2513 1135 2558 κίνδυνον,

116 2575 223 2627 ἐφάνη
249 2578 361 2628 αὐτῷ,
380 2576 466 2614 C'Ort
495 2576 548 2613 ἀεὶ
575 2579 609 2614 ἐν
634 2581 710 2619 ταῖς
736 2575 796 2613 θλίΥ
820 2592 871 2614 εσι
897 2576 1095 2627 παρακαλεῖ
1118 2578 1135 2613 ὃ

116 2635 204 2678 Θεὸς
224 2635 325 2684 (τότε
344 2636 411 2689 γὰρ
438 2636 674 2687 ποθεινότερος
693 2635 894 2688 φαίνεται),
915 2636 974 2673 καὶ
1002 2638 1036 2673 ἐν
1064 2642 1134 2679 τοῖς

115 2702 284 2746 κινδύνοις
306 2702 510 2754 ἐγγυμνάζει
539 2707 645 2754 ἡμᾶς.
674 2702 807 2746 Ἄλλως
835 2702 870 2741 δὲ
902 2702 980 2741 τότε
1011 2701 1073 2752 μὲν
1101 2718 1134 2740 εν

759 2773 779 2781 Ν
817 2768 845 2782 Nx
869 2768 884 2782 'l

115 2769 228 2807 ἀνέσει
244 2773 302 2818 ἠν,
323 2770 458 2821 ἀφεθεὶς
472 2773 541 2808 τῶν
559 2771 716 2821 δεσμῶν·
741 2786 797 2807 νυν
814 2782 849 2807 οε
867 2771 1007 2820 ευ.ελλεν
1034 2768 1136 2806 αὐτὸν

115 2836 334 2888 διαδεχεσθαι
369 2836 475 2875 δεινά.
513 2836 599 2876 “Ort
635 2836 933 2888 ἀνεθεματίσαμεν
972 2835 1137 2885 ἑαυτους,

115 2902 216 2953 φησὶ,
248 2902 295 2953 μὴ
325 2911 445 2955 φαγεῖν
478 2903 566 2955 μηδὲ
586 2911 689 2944 πιεῖν.
725 2905 861 2953 Βαὸαὶ,
887 2904 979 2951 πόση
1004 2904 1136 2955 μανία·

115 2966 253 3011 ἑαυτοὺς
294 2971 344 3020 τῷ
390 2971 582 3021 ἀναθέματι
630 2971 886 3010 ὓποὸάλλουσιν
927 2970 1133 3022 ἀλογίστως.

115 3033 238 3074 (Ὀπώς
255 3035 436 3087 καταγάγῃ
459 3037 573 3085 αὐτὸν,
601 3038 707 3089 φησὶ,
735 3039 819 3091 πρὸς
839 3040 947 3088 ὑμᾶς,
967 3041 1014 3081 ὡς
1049 3039 1092 3089 με’
1120 3062 1130 3067 -

115 3101 236 3141 ὶοντας
259 3101 503 3153 ἀκριὸέστερον
522 3103 763 3155 διαγινώσκειν
784 3105 827 3143 τα
848 3121 929 3156 περι
949 3109 1064 3144 αυτοῦ.
1085 3107 1134 3145 Τί

116 3168 152 3202 ’κε
146 3166 247 3215 ’γειςς
264 3168 340 3219 οὐχι
360 3168 513 3222 δεύτερον
534 3186 618 3222 προς
640 3173 729 3222 υμᾶς
752 3172 1036 3224 εδῃμῃγόρησεν,
1057 3173 1136 3224 οὖγὶ

115 3233 310 3313 (Ιῑαρισαῖον
339 3235 458 3273 ἑαυτον
489 3240 582 3284 εἷπε,
601 3239 633 3275 τί
662 3242 720 3275 οὐν
750 3255 788 3276 το
815 3239 992 3289 περιττόν;
1012 3239 1134 3282 Οὕτως

117 3315 173 3338 OJO
178 3301 210 3339 ὲν
236 3302 435 3351 ἰῆαῦιθυνῗῦ,
467 3320 502 3341 Ου
537 3305 765 3359 δῑκίζῦῖΐριλ,
797 3325 832 3346 Ου
865 3324 1004 3358 vop-'m
1028 3308 1134 3352 Οὕτως

161 3408 172 3419 ⁴
203 3398 238 3428 lu
259 3399 658 3444 niu>¹o7prvpfiszzrlrcsk

2088 233 2179 291 413

1208 336 1414 377 Vale.Vide
1430 345 1462 374 et
1474 335 1673 388 epistolam,
1693 331 1823 370 habere
1840 329 2100 369 exeusationem
2120 343 2183 380 pro

1206 398 1284 450 ipso
1307 398 1445 446 (Nihil
1461 397 1569 445 enim,
1592 394 1720 444 inquit,
1740 394 1870 430 inveni
1885 392 2042 442 dignum
2062 398 2184 427 morte

1208 461 1440 506 habentem);
1459 455 1716 494 accusationem
1732 462 1849 491 autem
1869 451 1988 504 potius
2003 460 2123 489 contra
2140 450 2185 487 il-

1208 519 1260 557 los
1270 549 1280 568 ,
1289 533 1395 569 quam
1406 526 1526 555 contra
1537 517 1652 553 hunc:
1667 514 1717 553 sic
1742 522 1891 551 mortem
1903 511 2127 564 appetebant.
2139 510 2187 548 Et

1209 579 1386 630 primum,
1405 578 1544 628 inquit,
1561 578 1657 614 fflox
1674 574 1982 627 interficiendum
1998 587 2022 610 a
2038 573 2186 610 Judaeis

1210 641 1332 690 eripui
1348 654 1358 674 .·
1379 637 1508 675 deinde
1535 636 1634 674 addit
1650 651 1657 671 ε
1673 636 1830 672 Deduxi
1844 647 1932 671 eum
1952 633 2005 670 ad
2022 633 2110 669 illos
2123 648 2138 676 ,·
2153 641 2188 669 et

1211 714 1320 750 neque
1352 699 1402 736 sic
1440 698 1492 734 illi
1523 695 1663 746 aliquid
1682 694 1920 732 accusandum
1950 693 2107 730 habuere
2125 708 2132 728 ε
2154 701 2188 729 et

1211 774 1292 798 cum
1315 758 1526 811 oportuisset
1542 758 1621 794 illos
1633 770 1675 793 ex
1692 755 1802 806 priori
1822 763 1947 791 conatu
1967 753 2135 790 deterreri
2155 761 2188 790 et

1313 256 1468 286 HOMIL.
1509 254 1631 284 XLIX.

1175 843 1180 852 ·
1210 820 1424 865 erubescere,
1437 830 1561 855 rursus
1576 815 1734 852 occidere
1747 823 1898 863 tentant,
1911 822 1950 850 ut
1966 813 2094 850 clarior
2111 827 2188 850 cau-

1209 894 1245 917 sa
1266 880 1362 917 illius
1386 877 1525 916 evadat.
1545 876 1592 913 Et
1611 890 1672 913 cur
1690 883 1909 912 accusatores
1925 874 2062 911 mittit?
2082 875 2132 911 Ut
2152 874 2188 910 in

1209 938 1402 986 tribunali,
1422 937 1481 974 ubi
1498 937 1571 973 haec
1584 934 1783 973 accuratius
1799 934 2114 979 examinabantur,
2136 934 2188 970 in-

1208 1013 1289 1036 sons
1305 998 1558 1035 declararetur.
1583 996 1653 1033 Sed
1681 995 1844 1045 superius
1862 993 1955 1030 dieta
1974 1002 2187 1044 repetamus.

1209 1061 1313 1110 Ego,
1339 1058 1474 1108 inquit,
1503 1058 1728 1094 Pharisaeus
1755 1068 1853 1092 sum.
1891 1053 1967 1090 Hoc
2004 1052 2120 1099 dixit,
2152 1061 2191 1090 ut

1208 1119 1288 1156 illos
1319 1118 1521 1156 attraheret.
1555 1115 1718 1165 Deinde,
1749 1129 1792 1152 ne
1815 1113 1997 1153 videretur
2026 1113 2189 1161 adulari,

1204 1178 1329 1218 subdit
1350 1180 1439 1216 :De
1473 1192 1537 1229 spe
1571 1186 1607 1214 et
1640 1178 1917 1214 resurrectione
1954 1183 2191 1212 mortuorum

1207 1254 1273 1292 ego
1288 1240 1455 1292 judicor.
1480 1239 1535 1276 Ab
1553 1237 1774 1275 accusatione
1805 1245 1838 1273 et
1857 1235 2034 1273 calumnia
2067 1248 2189 1271 eorum

1207 1315 1281 1338 sese
1300 1300 1543 1348 commcndat3
1565 1298 1752 1337 Sadducaei
1783 1311 1936 1346 namque
1971 1295 2095 1333 dicunt
2119 1309 2188 1332 non

1207 1375 1280 1399 esse
1311 1361 1500 1412 angelum,
1541 1373 1652 1410 neque
1686 1358 1865 1410 spiritum.
1898 1357 1997 1394 Nihil
2026 1357 2188 1408 incorpo-

1205 1437 1306 1460 reum
1329 1431 1524 1474 agnoscunt
1554 1420 1766 1470 Sadducaei,
1790 1420 1878 1456 forte
1906 1433 2019 1469 neque
2050 1420 2186 1461 Deum;

1209 1484 1297 1521 adeo
1329 1484 1435 1521 crassi
1467 1492 1566 1522 erant
1593 1498 1600 1518 :
1634 1481 1728 1519 unde
1755 1495 1866 1531 neque
1901 1479 2190 1517 resurrectionem

1207 1544 1349 1583 credere
1378 1545 1515 1583 volunt.
1543 1546 1596 1582 Et
1630 1551 1847 1595 surgentes,
1887 1541 2022 1592 inquit,
2059 1542 2193 1579 scriboe

1206 1619 1253 1642 ex
1275 1614 1386 1656 parte
1406 1606 1708 1650 Pharisoeorum,
1740 1604 1966 1654 pugnabant
1992 1602 2160 1638 (licentes
2180 1616 2190 1635 .-

2203 1356 2267 1372 rum

2204 1389 2266 1415 nio.

1149 1667 1321 1714 gfigNihil
1374 1666 1521 1703 malum
1564 1668 1780 1702 invenimus
1823 1666 1866 1700 in
1910 1665 2063 1700 homine
2102 1664 2188 1698 isto.

1260 1728 1296 1764 5.
1327 1725 1421 1764 Vide
1437 1741 1444 1762 :
1465 1725 1565 1763 audit
1586 1725 1770 1771 tribunus,
1787 1722 1882 1772 quod
1901 1721 2071 1759 Pharisaei
2088 1721 2190 1758 illum

1206 1802 1225 1826 a
1240 1787 1387 1825 crimine
1414 1786 1586 1834 liberent,
1607 1795 1640 1823 et
1668 1799 1732 1837 pro
1766 1784 1829 1821 illo
1849 1783 2056 1820 sententiam
2076 1782 2185 1827 tulit,

1206 1862 1246 1886 ac
1265 1862 1344 1886 cum
1365 1848 1497 1900 majore
1518 1846 1648 1884 fiducia
1669 1843 1814 1896 abripit.
1835 1843 1889 1881 Ea
1907 1856 2012 1890 vero,
2034 1857 2112 1892 quae
2134 1842 2191 1879 di-

1208 1919 1263 1947 cta
1283 1917 1365 1946 sunt
1398 1923 1417 1946 a
1448 1908 1571 1956 Paulo,
1589 1905 1825 1959 philosophiae
1857 1905 1961 1956 plena
1991 1913 2100 1941 erant.
2125 1904 2191 1941 Se-

1211 1972 1345 2022 quenti
1366 1983 1459 2006 vero
1477 1976 1586 2006 nocte
1604 1968 1766 2004 adstans
1780 1966 1841 2002 illi
1857 1967 2050 2002 Dominus
2062 1966 2159 2002 dixit
2176 1980 2187 2000 .-

1207 2033 1317 2067 Bono
1333 2032 1467 2067 animo
1487 2037 1587 2074 esto,
1607 2027 1733 2065 Paule
1747 2044 1758 2064 .-
1780 2035 1821 2064 ut
1841 2028 1942 2062 enim
1963 2025 2190 2077 testificatus

1206 2108 1245 2132 es
1265 2095 1360 2131 mihi
1379 2096 1420 2130 in
1441 2091 1682 2136 Jerusalem,
1706 2092 1762 2127 ita
1790 2097 1934 2140 oportet
1958 2096 1994 2124 te
2009 2096 2043 2124 et
2061 2089 2192 2125 Roma?

1207 2158 1294 2193 testi
1311 2156 1418 2191 wari.
1441 2152 1537 2192 Vide
1556 2160 1685 2202 quanta
1718 2149 1933 2188 consolatio:
1959 2149 2074 2200 primo
2112 2149 2191 2185 lau-

1205 2215 1266 2253 dat
1296 2215 1423 2262 illum3
1454 2212 1584 2250 deinde
1617 2225 1685 2248 non
1715 2210 1799 2247 sinit
1826 2223 1905 2247 eum
1926 2209 2103 2246 occultam
2122 2209 2191 2246 sibi

1207 2275 1325 2313 adhuc
1346 2275 1498 2311 Romam
1518 2271 1774 2324 profectionem
1792 2269 1982 2307 formidare
1999 2284 2006 2305 :
2026 2283 2066 2306 ac
2086 2269 2115 2306 si
2136 2269 2191 2306 di-

1172 2352 1175 2353 ’
1207 2345 1298 2374 ceret
1316 2352 1323 2372 :
1345 2336 1423 2373 Non
1443 2333 1550 2372 modo
1568 2333 1655 2370 illuc
1671 2331 1740 2369 ibis
1755 2361 1765 2380 ,
1789 2330 1852 2368 sed
1873 2330 1978 2367 etiam
1996 2339 2090 2367 tanta
2110 2339 2190 2367 ute—

1207 2398 1256 2435 ris
1275 2396 1442 2448 loquendi
1465 2394 1609 2433 fiducia.
1629 2393 1721 2430 Hinc
1736 2406 1820 2430 vero
1836 2406 1903 2429 non
1922 2391 2123 2428 declaratur
2141 2391 2171 2428 ei
2180 2421 2190 2439 ,

1206 2458 1303 2509 quod
1323 2457 1448 2496 salvus
1463 2457 1605 2494 futurus
1624 2454 1690 2500 sit,
1712 2453 1772 2491 sed
1789 2452 1887 2503 quod
1906 2452 1941 2489 in
1958 2466 2084 2503 magna
2103 2452 2191 2489 urbe

1205 2533 1269 2571 pro
1288 2532 1417 2569 magna
1439 2531 1562 2555 corona
1597 2515 1851 2553 testificaturus
1873 2513 1932 2551 sit.
1965 2515 2037 2551 Cur
2073 2523 2190 2550 autem

1206 2594 1274 2618 non
1286 2610 1296 2629 ‚
1315 2579 1528 2631 priusquam
1544 2575 1712 2614 incideret
1731 2575 1767 2611 in
1787 2574 1986 2626 periculum
1999 2603 2008 2621 ,
2025 2574 2191 2625 apparuit

1206 2641 1261 2678 illi
1276 2641 1292 2678 ἶ)
1310 2640 1404 2687 Quia
1426 2641 1522 2677 Deus
1541 2651 1678 2690 semper
1698 2636 1734 2673 in
1756 2635 2048 2673 tribulationibus
2067 2649 2188 2672 conso-

1206 2709 1300 2746 latur
1319 2711 1425 2756 (tunc
1450 2705 1545 2743 enim
1578 2701 1850 2742 desiderabilior
1870 2706 2058 2753 apparet),
2086 2711 2120 2739 et
2153 2701 2190 2738 in

1207 2772 1377 2826 perieulis
1411 2785 1473 2809 nos
1502 2778 1650 2808 exercet.
1684 2767 1857 2817 Alioquin
1893 2776 2009 2804 autem
2040 2776 2123 2804 tunc
2153 2767 2190 2804 in

1207 2840 1324 2891 quiete
1355 2847 1429 2876 erat
1452 2837 1544 2875 liber
1571 2850 1591 2874 a
1623 2834 1804 2874 vinculis:
1825 2847 1919 2871 nunc
1942 2842 2060 2870 autem
2087 2833 2190 2871 illum

1208 2906 1330 2959 gravia
1360 2913 1551 2957 exceptura
1583 2911 1694 2940 erant.
1724 2903 1823 2952 Quia
1846 2900 2069 2938 devovimus
2091 2914 2186 2946 nos,

1208 2974 1393 3026 inquiunt,
1412 2987 1488 3010 non
1512 2972 1748 3009 manducare
1765 2983 1885 3021 neque
1903 2970 2039 3006 bibere.
2058 2969 2164 3020 Papae
2178 2998 2187 3015 ‚

1176 3049 1183 3076 ’.
1208 3050 1338 3093 quanta
1356 3039 1491 3079 insania
1509 3038 1517 3078 ἶ
1541 3040 1624 3077 Sese
1639 3035 1852 3074 anathemati
1880 3035 1954 3073 sine
1973 3035 2107 3072 ratione
2127 3035 2190 3072 ob-

1210 3108 1335 3146 noxios
1352 3106 1519 3145 reddunt.
1541 3107 1589 3143 Ut
1602 3104 1785 3151 deducat,
1803 3101 1991 3152 inquiunt,
2010 3101 2121 3138 illum
2139 3101 2192 3137 ad

1206 3190 1300 3223 vos,
1335 3183 1376 3212 ut
1408 3174 1627 3211 accuratius
1663 3173 1880 3221 cognituros
1912 3182 2071 3206 causam
2096 3169 2188 3219 eju&

1207 3241 1305 3288 Quid
1322 3239 1442 3278 dicis?
1461 3251 1575 3276 annon
1597 3236 1650 3274 bis
1669 3235 1771 3273 vobis
1791 3234 2017 3273 concionatus
2033 3233 2112 3271 est?
2127 3247 2190 3269 an-

1207 3323 1273 3346 non
1314 3306 1531 3344 Pharisoeum
1554 3318 1589 3341 se
1622 3302 1748 3340 dixit?
1783 3316 1845 3339 cur
1884 3300 1980 3340 aliud
2015 3300 2191 3352 superflue

2222 1305 2392 1333 Sadducaeo—

2324 1358 2391 1384 01¹1-
