2466 3805
456 234 615 286 ΤΟΥ
663 234 762 284 ΕΝ
808 231 1077 283 ΑΓΙΟΙΣ
1121 229 1434 280 ΠΑΤΡΟΣ
1479 227 1701 279 ΗΜΩΝ

583 388 1592 548 ΙΩΑΝΝΟΥ

216 676 525 779 ΤΟΥ
707 666 1970 773 ΧΡΥΣΟΣΤΟΜΟΥ

706 872 771 907 ΤΑ
801 866 1213 907 ΕΥΡΙΣΚΟΜΕΝΑ
1242 866 1450 904 ΠΑΝΤΑ.

665 1097 926 1146 SANCTl
969 1096 1212 1144 PATRIS
1256 1095 1515 1144 NOSTRI

345 1234 848 1319 JOANNIS
964 1205 1844 1317 CHRYsoSToMI‘

778 1414 1044 1473 OPERA
1079 1415 1371 1473 OMNIA.

146 1660 248 1698 ΤΟΥ
281 1660 346 1699 ΕΝ
381 1661 550 1700 ΑΓΙΟΙΣ
589 1660 797 1699 ΠΑΤΡΟΣ
827 1659 974 1698 ΗΜΩΝ

283 1781 854 1879 ΙΩΑΝΝΟΥ,

196 1932 228 1970 Ἀ
237 1933 487 1983 ρχιεπισκόπου
522 1930 919 1972 Κωνσταντινουπόλεως
929 1958 938 1973 ,

342 2050 424 2074 ΤΟΥ
448 2048 787 2078 ΧΡΥΣΟΣΤΟἎῙΟΥ,

120 2155 323 2204 Υπόμνημα
351 2155 397 2196 εἷς
415 2152 474 2195 τὰς
496 2152 644 2205 Πράξεις
664 2152 683 2171 “’
692 2153 761 2189 τῶν
781 2150 1012 2189 Ἀποστόλων.

77 2286 104 2294 o-

431 2394 613 2432 ΟΜΙΛΙΑ
650 2390 695 2432 α’.

44 2516 116 2555 Τὸν
144 2515 204 2566 μὲν
233 2518 368 2568 πρῶτον
380 2514 483 2566 λόγον
504 2514 724 2565 ἐποιησάμην
756 2514 836 2566 περὶ
857 2513 1016 2561 πάντων,
1038 2506 1067 2551 ‹3⁴›

94 2575 227 2614 oe‘i
293 2569 428 2602 tw
512 2575 664 2614 5³1*
782 2581 795 2587 ·
943 2574 1053 2612 *ev

131 2591 204 2628 ..OQPI
230 2591 263 2622 Ξ,
288 2591 335 2613 ων
366 2590 494 2627 ηρῖατο
579 2591 682 2623 neon<
702 2590 813 2613 ποιεῖν
831 2590 868 2612 τε
896 2590 956 2613 καὶ
999 2583 1069 2613 {Od-

96 2651 202 2684 σχειν,
223 2637 306 2689 ἄχρι
324 2630 366 2682 ἧς
392 2635 526 2687 ἡμέρας
552 2636 791 2686 ἐντειλάμενος
819 2641 890 2678 τοῖς
921 2634 1067 2674 ἀποστό-

92 2698 164 2740 λοις
201 2697 258 2734 διὰ
290 2695 495 2747 Πνεύματος
529 2696 648 2749 ἁγίου,
681 2695 737 2740 οὓς
760 2696 957 2744 ἐξελέξατο,
991 2696 1067 2733 ἀνε-

96 2757 224 2810 λήφθη.

95 2869 243 2911 Πολλοῖς
269 2869 362 2906 τουτὶ
391 2869 431 2907 τὸ
472 2868 604 2920 βιῧλίον
627 2870 721 2907 3οὐδ’
750 2869 802 2906 ὅτι
822 2868 872 2906 ἔνι
892 2866 1066 2920 γνώριμόν

44 2930 147 2974 ἐστιν,
167 2929 244 2968 οὔτε
264 2931 366 2975 αὐτὸ,
388 2929 464 2968 οὔτε
480 2932 496 2968 ὅ
515 2929 650 2983 γράψας
670 2930 752 2968 αὐτὸ
766 2930 822 2968 καὶ
841 2929 984 2973 συνθείς.
1005 2930 1068 2967 Διὸ

89 3047 166 3078 naec
186 3046 432 3080 Commentaria
449 3047 570 3080 collata
591 3056 669 3080 sunt
695 3059 770 3080 cum
788 3047 918 3080 duobus
940 3046 1049 3080 Codd.

43 3096 254 3138 colbertinis,
264 3111 328 3132 uno
344 3098 547 3132 Coisliniano
565 3107 598 3132 et
614 3099 704 3132 Edit.
723 3099 824 3132 Savil.
839 3100 927 3130 Nota
944 3107 1055 3130 autem

46 3148 78 3180 in
96 3148 146 3181 his
174 3149 355 3182 Codicibus
373 3150 516 3194 singulas
541 3150 713 3187 homilias,
733 3155 850 3193 ὁμιλίας
873 3149 1030 3192 appellari
1045 3177 1052 3190 ‚

47 3210 129 3242 quas
145 3206 245 3244 λόγους
262 3210 360 3234 vocat
376 3202 527 3236 Savilius.
547 3204 725 3246 [Quinque
738 3202 916 3246 Catalogus
933 3202 1055 3235 Biblio-

45 3252 148 3286 thecae
169 3254 278 3297 Regiae
305 3254 430 3296 praebet
456 3254 609 3295 Codices,
623 3256 889 3288 Commentarios
915 3255 948 3288 in
973 3257 1056 3287 Acta

46 3305 158 3344 Apost.
171 3308 389 3342 continentes,
408 3318 522 3340 omnes
533 3307 814 3340 membranaceos.
831 3308 982 3348 Quorum
994 3319 1053 3339 an-

48 3355 265 3398 tiquissimus,
279 3358 357 3390 olim
373 3358 484 3399 colb„
503 3370 591 3397 nunc
607 3360 687 3403 Reg.
707 3361 784 3401 729,
803 3371 877 3392 saec.
890 3360 932 3400 X,
948 3359 1052 3391 nitide

46 3414 78 3438 et
102 3415 254 3439 accurate
280 3411 432 3451 scriptus,
445 3409 567 3442 desinit
589 3411 623 3443 in
649 3410 740 3442 hom,
766 3412 1049 3454 quinquagesima,

1293 1657 1497 1697 SANCTI
1533 1657 1729 1696 PATRIS
1767 1656 1975 1696 NOSTRI

1366 1770 1903 1862 JOANNIS

1450 1923 1818 1971 CHRYSOSTOMI‚

1161 2039 1516 2065 ARCHIEPISCOPI
1547 2039 2108 2073 CONSTANTINOPOLITAN19

1227 2149 1537 2186 Commentarius
1563 2150 1605 2185 in
1623 2147 1732 2186 Acta
1754 2147 2047 2200 Apostolorum.

1092 2392 1119 2422 A
1504 2388 1716 2427 HOMILLt
1745 2389 1775 2426 Ι.

1142 2511 1233 2549 CAP.
1265 2512 1293 2549 Ι.
1326 2512 1359 2547 1.
1389 2511 1564 2548 Primum
1607 2513 1763 2563 quidem
1802 2525 2015 2550 sermonem
2044 2512 2134 2564 feci

1193 2572 1241 2609 de
1267 2572 1456 2617 omnibus,
1481 2585 1502 2608 o
1527 2572 1749 2624 Theophile‚
1774 2586 1859 2625 quoe
1879 2575 1990 2624 coepit
2017 2574 2131 2610 Jeszts

1180 2635 1323 2686 facere
1355 2641 1389 2670 et
1424 2634 1558 2671 docere
1576 2663 1588 2680 ,
1619 2637 1657 2672 2.
1684 2647 1806 2686 usque
1837 2637 1879 2671 in
1909 2635 2022 2683 diem,
2053 2647 2131 2685 qua

1189 2696 1417 2745 praecipiens
1432 2694 1619 2745 apostolis
1639 2708 1709 2746 per
1725 2695 1912 2746 Spiritum
1933 2703 2126 2739 sanctum,

1194 2768 1288 2805 quos
1311 2755 1439 2806 elegit,
1460 2763 1654 2793 assumtus
1673 2764 1743 2793 est.

1196 2871 1210 2906 1
1226 2900 1231 2906 .
1250 2868 1357 2906 Multi
1375 2868 1523 2920 perinde
1534 2868 1699 2919 ignorant
1714 2882 1758 2905 an
1774 2867 1833 2905 hic
1846 2867 1938 2905 liber
1957 2874 2084 2916 exstet,
2098 2875 2131 2903 et

1142 2928 1223 2979 quis
1241 2928 1287 2965 sit
1308 2928 1383 2980 ejus
1402 2937 1526 2966 auctor
1547 2943 1554 2964 :
1575 2942 1653 2979 quae
1672 2927 1763 2965 mihi
1782 2927 2006 2979 potissimum
2026 2940 2131 2963 causa

1119 3048 1278 3079 Continet
1295 3048 1320 3078 is
1335 3058 1407 3078 eam
1423 3045 1540 3078 harum
1556 3046 1768 3079 homiliarum
1784 3045 2020 3085 recensionem,
2031 3057 2131 3088 quam

1120 3101 1278 3133 Erasmus
1294 3101 1412 3132 Latine
1428 3100 1589 3141 expressit
1610 3099 1787 3142 eleganter,
1807 3106 1842 3130 ut
1858 3097 1954 3140 solet,
1979 3105 2012 3129 et
2027 3109 2131 3140 prope

1121 3163 1272 3193 premens
1300 3150 1399 3183 verba
1426 3152 1552 3184 Graeca.
1577 3151 1788 3190 Ceterorum,
1806 3148 1952 3191 ejusdem
1980 3150 2130 3180 omnium

1121 3203 1265 3244 familice,
1274 3202 1439 3235 secundus
1454 3211 1487 3234 et
1497 3202 1612 3234 tertius
1620 3203 1722 3245 Regg.
1733 3202 1889 3241 725‚726,
1902 3201 1981 3233 olim
1993 3200 2131 3233 Colber-

1123 3256 1194 3295 tini,
1211 3254 1293 3286 alter
1308 3266 1381 3286 saec.
1401 3255 1481 3292 XII,
1500 3255 1587 3285 alter
1603 3253 1695 3294 XIV,
1711 3261 1826 3285 carent
1843 3252 1970 3295 aliquot
1986 3251 2072 3284 soliis
2089 3249 2131 3282 ab

1119 3308 1233 3347 initio,
1252 3314 1285 3339 et
1301 3307 1466 3349 posterior
1482 3305 1545 3337 line
1569 3306 1691 3336 ultimae
1705 3304 1865 3337 homiliae.
1885 3306 2032 3345 Quartus
2049 3305 2129 3347 Reg.

1118 3361 1282 3401 727‚saec.
1299 3367 1336 3391 ut
1358 3358 1490 3391 videtur
1505 3358 1607 3399 XIII,
1628 3357 1707 3389 olim
1732 3357 1876 3398 Thuani,
1895 3369 1913 3389 a
1942 3368 2008 3399 quo
2034 3368 2131 3388 acce-

1119 3420 1212 3454 ptum
1239 3410 1381 3443 contulit
1416 3411 1545 3452 primus
1573 3409 1722 3442 Saxvilius.
1751 3411 1819 3443 Hos
1849 3411 1860 3452 (
1874 3417 1907 3441 ut
1940 3408 2133 3441 omittamus
