2466 3805
64 755 73 772 1
116 747 192 774 Tim.
212 745 240 785 1.

62 787 106 814 13.

80 1366 158 1403 Quid
173 1370 239 1392 sunt

53 1408 218 1444 Evangelia.

51 1681 241 1721 insarc.9.43.

55 1724 167 1753 Jlattlz.
188 1722 237 1762 24.

53 1766 104 1794 51.

271 240 354 283 170
461 266 464 268 ,
686 238 725 267 S.

263 327 436 372 oporteret
454 327 490 357 te
513 318 559 356 ad
585 317 692 355 aliam
717 315 954 353 defensionem
978 314 1186 362 confugere,
1205 319 1239 349 et

262 393 331 416 non
350 378 396 416 ad
411 378 667 416 accusationem
686 384 785 412 tuam
802 373 932 410 venire.
953 373 1022 410 Dic
1039 373 1150 420 mihi,
1169 384 1237 407 an-

261 453 329 477 non
348 440 514 477 admones
529 438 645 475 filium
658 435 784 473 tuum?
804 435 842 472 Si
855 434 985 472 diceret
999 434 1072 481 ille,
1092 435 1239 485 Semper

259 499 398 547 eadem3
424 511 539 535 annon
562 505 703 548 putares
729 494 977 532 contumeliam
1005 494 1106 532 esse?
1133 494 1237 530 Tunc

257 575 323 612 par
350 568 437 597 esset
456 572 524 595 non
547 556 669 594 eadem
693 555 827 604 dicere,
849 555 878 592 si
903 555 966 592 illa
995 555 1185 603 sciremus,
1204 562 1238 591 et

256 620 421 671 operibus
450 618 713 665 exhiberemus3
733 616 804 654 imo
819 630 932 667 neque
954 624 1039 653 tunc
1059 614 1238 667 superflua

255 680 356 716 lectio
382 687 481 716 esset.
510 677 609 724 Quid
637 691 702 729 par
734 676 951 714 Timotheo?
983 677 1147 714 Attamen
1183 674 1239 711 illi

255 740 410 777 scribens
438 739 570 778 Paulus
606 738 746 776 dicebat
773 753 781 774 :
812 738 987 776 Attende
1016 738 1171 775 lectioni
1201 743 1237 773 et

254 803 526 838 exhortationi.
543 800 664 850 Neque
682 799 776 837 enim
795 807 909 850 potest
925 811 1096 848 umquam
1117 810 1237 834 sensus

254 863 520 914 Scripturarum
536 860 720 900 exhauriri
740 876 748 897 :
768 861 844 898 fons
866 869 917 898 est
937 860 1143 897 immensus.
1171 858 1238 895 Di·-

254 939 330 963 cere
349 925 473 973 solent,
488 923 599 972 Novi,
617 923 801 975 inquiunt,
823 931 855 960 et
875 931 951 959 tum
975 921 1064 958 mihi
1084 919 1236 957 effluxit.

253 986 375 1024 Vultis
414 986 612 1033 ostendam,
641 984 717 1024 haec
750 997 819 1021 non
849 998 921 1021 esse
952 981 1102 1020 eadem?
1141 981 1237 1027 Quot

254 1047 386 1099 putatis
400 1061 445 1084 ex
457 1044 666 1095 Evangeliis
684 1044 851 1094 loquutos
866 1043 963 1081 esse‘.3
979 1042 1049 1080 Sed
1063 1042 1101 1078 hi
1116 1055 1236 1079 omnes

253 1122 343 1146 nova
367 1106 531 1158 quaedam
553 1105 735 1142 dixerunt.
758 1104 899 1150 Quanto
932 1103 1026 1141 enim
1059 1102 1172 1152 magis
1198 1102 1235 1139 in

251 1169 324 1205 illis
342 1176 523 1215 versatur,
542 1175 638 1203 tanto
657 1165 793 1202 acutius
809 1164 928 1212 videt,
942 1172 1040 1201 tanto
1053 1163 1235 1215 puriorem

252 1229 379 1281 aspicit
397 1228 524 1265 lucem.
546 1226 638 1264 Ecce
651 1234 783 1276 quanta
801 1224 999 1271 dico.Quid
1012 1234 1062 1262 est
1072 1224 1232 1276 prophe-

251 1290 323 1328 tia?
354 1289 462 1326 dicite
482 1304 488 1324 ε
509 1286 596 1338 quid
622 1285 889 1324 enarrationes?
924 1285 1012 1336 quid
1041 1284 1234 1337 parabola?

252 1351 339 1402 quid
364 1349 558 1400 allegoria?
586 1347 676 1399 quid
708 1348 844 1400 typus?
875 1347 964 1398 quid
996 1347 1232 1399 symbolum?

250 1411 338 1462 quid
367 1409 576 1461 evangelia?
604 1409 680 1446 Hoc
708 1421 792 1446 vero
818 1416 958 1445 tantum
982 1407 1075 1444 mihi
1103 1406 1230 1456 dicite,

252 1472 346 1523 quod
363 1473 498 1510 clarum
513 1479 580 1519 est,
598 1484 660 1507 cur
672 1468 868 1519 Evangelia
883 1468 978 1506 dicta
995 1468 1103 1506 sunt?
1125 1468 1234 1519 Atqui

251 1547 341 1585 saepe
359 1531 524 1579 audistis,
542 1529 636 1582 quod
657 1528 840 1580 evangelia
867 1528 959 1566 nihil
987 1538 1152 1567 moestum
1170 1529 1233 1567 ha-

252 1595 336 1632 bere
355 1594 503 1632 debeant
520 1608 527 1628 ε
542 1592 620 1629 haec
648 1604 732 1629 vero
758 1590 871 1628 multa
897 1590 1098 1627 austeritate
1130 1590 1234 1642 plena

255 1657 480 1706 sunt:Ignis
505 1653 661 1690 illorum
693 1665 771 1688 non
794 1653 1071 1702 exstinguetur,
1103 1651 1233 1701 inquit,

254 1725 290 1753 et
318 1718 461 1754 vermis
484 1728 614 1752 eorum
633 1726 710 1750 non
730 1715 928 1755 morimun-
949 1711 1125 1762 illudque,
1143 1713 1235 1749 Dis-

252 1778 397 1814 secabit
414 1788 512 1819 eum,
538 1782 574 1811 et
590 1781 706 1824 ponet
724 1774 938 1823 portionem
960 1774 1040 1823 ejus
1060 1785 1148 1809 cum
1164 1773 1236 1819 hy-

56 1847 131 1875 Jma.
153 1845 237 1880 7-23·
250 1839 424 1888 poeritis;
445 1844 477 1872 et
491 1834 596 1881 illud,
615 1834 731 1870 Dicet
748 1847 759 1868 .·
780 1833 920 1870 ZVeseio
942 1845 1027 1877 vos,
1052 1832 1235 1870 discedite

56 2271 129 2297 Luc.
139 2267 240 2306 ¹4²6·

57 2310 169 2338 Matllz.
196 2318 242 2339 Ic.

59 2351 244 2388 34.L11c.12.

61 2392 110 2419 51.

61 2435 151 2460 joan.
175 2432 219 2460 16.

59 2473 109 2502 33,

66 2946 140 2973 lsai.
153 2944 201 2973 35Δ
218 2944 245 2971 6.

63 2987 151 3013 Psstl.
176 2985 226 3023 67.

66 3027 248 3057 12.(5ni.65.

69 3076 115 3106 17.

253 1913 278 1936 a
293 1913 364 1945 me,
389 1901 455 1950 qui
472 1898 683 1949 operamini
701 1898 960 1947 iniquitatem.
977 1894 1093 1946 Igitur
1110 1909 1154 1933 ne
1174 1895 1235 1934 de-

253 1960 426 2011 cipiamus
453 1957 699 2009 nosmetipsos,
717 1965 880 2008 putantes
897 1956 974 1994 haec
992 1957 1116 1994 Graeco
1140 1971 1237 1994 more

252 2020 338 2058 dici.
361 2020 507 2058 Nihilne
522 2020 600 2057 haec
617 2018 665 2056 ad
679 2017 771 2055 nos?
787 2019 862 2056 Vos
878 2031 961 2054 vero
978 2017 1076 2055 suidi
1091 2018 1186 2066 estis,
1203 2026 1235 2055 et

254 2082 354 2131 quasi
386 2081 527 2119 attoniti
558 2088 664 2132 caput
696 2077 888 2116 inclinatis.
921 2077 1118 2129 Evangelia
1145 2078 1237 2116 nihil

255 2142 383 2179 habere
401 2142 530 2179 debent
548 2154 692 2187 eorum,
714 2153 790 2189 quae
816 2137 951 2189 agenda
982 2146 1064 2175 sunt
1076 2169 1087 2188 ,
1107 2138 1168 2176 sed
1184 2153 1239 2176 so-

253 2202 331 2239 lum
345 2202 438 2239 bona
463 2200 642 2238 consulere
667 2199 770 2236 :haec
794 2212 878 2236 vero
903 2198 1087 2236 innumera
1109 2199 1240 2236 habent

257 2262 437 2310 facienda3
459 2260 657 2313 cujusmodi
677 2268 758 2297 sunt
776 2259 852 2296 haec
870 2260 933 2298 :Si
954 2262 1039 2310 quis
1063 2273 1141 2296 non
1160 2260 1240 2297 odit

257 2332 407 2375 patrem
432 2336 542 2360 suum
561 2330 597 2359 et
615 2329 789 2367 matrem,
819 2334 897 2356 non
925 2328 981 2358 est
1008 2334 1068 2357 me
1085 2321 1239 2372 dignus,-

261 2393 306 2433 et,
321 2386 411 2422 Non
425 2386 518 2421 veni
528 2396 662 2434 pacem
677 2384 825 2419 mittere
841 2383 882 2418 in
896 2389 1052 2427 terram,
1071 2382 1141 2419 sed
1155 2382 1239 2432 gla-

262 2448 385 2491 dium,·
402 2455 449 2494 et,
475 2445 779 2482 Tribulationem
807 2445 848 2479 in
878 2443 1020 2480 mundo
1037 2443 1241 2482 habebitis.

262 2507 418 2545 Pulchra
445 2505 589 2556 quidem
596 2520 606 2553 3
624 2504 686 2542 sed
711 2517 780 2540 non
800 2511 880 2540 sunt
900 2503 1095 2553 evangelia.
1122 2503 1241 2541 Evan-

762 235 947 266 JOANNJS
983 232 1225 264 CIIRYSOST·
1265 232 1474 262 ARCHIEP.
1512 234 1872 265 CONSTANTINOP.

1311 311 1398 349 αὐτὰ
1417 312 1570 360 ἀκούωνς
1584 313 1654 351 Καὶ
1667 313 1735 367 γὰρ
1755 315 1796 352 σὺ
1815 315 2060 367 ὡμολόγησας,
2072 314 2090 335 *
2112 314 2164 352 ὅτι
2180 314 2223 352 τὰ
2238 313 2328 353 αὐτὰ

1309 371 1556 424 λέγεται,Ἐγὼ
1567 377 1596 411 εἰ
1608 375 1724 424 ἔλεγον
1739 377 1786 419 εἷς
1796 375 2007 427 κατηγορίαν
2019 375 2199 428 προφέρων
2216 379 2328 422 τοῦτο,

1310 431 1347 470 σὲ
1358 435 1463 484 ἐχρῆν
1481 435 1531 486 ἐφ’
1548 434 1666 485 ἑτέραν
1678 435 1865 487 ἀπολογίαν
1883 438 2004 482 ἐλθεῖν,
2015 436 2062 487 μὴ
2077 436 2134 474 ἐπὶ
2145 435 2206 482 τὴν
2221 450 2329 481 κατη-

1309 493 1426 546 γορίαν
1449 493 1511 540 τὴν
1531 495 1609 540 σήν.
1631 495 1721 533 Εἰπέ
1736 511 1812 545 μοι,
1832 495 1873 533 σὺ
1888 497 1925 535 οὗ
1944 502 2124 547 παραινεῖς
2139 499 2188 548 τῷ
2204 499 2266 547 υἱῷ
2278 497 2328 547 τῷ

1335 558 1357 565 Ν

1310 570 1384 604 σῳ;
1404 553 1464 591 Ἂν
1492 548 1549 592 οῦν
1570 549 1666 599 οῦτος
1692 555 1771 604 εἴτι-η
1786 586 1795 603 ,
1811 555 1864 593 ὅτι
1882 556 1936 593 ἀεὶ
1964 556 2010 594 τὰ
2041 556 2147 602 αὐτὰ,
2166 550 2234 608 ἆρα
2264 557 2329 607 οὐχ

1310 616 1378 664 ἡγῇ
1398 613 1495 667 ὔὸριν
1519 608 1625 662 εἶναι,
1646 615 1736 653 Τότε
1758 617 1837 661 ἓνῆν
1864 615 1912 667 μὴ
1944 616 2055 667 λέγειν
2076 616 2120 654 τὰ
2146 616 2249 662 αὐτὰ,
2271 616 2328 653 ὅτε

1311 674 1397 712 αὐτὰ
1416 675 1474 713 καὶ
1489 675 1630 727 ᾔδειμεν
1642 707 1651 724 ,
1676 676 1735 714 καὶ
1755 676 1811 714 διὰ
1825 680 1893 714 τῶν
1917 675 2025 728 ἔργων
2042 675 2328 726 ἐπεδεικνύμεθα·

1312 737 1442 786 μᾶλλον
1461 736 1497 774 δὲ
1520 737 1597 775 οὐδὲ
1616 737 1695 775 τότε
1713 736 1859 789 περιττὴ
1881 740 1904 783 ἠ
1932 736 2136 787 ἀνάγνωσις.
2155 735 2202 773 Τί
2220 738 2253 773 Τ
2257 751 2329 785 ιμο<

1311 797 1386 835 θέου
1403 797 1494 845 ἴσον,
1513 797 1603 836 Ἀλλ’
1630 797 1723 849 ὅμως
1756 798 1817 836 καὶ
1846 797 1966 849 ἐκείνῳ
1993 796 2134 850 γράφων
2157 800 2174 834 ὃ
2190 797 2331 839 Παῦλος

1310 857 1422 910 ἔλεγε·
1441 858 1602 911 Πρόσεχε
1631 863 1675 911 τῇ
1703 858 1912 909 ἀναγνώσει,
1929 857 2000 910 1’τῇ
2019 856 2257 909 παρακλήσει.
2277 858 2331 895 Οὔ

1310 920 1377 972 γὰρ
1396 920 1505 967 ἔστιν,
1525 921 1586 958 οὐκ
1605 920 1696 959 ἔστιν
1719 919 1968 966 ἐξαντληθῆναί
1989 934 2073 957 ποτε
2093 918 2152 956 τὸν
2171 922 2248 955 νοῦν
2263 920 2330 955 τῶν

1310 983 1478 1034 Γραφῶν·
1506 982 1602 1033 πηγή
1626 981 1679 1024 τίς
1706 983 1798 1020 ἐστιν
1815 982 1874 1020 οὐκ
1894 981 2022 1033 ἔχουσα
2046 979 2166 1031 πέρας.
2185 972 2331 1024 εΕῗπον,

1310 1043 1512 1095 ἓσοςρίσθην,
1538 1043 1640 1096 φησὶ,
1659 1044 1718 1081 καὶ
1739 1044 1816 1081 τότε
1845 1043 1980 1088 ἀπέστη
2001 1042 2061 1080 ἀπ’
2080 1043 2176 1092 ἐμοῦ.
2204 1039 2332 1079 Βούλε-

1310 1107 1369 1141 σθε
1390 1103 1488 1148 δείξω
1500 1135 1509 1151 ,
1520 1104 1572 1142 ὅτι
1588 1107 1648 1142 οὒκ
1663 1104 1736 1143 ἔστι
1750 1104 1794 1142 τὰ
1809 1104 1914 1151 αὐτά,
1930 1103 2088 1147 ςΠόσους
2104 1102 2260 1152 νομίζετε
2281 1104 2327 1138 εἰ·

1312 1164 1452 1216 ρηκέναι
1474 1167 1520 1208 εἷς
1550 1164 1594 1202 τὰ
1622 1164 1844 1215 Εὐαγγέλια;
1866 1164 1956 1202 Ἀλλ’
1975 1157 2068 1200 οῦτοι
2084 1163 2212 1206 πάντες
2231 1161 2334 1206 ξένως

1309 1225 1368 1262 καὶ
1389 1228 1515 1268 καινῶς
1530 1219 1639 1263 εἷπον.
1657 1224 1758 1277 ‘'Oc-q)
1773 1224 1840 1277 γὰρ
1857 1224 1899 1263 ἄν
1913 1240 1964 1267 τις
1980 1225 2092 1266 αὐτοῖς
2109 1223 2306 1276 ἐνδιατρίὸῃ
2320 1254 2332 1272 ,

1309 1285 1461 1338 τοσούτῳ
1476 1285 1632 1337 ὀξύτερον
1653 1286 1794 1336 βλέπει,
1813 1285 1967 1337 τοσούτῳ
1985 1284 2089 1323 πλέον
2109 1288 2173 1337 ὁρᾷ
2201 1286 2240 1323 τὸ
2260 1288 2333 1337 φῶς

1308 1347 1472 1399 καθαρόν.
1489 1346 1580 1385 Ἰδοὺ
1596 1346 1688 1385 πόσα
1701 1346 1814 1397 λέγω,
1843 1346 1891 1384 Τί
1905 1347 1981 1384 ἐστι
2001 1346 2214 1398 προφητεία,
2229 1346 2332 1384 εἴπα-

1307 1425 1356 1446 τε·
1373 1409 1407 1445 τί
1425 1411 1499 1446 ἐστι
1520 1407 1738 1459 διηγήματα,
1751 1406 1785 1445 τί
1803 1409 1876 1445 ἐστι
1889 1407 2093 1459 παραδολή,
2108 1406 2142 1444 τί
2159 1410 2250 1445 ἐστιν
2267 1408 2334 1445 ἀλ-

1305 1469 1470 1522 ληγορία;
1492 1468 1526 1506 τί
1555 1471 1628 1506 ἐστι
1654 1467 1779 1515 τύπος,
1798 1467 1832 1505 τί
1860 1469 1934 1505 ἐστι
1966 1467 2157 1518 σύμὸολον5
2185 1467 2219 1505 τί
2239 1470 2332 1506 ἐστιν

1307 1529 1620 1581 εὖαγγέλια.Ίόῦτο
1635 1528 1674 1575 δὴ
1689 1529 1789 1578 μόνον
1799 1529 1921 1567 εἴπατέ
1935 1545 1994 1578 μοι
2007 1530 2046 1567 τὸ
2061 1529 2219 1581 φανερὸν,
2234 1528 2335 1567 διὰτί

1307 1590 1504 1642 Εὐαγγέλια
1526 1590 1677 1640 εἴρηται,
1696 1589 1821 1628 Καίτοι
1852 1590 2021 1633 πολλάκις
2047 1589 2221 1635 ἠκούσατε
2235 1621 2245 1638 ,
2278 1590 2335 1626 ὅτι

1306 1651 1350 1689 τὰ
1370 1651 1554 1703 εὐαγγέλια
1581 1650 1674 1689 οὐδὲν
1695 1651 1786 1703 ἔχειν
1806 1650 1935 1703 ὀφείλει
1969 1650 2171 1701 σκυθρωπόν
2185 1666 2193 1674 ·
2219 1654 2333 1688 ταῦτα

1307 1711 1342 1750 δὲ
1373 1713 1505 1757 πολλῆς
1533 1711 1634 1763 γέμει
1657 1711 1964 1765 σκυθρωπότητος·
1981 1711 2034 1749 Τὸ
2058 1714 2128 1762 πῦρ
2158 1711 2270 1748 αὐτῶν
2295 1710 2335 1748 οὐ

1307 1773 1555 1820 agaso-Aeeten,
1573 1773 1670 1825 φησὶ,
1681 1772 1740 1811 καὶ
1756 1775 1772 1811 ὁ
1791 1771 1929 1818 σκώληξ
1946 1774 2056 1810 αὐτῶν
2070 1773 2107 1809 οὐ
2119 1771 2333 1818 τελευτήσει·

1306 1834 1346 1871 τό
1361 1849 1418 1881 τε,
1436 1834 1672 1886 Διχοτομήσει
1691 1833 1811 1880 αὐτὸν,
1827 1833 1888 1870 καὶ
1914 1833 2012 1879 θήσει
2037 1834 2076 1872 τὸ
2106 1833 2209 1884 μέρος
2229 1834 2335 1872 αὐτοῦ

1310 1895 1397 1947 μετὰ
1430 1898 1498 1932 τῶν
1527 1895 1721 1946 ὑποκριτῶν
1736 1909 1743 1916 ·
1777 1893 1816 1931 τό
1833 1909 1869 1931 τε
1885 1924 1894 1941 ,
1911 1895 2024 1946 Ἐρεῖ·
2044 1895 2105 1931 οὒκ
2130 1887 2206 1931 οἶδα
2221 1896 2335 1944 ὑμᾶς,

1309 1956 1476 1995 ἀπέλθετε
1493 1955 1554 1994 ἀπ’
1570 1957 1654 2006 ἐμοῦ
1682 1957 1713 1993 οἱ
1743 1954 1965 2007 ἐργαζόμενοι
1981 1954 2043 2002 τὴν
2064 1954 2222 2005 ἀνομίαν.
2245 1953 2333 2006 Ἄρα

1310 2019 1358 2069 μὴ
1395 2020 1585 2067 ἀπατῶμεν
1617 2015 1779 2064 ἑαυτοὺς,
1801 2015 1994 2066 νομίζοντες
2014 2020 2122 2054 ταῦτα
2160 2014 2335 2063 ἑλληνιστὶ

1310 2083 1390 2130 ὑμῖν
1408 2079 1535 2130 λέγειν.
1553 2077 1603 2116 5*H
1624 2077 1718 2115 οὐδὲν
1740 2077 1826 2130 πρὸς
1856 2079 1948 2127 ἡμᾶς
1975 2076 2121 2124 τούτων;
2143 2077 2267 2128 Ἵ’μεῖς
2298 2076 2335 2114 δὲ

1311 2141 1538 2192 κεκώφωσθε,
1559 2139 1619 2178 καὶ
1643 2132 1712 2178 οἷον
1739 2137 1959 2185 ἀπόπληκτοι
1985 2138 2213 2190 τυγχάνοντες
2238 2138 2338 2177 κάτω

1312 2201 1474 2239 κύπτετε.
1489 2200 1546 2238 Τὰ
1563 2199 1747 2250 εὐαγγέλια
1768 2198 1864 2236 οὐδὲν
1879 2198 1970 2249 ἔχειν
1987 2199 2036 2236 δεῖ
2050 2201 2117 2236 τῶν
2134 2199 2334 2250 πρακτέων,

1314 2261 1405 2300 ἀλλὰ
1421 2261 1523 2311 μόνον
1541 2259 1653 2311 ἀγαθὰ
1669 2258 1913 2308 συμὲουλεύειν
1926 2274 1934 2281 ·
1954 2262 2065 2296 ταῦτα
2081 2258 2115 2296 δὲ
2129 2259 2236 2312 μυρία
2262 2259 2336 2311 ἔχει

1313 2321 1491 2374 πρακτέα·
1513 2315 1635 2371 οἵαπέρ
1656 2322 1727 2357 ἑστι
1757 2318 1816 2355 καὶ
1837 2317 1881 2354 τὰ
1902 2321 2063 2355 τοιαῦτα·
2093 2319 2177 2357 Ἐὰν
2201 2320 2249 2369 μή
2284 2335 2336 2362 τις

1315 2383 1447 2434 μισήσῃ
1469 2383 1570 2420 αὐτοῦ
1589 2381 1646 2419 τὸν
1676 2378 1812 2431 πατέρα
1832 2378 1891 2416 καὶ
1921 2378 1984 2424 τὴν
2004 2379 2152 2430 μητέρα,
2180 2381 2241 2417 οὐχ
2261 2381 2337 2418 ἔστι

1315 2460 1380 2495 μου
1402 2443 1512 2487 ἄξιος·
1533 2442 1613 2489 καὶ,
1638 2442 1716 2479 Οὐκ
1742 2435 1844 2486 ἦλθον
1875 2441 1994 2489 βαλεῖν
2018 2439 2155 2492 εἰρήνην
2184 2439 2242 2477 ἐπὶ
2269 2439 2335 2487 τὴν

1313 2508 1393 2557 γῆν,
1421 2503 1510 2543 ἀλλὰ
1531 2502 1728 2554 μάχαιραν·
1749 2500 1831 2547 καὶ,
1859 2501 1989 2552 Θλῖψιν
2015 2499 2106 2544 ἕξετε
2135 2503 2169 2539 ἐν
2201 2502 2251 2552 τῷ
2277 2500 2336 2539 κό-

260 2569 392 2620 gelium
407 2580 559 2617 namque
570 2566 637 2603 hoc
655 2573 705 2602 est
723 2579 730 2600 :
751 2564 834 2601 Haec
857 2563 1028 2601 tibibona
1047 2573 1150 2601 erunt
1171 2580 1178 2600 t
1202 2573 1240 2602 ut
1253 2586 1299 2609 151
1316 2583 1407 2618 σμῳ.
1429 2564 1531 2603 Καλά
1555 2579 1593 2614 γε
1607 2579 1614 2586 ·
1639 2563 1676 2601 οὗ
1703 2561 1770 2615 γὰρ
1789 2564 1900 2599 ταῦτα
1920 2561 2115 2612 εὐαγγέλια.
2137 2562 2190 2600 Τὸ
2200 2561 2267 2614 γὰρ
2281 2563 2337 2599 εὖ-

260 2630 371 2668 solent
388 2628 547 2666 homines
576 2627 667 2664 inter
699 2639 735 2663 se
771 2624 888 2662 dicere
907 2641 914 2661 :
936 2624 1036 2671 Quid
1068 2624 1158 2662 mihi
1191 2634 1242 2663 est
1266 2627 1291 2652 A
1317 2627 1473 2679 αγγέλιον
1493 2623 1594 2663 τοῦτό
1612 2625 1706 2661 ἐστι·
1726 2622 1807 2661 τάδε
1837 2637 1890 2660 σοι
1913 2621 2010 2659 ἔσται
2030 2622 2161 2673 ἀγαθά·
2179 2622 2336 2675 καθάπερ

260 2688 548 2741 evangeliorum?
572 2696 672 2739 pater
696 2696 777 2724 tuus
797 2686 927 2733 veniet,
957 2685 1015 2724 vel
1036 2695 1148 2723 mater
1168 2695 1243 2724 tua.

261 2754 340 2790 Non
351 2751 486 2798 dicunt,
497 2750 582 2787 Haec
594 2749 711 2786 facito.
725 2748 882 2785 Rursum
895 2746 953 2784 dic
964 2746 1160 2798 mihi‚quid
1173 2748 1241 2786 dif-

261 2814 373 2850 ferant
384 2812 459 2848 haec
474 2825 494 2848 a
509 2809 744 2862 propheticis:
766 2822 829 2845 cur
842 2821 912 2845 non
931 2816 963 2845 et
978 2808 1039 2845 illa
1058 2808 1241 2860 evangelia

261 2873 453 2921 dicuntur3
482 2885 564 2908 nam
583 2879 616 2907 et
635 2869 698 2906 illa
712 2867 836 2905 eadem
848 2867 988 2916 dicunt3
1001 2868 1100 2905 verbi
1121 2882 1239 2917 causa,

262 2934 383 2971 Saliet
402 2936 500 2971 sieut
527 2944 660 2969 cervus
692 2929 882 2967 claudus.-
910 2929 1101 2966 Dominus
1131 2930 1241 2967 dabit

264 2996 426 3031 verbum
460 2991 818 3044 evangelizantibus
838 3004 848 3023 :
882 2989 996 3025 Dabo
1027 2990 1140 3026 vobis
1167 3004 1241 3028 σαῖ-

267 3055 345 3091 ῖιιηι
363 3067 505 3091 novum
534 3061 571 3090 et
589 3060 731 3089 terram
767 3063 918 3087 novam.
936 3049 1008 3086 Cur
1033 3063 1102 3086 non
1121 3059 1154 3086 et
1180 3050 1242 3088 illa

265 3115 447 3166 evangelia
461 3113 659 3154 vocantur?
677 3126 740 3150 eur
759 3125 828 3150 non
843 3119 875 3148 et
891 3110 958 3148 hoc
978 3110 1167 3163 prophetia
1185 3112 1241 3150 di-

310 3256 325 3271 *
343 3255 456 3296 fflaec,
473 3261 558 3290 ὅτι...
580 3259 708 3297 λέγεται,
726 3253 847 3286 absunt
863 3265 880 3285 a
898 3254 956 3295 D.]

308 3311 323 3332 ¹¹
342 3307 474 3350 [Vt-rba,
494 3315 530 3350 τῇ
546 3311 743 3351 παρακλήσει,
758 3304 986 3337 desiderantur
1002 3304 1036 3336 iu
1052 3304 1110 3345 D.]

311 3382 317 3384 -
339 3362 433 3401 εἶπον,
447 3364 609 3404 ἐσορίςθιμ,
633 3365 710 3399 οἱα,
724 3356 792 3389 haec
812 3367 880 3389 non
891 3355 986 3390 video
997 3353 1169 3400 quomodo
1186 3365 1261 3386 cum

1313 2687 1373 2726 καὶ
1389 2690 1422 2725 ἐν
1439 2690 1482 2737 τῇ
1494 2683 1655 2737 συνηθείᾳ
1671 2683 1755 2736 φασὶ
1781 2683 1866 2736 πρὸς
1887 2681 2058 2728 ἀλλήλους
2083 2685 2114 2720 οἱ
2140 2682 2335 2735 ἄνθρωποι·

1313 2748 1347 2786 τί
1370 2764 1428 2799 μοι
1450 2750 1517 2785 τῶν
1547 2744 1772 2797 εὐαγγελίων;
1795 2747 1812 2781 ὃ
1832 2742 1950 2795 πατήρ
1973 2757 2034 2780 σου
2056 2742 2152 2790 ἥξει,
2173 2745 2195 2788 ἡ
2217 2742 2336 2794 μήτηρ

1315 2825 1388 2848 σου.
1404 2812 1456 2847 Οὐ
1474 2809 1587 2860 λέγει,
1603 2806 1681 2845 τόδε
1709 2804 1869 2851 ποίησον.
1895 2804 2010 2842 Πάλιν
2030 2803 2107 2842 εἰπέ
2121 2820 2201 2855 μοι,
2218 2803 2253 2841 τί
2271 2804 2339 2842 διέ-

1315 2887 1422 2918 στηκε
1437 2873 1548 2908 ταῦτα
1569 2870 1638 2906 τῶν
1656 2869 1900 2918 προφητικῶν;
1931 2864 1988 2902 διὰ
2015 2863 2049 2901 τί
2071 2864 2119 2914 μὴ
2140 2865 2199 2902 καὶ
2221 2867 2337 2903 ἐκεῖνα

1314 2930 1497 2983 εὐαγγέλια
1515 2929 1672 2981 λέγεται,
1697 2928 1756 2966 καὶ
1783 2925 1928 2978 γὰρκαὶ
1947 2926 2061 2962 ἐκεῖνα
2090 2924 2134 2963 τὰ
2168 2925 2255 2963 αὐτὰ
2282 2925 2339 2964 λέ-

1314 3008 1430 3044 γουσιν
1445 3007 1452 3014 ·
1470 2986 1537 3029 οἷον
1550 3020 1560 3037 ,
1577 2989 1726 3028 Ἁλεῖται
1741 2989 1787 3029 ὡς
1798 2985 1920 3038 ἔλαφος
1937 2989 1955 3023 ὁ
1972 2984 2085 3037 χωλός
2097 3001 2105 3008 ·
2125 2985 2253 3038 Κύριος
2268 2985 2338 3024 δώ-

1315 3069 1366 3092 σει
1388 3055 1485 3105 ῥῆμα
1509 3056 1580 3094 τοῖς
1613 3046 1944 3099 εὖαγγελιζομένοις·
1960 3045 2072 3084 Δώσω
2090 3047 2170 3098 ὑμῖν
2193 3047 2336 3100 οὐρανὸν

1315 3115 1447 3162 καινὸν,
1469 3113 1528 3151 καὶ
1546 3113 1610 3163 γῆν
1627 3109 1761 3156 καινήν.
1783 3107 1851 3146 Διὰ
1864 3107 1898 3145 τί
1914 3106 1962 3157 μὴ
1982 3107 2042 3146 καὶ
2063 3110 2176 3146 ἐκεῖνα
2196 3107 2338 3159 εὐαγγέ-

1329 3248 1590 3294 praecedentibus
1610 3246 1785 3290 quadrent.
1809 3245 1931 3287 [Vertit
1954 3256 2029 3277 cum
2053 3245 2337 3287 Erasmo‚Di:ce«

1328 3312 1414 3343 runt,
1432 3303 1595 3345 Deceptus
1610 3311 1692 3341 sum,
1705 3306 1737 3330 et
1754 3306 1833 3329 lune
1846 3299 1976 3329 necessit
1989 3310 2010 3330 α
2027 3299 2105 3340 ητα]

1375 3357 1390 3381 d
1407 3355 1506 3395 Alius,
1525 3361 1607 3388 πόσοι
1626 3357 1759 3395 νομίζετε
1773 3357 1921 3392 εἰρήκασιν
1933 3355 1981 3388 εἷς.
