2502 3810
353 265 442 312 550

350 376 431 399 cum
447 361 507 398 tali
519 360 676 397 dremone
696 366 944 406 concertantes,
962 356 1080 394 omnia
1097 369 1177 392 cum
1192 354 1324 406 gratia-

349 436 428 459 rum
453 422 586 458 actione
618 418 957 470 patiunturznostra
983 431 1068 454 vero
1100 416 1210 466 digna
1243 423 1327 452 sunt

348 481 436 529 risu,
454 480 608 531 pudore,
633 478 866 526 accusatione,
901 476 1088 528 supplicio,
1109 490 1229 528 poena,
1263 489 1327 512 ex-

793 280 829 309 ε.
869 277 1053 309 samnis
1089 274 1329 305 CHRYSOST.
1369 274 1578 307 ARcrnEP.
1618 278 1970 311 consummor.

1399 356 1530 406 μυρίων
1557 360 1625 397 τῶν
1646 361 1808 409 ἐπαίνων,
1821 361 1903 400 ὅταν
1919 363 1978 400 καὶ
1994 362 2139 414 τοιούτῳ
2157 361 2414 415 προσπαλαίον-

1396 430 1452 458 τες
1471 417 1626 467 δαίμονι,
1648 420 1762 458 πάντα
1787 422 2001 472 εὐχαρίστως
2028 422 2176 473 φέρωσι·
2196 422 2241 460 τὰ
2268 422 2303 460 δὲ
2326 422 2414 471 ἡμέ-

1396 491 1480 527 τερα
1495 477 1644 530 γέλωτος
1657 480 1779 527 ὄντως,
1793 481 1957 532 αἰσχύνης
1966 512 1975 528 ,
1986 483 2212 533 κατηγορίας,
2227 484 2414 528 κολάσεως,

145 551 298 577 Peccatum
347 541 466 577 tremis
497 539 613 585 malis,
650 539 819 589 gehenna,
852 538 1017 588 nullaque
1049 537 1164 576 venia.
1189 535 1322 575 Viden'
1337 571 1384 597 314
1397 537 1578 590 τιμωρίας,
1594 542 1662 577 τῶν
1676 541 1835 592 ἐσχάτων
1855 545 1970 579 κακῶν
1987 543 2046 579 καὶ
2061 543 2212 593 γεέννης,
2230 542 2415 581 ἀλλὀὐδε-

145 591 272 656 ἰἐῗζῗιζίο
283 590 332 617 de*
345 609 526 651 peccatum
545 598 704 636 daemone
731 598 885 636 deterius
906 598 1010 635 esse?
1032 598 1078 635 Et
1100 597 1154 635 illi
1179 596 1326 647 quidem
1347 607 1373 636 Α
1399 604 1480 646 μιᾶς
1502 597 1582 642 ἄξια
1611 600 1836 652 συγγν(.’)μης.
1855 601 1983 652 Ὁρᾷς,
2003 601 2055 639 ὅτι
2075 602 2321 655 χαλεπώτερον
2341 603 2416 640 δαί-

342 674 384 697 ex
403 659 456 707 iis,
477 673 554 709 quae
572 658 726 709 graviter
747 659 942 710 patiuntm,
959 657 1096 709 duplex
1113 658 1252 694 lucrum
1265 670 1325 693 re-

340 728 480 771 portant
500 735 507 755 :
525 733 636 756 unum
651 719 746 769 quod
772 719 1034 770 temperatiores
1063 718 1134 755 sint
1154 726 1187 755 et
1211 717 1325 768 magis

339 778 558 831 philosophi,
587 779 737 816 alterum
772 779 881 829 quod,
902 793 981 819 cum
1006 778 1065 814 hie
1100 787 1326 829 peccatorum

341 853 460 890 poenas
485 839 660 888 dederint,
675 840 757 891 puri
771 839 816 877 ad
835 839 1029 877 Dominum
1045 840 1207 888 migrent.
1233 839 1326 875 Nam

340 900 409 937 liae
427 900 471 938 de
496 916 533 938 re
565 915 657 953 saepe
687 900 919 938 disseruimus
947 909 981 937 et
1011 898 1242 946 ostendimus,
1268 911 1326 935 eos

345 963 405 1011 qui
439 962 498 999 hic
526 963 740 1013 puniuntur,
762 962 791 999 si
823 961 975 1011 benigne
1006 961 1132 1008 ferant,
1161 973 1325 1011 magnam

345 1032 570 1073 peccatorum
610 1023 782 1060 sarcinam
811 1021 1055 1059 verisimiliter
1081 1019 1268 1071 deponere.
1294 1022 1326 1057 A

344 1083 496 1134 peccatis
528 1092 646 1120 autem
673 1083 831 1134 duplicia
865 1083 958 1119 mala
991 1082 1159 1119 eveniunt
1185 1095 1325 1118 :unum

344 1143 442 1192 quod
460 1143 694 1192 offendamus,
730 1143 879 1180 alterum
901 1142 996 1192 quod
1023 1141 1211 1179 deteriores
1243 1155 1325 1179 eva-

344 1203 479 1240 damus.
517 1203 697 1240 Attendite
715 1202 830 1240 dictis.
867 1203 947 1240 Non
964 1202 998 1239 in
1015 1202 1083 1238 hoc
1097 1210 1235 1238 tantum
1264 1200 1325 1238 lae-
1347 1214 1370 1243 B

344 1263 464 1300 dimur
486 1278 505 1300 a
524 1273 678 1314 peccato,
699 1263 795 1313 quod
814 1277 1021 1314 peccemus;
1051 1261 1113 1298 sed
1127 1270 1161 1298 et
1185 1261 1221 1298 in
1238 1260 1322 1311 alio,

343 1323 439 1373 quod
455 1324 571 1360 anima
586 1323 751 1360 habitum
767 1322 951 1370 admittat,
981 1322 1071 1359 sicut
1090 1330 1123 1358 et
1150 1321 1186 1358 in
1206 1335 1326 1372 corpo-

343 1397 403 1420 re:
433 1383 563 1420 elarius
591 1383 684 1420 enim
714 1383 779 1420 erit
812 1383 894 1420 inde
925 1391 1081 1419 sumtum
1111 1381 1325 1432 exemplum.

345 1443 655 1490 Quemadmodum
669 1444 762 1480 enim
772 1443 974 1481 febricitans
984 1456 1053 1479 non
1071 1442 1107 1478 in
1122 1442 1189 1480 hoc
1209 1441 1327 1478 solum

341 1504 498 1553 laeditur,
522 1505 617 1555 quod
639 1505 852 1552 infirmetur,
886 1504 946 1542 sed
979 1504 1086 1541 etiam
1115 1502 1212 1553 quod
1247 1510 1327 1554 post

342 1565 508 1602 morbum
521 1565 566 1602 sit
586 1565 772 1613 infirmior,
790 1565 928 1602 etiamsi
944 1578 990 1600 cx
1007 1563 1178 1600 diuturno
1198 1563 1326 1599 morbo

343 1625 378 1661 in
412 1625 541 1663 bonam
571 1624 811 1663 Valetudinem
831 1624 949 1661 redeat
967 1640 974 1659 :
1000 1624 1051 1661 sic
1067 1633 1100 1660 et
1124 1623 1168 1660 de
1184 1632 1327 1674 peccato

342 1684 545 1733 dicendum,
566 1685 646 1723 licet
681 1698 858 1730 sanemur,
885 1684 1004 1720 adhuc
1035 1692 1152 1720 tamen
1187 1696 1330 1733 egemus

342 1744 564 1781 fortitudine.
600 1743 695 1780 Vide
714 1757 864 1793 namque
890 1743 981 1779 mihi
1018 1742 1234 1794 quempiam,
1269 1743 1331 1793 qui

345 1805 555 1842 contumelia
575 1804 746 1851 affecerit,
764 1818 826 1841 nec
842 1818 962 1855 poenas
981 1803 1139 1841 dederit:
1162 1818 1230 1840 non
1251 1803 1329 1841 ideo

345 1865 460 1902 solum
473 1865 663 1917 lacrymari
676 1873 831 1916 oportet,
849 1864 949 1914 quod
965 1864 1185 1901 contumeliae
1211 1878 1331 1916 poenas
1353 1880 1377 1910 C

345 1940 413 1963 non
427 1926 591 1963 dederit?
608 1925 677 1963 Sed
697 1926 804 1963 etiam
823 1925 891 1962 alia
911 1925 956 1962 de
981 1939 1084 1962 causa
1120 1925 1328 1975 lugendum.

349 1989 501 2035 Quare?
530 1988 625 2035 Quia
656 1987 896 2039 impudentior
929 1987 1073 2024 effectus
1094 1996 1144 2024 est
1173 1987 1327 2025 animus.

347 2049 579 2099 Singulorum
598 2048 692 2085 enim
708 2056 943 2100 peccatorum,
957 2056 1145 2099 postquam
1159 2047 1331 2086 delictum

346 2119 531 2161 peractum
552 2119 601 2147 est
617 2119 650 2147 et
669 2109 830 2158 cessavit,
844 2109 945 2147 virus
959 2108 1139 2159 quoddam
1160 2109 1195 2146 in
1214 2110 1331 2147 anima

347 2170 525 2206 inseritur.
545 2171 625 2206 Non
639 2169 740 2206 audis
759 2168 930 2219 quosdam
951 2169 1122 2217 dicentes,
1144 2178 1332 2220 postquam

349 2245 367 2267 a
390 2231 513 2268 morbo
540 2230 684 2267 recreati
717 2239 818 2267 sunt:
835 2231 914 2266 Non
942 2230 1036 2266 ultra
1062 2229 1176 2267 ausim
1203 2245 1333 2280 aquam

348 2292 496 2339 bibere3
516 2292 598 2328 licet
616 2305 720 2328 sanus
734 2292 808 2328 sit?
828 2290 889 2328 sed
906 2291 1051 2328 morbus
1073 2291 1109 2328 in
1132 2292 1199 2328 hoc
1227 2292 1332 2329 etiam

350 2353 452 2390 laesit.
477 2354 523 2390 Et
543 2352 597 2389 illi
617 2352 762 2401 quidem
778 2352 870 2389 mala
898 2351 1007 2402 passi,
1035 2352 1166 2401 gratias
1201 2362 1332 2403 agunt3

351 2426 414 2449 nos
425 2421 540 2449 autem
557 2412 645 2449 dum
657 2412 746 2448 bene
765 2411 950 2459 hahemus,
971 2412 1086 2448 Deum
1105 2411 1333 2463 blasphema-

352 2488 443 2521 mus,
466 2482 498 2510 et
522 2487 612 2524 {egre
635 2472 780 2510 ferimus
801 2488 808 2508 ε
834 2472 954 2523 plures
984 2472 1077 2509 enim
1110 2472 1270 2511 invenias
1298 2474 1335 2511 in

352 2534 501 2571 sanitate
524 2548 565 2570 ac
580 2533 718 2570 divitiis
735 2533 804 2570 hoc
828 2542 983 2583 agentes,
1004 2546 1111 2582 quam
1128 2533 1163 2570 in
1177 2548 1334 2585 pauper-
1357 2549 1381 2577 D

353 2604 424 2633 tate
436 2604 468 2633 et
488 2595 705 2632 infirmitate.
725 2595 837 2631 Instat
853 2595 948 2632 enim
965 2594 1104 2631 daemon
1128 2595 1228 2644 quasi
1257 2609 1334 2632 car-

353 2656 452 2693 nifex
472 2655 597 2692 ardens
615 2655 728 2691 minas
743 2654 931 2702 intentans,
951 2654 1043 2692 sicut
1056 2650 1203 2705 quidam
1219 2654 1338 2706 paeda-

353 2730 465 2766 gogus
478 2716 595 2752 lorum
609 2714 760 2765 erigens,
776 2723 809 2751 et
822 2728 996 2764 nusquam
1009 2714 1194 2752 deflectere
1209 2715 1337 2752 sinens.

355 2776 461 2821 Quod
482 2777 511 2813 si
526 2776 586 2826 qui
608 2789 670 2812 nec
698 2775 747 2812 ita
767 2774 919 2826 sapiant,
941 2784 976 2812 at
1010 2774 1065 2812 illi
1097 2775 1182 2812 dant
1202 2789 1335 2826 poenas.

354 2839 432 2875 Non
453 2851 607 2889 parvum
629 2845 747 2873 autem
764 2836 868 2873 etiam
883 2836 951 2874 hoc
966 2851 973 2872 ε
990 2845 1031 2873 ut
1044 2836 1137 2873 enim
1159 2836 1257 2873 stulti
1271 2866 1282 2885 ,
1302 2846 1341 2874 ut

355 2898 496 2946 furiosi,
517 2897 667 2949 utpueri
684 2910 753 2934 non
769 2905 961 2948 poscuntur
979 2897 1144 2945 rationes,
1163 2897 1213 2934 sic
1231 2911 1342 2947 neque

360 2958 396 2994 hi
416 2973 423 2993 :
443 2971 565 2995 eorum
583 2956 677 2994 enim
693 2971 772 3007 quae
798 2955 985 2993 inscienter
1003 2966 1078 2993 acta
1108 2965 1203 3006 sunt,
1239 2970 1342 2994 nemo

356 3028 426 3055 tam
444 3017 597 3055 crudelis
616 3026 667 3054 est
681 3025 721 3053 ut
739 3030 861 3068 poenas
874 3025 1019 3067 repetat.
1039 3016 1136 3067 Ergo
1159 3026 1342 3069 peccantes

398 3145 411 3160 ⁸
435 3142 578 3178 wisza-m
593 3143 688 3173 κακῶς
701 3133 792 3167 deest
814 3135 846 3166 in
871 3145 935 3166 uno
963 3133 1098 3166 Codice.
1121 3135 1217 3177 [Mox
1237 3136 1364 3177 recepi-

355 3199 427 3218 mus
445 3190 541 3224 δόντες
556 3197 595 3218 ex
616 3188 654 3218 A.
673 3187 710 3217 Β.
726 3185 843 3218 Caeteri
862 3186 991 3227 δόντας]

399 3240 415 3262 ¹⁷
441 3244 489 3272 καὶ
505 3241 658 3280 ἐδείξαμεν
672 3236 764 3269 deest
782 3238 813 3269 in
830 3248 908 3270 uno.

400 3290 415 3305 *¹
441 3291 451 3330 [
478 3293 591 3330 ὐγίανευ
613 3290 650 3321 Β.
678 3290 715 3322 C.
744 3290 783 3320 D.
808 3297 841 3320 et
864 3287 1041 3330 Commel.3
1069 3290 1187 3330 ὐγὲαναν
1203 3289 1302 3322 Savil.
1331 3298 1364 3323 et

354 3338 474 3372 Montf.
497 3338 596 3371 Paulo
626 3347 702 3370 ante
729 3345 812 3382 ἡμῶν
837 3351 897 3382 pro
921 3345 990 3382 ἡμῖν
1009 3350 1047 3371 ex
1070 3338 1185 3371 iisdem
1201 3340 1311 3376 Codd.
1331 3349 1363 3374 ct

355 3388 453 3422 smil.
472 3390 710 3431 reposuimus]

1397 672 1498 707 μονος
1531 659 1708 712 ἁμαρτία,
1727 662 1797 698 Καὶ
1829 663 1953 699 ἐκεῖνοι
1985 661 2047 710 μὲν
2080 661 2113 705 ἐξ
2134 658 2180 699 ὧν
2213 664 2416 714 ειπάσχουσι

1395 722 1530 766 κακῶς,
1549 721 1766 772 κερδαίνουσι
1780 722 1898 773 κέρδος
1914 723 2056 760 διπλοῦν
2068 738 2076 745 ·
2096 722 2130 759 ἓν
2147 722 2208 772 μὲν
2224 724 2264 761 τὸ
2283 739 2417 776 σωφρο-

1395 779 1545 824 νίζεσθαι
1564 781 1623 818 καὶ
1640 781 1912 834 φιλοσοφώτεροι
1937 777 2040 829 εἶναι,
2063 782 2216 834 δεύτερον
2238 783 2273 820 δὲ
2294 784 2334 821 τὸ
2353 784 2418 830 τὴν

1394 840 1536 878 κόλασιν
1565 843 1710 880 ἐνταῦθα
1728 846 1797 880 τῶν
1827 843 1960 881 οἰκείων
1990 843 2253 895 ἁμαρτημάτων
2281 843 2417 891 δόντες,

1395 902 1540 953 καθαροὶ
1561 901 1645 953 πρὸς
1660 902 1717 940 τὸν
1745 903 1928 950 Δεσπότην
1946 906 2120 941 ἀπελθεῖν.
2143 904 2213 942 Καὶ
2243 903 2310 956 γὰρ
2330 903 2416 955 ὑπὲρ

1394 961 1515 999 τούτου
1544 963 1770 1014 διελέχθημεν
1803 964 1991 1011 πολλάκις,
2021 964 2112 1002 ὶ’καὶ
2145 963 2333 1014 ἐδείξαμεν,
2365 964 2418 1002 ὅτι

1394 1020 1472 1064 τοὺς
1500 1024 1647 1061 ἐνταῦθα
1666 1024 1933 1074 κολαζομένους,
1955 1025 1994 1062 ἂν
2015 1024 2238 1076 εὐγνωμόνως
2266 1025 2417 1076 φέρωσι,

1394 1082 1512 1121 πολλὰ
1531 1087 1601 1121 τῶν
1621 1085 1886 1136 ἁμαρτημάτων
1909 1085 2133 1123 ἀποτίθεσθαι
2152 1085 2254 1128 εἰκός.
2272 1085 2356 1123 Ἀπὸ
2381 1086 2417 1123 δὲ

1395 1146 1464 1180 τῶν
1483 1143 1748 1195 ἁμαρτημάτων
1768 1146 1875 1183 διπλᾶ
1894 1145 1937 1183 τὰ
1957 1145 2067 1192 δεινὰ,
2086 1146 2119 1183 ἓν
2140 1145 2200 1196 μὲν
2221 1145 2273 1183 ὅτι
2304 1161 2417 1197 προσ·

1395 1204 1578 1254 κρούομεν,
1595 1204 1708 1258 ἕτερον
1734 1205 1767 1243 δὲ
1796 1206 1847 1243 ὅτι
1868 1206 2006 1258 χείρους
2023 1206 2200 1257 γινόμεθα.
2219 1206 2418 1258 Προσέχετε

1396 1259 1424 1316 ᾧ
1440 1264 1546 1316 λέγω.
1568 1266 1620 1302 Οὐ
1643 1269 1743 1303 τοῦτο
1763 1265 1863 1315 μόνον
1892 1266 2102 1317 ἀδικούμεθα
2122 1267 2190 1304 ἀπὸ
2221 1270 2284 1312 τῆς
2299 1267 2419 1319 ,ἁμαρ-

1396 1325 1492 1373 τίας,
1512 1325 1564 1363 ὅτι
1584 1326 1841 1378 ἁμαρτάνομεν,
1862 1327 1951 1365 ἀλλὰ
1970 1327 2029 1365 καὶ
2366 1327 2419 1365 δέ·

1396 1389 1532 1437 χεταιὴ
1556 1386 1668 1438 ψυχὴ,
1690 1390 1758 1424 οἷον
1780 1390 1826 1430 ὡς
1845 1387 1901 1425 ἐπὶ
1920 1387 2096 1437 σώματος·
2121 1387 2330 1440 σαφέστερον
2349 1386 2417 1438 γὰρ

2052 1327 2179 1378 ἕτερον,
2201 1326 2253 1364 ὅτι
2277 1328 2345 1371 ἕξιν

1397 1446 1496 1484 ἔσται
1526 1448 1582 1484 ἐπὶ
1614 1447 1865 1498 ὑποδείγματος
1892 1448 2089 1498 λεγόμενον.
2118 1448 2285 1499 Καθάπερ
2306 1448 2373 1499 γὰρ
2400 1451 2418 1486 ὁ

1397 1507 1544 1557 πυρέξας
1563 1509 1599 1544 οὐ
1620 1510 1721 1545 τοῦτο
1742 1507 1843 1556 μόνον
1862 1507 2027 1554 ἠδίκηται
2041 1538 2050 1555 ,
2070 1508 2123 1547 ὅτι
2143 1515 2252 1556 νοσεῖ,
2270 1508 2347 1547 ἀλλ’
2366 1509 2419 1546 ὅτι

1400 1566 1488 1616 μετὰ
1507 1566 1568 1613 τὴν
1595 1566 1693 1604 νόσον
1723 1568 1961 1619 ἀσθενέστερος
1986 1569 2118 1619 γίνεται
2137 1568 2270 1614 λοιπὸν,
2289 1568 2353 1606 κᾶν
2374 1571 2421 1611 εἷς

1398 1626 1515 1677 ὑγείαν
1535 1626 1717 1664 ἐπανέλθοι
1737 1627 1806 1664 ἀπὸ
1826 1627 1927 1665 νόσου
1946 1634 2082 1679 μακρᾶς
2095 1644 2103 1651 ·
2119 1627 2208 1665 οὕτω
2224 1628 2264 1674 δὴ
2284 1628 2344 1665 καὶ
2363 1628 2420 1665 ἐπὶ

1399 1691 1461 1734 τῆς
1490 1688 1683 1740 ἁμαρτίας,
1706 1687 1770 1725 κᾶν
1791 1688 2013 1738 ὑγιαίνωμεν,
2034 1687 2084 1725 ἔτι
2113 1690 2244 1735 πολλῆς
2274 1688 2421 1739 δεόμεθα

1399 1751 1461 1793 τῆς
1483 1747 1614 1799 ἰσχύος.
1629 1747 1699 1785 Ἴδε
1726 1748 1794 1800 γάρ
1817 1764 1875 1798 μοι
1896 1747 2089 1799 ὑδρίσαντά
2105 1763 2198 1796 τινα,
2217 1748 2276 1785 καὶ
2299 1748 2347 1799 μὴ
2363 1764 2420 1786 τι-

1403 1809 1627 1860 μωρηθέντα·
1649 1811 1685 1846 οὗ
1706 1809 1762 1847 διὰ
1789 1814 1889 1847 τοῦτο
1909 1808 2010 1858 μόνον
2030 1808 2202 1859 δακρύειν,
2230 1809 2283 1846 ὅτι
2302 1811 2338 1847 οὐ
2359 1812 2422 1855 τῆς

1402 1870 1531 1921 ὕέρεως
1551 1870 1649 1916 δίκην
1679 1870 1837 1917 δίδωσιν;
1857 1869 1962 1908 Ἀλλὰ
1989 1870 2049 1907 καὶ
2077 1871 2118 1906 δι’
2138 1869 2254 1922 ἕτερον
2285 1873 2421 1908 πενθεῖν

1403 1930 1508 1974 ἄξιον.
1527 1932 1633 1969 Ποῖον
1664 1930 1704 1977 δὴ
1735 1934 1854 1977 τοῦτο,
1873 1929 1959 1968 ”Οτι
1987 1929 2282 1982 ἀναισχυντοτέρα
2300 1929 2420 1981 γέγονε

1403 1990 1521 2028 λοιπὸν
1540 1994 1561 2037 ἦ
1577 1990 1685 2042 ψυχή.
1702 1991 1876 2029 Έκοίστον
1892 1990 1959 2043 γὰρ
1981 1994 2048 2028 τῶν
2069 1990 2344 2041 ἁμαρτημάτων,
2362 1990 2422 2028 καὶ

1403 2055 1465 2098 τῆς
1484 2051 1656 2103 ἁμαρτίας
1675 2052 1898 2103 ἐργασθείσης
1916 2052 1975 2089 καὶ
1995 2051 2221 2100 παυσαμένης
2235 2081 2244 2098 ,
2262 2050 2423 2088 ἐναποτί-

1404 2111 1500 2150 Οεταί
1518 2128 1570 2155 τις
1599 2114 1700 2161 ἡμῶν
1728 2112 1775 2154 ἰὸς
1792 2115 1834 2163 τῇ
1861 2113 2060 2163 ψυχῇθία
2089 2111 2224 2155 ἀκούεις
2253 2111 2422 2162 λεγόντων

1403 2176 1518 2218 τινῶν,
1542 2172 1622 2209 ὅταν
1643 2175 1681 2210 ἐκ
1709 2173 1806 2210 νόσου
1835 2172 2033 2223 ὑγιάνωσιν,
2057 2173 2110 2210 ὅτι
2131 2173 2192 2209 οὐκ
2221 2171 2273 2209 ἔτι
2303 2174 2422 2222 τολμῶ

1404 2232 1496 2285 ὕδωρ
1525 2239 1636 2279 πιεῖν,
1665 2232 1779 2269 καίτοι
1807 2248 1845 2283 γε
1863 2234 1881 2253 *
1899 2232 2055 2282 ὓγίανεν·
2080 2234 2155 2270 ἀλλ’
2188 2236 2210 2279 ἧ
2239 2232 2337 2275 νόσος
2363 2232 2423 2270 καὶ

1402 2298 1502 2331 τοῦτο
1521 2292 1676 2339 ἠδίκησε.
1698 2295 1860 2330 Κάκεῖνοι
1881 2292 1943 2343 μὲν
1965 2295 2080 2335 κακῶς
2091 2293 2421 2344 πάσχοντεςρὒχα-

1407 2356 1577 2404 ριστοῖῐσιν
1591 2368 1598 2375 ·
1614 2355 1715 2400 ἡμεῖς
1732 2351 1767 2389 δὲ
1784 2346 1819 2389 εῧ
1832 2352 2059 2403 πράττοντες,
2077 2354 2351 2403 βλασφημοῧμεν
2365 2351 2422 2388 τὸν

1405 2415 1506 2459 Θεὸν,
1526 2412 1585 2449 καὶ
1617 2413 1921 2461 ἀποδυσπετοῧμεν
1935 2427 1942 2434 ·
1963 2412 2124 2454 πλείονας
2151 2411 2218 2462 γὰρ
2240 2411 2351 2463 εὕροις
2382 2411 2422 2448 ἂν

1406 2475 1440 2510 ἐν
1456 2472 1554 2524 ὑγεία
1568 2471 1628 2509 καὶ
1646 2471 1784 2524 πλούτῳ
1806 2476 1906 2509 τοῦτο
1927 2476 2128 2519 ποιοῦντας,
2147 2471 2170 2517 ἢ
2193 2473 2227 2509 ἐν
2244 2471 2346 2522 πενίᾳ
2365 2471 2424 2508 καὶ

1408 2533 1594 2585 ἀρρωστία.
1614 2532 1808 2583 'Epic-»me
1826 2532 1893 2583 γὰρ
1909 2534 1926 2569 ὃ
1944 2532 2078 2581 δαίμων
2108 2535 2154 2575 ὡς
2176 2532 2298 2582 δήμιος
2320 2532 2427 2574 ὄντως

1406 2593 1571 2644 “σφοδρὸς
1591 2594 1742 2630 ἀπειλῶν
1773 2592 1907 2638 πολλὰ,
1928 2592 2085 2643 καθάπερ
2118 2608 2169 2635 τις
2200 2592 2426 2642 παιδαγωγὸς

1408 2654 1466 2691 τὸν
1501 2652 1630 2703 ἱμάντα
1663 2651 1860 2695 ἀνατείνων,
1897 2652 1958 2689 καὶ
1996 2652 2182 2703 οὐδαμόθεν
2212 2655 2428 2703 ἀναχυθῆναι

1409 2712 1531 2764 ἀφιείς.
1549 2714 1592 2750 Εἰ
1608 2712 1643 2749 δέ
1659 2728 1747 2754 τινες
1766 2713 1846 2761 μηδ’
1864 2711 1954 2749 οὕτω
1967 2711 2119 2763 νήφοιεν,
2139 2711 2154 2731 ‘¹
2169 2713 2245 2750 ἀλλ’
2261 2706 2318 2749 οῧν
2342 2713 2429 2749 ἐκεῖ·

1410 2789 1461 2811 νοι
1477 2773 1609 2811 διδόασι
1630 2772 1741 2819 δίκην.
1759 2773 1811 2809 Οὐ
1834 2771 1955 2823 μικρὸν
1979 2771 2013 2808 δὲ
2042 2771 2239 2809 καὶτοῦτο·
2269 2771 2428 2823 καθάπερ

1411 2834 1478 2885 γὰρ
1499 2836 1529 2871 οἱ
1561 2833 1687 2884 μωροὶ,
1721 2832 1879 2883 καθάπερ
1903 2834 1934 2869 οἱ
1967 2831 2185 2881 μαινόμενοι,
2211 2831 2368 2884 καθάπερ
2398 2834 2429 2869 οἱ

1411 2896 1531 2936 παῖδες
1550 2895 1610 2931 οὒκ
1638 2897 1865 2931 ἀπαιτοῦνται
1896 2891 2035 2934 εὐθύνας
2049 2921 2058 2938 ,
2078 2891 2185 2935 οὕτως
2208 2891 2284 2929 οὐδὲ
2311 2888 2404 2931 οὗτοι
2421 2908 2429 2916 ·

1411 2957 1478 2993 τῶν
1503 2953 1571 3004 γὰρ
1604 2955 1664 2991 οὐκ
1693 2955 1725 2990 ἐν
1750 2952 1876 3003 γνώσει
1902 2951 2151 3004 πραττομένων
2184 2953 2290 2995 οὐδεὶς
2323 2953 2430 2995 οὕτως

1412 3015 1524 3067 ὠμὸς,
1543 3013 1633 3051 ὥστε
1653 3015 1847 3059 ἀπαιτῆσαι
1873 3011 1970 3059 δίκην
1990 3012 2086 3051 ποτέ.
2105 3012 2192 3064 Ἄρα
2223 3014 2342 3065 πολλῷ
2360 3015 2429 3051 τῶν

1471 3143 1484 3158 c
1509 3131 1573 3166 Alii
1591 3135 1712 3178 σῐοῧρὸς
1728 3135 1826 3166 πολλὰ
1844 3136 1935 3174 λέγων
1951 3137 2101 3178 καθάπερ.

1472 3188 1490 3212 d
1514 3189 1590 3230 [lta
1607 3183 1769 3217 Commel.
1792 3191 1825 3215 et
1841 3185 1882 3217 D.
1908 3183 2006 3226 idque
2034 3184 2181 3216 reddidit
2208 3185 2375 3216 Erasmus.
2392 3184 2430 3215 A.

1429 3239 1466 3269 B.
1487 3239 1524 3270 C.
1545 3243 1569 3270 εἰ
1586 3240 1617 3270 δέ
1641 3250 1714 3273 τ;·.ι;·ς
1730 3238 1800 3278 μηδ’
1819 3239 1892 3272 ὅλως
1916 3251 1940 3268 ν.
1961 3239 2024 3268 οὐδὲ
2051 3241 2094 3268 ἐκ.
2115 3239 2223 3270 διδάασι
2247 3234 2298 3268 vel
2321 3238 2431 3268 δίδωσι.

1429 3289 1528 3321 Savil.
1547 3300 1643 3331 quein
1669 3286 1865 3331 sequebatur
1891 3286 2010 3321 Mouif.
2030 3293 2052 3321 εἰ
2069 3291 2099 3321 δέ
2114 3303 2142 3322 τ.
2160 3304 2197 3331 μ.
2216 3290 2291 3322 οὕτω
2308 3303 2346 3327 m,
2365 3289 2430 3321 οὐδὲ

1429 3346 1472 3374 ἐκ.
1491 3341 1640 3382 [ainwa]
