2466 3805
78 1203 186 1230 Malih.

210 1212 237 1230 ὰ.

290 263 373 292 102
723 261 760 290 S.
799 258 983 290 JOANNIS

281 358 340 391 ve,
369 356 434 394 pro
458 342 570 379 nihilo
591 355 664 379 rem
687 340 823 377 habes?
845 338 890 375 Et
919 345 1049 386 quanto
1077 333 1254 385 supplicio

278 403 409 453 dignus
429 415 497 439 non
526 401 660 438 fueris?
683 400 761 436 Non
783 396 953 448 prohibeo
975 396 1091 432 Deum
1119 406 1256 443 semper

278 463 315 500 in
334 472 447 500 mente
464 461 593 498 habere
612 459 701 506 (hoc
716 457 811 494 enim
831 465 865 493 et
887 453 1039 506 optarim
1059 462 1090 491 et
1113 452 1254 500 velim),

278 532 313 560 at
331 536 398 559 non
418 530 543 572 praeter
560 519 732 570 placitum
752 517 840 568 ejus,
861 528 987 554 verum
1004 527 1086 552 cum
1102 513 1209 551 laude
1224 521 1257 551 et

278 582 420 618 honore.
445 581 574 629 Magna
606 577 643 614 id
673 576 773 614 nobis
803 584 940 628 pareret
965 575 1084 622 bona,
1116 573 1146 611 si
1175 586 1258 611 cum

277 648 433 691 oportet,
453 647 487 676 et
504 638 539 674 in
559 637 690 688 quibus
705 645 864 688 oportet,
890 644 1029 673 tantum
1050 645 1258 672 vocaremus

275 713 369 737 eum.
389 699 476 747 Cur,
503 710 632 747 quaeso,
655 696 896 748 apostolorum
918 708 994 733 aevo
1020 703 1070 732 tot
1083 703 1258 743 tantaeque

275 760 420 797 virtutes
439 758 588 805 fiebant,
613 765 732 794 nostra
751 771 834 795 vero
862 765 964 794 aetate
986 755 1132 793 minime
1145 784 1155 803 ,
1174 754 1256 792 licet

274 818 367 856 idem
386 818 461 870 ipse
479 818 524 855 sit
543 819 651 865 Deus,
669 816 827 868 idipsum
847 816 997 853 nomen?
1017 814 1090 854 Sed
1107 828 1177 852 non
1190 828 1256 865 par

274 893 327 916 res
356 887 418 916 est.
450 876 662 924 Quomodo?
687 876 780 924 Quia
809 876 864 922 illi
891 875 926 912 in
956 875 1020 925 iis,
1042 888 1119 925 quae
1149 874 1254 922 dixi,

274 954 392 993 lpsum
410 938 582 976 vocabant
600 937 738 985 solum3
758 950 821 974 nos
842 949 925 973 vero
944 948 1014 972 non
1040 934 1077 972 in
1100 933 1170 984 his,
1193 933 1255 971 sed

273 1002 310 1038 in
329 1000 422 1039 aliis.
437 999 475 1037 Si
490 1007 605 1036 autem
624 997 702 1035 ideo
713 997 828 1049 juras,
851 995 933 1045 quia
951 995 1012 1032 ille
1029 1008 1099 1032 non
1117 993 1230 1031 credit
1245 1009 1253 1029 :

273 1061 331 1099 dic
360 1060 515 1111 quidem,
539 1057 650 1096 Crede
657 1073 667 1107 3
690 1066 855 1094 caeterum
874 1056 904 1092 si
924 1055 999 1103 vis,
1017 1055 1101 1106 jura
1122 1066 1186 1105 per
1204 1062 1254 1090 te-

274 1122 403 1174 ipsum.
437 1120 520 1157 Haee
548 1119 680 1165 dicens,
710 1131 778 1155 non
814 1115 988 1153 contraria
1021 1113 1155 1152 Christi
1184 1113 1255 1164 legi

275 1186 429 1237 profero,
446 1183 554 1221 absit:
575 1196 656 1219 nam
674 1182 738 1231 ait,
755 1181 810 1218 Sit
827 1188 955 1217 autem
974 1191 1097 1216 sermo
1116 1185 1253 1223 vester,

276 1247 362 1292 Est,
384 1253 438 1282 est
449 1245 578 1289 ,·N0n,
599 1256 676 1280 non
686 1258 700 1287 ;
717 1240 776 1279 sed
798 1254 852 1277 me
876 1236 981 1278 vobis
1004 1247 1251 1288 attemperans,

278 1315 316 1343 ut
335 1305 447 1357 magis
465 1304 510 1341 ad
527 1303 594 1341 hoc
613 1317 674 1342 vos
693 1301 859 1339 inducam
877 1309 910 1337 et
928 1314 947 1336 a
966 1297 1152 1351 tyrannica
1173 1310 1256 1334 con-

277 1366 463 1405 suetudine
486 1365 646 1402 liberem.
673 1363 767 1409 Quot
794 1362 830 1399 in
852 1361 931 1398 aliis
959 1360 1065 1397 rebus
1089 1358 1253 1411 probati,

274 1429 341 1465 hae
361 1427 404 1464 de
424 1441 528 1464 causa
560 1424 766 1477 perierunt?
786 1422 908 1462 Vultis
925 1421 1072 1469 discere,
1089 1434 1152 1457 cru¹
1182 1418 1256 1471 pri-

275 1489 342 1526 scis
356 1488 426 1526 illis
441 1488 562 1538 jurare
581 1483 867 1538 permitteretur?
887 1482 1062 1534 (peJerare
1080 1480 1175 1518 enim
1196 1494 1257 1518 ne—

274 1564 342 1600 que
371 1549 444 1586 illis
469 1558 672 1585 concessum
699 1548 812 1592 erat.)
832 1543 923 1590 Quia
951 1556 1014 1594 per
1041 1541 1138 1579 idola
1151 1542 1254 1593 jura-

273 1610 371 1647 bant.
392 1610 471 1646 Non
499 1622 561 1646 vos
589 1606 699 1659 pudet
727 1606 762 1643 in
790 1605 834 1643 iis
860 1617 1001 1642 manere
1028 1603 1192 1654 legibus,
1219 1602 1256 1639 in

274 1670 403 1720 quibus
419 1669 473 1706 illi
488 1668 719 1707 versabantur
738 1665 884 1704 infirmi.
904 1665 995 1702 Nam
1014 1664 1043 1701 si
1063 1677 1157 1701 nunc
1174 1676 1256 1714 gen-

275 1732 371 1769 tilem
391 1730 545 1776 adoriar,
565 1743 635 1767 non
653 1727 773 1766 statim
790 1727 846 1764 illi
863 1727 932 1764 hoc
950 1725 1100 1777 impero,
1121 1724 1181 1762 sed
1203 1724 1256 1761 in-

276 1794 378 1831 terim
404 1802 442 1830 ut
469 1792 556 1830 sciat
575 1791 756 1828 Christum
781 1788 953 1826 admoneo
975 1803 982 1823 :
1003 1786 1120 1824 fidelis
1149 1799 1232 1824 vero
1246 1814 1256 1835 ,

277 1855 337 1904 qui
365 1853 548 1891 Christum
576 1851 704 1889 didicit
734 1859 765 1888 et
796 1849 950 1898 audivit,
981 1848 1011 1885 si
1037 1847 1158 1886 eadem
1187 1860 1257 1897 qua

277 1916 424 1953 Graecus
452 1911 670 1962 indulgentia
695 1923 784 1961 opus
806 1909 934 1946 habeat
946 1937 958 1957 ,
983 1921 1061 1957 quae
1091 1907 1257 1944 utilitas‘.3

277 1974 372 2024 quod
389 1973 553 2011 lucrum?
574 1971 644 2010 Sed
670 1969 790 2022 gravis
815 1983 869 2007 res
888 1978 940 2006 est
970 1967 1206 2017 consuetudo,
1226 1976 1260 2005 et

275 2036 424 2074 difficile
445 2032 682 2072 abstraheris?
698 2031 807 2082 Ergo,
822 2030 905 2080 quia
924 2038 1020 2067 tanta
1037 2038 1088 2066 est
1115 2042 1260 2066 consue-

276 2095 409 2132 tudinis
436 2094 611 2146 tyrannis,
633 2106 710 2130 eam
727 2091 763 2128 in
780 2091 888 2128 aliam
905 2089 1054 2127 transfer
1073 2098 1261 2126 consuetu-

277 2156 409 2193 dinem.
442 2155 489 2191 Et
507 2152 696 2204 quomodo,
715 2152 864 2202 inquies,
890 2149 968 2187 fieri
991 2149 1132 2200 potest?
1153 2149 1262 2195 Quod

278 2231 370 2269 saepe
392 2216 483 2261 dixi,
505 2215 572 2251 hoe
600 2223 633 2251 et
664 2226 758 2250 nunc
784 2211 886 2249 dieo:
907 2209 986 2247 Sint
1021 2209 1262 2247 emendatores

277 2278 457 2315 dictorum
489 2275 609 2323 multi,
629 2273 698 2311 sint
730 2271 954 2322 inquisitores
980 2278 1014 2307 et
1041 2278 1260 2307 correctores.

280 2338 360 2374 Non
389 2335 507 2388 pudor
533 2343 584 2371 est
610 2333 655 2370 ab
682 2331 760 2369 aliis
793 2329 949 2381 corrigi3
981 2328 1052 2365 imo
1072 2327 1188 2379 pudor
1212 2338 1263 2366 est

280 2398 446 2450 repellere
461 2395 682 2446 corrigentes,
696 2401 729 2430 et
742 2392 778 2429 in
789 2390 940 2443 propriae
955 2389 1079 2427 salutis
1092 2387 1264 2426 damnum

280 2459 348 2496 hoc
376 2459 502 2495 facere.
530 2455 577 2492 Et
607 2463 646 2491 tu
666 2451 810 2504 quidem
834 2451 864 2488 si
890 2458 1026 2489 vestem
1056 2447 1182 2486 induas
1209 2449 1263 2487 in-

281 2532 442 2566 versam,
468 2514 643 2568 permittis
670 2522 704 2550 te
729 2527 750 2549 a
777 2525 887 2563 puero
914 2509 1115 2558 admoneri,
1143 2523 1206 2547 nec
1229 2520 1263 2548 te

282 2579 390 2632 pudet
418 2579 463 2616 ab
496 2577 558 2614 isso
588 2575 750 2623 discere,
774 2571 937 2624 quamvis
967 2571 1034 2608 hac
1063 2570 1099 2608 in
1121 2584 1158 2608 re
1187 2585 1262 2609 ma-

283 2654 373 2691 gnus
392 2639 437 2676 sit
451 2637 566 2690 pudor
586 2651 593 2673 :
612 2636 672 2672 hic
690 2643 810 2672 autem
826 2633 862 2670 in
881 2632 999 2669 anima
1018 2631 1133 2680 laesus,
1150 2639 1183 2669 te
1198 2646 1262 2683 pu-

282 2701 341 2739 det
357 2701 401 2738 ab
419 2700 489 2737 alio
503 2696 661 2736 erudiri?
675 2704 709 2733 et
727 2707 869 2732 servum
886 2693 955 2730 fers
970 2701 1004 2729 te
1022 2692 1115 2729 circa
1128 2700 1263 2730 vestem

282 2772 462 2802 ornantem
481 2770 514 2798 et
539 2760 748 2798 calceantem
761 2786 770 2802 ,
791 2769 871 2794 eum
889 2763 1007 2792 autem
1026 2753 1088 2804 qui
1108 2753 1262 2791 animam

281 2835 380 2863 tuam
399 2832 499 2862 ornat
518 2835 587 2859 non
609 2817 785 2858 sustines?
804 2816 851 2854 Et
871 2824 1010 2866 quantae
1029 2815 1098 2853 hoc
1116 2829 1185 2853 non
1206 2815 1262 2853 in-

281 2885 451 2937 sipientiae
470 2881 602 2920 fuerit?
621 2880 675 2918 Sit
695 2887 729 2915 et
759 2889 881 2914 servus
906 2874 1041 2923 doctor,
1063 2875 1109 2913 sit
1133 2890 1262 2927 pueru-

281 2947 349 2993 lus,
368 2945 413 2983 sit
432 2957 535 2991 uxor,
554 2941 599 2979 sit
618 2941 768 2985 amicus,
790 2945 971 2987 cognatus,
993 2935 1143 2974 vicinus.
1162 2936 1263 2973 Sicut

280 3006 374 3043 enim
391 3006 464 3042 fera
479 3034 488 3053 ,
503 3016 580 3054 quae
599 2999 755 3050 undique
774 2997 930 3049 pellitur,
952 3009 1021 3032 non
1038 3005 1153 3047 potest
1173 2997 1261 3033 effu-

281 3080 382 3118 gere:
403 3066 453 3103 sie
471 3065 513 3113 is,
536 3062 602 3113 qui
621 3069 672 3098 tot
689 3059 798 3096 habet
822 3055 995 3104 custodes,
1012 3064 1063 3093 tot
1089 3066 1262 3094 correcto-

280 3143 349 3179 res,
378 3128 440 3179 qui
458 3126 617 3176 undique
635 3122 777 3167 feriant,
798 3134 867 3158 non
885 3127 1000 3171 potest
1021 3131 1091 3155 non
1115 3118 1184 3155 sibi
1208 3133 1262 3156 ca-

282 3206 374 3230 vere.
400 3191 447 3227 Et
471 3190 586 3241 primo
605 3184 751 3237 quidem
774 3183 833 3221 die
861 3195 952 3233 aegre
978 3181 1064 3219 feret
1092 3190 1196 3231 atque
1222 3182 1258 3218 in

322 3332 336 3346 ἢ
349 3320 411 3353 Α1ἱί
426 3326 495 3353 ἴσον.
511 3324 610 3352 ἐκεῖνοι
625 3320 679 3359 μὲν
694 3321 752 3360 γὰρ
767 3318 815 3349 ἐπὶ
828 3316 951 3350 τούτοις.

320 3374 336 3397 b
351 3370 462 3403 Morel.
483 3372 670 3407 διδάσκαλος,
691 3372 766 3400 ἔστω
783 3370 830 3398 καὶ
858 3368 956 3410 φίλος,
973 3362 1102 3395 OmiSSis
1127 3361 1276 3404 interpo-

1017 256 1098 285 ΕΗΒ
1104 254 1242 284 YSOST
1250 273 1259 282 .
1297 254 1482 282 ARCHIEP
1490 273 1499 282 .
1538 253 1876 285 CONSTANTINOP
1884 276 1893 284 .

1331 333 1490 385 ριφέρων,
1505 336 1542 371 οὐ
1554 334 1654 382 μόνον
1667 334 1798 382 ἁπλῶς,
1810 335 1899 373 ἀλλὰ
1910 335 1968 373 καὶ
1983 336 2133 388 ἀκαίρως
2147 336 2181 371 ἐν
2196 338 2265 375 τοῖς
2278 338 2348 375 σοῖς

1327 393 1440 444 λόγοις
1453 422 1463 438 ,
1477 393 1571 430 οὐδὲν
1586 393 1625 430 τὸ
1641 400 1789 444 πρᾶγμα
1802 395 1972 446 νομίζεις,
1988 396 2057 434 Καὶ
2071 395 2181 441 πόσης
2196 393 2274 444 οὐχὶ
2289 408 2349 430 κο-

1329 453 1460 495 λάσεως
1475 453 1564 496 ἄξιος
1578 454 1617 490 ἂν
1632 453 1781 502 εἴηςςθύ
1794 455 1916 493 κωλύω
1928 455 1984 493 τὸν
1998 455 2087 494 Θεὸν
2104 457 2195 507 ἔχειν
2207 455 2225 491 δ
2230 467 2350 491 ιαπαν-

1328 514 1384 557 τὸς
1399 516 1433 552 ἐν
1454 513 1586 566 διανοίᾳ
1606 516 1724 561 (τοῦτο
1739 515 1807 568 γὰρ
1826 516 1885 553 καὶ
1900 515 2047 567 εὔχομαι
2062 517 2120 554 καὶ
2138 514 2324 567 βούλομαι)
2341 542 2350 557 ,

1330 573 1419 610 ἀλλὰ
1443 573 1492 624 μὴ
1521 575 1617 625 παρὰ
1634 575 1673 612 τὸ
1698 576 1818 612 δοκοῦν
1835 577 1947 627 αὐτῷ,
1964 577 2039 613 ἀλλ’
2061 575 2238 624 αἰνοῦνταξ,
2259 576 2350 613 ἀλλὰ

1329 636 1498 684 τιμῶντα.
1517 634 1665 685 Μεγάλα
1683 634 1722 671 ἂν
1739 639 1839 673 τοῦτο
1859 635 2044 686 εἰργάσατο
2059 639 2142 685 ἡμῖν
2164 636 2277 686 ἀγαθὰ
2290 665 2299 683 ,
2323 638 2350 673 εἰ

1329 694 1385 733 ὅτε
1400 694 1468 733 ἔδει
1481 723 1490 740 ,
1511 695 1569 732 καὶ
1595 697 1646 746 ἐφ’
1666 689 1714 738 οἷς
1729 694 1797 732 ἔδει
1818 695 1920 745 μόνον
1937 697 2127 745 ἐκαλοῦμεν
2147 695 2262 733 αὐτόν.
2283 696 2351 734 Διὰ

1330 755 1387 801 τί,
1409 754 1486 793 εἶπέ
1505 770 1581 805 μοι,
1603 755 1660 792 ἐπὶ
1681 754 1742 805 μὲν
1762 758 1830 792 τῶν
1846 756 2047 794 ἀποστόλων
2067 759 2233 793 τοσαῦται
2251 757 2352 794 δυνά-

1330 832 1404 866 μεις
1423 815 1593 866 ἐγίνοντο,
1610 816 1666 854 ἐπὶ
1692 816 1727 854 δὲ
1746 819 1846 865 ἡμῶν
1869 815 1967 867 οὐχί,
1983 815 2097 853 καίτοι
2119 819 2136 853 ὁ
2156 816 2258 859 αὐτός
2278 818 2351 853 ἐστι

1329 878 1429 922 Θεὸς,
1439 878 1478 916 τὸ
1493 877 1576 915 αὐτὸ
1594 878 1717 926 ὄνομα.
1736 877 1827 914 Ἀλλ’
1844 879 1905 915 οὔκ
1920 877 2012 914 ἔστιν
2029 877 2137 914 θῖσον.
2153 877 2236 920 Πῶς
2243 892 2253 925 ;
2268 876 2353 915 “On

1328 940 1451 976 ἐκεῖνοι
1471 938 1532 988 μὲν
1559 938 1614 975 ἐπὶ
1632 937 1781 985 τούτοις,
1803 933 1852 981 οἷς
1877 931 1985 985 εἷπον,
2003 937 2103 974 αὐτὸν
2122 937 2268 975 ἐκάλουν
2289 937 2352 988 μό-

1326 1014 1398 1036 νον·
1418 1002 1519 1049 ἧμεῖς
1533 999 1567 1036 δὲ
1588 1000 1650 1036 οὐκ
1666 999 1722 1036 ἐπὶ
1740 998 1873 1041 τούτοις
1887 1029 1897 1045 ,
1921 999 1997 1035 ἀλλ’
2018 999 2074 1035 ἐπ’
2093 998 2222 1041 ἄλλοις.
2254 999 2299 1035 Εἰ
2317 997 2351 1036 δὲ

1326 1065 1486 1106 ἀπιστεῖ,
1505 1060 1565 1098 καὶ
1585 1059 1641 1097 διὰ
1661 1063 1762 1098 τοῦτο
1780 1059 1916 1110 ὅμνύεις
1929 1090 1938 1106 ,
1952 1058 2032 1109 λέγε
2054 1058 2128 1109 μὲν,
2143 1058 2344 1097 πίστευσον·

1325 1121 1416 1167 πλὴν
1436 1123 1465 1158 εἰ
1487 1120 1621 1171 βούλει,
1640 1120 1765 1170 ὄμοσον
1786 1119 1878 1158 κατὰ
1906 1124 2043 1157 σαυτοῦ.
2065 1121 2145 1157 Oba
2163 1122 2346 1170 ἀντινομο-

1327 1183 1431 1219 θετῶν
1442 1184 1490 1232 τῷ
1505 1182 1645 1232 Χριστῷ
1660 1181 1752 1232 λέγω
1763 1211 1773 1228 ,
1790 1180 1839 1229 μὴ
1851 1180 1984 1231 γένοιτο
1997 1195 2004 1203 ·
2021 1179 2110 1218 ἔστω
2126 1180 2211 1233 γὰρ,
2226 1180 2345 1231 φησὶν,

1327 1244 1421 1292 ὑμῶν
1442 1242 1481 1279 τὸ
1494 1272 1503 1289 ,
1521 1241 1577 1279 ναὶ
1598 1241 1673 1285 ναὶ,
1701 1241 1835 1287 καὶτὸ,
1852 1240 1891 1278 οὒ
1916 1241 1953 1278 οὔ
1969 1257 1976 1264 ·
1997 1241 2087 1279 ἀλλὰ
2106 1240 2347 1292 συγκαταὸαί-

1324 1320 1390 1341 νων
1411 1307 1504 1353 ὑμῖν,
1530 1302 1586 1340 ἵνα
1608 1304 1738 1354 μᾶλλον
1766 1304 1813 1345 εἷς
1831 1306 1930 1340 τοῦτο
1959 1306 2050 1352 ὑμᾶς
2076 1302 2257 1353 ἐναγάγω,
2287 1301 2347 1339 καὶ

1281 1373 1305 1403 C
1324 1367 1387 1410 τῆς
1400 1363 1579 1410 συνηθείας
1598 1363 1771 1415 ἀπαγάγω
1787 1365 1848 1408 τ’ἧς
1863 1366 2081 1414 τυραννικῆς.
2098 1362 2209 1400 Πόσοι
2226 1364 2260 1400 ἐν
2276 1367 2347 1405 τοῖς

1327 1426 1444 1468 ἄλλοις
1457 1426 1713 1474 εὐδοκιμοῦντες
1727 1423 1906 1462 ἀπώλοντο
1926 1424 1995 1461 ἀπὸ
2008 1423 2138 1461 τούτων
2163 1425 2231 1460 τῶν
2256 1438 2346 1474 πρα-

1325 1487 1467 1538 γμάτων
1483 1502 1492 1532 ;
1510 1485 1681 1524 Βούλεσθε
1697 1488 1834 1536 μαθεῖν,
1851 1483 1949 1521 διὰτί
1963 1483 2178 1535 συνεχώρουν
2193 1489 2264 1526 τοῖς
2277 1485 2343 1534 ἀρ-

1325 1546 1439 1599 χαίοις
1456 1546 1612 1596 ὀμνύειν,
1633 1549 1827 1597 (ἐπιορκεῖν
1844 1544 1911 1597 γὰρ
1931 1545 2006 1583 οὐδὲ
2041 1544 2181 1588 ἐκείνοις
2215 1560 2346 1596 συγκε-

1326 1607 1499 1660 χώρητο.)
1518 1607 1664 1653 Ἐπειδὴ
1693 1609 1726 1644 ἐν
1746 1612 1817 1649 τοῖς
1847 1605 1999 1648 εἰδώλοις
2019 1605 2165 1656 ὤμνυον.
2185 1606 2261 1643 Οὐκ
2287 1607 2346 1642 αἰ-

1327 1668 1492 1720 σχύνεσθε
1516 1667 1646 1710 τούτοις
1666 1666 1871 1717 ἐμμένοντες
1903 1673 1973 1710 τοῖς
2004 1666 2137 1717 νόμοις,
2157 1659 2206 1708 οἷς
2225 1668 2348 1704 ἐκεῖνοι

1327 1729 1488 1781 ἐντ’,γοντο
1504 1730 1534 1766 οἳ
1564 1729 1735 1775 ἀσθενεῖς,
1759 1727 1862 1765 Ἐπεὶ
1877 1727 1936 1765 καὶ
1956 1731 2013 1765 νῦν
2030 1726 2193 1773 εΈλληνα
2209 1726 2268 1764 ἐὰν
2284 1727 2347 1764 λά-

1327 1790 1397 1837 ὅω,
1412 1791 1474 1827 οὔκ
1495 1789 1617 1832 εὐθέως
1634 1791 1727 1840 αὐτῷ
1744 1789 1921 1827 ἐπιτάσσω
1939 1792 2038 1826 τοῦτο
2050 1819 2059 1836 ,
2085 1786 2174 1825 ἀλλὰ
2194 1787 2280 1830 τέως
2302 1790 2348 1825 εἷ-

1327 1850 1421 1889 δέναι
1440 1849 1496 1888 τὸν
1530 1850 1681 1901 Χριστὸν
1704 1852 1863 1901 παραινῶ
1877 1865 1884 1872 ·
1915 1852 1932 1887 ὃ
1952 1848 1987 1886 δὲ
2007 1849 2127 1891 πιστὸς
2147 1847 2207 1885 καὶ
2227 1846 2346 1898 μαθὼν

1330 1912 1432 1950 αὐτὸν
1452 1911 1511 1949 καὶ
1535 1910 1698 1956 ἀκούσας,
1719 1913 1749 1948 εἰ
1779 1910 1898 1961 μέλλοι
1916 1912 1979 1955 τῆς
1999 1911 2105 1956 αὐτ-ἧς
2130 1912 2179 1961 τῷ
2200 1908 2348 1955 Ἕλληνι

1286 1983 1311 2013 D
1330 1971 1621 2023 συγκαταὲάσεως
1641 1973 1772 2008 δεῖσθαι
1790 2000 1799 2018 ,
1822 1970 1856 2007 τί
1876 1970 1914 2008 τὸ
1933 1970 2069 2022 ὄφελος,
2088 1974 2184 2007 ποῖον
2204 1969 2244 2007 τὸ
2265 1968 2348 2020 κέρ-

1332 2034 1406 2080 δος,
1426 2032 1517 2071 Ἀλλ’
1545 2035 1567 2078 ἡ
1596 2031 1758 2078 συνήθεια
1781 2031 1948 2082 χαλεπὸν,
1971 2030 2029 2068 καὶ
2052 2030 2349 2073 δυσαποσπάστως

1331 2094 1438 2146 ἔχεις;
1454 2094 1590 2131 Οὐκοῦν
1607 2091 1682 2130 ἐπεὶ
1698 2090 1848 2138 τοσαύτη
1867 2093 1928 2136 τῆς
1947 2090 2126 2138 συνηθείας
2141 2093 2163 2136 ἡ
2179 2089 2349 2141 τυραννὶς,

1333 2156 1379 2196 εἰς
1399 2154 1517 2205 ἑτέραν
1539 2152 1642 2197 αὐτὴν
1661 2148 1836 2202 μετάγαγε
1858 2152 2050 2198 συνήθειαν.
2072 2151 2142 2189 Καὶ
2161 2154 2234 2194 πῶς
2250 2151 2352 2188 δυνα-

1334 2214 1404 2262 τὸν,
1432 2214 1534 2265 φησίν
1550 2230 1559 2260 ;
1583 2212 1633 2250 <³O
1652 2212 1820 2254 πολλάκις
1839 2206 1948 2259 εἶπον,
1964 2217 2063 2250 τοῦτο
2081 2212 2141 2249 καὶ
2159 2215 2217 2250 νῦν
2235 2210 2328 2262 λέγω
2341 2225 2349 2233 ·

1335 2275 1488 2313 ἔστωσαν
1515 2272 1674 2323 λογισταὶ
1703 2274 1772 2309 τῶν
1798 2272 1993 2322 λεγομένων
2026 2272 2167 2319 πολλοὶ,
2196 2272 2350 2309 ἔστωσαν

1336 2333 1514 2378 ἐξετασταὶ
1540 2333 1599 2370 καὶ
1625 2330 1820 2384 διορθωταί.
1841 2334 1917 2370 Οὐκ
1935 2331 2026 2369 ἔστιν
2056 2331 2203 2383 αἰσχύνη
2229 2331 2268 2369 τὸ
2295 2333 2351 2383 ὑφ’

1336 2395 1460 2447 ἑτέρων
1482 2395 1716 2444 διορθοῦσθαι·
1735 2394 1865 2442 μᾶλλον
1887 2391 1948 2442 μὲν
1962 2386 2019 2430 οὖν
2036 2393 2184 2443 αἰσχύνη
2204 2391 2243 2429 τὸ
2258 2393 2352 2430 ἀπω-

1337 2458 1468 2493 θεῖσθαι
1487 2454 1563 2497 τοὺς
1584 2455 1817 2505 διορθοῦντας,
1836 2453 1895 2490 καὶ
1924 2453 1980 2491 ἐπὶ
2008 2453 2122 2503 βλάὸῃ
2145 2454 2208 2498 τῆς
2225 2452 2354 2496 οἰκείας

1337 2515 1509 2566 σωτηρίας
1534 2518 1634 2552 τοῦτο
1654 2519 1776 2552 ποιεῖν.
1803 2513 1874 2551 Καὶ
1905 2513 1944 2552 σὺ
1976 2512 2037 2562 μὲν
2059 2513 2122 2559 τὴν
2155 2515 2283 2559 ἐσθῆτα
2313 2512 2353 2549 ἂν

1303 2607 1312 2616 ,
1337 2575 1482 2619 ἐναλλὰξ
1503 2575 1676 2626 περιὲάλῃ
1691 2605 1700 2621 ,
1721 2574 1780 2612 καὶ
1797 2575 1907 2611 παῖδα
1926 2573 2123 2625 ἐπιτρέπεις
2138 2575 2324 2626 διορθῶσαι
2341 2602 2351 2620 ,

1336 2637 1395 2674 καὶ
1412 2639 1472 2675 οὐκ
1497 2635 1644 2687 αἰσχύνῃ
1661 2636 1742 2686 παρ’
1760 2634 1888 2673 ἐκείνου
1905 2635 2099 2685 μανθάνων,
2130 2634 2244 2672 καίτοι
2257 2651 2295 2684 γε
2314 2635 2349 2671 ἐν

1336 2698 1446 2749 τούτῳ
1471 2696 1583 2742 πολλὴ
1599 2699 1620 2741 ἡ
1641 2695 1788 2747 αἰσχύνη
1801 2711 1809 2719 ·
1830 2698 1976 2734 ἐνταῦθα
1997 2695 2032 2732 δὲ
2053 2695 2115 2742 τὴν
2135 2695 2250 2747 ψυχὴν
2271 2697 2354 2745 βλα-

1335 2758 1525 2808 πτάμενος,
1558 2756 1727 2808 αἰσχύνῃ,
1762 2756 1839 2794 εἰπέ
1860 2771 1939 2805 μοι,
1958 2757 2041 2808 παρ’
2062 2755 2178 2806 ἑτέρου
2209 2755 2358 2794 παιδεύ-.

1337 2823 1452 2865 εσθαι;
1475 2817 1534 2856 καὶ
1554 2820 1751 2867 κοσμοῦντα
1772 2816 1833 2866 μέν
1859 2832 1896 2853 σε
1915 2816 1995 2867 περὶ
2013 2815 2076 2861 τὴν
2094 2818 2223 2861 ἐσθῆτα
2238 2815 2352 2867 φέρεις

1334 2880 1392 2917 τὸν
1411 2878 1546 2923 οἰκέτην
1566 2877 1625 2914 καὶ
1648 2878 1859 2921 ὑποδοῦνται,
1883 2878 2084 2925 κοσμοῦντα
2099 2874 2133 2913 δὲ
2153 2874 2215 2921 τὴν
2235 2876 2350 2927 ψυχὴν

1335 2941 1372 2978 οὖ
1391 2939 1522 2991 φέρεις,
1539 2937 1608 2974 Καὶ
1623 2935 1732 2981 πόσης
1747 2937 1784 2973 οὗ
1804 2940 1912 2972 ταῦτα
1933 2934 2067 2983 ἀνοίας;
2084 2934 2204 2973 Ἔστω
2224 2937 2283 2974 καὶ
2299 2939 2352 2974 οἷ-

1334 3000 1435 3046 κέτης
1465 2997 1594 3036 τούτων
1614 2995 1630 3015 b
1644 2996 1865 3041 διδάσκαλος,
1893 2995 1982 3033 ἔστω
2004 2995 2061 3032 καὶ
2090 2995 2241 3043 παιδίον,
2262 2997 2353 3034 ἔστω

1333 3061 1392 3099 καὶ
1420 3059 1504 3112 γυνὴ
1521 3087 1530 3104 ,
1561 3057 1649 3094 ἔστω
1674 3057 1732 3093 καὶ
1752 3056 1848 3107 φίλος
1867 3056 1926 3093 καὶ
1953 3056 2119 3107 συγγενὴς
2137 3057 2197 3094 καὶ
2216 3057 2353 3107 γείτων.

1332 3121 1471 3171 υΩσπερ
1490 3117 1610 3169 γὰρτὸ
1629 3117 1794 3154 πάντοθεν
1815 3115 2038 3166 ἐλαυνόμενον
2061 3116 2176 3167 θηρίον
2198 3117 2264 3168 οὐχ
2281 3111 2350 3155 οἷόν

1331 3198 1369 3219 τε
1397 3182 1571 3231 διαφυγεῖν
1589 3192 1596 3200 ·
1622 3176 1711 3215 οὕτω
1739 3176 1796 3214 τὸν
1819 3175 1999 3219 τοσούτους
2027 3175 2151 3227 ἔχοντα
2177 3176 2348 3228 φύλακας,

1343 3311 1424 3342 sitis.
