2502 3810
722 243 765 273 IN

94 321 246 371 ἀγάπην,
266 321 543 374 εὐεργετούμενος
559 324 642 375 παρ’
661 323 776 361 αὐτοῦ.
796 325 849 362 Τὸ
864 322 943 376 γὰρ,
963 324 1015 362 Οὐ
1033 338 1110 373 μοι·

92 380 226 431 χεύσεις
241 411 249 426 ,
268 385 305 420 οὐ
321 382 494 434 φονεύσεις
507 414 516 430 ,
536 384 573 420 οὖ
593 384 730 435 κλέψεις
745 414 752 428 ,
772 387 809 422 οὐ
824 383 1110 437 ψευδομαρτυρή-

94 456 181 487 σεις,
199 442 257 480 καὶ
280 443 311 480 εἴ
329 459 379 487 τις
396 444 497 497 ἑτέρα
516 444 656 492 ἐντολὴ,
676 447 708 483 ἐν
725 445 836 496 τούτῳ
855 448 905 497 τῷ
919 445 1011 497 λόγῳ
1029 446 1110 482 ἀνα-

92 504 342 553 κεφαλαιοῦται
357 535 366 551 ,
401 507 434 542 ἐν
468 508 516 557 τῷ
533 536 542 553 ,
565 505 772 557 Ἀγαπήσεις
797 506 854 543 τὸν
882 505 1029 551 πλησίον
1050 520 1109 543 σου

93 563 140 605 ὡς
159 563 291 602 ἑαυτόν.
320 567 396 602 Οὐκ
414 559 508 612 εἷπε,
527 569 720 618 πληροῦται
743 568 861 609 ἁπλῶς
875 595 884 612 ,
905 567 997 613 ἀλλ’,
1013 565 1111 602 Ἀνα-

401 627 558 665 τουτέστι
576 656 585 673 ,
623 627 801 677 συντόμως
833 626 891 663 καὶ
921 629 954 664 ἐν
988 629 1112 677 βραχεῖ

93 684 133 721 τὸ
151 690 219 721 πᾶν
246 685 475 737 ἀπαρτίζεται
504 689 572 724 τῶν
593 689 739 725 ἐντολῶν
761 687 798 725 τὸ
816 687 911 738 ἔργον
928 702 936 709 ·
961 686 1020 724 καὶ
1046 686 1112 738 γὰρ

93 744 185 797 ἀρχὴ
203 745 260 782 καὶ
276 746 372 790 τέλος
390 751 451 793 τῆς
471 750 595 800 ἀρετῆς
614 751 635 794 ἡ
656 747 775 799 ἀγάπη
790 763 797 770 ·
817 747 944 794 ταύτην
962 747 1034 799 ἔχει
1055 747 1111 798 ῥί-

925 809 967 845 Εἷ
997 806 1111 845 τοίνυν

93 625 343 674 κεφαλαιοῦται
363 642 371 649 ·

92 807 166 851 ζαν,
191 805 319 853 ταύτην
351 807 536 854 ὑπόθεσιν,
561 807 690 854 ταύτην
720 807 888 859 κορυφήν.

91 867 150 906 καὶ
171 867 263 920 ἀρχὴ
284 868 342 906 καὶ
361 868 539 922 πλήρωμα
552 899 562 917 ,
582 869 617 905 τί
635 868 763 914 ταύτης
782 868 873 916 ἴσον,

142 1055 234 1093 Ἀλλ’
263 1070 300 1092 ου
303 1072 328 1107 Α
353 1056 473 1099 ἇπλως
492 1056 631 1107 ἀγάπην
652 1058 767 1103 ζητεῖ,
801 1054 891 1093 ἀλλὰ
910 1054 972 1101 τὴν
993 1068 1110 1095 επιτε-

89 1114 255 1164 ταυένην.
287 1117 339 1152 Οὐ
368 1115 435 1167 γὰρ
465 1117 583 1159 ἁπλως
611 1120 717 1163 εἶπεν,
738 1116 919 1167 ἀγάπησον
939 1115 997 1152 τὸν
1021 1119 1110 1162 πλη-

89 1190 161 1213 σιον
182 1191 254 1223 σου,
277 1176 368 1223 ἀλλ’,
401 1177 453 1218 835
474 1176 606 1215 ἑαυτόν.
637 1177 705 1215 Διὰ
720 1175 787 1229 γὰρ
801 1180 901 1215 τοῦτο
919 1191 978 1213 και
993 1179 1009 1213 ὃ
1024 1177 1111 1227 Χρι-

88 1235 167 1279 στὸς
185 1236 241 1274 τὸν
261 1236 365 1286 νόμον
386 1253 445 1275 και
464 1253 542 1280 τους
561 1239 740 1290 προφήτας
757 1240 790 1276 ἐν
809 1240 896 1288 αὐτῇ
914 1241 1110 1289 κρεμασθῆ-

87 1311 144 1333 ναι
166 1296 277 1347 ἔλεγε.
303 1273 379 1349 ΪΚαὶ
399 1297 458 1335 δύο
476 1298 580 1341 τιθεὶς
599 1299 736 1349 ἀγάπης
757 1298 848 1345 εἴδη,
866 1298 930 1348 ὅρα
947 1302 1011 1336 ποῦ
1027 1298 1110 1336 ταύ-

86 1372 149 1402 την
181 1357 365 1409 ἀνήγαγεν.
397 1358 518 1396 Εἰπὼν
533 1359 619 1410 γὰρ,
635 1358 688 1397 ὅτι
703 1358 747 1397 ‘H
768 1358 890 1412 πρώτη
907 1359 1000 1396 ἐστὶν
1016 1361 1109 1397 ἐντο-

88 1417 131 1464 λὴ
148 1447 157 1464 ,
180 1418 372 1469 ἀγαπήσεις
392 1418 517 1472 Κύριον
544 1419 600 1457 τὸν
617 1421 707 1458 Θεόν
726 1435 786 1457 σου
803 1436 809 1443 ·
833 1420 1000 1471 ἐπήγαγε,
1021 1422 1108 1458 Δευ·

87 1479 171 1531 τέρα
193 1479 250 1526 δὲ,
273 1480 332 1517 καὶ
352 1483 412 1518 οὐκ
434 1481 606 1532 ἐσίγησεν,
622 1481 712 1519 ἀλλὰ
728 1482 957 1534 προσέθηκεν·
978 1480 1107 1531 Ὁμοία

88 1540 222 1587 αὐτῆς,
254 1540 312 1578 καὶ
338 1541 395 1578 τὸν
426 1541 572 1587 πλησίον
605 1558 665 1580 σου
683 1545 728 1585 ὡς
745 1541 878 1580 ἑαυτόν.
913 1542 960 1579 Τί
981 1542 1107 1588 ταύτης

85 1599 157 1638 ἴσον
175 1600 297 1651 γένοιτ’
319 1601 358 1638 ἂν
375 1605 436 1648 τῆς
452 1602 730 1655 φιλανθρωπίας,
748 1602 782 1640 τί
798 1605 860 1648 τῆς
874 1603 1106 1654 ἦμερότητος;

84 1659 200 1699 ‘'Oroev
229 1662 379 1715 ἀπείρως
410 1665 510 1713 ηυιων
543 1665 645 1702 αὐτοῦ
682 1663 933 1711 διεστηκότων,
963 1664 1025 1711 τὴν
1058 1667 1105 1708 εἷς

82 1725 174 1771 ἡμας
196 1723 335 1774 ἀγάπην
367 1723 467 1774 εγγὺς
491 1724 568 1776 ἄγει
590 1728 652 1771 τῆς
678 1727 725 1768 εἰς
746 1726 864 1772 αὐτὸν,
894 1741 955 1762 και
981 1726 1103 1775 ὁμοίαν

85 1782 213 1830 ταύτης
231 1783 364 1831 ἐκείνην
382 1788 468 1822 εἰναι
486 1785 592 1837 λέγει.
622 1785 690 1823 Διὰ
710 1785 750 1831 δὴ
771 1790 891 1832 τοῦτο,
912 1786 971 1824 καὶ
992 1786 1103 1839 μέτρα

83 1844 205 1894 σχεδὸν
237 1860 293 1882 ισα
323 1845 461 1888 τιΟειςε
447 1846 608 1898 εκάτερα,
632 1847 738 1899 περὶ
733 1862 794 1885 αεν
819 1863 874 1884 εκε
880 1846 951 1892 ίνης
971 1846 1102 1898 ἔλεγεν,

81 1903 144 1948 Ἐξ
173 1907 254 1952 ὅλης
284 1908 348 1951 τῆς
373 1906 516 1959 καρδίας
549 1923 607 1946 σου
624 1938 634 1955 ,
666 1908 725 1946 καὶ
756 1907 792 1951 ἐξ
810 1906 892 1955 ὅλης
911 1910 974 1953 τῆς
988 1909 1102 1960 ψυχῆς

1056 1967 1100 2005 ‘O

81 2024 116 2062 δὲ
136 2027 295 2072 Παῦλος,
315 2027 444 2075 ταύτης
466 2031 527 2066 οὐκ
548 2028 669 2076 οὔσης,
689 2028 765 2067 ουδὲ
786 2031 994 2081 ὠφελεῖσθαι
1011 2029 1099 2080 σφόυ

604 2088 743 2142 ‘'sse-step
763 2094 818 2128 οὖν
838 2107 890 2140 qu
894 2106 940 2132 εις
959 2089 1098 2128 ἐπειδάν

82 1979 162 2002 σου·
185 1981 264 2017 περι
284 1966 319 2004 δὲ
341 1966 470 2013 ταύτης
485 1971 545 2014 τ’ῆς
561 1971 619 2005 τοῦ
637 1967 798 2015 πλησίον,
817 1968 878 2012 Ως
895 1968 1027 2006 ἑαυτόν.

80 2086 167 2136 δρα·
175 2090 258 2139 παρ’
289 2088 420 2134 ἐκείνης
448 2089 574 2140 ἔλεγεν.

801 242 941 273 EPIST.
980 242 1038 271 AD
1077 241 1185 272 ΚΟΜ-

2077 241 2134 288 75
2142 247 2165 288 7

1185 329 1293 359 totam
1323 303 1437 372 legem
1469 321 1628 373 impleas,
1651 320 1757 360 debes
1791 320 1845 359 illi
1872 320 2110 371 dilectionem,
2130 334 2169 361 ut

1183 381 1247 418 tali
1262 382 1306 418 ab
1322 381 1385 419 illo
1399 382 1569 419 beneficio
1584 383 1743 420 affectus.
1764 383 1803 420 9.
1822 383 1932 420 Illud
1943 386 2058 430 enim,
2078 386 2169 421 Non

1184 443 1439 489 adulterabis,
1465 456 1542 479 non
1577 444 1741 490 occides,
1768 457 1845 480 non
1859 445 2077 496 furaberis,
2090 458 2166 481 non

1177 503 1330 553 salsum
1342 505 1601 541 testimonium
1610 505 1808 550 dices,etsi
1820 504 1926 555 quod
1935 504 2046 541 aliud
2060 518 2168 542 man-

1224 241 1379 270 HOMIL.
1421 241 1551 271 xxiii.

1182 564 1454 610 datzcm,inlzoc
1463 564 2164 615 verbosummatimcomprehenditur.-
2181 583 2292 610 Mamh
2318 592 2367 613 22,

1182 624 1333 674 Dil10es
1341 638 1389 675 pi
1390 626 1558 661 mimum
1572 632 1678 661 tuum
1694 627 1793 662 sicut
1804 628 1978 676 teipsum.
1989 626 2067 662 Non
2078 624 2166 663 dicit
2180 624 2232 662 39·

1181 819 1217 843 1n
1230 807 1331 846 blevi
1348 807 1556 859 perficitur:
1575 820 1657 843 nam
1686 806 1906 858 plincipium
1929 816 1962 844 et
1981 808 2064 846 finis
2086 809 2167 847 vir-

1180 869 1265 907 tutis
1280 879 1331 907 est
1357 869 1512 918 dilectio,
1526 870 1618 906 hane
1631 869 1737 906 habet
1754 868 1925 916 radicem,
1947 870 2038 908 hanc
2058 881 2169 909 mate-

1179 929 1285 980 riam,
1303 931 1370 967 hoc
1384 930 1535 968 culmen.
1557 929 1594 968 Si
1622 943 1704 980 ergo
1730 929 1794 966 illa
1823 938 1873 967 est
1895 939 1928 967 et
1951 930 2169 984 principium

1180 999 1213 1027 et
1228 990 1424 1042 plenitudo,
1441 990 1531 1040 quid
1546 990 1631 1027 huie
1644 1004 1708 1041 par
1723 999 1774 1027 est
1788 990 1805 1027 ἕ)

1231 1053 1411 1092 &Verum
1434 1065 1503 1088 non
1524 1051 1735 1103 simpliciter
1751 1051 1980 1089 dilectionem
2005 1053 2168 1103 requirit,

1179 1111 1240 1150 sed
1274 1113 1381 1150 etiam
1407 1112 1667 1152 vehementem.
1700 1114 1821 1162 Neque
1840 1112 1935 1150 enim
1964 1112 2172 1164 simpliciter

1180 1171 1287 1221 dixit,
1307 1172 1428 1223 Dilige
1441 1173 1652 1225 proximum
1666 1181 1782 1223 tuum,
1800 1172 1862 1210 sed
1877 1173 1983 1211 Sicut
1998 1176 2170 1224 teipsum.

1178 1230 1261 1271 Ideo
1282 1233 1376 1271 enim
1397 1233 1561 1271 Christus
1577 1243 1611 1271 et
1626 1233 1740 1285 legem
1760 1243 1793 1271 et
1823 1234 2014 1285 prophetas
2039 1234 2084 1271 ab
2107 1235 2170 1272 illa

1178 1295 1331 1346 pendere
1345 1294 1497 1333 dicebat.
1520 1295 1568 1332 Et
1588 1309 1668 1332 cum
1686 1294 1757 1332 duo
1773 1295 1947 1346 posuisset
1970 1294 2170 1333 dilectionis

1177 1371 1318 1407 genera,
1344 1356 1430 1396 vide
1452 1372 1522 1407 quo
1540 1357 1639 1394 illam
1651 1356 1854 1394 deduxerit.
1879 1358 1971 1395 Cum
1996 1356 2169 1396 dixisset:

1177 1418 1339 1455 Primum
1355 1418 1563 1455 mandatum
1575 1426 1639 1466 est,
1655 1419 1804 1469 Diliges
1817 1420 2032 1456 Dominum
2042 1420 2169 1457 Deum

1131 1491 1155 1521 Ε
1178 1486 1298 1525 ῐιιιηη,
1322 1478 1505 1516 subdidit:
1521 1479 1737 1517 Secundum
1752 1492 1846 1516 vero
1859 1495 1874 1523 ,·
1896 1493 1958 1516 nec
1972 1479 2093 1527 tacuit,
2107 1479 2169 1517 sed

1176 1538 1319 1589 adjecit,
1343 1539 1475 1576 Simile
1491 1540 1593 1584 huic,
1615 1540 1668 1576 Et
1691 1541 1912 1590 proximum
1943 1548 2052 1576 tuum
2067 1542 2170 1578 sicut

1177 1601 1350 1649 teipsum.
1370 1599 1468 1645 Quid
1489 1598 1573 1636 huie
1601 1598 1812 1650 benignitati
1839 1613 1903 1650 par
1921 1599 2056 1636 fuerit?
2076 1600 2166 1650 quid

1174 1658 1258 1696 huic
1284 1660 1580 1698 mansuetudini?
1603 1662 1693 1698 Cum
1714 1660 1884 1697 immenso
1906 1660 2020 1712 spatio
2040 1661 2165 1699 abillo

1173 1720 1356 1770 distemus,
1368 1721 1595 1759 dilectionem
1609 1721 1709 1758 illam
1722 1721 1812 1758 inter
1822 1735 1885 1758 nos
1893 1722 2166 1773 mutuamjuxta

1174 1780 1277 1819 illam
1292 1782 1452 1830 adducit,
1471 1797 1540 1832 qua
1555 1782 1630 1834 ipse
1647 1782 1825 1834 diligitur,
1848 1791 1881 1819 et
1906 1782 2060 1820 similem
2079 1783 2164 1822 huic

1173 1857 1246 1881 esse
1266 1843 1367 1882 dicit.
1386 1844 1541 1894 Ideoque
1558 1858 1758 1881 mensuram
1776 1844 1916 1895 utrique
1935 1859 2044 1896 prope
2060 1859 2163 1883 eam-

1172 1903 1252 1942 dem
1267 1919 1414 1957 ponens,
1434 1905 1478 1942 de
1497 1905 1559 1942 illa
1584 1904 1735 1942 dicebat:
1756 1907 1821 1942 Ex
1843 1914 1921 1943 toto
1942 1907 2056 1943 corde
2079 1914 2160 1954 tuo,

1172 1974 1208 2003 et
1229 1980 1276 2003 ez*
1294 1975 1375 2003 tota
1390 1969 1526 2004 anima
1543 1974 1626 2015 tua,
1643 1965 1687 2003 de
1713 1966 1781 2004 hac
1795 1978 1880 2004 vero
1896 1980 1972 2017 quae
2002 1967 2162 2018 proximi

1170 2037 1232 2077 est,
1250 2028 1355 2066 Sicut
1372 2030 1547 2079 teipsum,
1562 2027 1661 2065 dicit.
1686 2028 1819 2065 Paulus
1835 2042 1935 2073 vero,
1954 2029 1983 2064 si
2002 2028 2077 2065 haec
2091 2042 2161 2066 non

1168 2088 1291 2138 suerit,
1307 2103 1376 2127 non
1404 2088 1560 2125 multum
1589 2088 1754 2126 utilitatis
1777 2088 1822 2125 ab
1848 2088 1910 2126 illa
1936 2089 2033 2139 carpi
2059 2089 2159 2127 dicit.

1086 2134 1160 2164 591

77 2161 154 2184 τινα
172 2149 339 2199 φιλωμεν,
363 2149 523 2201 λέγομεν,
542 2149 595 2187 ὅτι
612 2149 651 2187 ἂν
668 2152 795 2188 ἐκεῖνον
812 2151 1018 2203 ἀγαπήσῃς,
1036 2150 1097 2200 ἐμὲ
1122 2170 1148 2198 A
1171 2119 1481 2197 Quemadmodum
1504 2166 1586 2203 eigo
1619 2165 1682 2188 nos
1711 2165 1793 2188 cum
1821 2150 2012 2201 quemdam
2038 2151 2159 2204 diligi-

330 2209 420 2246 οὕτω
454 2210 513 2247 καὶ
551 2211 652 2253 αὐτὸς
683 2214 784 2249 τοῦτο
821 2212 934 2258 οηλων
969 2211 1098 2262 ἔλεγεν,

77 2268 206 2319 εΟμοίοι
226 2271 330 2316 αὐτῆς
351 2273 440 2308 ἐστι·
466 2271 525 2309 καὶ
545 2271 670 2323 Πέτρῳ
689 2302 698 2319 ,
732 2274 776 2310 Εἰ
794 2275 903 2324 φιλεῖς
925 2289 969 2323 με
982 2303 992 2320 ,
1020 2273 1098 2310 ποί-

555 2332 599 2369 ‘H
621 2333 738 2383 ἀγάπη
754 2336 802 2384 τῷ
823 2333 969 2381 πλησίον
990 2334 1096 2372 κακὸν

78 2206 284 2257 ἠγάπησας

76 2344 177 2379 μαινε
196 2329 240 2367 τὰ
264 2331 425 2384 πρόὸατά
447 2348 526 2382 μου.

75 2392 137 2429 οὐκ
159 2391 351 2444 ἐργάζεται.
379 2393 565 2445 Πλήρωμα
587 2388 644 2431 οῦν
669 2394 775 2444 νόμου
795 2398 817 2441 ἡ
834 2394 967 2446 ἀγάπη.
996 2388 1098 2437 Εἶδες

74 2454 148 2495 πῶς
164 2451 329 2505 ἑκατέρας
348 2452 422 2505 ἔχει
437 2453 499 2497 τὰς
515 2455 641 2506 ἀρετὰς
656 2457 717 2503 τήν
737 2473 775 2494 τε
789 2459 856 2494 τῶν
874 2459 990 2495 κακῶν
1007 2458 1094 2494 ἀπο-

71 2512 139 2563 χήν
172 2512 302 2559 (Κακὸν
332 2513 418 2565 γὰρ,
454 2515 570 2566 φησὶν,
597 2518 658 2554 οὐκ
685 2517 906 2569 ἓργάζεται)·
940 2518 999 2556 καὶ
1031 2517 1093 2564 τὴν

72 2577 141 2611 τῶν
163 2575 300 2624 ἀγαθῶν
321 2575 485 2625 ἐργασίαν
498 2591 506 2598 ·
527 2576 714 2629 Πλήρωμα
733 2577 800 2630 γὰρ
821 2578 926 2627 νόμου
939 2607 948 2624 ,
977 2578 1093 2629 φησὶν,

74 2632 166 2671 ἐστὶν
185 2664 193 2679 ,
226 2635 263 2671 οὗ
284 2633 347 2680 τὴν
368 2635 594 2673 διδασκαλίαν
614 2640 698 2686 ἡμῖν
719 2638 989 2689 τῶν-πρακτέων
1014 2654 1094 2676 συν-

71 2694 187 2745 τόμως
219 2695 408 2745 εἰσάγουσα
443 2696 558 2746 μόνον,
588 2698 678 2736 ἀλλὰ
705 2698 764 2735 καὶ
794 2699 856 2744 τὴν
877 2700 1090 2750 κατόρθωσιν

71 2758 183 2794 αὐτῶν
208 2755 346 2794 εὔκολον
372 2762 530 2796 ποιοῦσα.
563 2760 615 2796 Οὐ
645 2761 713 2811 γὰρ
741 2759 834 2802 ὅπως
862 2761 900 2798 ἂν
923 2761 1092 2811 μάθοιμεν

69 2816 114 2855 τὰ
134 2818 333 2869 ὠφελοῦντα
367 2818 468 2869 μόνον
495 2820 706 2860 ἐσπούδακεν
738 2821 837 2876 (ὅπερ
863 2822 935 2859 ἐστὶ
955 2825 1013 2859 τοῦ
1037 2821 1091 2859 νό-

71 2881 162 2929 μου),
187 2878 277 2917 ἀλλὰ
299 2879 358 2917 καὶ
381 2881 427 2923 εἷς
444 2879 504 2927 τὴν
526 2883 688 2934 ἐργασίαν
709 2885 821 2921 αὐτῶν
842 2882 972 2930 πολλὴν
994 2883 1091 2922 εἷσά-

69 2957 121 2992 γει
149 2941 353 2994 0u0.y.0t7i0tv
381 2946 479 2992 ἧμιν,
502 2960 539 2981 ου
564 2944 664 2996 υέρος
685 2961 718 2983 τι
737 2962 804 2983 των
828 2947 986 2992 εντολιΝ,
1011 2947 1087 2982 ἀλλ’

918 3008 1086 3058 (1)ιλι)υ.εν

69 3068 126 3102 οὐν
151 3065 321 3112 ἀλλήλους
334 3095 344 3114 ,
367 3069 412 3108 ὣς
431 3081 490 3104 και
508 3067 616 3119 ταύτη
633 3068 690 3106 τὸν
706 3071 906 3120 φιλοῦν-ω’
889 3085 983 3119 ημας
1003 3070 1088 3119 ἀγα-

69 3002 291 3056 ὁλόκ)ηρον’
277 3020 310 3042 εν
336 3008 420 3054 ημῖν
439 3008 653 3057 κατορθοῦσα
672 3023 733 3054 την
755 3008 893 3059 ἀρετήν.

69 3125 234 3172 πήσοντες
254 3125 355 3164 Θεόν
388 3126 473 3164 Ἐπι
495 3127 556 3177 μεν
576 3128 643 3180 γὰρ
662 3145 729 3167 των
751 3129 991 3180 ἀνθρώπων,
975 3145 1015 3166 αν
1030 3129 1087 3166 τὸν

69 3185 239 3237 ἐρώμενον
269 3187 391 3239 φιλῇς,
425 3188 576 3239 μάχεται
609 3193 626 3227 ὁ
645 3191 773 3241 φιλῶν·
800 3192 947 3227 ἐνταῦθα
974 3189 1088 3227 δὲκαὶ

69 3247 155 3291 ἀξιοῖ
175 3263 212 3285 σε
232 3251 441 3294 κοινωνῆσαι
462 3254 521 3287 τοῦ
540 3248 687 3302 ἔρωτος,
709 3251 767 3289 καὶ
790 3251 837 3301 μὴ
860 3255 1087 3290 κοινωνοῦντα

111 3389 123 3402 ἢ
149 3378 257 3420 [Idem
271 3387 303 3411 et
318 3391 422 3423 marg.
440 3381 539 3415 Savil.
558 3386 651 3425 ἰσχύος
668 3386 745 3425 σου]

1169 2227 1263 2263 mus,
1281 2213 1449 2263 dicimus,
1472 2213 1510 2251 Si
1530 2212 1635 2249 illum
1650 2212 1793 2264 diligas,
1814 2227 1870 2250 me
1889 2212 2038 2263 diligis,
2058 2215 2110 2251 sic
2127 2222 2160 2250 et

1168 2275 1229 2312 ille
1250 2274 1408 2326 idipsum
1429 2274 1610 2312 declarans
1632 2273 1789 2323 dicebat,
1807 2275 1939 2312 Simile
1967 2283 2017 2311 est
2041 2275 2154 2324 huic,

1168 2345 1200 2373 et
1217 2338 1340 2373 Petro:
1357 2336 1397 2374 Si
1418 2337 1548 2387 diligis
1580 2350 1652 2381 me,
1677 2349 1794 2386 pasce
1827 2350 1914 2374 oves
1946 2350 2062 2374 meas.
2089 2338 2264 2382 104011,
2284 2362 2334 2383 21,

1167 2400 1339 2437 Dilectio
1356 2402 1525 2451 proximi
1541 2400 1687 2436 malum
1708 2413 1787 2437 non
1804 2409 2010 2451 operatur:
2030 2401 2158 2452 pleni·
2176 2395 2221 2422 ¹5·

1168 2462 1261 2498 tudo
1286 2475 1372 2513 ergo
1403 2462 1495 2513 legis
1526 2470 1581 2498 est
1608 2462 1775 2500 dilectio.
1810 2461 1945 2501 Viden’
1978 2462 2156 2512 quomodo

1167 2531 1355 2572 utramque
1373 2522 1545 2561 virtutem
1567 2522 1710 2570 habeat,
1738 2523 1986 2561 abstinentiam
2007 2538 2026 2560 a
2054 2525 2156 2562 malis

1163 2587 1259 2631 (nam
1274 2583 1334 2632 ait,
1350 2583 1505 2621 Malum
1526 2597 1603 2620 non
1619 2583 1824 2633 operatur),
1837 2593 1870 2620 et
1883 2584 2059 2621 bonorum
2072 2598 2155 2636 ope-

1163 2644 1351 2681 rationem:
1371 2644 1582 2681 Plenitudo
1607 2645 1709 2680 enim
1730 2643 1823 2694 legis
1843 2652 1912 2691 est,
1934 2643 2061 2693 inquit,
2083 2659 2152 2683 non

1164 2705 1279 2742 solum
1299 2704 1400 2742 nobis
1414 2703 1632 2755 agendorum
1652 2703 1853 2740 doctrinam
1873 2703 2031 2741 breviter
2047 2704 2150 2742 indu-

1163 2779 1256 2811 cenS,
1271 2764 1377 2803 sedet
1394 2764 1552 2815 ipsorum
1561 2763 1817 2801 exhibitionem
1828 2765 1968 2801 facilem
1984 2764 2147 2803 reddens.

1163 2826 1241 2863 Non
1253 2825 1356 2863 -enim
1379 2825 1446 2862 hoe
1474 2825 1588 2862 solum
1619 2833 1730 2873 curat,
1756 2834 1796 2862 ut
1821 2825 2001 2863 discamus
2018 2841 2056 2863 ea
2071 2841 2149 2877 qua:

1162 2887 1251 2924 scire
1266 2886 1436 2924 debemus
1452 2885 1563 2936 (quod
1583 2886 1670 2937 legis
1684 2886 1843 2924 officium
1864 2891 1941 2936 est),
1962 2887 2022 2925 sed
2051 2897 2084 2926 et
2103 2888 2150 2926 ad

1161 2949 1402 3000 operationem
1421 2949 1532 3001 ipsius
1563 2962 1733 3000 magnum
1752 2949 1854 2987 nobis
1879 2950 2015 2987 inducit
2044 2950 2148 2988 auxi-

1158 3013 1262 3061 lium,
1279 3027 1349 3050 non
1370 3021 1508 3064 partem
1524 3021 1793 3064 praeceptorum,
1814 3012 1876 3050 sed
1893 3013 2093 3052 universam
2110 3014 2147 3050 in

1159 3074 1263 3112 nobis
1276 3074 1446 3113 virtutem
1458 3073 1658 3126 perficiens.
1673 3073 1874 3124 Diligamus
1882 3088 1964 3125 ergo
1975 3089 2037 3112 nos
2053 3075 2147 3115 invi-

1160 3150 1249 3185 cem,
1271 3145 1309 3173 ut
1335 3135 1395 3186 qui
1410 3135 1478 3172 hoe
1495 3143 1598 3186 pacto
1618 3149 1699 3171 eum
1719 3134 1779 3185 qui
1800 3135 1929 3172 dilexit
1948 3149 2010 3173 nos
2033 3137 2145 3174 Deum

1157 3197 1366 3248 diligamus.
1390 3195 1497 3248 Apud
1519 3195 1679 3232 homines
1699 3195 1793 3232 enim
1810 3196 1839 3233 si
1872 3209 1978 3246 quem
1997 3196 2042 3233 ab
2072 3196 2144 3234 alio

1158 3268 1316 3297 amatum
1329 3258 1469 3310 diligas,
1490 3267 1664 3311 repugnat
1682 3258 1776 3297 illius
1793 3268 1929 3298 amator
1948 3275 1955 3295 τ
1978 3259 2037 3298 hic
2061 3274 2143 3299 vero

1181 684 1401 736 simpliciter,
1412 685 1596 736 impletul,
1607 684 1903 723 sedSummatim
1919 687 2166 737 comprelien-
2189 664 2370 742 ¹‚,;R¹,¹1‡',⁰J:3

1182 746 1302 790 clitum·
1315 745 1350 783 id
1363 755 1426 793 est,
1439 745 1608 794 brevitei,
1624 759 1664 782 ac
1678 754 2055 813 totiimpiaeeeptorum
2077 761 2166 799 opus
2181 747 2295 815 ῗιῑηὲωὸ
2308 747 2370 774 Vis·
