2466 3805
281 215 342 276 98

277 324 346 360 que
358 310 430 347 illis
449 309 563 347 50111111
576 339 584 355 ,
601 308 723 345 datum
744 317 793 345 cst
810 319 956 344 nomen:
979 317 1044 353 11113
1067 302 1100 338 in
1120 315 1157 337 10
1177 299 1256 338 11105

277 370 381 407 0113111
397 379 498 407 105105
516 369 673 406 adducit.
693 367 787 413 Quia
804 366 897 403 enim
914 363 1077 400 dicebant
1093 376 1100 395 :
1115 361 1165 396 In
1180 372 1255 411 quo

279 433 589 482 nomirzefecistis
605 435 620 467 ,³
640 432 688 466 In
709 430 863 465 nomine
883 426 1048 470 Christi,
1066 420 1252 470 inquiunt,

280 506 355 529 non
375 500 430 529 est
449 491 559 527 aliud
577 503 726 526 nomen.
753 484 939 532 Quomodo
959 495 1042 533 eigo
1061 482 1255 530 interroga-

277 551 346 588 tis?
375 551 434 588 Sic
454 550 582 598 ubique
600 548 667 584 hoc
693 546 919 583 manifestum
949 551 1013 580 est.
1045 543 1126 579 Nec
1153 543 1255 577 enim

278 611 388 648 allud
402 623 539 645 nomen
549 616 604 644 est
615 609 683 644 sub
698 606 810 651 coelo,
834 604 970 654 inquit,
993 606 1034 640 in
1050 616 1124 655 quo
1145 615 1255 653 opor-

278 679 355 707 teat
367 684 433 707 nos
447 670 575 706 salvos
579 668 684 720 fieri.
702 667 787 705 Haec
802 674 883 703 sunt
899 665 1025 703 animae
1041 663 1154 703 vitam
1165 676 1255 714 prae-

277 738 406 768 sentem
425 727 669 780 despicienti53
694 736 731 764 ut
753 726 872 777 arguit
892 725 955 763 1113
978 733 1073 768 131113
1094 723 1252 760 libertas.

277 789 368 826 Hinc
386 789 504 840 palam
522 797 591 836 est,
612 786 752 838 quando
764 785 917 824 humilia
936 784 980 822 de
999 783 1140 822 Christo
1153 781 1254 830 dicit,

275 862 344 885 non
370 863 440 900 prce
460 849 607 896 timore,
630 847 691 884 sed
711 861 747 884 se
776 844 1039 896 attemperando
1060 843 1100 881 id
1128 855 1254 893 agere:

275 910 357 960 quia
375 923 458 947 vero
473 910 548 960 jam
568 918 704 960 tempus
723 917 811 955 erat,
825 907 875 945 510
895 905 1064 944 sublimia
1079 904 1256 954 loquitur;

276 970 323 1007 ita
343 979 382 1006 ut
399 969 482 1007 hinc
502 970 607 1006 etiam
626 968 803 1006 auditores
824 981 944 1005 omnes
964 965 1253 1016 obstupefaceret.

278 1030 370 1068 Ecce
382 1040 414 1068 et
432 1030 531 1068 aliud
551 1030 693 1080 signum
706 1026 922 1080 praecedente
936 1040 1006 1063 non
1026 1025 1157 1063 minus.
1180 1025 1257 1062 Co-

274 1093 508 1143 gnoscfbant
523 1104 598 1136 eos,
621 1089 750 1139 inquit,
771 1090 864 1139 quia
877 1100 962 1124 cum
979 1087 1009 1123 J
1008 1099 1073 1123 esu
1076 1087 1255 1137 fuerant.

276 1154 354 1190 Non
373 1152 446 1189 51110
462 1166 564 1190 031153
578 1151 645 1188 11οο
663 1150 782 1202 posuit
800 1148 1014 1200 evangelista
1031 1177 1042 1197 ,
1064 1146 1125 1184 sed
1143 1155 1182 1184 ut
1196 1146 1257 1184 de-

277 1212 384 1250 claret
403 1212 530 1258 ctiam,
550 1210 613 1247 ubi
637 1210 780 1247 fuerint.
803 1210 845 1246 In
863 1207 1041 1260 passione,
1063 1206 1193 1257 inquit.
1209 1207 1257 1244 Hi

277 1272 370 1309 enim
395 1272 460 1309 soli
484 1280 568 1308 tunc
594 1284 664 1308 una
684 1278 800 1314 erant,
821 1267 964 1318 quando
992 1267 1159 1305 viderunt
1177 1267 1258 1305 illos

278 1332 429 1369 humiles
444 1362 454 1381 ,
473 1331 623 1383 dejectos
643 1347 649 1366 :
675 1329 773 1381 quod
801 1329 882 1367 illos
903 1328 1060 1366 maxime
1081 1327 1118 1365 in
1145 1326 1257 1364 admi-

278 1393 449 1430 rationem
489 1392 670 1443 rapiebat,
704 1389 886 1442 repentina
929 1402 1054 1440 nempe
1096 1388 1257 1425 mutatio.

278 1454 370 1491 Nam
390 1453 465 1490 11110
484 1461 582 1490 013111
597 1455 715 1489 Annas
735 1460 768 1488 et
785 1450 952 1502 Caiphas,
966 1458 999 1487 et
1017 1449 1055 1486 hi
1075 1449 1181 1486 etiam
1198 1448 1259 1486 ad-

280 1514 419 1551 stabant
438 1513 531 1562 illis;
552 1526 646 1550 nunc
663 1521 779 1549 autem
797 1509 1097 1562 obstupefaciebat
1115 1523 1172 1547 eos
1198 1509 1260 1546 illa

280 1583 377 1611 tanta
401 1574 557 1611 libertas.
578 1575 698 1622 Neque
721 1573 815 1609 enim
833 1572 952 1610 verbis
974 1579 1112 1608 tantum
1142 1579 1258 1608 osten·

282 1634 425 1683 debant,
445 1647 480 1671 se
498 1633 589 1670 nihil
607 1646 730 1670 curare
745 1632 789 1670 de
804 1632 909 1669 rebus
929 1630 1136 1684 hujusmodi
1154 1631 1190 1668 in
1201 1632 1260 1683 jus

282 1697 467 1746 adductos,
488 1710 568 1733 cum
585 1695 629 1733 de
647 1695 813 1733 extremis
823 1695 1107 1746 periclitarentur
1121 1709 1132 1743 3
1147 1694 1208 1732 sed
1228 1703 1262 1732 et

281 1757 422 1804 habitu,
440 1771 539 1805 voce,
561 1765 716 1807 aspectu,
742 1765 775 1792 et
794 1755 958 1792 omnibus
983 1755 1183 1793 libertatem
1211 1755 1261 1792 lo-

283 1818 412 1869 quendi
448 1831 565 1855 coram
598 1816 731 1868 populo
767 1816 997 1854 exhibebant.
1035 1817 1261 1854 Mirabantur

282 1893 366 1916 vero
394 1879 562 1924 fortasse,
587 1876 683 1927 quod
713 1876 873 1914 homines
902 1876 1060 1914 illiterati
1089 1885 1122 1914 et
1140 1877 1259 1914 idiotae

281 1948 405 1977 essent.
422 1941 539 1976 Potest
558 1938 652 1974 enim
668 1937 746 1988 quis
773 1937 960 1976 illiteratus
979 1951 1063 1987 esse,
1088 1952 1151 1975 nec
1169 1938 1260 1976 idjo-

282 2009 340 2046 ta3
361 1999 418 2037 vel
438 1998 562 2044 idiota,
592 2012 654 2035 1100
672 1997 870 2035 illiteratus.
891 1998 958 2036 Hic
982 2012 1088 2051 porro
1110 1998 1264 2037 ostendit

283 2062 358 2098 haec
389 2060 460 2098 duo
487 2060 716 2097 concurrisse.
734 2061 1024 2112 Compertoque,
1040 2060 1165 2111 inquit.
1187 2062 1265 2098 Un-

286 2121 356 2158 de?
379 2120 439 2158 Ex
466 2121 536 2170 115,
564 2134 640 2170 quae
673 2119 848 2157 dicebant.
871 2122 949 2157 Non
979 2120 1103 2172 longos
1134 2122 1268 2173 profert

287 2195 473 2228 sermones,
491 2180 551 2217 secl
571 2194 615 2217 ex
634 2180 709 2231 ipsa
730 2180 974 2218 enunciatione
987 2190 1020 2217 et
1039 2182 1267 2219 constructio-

288 2256 332 2279 ne
353 2241 523 2279 fiduciam
542 2240 695 2278 ostendit
710 2256 721 2290 3
743 2241 862 2290 itaque
886 2240 920 2277 in
940 2241 1019 2278 illos
1039 2241 1155 2278 acrius
1177 2241 1268 2292 egis-

290 2311 379 2351 sent,
409 2301 479 2339 nisi
503 2301 608 2338 homo
635 2301 695 2338 ille
719 2301 842 2338 fuisset
860 2315 941 2338 cum
961 2301 1021 2339 015.
1053 2303 1268 2353 Cognosce-

293 2364 401 2411 bant,
418 2362 546 2412 inquit,
563 2362 665 2407 illos,
685 2364 868 2413 quoniam
886 2376 972 2399 cum
985 2362 1079 2399 Jesu
1083 2364 1265 2414 fuerant.

291 2422 394 2461 Unde
415 2423 617 2472 credebant,
638 2423 715 2460 baec
734 2422 813 2460 illos
832 2437 851 2460 a
872 2424 955 2461 Jesu
976 2422 1156 2473 didicisse,
1179 2432 1212 2460 et
1231 2432 1271 2461 ut

290 2483 366 2534 ejus
382 2481 576 2534 discipulos
604 2482 721 2520 omnia
739 2483 864 2519 facere.
889 2483 961 2520 Nec
991 2482 1165 2519 minorem
1191 2483 1270 2520 illo-

290 2556 371 2579 rum
397 2541 502 2580 dictis
528 2556 651 2580 vocem
676 2542 855 2579 emittebat
884 2542 1003 2594 ipsum
1033 2543 1268 2590 miraculum3

290 2601 389 2652 quod
410 2610 442 2639 01
472 2602 631 2645 maxime
660 2601 804 2639 illorum
828 2615 889 2639 ora
918 2602 1134 2640 obstruebat.
1153 2603 1193 2641 Si
1205 2606 1271 2655 ju-

289 2671 390 2700 stum
409 2672 478 2709 est,
502 2662 641 2713 inquit,
668 2665 709 2699 in
730 2671 933 2715 conspectu
946 2664 1022 2701 Dei
1048 2677 1120 2702 vos
1143 2667 1270 2715 potius

289 2726 443 2769 audire,
464 2739 581 2776 quam
609 2725 748 2770 Deum,
773 2725 963 2776 judicate.
985 2726 1127 2772 Quanto
1156 2734 1269 2763 metus

289 2785 404 2823 minor
427 2786 539 2823 factus
568 2794 643 2823 erat
666 2788 771 2833 (nam
803 2785 1024 2823 interminari
1052 2786 1141 2824 1111111
1169 2786 1269 2824 aliud

289 2855 376 2896 erat,
399 2860 507 2897 quam
526 2846 605 2884 illos
625 2846 790 2894 dimitti),
812 2855 896 2883 tunc
915 2846 1037 2884 mitius
1056 2846 1270 2897 loquuntur3

289 2906 336 2943 ita
355 2907 480 2958 procul
501 2915 599 2944 erant
630 2906 675 2943 ab
693 2905 854 2943 audacia.
871 2906 967 2954 Quia
986 2915 1109 2944 notum
1129 2906 1271 2957 signum

289 2975 360 3015 est,
380 2969 469 3005 ,Non
488 2980 689 3019 possumus
723 2980 874 3018 negare.
910 2967 1034 3016 Itaque
1065 2976 1270 3018 negassent,

289 3026 355 3063 nisi
377 3041 432 3064 res
453 3027 501 3064 ita
521 3041 557 3064 se
574 3026 778 3074 habuisset,
799 3026 866 3064 nisi
887 3026 1048 3064 omnium
1071 3027 1270 3065 testimonio

289 3086 429 3124 firmata
456 3086 604 3124 fuisset:
627 3087 794 3124 omnibus
822 3085 954 3138 quippe
984 3095 1065 3125 nota
1099 3097 1182 3124 erat.
1199 3087 1271 3125 Sed

289 3147 370 3184 talis
399 3156 449 3184 est
478 3147 649 3198 nequitia,
677 3146 798 3185 audax
831 3147 999 3185 nimirum
1024 3156 1057 3185 et
1087 3148 1265 3199 petulans.

1296 2674 1319 2705 (2

335 3275 351 3287 ¹‘
368 3274 484 3315 [Savil.
503 3283 535 3306 et
552 3277 589 3307 A.
609 3277 647 3307 B.
663 3276 701 3308 C.
722 3279 843 3310 δείκνυσι
861 3280 999 3316 ἐνταῦθα,
1018 3281 1063 3311 ὅτι
1080 3283 1128 3311 καὶ
1145 3282 1194 3312 ὅτε
1211 3280 1293 3313 (τότε

295 3327 333 3355 Λ.
353 3325 404 3364 B.)
421 3340 493 3359 ταπ.
513 3332 684 3372 ἐφθέγγετο,
700 3329 736 3361 Α.
752 3329 789 3362 Β.
814 3329 852 3361 C*

339 3387 350 3400 ἢ
371 3381 479 3422 ςρὸἧρς.
495 3376 586 3409 deest
601 3380 634 3410 iu
649 3378 731 3413 aliis.

871 3330 1055 3374 5:63'773220]

724 227 762 258 S.
799 224 980 258 JoxNMS
1017 220 1258 251 CHRYSOST.
1299 220 1504 251 ARCHIEP.
1544 223 1904 252 CONSTANTINOP-

1335 300 1399 352 γὰρ
1419 301 1545 352 ἔλεγον·
1565 302 1626 340 Ἐν
1651 302 1740 354 ποίῳ
1760 302 1901 353 ὀνόματι
1925 302 2130 350 ἐποιήσατε,
2153 303 2214 346 Εἷς
2234 304 2272 341 τὸ
2292 307 2350 340 τοῦ

1335 362 1504 411 Χριστοῦ,
1532 364 1635 414 φησὶν
1647 394 1656 411 ,
1671 364 1757 401 ἄλλο
1771 364 1832 401 οὒκ
1849 365 1940 403 ἔστιν
1959 362 2078 413 ὄνομα.
2096 365 2178 406 Πῶς
2197 358 2252 401 οῦν
2270 365 2353 416 ἐρω-

1334 427 1437 470 τᾶτε,
1462 422 1567 460 Οὕτω
1589 430 1768 477 πανταχοῦ
1788 430 1889 463 τοῦτο
1909 426 2010 471 δῆλόν
2032 428 2136 464 ἐστιν.
2163 423 2256 461 Οὔτε
2286 423 2352 474 γὰρ

1333 482 1442 532 ὄνομα
1461 483 1576 536 ἕτερόν
1597 486 1690 523 ἐστιν
1709 486 1776 524 ὑπὸ
1796 487 1853 525 τὸν
1877 486 2037 538 οὐρανὸν,
2064 485 2182 537 φησὶν,
2202 487 2234 522 ἐν
2252 479 2280 536 ᾧ
2303 485 2353 522 δεῖ

1333 546 1485 589 σωθῆναι
1507 548 1611 595 ἡμᾶς.
1629 547 1751 584 Ταῦτα
1768 549 1880 598 ψυχῆς
1899 545 2154 597 κατεγνωκυίας
2178 549 2239 591 τῆς
2262 547 2351 591 ζωῆς

1331 605 1393 649 τ’ἧς
1421 604 1599 655 παρούσης
1625 605 1729 643 ἐστίν.
1757 606 1803 644 ‘H
1821 606 1932 653 πολλὴ
1968 605 2146 657 παρρησία
2167 606 2186 624 *
2203 604 2351 643 δείκνυσι

1333 669 1446 702 τοῦτο.
1475 665 1648 704 Ἐνταῦθα
1681 668 1783 712 δῆλον
1811 673 1924 714 ποιεῖ,
1957 666 2008 704 ὅτι
2037 666 2097 703 καὶ
2124 665 2180 703 ότε
2204 665 2351 703 ταπεινὰ

1333 724 1516 776 ἐφθέγγετο
1530 726 1610 777 περὶ
1626 730 1684 764 τοῦ
1705 728 1856 780 Χριστοῦ
1873 757 1882 775 ,
1911 728 1948 764 οὗ
1967 725 2145 773 δεδοικὼς,
2166 726 2255 763 ἀλλὰ
2271 741 2352 776 συγ-

1334 785 1553 824 καταὸαίνων
1565 803 1572 810 ·
1602 787 1721 832 ἐπειδὴ
1737 788 1772 826 δὲ
1792 793 1849 826 νῦν
1869 788 1987 840 καιρὸς
2005 781 2047 833 ἦν
2062 816 2072 834 ,
2087 786 2176 824 οὕτω
2204 785 2351 838 φθέγγε-

1334 861 1392 883 ται
1410 846 1545 897 ὑψηλὰ,
1565 850 1611 890 ὡς
1631 850 1723 899 αὐτῷ
1744 847 1854 901 τούτῳ
1869 849 1928 886 καὶ
1943 847 2019 891 τοὺς
2039 846 2224 890 ἀκούοντας
2240 847 2351 884 ἅπαν-

1333 922 1394 950 τας
1418 907 1652 954 καταπλῆξαι.
1671 907 1760 947 Ἰδοὺ
1786 909 1846 946 καὶ
1866 910 1951 947 ἄλλο
1971 914 2114 958 σημεῖον
2133 909 2193 945 οὒκ
2211 906 2351 944 ἔλαττον

1334 970 1393 1004 τοῦ
1421 968 1599 1019 προτέρου.
1632 968 1891 1020 Ἐπεγίνωσκόν
1911 985 1948 1006 τε
1971 968 2114 1014 αὐτους,
2147 983 2270 1019 φησιν,
2302 967 2353 1004 ὅτι

1336 1044 1394 1066 συν
1410 1045 1459 1065 τω
1477 1029 1593 1074 Ιησοῦ
1614 1046 1715 1077 ησαν.
1735 1031 1848 1082 Οὐχ
1832 1047 1864 1068 α
1854 1031 1949 1073 ’τλως
1969 1033 2068 1067 τοῦτο
2087 1029 2217 1067 τέθεικε
2229 1028 2268 1065 τὸ
2283 1044 2354 1079 χω-

1338 1090 1438 1141 ρίονὸ
1461 1092 1544 1140 εὗαγ
1537 1090 1681 1141 κελιστ
1645 1107 1725 1137 της,
1747 1092 1822 1128 ἀλλ’
1855 1107 1908 1128 ινα
1928 1089 2066 1139 δηὶώσῃ
2087 1089 2146 1126 καὶ
2168 1091 2232 1127 ποῦ
2252 1093 2353 1135 ἦσαν.

1335 1148 1396 1187 Ἐν
1417 1165 1466 1186 τι)
1485 1118 1604 1197 πείθει,
1627 1150 1741 1202 ρησίν.
1765 1153 1873 1189 Οὗτοι
1895 1150 1961 1203 γὰρ
1983 1150 2112 1200 μόνοι
2096 1149 2173 1186 τότε
2189 1152 2354 1195 συνῆσαν,

1333 1209 1391 1247 ὅτε
1409 1210 1467 1246 καὶ
1492 1210 1608 1261 ἑώρων
1626 1211 1746 1254 αὐτοὺς
1762 1210 1941 1253 ταπεινοὺς
1953 1239 1962 1255 ,
1996 1209 2307 1259 συνεσταλμένους·
2339 1208 2356 1245 ὃ

1335 1285 1394 1317 και
1411 1270 1564 1320 μοίὶιστα
1581 1272 1645 1308 αὖτ
1647 1288 1701 1315 ους
1721 1271 1880 1319 ἐξένιζεν,
1909 1275 1930 1317 ἦ
1954 1271 2061 1322 ἀθρόα
2077 1269 2252 1308 μεταοολ
2223 1286 2265 1315 η.
2286 1269 2355 1307 Καὶ

1335 1331 1433 1382 γὰρ
1418 1334 1488 1369 εκεῖ
1504 1336 1592 1377 ἦσαν
1604 1334 1635 1369 οἱ
1650 1348 1728 1384 περι
1741 1332 1862 1370 Ἄνναν
1883 1348 1940 1370 και
1957 1332 2142 1383 Καϊάφαν,
2161 1347 2219 1368 και
2234 1347 2357 1383 παρει-

1337 1391 1508 1437 στ’ίκεσαν
1532 1394 1644 1436 αυτοῖς
1663 1392 1721 1430 καὶ
1742 1396 1852 1430 οὗτοι·
1876 1397 1934 1429 νῦν
1954 1392 1989 1429 δὲ
2012 1391 2216 1437 ἐξέπληττεν
2237 1390 2359 1434 αυτους

1335 1456 1389 1498 ἢῧ
1397 1453 1528 1505 σφόδρα
1543 1453 1732 1504 παρρησία.
1749 1455 1801 1492 Ου
1824 1469 1890 1505 γαρ
1909 1459 1979 1495 τοῖς
1999 1456 2130 1504 ρημασι
2151 1451 2253 1501 μόνον
2268 1451 2357 1489 ἐδεί-

1336 1528 1457 1551 κνυντο
1473 1516 1773 1565 ἀφροντιστοῦντες
1784 1513 1863 1564 περὶ
1881 1511 2042 1550 τοιούτων
2063 1512 2278 1564 κρινόμενοι,
2297 1512 2356 1550 καὶ

1336 1574 1424 1626 ὓπὲρ
1439 1576 1507 1612 τῶν
1534 1574 1690 1626 ἐσχάτων
1713 1574 1952 1627 ἐπηρτημένου
1979 1578 2039 1612 τοῦ
2068 1573 2246 1620 κινδύνου,
2267 1573 2356 1611 ἀλλὰ

1337 1635 1395 1673 καὶ
1418 1637 1468 1687 τῷ
1491 1634 1667 1687 σχήματι,
1687 1635 1746 1672 καὶ
1773 1639 1815 1686 τῇ
1846 1638 1960 1687 φωνῇ,
1981 1635 2040 1672 καὶ
2071 1636 2121 1685 τῷ
2152 1633 2356 1685 βλέμματι,

1337 1695 1396 1732 καὶ
1424 1702 1529 1733 πᾶσιν
1556 1696 1674 1738 ἁπλῶς
1694 1694 1756 1741 τὴν
1785 1695 1982 1747 παρρησίαν
2006 1693 2180 1746 ἐνέφαινον
2211 1693 2267 1731 ἐπὶ
2296 1696 2356 1731 τοῦ

1337 1757 1435 1802 λαοῦ,
1462 1755 1495 1799 ἐξ
1510 1750 1557 1792 ὧν
1579 1756 1792 1808 ἐφθέγγοντο.
1811 1756 2028 1806 Ἔθαύμαζον
2048 1755 2084 1792 δὲ
2104 1754 2208 1802 ἴσως,
2229 1753 2283 1793 ὅτι
2299 1754 2357 1792 ἄν·

1338 1819 1468 1869 Θρωποι
1487 1816 1546 1853 καὶ
1564 1816 1789 1868 ἀγράμματοί
1811 1819 1878 1854 εἶσι
1903 1817 1962 1854 καὶ
1988 1818 2139 1854 ἰδιῶται·
2160 1814 2279 1861 ἐπειδὴ
2309 1814 2359 1852 ἔνι

1339 1876 1567 1928 ἀγράμματον
1587 1892 1665 1914 τινα
1689 1871 1796 1924 εἶναι,
1831 1877 1879 1928 μὴ
1914 1876 2030 1927 μέντοι
2061 1877 2120 1914 καὶ
2153 1875 2314 1921 ἰδιώτην·
2335 1874 2357 1919 ἢ

1338 1936 1480 1983 ἰδιώτην
1502 1937 1563 1987 μὲν
1575 1967 1584 1983 ,
1607 1939 1667 1975 οὐκ
1682 1937 1911 1989 ἀγράμματον
1928 1937 1976 1976 δέ.
2001 1936 2180 1975 Δείκνυσιν
2197 1938 2360 1980 ἐνταῦθα,

1338 1998 1392 2037 ὅτι
1427 1997 1471 2036 τὰ
1499 1997 1557 2035 δύο
1585 2001 1742 2045 συν-ἦλθε.
1771 1998 2076 2048 Καταλαὸόμενοι,
2102 1997 2198 2048 φησί.
2224 1997 2360 2043 ΠόΟεν;

1340 2057 1413 2108 Ἀφ’
1431 2051 1478 2095 ὧν
1494 2057 1620 2109 ἔλεγον.
1644 2060 1696 2096 Οὐ
1718 2058 1870 2111 μακροὺς
1888 2057 2083 2096 κατατείνει
2108 2058 2248 2109 λόγους,
2272 2059 2361 2096 ἀλλὰ

1344 2118 1403 2156 καὶ
1434 2121 1493 2156 ἀπ’
1516 2121 1622 2164 αὐτῆς
1646 2122 1708 2164 τῆς
1727 2118 1941 2170 ἀπαγγελίας
1957 2119 2016 2156 καὶ
2030 2121 2092 2164 τ”ῆς
2108 2117 2279 2164 συνθήκης
2298 2117 2360 2164 τὴν

1343 2176 1359 2198 ¹³
1374 2178 1573 2229 παρρησίαν
1593 2179 1705 2224 δηλοῖ·
1723 2177 1815 2216 ὥστε
1830 2178 2031 2230 ἐπέσκηψαν
2052 2177 2090 2215 ἂν
2112 2180 2223 2221 αὐτοῖς
2234 2208 2244 2225 ,
2259 2180 2290 2215 εἷ
2311 2177 2360 2228 μὴ

1346 2237 1406 2275 σὺν
1421 2240 1534 2280 αὐτοῖς
1547 2233 1589 2284 ἦν
1604 2242 1621 2277 ὃ
1635 2238 1825 2291 ἄνθρωπος.
1836 2239 2094 2289 Ἔπεγίνωσκόν
2107 2256 2145 2277 τε
2157 2239 2290 2286 αὐτοὺς,
2301 2255 2363 2291 φη-

1346 2298 1412 2345 σὶν,
1437 2297 1489 2336 ὅτι
1515 2297 1574 2336 σὺν
1594 2302 1643 2351 τῷ
1661 2299 1776 2345 Ἰησοῦ
1792 2294 1891 2346 ἦσαν.
1913 2298 2030 2351 ιγΟπερ
2050 2298 2169 2341 αὐτοὺς
2185 2299 2293 2337 ἐποίει
2307 2315 2363 2337 πι-

1348 2364 1504 2406 στεῦσαι,
1524 2359 1577 2397 ὅτι
1596 2361 1678 2411 παρ’
1696 2359 1823 2396 ἐκείνου
1844 2363 1954 2397 ταῦτα
1971 2359 2098 2409 ᾔδεσαν
2109 2389 2119 2407 ,
2135 2359 2194 2396 καὶ
2209 2362 2254 2402 ὡς
2270 2360 2364 2397 ἐκεί-

1347 2435 1403 2457 νου
1421 2419 1573 2470 μαθηταὶ
1592 2421 1708 2457 πάντα
1721 2420 1904 2471 ἔπραττον.
1929 2420 2010 2470 Οὐχ
2024 2415 2128 2465 ἧττον
2147 2418 2183 2458 δὲ
2202 2423 2264 2466 τ’ἧς
2283 2420 2365 2457 τού-

1346 2496 1413 2518 των
1443 2483 1557 2532 φωνῆς
1572 2480 1666 2532 ἠφίει
1682 2480 1799 2532 φωνὴν
1818 2480 1856 2517 τὸ
1878 2483 1994 2530 θαῦμα
2010 2480 2069 2517 καὶ
2089 2480 2127 2518 τὸ
2140 2484 2327 2531 ρσημεῖον·
2347 2481 2365 2518 ὃ

1347 2541 1388 2587 δὴ
1409 2541 1467 2579 καὶ
1488 2540 1638 2590 μάλιστα
1658 2541 1835 2593 ἓνέρραξεν
1860 2543 1971 2578 αὐτῶν
1988 2540 2031 2578 τὰ
2049 2541 2219 2591 στόματα.
2248 2543 2293 2580 Εἰ
2313 2542 2365 2579 δί-

1346 2602 1442 2640 καιόν
1463 2605 1559 2649 ἐστι,
1585 2603 1706 2654 φησὶν,
1730 2601 1874 2640 ἐνώπιον
1901 2607 1960 2640 τοῦ
1987 2604 2078 2641 Θεοῦ
2107 2605 2202 2652 ὑμῶν
2230 2602 2364 2641 ἀκούειν

1347 2665 1476 2712 μᾶλλον
1499 2663 1520 2708 ἢ
1538 2666 1596 2700 τοῦ
1624 2664 1733 2710 Θεοῦ,
1752 2662 1903 2715 κρίνατε.
1923 2662 2013 2700 UOvs-2
2028 2666 2046 2700 ὅ
2064 2662 2166 2713 φόὸος
2182 2663 2363 2713 ὑπετμήθη

1347 2726 1475 2774 μᾶλλον
1492 2723 1553 2771 (τὸ
1568 2723 1634 2776 γὰρ
1662 2725 1895 2774 παραγγεῖλαι
1911 2722 2008 2761 οὐδὲν
2034 2717 2075 2769 ἦν
2091 2722 2206 2774 ἕτερον
2228 2723 2250 2769 ἢ
2276 2726 2365 2761 ἀπο-

1339 2784 1535 2834 λυθῆναι),
1568 2784 1644 2822 τότε
1669 2783 1728 2821 καὶ
1756 2783 2008 2835 ἐπιεικέστερον
2028 2782 2249 2835 φθέγγονται·
2277 2783 2365 2821 οὕτω

1346 2844 1480 2896 μακρὰν
1497 2844 1640 2896 Ορασους
1655 2838 1756 2890 ἦσαν.
1776 2842 1861 2882 ἰΌτι
1880 2843 2030 2895 γνωστὸν
2053 2859 2108 2893 σηι
2130 2849 2195 2880 εῖον
2210 2843 2362 2896 γέγονεν,

1344 2908 1396 2944 Οὔ
1418 2906 1591 2955 ουναμεῡα
1609 2904 1837 2957 ἀρνησασθαι.
1854 2904 1993 2942 ‘'sse-‘cs
1975 2904 2171 2956 ηρνῆσαντο
2190 2904 2243 2950 ἂν,
2265 2907 2294 2942 εἷ
2314 2905 2362 2956 μὴ

1344 2970 1442 3005 τοῦτο
1460 2969 1520 3013 ἠν,
1535 2968 1564 3002 εἷ
1588 2982 1635 3015 μη
1655 2968 1676 3010 ἡ
1697 2968 1764 3002 των
1779 2966 1916 3003 πολλῶν
1937 2963 2111 3039 μαρτυρία
2131 2968 2184 3010 ἠν.
2208 2965 2277 3003 Καὶ
2295 2965 2364 3016 μὴν

1343 3034 1429 3065 πᾶσι
1449 3026 1642 3072 κατάδηλον
1662 3029 1715 3071 ἠν.
1736 3024 1841 3063 An&
1871 3039 2021 3062 τοιουτον
2051 3027 2072 3070 ἡ
2101 3025 2225 3073 κακία,
2258 3025 2364 3078 θρασυ

1343 3088 1401 3125 καὶ
1415 3086 1549 3137 ἰταμόν.
1570 3087 1711 3136 Ἀπειλῇ
1729 3085 2012 3134 ἀπειλησώμεθα.
2024 3085 2070 3123 Τί
2089 3086 2198 3137 λέγεις
2205 3101 2215 3133 3
2237 3088 2364 3136 ἀπειλῇ

1343 3148 1559 3199 προσδοκᾶτε
1586 3145 1722 3191 στήσειν
1743 3145 1782 3182 τὸ
1803 3145 1986 3197 κήρυγμα,
2007 3145 2108 3183 Οὕτω
2129 3149 2308 3198 πανταχοῦ
2329 3149 2364 3183 αἱ

1405 3277 1421 3299 ¹¹
1436 3278 1603 3321 παργέηπίαν
1619 3277 1765 3313 δείκνυσιν,
1784 3277 1869 3313 ὥστε,
1886 3274 1932 3305 sic
1949 3285 2041 3308 unus.

1403 3333 1413 3345 ‘³
1430 3325 1490 3357 Alli
1508 3334 1625 3369 σημεῖον
1641 3331 1729 3359 ἐκεῖνο
1746 3326 1818 3358 α’)τὸ
1835 3329 1996 3369 {za-:faciem
