2502 3810
1076 261 1133 291 DE
1169 261 1286 292 FiDE.

153 352 199 393 εἷς
214 348 277 395 τὴν
293 350 353 394 τῆς
368 347 518 400 Τριάδος
538 347 654 385 πίστιν
672 345 966 397 μεταστρέφουσα.
987 343 1166 385 Τοιούτοις

150 408 236 439 πᾶσι
254 407 324 442 τοῖς
339 400 539 451 μυστηρίοις
555 398 655 437 οἱονεὶ
683 398 856 461 σφραγῖδα
875 397 978 439 τιθεὶς
998 398 1015 433 ὃ
1042 394 1166 446 Κύριος

149 455 265 502 ἡμῶν,
284 455 318 490 ἐν
339 455 431 503 τρισὶ
447 451 657 489 καταδύσεσι
672 454 731 486 τοῦ
747 464 907 497 σωματος
929 449 963 486 ἓν
983 448 1165 510 βάπτισμα

150 511 219 548 τοῖς
231 507 351 542 ἑαυτοῦ
362 507 533 553 μαθηταῖς
544 502 770 553 παραδέδωκε
780 531 789 547 ,
800 501 926 550 λέγων,
938 502 1168 560 Πορευθεντες

150 556 388 605 μαθητεύσατε
402 556 517 593 πάντα
527 555 571 593 τὰ
583 555 661 598 ἔθνη
674 553 916 604 ,βαπτίζοντες
927 550 1048 592 αὐτοὺς
1061 552 1107 592 εἷς
1129 564 1168 586 το

146 609 254 657 ὄνομα
264 612 323 645 τοῦ
333 609 469 658 Πατρὸς
480 607 538 644 καὶ
545 610 603 644 τοῦ
614 607 697 643 Υἱοῦ
706 605 764 642 καὶ
773 608 831 642 τοῦ
842 603 940 654 ἁγίου
952 602 1166 651 Πνεύματος.

2122 252 2216 317 959

1237 341 1368 381 docete
1382 356 1513 383 omnes
1531 353 1676 398 gentes,
1692 347 1930 397 baptizantes
1952 360 2015 385 eos
2035 349 2076 384 in
2097 350 2216 386 nomi-

1238 408 1285 431 ne
1320 398 1453 434 Patris
1482 405 1519 434 et
1547 399 1641 434 Filii
1673 406 1709 435 et
1735 398 1896 448 Spiritus
1922 402 2059 436 sancti.
2098 401 2217 438 Unam

1237 459 1310 483 esse
1350 448 1587 498 operationem
1619 449 1722 486 facile
1756 449 2100 489 demonstrabimus:
2137 466 2219 489 cum

1236 507 1353 535 autem
1390 514 1497 536 unam
1533 515 1607 538 esse
1637 502 1877 551 operationem
1914 502 2029 540 Patris
2065 512 2099 540 et
2132 504 2220 541 Filii

1237 558 1270 586 ct
1288 550 1442 602 Spiritus
1464 553 1574 589 sancti
1591 552 1862 599 demonstretur,
1882 567 2018 591 necesse
2036 564 2086 592 est
2105 556 2218 593 omni-

1238 614 1282 638 no
1316 616 1424 639 unam
1446 603 1542 640 credi
1563 605 1797 642 substantiam
1826 620 1834 640 :
1856 619 2006 655 quorum
2025 607 2119 644 enim
2138 621 2222 659 ope-

150 660 245 696 Μίαν
258 660 431 710 ἐνέργειαν
447 659 591 700 ἑτοίυιως
602 657 824 706 ἀποδείξομεν
835 671 842 678 ·
857 662 937 705 μιᾶς
947 654 982 693 δὲ
996 653 1168 704 ἐνεργείας
1178 667 1224 691 856
1238 653 1326 691 ratio
1348 668 1431 699 una,
1455 668 1524 691 una
1539 669 1681 705 quoque
1702 665 1752 693 est
1771 657 1978 696 substantia.
2003 659 2220 710 Incipiamus

149 712 287 763 Πατρὸς
308 712 367 748 καὶ
383 713 467 749 Tio&
492 695 552 748 καὶ
574 710 670 760 ἁγίου
689 709 893 758 Πνεύματος
915 705 1164 754 ἀποδεικνυμέ-
1190 704 1216 731 Λ
1239 717 1320 754 ergo
1345 706 1463 742 dicere
1484 706 1529 742 de
1560 707 1686 744 mundi
1718 708 1907 757 creatione,
1941 709 1986 746 de
2015 710 2216 762 adoptione,

147 763 371 813 νης,ἀνάγκη
387 769 483 801 πᾶσα
512 763 570 799 καὶ
594 761 676 811 μίαν
703 761 819 798 οὐσίαν
849 751 1168 821 πιστευθηναι·1ὧν

148 815 215 866 γὰρ
234 818 256 860 ἡ
272 815 424 865 ἐνέργεια
444 815 508 864 μία
532 814 590 851 καὶ
611 813 708 851 οὐσία
734 812 807 863 μία.
828 810 1026 861 Ἀρξώμεθα
1056 823 1169 845 τοίνυν

148 866 260 916 λέγειν
275 867 354 918 περὶ
370 866 615 916 κοσμοποιίας,
636 864 715 916 περὶ
731 863 918 909 υἱοθεσίας,
938 861 1018 913 περὶ
1037 862 1170 926 ἐλευθε-

151 917 242 968 ρίας,
259 920 337 970 περὶ
364 921 506 970 οὐρανοῦ
537 917 596 955 καὶ
617 920 679 967 γῆς
708 915 922 961 συστάσεως,
945 912 1170 976 καὶωαπαξα-

149 971 245 1013 πλῶς
272 970 352 1021 περὶ
378 970 504 1012 παντὸς
527 970 627 1021 ἔργου
659 968 718 1006 καὶ
749 971 817 1005 τῶν
844 968 957 1004 ἄλλων
988 980 1049 1010 της
1081 966 1171 1009 ζωης

149 1024 248 1070 ἡμῶν
270 1025 413 1073 γρειῶν,
441 1022 598 1074 ἀφορμὰς
633 1019 699 1058 ὑπὸ
731 1019 870 1071 Πατρὸς
899 1018 958 1055 καὶ
988 1018 1074 1055 Υἱοῦ
1110 1016 1170 1054 καὶ

148 1073 246 1124 ἁγίου
277 1067 477 1124 Πνεύματος
506 1073 782 1122 ἐπιτελουμένας.
801 1070 947 1124 Ἀρξωμ
957 1085 990 1106 εν
1012 1068 1080 1107 ἀπὸ
1099 1071 1168 1106 τῶν

147 1125 309 1176 πρώτων,
331 1127 392 1163 καὶ
411 1128 564 1175 ἔλθωμεν
580 1125 638 1162 ἐπὶ
663 1124 707 1161 τὰ
729 1123 871 1174 δεύτερα
885 1151 894 1168 ,
911 1123 973 1159 εἶθ’
994 1121 1083 1184 οὕτω
1109 1136 1171 1158 κα-

147 1177 244 1222 θεξῆς
254 1178 311 1215 τὸν
323 1177 422 1229 λόγον
435 1180 535 1227 ἡμῶν
546 1175 807 1227 περισώσωμεν.
820 1175 890 1212 Τὸν
903 1174 1042 1223 οὖρανον
1055 1172 1170 1218 ἐποίη-

148 1244 204 1266 σεν
220 1232 238 1266 ὃ
260 1229 384 1280 Πατὴρ
404 1230 466 1266 οὐκ
481 1229 560 1266 ἄνευ
579 1228 692 1278 Λόγου
709 1228 768 1265 καὶ
785 1225 987 1276 Πνεύματος
998 1239 1006 1248 ·
1023 1226 1084 1275 Τῷ
1103 1223 1170 1276 γὰρ

148 1280 242 1333 λόγῳ
262 1280 390 1333 Κυρίου
415 1284 447 1318 οἱ
470 1280 638 1332 οὐρανοὶέ
663 1279 896 1331 τερεώθησαν,
918 1277 976 1314 καὶ
996 1279 1045 1327 τῷ
1067 1276 1170 1313 πνεύ-

149 1348 233 1381 ματι
251 1336 310 1369 τοῦ
331 1333 502 1383 στόματος
518 1335 622 1370 αὐτοῦ
634 1338 730 1369 πᾶσα
743 1335 765 1377 ἡ
785 1330 927 1377 δύναμις
946 1331 1070 1366 αὐτῶν.
1091 1329 1169 1365 Πᾶ-

149 1399 212 1420 σαν
233 1384 296 1431 τὴν
318 1385 521 1435 οἰκουμένην
543 1384 742 1436 ἐπλήρωσεν
760 1387 777 1421 ὃ
793 1381 942 1433 Πατὴρ,
965 1383 1011 1424 ὡς
1038 1381 1170 1443 γέγραι-

148 1452 234 1474 πται
250 1452 255 1459 ·
277 1437 347 1474 Τὸν
364 1436 507 1488 οὐρανὸν
527 1437 586 1473 καὶ
606 1439 670 1483 γῆν
694 1434 760 1486 ἐγὼ
781 1435 945 1484 ἐκπληρῶ
958 1463 967 1480 ,
986 1433 1079 1483 λέγει
1096 1435 1168 1470 Κυ-

1238 756 1282 793 de
1308 757 1480 803 libertate,
1511 756 1555 795 de
1580 760 1677 806 caelo,
1697 759 1741 796 de
1759 769 1860 796 terrae
1878 761 2139 808 constitutione,
2168 772 2219 800 at-

1238 821 1307 857 que
1325 822 1395 846 uno
1413 809 1524 846 verbo
1557 809 1602 847 de
1620 811 1715 848 omni
1742 825 1862 862 opere,
1879 811 1992 862 deque
2012 813 2090 851 aliis
2107 815 2220 851 omni-

1238 859 1306 897 bus
1322 860 1368 897 ad
1385 861 1468 899 vitae
1489 870 1615 899 nostrae
1645 877 1745 900 usum
1771 862 2029 914 pertinentibus
2049 881 2056 901 :
2077 880 2118 903 ac
2140 866 2220 915 qui-

1238 911 1305 948 bus
1336 913 1580 951 occasionibus
1614 928 1662 951 eae
1679 929 1698 951 a
1724 916 1828 952 Patre
1848 925 1881 952 et
1899 916 1992 953 Filio
2019 926 2051 954 et
2083 917 2221 969 Spiritu

1241 973 1360 1001 sancto
1393 965 1552 1016 perfectae
1575 965 1659 1003 sint.
1681 968 1709 1002 A
1726 967 1853 1018 primis
1876 968 2101 1019 incipiamus,
2124 978 2156 1007 et
2175 970 2221 1007 ad

1240 1015 1393 1053 secunda
1437 1017 1646 1065 veniamus;
1671 1027 1704 1055 et
1739 1019 1790 1055 sie
1833 1018 1996 1070 deinceps
2027 1022 2220 1059 orationem

1239 1076 1393 1105 nostram
1411 1083 1673 1120 persequamur.
1689 1070 1823 1107 Caelum
1846 1071 1928 1107 fecit
1947 1073 2050 1109 Pater
2064 1087 2133 1109 non
2147 1073 2222 1110 sine

1239 1120 1359 1157 Verbo
1385 1129 1416 1156 et
1438 1121 1575 1172 Spiritu
1593 1137 1601 1156 :
1619 1135 1702 1157 nam
1724 1123 1846 1159 Verbo
1871 1124 2029 1159 Domini
2051 1125 2221 1175 coelifir-
2235 1141 2322 1171 Psal.
2346 1141 2398 1172 32,

1241 1174 1336 1208 mati
1354 1180 1465 1217 sunt,
1505 1181 1542 1209 et
1560 1175 1697 1224 spiritu
1725 1176 1799 1210 oris
1826 1176 1906 1225 ejus
1934 1178 2057 1212 omnis
2095 1179 2221 1214 virtus
2235 1182 2265 1211 6.

1237 1235 1379 1261 eorum.
1396 1224 1527 1260 Totum
1554 1224 1675 1261 orbem
1689 1225 1841 1276 replevit
1858 1227 1960 1262 Pater
1967 1256 1976 1274 ,
1997 1235 2035 1263 ut
2050 1228 2222 1279 scriptum

1236 1282 1287 1311 est
1307 1289 1315 1310 :
1334 1276 1477 1312 Coelum
1501 1285 1538 1313 et
1558 1285 1700 1313 terram
1714 1290 1782 1328 ego
1803 1278 1956 1328 impleo,
1980 1279 2074 1316 dicit
2088 1281 2222 1317 Domi·
2234 1289 2416 1333 Jer.23.24.

1238 1340 1320 1364 nus.
1341 1327 1506 1378 Replevit
1524 1337 1558 1365 et
1590 1328 1704 1365 Filius
1722 1345 1730 1365 :
1751 1342 1833 1365 nam
1856 1332 1996 1367 Omnia
2015 1346 2083 1381 per
2097 1335 2221 1383 ipsum
2233 1348 2326 1376 Joan.
2349 1350 2416 1379 1‚3‚

1224 1379 1345 1430 facta
1360 1388 1462 1425 sunt,
1483 1388 1519 1417 et
1538 1383 1622 1417 sine
1637 1384 1718 1431 ipso
1741 1383 1894 1431 factum
1914 1391 1968 1419 est
1989 1384 2102 1420 nihil.
2124 1384 2221 1421 Audi

1236 1430 1455 1490 Sapientiam
1475 1432 1650 1470 dicentem
1671 1432 1714 1470 de
1733 1433 1891 1484 Spiritu:
1907 1435 2067 1484 Spiritus
2085 1437 2221 1473 Domi·
2233 1452 2309 1491 Sap.
2339 1462 2366 1481 1,
2386 1461 2414 1489 7,

150 1503 230 1538 ριος.
249 1488 459 1539 Ἐπλήρωσε
494 1488 588 1525 καὶὸ
606 1486 710 1529 Υἱός·
736 1487 859 1523 Ποίντα
889 1485 957 1536 γὰρ
994 1486 1037 1521 δι’
1066 1487 1167 1522 αὐτοῦ
1191 1492 1214 1522 Β
1237 1496 1276 1518 nc
1320 1484 1482 1534 replevit
1519 1487 1659 1522 orbem.
1689 1485 1787 1532 Quid
1824 1486 1937 1524 vero?
1967 1487 2219 1526 Creaturarum

148 1541 304 1590 ἐγενετο,
323 1541 382 1577 καὶ
406 1539 485 1576 ἄνευ
519 1541 623 1576 αὐτοῦ
654 1538 786 1589 ἐγένετο
814 1536 922 1575 οὐδέν.
956 1536 1077 1574 Ἄκουε
1107 1539 1169 1582 τῆς

148 1591 267 1643 σοφίας
285 1591 451 1642 λεγούσης
471 1591 552 1643 περὶ
578 1595 637 1628 τοῦ
665 1589 887 1638 Πνεύματος·
920 1590 1067 1650 Πνεῦμα
1097 1590 1169 1626 Κυ-

150 1643 220 1694 ρίου
242 1644 424 1695 ἐπλήρωσε
444 1643 505 1689 τὴν
525 1641 739 1692 οἰκουμένην.
759 1640 806 1679 Τί
840 1641 876 1678 δέ
889 1657 898 1687 3
927 1642 978 1678 To
1006 1640 1167 1691 μέγιστον

147 1699 214 1733 τῶν
245 1696 460 1745 κτισμάτων,
481 1699 497 1732 ὁ
518 1695 714 1747 ἅνθρωπος,
737 1694 800 1744 οὐχ
814 1693 880 1730 ὑπὸ
906 1693 1044 1745 Πατρὸς
1065 1692 1167 1743 μόνου

146 1747 348 1798 γεγένηται,
365 1748 454 1785 ἀλλὰ
475 1750 714 1799 συνεργοῦντος
729 1749 788 1783 τοῦ
806 1746 910 1792 Υἱοῦ,
925 1746 1165 1796 συμπληροῦν·

146 1815 202 1841 τος
229 1803 288 1838 τοῦ
319 1800 415 1851 ἁγίου
453 1799 673 1849 Πνεύματος·
708 1797 918 1847 Ποιήσωμεν
941 1798 1025 1847 γὰρ,
1045 1797 1163 1848 φησὶν,

147 1851 324 1902 ἄνθρωπον
344 1855 421 1890 κατ’
455 1851 571 1889 εἰκόνα
603 1850 776 1903 ἡμετέραν
806 1849 864 1887 καὶ
893 1851 968 1886 καθ’
989 1850 1165 1898 ὁμοίωσιν.

145 1904 369 1954 Ποιήσωμεν,
387 1906 424 1942 οὗ
441 1903 578 1948 ποιήσω
595 1903 655 1953 μὲν
677 1903 757 1953 ἐγὼ,
777 1905 814 1939 οὐ
834 1902 983 1952 ποιήσῃς
990 1901 1037 1955 Νδὲ
1055 1901 1108 1949 σὺ,
1128 1904 1165 1940 οὐ

146 1956 276 2001 ποιήση
298 1958 444 2003 ἐκεῖνος,
463 1956 573 2003 ἀλλὰ,
596 1955 820 2004 Ποιήσωμεν.
840 1955 883 1991 Εἰ
897 1953 963 2005 γὰρ
979 1958 1071 2000 εἰπε,
1086 1953 1166 1991 ποί-

146 2023 228 2053 ησον
249 1999 308 2055 σὺ,
341 2007 566 2046 ἐδείκνυε.τὸν
585 2007 770 2060 ὃπουργόν·
790 2005 830 2043 τὸ
863 2005 898 2043 δὲ
930 2005 1096 2055 ὁμότιμον
1117 2008 1164 2043 δι-

146 2059 248 2103 δάξας
268 2060 383 2111 λέγει,
404 2060 614 2107 Ποιήσωμεν
633 2060 826 2110 ἄνθρωπον.
857 2057 965 2103 Κοινὴ
980 2060 1001 2102 ἦ
1017 2057 1140 2108 γνώμη
1153 2087 1162 2103 ,

145 2112 242 2157 κοινὴ
258 2116 278 2158 ἡ
297 2111 434 2165 πρᾶξις,
446 2112 557 2149 κοινὸν
571 2111 680 2149 καὶτὸ
698 2111 860 2160 πλάσμα.
885 2110 968 2147 “O-»z
988 2109 1022 2146 δὲ
1037 2110 1164 2162 Πατὴρ

144 2165 203 2201 καὶ
224 2165 305 2208 Υἱὸς
324 2165 383 2202 καὶ
405 2165 499 2215 ἅγιον
519 2166 666 2213 Πνεῦμα
696 2163 867 2208 πεποίηκε
892 2162 949 2199 τὸν
967 2161 1161 2213 ἄνθρωπον,

143 2216 254 2253 Δαυίδ
273 2232 331 2266 μοι
353 2222 522 2268 μαρτυρεῖ
540 2216 649 2266 λέγων
666 2215 752 2265 πρὸς
771 2214 827 2251 τὸν
848 2213 937 2276 Θεόν
951 2228 958 2236 ·
984 2216 1029 2251 Αἱ
1049 2215 1164 2266 χεῖρές

1236 1535 1393 1572 maxima
1427 1536 1546 1582 homo,
1584 1551 1653 1574 non
1671 1551 1690 1574 a
1710 1538 1814 1574 Patre
1843 1538 1916 1574 solo
1936 1538 2026 1575 faeta
2051 1549 2116 1589 est,
2157 1540 2218 1579 sed

1236 1597 1442 1638 cooperante
1473 1589 1579 1631 Filio,
1597 1589 1795 1641 complente
1816 1590 1952 1641 Spiritu
1974 1600 2111 1630 sancto:
2134 1606 2216 1630 nam

1234 1638 1297 1684 ait,
1316 1642 1530 1678 Faciamus
1554 1642 1747 1678 hominem
1763 1642 1817 1678 ad
1829 1645 2034 1694 imaginem
2050 1653 2086 1681 et
2105 1647 2192 1681 simi
2199 1667 2214 1674 -
2233 1657 2307 1684 Gen.
2326 1663 2351 1685 ι.
2363 1657 2414 1685 26.

1236 1691 1436 1729 titudinem
1460 1701 1646 1730 nostram.
1667 1694 1865 1743 Faciamus,
1886 1709 1967 1740 non,
1980 1696 2122 1735 Faciam
2138 1711 2214 1748 ego,

1233 1757 1318 1793 non,
1341 1744 1463 1781 Facias
1481 1754 1535 1794 tu,
1557 1759 1640 1790 non,
1655 1746 1872 1794 Faciatille3
1895 1746 1969 1796 sed,
1991 1749 2214 1787 Faciamus.

1233 1796 1270 1833 Si
1291 1797 1385 1833 enim
1410 1796 1573 1846 dixisset,
1594 1799 1663 1835 Fac
1681 1808 1732 1845 tu,
1750 1798 2020 1836 subministrum
2034 1799 2210 1838 declaras-

1232 1857 1302 1885 set:
1322 1849 1559 1898 aequalitatein
1587 1864 1669 1888 vero
1696 1850 1953 1900 demonstrans,
1986 1851 2047 1899 ait,
2063 1854 2212 1890 Facia-

1233 1914 1316 1938 mus
1343 1902 1547 1938 hominem.
1583 1903 1791 1940 Communis
1815 1903 1999 1952 sententia,
2028 1917 2213 1943 commune

1230 1966 1333 2003 opus,
1360 1967 1544 1990 commune
1567 1953 1790 2004 figmentum.
1826 1955 1933 2000 Quod
1961 1965 2080 1993 autem
2109 1957 2213 1994 Pater

1230 2013 1263 2042 et
1294 2005 1408 2042 Filius
1435 2014 1469 2042 et
1498 2005 1652 2056 Spiritus
1680 2015 1820 2044 sanctus
1854 2007 1975 2045 feccrit
2006 2008 2209 2059 hominem,

1231 2056 1351 2094 David
1370 2057 1459 2094 mihi
1487 2058 1695 2095 testificatur
1715 2060 1789 2096 Deo
1813 2058 1932 2097 dicens
1945 2075 1956 2095 .·
1978 2062 2123 2098 ,Manus
2137 2069 2212 2099 tuoe
2224 2074 2313 2103 Psal.
2340 2071 2409 2104 118,

1225 2110 1405 2160 fecerunt
1439 2123 1499 2146 me
1525 2118 1560 2147 et
1579 2111 1873 2161 plasmaverunt
1903 2126 1973 2148 me.
2004 2114 2082 2150 Non
2101 2121 2139 2150 tu
2156 2128 2211 2151 me
2226 2117 2276 2154 73·

1232 2160 1327 2198 solus
1351 2161 1490 2198 fecisti:
1520 2176 1588 2199 non
1617 2176 1742 2199 manus
1774 2172 1834 2200 tua
1854 2164 1927 2200 sola
1941 2164 2020 2201 fecit
2041 2178 2108 2212 me,
2134 2179 2212 2215 quae

1230 2222 1280 2250 est
1300 2213 1510 2264 Unigenitus
1534 2223 1626 2251 tuus.
1648 2217 1794 2253 stlanus
1831 2224 1906 2252 tua>
1917 2217 2102 2267 fecerunt
2123 2232 2212 2265 me,·

145 2284 204 2306 σου
223 2269 388 2315 ἐποίησάν
407 2284 449 2318 με
469 2267 528 2306 καὶ
542 2267 695 2306 ἔπλασάν
712 2283 767 2316 με.
787 2268 839 2304 Οὐ
862 2281 902 2302 συ
921 2281 963 2315 με
985 2266 1086 2315 μόνος
1103 2283 1164 2304 πε·
1184 2282 1208 2313 C
1231 2265 1269 2302 id
1299 2274 1364 2315 est,
1389 2266 1549 2303 Verbum
1568 2275 1600 2303 et
1621 2267 1788 2318 Spiritus.
1811 2269 1861 2304 Ae
1880 2268 1908 2304 si
1935 2268 2078 2318 diceret,
2099 2269 2212 2308 Verbi

142 2320 307 2367 ποίηκας·
329 2323 392 2372 οὐχ
428 2324 449 2366 ἡ
483 2319 561 2371 χείρ
593 2334 651 2357 σου
686 2318 772 2368 μόνη
792 2317 962 2364 πεποίηκέ
994 2334 1058 2367 με,
1087 2318 1164 2364 ἥτις

142 2373 232 2410 ἐστὶν
251 2376 268 2410 ὁ
288 2372 485 2424 Μονογενής
504 2387 575 2410 σου.
608 2374 653 2408 Αἱ
684 2370 796 2423 χεῖρές
821 2385 879 2407 σου
901 2369 1066 2416 ἐποίησάν
1095 2386 1160 2420 με,

142 2425 336 2472 τουτέστιν,
367 2427 384 2461 ὃ
415 2424 525 2475 Λόγος
553 2423 612 2461 καὶ
642 2423 680 2460 τὸ
706 2425 864 2472 Πνεῦμα.
897 2421 996 2459 Ὡσεὶ
1023 2422 1137 2474 ἔλεγεν
1154 2439 1162 2446 ·

142 2479 163 2521 ἡ
185 2476 247 2526 μὲν
269 2481 327 2514 τοῦ
343 2476 458 2525 Λόγου
475 2476 578 2527 σοφία
598 2475 728 2513 ἔπλασέ
749 2491 809 2524 με,
823 2478 844 2520 ἡ
867 2474 901 2511 δὲ
922 2478 980 2512 τοῦ
997 2475 1163 2524 Πνεῦμα-

142 2543 199 2570 τος
215 2528 348 2570 σύνεσις
365 2527 506 2574 ἐποίησέ
526 2544 586 2577 με,
601 2530 660 2565 σοῦ
676 2529 971 2577 συμπληροῦντος.
983 2525 1164 2570 Ὡσαύτως

144 2580 201 2617 καὶ
218 2579 300 2618 Ἰὼό
319 2580 411 2630 λέγει
431 2580 515 2631 πρὸς
536 2578 593 2616 τὸν
611 2579 700 2617 Θεόν
714 2593 721 2600 ·
738 2581 783 2616 Αἱ
801 2577 914 2628 χεῖρές
929 2592 989 2613 σου
1006 2578 1162 2615 ἔπλασάν

145 2647 208 2680 με,
225 2633 285 2670 καὶ
312 2631 477 2678 ἐποίησάν
497 2646 550 2681 με.
571 2630 640 2667 Καὶ
655 2629 721 2681 γὰρ
741 2632 771 2667 οἱ
787 2629 922 2679 οὐρανοὶ
942 2629 1000 2666 καὶ
1015 2633 1036 2675 ἡ
1061 2629 1163 2666 δύνα-

144 2701 180 2733 μι
191 2701 207 2728 3
222 2688 290 2722 τῶν
311 2686 465 2735 οὐρανῶν
481 2684 523 2720 δι’
543 2684 643 2720 αὐτοῦ
661 2681 886 2732 γεγένηνται,
903 2681 1013 2717 Δαυὶδ
1028 2679 1090 2730 μὲν
1100 2680 1163 2718 λέ-

142 2751 280 2785 γοντος,
298 2739 360 2787 Τῷ
392 2735 483 2786 λόγῳ
505 2734 630 2785 Κυρίου
660 2737 691 2771 οἱ
716 2732 853 2784 οὐρανοὶ
885 2732 1159 2784 ἐστερεώθησαν,

143 2789 200 2825 καὶ
215 2791 264 2839 τῷ
285 2788 458 2837 πνεύματι
475 2790 533 2824 τοῦ
555 2786 725 2836 στόματος
742 2787 844 2822 αὐτοῦ
864 2791 961 2822 πᾶσα
975 2788 998 2830 ἡ
1018 2784 1162 2834 δύναμις

144 2842 255 2877 αὐτῶν
269 2856 276 2862 ·
298 2842 331 2878 ἐν
349 2840 383 2876 δὲ
400 2842 449 2890 τῷ
470 2863 476 2876 ι
497 2839 626 2890 ροφήτῃ
649 2836 773 2883 Ὠσηὲ,
796 2829 849 2874 Οῧ
870 2839 904 2874 αἱ
935 2842 1049 2889 χεῖρες
1073 2837 1162 2874 ἔκτι-

142 2908 205 2930 σαν
222 2892 284 2939 τὴν
302 2892 464 2944 στρατιὰν
485 2894 543 2928 τοῦ
568 2893 722 2941 οὐρανοῦ.
750 2889 819 2926 Καὶ
843 2887 909 2938 γὰρ
932 2891 1078 2925 ἐνταῦθα
1106 2889 1162 2925 διὰ

141 2944 346 2994 Πνεύματος
385 2944 444 2981 καὶ
473 2942 586 2992 Λόγου
618 2940 780 2990 σημαίνει
812 2939 874 2985 τὴν
904 2943 971 2977 τῶν
1009 2942 1161 2990 οὐρανῶν

143 2996 306 3047 στρατιὰν
325 2996 494 3034 ἐκτίσθαι.
515 2994 726 3042 Ποιήσωμεν
749 2993 926 3044 ἄνθρωπον
946 2992 1024 3028 κατ’
1048 2992 1164 3029 εἰκόνα

142 3048 334 3099 ἡμετέραν·
357 3050 394 3085 οὐ
410 3050 486 3085 κατ’
509 3046 641 3088 εἰκόνας
661 3044 832 3095 ’ἡμετέρας
846 3073 854 3089 ,
873 3043 960 3080 ἀλλὰ
974 3072 982 3089 ,
997 3043 1163 3088 Ποιήσω-

144 3115 204 3147 μεν
222 3099 399 3149 ἅνθρωπον
420 3102 496 3136 κατ’
514 3098 628 3136 εἰκόνα
641 3097 811 3148 ἡμετέραν
823 3111 830 3118 ·
848 3095 886 3131 τὸ
899 3094 980 3143 μὲν,
1001 3095 1162 3140 Ποιήσω-
1185 3104 1210 3133 D

144 3167 218 3199 μεν,
247 3152 505 3196 πληθυντικῶς,
532 3151 571 3187 τὸ
606 3149 659 3195 δὲ,
701 3151 789 3186 Κατ’
826 3147 938 3184 εἰκόνα
970 3146 1159 3197 ἡμετέραν,

143 3204 273 3244 ἑνικῶς.
292 3202 360 3238 Καὶ
382 3201 438 3238 ἵνα
469 3201 517 3249 μή
538 3217 587 3243 τις
608 3201 786 3251 &notate-5,
805 3200 857 3236 ὅτι
887 3198 975 3235 κατὰ
1011 3197 1073 3244 τὴν
1101 3201 1161 3235 τοῦ

145 3254 282 3303 Πατρὸς
297 3253 412 3290 εἰκόνα
428 3253 533 3302 μόνην
554 3253 736 3303 γεγένηται
753 3255 769 3288 ὁ
781 3252 976 3301 ἅνθρωπος,
993 3250 1162 3298 ἐπήνεγκε

144 3306 200 3352 τὸ,
219 3305 428 3356 ἹΙμετέραν.
457 3304 526 3342 Καὶ
543 3303 599 3340 διὰ
614 3308 714 3341 τοῦτο
726 3332 735 3349 ,
756 3303 874 3347 ἐπειδὴ
890 3301 1002 3346 ἐκείνη
1021 3305 1042 3346 ἢ
1061 3301 1161 3337 εἰκὼν

144 3362 164 3401 ἡ
176 3357 392 3407 πρωτογενὴς
402 3359 460 3392 τοῦ
478 3355 584 3404 Ἀδὰμ
595 3358 637 3405 τῇ
650 3354 846 3405 παραὸάσει
858 3357 1081 3416 ἐχθρανῡεῖσα
1090 3353 1162 3389 εἶδε·

146 3410 211 3453 ἰ’,θη
225 3412 472 3457 ανακαινισμοῦ
493 3407 550 3444 καὶ
567 3407 766 3457 καθάρσεως
777 3436 786 3454 ,
800 3408 859 3443 οὐκ
882 3407 915 3442 ἐν
930 3407 1072 3454 ὄνοματι
1092 3405 1162 3441 Πα-

1229 2316 1374 2367 quidem
1393 2318 1564 2369 sapientia
1584 2319 1752 2356 formavit
1781 2333 1850 2367 me,
1871 2319 2027 2371 Spiritus
2052 2335 2134 2358 vero
2151 2321 2211 2359 in—

1230 2369 1425 2420 telligentia
1460 2370 1542 2407 fecit
1577 2384 1644 2418 me,
1669 2380 1704 2408 te
1739 2371 1948 2422 complente.
1985 2372 2156 2410 Similiter
2179 2382 2214 2411 ct

1230 2421 1300 2459 Job
1324 2423 1400 2459 Deo
1428 2421 1542 2459 dicit:
1564 2424 1710 2460 Manus
1733 2430 1807 2460 tuoe
1822 2425 2104 2475 formaverunt
2136 2440 2208 2472 me,
2224 2439 2294 2468 Job.
2315 2445 2359 2467 10.
2377 2437 2408 2466 8.

1230 2482 1267 2510 et
1281 2475 1459 2524 fecerunt
1478 2488 1548 2512 me.
1582 2476 1673 2512 Nam
1691 2483 1725 2512 et
1744 2475 1870 2512 caelum
1896 2485 1929 2513 et
1959 2477 2072 2514 virtus
2105 2477 2211 2514 caelo—

1231 2539 1310 2562 rum
1330 2540 1395 2576 per
1407 2526 1524 2576 ipsum
1538 2526 1631 2563 facta
1647 2535 1740 2574 sunt,
1757 2527 1897 2565 Davide
1915 2527 2052 2565 dicente
2068 2543 2076 2564 t
2090 2531 2212 2567 Verbo
2229 2532 2409 2562 Mal-3²6·

1231 2578 1393 2614 Domini
1411 2578 1496 2614 coeli
1515 2578 1674 2628 firmati
1692 2587 1793 2625 sunt,
1817 2587 1854 2616 et
1869 2582 2006 2629 spiritu
2039 2583 2114 2617 oris
2133 2583 2213 2632 ejus

1231 2631 1354 2666 omnis
1376 2631 1502 2666 virtus
1525 2643 1656 2666 eorum
1673 2645 1690 2673 ;
1712 2630 1747 2666 in
1766 2630 1935 2681 propheta
1962 2639 2078 2667 autem
2098 2633 2212 2669 Osea:

1239 2681 1359 2732 Cujus
1377 2694 1514 2718 manus
1536 2690 1761 2718 creaverunt
1775 2685 1982 2719 exercitum
2002 2683 2099 2719 coeli.
2120 2685 2214 2721 Nam

1230 2732 1289 2769 hic
1308 2732 1482 2782 significat
1504 2747 1567 2784 per
1586 2733 1760 2784 Spiritum
1782 2743 1814 2770 et
1833 2735 1995 2771 Verbum
2019 2735 2213 2773 exercitum

1232 2784 1399 2821 caelorum
1418 2793 1572 2821 creatum
1591 2785 1712 2823 fuisse.
1730 2787 1940 2823 Faciamus
1957 2787 2149 2823 hominem
2159 2789 2214 2824 ad

1233 2838 1440 2887 imaginem
1469 2845 1642 2874 nostram
1659 2852 1674 2880 ,·
1694 2851 1775 2885 non,
1789 2837 1844 2874 Ad
1867 2837 2039 2888 imagines
2059 2847 2211 2886 nostras;

1235 2887 1309 2933 sed,
1344 2890 1555 2926 Faciamus
1600 2890 1795 2925 hominem
1826 2890 1880 2925 ad
1907 2892 2114 2940 imaginem
2143 2904 2212 2926 no-

1233 2948 1356 2976 stram
1376 2955 1386 2975 :
1418 2939 1524 2984 illud,
1549 2941 1760 2990 faciamus,
1781 2939 1996 2990 pluraliter,·
2032 2940 2135 2987 illud,
2160 2943 2214 2978 ad

1233 2994 1446 3042 imaginem
1469 2999 1654 3039 nostram,
1674 2991 1911 3042 singulariter.
1930 2991 1976 3028 Et
1997 3006 2038 3028 ne
2057 2993 2135 3042 quis
2152 3007 2211 3030 su-

1232 3043 1428 3093 spicaretur
1459 3043 1638 3080 hominem
1671 3042 1716 3079 ad
1747 3042 1938 3093 imaginem
1958 3043 2073 3081 Patris
2100 3044 2212 3082 solam

1231 3094 1363 3130 factum
1394 3094 1514 3137 fuisse,
1541 3093 1680 3131 addidit
1707 3094 1812 3141 illud,
1843 3103 2026 3132 nostram.
2057 3095 2102 3132 Et
2119 3095 2208 3142 ideo,

1231 3146 1312 3194 quia
1341 3145 1402 3182 illa
1443 3145 1558 3195 imago
1584 3145 1793 3197 primigenia
1833 3145 1979 3190 Adanu,
2006 3159 2068 3197 per
2089 3156 2206 3185 trans—

1232 3198 1443 3246 gressionem
1473 3197 1614 3234 inimica
1648 3197 1751 3242 facta,
1772 3211 1860 3248 opus
1879 3197 2029 3235 habebat
2055 3213 2205 3237 renova-

1231 3248 1324 3285 tione
1342 3257 1375 3285 et
1401 3249 1625 3299 purgatione,
1654 3262 1722 3285 non
1741 3249 1777 3285 in
1798 3249 1938 3286 nomine
1957 3250 2072 3287 Patris
2099 3251 2208 3289 solius

1231 3300 1266 3337 in
1283 3300 1495 3350 baptismate
1510 3310 1733 3350 regeneratur
1746 3329 1758 3345 ,
1781 3300 1841 3338 sed
1853 3310 1886 3338 et
1907 3301 1989 3339 Filii
2008 3310 2041 3339 et
2054 3303 2209 3354 Spiritus

1233 3352 1342 3389 sancti
1362 3368 1369 3387 :
1402 3352 1482 3401 quia
1503 3352 1548 3388 ab
1571 3352 1672 3389 initio
1693 3352 1743 3389 sic.
1767 3352 1880 3389 factus
1897 3362 1957 3390 est.
1986 3356 2077 3392 Vere
2101 3355 2210 3406 igitur

1233 3404 1393 3454 obsignat
1408 3405 1509 3441 Pater
1524 3404 1558 3441 iu
1578 3404 1802 3456 baptismate,
1821 3414 1857 3442 ut
1879 3406 2010 3444 Paulus
2027 3406 2097 3444 ait:
2135 3409 2209 3458 Qui
2222 3423 2250 3441 2.
2269 3413 2337 3441 cm.
2362 3423 2385 3442 ι.

2221 3463 2271 3484 21.
2291 3463 2341 3482 22·
