2502 3810
700 280 744 310 IN
780 279 921 310 EPIST·
962 277 1037 307 ΑΙ).
1076 275 1180 305 ROM.
1214 274 1369 305 HOMIL.

2067 261 2155 306 811

1183 354 1519 396 administraturus?
1539 355 1610 395 Sed
1636 356 1808 407 homines,
1827 357 1889 408 qui
1906 356 2048 410 populis
2066 371 2160 409 prae-

1185 424 1281 464 sunt,
1301 415 1346 453 de
1362 417 1568 467 vulgaribus
1587 417 1691 455 rebus
1705 418 1933 466 consulentes,
1948 426 2065 455 noctes
2079 417 2161 454 die-

1186 476 1254 513 bus
1272 477 1489 527 vigilitantes
1504 478 1720 530 adjungunt:
1739 493 1800 517 nos
1821 493 1917 527 vero,
1937 479 1998 529 qui
2018 479 2064 515 de
2085 479 2162 529 ipso

1185 536 1268 573 caelo
1288 546 1460 574 certamen
1480 538 1666 593 babemus,
1688 540 1722 576 in
1744 540 1820 592 ipso
1842 553 1981 590 quoque
2004 539 2064 576 die
2080 539 2163 575 dor-

1187 597 1347 633 mimus?
1382 598 1514 648 Ecquis
1554 612 1616 636 nos
1649 598 1793 637 demum
1833 600 1999 638 liberabit
2028 614 2046 637 a
2077 613 2164 651 sup-

1186 656 1309 707 plicio,
1328 657 1424 695 hisee
1438 657 1577 695 delictis
1598 658 1746 696 debito?
1760 661 1851 697 Nam
1877 661 1906 698 si
1934 676 2062 713 corpus
2091 671 2168 699 tru-

1187 714 1380 753 cidandum
1395 746 1406 766 ,
1438 717 1467 754 si
1503 726 1674 755 sexcentae
1713 719 1904 757 subeundae
1943 731 2073 760 mortes
2111 735 2167 759 es-

99 780 282 828 θανοὶτους,
300 784 417 833 οὐχὼς
433 783 693 836 ἐπὶ-πανήγυριν
707 785 842 836 τρέχε-ιν
855 784 1118 836 ἐχρῆν;Ταῧτα
1132 811 1180 835 737
1191 785 1285 824 seut,
1320 791 1434 814 annon
1469 777 1571 827 quasi
1603 777 1649 815 ad
1686 779 1924 817 celebritatem
1964 795 2003 818 eo
2031 796 2170 819 currere

100 840 204 891 δὲμὴ
232 842 333 891 μόνον
354 844 532 893 ποιμένες,
554 845 644 883 ἀλλὰ
674 845 735 883 καὶ
763 845 923 898 πρόὸατα
944 843 1120 887 ἀκουέτω,
1149 849 1171 877 A
1191 839 1390 890 oporteret?
1415 838 1498 875 Haee
1528 852 1635 890 porro
1668 853 1737 877 non
1771 840 1876 877 modo
1907 851 2081 892 pastores,
2111 842 2171 880 sed

100 901 156 939 ἵνα
174 900 251 945 τοὺς
264 903 432 953 ποιμένας
446 905 719 956 προθυμοτέρους
737 909 894 951 ποιῶσιν,
914 904 968 942 ἵνα
990 905 1120 954 μᾶλλον
1192 899 1296 938 etiam
1317 913 1400 937 oves
1427 899 1595 948 audiant,
1621 909 1660 937 ut
1687 909 1843 952 pastores
1872 901 1955 939 ind'e
1986 903 2173 940 alacriores

1193 961 1294 1009 liant,
1322 969 1361 997 ut
1394 959 1506 1010 magis
1537 961 1682 998 illorum
1718 961 1939 1013 propositum
1968 974 2109 1012 acuant,
2135 973 2173 1000 ut

1194 1020 1264 1072 ipsi
1293 1020 1385 1057 nihil
1417 1020 1518 1057 aliud
1547 1035 1655 1071 quam
1685 1021 1951 1072 obsequentiam
1984 1025 2174 1075 praebeant.

1408 276 1516 306 XXIX
1525 295 1533 305 .

88 358 184 394 λοντι
204 356 330 404 ταύτην
355 358 607 411 μεταχειρίζειν
621 359 683 407 τὴν
706 361 841 413 ἀρχήν;
860 359 951 398 Ἀλλ’
979 358 1110 410 ἄνθρω-

91 432 150 454 ποι
176 416 237 466 μὲν
260 418 462 469 δημαγωγοὶ
481 419 567 470 ὑπὲρ
588 422 656 457 τῶν
675 421 849 472 τυχόντων
872 419 1112 471 βουλευόμενοι

92 477 324 528 πραγμάτων,
339 477 401 522 τὰς
432 478 557 522 νύκτας
589 486 665 524 ταῖς
697 481 844 532 ἡμέραις
869 479 1112 533 προστιθέασιν

95 539 364 588 ἀγρυπνοῦντες·
381 543 482 589 ἡμεῖς
498 540 531 577 ’δὲ
551 540 636 592 ὑπὲρ
655 543 800 593 οὐρανοῦ
815 542 871 578 τὸν
886 543 1004 590 ἀγῶνα
1019 539 1116 590 ἔχον-

95 613 172 644 τες,
193 598 252 635 καὶ
268 601 301 636 ἓν
317 599 432 652 ἡμέρᾳ
452 601 683 652 καθεύδομεν;
717 603 776 640 καὶ
803 601 854 645 τίς
884 605 978 651 ἡμᾶς
995 598 1115 637 λοιπον

97 657 315 711 ἐξαιρήσεται
348 664 410 707 τῆς
438 663 495 700 ἐπὶ
516 663 647 707 τούτοις
678 663 868 710 κολάσεως,
901 662 946 700 Εἰ
978 660 1046 713 γὰρ
1077 658 1116 696 τὸ

99 721 202 769 σῶμα
224 721 503 760 κατακόπτεσθαι
520 723 605 770 ἔδει,
627 727 655 762 εἰ
680 724 747 777 γὰρ
767 724 907 776 μυρίους
925 725 1118 767 ὑποστῆναι

102 964 213 1000 αὐτῶν
229 963 290 1009 τὴν
305 964 504 1015 προαίρεσιν
522 965 843 1016 ἀλείφωσιν,ἕτερον
860 964 920 1014 μὲν
932 963 1040 1010 οὐδὲν,
1051 979 1123 1000 πει-

102 1022 150 1060 θὼ
163 1023 197 1061 δὲ
213 1023 272 1060 καὶ
284 1024 439 1069 ὑπακοὴν
453 1031 567 1061 πᾶσαν
577 1026 799 1076 παρέχοντες.
812 1024 914 1062 Οὕτω
923 1024 982 1061 καὶ
995 1027 1012 1060 ὁ
1026 1025 1124 1061 Παῦ-

102 1085 160 1126 λος
176 1081 332 1121 ἐκέλευσε
343 1084 465 1134 λέγων.
482 1084 647 1122 Πείθεσθε
661 1091 731 1128 τοῖς
741 1083 944 1136 ἡγουμένοις
954 1086 1051 1134 ὑμῶν
1065 1083 1123 1120 καὶ

101 1143 271 1188 ὑπείκετε,
282 1143 334 1181 ὅτι
359 1144 454 1182 αὐτοὶ
469 1146 699 1195 ἀγρυπνοῦσιν
708 1144 795 1197 ὑπὲρ
804 1148 871 1182 τῶν
882 1146 1001 1196 ψυχῶν
1014 1146 1125 1195 ὑμῶν,

708 1206 736 1219 ΝΚ

102 1207 148 1247 ὥς
169 1204 304 1254 λόγον
285 1205 534 1248 αποδώσοντες.
555 1205 670 1244 Οταν
705 1221 741 1244 03
769 1206 908 1257 εἴπῃ,
890 1223 911 1243 α
914 1221 1125 1257 γρυπνουσι,
1197 1205 1332 1240 mabus
1366 1207 1527 1250 vestris,
1575 1213 1774 1257 tamquam
1823 1210 2014 1244 racionem
2052 1209 2181 1245 reddi-

1199 1267 1290 1302 turi.
1323 1265 1414 1302 Cum
1433 1274 1550 1303 autem
1572 1265 1674 1316 dicit,
1697 1268 1884 1318 Vigilant‚
1899 1268 1996 1305 mille
2020 1267 2108 1306 dicit
2129 1269 2180 1306 la-

1197 1324 1317 1373 bores,
1351 1340 1474 1374 curas,
1504 1326 1672 1378 pericula.
1710 1328 1803 1365 Nam
1839 1329 1954 1367 bonus
1983 1338 2121 1381 pastor,
2150 1339 2183 1366 et

1199 1387 1341 1436 qualem
1370 1387 1532 1425 Christus
1561 1397 1672 1440 optat,
1699 1402 1780 1425 cum
1807 1389 2003 1428 innumeris
2033 1391 2183 1428 conferri

1199 1457 1315 1501 potest
1330 1448 1568 1500 martyribus:
1585 1447 1759 1499 siquidem
1772 1459 1909 1502 martyr
1925 1451 2030 1488 semel
2041 1460 2183 1503 propter

1202 1509 1386 1547 Christum
1407 1509 1570 1557 moritur,
1595 1508 1655 1546 ille
1672 1509 1800 1547 millies
1816 1518 1960 1562 propter
1975 1524 2131 1562 gregem,
2154 1511 2183 1548 si

106 1582 257 1610 τοιουτος
283 1570 356 1604 καθ’
379 1567 528 1614 ἑκάστην
559 1584 609 1618 ημ
613 1568 692 1619 ἐραν
716 1567 944 1614 ἀποθνήσκειν
973 1568 1128 1605 δύναται
1155 1580 1178 1610 Β
1202 1570 1281 1608 talis
1299 1571 1360 1607 ille
1375 1579 1495 1622 pastor
1512 1571 1778 1621 fuerit,qualem
1793 1571 1981 1620 decet.Qui
2000 1572 2183 1609 talisenim

107 1628 171 1666 §ab
190 1628 248 1666 καὶ
267 1631 362 1678 ὑμεῖς
382 1629 506 1673 εἰδότες
520 1629 577 1667 τὸν
596 1629 712 1676 πόνον,
727 1628 971 1680 συμπράττετε
988 1635 1061 1672 ταῖς
1078 1629 1131 1666 εὐ·
1202 1638 1265 1674 est,
1279 1628 1439 1679 quotidie
1451 1629 1542 1666 mori
1568 1638 1695 1680 potest.
1716 1631 1906 1681 Propterea
1927 1644 2005 1680 vos,
2025 1630 2185 1668 laborem

1205 1699 1450 1740 cognoscentes
1468 1690 1705 1742 cooperamini
1728 1691 1909 1742 precibus,
1928 1691 2183 1736 sollicitudine,

1204 1751 1399 1799 alacritate,
1414 1751 1585 1800 amicitia,
1609 1760 1648 1788 ut
1660 1765 1724 1789 nos
1735 1760 1851 1790 vestra
1875 1752 2054 1803 gloriatio,
2071 1761 2104 1790 et
2122 1767 2186 1791 vos

1205 1821 1322 1850 nostra
1337 1812 1424 1850 sitis.
1440 1812 1525 1850 Ideo
1545 1811 1637 1850 enim
1660 1821 1693 1850 et
1718 1813 1958 1864 apostolorum
1978 1813 2184 1866 coryphaeo,

1205 1873 1267 1924 qui
1282 1873 1363 1925 plus
1382 1887 1490 1924 quam
1520 1873 1581 1910 alii
1601 1887 1720 1910 omnes
1739 1874 1858 1925 ipsum
1876 1874 2029 1923 amabat,
2044 1888 2186 1925 gregem

1202 1933 1390 1983 commisit,
1407 1934 1506 1986 prius
1526 1933 1735 1982 sciscitatus,
1755 1934 1784 1971 si
1803 1933 2014 1985 diligeretur
2032 1934 2184 1986 abipso,

1201 2006 1240 2034 ut
1260 1997 1375 2035 discas
1395 1997 1462 2034 hoe
1481 2011 1551 2048 prae
1568 1996 1647 2034 aliis
1667 1997 1834 2048 omnibus
1860 1997 2003 2048 signum
2021 1997 2185 2035 dileetio-

1199 2058 1254 2095 nis
1275 2071 1358 2109 erga
1382 2057 1500 2109 ipsum
1520 2057 1565 2094 ab
1585 2057 1647 2094 illo
1666 2057 1749 2110 poni
1767 2071 1871 2094 :nam
1891 2057 1959 2095 hoc
1977 2057 2075 2096 virili
2095 2072 2184 2110 opus

1198 2120 1305 2158 habet
1319 2120 1451 2159 animo.
1464 2120 1548 2157 Haec
1563 2134 1670 2172 porro
1688 2135 1706 2157 a
1726 2134 1783 2157 me
1801 2119 1898 2157 dicta
1920 2128 2002 2156 sunt
2024 2119 2068 2156 de
2088 2120 2185 2171 opti-

1199 2181 1267 2219 mis
1285 2189 1405 2234 pastoi
1407 2182 1501 2229 ibus,
1519 2194 1589 2218 non
1605 2180 1650 2218 de
1664 2180 1798 2233 meipso
1819 2189 1852 2217 et
1866 2179 1911 2217 de
1927 2179 2036 2217 nostri
2055 2179 2183 2217 simili—

103 2258 181 2287 τος,
198 2245 266 2283 οἷος
280 2234 494 2302 οΞΠαῧλΟς
472 2255 527 2286 ην,
542 2254 610 2282 0⁹³)ss
626 2242 642 2277 ὅ
659 2240 793 2290 Πέτρος
779 2267 811 2284 ‚
830 2244 899 2283 Οἷος
923 2243 940 2278 ὃ
959 2242 1124 2286 Μωυσῆς.
1150 2246 1174 2277 C
1197 2243 1289 2280 bus:
1305 2243 1365 2280 sed
1385 2243 1414 2280 si
1433 2242 1513 2294 quis
1525 2242 1606 2280 talis
1624 2242 1684 2291 sit,
1703 2241 1820 2292 qualis
1838 2242 1970 2280 Paulus
1990 2251 2075 2290 erat,
2096 2257 2183 2292 qua-

105 1264 244 1316 μυρίους
269 1265 320 1303 λέ
311 1282 388 1316 ·,(ει
378 1266 500 1309 πόνους
521 1282 579 1304 και
598 1266 778 1318 φροντίδας
796 1282 855 1303 και
873 1267 1060 1309 κινδυνους.
1082 1266 1127 1304 Ο

105 1325 173 1379 γαρ
192 1326 272 1364 κα)
264 1343 298 1369 ος
318 1342 406 1364 ποιυ.
407 1326 449 1374 ὴν
469 1329 527 1366 καὶ
547 1333 697 1370 τοιουτος
713 1359 722 1374 ,
749 1332 818 1366 οἷον
836 1332 853 1366 ὃ
877 1328 1054 1380 Χριστος
1049 1327 1127 1365 θού-

103 1387 224 1432 λεται,
246 1387 379 1438 μυρίοις
396 1389 527 1426 ἁυ.“ἰλλ
506 1403 587 1425 αται
606 1404 789 1440 μαρτυσιν
810 1388 854 1427 Ο
873 1406 915 1440 με
919 1405 934 1425 ν
954 1389 1021 1440 γαρ
1038 1388 1127 1432 ἅπαξ

106 1449 149 1484 δι’
167 1448 267 1485 αὐτὸν
287 1449 469 1498 ἀπέθανεν,
500 1453 595 1491 οὗτος
625 1449 659 1487 δε
693 1449 854 1500 μυριάκις
885 1449 941 1487 δια
962 1465 1024 1496 την
1050 1448 1128 1486 ποί-

108 1524 211 1559 μνην,
234 1508 315 1559 εἴγε
333 1524 463 1560 ποιμνν
484 1509 537 1555 εἴη
557 1512 807 1556 τοιουτος,οἱον
826 1514 912 1547 εἰναι
925 1509 1015 1561 γρή·
1031 1512 1047 1546 ὁ
1062 1507 1129 1561 γὰρ

108 1696 208 1744 χαῖς,
241 1694 284 1741 τῇ
315 1691 467 1740 σπουδῇ,
484 1692 526 1740 τῇ
560 1689 753 1741 προθυμία,
781 1692 824 1740 τῇ
855 1689 972 1740 φιλίᾳ,
996 1688 1052 1726 ἵνα
1071 1689 1131 1725 καὶ

108 1758 210 1804 ἡμεῖς
238 1755 351 1804 ὑμῶν,
370 1753 428 1791 καί
458 1755 558 1803 ἡμῶν
575 1754 672 1802 ὑμεῖς
690 1752 861 1803 καύχημα
889 1751 1046 1803 γένησθε.
1064 1751 1132 1789 Διὰ

108 1819 209 1853 τοῦτο
228 1815 294 1867 γὰρ
308 1814 366 1852 καὶ
382 1817 431 1866 τῷ
451 1813 627 1866 κορυφαίῳ
646 1815 714 1850 τῶν
730 1812 944 1859 ἀποστόλων,
966 1811 1025 1850 καὶ
1045 1812 1131 1864 ὑπὲρ

105 1875 183 1920 τοὺς
205 1877 328 1918 ἄλλους
357 1877 509 1926 φιλοῦντι
533 1874 647 1922 αὐτὸν,
663 1877 762 1911 τοῦτο
781 1873 967 1926 ἐνεχείρισε
979 1904 988 1921 ,
1007 1873 1131 1925 πρότε-

106 1952 161 1988 ρον
181 1935 360 1990 ἐρωτήσας
371 1929 499 1986 ἀύτὸν,
519 1937 547 1972 εἰ
563 1935 697 1987 φιλοῖτο
718 1935 801 1987 παρ’
824 1935 945 1983 αὐτοῦ,
973 1934 1029 1972 ἵνα
1059 1935 1130 1985 μά-

103 2002 183 2047 θῃς,
198 1997 253 2036 ὅτι
271 2001 370 2035 τοῦτο
386 1994 453 2048 πρὸ
474 1999 543 2033 τῶν
559 1996 674 2034 ἄλλων
691 2000 752 2042 τῆς
769 1996 907 2047 ἀγάπης
926 1998 989 2041 τῆς
1009 1997 1055 2038 εἷς
1073 1997 1129 2033 αὖ·

103 2059 159 2098 τὸν
180 2058 365 2109 τεκμήριον
392 2057 545 2095 τίθεται·
562 2056 622 2094 καὶ
640 2056 707 2108 γὰρ
723 2059 882 2101 νεανικῆς
901 2071 1001 2095 τουτο
1018 2057 1127 2094 δεῖται

103 2122 230 2172 ψυχῆς.
249 2119 404 2156 Ταῦτα
387 2117 424 2155 σε’
440 2133 499 2168 μοι
514 2133 595 2169 περι
615 2116 763 2167 ἀρίστων
785 2117 919 2168 εἴρηται
938 2117 1126 2167 ποιμένων,

104 2183 141 2219 οὗ
157 2181 237 2233 περὶ
260 2183 409 2230 ἐμαυτου
427 2179 484 2216 καὶ
499 2195 565 2216 των
582 2178 659 2216 καθ’
679 2183 793 2229 ἧμας,
814 2180 889 2217 ἀλλ’
908 2178 938 2217 εἴ
954 2195 1005 2222 τις
1018 2182 1126 2216 τοιοῦ-

102 2300 256 2344 Γουτους
267 2304 325 2337 οὖν
340 2298 579 2350 υιμησώμεθα
595 2303 654 2340 καὶ
669 2296 832 2374 ἆρῖοντες
844 2299 903 2336 καὶ
898 2299 1126 2380 adpzousvot·

99 2360 213 2406 ἔξεστι
232 2361 300 2413 γαρ
327 2377 386 2399 και
412 2361 596 2414 ἀργομένῳ
617 2363 650 2399 ἐν
676 2360 772 2411 μέρει
799 2363 913 2398 εἶναιῆ

101 2427 164 2470 τῆς
193 2423 320 2468 οἰκίας,
347 2438 416 2459 των
439 2422 558 2473 φίλων,
578 2438 646 2459 των
670 2423 824 2469 οἰκετων,
851 2423 914 2466 τῆς

103 2486 172 2522 τῶν
196 2484 345 2522 παίδων·
365 2483 428 2521 κᾶν
454 2483 544 2522 οὕτω
562 2482 606 2521 τὰ
621 2483 698 2520 καθ’
725 2481 848 2525 αὑτοὺς
867 2483 1121 2532 οἷκονομῶμεν,

101 2544 242 2583 πάντων
261 2543 507 2594 ἐπιτευξόμεθα
519 2545 587 2580 τῶν
608 2545 745 2594 ἀγαθῶν
758 2558 765 2566 ·
783 2537 830 2580 ὧν
842 2542 975 2593 γένοιτο
990 2541 1122 2585 πάντας

101 2605 195 2655 ἡμᾶς
210 2607 384 2657 ἐπιτυχεῖν
397 2604 517 2657 χάριτι
532 2604 593 2643 καὶ
612 2603 873 2656 φιλανθρωπία,
889 2603 949 2641 καὶ
970 2602 1012 2641 τὰ
1028 2602 1118 2649 ἑξῆς.

144 2818 158 2834 ³
181 2815 316 2851 ποιμένος
330 2807 407 2840 Mss.
424 2814 522 2839 recte.
538 2804 626 2838 Editi
645 2812 780 2849 ποςμένα.
806 2839 809 2843 ,

930 2359 1101 2410 ποιμένος
1115 2387 1124 2402 ,

945 2420 1123 2471 γυναικὸς,

1196 2303 1240 2341 lis
1254 2306 1394 2353 Pet1us,
1419 2303 1534 2355 qualis
1550 2304 1706 2355 Moyses.
1723 2302 1796 2339 Hos
1814 2302 1934 2352 itaque
1953 2301 2135 2339 imitemm
2150 2313 2183 2340 et

1197 2366 1352 2419 praefeeti
1372 2375 1406 2404 et
1429 2365 1564 2404 subditi
1581 2366 1686 2403 :licet
1705 2364 1799 2403 enim
1828 2364 1972 2402 subdito
1994 2378 2059 2416 pro
2081 2375 2182 2417 parte

1198 2427 1347 2480 pastoris
1366 2426 1560 2475 numerari,
1576 2425 1729 2473 domi‚in
1743 2425 1886 2468 amicos,
1902 2425 1938 2462 in
1954 2425 2177 2473 domesticos,

1196 2488 1232 2526 in
1253 2502 1421 2537 uxorem,
1440 2487 1478 2525 in
1507 2487 1613 2525 filios.
1641 2486 1680 2524 Si
1707 2485 1759 2524 sic
1783 2497 1901 2523 nostra
1919 2485 2177 2538 dispensemus,

1195 2551 1313 2587 omnia
1327 2563 1581 2599 consequemur
1597 2548 1701 2595 bona,
1719 2561 1796 2597 quae
1811 2561 1875 2584 nos
1887 2561 2008 2586 omnes
2027 2547 2177 2600 adipisci

1193 2610 1373 2663 contingat
1388 2609 1502 2661 gratia
1521 2618 1554 2647 et
1572 2606 1804 2659 benignitate,
1819 2616 1883 2645 etc.

1196 1081 1249 1117 Ita
1271 1090 1303 1118 et
1320 1081 1451 1118 Paulus
1466 1081 1760 1133 jussit:0bedite
1780 1087 1994 1135 proeposz'tz's
2019 1089 2172 1131 vestris,
2192 1102 2280 1130 [lem.
2309 1100 2355 1130 ιι,

1197 1150 1234 1179 et
1253 1143 1402 1180 subditi
1427 1146 1670 1195 estotetquia
1701 1147 1774 1194 ipsi
1801 1146 1972 1197 vigilant
1994 1159 2065 1198 pro
2090 1149 2176 1184 ani-
2196 1153 2242 1182 ¹7·

2199 2016 2289 2043 Jmm,
2312 2025 2361 2044 21.

2205 2056 2251 2085 15.
