2502 3810
785 280 827 309 IN
865 280 1005 309 EplsT.

134 358 155 405 ἢ
172 360 228 397 τὸν
246 359 408 397 Ἰουδαῖον
429 359 598 409 ἠνάγκαζε
622 359 738 397 λοιπὸν
762 363 779 397 ὁ
799 360 855 398 τὸν
872 360 1012 411 ἀγώνων
1044 359 1146 408 νόμος

134 422 238 456 εἰπεῖν
252 435 259 442 ·
275 419 391 469 διόπερ
412 418 552 470 ἀφίησιν
570 419 703 456 ἄλυτον.
722 421 766 457 Εἰ
781 419 816 458 δὲ
832 422 929 470 ὑμῶν
949 436 1000 462 τις
1027 417 1144 466 ζητοίη

134 483 252 527 μαθεῖν
265 509 275 526 ,
291 480 431 530 ἐροῦμεν
449 482 549 516 τοῦτο
562 509 571 525 ,
591 482 643 517 ὅτι
663 481 700 517 οὐ
723 479 824 530 μόνον
850 479 945 517 οὐδὲν
965 477 1146 530 παρεὸλά-

133 539 242 588 ὅημεν
270 540 414 577 ἀπὸτοῦ
444 539 590 577 Θανάτου
616 540 736 578 τούτου
759 540 817 578 καὶ
846 543 906 586 τῆς
937 539 1146 584 καταδίκης,

132 599 190 637 ἐὰν
207 599 379 651 νήφωμεν,
400 600 488 638 ἀλλὰ
502 601 561 638 καὶ
577 602 807 652 ἐκερδάναμεν
825 600 940 647 θνητοὶ
954 599 1145 651 γενόμενοι·

132 662 281 709 πρῶτον,
301 661 339 697 τὸ
360 660 408 710 μὴ
429 663 462 698 ἐν
481 661 640 712 ἀθανάτῳ
657 660 794 711 σώματι
812 660 1024 711 ἁμαρτάνειν
1043 675 1050 682 ·
1074 659 1148 696 δεό-

131 734 250 769 τερον,
270 719 360 758 ὥστε
382 721 505 771 μυρίας
529 720 622 772 ἔχειν
641 721 842 773 φιλοσοφίας
869 720 1057 763 ὑποθέσεις.
1079 718 1148 756 Καὶ

131 779 196 831 γὰρ
218 780 277 818 καὶ
298 782 491 832 μετριάζειν
519 782 578 819 καὶ
611 788 796 832 σωφρονεῖν
828 781 886 818 καὶ
916 780 1148 818 κατεστάλθαι

132 839 191 877 καὶ
212 840 327 887 πάσης
346 842 572 892 ἀπηλλάχθαι
587 841 729 885 κακίας,
748 841 807 878 καὶ
827 839 948 892 παρὼν
967 840 1026 876 καὶ
1045 855 1148 891 προσ-

132 899 323 949 δοκώμενος
351 904 368 939 6
399 901 542 943 θάνατος
581 899 770 937 ἀναπείθει.
799 899 900 936 Μετὰ
930 897 967 935 δὲ
996 898 1147 945 τούτων,

133 960 263 1007 μᾶλλον
287 959 321 997 δὲ
337 961 396 997 καὶ
412 960 479 1010 πρὸ
495 959 620 996 τούτων
639 959 698 996 καὶ
714 958 815 1010 ἕτερα
839 957 981 995 πλείονα
1009 957 1148 1007 εἰσήγα-

127 1034 183 1067 γεν
205 1020 328 1069 ἀγαθά.
346 1019 522 1057 Ἐντεῦθεν
541 1018 607 1069 γὰρ
628 1020 658 1054 οἱ
676 1021 744 1054 τῶν
764 1017 948 1068 μαρτύρων
967 1016 1144 1068 στέφανοι,

126 1077 186 1115 καὶ
207 1078 252 1115 τὰ
269 1080 337 1115 τῶν
368 1078 569 1115 ἀποστόλων
592 1077 739 1128 βραδεῖα
756 1092 764 1100 ·
785 1076 890 1119 οὕτως
908 1080 926 1114 ὁ
944 1076 1048 1114 Ἄὸελ
1076 1078 1145 1114 ἐδι-

124 1137 256 1183 καιώθη
269 1167 278 1183 ,
300 1137 405 1180 οὕτως
432 1140 449 1174 6
476 1137 635 1189 Ἀδραὰμ
653 1138 710 1176 τὸν
733 1138 814 1176 υἱὸν»
827 1137 1071 1189 κατασφάξας,
1091 1137 1146 1176 οὕ-

124 1212 190 1240 τως
210 1200 227 1235 ὃ
247 1196 410 1244 Ἰωάννης
441 1197 498 1235 διὰ
527 1198 583 1235 τὸν
612 1198 762 1249 Χριστὸν
793 1198 1005 1249 ἀναιρεθεὶς,
1038 1197 1146 1241 οὕτως

123 1259 153 1295 οἳ
175 1258 294 1301 παῖδες
311 1261 342 1296 οἱ
362 1264 453 1309 τρεῖς
465 1287 474 1304 ,
493 1258 600 1301 οὕτως
619 1261 636 1295 6
654 1258 798 1304 Δανιήλ.
815 1256 875 1296 Ἂν
889 1258 955 1310 γὰρ
976 1258 1144 1308 θέλωμεν,

122 1320 158 1355 οὐ
177 1317 278 1368 μόνον
306 1320 323 1355 6
344 1319 503 1364 θάνατος,
530 1319 606 1356 ἀλλ’
625 1318 700 1356 οὐδὲ
721 1319 821 1362 αὐτὸς
836 1321 853 1355 ὃ
874 1318 1032 1361 διάῧολος
1050 1322 1142 1369 ἡμᾶς

123 1379 257 1430 βλάψαι
288 1378 482 1425 δυνήσεται.
516 1379 632 1431 Χωρὶς
652 1378 687 1416 δὲ
719 1379 848 1417 τούτων
879 1380 1017 1417 κάκεῖνο
1049 1379 1142 1418 ἔστιν

121 1441 249 1487 εἰπεῖν,
278 1439 330 1476 ὅτι
355 1439 413 1476 καὶ
444 1440 615 1477 ἀθανασία
642 1442 735 1490 ἡμᾶς
763 1438 956 1486 ἐκδέξεται,
977 1439 1036 1477 xi.
1057 1440 1142 1491 πρὸς

122 1499 238 1549 ὀλίγον
258 1499 516 1546 νουθετηθέντες
534 1499 676 1551 χρόνον,
697 1499 785 1550 μετὰ
808 1498 923 1542 ἀδείας
944 1500 1141 1538 ἀπολαυσό-

124 1563 212 1609 μεθα
233 1563 301 1597 τῶν
331 1559 525 1609 μελλόντων
542 1562 691 1611 ἀγαθῶν,
713 1558 833 1610 ὥσπερ
855 1561 889 1597 ἐν
911 1559 1142 1611 διδασκαλείῳ

122 1620 189 1657 τινὶ
216 1623 265 1673 τῷ
291 1620 436 1672 παρόντι
457 1620 521 1671 βίῳ
544 1620 599 1657 διὰ
618 1620 716 1658 νόσου
735 1619 794 1657 καὶ
813 1619 959 1671 θλίψεως
987 1620 1046 1657 καὶ
1066 1636 1144 1658 πει-

123 1684 264 1731 ρασμῶν
294 1681 353 1718 καὶ
382 1681 501 1723 πενίας
529 1681 587 1718 καὶ
617 1683 685 1717 τῶν
714 1680 827 1717 ἄλλων
855 1683 922 1717 τῶν
952 1679 1142 1718 δοκούντων

120 1739 136 1761 ¹¹
149 1735 235 1778 εἶναι
254 1742 372 1779 δεινῶν
391 1740 632 1791 παιδευόμενοι
653 1743 699 1783 εἷς
722 1741 760 1778 τὸ
776 1741 933 1793 γενέσθαι
951 1741 1141 1786 ἐπιτήδειοι

120 1803 167 1844 εἷς
185 1800 247 1847 τὴν
267 1804 336 1838 τῶν
360 1800 554 1851 μελλόντων
583 1803 720 1852 ἀγαθῶν
751 1801 940 1851 ὑποδοχήν.
968 1801 1086 1850 ΊΝόμος
1106 1802 1141 1839 δὲ

118 1862 364 1912 παρεισῆλθεν,
393 1860 449 1898 ἵνα
476 1860 650 1912 πλεονάσῃ
679 1861 717 1899 τὸ
735 1860 975 1913 παράπτωμα.
992 1861 1139 1910 Ἐπειδὴ

117 1921 185 1973 γὰρ
204 1920 325 1964 ἔδειξεν
343 1921 412 1959 ἀπὸ
440 1920 501 1971 μὲν
530 1924 588 1958 τοῦ
614 1920 724 1972 Ἀδὰμ
741 1923 1057 1960 καταδικασθεῖσαν
1077 1922 1139 1969 τὴν

118 1981 341 2028 οἰκουμένην,
371 1981 440 2019 ἀπὸ
461 1981 495 2019 δὲ
515 1985 574 2019 τοῦ
594 1983 747 2032 Χριστοῦ
777 1986 965 2026 σωθεῖσαν,
994 1983 1052 2020 καὶ
1078 1987 1141 2030 τῆς

117 2041 307 2087 καταδίκης
323 2043 596 2092 ἀπαλλαγεῖσαν,
618 2041 786 2094 εὐκαίρως
815 2042 972 2093 καὶπερὶ
999 2048 1057 2081 τοῦ
1087 2044 1141 2081 νό-

119 2117 183 2152 μου
200 2104 294 2147 ζητεῖ
311 2102 430 2140 λοιπὸν
449 2102 568 2149 πάλιν,
586 2101 648 2148 τὴν
669 2102 748 2153 περὶ
768 2105 872 2140 αὐτοῦ
895 2102 992 2146 δόξαν
1012 2106 1138 2141 ὑποτε-

118 2163 297 2214 μνόμενος.
318 2164 370 2200 Οὔ
400 2162 468 2215 γὰρ
499 2162 599 2212 μόνον
629 2162 723 2201 οὐδὲν
753 2162 887 2211 ὤνησε,
916 2164 1038 2215 φησὶν,
1065 2164 1140 2202 οὐδὲ

118 2223 219 2273 μόνον
246 2223 341 2261 οὐδὲν
365 2223 574 2270 ἐὲοήθησεν,
593 2222 682 2260 ἀλλὰ
701 2223 760 2261 καὶ
790 2223 922 2270 ηὐξήθη
947 2225 987 2263 τὸ
1004 2225 1140 2276 νόσημα

116 2284 398 2336 παρεισελθόντος
417 2286 530 2322 αὐτοῦ.
553 2284 605 2322 Τὸ
625 2283 677 2331 δὲ,
706 2284 800 2332 Ἵνα,
828 2286 975 2322 ἐνταῦθα
1002 2288 1064 2324 οὐκ
1087 2289 1141 2324 αἷ-

115 2345 286 2396 τιολογίας
309 2345 435 2391 πάλιν,
456 2346 532 2382 ἀλλ’
565 2344 740 2388 ἐκὲάσεώς
767 2347 873 2383 ἐστιν.
901 2348 953 2384 Οὐ
983 2347 1050 2399 γὰρ
1084 2348 1140 2386 διὰ

115 2408 216 2443 τοῦτο
239 2405 339 2451 ἐδόθη
356 2435 364 2449 ,
398 2404 454 2442 ἵνα
491 2406 684 2457 πλεονάσῃ,
714 2407 790 2444 ἀλλ’
822 2406 921 2454 ἐδόθη
953 2407 1016 2457 μὲν
1048 2407 1138 2446 ὥστε

116 2469 266 2514 μειῶσαι
282 2466 342 2503 καὶ
360 2466 490 2503 ἀνελεῖν
505 2466 545 2504 τὸ
559 2466 786 2517 παράπτωμα
801 2482 806 2489 ·
825 2467 924 2514 ἐξέὸη
942 2467 977 2505 δὲ
998 2470 1139 2507 τούναν-

115 2525 199 2572 τίον,
221 2528 257 2563 οὖ
278 2525 374 2577 παρὰ
395 2525 458 2571 τὴν
483 2529 542 2563 τοῦ
563 2526 668 2576 νόμου
689 2526 812 2578 φύσιν,
842 2528 932 2566 ἀλλὰ
958 2528 1055 2581 παρὰ
1074 2529 1137 2576 τὴν

114 2589 181 2623 τῶν
199 2586 391 2636 δεξαμένων
410 2586 593 2639 ῥᾳθυμίαν.
618 2587 686 2625 Διὰ
706 2587 740 2625 τί
766 2587 801 2626 δὲ
829 2591 890 2627 οὐκ
917 2583 1005 2635 εἷπε,
1036 2589 1139 2639 νόμος

114 2645 226 2693 ἐδόθη,
246 2646 348 2693 ἀλλὰ,
363 2645 480 2696 Νόμος
495 2646 529 2685 δὲ
546 2650 776 2698 παρεισῆλθε,
795 2648 1016 2701 Πρόσκαιρον
1033 2651 1139 2688 αὐτοῦ

114 2705 246 2749 δεικνὺς
273 2706 336 2752 τὴν
360 2706 482 2759 χρείαν
510 2700 628 2755 οῧσαν,
644 2708 702 2745 καὶ
719 2710 756 2746 οὗ
783 2708 902 2761 κυρίαν
929 2709 1003 2746 οὐδὲ
1028 2726 1138 2762 προη-

112 2767 283 2818 γουμένην
302 2783 309 2790 ·
330 2767 348 2805 ὃ
375 2768 434 2804 καὶ
459 2771 493 2806 ἐν
512 2771 555 2819 τῇ
574 2768 658 2820 πρὸς
683 2768 844 2812 Γαλάτας
873 2769 991 2821 φησὶν,
1012 2771 1139 2822 ἑτέρως

112 2828 151 2865 τὸ
169 2828 252 2865 αὐτὸ
269 2831 369 2866 τοῦτο
383 2829 495 2874 δηλῶν
510 2844 516 2851 ·
534 2828 611 2880 Πρὸ
625 2833 684 2867 τοῦ
715 2829 783 2881 γὰρ
808 2832 917 2868 ἐλθεῖν
939 2830 1002 2877 τὴν
1019 2832 1136 2871 πίστιν

111 2887 177 2925 ὑπὸ
199 2887 315 2937 νόμον,
342 2888 464 2940 φησὶν,
491 2889 750 2942 ἐφρουρούμεθα
766 2891 1074 2942 συγκεκλεισμένοι
1089 2895 1137 2935 εἷς

110 2947 172 2994 τὴν
210 2948 403 2999 μέλλουσαν
436 2950 554 2988 πίστιν
584 2952 886 3003 ἀποκαλυφθῆναι.
929 2952 1041 2990 ζΏστε
1073 2956 1135 3005 οὐχ

109 3011 242 3060 ἑαυτῷ,
263 3010 339 3047 ἀλλ’
371 3010 478 3062 ἑτέρῳ
507 3010 569 3057 τὴν
597 3010 749 3061 ποίμνην
768 3011 966 3063 ἐφύλαττεν.
986 3014 1131 3059 Ἐπειδὴ

109 3069 174 3120 γὰρ
195 3069 360 3119 βάναυσοί
385 3087 473 3114 τινες
499 3066 588 3117 ἦσαν
621 3072 781 3110 Ἰουδαῖοι
809 3073 867 3110 καὶ
897 3073 1130 3122 ἐκλελυμένοι,

109 3129 167 3167 καὶ
195 3130 278 3180 πρὸς
308 3131 413 3174 αὐτὰς
438 3130 500 3174 τὰς
522 3133 653 3184 δωρεὰς
676 3133 975 3180 ἀναπεπτωκότες,
1009 3134 1129 3172 τούτου

108 3190 211 3241 χάριν
233 3194 250 3227 6
269 3191 371 3240 νόμος
388 3191 500 3238 ἐδόθη,
516 3191 571 3230 ἵνα
590 3193 712 3237 αὐτοὺς
730 3193 849 3245 ἐλέγξῃ
869 3194 1050 3244 μειζόνως,
1072 3196 1131 3232 καὶ

111 3249 228 3301 διδάξῃ
248 3253 363 3301 σαφῶς
379 3253 413 3288 ἐν
430 3246 478 3295 οἷς
497 3254 574 3300 εἰσι,
594 3253 652 3290 καὶ
669 3253 731 3300 τὴν
750 3254 961 3305 κατηγορίαν
979 3254 1130 3301 αὐξήσας

113 3310 293 3362 ε’·,τισςιίγξῃ
316 3313 444 3360 μᾶλλον
470 3312 601 3356 αὐτούς.
622 3313 724 3352 Ἀλλὰ
742 3314 789 3363 μὴ
810 3314 963 3365 φοὸηθῇς
980 3330 986 3336 ·
1007 3316 1045 3352 οὐ
1063 3315 1129 3367 γὰρ

158 3407 171 3429 ¹³
197 3407 268 3439 Mss.
291 3411 334 3443 [vt
350 3409 403 3450 A]
423 3410 491 3443 tiva:
511 3414 647 3455 λυπηρῶν
664 3413 865 3453 παιδευόμενοι
884 3416 955 3457 πρὸς
973 3419 1016 3447 τὸ.

1046 278 1105 307 ΑΙ)
1142 278 1230 307 ROM
1241 297 1249 307 .

2104 267 2195 331 575

1216 367 1296 396 stat.
1323 359 1398 397 Hoc
1417 361 1510 398 enim
1530 375 1597 399 non
1621 363 1732 413 magis
1751 363 1867 412 illum,
1890 377 1996 414 quam
2014 364 2196 411 Judaeum,

1216 418 1332 457 dicere
1359 422 1507 472 cogebat
1537 424 1770 461 certaminum
1799 424 2109 477 lex:quapropter
2127 440 2201 464 rem

1216 479 1404 517 insolutam
1423 482 1717 532 1·elinquit.Quod
1733 484 1761 521 si
1778 484 1859 535 quis
1876 494 2033 524 vestrum
2050 495 2199 536 quaerat,

1214 539 1282 576 1100
1293 539 1464 589 dicemus,
1476 556 1537 579 1105
1548 556 1568 579 a
1578 553 1691 581 morte
1706 544 1914 596 hujusmodi
1932 559 1972 583 ac
1984 545 2200 584 condemna—

1215 599 1309 637 tione
1325 615 1393 638 non
1413 601 1520 639 modo
1541 603 1632 640 nihil
1647 605 1747 642 laesos
1764 605 1884 655 fuisse,
1900 605 1929 643 si
1947 605 2198 656 advigilemus,

1215 659 1278 697 sed
1299 661 1404 698 etiam
1421 661 1574 701 lucratos
1595 678 1683 714 esse,
1707 679 1789 702 cum
1810 666 1976 703 mortales
1995 667 2108 704 effecti
2137 681 2199 704 su-

1215 733 1314 756 mus:
1330 721 1461 771 primo,
1487 722 1582 771 quod
1604 737 1671 760 non
1692 724 1727 760 in
1745 738 1890 776 corpore
1910 725 2104 762 immortali
2120 740 2201 776 pec-

1216 792 1334 816 cemus
1349 795 1360 828 3
1382 782 1556 830 secundo,
1590 783 1686 832 quod
1722 784 1924 822 innumeras
1965 786 2200 838 philosophiae

1214 852 1316 876 ansas
1334 839 1418 877 hinc
1438 850 1653 879 mutuemur.
1672 844 1702 879 N
1707 857 1765 880 am
1784 852 1822 881 ut
1842 845 1990 882 modum
2007 860 2199 893 servemus,

1215 908 1254 935 ut
1276 909 1509 951 temperantes
1533 902 1644 940 simus
1670 912 1702 940 et
1730 918 1792 941 1105
1817 906 2064 956 reprimamus,
2092 917 2201 958 utque

1214 959 1259 995 ab
1277 960 1373 996 omni
1403 961 1559 1011 nequitia
1580 963 1835 1014 abstineamus,
1855 975 1888 1002 et
1903 980 2057 1016 praesens
2087 977 2119 1004 et
2139 982 2199 1005 ex-

1214 1028 1368 1070 spectata
1399 1034 1493 1058 mors
1523 1022 1660 1061 suadet.
1688 1023 1746 1060 Ad
1772 1024 1848 1061 haec
1869 1039 1969 1074 vero,
1991 1025 2063 1063 imo
2082 1027 2202 1078 potius

1213 1088 1294 1117 ante
1312 1080 1401 1129 haec,
1423 1081 1491 1119 alia
1521 1082 1678 1133 plurima
1701 1084 1803 1122 nobis
1827 1084 1948 1122 intulit
1980 1085 2086 1125 bona.
2110 1088 2201 1125 Hinc

1213 1140 1308 1177 enim
1330 1150 1531 1193 martyrum
1559 1157 1709 1194 coronae,
1733 1145 1972 1197 apostolorum
1992 1147 2135 1185 bravia:
2151 1148 2202 1186 510

1213 1200 1302 1237 Abel
1326 1201 1543 1252 justificatus
1568 1212 1633 1250 est,
1653 1204 1703 1241 sic
1732 1205 1914 1243 Abraham
1936 1216 2087 1245 mactato
2106 1208 2195 1256 filio,

1213 1259 1262 1297 sic
1278 1262 1430 1299 Joannes
1447 1272 1590 1314 propter
1607 1264 1788 1302 Christum
1809 1267 1957 1315 occisus,
1970 1266 2018 1305 sic
2030 1276 2099 1306 tres
2112 1283 2199 1320 pue-

1287 279 1441 309 HOMIL.
1481 280 1524 311 X.

1166 853 1192 882 D

2253 1211 2399 1240 Abraham

2214 1252 2306 1280 filium
2336 1264 2399 1280 ma-

2211 1300 2289 1321 ctare
2340 1303 2398 1322 vo-

1211 1320 1257 1369 ri,
1277 1321 1328 1358 sic
1345 1323 1534 1361 DanieLSi
1551 1324 1644 1361 enim
1658 1325 1823 1375 velimus,
1839 1341 1903 1364 nec
1919 1342 2027 1377 mors,
2047 1343 2109 1366 nec
2124 1330 2199 1382 ipse
2211 1334 2278 1362 luit.

1211 1377 1377 1416 diabolus
1400 1380 1501 1418 nobis
1521 1395 1644 1420 nocere
1663 1384 1806 1434 poterit.
1829 1384 1885 1422 Ad
1908 1385 1984 1423 haec
2005 1386 2095 1424 illud
2111 1402 2199 1438 quo-

1211 1452 1280 1488 que
1300 1439 1373 1477 dici
1396 1450 1523 1492 potest,
1548 1442 1852 1482 immortalitatem
1881 1459 1944 1483 1105
1973 1456 2200 1498 excepturam

1211 1511 1296 1547 esse,
1317 1508 1350 1537 et
1378 1500 1424 1537 ad
1453 1501 1637 1539 modicum
1668 1512 1806 1555 tempus
1836 1504 2048 1552 admonitos,
2073 1508 2202 1545 futuris

1164 1571 1189 1601 Ε
1212 1572 1274 1596 1105
1287 1560 1459 1599 fruituros
1478 1576 1551 1600 esse
1575 1563 1678 1601 bonis
1707 1581 1714 1601 :
1740 1574 1927 1616 postquam
1947 1567 1984 1604 in
2017 1567 2084 1605 hac
2111 1569 2198 1615 vita,

1211 1619 1313 1669 quasi
1348 1620 1384 1658 in
1405 1621 1578 1660 litterario
1616 1623 1715 1673 ludo,
1752 1639 1797 1662 ex
1830 1626 1978 1675 morbis,
2015 1629 2198 1678 aerumnis,

1212 1681 1493 1732 tentationibus,
1533 1693 1753 1735 paupertate,
1792 1694 1826 1723 et
1858 1687 1957 1736 aliis,
1991 1703 2071 1738 quae
2114 1704 2199 1740 gra-

1211 1741 1270 1779 via
1299 1740 1468 1779 videntur
1495 1757 1578 1792 esse,
1604 1744 1759 1783 instituti
1797 1756 1829 1784 et
1855 1747 1973 1785 idonei
2004 1749 2088 1786 facti
2117 1751 2199 1788 sue-

1211 1801 1322 1839 rimus
1336 1802 1379 1839 ad
1395 1803 1598 1841 futurorum
1615 1805 1790 1843 bonorum
1805 1807 2200 1858 adeptionemQOLex

1213 1871 1341 1899 antem
1382 1866 1634 1913 subintravit,
1674 1875 1714 1904 ut
1749 1869 1966 1906 abundaret
2003 1871 2198 1908 delictum.

1211 1923 1402 1973 Postquam
1432 1925 1526 1962 enim
1560 1927 1714 1964 ostendit
1747 1928 1793 1964 ab
1822 1928 1961 1967 Adamo
1992 1930 2199 1970 damnatum

1210 1983 1344 2028 orbem,
1368 1993 1400 2022 ct
1416 1999 1436 2021 a
1453 1985 1594 2023 Christo
1616 1987 1729 2024 salute
1747 1987 1931 2038 donatum,
1948 1999 2053 2041 atque
2072 2006 2091 2029 a
2108 2006 2197 2045 sup-

1210 2043 1318 2096 plicio
1344 2045 1535 2083 liberatum
1547 2062 1558 2096 ,
1578 2057 1776 2100 opportune
1801 2049 1846 2087 de
1874 2050 1951 2102 lege
1968 2052 2105 2102 quaerit,
2122 2054 2199 2106 opi-

1210 2104 1352 2143 nionem
1380 2121 1486 2157 quam
1511 2107 1556 2145 de
1577 2108 1639 2146 illa
1670 2109 1849 2148 habebant
1878 2111 2090 2164 deprimens.
2119 2116 2198 2154 Non

1152 2166 1316 2222 524111οι10
1348 2168 1458 2216 0111111,
1479 2167 1607 2218 inquit,
1634 2169 1725 2207 1111111
1751 2172 1888 2222 profuit
1915 2187 1979 2211 nec
2003 2175 2114 2226 juvit,
2137 2176 2198 2213 sed

1163 2233 1190 2260 A
1211 2226 1315 2264 etiam
1345 2227 1407 2265 illa
1439 2228 1660 2267 subintrante
1691 2240 1816 2269 auctus
1847 2242 1897 2270 est
1916 2235 2073 2274 morbus.
2102 2236 2198 2274 Illud

1210 2302 1309 2336 vero,
1335 2290 1399 2334 Ut,
1422 2289 1481 2327 hic
1496 2303 1565 2327 non
1586 2304 1727 2329 causam
1747 2291 1901 2342 indicat,
1921 2295 1983 2332 sed
2010 2306 2192 2335 eventum.

1209 2349 1288 2386 Non
1308 2348 1401 2386 enim
1420 2349 1498 2387 ideo
1515 2350 1596 2388 data
1617 2361 1680 2401 est,
1698 2361 1738 2390 ut
1758 2353 1970 2406 abundaret,
1988 2357 2051 2395 sed
2066 2367 2105 2396 ut
2124 2359 2193 2396 mi-
2228 2355 2288 2383 Le‘
2312 2367 2393 2383 ’ΜΨ

1208 2417 1329 2446 nueret
1341 2418 1373 2447 et
1384 2409 1521 2448 tolleret
1530 2421 1735 2462 peccatum3
1752 2415 1969 2453 contrarium
1985 2426 2100 2456 autem
2115 2433 2195 2457 eve-

1209 2469 1276 2515 nit,
1291 2484 1361 2508 non
1373 2485 1419 2508 ex
1436 2480 1572 2509 naturae
1587 2472 1747 2523 lege,sed
1766 2489 1811 2513 ex
1829 2476 2080 2528 accipientium
2095 2479 2196 2531 igna-

1210 2529 1281 2568 via.
1292 2531 1365 2568 Cur
1372 2545 1456 2570 vero
1467 2546 1536 2569 non
1546 2531 1652 2581 dixit,
1664 2535 1739 2572 Lex
1749 2534 1832 2573 data
1845 2546 1895 2574 est
1901 2552 1912 2586 3
1928 2538 2003 2586 sed,
2011 2541 2092 2576 Lex
2105 2544 2193 2578 sub-

1206 2592 1368 2628 intravit
1383 2595 1399 2628 ?
1415 2593 1702 2643 Temporaneum
1729 2596 1914 2634 ostendens
1944 2597 2042 2636 illius
2067 2614 2169 2639 usum
2183 2631 2192 2648 ,

1206 2664 1274 2687 non
1295 2660 1413 2688 autem
1431 2653 1619 2703 proprium
1638 2655 1694 2692 vel
1718 2655 1941 2708 praecipuum
1954 2658 2065 2707 :quod
2086 2660 2192 2698 etiam

2207 2396 2277 2424 bum
2301 2400 2393 2426 auxit.

1206 2710 1242 2747 in
1257 2709 1417 2761 Epistola
1432 2711 1479 2749 ad
1493 2713 1640 2750 Galatas
1658 2713 1800 2752 diverso
1819 2716 1925 2754 modo
1945 2717 2033 2755 dicit
2044 2734 2052 2754 :
2063 2720 2191 2758 Ante-
2206 2722 2275 2749 Gal.
2291 2722 2319 2752 3.
2338 2722 2388 2750 23-

1206 2785 1324 2822 quam
1341 2774 1444 2808 enim
1463 2775 1615 2810 veniret
1620 2775 1742 2825 fides,
1761 2789 1785 2812 a
1803 2777 1896 2828 lege,
1912 2777 2042 2827 inquit,
2062 2789 2192 2818 custo—

1205 2833 1418 2878 diebamur,
1437 2834 1610 2871 conclusi
1637 2836 1692 2871 ad
1706 2836 1847 2886 fidem,
1871 2851 1956 2889 quoe
1979 2841 2191 2879 revelanda

1205 2899 1301 2928 erat.
1324 2892 1447 2942 Itaque
1466 2892 1525 2930 lex
1547 2907 1616 2930 non
1635 2894 1719 2944 51111,
1740 2895 1801 2933 5οᾶ
1831 2897 1932 2934 alteri
1962 2912 2104 2950 gregem
2124 2915 2188 2938 cu-

1204 2951 1390 2989 stodiebat.
1423 2953 1518 2999 Quia
1547 2953 1642 2990 enim
1671 2954 1789 2993 Judaei
1809 2955 2000 2996 illiberales
2029 2970 2128 2998 erant
2149 2975 2190 2998 ac

1203 3011 1367 3050 dissoluti
1387 3021 1421 3050 et
1438 3013 1485 3051 ad
1502 3013 1576 3065 ipsa
1597 3014 1689 3052 dona
1708 3016 1840 3068 supini,
1860 3017 1940 3056 ideo
1954 3018 2013 3056 lex
2027 3019 2110 3058 data
2126 3031 2188 3069 est,

1203 3083 1242 3111 ut
1263 3073 1342 3112 illos
1364 3074 1477 3126 magis
1499 3085 1714 3126 coargueret,
1735 3086 1767 3115 et
1793 3077 1886 3115 clare
1902 3078 2043 3118 doceret
2066 3095 2135 3131 quo
2154 3082 2189 3120 in

1203 3142 1295 3171 statu
1314 3143 1436 3183 essent,
1456 3144 1561 3185 atque
1579 3136 1836 3175 accusationem
1853 3152 1995 3190 augens,
2013 3140 2093 3178 illos
2113 3156 2190 3179 ma-

1201 3195 1255 3245 gis
1274 3194 1535 3245 constringeret.
1565 3197 1702 3234 Verum
1734 3211 1777 3234 110
1807 3198 1948 3236 timeas:
1964 3214 2076 3250 neque
2096 3202 2189 3239 enim

1202 3264 1239 3291 ut
1259 3255 1374 3306 majus
1396 3255 1614 3307 supplicium
1634 3266 1734 3303 esset,
1752 3258 1790 3296 id
1811 3259 1943 3296 factum
1975 3270 2039 3310 est,
2062 3262 2121 3299 sed
2152 3272 2188 3300 ut

1202 3317 1314 3367 major
1327 3325 1511 3368 appareret
1524 3317 1648 3368 gratia.
1658 3318 1741 3357 Ideo
1756 3319 1914 3372 subjicit:
1926 3323 1998 3359 Ubi
2014 3325 2188 3362 abunda<
