2466 3805
660 231 702 261 ΙΝ
741 231 857 261 ACTA
892 228 1233 261 APOSTOLORUM.
1273 227 1432 257 noxit„

73 317 155 367 παρ’
175 315 328 366 ἐχθρῶν,
361 313 443 364 παρ’
468 311 623 360 οἷκείων,
655 313 737 364 παρ’
758 311 962 363 ἀλλοτρίων.
995 309 1090 362 Οὐχὶ

71 376 133 420 τῆς
151 373 353 424 οἰκουμένης
376 376 394 411 ὁ
422 372 611 424 βασιλεύων
630 378 766 424 κρατεῖ·
787 376 884 415 οὗτος
904 371 939 410 δὲ
957 371 1089 414 πόλεως

72 434 194 485 μόνης,
215 433 318 472 Ἀλλὰ
336 449 494 472 τοσουτον
513 432 646 483 μείζους
668 432 752 470 εἰσὶν
776 434 811 471 αἱ
830 431 1002 484 φροντίδες
1014 430 1090 469 τού-

68 510 146 542 του,
164 495 242 532 ὅσον
271 496 392 537 ὕδατος
415 495 533 536 ἁπλῶς
559 494 625 532 ὑπὸ
655 492 852 543 πνεύματος
888 491 1088 543 κινουμένου

67 555 260 605 ποταμίου,
296 555 356 594 καὶ
382 554 552 605 πελάγους
580 555 765 602 οἰδοῦντος,
789 554 849 592 καὶ
882 552 1089 604 μαινομένου

67 614 107 652 τὸ
126 615 300 668 διάφορον.
314 616 361 654 Τί
379 615 523 662 δήποτε,
542 614 628 653 “Oet
642 615 713 652 ἐκεῖ
735 613 796 665 μὲν
816 613 937 652 πολλοὶ
958 615 989 652 οἱ
1007 629 1088 652 συν-

68 677 407 728 αντιλαμέανόμενοι
424 675 560 727 (πάντα
575 674 643 728 γὰρ
662 674 757 727 νόμῳ
776 674 835 712 καὶ
862 673 1014 717 διατάξει
1038 672 1091 724 γί-

68 736 210 788 νεται)·
247 739 391 775 ἐνταῦθα
419 736 453 774 δὲ
476 736 571 774 οὐδὲν
596 738 766 782 τοιοῦτον,
791 734 867 772 οὐδὲ
887 735 972 770 ⁰82⁷&
993 733 1092 777 ἕξου-

71 794 147 839 σίας
178 796 269 835 ἔστιν
291 796 467 840 ἐπιτάξαι·
495 797 570 833 ἀλλ’
601 794 640 831 ἂν
673 792 735 844 μὲν
771 794 927 846 σφοδρῶς
947 795 1091 844 κινηθῇ,

70 856 188 895 ἀκούει
202 856 296 907 ὠμός
308 873 315 880 ·
337 857 376 893 ἂν
397 855 432 892 δὲ
445 854 493 905 μὴ
514 855 685 905 σφοδρῶς,
700 852 842 904 ψυχρός.
853 855 914 889 Δεῖ
931 851 967 890 δὲ
982 857 1091 890 ταῦτα

68 915 113 952 τὰ
141 917 278 954 ἐναντία
309 917 497 962 συνελθεῖν,
536 929 625 954 ωστε
665 928 754 963 μητε
779 915 1090 963 καταφρονεῖσθαι,

70 993 157 1028 μητε
178 981 364 1027 μισεῖσθαι.
380 975 511 1018 Ἄλλως
538 973 574 1012 δὲ
593 973 652 1012 καὶ
669 972 714 1010 τὰ
731 972 925 1025 πράγματα
957 987 1090 1025 προκα-

67 1038 264 1083 τείληπται.
307 1036 441 1078 Πόσους
482 1033 714 1084 ἀναγκάζεται
741 1031 992 1091 σκανδαλίζειν,
1029 1045 1090 1070 και

67 1097 154 1135 ἑκὼν
174 1097 233 1134 καὶ
253 1096 364 1142 ἄκων,
379 1095 506 1137 πόσους
520 1094 707 1140 πλήττειν,
726 1092 786 1131 καὶ
800 1091 888 1130 ἑκὼν
905 1092 963 1130 καὶ
976 1092 1088 1139 ἄκων,

65 1159 143 1195 Οὐκ
157 1157 270 1200 ἄλλως
283 1156 395 1207 λέγω,
416 1156 555 1197 ἀλλ’ὡς
571 1154 643 1205 ἔχω
658 1153 718 1191 καὶ
737 1152 928 1204 διακειμαι.
946 1153 1024 1191 Οὐκ
1040 1156 1089 1191 οἰ-

67 1232 130 1268 μαι
152 1221 240 1255 εἶναι
261 1215 446 1260 πολλους
431 1231 465 1253 εν
487 1219 557 1257 τοῖς
582 1217 711 1265 ἱερεῦσι
743 1229 821 1256 τους
853 1212 1085 1263 σωζομένους,

64 1277 155 1315 ἀλλὰ
179 1279 297 1328 πολλῷ
325 1275 464 1318 πλείους
489 1274 568 1317 τοὺς
590 1273 865 1324 ἀπολλυμένους·
893 1274 932 1312 τὸ
967 1275 1003 1311 δὲ
1034 1274 1087 1312 αἴ-

64 1353 155 1385 τιον,
176 1338 227 1376 ὅτι
258 1337 412 1389 μεγάλης
439 1336 478 1374 τὸ
505 1342 653 1411 πρᾶγμα
670 1335 779 1372 δεῖται
797 1337 923 1386 ψυχῆς.
948 1335 1088 1379 Πολλὰς

64 1399 131 1473 γὰρ
151 1398 304 1449 ἀνάγκας
326 1398 398 1450 ἔχει
417 1397 480 1440 τὰς
513 1394 699 1447 ἐξαγούσας
718 1411 777 1434 του
810 1395 936 1434 οἰκείου
962 1395 1086 1444 ἤθους,

64 1460 123 1497 καὶ
136 1459 266 1512 μυρίων
282 1460 376 1510 αὖτι)
390 1455 606 1508 πανταχόθεν
624 1456 840 1506 ὀφθαλμῶν
823 1461 883 1494 οεῖ.
898 1457 978 1508 Οὐχ
993 1460 1087 1509 ὁρᾶς,

65 1520 129 1558 ὅσα
149 1521 199 1558 δεῖ
225 1519 282 1557 τὸν
308 1518 494 1557 ἐπίσκοπον
524 1517 632 1569 ἔχειν,
650 1516 857 1555 Διδακτικὸν
878 1520 983 1565 εἰναι,
1012 1520 1088 1556 ἀνε-

64 1580 218 1626 ξίκακον,
250 1578 479 1631 ἀντεχόμενον
499 1593 559 1615 του
585 1576 675 1614 κατὰ
699 1575 761 1623 την
787 1576 930 1628 διδαχην
957 1593 1082 1616 πιστου
1108 1580 1132 1612 Ε

62 1641 312 1693 λόγου.Πόσης
339 1644 439 1678 τοῦτο
464 1636 664 1684 δυσκολίας,
685 1637 756 1675 Καὶ
773 1640 842 1675 τῶν
870 1643 939 1681 τοῖς
969 1639 1086 1682 ἄλλοις

64 1702 357 1754 ἁμαρτανομένων
375 1701 474 1744 αὐτὸς
498 1700 570 1752 ἔχει
594 1699 656 1743 τὰς
683 1698 807 1742 αἰτίας.
834 1701 887 1737 Οὐ
906 1698 998 1751 λέγω
1016 1704 1085 1738 τῶν

62 1764 178 1801 ἄλλων
193 1763 286 1802 οὐδέν
301 1779 309 1786 ·
332 1763 370 1800 ἂν
388 1756 434 1805 εἷς
455 1760 556 1812 μόνον
573 1759 706 1812 ἀπέλθῃ
731 1758 884 1810 ἀμύητος
895 1790 905 1808 ,
924 1760 1000 1813 οὐχὶ
1015 1767 1085 1799 πᾶ-

61 1840 124 1863 σαν
137 1827 238 1863 αὐτοῦ
253 1823 465 1875 κατέστρεψε
480 1821 542 1868 τὴν
555 1821 753 1875 σωτηρίαν,
768 1821 899 1873 Ψυχῆς
913 1822 979 1874 γὰρ
991 1821 1087 1860 ἀπώ-

61 1887 139 1924 λεια
167 1892 248 1936 μιᾶς
270 1884 439 1930 τοσαύτην
478 1883 550 1935 ἔχει
580 1882 728 1933 ζημίαν,
761 1881 844 1928 ὅσην
871 1882 979 1926 οὐδεὶς
1014 1899 1086 1921 πα-

64 1950 234 1999 ραστῆσαι
262 1945 404 1984 δύναται
429 1944 541 1995 λόγος.
568 1945 614 1981 Εἰ
641 1942 708 1995 γὰρ
736 1946 757 1989 ἡ
795 1942 951 1995 σωτηρία
979 1945 1086 1990 αὐτῆς

61 2006 223 2046 τοσούτου
243 2006 341 2052 ἀξία,
361 2005 452 2043 ὥστε
472 2004 529 2042 τὸν
540 2004 623 2042 Υἱὸν
643 2007 704 2041 τοῦ
719 2004 811 2041 Θεοῦ
829 2002 1008 2054 ἄνθρωπον
1022 2019 1085 2054 γε·-

61 2069 179 2107 νέσθαι
190 2096 199 2114 ,
213 2068 273 2106 καὶ
289 2071 442 2105 τοσαῦτα
459 2069 580 2103 παθεῖν
592 2080 599 2088 ·
617 2067 638 2110 ἡ
656 2064 814 2102 ἀπώλεια
827 2063 986 2111 ἐννόησον
1000 2064 1084 2112 ὅσην

61 2129 146 2167 οἴσει
160 2129 222 2175 τὴν
236 2127 420 2179 τιμωρίαν.
438 2128 479 2164 Εἰ
495 2127 537 2163 δι’
553 2125 588 2163 ὃν
608 2124 802 2162 ἀπόλλυταί
815 2140 878 2172 τις,
898 2125 932 2161 ἐν
948 2127 997 2176 τῷ
1015 2141 1085 2162 πα-

64 2189 155 2240 ρόντι
173 2189 237 2241 βίῳ
253 2187 342 2231 ἄξιος
359 2190 562 2233 ἀποθανεῖν,
573 2187 692 2237 πολλῷ
705 2185 835 2235 μᾶλλον
848 2187 929 2223 ἐκεῖ.
940 2185 1001 2232 Μὴ
1017 2185 1084 2239 γάρ
1104 2219 1135 2244 3⁰

62 2265 121 2300 μοι
141 2249 258 2300 εἴτι-ης,
278 2247 330 2285 ὅτι
348 2250 365 2285 ὃ
383 2245 614 2298 πρεσέύτερος
629 2244 785 2296 ἥμαρτε,
802 2245 890 2296 μηδὲ
904 2245 957 2284 ὅτι
973 2249 991 2284 ὁ
1013 2246 1084 2284 διά-

59 2327 155 2354 κονος
167 2326 174 2333 ·
183 2309 322 2348 πάντων
338 2307 468 2346 τούτων
483 2307 541 2344 ἐπὶ
555 2306 618 2353 τὴν
631 2306 785 2359 κεφαλὴν
804 2310 871 2345 τῶν
884 2324 1084 2360 χειροτονη-

59 2372 192 2410 σάντων
212 2386 247 2407 αι
269 2369 377 2407 αἰτίαι
393 2367 566 2421 φέρονται.
582 2367 836 2420 Πάλινὲτερον
860 2368 958 2407 εἴπω.
979 2371 1083 2420 Συμ-

58 2432 170 2470 &aiva
200 2430 278 2468 τινὰ
303 2431 430 2481 κλῆρον
460 2427 680 2472 διαδέξασθαι
711 2429 843 2481 ἀνδρῶν
877 2433 1081 2484 μοχθηρῶν·

56 2492 115 2530 ατί
135 2491 205 2543 χρὴ
234 2489 486 2542 βουλεύσασθαι
505 2491 628 2541 ἀπορεῖ
657 2489 714 2527 ἐπὶ
735 2490 966 2542 ἁμαρτημασι
994 2506 1082 2543 προ-

56 2553 214 2591 λαῧοῦσι.
246 2550 316 2589 Δύο
334 2550 402 2602 γὰρ
432 2552 462 2587 οἳ
492 2549 659 2602 κρημνοὶ,
678 2550 737 2588 καὶ
757 2552 807 2589 δεῖ
827 2551 916 2601 μήτε
945 2554 1082 2604 ἀφεῖναι

57 2615 186 2651 ἐκεῖνον
200 2643 210 2660 ,
229 2612 288 2650 καὶ
306 2611 385 2655 τοὺς
419 2610 543 2653 ἄλλους
564 2607 612 2660 μὴ
633 2611 874 2650 σκανδαλίσαι.
908 2611 1081 2666 Ἐκκόψαι

56 2673 170 2711 τοίνυν
190 2673 240 2710 δεῖ
256 2673 412 2723 πρῶτον,
434 2669 528 2708 Ἀλλ’
544 2672 605 2708 οὐκ
622 2670 696 2708 ἔστι
714 2675 874 2723 παροῦσα
896 2672 1079 2725 πρόφασις.

57 2733 146 2772 Ἀλλ’
172 2735 326 2785 ἀφεῖναι,
347 2731 434 2779 Ναὶ,
456 2730 552 2784 φησί·
570 2736 629 2769 τοῦ
643 2730 710 2783 γὰρ
729 2733 1036 2786 χειροτονήσαντος
1059 2737 1079 2780 ἡ

57 2794 162 2832 αἰτία.
183 2793 231 2831 Τί
249 2787 328 2840 οῧν,
360 2793 398 2830 οὖ
429 2793 478 2830 δεῖ
499 2795 762 2844 χειροτονῆσαι,
793 2792 867 2832 οὐδὲ
891 2795 942 2845 ἐφ’
965 2793 1080 2846 ἕτερον

58 2854 190 2906 βαθμὸν
212 2856 372 2905 ἀγαγεῖν,
389 2851 493 2891 Ἀλλὰ
511 2855 612 2890 τοῦτο
635 2859 742 2891 πᾶσιν
765 2852 864 2891 ἔσται
895 2855 1011 2903 δῆλον,
1028 2855 1081 2893 ὅτι

57 2915 230 2967 μοχθηρός
256 2915 307 2957 τίς
328 2915 414 2952 ἐστι.
448 2914 564 2951 Πάλιν
589 2906 646 2950 οῧν
672 2913 798 2968 ἑτέρως
821 2915 1079 2954 ἐσκανδάλισεν.

54 2977 145 3014 Ἀλλ’
165 2979 305 3027 ἀγαγεῖν
326 2975 382 3012 ἐπὶ
404 2974 545 3025 μείζονα
566 2974 720 3025 βαθμόν,
741 2977 854 3014 Τοῦτο
871 2977 991 3030 πολλῷ
1015 2993 1081 3030 χα-

54 3036 266 3087 λεπώτερον.

105 3095 217 3134 (Ὥστε
239 3097 270 3133 εἴ
287 3111 339 3139 τις
358 3097 403 3139 ὡς
430 3094 488 3134 ἐπὶ
506 3095 720 3147 προστασίαν
740 3095 862 3149 ἔτρεχε
879 3096 943 3144 τὴν
960 3099 1030 3151 ἀρχ
1034 3115 1080 3137 ιε-

57 3157 230 3212 ρωσύνην,
246 3155 354 3199 οὐδεὶς
386 3155 426 3193 ἂν
453 3155 558 3203 αὐτὴν
579 3155 716 3200 ἐδέξατο
741 3158 887 3209 ταχέως.
920 3160 993 3197 Νῦν
1021 3160 1078 3209 δὲ,

101 3302 114 3316 ⁰
139 3296 184 3327 ἐπ’
202 3297 329 3332 ἐξουσίας
346 3291 413 3324 duo
427 3291 656 3335 Manuscripti.

104 3353 118 3368 a
142 3343 244 3377 Savil.
269 3350 299 3378 τί
312 3350 372 3391 χρὴ
394 3347 611 3387 βουλεύσασθαι
629 3349 674 3380 ἐπὶ
690 3350 747 3388 ἀμ.
765 3344 859 3378 Unus
875 3344 961 3378 Cod.
981 3351 1010 3380 τί
1027 3349 1068 3380 δεῖ

2079 215 2138 261 35

1161 308 1218 347 bis
1231 317 1281 346 est
1295 309 1505 361 Imperatori
1518 308 1703 358 subditus3
1716 309 1777 348 hic
1787 322 1872 348 vero
1887 322 1995 348 unam
2007 318 2145 349 tantum

1162 368 1342 407 civitatem
1358 369 1476 420 regit?
1490 371 1535 407 At
1561 378 1659 408 tanto
1678 370 1829 421 majores
1847 379 1929 407 sunt
1943 370 2051 422 hujus
2071 371 2142 409 sol-

1161 428 1375 479 licitudines,
1394 438 1525 480 quanto
1545 430 1659 482 majus
1686 439 1737 467 est
1771 429 1919 482 pelagus
1947 439 2086 468 tumens
2104 445 2146 469 ac

1162 490 1282 527 furens
1297 503 1387 540 aqua
1408 490 1578 528 fluminis.
1605 492 1724 538 Quam
1742 489 1885 528 tandem
1908 490 1954 528 ob
1973 504 2116 528 causam
2128 490 2146 527 P

1165 549 1260 597 Quia
1285 550 1362 588 illic
1380 551 1485 589 multi
1510 560 1592 590 sunt
1613 551 1780 600 ministri,
1812 551 2000 602 omniaque
2018 552 2095 604 lege
2113 561 2148 591 et

1165 609 1330 647 mandato
1358 621 1587 662 peraguntur3
1621 611 1680 649 hic
1705 625 1790 650 vero
1814 625 1884 650 non
1906 612 2015 650 item:
2036 627 2148 664 neque

1165 669 1258 706 enim
1271 670 1354 708 licet
1370 685 1415 708 ex
1434 672 1642 709 auctoritate
1658 672 1849 724 praecipere
1855 688 1866 722 3
1883 686 2009 712 verum
2024 674 2055 711 si
2075 674 2143 713 ad-

1164 729 1314 766 modum
1333 740 1612 781 commoveatur,
1630 732 1783 770 crudelis
1801 732 1902 770 audit
1909 749 1920 783 3
1935 733 1989 771 sin
2006 746 2145 786 parum,

1163 790 1317 841 frigidus
1335 791 1479 830 dicitur.
1515 794 1664 844 Oportet
1690 803 1808 831 autem
1827 795 1903 832 haec
1917 795 1990 833 duo
2009 806 2147 835 contra-

1164 849 1218 887 ria
1238 864 1455 899 concurrere,
1476 851 1525 888 ita
1553 860 1593 889 ut
1613 866 1677 889 nec
1705 862 1912 902 contemtus,
1940 868 2003 892 nec
2025 857 2148 895 odium

1163 910 1347 948 excitetur.
1365 911 1533 961 Alioquin
1548 926 1632 950 vero
1645 911 1722 964 ipsa
1733 913 1873 964 negotia
1886 925 2146 967 praeoccupant.

1163 970 1258 1017 Quot
1266 971 1426 1009 homines
1441 972 1579 1023 cogitur
1589 972 1778 1023 offendere,
1788 973 1875 1011 velit
1887 973 1975 1011 nolit
1986 975 2003 1012 Ξ)
2014 975 2051 1012 in
2063 985 2151 1026 quot

1161 1032 1249 1070 alios
1263 1032 1397 1071 invitus
1415 1047 1538 1085 aspere
1556 1034 1683 1085 agere?
1703 1035 1784 1072 Non
1798 1035 1868 1072 alio
1889 1034 1994 1073 modo
2007 1036 2147 1087 loquor,

1160 1107 1268 1144 quam
1286 1103 1326 1131 ut
1345 1094 1492 1132 affectus
1513 1109 1604 1133 sum.
1629 1096 1709 1133 Non
1727 1096 1859 1134 multos
1880 1106 1966 1148 puto
1981 1098 2147 1136 sacerdo-

1157 1163 1210 1192 tes
1242 1154 1360 1192 salvos
1385 1155 1478 1204 fieri,
1500 1155 1561 1193 sed
1580 1155 1684 1207 longe
1703 1156 1824 1208 plures
1845 1156 1973 1208 perire,
1991 1171 2061 1195 non
2079 1158 2149 1195 alia

1157 1213 1203 1252 de
1223 1229 1342 1264 causa,
1375 1230 1483 1265 quam
1504 1215 1602 1266 quod
1621 1230 1676 1254 res
1695 1230 1867 1268 magnum
1886 1218 2042 1269 postulet
2070 1219 2147 1256 ani-

1159 1289 1273 1313 mum.
1288 1275 1415 1313 Multis
1433 1276 1528 1314 enim
1547 1277 1813 1315 necessitatibus
1832 1292 1852 1314 a
1871 1277 2026 1330 propriis
2044 1278 2147 1330 pelli-

1158 1345 1218 1374 tur
1246 1336 1421 1387 moribus,
1441 1346 1475 1374 et
1502 1337 1696 1376 innumeris
1726 1338 1888 1389 undique
1915 1352 2006 1390 opus
2038 1339 2148 1377 habet

1159 1397 1282 1436 oculis.
1301 1398 1381 1436 Non
1396 1398 1498 1437 vides
1522 1413 1629 1449 quam
1650 1398 1763 1436 multa
1790 1413 1878 1466 opus
1905 1400 1952 1438 sit
1979 1400 2144 1453 episcopo

1159 1457 1305 1496 adesse?
1320 1459 1369 1496 Ut
1390 1458 1552 1497 doctrina
1565 1459 1708 1511 polleat,
1725 1468 1765 1497 ut
1778 1459 1824 1497 sit
1841 1459 1989 1512 patiens,
2004 1470 2043 1498 ut
2057 1459 2189 1499 fide-3·

1156 1519 1227 1557 lem
1244 1533 1442 1557 sermonem
1455 1519 1492 1557 in
1509 1519 1673 1558 doctrina
1685 1529 1812 1559 servet.
1834 1522 1985 1569 Quantae
1995 1520 2065 1559 hoc
2077 1521 2146 1559 djf-

1158 1580 1352 1618 ficultatis?
1366 1580 1530 1618 Aliorum
1546 1580 1700 1633 peccatis
1712 1580 1786 1632 ipse
1807 1581 1984 1620 obnoxius
2001 1591 2061 1620 est.
2067 1582 2147 1620 Alia

1158 1655 1228 1679 non
1236 1655 1392 1680 memoro
1405 1657 1416 1691 3
1431 1641 1494 1680 sed
1505 1642 1535 1680 si
1546 1642 1603 1681 vel
1613 1656 1704 1680 unus
1719 1642 1866 1680 decedat
1881 1657 1951 1681 nou
1967 1643 2145 1693 initiatus,

1159 1717 1276 1741 annon
1303 1702 1340 1740 id
1358 1712 1468 1741 totam
1487 1703 1602 1756 ipsius
1621 1704 1772 1742 salutem
1805 1705 2010 1743 subvertit?
2030 1706 2147 1744 Unius

1160 1763 1254 1801 enim
1269 1763 1395 1801 animae
1406 1763 1579 1816 pernicies
1595 1773 1734 1802 tantum
1749 1774 1800 1802 est
1814 1764 1999 1815 damnum,
2011 1774 2051 1803 ut
2064 1766 2146 1803 nul-

1158 1824 1193 1863 lo
1208 1825 1319 1877 possit
1331 1825 1486 1877 exprimi
1502 1839 1673 1864 sermone.
1690 1826 1729 1864 Si
1747 1826 1842 1864 enim
1853 1828 1929 1879 ejus
1943 1828 2038 1866 salus
2055 1828 2146 1866 tanti

1160 1894 1224 1935 est,
1249 1894 1287 1922 ut
1306 1900 1371 1937 pro
1403 1886 1466 1923 illa
1494 1886 1609 1923 Filius
1629 1886 1696 1925 Dei
1723 1886 1831 1925 homo
1857 1888 1970 1926 factus
1990 1898 2022 1927 et
2049 1898 2146 1927 tanta

1159 1960 1281 1998 passus
1302 1947 1362 1997 sit,
1394 1947 1469 1998 ejus
1489 1947 1662 1998 pernicies
1694 1948 1809 1999 cogita
1829 1958 2004 1999 quantum
2023 1951 2145 1988 afferet

1159 2007 1386 2058 supplicium.
1405 2007 1446 2046 Si
1477 2007 1520 2057 is,
1556 2020 1620 2059 per
1640 2022 1745 2058 quem
1766 2009 1858 2046 alius
1881 2010 1985 2061 perit,
2005 2011 2042 2048 in
2076 2012 2144 2050 hac

1158 2069 1234 2107 vita
1253 2078 1363 2107 morte
1378 2068 1509 2119 dignus
1535 2078 1598 2117 est,
1618 2070 1733 2108 multo
1752 2071 1866 2122 magis
1884 2072 1958 2110 ille.
1978 2074 2031 2110 Ne
2051 2073 2144 2111 mihi

1158 2130 1306 2179 dixeris,
1342 2131 1508 2168 Peccavit
1538 2131 1723 2183 presbyter
1759 2142 1821 2170 aut
1840 2133 2010 2172 diaconus
2039 2150 2046 2171 :
2069 2135 2146 2174 haec

1159 2191 1278 2228 omnia
1297 2191 1333 2228 in
1345 2199 1450 2242 caput
1468 2190 1712 2229 ordinantium
1728 2193 1939 2232 referuntur.
1954 2195 2066 2233 Aliud
2078 2197 2147 2234 ite-

1157 2266 1239 2290 rum
1271 2252 1364 2290 djco.
1385 2252 1583 2304 Contingit,
1603 2261 1643 2290 ut
1669 2254 1751 2304 quis
1775 2255 2033 2294 successionem
2051 2259 2146 2296 exci-

1156 2313 1231 2365 piat
1251 2312 1497 2365 improborum
1530 2313 1719 2351 hominum
1741 2330 1750 2351 z
1775 2314 1917 2354 dubitat
1945 2317 2019 2366 ille,
2052 2319 2143 2369 quid

1155 2374 1294 2412 consilii
1313 2388 1438 2426 capere
1458 2384 1617 2427 oporteat
1644 2375 1738 2413 circa
1770 2377 1950 2428 praeterita
1986 2389 2143 2431 peccata.

1156 2435 1238 2472 Duo
1257 2435 1353 2473 enim
1385 2445 1468 2473 sunt
1495 2435 1706 2487 praecipitia‚
1734 2445 1839 2487 atque
1863 2448 2002 2490 oportet
2033 2454 2146 2493 neque

1155 2496 1259 2534 illum
1273 2496 1467 2545 dimittere,
1481 2511 1594 2547 neque
1608 2497 1697 2535 alios
1717 2497 1908 2537 offendere.
1929 2502 1986 2538 An
2005 2502 2146 2540 exscin-

1155 2556 1293 2595 dendus
1307 2566 1357 2594 est
1369 2556 1494 2608 prior?
1514 2558 1653 2597 Verum
1671 2571 1776 2596 causa
1793 2572 1863 2596 non
1880 2559 1992 2599 adest.
2011 2564 2067 2599 An
2085 2562 2145 2600 di-

1155 2617 1371 2656 mittendus?
1391 2617 1522 2666 Etiam,
1542 2617 1682 2668 inquies
1705 2634 1713 2654 :
1735 2632 1818 2656 nam
1849 2620 1924 2671 ejus
1957 2630 2007 2659 est
2039 2623 2143 2674 culpa

1154 2678 1217 2729 qui
1238 2678 1432 2716 ordinavit.
1449 2677 1548 2724 Quid
1569 2679 1680 2730 ergo?
1705 2693 1775 2716 non
1802 2690 1939 2732 oportet
1959 2682 2140 2733 ordinare,

1154 2753 1266 2790 neque
1281 2739 1329 2776 ad
1345 2739 1458 2776 alium
1476 2739 1628 2790 gradum
1648 2739 1820 2778 evehere?
1842 2741 1911 2779 Sed
1927 2742 2012 2781 hinc
2029 2744 2142 2781 omni-

1153 2799 1221 2837 hus
1235 2800 1352 2852 palam
1368 2800 1447 2848 erit,
1463 2800 1568 2837 illum
1591 2814 1663 2838 esse
1684 2801 1902 2853 improbum.
1920 2803 2045 2854 Itaque
2060 2819 2141 2842 rur—

1105 2872 1129 2903 Β
1154 2875 1213 2899 sus
1225 2861 1296 2898 alio
1312 2860 1461 2898 offendit
1479 2860 1596 2899 modo.
1618 2862 1715 2899 Num
1731 2861 1776 2899 ad
1795 2863 1965 2915 majorem
1989 2864 2140 2915 gradum

1153 2921 1417 2974 promovendus
1433 2922 1512 2960 est?
1535 2922 1612 2961 Hoc
1626 2923 1738 2961 multo
1753 2922 1907 2962 deterius
1919 2932 1981 2962 est.

1472 228 1535 258 111.

1114 918 1138 948 D

1106 2255 1134 2286 A

1207 3096 1244 3134 5.
1262 3095 1386 3145 Itaque
1401 3094 1430 3133 si
1446 3094 1525 3146 quis
1535 3094 1581 3133 ad
1591 3108 1770 3132 summum
1779 3095 2015 3135 sacerdotium
2024 3112 2138 3136 acces-

2163 1425 2193 1445 1.
2203 1416 2324 1447 Tim.3.

2163 1501 2322 1536 Tit-..17

2170 3102 2252 3130 Onus
2274 3105 2340 3140 epi-

2095 3162 2101 3168 ·
2149 3150 2282 3182 scopatus

1151 3158 1236 3197 serit
1266 3157 1365 3197 velut
1390 3157 1435 3196 ad
1467 3157 1758 3208 sollicitudinem,
1791 3172 1894 3197 nemo
1921 3159 2013 3198 illud
2034 3161 2139 3200 facile

1131 3296 1345 3338 βουλεύσασθαι
1363 3298 1426 3334 ἐπὶ,
1446 3292 1500 3325 alii
1523 3292 1590 3325 duo
1608 3300 1643 3325 ut
1659 3293 1774 3328 Morel.
1791 3293 1926 3333 hahent.
1946 3299 2047 3333 Paulo
2063 3309 2139 3343 post

1132 3344 1186 3378 alii
1203 3344 1329 3378 habent
1342 3349 1484 3390 κρημνοὶ,
1503 3348 1578 3379 ὥστε
1593 3351 1720 3390 ἀφεῖναι.

2150 3195 2207 3212 non
2242 3185 2338 3213 ambi-
