<?xml version="1.0" encoding="UTF-8"?>
<!DOCTYPE html PUBLIC "-//W3C//DTD XHTML 1.0 Transitional//EN"
    "http://www.w3.org/TR/xhtml1/DTD/xhtml1-transitional.dtd">
<html xmlns="http://www.w3.org/1999/xhtml" xml:lang="en" lang="en">
 <head>
  <title>
</title>
<meta http-equiv="Content-Type" content="text/html;charset=utf-8" />
  <meta name='ocr-system' content='tesseract 3.04.00' />
  <meta name='ocr-capabilities' content='ocr_page ocr_carea ocr_par ocr_line ocrx_word'/>
</head>
<body>
  <div class='ocr_page' id='page_1' title='image "./operaomniaquaeex09johnuoft_0627.png"; bbox 0 0 2502 3810; ppageno 0'>
   <div class='ocr_carea' id='block_1_1' title="bbox 797 268 1109 300">
    <p class='ocr_par' dir='ltr' id='par_1_1' title="bbox 797 268 1109 300">
     <span class='ocr_line' id='line_1_1' title="bbox 797 268 1109 300; baseline -0.01 -1"><span class='ocrx_word' id='word_1_1' title='bbox 797 271 838 299; x_wconf 67' lang='lat' dir='ltr'>{N</span> <span class='ocrx_word' id='word_1_2' title='bbox 875 270 1011 300; x_wconf 62' lang='lat' dir='ltr'>EPIST.</span> <span class='ocrx_word' id='word_1_3' title='bbox 1052 268 1109 297; x_wconf 70' lang='lat' dir='ltr'>AD</span> 
     </span>
    </p>
   </div>
   <div class='ocr_carea' id='block_1_2' title="bbox 142 348 1159 463">
    <p class='ocr_par' dir='ltr' id='par_1_2' title="bbox 142 348 1159 463">
     <span class='ocr_line' id='line_1_2' title="bbox 142 348 1159 401; baseline 0.022 -13"><span class='ocrx_word' id='word_1_4' title='bbox 142 350 230 388; x_wconf 76' lang='grc' dir='ltr'>οὕτω</span> <span class='ocrx_word' id='word_1_5' title='bbox 251 349 437 388; x_wconf 82' lang='grc' dir='ltr'>ποικίλλων</span> <span class='ocrx_word' id='word_1_6' title='bbox 461 349 517 387; x_wconf 76' lang='grc' dir='ltr'>τὸν</span> <span class='ocrx_word' id='word_1_7' title='bbox 531 350 629 400; x_wconf 60' lang='grc' dir='ltr'>λόγον</span> <span class='ocrx_word' id='word_1_8' title='bbox 646 348 660 368; x_wconf 64' lang='lat' dir='ltr'>b</span> <span class='ocrx_word' id='word_1_9' title='bbox 672 350 822 401; x_wconf 60' lang='grc' dir='ltr'>ἐφείδετο</span> <span class='ocrx_word' id='word_1_10' title='bbox 834 379 843 397; x_wconf 72' lang='lat' dir='ltr'>a</span> <span class='ocrx_word' id='word_1_11' title='bbox 867 350 916 399; x_wconf 68' lang='grc' dir='ltr'>μή</span> <span class='ocrx_word' id='word_1_12' title='bbox 936 365 1020 388; x_wconf 60' lang='grc' dir='ltr'>ποτε</span> <span class='ocrx_word' id='word_1_13' title='bbox 1037 350 1159 400; x_wconf 42' lang='lat'>3⁹⁶7}-</span> 
     </span>
     <span class='ocr_line' id='line_1_3' title="bbox 144 409 1158 463; baseline 0.032 -17"><span class='ocrx_word' id='word_1_14' title='bbox 144 410 290 460; x_wconf 74' lang='grc' dir='ltr'>ράνωσιν</span> <span class='ocrx_word' id='word_1_15' title='bbox 314 413 436 449; x_wconf 83' lang='grc' dir='ltr'>ἐκεῖνοι</span> <span class='ocrx_word' id='word_1_16' title='bbox 470 411 554 462; x_wconf 73' lang='grc' dir='ltr'>πρὸς</span> <span class='ocrx_word' id='word_1_17' title='bbox 582 410 625 448; x_wconf 68' lang='grc' dir='ltr'>τὰ</span> <span class='ocrx_word' id='word_1_18' title='bbox 647 410 817 461; x_wconf 59' lang='grc' dir='ltr'>λεγόμενα</span> <span class='ocrx_word' id='word_1_19' title='bbox 846 410 921 463; x_wconf 57' lang='grc' dir='ltr'>(διὸ</span> <span class='ocrx_word' id='word_1_20' title='bbox 950 409 1008 448; x_wconf 62' lang='grc' dir='ltr'>καὶ</span> <span class='ocrx_word' id='word_1_21' title='bbox 1040 410 1158 459; x_wconf 59' lang='grc' dir='ltr'>ἔλεγε’</span> 
     </span>
    </p>
   </div>
   <div class='ocr_carea' id='block_1_3' title="bbox 142 470 1205 523">
    <p class='ocr_par' dir='ltr' id='par_1_3' title="bbox 142 470 1205 523">
     <span class='ocr_line' id='line_1_4' title="bbox 142 470 1205 523; baseline -0.004 -14"><span class='ocrx_word' id='word_1_22' title='bbox 142 470 446 523; x_wconf 85' lang='grc' dir='ltr'>Τολμηρότερον</span> <span class='ocrx_word' id='word_1_23' title='bbox 428 487 463 508; x_wconf 88' lang='grc' dir='ltr'>οε</span> <span class='ocrx_word' id='word_1_24' title='bbox 494 471 628 523; x_wconf 49' lang='grc' dir='ltr'>ἔγραψα</span> <span class='ocrx_word' id='word_1_25' title='bbox 654 475 732 522; x_wconf 67' lang='grc' dir='ltr'>ὑμῖν</span> <span class='ocrx_word' id='word_1_26' title='bbox 761 471 829 510; x_wconf 80' lang='grc' dir='ltr'>ἀπο</span> <span class='ocrx_word' id='word_1_27' title='bbox 858 471 1019 523; x_wconf 80' lang='grc' dir='ltr'>μερους),</span> <span class='ocrx_word' id='word_1_28' title='bbox 1039 471 1158 508; x_wconf 62' lang='grc' dir='ltr'>πολλι)</span> <span class='ocrx_word' id='word_1_29' title='bbox 1183 476 1205 505; x_wconf 84' lang='grc' dir='ltr'><strong>Β</strong></span> 
     </span>
    </p>
   </div>
   <div class='ocr_carea' id='block_1_4' title="bbox 142 531 1160 704">
    <p class='ocr_par' dir='ltr' id='par_1_4' title="bbox 142 531 1160 704">
     <span class='ocr_line' id='line_1_5' title="bbox 142 531 1160 584; baseline -0.001 -15.999"><span class='ocrx_word' id='word_1_30' title='bbox 142 533 288 581; x_wconf 79' lang='grc' dir='ltr'>μα’λλον,</span> <span class='ocrx_word' id='word_1_31' title='bbox 310 534 339 569; x_wconf 87' lang='grc' dir='ltr'>εἰ</span> <span class='ocrx_word' id='word_1_32' title='bbox 361 531 409 582; x_wconf 67' lang='grc' dir='ltr'>μὴ</span> <span class='ocrx_word' id='word_1_33' title='bbox 429 549 529 570; x_wconf 89' lang='grc' dir='ltr'>τουτο</span> <span class='ocrx_word' id='word_1_34' title='bbox 556 532 717 579; x_wconf 80' lang='grc' dir='ltr'>ἐποίησε,</span> <span class='ocrx_word' id='word_1_35' title='bbox 746 531 955 584; x_wconf 72' lang='grc' dir='ltr'>τραχύτερος</span> <span class='ocrx_word' id='word_1_36' title='bbox 975 531 1014 568; x_wconf 77' lang='grc' dir='ltr'>ἂν</span> <span class='ocrx_word' id='word_1_37' title='bbox 1046 533 1160 572; x_wconf 73' lang='grc' dir='ltr'>αὐτοῖς</span> 
     </span>
     <span class='ocr_line' id='line_1_6' title="bbox 274 591 1158 644; baseline -0.005 -13.94"><span class='ocrx_word' id='word_1_38' title='bbox 274 592 370 630; x_wconf 68' lang='lat' dir='ltr'>&#39;Er-5</span> <span class='ocrx_word' id='word_1_39' title='bbox 348 609 375 629; x_wconf 87' lang='grc' dir='ltr'>ι</span> <span class='ocrx_word' id='word_1_40' title='bbox 403 597 459 631; x_wconf 82' lang='grc' dir='ltr'>οὐν</span> <span class='ocrx_word' id='word_1_41' title='bbox 477 592 562 636; x_wconf 85' lang='grc' dir='ltr'>εοειξ</span> <span class='ocrx_word' id='word_1_42' title='bbox 567 609 581 630; x_wconf 90' lang='grc' dir='ltr'>ε</span> <span class='ocrx_word' id='word_1_43' title='bbox 610 592 763 644; x_wconf 73' lang='grc' dir='ltr'>μεγάλην</span> <span class='ocrx_word' id='word_1_44' title='bbox 793 597 895 631; x_wconf 75' lang='grc' dir='ltr'>οὖσαν</span> <span class='ocrx_word' id='word_1_45' title='bbox 912 592 973 637; x_wconf 83' lang='grc' dir='ltr'>τὴν</span> <span class='ocrx_word' id='word_1_46' title='bbox 990 591 1091 642; x_wconf 75' lang='grc' dir='ltr'>χάριν</span> <span class='ocrx_word' id='word_1_47' title='bbox 1109 606 1158 641; x_wconf 84' lang='grc' dir='ltr'>τῳ</span> 
     </span>
     <span class='ocr_line' id='line_1_7' title="bbox 142 649 1159 704; baseline -0.005 -12.995"><span class='ocrx_word' id='word_1_48' title='bbox 142 653 277 703; x_wconf 78' lang='grc' dir='ltr'>Τ-ε,ἀλα</span> <span class='ocrx_word' id='word_1_49' title='bbox 298 653 462 691; x_wconf 71' lang='grc' dir='ltr'>ἰάσασθαι</span> <span class='ocrx_word' id='word_1_50' title='bbox 498 653 808 704; x_wconf 73' lang='grc' dir='ltr'>ἁυαρτήματα,ἐκ</span> <span class='ocrx_word' id='word_1_51' title='bbox 839 651 874 690; x_wconf 76' lang='grc' dir='ltr'>δὲ</span> <span class='ocrx_word' id='word_1_52' title='bbox 910 650 1029 689; x_wconf 78' lang='grc' dir='ltr'>τούτου</span> <span class='ocrx_word' id='word_1_53' title='bbox 1049 649 1159 688; x_wconf 77' lang='grc' dir='ltr'>ἐδόκει</span> 
     </span>
    </p>
   </div>
   <div class='ocr_carea' id='block_1_5' title="bbox 140 591 251 644">
    <p class='ocr_par' dir='ltr' id='par_1_5' title="bbox 140 591 251 644">
     <span class='ocr_line' id='line_1_8' title="bbox 140 591 251 644; baseline 0.01 -15"><span class='ocrx_word' id='word_1_54' title='bbox 140 591 251 644; x_wconf 79' lang='grc' dir='ltr'>ὤρθη.</span> 
     </span>
    </p>
   </div>
   <div class='ocr_carea' id='block_1_6' title="bbox 136 712 1159 1370">
    <p class='ocr_par' dir='ltr' id='par_1_6' title="bbox 136 712 1159 1370">
     <span class='ocr_line' id='line_1_9' title="bbox 139 712 1158 765; baseline -0.004 -13"><span class='ocrx_word' id='word_1_55' title='bbox 139 714 237 765; x_wconf 75' lang='grc' dir='ltr'>παρὰ</span> <span class='ocrx_word' id='word_1_56' title='bbox 253 720 322 757; x_wconf 88' lang='grc' dir='ltr'>τοῖς</span> <span class='ocrx_word' id='word_1_57' title='bbox 343 714 498 760; x_wconf 88' lang='grc' dir='ltr'>ἀνοητοις</span> <span class='ocrx_word' id='word_1_58' title='bbox 516 713 695 765; x_wconf 81' lang='grc' dir='ltr'>προτροπὴ</span> <span class='ocrx_word' id='word_1_59' title='bbox 714 714 753 751; x_wconf 80' lang='grc' dir='ltr'>τὸ</span> <span class='ocrx_word' id='word_1_60' title='bbox 770 715 809 751; x_wconf 89' lang='lat' dir='ltr'>J5</span> <span class='ocrx_word' id='word_1_61' title='bbox 795 713 953 765; x_wconf 62' lang='grc' dir='ltr'>..(όμενον</span> <span class='ocrx_word' id='word_1_62' title='bbox 979 714 1024 754; x_wconf 86' lang='grc' dir='ltr'>εἷς</span> <span class='ocrx_word' id='word_1_63' title='bbox 1040 712 1158 763; x_wconf 81' lang='grc' dir='ltr'>ἁμαρ-</span> 
     </span>
     <span class='ocr_line' id='line_1_10' title="bbox 140 772 1158 827; baseline -0.002 -17"><span class='ocrx_word' id='word_1_64' title='bbox 140 774 216 811; x_wconf 86' lang='grc' dir='ltr'>τίαν</span> <span class='ocrx_word' id='word_1_65' title='bbox 240 779 343 812; x_wconf 83' lang='grc' dir='ltr'>εἶναι·</span> <span class='ocrx_word' id='word_1_66' title='bbox 363 776 392 813; x_wconf 84' lang='grc' dir='ltr'>εἷ</span> <span class='ocrx_word' id='word_1_67' title='bbox 417 775 484 827; x_wconf 79' lang='grc' dir='ltr'>γὰρ</span> <span class='ocrx_word' id='word_1_68' title='bbox 501 774 557 812; x_wconf 77' lang='grc' dir='ltr'>διὰ</span> <span class='ocrx_word' id='word_1_69' title='bbox 572 789 671 812; x_wconf 83' lang='grc' dir='ltr'>τουτο</span> <span class='ocrx_word' id='word_1_70' title='bbox 699 774 824 824; x_wconf 84' lang='grc' dir='ltr'>μείζων</span> <span class='ocrx_word' id='word_1_71' title='bbox 853 774 961 824; x_wconf 69' lang='grc' dir='ltr'>ἐφάνη</span> <span class='ocrx_word' id='word_1_72' title='bbox 986 776 1008 818; x_wconf 82' lang='grc' dir='ltr'>ἧ</span> <span class='ocrx_word' id='word_1_73' title='bbox 1036 772 1158 823; x_wconf 81' lang='grc' dir='ltr'>χάρις,</span> 
     </span>
     <span class='ocr_line' id='line_1_11' title="bbox 140 834 1159 897; baseline -0.006 -23"><span class='ocrx_word' id='word_1_74' title='bbox 140 851 257 887; x_wconf 72' lang='grc' dir='ltr'>φησιν,</span> <span class='ocrx_word' id='word_1_75' title='bbox 297 836 414 883; x_wconf 73' lang='grc' dir='ltr'>ἐπειδὴ</span> <span class='ocrx_word' id='word_1_76' title='bbox 453 852 495 886; x_wconf 88' lang='grc' dir='ltr'>με</span> <span class='ocrx_word' id='word_1_77' title='bbox 497 837 588 887; x_wconf 75' lang='grc' dir='ltr'>γάλα</span> <span class='ocrx_word' id='word_1_78' title='bbox 623 835 837 887; x_wconf 82' lang='grc' dir='ltr'>ημάρτομεν,</span> <span class='ocrx_word' id='word_1_79' title='bbox 867 850 915 884; x_wconf 87' lang='grc' dir='ltr'>μη</span> <span class='ocrx_word' id='word_1_80' title='bbox 951 834 1159 897; x_wconf 50' lang='grc' dir='ltr'>ἀποστέψεν</span> 
     </span>
     <span class='ocr_line' id='line_1_12' title="bbox 141 893 1157 949; baseline -0.004 -14"><span class='ocrx_word' id='word_1_81' title='bbox 141 897 412 949; x_wconf 77' lang='grc' dir='ltr'>ἁμαρτάνοντες,</span> <span class='ocrx_word' id='word_1_82' title='bbox 437 896 491 934; x_wconf 75' lang='grc' dir='ltr'>ἵνα</span> <span class='ocrx_word' id='word_1_83' title='bbox 509 897 636 934; x_wconf 84' lang='grc' dir='ltr'>πλείων</span> <span class='ocrx_word' id='word_1_84' title='bbox 655 899 677 941; x_wconf 84' lang='grc' dir='ltr'>ἡ</span> <span class='ocrx_word' id='word_1_85' title='bbox 694 897 796 947; x_wconf 70' lang='grc' dir='ltr'>χάρις</span> <span class='ocrx_word' id='word_1_86' title='bbox 815 896 934 946; x_wconf 74' lang='grc' dir='ltr'>δειχθῇ</span> <span class='ocrx_word' id='word_1_87' title='bbox 949 910 956 917; x_wconf 93' lang='grc'>·</span> <span class='ocrx_word' id='word_1_88' title='bbox 976 894 1019 931; x_wconf 76' lang='grc' dir='ltr'>ἵν’</span> <span class='ocrx_word' id='word_1_89' title='bbox 1036 899 1092 932; x_wconf 80' lang='grc' dir='ltr'>οὖν</span> <span class='ocrx_word' id='word_1_90' title='bbox 1109 893 1157 943; x_wconf 81' lang='grc' dir='ltr'>μὴ</span> 
     </span>
     <span class='ocr_line' id='line_1_13' title="bbox 140 953 1158 1008; baseline -0.004 -14"><span class='ocrx_word' id='word_1_91' title='bbox 140 960 250 994; x_wconf 74' lang='grc' dir='ltr'>ταῦτα</span> <span class='ocrx_word' id='word_1_92' title='bbox 269 957 415 1008; x_wconf 78' lang='grc' dir='ltr'>λέγωσιν</span> <span class='ocrx_word' id='word_1_93' title='bbox 440 958 461 1003; x_wconf 83' lang='grc' dir='ltr'>ἢ</span> <span class='ocrx_word' id='word_1_94' title='bbox 481 959 684 1001; x_wconf 78' lang='grc' dir='ltr'>ὑπονοῶσιν,</span> <span class='ocrx_word' id='word_1_95' title='bbox 700 955 763 1007; x_wconf 79' lang='grc' dir='ltr'>ὅροι</span> <span class='ocrx_word' id='word_1_96' title='bbox 787 957 860 996; x_wconf 76' lang='grc' dir='ltr'>πῶς</span> <span class='ocrx_word' id='word_1_97' title='bbox 890 953 1077 1006; x_wconf 77' lang='grc' dir='ltr'>ἀνατρέπει</span> <span class='ocrx_word' id='word_1_98' title='bbox 1096 953 1158 999; x_wconf 75' lang='grc' dir='ltr'>τὴν</span> 
     </span>
     <span class='ocr_line' id='line_1_14' title="bbox 141 1013 1156 1067; baseline -0.005 -13"><span class='ocrx_word' id='word_1_99' title='bbox 141 1017 323 1062; x_wconf 81' lang='grc' dir='ltr'>ἀντίθεσιν,</span> <span class='ocrx_word' id='word_1_100' title='bbox 357 1018 492 1067; x_wconf 80' lang='grc' dir='ltr'>πρῶτον</span> <span class='ocrx_word' id='word_1_101' title='bbox 515 1014 576 1065; x_wconf 83' lang='grc' dir='ltr'>μὲν</span> <span class='ocrx_word' id='word_1_102' title='bbox 596 1018 637 1065; x_wconf 70' lang='grc' dir='ltr'>τῇ</span> <span class='ocrx_word' id='word_1_103' title='bbox 666 1013 915 1066; x_wconf 78' lang='grc' dir='ltr'>ἀπαγορεύσει,</span> <span class='ocrx_word' id='word_1_104' title='bbox 939 1013 1064 1064; x_wconf 79' lang='grc' dir='ltr'>λέγων,</span> <span class='ocrx_word' id='word_1_105' title='bbox 1095 1013 1156 1060; x_wconf 83' lang='grc' dir='ltr'>Μὴ</span> 
     </span>
     <span class='ocr_line' id='line_1_15' title="bbox 138 1072 1159 1127; baseline -0.002 -13"><span class='ocrx_word' id='word_1_106' title='bbox 138 1076 286 1127; x_wconf 77' lang='grc' dir='ltr'>γένοιτο·</span> <span class='ocrx_word' id='word_1_107' title='bbox 304 1075 389 1125; x_wconf 72' lang='grc' dir='ltr'>ὅπερ</span> <span class='ocrx_word' id='word_1_108' title='bbox 408 1075 467 1113; x_wconf 81' lang='grc' dir='ltr'>ἐπὶ</span> <span class='ocrx_word' id='word_1_109' title='bbox 493 1078 560 1112; x_wconf 80' lang='grc' dir='ltr'>τῶν</span> <span class='ocrx_word' id='word_1_110' title='bbox 584 1074 716 1126; x_wconf 66' lang='grc' dir='ltr'>σφόδρα</span> <span class='ocrx_word' id='word_1_111' title='bbox 739 1072 1042 1125; x_wconf 55' lang='grc' dir='ltr'>Εὼμολογτμένων</span> <span class='ocrx_word' id='word_1_112' title='bbox 1077 1073 1159 1112; x_wconf 80' lang='grc' dir='ltr'>ἀτό-</span> 
     </span>
     <span class='ocr_line' id='line_1_16' title="bbox 137 1133 1159 1186; baseline -0.002 -13"><span class='ocrx_word' id='word_1_113' title='bbox 137 1151 212 1173; x_wconf 87' lang='grc' dir='ltr'>πων</span> <span class='ocrx_word' id='word_1_114' title='bbox 227 1141 335 1173; x_wconf 88' lang='grc' dir='ltr'>ποιεῖν</span> <span class='ocrx_word' id='word_1_115' title='bbox 357 1135 490 1172; x_wconf 80' lang='grc' dir='ltr'>εἴωθεν·</span> <span class='ocrx_word' id='word_1_116' title='bbox 512 1133 633 1172; x_wconf 80' lang='grc' dir='ltr'>ἔπειτα</span> <span class='ocrx_word' id='word_1_117' title='bbox 652 1135 710 1172; x_wconf 82' lang='grc' dir='ltr'>καὶ</span> <span class='ocrx_word' id='word_1_118' title='bbox 726 1134 891 1186; x_wconf 83' lang='grc' dir='ltr'>λογισμὸν</span> <span class='ocrx_word' id='word_1_119' title='bbox 910 1134 1044 1181; x_wconf 85' lang='grc' dir='ltr'>τίθησιν</span> <span class='ocrx_word' id='word_1_120' title='bbox 1058 1136 1159 1171; x_wconf 81' lang='grc' dir='ltr'>ἀναν-</span> 
     </span>
     <span class='ocr_line' id='line_1_17' title="bbox 136 1194 1157 1247; baseline -0.001 -15"><span class='ocrx_word' id='word_1_121' title='bbox 136 1195 310 1247; x_wconf 74' lang='grc' dir='ltr'>τίρρητον.</span> <span class='ocrx_word' id='word_1_122' title='bbox 334 1197 440 1233; x_wconf 87' lang='grc' dir='ltr'>Ποῖον</span> <span class='ocrx_word' id='word_1_123' title='bbox 458 1194 498 1241; x_wconf 76' lang='grc' dir='ltr'>δὴ</span> <span class='ocrx_word' id='word_1_124' title='bbox 517 1194 799 1241; x_wconf 67' lang='grc' dir='ltr'>τοῖτον;Οἰ’τι“Γες</span> <span class='ocrx_word' id='word_1_125' title='bbox 816 1194 1043 1245; x_wconf 73' lang='grc' dir='ltr'>ἀπεθάνομεν,</span> <span class='ocrx_word' id='word_1_126' title='bbox 1060 1195 1157 1246; x_wconf 76' lang='grc' dir='ltr'>φησί,</span> 
     </span>
     <span class='ocr_line' id='line_1_18' title="bbox 136 1256 1157 1309; baseline 0 -14"><span class='ocrx_word' id='word_1_127' title='bbox 136 1260 178 1308; x_wconf 79' lang='grc' dir='ltr'>τῇ</span> <span class='ocrx_word' id='word_1_128' title='bbox 205 1256 380 1309; x_wconf 73' lang='grc' dir='ltr'>ἁμαρτίᾳ,</span> <span class='ocrx_word' id='word_1_129' title='bbox 417 1260 490 1300; x_wconf 73' lang='grc' dir='ltr'>πῶς</span> <span class='ocrx_word' id='word_1_130' title='bbox 524 1257 575 1295; x_wconf 82' lang='grc' dir='ltr'>ἔτι</span> <span class='ocrx_word' id='word_1_131' title='bbox 608 1257 755 1306; x_wconf 71' lang='grc' dir='ltr'>ζήσομεν</span> <span class='ocrx_word' id='word_1_132' title='bbox 772 1260 806 1296; x_wconf 82' lang='grc' dir='ltr'>ἐν</span> <span class='ocrx_word' id='word_1_133' title='bbox 840 1259 948 1309; x_wconf 68' lang='grc' dir='ltr'>αὐτῇς</span> <span class='ocrx_word' id='word_1_134' title='bbox 975 1257 1022 1295; x_wconf 90' lang='grc' dir='ltr'>Τί</span> <span class='ocrx_word' id='word_1_135' title='bbox 1052 1259 1157 1305; x_wconf 77' lang='grc' dir='ltr'>ἐστιν,</span> 
     </span>
     <span class='ocr_line' id='line_1_19' title="bbox 136 1317 1157 1370; baseline -0.001 -12.996"><span class='ocrx_word' id='word_1_136' title='bbox 136 1318 383 1370; x_wconf 70' lang='grc' dir='ltr'>Ἀπεθανομεν,</span> <span class='ocrx_word' id='word_1_137' title='bbox 413 1317 504 1357; x_wconf 78' lang='lat' dir='ltr'>H‘&#39;</span> <span class='ocrx_word' id='word_1_138' title='bbox 484 1335 560 1366; x_wconf 82' lang='grc' dir='ltr'>οτι,</span> <span class='ocrx_word' id='word_1_139' title='bbox 575 1335 614 1356; x_wconf 89' lang='grc' dir='ltr'>το</span> <span class='ocrx_word' id='word_1_140' title='bbox 628 1318 786 1368; x_wconf 79' lang='grc' dir='ltr'>ἐκείνης</span> <span class='ocrx_word' id='word_1_141' title='bbox 781 1335 821 1356; x_wconf 82' lang='grc' dir='ltr'>υ.ε</span> <span class='ocrx_word' id='word_1_142' title='bbox 808 1318 881 1370; x_wconf 69' lang='grc' dir='ltr'>ἔρος</span> <span class='ocrx_word' id='word_1_143' title='bbox 897 1319 955 1357; x_wconf 82' lang='grc' dir='ltr'>καὶ</span> <span class='ocrx_word' id='word_1_144' title='bbox 975 1319 1016 1356; x_wconf 82' lang='grc' dir='ltr'>τὸ</span> <span class='ocrx_word' id='word_1_145' title='bbox 1037 1321 1083 1363; x_wconf 86' lang='grc' dir='ltr'>εἷς</span> <span class='ocrx_word' id='word_1_146' title='bbox 1102 1321 1157 1357; x_wconf 79' lang='grc' dir='ltr'>αὖ·</span> 
     </span>
    </p>
   </div>
   <div class='ocr_carea' id='block_1_7' title="bbox 534 1349 623 1393">
    <p class='ocr_par' dir='ltr' id='par_1_7' title="bbox 534 1349 623 1393">
     <span class='ocr_line' id='line_1_20' title="bbox 534 1349 623 1393; baseline 0 -2"><span class='ocrx_word' id='word_1_147' title='bbox 534 1349 623 1393; x_wconf 42' lang='lat' dir='ltr'>‚ire</span> 
     </span>
    </p>
   </div>
   <div class='ocr_carea' id='block_1_8' title="bbox 135 1379 1156 1431">
    <p class='ocr_par' dir='ltr' id='par_1_8' title="bbox 135 1379 1156 1431">
     <span class='ocr_line' id='line_1_21' title="bbox 135 1379 1156 1431; baseline 0 -14"><span class='ocrx_word' id='word_1_148' title='bbox 135 1379 197 1427; x_wconf 79' lang='grc' dir='ltr'>την</span> <span class='ocrx_word' id='word_1_149' title='bbox 211 1384 308 1428; x_wconf 75' lang='grc' dir='ltr'>ἧκον,</span> <span class='ocrx_word' id='word_1_150' title='bbox 325 1379 497 1431; x_wconf 72' lang='grc' dir='ltr'>ἀπόφασιν</span> <span class='ocrx_word' id='word_1_151' title='bbox 529 1381 716 1428; x_wconf 81' lang='grc' dir='ltr'>ἐοεςαμεθα</span> <span class='ocrx_word' id='word_1_152' title='bbox 743 1394 892 1428; x_wconf 65' lang='grc' dir='ltr'>παντες,</span> <span class='ocrx_word' id='word_1_153' title='bbox 914 1379 936 1425; x_wconf 82' lang='grc' dir='ltr'>ἢ</span> <span class='ocrx_word' id='word_1_154' title='bbox 967 1379 1006 1417; x_wconf 76' lang='grc' dir='ltr'>ὅτ</span> <span class='ocrx_word' id='word_1_155' title='bbox 994 1381 1156 1431; x_wconf 77' lang='grc' dir='ltr'>ινεκροὶ</span> 
     </span>
    </p>
   </div>
   <div class='ocr_carea' id='block_1_9' title="bbox 135 1439 1176 1491">
    <p class='ocr_par' dir='ltr' id='par_1_9' title="bbox 135 1439 1176 1491">
     <span class='ocr_line' id='line_1_22' title="bbox 135 1439 1176 1491; baseline 0.003 -15"><span class='ocrx_word' id='word_1_156' title='bbox 135 1457 173 1491; x_wconf 80' lang='grc' dir='ltr'>γε</span> <span class='ocrx_word' id='word_1_157' title='bbox 159 1439 324 1491; x_wconf 77' lang='grc' dir='ltr'>..γόναμεν</span> <span class='ocrx_word' id='word_1_158' title='bbox 356 1442 464 1491; x_wconf 77' lang='grc' dir='ltr'>αυτῆ,</span> <span class='ocrx_word' id='word_1_159' title='bbox 496 1439 739 1482; x_wconf 78' lang='grc' dir='ltr'>πιστεύσαΓτες</span> <span class='ocrx_word' id='word_1_160' title='bbox 766 1440 825 1478; x_wconf 77' lang='grc' dir='ltr'>καὶ</span> <span class='ocrx_word' id='word_1_161' title='bbox 859 1440 1105 1491; x_wconf 65' lang='grc' dir='ltr'>φωτισθέντες,</span> <span class='ocrx_word' id='word_1_162' title='bbox 1137 1441 1176 1480; x_wconf 75' lang='grc' dir='ltr'>ὃ.</span> 
     </span>
    </p>
   </div>
   <div class='ocr_carea' id='block_1_10' title="bbox 126 1500 1155 3009">
    <p class='ocr_par' dir='ltr' id='par_1_10' title="bbox 126 1500 1155 3009">
     <span class='ocr_line' id='line_1_23' title="bbox 135 1500 1154 1552; baseline 0.001 -13"><span class='ocrx_word' id='word_1_163' title='bbox 135 1501 195 1539; x_wconf 78' lang='grc' dir='ltr'>καὶ</span> <span class='ocrx_word' id='word_1_164' title='bbox 225 1501 355 1551; x_wconf 77' lang='grc' dir='ltr'>μᾶλλόν</span> <span class='ocrx_word' id='word_1_165' title='bbox 378 1503 469 1538; x_wconf 76' lang='grc' dir='ltr'>ἐστιν</span> <span class='ocrx_word' id='word_1_166' title='bbox 489 1503 595 1538; x_wconf 84' lang='grc' dir='ltr'>εἰπεῖν</span> <span class='ocrx_word' id='word_1_167' title='bbox 609 1516 617 1523; x_wconf 93' lang='grc'><em>·</em></span> <span class='ocrx_word' id='word_1_168' title='bbox 651 1505 751 1539; x_wconf 72' lang='grc' dir='ltr'>τοῦτο</span> <span class='ocrx_word' id='word_1_169' title='bbox 769 1500 836 1552; x_wconf 80' lang='grc' dir='ltr'>γὰρ</span> <span class='ocrx_word' id='word_1_170' title='bbox 854 1501 913 1538; x_wconf 83' lang='grc' dir='ltr'>καὶ</span> <span class='ocrx_word' id='word_1_171' title='bbox 931 1502 970 1539; x_wconf 83' lang='grc' dir='ltr'>τὸ</span> <span class='ocrx_word' id='word_1_172' title='bbox 992 1500 1067 1548; x_wconf 73' lang='grc' dir='ltr'>ἑξῆς</span> <span class='ocrx_word' id='word_1_173' title='bbox 1084 1502 1154 1540; x_wconf 83' lang='grc' dir='ltr'>κεί-</span> 
     </span>
     <span class='ocr_line' id='line_1_24' title="bbox 137 1560 1155 1612; baseline 0.002 -14"><span class='ocrx_word' id='word_1_174' title='bbox 137 1576 237 1609; x_wconf 85' lang='grc' dir='ltr'>μενον</span> <span class='ocrx_word' id='word_1_175' title='bbox 257 1560 428 1612; x_wconf 69' lang='grc' dir='ltr'>ἐμφαίνει.</span> <span class='ocrx_word' id='word_1_176' title='bbox 447 1560 494 1598; x_wconf 90' lang='grc' dir='ltr'>Τί</span> <span class='ocrx_word' id='word_1_177' title='bbox 511 1561 547 1598; x_wconf 77' lang='grc' dir='ltr'>δέ</span> <span class='ocrx_word' id='word_1_178' title='bbox 560 1561 665 1608; x_wconf 73' lang='grc' dir='ltr'>ἐστιν,</span> <span class='ocrx_word' id='word_1_179' title='bbox 683 1560 823 1612; x_wconf 68' lang='grc' dir='ltr'>νεκροὺς</span> <span class='ocrx_word' id='word_1_180' title='bbox 848 1563 934 1612; x_wconf 67' lang='grc' dir='ltr'>αὐτῇ</span> <span class='ocrx_word' id='word_1_181' title='bbox 960 1562 1155 1612; x_wconf 72' lang='grc' dir='ltr'>γεγονέναι,</span> 
     </span>
     <span class='ocr_line' id='line_1_25' title="bbox 137 1620 1155 1674; baseline 0.001 -15"><span class='ocrx_word' id='word_1_182' title='bbox 137 1622 189 1659; x_wconf 85' lang='grc' dir='ltr'>Τὸ</span> <span class='ocrx_word' id='word_1_183' title='bbox 204 1622 288 1673; x_wconf 82' lang='grc' dir='ltr'>πρὸς</span> <span class='ocrx_word' id='word_1_184' title='bbox 310 1621 416 1671; x_wconf 72' lang='grc' dir='ltr'>μηδὲν</span> <span class='ocrx_word' id='word_1_185' title='bbox 439 1620 623 1659; x_wconf 73' lang='grc' dir='ltr'>ὑπακούειν</span> <span class='ocrx_word' id='word_1_186' title='bbox 645 1623 731 1671; x_wconf 74' lang='grc' dir='ltr'>αὐτῇ</span> <span class='ocrx_word' id='word_1_187' title='bbox 754 1621 887 1659; x_wconf 84' lang='grc' dir='ltr'>λοιπόν.</span> <span class='ocrx_word' id='word_1_188' title='bbox 907 1623 1020 1660; x_wconf 78' lang='grc' dir='ltr'>Τοῦτο</span> <span class='ocrx_word' id='word_1_189' title='bbox 1035 1622 1102 1674; x_wconf 83' lang='grc' dir='ltr'>γὰρ</span> <span class='ocrx_word' id='word_1_190' title='bbox 1116 1623 1155 1660; x_wconf 78' lang='grc' dir='ltr'>τὸ</span> 
     </span>
     <span class='ocr_line' id='line_1_26' title="bbox 138 1681 1153 1734; baseline 0.001 -15"><span class='ocrx_word' id='word_1_191' title='bbox 138 1682 199 1732; x_wconf 81' lang='grc' dir='ltr'>μὲν</span> <span class='ocrx_word' id='word_1_192' title='bbox 221 1683 439 1732; x_wconf 79' lang='grc' dir='ltr'>βάπτισμα</span> <span class='ocrx_word' id='word_1_193' title='bbox 424 1681 583 1728; x_wconf 85' lang='grc' dir='ltr'>εποίησεν</span> <span class='ocrx_word' id='word_1_194' title='bbox 601 1681 710 1729; x_wconf 83' lang='grc' dir='ltr'>ἅπαξ,</span> <span class='ocrx_word' id='word_1_195' title='bbox 731 1682 918 1733; x_wconf 81' lang='grc' dir='ltr'>ἐνέκρωσεν</span> <span class='ocrx_word' id='word_1_196' title='bbox 937 1699 1030 1733; x_wconf 69' lang='grc' dir='ltr'>ημας</span> <span class='ocrx_word' id='word_1_197' title='bbox 1048 1685 1153 1734; x_wconf 73' lang='grc' dir='ltr'>αυτ-ᾔ·</span> 
     </span>
     <span class='ocr_line' id='line_1_27' title="bbox 137 1742 1155 1797; baseline 0.003 -18"><span class='ocrx_word' id='word_1_198' title='bbox 137 1744 187 1780; x_wconf 82' lang='grc' dir='ltr'>δεῖ</span> <span class='ocrx_word' id='word_1_199' title='bbox 207 1742 242 1780; x_wconf 81' lang='grc' dir='ltr'>δε</span> <span class='ocrx_word' id='word_1_200' title='bbox 266 1744 384 1781; x_wconf 80' lang='grc' dir='ltr'>λοιπὸν</span> <span class='ocrx_word' id='word_1_201' title='bbox 406 1742 502 1794; x_wconf 79' lang='grc' dir='ltr'>παρὰ</span> <span class='ocrx_word' id='word_1_202' title='bbox 526 1759 587 1789; x_wconf 87' lang='grc' dir='ltr'>της</span> <span class='ocrx_word' id='word_1_203' title='bbox 605 1742 778 1794; x_wconf 78' lang='grc' dir='ltr'>·Γ,ιΓ.ετέρας</span> <span class='ocrx_word' id='word_1_204' title='bbox 799 1744 950 1790; x_wconf 80' lang='grc' dir='ltr'>σπουδης</span> <span class='ocrx_word' id='word_1_205' title='bbox 971 1747 1155 1797; x_wconf 86' lang='grc' dir='ltr'>κατορθου-</span> 
     </span>
     <span class='ocr_line' id='line_1_28' title="bbox 136 1803 1153 1856; baseline 0.003 -16"><span class='ocrx_word' id='word_1_206' title='bbox 136 1805 214 1840; x_wconf 75' lang='grc' dir='ltr'>σθαι</span> <span class='ocrx_word' id='word_1_207' title='bbox 231 1803 312 1841; x_wconf 76' lang='grc' dir='ltr'>αὐτο</span> <span class='ocrx_word' id='word_1_208' title='bbox 334 1804 499 1850; x_wconf 72' lang='grc' dir='ltr'>διηνεκῶς</span> <span class='ocrx_word' id='word_1_209' title='bbox 511 1832 520 1850; x_wconf 89' lang='grc'><em>,</em></span> <span class='ocrx_word' id='word_1_210' title='bbox 548 1803 655 1851; x_wconf 82' lang='grc' dir='ltr'>ὥστε,</span> <span class='ocrx_word' id='word_1_211' title='bbox 671 1819 734 1841; x_wconf 78' lang='grc' dir='ltr'>καν</span> <span class='ocrx_word' id='word_1_212' title='bbox 752 1803 859 1856; x_wconf 84' lang='grc' dir='ltr'>μυρία</span> <span class='ocrx_word' id='word_1_213' title='bbox 877 1805 1042 1856; x_wconf 76' lang='grc' dir='ltr'>ἐπιτάττῃ</span> <span class='ocrx_word' id='word_1_214' title='bbox 1054 1833 1063 1850; x_wconf 89' lang='grc'><em>,</em></span> <span class='ocrx_word' id='word_1_215' title='bbox 1080 1820 1153 1854; x_wconf 83' lang='grc' dir='ltr'>μη-</span> 
     </span>
     <span class='ocr_line' id='line_1_29' title="bbox 134 1863 1153 1917; baseline 0.002 -16"><span class='ocrx_word' id='word_1_216' title='bbox 134 1863 208 1901; x_wconf 76' lang='grc' dir='ltr'>κέτι</span> <span class='ocrx_word' id='word_1_217' title='bbox 231 1864 429 1910; x_wconf 71' lang='grc' dir='ltr'>ὑπακούειν,</span> <span class='ocrx_word' id='word_1_218' title='bbox 447 1865 537 1902; x_wconf 78' lang='grc' dir='ltr'>ἀλλὰ</span> <span class='ocrx_word' id='word_1_219' title='bbox 559 1863 674 1914; x_wconf 82' lang='grc' dir='ltr'>μένειν</span> <span class='ocrx_word' id='word_1_220' title='bbox 696 1864 856 1912; x_wconf 85' lang='grc' dir='ltr'>ἀκίνητον</span> <span class='ocrx_word' id='word_1_221' title='bbox 873 1864 991 1917; x_wconf 78' lang='grc' dir='ltr'>ὥσπερ</span> <span class='ocrx_word' id='word_1_222' title='bbox 1021 1865 1078 1903; x_wconf 84' lang='grc' dir='ltr'>τὸν</span> <span class='ocrx_word' id='word_1_223' title='bbox 1103 1882 1153 1903; x_wconf 82' lang='grc' dir='ltr'>νε-</span> 
     </span>
     <span class='ocr_line' id='line_1_30' title="bbox 133 1923 1153 1977; baseline 0.003 -16"><span class='ocrx_word' id='word_1_224' title='bbox 133 1923 228 1975; x_wconf 82' lang='grc' dir='ltr'>κρόν,</span> <span class='ocrx_word' id='word_1_225' title='bbox 249 1924 373 1962; x_wconf 88' lang='grc' dir='ltr'>Καίτοι</span> <span class='ocrx_word' id='word_1_226' title='bbox 401 1941 440 1975; x_wconf 88' lang='grc' dir='ltr'>γε</span> <span class='ocrx_word' id='word_1_227' title='bbox 464 1926 617 1976; x_wconf 72' lang='grc' dir='ltr'>ἀλλαχοῦ</span> <span class='ocrx_word' id='word_1_228' title='bbox 639 1940 754 1976; x_wconf 72' lang='grc' dir='ltr'>φησιν,</span> <span class='ocrx_word' id='word_1_229' title='bbox 771 1925 823 1964; x_wconf 76' lang='grc' dir='ltr'>ὅτι</span> <span class='ocrx_word' id='word_1_230' title='bbox 842 1925 928 1973; x_wconf 80' lang='grc' dir='ltr'>αὐτὴ</span> <span class='ocrx_word' id='word_1_231' title='bbox 950 1930 970 1973; x_wconf 84' lang='grc' dir='ltr'>ἡ</span> <span class='ocrx_word' id='word_1_232' title='bbox 998 1926 1153 1977; x_wconf 82' lang='grc' dir='ltr'>ἁμαρτία</span> 
     </span>
     <span class='ocr_line' id='line_1_31' title="bbox 133 1984 1152 2036; baseline 0.003 -15"><span class='ocrx_word' id='word_1_233' title='bbox 133 1984 319 2022; x_wconf 81' lang='grc' dir='ltr'>ἀπέθανεν·</span> <span class='ocrx_word' id='word_1_234' title='bbox 352 1986 429 2023; x_wconf 87' lang='grc' dir='ltr'>ἀλλ’</span> <span class='ocrx_word' id='word_1_235' title='bbox 449 1986 520 2022; x_wconf 74' lang='grc' dir='ltr'>ἐκεῖ</span> <span class='ocrx_word' id='word_1_236' title='bbox 548 1984 610 2035; x_wconf 76' lang='grc' dir='ltr'>μὲν</span> <span class='ocrx_word' id='word_1_237' title='bbox 640 1984 779 2024; x_wconf 83' lang='grc' dir='ltr'>εὔκολον</span> <span class='ocrx_word' id='word_1_238' title='bbox 802 1986 1010 2036; x_wconf 83' lang='grc' dir='ltr'>βουλόμενος</span> <span class='ocrx_word' id='word_1_239' title='bbox 1046 1987 1152 2031; x_wconf 79' lang='grc' dir='ltr'>δεῖξαι</span> 
     </span>
     <span class='ocr_line' id='line_1_32' title="bbox 131 2044 1152 2098; baseline 0.001 -16"><span class='ocrx_word' id='word_1_240' title='bbox 131 2044 193 2091; x_wconf 74' lang='grc' dir='ltr'>τὴν</span> <span class='ocrx_word' id='word_1_241' title='bbox 210 2045 348 2098; x_wconf 81' lang='grc' dir='ltr'>ἀρετὴν,</span> <span class='ocrx_word' id='word_1_242' title='bbox 363 2050 463 2083; x_wconf 74' lang='grc' dir='ltr'>τοῦτο</span> <span class='ocrx_word' id='word_1_243' title='bbox 477 2045 629 2090; x_wconf 81' lang='grc' dir='ltr'>τίθησιν·</span> <span class='ocrx_word' id='word_1_244' title='bbox 647 2047 792 2083; x_wconf 74' lang='grc' dir='ltr'>ἐνταῦθα</span> <span class='ocrx_word' id='word_1_245' title='bbox 808 2046 863 2094; x_wconf 78' lang='grc' dir='ltr'><em>δὲ,</em></span> <span class='ocrx_word' id='word_1_246' title='bbox 886 2046 1003 2093; x_wconf 72' lang='grc' dir='ltr'>ἐπειδὴ</span> <span class='ocrx_word' id='word_1_247' title='bbox 1025 2048 1152 2097; x_wconf 80' lang='grc' dir='ltr'>διεγεῖ-</span> 
     </span>
     <span class='ocr_line' id='line_1_33' title="bbox 132 2104 1151 2159; baseline 0.002 -17"><span class='ocrx_word' id='word_1_248' title='bbox 132 2119 189 2155; x_wconf 86' lang='grc' dir='ltr'>ραι</span> <span class='ocrx_word' id='word_1_249' title='bbox 217 2105 357 2143; x_wconf 70' lang='grc' dir='ltr'>σπεύδει</span> <span class='ocrx_word' id='word_1_250' title='bbox 390 2105 447 2143; x_wconf 79' lang='grc' dir='ltr'>τὸν</span> <span class='ocrx_word' id='word_1_251' title='bbox 478 2104 664 2156; x_wconf 75' lang='grc' dir='ltr'>ἀκροατὴν,</span> <span class='ocrx_word' id='word_1_252' title='bbox 685 2106 739 2142; x_wconf 78' lang='grc' dir='ltr'>ἐπ’</span> <span class='ocrx_word' id='word_1_253' title='bbox 759 2106 859 2144; x_wconf 75' lang='grc' dir='ltr'>αὐτὸν</span> <span class='ocrx_word' id='word_1_254' title='bbox 881 2106 1066 2159; x_wconf 66' lang='grc' dir='ltr'>μεταφέρει</span> <span class='ocrx_word' id='word_1_255' title='bbox 1094 2108 1151 2146; x_wconf 81' lang='grc' dir='ltr'>τὸν</span> 
     </span>
     <span class='ocr_line' id='line_1_34' title="bbox 130 2159 1152 2220; baseline 0.003 -18"><span class='ocrx_word' id='word_1_256' title='bbox 130 2164 286 2204; x_wconf 79' lang='grc' dir='ltr'>θάνατον.</span> <span class='ocrx_word' id='word_1_257' title='bbox 309 2159 416 2213; x_wconf 64' lang='grc' dir='ltr'>Εἶτα,</span> <span class='ocrx_word' id='word_1_258' title='bbox 438 2165 556 2211; x_wconf 78' lang='grc' dir='ltr'>ἐπειδὴ</span> <span class='ocrx_word' id='word_1_259' title='bbox 588 2165 718 2218; x_wconf 67' lang='grc' dir='ltr'>ἀσαφὲς</span> <span class='ocrx_word' id='word_1_260' title='bbox 746 2161 787 2213; x_wconf 64' lang='grc' dir='ltr'>ἦν</span> <span class='ocrx_word' id='word_1_261' title='bbox 806 2166 845 2204; x_wconf 81' lang='grc' dir='ltr'>τὸ</span> <span class='ocrx_word' id='word_1_262' title='bbox 873 2169 1067 2219; x_wconf 69' lang='grc' dir='ltr'>εἰρημένον,</span> <span class='ocrx_word' id='word_1_263' title='bbox 1096 2170 1152 2220; x_wconf 78' lang='grc' dir='ltr'>ἑρ-</span> 
     </span>
     <span class='ocr_line' id='line_1_35' title="bbox 131 2225 1152 2281; baseline 0.005 -20"><span class='ocrx_word' id='word_1_264' title='bbox 131 2225 270 2275; x_wconf 80' lang='grc' dir='ltr'>μηνεύει</span> <span class='ocrx_word' id='word_1_265' title='bbox 293 2226 397 2264; x_wconf 80' lang='grc' dir='ltr'>πάλιν</span> <span class='ocrx_word' id='word_1_266' title='bbox 422 2226 506 2264; x_wconf 81' lang='grc' dir='ltr'>αὐτὸ</span> <span class='ocrx_word' id='word_1_267' title='bbox 535 2225 594 2263; x_wconf 77' lang='grc' dir='ltr'>καὶ</span> <span class='ocrx_word' id='word_1_268' title='bbox 617 2228 877 2273; x_wconf 80' lang='grc' dir='ltr'>ἐπιπληκτικῶς</span> <span class='ocrx_word' id='word_1_269' title='bbox 891 2231 940 2280; x_wconf 82' lang='grc' dir='ltr'>τῷ</span> <span class='ocrx_word' id='word_1_270' title='bbox 951 2228 1043 2280; x_wconf 83' lang='grc' dir='ltr'>λόγῳ</span> <span class='ocrx_word' id='word_1_271' title='bbox 1059 2228 1152 2281; x_wconf 69' lang='grc' dir='ltr'>χρώ-</span> 
     </span>
     <span class='ocr_line' id='line_1_36' title="bbox 131 2285 1152 2340; baseline 0.003 -16"><span class='ocrx_word' id='word_1_272' title='bbox 131 2302 242 2337; x_wconf 91' lang='grc' dir='ltr'>μενος.</span> <span class='ocrx_word' id='word_1_273' title='bbox 268 2285 318 2325; x_wconf 70' lang='grc' dir='ltr'>’Ἡ</span> <span class='ocrx_word' id='word_1_274' title='bbox 341 2288 493 2338; x_wconf 77' lang='grc' dir='ltr'>ἀγνοεῖτε</span> <span class='ocrx_word' id='word_1_275' title='bbox 518 2286 607 2340; x_wconf 77' lang='grc' dir='ltr'>γὰρ,</span> <span class='ocrx_word' id='word_1_276' title='bbox 633 2287 749 2339; x_wconf 76' lang='grc' dir='ltr'>φησὶν,</span> <span class='ocrx_word' id='word_1_277' title='bbox 770 2289 927 2339; x_wconf 72' lang='grc' dir='ltr'>ἀδελφοὶ,</span> <span class='ocrx_word' id='word_1_278' title='bbox 943 2288 996 2327; x_wconf 80' lang='grc' dir='ltr'>ὅτι</span> <span class='ocrx_word' id='word_1_279' title='bbox 1012 2288 1084 2327; x_wconf 78' lang='grc' dir='ltr'>ὅσοι</span> <span class='ocrx_word' id='word_1_280' title='bbox 1105 2291 1152 2332; x_wconf 86' lang='grc' dir='ltr'>εἷς</span> 
     </span>
     <span class='ocr_line' id='line_1_37' title="bbox 128 2346 1150 2399; baseline 0 -13"><span class='ocrx_word' id='word_1_281' title='bbox 128 2348 280 2399; x_wconf 77' lang='grc' dir='ltr'>Χριστὸν</span> <span class='ocrx_word' id='word_1_282' title='bbox 297 2347 570 2398; x_wconf 58' lang='grc' dir='ltr'>ἐξαπτίσθημεν,</span> <span class='ocrx_word' id='word_1_283' title='bbox 587 2350 635 2390; x_wconf 79' lang='grc' dir='ltr'>εἷς</span> <span class='ocrx_word' id='word_1_284' title='bbox 646 2346 703 2385; x_wconf 78' lang='grc' dir='ltr'>τὸν</span> <span class='ocrx_word' id='word_1_285' title='bbox 720 2348 864 2386; x_wconf 82' lang='grc' dir='ltr'>θάνατον</span> <span class='ocrx_word' id='word_1_286' title='bbox 883 2350 985 2386; x_wconf 80' lang='grc' dir='ltr'>αὐτοῦ</span> <span class='ocrx_word' id='word_1_287' title='bbox 1002 2349 1150 2386; x_wconf 62' lang='grc' dir='ltr'>ἐδαπτί-</span> 
     </span>
     <span class='ocr_line' id='line_1_38' title="bbox 129 2402 1151 2460; baseline 0.001 -14"><span class='ocrx_word' id='word_1_288' title='bbox 129 2411 279 2459; x_wconf 69' lang='grc' dir='ltr'>σθημεν,</span> <span class='ocrx_word' id='word_1_289' title='bbox 310 2408 559 2459; x_wconf 66' lang='grc' dir='ltr'>Συνετοίφημεν</span> <span class='ocrx_word' id='word_1_290' title='bbox 593 2402 650 2446; x_wconf 69' lang='grc' dir='ltr'>οῧν</span> <span class='ocrx_word' id='word_1_291' title='bbox 672 2411 766 2460; x_wconf 80' lang='grc' dir='ltr'>αὐτῷ</span> <span class='ocrx_word' id='word_1_292' title='bbox 791 2408 846 2446; x_wconf 76' lang='grc' dir='ltr'>διὰ</span> <span class='ocrx_word' id='word_1_293' title='bbox 865 2412 924 2447; x_wconf 78' lang='grc' dir='ltr'>τοῦ</span> <span class='ocrx_word' id='word_1_294' title='bbox 947 2409 1151 2460; x_wconf 81' lang='grc' dir='ltr'>βαπτίσμα-</span> 
     </span>
     <span class='ocr_line' id='line_1_39' title="bbox 128 2468 1148 2516; baseline 0.001 -10"><span class='ocrx_word' id='word_1_295' title='bbox 128 2485 185 2512; x_wconf 86' lang='grc' dir='ltr'>τος</span> <span class='ocrx_word' id='word_1_296' title='bbox 214 2471 259 2512; x_wconf 85' lang='grc' dir='ltr'>εἰς</span> <span class='ocrx_word' id='word_1_297' title='bbox 275 2469 332 2507; x_wconf 83' lang='grc' dir='ltr'>τὸν</span> <span class='ocrx_word' id='word_1_298' title='bbox 349 2469 507 2507; x_wconf 76' lang='grc' dir='ltr'>θάνατον.</span> <span class='ocrx_word' id='word_1_299' title='bbox 522 2468 569 2507; x_wconf 89' lang='grc' dir='ltr'>Τί</span> <span class='ocrx_word' id='word_1_300' title='bbox 597 2471 702 2516; x_wconf 81' lang='grc' dir='ltr'>ἐστιν,</span> <span class='ocrx_word' id='word_1_301' title='bbox 724 2471 784 2512; x_wconf 81' lang='grc' dir='ltr'>Εἰς</span> <span class='ocrx_word' id='word_1_302' title='bbox 802 2469 859 2508; x_wconf 80' lang='grc' dir='ltr'>τὸν</span> <span class='ocrx_word' id='word_1_303' title='bbox 877 2470 1021 2508; x_wconf 87' lang='grc' dir='ltr'>θάνατον</span> <span class='ocrx_word' id='word_1_304' title='bbox 1045 2472 1148 2508; x_wconf 72' lang='grc' dir='ltr'>αὐτοῦ</span> 
     </span>
     <span class='ocr_line' id='line_1_40' title="bbox 129 2529 1150 2583; baseline 0.003 -16"><span class='ocrx_word' id='word_1_305' title='bbox 129 2530 406 2581; x_wconf 66' lang='grc' dir='ltr'>ε’ὅαπτίσθημεν,</span> <span class='ocrx_word' id='word_1_306' title='bbox 419 2532 480 2573; x_wconf 83' lang='grc' dir='ltr'>Εἰς</span> <span class='ocrx_word' id='word_1_307' title='bbox 493 2530 531 2568; x_wconf 81' lang='grc' dir='ltr'>τὸ</span> <span class='ocrx_word' id='word_1_308' title='bbox 548 2530 606 2568; x_wconf 82' lang='grc' dir='ltr'>καὶ</span> <span class='ocrx_word' id='word_1_309' title='bbox 620 2530 716 2568; x_wconf 78' lang='grc' dir='ltr'>αὐτοὶ</span> <span class='ocrx_word' id='word_1_310' title='bbox 732 2534 914 2569; x_wconf 82' lang='grc' dir='ltr'>ἀποθανεῖν</span> <span class='ocrx_word' id='word_1_311' title='bbox 931 2529 1050 2583; x_wconf 81' lang='grc' dir='ltr'>ὥσπερ</span> <span class='ocrx_word' id='word_1_312' title='bbox 1063 2534 1150 2570; x_wconf 79' lang='grc' dir='ltr'>ἐκεῖ·</span> 
     </span>
     <span class='ocr_line' id='line_1_41' title="bbox 128 2588 1148 2644; baseline 0.003 -17"><span class='ocrx_word' id='word_1_313' title='bbox 128 2605 199 2633; x_wconf 88' lang='grc' dir='ltr'>νος·</span> <span class='ocrx_word' id='word_1_314' title='bbox 233 2591 379 2642; x_wconf 75' lang='grc' dir='ltr'>σταυρὸς</span> <span class='ocrx_word' id='word_1_315' title='bbox 411 2591 478 2644; x_wconf 75' lang='grc' dir='ltr'>γάρ</span> <span class='ocrx_word' id='word_1_316' title='bbox 513 2592 587 2629; x_wconf 80' lang='grc' dir='ltr'>ἐστι</span> <span class='ocrx_word' id='word_1_317' title='bbox 611 2592 650 2629; x_wconf 80' lang='grc' dir='ltr'>τὸ</span> <span class='ocrx_word' id='word_1_318' title='bbox 680 2591 874 2642; x_wconf 79' lang='grc' dir='ltr'>βάπτισμα.</span> <span class='ocrx_word' id='word_1_319' title='bbox 899 2590 1017 2644; x_wconf 73' lang='grc' dir='ltr'>&lt;Ὀπερ</span> <span class='ocrx_word' id='word_1_320' title='bbox 1049 2588 1106 2630; x_wconf 73' lang='grc' dir='ltr'>οῧν</span> <span class='ocrx_word' id='word_1_321' title='bbox 1131 2596 1148 2630; x_wconf 85' lang='grc' dir='ltr'>ὃ</span> 
     </span>
     <span class='ocr_line' id='line_1_42' title="bbox 129 2651 1148 2705; baseline 0.004 -17"><span class='ocrx_word' id='word_1_322' title='bbox 129 2651 273 2703; x_wconf 78' lang='grc' dir='ltr'>σταυρὸς</span> <span class='ocrx_word' id='word_1_323' title='bbox 293 2655 342 2703; x_wconf 81' lang='grc' dir='ltr'>τῷ</span> <span class='ocrx_word' id='word_1_324' title='bbox 358 2653 501 2705; x_wconf 80' lang='grc' dir='ltr'>Χριστῷ</span> <span class='ocrx_word' id='word_1_325' title='bbox 517 2652 576 2690; x_wconf 80' lang='grc' dir='ltr'>καὶ</span> <span class='ocrx_word' id='word_1_326' title='bbox 607 2656 624 2690; x_wconf 86' lang='grc' dir='ltr'>ὁ</span> <span class='ocrx_word' id='word_1_327' title='bbox 651 2652 775 2705; x_wconf 72' lang='grc' dir='ltr'>τάφος,</span> <span class='ocrx_word' id='word_1_328' title='bbox 797 2660 896 2692; x_wconf 80' lang='grc' dir='ltr'>τοῦτο</span> <span class='ocrx_word' id='word_1_329' title='bbox 914 2658 999 2704; x_wconf 84' lang='grc' dir='ltr'>ἡμῖν</span> <span class='ocrx_word' id='word_1_330' title='bbox 1018 2655 1057 2692; x_wconf 82' lang='grc' dir='ltr'>τὸ</span> <span class='ocrx_word' id='word_1_331' title='bbox 1079 2654 1148 2705; x_wconf 80' lang='grc' dir='ltr'>βοί-</span> 
     </span>
     <span class='ocr_line' id='line_1_43' title="bbox 127 2712 1150 2763; baseline 0.003 -14"><span class='ocrx_word' id='word_1_332' title='bbox 127 2728 265 2763; x_wconf 84' lang='grc' dir='ltr'>πτισμα</span> <span class='ocrx_word' id='word_1_333' title='bbox 296 2712 451 2763; x_wconf 58' lang='grc' dir='ltr'>γέγονεν,</span> <span class='ocrx_word' id='word_1_334' title='bbox 480 2714 508 2750; x_wconf 80' lang='grc' dir='ltr'>εἷ</span> <span class='ocrx_word' id='word_1_335' title='bbox 534 2712 593 2750; x_wconf 84' lang='grc' dir='ltr'>καὶ</span> <span class='ocrx_word' id='word_1_336' title='bbox 631 2713 680 2763; x_wconf 81' lang='grc' dir='ltr'>μὴ</span> <span class='ocrx_word' id='word_1_337' title='bbox 701 2713 757 2752; x_wconf 78' lang='grc' dir='ltr'>ἐπὶ</span> <span class='ocrx_word' id='word_1_338' title='bbox 781 2717 849 2752; x_wconf 79' lang='grc' dir='ltr'>τῶν</span> <span class='ocrx_word' id='word_1_339' title='bbox 883 2716 1015 2753; x_wconf 79' lang='grc' dir='ltr'>αὐτῶν·</span> <span class='ocrx_word' id='word_1_340' title='bbox 1051 2714 1150 2758; x_wconf 77' lang='grc' dir='ltr'>αὐτὸς</span> 
     </span>
     <span class='ocr_line' id='line_1_44' title="bbox 128 2773 1150 2827; baseline 0.002 -17"><span class='ocrx_word' id='word_1_341' title='bbox 128 2773 189 2822; x_wconf 79' lang='grc' dir='ltr'>μὲν</span> <span class='ocrx_word' id='word_1_342' title='bbox 238 2773 305 2824; x_wconf 76' lang='grc' dir='ltr'>γὰρ</span> <span class='ocrx_word' id='word_1_343' title='bbox 339 2773 442 2825; x_wconf 84' lang='grc' dir='ltr'>σαρκὶ</span> <span class='ocrx_word' id='word_1_344' title='bbox 474 2774 533 2812; x_wconf 84' lang='grc' dir='ltr'>καὶ</span> <span class='ocrx_word' id='word_1_345' title='bbox 554 2775 703 2813; x_wconf 82' lang='grc' dir='ltr'>ἀπέθανε</span> <span class='ocrx_word' id='word_1_346' title='bbox 735 2775 794 2812; x_wconf 82' lang='grc' dir='ltr'>καὶ</span> <span class='ocrx_word' id='word_1_347' title='bbox 826 2776 934 2827; x_wconf 69' lang='grc' dir='ltr'>ἐτάφη</span> <span class='ocrx_word' id='word_1_348' title='bbox 948 2807 957 2823; x_wconf 85' lang='grc'><em>,</em></span> <span class='ocrx_word' id='word_1_349' title='bbox 976 2779 1077 2826; x_wconf 77' lang='grc' dir='ltr'>ἡμεῖς</span> <span class='ocrx_word' id='word_1_350' title='bbox 1114 2776 1150 2813; x_wconf 79' lang='grc' dir='ltr'>δὲ</span> 
     </span>
     <span class='ocr_line' id='line_1_45' title="bbox 126 2829 1150 2888; baseline 0.006 -19"><span class='ocrx_word' id='word_1_351' title='bbox 126 2833 280 2884; x_wconf 76' lang='grc' dir='ltr'>ἁμαρτία</span> <span class='ocrx_word' id='word_1_352' title='bbox 303 2833 494 2885; x_wconf 70' lang='grc' dir='ltr'>ἀμφότερα.</span> <span class='ocrx_word' id='word_1_353' title='bbox 531 2835 593 2873; x_wconf 86' lang='grc' dir='ltr'>Διὸ</span> <span class='ocrx_word' id='word_1_354' title='bbox 630 2837 692 2873; x_wconf 79' lang='grc' dir='ltr'>οὐκ</span> <span class='ocrx_word' id='word_1_355' title='bbox 723 2829 816 2881; x_wconf 70' lang='grc' dir='ltr'>εἷπε,</span> <span class='ocrx_word' id='word_1_356' title='bbox 837 2836 1005 2888; x_wconf 74' lang='grc' dir='ltr'>σύμφυτοι</span> <span class='ocrx_word' id='word_1_357' title='bbox 1021 2839 1070 2888; x_wconf 80' lang='grc' dir='ltr'>τῷ</span> <span class='ocrx_word' id='word_1_358' title='bbox 1087 2840 1150 2874; x_wconf 86' lang='grc' dir='ltr'>θα-</span> 
     </span>
     <span class='ocr_line' id='line_1_46' title="bbox 991 2898 1150 2939; baseline -0.006 -4"><span class='ocrx_word' id='word_1_359' title='bbox 991 2898 1150 2939; x_wconf 79' lang='grc' dir='ltr'>Θάνατος</span> 
     </span>
     <span class='ocr_line' id='line_1_47' title="bbox 127 2954 1148 3009; baseline 0.002 -17"><span class='ocrx_word' id='word_1_360' title='bbox 127 2954 188 3005; x_wconf 78' lang='grc' dir='ltr'>μὲν</span> <span class='ocrx_word' id='word_1_361' title='bbox 206 2954 273 3007; x_wconf 78' lang='grc' dir='ltr'>γὰρ</span> <span class='ocrx_word' id='word_1_362' title='bbox 295 2955 353 2993; x_wconf 79' lang='grc' dir='ltr'>καὶ</span> <span class='ocrx_word' id='word_1_363' title='bbox 372 2960 474 2993; x_wconf 70' lang='grc' dir='ltr'>τοῦτο</span> <span class='ocrx_word' id='word_1_364' title='bbox 493 2959 631 2995; x_wconf 82' lang='grc' dir='ltr'>κάκεῖνο</span> <span class='ocrx_word' id='word_1_365' title='bbox 643 2987 652 3003; x_wconf 94' lang='grc'><em>,</em></span> <span class='ocrx_word' id='word_1_366' title='bbox 673 2959 749 2995; x_wconf 84' lang='grc' dir='ltr'>ἀλλ’</span> <span class='ocrx_word' id='word_1_367' title='bbox 767 2958 843 3009; x_wconf 67' lang='grc' dir='ltr'>οὐχὶ</span> <span class='ocrx_word' id='word_1_368' title='bbox 861 2961 920 2996; x_wconf 76' lang='grc' dir='ltr'>τοῦ</span> <span class='ocrx_word' id='word_1_369' title='bbox 936 2959 1039 2996; x_wconf 73' lang='grc' dir='ltr'>αὐτοῦ</span> <span class='ocrx_word' id='word_1_370' title='bbox 1060 2962 1148 2996; x_wconf 79' lang='grc' dir='ltr'>ὓπο-</span> 
     </span>
    </p>
   </div>
   <div class='ocr_carea' id='block_1_11' title="bbox 126 2894 956 2946">
    <p class='ocr_par' dir='ltr' id='par_1_11' title="bbox 126 2894 956 2946">
     <span class='ocr_line' id='line_1_48' title="bbox 158 2894 882 2911; baseline 0.004 -5"><span class='ocrx_word' id='word_1_371' title='bbox 158 2894 167 2906; x_wconf 90' lang='lat' dir='ltr'><em>l</em></span> <span class='ocrx_word' id='word_1_372' title='bbox 271 2897 280 2909; x_wconf 77' lang='lat'>¹&gt;</span> <span class='ocrx_word' id='word_1_373' title='bbox 334 2894 342 2909; x_wconf 68' lang='lat' dir='ltr'>x</span> <span class='ocrx_word' id='word_1_374' title='bbox 394 2896 404 2907; x_wconf 82' lang='lat' dir='ltr'><strong>r</strong></span> <span class='ocrx_word' id='word_1_375' title='bbox 433 2898 455 2905; x_wconf 69' lang='grc' dir='ltr'>ω</span> <span class='ocrx_word' id='word_1_376' title='bbox 487 2898 497 2911; x_wconf 71' lang='grc' dir='ltr'>ς</span> <span class='ocrx_word' id='word_1_377' title='bbox 578 2895 586 2907; x_wconf 71' lang='lat' dir='ltr'><strong>r</strong></span> <span class='ocrx_word' id='word_1_378' title='bbox 748 2900 770 2908; x_wconf 69' lang='grc' dir='ltr'><strong><em>ω</em></strong></span> <span class='ocrx_word' id='word_1_379' title='bbox 874 2897 882 2909; x_wconf 87' lang='grc' dir='ltr'><em>Γ</em></span> 
     </span>
     <span class='ocr_line' id='line_1_49' title="bbox 126 2897 956 2946; baseline 0.006 -16"><span class='ocrx_word' id='word_1_380' title='bbox 126 2909 235 2945; x_wconf 87' lang='grc' dir='ltr'>νατῳ,</span> <span class='ocrx_word' id='word_1_381' title='bbox 262 2897 373 2940; x_wconf 83' lang='grc' dir='ltr'>αλλα,</span> <span class='ocrx_word' id='word_1_382' title='bbox 401 2897 458 2946; x_wconf 84' lang='grc' dir='ltr'>Γῳ</span> <span class='ocrx_word' id='word_1_383' title='bbox 484 2911 681 2946; x_wconf 83' lang='grc' dir='ltr'>ομοιωματι</span> <span class='ocrx_word' id='word_1_384' title='bbox 711 2912 770 2934; x_wconf 87' lang='grc' dir='ltr'>του</span> <span class='ocrx_word' id='word_1_385' title='bbox 799 2900 956 2935; x_wconf 86' lang='grc' dir='ltr'>θανατου.</span> 
     </span>
    </p>
   </div>
   <div class='ocr_carea' id='block_1_12' title="bbox 124 3015 1150 3150">
    <p class='ocr_par' dir='ltr' id='par_1_12' title="bbox 124 3015 1150 3128">
     <span class='ocr_line' id='line_1_50' title="bbox 125 3015 1150 3070; baseline 0.003 -18"><span class='ocrx_word' id='word_1_386' title='bbox 125 3015 301 3065; x_wconf 80' lang='grc' dir='ltr'>κειμένου·</span> <span class='ocrx_word' id='word_1_387' title='bbox 320 3017 396 3053; x_wconf 85' lang='grc' dir='ltr'>ἀλλ</span> <span class='ocrx_word' id='word_1_388' title='bbox 414 3019 431 3053; x_wconf 87' lang='grc' dir='ltr'><strong><em>ὃ</em></strong></span> <span class='ocrx_word' id='word_1_389' title='bbox 450 3016 510 3066; x_wconf 79' lang='grc' dir='ltr'>μὲν</span> <span class='ocrx_word' id='word_1_390' title='bbox 528 3018 654 3068; x_wconf 84' lang='grc' dir='ltr'>σαρκὸς</span> <span class='ocrx_word' id='word_1_391' title='bbox 667 3021 685 3055; x_wconf 81' lang='grc' dir='ltr'>ὁ</span> <span class='ocrx_word' id='word_1_392' title='bbox 699 3034 758 3056; x_wconf 91' lang='grc' dir='ltr'>του</span> <span class='ocrx_word' id='word_1_393' title='bbox 773 3019 938 3070; x_wconf 82' lang='grc' dir='ltr'>Χριστου,</span> <span class='ocrx_word' id='word_1_394' title='bbox 953 3023 970 3057; x_wconf 83' lang='grc' dir='ltr'>ὃ</span> <span class='ocrx_word' id='word_1_395' title='bbox 985 3017 1020 3056; x_wconf 75' lang='grc' dir='ltr'>δε</span> <span class='ocrx_word' id='word_1_396' title='bbox 1036 3019 1150 3070; x_wconf 86' lang='grc' dir='ltr'>ἁμαρ-</span> 
     </span>
     <span class='ocr_line' id='line_1_51' title="bbox 124 3073 1149 3150; baseline 0.004 -40"><span class='ocrx_word' id='word_1_397' title='bbox 124 3073 199 3115; x_wconf 89' lang='grc' dir='ltr'>τίας</span> <span class='ocrx_word' id='word_1_398' title='bbox 218 3077 235 3112; x_wconf 83' lang='grc' dir='ltr'>ὁ</span> <span class='ocrx_word' id='word_1_399' title='bbox 250 3073 430 3127; x_wconf 80' lang='grc' dir='ltr'>ἡμέτερος.</span> <span class='ocrx_word' id='word_1_400' title='bbox 443 3074 586 3128; x_wconf 66' lang='grc' dir='ltr'>εὨσπερ</span> <span class='ocrx_word' id='word_1_401' title='bbox 606 3093 662 3115; x_wconf 77' lang='grc' dir='ltr'>ευν</span> <span class='ocrx_word' id='word_1_402' title='bbox 679 3094 735 3115; x_wconf 88' lang='grc' dir='ltr'>εκε</span> <span class='ocrx_word' id='word_1_403' title='bbox 737 3083 806 3121; x_wconf 85' lang='grc' dir='ltr'>ῖνος</span> <span class='ocrx_word' id='word_1_404' title='bbox 823 3079 867 3116; x_wconf 85' lang='grc' dir='ltr'>ἀλ</span> <span class='ocrx_word' id='word_1_405' title='bbox 869 3078 972 3150; x_wconf 69' lang='grc' dir='ltr'>ηθης,</span> <span class='ocrx_word' id='word_1_406' title='bbox 990 3077 1077 3115; x_wconf 67' lang='grc' dir='ltr'>οὕτω</span> <span class='ocrx_word' id='word_1_407' title='bbox 1091 3077 1149 3114; x_wconf 84' lang='grc' dir='ltr'>καὶ</span> 
     </span>
    </p>
   </div>
   <div class='ocr_carea' id='block_1_13' title="bbox 124 3132 1148 3254">
    <p class='ocr_par' dir='ltr' id='par_1_13' title="bbox 124 3132 1148 3254">
     <span class='ocr_line' id='line_1_52' title="bbox 124 3132 1147 3188; baseline 0.005 -20"><span class='ocrx_word' id='word_1_408' title='bbox 124 3135 184 3168; x_wconf 76' lang='grc' dir='ltr'>οῧτ</span> <span class='ocrx_word' id='word_1_409' title='bbox 188 3148 233 3175; x_wconf 89' lang='grc' dir='ltr'>ος.</span> <span class='ocrx_word' id='word_1_410' title='bbox 253 3132 343 3170; x_wconf 83' lang='grc' dir='ltr'>Ἀλλ’</span> <span class='ocrx_word' id='word_1_411' title='bbox 360 3136 389 3170; x_wconf 81' lang='grc' dir='ltr'>εἰ</span> <span class='ocrx_word' id='word_1_412' title='bbox 406 3149 464 3171; x_wconf 90' lang='grc' dir='ltr'>και</span> <span class='ocrx_word' id='word_1_413' title='bbox 480 3135 632 3182; x_wconf 71' lang='grc' dir='ltr'>ἅλ’·ηθης,</span> <span class='ocrx_word' id='word_1_414' title='bbox 650 3136 701 3174; x_wconf 80' lang='grc' dir='ltr'>δεῖ</span> <span class='ocrx_word' id='word_1_415' title='bbox 719 3153 776 3174; x_wconf 92' lang='grc' dir='ltr'>και</span> <span class='ocrx_word' id='word_1_416' title='bbox 793 3154 836 3175; x_wconf 87' lang='grc' dir='ltr'>τα</span> <span class='ocrx_word' id='word_1_417' title='bbox 851 3138 934 3188; x_wconf 82' lang='grc' dir='ltr'>παρ’</span> <span class='ocrx_word' id='word_1_418' title='bbox 948 3152 1049 3186; x_wconf 83' lang='grc' dir='ltr'>ηυων</span> <span class='ocrx_word' id='word_1_419' title='bbox 1069 3151 1147 3175; x_wconf 88' lang='grc' dir='ltr'>συν-</span> 
     </span>
     <span class='ocr_line' id='line_1_53' title="bbox 124 3198 1148 3254; baseline 0.008 -21"><span class='ocrx_word' id='word_1_420' title='bbox 124 3200 306 3248; x_wconf 30' lang='grc' dir='ltr'>εΓεγόθ-ηναι</span> <span class='ocrx_word' id='word_1_421' title='bbox 343 3198 475 3235; x_wconf 85' lang='grc' dir='ltr'>πάλιν·</span> <span class='ocrx_word' id='word_1_422' title='bbox 509 3199 560 3237; x_wconf 78' lang='grc' dir='ltr'>διὸ</span> <span class='ocrx_word' id='word_1_423' title='bbox 603 3216 659 3238; x_wconf 87' lang='grc' dir='ltr'>και</span> <span class='ocrx_word' id='word_1_424' title='bbox 693 3201 883 3252; x_wconf 74' lang='grc' dir='ltr'>ἐπηγαγεν</span> <span class='ocrx_word' id='word_1_425' title='bbox 913 3198 991 3236; x_wconf 56' lang='lat' dir='ltr'>&#39;lvd</span> <span class='ocrx_word' id='word_1_426' title='bbox 1030 3217 1148 3254; x_wconf 74' lang='grc' dir='ltr'>ωσπερ</span> 
     </span>
    </p>
   </div>
   <div class='ocr_carea' id='block_1_14' title="bbox 125 3262 1146 3321">
    <p class='ocr_par' dir='ltr' id='par_1_14' title="bbox 125 3262 1146 3321">
     <span class='ocr_line' id='line_1_54' title="bbox 125 3262 1146 3321; baseline 0.008 -22"><span class='ocrx_word' id='word_1_427' title='bbox 125 3262 254 3313; x_wconf 66' lang='grc' dir='ltr'>ἠγέρθη</span> <span class='ocrx_word' id='word_1_428' title='bbox 272 3264 422 3314; x_wconf 73' lang='grc' dir='ltr'>Χριστὸς</span> <span class='ocrx_word' id='word_1_429' title='bbox 445 3267 482 3302; x_wconf 78' lang='grc' dir='ltr'>ἐκ</span> <span class='ocrx_word' id='word_1_430' title='bbox 503 3270 632 3317; x_wconf 79' lang='grc' dir='ltr'>νεκρῶν</span> <span class='ocrx_word' id='word_1_431' title='bbox 650 3267 705 3304; x_wconf 73' lang='grc' dir='ltr'>διὰ</span> <span class='ocrx_word' id='word_1_432' title='bbox 721 3272 781 3313; x_wconf 75' lang='grc' dir='ltr'>τῆς</span> <span class='ocrx_word' id='word_1_433' title='bbox 799 3267 894 3315; x_wconf 70' lang='grc' dir='ltr'>δόξης</span> <span class='ocrx_word' id='word_1_434' title='bbox 911 3273 967 3306; x_wconf 72' lang='grc' dir='ltr'>τοῦ</span> <span class='ocrx_word' id='word_1_435' title='bbox 990 3269 1146 3321; x_wconf 71' lang='grc' dir='ltr'>Πατρὸς,</span> 
     </span>
    </p>
   </div>
   <div class='ocr_carea' id='block_1_15' title="bbox 171 3388 554 3432">
    <p class='ocr_par' dir='ltr' id='par_1_15' title="bbox 171 3388 554 3432">
     <span class='ocr_line' id='line_1_55' title="bbox 171 3388 554 3432; baseline 0.016 -16"><span class='ocrx_word' id='word_1_436' title='bbox 171 3389 185 3411; x_wconf 77' lang='lat'>¹»</span> <span class='ocrx_word' id='word_1_437' title='bbox 210 3388 268 3428; x_wconf 77' lang='lat' dir='ltr'>[A.</span> <span class='ocrx_word' id='word_1_438' title='bbox 290 3398 377 3418; x_wconf 81' lang='lat' dir='ltr'><strong>corr.</strong></span> <span class='ocrx_word' id='word_1_439' title='bbox 394 3390 554 3432; x_wconf 54' lang='lat'>552516550]</span> 
     </span>
    </p>
   </div>
   <div class='ocr_carea' id='block_1_16' title="bbox 1146 268 1254 297">
    <p class='ocr_par' dir='ltr' id='par_1_16' title="bbox 1146 268 1254 297">
     <span class='ocr_line' id='line_1_56' title="bbox 1146 268 1254 297; baseline -0.009 0"><span class='ocrx_word' id='word_1_440' title='bbox 1146 268 1254 297; x_wconf 67' lang='lat' dir='ltr'>ROM.</span> 
     </span>
    </p>
   </div>
   <div class='ocr_carea' id='block_1_17' title="bbox 1295 269 1534 301">
    <p class='ocr_par' dir='ltr' id='par_1_17' title="bbox 1295 269 1534 301">
     <span class='ocr_line' id='line_1_57' title="bbox 1295 269 1534 301; baseline 0.004 -3"><span class='ocrx_word' id='word_1_441' title='bbox 1295 269 1449 300; x_wconf 78' lang='lat' dir='ltr'>HOMIL.</span> <span class='ocrx_word' id='word_1_442' title='bbox 1488 272 1534 301; x_wconf 87' lang='lat' dir='ltr'>X.</span> 
     </span>
    </p>
   </div>
   <div class='ocr_carea' id='block_1_18' title="bbox 2125 256 2212 321">
    <p class='ocr_par' dir='ltr' id='par_1_18' title="bbox 2125 256 2212 321">
     <span class='ocr_line' id='line_1_58' title="bbox 2125 256 2212 321; baseline -0.011 0"><span class='ocrx_word' id='word_1_443' title='bbox 2125 256 2212 321; x_wconf 80' lang='lat'>577</span> 
     </span>
    </p>
   </div>
   <div class='ocr_carea' id='block_1_19' title="bbox 1233 349 2214 405">
    <p class='ocr_par' dir='ltr' id='par_1_19' title="bbox 1233 349 2214 405">
     <span class='ocr_line' id='line_1_59' title="bbox 1233 349 2214 405; baseline 0.007 -20"><span class='ocrx_word' id='word_1_444' title='bbox 1233 349 1388 399; x_wconf 79' lang='lat' dir='ltr'>cavebat,</span> <span class='ocrx_word' id='word_1_445' title='bbox 1407 365 1450 388; x_wconf 88' lang='lat' dir='ltr'>ne</span> <span class='ocrx_word' id='word_1_446' title='bbox 1468 351 1557 389; x_wconf 86' lang='lat' dir='ltr'><strong>sorte</strong></span> <span class='ocrx_word' id='word_1_447' title='bbox 1585 352 1643 391; x_wconf 87' lang='lat' dir='ltr'><strong>isti</strong></span> <span class='ocrx_word' id='word_1_448' title='bbox 1663 366 1755 404; x_wconf 81' lang='lat' dir='ltr'><strong>aegre</strong></span> <span class='ocrx_word' id='word_1_449' title='bbox 1771 353 1900 392; x_wconf 86' lang='lat' dir='ltr'><strong>ferrent</strong></span> <span class='ocrx_word' id='word_1_450' title='bbox 1916 355 1927 405; x_wconf 84' lang='lat'>(</span> <span class='ocrx_word' id='word_1_451' title='bbox 1943 352 2093 404; x_wconf 85' lang='lat' dir='ltr'><strong>ideoque</strong></span> <span class='ocrx_word' id='word_1_452' title='bbox 2112 354 2214 392; x_wconf 85' lang='lat' dir='ltr'><strong>dice-</strong></span> 
     </span>
    </p>
   </div>
   <div class='ocr_carea' id='block_1_20' title="bbox 1232 408 2398 525">
    <p class='ocr_par' dir='ltr' id='par_1_20' title="bbox 1232 408 2398 525">
     <span class='ocr_line' id='line_1_60' title="bbox 1232 408 2398 466; baseline 0.009 -21"><span class='ocrx_word' id='word_1_453' title='bbox 1232 408 1293 446; x_wconf 86' lang='lat' dir='ltr'>bat</span> <span class='ocrx_word' id='word_1_454' title='bbox 1309 425 1316 445; x_wconf 78' lang='grc' dir='ltr'><em>τ</em></span> <span class='ocrx_word' id='word_1_455' title='bbox 1332 411 1538 450; x_wconf 77' lang='lat' dir='ltr'><em>Audacius</em></span> <span class='ocrx_word' id='word_1_456' title='bbox 1556 421 1685 451; x_wconf 82' lang='lat' dir='ltr'><strong>autem</strong></span> <span class='ocrx_word' id='word_1_457' title='bbox 1712 416 1824 452; x_wconf 82' lang='lat' dir='ltr'><strong>vobis</strong></span> <span class='ocrx_word' id='word_1_458' title='bbox 1839 417 1974 465; x_wconf 78' lang='lat' dir='ltr'><em>scripsi</em></span> <span class='ocrx_word' id='word_1_459' title='bbox 1989 429 2035 453; x_wconf 76' lang='lat' dir='ltr'>ex</span> <span class='ocrx_word' id='word_1_460' title='bbox 2049 418 2185 466; x_wconf 79' lang='lat' dir='ltr'><strong>parte)</strong></span> <span class='ocrx_word' id='word_1_461' title='bbox 2199 431 2214 460; x_wconf 86' lang='lat'>,·</span> <span class='ocrx_word' id='word_1_462' title='bbox 2230 430 2319 458; x_wconf 85' lang='lat' dir='ltr'><strong>Rom.</strong></span> <span class='ocrx_word' id='word_1_463' title='bbox 2350 440 2358 458; x_wconf 71' lang='grc' dir='ltr'>ι</span> <span class='ocrx_word' id='word_1_464' title='bbox 2389 450 2398 459; x_wconf 89' lang='grc'><em>,</em></span> 
     </span>
     <span class='ocr_line' id='line_1_61' title="bbox 1233 469 2283 525; baseline 0.009 -20"><span class='ocrx_word' id='word_1_465' title='bbox 1233 469 1301 506; x_wconf 90' lang='lat' dir='ltr'><strong>nisi</strong></span> <span class='ocrx_word' id='word_1_466' title='bbox 1318 471 1384 509; x_wconf 90' lang='lat' dir='ltr'>hoc</span> <span class='ocrx_word' id='word_1_467' title='bbox 1398 472 1546 522; x_wconf 83' lang='lat' dir='ltr'><strong>fecisset,</strong></span> <span class='ocrx_word' id='word_1_468' title='bbox 1564 473 1721 525; x_wconf 80' lang='lat' dir='ltr'>asperior</span> <span class='ocrx_word' id='word_1_469' title='bbox 1741 474 1814 512; x_wconf 89' lang='lat' dir='ltr'><strong>illis</strong></span> <span class='ocrx_word' id='word_1_470' title='bbox 1838 474 1936 513; x_wconf 70' lang='lat' dir='ltr'><strong>visus</strong></span> <span class='ocrx_word' id='word_1_471' title='bbox 1957 474 2090 513; x_wconf 84' lang='lat' dir='ltr'><strong>suisset.</strong></span> <span class='ocrx_word' id='word_1_472' title='bbox 2115 477 2215 514; x_wconf 83' lang='lat' dir='ltr'><strong>Post·</strong></span> <span class='ocrx_word' id='word_1_473' title='bbox 2236 471 2283 500; x_wconf 82' lang='lat'>¹5·</span> 
     </span>
    </p>
   </div>
   <div class='ocr_carea' id='block_1_21' title="bbox 1162 534 2220 3318">
    <p class='ocr_par' dir='ltr' id='par_1_21' title="bbox 1174 534 2220 2529">
     <span class='ocr_line' id='line_1_62' title="bbox 1233 534 2217 588; baseline 0.008 -22"><span class='ocrx_word' id='word_1_474' title='bbox 1233 543 1339 579; x_wconf 84' lang='lat' dir='ltr'><strong>quam</strong></span> <span class='ocrx_word' id='word_1_475' title='bbox 1356 545 1437 583; x_wconf 84' lang='lat' dir='ltr'><strong>ergo</strong></span> <span class='ocrx_word' id='word_1_476' title='bbox 1455 534 1678 584; x_wconf 77' lang='lat' dir='ltr'><strong>monstravit,</strong></span> <span class='ocrx_word' id='word_1_477' title='bbox 1697 548 1861 586; x_wconf 84' lang='lat' dir='ltr'><strong>magnam</strong></span> <span class='ocrx_word' id='word_1_478' title='bbox 1881 549 1954 573; x_wconf 87' lang='lat' dir='ltr'><strong>esse</strong></span> <span class='ocrx_word' id='word_1_479' title='bbox 1973 536 2123 587; x_wconf 83' lang='lat' dir='ltr'>gratiam</span> <span class='ocrx_word' id='word_1_480' title='bbox 2136 550 2217 588; x_wconf 86' lang='lat' dir='ltr'><strong>pec-</strong></span> 
     </span>
     <span class='ocr_line' id='line_1_63' title="bbox 1232 594 2215 648; baseline 0.006 -20"><span class='ocrx_word' id='word_1_481' title='bbox 1232 599 1307 628; x_wconf 79' lang='lat' dir='ltr'><strong>cata</strong></span> <span class='ocrx_word' id='word_1_482' title='bbox 1342 594 1463 643; x_wconf 84' lang='lat' dir='ltr'><strong>gravia</strong></span> <span class='ocrx_word' id='word_1_483' title='bbox 1486 595 1632 633; x_wconf 86' lang='lat' dir='ltr'><strong>curandi</strong></span> <span class='ocrx_word' id='word_1_484' title='bbox 1644 611 1655 645; x_wconf 82' lang='lat'><em>3</em></span> <span class='ocrx_word' id='word_1_485' title='bbox 1678 610 1764 633; x_wconf 88' lang='lat' dir='ltr'>cum</span> <span class='ocrx_word' id='word_1_486' title='bbox 1784 596 1867 633; x_wconf 89' lang='lat' dir='ltr'><strong>hinc</strong></span> <span class='ocrx_word' id='word_1_487' title='bbox 1886 596 2136 648; x_wconf 83' lang='lat' dir='ltr'><strong>insipientibus</strong></span> <span class='ocrx_word' id='word_1_488' title='bbox 2154 597 2215 636; x_wconf 84' lang='lat' dir='ltr'>vi-</span> 
     </span>
     <span class='ocr_line' id='line_1_64' title="bbox 1232 649 2217 709; baseline 0.009 -23"><span class='ocrx_word' id='word_1_489' title='bbox 1232 649 1374 689; x_wconf 79' lang='lat' dir='ltr'><strong>deretur</strong></span> <span class='ocrx_word' id='word_1_490' title='bbox 1394 653 1462 691; x_wconf 90' lang='lat' dir='ltr'>hoc</span> <span class='ocrx_word' id='word_1_491' title='bbox 1473 653 1608 692; x_wconf 88' lang='lat' dir='ltr'><strong>dictum</strong></span> <span class='ocrx_word' id='word_1_492' title='bbox 1625 655 1905 693; x_wconf 81' lang='lat' dir='ltr'>adhortationem</span> <span class='ocrx_word' id='word_1_493' title='bbox 1921 670 1994 694; x_wconf 85' lang='lat' dir='ltr'><strong>esse</strong></span> <span class='ocrx_word' id='word_1_494' title='bbox 2012 656 2060 694; x_wconf 79' lang='lat' dir='ltr'><strong>ad</strong></span> <span class='ocrx_word' id='word_1_495' title='bbox 2073 671 2217 709; x_wconf 84' lang='lat' dir='ltr'><strong>peccan-</strong></span> 
     </span>
     <span class='ocr_line' id='line_1_65' title="bbox 1233 711 2211 769; baseline 0.009 -22"><span class='ocrx_word' id='word_1_496' title='bbox 1233 711 1319 749; x_wconf 87' lang='lat' dir='ltr'>dum</span> <span class='ocrx_word' id='word_1_497' title='bbox 1334 713 1391 750; x_wconf 88' lang='lat' dir='ltr'>:Si</span> <span class='ocrx_word' id='word_1_498' title='bbox 1407 714 1501 751; x_wconf 91' lang='lat' dir='ltr'><strong>enim</strong></span> <span class='ocrx_word' id='word_1_499' title='bbox 1518 715 1610 764; x_wconf 83' lang='lat' dir='ltr'><strong>ideo,</strong></span> <span class='ocrx_word' id='word_1_500' title='bbox 1630 716 1782 764; x_wconf 81' lang='lat' dir='ltr'>aiebant,</span> <span class='ocrx_word' id='word_1_501' title='bbox 1803 718 1916 769; x_wconf 87' lang='lat' dir='ltr'><strong>major</strong></span> <span class='ocrx_word' id='word_1_502' title='bbox 1926 718 2000 755; x_wconf 74' lang='lat' dir='ltr'><strong>visa</strong></span> <span class='ocrx_word' id='word_1_503' title='bbox 2018 727 2069 756; x_wconf 89' lang='lat' dir='ltr'>est</span> <span class='ocrx_word' id='word_1_504' title='bbox 2083 718 2211 769; x_wconf 85' lang='lat' dir='ltr'><strong>gratia,</strong></span> 
     </span>
     <span class='ocr_line' id='line_1_66' title="bbox 1233 771 2217 828; baseline 0.01 -22"><span class='ocrx_word' id='word_1_505' title='bbox 1233 771 1316 820; x_wconf 87' lang='lat' dir='ltr'><strong>quia</strong></span> <span class='ocrx_word' id='word_1_506' title='bbox 1331 786 1456 823; x_wconf 84' lang='lat' dir='ltr'><strong>magna</strong></span> <span class='ocrx_word' id='word_1_507' title='bbox 1473 783 1614 825; x_wconf 84' lang='lat' dir='ltr'><strong>peccata</strong></span> <span class='ocrx_word' id='word_1_508' title='bbox 1629 775 2003 828; x_wconf 71' lang='lat' dir='ltr'><strong>admisimus,pecca1&#39;e</strong></span> <span class='ocrx_word' id='word_1_509' title='bbox 2018 792 2060 815; x_wconf 91' lang='lat' dir='ltr'>ne</span> <span class='ocrx_word' id='word_1_510' title='bbox 2077 778 2217 816; x_wconf 85' lang='lat' dir='ltr'><strong>desina-</strong></span> 
     </span>
     <span class='ocr_line' id='line_1_67' title="bbox 1231 835 2216 890; baseline 0.01 -22"><span class='ocrx_word' id='word_1_511' title='bbox 1231 845 1324 877; x_wconf 88' lang='lat' dir='ltr'><strong>mus,</strong></span> <span class='ocrx_word' id='word_1_512' title='bbox 1347 842 1386 869; x_wconf 84' lang='lat' dir='ltr'>ut</span> <span class='ocrx_word' id='word_1_513' title='bbox 1405 835 1559 885; x_wconf 83' lang='lat' dir='ltr'><strong>amplior</strong></span> <span class='ocrx_word' id='word_1_514' title='bbox 1579 836 1690 885; x_wconf 82' lang='lat' dir='ltr'><strong>gratia</strong></span> <span class='ocrx_word' id='word_1_515' title='bbox 1710 837 1914 875; x_wconf 81' lang='lat' dir='ltr'><strong>ostendatur</strong></span> <span class='ocrx_word' id='word_1_516' title='bbox 1929 853 1937 873; x_wconf 76' lang='lat' dir='ltr'><em>z</em></span> <span class='ocrx_word' id='word_1_517' title='bbox 1952 853 1995 875; x_wconf 85' lang='lat' dir='ltr'>ne</span> <span class='ocrx_word' id='word_1_518' title='bbox 2012 839 2122 890; x_wconf 84' lang='lat' dir='ltr'><strong>igitur</strong></span> <span class='ocrx_word' id='word_1_519' title='bbox 2140 840 2216 878; x_wconf 83' lang='lat' dir='ltr'>haec</span> 
     </span>
     <span class='ocr_line' id='line_1_68' title="bbox 1231 891 2215 951; baseline 0.01 -24"><span class='ocrx_word' id='word_1_520' title='bbox 1231 891 1387 929; x_wconf 84' lang='lat' dir='ltr'><strong>dicerent</strong></span> <span class='ocrx_word' id='word_1_521' title='bbox 1407 893 1464 930; x_wconf 62' lang='lat' dir='ltr'>rel</span> <span class='ocrx_word' id='word_1_522' title='bbox 1484 894 1728 945; x_wconf 75' lang='lat' dir='ltr'><strong>opinarentur,</strong></span> <span class='ocrx_word' id='word_1_523' title='bbox 1744 896 1827 934; x_wconf 86' lang='lat' dir='ltr'><strong>vide</strong></span> <span class='ocrx_word' id='word_1_524' title='bbox 1845 898 2024 946; x_wconf 88' lang='lat' dir='ltr'><strong>quomodo</strong></span> <span class='ocrx_word' id='word_1_525' title='bbox 2041 899 2215 951; x_wconf 86' lang='lat' dir='ltr'><strong>objectio-</strong></span> 
     </span>
     <span class='ocr_line' id='line_1_69' title="bbox 1232 952 2216 1006; baseline 0.011 -20"><span class='ocrx_word' id='word_1_526' title='bbox 1232 963 1311 987; x_wconf 86' lang='lat' dir='ltr'><strong>nem</strong></span> <span class='ocrx_word' id='word_1_527' title='bbox 1334 952 1528 998; x_wconf 76' lang='lat' dir='ltr'><strong>subvertat,</strong></span> <span class='ocrx_word' id='word_1_528' title='bbox 1552 954 1667 1004; x_wconf 88' lang='lat' dir='ltr'><strong>primo</strong></span> <span class='ocrx_word' id='word_1_529' title='bbox 1694 955 1892 1005; x_wconf 79' lang='lat' dir='ltr'><strong>negatione,</strong></span> <span class='ocrx_word' id='word_1_530' title='bbox 1921 957 2052 1006; x_wconf 84' lang='lat' dir='ltr'><strong>dicens,</strong></span> <span class='ocrx_word' id='word_1_531' title='bbox 2074 959 2190 997; x_wconf 82' lang='lat' dir='ltr'><strong>Absit</strong></span> <span class='ocrx_word' id='word_1_532' title='bbox 2201 976 2216 1004; x_wconf 91' lang='lat'><em>;</em></span> 
     </span>
     <span class='ocr_line' id='line_1_70' title="bbox 1231 1011 2214 1063; baseline 0.007 -16"><span class='ocrx_word' id='word_1_533' title='bbox 1231 1019 1271 1047; x_wconf 89' lang='lat' dir='ltr'>ut</span> <span class='ocrx_word' id='word_1_534' title='bbox 1298 1011 1384 1048; x_wconf 88' lang='lat' dir='ltr'><strong>solet</strong></span> <span class='ocrx_word' id='word_1_535' title='bbox 1403 1012 1439 1049; x_wconf 91' lang='lat' dir='ltr'>in</span> <span class='ocrx_word' id='word_1_536' title='bbox 1461 1012 1518 1059; x_wconf 82' lang='lat' dir='ltr'><strong>iis,</strong></span> <span class='ocrx_word' id='word_1_537' title='bbox 1539 1027 1617 1063; x_wconf 86' lang='lat' dir='ltr'><strong>quae</strong></span> <span class='ocrx_word' id='word_1_538' title='bbox 1637 1014 1791 1051; x_wconf 86' lang='lat' dir='ltr'><strong>absurda</strong></span> <span class='ocrx_word' id='word_1_539' title='bbox 1816 1029 1889 1052; x_wconf 86' lang='lat' dir='ltr'><strong>esse</strong></span> <span class='ocrx_word' id='word_1_540' title='bbox 1909 1016 1946 1053; x_wconf 89' lang='lat' dir='ltr'>in</span> <span class='ocrx_word' id='word_1_541' title='bbox 1972 1018 2126 1055; x_wconf 87' lang='lat' dir='ltr'><strong>confesso</strong></span> <span class='ocrx_word' id='word_1_542' title='bbox 2146 1028 2214 1056; x_wconf 89' lang='lat' dir='ltr'><strong>est:</strong></span> 
     </span>
     <span class='ocr_line' id='line_1_71' title="bbox 1230 1070 2218 1128; baseline 0.008 -20"><span class='ocrx_word' id='word_1_543' title='bbox 1230 1070 1358 1109; x_wconf 90' lang='lat' dir='ltr'><strong>deinde</strong></span> <span class='ocrx_word' id='word_1_544' title='bbox 1368 1072 1595 1111; x_wconf 82' lang='lat' dir='ltr'><strong>ratiocinium</strong></span> <span class='ocrx_word' id='word_1_545' title='bbox 1608 1074 1765 1123; x_wconf 82' lang='lat' dir='ltr'><strong>adhibet,</strong></span> <span class='ocrx_word' id='word_1_546' title='bbox 1780 1075 1836 1113; x_wconf 86' lang='lat' dir='ltr'>cui</span> <span class='ocrx_word' id='word_1_547' title='bbox 1849 1078 2040 1127; x_wconf 81' lang='lat' dir='ltr'><strong>repugnari</strong></span> <span class='ocrx_word' id='word_1_548' title='bbox 2057 1088 2218 1128; x_wconf 84' lang='lat' dir='ltr'><strong>nequeat.</strong></span> 
     </span>
     <span class='ocr_line' id='line_1_72' title="bbox 1231 1132 2219 1191; baseline 0.008 -22"><span class='ocrx_word' id='word_1_549' title='bbox 1231 1132 1350 1178; x_wconf 82' lang='lat' dir='ltr'><strong>Quare</strong></span> <span class='ocrx_word' id='word_1_550' title='bbox 1369 1133 1488 1172; x_wconf 77' lang='lat' dir='ltr'><strong>illud?</strong></span> <span class='ocrx_word' id='word_1_551' title='bbox 1503 1137 1540 1173; x_wconf 59' lang='grc' dir='ltr'>ἱ).</span> <span class='ocrx_word' id='word_1_552' title='bbox 1567 1136 1640 1185; x_wconf 83' lang='lat' dir='ltr'>Qui</span> <span class='ocrx_word' id='word_1_553' title='bbox 1655 1140 1795 1174; x_wconf 81' lang='lat' dir='ltr'><strong>mortui</strong></span> <span class='ocrx_word' id='word_1_554' title='bbox 1822 1151 1965 1188; x_wconf 85' lang='lat' dir='ltr'><strong>sumus,</strong></span> <span class='ocrx_word' id='word_1_555' title='bbox 1985 1138 2113 1189; x_wconf 91' lang='lat' dir='ltr'><strong>inquit,</strong></span> <span class='ocrx_word' id='word_1_556' title='bbox 2129 1154 2219 1191; x_wconf 82' lang='lat' dir='ltr'><strong>pec—</strong></span> 
     </span>
     <span class='ocr_line' id='line_1_73' title="bbox 1231 1196 2220 1246; baseline 0.009 -17"><span class='ocrx_word' id='word_1_557' title='bbox 1231 1201 1334 1242; x_wconf 73' lang='lat' dir='ltr'><strong>cam,</strong></span> <span class='ocrx_word' id='word_1_558' title='bbox 1353 1196 1543 1245; x_wconf 82' lang='lat' dir='ltr'><strong>quomodo</strong></span> <span class='ocrx_word' id='word_1_559' title='bbox 1574 1197 1703 1234; x_wconf 78' lang='lat' dir='ltr'><strong>adhuc</strong></span> <span class='ocrx_word' id='word_1_560' title='bbox 1733 1200 1910 1236; x_wconf 77' lang='lat' dir='ltr'><strong>vivemus</strong></span> <span class='ocrx_word' id='word_1_561' title='bbox 1937 1201 1978 1235; x_wconf 85' lang='lat' dir='ltr'>in</span> <span class='ocrx_word' id='word_1_562' title='bbox 2006 1200 2220 1246; x_wconf 77' lang='lat' dir='ltr'><strong>illoPQuid</strong></span> 
     </span>
     <span class='ocr_line' id='line_1_74' title="bbox 1232 1254 2218 1310; baseline 0.008 -19"><span class='ocrx_word' id='word_1_563' title='bbox 1232 1262 1282 1291; x_wconf 89' lang='lat' dir='ltr'>est</span> <span class='ocrx_word' id='word_1_564' title='bbox 1300 1254 1406 1304; x_wconf 75' lang='lat' dir='ltr'><strong>illud,</strong></span> <span class='ocrx_word' id='word_1_565' title='bbox 1427 1257 1576 1293; x_wconf 69' lang='lat' dir='ltr'><strong>,Mortui</strong></span> <span class='ocrx_word' id='word_1_566' title='bbox 1591 1261 1747 1295; x_wconf 79' lang='lat' dir='ltr'><strong>sumus?</strong></span> <span class='ocrx_word' id='word_1_567' title='bbox 1764 1258 1832 1296; x_wconf 73' lang='lat' dir='ltr'><strong>Vel</strong></span> <span class='ocrx_word' id='word_1_568' title='bbox 1852 1257 1963 1309; x_wconf 90' lang='lat' dir='ltr'><strong>quod,</strong></span> <span class='ocrx_word' id='word_1_569' title='bbox 1982 1269 2154 1310; x_wconf 86' lang='lat' dir='ltr'><strong>quantum</strong></span> <span class='ocrx_word' id='word_1_570' title='bbox 2173 1261 2218 1299; x_wconf 90' lang='lat' dir='ltr'>ad</span> 
     </span>
     <span class='ocr_line' id='line_1_75' title="bbox 1231 1314 2218 1373; baseline 0.008 -22"><span class='ocrx_word' id='word_1_571' title='bbox 1231 1314 1323 1352; x_wconf 83' lang='lat' dir='ltr'><strong>illud</strong></span> <span class='ocrx_word' id='word_1_572' title='bbox 1348 1324 1481 1367; x_wconf 84' lang='lat' dir='ltr'><strong>spectat</strong></span> <span class='ocrx_word' id='word_1_573' title='bbox 1498 1315 1662 1367; x_wconf 81' lang='lat' dir='ltr'><strong>illudque</strong></span> <span class='ocrx_word' id='word_1_574' title='bbox 1678 1318 1824 1364; x_wconf 89' lang='lat' dir='ltr'><strong>attinet,</strong></span> <span class='ocrx_word' id='word_1_575' title='bbox 1844 1320 1995 1357; x_wconf 80' lang='lat' dir='ltr'><strong>vetitum</strong></span> <span class='ocrx_word' id='word_1_576' title='bbox 2017 1321 2218 1373; x_wconf 87' lang='lat' dir='ltr'><strong>accepimus</strong></span> 
     </span>
     <span class='ocr_line' id='line_1_76' title="bbox 1230 1376 2219 1429; baseline 0.009 -17"><span class='ocrx_word' id='word_1_577' title='bbox 1230 1376 1375 1413; x_wconf 77' lang='lat' dir='ltr'><strong>omnes?</strong></span> <span class='ocrx_word' id='word_1_578' title='bbox 1402 1390 1445 1414; x_wconf 90' lang='lat' dir='ltr'>an</span> <span class='ocrx_word' id='word_1_579' title='bbox 1477 1377 1574 1427; x_wconf 85' lang='lat' dir='ltr'><strong>quod</strong></span> <span class='ocrx_word' id='word_1_580' title='bbox 1602 1379 1732 1417; x_wconf 84' lang='lat' dir='ltr'><strong>mortui</strong></span> <span class='ocrx_word' id='word_1_581' title='bbox 1751 1394 1875 1418; x_wconf 86' lang='lat' dir='ltr'><strong>sumus</strong></span> <span class='ocrx_word' id='word_1_582' title='bbox 1898 1381 1968 1429; x_wconf 87' lang='lat' dir='ltr'><strong>illi,</strong></span> <span class='ocrx_word' id='word_1_583' title='bbox 1987 1382 2163 1421; x_wconf 84' lang='lat' dir='ltr'><strong>credentes</strong></span> <span class='ocrx_word' id='word_1_584' title='bbox 2185 1393 2219 1421; x_wconf 87' lang='lat' dir='ltr'>ct</span> 
     </span>
     <span class='ocr_line' id='line_1_77' title="bbox 1229 1436 2218 1493; baseline 0.009 -20"><span class='ocrx_word' id='word_1_585' title='bbox 1229 1436 1453 1475; x_wconf 75' lang='lat' dir='ltr'><strong>illuminati?</strong></span> <span class='ocrx_word' id='word_1_586' title='bbox 1481 1437 1518 1476; x_wconf 90' lang='lat' dir='ltr'>id</span> <span class='ocrx_word' id='word_1_587' title='bbox 1535 1439 1631 1490; x_wconf 85' lang='lat' dir='ltr'><strong>quod</strong></span> <span class='ocrx_word' id='word_1_588' title='bbox 1658 1450 1750 1478; x_wconf 85' lang='lat' dir='ltr'><strong>certe</strong></span> <span class='ocrx_word' id='word_1_589' title='bbox 1778 1442 1897 1493; x_wconf 85' lang='lat' dir='ltr'><strong>potius</strong></span> <span class='ocrx_word' id='word_1_590' title='bbox 1923 1443 2135 1481; x_wconf 83' lang='lat' dir='ltr'><strong>dicendum:</strong></span> <span class='ocrx_word' id='word_1_591' title='bbox 2150 1444 2218 1483; x_wconf 89' lang='lat' dir='ltr'>hoc</span> 
     </span>
     <span class='ocr_line' id='line_1_78' title="bbox 1230 1496 2217 1553; baseline 0.01 -20"><span class='ocrx_word' id='word_1_592' title='bbox 1230 1496 1324 1534; x_wconf 91' lang='lat' dir='ltr'><strong>enim</strong></span> <span class='ocrx_word' id='word_1_593' title='bbox 1338 1497 1491 1536; x_wconf 88' lang='lat' dir='ltr'><strong>ostendit</strong></span> <span class='ocrx_word' id='word_1_594' title='bbox 1511 1499 1616 1537; x_wconf 89' lang='lat' dir='ltr'><strong>etiam</strong></span> <span class='ocrx_word' id='word_1_595' title='bbox 1632 1500 1670 1538; x_wconf 90' lang='lat' dir='ltr'>id</span> <span class='ocrx_word' id='word_1_596' title='bbox 1682 1501 1776 1552; x_wconf 90' lang='lat' dir='ltr'><strong>quod</strong></span> <span class='ocrx_word' id='word_1_597' title='bbox 1796 1503 1965 1553; x_wconf 79' lang='lat' dir='ltr'><strong>sequitul.</strong></span> <span class='ocrx_word' id='word_1_598' title='bbox 1981 1504 2079 1552; x_wconf 84' lang='lat' dir='ltr'><strong>Quid</strong></span> <span class='ocrx_word' id='word_1_599' title='bbox 2098 1514 2217 1543; x_wconf 88' lang='lat' dir='ltr'><strong>autem</strong></span> 
     </span>
     <span class='ocr_line' id='line_1_79' title="bbox 1231 1565 2216 1620; baseline 0.011 -25"><span class='ocrx_word' id='word_1_600' title='bbox 1231 1567 1294 1608; x_wconf 84' lang='lat' dir='ltr'><strong>est,</strong></span> <span class='ocrx_word' id='word_1_601' title='bbox 1314 1569 1472 1599; x_wconf 89' lang='lat' dir='ltr'><strong>mortuos</strong></span> <span class='ocrx_word' id='word_1_602' title='bbox 1504 1576 1577 1600; x_wconf 88' lang='lat' dir='ltr'><strong>esse</strong></span> <span class='ocrx_word' id='word_1_603' title='bbox 1594 1573 1759 1614; x_wconf 86' lang='lat' dir='ltr'><strong>peccato.</strong></span> <span class='ocrx_word' id='word_1_604' title='bbox 1751 1565 1767 1591; x_wconf 59' lang='grc' dir='ltr'>ἶ)</span> <span class='ocrx_word' id='word_1_605' title='bbox 1790 1566 1830 1603; x_wconf 95' lang='lat' dir='ltr'><strong>In</strong></span> <span class='ocrx_word' id='word_1_606' title='bbox 1849 1567 1948 1604; x_wconf 85' lang='lat' dir='ltr'><strong>nullo</strong></span> <span class='ocrx_word' id='word_1_607' title='bbox 1966 1566 2157 1620; x_wconf 82' lang='lat' dir='ltr'><strong>deinceps&#39;</strong></span> <span class='ocrx_word' id='word_1_608' title='bbox 2148 1569 2216 1620; x_wconf 78' lang='lat' dir='ltr'><strong>ipsi</strong></span> 
     </span>
     <span class='ocr_line' id='line_1_80' title="bbox 1231 1618 2216 1680; baseline 0.012 -25"><span class='ocrx_word' id='word_1_609' title='bbox 1231 1618 1390 1670; x_wconf 86' lang='lat' dir='ltr'><strong>obsequi.</strong></span> <span class='ocrx_word' id='word_1_610' title='bbox 1410 1621 1487 1659; x_wconf 89' lang='lat' dir='ltr'>Hoc</span> <span class='ocrx_word' id='word_1_611' title='bbox 1505 1623 1597 1660; x_wconf 90' lang='lat' dir='ltr'><strong>enim</strong></span> <span class='ocrx_word' id='word_1_612' title='bbox 1613 1624 1721 1661; x_wconf 87' lang='lat' dir='ltr'><strong>semel</strong></span> <span class='ocrx_word' id='word_1_613' title='bbox 1739 1625 1822 1662; x_wconf 87' lang='lat' dir='ltr'><strong>fecit</strong></span> <span class='ocrx_word' id='word_1_614' title='bbox 1843 1626 2036 1678; x_wconf 78' lang='lat' dir='ltr'><strong>baptisma3</strong></span> <span class='ocrx_word' id='word_1_615' title='bbox 2053 1642 2116 1666; x_wconf 90' lang='lat' dir='ltr'>nos</span> <span class='ocrx_word' id='word_1_616' title='bbox 2133 1643 2216 1680; x_wconf 89' lang='lat' dir='ltr'><strong>pec-</strong></span> 
     </span>
     <span class='ocr_line' id='line_1_81' title="bbox 1230 1683 2216 1736; baseline 0.01 -19"><span class='ocrx_word' id='word_1_617' title='bbox 1230 1689 1306 1718; x_wconf 80' lang='lat' dir='ltr'><strong>cato</strong></span> <span class='ocrx_word' id='word_1_618' title='bbox 1329 1691 1486 1720; x_wconf 91' lang='lat' dir='ltr'><strong>mortuos</strong></span> <span class='ocrx_word' id='word_1_619' title='bbox 1507 1683 1675 1721; x_wconf 86' lang='lat' dir='ltr'><strong>reddidit.</strong></span> <span class='ocrx_word' id='word_1_620' title='bbox 1703 1685 1852 1736; x_wconf 81' lang='lat' dir='ltr'><strong>Oportet</strong></span> <span class='ocrx_word' id='word_1_621' title='bbox 1867 1696 1983 1724; x_wconf 85' lang='lat' dir='ltr'><strong>autem</strong></span> <span class='ocrx_word' id='word_1_622' title='bbox 2003 1688 2071 1725; x_wconf 80' lang='lat' dir='ltr'>hoc</span> <span class='ocrx_word' id='word_1_623' title='bbox 2097 1690 2216 1727; x_wconf 87' lang='lat' dir='ltr'><strong>studio</strong></span> 
     </span>
     <span class='ocr_line' id='line_1_82' title="bbox 1229 1743 2215 1800; baseline 0.01 -22"><span class='ocrx_word' id='word_1_624' title='bbox 1229 1751 1349 1780; x_wconf 90' lang='lat' dir='ltr'><strong>nostro</strong></span> <span class='ocrx_word' id='word_1_625' title='bbox 1379 1743 1416 1780; x_wconf 90' lang='lat' dir='ltr'>in</span> <span class='ocrx_word' id='word_1_626' title='bbox 1448 1754 1658 1796; x_wconf 81' lang='lat' dir='ltr'><strong>perpetuum</strong></span> <span class='ocrx_word' id='word_1_627' title='bbox 1692 1746 1851 1796; x_wconf 73' lang='lat' dir='ltr'><strong>exsequi,</strong></span> <span class='ocrx_word' id='word_1_628' title='bbox 1871 1756 1911 1784; x_wconf 86' lang='lat' dir='ltr'>ut</span> <span class='ocrx_word' id='word_1_629' title='bbox 1930 1757 2215 1800; x_wconf 84' lang='lat' dir='ltr'><strong>quantacumque</strong></span> 
     </span>
     <span class='ocr_line' id='line_1_83' title="bbox 1229 1801 2213 1860; baseline 0.008 -21"><span class='ocrx_word' id='word_1_630' title='bbox 1229 1801 1391 1854; x_wconf 86' lang='lat' dir='ltr'><strong>imperet,</strong></span> <span class='ocrx_word' id='word_1_631' title='bbox 1408 1817 1477 1841; x_wconf 90' lang='lat' dir='ltr'>non</span> <span class='ocrx_word' id='word_1_632' title='bbox 1489 1804 1583 1842; x_wconf 84' lang='lat' dir='ltr'><strong>ultra</strong></span> <span class='ocrx_word' id='word_1_633' title='bbox 1602 1805 1697 1843; x_wconf 88' lang='lat' dir='ltr'><strong>dicto</strong></span> <span class='ocrx_word' id='word_1_634' title='bbox 1714 1806 1897 1844; x_wconf 82' lang='lat' dir='ltr'><strong>audientes</strong></span> <span class='ocrx_word' id='word_1_635' title='bbox 1915 1808 2037 1856; x_wconf 85' lang='lat' dir='ltr'><strong>simus,</strong></span> <span class='ocrx_word' id='word_1_636' title='bbox 2055 1809 2114 1846; x_wconf 90' lang='lat' dir='ltr'>sed</span> <span class='ocrx_word' id='word_1_637' title='bbox 2127 1824 2213 1860; x_wconf 83' lang='lat' dir='ltr'><strong>qua-</strong></span> 
     </span>
     <span class='ocr_line' id='line_1_84' title="bbox 1229 1862 2214 1921; baseline 0.009 -22"><span class='ocrx_word' id='word_1_638' title='bbox 1229 1862 1260 1902; x_wconf 83' lang='lat' dir='ltr'>si</span> <span class='ocrx_word' id='word_1_639' title='bbox 1278 1863 1426 1912; x_wconf 88' lang='lat' dir='ltr'><strong>mortui,</strong></span> <span class='ocrx_word' id='word_1_640' title='bbox 1445 1864 1582 1902; x_wconf 88' lang='lat' dir='ltr'><strong>immoti</strong></span> <span class='ocrx_word' id='word_1_641' title='bbox 1604 1880 1819 1905; x_wconf 88' lang='lat' dir='ltr'><strong>maneamus.</strong></span> <span class='ocrx_word' id='word_1_642' title='bbox 1839 1867 1947 1918; x_wconf 83' lang='lat' dir='ltr'><strong>Atqui</strong></span> <span class='ocrx_word' id='word_1_643' title='bbox 1965 1869 2053 1906; x_wconf 81' lang='lat' dir='ltr'><strong>alibi</strong></span> <span class='ocrx_word' id='word_1_644' title='bbox 2073 1884 2214 1921; x_wconf 85' lang='lat' dir='ltr'><strong>quoque</strong></span> 
     </span>
     <span class='ocr_line' id='line_1_85' title="bbox 1228 1923 2213 1980; baseline 0.009 -20"><span class='ocrx_word' id='word_1_645' title='bbox 1228 1923 1295 1970; x_wconf 85' lang='lat' dir='ltr'><strong>ait,</strong></span> <span class='ocrx_word' id='word_1_646' title='bbox 1327 1924 1444 1976; x_wconf 86' lang='lat' dir='ltr'><strong>ipsum</strong></span> <span class='ocrx_word' id='word_1_647' title='bbox 1473 1935 1657 1977; x_wconf 87' lang='lat' dir='ltr'><strong>peccatum</strong></span> <span class='ocrx_word' id='word_1_648' title='bbox 1686 1937 1868 1965; x_wconf 89' lang='lat' dir='ltr'><strong>mortuum</strong></span> <span class='ocrx_word' id='word_1_649' title='bbox 1899 1942 1989 1978; x_wconf 81' lang='lat' dir='ltr'><strong>esse;</strong></span> <span class='ocrx_word' id='word_1_650' title='bbox 2007 1930 2068 1967; x_wconf 91' lang='lat' dir='ltr'>sed</span> <span class='ocrx_word' id='word_1_651' title='bbox 2090 1931 2152 1980; x_wconf 84' lang='lat' dir='ltr'><strong>ibi,</strong></span> <span class='ocrx_word' id='word_1_652' title='bbox 2173 1941 2213 1969; x_wconf 83' lang='lat' dir='ltr'>ut</span> 
     </span>
     <span class='ocr_line' id='line_1_86' title="bbox 1227 1984 2212 2041; baseline 0.009 -20"><span class='ocrx_word' id='word_1_653' title='bbox 1227 1984 1366 2022; x_wconf 51' lang='lat' dir='ltr'><strong>facilem</strong></span> <span class='ocrx_word' id='word_1_654' title='bbox 1386 1986 1547 2024; x_wconf 89' lang='lat' dir='ltr'><strong>ostendat</strong></span> <span class='ocrx_word' id='word_1_655' title='bbox 1577 1987 1764 2037; x_wconf 73' lang='lat' dir='ltr'><strong>virtutem,</strong></span> <span class='ocrx_word' id='word_1_656' title='bbox 1784 1989 1852 2026; x_wconf 87' lang='lat' dir='ltr'>hoc</span> <span class='ocrx_word' id='word_1_657' title='bbox 1873 1991 2005 2041; x_wconf 84' lang='lat' dir='ltr'><strong>profert</strong></span> <span class='ocrx_word' id='word_1_658' title='bbox 2016 2006 2027 2041; x_wconf 78' lang='lat'><em>3</em></span> <span class='ocrx_word' id='word_1_659' title='bbox 2050 1991 2109 2029; x_wconf 86' lang='lat' dir='ltr'>hic</span> <span class='ocrx_word' id='word_1_660' title='bbox 2127 2007 2212 2031; x_wconf 66' lang='lat' dir='ltr'><strong>vero</strong></span> 
     </span>
     <span class='ocr_line' id='line_1_87' title="bbox 1227 2045 2212 2104; baseline 0.009 -22"><span class='ocrx_word' id='word_1_661' title='bbox 1227 2045 1395 2095; x_wconf 86' lang='lat' dir='ltr'><strong>quoniam</strong></span> <span class='ocrx_word' id='word_1_662' title='bbox 1426 2047 1624 2086; x_wconf 84' lang='lat' dir='ltr'><strong>auditorem</strong></span> <span class='ocrx_word' id='word_1_663' title='bbox 1654 2049 1808 2087; x_wconf 78' lang='lat' dir='ltr'><strong>excitare</strong></span> <span class='ocrx_word' id='word_1_664' title='bbox 1837 2050 1998 2100; x_wconf 84' lang='lat' dir='ltr'><strong>festinat,</strong></span> <span class='ocrx_word' id='word_1_665' title='bbox 2027 2052 2072 2090; x_wconf 88' lang='lat' dir='ltr'>ad</span> <span class='ocrx_word' id='word_1_666' title='bbox 2094 2052 2212 2104; x_wconf 89' lang='lat' dir='ltr'><strong>ipsum</strong></span> 
     </span>
     <span class='ocr_line' id='line_1_88' title="bbox 1227 2110 2212 2161; baseline 0.008 -17"><span class='ocrx_word' id='word_1_667' title='bbox 1227 2116 1377 2145; x_wconf 85' lang='lat' dir='ltr'><strong>mortem</strong></span> <span class='ocrx_word' id='word_1_668' title='bbox 1397 2110 1571 2147; x_wconf 76' lang='lat' dir='ltr'><strong>transfert.</strong></span> <span class='ocrx_word' id='word_1_669' title='bbox 1590 2110 1741 2157; x_wconf 89' lang='lat' dir='ltr'><strong>Deinde,</strong></span> <span class='ocrx_word' id='word_1_670' title='bbox 1765 2111 1849 2161; x_wconf 88' lang='lat' dir='ltr'><strong>quia</strong></span> <span class='ocrx_word' id='word_1_671' title='bbox 1868 2111 2005 2149; x_wconf 88' lang='lat' dir='ltr'><strong>dictum</strong></span> <span class='ocrx_word' id='word_1_672' title='bbox 2036 2113 2127 2151; x_wconf 81' lang='lat' dir='ltr'><strong>illud</strong></span> <span class='ocrx_word' id='word_1_673' title='bbox 2147 2114 2212 2152; x_wconf 86' lang='lat' dir='ltr'>ob-</span> 
     </span>
     <span class='ocr_line' id='line_1_89' title="bbox 1226 2171 2212 2223; baseline 0.007 -17"><span class='ocrx_word' id='word_1_674' title='bbox 1226 2183 1371 2207; x_wconf 86' lang='lat' dir='ltr'><strong>scurum</strong></span> <span class='ocrx_word' id='word_1_675' title='bbox 1405 2180 1493 2221; x_wconf 90' lang='lat' dir='ltr'><strong>erat,</strong></span> <span class='ocrx_word' id='word_1_676' title='bbox 1518 2171 1610 2208; x_wconf 91' lang='lat' dir='ltr'><strong>illud</strong></span> <span class='ocrx_word' id='word_1_677' title='bbox 1640 2171 1793 2223; x_wconf 80' lang='lat' dir='ltr'><strong>explieat</strong></span> <span class='ocrx_word' id='word_1_678' title='bbox 1820 2173 2084 2212; x_wconf 71' lang='lat' dir='ltr'><strong>vehementiore</strong></span> <span class='ocrx_word' id='word_1_679' title='bbox 2112 2184 2212 2213; x_wconf 85' lang='lat' dir='ltr'><strong>utens</strong></span> 
     </span>
     <span class='ocr_line' id='line_1_90' title="bbox 1226 2232 2210 2288; baseline 0.006 -20"><span class='ocrx_word' id='word_1_680' title='bbox 1226 2244 1385 2269; x_wconf 84' lang='lat' dir='ltr'><strong>sermone</strong></span> <span class='ocrx_word' id='word_1_681' title='bbox 1403 2247 1410 2268; x_wconf 75' lang='grc' dir='ltr'>ι</span> <span class='ocrx_word' id='word_1_682' title='bbox 1428 2232 1477 2269; x_wconf 87' lang='lat' dir='ltr'>ait</span> <span class='ocrx_word' id='word_1_683' title='bbox 1507 2232 1625 2270; x_wconf 91' lang='lat' dir='ltr'><strong>enim:</strong></span> <span class='ocrx_word' id='word_1_684' title='bbox 1643 2233 1679 2270; x_wconf 85' lang='lat'>5.</span> <span class='ocrx_word' id='word_1_685' title='bbox 1715 2234 1785 2270; x_wconf 86' lang='lat' dir='ltr'>An</span> <span class='ocrx_word' id='word_1_686' title='bbox 1814 2237 2015 2286; x_wconf 78' lang='lat' dir='ltr'><strong>ignoratis,</strong></span> <span class='ocrx_word' id='word_1_687' title='bbox 2039 2237 2210 2288; x_wconf 80' lang='lat' dir='ltr'><strong>fratres,</strong></span> 
     </span>
     <span class='ocr_line' id='line_1_91' title="bbox 1227 2293 2209 2347; baseline 0.006 -18"><span class='ocrx_word' id='word_1_688' title='bbox 1227 2293 1332 2343; x_wconf 78' lang='lat' dir='ltr'><strong>quod</strong></span> <span class='ocrx_word' id='word_1_689' title='bbox 1346 2295 1576 2346; x_wconf 82' lang='lat' dir='ltr'><strong>quicumque</strong></span> <span class='ocrx_word' id='word_1_690' title='bbox 1590 2297 1631 2331; x_wconf 83' lang='lat' dir='ltr'>in</span> <span class='ocrx_word' id='word_1_691' title='bbox 1647 2295 1844 2332; x_wconf 79' lang='lat' dir='ltr'><strong>Christum</strong></span> <span class='ocrx_word' id='word_1_692' title='bbox 1860 2297 2049 2347; x_wconf 80' lang='lat' dir='ltr'><strong>baptizati</strong></span> <span class='ocrx_word' id='word_1_693' title='bbox 2064 2310 2209 2343; x_wconf 81' lang='lat' dir='ltr'><strong>sumus,</strong></span> 
     </span>
     <span class='ocr_line' id='line_1_92' title="bbox 1227 2356 2213 2406; baseline 0.005 -16"><span class='ocrx_word' id='word_1_694' title='bbox 1227 2356 1268 2390; x_wconf 87' lang='lat' dir='ltr'>in</span> <span class='ocrx_word' id='word_1_695' title='bbox 1298 2363 1455 2392; x_wconf 83' lang='lat' dir='ltr'><strong>mortem</strong></span> <span class='ocrx_word' id='word_1_696' title='bbox 1486 2357 1604 2406; x_wconf 79' lang='lat' dir='ltr'><strong>ipsius</strong></span> <span class='ocrx_word' id='word_1_697' title='bbox 1633 2357 1820 2406; x_wconf 70' lang='lat' dir='ltr'><strong>baptizati</strong></span> <span class='ocrx_word' id='word_1_698' title='bbox 1835 2360 1992 2394; x_wconf 76' lang='lat' dir='ltr'><strong>sumus?</strong></span> <span class='ocrx_word' id='word_1_699' title='bbox 2006 2357 2046 2397; x_wconf 70' lang='grc'>4,</span> <span class='ocrx_word' id='word_1_700' title='bbox 2067 2358 2213 2395; x_wconf 83' lang='lat' dir='ltr'><strong>Conse-</strong></span> 
     </span>
     <span class='ocr_line' id='line_1_93' title="bbox 1223 2415 2212 2468; baseline 0.004 -17"><span class='ocrx_word' id='word_1_701' title='bbox 1223 2415 1324 2465; x_wconf 81' lang='lat' dir='ltr'><strong>pulti</strong></span> <span class='ocrx_word' id='word_1_702' title='bbox 1339 2417 1458 2466; x_wconf 82' lang='lat' dir='ltr'><strong>igitur</strong></span> <span class='ocrx_word' id='word_1_703' title='bbox 1472 2418 1545 2468; x_wconf 81' lang='lat' dir='ltr'><strong>ipsi</strong></span> <span class='ocrx_word' id='word_1_704' title='bbox 1559 2430 1688 2454; x_wconf 85' lang='lat' dir='ltr'><strong>sumus</strong></span> <span class='ocrx_word' id='word_1_705' title='bbox 1702 2430 1772 2467; x_wconf 84' lang='lat' dir='ltr'>per</span> <span class='ocrx_word' id='word_1_706' title='bbox 1793 2418 2023 2467; x_wconf 79' lang='lat' dir='ltr'><strong>baptismum</strong></span> <span class='ocrx_word' id='word_1_707' title='bbox 2039 2420 2081 2454; x_wconf 87' lang='lat' dir='ltr'>in</span> <span class='ocrx_word' id='word_1_708' title='bbox 2109 2432 2212 2455; x_wconf 80' lang='lat' dir='ltr'><strong>mor-</strong></span> 
     </span>
     <span class='ocr_line' id='line_1_94' title="bbox 1174 2475 2211 2529; baseline 0.004 -17"><span class='ocrx_word' id='word_1_709' title='bbox 1174 2482 1198 2511; x_wconf 90' lang='lat' dir='ltr'><strong>E</strong></span> <span class='ocrx_word' id='word_1_710' title='bbox 1226 2484 1316 2512; x_wconf 76' lang='lat' dir='ltr'><strong>tem.</strong></span> <span class='ocrx_word' id='word_1_711' title='bbox 1333 2475 1430 2522; x_wconf 86' lang='lat' dir='ltr'><strong>Quid</strong></span> <span class='ocrx_word' id='word_1_712' title='bbox 1450 2476 1518 2513; x_wconf 86' lang='lat' dir='ltr'><strong>sibi</strong></span> <span class='ocrx_word' id='word_1_713' title='bbox 1532 2475 1612 2513; x_wconf 80' lang='lat' dir='ltr'><strong>vult</strong></span> <span class='ocrx_word' id='word_1_714' title='bbox 1626 2475 1732 2526; x_wconf 88' lang='lat' dir='ltr'><strong>illud,</strong></span> <span class='ocrx_word' id='word_1_715' title='bbox 1753 2478 1802 2513; x_wconf 84' lang='lat' dir='ltr'>In</span> <span class='ocrx_word' id='word_1_716' title='bbox 1818 2485 1978 2514; x_wconf 84' lang='lat' dir='ltr'><strong>mortem</strong></span> <span class='ocrx_word' id='word_1_717' title='bbox 2005 2480 2122 2529; x_wconf 79' lang='lat' dir='ltr'><strong>ipsius</strong></span> <span class='ocrx_word' id='word_1_718' title='bbox 2140 2481 2211 2515; x_wconf 80' lang='lat' dir='ltr'>ba-</span> 
     </span>
    </p>

    <p class='ocr_par' dir='ltr' id='par_1_22' title="bbox 1221 2536 2207 2587">
     <span class='ocr_line' id='line_1_95' title="bbox 1221 2536 2207 2587; baseline 0.005 -16"><span class='ocrx_word' id='word_1_719' title='bbox 1221 2538 1362 2585; x_wconf 77' lang='lat' dir='ltr'><strong>ptizati</strong></span> <span class='ocrx_word' id='word_1_720' title='bbox 1380 2541 1535 2574; x_wconf 78' lang='lat' dir='ltr'><strong>sumus?</strong></span> <span class='ocrx_word' id='word_1_721' title='bbox 1551 2537 1602 2574; x_wconf 89' lang='lat' dir='ltr'>Ut</span> <span class='ocrx_word' id='word_1_722' title='bbox 1620 2536 1687 2587; x_wconf 87' lang='lat' dir='ltr'><strong>ipsi</strong></span> <span class='ocrx_word' id='word_1_723' title='bbox 1709 2537 1906 2574; x_wconf 86' lang='lat' dir='ltr'><strong>moriamur</strong></span> <span class='ocrx_word' id='word_1_724' title='bbox 1936 2537 2026 2575; x_wconf 88' lang='lat' dir='ltr'><strong>sicut</strong></span> <span class='ocrx_word' id='word_1_725' title='bbox 2058 2548 2091 2576; x_wconf 90' lang='lat' dir='ltr'>et</span> <span class='ocrx_word' id='word_1_726' title='bbox 2120 2539 2180 2576; x_wconf 85' lang='lat' dir='ltr'><strong>ille</strong></span> <span class='ocrx_word' id='word_1_727' title='bbox 2199 2555 2207 2575; x_wconf 78' lang='grc' dir='ltr'><em>τ</em></span> 
     </span>
    </p>

    <p class='ocr_par' dir='ltr' id='par_1_23' title="bbox 1225 2596 2210 2648">
     <span class='ocr_line' id='line_1_96' title="bbox 1225 2596 2210 2648; baseline 0.003 -15"><span class='ocrx_word' id='word_1_728' title='bbox 1225 2597 1324 2633; x_wconf 77' lang='lat' dir='ltr'><strong>Crux</strong></span> <span class='ocrx_word' id='word_1_729' title='bbox 1343 2596 1436 2634; x_wconf 90' lang='lat' dir='ltr'><strong>enim</strong></span> <span class='ocrx_word' id='word_1_730' title='bbox 1453 2596 1632 2648; x_wconf 77' lang='lat' dir='ltr'><strong>baptisma</strong></span> <span class='ocrx_word' id='word_1_731' title='bbox 1650 2605 1711 2633; x_wconf 87' lang='lat' dir='ltr'><strong>est.</strong></span> <span class='ocrx_word' id='word_1_732' title='bbox 1733 2596 1839 2643; x_wconf 89' lang='lat' dir='ltr'><strong>Quod</strong></span> <span class='ocrx_word' id='word_1_733' title='bbox 1859 2596 1968 2647; x_wconf 83' lang='lat' dir='ltr'><strong>igitur</strong></span> <span class='ocrx_word' id='word_1_734' title='bbox 1986 2598 2127 2636; x_wconf 83' lang='lat' dir='ltr'><strong>Christo</strong></span> <span class='ocrx_word' id='word_1_735' title='bbox 2142 2599 2210 2636; x_wconf 82' lang='lat' dir='ltr'><strong>fuit</strong></span> 
     </span>
    </p>

    <p class='ocr_par' dir='ltr' id='par_1_24' title="bbox 1224 2656 2210 2708">
     <span class='ocr_line' id='line_1_97' title="bbox 1224 2656 2210 2708; baseline 0.003 -16"><span class='ocrx_word' id='word_1_736' title='bbox 1224 2669 1314 2693; x_wconf 81' lang='lat' dir='ltr'><strong>crux</strong></span> <span class='ocrx_word' id='word_1_737' title='bbox 1332 2665 1364 2692; x_wconf 91' lang='lat' dir='ltr'>et</span> <span class='ocrx_word' id='word_1_738' title='bbox 1380 2657 1597 2707; x_wconf 79' lang='lat' dir='ltr'><strong>sepulcrum,</strong></span> <span class='ocrx_word' id='word_1_739' title='bbox 1613 2657 1681 2693; x_wconf 88' lang='lat' dir='ltr'>hoc</span> <span class='ocrx_word' id='word_1_740' title='bbox 1701 2656 1804 2693; x_wconf 84' lang='lat' dir='ltr'><strong>nobis</strong></span> <span class='ocrx_word' id='word_1_741' title='bbox 1829 2656 2007 2708; x_wconf 88' lang='lat' dir='ltr'><strong>baptisma</strong></span> <span class='ocrx_word' id='word_1_742' title='bbox 2036 2657 2124 2704; x_wconf 90' lang='lat' dir='ltr'><strong>fuit,</strong></span> <span class='ocrx_word' id='word_1_743' title='bbox 2144 2659 2210 2695; x_wconf 87' lang='lat' dir='ltr'><strong>etsi</strong></span> 
     </span>
    </p>

    <p class='ocr_par' dir='ltr' id='par_1_25' title="bbox 1224 2715 2209 2767">
     <span class='ocr_line' id='line_1_98' title="bbox 1224 2715 2209 2767; baseline 0.001 -14"><span class='ocrx_word' id='word_1_744' title='bbox 1224 2730 1293 2754; x_wconf 88' lang='lat' dir='ltr'>non</span> <span class='ocrx_word' id='word_1_745' title='bbox 1308 2715 1434 2753; x_wconf 91' lang='lat' dir='ltr'><strong>iisdem</strong></span> <span class='ocrx_word' id='word_1_746' title='bbox 1451 2716 1486 2753; x_wconf 91' lang='lat' dir='ltr'>in</span> <span class='ocrx_word' id='word_1_747' title='bbox 1503 2717 1609 2753; x_wconf 87' lang='lat' dir='ltr'><strong>rebus</strong></span> <span class='ocrx_word' id='word_1_748' title='bbox 1623 2732 1630 2751; x_wconf 91' lang='lat'><strong>:</strong></span> <span class='ocrx_word' id='word_1_749' title='bbox 1649 2716 1723 2767; x_wconf 86' lang='lat' dir='ltr'><strong>ipse</strong></span> <span class='ocrx_word' id='word_1_750' title='bbox 1738 2730 1890 2766; x_wconf 88' lang='lat' dir='ltr'><strong>namque</strong></span> <span class='ocrx_word' id='word_1_751' title='bbox 1920 2730 2022 2753; x_wconf 88' lang='lat' dir='ltr'><strong>carne</strong></span> <span class='ocrx_word' id='word_1_752' title='bbox 2047 2725 2209 2754; x_wconf 88' lang='lat' dir='ltr'><strong>mortuus</strong></span> 
     </span>
    </p>

    <p class='ocr_par' dir='ltr' id='par_1_26' title="bbox 1224 2777 2210 2829">
     <span class='ocr_line' id='line_1_99' title="bbox 1224 2777 2210 2829; baseline 0 -14"><span class='ocrx_word' id='word_1_753' title='bbox 1224 2791 1264 2815; x_wconf 85' lang='lat' dir='ltr'><strong>ac</strong></span> <span class='ocrx_word' id='word_1_754' title='bbox 1280 2778 1437 2829; x_wconf 88' lang='lat' dir='ltr'><strong>sepultus</strong></span> <span class='ocrx_word' id='word_1_755' title='bbox 1453 2786 1516 2826; x_wconf 90' lang='lat' dir='ltr'><strong>est,</strong></span> <span class='ocrx_word' id='word_1_756' title='bbox 1527 2791 1590 2815; x_wconf 89' lang='lat' dir='ltr'>nos</span> <span class='ocrx_word' id='word_1_757' title='bbox 1605 2786 1722 2814; x_wconf 86' lang='lat' dir='ltr'><strong>autem</strong></span> <span class='ocrx_word' id='word_1_758' title='bbox 1736 2786 1879 2829; x_wconf 85' lang='lat' dir='ltr'><strong>peccato</strong></span> <span class='ocrx_word' id='word_1_759' title='bbox 1897 2786 2097 2827; x_wconf 85' lang='lat' dir='ltr'><strong>utrumque.</strong></span> <span class='ocrx_word' id='word_1_760' title='bbox 2114 2777 2210 2823; x_wconf 83' lang='lat' dir='ltr'><strong>Qua-</strong></span> 
     </span>
    </p>

    <p class='ocr_par' dir='ltr' id='par_1_27' title="bbox 1223 2838 2208 2891">
     <span class='ocr_line' id='line_1_100' title="bbox 1223 2838 2208 2891; baseline 0 -15"><span class='ocrx_word' id='word_1_761' title='bbox 1223 2848 1368 2891; x_wconf 83' lang='lat' dir='ltr'><strong>propter</strong></span> <span class='ocrx_word' id='word_1_762' title='bbox 1396 2853 1463 2876; x_wconf 89' lang='lat' dir='ltr'>non</span> <span class='ocrx_word' id='word_1_763' title='bbox 1479 2838 1588 2887; x_wconf 84' lang='lat' dir='ltr'><strong>dixit,</strong></span> <span class='ocrx_word' id='word_1_764' title='bbox 1611 2839 1879 2889; x_wconf 67' lang='lat' dir='ltr'><strong>complantati</strong></span> <span class='ocrx_word' id='word_1_765' title='bbox 1899 2852 1979 2875; x_wconf 89' lang='lat' dir='ltr'>cum</span> <span class='ocrx_word' id='word_1_766' title='bbox 1994 2847 2128 2885; x_wconf 79' lang='lat' dir='ltr'><strong>morte3</strong></span> <span class='ocrx_word' id='word_1_767' title='bbox 2146 2839 2208 2876; x_wconf 83' lang='lat' dir='ltr'>sed</span> 
     </span>
    </p>

    <p class='ocr_par' dir='ltr' id='par_1_28' title="bbox 1226 2898 2207 2939">
     <span class='ocr_line' id='line_1_101' title="bbox 1226 2898 2207 2939; baseline -0.003 -1"><span class='ocrx_word' id='word_1_768' title='bbox 1226 2903 1323 2939; x_wconf 85' lang='lat' dir='ltr'>Cum</span> <span class='ocrx_word' id='word_1_769' title='bbox 1341 2900 1595 2938; x_wconf 83' lang='lat' dir='ltr'><strong>similitudine</strong></span> <span class='ocrx_word' id='word_1_770' title='bbox 1621 2901 1765 2936; x_wconf 77' lang='lat' dir='ltr'><strong>mortis.</strong></span> <span class='ocrx_word' id='word_1_771' title='bbox 1796 2900 1894 2936; x_wconf 85' lang='lat' dir='ltr'><strong>Mors</strong></span> <span class='ocrx_word' id='word_1_772' title='bbox 1913 2898 2005 2936; x_wconf 90' lang='lat' dir='ltr'><strong>enim</strong></span> <span class='ocrx_word' id='word_1_773' title='bbox 2024 2907 2075 2935; x_wconf 88' lang='lat' dir='ltr'>cst</span> <span class='ocrx_word' id='word_1_774' title='bbox 2091 2908 2124 2936; x_wconf 88' lang='lat' dir='ltr'>et</span> <span class='ocrx_word' id='word_1_775' title='bbox 2140 2899 2207 2936; x_wconf 87' lang='lat' dir='ltr'>hoc</span> 
     </span>
    </p>

    <p class='ocr_par' dir='ltr' id='par_1_29' title="bbox 1223 2959 2205 3013">
     <span class='ocr_line' id='line_1_102' title="bbox 1223 2959 2205 3013; baseline -0.002 -14"><span class='ocrx_word' id='word_1_776' title='bbox 1223 2971 1257 2999; x_wconf 86' lang='lat' dir='ltr'>et</span> <span class='ocrx_word' id='word_1_777' title='bbox 1271 2961 1374 3009; x_wconf 81' lang='lat' dir='ltr'><strong>illud,</strong></span> <span class='ocrx_word' id='word_1_778' title='bbox 1384 2961 1444 2999; x_wconf 90' lang='lat' dir='ltr'>sed</span> <span class='ocrx_word' id='word_1_779' title='bbox 1456 2974 1525 2998; x_wconf 89' lang='lat' dir='ltr'>non</span> <span class='ocrx_word' id='word_1_780' title='bbox 1539 2959 1696 3013; x_wconf 88' lang='lat' dir='ltr'><strong>ejusdem</strong></span> <span class='ocrx_word' id='word_1_781' title='bbox 1710 2960 1879 3011; x_wconf 79' lang='lat' dir='ltr'><strong>subjecti3</strong></span> <span class='ocrx_word' id='word_1_782' title='bbox 1896 2959 1958 2997; x_wconf 87' lang='lat' dir='ltr'>sed</span> <span class='ocrx_word' id='word_1_783' title='bbox 1970 2974 2066 2998; x_wconf 90' lang='lat' dir='ltr'><strong>mors</strong></span> <span class='ocrx_word' id='word_1_784' title='bbox 2076 2960 2205 3007; x_wconf 87' lang='lat' dir='ltr'><strong>carnis,</strong></span> 
     </span>
    </p>

    <p class='ocr_par' dir='ltr' id='par_1_30' title="bbox 1224 3019 2204 3072">
     <span class='ocr_line' id='line_1_103' title="bbox 1224 3019 2204 3072; baseline -0.003 -12"><span class='ocrx_word' id='word_1_785' title='bbox 1224 3021 1356 3059; x_wconf 88' lang='lat' dir='ltr'><strong>Christi</strong></span> <span class='ocrx_word' id='word_1_786' title='bbox 1370 3031 1421 3059; x_wconf 89' lang='lat' dir='ltr'>est</span> <span class='ocrx_word' id='word_1_787' title='bbox 1435 3052 1444 3069; x_wconf 82' lang='lat'><strong>,</strong></span> <span class='ocrx_word' id='word_1_788' title='bbox 1462 3035 1558 3059; x_wconf 89' lang='lat' dir='ltr'><strong>mors</strong></span> <span class='ocrx_word' id='word_1_789' title='bbox 1577 3020 1723 3072; x_wconf 75' lang='lat' dir='ltr'><strong>peccati,</strong></span> <span class='ocrx_word' id='word_1_790' title='bbox 1740 3028 1870 3057; x_wconf 84' lang='lat' dir='ltr'><strong>nostra.</strong></span> <span class='ocrx_word' id='word_1_791' title='bbox 1891 3019 2204 3065; x_wconf 84' lang='lat' dir='ltr'><strong>Quemadmodum</strong></span> 
     </span>
    </p>

    <p class='ocr_par' dir='ltr' id='par_1_31' title="bbox 1222 3079 2204 3134">
     <span class='ocr_line' id='line_1_104' title="bbox 1222 3079 2204 3134; baseline -0.003 -14"><span class='ocrx_word' id='word_1_792' title='bbox 1222 3083 1332 3134; x_wconf 85' lang='lat' dir='ltr'><strong>igitur</strong></span> <span class='ocrx_word' id='word_1_793' title='bbox 1349 3083 1423 3131; x_wconf 86' lang='lat' dir='ltr'><strong>illa,</strong></span> <span class='ocrx_word' id='word_1_794' title='bbox 1445 3082 1495 3119; x_wconf 83' lang='lat' dir='ltr'>sic</span> <span class='ocrx_word' id='word_1_795' title='bbox 1512 3090 1546 3119; x_wconf 90' lang='lat' dir='ltr'>et</span> <span class='ocrx_word' id='word_1_796' title='bbox 1563 3081 1639 3118; x_wconf 80' lang='lat' dir='ltr'>haec</span> <span class='ocrx_word' id='word_1_797' title='bbox 1655 3094 1738 3117; x_wconf 79' lang='lat' dir='ltr'><strong>vera</strong></span> <span class='ocrx_word' id='word_1_798' title='bbox 1754 3088 1817 3117; x_wconf 86' lang='lat' dir='ltr'><strong>est.</strong></span> <span class='ocrx_word' id='word_1_799' title='bbox 1839 3082 1887 3117; x_wconf 89' lang='lat' dir='ltr'><strong>At</strong></span> <span class='ocrx_word' id='word_1_800' title='bbox 1905 3079 1968 3117; x_wconf 89' lang='lat' dir='ltr'><strong>etsi</strong></span> <span class='ocrx_word' id='word_1_801' title='bbox 1988 3093 2072 3117; x_wconf 76' lang='lat' dir='ltr'><strong>vera</strong></span> <span class='ocrx_word' id='word_1_802' title='bbox 2087 3080 2143 3128; x_wconf 91' lang='lat' dir='ltr'><strong>sit,</strong></span> <span class='ocrx_word' id='word_1_803' title='bbox 2166 3094 2204 3117; x_wconf 86' lang='lat' dir='ltr'>ea</span> 
     </span>
    </p>

    <p class='ocr_par' dir='ltr' id='par_1_32' title="bbox 1179 3139 2205 3259">
     <span class='ocr_line' id='line_1_105' title="bbox 1179 3139 2205 3198; baseline -0.003 -16.866"><span class='ocrx_word' id='word_1_804' title='bbox 1179 3159 1301 3198; x_wconf 65' lang='lat' dir='ltr'><strong>,quiae</strong></span> <span class='ocrx_word' id='word_1_805' title='bbox 1320 3158 1424 3196; x_wconf 86' lang='lat' dir='ltr'><strong>penes</strong></span> <span class='ocrx_word' id='word_1_806' title='bbox 1443 3157 1505 3180; x_wconf 89' lang='lat' dir='ltr'>nos</span> <span class='ocrx_word' id='word_1_807' title='bbox 1526 3151 1606 3180; x_wconf 90' lang='lat' dir='ltr'><strong>sunt</strong></span> <span class='ocrx_word' id='word_1_808' title='bbox 1623 3141 1841 3179; x_wconf 85' lang='lat' dir='ltr'><strong>conseramus</strong></span> <span class='ocrx_word' id='word_1_809' title='bbox 1855 3149 2013 3192; x_wconf 85' lang='lat' dir='ltr'><strong>oportet:</strong></span> <span class='ocrx_word' id='word_1_810' title='bbox 2027 3139 2106 3178; x_wconf 84' lang='lat' dir='ltr'><strong>ideo</strong></span> <span class='ocrx_word' id='word_1_811' title='bbox 2120 3141 2205 3178; x_wconf 85' lang='lat' dir='ltr'><strong>suh-</strong></span> 
     </span>
     <span class='ocr_line' id='line_1_106' title="bbox 1162 3174 2203 3259; baseline -0.006 -14.888"><span class='ocrx_word' id='word_1_812' title='bbox 1162 3174 1209 3239; x_wconf 53' lang='lat'>52³6</span> <span class='ocrx_word' id='word_1_813' title='bbox 1217 3206 1339 3259; x_wconf 82' lang='lat' dir='ltr'><strong>jungit</strong></span> <span class='ocrx_word' id='word_1_814' title='bbox 1357 3221 1364 3241; x_wconf 73' lang='grc' dir='ltr'><strong><em>ε</em></strong></span> <span class='ocrx_word' id='word_1_815' title='bbox 1389 3207 1438 3243; x_wconf 78' lang='lat' dir='ltr'><strong>Ut</strong></span> <span class='ocrx_word' id='word_1_816' title='bbox 1459 3203 1781 3256; x_wconf 82' lang='lat' dir='ltr'><strong>quemadmodum</strong></span> <span class='ocrx_word' id='word_1_817' title='bbox 1806 3203 1980 3239; x_wconf 75' lang='lat' dir='ltr'><strong>Christus</strong></span> <span class='ocrx_word' id='word_1_818' title='bbox 1997 3204 2161 3239; x_wconf 66' lang='lat' dir='ltr'><strong>surrexit</strong></span> <span class='ocrx_word' id='word_1_819' title='bbox 2178 3217 2203 3239; x_wconf 71' lang='lat' dir='ltr'><strong>a</strong></span> 
     </span>
    </p>

    <p class='ocr_par' dir='ltr' id='par_1_33' title="bbox 1222 3266 2202 3318">
     <span class='ocr_line' id='line_1_107' title="bbox 1222 3266 2202 3318; baseline -0.005 -13"><span class='ocrx_word' id='word_1_820' title='bbox 1222 3270 1380 3305; x_wconf 78' lang='lat' dir='ltr'><strong>mortuis</strong></span> <span class='ocrx_word' id='word_1_821' title='bbox 1393 3281 1461 3318; x_wconf 81' lang='lat' dir='ltr'>per</span> <span class='ocrx_word' id='word_1_822' title='bbox 1485 3266 1650 3317; x_wconf 79' lang='lat' dir='ltr'><strong>gloriam</strong></span> <span class='ocrx_word' id='word_1_823' title='bbox 1668 3266 1811 3310; x_wconf 74' lang='lat' dir='ltr'><strong>Patris,</strong></span> <span class='ocrx_word' id='word_1_824' title='bbox 1831 3266 1885 3301; x_wconf 85' lang='lat' dir='ltr'>ila</span> <span class='ocrx_word' id='word_1_825' title='bbox 1900 3272 1935 3301; x_wconf 80' lang='lat' dir='ltr'>et</span> <span class='ocrx_word' id='word_1_826' title='bbox 1953 3277 2020 3301; x_wconf 83' lang='lat' dir='ltr'><strong>nos</strong></span> <span class='ocrx_word' id='word_1_827' title='bbox 2036 3266 2076 3301; x_wconf 83' lang='lat' dir='ltr'>in</span> <span class='ocrx_word' id='word_1_828' title='bbox 2095 3266 2202 3300; x_wconf 67' lang='lat' dir='ltr'><strong>nove·-</strong></span> 
     </span>
    </p>
   </div>
   <div class='ocr_carea' id='block_1_22' title="bbox 1238 3387 1897 3430">
    <p class='ocr_par' dir='ltr' id='par_1_34' title="bbox 1238 3387 1897 3430">
     <span class='ocr_line' id='line_1_108' title="bbox 1238 3387 1897 3430; baseline -0.005 -7"><span class='ocrx_word' id='word_1_829' title='bbox 1238 3404 1248 3415; x_wconf 74' lang='grc'>·“</span> <span class='ocrx_word' id='word_1_830' title='bbox 1275 3392 1328 3424; x_wconf 70' lang='lat' dir='ltr'><strong>Sic</strong></span> <span class='ocrx_word' id='word_1_831' title='bbox 1347 3391 1422 3422; x_wconf 76' lang='lat' dir='ltr'><strong>Mss.</strong></span> <span class='ocrx_word' id='word_1_832' title='bbox 1443 3387 1534 3421; x_wconf 73' lang='lat' dir='ltr'><strong>Editi</strong></span> <span class='ocrx_word' id='word_1_833' title='bbox 1551 3399 1627 3420; x_wconf 76' lang='lat' dir='ltr'><strong>vero</strong></span> <span class='ocrx_word' id='word_1_834' title='bbox 1645 3389 1897 3430; x_wconf 64' lang='grc' dir='ltr'>ὁμολογουμένων.</span> 
     </span>
    </p>
   </div>
  </div>
 </body>
</html>
