2502 3810
713 290 754 319 ΙΝ
791 289 905 318 ACTA
943 289 968 317 A
975 287 1221 317 POSTOLORU
1229 288 1260 316 M
1268 305 1278 315 .

131 374 279 420 ἀνεῖλεν,
300 372 389 411 ἀλλὰ
408 372 517 422 ταύτῃ
549 373 678 422 μᾶλλον
696 370 870 421 ὠφέλησεν
888 386 894 393 ·
916 370 1062 408 ἄκουσον
1078 368 1144 419 γὰρ

128 434 161 471 τί
181 449 289 485 φησι·
317 432 426 478 Φωνὴ
458 431 604 482 αἵματος
622 436 680 469 τοῦ
710 432 854 481 ἀδελφοῦ
873 445 933 466 σου
966 432 1030 481 βοᾷ
1060 428 1145 480 πρός

130 508 193 542 με·
224 493 283 530 καὶ
323 493 428 531 πάλιν
458 494 633 543 ἀλλαχοῦ,
670 491 819 541 Αἵματι,
849 490 954 541 φησὶ,
989 497 1144 542 κρεῖττον

127 553 289 590 λαλοῦντι
309 553 406 605 παρὰ
423 552 480 590 τὸν
500 552 615 590 Ἄδελ.
629 550 840 596 Ἀπῆλλαξεν
861 551 960 588 αὐτὸν
981 554 1042 596 τῆς
1063 551 1144 597 ἀδη-

127 613 203 656 λιάς
226 619 286 652 τοῦ
306 613 509 664 μέλλοντος,
529 613 586 650 τὸν
608 611 727 662 μισθὸν
747 611 875 657 ηὔξησε
892 627 900 634 ·
921 610 982 657 τὴν
1007 611 1145 662 ἀγάπην

127 674 300 724 ἐμάθομεν
320 675 461 721 πάντες,
479 673 520 719 ἣν
541 677 558 711 ὃ
577 673 665 716 Θεὸς
684 672 764 724 ἔσχε
780 672 865 724 πρὸς
882 671 994 709 αὐτόν.
1014 671 1061 708 Τί
1079 670 1145 722 γὰρ

127 734 309 782 ἠδίκηται,
331 735 512 785 δεξάμενος
529 734 650 785 τάχιον
670 732 733 779 τὴν
751 732 933 778 τελευτήν,
955 731 1065 769 Οὖοέν
1079 746 1087 754 ·
1112 730 1146 768 τί

127 797 212 847 γὰρ,
232 795 308 833 εἶπέ
335 811 413 845 μοι,
434 798 464 833 οἱ
486 794 623 846 βράδιον
651 795 873 836 τελευτῶντες
893 791 1145 842 κερδαίνουσιν,

128 856 238 894 Οὐδέν
256 873 263 879 ·
290 857 366 894 οὐῗὲ
392 855 457 907 γὰρ
477 854 573 906 παρὰ
600 855 639 892 τὸ
665 853 777 891 πολλὰ
801 856 861 903 ζῇν
882 853 941 898 ἔτη
960 851 983 897 ἢ
1005 851 1106 902 ὀλίγα
1123 854 1144 897 ἡ

130 916 310 968 εὐημερία,
329 916 419 955 ἀλλὰ
438 916 532 968 παρὰ
558 915 596 952 τὸ
618 917 664 958 εἷς
685 913 759 951 δέον
779 915 971 964 κεχρῆσθαι
995 915 1038 962 τῇ
1061 915 1144 962 ζωῇ.

130 980 176 1015 Οἱ
197 983 286 1027 τρεῖς
310 978 430 1020 παῖδες
457 976 689 1022 ἐνεὸλήθησαν
723 976 771 1016 εἷς
799 973 964 1022 κάμινον,
997 973 1056 1010 καὶ
1090 972 1146 1010 διὰ

128 1037 247 1076 τούτου
264 1037 425 1088 γεγόνασι
444 1034 702 1087 λαμπρότεροι·
720 1037 737 1071 6
761 1032 896 1079 Δανιὴλ
922 1034 968 1074 εἷς
996 1031 1146 1077 λάκκον,

130 1096 188 1133 καὶ
205 1099 355 1134 ἐντεῦθεν
374 1094 660 1146 περιφανέστερος
678 1093 839 1139 καθέστη.

181 1163 288 1214 Ὁρας
317 1168 496 1214 πανταχοῦ
518 1178 596 1204 τους
621 1177 880 1215 πειρασμουςμ
856 1161 992 1213 μεγάλα
1011 1160 1144 1200 τίκτον-

127 1240 186 1267 τας
208 1222 320 1274 ἀγαθὰ
339 1223 397 1259 καὶ
417 1224 582 1267 ἐνταῦθα,
605 1238 688 1272 μητι
704 1238 743 1272 γε
759 1225 851 1260 ἐκεῖ
873 1223 930 1261 ἐπὶ
952 1222 987 1259 ’δὲ
1006 1225 1068 1268 τῆς
1085 1238 1147 1260 κα-

127 1284 203 1326 κίας
227 1282 352 1321 ταύτὸν
381 1282 530 1334 γίνεται,
563 1286 631 1320 οἷον
660 1282 699 1319 ἂν
730 1299 758 1320 ει
785 1299 836 1325 τις
869 1283 1026 1333 καλαμον
1058 1282 1146 1334 ἔχων

125 1344 381 1395 παρατάττοιτο
408 1359 493 1395 προς
525 1347 619 1394 πῦρ·
644 1346 661 1381 6
692 1342 758 1395 γαρ
787 1348 939 1386 τοιοῦτος
968 1344 1059 1381 δοκεῖ
1085 1343 1146 1394 μὲν

125 1406 288 1452 πλήττειν
319 1404 358 1442 τὸ
392 1408 477 1456 πῦρ,
507 1403 588 1441 αὐτὸ
618 1403 652 1441 δὲ
681 1404 922 1457 λαμπρότερον
948 1410 1061 1450 ποιεῖ,
1089 1404 1148 1441 καὶ

128 1465 246 1503 ἑαυτὸν
274 1464 467 1503 ἀναλίσκει.
496 1464 617 1517 Τροφὴ
644 1464 712 1516 γὰρ
738 1464 869 1515 γίνεται
891 1467 912 1510 ἡ
943 1464 1069 1511 κακία,
1089 1464 1148 1502 καὶ

128 1526 285 1569 ὑπόθεσις
304 1525 553 1578 λαμπρότητος
571 1528 613 1576 τῇ
636 1527 740 1576 ἀρετῇ
759 1541 766 1548 ·
794 1528 836 1576 τῇ
864 1525 931 1577 γὰρ
956 1524 1073 1576 ἀδικίᾳ
1101 1527 1148 1569 εἰς

130 1588 201 1626 δέον
216 1591 274 1625 τοῦ
291 1589 381 1625 Θεοῦ
396 1586 595 1639 χρωμένου,
615 1585 658 1623 τὰ
678 1586 831 1638 ἡμέτερα
848 1587 982 1637 λάμπει
1002 1588 1146 1638 μᾶλλον.

127 1649 243 1685 Πάλιν
263 1652 281 1686 6
301 1648 458 1690 διάδολος
486 1647 566 1686 ὅταν
598 1647 785 1700 ἐργάζηταί
806 1663 840 1685 τι
858 1652 1031 1692 τοιοῦτον,
1055 1650 1147 1698 λαμ-

130 1708 314 1760 προτέρους
334 1714 423 1746 ποιεῖ
437 1707 512 1750 τοὺς
527 1708 773 1758 ὑπομένοντας.
794 1707 842 1745 Τί
856 1702 912 1746 οῧν
924 1737 933 1755 ,
951 1708 1053 1760 φησὶν
1065 1739 1074 1755 ,
1089 1708 1146 1746 ἐπὶ

130 1772 188 1805 τοῦ
206 1767 315 1816 Ἀδὰμ
334 1768 371 1805 οὐ
390 1765 405 1786 ¹³
417 1766 534 1818 γέγονε
551 1771 667 1814 τοῦτο,
697 1767 773 1803 ἀλλ’
792 1765 993 1817 ἀτιμότερος
1011 1765 1146 1816 γέγονε,

130 1828 296 1866 Μάλιστα
317 1826 377 1877 μὲν
400 1827 548 1878 κάκείνῳ
565 1831 581 1864 6
595 1826 683 1870 Θεὸς
700 1829 745 1869 εἷς
761 1827 833 1865 δέον
855 1827 1028 1880 ἐχρήσατο
1040 1842 1047 1849 ·
1069 1827 1146 1864 εἶδέ

129 1905 194 1926 που
221 1905 254 1926 τι
283 1888 425 1935 ἔπαθεν,
455 1903 554 1929 αυτος
583 1887 704 1925 ἑαυτον
725 1887 870 1934 ἠοίκησε
887 1903 894 1910 ·
924 1887 966 1925 τὰ
998 1886 1059 1937 μὲν
1082 1887 1148 1939 γὰρ

129 1952 211 2000 παρ’
240 1949 365 2000 ἑτέρων
395 1950 441 1991 εἷς
467 1951 559 1998 ἧμας
578 1948 742 1999 γινόμενα
763 1949 922 2000 μεγα)ι)ν
945 1965 991 1998 ηυ
990 1954 1028 1986 .ῖν
1057 1951 1147 1999 ἀγα-

129 2012 195 2046 Οι)ν
224 2009 317 2047 αἴτια
345 2008 500 2060 γίνεται,
522 2008 566 2047 τὰ
594 2009 629 2047 δε
649 2011 732 2061 παρ’
762 2013 863 2060 ἡμων
889 2025 1000 2047 αυτων
1021 2009 1146 2048 ουκέτι.

129 2071 274 2116 Ἐπειδὴ
300 2070 367 2123 γὰρ
387 2070 603 2120 ἀδικούμενοι
632 2070 693 2120 μὲν
713 2070 770 2122 ὑφ’
789 2070 936 2121 ἑτέρων,
957 2073 1146 2122 ἀλγοῦμεν,

129 2131 194 2169 ὑπὸ
214 2131 248 2170 δὲ
269 2134 368 2182 ἡμῶν
395 2133 505 2168 αὐτῶν
533 2131 666 2177 οὐκέτι,
697 2131 864 2168 δείκνυσιν
889 2135 906 2169 6
930 2131 1040 2180 Θεὸς,
1059 2132 1112 2170 ὅτι
1130 2135 1147 2169 6

130 2192 191 2242 μὲν
218 2194 300 2244 παρ’
335 2191 450 2244 ἑτέρου
484 2192 610 2235 ἀδίκως
640 2192 806 2243 πάσχων,
837 2193 1031 2243 εὐδοκιμεῖ,
1066 2197 1083 2232 6
1111 2193 1145 2230 δὲ

128 2252 247 2290 ἑαυτὸν
277 2254 422 2299 ἀδικῶν,
447 2253 658 2303 βλάπτεται·
679 2257 693 2273 ³
707 2253 766 2290 καὶ
795 2253 890 2303 μάλα
912 2252 1070 2301 εἰκότως,
1090 2253 1146 2292 ἵνα

126 2315 236 2351 ἐκεῖνο
255 2314 317 2364 μὲν
337 2314 499 2365 γενναίως
515 2314 688 2366 φέρωμεν,
707 2318 808 2352 τοῦτο
827 2314 861 2352 δὲ
877 2314 1014 2364 μηκέτι·
1033 2315 1146 2359 ἄλλως
1158 2321 1166 2327 ”

320 2373 335 2393 ¹³
347 2376 416 2412 ἐκεῖ
432 2380 492 2412 τοῦ
510 2374 618 2424 Ἀδὰμ
634 2374 763 2425 γε’γονε.
785 2374 853 2412 Διὰ
873 2374 907 2412 τί
925 2375 992 2427 γὰρ
1012 2375 1146 2414 ἐπείθου

126 2390 162 2411 τε
177 2374 215 2411 τὸ
234 2381 302 2411 πᾶν

125 2436 167 2485 τῇ
189 2433 343 2483 γυναικί,
367 2434 422 2472 διὰ
450 2435 484 2472 τί
504 2435 571 2486 γὰρ
599 2435 737 2472 ἐναντία
761 2435 1062 2485 συμὸουλεύουσαν
1085 2438 1146 2473 οὐκ

127 2494 351 2545 ἀπεκρούσω,
375 2494 425 2533 Σὺ
460 2496 599 2538 πάντως
622 2495 765 2547 γέγονας
791 2495 916 2542 αἴτιος,
937 2496 1056 2543 ἐπειδὴ
1079 2498 1109 2534 εἷ
1129 2500 1146 2535 ὃ

128 2553 285 2597 διάέολος
304 2550 357 2602 ἦν,
377 2555 444 2593 ἔδει
463 2555 554 2593 κατὰ
570 2560 670 2594 τοῦτο
683 2555 760 2598 τοὺς
774 2556 1042 2609 πειραζομένους
1061 2557 1144 2595 ποίν-

128 2629 189 2656 τας
216 2614 429 2653 ἀπόλλυσθαι
446 2631 453 2638 ·
477 2618 506 2653 εἷ
526 2615 561 2654 δὲ
590 2616 637 2666 μὴ
660 2617 890 2665 ἀπόλλυνται,
910 2619 992 2670 παρ’
1011 2622 1104 2668 ἡμᾶς
1121 2623 1142 2665 ἦ

130 2674 233 2713 αἰτία.
253 2677 342 2713 Ἀλλ’
371 2677 460 2723 ἔδει,
481 2678 584 2728 φησὶ,
612 2678 745 2721 πάντας
772 2678 850 2722 τοὺς
876 2679 1145 2731 πειραζομὲνους

127 2735 360 2786 κατορθοῦν,ἢ
381 2739 410 2774 εἰ
430 2740 512 2788 παρ’
533 2741 626 2788 ἡμᾶς
643 2741 663 2784 ἢ
682 2738 789 2786 αἰτία,
807 2739 874 2777 ἔδει
889 2740 948 2776 καὶ
963 2739 1070 2792 χωρὶς
1087 2745 1144 2778 τοῦ

127 2797 286 2834 διαὸόλου
320 2796 536 2835 ἀπόλλυσθαι
546 2813 555 2844 ;
585 2800 697 2837 Τοῦτο
724 2799 782 2836 καὶ
810 2799 967 2850 γίνεται·
1002 2800 1144 2852 καὶγὰρ

127 2857 248 2894 πολλοὶ
275 2858 332 2895 καὶ
356 2858 464 2909 χωρὶς
493 2864 552 2896 τοῦ
579 2859 740 2897 διαὸόλου
770 2860 1057 2899 ἀπόλλυνται-οὐ
1078 2860 1145 2912 γὰρ

128 2916 168 2962 ξ’·Γ,
189 2918 302 2955 πάντα
320 2920 420 2960 αὐτὸς
444 2919 716 2966 κατασκευάζει,
741 2919 832 2958 ἀλλὰ
857 2921 970 2959 πολλὰ
989 2921 1049 2959 καὶ
1077 2920 1145 2958 ἀπὸ

129 2977 232 3025 μόνης
254 2978 384 3028 γίνεται
403 2995 464 3024 της
484 2979 624 3022 νωθείας
644 2983 705 3025 της
734 2980 930 3033 ηι1.ετέρας·
958 2984 986 3019 εἶ
1017 2982 1052 3020 δέ
1080 2997 1144 3018 που

127 3053 211 3074 κακε
216 3044 281 3080 ῐν>ς
302 3038 430 3085 αἴτιος,
451 3042 552 3089 ἡμων
573 3057 635 3086 την
669 3041 779 3092 ἀρχΓν
799 3041 1034 3094 παρεχόντων.
1057 3042 1146 3080 hine

128 3097 193 3149 γάρ
223 3114 297 3147 μοι,
333 3099 415 3136 πότε
446 3095 464 3137 6
492 3100 694 3144 emeram*
684 3118 822 3153 ισχυσεν
852 3103 909 3139 ἐπὶ
939 3108 998 3140 τοῦ
1016 3103 1146 3148 Ἰούοα,

130 3157 212 3194 'Ore
233 3160 366 3204 εἰσῆλεΟ
354 3188 381 3205 ,
398 3175 520 3210 ’.ι-ησιΓ,
540 3163 585 3204 εἰς
603 3163 704 3200 αὐτζν
723 3166 740 3199 6
757 3178 820 3200 σατ
826 3169 919 3205 ανας.
938 3162 1064 3200 Ἀλλὀτ
1047 3163 1145 3201 ἅκο1-

129 3233 221 3253 τὴν·
211 3218 265 3263 ,9,1
291 3219 423 3256 αἰτίαν·
451 3220 487 3256 fr.
494 3237 502 3256 ¹.
527 3222 634 3259 κ)επ,
637 3239 676 3269 ης
706 3240 764 3269 η1,
791 3239 850 3260 και
877 3223 920 3261 τὰ
949 3224 1101 3274 (ἐαΠομε
1105 3241 1144 3260 1α

129 3284 325 3329 ἑθιτίσταζεν.
350 3287 454 3328 ‚Utin
475 3286 598 3324 ἔδωκεν
617 3289 709 3339 αὐτῷ
734 3289 945 3340 εὐρυχωρίαν
970 3292 1029 3335 τῆς
1050 3290 1142 3328 2?ch—

175 3408 178 3427 ¹
204 3403 386 3445 [1¹](lillysss'z

172 3469 183 3480 >¹
211 3456 303 3494 ll‘oeC,
323 3463 370 3490 καὶ
382 3462 468 3500 μάλα.
488 3464 509 3490 εἷ
521 3473 578 3492 '259

606 3407 657 3437 ,Iu
669 3406 772 3438 altero
785 3410 995 3441 consentiunt
1006 3408 1099 3442 Codes!
1109 3411 1131 3450 ]

581 3475 618 3499 2„
634 3457 752 3491 drsunt
769 3460 802 3492 iu
821 3471 899 3495 uno.

390 3420 415 3438 ιε
431 3421 454 3439 τι
471 3413 598 3439 rossam>

1159 2223 1205 2247 409

2107 266 2199 327 445

1216 367 1289 417 dit,
1307 366 1366 404 sed
1386 366 1435 404 sic
1452 366 1505 404 illi
1524 366 1636 417 magis
1653 364 1786 417 profuit
1803 363 1905 401 :audi
1925 363 2018 400 enim
2038 363 2126 413 quid
2141 363 2196 400 di—

1318 286 1472 316 nomn„
1511 285 1601 315 le.

1217 437 1294 466 cat:
1315 430 1396 465 Vox
1414 429 1612 479 sanguinis
1629 428 1778 480 fratris
1795 427 1851 462 tui
1869 425 2017 463 clamat
2036 424 2090 461 (cd
2108 437 2167 460 me
2180 440 2194 467 ,-
2211 435 2280 461 Gen.
2295 432 2324 471 4.
2349 441 2394 461 ιο.

1216 497 1249 526 et
1263 502 1386 526 rursus
1397 488 1484 525 alibi
1499 503 1507 524 t
1522 488 1719 538 Sanguine
1731 486 1866 523 melius
1883 486 2061 536 loquente
2077 498 2194 536 quam
2210 495 2299 522 Πρω.
2329 503 2375 522 12.

1217 548 1330 585 Abel.
1354 547 1538 586 Liberavit
1557 547 1659 584 illum
1687 546 1732 584 ab
1750 546 1882 583 incerto
1904 544 2038 594 futuri,
2057 558 2193 582 merce-
2211 538 2262 571 ²4·

1217 608 1298 646 dem
1329 609 1430 646 auxit
1445 624 1452 645 :
1467 609 1632 648 novimus
1665 621 1786 645 omues
1815 607 2055 656 dilectionem,
2090 620 2199 656 quam

1217 671 1314 707 Deus
1331 683 1412 720 erga
1438 669 1541 706 illum
1567 668 1704 706 habuit.
1726 669 1766 705 In
1788 682 1859 718 quo
1878 668 1982 705 laesus
2005 676 2072 717 est,
2094 667 2199 704 citius

1217 738 1329 766 morte
1348 729 1508 766 sublatus
1522 728 1539 765 ἱ)
1552 729 1593 764 In
1614 728 1712 765 nullo
1731 743 1739 763 :
1755 727 1844 777 quid
1863 727 1970 775 enim,
1993 740 2123 777 quaeso,
2143 726 2199 763 lu-

1217 798 1361 826 crantur
1384 788 1410 825 ii
1439 789 1500 838 qui
1530 787 1667 824 tardius
1697 788 1925 824 moriuntur?
1946 787 2046 824 Nihil
2065 801 2201 837 :neque

1217 849 1310 886 enim
1328 848 1476 886 felicitas
1493 862 1540 885 ex
1559 848 1634 885 vita
1654 848 1712 885 vel
1730 848 1836 898 longa
1856 849 1914 887 vel
1932 848 2031 887 brevi
2049 848 2195 900 pendet,

1169 915 1194 944 D
1217 910 1280 947 sed
1296 923 1341 946 ex
1353 923 1408 959 eo,
1429 908 1526 958 quod
1544 909 1619 946 vita
1632 908 1722 945 bene
1743 917 1896 946 utamur.
1918 910 2008 946 Tres
2028 909 2128 960 pueri
2145 909 2198 946 in-

1213 969 1299 1020 jecti
1328 978 1409 1006 sunt
1435 968 1472 1004 in
1503 968 1694 1014 fornacem,
1722 976 1756 1004 et
1781 967 1867 1004 hinc
1889 967 2054 1005 clariores
2087 968 2201 1005 effecti

1218 1038 1300 1068 sunt
1312 1028 1455 1067 :Daniel
1471 1028 1506 1066 in
1517 1029 1647 1077 lacum,
1657 1037 1690 1066 et
1700 1028 1781 1065 inde
1794 1027 2015 1080 splendidior
2031 1029 2200 1066 ascendit.

1270 1151 1428 1191 5.Vides
1447 1151 1579 1202 ubique
1599 1151 1806 1190 tentationes
1816 1165 1942 1202 magna
1958 1165 2079 1203 parere
2093 1151 2201 1199 bona,

1217 1213 1323 1251 etiam
1345 1213 1403 1251 hic
1414 1222 1579 1264 ,quanto
1605 1212 1719 1280 magis
1742 1211 1838 1251 illic!
1856 1213 1897 1249 In
1920 1212 2055 1250 malitia
2084 1221 2202 1249 autem

2251 1239 2311 1267 Ten
2319 1242 2403 1267 1ιίιο-

1217 1275 1314 1313 idem
1326 1243 1454 1323 evenit,
1469 1289 1510 1312 ac
1529 1274 1557 1312 si
1578 1274 1658 1324 quis
1672 1273 1848 1311 calamum
1862 1273 2008 1311 hahens
1999 1272 2204 1324 praelietur
2217 1292 2266 1309 nes
2305 1292 2367 1315 ma·-
2371 1292 2404 1307 ιιι.

1219 1345 1340 1374 contra
1362 1336 1504 1387 ignem.
1525 1334 1669 1374 videtur
1688 1334 1781 1372 enim
1807 1334 1925 1385 ignem
1944 1343 2149 1385 percutere,
2172 1333 2243 1372 etl
2238 1326 2333 1350 ¹¹¹¹¹¹¹¹
2353 1323 2379 1348 ¹¹¹
2375 1334 2404 1348 ¹>

1218 1399 1338 1451 ipsum
1351 1397 1523 1449 fulgidior
1525 1412 1581 1435 em
1599 1397 1694 1446 facit,
1709 1406 1742 1434 ct
1755 1397 1911 1448 seipsum
1927 1396 2112 1433 consumit.
2124 1398 2202 1433 Ma

1216 1459 1295 1497 litia
1309 1473 1461 1509 namque
1474 1458 1597 1498 virtuti
1613 1457 1822 1495 alimentum
1837 1466 1868 1494 et
1884 1455 2080 1508 splendoris
2099 1470 2205 1494 occa-

1217 1520 1269 1558 sio
1286 1529 1338 1557 est
1357 1535 1365 1556 ι
1385 1533 1469 1557 nam
1485 1520 1561 1556 Deo
1580 1517 1754 1570 injustitia
1774 1526 1813 1554 ut
1832 1531 1920 1569 opus
1939 1526 1990 1554 est
2004 1526 2133 1566 utente,
2153 1530 2206 1553 res

1218 1591 1344 1619 nostrae
1367 1581 1480 1631 magis
1499 1580 1646 1631 fulgent.
1668 1581 1827 1618 Rursum
1850 1578 2014 1615 diabolus
2035 1592 2117 1615 cum
2134 1577 2203 1614 tale

1217 1642 1403 1694 quidpiam
1417 1651 1596 1694 operatur,
1607 1655 1665 1678 eos
1678 1640 1740 1691 qui
1753 1640 1939 1692 patiuntur
1949 1638 2207 1691 splendidiores

1217 1703 1347 1742 reddit.
1359 1704 1431 1740 Cur
1446 1716 1540 1753 ergo,
1557 1701 1705 1752 inquies,
1719 1701 1755 1738 in
1764 1701 1901 1739 Adamo
1918 1701 1985 1738 hoc
1997 1715 2065 1738 non
2075 1701 2208 1739 factum

1217 1773 1282 1813 est,
1303 1764 1364 1802 sed
1381 1763 1440 1801 ille
1456 1762 1724 1814 ignominiosior
1743 1771 1793 1800 est
1809 1761 2129 1799 reddituSF’Etiam
2144 1762 2207 1800 illo

1218 1835 1257 1863 ut
1277 1840 1342 1878 par
1356 1834 1430 1863 erat
1445 1839 1529 1862 usus
1548 1825 1723 1873 estDeus;
1746 1823 1776 1861 si
1797 1837 1880 1861 vero
1899 1822 1986 1873 quid
2002 1837 2124 1874 passus
2144 1824 2204 1873 sit,

1219 1888 1294 1940 ipse
1306 1888 1461 1939 seipsum
1474 1886 1564 1924 laesit
1574 1902 1581 1923 :
1593 1900 1675 1923 nam
1689 1899 1766 1935 quae
1777 1884 1822 1922 ab
1838 1883 1917 1922 aliis
1932 1885 2031 1922 nobis
2047 1884 2207 1923 inserun—

1218 1957 1292 1999 tur,
1304 1963 1514 2000 magnorum
1541 1948 1644 1985 nobis
1671 1947 1847 1984 bonorum
1874 1960 1986 1983 causae
2007 1954 2106 1993 sunt;
2127 1961 2203 1997 quae

1220 2019 1338 2047 autem
1353 2024 1372 2047 a
1387 2008 1606 2060 nobisipsis,
1625 2022 1695 2046 non
1714 2007 1812 2045 item.
1831 2006 1925 2053 Quia
1940 2006 2032 2044 enim
2055 2006 2101 2043 ab
2126 2007 2207 2045 aliis

1219 2071 1293 2109 laesi
1306 2071 1482 2120 dolemus,
1497 2084 1518 2107 a
1534 2069 1636 2107 nobis
1652 2078 1770 2106 autem
1785 2068 1872 2120 ipsis
1887 2081 1955 2106 non
1971 2069 2071 2119 item,
2089 2078 2205 2107 osten-

1219 2132 1273 2170 dit
1288 2134 1384 2170 Deus
1403 2146 1498 2181 eum,
1520 2130 1582 2181 qui
1602 2130 1647 2168 al)
1665 2130 1735 2167 alio
1758 2130 1888 2181 injuste
1901 2129 2046 2181 patitur,
2068 2130 2205 2167 clarum

1219 2207 1303 2242 esse,
1323 2207 1404 2230 eum
1422 2206 1522 2239 vero,
1541 2192 1603 2242 qui
1616 2191 1771 2243 seipsum
1784 2190 1894 2239 laedit,
1912 2190 2082 2228 damnum
2096 2193 2204 2230 ferre:

1170 2259 1193 2286 Α
1219 2265 1252 2293 et
1266 2256 1347 2307 jure
1367 2254 1530 2304 quidem,
1557 2262 1595 2290 ut
1618 2252 1711 2289 illud
1730 2251 1869 2290 fortiter
1887 2252 2040 2289 feramus
2054 2283 2064 2301 ,
2083 2262 2116 2290 et
2135 2268 2202 2291 non

1217 2317 1285 2355 hoc
1300 2333 1308 2354 ε
1322 2315 1482 2367 alioquin
1496 2328 1581 2353 vero
1598 2323 1712 2352 totum
1729 2313 1780 2350 ibi
1795 2313 1864 2350 fuit
1875 2312 2015 2351 Adami.
2027 2314 2100 2351 Cur
2111 2315 2204 2352 enim

1218 2379 1385 2416 credebas
1412 2376 1579 2414 mulieri?
1600 2390 1665 2414 cur
1690 2373 1838 2413 adversa
1866 2374 2104 2413 consulentem
2135 2391 2203 2415 nou

1219 2439 1471 2492 repulisti?Tu
1493 2436 1635 2474 omnino
1653 2436 1688 2473 in
1707 2449 1811 2473 causa
1834 2434 1955 2472 fuisti:
1972 2449 2053 2473 nam
2072 2436 2102 2474 si
2120 2436 2203 2474 dia-

1217 2500 1321 2538 bolus
1337 2500 1373 2537 in
1387 2513 1488 2536 causa
1502 2507 1605 2547 esset,
1621 2505 1799 2548 oporteret
1814 2510 1933 2533 omnes
1945 2496 2006 2546 qui
2024 2505 2205 2535 tentantur

1216 2558 1349 2610 perire:
1362 2556 1457 2609 quod
1471 2556 1499 2593 si
1514 2570 1581 2593 non
1597 2563 1757 2607 pereunt,
1783 2554 1818 2591 in
1836 2554 1938 2591 nobis
1957 2568 2061 2592 causa
2077 2565 2141 2593 est.
2159 2559 2203 2593 At

1218 2627 1403 2670 oporteret,
1416 2616 1565 2667 inquies,
1580 2629 1700 2652 omnes
1715 2614 1776 2664 qui
1790 2622 1969 2651 tentantur
1979 2625 2071 2652 recte
2083 2630 2200 2667 agere;

1216 2678 1287 2721 rel,
1309 2678 1338 2715 si
1359 2692 1421 2715 nos
1438 2677 1473 2714 in
1494 2690 1596 2713 causa
1618 2688 1740 2712 sumus
1754 2704 1763 2721 ‚
1785 2673 1892 2712 etiam
1910 2675 2043 2725 absque
2058 2676 2202 2714 diabolo

1218 2738 1440 2791 perire9Hoc
1456 2737 1562 2775 etiam
1573 2735 1709 2783 evenit3
1726 2748 1808 2771 nam
1822 2734 1926 2771 multi
1943 2735 2047 2773 etiam
2066 2737 2202 2788 absque

1216 2799 1359 2837 diaholo
1373 2807 1541 2851 pereunt:
1558 2809 1667 2846 neque
1681 2795 1774 2832 enim
1792 2794 1851 2832 ille
1866 2796 1983 2833 omnia
1998 2797 2089 2834 effici
2096 2806 2118 2845 t,
2137 2798 2201 2836 scd

1217 2861 1323 2899 etiam
1345 2860 1456 2898 multa
1476 2859 1567 2896 fiunt
1586 2872 1630 2894 ex
1650 2856 1793 2908 ignavia
1812 2866 1928 2894 nostra
1950 2873 1956 2893 :
1979 2858 2074 2908 quod
2095 2859 2122 2896 si
2141 2859 2202 2896 ille

1218 2924 1253 2962 iu
1274 2937 1377 2961 causa
1396 2922 1452 2967 sit,
1473 2920 1576 2959 nobis
1594 2920 1715 2970 utique
1734 2933 1855 2957 ansam
1871 2920 2119 2971 praelicnubus.
2133 2922 2200 2960 Die

1218 2985 1311 3023 euim
1332 2983 1419 3021 mihi
1440 2981 1667 3033 quandonam
1686 2980 1852 3017 diabolus
1868 2989 2006 3017 tantum
2026 2981 2140 3019 valuit
2160 2983 2194 3019 in

1219 3045 1348 3086 Judam
1361 3044 1377 3081 ἶ)
1392 3042 1544 3089 Quando
1576 3041 1752 3091 ingressus
1782 3048 1846 3085 est,
1877 3039 2028 3090 inquies,
2061 3041 2096 3078 in
2117 3056 2197 3080 eum

1218 3116 1366 3144 satanas.
1389 3103 1458 3142 Sed
1481 3102 1749 3139 audicuusam:
1773 3100 1855 3150 quia
1878 3099 1935 3136 fur
1955 3110 2040 3147 crat,
2070 3111 2103 3139 et
2121 3117 2198 3152 ιμιῑι·

1218 3166 1501 3205 immitulmnuir
1526 3162 1698 3215 portabat.
1722 3162 1799 3212 lpse
1817 3160 1918 3197 dedit
1939 3161 1990 3198 illi
2011 3161 2123 3199 latum
2147 3163 2200 3200 iu-

1219 3226 1400 3277 grediendi
1417 3225 1588 3276 ssatium:
1605 3232 1636 3260 ct
1651 3223 1697 3259 ita
1714 3237 1780 3259 neu
1795 3222 1959 3260 diabolus
1973 3223 2113 3261 initium
2126 3225 2198 3268 dal,

1220 3276 1279 3325 sed
1301 3302 1362 3324 nos
1383 3286 1485 3323 illum
1512 3283 1701 3334 recipimus
1727 3291 1758 3319 ct
1790 3285 2125 3335 x*0(‹‘1111115.Yci·i1111,
2147 3286 2198 3322 iu-

1241 3409 1255 3431 ¹¹
1284 3414 1338 3441 {aa
1354 3402 1443 3438 (loesi
1461 3406 1493 3437 iu
1512 3415 1575 3436 uno
1590 3402 1722 3436 Conliie.

2219 1375 2265 1392 nu.
