2466 3805
313 247 400 307 174

354 343 390 377 Ξ).
413 338 484 378 Sed
496 352 547 385 ea,
561 351 638 387 quae
657 336 830 373 Ananiam
859 341 1030 386 spectant,
1063 339 1274 383 repetamus.

300 402 384 439 Non
404 400 498 437 dixit
525 398 578 435 illi
602 413 610 433 ε
637 396 824 444 Alloquere
857 403 891 431 et
921 393 1067 430 institue
1091 392 1206 429 illum.
1238 390 1276 428 Si

300 461 396 498 enim
413 473 494 497 cun]
513 457 675 500 dixisset,
690 457 798 500 Orat,
821 462 857 491 et
873 454 975 490 vidit
1008 454 1135 489 virum
1152 454 1275 502 impo-

302 529 454 558 nentem
480 519 554 555 sibi
571 528 723 561 manus,
749 528 818 552 non
836 513 1011 566 persuasit
1030 512 1167 550 :multo
1200 526 1278 548 ma-

301 581 367 631 gis,
383 580 410 616 si
429 580 496 615 hoc
521 576 681 614 dixisset.
723 577 841 621 Vidit,
880 574 1008 624 inquit,
1042 576 1084 610 in
1116 575 1279 610 visione.

303 644 426 691 Itaque
445 654 513 678 non
532 639 642 676 fidem
663 638 731 675 tibi
753 637 895 688 negabit
912 653 919 673 ε
942 651 986 674 ne
1008 636 1119 687 igitur
1144 635 1280 683 timeas,

301 701 365 740 sed
377 701 482 739 vade.
504 701 694 750 Sioneque
732 698 922 750 Philippus
940 697 1059 735 statim
1089 705 1201 734 totum
1217 710 1281 733 au-

299 761 364 799 dit.
390 764 491 812 Quia
504 774 578 798 vas
593 761 789 798 electionis
811 768 867 796 est
887 760 982 795 mihi
995 759 1069 795 hic.
1099 757 1183 794 Haec
1219 756 1280 794 di—

300 831 357 861 cta
378 822 585 870 iniussum,
614 821 675 872 qui
701 820 865 858 timorem
888 819 1031 857 omnino
1065 819 1212 867 excutit,
1250 827 1284 856 et

301 882 474 920 fiduciam
492 881 585 919 indit
604 897 612 917 :
629 880 803 932 siquidem
818 884 866 917 ita
884 894 948 931 pro
969 879 1045 931 ipso
1074 878 1284 916 afficiendus

302 953 388 992 erat,
408 953 448 980 ut
488 943 595 981 etiam
628 942 740 980 multa
772 950 963 993 pateretur.
998 941 1088 978 Cum
1118 939 1284 988 dixisset,

306 1006 398 1050 Vas,
412 1004 597 1042 ostendens
611 1004 686 1054 ejus
705 1002 879 1040 malitiam
898 1015 966 1039 non
981 1015 1054 1039 esse
1069 1000 1282 1038 naturalem:

303 1064 416 1113 addit,
433 1066 663 1110 Electionis,
687 1072 728 1100 ut
760 1062 919 1100 ostendat
948 1062 1066 1113 ipsum
1099 1070 1283 1112 acceptum

303 1139 377 1163 esse
401 1141 408 1161 ε
430 1139 512 1162 nam
537 1124 630 1174 quod
646 1133 831 1175 acceptum
845 1131 908 1170 est,
929 1122 1104 1172 eligimus.
1125 1122 1179 1158 Ne
1207 1120 1286 1170 quis

748 257 786 287 S.
824 254 1011 284 JOANNIS
1045 251 1288 282 CHRYSOST.
1327 249 1534 280 ARCHIEP·
1571 250 1932 281 CONSTANTINOP.

1401 329 1493 368 Ἀλλ’
1530 330 1659 381 ἴδωμεν
1679 331 1806 369 ἄνωθεν
1837 331 1883 370 τὰ
1902 330 1992 369 κατὰ
2023 329 2080 368 τὸν
2110 328 2275 368 Ἀνανίαν.
2298 329 2374 366 Οὖκ

1350 383 1426 427 εἷπε
1447 390 1533 441 πρὸς
1556 391 1669 436 αὐτὸν,
1700 391 1903 442 διαλέχθητι
1933 390 1992 429 καὶ
2022 390 2222 442 κατήχησον
2256 388 2372 426 αὐτόν.

1351 451 1396 488 Ei
1416 449 1483 501 γὰρ
1503 450 1622 498 εἰπὼν,
1637 451 1690 488 ὅτι
1713 450 1884 502 Εὔχεται,
1899 450 1959 489 καὶ
1983 445 2068 488 εἶδεν
2085 452 2192 503 ἄνδρα
2213 449 2374 487 ἐπιθέντα

1351 512 1444 562 αὐτῷ
1463 509 1524 553 τὰς
1541 515 1673 562 χεῖρας,
1693 511 1754 547 οὐκ
1776 510 1909 548 ἔπεισε·
1928 512 2046 562 πολλῷ
2065 512 2207 561 μᾶλλον,
2228 512 2259 547 εἰ
2272 512 2373 547 τοῦτο

1352 565 1460 609 εἶπεν.
1483 563 1584 619 Εἷδε,
1606 571 1722 623 φησὶν,
1743 574 1776 610 ἓν
1796 571 1967 623 ὁράματι,
1987 572 2076 610 ὥστε
2094 571 2169 610 οὐδὲ
2189 570 2373 616 διαπιστή-

1353 648 1405 670 σει
1428 647 1501 670 σοι·
1535 631 1583 682 μὴ
1604 633 1716 670 τοίνυν
1749 632 1927 683 φοὸηθῇς,
1954 631 2044 669 ἀλλὰ
2070 631 2228 683 πορεύου.
2251 631 2375 674 Οὕτως

1354 691 1427 730 οὐδὲ
1446 691 1625 735 Φίλιππος
1639 691 1717 730 τότε
1730 692 1770 730 τὸ
1787 699 1856 730 πᾶν
1875 691 1996 735 εὐθέως
2016 690 2143 729 ἀκούει.
2157 690 2243 729 <'On
2257 696 2375 733 σκεῦος

1356 755 1499 804 ἐκλογῆς
1519 752 1577 802 μοί
1601 754 1693 791 ἔστιν
1713 747 1820 796 οὗτος.
1859 753 1926 791 Ἕκ
1955 751 2153 806 περιουσίας
2179 752 2237 790 τὸν
2269 752 2374 804 φόὸον

1354 814 1491 857 λύοντός
1512 817 1585 852 ἐστι
1599 818 1720 860 τοῦτο,
1740 814 1799 852 καὶ
1819 816 1955 865 θαρρεῖν
1971 813 2147 856 πείθοντος
2161 828 2168 836 ·
2190 812 2222 850 εἴ
2233 829 2272 864 γε
2288 812 2377 850 οὕτω

1357 875 1478 925 μέλλοι
1495 875 1539 913 τὰ
1558 874 1646 926 ὑπὲρ
1665 877 1767 913 αὐτοῦ
1789 881 1937 927 φρονεῖν,
1961 876 2006 917 ὡς
2025 874 2084 911 καὶ
2105 877 2226 911 παθεῖν
2251 873 2376 911 πολλά.

1359 935 1478 973 Εἰπὼν
1504 937 1557 984 δὲ,
1578 938 1724 983 Σκεῧος,
1744 936 1834 974 ὥστε
1855 936 1979 980 δεῖξαι,
1998 934 2050 973 ὅτι
2069 938 2129 973 οὐκ
2157 934 2229 972 ἔστι
2249 933 2376 986 φυσικὴ

1360 998 1462 1034 αὐτοῦ
1485 999 1505 1042 ἦ
1534 997 1662 1044 κακία,
1681 997 1853 1048 Ἐκλογῆς
1884 995 2097 1047 προσέθηκεν
2109 1026 2119 1043 ,
2137 994 2194 1032 ἵνα
2217 994 2379 1047 δηλώσῃ,

1358 1056 1412 1095 ὅτι
1426 1056 1484 1095 καὶ
1504 1057 1644 1108 δόκιμός
1664 1059 1757 1095 ἐστι·
1772 1058 1812 1095 τὸ
1832 1057 1970 1107 δόκιμον
1987 1055 2053 1108 γὰρ
2078 1054 2300 1105 ἐκλεγόμεθα.
2316 1054 2378 1102 Μὴ

1362 1117 1402 1164 δὴ
1425 1117 1551 1169 νομίσῃ
1573 1134 1626 1160 τις
1643 1123 1752 1156 ταῦτα
1773 1117 1918 1163 ἀκούων,
1937 1117 1991 1155 ὅτι
2013 1119 2168 1155 ἀπιστῶ-,ι
2189 1121 2258 1158 τοῖς
2277 1117 2380 1166 λεγο-

305 1199 390 1223 vero
408 1194 507 1236 putet
521 1184 596 1221 haec
613 1183 770 1229 audiens,
781 1182 955 1219 Ananiam
970 1181 1050 1218 ideo
1069 1181 1145 1218 haee
1155 1180 1285 1227 dicere,
1301 1215 1348 1240 16⁷4
1364 1178 1476 1228 μένοις
1505 1177 1615 1215 ταῦτά
1635 1193 1737 1227 φησιν
1761 1177 1935 1224 Ἀνανίας,
1951 1176 1973 1222 ἢ
2003 1179 2206 1223 ἠπατῆσθαι
2231 1176 2379 1226 νομίζων

305 1243 402 1295 quod
420 1244 524 1281 dictis
539 1257 609 1280 non
627 1242 760 1291 credat,
776 1242 833 1280 vel
850 1242 946 1291 quod
971 1250 1071 1293 putet
1099 1240 1288 1292 deceptum
1313 1252 1339 1280 Α
1362 1239 1419 1276 τὸν
1439 1237 1590 1289 Χριστόν
1603 1253 1611 1260 ·
1632 1237 1679 1288 μὴ
1700 1237 1848 1289 γένοιτο·
1876 1236 1966 1275 ἀλλὰ
1986 1236 2194 1288 φοὸούμενος
2221 1237 2280 1274 καὶ
2299 1236 2381 1286 τρέ-

304 1305 414 1342 fuisse
436 1303 635 1352 Christum3
650 1303 740 1341 absit
748 1319 758 1351 3
772 1302 833 1340 sed
847 1302 944 1352 quod
962 1302 1100 1339 timeret
1118 1311 1152 1339 et
1163 1311 1288 1339 treme-

305 1374 372 1413 ret,
393 1364 576 1402 dictisnon
590 1363 804 1409 attendebat,
818 1371 857 1399 ut
869 1362 1007 1400 audivit
1026 1376 1151 1399 nomen
1172 1362 1288 1400 Pauli:

305 1425 357 1463 sie
375 1425 438 1463 illo
476 1425 618 1462 nomine
637 1432 905 1476 praeoccupatus
924 1432 974 1461 est
1003 1423 1143 1460 timore.
1181 1422 1290 1473 Atqui

307 1486 370 1523 ubi
411 1485 565 1533 audivit,
603 1484 702 1534 quod
733 1492 940 1521 excaecasset
968 1483 1084 1531 illum,
1116 1482 1292 1520 confidere

305 1546 501 1598 oportebat.
521 1548 575 1583 Et
597 1547 673 1592 hic,
695 1545 822 1595 inquit,
858 1545 943 1581 ideo
971 1547 1096 1590 venit,
1133 1553 1172 1581 ut
1199 1545 1291 1596 liget

308 1621 452 1653 omnes,
489 1609 555 1659 qui
578 1609 762 1643 invocant
779 1620 918 1643 nomen
943 1614 1061 1642 tuum.
1103 1607 1153 1641 Ac
1172 1604 1201 1642 si
1232 1605 1291 1642 di-

308 1678 414 1718 ceret,
440 1668 579 1713 Timeo,
611 1682 654 1705 ne
683 1668 771 1704 forte
801 1681 856 1704 me
879 1667 915 1704 in
933 1666 1128 1705 Jerusalem
1152 1665 1260 1703 ducat
1281 1681 1288 1701 :

308 1742 372 1765 cur
390 1742 445 1765 me
462 1728 497 1764 in
516 1742 554 1765 os
566 1727 677 1764 leonis
703 1727 844 1778 injicis?
865 1741 926 1763 cur
946 1740 1002 1763 me
1026 1726 1111 1763 huic
1138 1725 1287 1777 prodis?

308 1790 427 1827 Timet
449 1798 482 1826 et
493 1789 570 1825 haec
581 1788 682 1835 dicit,
698 1797 736 1825 ut
753 1788 911 1838 undique
924 1787 1103 1825 discamus
1122 1787 1293 1825 virtutem

307 1849 390 1888 viri.
409 1851 500 1887 Nan]
519 1849 593 1885 haec
609 1863 629 1885 a
648 1848 781 1887 Judaeis
795 1848 880 1897 dici,
906 1847 997 1885 nihil
1019 1847 1153 1884 mirum
1168 1857 1258 1885 esset
1281 1863 1289 1883 :

307 1910 402 1960 quod
433 1920 549 1948 autem
574 1910 619 1946 ab
640 1910 721 1957 hoc,
749 1918 782 1946 et
814 1909 862 1947 ita
895 1909 1097 1961 perterrito,
1117 1922 1290 1959 magnum

306 1970 438 2009 divinae
455 1970 598 2008 virtutis
620 1970 761 2020 signum
780 1970 848 2007 hoc
875 1984 950 2007 esse
976 1970 1161 2022 probatur.
1180 1970 1296 2007 Saule

305 2031 443 2080 frater.
471 2029 540 2066 Hic
556 2042 698 2079 quoque
711 2042 860 2079 magnus
881 2027 980 2065 adest
1000 2028 1121 2075 timor,
1153 2037 1186 2065 et
1214 2037 1294 2080 post

310 2090 473 2127 timorem
490 2090 602 2141 major
621 2090 832 2127 ohedientia.
847 2089 1091 2139 Deinde,quia
1113 2090 1193 2127 Vas
1213 2090 1294 2127 ele-

311 2153 449 2188 ctionis
464 2151 572 2199 dixit,
591 2165 634 2187 ne
669 2150 818 2199 diceres,
841 2159 956 2187 totum
985 2164 1030 2187 ex
1049 2152 1123 2187 Deo
1148 2164 1234 2199 esse,
1256 2159 1296 2188 ut

311 2210 357 2247 ab
374 2210 441 2247 hoc
474 2220 507 2248 te
534 2210 699 2259 abducat,
722 2210 848 2261 adjicit
863 2226 870 2246 :
909 2212 959 2247 Ut
991 2219 1116 2261 portet
1158 2224 1297 2248 nomen

313 2286 438 2309 meum
452 2286 581 2309 coram
594 2274 771 2323 gentibus
785 2280 821 2308 et
839 2273 989 2322 regibus
1002 2279 1037 2307 et
1038 2271 1142 2322 siliis
1157 2272 1295 2310 Israel.

312 2332 462 2370 Audin-it
477 2333 629 2369 Ananias
661 2332 698 2368 id
712 2331 806 2382 quod
836 2331 939 2369 valde
969 2331 1147 2382 cupiebat,
1177 2331 1295 2383 ipsum

311 2390 418 2427 etiam
437 2400 557 2428 contra
571 2390 714 2429 Judaeos
729 2399 972 2442 pugnaturum
995 2403 1089 2426 esse:
1113 2388 1194 2426 ideo
1225 2404 1295 2426 non

310 2452 426 2488 solum
446 2451 589 2502 gaudio,
624 2450 684 2488 sed
718 2450 825 2488 etiam
847 2449 980 2487 fiducia
1010 2449 1178 2501 repletur.
1208 2452 1294 2501 Ego

311 2515 427 2557 enim,
446 2512 573 2562 inquit,
591 2513 793 2549 ostendam
809 2513 846 2547 ei
858 2519 1007 2562 quanta
1019 2519 1191 2562 oporteat
1210 2524 1295 2547 eum

307 2586 377 2623 pro
395 2575 548 2609 nomine
568 2586 650 2609 meo
663 2573 760 2622 pati.
787 2571 871 2608 Haec
888 2570 1112 2622 praedicentis
1140 2579 1221 2608 sunt
1252 2570 1293 2608 si-

310 2633 386 2669 mul
397 2632 627 2680 ethortantis,
640 2632 669 2669 si
689 2631 836 2682 quidem
846 2631 906 2668 ille
918 2631 1036 2668 omnia
1048 2645 1217 2683 passurus
1229 2640 1293 2682 est,

311 2693 371 2743 qui
383 2693 431 2730 ita
446 2692 589 2730 insaniit
596 2708 607 2742 3
627 2692 687 2729 hic
703 2706 786 2729 vero
798 2692 902 2729 illum
917 2692 1097 2743 baptizare
1111 2706 1180 2729 non
1199 2692 1294 2740 vult,

309 2763 348 2791 ut
363 2754 483 2792 visum
501 2753 660 2805 recipiat.
672 2754 778 2801 Bene,
791 2753 930 2803 inquit,
950 2753 1023 2790 sine
1039 2753 1143 2790 illum
1160 2767 1294 2790 caecum

308 2830 405 2852 csse:
428 2814 507 2852 ideo
534 2828 628 2852 nune
642 2814 737 2852 mitis
756 2822 818 2862 est,
834 2813 916 2863 quia
936 2827 1047 2851 caecus
1071 2831 1077 2850 :
1100 2827 1163 2851 cur
1174 2828 1230 2851 me
1241 2814 1299 2865 ju-

308 2876 369 2913 bes
389 2875 527 2927 aperire
549 2875 670 2912 oculos
685 2875 784 2926 ejus?
802 2887 847 2910 an
864 2882 903 2910 ut
921 2888 1065 2911 rursum
1082 2874 1232 2924 alliget?
1250 2876 1296 2911 At

308 2950 350 2973 ne
370 2937 532 2973 futurum
546 2935 670 2973 timeas
689 2950 697 2971 :
722 2948 804 2972 nam
818 2934 947 2985 apertis
959 2934 1069 2971 oculis
1091 2948 1159 2971 non
1176 2943 1297 2971 contra

307 3011 382 3046 nos,
391 2997 452 3035 sed
460 3012 522 3049 pro
530 2997 631 3034 nobis
647 3005 784 3034 utetur:
799 2994 846 3033 ad
861 2995 942 3041 hoc,
956 2996 994 3032 U
993 3003 1006 3031 t
1023 2997 1212 3046 respiciat,
1220 2995 1297 3033 haec

308 3072 448 3108 quoque
458 3057 683 3109 adjiciantur.
693 3057 747 3094 Ne
762 3056 885 3094 timeas
899 3070 906 3091 ε
922 3055 1014 3092 nihil
1032 3055 1134 3092 vobis
1146 3056 1232 3092 mali
1246 3056 1294 3093 fa-

308 3118 373 3156 ciet
379 3134 390 3169 5
401 3119 473 3157 imo
483 3118 635 3171 patietur
645 3117 770 3155 multa.
783 3116 830 3154 Et
843 3114 937 3166 quod
948 3114 1112 3152 mirabile
1133 3124 1194 3164 est,
1216 3115 1296 3167 pri-

349 3247 362 3262 ¹¹
377 3236 522 3277 Quidam
549 3242 583 3272 τὸ
609 3239 639 3270 δὲ
666 3240 714 3271 καὶ
738 3238 858 3273 τούτους
883 3236 958 3269 οὕτω
987 3237 1147 3280 quaestumve,
1168 3239 1308 3277 μέγιστον

306 3297 480 3335 τεκμήριον.

351 3342 367 3365 b
384 3346 535 3382 μεμηνώς.
556 3341 587 3373 σὺ
601 3341 630 3372 δὲ
648 3341 713 3373 οὐδὲ
729 3342 874 3382 βαπτίσαι
892 3341 980 3371 αὐτὸν
1001 3340 1104 3374 θέλεις.
1123 3340 1219 3374 καλῶς
1235 3341 1306 3379 ἔχει,

305 3392 351 3424 Sic
369 3391 434 3423 ali'l.
454 3390 497 3421 Εῑ
511 3401 588 3422 mOX
613 3394 818 3434 πεπηρῶσθαι.
847 3392 894 3423 διὰ
911 3392 999 3422 τοῦτο
1025 3393 1120 3421 ταῦτα
1138 3392 1214 3430 λέγει
1229 3399 1235 3405 ”
1253 3402 1307 3421 τυ-

1362 1315 1435 1349 μων
1467 1298 1541 1336 οὐδὲ
1561 1304 1725 1350 προσεῖχε
1751 1303 1823 1341 τοῖς
1853 1297 2062 1350 εἰρημένοις,
2086 1296 2235 1340 ἀκούσας
2253 1297 2292 1334 τὸ
2307 1297 2382 1335 ὄνο-

1363 1375 1413 1410 μα
1445 1358 1602 1397 Παύλου·
1632 1359 1721 1397 οὕτω
1750 1358 2009 1410 προκατέλαὸεν
2030 1361 2048 1395 ὃ
2079 1357 2180 1408 φόὸος
2218 1357 2286 1395 ἀπὸ
2322 1362 2382 1396 τοῧ

1362 1419 1528 1470 ὀνόματος
1546 1423 1647 1458 αὐτοῦ
1666 1420 1728 1467 τὴν
1747 1420 1880 1471 ψυχήν·
1900 1419 2014 1457 καίτοι
2041 1418 2210 1466 ἀκούσας,
2226 1418 2279 1456 ὅτι
2301 1417 2382 1456 ἐτύ-

1363 1482 1498 1533 φλωσεν
1516 1481 1615 1519 αὐτὸν
1627 1511 1636 1528 ,
1653 1481 1720 1518 ἔδει
1738 1483 1890 1532 θαρρεῖν.
1910 1480 1979 1518 Καὶ
2005 1474 2072 1517 ὧδε
2092 1483 2139 1522 εἷς
2168 1480 2267 1527 αὐτὸ,
2285 1480 2382 1532 φησὶ,

1364 1545 1463 1580 τοῦτο
1481 1542 1655 1588 ἐλήλυθεν,
1676 1541 1766 1579 ὥστε
1785 1542 1889 1586 δῆσαι
1909 1541 2041 1584 πάντας
2059 1541 2137 1583 τοὺς
2152 1540 2383 1591 ἐπικαλουμέ-

1363 1619 1437 1646 νους
1458 1602 1498 1640 τὸ
1523 1602 1632 1652 ὄνομά
1650 1618 1722 1640 σου.
1739 1602 1837 1640 Ὡσεὶ
1865 1602 1979 1652 ἔλεγε·
2001 1601 2191 1653 φοὸοῧμαι,
2221 1602 2269 1651 μή
2299 1601 2384 1639 ποτέ

1364 1681 1408 1714 με
1428 1665 1474 1706 εἷς
1493 1663 1719 1715 Ἱεροσόλυμα
1738 1663 1910 1714 ἀναγάγῃ.
1933 1662 1980 1700 Τί
2002 1678 2045 1713 με
2060 1664 2105 1704 εἷς
2124 1662 2162 1699 τὸ
2186 1661 2298 1712 στόμα
2318 1664 2383 1712 ἐμ-

1364 1723 1503 1767 ὅάλλεις
1516 1728 1574 1761 τοῦ
1589 1724 1742 1769 λέοντος,
1758 1724 1792 1761 τί
1807 1739 1849 1773 με
1865 1722 1975 1775 τούτῳ
1991 1722 2177 1775 προδίδως;
2194 1723 2385 1771 Φοὸεῖται,

1364 1783 1424 1822 καὶ
1442 1786 1552 1821 ταῦτα
1575 1782 1690 1833 λέγει,
1711 1783 1768 1821 ἵνα
1789 1784 1952 1834 μάθωμεν
1979 1783 2146 1821 πάντοθεν
2172 1782 2234 1830 τὴν
2259 1782 2383 1835 ἀρετὴν

1364 1848 1423 1883 τοῦ
1454 1844 1586 1896 ἀνδρός.
1608 1845 1660 1882 Τὸ
1692 1845 1754 1895 μὲν
1774 1844 1841 1898 γὰρ
1871 1845 1968 1897 παρὰ
1990 1843 2165 1882 Ἰουδαίων
2188 1849 2295 1882 ταῦτα
2323 1844 2383 1883 λέ-

1363 1909 1505 1956 γεσθαι,
1533 1905 1626 1944 οὐδὲν
1652 1906 1848 1956 θαυμαστόν
1862 1921 1869 1928 ·
1900 1906 1965 1943 3τὸ
1992 1905 2027 1942 δὲ
2047 1905 2142 1956 παρὰ
2160 1904 2280 1943 τούτου
2294 1936 2304 1953 ,
2325 1905 2385 1943 καὶ

1317 1983 1340 2012 Β
1365 1966 1454 2004 οὕτω
1475 1967 1699 2018 φοὸηθέντος,
1717 1967 1879 2018 μέγιστον
1897 1967 2084 2019 τεκμήριον
2114 1970 2177 2012 τῆς
2205 1970 2264 2004 τοῦ
2293 1969 2385 2005 Θεοῦ

1366 2027 1543 2078 δυνάμεως
1571 2027 1744 2066 δείκνυται
1762 2033 1875 2066 τοῦτο.
1900 2027 2018 2066 Σαοὺλ
2047 2026 2184 2078 ἀδελφέ.
2210 2029 2386 2065 Ἐνταῦθα

1365 2088 1424 2126 καὶ
1442 2091 1458 2126 ὁ
1480 2088 1583 2140 φόὸος
1595 2089 1728 2139 γίνεται
1746 2089 1874 2140 μέγας,
1892 2088 1950 2126 καὶ
1965 2092 1986 2135 ἦ
2001 2087 2136 2134 ὑπακοὴ
2161 2088 2285 2138 μείζων
2298 2087 2388 2138 μετὰ

1366 2149 1423 2186 τὸν
1440 2149 1556 2200 φόῧον.
1574 2143 1665 2188 Εἶτα
1688 2150 1806 2196 ἐπειδὴ
1827 2151 1955 2193 Σκεῧος
1974 2151 2118 2200 ἓκλογῆς
2141 2142 2247 2196 εἶπεν,
2263 2149 2319 2187 ἵνα
2337 2148 2385 2199 μὴ

1368 2208 1466 2260 εἴπῃς
1478 2209 1538 2256 ,τὸ
1557 2216 1625 2246 πᾶν
1647 2204 1733 2247 εἶναι
1749 2213 1857 2257 Θεοῦ,
1876 2210 2020 2260 ἀπάγων
2038 2225 2075 2248 σε
2087 2208 2228 2257 τούτου,
2246 2209 2388 2260 προστί-

1369 2273 1448 2314 θησι
1479 2270 1518 2307 τὸ
1547 2269 1644 2317 ἑξῆς,
1674 2270 1803 2320 λέγων·
1825 2272 1898 2307 Τοῦ
1928 2271 2101 2320 βαστάσαι
2133 2271 2172 2308 τὸ
2193 2271 2301 2320 ὄνομά
2321 2286 2387 2320 μου

1368 2328 1512 2367 ἐνώπιον
1534 2331 1636 2366 ἐθνῶν
1658 2330 1717 2367 καὶ
1738 2330 1908 2380 βασιλέων
1929 2331 2011 2367 υἱῶν
2027 2346 2064 2367 τε
2084 2331 2238 2382 Ἰσραήλ.
2259 2330 2389 2368 ’Ἡκου-

1368 2403 1438 2435 σεν,
1458 2388 1475 2425 ὃ
1494 2387 1624 2439 σφόδρα
1642 2387 1806 2438 ἐπεθύμει
1822 2391 1839 2425 ὃ
1853 2387 2008 2430 Ἀνανίας
2021 2417 2029 2432 ,
2047 2387 2099 2425 ὅτι
2117 2387 2174 2424 καὶ
2192 2387 2281 2425 κατὰ
2300 2389 2388 2424 Ἰου-

1367 2448 1472 2485 δαίων
1505 2448 1690 2494 στήσεται·
1711 2448 1762 2486 διὸ
1784 2448 1844 2485 καὶ
1863 2450 1900 2486 οὐ
1930 2447 2032 2498 μόνον
2060 2454 2192 2500 χαρᾶς,
2213 2448 2302 2485 ἀλλὰ
2328 2447 2388 2485 καὶ

1367 2508 1512 2559 θάρσους
1522 2510 1728 2560 πληροῦται.
1745 2507 1841 2557 Ἐγὼ
1858 2507 1925 2560 γὰρ
1937 2537 1945 2553 ,
1962 2507 2078 2558 φησὶν,
2092 2506 2258 2550 ὑποδείξω
2274 2509 2388 2558 αὐτῷ,

1319 2587 1343 2617 C
1368 2571 1433 2607 ὅσα
1465 2570 1514 2606 δεῖ
1534 2569 1634 2606 αὐτὸν
1654 2568 1742 2621 ὑπὲρ
1771 2571 1830 2605 τοῦ
1852 2567 2018 2617 ὀνόματός
2040 2583 2104 2616 μου
2133 2571 2267 2605 παθεῖν.
2292 2569 2389 2620 Upo-

1370 2631 1570 2677 δηλωτικῶς
1589 2633 1700 2667 ταῦτα
1724 2629 1882 2680 εἴρηται,
1905 2628 1979 2678 ἅμα
2004 2628 2064 2666 καὶ
2087 2629 2333 2680 ε’ντρεπτικῶς,
2361 2629 2390 2666 εἷ

1368 2694 1493 2734 ἐκεῖνος
1526 2691 1587 2741 μὲν
1624 2690 1742 2728 πάντα
1761 2689 1919 2728 πείσεται
1938 2692 1955 2727 ὃ
1974 2688 2062 2727 οὕτω
2088 2688 2104 2708 b
2117 2688 2300 2739 μεμηνὼς,
2323 2689 2387 2727 αὖ·

1369 2753 1425 2795 τος
1458 2752 1493 2790 δὲ
1511 2751 1586 2790 οὐδὲ
1610 2750 1779 2802 βαπτίσαι
1813 2750 1914 2789 αὐτὸν
1940 2749 2052 2797 θέλει,
2072 2748 2165 2792 ὅπως
2194 2750 2388 2802 ἀναὸλέψῃ.

1370 2815 1496 2857 Καλῶς
1524 2813 1618 2864 ἔχει,
1649 2811 1771 2864 φησίν·
1809 2811 1892 2863 ἄφες
1929 2811 2033 2848 αὐτὸν
2061 2812 2310 2862 πεπηρῶσθαι·
2333 2810 2390 2848 διὰ

1370 2877 1470 2912 τοῦτο
1504 2879 1560 2912 νῦν
1591 2873 1736 2925 ἥμερος,
1759 2872 1813 2911 ὅτι
1845 2870 1968 2923 τυφλός
1989 2873 2082 2908 ἐστι·
2103 2870 2136 2907 τί
2169 2886 2211 2920 με
2242 2870 2391 2914 κελεύεις

1371 2934 1501 2979 ἀνοῖξαι
1529 2937 1632 2972 αὐτοῦ
1653 2933 1731 2976 τοὺς
1748 2931 1961 2984 ὀφθαλμούς,
1982 2930 2037 2968 ἵνα
2062 2931 2166 2969 πάλιν
2188 2932 2293 2983 δήσῃ,
2311 2932 2390 2969 Ἀλ-

1369 2997 1414 3034 λὰ
1442 2995 1490 3047 μὴ
1519 2995 1671 3046 φοῧηθῇς
1701 2994 1740 3031 τὸ
1772 2993 1915 3044 μέλλον·
1935 2996 1977 3043 τῇ
1997 2992 2063 3043 γὰρ
2093 2992 2218 3036 ἀνοίξει
2245 2995 2282 3031 οὐ
2312 2995 2389 3030 καθ’

1370 3059 1484 3107 ἡμῶν,
1507 3056 1582 3093 ἀλλ’
1617 3053 1703 3107 ὑπὲρ
1733 3056 1833 3104 ἡμῶν
1861 3052 2049 3104 χρήσεται·
2067 3052 2152 3105 πρὸς
2176 3054 2238 3101 τὸ,
2266 3053 2392 3097 “Omne

1369 3115 1596 3166 *ἀναὸλέψ-ῃ,
1619 3114 1670 3152 ἔτι
1689 3114 1750 3152 καὶ
1782 3118 1891 3151 ταῦτα
1911 3111 2145 3165 προσκείσθω.
2177 3112 2238 3159 Μὴ
2265 3113 2370 3165 φοὸοῧ
2384 3128 2392 3136 ·

1375 3238 1445 3280 φλος
1458 3239 1533 3269 ἐστιν
1549 3238 1634 3272 ὅλως.

1421 3287 1437 3302 ⁸²
1454 3287 1635 3330 [ἀυαέλέψῃ,
1662 3290 1759 3320 ταῦτα
1787 3290 1917 3331 εἴρηται.
1945 3289 1977 3320 οὐ
1997 3291 2056 3332 γὰρ
2084 3291 2185 3329 μόνον,
2204 3289 2272 3329 φησὶ
2285 3312 2293 3327 ,
2313 3288 2393 3319 οὐδὲν

1376 3343 1535 3381 ἐργάσεται
1557 3337 1699 3372 savilius
1713 3345 1745 3371 et
1763 3339 1797 3370 Α.
1822 3339 1857 3372 Β.
1874 3338 1936 3379 C.]
