2502 3810
774 238 817 269 ιΝ
853 238 993 269 EPIST.
1034 238 1091 267 An
1129 237 1236 266 nom.
1277 235 1431 266 nomn„
1470 237 1566 267 xw.
2088 220 2176 265 (382

120 320 231 363 αἰτίας
247 320 342 365 ἐκτός
358 336 365 343 ·
382 327 539 372 φανεῖται
561 320 595 358 δὲ
620 320 679 358 καὶ
697 323 714 358 ὁ
733 321 870 363 Παῦλος
897 319 1002 363 οὕτως
1032 319 1130 361 αὐτὸς

117 383 230 432 ἑαυτῷ
251 381 446 433 μαχόμενος
463 385 481 419 ὁ
501 385 679 433 πανταχοῦ
696 381 758 426 τὴν
779 380 978 433 προαίρεσιν
998 395 1129 431 στεφα-

116 443 194 479 νῶν.
215 441 324 480 Οὐδὲν
341 441 452 479 τοίνυν
468 441 581 495 ἕτερον
607 443 753 479 ἐνταῦθα
772 441 1029 479 κατασκευάσαι
1051 439 1131 490 βού-

116 501 213 538 λεται
224 529 234 547 ,
251 500 272 545 ἢ
289 501 328 538 τὸ
343 507 461 539 πεῖσαι
474 501 530 538 τὸν
552 500 725 554 ἀκροατὴν
745 502 818 551 μεθ’
838 500 1029 552 ὑπερῧολῆς
1043 499 1131 537 ἁπά-

117 575 179 606 σης
210 559 314 598 εἴκειν
333 564 382 612 τῷ
409 563 490 613 Θεῷ
503 592 512 609 ,
532 561 591 599 καὶ
612 561 755 611 μηδενὸς
781 560 954 611 μηδέποτε
973 562 1140 609 ἀπαιτεῖν,

117 619 254 663 εὐθύνας
284 620 396 659 αὐτόν.
421 622 590 674 Καθάπερ
617 621 683 673 γὰρ
701 624 718 659 ὃ
740 620 929 673 κεραμεὺς,
949 620 1065 672 φησὶν,
1094 623 1131 659 ἐκ

117 682 176 717 τοῦ
206 682 308 718 αὐτοῦ
331 682 532 734 φυράματος
552 682 574 719 ἃ
590 681 748 733 βούλεται
773 686 885 729 ποιεῖ,
911 681 969 718 καὶ
988 680 1095 723 οὐδεὶς
1114 683 1132 718 ὁ

117 740 304 791 ἀντιλέγων
318 756 325 764 ·
347 743 437 779 οὕτω
461 742 520 780 καὶ
546 743 602 780 τὸν
638 742 726 781 Θεὸν
753 743 792 779 ἐκ
814 746 874 779 τοῦ
892 743 994 779 αὐτοῦ
1015 741 1132 792 γένους
1156 749 1179 778 E

117 802 185 838 τῶν
206 800 394 852 ἀνθρώπων
418 801 497 846 τοὺς
517 802 577 852 μὲν
598 802 807 848 κολάζοντα,
826 801 904 844 τοὺς
920 800 956 839 δὲ
975 804 1132 852 τιμῶντα

120 860 169 909 μὴ
195 862 419 913 περιεργάζου
434 893 443 910 ,
469 861 556 912 μηδὲ
577 862 878 912 πολυπραγμόνει,
900 861 991 899 ἀλλὰ
1020 877 1132 913 προσ-

119 921 212 960 κύνει
228 922 341 972 μόνον,
357 923 416 960 καὶ
435 927 542 973 μιμοῦ
555 923 612 961 τὸν
634 921 744 968 πηλόν
757 938 764 945 ·
784 922 842 959 καὶ
863 921 1020 973 καθάπερ
1039 924 1132 959 ἐκεῖ-

117 996 173 1025 νος
194 981 315 1020 ἕπεται
331 988 406 1025 ταῖς
423 983 522 1034 χερσὶ
541 986 601 1020 τοῦ
623 978 801 1032 κεραμέως
817 1011 826 1028 ,
846 981 935 1019 οὕτω
950 981 1010 1018 καὶ
1032 980 1071 1019 σὺ
1089 985 1132 1033 τῇ

118 1042 238 1092 γνώμῃ
269 1047 328 1080 τοῦ
351 1047 461 1080 ταῦτα
484 1045 752 1091 οἷκονομοῧντος.
773 1041 883 1079 Οὐδὲν
904 1040 971 1093 γὰρ
990 1041 1108 1084 ἁπλῶς
1124 1071 1133 1088 ,

117 1102 194 1140 οὐδὲ
215 1104 259 1144 ὡς
282 1103 413 1153 ἔτυχεν,
440 1102 642 1154 ἐργάζεται,
668 1101 732 1138 κᾶν
756 1101 854 1144 αὐτὸς
883 1103 1008 1152 ἀγνοῇς
1023 1101 1082 1138 καὶ
1096 1102 1136 1140 τὸ

116 1164 178 1207 τῆς
193 1162 313 1213 σοφίας
327 1162 535 1215 ἀπόρρητον.
551 1160 601 1199 Σὺ
620 1161 654 1200 δὲ
672 1159 791 1213 ἐκείνω
806 1161 867 1212 μὲν
884 1167 1076 1212 συγχωρεῖς
1096 1163 1135 1199 ἐκ

116 1226 176 1260 τοῦ
192 1225 293 1261 αὐτοῦ
306 1222 506 1275 φυράματος
520 1222 666 1273 διάφορα
682 1227 804 1270 ποιεῖν,
817 1222 876 1260 καὶ
891 1225 952 1261 οὐκ
966 1224 1133 1273 ἐγκαλεῖς·

85 1292 90 1296 “
115 1286 235 1321 τοῦτον
253 1284 287 1321 δὲ
305 1283 443 1327 εὐθύνας
458 1286 615 1327 ἀπαιτεῖς
630 1285 698 1320 τῶν
715 1283 888 1321 κολάσεων
904 1283 964 1321 καί
987 1286 1056 1320 τῶν
1087 1299 1136 1320 τι-
1149 1319 1196 1343 616

119 1347 206 1394 μῶν,
227 1344 286 1382 καὶ
303 1346 339 1382 οὗ
356 1349 578 1397 παραχωρεῖς
592 1345 685 1395 αὐτῷ
708 1343 833 1382 εἰδέναι
851 1373 860 1391 ,
879 1343 930 1387 τίς
951 1343 1012 1394 μὲν
1032 1343 1136 1391 ἄξιος,
1162 1357 1188 1384 Λ

118 1404 171 1447 τίς
198 1404 233 1442 δὲ
261 1406 299 1442 οὗ
326 1409 496 1451 τοιοῦτος,
522 1405 597 1442 ἀλλ’
617 1403 803 1456 ἐπειδήπερ
827 1404 866 1442 τὸ
888 1404 972 1442 αὐτὸ
993 1405 1137 1457 φύραμα

82 1515 85 1518 ἱ
120 1468 183 1510 τῆς
210 1466 315 1511 αὐτῆς
342 1466 459 1509 οὐσίας
487 1464 581 1515 ἐστὶ,
610 1465 669 1503 καὶ
698 1464 761 1509 τὰς
789 1465 1139 1518 αὖτὰςπροαιρέσεις

123 1526 227 1570 ἀξιοῖς
252 1519 351 1563 εἶναι.
376 1526 446 1564 Καὶ
473 1525 582 1571 πόσης
599 1529 709 1563 ταῦτα
730 1525 994 1577 παραπληξίας,
1015 1527 1139 1566 Καίτοι

121 1602 161 1636 γε
178 1587 253 1624 οὐδὲ
274 1586 330 1624 ἐπὶ
348 1592 407 1625 τοῦ
420 1586 600 1637 κεραμέως
619 1589 657 1624 ἐκ
673 1589 731 1623 τοῦ
747 1586 947 1637 φυράματος
961 1587 999 1625 τὸ
1015 1588 1139 1639 ἄτιμον

124 1646 234 1684 καὶτὸ
252 1647 400 1697 ἔντιμον,
416 1649 492 1684 ἀλλ’
513 1646 580 1684 ἀπὸ
600 1650 660 1693 τῆς
683 1646 841 1697 χρήσεως
856 1650 923 1685 τῶν
942 1664 1139 1702 μεταχειρι-

124 1707 286 1756 ζομένων,
308 1709 392 1759 ὅπερ
407 1702 462 1745 οὖν
482 1707 542 1744 καὶ
562 1708 707 1744 ἐνταῦθα
729 1707 797 1744 ἀπὸ
811 1711 872 1754 τῆς
891 1709 1137 1761 προαιρέσεως.

123 1767 237 1814 Πλὴν,
256 1767 339 1819 ὅπερ
359 1768 462 1819 ἔφθην
480 1768 598 1815 εἰπὼν,
628 1770 675 1810 εἷς
696 1767 730 1804 ἓν
747 1771 847 1806 τοῦτο
879 1769 1071 1818 λαμὸάνειν
1090 1771 1140 1808 δεῖ

125 1826 227 1876 μόνον
242 1827 280 1864 τὸ
297 1828 510 1879 ὑπόδειγμα,
536 1828 575 1866 τὸ
595 1827 642 1877 μὴ
664 1828 730 1865 δεῖν
749 1827 938 1878 ἀντιλέγειν
962 1832 1010 1881 τῷ
1032 1831 1114 1881 Θεῷ
1127 1859 1137 1878 ,

125 1887 213 1925 ἀλλὰ
228 1895 449 1940 παραχωρεῖν
468 1890 569 1926 αὐτοῦ
584 1890 633 1939 τῷ
651 1887 890 1940 ἀκαταλήπτῳ
902 1891 963 1934 τῆς
981 1894 995 1909 ³
1008 1889 1139 1942 σοφίας.

125 1948 194 1985 Καὶ
211 1947 278 1999 γὰρ
294 1948 337 1986 τὰ
356 1948 624 2000 παραδείγματα
641 1947 779 1998 μείζονα
794 1941 881 1986 εῖναι
901 1949 950 1986 δεῖ
968 1952 1036 1987 τῶν
1056 1965 1140 2001 προ-

123 2008 304 2058 κειμένων,
321 2009 379 2047 καὶ
391 2008 477 2060 ὑπὲρ
492 2004 539 2046 ὧν
555 2012 601 2053 εἰς
618 2009 720 2060 μέσον
741 2009 882 2061 ἄγεται,
898 2010 988 2049 ὥστε
1009 2013 1139 2061 μᾶλλον
1165 2022 1189 2051 Β

126 2072 272 2120 ἐνεργεῖν
294 2070 350 2107 τὸν
369 2070 561 2121 ἀκροατήν·
595 2070 670 2108 ἐπεὶ
699 2072 728 2107 εἷ
759 2070 807 2120 μὴ
831 2074 945 2122 μεῖζον
970 2072 1027 2119 εἴη
1044 2102 1053 2119 ,
1082 2073 1141 2111 καὶ

125 2130 266 2167 πλείονα
283 2130 357 2182 ἔχοι
376 2130 438 2177 τὴν
459 2130 669 2182 ὑπερῧολὴν,
697 2133 757 2168 οὐκ
777 2131 816 2168 ἂν
836 2133 883 2175 ὡς
901 2132 969 2184 χρὴ
1003 2133 1141 2171 καθικέ-

125 2195 203 2228 σθαι
215 2191 373 2237 δυνηθείη
387 2221 396 2238 ,
417 2191 474 2229 καὶ
491 2191 651 2243 ἐντρέψαι
663 2191 719 2229 τὸν
737 2192 970 2243 ἀντιλέγοντα.
986 2193 1062 2240 Τὴν
1078 2194 1140 2244 μὲν

122 2245 180 2289 οὖν
195 2252 337 2303 ἄκαιρον
354 2254 462 2290 αὐτῶν
478 2252 687 2304 φιλονεικίαν
702 2251 809 2295 οὕτως
828 2252 1035 2303 ἐπεστόμισε
1053 2254 1140 2304 μετὰ

119 2316 182 2359 τῆς
212 2313 454 2364 προσηκούσης
484 2312 678 2363 ὑπερὸολῆς
690 2328 698 2335 ·
719 2312 841 2363 ἐπάγει
871 2312 907 2351 δὲ
937 2313 1058 2351 λοιπὸν
1081 2314 1140 2352 καὶ

120 2373 184 2420 τὴν
202 2372 314 2411 λύσιν.
338 2373 402 2415 Τίς
423 2367 478 2411 οὖν
494 2376 515 2419 ἡ
535 2372 653 2419 λύσις;
682 2374 726 2411 Εἰ
747 2373 782 2412 δὲ
808 2375 914 2412 θέλων
935 2376 952 2411 ὃ
974 2371 1061 2418 Θεὸς
1081 2377 1140 2413 ε’ν-

122 2433 293 2477 δείξασθαι
321 2432 382 2478 τὴν
403 2432 508 2483 ὀργὴν
525 2432 584 2470 καὶ
604 2433 770 2485 γνωρίσαι
786 2433 824 2472 τὸ
842 2433 985 2472 δυνατὸν
1014 2437 1139 2482 αὑτοῦ,

120 2493 261 2544 ἤνεγκεν
279 2494 313 2530 ἐν
332 2494 444 2543 πολλῇ
464 2493 686 2544 μακροθυμίᾳ
711 2493 815 2541 σκεύη
846 2495 950 2546 ὀργῆς
967 2510 1139 2547 κατηρτι-

123 2552 235 2603 σμένα
250 2554 296 2595 εἷς
315 2552 490 2590 ἀπιῖ)λειαν
501 2568 508 2575 ·
526 2552 586 2590 καὶ
601 2551 657 2590 ἵνα
672 2554 824 2606 γνωρίσῃ
839 2554 897 2592 τὸν
910 2557 1057 2593 πλοῦτον
1077 2558 1139 2601 τῆς

122 2613 219 2660 δόξης
241 2616 342 2651 αὑτοῦ
358 2613 415 2651 ἐπὶ
434 2613 538 2660 σκεύη
555 2614 669 2658 ἐλέους
680 2645 689 2662 ,
706 2615 727 2651 ἃ
743 2615 1002 2667 προητοίμασεν
1020 2619 1066 2659 εἷς
1085 2617 1139 2654 δό-

125 2673 202 2717 ξαν·
219 2673 275 2716 οὒς
294 2674 353 2711 καὶ
373 2674 534 2712 ἐκάλεσεν
557 2677 670 2724 ἡμᾶς,
699 2677 736 2712 οὐ
766 2674 867 2725 μόνον
898 2675 931 2719 ἐξ
952 2675 1141 2723 Ἰουδαίων,
1165 2688 1188 2718 C

124 2733 213 2772 ἀλλὰ
229 2734 288 2772 καὶ
303 2734 337 2778 ἐξ
354 2736 470 2772 ἐθνῶν.
488 2733 537 2772 ⁶0
551 2734 587 2773 δὲ
606 2734 720 2786 λέγει,
739 2735 891 2773 τοιοῦτόν
912 2737 985 2774 ἐστι
1000 2752 1007 2758 ·
1025 2739 1142 2779 σκεῦος

121 2796 225 2845 ὀργῆς
245 2789 287 2841 ἦν
307 2798 324 2832 ὅ
341 2794 499 2845 Φαραώ·
526 2794 715 2844 τουτέστιν,
735 2799 752 2833 ὁ
776 2795 954 2848 ἅνθρωπος
973 2801 1032 2834 τοῦ
1051 2799 1142 2835 Θεοῦ

123 2855 185 2900 τὴν
204 2854 317 2906 ὀργὴν
348 2855 508 2893 ἀνάπτων
542 2855 598 2892 διὰ
627 2859 690 2902 τῆς
721 2855 848 2899 οἰκείας
883 2856 1119 2908 σκληρότητος
1132 2871 1142 2879 ·

123 2916 254 2960 πολλῆς
286 2915 353 2965 γὰρ
383 2914 582 2958 ἀπολαύσας
617 2915 886 2968 μακροθυμίας,«
913 2919 975 2955 οὐκ
1009 2916 1143 2968 ἐγένετο

127 2974 284 3023 βελτίων,
301 2977 380 3012 ἀλλζ
397 2975 603 3027 ἀδιόρθωτος
619 2976 744 3027 ἔμεινε.
766 2978 829 3016 Διὸ
847 2977 922 3015 οὐδὲ
940 2983 1058 3021 σκεῦος
1083 2981 1143 3029 ὄρ-

126 3036 188 3083 γῆς
208 3034 307 3072 αὐτὸν
324 3036 466 3074 ἐκάλεσε
485 3035 603 3087 μόνον,
622 3037 711 3075 ἀλλὰ
726 3038 785 3075 καὶ
800 3038 1075 3090 κατηρτισμένον
1097 3041 1143 3081 εἷς

129 3094 301 3131 :imolam
318 3110 326 3118 ·
351 3097 524 3143 τουτέστι,
563 3099 833 3152 ἀπηρτισμένον,
867 3100 995 3138 οἴκοθεν
1026 3099 1144 3149 μέντοι

129 3154 187 3191 καί
206 3156 286 3206 παρ’
308 3158 440 3195 ἑαυτοῦ.
462 3157 554 3196 Οὔτε
569 3158 636 3211 γὰρ
652 3161 668 3196 ὁ
688 3160 775 3203 Θεὸς
792 3159 930 3197 ἐνέλιπέ
949 3176 981 3197 τι
1000 3163 1068 3197 τῶν
1098 3161 1144 3203 εἷς

130 3215 191 3261 τὴν
213 3214 391 3266 διόρθωσιν
409 3217 568 3255 εἰκόντων
586 3219 648 3266 τὴν
669 3219 820 3268 ἐκείνου,
850 3220 928 3258 οὔτε
948 3221 1048 3264 αὐτὸς
1069 3220 1145 3258 ε’νέ-

130 3276 212 3314 λιπέ
234 3291 267 3312 τι
285 3279 352 3313 τῶν
373 3278 594 3316 ἀπολλύντων
624 3280 738 3328 αὑτὸν,
766 3281 825 3319 καὶ
855 3281 970 3328 πάσης
995 3283 1145 3319 ἀποστε-

1207 316 1319 369 posito
1333 316 1392 354 hic
1405 316 1550 368 quaestio
1564 325 1664 363 essct,
1683 325 1716 353 et
1732 316 1906 354 bonorum
1926 324 1959 353 et
1981 329 2049 354 non
2068 317 2183 355 hono-

1205 391 1284 415 rum
1318 378 1392 429 ipse
1427 377 1545 429 opifex
1570 385 1676 415 esset:
1695 376 1830 427 eritque
1851 377 1957 415 homo
1976 385 2076 415 extra
2107 378 2182 415 cul-

1206 452 1299 489 pam,
1336 438 1481 490 ipseque
1498 438 1631 475 Paulus
1661 436 1842 476 videbitur
1869 451 1987 476 secum
2010 452 2180 489 pugnare,

1204 498 1267 547 qui
1297 497 1429 547 ubique
1453 497 1674 549 propositum
1699 497 1892 535 voluntatis
1910 507 2063 536 coronat.
2081 498 2181 535 Nihil

1205 572 1287 610 ergo
1304 559 1404 597 aliud
1421 559 1481 597 hic
1501 572 1602 610 agere
1619 560 1712 611 vult,
1733 573 1841 609 quam
1865 568 1904 596 ut
1923 559 2078 597 auditori
2099 574 2181 611 per·-

1206 619 1365 670 suadeat,
1387 629 1426 658 ut
1451 620 1594 658 omnino
1627 619 1726 658 cedat
1753 622 1843 671 Deo,
1866 634 1928 658 nee
1960 621 2070 658 ullius
2099 635 2180 659 um-

1205 694 1313 730 quam
1335 680 1386 718 rei
1416 680 1568 719 rationes
1600 682 1646 718 ab
1680 680 1742 718 illo
1775 690 1922 732 repetat.
1952 683 2002 719 Ut
2032 682 2180 732 figulus⁷

1205 738 1333 788 inquit,
1345 753 1390 776 ex
1419 738 1542 776 eadem
1560 751 1674 775 massa
1696 752 1774 788 quae
1800 739 1880 776 vult
1905 739 2003 789 facit,
2023 748 2055 776 et
2082 753 2184 777 nemo

1205 797 1415 836 contradicit
1441 813 1448 833 τ
1472 797 1523 835 sic
1541 811 1622 834 cum
1654 798 1751 834 Deus
1771 811 1814 835 ex
1846 798 1968 835 eodem
1997 799 2186 838 hominum

1205 871 1330 908 genere
1346 856 1433 894 alios
1462 855 1574 907 punit,
1593 855 1681 893 alios
1710 855 1877 904 honorat;
1897 870 1939 893 ne
1963 858 2098 896 curiose
2134 859 2185 896 in-

1207 919 1328 968 quiras
1360 931 1422 955 nec
1445 916 1675 967 pervesti{.3·es⁷
1695 915 1760 953 scd.
1795 916 1940 954 adorato
1964 926 2117 968 tantum,
2147 933 2188 956 ac

1207 978 1324 1015 lutum
1343 976 1480 1014 imitare
1491 991 1503 1026 5
1523 984 1628 1025 atque
1643 984 1683 1012 ut
1705 974 1798 1012 illud
1813 976 2055 1026 figulimanus
2073 980 2189 1029 sequi-

1209 1047 1280 1085 tur,
1300 1038 1350 1076 sic
1365 1046 1399 1075 et
1425 1046 1463 1074 tu
1483 1037 1690 1074 sententiam
1709 1037 1800 1088 ejus,
1823 1036 1883 1086 qui
1904 1051 1959 1074 res
1978 1037 2029 1074 ita
2048 1038 2191 1090 dispen—

1206 1110 1272 1139 sat.
1296 1102 1418 1151 Neque
1437 1099 1531 1137 enim
1550 1109 1679 1137 temere
1703 1099 1761 1138 vel
1776 1099 1850 1136 sine
1877 1114 1981 1138 causa
2008 1111 2189 1152 operatur,

1207 1163 1347 1201 etiamsi
1373 1171 1411 1200 tu
1435 1162 1575 1213 ignores
1602 1162 1780 1214 sapientiae
1806 1176 1986 1200 arcanum.
2007 1165 2065 1202 Tu
2085 1178 2190 1215 porro

1208 1223 1321 1276 figulo
1340 1224 1530 1277 permittis,
1540 1233 1578 1262 ut
1596 1238 1642 1262 ex
1650 1224 1774 1262 eadem
1793 1238 1907 1262 massa
1918 1224 2057 1264 diversa
2074 1226 2193 1275 faciat,

1209 1299 1322 1336 neque
1352 1285 1392 1323 id
1413 1285 1468 1323 illi
1485 1284 1575 1324 vitio
1590 1285 1698 1324 vertis
1717 1301 1724 1322 :
1745 1299 1765 1322 a
1783 1285 1860 1323 Deo
1883 1295 2001 1324 autem
2023 1287 2195 1325 rationem

1210 1346 1339 1398 repetis
1356 1340 1668 1398 et'suppliciorum
1687 1355 1721 1383 et
1747 1346 1946 1395 honorum3
1968 1361 2080 1397 neque
2108 1361 2197 1385 con-

1212 1407 1306 1445 cedis
1324 1407 1393 1459 ipsi
1411 1416 1450 1444 ut
1464 1406 1563 1457 sciat,
1586 1407 1666 1457 quis
1684 1406 1826 1458 dignus,
1849 1407 1928 1458 quis
1948 1408 2116 1460 indignus
2132 1408 2191 1457 sit,

1212 1467 1272 1505 sed
1290 1467 1375 1518 quia
1393 1467 1516 1505 eadem
1535 1481 1648 1505 massa
1664 1467 1822 1519 ejusdem
1838 1468 2041 1506 substantiae
2054 1478 2119 1519 est,
2138 1483 2195 1507 ea-

1211 1528 1294 1566 dem
1307 1527 1499 1566 voluntatis
1517 1527 1699 1579 proposita
1717 1527 1774 1566 vis
1793 1542 1878 1566 esse,
1899 1528 1945 1566 Et
1961 1538 2101 1579 quantae
2120 1529 2196 1566 haec

1213 1597 1294 1627 sunt
1308 1587 1475 1626 insaniae?
1497 1587 1607 1638 Atqui
1622 1601 1666 1624 ne
1688 1587 1725 1625 in
1748 1587 1860 1638 figulo
1887 1588 2032 1638 quidem
2047 1603 2091 1627 ex
2119 1591 2197 1641 ipsa

1213 1663 1328 1687 massa
1356 1647 1550 1700 ignominia
1567 1657 1599 1685 et
1630 1648 1745 1685 honor
1765 1657 1973 1698 sequuntur,
1997 1649 2060 1687 sed
2078 1663 2123 1687 cx
2139 1664 2197 1687 eo-

1213 1724 1294 1747 rum
1314 1723 1381 1747 usu
1398 1708 1462 1759 qui
1489 1707 1551 1744 illa
1568 1716 1718 1745 tractant
1739 1722 1747 1743 :
1765 1706 1802 1746 id
1824 1708 1919 1758 quod
1938 1709 1998 1747 hic
2016 1711 2122 1748 etiam
2153 1726 2198 1750 cx

1214 1769 1394 1822 proposito
1413 1767 1604 1807 voluntatis
1618 1777 1680 1805 est.
1701 1768 1875 1806 Caeterum
1901 1769 1955 1820 id,
1978 1771 2075 1821 quod
2088 1785 2197 1824 supra

1214 1829 1306 1879 dixi,
1325 1829 1371 1867 ad
1389 1829 1457 1866 hoc
1487 1842 1599 1865 unum
1624 1827 1830 1880 exemplum
1859 1830 2104 1882 accipiendum
2129 1842 2195 1883 est,

1216 1905 1285 1929 non
1298 1899 1457 1943 oportere
1470 1889 1710 1927 contradicere
1726 1891 1815 1937 Deo,
1827 1890 1886 1927 sed
1909 1891 2108 1930 cedendum
2124 1908 2197 1931 esse

1215 1952 1290 2004 ejus
1322 1949 1674 2002 incomprehensibili
1701 1950 1893 2001 sapientiae.
1923 1952 2012 1989 Nam
2033 1954 2196 2006 exempla

1215 2013 1348 2065 majora
1363 2020 1500 2064 oportet
1519 2025 1591 2048 esse
1610 2011 1717 2048 rebus
1740 2011 1944 2062 propositis,
1970 2026 2047 2063 quae
2066 2013 2103 2051 in
2124 2029 2196 2052 me-

1214 2073 1316 2112 dium
1332 2072 1491 2110 adductae
1514 2080 1606 2120 sunt,
1623 2071 1671 2108 ita
1700 2080 1739 2108 ut
1765 2071 1962 2109 auditorem
1979 2074 2093 2125 magis
2111 2075 2195 2112 affi-

1215 2134 1322 2171 ciant.
1342 2133 1439 2170 Nam
1465 2131 1493 2169 si
1522 2132 1657 2183 majora
1685 2145 1754 2168 non
1785 2141 1897 2169 essent
1930 2147 1992 2171 nec
2026 2135 2198 2186 majorem

1214 2194 1382 2231 haberent
1401 2192 1636 2244 hyperbolen,
1660 2205 1730 2230 non
1752 2202 1893 2243 possent
1911 2202 1951 2230 ut
1970 2209 2034 2246 par
2049 2205 2101 2233 est
2117 2210 2197 2233 con-

1212 2253 1440 2291 tradictorem
1451 2264 1608 2303 pungere
1628 2261 1661 2289 et
1676 2253 2198 2306 pudefacere.Intempestivam

1214 2327 1297 2364 ergo
1315 2313 1458 2350 illorum
1478 2313 1737 2350 contentionem
1761 2313 1812 2350 sic.
1840 2313 1901 2351 ille
1924 2315 2089 2366 repressit
2116 2330 2198 2354 eum

1214 2373 1412 2426 hyperbole
1447 2372 1655 2423 congruenti
1681 2388 1688 2408 ε
1708 2371 1836 2410 deinde
1873 2388 1956 2412 vero
1987 2376 2198 2414 solutionem

1215 2433 1372 2472 adducit.
1395 2433 1482 2479 Quae
1501 2432 1563 2470 illa
1580 2432 1736 2471 solutio?
1756 2436 1819 2472 22.
1843 2434 1883 2472 Si
1910 2443 2040 2473 autem
2059 2437 2198 2474 volens

1215 2496 1321 2532 Deus
1337 2495 1535 2532 ostendere
1556 2496 1656 2530 iram
1690 2501 1727 2531 et
1747 2502 1881 2531 notam
1903 2496 2039 2546 facere
2062 2506 2197 2548 poten-

1215 2558 1310 2593 tiam
1326 2569 1450 2602 suam,
1469 2556 1557 2592 tulit
1579 2557 1619 2591 in
1634 2555 1759 2591 multa
1775 2556 2076 2606 longanimitate
2095 2573 2198 2597 vasa

1213 2619 1281 2653 iroe
1300 2624 1491 2667 apparata
1511 2618 1552 2652 in
1565 2616 1761 2652 interitum
1775 2631 1791 2660 ,-
1807 2616 1869 2653 25.
1888 2625 1925 2653 et
1941 2626 1983 2654 ut
1998 2621 2197 2670 notasfa-

1215 2685 1316 2714 ceret
1339 2678 1496 2714 divitias
1510 2676 1643 2727 gloriae
1658 2687 1737 2712 szcoe
1756 2689 1848 2727 erga
1865 2691 1967 2715 vasa
1984 2681 2197 2716 misericor-

1216 2736 1303 2781 dioe,
1318 2750 1402 2788 quoe
1415 2737 1654 2786 prceparavit
1675 2735 1730 2771 ad
1743 2735 1910 2785 gloriam
1922 2751 1937 2781 ,·
1958 2738 2020 2775 Q.
2039 2752 2133 2789 quos
2160 2748 2198 2776 et

1215 2799 1373 2834 vocavit
1393 2809 1460 2833 nos
1476 2794 1649 2842 (scilicet),
1662 2807 1739 2832 non
1757 2795 1882 2833 solum
1897 2811 1944 2834 ex
1957 2799 1989 2835 J
1988 2799 2120 2849 udaeis,
2131 2801 2199 2837 sed

1215 2859 1333 2894 etiam
1351 2869 1398 2893 ex
1409 2857 1598 2907 gentibus.
1614 2855 1689 2892 Hoc
1703 2864 1768 2903 est,
1788 2869 1851 2893 vas
1869 2856 1930 2894 irae
1941 2867 2015 2895 erat
2033 2859 2193 2909 Phara03

1216 2916 1253 2954 id
1271 2925 1333 2964 est,
1348 2915 1454 2953 homo
1468 2915 1530 2966 qui
1552 2929 1614 2966 per
1625 2914 1795 2952 duritiem
1816 2930 1930 2965 suam,
1951 2917 2040 2955 iram
2058 2919 2123 2957 Dei
2144 2920 2196 2957 iu-

1215 2977 1333 3016 cendit
1356 2992 1363 3013 :
1385 2976 1529 3027 longam
1546 2975 1641 3013 enim
1670 2975 1746 3026 ejus
1780 2976 1989 3027 patientiam
2011 2988 2192 3030 expertus,

1215 3051 1284 3075 non
1304 3036 1430 3074 melior
1449 3036 1595 3073 affectus
1615 3044 1679 3085 est,
1702 3035 1765 3072 sed
1781 3035 2034 3088 incorrigibilis
2054 3039 2193 3082 mansit.

1215 3098 1300 3136 Ideo
1321 3111 1390 3135 non
1409 3097 1514 3134 modo
1536 3110 1598 3133 vas
1617 3095 1677 3133 irae
1705 3095 1824 3147 ipsum
1845 3098 1998 3147 vocavit,
2022 3099 2084 3137 sed
2101 3114 2194 3151 prae-

1216 3167 1378 3210 paratum
1396 3157 1440 3195 ad
1457 3156 1719 3209 perditionem3
1743 3156 1780 3194 id
1795 3166 1859 3204 est,
1887 3168 2112 3211 apparatum,
2133 3174 2197 3212 per

1217 3233 1252 3256 se
1272 3231 1396 3270 nempe
1427 3227 1459 3255 et
1479 3231 1583 3269 opera
1610 3231 1685 3255 sua.
1710 3219 1830 3268 Neque
1856 3219 1952 3258 enim
1972 3221 2069 3258 Deus
2087 3222 2196 3272 quid-

1217 3281 1314 3333 piam
1326 3280 1550 3333 praetermisit
1573 3294 1707 3331 eorum,
1728 3295 1804 3332 quae
1821 3281 1868 3320 ad
1887 3283 1962 3334 ejus
1981 3284 2197 3323 emendatio-

178 3388 190 3403 a
216 3379 376 3421 [πρωρέας
399 3378 509 3412 iidem.
528 3381 571 3412 Et
596 3381 680 3413 infra
705 3385 781 3417 δοκεῖ
803 3394 864 3426 pro
891 3386 951 3426 δεῖ,
970 3391 1002 3416 et
1025 3389 1134 3427 ἐνάγειν
1149 3394 1208 3426 pro
1227 3384 1378 3430 {usp-fitz]

1949 3430 2011 3466 47,
