2502 3810
112 2348 183 2377 Act.
202 2356 231 2386 9.
254 2357 282 2386 7.

321 229 413 292 396
762 243 799 272 s.

315 338 396 368 sunt
418 342 471 367 res
487 329 507 367 J
512 328 702 364 udaeorum.
716 323 810 363 Vide
826 332 911 373 quot
930 330 1033 359 testes
1048 320 1194 358 adducit
1212 334 1220 356 z
1239 333 1294 356 se-

315 390 440 436 niores,
451 387 645 439 principem
665 382 903 431 sacerdotum,
924 396 981 420 eos
1002 381 1066 432 qui
1085 381 1121 418 in
1135 379 1291 419 civitate.

367 452 402 487 ἓ.
433 448 526 486 Vide
554 454 672 482 autem
702 445 776 496 ejus
802 453 834 481 et
858 443 1094 481 defensionem
1122 455 1190 480 non
1223 455 1296 479 esse

314 524 333 547 a
371 509 515 556 timore,
538 506 599 544 sed
618 520 638 543 a
657 505 820 543 doctrina
853 505 972 557 potius
1001 513 1035 542 et
1060 502 1293 541 institutione.

312 569 389 607 Nisi
417 568 510 606 enim
541 566 678 619 lapides
706 566 855 603 fuissent
885 564 1078 613 auditores,
1114 563 1221 601 dictis
1236 571 1294 599 at-

311 629 514 668 tendissent.
553 629 731 666 Hactenus
768 626 863 665 enim
896 626 977 664 illos
1012 625 1140 663 habuit
1173 633 1294 671 testes;

311 689 446 739 reliqua
485 703 566 727 vero
595 689 669 727 sine
707 688 856 727 testibus
891 696 986 725 sunt.
1009 687 1051 725 A
1088 687 1226 739 quibus
1259 692 1295 722 et

309 750 493 801 epistolas
512 753 717 802 accipiens,
730 751 784 787 ad
782 750 938 804 fratres
955 749 1197 786 Damascum
1210 759 1296 797 per-

307 812 457 861 gebam,
477 819 518 848 ut
539 811 769 848 adducerem
789 810 880 847 inde
899 811 1054 846 vinctos
1071 811 1114 845 in
1133 808 1295 845 Jerusa-

310 872 384 909 lem
402 880 443 909 ut
458 874 699 923 punirentur.
713 873 749 910 6.
763 873 929 908 Factum
944 878 1001 908 est
1017 878 1162 919 autem,
1181 875 1295 906 eunte

310 947 370 971 me
382 942 418 971 et
430 936 762 985 appropinquante
776 934 990 979 Damasco,
1005 932 1132 970 media
1154 931 1215 968 die
1234 943 1295 967 su-

312 997 388 1032 bito
407 995 454 1032 de
468 995 562 1032 caelo
579 994 837 1046 circumfulsit
855 1007 914 1030 me
928 993 997 1030 lux
1014 995 1183 1044 copiosa,
1203 992 1295 1029 'Lei

309 1055 488 1093 decidens
512 1058 554 1092 in
583 1064 746 1101 terram,
773 1055 907 1092 audivi
937 1067 1073 1091 vocem
1104 1054 1294 1090 dicentem

308 1116 404 1152 mihi
433 1132 444 1151 :
474 1116 611 1162 Saule,
642 1115 778 1163 Saule,
808 1115 903 1166 quid
935 1128 994 1151 me
1026 1115 1263 1165 persequeris
1277 1116 1294 1150 Ρ

306 1175 343 1215 8.
363 1176 449 1227 Ego
463 1184 591 1213 autem
609 1175 787 1226 respondi
798 1190 811 1211 .-
827 1175 919 1224 Quis
937 1187 990 1221 es,
1011 1174 1205 1213 Domine?
1218 1173 1294 1210 Di-

306 1239 440 1288 xitque
464 1238 518 1275 ad
542 1251 602 1274 me
628 1253 638 1273 .-
664 1238 749 1288 Ego
782 1250 865 1274 sum
899 1237 1013 1273 Jesus
1045 1236 1290 1281 Nazarenus,

307 1311 419 1349 quem
443 1307 485 1336 tu
501 1300 754 1350 persequeris.
778 1296 864 1336 Haec
889 1305 981 1334 certe
1006 1295 1078 1333 fide
1099 1294 1294 1335 admodum

306 1357 416 1409 digna
434 1359 559 1397 haberi
575 1358 762 1410 oportebat
785 1371 830 1396 ex
850 1357 909 1407 iis,
928 1371 1006 1408 quae
1021 1365 1289 1409 praecesserant3

307 1433 419 1470 neque
435 1420 528 1457 enim
541 1429 698 1457 mutatus
713 1419 829 1457 fuerit.
844 1418 943 1465 Quid
962 1418 1084 1470 igitur,
1100 1417 1251 1470 inquies,
1264 1417 1294 1455 si

306 1494 381 1518 sese
408 1481 543 1532 jactat?
565 1482 808 1530 Nequaquam.
837 1480 910 1517 Cur
936 1479 1044 1526 enim,
1067 1491 1197 1528 quaeso,
1221 1491 1294 1517 sese

307 1553 449 1595 repente
476 1544 512 1581 in
537 1552 676 1581 tantum
699 1543 813 1580 zelum
838 1541 1037 1594 injecisset?
1061 1541 1158 1592 quod
1182 1540 1293 1577 hono-

307 1619 381 1643 rem
397 1605 638 1657 exspectaret?
654 1604 764 1654 Atqui
778 1603 954 1641 contraria
969 1616 1093 1654 passus
1110 1610 1170 1640 est.
1187 1600 1295 1647 Quod

309 1666 463 1716 quietem
483 1665 702 1717 speraretPN
705 1678 792 1714 eque
808 1664 874 1702 hoc
890 1677 982 1702 sane.
1000 1664 1052 1699 An
1066 1663 1137 1701 alia
1149 1661 1194 1699 de
1213 1675 1293 1700 cau-

308 1728 372 1765 sa?
392 1727 493 1764 Nihil
509 1725 692 1763 ratiocinio
713 1724 867 1762 inveniri
885 1733 1009 1776 potest.
1029 1723 1114 1761 Haec
1130 1722 1202 1761 illis
1222 1722 1295 1761 col-

308 1787 451 1838 ligenda
466 1796 499 1824 ct
514 1785 696 1824 inferenda
715 1785 930 1836 relinquens,
944 1798 1000 1822 res
1016 1784 1110 1836 ipsas
1129 1792 1249 1821 narrat
1264 1790 1299 1820 et

309 1849 398 1887 dicit
412 1864 420 1884 :
437 1849 504 1885 Me
515 1850 852 1899 appropinquante
865 1848 1078 1893 Damasco,
1097 1846 1225 1884 media
1238 1845 1300 1883 die

309 1913 436 1949 subito
462 1911 509 1947 de
532 1910 627 1947 coelo
659 1909 923 1961 circumfulsit
953 1922 1011 1945 me
1042 1907 1110 1945 luz·
1129 1909 1297 1961 copiosa,
1323 1916 1347 1946 D

309 1980 345 2009 et
373 1972 499 2009 decidi
523 1973 565 2007 in
591 1979 746 2009 terram.
772 1968 868 2009 Vide
905 1977 1035 2019 quanta
1068 1968 1160 2006 lucis
1188 1967 1303 2024 copia⁸

308 2031 484 2082 Quodque
499 2045 569 2069 non
588 2045 633 2068 cx
643 2029 813 2082 jactantia
830 2029 1008 2080 loquatur,
1026 2038 1129 2067 testes
1145 2037 1227 2066 sunt
1241 2038 1304 2078 qui

310 2092 468 2142 aderant,
495 2092 556 2142 qui
585 2105 693 2129 manu
719 2090 958 2140 deduxerant,
975 2090 1037 2141 qui
1064 2090 1180 2128 lucem
1202 2089 1303 2129 vide-

311 2162 404 2190 runt.
425 2154 461 2191 9.
487 2154 560 2203 Qui
587 2161 717 2189 autem
746 2165 895 2188 mecum
913 2159 1040 2198 erant,
1062 2151 1193 2188 lumen
1220 2153 1304 2203 qui-

313 2214 399 2250 dem
423 2214 622 2258 viderunt,
645 2221 682 2249 et
701 2214 877 2249 exterriti
899 2220 1006 2257 sunt,·
1019 2225 1155 2248 vocem
1175 2220 1304 2250 autem

316 2287 393 2310 uon
410 2273 615 2309 audierunt
630 2274 724 2322 ejus,
746 2273 813 2322 qui
829 2271 1060 2321 loquebatur
1075 2285 1235 2308 mecum.
1250 2272 1304 2310 Ne

315 2343 467 2386 stupeas,
482 2333 511 2370 si
533 2333 593 2369 hic
613 2332 675 2380 ita,
692 2331 779 2368 alibi
800 2340 918 2368 autem
938 2331 988 2368 sic
1006 2331 1171 2380 loquatur
1194 2347 1202 2367 ε
1224 2332 1304 2369 Ste-

317 2402 444 2432 terunt
461 2406 595 2430 vocem
618 2392 772 2443 quidem
789 2391 1004 2437 audientes,
1025 2393 1214 2428 neminem
1234 2405 1303 2428 au-

317 2465 393 2493 tem
411 2455 600 2492 videntes.
615 2454 694 2491 Non
714 2461 795 2490 sunt
810 2451 904 2488 enim
921 2451 998 2488 haec
1011 2451 1198 2490 contraria.
1212 2452 1301 2491 Duae

317 2531 469 2568 namque
498 2529 601 2553 voces
625 2523 738 2564 erant,
757 2513 861 2551 Pauli
885 2522 918 2551 et
946 2513 1090 2551 Domini
1115 2528 1122 2549 :
1145 2512 1189 2551 de
1216 2528 1302 2552 voce
1325 2517 1349 2549 E

317 2588 434 2617 autem
450 2577 554 2615 Pauli
571 2576 646 2613 illic
663 2575 840 2626 loquitur,
854 2574 914 2612 hic
931 2588 1014 2613 vero
1030 2574 1138 2612 etiam
1151 2574 1302 2626 addidit,

321 2641 459 2677 Vocem
487 2651 565 2675 non
594 2638 801 2674 audieruut
831 2636 1023 2687 loquentis
1052 2636 1161 2672 mihi.
1189 2635 1304 2686 Igitur

319 2697 425 2747 illud,
440 2699 644 2735 Neminem
658 2697 849 2741 ¹videntes,
867 2709 937 2732 non
956 2694 1002 2732 ad
1019 2695 1138 2733 visum
1154 2704 1301 2747 spectat,

319 2760 380 2798 sed
400 2759 577 2811 significat
598 2772 666 2796 non
685 2757 839 2796 audisse.
855 2758 976 2807 Neque
995 2757 1089 2795 enim
1109 2757 1214 2807 dixit,
1228 2758 1305 2794 Lu-

320 2835 395 2859 cem
418 2835 488 2858 non
510 2820 696 2867 viderunt3
712 2818 791 2868 sed,
807 2820 1012 2856 neminem
1036 2820 1213 2857 videntes
1234 2827 1300 2857 ste-

322 2890 463 2927 terunt,
486 2880 525 2918 id
551 2889 614 2927 est,
634 2879 811 2916 neminem
835 2878 1051 2929 loquentem.
1074 2881 1160 2919 Jure
1189 2889 1306 2917 autem

326 2944 376 2980 ita
395 2943 526 2979 factum
543 2950 595 2978 est
615 2956 622 2976 :
642 2940 746 2977 illum
761 2939 856 2977 enim
873 2940 1057 2991 oportebat
1074 2940 1135 2977 illa
1149 2954 1234 2979 voce
1253 2940 1307 2978 di-

324 3002 438 3054 gnari.
457 3001 496 3040 Si
512 3001 606 3039 enim
621 3009 654 3038 et
670 3000 724 3037 illi
737 2999 932 3048 audissent,
949 3013 1018 3036 non
1036 3007 1170 3037 tantun]
1187 3000 1310 3038 fuisset

323 3064 549 3102 miraculum.
569 3062 664 3110 Quia
691 3062 801 3113 igitur
827 3060 1013 3098 crassiores
1037 3061 1174 3100 visione
1196 3063 1309 3114 magis

1318 514 1341 544 B

839 239 1021 271 somnus
1057 235 1296 267 cauYsosT.
1337 234 1544 268 ARCHOEP.
1583 239 1936 273 σοΝεΤΑΝΤιΝοΡ.

1364 320 1460 374 εὈρα
1491 324 1616 366 πόσους
1647 325 1798 376 παράγει
1836 325 2028 377 μάρτυρας,
2051 327 2090 366 τὸ
2117 326 2381 379 πρεσὸυτέριον,

1364 380 1421 418 τὸν
1443 383 1626 435 ἀρχιερέα,
1645 384 1723 428 τοὺς
1746 387 1779 422 ἐν
1804 388 1847 435 τῇ
1872 385 1982 425 πόλει.

1419 443 1534 480 Βλέπε
1551 443 1586 480 δὲ
1601 445 1705 482 αὐτοῦ
1720 443 1778 480 καὶ
1792 443 1854 490 τὴν
1872 446 2061 497 ἀπολογίαν
2071 449 2108 485 οὐ
2127 446 2254 490 δειλίας
2266 440 2382 492 οὖσαν,

1368 502 1457 540 ἀλλὰ
1471 504 1697 547 διδασκαλίας
1710 506 1842 554 μᾶλλον
1857 505 1916 542 καὶ
1932 507 2172 558 κατηχήσεως.
2195 509 2240 545 Εἰ
2254 506 2321 559 γὰρ
2334 506 2382 557 μὴ

1367 563 1455 601 λίθοι
1472 559 1561 611 ἦσαν
1584 568 1615 603 οἱ
1639 564 1842 614 ἀκούοντες,
1863 572 2046 618 προσεῖχον
2078 568 2118 604 ἂν
2145 574 2216 612 τοῖς
2239 568 2385 619 λεγομέ-

1366 636 1449 665 νοις.
1471 622 1588 676 Μέχρι
1607 622 1674 676 γὰρ
1688 622 1807 661 τούτου
1829 624 2007 677 μάρτυρας
2028 618 2118 676 εἶχεν
2140 626 2330 673 αὐτοὺς,τὰ
2349 625 2383 663 δὲ

1366 682 1472 721 λοιπὰ
1496 683 1692 736 ἀμάρτυρα.
1709 685 1802 734 Παρ’
1821 678 1868 721 ὧν
1892 684 1951 722 καὶ
1973 685 2157 728 ἐπιστολὰς
2183 685 2384 737 δεξάμενος,

1366 744 1451 795 πρὸς
1475 744 1552 788 τοὺς
1574 744 1739 796 ἀδελφοὺς
1764 747 1810 788 εἷς
1837 745 2028 795 Δαμασκὸν
2049 746 2277 798 ἐπορευόμην,
2297 748 2385 791 ἄξων

1366 804 1425 841 καὶ
1439 804 1515 849 τοὺς
1531 807 1643 842 ἐκεῖσε
1662 805 1763 848 ὄντας
1779 805 1978 856 δεδεμένους
1996 808 2043 850 εἷς
2057 805 2290 858 Ἰερουσαλὴμ
2301 838 2311 856 ,
2331 808 2387 845 ἵνα

1365 869 1624 917 τιμωρηθῶσιν.
1646 865 1809 917 Ἐγένετο
1831 866 1866 904 δὲ
1885 866 2105 920 πορευομένῳ
2127 883 2185 918 μοι
2208 868 2266 906 καὶ
2288 868 2386 919 ἐγγί-

1365 927 1457 971 ζοντι
1484 930 1527 979 τῇ
1562 929 1764 979 Δαμασκῷ,
1787 927 1868 979 περὶ
1900 928 2121 980 μεσημὸρίαν
2157 928 2319 981 ἐξαίφνης
2349 932 2388 968 ἐκ

1364 990 1424 1025 τοῦ
1444 990 1588 1039 οὐρανοῦ
1604 988 1865 1042 περιαστράψαι
1883 991 1954 1040 φῶς
1976 990 2091 1027 ἱκανὸν
2109 989 2191 1041 περὶ
2207 989 2290 1040 ἐμὲ,
2311 990 2388 1028 ἔπε-

1366 1047 1424 1087 σόν
1452 1064 1489 1086 τε
1511 1051 1558 1092 εἷς
1582 1049 1622 1087 τὸ
1653 1049 1797 1101 ἔδαφος,
1817 1050 1877 1087 καὶ
1908 1049 2032 1096 ἤκουον
2069 1051 2185 1101 φωνῆς
2220 1049 2388 1101 λεγούσης

1368 1124 1447 1159 μοι·
1463 1108 1600 1158 Σαοὺλ,
1620 1110 1740 1148 Σαοὺλ
1752 1141 1762 1158 ,
1777 1110 1811 1148 τί
1833 1126 1877 1161 με
1900 1108 2055 1158 διώκεις,
2073 1110 2170 1161 Ἐγὼ
2188 1110 2222 1149 δὲ
2245 1111 2387 1163 ἀπεκρί-

1367 1173 1447 1216 θην·
1463 1170 1514 1214 τίς
1530 1165 1578 1218 ei,
1600 1170 1725 1224 Κύριε,
1752 1165 1844 1209 Eine
1862 1187 1900 1209 τε
1928 1170 2013 1224 πρός
2033 1186 2096 1221 με·
2126 1170 2194 1222 ἐγώ
2216 1173 2287 1222 εἶμι
2308 1172 2386 1217 Ἰη-

1367 1236 1444 1275 σοῧς
1470 1235 1487 1270 ὁ
1509 1234 1732 1286 Ναζωραῖος,
1753 1233 1787 1271 ὃν
1819 1232 1859 1271 σὺ
1880 1232 2026 1277 διώκεις.
2045 1232 2214 1271 Μάλιστα
2237 1233 2299 1284 μὲν
2330 1227 2388 1271 οὖν

1365 1293 1555 1332 καὶταῦτα
1584 1293 1768 1338 ἀξιόπιστα
1796 1294 1864 1332 ἔδει
1882 1288 1970 1332 εἶναι
2003 1294 2072 1332 ἀπὸ
2099 1297 2169 1332 τῶν
2191 1294 2389 1346 προλαὸόν-

1365 1370 1452 1392 των·
1478 1355 1515 1394 οὗ
1541 1354 1608 1406 γὰρ
1631 1354 1670 1392 ἂν
1693 1355 1927 1407 μετεστράφη.
1950 1354 1997 1393 Τί
2030 1348 2101 1402 οἶν,
2136 1356 2165 1393 εἷ
2181 1354 2388 1404 ,κομπάζεῃ

1365 1414 1489 1467 φησίν,
1510 1413 1727 1467 ι)Οὐδαμῶς.
1747 1415 1814 1453 Διὰ
1829 1415 1863 1453 τί
1887 1415 1953 1467 γὰρ
1972 1420 2134 1454 τοσοῦτον
2155 1414 2314 1467 ἐξαίφνης
2333 1416 2388 1468 ἔῤ-

1366 1477 1445 1530 ριψε
1492 1478 1589 1525 ἧλον,
1624 1476 1700 1515 εἶπέ
1732 1491 1808 1527 μοι,
1828 1476 1947 1527 Τιμὴν
1970 1477 2191 1529 προσδοκῶν;
2214 1476 2284 1514 Καὶ
2319 1476 2387 1527 μὴν

1367 1536 1534 1575 τάναντία
1556 1536 1738 1587 ὑπέμεινεν
1752 1552 1760 1560 ·
1781 1537 1856 1574 ἀλλ’
1879 1537 2012 1584 ἄνεσιν,
2035 1536 2126 1575 Οὐδὲ
2155 1540 2274 1575 τοῦτο·
2299 1537 2387 1575 ἀλλὰ

1366 1596 1400 1635 τί
1419 1595 1553 1648 ἕτερον,
1574 1598 1664 1634 Ἀλλ’
1687 1596 1783 1636 οὐδὲν
1806 1597 1875 1635 ἀπὸ
1892 1599 2069 1647 λογισμῶν
2096 1600 2203 1649 εὑρεῖν
2233 1597 2388 1635 δυνατόν.

1366 1659 1490 1698 Ταῦτα
1516 1657 1629 1695 τοίνυν
1650 1658 1745 1709 ἀφεὶς
1764 1659 1879 1701 αὐτοῖς
1905 1657 2097 1708 συλλέγειν,
2122 1658 2165 1697 τὰ
2197 1658 2390 1710 πράγματα

1371 1719 1552 1768 διηγεῖται.
1570 1717 1766 1769 Ἐγγίζοντί
1787 1734 1867 1769 μοι,
1887 1717 1994 1770 φησὶ,
2022 1721 2066 1770 τῇ
2089 1720 2292 1771 Δαμασκῷ,
2310 1718 2389 1770 περὶ

1373 1778 1594 1830 μεσημὸρίαν
1625 1778 1782 1831 ἐξαίφνης
1809 1781 1847 1817 ἐκ
1878 1783 1937 1816 τοῦ
1965 1781 2108 1831 οὐρανοῦ
2132 1780 2393 1832 περιαστράψαι

1374 1842 1445 1892 φῶς
1466 1840 1583 1878 ἰκανὸν
1602 1839 1683 1891 περὶ
1703 1838 1765 1890 ἐμὲ
1779 1869 1790 1888 ,
1809 1838 1931 1877 ἔπεσόν
1956 1854 1993 1877 τε
2014 1841 2060 1883 εἷς
2081 1839 2120 1878 τὸ
2142 1840 2276 1892 ἔδαφος.
2301 1839 2399 1892 (Όρα

1375 1900 1466 1949 πόση
1486 1903 1508 1950 ἡ
1529 1900 1706 1953 ὑπερὸολὴ
1726 1905 1786 1938 τοῦ
1806 1899 1928 1953 φωτός.
1949 1900 2019 1938 Καὶ
2033 1900 2084 1938 ὅτι
2106 1902 2144 1938 οὐ
2159 1901 2350 1952 κομπάζω,
2367 1903 2398 1939 οἳ

1377 1962 1534 2005 συνόντες
1564 1966 1809 2014 μαρτυροῦσιν,
1830 1964 1860 1999 οἱ
1884 1965 2177 2014 χειραγωγοῦντες
2196 1964 2242 2010 οἳ,
2263 1962 2302 2000 τὸ
2329 1965 2399 2014 φῶς

1377 2023 1595 2074 θεασάμενοι.
1613 2025 1660 2062 Οἱ
1686 2023 1721 2062 δὲ
1741 2021 1799 2061 σὺν
1828 2023 1906 2073 ἐμοὶ
1924 2022 2018 2065 ὄντες
2038 2022 2077 2060 τὸ
2109 2022 2170 2073 μὲν
2201 2025 2272 2075 φῶς
2298 2023 2395 2060 ἐθεά-

1378 2100 1501 2131 σαντο,
1521 2085 1581 2123 καὶ
1600 2084 1746 2137 ἔμφοὸοι
1762 2083 1936 2135 ἐγένοντο,
1952 2082 2014 2130 τὴν
2032 2082 2066 2121 δὲ
2082 2083 2197 2136 φωνὴν
2217 2086 2278 2122 οὐκ
2295 2083 2400 2130 ἥκου-

1377 2161 1440 2185 σαν
1462 2149 1521 2184 τοῦ
1549 2145 1732 2189 λαλοῦντός
1762 2161 1831 2195 μοι.
1852 2144 1973 2190 Μηδὲν
2002 2143 2175 2196 ξενισθῇς,
2195 2147 2225 2182 εἷ
2255 2147 2400 2183 ἐνταῦθα

1379 2205 1441 2255 μὲν
1461 2205 1590 2254 οὕτως,
1619 2204 1761 2257 ἑτέρωθι
1793 2204 1828 2242 δὲ
1856 2204 1971 2256 λέγει,
1998 2203 2050 2242 ὅτι
2081 2204 2315 2252 Εἱστήκεισαν
2335 2204 2398 2251 τὴν

1379 2264 1440 2315 μὲν
1477 2266 1593 2317 φωνὴν
1625 2264 1822 2312 ἀκούοντες,
1844 2264 1978 2315 μηδένα
2009 2264 2045 2302 δὲ
2079 2268 2294 2317 θεωροῦντες.
2323 2269 2400 2305 Οὐκ

1377 2325 1450 2362 ἔστι
1469 2330 1568 2363 τοῦτο
1592 2325 1756 2363 ἐναντίον.
1772 2325 1896 2362 Φωναὶ
1917 2324 1985 2375 γὰρ
2006 2324 2065 2362 δύο
2089 2319 2191 2372 ἦσαν,
2211 2330 2232 2372 ἡ
2255 2326 2398 2365 Παύλου

1377 2384 1436 2422 καὶ
1452 2383 1473 2430 ἦ
1491 2390 1550 2423 τοῦ
1571 2385 1699 2436 Κυρίου
1714 2401 1721 2408 ·
1737 2384 1800 2431 τὴν
1817 2384 1931 2436 φωνὴν
1949 2384 2061 2423 τοίνυν
2089 2387 2160 2423 ἐκεῖ
2173 2390 2232 2423 τοῦ
2253 2386 2397 2425 Παύλου

1375 2444 1490 2496 λέγει,
1514 2448 1659 2484 ἐνταῦθα
1680 2447 1715 2484 δὲ
1734 2445 1794 2483 καὶ
1813 2445 2024 2497 προσέθηκεν
2054 2445 2172 2494 εἰπὼν,
2187 2445 2263 2493 Τὴν
2280 2447 2396 2498 φωνὴν

1376 2507 1438 2543 οὐκ
1460 2506 1612 2552 ἥκουσαν
1633 2510 1692 2543 τοῦ
1722 2505 1905 2548 λαλοῦντός
1937 2521 2006 2555 μοι.
2027 2507 2161 2544 Οὐκοῦν
2176 2507 2235 2555 τὸ,
2252 2507 2398 2554 Μηδένα

1377 2570 1596 2618 θεωροῦντες,
1613 2568 1650 2604 οὐ
1665 2571 1724 2606 τοῦ
1741 2568 1835 2613 ἰδεῖν,
1854 2566 1944 2604 ἀλλὰ
1966 2569 2025 2604 τοῦ
2048 2566 2096 2616 μὴ
2115 2568 2260 2606 ἀκοῦσαι
2289 2570 2398 2614 δηλω-

1375 2627 1470 2665 τικόν
1500 2630 1603 2666 ἐστιν.
1624 2630 1676 2666 Οὐ
1694 2628 1760 2680 γὰρ
1780 2621 1886 2675 εἶπεν,
1901 2626 1954 2664 ὅτι
1983 2626 2022 2665 τὸ
2042 2629 2112 2679 φῶς
2139 2630 2202 2666 οὐκ
2229 2628 2374 2667 ἔὸλεπον
2389 2644 2397 2652 ·

1377 2688 1638 2737 ἅλλὰῶΙηδένα
1659 2691 1862 2741 θεωροῦντες
1881 2688 2116 2734 εἷστῆκεισαν·
2136 2689 2313 2737 τουτέστι,
2331 2691 2396 2727 λα-

1376 2749 1516 2788 λοῦντα.
1538 2750 1694 2793 Εἰκότως
1715 2749 1749 2787 δὲ
1765 2753 1865 2786 τοῦτο
1884 2748 2035 2800 ἐγένετο·
2055 2749 2156 2787 αὐτὸν
2175 2749 2242 2801 γὰρ
2255 2749 2322 2787 ἔδει
2336 2752 2398 2796 τῆς

1378 2812 1493 2862 φωνῆς
1512 2809 1769 2856 καταξιωθῆναι
1790 2809 1933 2855 ἐκείνης.
1957 2810 2002 2847 Εἰ
2020 2808 2088 2861 γὰρ
2111 2809 2261 2855 ἤκουσαν
2282 2812 2399 2848 κάκεῖ-

1379 2887 1448 2918 νοι,
1468 2871 1528 2908 οὐκ
1554 2871 1592 2908 ἂν
1608 2874 1769 2909 τοσοῦτον
1792 2869 1927 2921 ἐγένετο
1947 2869 1986 2907 τὸ
2008 2871 2135 2919 θαῦμα.
2156 2868 2301 2916 Ἐπειδὴ
2328 2869 2399 2906 τοί-

1377 2947 1436 2969 νυν
1461 2933 1491 2969 οἷ
1519 2930 1713 2983 παχύτεροι
1733 2931 1809 2982 ὄψει
1829 2929 2005 2967 πείθονται
2038 2931 2182 2980 μᾶλλον,
2211 2929 2268 2967 διὰ
2299 2933 2399 2968 τοῦτο

1379 2991 1439 3031 καὶ
1460 2993 1585 3029 ἐκεῖνοι
1604 2991 1643 3029 τὸ
1670 2994 1741 3042 φῶς
1760 2984 1847 3028 εἶδον
1877 2989 1991 3040 μόνον,
2024 2989 2107 3041 ὅπερ
2127 2990 2244 3028 ἱκανὸν
2274 2983 2315 3036 ἦν
2340 2993 2399 3028 αὖ·

1379 3052 1456 3096 τοὺς
1490 3057 1630 3090 πεῖσαι·
1660 3051 1734 3089 ὅθεν
1758 3050 1817 3088 καὶ
1847 3050 1993 3102 ἔμφοὸοι
2022 3049 2186 3102 γίνονται.
2201 3049 2331 3094 Ἄλλως
2364 3050 2399 3090 δὲ

324 3124 594 3177 persuadentur,
615 3122 694 3160 ideo
715 3131 750 3160 et
768 3121 822 3159 illi
838 3122 955 3159 lucem
970 3129 1109 3159 tantum
1127 3122 1306 3173 viderunt,
1320 3139 1368 3166 354
1381 3115 1418 3153 Οὔ
1438 3112 1519 3164 περὶ
1546 3111 1667 3155 αὖτοὺς
1682 3112 1720 3149 τὸ
1740 3114 1811 3163 φῶς
1824 3113 1985 3148 τοσοῦτον
2005 3110 2210 3163 εἷργάσατῡ,
2225 3110 2303 3150 ὅσον
2321 3112 2400 3164 περὶ

325 3185 423 3235 quod
448 3194 585 3237 poterat
611 3184 684 3221 illis
713 3181 923 3235 persuadere
944 3198 951 3219 :
972 3182 1066 3220 unde
1090 3192 1124 3221 et
1148 3185 1308 3223 exterriti
1330 3176 1357 3206 A
1380 3179 1518 3214 τοῦτον·
1540 3174 1600 3212 καὶ
1615 3173 1683 3225 γὰρ
1701 3172 1880 3224 ἕπῆρωσὲν
1905 3173 2007 3210 αὐτοῦ
2025 3172 2086 3216 τὰς
2113 3173 2224 3224 ὄψεις,
2247 3172 2303 3210 διὰ
2329 3175 2398 3211 τῶν

327 3255 416 3284 sunt.
434 3245 604 3296 Alioquin
622 3257 706 3283 vero
723 3257 792 3282 non
812 3252 949 3282 tantum
965 3253 1107 3297 operata
1126 3253 1176 3283 est
1192 3245 1257 3284 lux
1271 3245 1306 3283 in

367 3378 383 3401 ¹²
402 3378 537 3419 οὐδαμῶς
555 3374 647 3408 deest
662 3376 694 3407 in
712 3374 925 3419 quibusdam.

1381 3238 1427 3281 εἷς
1437 3240 1555 3275 τοῦτον
1571 3233 1830 3285 συμὸαινόντων
1844 3238 1857 3254 ¹¹
1869 3233 2039 3276 κάκείνοις
2053 3232 2164 3277 διδοὺς
2183 3233 2376 3286 ἀναὸλέψαι
2387 3267 2397 3287 ,

1431 3388 1443 3402 ὃ
1461 3376 1553 3409 Unus
1566 3373 1680 3409 Codex
1699 3378 1830 3412 κάκείνης
1846 3375 1952 3407 ἔδωκεν
1970 3376 2145 3415 dauwe-,ban
