2502 3810
2103 265 2189 277 7--5

2108 296 2181 309 [Al

762 270 804 298 tx
841 268 982 298 EplsT.
1022 267 1080 297 Η)
1115 266 1223 295 ROM-
1264 264 1420 294 HOmL.
1457 265 1566 296 XXV.

123 351 244 403 ῥήδην,
271 353 316 395 ὡς
344 352 426 391 ὅταν
455 353 603 404 ἀπειλῇ,
633 354 685 390 ὃτι
704 352 898 391 Πεσοῧνται
925 355 958 390 ἐν
990 351 1138 401 στόματι
1162 354 1186 383 E
1209 348 1465 386 comminatur:
1487 349 1638 387 Cadent
1673 351 1713 385 in
1744 362 1806 384 ore
1823 348 1960 399 gladii,
1983 357 2017 385 et
2053 351 2178 398 captis
2184 362 2193 383 z
2210 352 2285 379 l'cl
2309 362 2339 380 2

1211 409 1479 446 abducentur
1466 424 1507 446 m
1520 417 1672 462 gentes,
1693 416 1728 446 et
1748 411 1820 446 erit
1836 411 2014 446 anxietas
2032 411 2073 445 ιή
2092 417 2195 445 tetra
2208 391 2256 431 ²¹
2274 394 2321 421 ²5
2344 393 2391 420 ΖΝ

1213 471 1396 520 gentium,
1428 473 1469 507 in
1502 473 1683 522 angustia
1711 477 1916 508 resonante
1947 472 2046 506 mari
2072 478 2107 506 et
2111 469 2196 523 flu-

1214 533 1359 576 dibus,
1377 534 1638 569 arescentibus
1659 533 1879 569 hominibus
1908 545 1932 568 a
1960 533 2120 579 timore,
2150 541 2195 577 et,

1214 593 1300 628 Erit
1326 593 1545 639 tribulatio,
1566 594 1694 644 qualis
1719 593 2022 644 rzumquamficit
2045 594 2094 629 ab
2123 594 2195 628 im
2209 605 2324 673 ἐΙῘιιιὺ.
2343 606 2391 640 74.

1215 654 1268 688 tio
1311 667 1432 704 neque
1461 656 1544 690 erit.
1579 653 1732 690 Ananias
1762 667 1846 691 velo
1888 662 1922 690 ct
1954 652 2105 704 saphim
2132 655 2225 705 pro2

1215 727 1410 764 paucolum
1446 723 1693 765 algenteorum
1729 715 1824 752 fuito
1856 724 2003 765 quantas
2034 715 2198 753 dederint

1215 787 1360 824 poenas,
1380 788 1500 811 omnes
1533 775 1656 812 nostis.
1694 777 1824 812 Annon
1841 775 1942 812 vides
1973 775 2197 825 quotidianas

1204 833 1431 871 'calamitates
1443 834 1460 871 Ξ)
1476 848 1520 871 an
1534 847 1647 884 neque
1660 833 1726 871 ista
1740 834 1987 885 contigerunt?
2004 837 2084 873 Non
2098 836 2199 875 vides

1215 893 1322 931 etiam
1354 907 1448 931 nunc
1464 894 1556 931 fame
1569 893 1785 945 pereuntes
1803 908 1860 931 eos
1880 895 1940 944 qui
1959 895 2016 932 vel
2035 896 2198 966 elephan-

122 412 320 465 μαχαίρας,
337 413 395 450 καὶ
413 414 802 465 αἰχμαλωτισθήσονται
829 430 874 456 εις
890 413 934 451 τὰ
960 412 1037 459 ἔθνη
1052 442 1061 459 ,
1080 428 1139 449 και

121 473 217 511 ἔσται
235 473 361 526 συνοχὴ
391 475 448 512 ἐπὶ
469 478 531 527 γῆς
551 477 668 522 ἐθνῶν,
688 476 721 512 ἐν
745 474 872 526 ἀπορία
892 473 1066 525 ᾱῆχούσης
1084 477 1140 511 θα-

119 533 253 581 λάσσης
273 533 332 572 καὶ
353 535 458 574 σάλου
471 563 481 580 ,
500 534 749 587 ἀποψυχόντων
778 534 968 586 ἀνθρώπων
989 535 1057 572 ἀπὸ
1076 533 1141 584 φό-

326 595 457 634 ’Έσται
473 598 585 648 θλῖψις
603 595 747 641 τοιαύτη
761 626 769 642 ,
789 595 845 632 οἵα
861 594 1022 633 οὐδέποτε
1036 593 1140 645 γέγο-

124 671 185 692 ναν
210 657 269 693 ἀπ’
288 657 412 709 ἀρχῆς,
432 657 508 695 οὐδὲ
529 656 577 707 μὴ
595 656 705 694 ἔσται.
725 655 793 693 Καὶ
812 657 829 692 ὃ
848 655 1003 699 Ἀνανίας
1023 654 1059 692 δὲ
1082 655 1141 691 καὶ

123 593 184 631 6ου
198 610 206 617 ·
222 595 301 642 καὶ,

2208 654 2266 714 Arsit
2274 685 2325 714 ,5.
2345 693 2372 713 1.

124 718 146 761 ἡ
168 715 355 769 Σάπφειρα
369 717 456 769 ὑπὲρ
476 719 607 764 κλοπῆς
622 715 747 766 ὀλίγων
764 716 934 769 ἀργυρίων
952 716 1035 762 ὅσην
1055 714 1142 753 ἔδω-

125 791 190 814 καν
208 777 320 824 δίκην,
337 778 486 821 ἅπαντες
502 778 594 815 ἴστε·
619 777 680 820 τὰς
701 776 738 815 δὲ
753 776 988 828 καθημερινὰς
1009 791 1143 827 συμφο-

128 837 188 890 ρὰς
204 841 267 890 οὐχ
285 842 386 891 ὁρᾷς,
405 839 427 885 ἢ
449 838 523 877 οὐδὲ
541 843 650 876 ταῦτα
669 838 870 912 γεγένηται;
890 838 969 889 Οὐχ
983 840 1064 889 ὁρᾷς
1083 835 1143 874 καὶ

123 902 183 936 ν’ὔν
203 899 280 942 τους
300 902 393 951 λιμιΝ)
422 899 651 949 τηκουένους,
679 914 757 941 τους
787 897 947 949 ἐλέφαντι
965 898 1024 935 καὶ
1043 899 1083 935 λι
1079 896 1141 948 ‘5¹1

124 959 285 1011 σι’)ματκ
316 960 587 1012 κατεχομένους,
616 976 693 1003 τους
723 975 766 996 πε
770 959 824 1010 νίᾳ
848 961 997 1004 διηνεκεῖ
1017 961 1144 1002 συζῶν-
1156 978 1202 1002 703
1216 957 1298 995 tiasi
1329 957 1387 995 vel
1417 957 1490 995 alio
1523 958 1649 995 morbo
1677 957 1914 995 detinentur?
1933 972 1990 996 eos
2007 960 2069 1010 qui
2087 960 2123 996 in
2138 973 2199 1011 pe·
2246 970 2305 997 Cur
2320 969 2399 997 Deus

123 1036 204 1069 τας;
228 1021 305 1064 τοὺς
323 1021 430 1072 μυρία
458 1021 631 1066 ἀνηκεστα
659 1019 881 1070 πάσχοντας,
902 1019 985 1061 Πῶς
1013 1022 1069 1056 οὖν
1103 1018 1143 1054 ἂν
1167 1018 1192 1042 A
1217 1018 1320 1054 nuria
1354 1027 1524 1069 perpetua
1544 1017 1705 1056 vivunt?
1725 1031 1782 1055 eos
1811 1018 1873 1068 qui
1905 1019 2019 1056 millia
2036 1020 2200 1057 intoleia-
2213 1011 2401 1087 ᾏζιζῖῑοῖζὲζ

1215 1077 1305 1114 bilia
1335 1077 1552 1129 patiuntur?
1579 1078 1771 1125 Quomodo
1817 1092 1960 1145 aequum
1993 1079 2087 1116 fielit
2113 1080 2200 1118 alios
2214 1094 2290 1124 nm
2331 1092 2402 1119 alios

1217 1137 1336 1189 plecti,
1357 1138 1445 1176 alios
1470 1152 1542 1176 non
1563 1139 1701 1191 plecti?
1724 1140 1817 1177 Nam
1844 1139 1874 1176 si
1893 1153 1962 1177 non
1986 1139 2137 1192 injustus
2152 1150 2203 1178 est
2215 1142 2348 1162 mmmne

119 1081 196 1139 ἔχοι
211 1082 310 1132 λό(ον
327 1081 405 1123 τοὺς
421 1097 495 1157 μεν
508 1080 733 1125 κολάζεσθαι,
758 1078 836 1121 τους
865 1077 902 1115 δὲ
933 1078 981 1128 μὴ
1002 1078 1144 1122 κολάζε-

120 1145 221 1189 σθαι,
242 1143 287 1179 Εἰ
301 1142 368 1194 γὰρ
388 1141 436 1191 μὴ
454 1142 570 1184 ἄδικος
586 1143 603 1178 ὃ
619 1140 708 1183 Θεὸς
722 1170 732 1186 ,
751 1138 870 1191 ὥσπερ
890 1143 946 1177 οὐν
976 1138 1051 1177 οὐδὲ
1072 1139 1144 1176 ἅδι-

120 1216 201 1248 κος,
223 1202 361 1244 πάντως
382 1201 442 1238 καὶ
463 1217 503 1239 συ
526 1200 646 1243 δωσεις
668 1199 803 1246 δίκην(
787 1199 1018 1251 αμαρτάνων·
1048 1202 1077 1237 εἰ
1094 1200 1142 1247 δὲ,

121 1261 240 1309 ἐπειδὴ
266 1260 541 1314 φιλάνθρωπός
526 1277 632 1309 εστιν,
660 1262 697 1298 οὖ
717 1261 879 1309 κολάζει,
910 1259 984 1299 οὐδὲ
1005 1260 1144 1304 τούτους

120 1323 189 1362 ἔδει
208 1325 430 1370 κολασθῆναι.
451 1323 538 1361 Νυνὶ
558 1323 593 1360 δὲ
614 1322 670 1360 διὰ
691 1325 803 1360 ταῦτα
818 1325 918 1373 ἡμῶν
939 1322 982 1360 τὰ
1003 1323 1143 1374 ῥήματα

120 1384 267 1428 πολλοὺς
286 1385 345 1422 καὶ
373 1387 520 1422 ἐνταῦθα
541 1384 680 1427 κολάζει
709 1387 726 1422 ὁ
744 1384 832 1426 Θεὸς
848 1413 857 1429 ,
881 1383 923 1421 ἵν’
955 1384 1037 1422 ὅταν
1072 1391 1143 1428 τοῖς

123 1445 256 1497 ῥήμασι
275 1447 293 1464 *
305 1445 352 1495 μὴ
369 1443 578 1490 πιστεύσητε
597 1447 659 1489 τῆς
689 1445 836 1490 ἀπειλ-Νης
847 1444 940 1492 ,νκᾶν
957 1450 1027 1488 τοῖς
1045 1445 1142 1496 πρά-

121 1522 233 1557 γμασι
251 1504 459 1552 πιστεύσητε
487 1509 550 1551 τῆς
575 1504 747 1558 τιμωρίας
761 1520 768 1527 ·
789 1505 848 1542 καὶ
871 1505 990 1551 ἐπειδὴ
1008 1505 1052 1543 τὰ
1072 1522 1141 1543 πα-

122 1566 206 1604 λαιὰ
225 1568 288 1618 οὐχ
307 1565 413 1608 οὕτως
431 1569 525 1615 ἡμᾶς
552 1566 671 1617 φοὲεῖ,
691 1571 760 1608 τοῖς
782 1566 833 1616 ἐφ’
856 1565 1005 1610 ἑκάστης
1024 1572 1143 1616 γενεᾶς

122 1626 350 1677 συμὸαίνουσι
369 1625 445 1669 τοὺς
464 1626 556 1664 κατὰ
579 1626 698 1679 καιρὸν
729 1627 920 1677 διορθοῦται
952 1629 1143 1678 ῥᾳθυμοῦν-

249 1689 262 1699 Ῑ
289 1686 296 1700 ἵ
348 1686 356 1700 Ι
441 1686 457 1701 (Ι
602 1689 612 1701 “)
685 1687 695 1699 Ι
809 1688 819 1700 Ἰ
884 1690 904 1698 Ν
1060 1688 1067 1700 l
1179 1702 1182 1703 ε

121 1702 193 1729 τας.
232 1689 301 1725 [xm
322 1703 411 1729 τινος
438 1702 551 1724 ενεκεν
580 1703 617 1725 ου
645 1702 778 1729 παντας
805 1691 951 1724 ενταυθα
982 1688 1142 1735 κολαζει,
1167 1689 1190 1718 Β

121 1747 268 1799 ΣΙφησίν;
297 1746 376 1785 Ἵνα
403 1748 451 1799 δῷ
479 1753 550 1790 τοῖς
571 1748 685 1790 ἄλλοις
713 1747 925 1799 προθεσμίαν
946 1748 1140 1798 μετανοίας.

122 1808 227 1850 Τίνος
245 1801 302 1845 οῧν
323 1809 435 1846 ἕνεκεν
456 1809 493 1846 οὗ
513 1808 645 1852 πάντας
665 1810 735 1846 ἐκεῖ
753 1814 976 1859 τιμωρεῖται,
994 1808 1072 1846 Ἵνα
1093 1809 1140 1860 μὴ

121 1868 243 1906 πολλοὶ
259 1869 533 1915 διαπιστήσωσιν
550 1871 651 1907 αὐτοῦ
666 1872 708 1920 τῇ
724 1868 879 1920 προνοίᾳ.
891 1869 1001 1908 Πόσοι
1014 1870 1141 1922 λῃσταὶ

121 1932 152 1967 οἱ
173 1929 235 1980 μὲν
256 1931 428 1978 ἑάλωσαν,
449 1933 479 1968 οἱ
498 1929 533 1967 δὲ
553 1931 708 1976 ἀπῆλθον
728 1930 776 1979 μὴ
801 1929 914 1974 δόντες
933 1930 1031 1977 δίκην
1042 1946 1054 1981 3
1077 1936 1143 1970 ποῦ

122 1990 233 2028 τοίνυν
259 1995 280 2038 ἡ
301 1990 543 2042 φιλανθρωπία
562 2006 621 2028 του
641 1993 733 2029 Θεου
754 2006 815 2028 και
835 1993 856 2035 ἧ
887 1991 1139 2043 δικαιοκρισία·
1132 2022 1141 2039 ,

122 2051 205 2101 ἐμὸν
225 2051 291 2102 γὰρ
309 2051 464 2090 λοιπόν’
450 2067 541 2089 εστιν
562 2051 701 2103 ἐρέσθαι
723 2065 773 2088 σε.
795 2052 838 2089 Εἰ
856 2051 918 2100 μὲν
935 2052 1002 2104 γὰρ
1023 2054 1143 2130 farfae

122 2090 241 2154 δ’λως’
227 2118 430 2165 ετιμωρεῖτο
444 2143 453 2161 ,
485 2117 575 2164 εἶχες
595 2112 653 2151 ἐπι
677 2127 779 2152 τουτο
798 2121 1031 2166 καταρυγεῖν·
1061 2114 1143 2153 ὅταν

124 2171 158 2211 δὲ
176 2174 206 2210 οἱ
224 2172 265 2222 μὲ
268 2190 284 2210 ν
302 2174 386 2211 δῶσι
401 2173 515 2220 δίκην,
530 2177 562 2212 οἱ
578 2172 613 2212 δὲ
631 2173 679 2224 μὴ
697 2175 806 2221 δῶσι,
827 2175 886 2212 καὶ
900 2190 1011 2213 ταυτα
1028 2182 1143 2228 χεῖρον

122 2233 347 2286 ἁμαρτόντες,
365 2237 439 2278 πῶς
454 2234 492 2271 ἂν
507 2234 579 2286 ἔχοι
593 2234 693 2285 λόγον
712 2237 779 2272 τῶν
800 2236 913 2272 αὐτῶν
932 2236 1144 2309 πλημμελη-

121 2309 240 2343 ματων
264 2294 312 2345 μὴ
330 2294 392 2338 τὰς
409 2295 516 2338 αὐτὰς
534 2299 622 2333 εἶναι
642 2294 762 2342 Οίκας;
783 2311 858 2338 πως
887 2311 922 2333 ΟΞ
953 2310 1015 2334 Ουκ
1032 2295 1071 2333 ἂν
1090 2296 1144 2334 00'-
1169 2300 1191 2330 C

120 2354 209 2399 ξειαν
228 2356 423 2393 ἀδικεῖσθαι
443 2358 474 2393 οι
503 2357 567 2393 κολ
570 2355 750 2403 ασθέντες,
771 2355 873 2399 Τίνος
895 2360 951 2394 οὖν
971 2356 1085 2394 ἕνεκεν
1107 2356 1144 2394 οὗ

725 2414 891 2455 Ἄκουσον
941 2418 1044 2455 αὐτοῦ
1084 2421 1143 2454 τοῦ

119 2477 271 2528 Χριστοῦ
286 2493 339 2515 σοι
354 2476 434 2529 περὶ
451 2475 580 2515 τούτων
598 2477 889 2529 ἀπολογουμένου.
912 2476 1059 2524 Ἐπειδὴ
1075 2478 1143 2530 γάρ

119 2414 245 2459 πάντες
278 2418 423 2455 ἐνταῦθα
463 2416 688 2463 κολάζονται;

120 2552 209 2579 τινες
229 2537 361 2588 πύργου
377 2537 641 2590 κατενεχθέντος
660 2537 842 2583 ἀπέθανον,
858 2538 955 2589 ἔλεγε
969 2544 1039 2581 τοῖς
1057 2538 1144 2589 ὑπὲρ

120 2596 250 2635 τούτων
283 2598 508 2649 διαποροῦσι·
534 2600 695 2646 Δοκεῖτε,
729 2598 783 2636 ὅτι
811 2593 904 2636 οἷτοι
940 2597 1143 2648 ἁμαρτωλοὶ

121 2658 218 2711 παρὰ
236 2657 368 2701 πάντας
389 2653 499 2705 ἦσαν,
518 2658 623 2710 Οὐχὶ,
647 2658 739 2710 λέγω
761 2661 862 2708 ὑμῖν·
892 2658 982 2705 ἀλλ’,
1010 2658 1069 2696 ἐὰν
1093 2658 1141 2708 μὴ

122 2719 381 2769 μετανοήσητε,
401 2718 461 2757 καὶ
487 2722 584 2770 ὑμεῖς
605 2719 732 2762 πάντες
753 2717 918 2762 ὡσαύτως
942 2720 1142 2757 ἀπολεῖσθε·

121 2783 300 2834 παραινῶν
324 2783 409 2831 ἡμῖν
431 2780 649 2832 μὴθαῤῥεῖν,
672 2781 767 2827 ὅταν,
796 2779 923 2832 ἑτέρων
942 2779 1068 2817 δόντων
1091 2779 1144 2816 δι’-

118 2858 197 2891 κην,
217 2847 319 2892 ἡμεῖς
349 2841 463 2880 πολλὰ
483 2841 805 2893 πλημμελήσαντες
838 2841 886 2892 μὴ
921 2842 1050 2891 δῶμεν.
1082 2840 1141 2879 Ἂν

119 2902 186 2955 γὰρ
205 2903 253 2954 μὴ
275 2901 575 2953 μεταὸαλώμεθα,
598 2901 754 2952 δώσομεν
774 2902 925 2945 πάντως.
961 2904 1029 2940 Καὶ
1048 2905 1142 2949 πῶς,
1169 2916 1191 2946 1)

119 2964 234 3014 φησὶν,
257 2962 412 3001 ἀθάνατα
428 2963 670 3014 κολαζόμεθα,
693 2965 841 3001 ἐνταῦθα
864 2961 997 3015 βραχὺν
1019 2962 1141 3015 χρόνον

120 3023 355 3076 ἁμαρτόντες,
375 3026 449 3066 πῶς
469 3025 616 3062 ἐνταῦθα
633 3024 813 3075 ἅνθρωπος
833 3026 867 3062 ἐν
890 3023 1040 3075 βραχείᾳ
1059 3039 1142 3061 και-

123 3087 180 3134 pov
199 3087 286 3135 ῥοπῇ
307 3085 366 3121 ἕνα
387 3083 487 3135 φόνον
507 3084 709 3131 πεποιηκὼς
722 3115 731 3133 ,
748 3085 913 3131 διηνεκῶς
928 3088 970 3135 τῇ
992 3088 1060 3122 τῶν
1082 3099 1142 3133 με-

120 3148 257 3186 τάλλων
276 3150 546 3194 καταδικάζεται
561 3150 732 3204 τιμωρίας
753 3151 844 3189 Ἀλλ’
862 3155 880 3190 ὃ
895 3150 983 3194 Θεὸς
1000 3153 1037 3189 οὖ
1055 3156 1147 3188 ποιεῖ

121 3219 248 3262 ταῦτα,
269 3214 362 3266 φησί.
387 3217 470 3258 Πῶς
486 3212 542 3255 οὖν
562 3218 749 3269 τριάκοντα
766 3217 826 3257 καὶ
845 3217 936 3256 ὀκτὼ
955 3217 1013 3264 ἔτη
1033 3219 1068 3255 ἐν
1086 3234 1147 3256 το-

123 3274 232 3325 σαύτῃ
253 3273 395 3311 κολάσει
409 3274 466 3312 τὸν
489 3277 687 3328 παράλυτον
707 3285 889 3331 κατεῖχεν,

909 3277 994 3316 σΟτι
1014 3277 1080 3330 γὰρ
1103 3273 1144 3316 δι7

170 3381 186 3405 ‘¹
211 3378 328 3423 [ἤχου,
346 3382 392 3413 sic
409 3382 463 3424 A.]

174 3436 186 3448 ⁴
217 3432 284 3473 [μὴ
302 3435 457 3470 πιστεύητε
477 3431 528 3476 A]

1216 1200 1314 1237 Deus
1327 1229 1340 1250 ,
1359 1209 1402 1237 ut
1414 1209 1505 1238 certe
1519 1214 1588 1238 non
1601 1209 1651 1238 est
1664 1231 1676 1247 ,
1692 1210 1922 1253 peccatorum
1938 1201 2061 1252 utique
2082 1216 2204 1253 poenas

1214 1259 1318 1298 dabis
1334 1274 1342 1296 ε
1376 1260 1430 1298 sin
1452 1270 1574 1313 utpote
1609 1260 1782 1312 benignus
1804 1275 1874 1299 non
1911 1262 2058 1313 puniat,
2093 1277 2204 1313 neque

1226 1321 1309 1359 illos
1328 1321 1450 1373 puniri
1469 1322 1642 1374 oportuit.
1675 1323 1778 1360 Nunc
1798 1331 1916 1360 autem
1941 1323 1987 1360 ob
2003 1323 2086 1360 talia
2098 1324 2207 1361 verba

1216 1392 1334 1420 nostra
1360 1384 1492 1421 multos
1509 1383 1565 1421 hic
1584 1383 1688 1435 punit
1701 1385 1810 1432 Deus,
1825 1394 1864 1422 ut
1883 1398 1966 1422 cum
1988 1385 2206 1423 comminan-

1215 1443 1314 1481 tibus
1335 1444 1455 1482 verbis
1474 1456 1544 1481 non
1563 1444 1822 1494 obsequamini,
1843 1445 1967 1482 saltem
1995 1446 2041 1482 ob
2060 1446 2204 1484 illatum

1215 1517 1298 1541 vere
1318 1504 1537 1556 supplicium
1559 1503 1732 1542 credatis:
1753 1514 1787 1542 et
1811 1505 1894 1555 quia
1915 1505 2031 1557 prisca
2050 1506 2109 1543 illa
2133 1520 2204 1544 non

1216 1564 1264 1602 ita
1297 1578 1358 1602 nos
1379 1573 1510 1602 terrent
1525 1595 1534 1613 ,
1554 1579 1618 1617 per
1635 1579 1688 1612 ea,
1711 1579 1789 1615 quae
1815 1565 1853 1603 in
1878 1566 2027 1617 singulis
2055 1580 2202 1617 genera-
2236 1562 2239 1565 ’

1215 1628 1373 1666 tionibus
1394 1627 1584 1678 accidunt,
1605 1642 1668 1666 suo
1692 1637 1846 1680 tempore
1865 1629 2024 1667 socordes
2044 1630 2203 1681 corrigit.

1215 1689 1264 1727 Et
1284 1704 1367 1737 cur,
1389 1689 1542 1740 inquies,
1579 1704 1648 1727 non
1670 1689 1729 1727 hic
1753 1704 1872 1728 omnes
1899 1691 2029 1742 punit?
2049 1692 2099 1729 Ut
2125 1692 2206 1729 aliis

1215 1750 1370 1802 spatium
1385 1750 1431 1787 ad
1445 1750 1689 1802 poenitentiam
1703 1751 1849 1788 tribuat.
1867 1751 1914 1788 Et
1929 1766 1992 1788 cur
2006 1765 2075 1789 non
2084 1766 2204 1790 omnes

1217 1812 1292 1849 illic
1311 1811 1489 1864 supplicio
1505 1811 1616 1848 afficit
1630 1811 1646 1848 .⁰
1666 1813 1719 1849 Ne
1733 1811 1817 1849 hinc
1830 1812 1991 1864 plerique
2000 1813 2205 1865 ejusprovi-

1215 1873 1341 1911 dentiae
1361 1887 1429 1910 non
1444 1871 1600 1910 credant.
1622 1873 1720 1919 Quot
1740 1873 1892 1911 latrones
1907 1874 1997 1925 capti
2015 1883 2107 1923 sunt,
2119 1883 2204 1925 quot

1214 1934 1299 1971 hinc
1325 1933 1548 1984 migrarunt,
1574 1947 1645 1972 non
1675 1933 1767 1971 datis
1785 1935 1924 1986 poenis?
1946 1935 2009 1972 ubi
2039 1945 2089 1972 cst
2120 1949 2204 1986 ergo

1216 1995 1282 2032 Dei
1292 1994 1506 2045 benignitas,
1531 1994 1593 2031 ubi
1602 1995 1741 2046 justum
1751 1995 1928 2047 judicium
1943 1996 1959 2032 ἶ)
1970 2010 2089 2033 meum
2104 2010 2205 2033 nam-

1215 2069 1282 2106 que
1294 2055 1402 2093 fuerit
1410 2055 1486 2107 jam
1499 2055 1564 2092 abs
1582 2064 1615 2093 te
1632 2055 1813 2093 sciscitari.
1831 2057 1922 2093 Nam
1944 2057 1971 2094 si
1986 2071 2088 2094 nemo
2102 2071 2204 2108 pror-

1216 2130 1274 2154 sus
1307 2115 1484 2167 supplicio
1515 2115 1728 2163 afficeretur,
1754 2130 1874 2168 posses
1906 2117 1968 2154 illo
1990 2118 2177 2169 confugere
2193 2134 2200 2153 :

1216 2192 1298 2215 cum
1316 2190 1400 2215 vero
1421 2176 1482 2213 alii
1503 2176 1587 2214 dent
1618 2174 1842 2229 poenas,'alii
1870 2192 1953 2227 non,
1973 2179 2036 2216 etsi
2056 2180 2202 2230 gravius

1216 2237 1452 2291 peccaverint,
1473 2237 1651 2288 quomodo
1671 2239 1803 2276 rationi
1820 2253 2011 2278 consonum
2029 2255 2102 2278 esse
2117 2255 2201 2293 pos-

1217 2300 1274 2345 sit,
1297 2308 1337 2336 ut
1358 2312 1422 2350 pro
1444 2298 1574 2336 iisdem
1610 2298 1814 2346 sceleribus,
1844 2313 1913 2337 non
1941 2300 2072 2339 eaedem
2093 2315 2204 2353 poenae

1215 2359 1423 2410 infligantur
1438 2359 1455 2396 ἶ)
1473 2358 1650 2409 quomodo
1671 2373 1741 2397 non
1757 2359 1976 2398 videbuntur
1995 2361 2126 2414 injuste
2140 2376 2204 2413 pu-

1216 2420 1286 2457 niri
1302 2420 1327 2457 ii
1358 2419 1420 2470 qui
1448 2420 1684 2471 plectuntur?
1703 2420 1776 2457 Cur
1796 2435 1878 2472 ergo
1906 2436 1975 2459 non
2003 2436 2122 2460 omnes
2146 2425 2205 2461 hic

1215 2481 1441 2532 puniuntur?
1465 2480 1561 2518 Audi
1582 2480 1701 2532 ipsum
1727 2480 1913 2519 Christum
1949 2481 2005 2520 his
2036 2483 2080 2520 de
2098 2485 2204 2522 rebus

1216 2541 1501 2594 respondentem.
1523 2540 1618 2587 Quia
1637 2540 1732 2577 enim
1751 2540 1897 2590 quidam
1917 2557 1962 2579 ex
1982 2544 2072 2581 turri
2109 2544 2205 2582 dela-

1216 2616 1278 2654 psa
1299 2602 1516 2650 interierant,
1536 2601 1604 2638 hac
1617 2600 1662 2638 de
1679 2615 1717 2638 re
1733 2602 1971 2651 quaerentibus
1989 2603 2083 2641 dixit
2101 2622 2108 2642 :
2126 2608 2205 2643 Pu-
2218 2624 2291 2650 zue.
2312 2621 2401 2651 13.3.

1216 2666 1321 2709 tatis,
1346 2663 1450 2714 quod
1474 2664 1515 2699 1ιί
1548 2669 1770 2712 peccatores
1804 2663 1892 2712 plus
1922 2677 2041 2714 quam
2074 2679 2204 2704 omnes

1216 2733 1327 2762 erant
1344 2727 1360 2760 Ρ
1380 2725 1486 2770 Νοη,
1506 2723 1592 2759 dico
1606 2724 1739 2773 vobis,
1759 2724 1828 2760 sed
1847 2726 1921 2761 nisi
1935 2728 2203 2775 paenitentiam

1215 2786 1380 2837 egeritis,
1392 2797 1520 2820 omnes
1531 2783 1711 2820 similiter
1723 2785 1895 2834 peribitis
1903 2800 1914 2825 ;
1922 2784 2112 2824 adhortans
2122 2801 2199 2834 nos,

1215 2855 1254 2883 ut
1269 2859 1312 2882 ne
1322 2843 1489 2882 fiduciam
1503 2843 1710 2892 habeamus,
1722 2857 1818 2894 cum,
1832 2845 1966 2883 caeteris
1982 2861 2100 2898 poenas
2115 2848 2204 2887 dan-

1214 2907 1321 2954 tibus,
1341 2920 1418 2955 nos,
1445 2903 1506 2955 qui
1534 2904 1647 2942 multa
1675 2914 1818 2956 peccata
1838 2905 2061 2957 admisimus,
2081 2924 2202 2961 poenas

1215 2982 1285 3006 non
1325 2965 1474 3005 damus:
1508 2964 1575 3003 nisi
1607 2964 1702 3002 enim
1731 2964 1975 3017 immutemur,
2011 2970 2203 3020 puniemur

1215 3030 1313 3068 haud
1348 3029 1471 3068 dubie.
1493 3029 1541 3066 Et
1562 3042 1639 3077 cur,
1662 3027 1813 3078 inquies,
1838 3028 1873 3066 in
1896 3039 2067 3068 aeternum
2096 3033 2203 3084 puni-

1216 3106 1310 3139 mur,
1332 3104 1413 3128 cum
1444 3089 1504 3126 hic
1529 3088 1632 3126 brevi
1654 3097 1812 3139 tempore
1827 3091 2115 3140 peccaverimus?
2132 3108 2203 3144 quo

1217 3161 1321 3204 pacto
1348 3151 1470 3200 homo,
1505 3149 1568 3199 qui
1582 3148 1640 3185 hic
1664 3148 1877 3186 brevissimo
1896 3158 2052 3202 tempore
2073 3153 2204 3192 caedem

1221 3212 1391 3266 patravit,
1413 3211 1449 3248 in
1468 3218 1679 3262 perpetuum
1696 3207 1741 3246 ad
1760 3209 1899 3247 metalla
1917 3210 2134 3251 damnatur?
2156 3218 2204 3254 At

1222 3277 1333 3323 Deus,
1352 3272 1506 3323 inquies,
1529 3285 1583 3308 res
1603 3269 1812 3323 hujusmodi
1827 3285 1897 3310 non
1926 3272 2021 3312 facit.
2042 3275 2115 3313 Cur
2130 3277 2202 3315 ita—

1253 3394 1266 3408 n
1287 3384 1412 3428 [Ῡ--Μῑη
1426 3381 1530 3418 διδοὺς.
1551 3380 1588 3415 Α,
1607 3385 1640 3411 et
1655 3388 1761 3422 marg.
1775 3377 1893 3421 savit]

1957 3424 2020 3461 55.
