2502 3810
768 281 810 309 IN
848 277 988 308 EPIST.
1028 274 1087 302 AD
1122 271 1230 301 ROM.

119 363 219 397 τοῦτο
248 360 378 404 πολλῆς
409 362 492 408 ἡμῖν
520 360 570 396 δεῖ
601 361 662 404 τῆς
692 359 900 411 ἀγρυπνίας,
920 357 1051 400 πολλῆς
1072 355 1134 399 ’ῐῆς

119 419 329 470 ἀσφαλείας,
351 418 440 457 ὥστε
460 418 507 469 μὴ
527 419 571 458 τὰ
589 418 762 466 ἀνήκεστα
777 423 910 457 παθεῖν.

170 653 263 706 Οὐχὶ
284 655 375 692 δοκεῖ
399 654 547 707 λαμπρὰ
561 658 582 701 ἦ
602 655 718 708 ἡμέρα
737 650 824 693 εἶναι
839 659 918 704 νῦν,
938 657 1015 708 οὐχὶ
1041 657 1131 694 πάν-

115 731 172 757 τες
191 715 414 766 ἐγρηγορέναι
445 715 628 766 νομίζομεν
661 716 719 753 καὶ
751 717 887 767 νήφειν;
923 717 1009 754 Ἀλλ’
1039 719 1133 767 ὅμως

116 777 134 795 *
151 774 231 823 (καὶ
245 775 337 826 τάχα
353 775 539 825 γελάσεσθε
559 776 597 813 τὸ
616 775 809 828 εἰρημένον,
828 775 895 827 ἐγὼ
913 776 1031 826 μέντοι
1048 777 1132 814 αὐτὸ

116 838 204 886 ἐρῶ)
223 840 293 878 τοῖς
313 837 346 872 ἐν
371 836 493 887 βαθείᾳ
512 835 607 873 νυκτὶ
626 835 825 873 καθεύδουσί
843 852 880 873 τε
899 838 958 874 καὶ
985 837 1132 888 ῥέγχου-

116 911 170 933 σιν
194 895 352 943 ἐοίκαμεν
374 895 533 938 ἅπαντες.
550 895 618 933 Καὶ
638 895 670 931 εἴ
681 911 720 945 γε
740 895 858 933 οὐσίαν
879 896 1063 946 ἀσώματον
1092 890 1133 941 ἦν

114 956 208 1001 ἰδεῖν,
222 954 331 998 ἔδειξα
345 954 384 991 ἂν
401 957 481 1005 ὑμῖν
497 957 570 997 πῶς
586 954 690 1005 οἱμὲν
706 954 843 997 πλείους
861 956 1053 1006 ῥέγχουσιν,
1064 959 1080 992 ὃ
1101 955 1136 993 δὲ

117 1015 274 1057 διάὸολος
286 1014 453 1067 διορύττει
462 1014 610 1066 τοίχους,
622 1015 680 1052 καὶ
693 1017 928 1065 κατασφάττει
939 1015 1132 1064 κειμένους,

116 1073 175 1111 καὶ
190 1077 386 1125 ὑφαιρεῖται
400 1074 444 1112 τὰ
459 1074 565 1122 ἔνδον,
580 1074 736 1124 καθάπερ
753 1076 785 1110 ἓν
803 1074 915 1125 σκότῳ
933 1077 1032 1125 βαθεῖ
1048 1073 1136 1124 μετὰ

117 1133 234 1176 ἀδείας
255 1134 392 1171 ἅπαντα
425 1134 601 1185 πράττων.
624 1135 768 1170 Μᾶλλον
788 1133 841 1181 δὲ,
863 1136 892 1171 εἰ
913 1134 972 1170 καὶ
1003 1136 1134 1184 ὀφθαλ-

117 1199 194 1243 μοῖς
226 1197 326 1231 τοῦτο
353 1195 434 1231 ἰδεῖν
469 1194 650 1241 ἀδύνατον,
686 1193 944 1246 ὑπογράψωμεν
973 1193 1056 1231 αὐτὸ
1086 1197 1136 1246 τῷ

115 1253 226 1305 λόγῳ,
249 1253 308 1290 καὶ
330 1253 544 1303 ἐννοήσωμεν
563 1253 663 1291 πόσοι
687 1254 753 1291 ὑπὸ
769 1256 961 1304 ἐπιθυμιῶν
983 1256 1048 1292 εἷσι
1068 1269 1136 1291 ποἡ

115 1317 228 1365 νηρῶν
253 1313 504 1364 βεὸαρημένοι,
525 1312 625 1351 πόσοι
644 1316 693 1364 τῷ
713 1316 860 1365 χαλεπῷ
877 1318 939 1360 τῆς
960 1314 1138 1365 ἀσελγείας

115 1374 213 1425 κάρῳ
231 1374 479 1424 κατεχόμενοι,
494 1374 553 1411 καὶ
581 1374 621 1411 τὸ
651 1377 722 1425 φῶς
734 1379 793 1412 τοῦ
813 1374 1009 1424 πνεύματος
1023 1391 1138 1412 κατα-

116 1433 325 1475 σὲεννύντες.
337 1434 403 1471 Διά
418 1448 470 1471 τοι
485 1439 584 1472 τοῦτο
596 1432 695 1486 ἕτερα
710 1436 781 1471 ἀνθ’
798 1433 922 1485 ἑτέρων
940 1434 1138 1484 βλέπουσιν,

117 1494 219 1546 ἕτερα
233 1496 304 1531 ἀνθ’
326 1493 475 1544 ὴὲτερων
500 1493 679 1540 ἀκούουσι,
699 1493 758 1531 καὶ
778 1494 888 1531 οὐδενὶ
908 1498 974 1532 τῶν
992 1496 1139 1531 ἐνταῦθα

115 1554 312 1605 λεγομένων
330 1554 571 1606 προσέχουσιν.
584 1557 626 1592 Εἰ
645 1553 679 1592 δὲ
695 1555 762 1606 ἐγὼ
780 1555 1069 1606 ψεύδομαιταῧτα
1083 1555 1139 1593 λε’-

116 1630 198 1666 γων,
227 1615 285 1652 καὶ
307 1615 503 1667 ἐγρηγορὼς
531 1615 696 1662 ἕστηκας,
721 1615 799 1652 εἶπέ
830 1631 908 1665 μοι,
935 1615 969 1652 τί
998 1615 1136 1665 γέγονεν

116 1678 262 1713 ἐνταῦθα
283 1676 447 1728 σήμερον,
478 1678 507 1713 εἷ
536 1675 584 1725 μὴ
607 1678 654 1719 ὡς
672 1676 859 1728 ὀνειράτων
880 1675 1049 1722 ἤκουσας,
1068 1675 1138 1713 Καὶ

117 1730 192 1773 οἶδα
222 1737 297 1786 μὲν,
325 1735 376 1773 ὅτι
399 1735 514 1787 ἐροῧσί
535 1752 646 1778 τινες·
671 1737 748 1773 οὐδὲ
777 1735 845 1786 γὰρ
875 1735 966 1773 κατὰ
995 1735 1134 1773 πάντων

115 1799 224 1833 ταῦτα
241 1795 332 1846 λέγω
353 1793 471 1833 ’ἀλλὰ
496 1794 537 1833 σὺ
563 1798 579 1832 ὁ
598 1801 669 1838 τοῖς
690 1794 883 1848 εἰρημένοις
905 1794 1021 1846 ἔνοχος
1040 1794 1100 1842 ὢν,
1120 1797 1137 1831 ὃ

118 1856 231 1907 μάτην
252 1859 397 1894 ἐνταῦθα
417 1855 593 1902 εἰσελθὼν,
611 1855 685 1893 εἰπὲ
699 1883 708 1900 ,
727 1856 778 1898 τίς
794 1856 975 1907 προφήτης
988 1885 997 1902 ,
1016 1860 1030 1877 ⁶
1042 1861 1139 1898 ποῖος

117 1917 308 1960 ἀπόστολος
334 1917 485 1968 σήμερον
514 1915 673 1967 διελέχθη
705 1919 803 1965 ἡμῖν,
835 1916 895 1954 καὶ
922 1915 1003 1967 περὶ
1023 1915 1136 1953 τίνων.

117 1978 208 2015 Ἀλλ’
227 1978 288 2015 οὔκ
307 1976 345 2013 ἂν
366 1976 457 2028 ἔχοις
474 1979 593 2014 εἰπεῖν·
611 1976 669 2013 καὶ
687 1976 754 2027 γὰρ
771 1976 884 2014 πολλὰ
904 1979 950 2019 ὡς
969 1978 1001 2013 ἓν
1019 1975 1139 2029 ὀνείρῳ

119 2038 296 2090 διελέχθης
314 2041 458 2076 ἐνταῦθα
472 2068 481 2084 ,
495 2040 564 2074 τῶν
582 2038 752 2083 ἀληθινῶν
776 2039 838 2075 οὐκ
866 2037 1015 2080 ἀκούσας
1042 2051 1136 2087 πρα-

1151 2068 1198 2091 698

2094 249 2185 312 765

1207 359 1277 387 tem
1302 363 1394 388 unns
1420 358 1558 387 tantum
1587 347 1645 387 vel
1672 346 1744 384 duo
1774 345 1845 383 sint
1872 345 1934 396 qui
1957 358 2099 382 aceensa
2127 345 2187 382 lu-

1207 423 1324 460 cerna,
1347 410 1480 447 caeteris
1510 408 1674 446 omnibus
1703 406 1804 457 quasi
1829 406 1941 444 multa
1970 414 2072 450 noete
2101 405 2189 443 dor-

1207 471 1410 519 mientibus,
1438 468 1706 521 vigilenttideo
1740 467 1852 505 multa
1885 481 1975 518 opus
2006 467 2109 504 nobis
2139 475 2189 503 est

1205 530 1405 581 vigilantia,
1426 530 1539 567 multa
1558 529 1729 578 cautione,
1745 542 1788 565 ne
1812 526 2049 565 intolerabilia
2073 526 2189 578 patia-

1205 604 1297 627 mur.

1258 649 1295 686 5.
1317 649 1444 685 Annon
1466 646 1673 699 splendidus
1698 659 1792 684 nune
1817 644 1959 683 videtur
1991 658 2063 682 esse
2087 642 2191 681 dies?

1203 723 1320 746 annon
1334 722 1453 746 omnes
1468 722 1531 745 nos
1546 716 1712 758 putamus
1726 715 1760 743 et
1772 705 1899 756 vigiles
1913 714 1947 743 et
1961 714 2081 743 cautos
2092 704 2190 742 esse?

1205 772 1367 806 Attamen
1384 769 1487 815 (forte
1503 767 1601 817 quod
1619 767 1781 803 dicturus
1799 780 1878 802 sum
1899 780 1980 802 cum
1995 766 2068 802 risu
2089 778 2190 802 exce-

1159 849 1181 876 Β
1205 829 1303 880 pturi
1321 828 1409 875 sitis,
1426 828 1493 864 hoc
1518 837 1634 864 tamen
1654 825 1794 873 dicam)
1814 825 1857 861 iis
1877 825 1940 874 qui
1959 825 2071 862 multa
2092 833 2192 862 nocte

1206 887 1388 925 dormiunt
1407 897 1440 924 et
1464 895 1628 935 stertunt,
1647 899 1766 922 omnes
1785 884 1917 921 similes
1944 898 2079 922 sumus.
2100 886 2146 922 Et
2163 884 2192 921 si

1205 948 1448 999 incorpoream
1463 945 1695 984 substantiam
1724 944 1845 983 videre
1871 958 2063 995 possemus,
2080 953 2193 981 osten-

1207 1008 1329 1045 derem
1344 1007 1446 1045 vobis
1469 1004 1646 1056 quomodo
1670 1004 1831 1055 plerique
1845 1006 2009 1052 stertant3
2028 1004 2194 1041 diabolus

1207 1081 1290 1105 vero
1309 1079 1430 1103 muros
1460 1064 1629 1102 suffodiat
1649 1073 1682 1100 et
1705 1063 1859 1114 jacentes
1879 1062 2027 1111 occidat,
2048 1077 2088 1100 ac
2116 1076 2194 1112 quae

1208 1125 1302 1163 intus
1334 1133 1416 1162 sunt
1444 1125 1596 1172 auferat,
1629 1122 1729 1171 quasi
1757 1121 1794 1158 in
1820 1120 2009 1172 profundis
2040 1121 2196 1157 tenebris

1209 1186 1331 1225 omnia
1360 1199 1425 1237 pro
1445 1184 1548 1221 libito
1564 1182 1706 1220 faciens.
1726 1183 1803 1219 Imo
1824 1195 1923 1227 vero,
1945 1181 2009 1218 etsi
2028 1180 2067 1217 id
2086 1180 2198 1218 oculis

1209 1249 1389 1300 percipere
1422 1261 1492 1284 non
1522 1246 1724 1292 valeamus,
1745 1244 1854 1283 verbo
1875 1253 1991 1281 tamen
2018 1242 2198 1280 describ&

1210 1326 1300 1359 mus,
1317 1320 1350 1348 et
1369 1310 1563 1361 cogitemus
1584 1316 1671 1358 quot
1695 1306 1765 1344 sint
1784 1306 1822 1356 ii,
1842 1305 1903 1356 qui
1931 1305 2052 1357 pravis
2072 1319 2197 1343 concu-

1210 1370 1391 1423 piscentiis
1414 1369 1553 1420 gravati
1573 1376 1668 1415 sunt,
1685 1376 1770 1417 quot
1791 1366 1890 1417 gravi
1903 1365 2058 1404 lasciviae
2073 1379 2198 1417 sopore

1161 1438 1186 1468 E
1210 1429 1359 1479 detenti,
1383 1429 1447 1479 qui
1466 1429 1582 1465 lucem
1597 1426 1745 1477 spiritus
1766 1425 2026 1462 exstinxerunt.
2047 1426 2197 1476 Propter

1210 1490 1276 1527 hoc
1288 1489 1358 1527 alia
1372 1502 1436 1539 pro
1453 1488 1532 1524 aliis
1555 1485 1692 1531 vident,
1710 1485 1780 1521 alia
1797 1498 1861 1535 pro
1880 1484 1960 1521 aliis
1983 1483 2150 1533 audiunt,
2166 1492 2200 1521 et

1209 1550 1298 1588 nulli
1311 1548 1410 1585 exiis
1426 1561 1503 1597 quce
1514 1546 1575 1583 hic
1585 1543 2075 1589 dicunturattenduntQuod
2091 1544 2120 1580 si
2135 1557 2199 1594 ego

1210 1609 1359 1647 mentior
1380 1608 1456 1644 haet:
1470 1606 1603 1655 dicens,
1616 1613 1647 1643 et
1661 1614 1700 1641 tu
1718 1604 1805 1655 vigil
1822 1613 1910 1654 stas,
1926 1603 1985 1641 dic
1997 1603 2200 1653 mihi‚quid

1209 1670 1269 1707 hie
1288 1669 1394 1706 hodie
1409 1668 1542 1704 factum
1559 1675 1621 1713 est,
1641 1678 1758 1702 annon
1776 1664 1854 1701 haec
1869 1673 2049 1714 tamquam
2064 1663 2199 1700 somnia

1211 1731 1367 1768 audisti?
1381 1730 1426 1767 Et
1439 1729 1509 1766 scio
1522 1727 1666 1778 quidem
1678 1725 1851 1776 quosdam
1862 1725 2023 1764 dicturos
2036 1738 2126 1762 esse:
2142 1739 2199 1762 ne-

1209 1805 1278 1841 que
1295 1790 1386 1828 enim
1398 1789 1569 1827 adversus
1578 1801 1697 1825 omnes
1708 1787 1833 1836 loquor
1841 1801 1852 1836 3
1868 1785 1975 1824 sedtu
1999 1786 2059 1836 qui
2069 1786 2126 1823 his
2138 1786 2200 1823 ob·

1210 1852 1341 1890 noxius
1354 1866 1401 1899 es,
1416 1850 1476 1901 qui
1489 1851 1620 1887 frustra
1631 1849 1700 1885 hue
1713 1848 1890 1898 ingressus
1901 1861 1948 1896 cs,
1959 1847 2018 1884 die
2028 1847 2107 1898 quis
2121 1860 2199 1898 pro-

1210 1913 1328 1964 pheta,
1348 1912 1429 1963 quis
1461 1910 1640 1962 apostolus
1658 1907 1844 1946 nobiscum
1866 1916 1900 1944 et
1917 1906 1962 1944 de
1982 1907 2199 1957 quibusnam

1211 1974 1316 2011 rebus
1348 1973 1517 2022 loquutus
1551 1979 1612 2008 est.
1634 1968 1706 2008 Sed
1730 1982 1801 2005 non
1825 1967 1942 2005 dicere
1967 1967 2199 2018 possisznam

1211 2035 1323 2071 multa
1332 2033 1393 2071 hie
1406 2032 1506 2084 quasi
1526 2031 1562 2068 in
1581 2043 1703 2068 somno
1723 2028 1935 2078 disseruisti,
1963 2041 2132 2077 verasque
2145 2041 2199 2064 res

1270 271 1421 300 HOMIL·
1465 268 1593 300 xx1v.

117 2098 403 2148 γμάτωνΤαῦ-τα
418 2098 454 2135 δέ
465 2114 523 2147 μοι
536 2097 595 2135 καὶ
611 2097 693 2148 πρὸς
706 2104 870 2148 γυναῖκας
885 2098 1045 2149 εἰρήσθω·
1057 2097 1138 2135 *ml
1163 2104 1189 2133 A
1211 2108 1280 2132 non
1293 2093 1525 2131 audistiHaeC
1535 2105 1617 2130 vero
1626 2089 1838 2127 mulieribus
1852 2102 1991 2138 quoque
2001 2102 2020 2125 a
2035 2102 2091 2125 me
2103 2087 2199 2124 dicta

118 2157 234 2209 γὰρέν
254 2158 401 2201 ἐκείναις
416 2157 520 2201 πολὺς
534 2161 551 2195 ὃ
567 2157 670 2200 ὕπνος
687 2174 694 2181 ·
716 2158 774 2195 καὶ
795 2158 861 2195 εἴθε
880 2157 995 2200 ὕπνος.
1014 2157 1057 2195 cO
1076 2157 1138 2207 μὲν

117 2218 184 2270 γὰρ
203 2218 376 2256 καθεύδων
397 2217 474 2270 οὔτε
493 2217 643 2270 πονηρόν
662 2234 696 2255 τι
725 2217 929 2269 φθέγγεται,
946 2217 1023 2254 οὔτε
1051 2233 1139 2269 χρη-

119 2276 198 2314 στόν
210 2292 218 2299 ·
236 2279 253 2313 ὃ
269 2276 304 2314 δὲ
327 2277 434 2320 οὕτως
452 2276 649 2329 ἐγρηγορὼς
668 2279 713 2320 ὡς
738 2280 853 2326 ὑμεῖς,
874 2277 987 2315 πολλὰ
1002 2277 1061 2314 καὶ
1083 2276 1140 2314 ἐπὶ

117 2339 215 2388 κακῷ
237 2341 297 2383 τ’ῆς
323 2340 445 2376 ἑαυτοῦ
464 2339 617 2389 κεφαλῆς
645 2337 807 2375 ἐκὸάλλει
830 2337 989 2390 ῥήματα,
1019 2338 1139 2382 τόκους

118 2399 289 2448 ἀριθμῶν,
318 2397 504 2448 λογισμοὺς
530 2397 770 2448 δανεισμάτων
801 2398 987 2445 συντιθεὶς,
1018 2413 1138 2445 καπη-

118 2457 214 2500 λείας
241 2458 473 2511 ἀναισχύντου
495 2457 735 2509 μεμνημένος,
754 2457 817 2500 τὰς
839 2457 990 2501 ἀκάνθας
1010 2458 1141 2502 πυκνὰς

118 2518 364 2569 καταφυτεύων
382 2520 416 2556 ἐν
436 2522 478 2569 τῇ
496 2522 618 2556 ἑαυτοῦ
636 2520 730 2570 ψυχῇ
747 2547 755 2565 ,
777 2518 835 2556 καὶ
852 2518 909 2556 τὸν
931 2518 1057 2570 σπόρον
1076 2521 1138 2557 οὐκ

119 2579 216 2630 ἀερέὶς
236 2579 310 2617 οὐδὲ
332 2579 453 2630 μικρὸν
473 2578 648 2630 προκύψαι
671 2578 766 2616 ποτέ.
787 2577 891 2616 Ἀλλὰ
913 2580 1138 2625 ὃιανάστηθι,

119 2639 177 2676 καὶ
190 2639 252 2682 τὰς
266 2639 417 2682 ἀκάνθας
443 2638 570 2680 ταύτας
599 2637 803 2690 προρρίζους
836 2638 1049 2686 ἀνάσπασον,
1077 2638 1137 2676 καὶ

117 2699 180 2745 τὴν
209 2699 318 2749 μέθην
347 2698 566 2742 ἀποτίναξαι·
589 2698 648 2735 καὶ
676 2698 744 2750 γὰρ
777 2700 931 2735 ἐντεῦθεν
967 2702 985 2736 ὃ
1016 2699 1132 2742 ὕπνος.

117 2760 238 2806 Μέθην
262 2759 297 2798 δὲ
316 2762 378 2797 οὐκ
397 2758 485 2796 οἴνου
504 2758 596 2809 λέγω
626 2757 744 2807 μόνον,
764 2757 852 2794 ἀλλὰ
872 2757 930 2794 καὶ
957 2761 1026 2795 τῶν
1056 2760 1136 2808 βιω-

115 2823 221 2857 τικῶν
243 2819 445 2871 φροντίδων,
468 2818 527 2856 καὶ
558 2818 646 2869 μετὰ
670 2817 799 2855 τούτων
821 2818 880 2855 καὶ
906 2817 970 2864 τὴν
992 2818 1137 2856 ἀπὸτοῦ

116 2880 218 2918 οἴνου.
242 2882 365 2918 Ταῦτα
387 2879 423 2917 δὲ
445 2879 523 2930 οὐχὶ
545 2878 720 2921 πλουσίοις
742 2878 857 2928 μόνον,
878 2877 968 2916 ἀλλὰ
988 2878 1047 2915 καὶ
1074 2878 1137 2917 πέ-

116 2955 195 2987 νησι
211 2943 373 2991 παραινῶ
386 2970 397 2989 ,
416 2939 476 2977 καὶ
500 2938 653 2987 μάλιστα
676 2944 746 2981 τοῖς
765 2937 808 2976 τὰ
834 2938 956 2990 φιλικὰ
986 2953 1134 2989 συγκρο-

115 3004 212 3038 τοῧσι
236 2999 427 3049 συμπόσια.
451 3002 504 3038 Οὐ
524 2999 592 3051 γάρ
615 3000 689 3036 ἐστι
705 3003 806 3037 τοῦτο
829 2998 939 3050 τρυφὴ
961 2999 1036 3036 οὐδὲ
1057 2998 1136 3036 ἄνε-

116 3075 168 3103 σις
179 3089 189 3107 ,
206 3060 296 3098 ἀλλὰ
308 3059 451 3104 κόλασις
463 3059 524 3098 καὶ
536 3059 689 3110 τιμωρία
699 3075 706 3083 ·
722 3059 833 3111 τρυφὴ
846 3059 913 3112 γὰρ
929 3061 990 3097 οὐκ
1008 3058 1138 3111 αἰσχρὰ

116 3123 239 3168 εἰπεῖν,
278 3120 369 3159 ἀλλὰ
406 3120 517 3170 σεμνὰ
550 3119 775 3171 φθέγξασθαι,
808 3121 1071 3170 ἐμπλησθῆναι,
1099 3121 1136 3157 οὐ

116 3182 358 3234 διαρραγῆναι.
377 3183 420 3218 Εἰ
441 3181 476 3219 δὲ
496 3180 622 3227 ἡδονὴν
642 3181 724 3218 αὐτὸ
753 3181 921 3231 νομίζεις,
942 3179 1049 3223 δεῖξόν
1078 3194 1136 3229 μοι

117 3244 151 3279 ἐν
171 3241 303 3294 ἑσπέρα
321 3241 384 3287 τὴν
404 3241 547 3286 ἡδονήν·
574 3242 650 3279 ἀλλ’
668 3242 729 3278 οὐκ
758 3240 797 3279 ἂν
817 3241 921 3292 ἔχοις.
950 3240 1018 3279 Καὶ
1039 3240 1135 3279 οὔπω

160 3346 175 3361 “
202 3344 402 3387 [Legebatur
417 3349 440 3376 εἰ
456 3349 504 3377 καὶ
520 3349 611 3386 τάχα.
622 3343 687 3375 Sed
703 3349 727 3377 εἰ
741 3345 901 3376 omittunt
919 3346 955 3376 A.
967 3352 1001 3376 et
1016 3345 1116 3377 Savil.

118 3398 193 3428 Mox
210 3397 246 3426 Α.
262 3397 527 3436 καταγε).άσεςθε.]

163 3449 178 3471 b
202 3448 384 3491 neemiam
398 3450 460 3481 ›at-29¹
475 3450 583 3491 ἑτέρω-ι
599 3451 757 3488 βλέπουσι,
771 3446 888 3481 desunt
905 3448 937 3481 in
957 3458 1031 3480 uuo.

1211 2164 1315 2193 sunto
1333 2168 1435 2191 :nam
1452 2153 1523 2190 illae
1545 2151 1657 2189 multo
1677 2163 1800 2187 somno
1818 2148 1946 2186 deditae
1979 2157 2060 2186 sunt
2067 2164 2078 2197 3
2095 2157 2200 2198 atque

1211 2216 1350 2252 utinam
1369 2212 1512 2252 somno!
1537 2214 1628 2250 Nam
1649 2210 1710 2260 qui
1729 2209 1877 2259 dormit,
1901 2222 1964 2246 nec
1983 2209 2118 2246 malum
2135 2222 2199 2246 nee

1210 2277 1347 2313 bonum
1371 2273 1556 2325 quidpiam
1586 2270 1745 2321 loquitur
1770 2285 1778 2306 t
1800 2269 1862 2321 qui
1888 2277 2007 2306 autem
2032 2268 2081 2306 ita
2100 2268 2197 2319 Vigi-

1211 2336 1274 2384 lat,
1299 2344 1338 2373 ut
1360 2349 1424 2373 vos
1444 2333 1615 2384 vigilatis,
1644 2331 1758 2368 multa
1779 2330 1814 2367 in
1849 2330 1984 2367 malum
1998 2329 2123 2380 capitis
2143 2330 2198 2366 sui

1210 2396 1321 2435 verba
1341 2393 1540 2447 profundit,
1566 2405 1692 2429 usuras
1722 2403 1926 2437 numerans,
1944 2390 2119 2427 soenorum
2136 2403 2195 2427 co-

1211 2457 1400 2508 gitationes
1410 2468 1568 2502 versans,
1588 2450 1808 2503 impudentis
1819 2464 1984 2502 cauponae
1999 2460 2030 2488 et
2043 2451 2198 2501 negotia-

1211 2518 1316 2555 tionis
1327 2531 1474 2564 memor,
1486 2515 1604 2567 spinas
1616 2512 1747 2549 multas
1762 2512 1925 2563 plantans
1940 2511 1975 2548 in
1991 2511 2108 2548 anima
2122 2525 2196 2559 sua,

1208 2591 1271 2615 nec
1292 2577 1461 2628 injectum
1486 2587 1604 2612 semen
1635 2572 1694 2610 vel
1722 2571 1903 2608 tantillum
1933 2571 2050 2608 sinens
2087 2584 2195 2608 emer-

1208 2651 1300 2687 gere.
1311 2636 1381 2675 Sed
1395 2634 1637 2687 expergiscere
1646 2640 1680 2668 et
1697 2631 1761 2667 has
1780 2629 1900 2680 spinas
1917 2629 2087 2668 radicitus
2103 2630 2196 2669 evel-

1208 2698 1257 2747 le,
1280 2697 1552 2744 ebrietatemque
1581 2699 1706 2729 excute
1724 2703 1831 2726 :nam
1861 2688 1944 2726 hinc
1967 2703 2110 2726 somnus
2129 2703 2192 2727 ve-

1160 2767 1183 2797 n
1209 2757 1274 2794 nit.
1298 2755 1515 2793 Ebrietatem
1531 2760 1650 2789 autem
1669 2762 1739 2786 non
1768 2762 1814 2785 ex
1832 2747 1915 2785 vino
1933 2756 2070 2785 tantum
2095 2748 2191 2796 dieo,

1210 2816 1273 2854 sed
1299 2829 1344 2852 ex
1376 2811 1605 2852 saecularibus
1641 2808 1747 2846 etiam
1780 2806 1897 2855 curis,
1932 2815 1965 2844 et
1995 2816 2115 2858 postca
2140 2807 2193 2844 il-

1210 2876 1282 2913 lam
1306 2888 1384 2925 quae
1411 2887 1457 2911 ex
1486 2871 1570 2911 vino
1595 2867 1769 2921 procedit.
1790 2866 1874 2904 Haec
1906 2880 2012 2917 porro
2040 2880 2109 2903 non
2137 2866 2193 2903 di—

1210 2938 1347 2976 vitibus
1364 2945 1518 2982 tantum,
1542 2930 1604 2970 sed
1623 2930 1730 2968 etiam
1756 2927 1977 2980 pauperibus
1996 2927 2092 2977 dico,
2111 2942 2191 2965 ma-

1211 2998 1376 3048 ximeque
1392 2996 1449 3043 iis,
1459 2994 1520 3045 qui
1534 2992 1731 3031 amicorum
1746 2987 1910 3027 convivia
1924 2997 2060 3039 parant.
2072 2989 2194 3037 Neque

1211 3059 1306 3097 enim
1330 3059 1398 3096 hoc
1417 3055 1552 3093 deliciae
1582 3059 1663 3090 sunt
1680 3058 1741 3087 aut
1759 3048 1942 3098 recreatio,
1963 3048 2024 3086 sed
2042 3062 2143 3100 poena
2161 3057 2194 3085 et

1210 3119 1446 3171 supplicium:
1463 3113 1598 3153 deliciae
1618 3111 1709 3150 enim
1738 3123 1830 3148 vcrae
1860 3116 1955 3157 sunt,
1984 3121 2052 3146 non
2075 3109 2193 3160 turpia

1210 3178 1320 3228 loqui,
1339 3177 1401 3215 sed
1417 3176 1562 3213 honesta
1576 3171 1746 3224 proferre,
1762 3167 1898 3217 satiari,
1916 3181 1985 3205 non
1999 3167 2190 3219 disrumpi.

1213 3238 1319 3285 Quod
1340 3237 1369 3275 si
1386 3235 1423 3274 id
1451 3234 1668 3285 voluptatem
1688 3243 1760 3268 esse
1782 3236 1899 3280 putas,
1918 3241 2061 3280 vespere
2088 3229 2192 3268 volu-

1231 3354 1244 3367 ε
1267 3344 1371 3384 [ποῖος
1387 3352 1447 3382 pro
1468 3343 1509 3376 τίς
1526 3336 1717 3369 admisimus
1734 3345 1772 3367 ex
1790 3335 1826 3366 A.
1842 3341 1874 3366 et
1891 3344 1996 3376 marg.
2010 3333 2128 3378 savit]

1232 3397 1239 3405 '
1265 3394 1326 3435 [A.
1347 3397 1467 3433 καὶγὰρ
1486 3394 1533 3423 ναὶ
1551 3387 1699 3427 ἐκείναις.]
