2502 3810
797 254 837 283 IN
878 244 1017 282 Epis'TL

138 335 233 390 παρὰ
249 340 308 373 τοῦ
336 337 428 373 Θεοῦ
444 337 569 385 τιμῆς,
586 335 641 372 ἵνα
665 333 712 384 μὴ
739 333 823 385 λέγῃ
842 337 859 371 ὁ
881 331 1075 384 ἀκροατὴς,
1095 330 1154 368 καὶ

135 397 169 434 τί
188 397 274 448 πρὸς
288 399 400 446 ἡμᾶς,
420 397 547 439 ἐκεῖνος
562 394 629 447 γάρ
646 397 737 432 ἐστιν
755 398 771 432 ὃ
790 393 1000 435 δικαιωθείς·
1017 391 1153 438 ἵστησιν

135 460 228 506 ἡμᾶς
259 454 358 507 ἐγγὺς
390 459 449 494 τοῦ
485 454 703 507 πατριάρχου
736 456 855 493 πάλιν.
889 453 1052 499 Τοσαύτη
1084 453 1153 488 τῶν

134 519 378 566 πνευματικῶν
411 515 521 566 λόγων
543 519 564 561 ἡ
593 514 751 565 δύναμις.
784 514 855 553 Τὸν
885 514 952 565 γὰρ
984 513 1016 557 ἐξ
1034 515 1152 558 ἐθνῶν,

134 577 191 615 τὸν
217 577 297 628 ἄρτι
322 576 578 628 προσελθόντα,
601 576 658 613 τὀν
686 575 780 614 οὐδὲν
804 575 1079 627 *ἐρ’(ασάμενον,
1114 574 1151 610 οὐ

137 637 238 687 μόνον
267 643 326 676 τοῦ
341 638 509 676 Ἰουδαίου
540 642 599 676 τοῦ
627 642 749 676 πιστοῦ
772 637 865 675 οὐδὲν
896 637 1020 688 ἔφησεν
1052 634 1153 672 ἔλατ-

139 714 195 736 τον
219 698 322 750 ἔχειν,
345 701 420 737 ἀλλ’
450 698 526 737 οὐδὲ
547 703 607 737 τοῦ
627 699 866 752 πατριάρχου·
892 698 1022 748 μᾶλλον
1043 695 1098 742 δὲ,
1125 695 1153 732 εἰ

137 759 205 835 χρή
221 775 254 797 τι
276 759 473 810 θαυμαστον
491 762 612 806 εἰπεῖν,
628 760 687 797 καὶ
715 760 834 810 πολλῳ
860 758 926 796 πλε
912 774 976 795 εον.
989 755 1154 852 Τοσαυτεη

228 820 456 835 «««««

136 881 238 933 τέρας
253 881 356 919 τύπον
381 885 478 919 εἰναι.
501 881 570 919 Καὶ
589 883 650 919 οὐκ
670 884 777 927 εἶπεν,
798 882 827 916 εἷ
846 878 881 916 δε
899 878 1018 929 ἐκείνω
1041 832 1155 926 ελογιῗ-

137 945 201 988 σθη
214 972 224 990 ,
243 943 332 985 εἰκὸς
347 958 398 980 οτι
411 942 470 979 καὶ
492 945 590 991 ἡμῖν,
604 940 659 978 ἰ’να
676 940 724 990 μὴ
739 932 869 986 ποιήσῃ
891 938 974 975 αὐτο
996 939 1156 986 συλλογι-

137 1002 249 1050 σμόν·
280 1002 313 1045 ἐξ
346 1000 520 1044 αὐθεντίας
549 1000 584 1037 δὲ
611 1016 678 1037 των
703 999 801 1038 θείων
821 997 1005 1050 φθέγγεται
1025 996 1153 1046 νόυτων,

135 1062 193 1100 καὶ
213 1066 274 1108 τῆς
290 1065 431 1113 Γραφῆς
452 1060 625 1111 ἀπόφασιν
645 1060 728 1097 αὐτὸ
738 1058 815 1096 ὅλον
834 1063 937 1096 ποιεῖ.
958 1058 1025 1094 Διὰ
1037 1056 1071 1094 τί
1086 1055 1153 1108 γὰρ

135 1122 267 1174 ἐγράφη
280 1153 289 1170 ,
309 1122 424 1173 φησὶν,
447 1127 460 1142 ³
476 1123 551 1159 ἀλλ’
581 1121 603 1166 ἢ
628 1120 684 1158 ἵνα
713 1120 892 1170 μάθωμεν,
908 1118 959 1156 ὅτι
979 1118 1037 1156 καὶ
1052 1120 1155 1168 ἡμεῖς

134 1181 224 1219 οὕτω
245 1181 491 1232 δικαιούμεθα;
511 1184 563 1233 τῷ
577 1180 644 1233 γὰρ
658 1183 750 1233 αὐτῷ
769 1182 850 1231 Θεῷ
869 1178 1153 1228 πεπιστεύκαμεν

135 1242 222 1296 ὑπὲρ
240 1246 308 1281 τῶν
329 1246 440 1281 αὐτῶν
461 1241 693 1295 πραγμάτων,
720 1243 748 1279 εἰ
768 1241 828 1279 καὶ
851 1240 902 1291 μὴ
920 1239 977 1278 ἐπὶ
999 1242 1066 1277 τῶν
1088 1242 1152 1277 αὖ·

135 1306 203 1341 τῶν
223 1302 431 1355 προσώπων.
448 1302 568 1341 Εἰπὼν
590 1302 625 1341 δὲ
643 1302 705 1349 τὴν
720 1301 838 1340 πίστιν
855 1303 970 1352 ἡμῶν,
988 1300 1081 1352 λέγει
1097 1300 1156 1338 καὶ

136 1363 198 1411 τὴν
218 1369 276 1402 τοῦ
295 1366 387 1402 Θεοῦ
407 1362 667 1416 φιλανθρωπίαν
687 1362 749 1409 τὴν
766 1363 910 1414 ἄφατον,
927 1362 968 1408 ἣν
984 1361 1036 1400 ἀεὶ
1055 1377 1157 1413 περι-

137 1424 298 1477 στρέφει,
315 1425 372 1462 τὸν
393 1425 538 1476 σταυρὸν
557 1426 604 1467 εἰς
625 1423 728 1473 μέσον
744 1423 874 1475 φέρων·
895 1423 912 1461 ὃ
932 1423 990 1461 καὶ
1004 1428 1060 1461 νῦν
1074 1423 1155 1469 ἐδή-

136 1487 248 1523 λωσεν
277 1484 403 1522 εἰπών·
421 1484 488 1527 ὓΟς
522 1484 694 1534 παρεδόθη
727 1483 782 1521 διὰ
812 1484 856 1522 τὰ
882 1484 1157 1536 παραπτώματα

136 1549 250 1595 ἡμῶν,
270 1545 329 1582 καὶ
352 1545 481 1596 ἠγέρθη
499 1544 554 1582 διὰ
574 1544 636 1590 τὴν
655 1544 830 1582 δικαίωσιν
845 1547 958 1594 ἡμῶν.
972 1543 1068 1596 σΟρα
1084 1547 1157 1587 πῶς

137 1606 200 1652 τὴν
223 1606 337 1643 αἰτίαν
362 1604 468 1642 εἰπὼν
489 1608 547 1641 τοῦ
579 1605 744 1652 θανάτου,
766 1604 829 1650 τὴν
848 1604 953 1650 αὐτὴν
979 1604 1038 1642 καὶ
1071 1604 1156 1642 ἀπό-

139 1667 239 1711 δειξιν
262 1666 482 1709 ἀναστάσεως
500 1672 663 1703 ποιεῖται.
687 1666 755 1704 Διὰ
785 1666 818 1703 τί
840 1665 906 1717 γὰρ
931 1665 1129 1718 ἐσταυρώθη
1146 1695 1156 1712 ,

139 1727 261 1779 φησίν;
281 1729 333 1765 Οὐ
356 1728 397 1763 δι’
420 1726 548 1765 οἰκείαν
575 1726 747 1778 ἁμαρτίαν
763 1743 771 1750 ·
803 1727 862 1765 καὶ
891 1727 992 1772 δῆλον
1024 1728 1062 1765 ἐκ
1095 1731 1158 1773 τῆς

141 1787 372 1831 ἀναστάσεως.
395 1789 439 1825 Εἰ
458 1787 524 1839 γαρ
551 1782 592 1834 ἦν
613 1788 842 1839 ἁμαρτιυλος,
863 1803 937 1830 πως
959 1787 1108 1836 ἀνεστη,
1128 1791 1158 1826 εἰ

139 1849 173 1887 δὲ
194 1849 254 1886 ἀνέ
239 1865 333 1896 εστη,
350 1849 525 1896 ευδηλον’
506 1850 778 1900 οτιὰααρτιυλὸς
797 1853 858 1887 οὐκ
873 1853 927 1896 ἦν’
948 1851 976 1887 εἰ
993 1849 1027 1888 δὲ
1044 1850 1157 1902 ἁμαρ-

137 1910 245 1953 τωλὸς
265 1926 325 1947 ουκ
342 1914 401 1957 ἠν,
417 1926 489 1952 πιυς
512 1910 736 1962 ἐσταυρώθη·
729 1941 737 1956 ,
757 1911 810 1948 Δι’
829 1910 974 1961 ἑτέρους.
997 1912 1073 1948 Εἰ
1057 1911 1091 1950 οὲ
1113 1912 1155 1949 δι’

138 1970 289 2023 ἑτερους,
322 1971 459 2015 πάντως
487 1971 628 2017 ἀνέστη.
651 1970 729 2008 Ῐνα
752 1970 818 2022 γὰρ
849 1970 897 2020 μὴ
928 1970 1051 2022 λέγῃς,
1084 1988 1157 2015 πως

137 2031 309 2075 τοσούτοις
335 2031 587 2083 ἁμαρτήμασιν
603 2031 696 2074 ὄντες
711 2031 892 2069 ὑπεύθυνοι
915 2032 1087 2080 δυνάμεθα
1105 2033 1156 2069 δι-

135 2096 348 2140 καιωθῆναι,
367 2092 472 2136 ἔδειξε
496 2093 553 2130 τὸν
570 2092 686 2130 πάντα
711 2092 954 2144 ἀπαλείψαντα
978 2092 1022 2130 τὰ
1042 2093 1156 2143 ἁμαρ-

136 2154 295 2203 τήματα,
311 2153 366 2191 ἵνα
390 2153 448 2191 καὶ
470 2156 508 2191 ἐκ
527 2156 588 2199 τῆς
604 2153 754 2197 πίστεως
769 2158 828 2191 τοῦ
848 2152 1027 2226 Ἀὸραὰμ,
1049 2154 1092 2190 δι’
1114 2148 1154 2199 ἧς

134 2214 319 2261 ἐδικαιώθη
334 2245 343 2261 ,
364 2231 422 2252 και
440 2216 478 2251 ἐκ
496 2212 582 2260 ι’της
598 2219 657 2252 τοῦ
672 2214 802 2256 πάθους
816 2219 874 2251 τοῦ
895 2213 1086 2264 σιι’1τηρίου,
1108 2215 1151 2251 δι’

134 2278 171 2313 οὑ
201 2290 269 2312 των
300 2275 563 2327 ἁμαρτημάτων
597 2274 814 2325 ἀπτλλάγημ
819 2290 865 2322 εν,
896 2272 1072 2326 βεῧαιιυση
1095 2274 1152 2312 τὸν

132 2335 244 2387 λόγον.
278 2336 399 2374 Εἰπων
431 2336 466 2374 δὲ
500 2338 541 2374 αὐ
546 2339 602 2373 τοῦ
622 2335 679 2373 τὸν
698 2336 855 2382 θάνατον,
882 2334 975 2386 λε’γει
997 2351 1055 2373 και
1091 2335 1178 2385 την

133 2396 333 2435 ἀνάστασιν.
350 2399 402 2435 Οὐ
417 2397 485 2449 γὰρ
504 2396 561 2434 διὰ
572 2402 670 2435 τοῦτο
686 2396 867 2443 ἀπέθανεν,
880 2396 935 2434 ἵνα
949 2397 1152 2440 ὑπευθύνους

132 2457 194 2509 ἔχῃ
221 2458 383 2505 κολάσει,
403 2458 462 2495 καὶ
481 2457 707 2502 καταδίκους,
728 2458 805 2496 ἀλλ’
833 2457 888 2495 ἵνα
919 2458 1126 2510 εὐεργετήσῃ
1143 2474 1151 2482 ·

132 2518 190 2555 ἐπὶ
206 2518 317 2570 τούτῳ
333 2518 400 2569 γὰρ
425 2518 483 2555 καὶ
505 2518 654 2556 ἀπέθανε
674 2518 732 2556 καὶ
755 2518 880 2566 ἀνέστη
895 2549 906 2567 ,
924 2518 980 2557 ἵνα
1001 2519 1152 2573 δικαίους

132 2578 334 2629 ἐργάσηται.
362 2578 612 2622 Δικαιωθέντες
649 2573 705 2617 οῦν
737 2582 775 2617 ἐκ
807 2579 978 2627 πίστεως,
1012 2580 1177 2632 εἰρήνηνμ

133 2639 268 2691 ἔχωμεν
291 2639 376 2690 πρὸς
405 2640 462 2677 τὸν
485 2640 574 2678 Θεὸν
596 2640 651 2678 διὰ
670 2645 728 2678 τοῦ
758 2639 883 2693 Κυρίου
913 2643 1013 2687 ἡμῶν
1034 2642 1150 2688 Ἰησοῦ

132 2701 296 2752 Χριστοῦ.
313 2700 360 2738 Τί
379 2702 483 2748 ἐστιν,
503 2701 656 2752 Εἰρήνην
677 2701 835 2754 ἔχωμεν,
855 2706 869 2722 ³
883 2701 985 2745 Τινὲς
1005 2702 1065 2753 μέν
1086 2719 1151 2754 φα-

132 2776 184 2798 σιν
201 2760 254 2799 ὅτι
267 2791 276 2808 ,
298 2760 345 2811 μὴ
368 2761 408 2807 δὴ
426 2762 668 2812 στασιάζωμεν
688 2764 958 2814 φιλονεικοῦντες
977 2763 1034 2801 τὸν
1048 2763 1151 2813 νόμον

130 2823 325 2873 εἰσαγαγεῖν
339 2837 346 2845 ·
369 2823 446 2872 ἐμοὶ
470 2821 505 2860 δὲ
527 2823 618 2860 δοκεῖ
637 2823 716 2876 περὶ
734 2823 909 2866 πολιτείας
927 2827 1010 2875 ἡμῖν
1029 2824 1148 2862 λοιπὸν

130 2882 360 2933 διαλέγεσθαι.
382 2883 528 2930 Ἐπειδὴ
550 2883 616 2935 γὰρ
638 2884 751 2922 πολλὰ
766 2885 846 2936 περὶ
865 2884 1015 2928 πίστεως
1036 2886 1149 2923 διαλε-

129 2943 220 2994 χθεὶς
235 2943 294 2980 καὶ
307 2947 369 2990 τῆς
386 2944 441 2982 διὰ
454 2948 522 2982 τῶν
540 2945 648 2996 ἔργων
666 2945 884 2991 δικαιοσύνης
896 2977 905 2993 ,
921 2946 1026 2992 αὐτὴν
1043 2946 1149 2997 πρού-

130 3007 232 3051 θηκεν
245 3020 252 3028 ·
272 3004 329 3043 ἵνα
350 3006 398 3056 μή
417 3022 468 3048 τις
487 3005 612 3058 νομίσῃ
630 3007 799 3059 ῥᾳθυμίας
817 3006 978 3046 ὑπόθεσιν
1000 3001 1086 3045 εἶναι
1105 3006 1150 3044 τὰ

129 3065 318 3116 λεγόμενα,
332 3066 455 3117 φησίν·
477 3068 630 3119 Εἰρήνην
647 3069 784 3120 ἔχωμεν
797 3084 804 3092 ·
825 3069 1004 3115 τουτέστι,
1022 3068 1149 3119 μηκέτι

132 3126 400 3178 ἇμαρτάνωμεν,
418 3127 506 3178 μηδὲ
523 3129 607 3180 πρὸς
625 3129 668 3168 τὰ
682 3130 834 3181 πρότερα
855 3129 1148 3181 ἐπανερχώμεθα·

131 3190 229 3224 τοῦτο
244 3187 310 3238 γάρ
328 3190 401 3225 ἐστι
416 3188 566 3239 πόλεμον
584 3189 675 3242 ἔχειν
690 3190 774 3241 πρὸς
791 3191 847 3228 τὸν
865 3190 969 3229 Θεόν.
990 3190 1059 3229 Καὶ
1077 3194 1152 3235 πῶς

178 3314 188 3325 ’
215 3312 226 3352 [
241 3313 276 3342 A.
293 3317 494 3357 εἰργασμένον.
514 3315 525 3355 ]

176 3372 188 3386 ³
214 3362 269 3395 Sic
282 3363 360 3396 Μεε.
379 3362 469 3395 Editi
486 3375 562 3396 xero
581 3369 648 3398 ἀλλ’
666 3370 711 3399 ἵνα,
725 3394 732 3407 ,
752 3367 857 3398 miuus
891 3374 989 3398 reete,
1008 3368 1012 3407 ἱ
1031 3367 1135 3409 Supra

135 3414 169 3443 Α.
189 3418 255 3446 ἀλλ]
270 3419 302 3454 ἐξ
317 3419 467 3453 asts-arim„-
485 3425 540 3449 τῶν
560 3422 585 3448 θ,
604 3418 608 3457 1

1059 250 1117 278 AD
1154 249 1259 278 ROM.

2113 231 2197 277 561

1225 343 1308 367 nore
1326 343 1432 380 quem
1464 345 1482 367 a
1507 331 1581 368 Deo
1600 339 1798 382 aeceperat3
1821 344 1862 367 ne
1882 328 2025 367 auditor
2060 327 2205 375 diceret,

1225 389 1273 426 Et
1294 389 1380 440 quid
1401 390 1468 428 hoc
1485 391 1532 428 ad
1551 392 1639 429 nos?
1663 391 1723 428 ille
1745 405 1896 441 namque
1914 399 1962 427 est
1981 389 2043 440 qui
2067 388 2206 440 justifi-

1224 459 1322 487 catus
1351 460 1401 488 est
1422 466 1429 487 ε
1449 465 1511 489 nos
1543 452 1602 489 ille
1638 467 1747 504 prope
1778 451 2018 504 patriarcham
2047 449 2206 487 collocat.

1225 511 1340 548 Tanta
1363 520 1413 548 est
1433 512 1673 563 spiritualium
1699 512 1889 550 verborum
1922 511 1992 549 vis.
2014 511 2106 548 Nam
2127 522 2210 546 eum

1227 572 1289 622 qui
1310 587 1355 610 ex
1380 573 1557 623 gentibus,
1578 573 1638 623 qui
1664 588 1782 611 recens
1807 573 2004 621 accesserit,
2027 571 2089 621 qui
2117 570 2208 607 nihil

1176 641 1199 672 C
1223 633 1356 680 fecerit,
1372 648 1440 670 non
1466 634 1573 671 modo
1592 635 1683 672 nihil
1699 635 1815 672 minus
1828 634 1958 671 habere
1976 633 2084 680 dixit,
2101 646 2209 682 quam

1224 694 1370 733 Judaeus
1389 694 1518 743 fidelis,
1532 695 1595 732 secl
1612 709 1674 733 nec
1689 710 1794 745 quam
1809 695 2011 747 patriarcha
2034 710 2041 730 :
2062 694 2133 731 imo
2150 707 2209 731 ve-

1225 769 1278 801 ro,
1297 756 1326 792 si
1348 755 1435 806 quid
1448 755 1659 794 admirabile
1677 756 1723 793 sit
1737 756 1940 804 dicendum,
1964 756 2069 793 etiam
2097 755 2210 792 multo

1226 815 1352 866 magis.
1372 818 1487 853 Tanta
1502 825 1552 853 est
1564 815 1657 853 enim
1676 825 1793 853 nostra
1809 816 1986 863 nobilitas,
2001 825 2039 852 ut
2052 815 2149 852 illius
2168 815 2211 851 fi-

1226 875 1286 912 des
1304 884 1430 912 nostrae
1446 875 1530 912 fidei
1553 876 1594 912 sit
1615 885 1733 926 typus.
1752 877 1824 913 Nec
1840 876 1947 921 dixit,
1968 876 2007 914 Si
2021 884 2136 912 autem
2156 874 2210 911 illi

1229 943 1431 984 reputatum
1452 943 1517 980 est,
1549 934 1744 971 verisimile
1763 943 1814 971 est
1844 943 1884 970 ut
1902 935 2005 971 etiam
2026 934 2140 981 nobis,
2170 948 2213 972 ne

1228 993 1265 1030 id
1285 993 1320 1030 in
1332 994 1583 1045 syllogismum
1599 1003 1769 1043 verteret3
1789 994 1851 1031 scd
1865 1008 1909 1031 ex
1928 995 2136 1033 auctoritate
2156 996 2212 1033 di-

1227 1053 1393 1092 vinarum
1434 1054 1554 1105 legum
1595 1054 1765 1104 loquitur,
1803 1054 1980 1104 efficitque
2019 1062 2056 1090 ut
2086 1054 2123 1091 id
2155 1064 2211 1092 to-

1227 1123 1304 1151 tum
1324 1113 1515 1166 Scripturae
1552 1115 1721 1152 sententia
1744 1115 1801 1153 sit.
1840 1114 2014 1152 Curenim
2042 1115 2214 1166 seriptum

1227 1184 1292 1226 est,
1314 1175 1442 1226 inquit,
1475 1176 1543 1213 nisi
1577 1185 1616 1213 ut
1632 1176 1823 1225 diseamus,
1860 1176 1957 1227 quod
1990 1190 2052 1213 nos
2075 1191 2214 1226 quoque

1179 1244 1203 1274 D
1228 1236 1279 1274 sic
1295 1237 1482 1289 justificati
1503 1237 1614 1275 simus
1625 1239 1641 1275 Ξ)
1675 1238 1790 1276 eidem
1817 1239 1948 1291 quippe
1962 1239 2036 1276 Deo
2057 1238 2214 1276 credidi-

1229 1312 1307 1335 mus
1327 1312 1393 1350 pro
1409 1298 1533 1335 iisdem
1555 1298 1673 1347 rebus,
1685 1300 1748 1338 etsi
1766 1300 1881 1338 nonin
1902 1299 2028 1337 iisdem
2044 1299 2211 1352 personis.

1230 1361 1321 1397 Cum
1347 1369 1465 1398 autem
1482 1360 1591 1398 fidem
1605 1371 1763 1399 nostram
1780 1361 1881 1409 dicit,
1896 1361 1963 1399 Dei
1986 1376 2125 1412 quoque
2153 1361 2213 1398 in—

1228 1420 1407 1458 effabilem
1432 1420 1688 1472 benignitatem
1723 1422 1827 1472 dicit,
1854 1437 1960 1472 quam
1987 1436 2122 1474 semper
2148 1421 2216 1459 cir-

1230 1492 1443 1531 cumversat,
1466 1497 1605 1520 crucem
1625 1484 1660 1521 in
1678 1483 1837 1521 medium
1861 1484 2009 1521 afferens
2030 1499 2037 1519 :
2057 1482 2154 1534 quod
2179 1492 2213 1520 et

1230 1558 1323 1581 nunc
1338 1544 1531 1583 declaravit
1549 1545 1606 1582 his
1621 1546 1739 1583 verbis
1761 1561 1768 1582 :
1785 1546 1847 1583 5⁵25.
1870 1547 1944 1596 Qui
1967 1546 2133 1582 traditus
2160 1553 2214 1582 est

1227 1614 1382 1656 propter
1414 1615 1577 1656 peccata
1602 1615 1746 1655 nostra,
1770 1616 1807 1644 et
1836 1609 2045 1644 resurrexit
2062 1614 2217 1657 propter

1227 1666 1550 1717 justificationem
1572 1676 1756 1704 nostram.
1791 1667 1887 1706 Vide
1912 1666 2103 1717 quomodo,
2119 1676 2214 1717 post-

1230 1741 1337 1777 quam
1353 1741 1492 1764 causam
1513 1728 1635 1765 mortis
1656 1727 1762 1776 dixit,
1775 1728 1933 1765 eamdem
1950 1728 2214 1765 resurrectionis

1231 1801 1372 1824 causam
1392 1788 1531 1825 afferat.
1558 1789 1642 1837 Cur,
1675 1788 1803 1839 inquit,
1823 1788 2017 1826 crucifixus
2033 1788 2111 1826 est?
2134 1789 2212 1826 Non

1181 1861 1204 1890 Ε
1231 1847 1275 1884 01)
1293 1848 1481 1899 proprium
1503 1858 1703 1900 peccatum,
1725 1858 1763 1886 ut
1790 1849 1901 1899 liquet
1925 1863 1968 1887 ex
1985 1852 2211 1890 resurrectio-

1230 1922 1284 1948 ne.
1308 1908 1344 1945 Si
1365 1909 1459 1946 enim
1472 1919 1634 1961 peccator
1650 1919 1737 1959 erat,
1754 1909 1930 1960 quomodo
1951 1913 2168 1951 resurrexit?
2183 1914 2210 1952 si

1228 1970 1436 2018 resurrexit,
1467 1971 1583 2022 palam
1604 1980 1655 2008 est
1677 1985 1746 2008 non
1773 1980 2003 2022 peccatorem·
2019 1972 2129 2011 fuisse
2152 1990 2159 2010 :
2183 1975 2214 2012 si

1227 2040 1389 2082 peccator
1427 2045 1496 2068 non
1515 2032 1597 2080 fuit,
1622 2046 1685 2069 eur
1705 2032 1901 2069 crucifixus
1934 2033 2009 2070 est?
2030 2035 2098 2070 Pro
2120 2034 2212 2073 aliis.

1228 2092 1267 2130 Si
1283 2107 1348 2144 pro
1368 2092 1460 2141 aliis,
1482 2093 1626 2131 omnino
1648 2093 1857 2131 resurrexit.
1873 2095 1926 2131 Ne
1946 2093 2080 2132 diceres
2101 2096 2209 2145 enim,

1226 2154 1414 2200 Quomodo
1440 2164 1490 2192 tot
1513 2156 1664 2207 peccatis
1679 2156 1840 2203 obnoxii,
1855 2170 2043 2207 possumus
2074 2158 2213 2208 justili-

1226 2214 1324 2252 cari?
1357 2215 1510 2253 ostendit
1542 2230 1637 2262 eum,
1679 2216 1888 2267 quipeccata
1904 2216 2022 2253 omnia
2058 2217 2211 2269 delevit,

1226 2284 1266 2312 ut
1284 2285 1317 2312 et
1339 2290 1383 2314 ex
1410 2275 1481 2314 fide
1507 2276 1674 2323 Abrahae,
1709 2291 1770 2328 per
1789 2290 1896 2327 quam
1925 2276 1985 2313 ille
1997 2277 2216 2328 justificatus

1166 2371 1212 2395 512
1227 2345 1290 2385 est,
1322 2346 1354 2374 et
1375 2351 1418 2374 ex
1451 2337 1523 2375 fide
1560 2337 1724 2375 salutaris
1753 2337 1939 2389 passionis,
1961 2352 2023 2389 per
2061 2353 2167 2389 quam
2194 2354 2214 2377 a

1176 2409 1201 2437 Α
1226 2398 1380 2450 peccatis
1415 2399 1557 2436 liberati
1585 2413 1722 2448 sumus,
1755 2412 1950 2436 sermonem
1979 2400 2214 2438 confirmaret.

1226 2461 1419 2509 Postquam
1459 2469 1576 2497 autem
1611 2460 1687 2510 ejus
1715 2468 1864 2496 mortem
1893 2459 2047 2510 dixerat,
2088 2460 2132 2498 de
2156 2476 2214 2499 re—

1225 2519 1440 2557 surrectione
1461 2519 1635 2569 loquitur.
1657 2521 1736 2557 Non
1768 2519 1862 2556 enim
1878 2519 1956 2558 ideo
1978 2530 2138 2558 mortuus
2152 2531 2214 2571 est,

1224 2580 1445 2631 utsupplicio
1464 2579 1638 2618 obnoxios
1655 2580 1813 2627 haberet,
1830 2588 1862 2617 ct
1888 2580 2157 2630 damnatos‚sed
2176 2591 2215 2619 ut

1223 2640 1439 2678 benefaceret
1462 2657 1469 2677 τ
1490 2641 1568 2678 ideo
1585 2641 1678 2678 enim
1700 2650 1861 2678 mortuus
1881 2650 1931 2678 est
1958 2651 1990 2679 et
2007 2643 2211 2692 resurrexit,

1303 249 1457 279 nomi„
1497 251 1539 280 IX
1550 270 1558 279 ·

2274 1800 2418 1828 Resurre-

2227 1842 2266 1868 tio
2306 1842 2416 1869 Christi

2227 1893 2278 1916 uro
2284 1884 2378 1910 batur.

1223 2711 1261 2739 ut
1275 2702 1391 2753 justos
1415 2701 1580 2739 efficeret.
1614 2705 1647 2739 1.
1669 2702 1886 2754 Justificati
1921 2716 2008 2754 ergo
2038 2717 2084 2739 etz·
2103 2704 2205 2755 fide,
2223 2712 2297 2741 Cn.
2321 2724 2350 2740 v.

1222 2777 1356 2814 pacem
1368 2764 1580 2800 habeamus
1600 2763 1789 2799 adDeum
1805 2777 1874 2813 per
1901 2764 2116 2801 Dominum
2139 2779 2210 2802 no·-

1224 2833 1347 2862 strum
1369 2826 1505 2862 Jesztm
1541 2826 1749 2862 Christum
1775 2824 1874 2872 Quid
1896 2825 1965 2862 sibi
1986 2826 2066 2863 xult
2098 2827 2206 2874 illud,

1223 2888 1368 2924 Pacem
1390 2888 1629 2924 habeamus?
1659 2885 1817 2933 Quidam
1840 2886 1889 2923 ita
1915 2887 2130 2938 explicant.
2154 2890 2206 2926 Ne

1223 2944 1411 2984 seditiones
1442 2961 1662 2995 moveamus,
1687 2946 1933 2985 contendentes
1958 2957 1996 2985 ut
2016 2948 2156 2999 legem
2147 2963 2208 2986 111-

1223 3007 1465 3045 troducamus.
1496 3007 1588 3045 Mihi
1611 3016 1726 3044 autem
1744 3006 1888 3045 videtur
1906 3008 1951 3046 de
1975 3008 2120 3047 vivendi
2150 3024 2207 3047 ra-

1174 3075 1196 3103 B
1224 3069 1319 3107 tione
1336 3069 1522 3107 nobiscum
1544 3068 1602 3106 hic
1626 3068 1763 3106 disseri.
1785 3068 1877 3115 Quia
1904 3069 1998 3107 enim
2023 3070 2084 3107 ubi
2106 3070 2212 3122 plura

1223 3130 1267 3169 de
1283 3130 1355 3168 fide
1374 3130 1585 3168 disseruerat
1605 3139 1638 3167 et
1665 3130 1710 3167 de
1724 3130 1863 3181 justitia
1894 3145 1958 3183 per
1974 3145 2095 3183 opera,
2120 3132 2213 3170 hanc

1225 3191 1353 3243 adjecit
1361 3207 1373 3241 3
1392 3205 1435 3229 nc
1452 3191 1532 3241 quis
1559 3200 1699 3243 putaret
1719 3191 1795 3229 haec
1817 3191 1914 3229 clieta
1935 3193 2088 3243 ignavia?
2112 3208 2211 3232 oeca-

1248 3315 1264 3339 b
1287 3316 1367 3355 [τῆς
1381 3314 1473 3346 abest
1491 3313 1532 3346 al)
1551 3314 1616 3358 A.]

1246 3378 1259 3392 a
1282 3366 1398 3401 Morel.
1418 3373 1490 3405 τινες
1506 3383 1598 3409 φας’).
1620 3367 1629 3407 [
1647 3367 1721 3398 Mox
1737 3368 1774 3400 Α.
1794 3368 1955 3408 εἰσάγειν-ἆ
