2502 3810
712 275 750 303 {N
791 274 930 304 EPIST.
970 272 1028 303 AD
1065 274 1119 304 Ito

475 539 655 578 ΟΜΙΛΙΑ
678 538 744 582 κς’.

99 663 190 700 Οἶδα
218 663 276 700 καὶ
296 663 488 714 πέπεισμαι
508 667 541 702 ἐν
565 665 683 718 Κυρίῳ
702 665 819 710 Ἰησοῦ
833 695 842 711 ,
858 664 910 702 ὅτι
930 663 1022 702 οὐδὲν
1043 678 1115 701 κοι-

151 724 205 761 νὸν
232 725 274 761 δι’
303 726 447 769 ἑαυτοῦ,
481 727 509 762 εἰ
542 725 590 775 μὴ
621 728 670 777 τῷ
703 724 912 775 λογιζομένῳ
942 741 975 761 τι
1006 724 1116 762 κοινὸν

151 778 239 822 εἶναι
250 815 259 832 ,
277 785 396 837 ἐκείνῳ
412 785 536 823 κοινόν.

151 982 323 1033 Πρότερον
345 982 556 1032 ἐπιτιμήσας
570 984 619 1033 τῷ
639 981 789 1034 κρίνοντι
807 982 864 1020 τὸν
880 981 1043 1032 ἀδελφὸν,
1061 981 1120 1017 καὶ

100 1042 207 1089 ταύτῃ
230 1046 291 1088 τῆς
317 1042 534 1088 ἐπιπλήξεοκ
563 1043 665 1080 αὐτὸν
695 1042 917 1088 ἀποστήσας,
940 1041 1017 1077 τότε
1049 1042 1119 1078 λοι-

98 1103 161 1139 πὸν
191 1102 250 1140 καὶ
278 1103 357 1154 περὶ
389 1106 449 1139 τοῦ
481 1102 651 1152 δόγματος
680 1101 931 1152 ἀποφαίνεται,
952 1099 1010 1137 καὶ
1032 1099 1120 1149 μετὰ

98 1162 246 1213 ἡσυχίας
263 1162 417 1200 παιδεύει
439 1163 496 1200 τὸν
524 1162 789 1213 ἀσθενέστερον,
814 1161 947 1207 πολλὴν
977 1160 1036 1198 καὶ
1065 1161 1120 1196 ε’ν«

98 1226 204 1261 ταῧθα
224 1223 286 1269 τὴν
305 1222 489 1275 πραότητα
513 1222 805 1272 ἐπιδεικνύμενος.
842 1224 895 1259 Οὐ
914 1221 980 1272 γὰρ
1007 1220 1120 1271 λέγει,

98 1283 149 1321 ὅτι
174 1284 271 1329 δίκην
304 1283 426 1331 δώσει,
449 1283 525 1320 οὐδὲ
546 1283 631 1321 ἄλλο
655 1299 689 1320 τι
714 1285 782 1320 τῶν
804 1282 972 1320 τοιούτων
1004 1281 1120 1329 οὐδὲν,

99 1344 188 1383 ἀλλὰ
206 1344 263 1383 τὸν
295 1344 399 1396 φόὸον
433 1344 534 1394 μόνον
557 1344 671 1382 ἐκλύει
699 1348 758 1381 τοῦ
787 1343 1012 1395 πράγματος,
1031 1342 1121 1380 ὥστε

102 1406 200 1443 αὐτὸν
224 1405 454 1456 εὐκολώτερον
487 1407 671 1450 πεισθῆναι
698 1409 769 1447 τοῖς
786 1405 869 1454 παρ’
891 1405 994 1441 αὐτοῦ
1022 1406 1123 1453 λεγο-

101 1466 235 1515 μένοις,
266 1465 325 1503 καί
352 1480 454 1517 φησιν
471 1479 478 1488 ·
502 1459 593 1502 Οἶδα
616 1465 676 1502 καὶ
705 1463 913 1513 πέπεισμαι.
936 1458 1048 1510 Εἶτα,
1067 1463 1124 1501 ἵνα

104 1526 151 1577 μὴ
171 1526 256 1577 λέγῃ
274 1542 325 1569 τις
343 1527 410 1563 τῶν
432 1527 469 1562 οὐ
489 1527 643 1571 πιστῶν,
664 1525 722 1563 καὶ
741 1524 775 1562 τί
793 1524 878 1576 πρὸς
896 1528 1007 1574 ἡμᾶς,
1029 1526 1057 1561 εἷ
1084 1523 1124 1561 σὺ

102 1587 285 1635 πέπεισαι,
318 1585 393 1624 οὒῗὲ
412 1586 479 1638 γὰρ
511 1585 709 1629 ἀξιόπιστος
738 1578 768 1622 εἷ
797 1585 1127 1630 *ἀντικαταστῆναι

104 1648 200 1698 νόμῳ
220 1646 373 1698 τοσούτῳ
402 1646 461 1684 καὶ
490 1651 664 1697 χρησμοῖς
697 1645 824 1682 ἄνωθεν
850 1647 1126 1696 κατενεχθεῖσιν·

105 1707 225 1758 ἐπάγει
237 1738 247 1755 ,
266 1709 326 1744 Ἐν
347 1706 467 1758 Κυρίῳ
487 1722 494 1729 ·
512 1706 687 1743 τουτέστιν
700 1736 709 1753 ,
743 1709 869 1744 ἐκεῖθεν
900 1704 1037 1754 μαθὼν,
1070 1705 1128 1742 καὶ

106 1770 188 1820 παρ’
206 1770 309 1806 αὐτοῦΙ
327 1767 616 1820 πληροφορηθείς.
641 1769 717 1805 Οὐκ
731 1766 798 1820 ἄρα
819 1765 1036 1818 ἀνθρωπίνης
1054 1768 1130 1804 δια-

105 1829 197 1872 νοίας
219 1832 239 1875 ἡ
268 1831 391 1880 ψῆφος.
417 1828 464 1866 Τί
483 1827 594 1866 τοίνυν
618 1827 784 1866 πέπεισαι
804 1828 863 1865 καὶ
895 1821 1012 1874 οἶδας,
1041 1828 1127 1866 εἰπέ.

105 1889 190 1927 “Ort
209 1889 302 1927 οὐδὲν
323 1889 435 1927 κοινὸν
457 1890 499 1926 δι’
526 1890 645 1926 αὐτοῦ.
667 1891 699 1926 Τ
702 1892 722 1939 ἦ
745 1888 865 1940 φύσει,
890 1888 1013 1941 φησὶν,
1033 1887 1128 1926 οὐδὲν

107 1950 320 2003 ἀκάθαρτον,
341 1951 417 1987 ἀλλ’
443 1950 512 1987 ἀπὸ
544 1951 607 1994 τῆς
640 1949 875 2000 προαιρέσεως
908 1949 1039 2000 γίνεται
1070 1954 1130 1988 τοῦ

108 2011 282 2060 μετιόντος
300 2025 310 2050 ·,
331 2010 451 2062 ἐκείνῳ
470 2015 549 2061 γοῦν
569 2010 699 2061 γίνεται
717 2009 829 2062 μόνῳ,
850 2009 909 2048 καὶ
923 2009 1001 2062 οὐχὶ
1017 2016 1104 2048 πᾶσι
1122 2026 1129 2034 ·

108 2074 171 2124 Τῷ
199 2071 266 2123 γὰρ
295 2070 525 2122 λογιζομένῳ,
554 2071 657 2122 φησὶ,
689 2071 822 2119 κοινὸν,
855 2070 975 2123 ἐκείνῳ
1003 2072 1128 2109 κοινόν.

109 2132 155 2170 Τί
181 2126 239 2170 οῧν
271 2133 308 2169 οὗ
343 2132 538 2185 διορθοῧσαι
565 2131 622 2168 τὸν
643 2130 810 2183 ἀδελφὸν,
844 2130 900 2168 ἵνα
931 2130 980 2181 μὴ
1004 2131 1128 2182 νομίζῃ

397 2193 412 2204 εκ

109 2193 323 2245 ἀκάθαρτον,
339 2192 374 2230 τί
395 2192 429 2230 οὲ
449 2194 509 2230 οὐκ
530 2189 675 2243 ἀπάγεις
693 2195 754 2238 τῆς
770 2191 930 2238 τοιαύτης
949 2192 1129 2240 συνηθείας

109 2253 168 2290 καὶ
196 2252 402 2304 ὑπολήψεως
423 2254 499 2302 μετ’
518 2251 674 2295 ἐξουσίας
699 2253 855 2300 ἁπάσης,
878 2252 935 2291 ἵνα
967 2252 1015 2303 μὴ
1046 2257 1129 2305 ποιῇ

111 2313 192 2351 αὐτὸ
220 2313 353 2360 κοινόν,
377 2313 586 2362 Φοὲοῧμαι,
617 2311 723 2364 φησὶ,
754 2312 801 2363 μὴ
831 2313 980 2360 λυπήσω
1010 2314 1129 2351 αὐτόν·

110 2375 162 2413 διὸ
181 2374 354 2426 ἐπήγαγεν
371 2389 378 2396 ·
400 2375 445 2411 Εἰ
467 2372 502 2410 δὲ
532 2373 589 2411 διὰ
616 2375 741 2426 βρῶμα
766 2376 783 2411 ὃ
812 2374 957 2426 ἀδελφός
979 2389 1038 2412 σου
1067 2377 1131 2412 λυ-

111 2442 228 2474 πεῖται
242 2466 251 2483 ,
273 2435 386 2473 οὐκέτι
418 2433 508 2471 κατὰ
535 2434 675 2485 ἀγάπην
697 2439 912 2486 περιπατεῖς.
935 2428 1036 2478 Εἶδες
1059 2437 1133 2478 πῶς

112 2497 198 2539 τέως
228 2496 330 2534 αὐτὸν
356 2494 576 2547 ᾠκειώσατο,
603 2495 713 2539 δείξας
743 2495 797 2534 ὅτι
829 2499 990 2534 τοσοῦτον
1029 2497 1133 2535 αὐτοῦ

113 2563 265 2595 ποιεῖται
282 2557 339 2594 τὸν
358 2555 459 2606 λόγον
472 2586 481 2603 ,
502 2558 548 2599 ὡς
574 2556 660 2609 ὑπὲρ
685 2561 745 2594 τοῦ
768 2556 816 2607 μὴ
843 2559 998 2603 λυπῆσαι
1017 2558 1132 2604 αὐτὸν,

116 2617 203 2667 μηδὲ
233 2615 394 2659 ἐπιτάξαι
427 2615 511 2658 τέως
545 2617 677 2668 τολμᾷν
706 2615 750 2654 τὰ
785 2616 914 2668 σφόδρα
948 2619 1134 2668 ἀναγκαῖα,

116 2677 205 2716 ἀλλὰ
220 2681 262 2727 τῇ
284 2675 503 2728 συγχωρήσει
531 2677 662 2725 μᾶλλον
695 2676 796 2714 αὐτὸν
822 2675 1046 2726 ἐφέλκεσθαι,
1075 2678 1135 2714 καὶ

115 2741 156 2789 τῆ
175 2738 294 2789 ἀγάπῃ
309 2753 318 2784 3
333 2736 426 2775 Οὐδὲ
442 2735 510 2788 γὰρ
530 2735 619 2786 μετὰ
637 2739 696 2774 τοῦ
712 2739 815 2774 λῧσαι
830 2736 886 2774 τὸν
903 2736 1021 2788 φόὸον,
1041 2737 1135 2775 ἕλκει

115 2798 173 2837 καὶ
195 2797 368 2849 βιάζεται,
389 2797 464 2834 ἀλλ’
492 2796 633 2848 ἀφίησιν
661 2796 764 2834 αὐτὸν
789 2798 911 2834 ἑαυτοῦ
932 2795 1062 2847 κύριον.
1082 2799 1134 2835 Οὐ

114 2861 182 2913 γάρ
202 2862 294 2898 ἐστιν
314 2860 384 2897 ἴσον
408 2857 591 2911 βρώματος
611 2860 822 2909 ἀπαγαγεῖν,
841 2857 900 2895 καὶ
918 2857 1010 2909 λύπῃ
1036 2874 1135 2910 περι-

116 2922 246 2959 Εαλεῖν.
264 2920 400 2972 ἔιὉρᾷς
418 2918 530 2966 πόσην
550 2917 702 2965 σπουδὴν
723 2924 873 2956 ποιεῖται
894 2921 956 2964 τῆς
975 2919 1135 2970 ἀγάπης;

116 2975 202 3021 Οἵδε
218 2981 305 3033 γὰρ,
323 2981 376 3019 ὅτι
400 2980 517 3019 πάντα
534 2978 622 3027 αὕτη
641 2982 860 3032 κατορθῶσαι
888 2977 1042 3017 δύναται.
1072 2982 1136 3024 Διὸ

117 3048 175 3085 καὶ
207 3050 322 3098 μεῖζον
345 3046 492 3086 ἐνταῦθά
521 3062 555 3084 τι
575 3047 658 3098 παρ’
679 3047 790 3083 αὐτῶν
823 3046 986 3084 ἀπαιτεῖ·
1003 3047 1040 3084 οὗ
1069 3047 1136 3099 γὰρ

120 3113 237 3163 μόνον,
268 3114 394 3166 φησὶν,
423 3111 544 3156 αὐτοὺς
572 3115 609 3150 οὔ
640 3111 710 3164 χρὴ
745 3112 830 3163 πρὸς
861 3111 1014 3163 ἀνάγκην
1044 3115 1135 3163 ὑμᾶς

116 3184 128 3199 ²
141 3180 280 3230 ἀγαγεῖν
293 3209 302 3227 ,
324 3179 401 3216 ἀλλ’
424 3180 452 3216 εἷ
467 3179 517 3216 δεῖ
535 3178 593 3216 καὶ
611 3176 911 3229 συγκαταὸαίνειν,
933 3176 1020 3226 μηδὲ
1036 3181 1135 3215 τοῦτο

167 3340 178 3351 ’
202 3335 406 3378 [Legclffilttt‘
418 3342 666 3374 ἀντικαταστῆσίι
685 3344 763 3378 νόμῳ
777 3350 837 3370 τοσ.
853 3340 883 3370 ου’
897 3352 949 3380 χρ.
968 3336 1121 3368 Correxi-

122 3398 192 3419 nius
209 3398 247 3418 cx
266 3388 303 3417 A.
322 3385 417 3418 Ideni
437 3397 513 3417 mox
532 3387 703 3427 §myssa-2]

1040 417 1137 424 ᾗ.

1125 276 1173 304 Μ.
1214 276 1367 306 IIOMIL.
1405 275 1532 305 XXVI.

1481 539 1690 576 HOMILIA
1719 536 1862 577 XXVI.

1191 670 1278 705 Cn».
1300 668 1403 708 XIV.
1419 683 1458 706 v.
1483 669 1546 707 14.
1577 669 1662 706 Scio
1680 675 1717 705 et
1735 680 1960 718 persuasum
1985 668 2109 704 habeo
2128 668 2169 702 in

1244 730 1415 766 Domino
1430 729 1537 774 Jesu,
1566 728 1671 779 quod
1690 728 1790 764 nihil
1817 730 1864 764 sit
1889 741 2088 764 commune
2103 740 2171 777 per

1245 803 1296 835 se,
1322 791 1398 826 nisi
1412 791 1478 841 qui
1499 791 1695 826 existimat
1714 788 1866 839 aliquid
1882 801 2079 825 commune
2109 802 2167 825 es-

1243 863 1295 895 se,
1319 850 1380 886 illi
1407 862 1607 887 commune
1622 857 1690 886 est.

1248 988 1284 1022 1.
1318 987 1410 1024 Cum
1423 986 1525 1038 prius
1544 1000 1624 1023 eum
1655 985 1717 1035 qui
1743 986 1887 1022 fratrem
1908 985 2091 1037 judicabat
2112 986 2170 1023 in-

1194 1056 1377 1098 crepasset,
1409 1055 1513 1097 atque
1533 1046 1638 1083 illum
1655 1047 1700 1083 ab
1735 1046 1946 1097 increpando
1969 1046 2169 1095 avertissem

1193 1116 1268 1144 tum
1284 1106 1428 1144 demum
1448 1107 1493 1145 de
1518 1107 1682 1158 dogmate
1712 1106 1881 1156 decernit7
1910 1115 1942 1144 et
1962 1107 2101 1158 placide
2121 1108 2174 1144 in-

1194 1169 1388 1207 firmiorem
1410 1169 1575 1218 instituit,
1600 1169 1751 1206 multam
1770 1169 1830 1206 hic
1850 1183 1989 1219 quoque
2004 1168 2175 1206 exhibens

1193 1229 1510 1268 mansuetudinem.
1529 1231 1607 1268 Non
1624 1230 1718 1267 enim
1729 1229 1830 1278 dicit,
1847 1231 1970 1267 Poenas
1985 1229 2098 1278 dabit,
2114 1244 2175 1267 ne-

1192 1304 1261 1340 que
1275 1290 1374 1327 aliud
1394 1290 1482 1342 quid
1504 1290 1639 1339 simile3
1666 1293 1725 1328 sed
1745 1290 1908 1329 timorem
1931 1290 2175 1329 tantummodo

1191 1367 1210 1390 a
1234 1367 1270 1390 re
1288 1353 1416 1404 abigit,
1451 1362 1491 1391 ut
1509 1367 1549 1391 eo
1575 1353 1717 1390 facilius
1742 1352 1847 1390 dictis
1867 1353 1940 1390 suis
1961 1367 2094 1391 morem
2114 1367 2174 1404 ge-

1191 1423 1261 1463 rat;
1280 1414 1412 1464 aitque,
1442 1414 1528 1452 Scio
1554 1423 1590 1451 et
1609 1428 1834 1465 persuasum
1866 1415 1998 1451 Ῐιαόεο.
2028 1414 2176 1462 Deinde,

1194 1488 1240 1512 ne
1255 1475 1334 1524 quis
1346 1488 1390 1511 ex
1403 1487 1472 1511 non
1487 1473 1708 1511 credentibus
1723 1473 1852 1511 diecret
1870 1489 1876 1509 :
1892 1473 1939 1510 Et
1953 1473 2042 1524 quid
2059 1473 2104 1511 ad
2116 1487 2177 1511 nos

1197 1534 1225 1571 si
1244 1543 1281 1571 tu
1297 1547 1485 1586 persuasus
1501 1534 1566 1571 es?
1585 1548 1697 1584 neque
1710 1534 1805 1571 enim
1826 1534 1875 1573 ita
1894 1533 1968 1572 fide
1979 1534 2110 1584 diguus
2126 1549 2175 1583 es7

1198 1604 1237 1633 ut
1254 1605 1373 1633 contra
1388 1603 1522 1634 tantam
1547 1595 1661 1646 legem
1690 1605 1722 1633 et
1750 1596 1890 1634 oracula
1909 1595 1954 1633 de
1971 1596 2056 1633 caelo
2073 1596 2179 1633 allata

1199 1666 1290 1694 stare
1316 1657 1430 1708 possis
1451 1672 1457 1693 :
1477 1656 1675 1709 subjungit,
1696 1658 1744 1692 In
1765 1657 1960 1702 Domz'1105
1978 1655 2014 1693 id
2045 1664 2107 1704 est7
2126 1656 2179 1692 Ab

1200 1718 1262 1755 illo
1279 1718 1406 1766 didici,
1427 1718 1472 1755 al)
1492 1717 1553 1754 illo
1581 1717 1708 1754 certior
1729 1717 1840 1754 factus
1872 1731 1961 1755 sum.
1996 1716 2075 1754 Non
2098 1730 2180 1767 ergo

1200 1779 1365 1816 humanae
1391 1777 1518 1816 mentis
1544 1777 1700 1815 calculus
1736 1785 1799 1814 est.
1830 1777 1909 1822 Qua
1940 1776 2050 1828 igitur
2071 1776 2115 1814 de
2144 1790 2180 1814 re

1201 1854 1389 1892 persuasus
1415 1840 1475 1878 es?
1503 1839 1590 1891 quid
1615 1839 1731 1877 nosti?
1756 1839 1827 1876 dic.
1870 1840 1985 1890 Quod
2018 1839 2118 1876 nihil
2133 1842 2182 1877 sit

1202 1916 1402 1940 commune
1411 1916 1481 1953 per
1495 1916 1543 1939 se.
1564 1902 1712 1948 Natura,
1738 1901 1866 1951 inquit,
1899 1901 1990 1938 nihil
2020 1901 2182 1938 immun-

1202 1962 1304 2012 dum,
1332 1962 1395 2000 sed
1417 1977 1436 1999 a
1453 1962 1632 2014 proposito
1660 1960 1790 1999 utentis
1827 1970 1961 1999 tantum
1985 1977 1992 1998 :
2014 1961 2067 1998 illi
2101 1975 2183 2012 ergo

1203 2024 1267 2062 soli
1288 2023 1515 2061 immundum
1530 2032 1592 2073 est,
1612 2037 1680 2060 non
1697 2023 1864 2061 omnibus
1881 2039 1888 2059 ι
1906 2024 1975 2060 Illi
1999 2023 2105 2073 enim,
2123 2023 2182 2060 in-

1203 2085 1293 2136 quit,
1305 2087 1573 2137 quiexistimat
1586 2098 1786 2122 commune
1801 2098 2098 2133 essessornmzme
2112 2094 2179 2123 est.

1204 2147 1277 2184 Cur
1295 2160 1377 2197 ergo
1391 2159 1461 2183 non
1483 2145 1632 2197 corrigis
1658 2145 1816 2194 fratrem,
1836 2159 1879 2183 ne
1896 2155 1998 2198 putet
2029 2146 2182 2183 immun-

1203 2206 1291 2244 dum
1319 2206 1421 2244 esse?
1442 2221 1504 2248 cur
1522 2219 1592 2243 non
1615 2220 1633 2243 a
1652 2205 1715 2243 tali
1736 2205 1986 2243 consuetudine
2005 2215 2039 2243 et
2068 2207 2178 2258 suspi-

1204 2267 1303 2304 cione
1318 2281 1386 2318 pro
1413 2266 1514 2306 virili
1533 2265 1695 2312 abducis,
1713 2274 1753 2303 ut
1771 2280 1814 2303 ne
1828 2265 1918 2303 illud
1937 2280 2123 2303 commune
2139 2267 2185 2303 sa-

1205 2327 1298 2365 ciat?
1315 2327 1456 2375 Timeo,
1487 2326 1619 2376 inquit,
1642 2339 1686 2363 ne
1706 2340 1854 2363 moerore
1882 2326 1984 2363 illum
2002 2326 2155 2364 afficiam
2178 2343 2184 2362 :

1204 2401 1313 2438 quare
1337 2386 1522 2439 subjungit
1540 2401 1548 2422 ε
1574 2387 1635 2425 15.
1656 2386 1697 2424 Si
1715 2394 1842 2423 autem
1875 2395 2031 2438 propter
2061 2389 2187 2424 cibum

1201 2450 1330 2501 frater
1355 2457 1442 2486 tuus
1470 2450 1736 2493 contristatur,
1756 2449 1844 2499 jam
1881 2461 1958 2484 non
1977 2449 2188 2486 secundum

1155 2501 1180 2532 Ε
1205 2514 1408 2549 caritatem
1423 2509 1614 2547 ambulas.
1639 2508 1770 2548 Viden'
1785 2508 1962 2558 quomodo
1982 2509 2123 2547 interim
2139 2509 2188 2546 il-

1206 2571 1281 2608 lum
1299 2570 1366 2608 sibi
1401 2561 1611 2607 familiarem
1638 2567 1773 2617 reddar,
1798 2568 1981 2606 ostendens
2002 2584 2038 2607 se
2059 2578 2188 2607 tantam

1206 2633 1303 2671 illius
1335 2632 1506 2671 rationem
1530 2631 1662 2668 habere
1682 2639 1735 2677 ut,
1759 2643 1801 2667 ne
1821 2630 1924 2667 illum
1942 2645 2091 2668 moerore
2106 2632 2186 2668 affi-

1208 2693 1277 2731 ciat
1298 2722 1308 2742 ‚
1325 2707 1369 2730 ne
1387 2692 1517 2729 audeat
1542 2690 1684 2740 quidem
1703 2690 1876 2741 imperare
1908 2691 1965 2728 vel
1994 2690 2188 2728 admodum

1207 2752 1412 2799 necessaria,
1430 2750 1490 2789 sed
1513 2750 1733 2801 indulgentia
1757 2751 1869 2801 magis
1889 2760 1921 2788 et
1941 2751 2085 2789 caritate
2105 2766 2187 2789 eum

1206 2814 1365 2851 alliciat?
1392 2814 1513 2863 Neque
1531 2812 1625 2849 enim
1650 2820 1837 2863 postquam
1865 2812 2027 2849 timorem
2052 2812 2184 2863 abegit,

1207 2873 1277 2926 ipsi
1291 2874 1369 2913 vim
1396 2873 1512 2919 infert,
1534 2880 1575 2909 ut
1592 2871 1756 2920 attrahat,
1777 2871 1838 2909 sed
1858 2871 1977 2923 ipsum
1997 2872 2051 2909 sui
2070 2872 2187 2911 domi-

1207 2949 1293 2973 num
1305 2934 1484 2985 relinquit.
1504 2934 1573 2970 Par
1587 2932 1719 2984 quippe
1741 2947 1809 2971 non
1832 2942 1919 2983 erat,
1951 2943 1989 2971 ut
2011 2934 2044 2971 in
2066 2948 2189 2972 moero-

1207 3011 1281 3035 rem
1302 2996 1472 3049 injiceret,
1485 2995 1573 3032 dum
1585 2993 1774 3031 abduceret
1789 3008 1809 3031 a
1832 2994 1910 3032 cibo
1929 2995 2111 3032 sumendo.
2124 2996 2188 3034 Vi-

1210 3057 1292 3094 den’
1331 3064 1500 3107 quantam
1536 3053 1692 3091 caritatis
1715 3067 1838 3090 curam
1869 3053 2021 3091 habeat?
2049 3054 2190 3092 Sciebat

1146 3153 1194 3176 712
1206 3119 1300 3157 enim
1316 3119 1414 3156 illam
1429 3116 1547 3154 omnia
1559 3114 1744 3154 emendare
1755 3129 1868 3167 posse.
1884 3114 2108 3168 Quapropter
2118 3130 2191 3154 ma-

1158 3189 1181 3218 Α
1203 3180 1262 3231 jus·
1277 3178 1461 3230 quidpiam
1483 3177 1539 3214 hic
1559 3176 1604 3213 ab
1622 3175 1693 3213 illis
1707 3175 1817 3226 exigit
1839 3191 1846 3211 τ
1866 3177 1942 3214 Non
1963 3176 2066 3215 modo
2084 3176 2190 3226 enim,

1234 3341 1245 3355 ἃ
1270 3330 1362 3362 Unus
1378 3326 1490 3360 Codex
1508 3331 1578 3373 ὁρᾷς
1593 3331 1672 3363 ὅσην.

1233 3392 1244 3405 ²¹
1269 3382 1456 3422 [ἀπαγαγεῖν
1474 3379 1508 3410 Α.
1524 3383 1557 3409 et
1574 3387 1678 3420 marg.
1697 3374 1816 3418 savit]
