2502 3810
633 259 675 287 IN
713 260 738 287 A
744 260 825 289 CTA
864 260 888 287 A
895 255 1143 288 POSTOLORU
1150 257 1182 285 M
1191 276 1199 284 .

103 354 170 384 νοι,
191 337 293 375 ἄλλον
315 336 375 387 μὲν
400 330 487 374 εἶναι
507 338 564 375 τὸν
592 339 756 386 ποιητὴν,
783 341 820 377 οὐ
840 339 954 392 κύριον
981 337 1037 384 δὲ,
1056 336 1119 383 τὴν

102 397 135 434 δὲ
166 397 329 447 ἀγένητον
346 396 430 443 ὕλην
447 397 674 442 ὑποτιθέντες.
693 400 867 437 Ἐνταῦθα
882 398 1002 437 λοιπὸν
1030 400 1118 434 αἰνι-

103 459 294 507 γματωδῶς
313 451 387 495 εἷπε
407 458 445 496 τὸ
463 461 566 497 αὐτοῦ
590 460 649 497 καὶ
666 459 810 506 ἔστησε,
832 459 890 497 καὶ
906 463 1066 510 καθαιρεῖ
1083 457 1122 494 τὸ

102 517 252 556 ἐκείνων.
269 519 345 556 Οὐκ
363 521 397 556 ἐν
411 519 668 570 χειροποιήτοις
680 550 689 567 ,
710 521 811 570 φησὶ,
830 524 998 558 κατοικεῖ.
1019 521 1122 556 Οἷκεῖ

106 577 167 628 μὲν
183 578 250 629 γὰρ
271 581 304 616 ἐν
328 585 438 626 ναοῖς,
459 580 537 617 ἀλλ’
553 582 613 618 οὐκ
633 583 666 618 ἐν
693 581 878 628 τοιούτοις,
905 581 981 617 ἀλλ’
1003 582 1036 618 ἐν
1059 582 1123 616 ὄιν-

105 638 259 690 θρωπίνῃ
276 640 383 690 ψυχῇ
398 639 507 691 εΌρα,
519 640 582 687 τὴν
603 641 808 691 σωματικὴν
824 643 935 679 ἀνεῖλε
947 639 1121 691 λατρείαν.

105 699 151 736 Τί
176 693 250 746 οὖν,
271 702 308 736 οὐ
332 700 484 751 κατῴκει
502 703 536 738 ἐν
558 704 607 752 τῷ
623 705 695 753 ναῷ
716 704 765 753 τῷ
789 704 822 739 ἐν
842 699 1120 752 Ἱεροσολύμοις;

105 759 157 795 Οὐ
181 760 289 806 δῆτα,
316 761 392 797 ἀλλ’
423 760 569 812 ἐνήργει.
602 763 685 804 Πῶς
716 755 773 799 οὖν
807 759 1030 811 ἐθεραπεύετο
1057 758 1123 795 ὑπὸ

103 822 230 869 χειρῶν
254 819 443 869 ἀνθρώπων
465 821 561 872 παρὰ
582 820 777 867 Ἰουδαίοις
797 822 877 871 Οὐχ
895 818 962 856 ὑπὸ
980 821 1121 869 χειρῶν,

104 880 180 916 ἀλλ’
209 880 276 917 ὑπο
299 880 466 927 δικιοιας,
489 881 563 919 ἐπει
583 881 697 918 ἐκεῖνοί
721 897 760 932 γε
779 882 840 917 οὐκ
859 879 972 924 ἐζητει
994 877 1122 924 οὕτως,

103 955 150 981 υς
190 940 450 990 προσδεόμενος.
487 940 548 1012 llll]
591 941 746 992 φάγοααι
781 939 866 990 γὰρ,
905 937 1006 988 φησὶ,
1036 937 1121 989 κρέα

103 999 248 1051 ταύρων,
272 999 293 1044 ἢ
322 1003 408 1049 αἱαα
431 999 568 1051 τράγων
597 1000 747 1050 πίου.αι;
774 992 862 1036 Εἶτα
883 997 1003 1044 εἰπὼν,
1030 996 1121 1035 Οὐδὲ

102 1059 169 1095 ὑπὸ
188 1074 228 1109 χε
234 1074 313 1110 ιρων
334 1058 522 1110 ἀνθρωπων
544 1059 787 1110 θεραπεύεται,
803 1056 1052 1110 προσδεόμενός
1070 1072 1122 1093 τι-

102 1134 156 1160 νος
169 1134 176 1140 ·
197 1118 271 1155 ἐπεὶ
295 1118 369 1155 οὐδὲ
389 1122 488 1156 τοῦτο
507 1118 628 1171 ἤρκει,
647 1119 687 1156 τὸ
705 1118 849 1168 μηδενὸς
867 1118 1019 1163 δεῖσθαι,
1035 1115 1119 1167 ὅπερ

101 1177 323 1228 ἀπεφήνατο·
344 1181 431 1215 θεῖον
459 1178 521 1228 μὲν
553 1178 621 1230 γὰρ
640 1178 700 1216 καὶ
725 1181 849 1225 τοῦτο,
879 1175 969 1214 ἀλλὰ
990 1177 1039 1213 δεῖ
1061 1176 1121 1214 καὶ

102 1236 215 1287 ἕτερον
243 1243 440 1287 προσεῖναι·
473 1238 622 1289 ἱιἐποὶγει
656 1239 715 1285 τὸ,
744 1238 854 1282 Αὐτὸς
888 1235 1000 1280 διδοὺς
1033 1243 1121 1274 πᾶσι

1148 706 1170 734 Β

102 1295 191 1342 ζωὴν
213 1296 271 1334 καὶ
288 1296 408 1344 πνοὴν,
425 1298 484 1335 καὶ
501 1298 544 1336 τὰ
565 1298 690 1337 πάντα.
713 1297 784 1336 Δύο
808 1298 983 1350 τεκμήρια
1002 1296 1122 1344 θεότη·
1145 1301 1168 1331 C

101 1373 157 1400 τος
177 1357 351 1404 δείκνυσι,
369 1358 408 1395 τὸ
425 1359 526 1396 αὐτόν
549 1375 586 1397 τε
603 1359 747 1410 μηδενὸς
773 1360 924 1405 δεῖσθαι,
946 1357 1006 1396 καὶ
1034 1364 1121 1396 πᾶσι

102 1419 215 1455 πάντα
241 1418 421 1471 παρέχειν.
459 1420 607 1472 Πάραγε
636 1421 783 1457 ἐνταῦθα
819 1419 883 1457 ὅσα
915 1418 996 1472 περὶ
1030 1420 1122 1456 Θεοῦ

102 1479 253 1516 Πλάτων
272 1479 531 1531 ἐφιλοσόφησεν,
546 1480 610 1519 ὅσα
625 1479 844 1532 Ἐπίκουρος,
864 1479 923 1517 καὶ
942 1479 986 1517 τὰ
1006 1480 1121 1517 πάντα

101 1539 205 1591 λῆρος
232 1540 315 1590 πρὸς
341 1544 462 1578 ταῦτα.
485 1540 626 1589 Διδοὺς,
648 1541 750 1593 φησὶ,
781 1539 871 1587 ζωὴν
904 1539 964 1578 καὶ
994 1539 1117 1586 πνοήν.

101 1599 191 1637 Ἰδοὺ
208 1600 268 1638 καὶ
290 1604 350 1646 τῆς
371 1603 485 1653 ψυχῆς
505 1602 714 1653 δημιουργὸν
735 1601 834 1639 αὐτὸν
860 1606 972 1647 ποιεῖ,
990 1603 1027 1638 οὐ
1045 1616 1121 1652 γεν-

100 1659 240 1713 νήτορα.
260 1659 354 1712 (Όρα
369 1662 474 1699 πάλιν
493 1665 567 1704 πῶς
591 1665 749 1713 καθαιρεῖ
769 1662 826 1699 τὸν
849 1661 928 1714 περὶ
949 1663 1011 1705 τῆς
1036 1660 1121 1706 ὕλης

100 1721 213 1770 λόγον,
230 1720 399 1768 Ἔποίησέ
415 1738 451 1760 τε
464 1751 473 1768 ,
495 1722 614 1770 εἰπὼν,
632 1722 665 1767 ἐξ
685 1723 756 1766 ἑνὸς
774 1722 920 1772 αἵματος
940 1728 1008 1759 πᾶν
1027 1721 1120 1765 ἔθνος

100 1780 290 1831 ἀνθρώπων
317 1788 493 1821 κατοικεῖν
513 1783 571 1820 ἐπὶ
591 1789 660 1821 πᾶν
690 1783 729 1820 τὸ
747 1782 932 1834 πρόσωπον
961 1785 1023 1828 τ’ῆς
1042 1784 1118 1832 γῆς.

101 1842 223 1879 Ταῦτα
244 1842 370 1892 βελτίω
388 1843 537 1891 ἐκείνων,
556 1843 616 1881 καὶ
632 1843 825 1895 κατηγορία
840 1846 908 1880 τῶν
927 1859 963 1880 τε
981 1841 1120 1893 ἀτόμων

102 1902 159 1940 καὶ
180 1906 242 1948 τῆς
261 1902 355 1950 ὕλης.
383 1904 556 1942 Ἐνταῦθα
575 1903 759 1952 δείκνυσιν,
778 1903 832 1942 ὅτι
848 1903 934 1941 Ῑόὐκ
954 1902 1027 1941 ἔστι
1055 1918 1119 1953 με·

104 1962 194 2015 ρικὴ,
222 1963 297 2001 οὐδὲ
322 1967 344 2010 ἡ
364 1964 460 2016 ψυχὴ
489 1968 549 2002 τοῦ
581 1964 775 2017 ἀνθρώπου.
798 1965 914 2016 ΓΌπερ
942 1964 976 2001 δὲ
997 1963 1120 2002 ἐκεῖνοί

101 2039 217 2075 φασιν,
238 2025 298 2062 οὐκ
317 2024 391 2062 ἔστι
406 2029 506 2063 τοῦτο
525 2026 731 2077 δημιουργὸν
749 2019 847 2064 εἶναι.
869 2024 990 2077 Λέγων
1011 2025 1046 2064 δὲ
1069 2026 1118 2076 μὴ

101 2084 168 2122 ὑπὸ
191 2089 317 2137 χειρῶν
346 2085 537 2138 ἀνθρώπων
568 2087 818 2138 θεραπεύεσθαι
847 2087 903 2125 τὸν
934 2087 1038 2134 Θεὸν,
1064 2089 1120 2124 αἷ-

101 2144 266 2192 νίττεται,
287 2147 339 2183 ὅτι
360 2146 491 2198 διανοίᾳ
507 2146 566 2184 καὶ
585 2150 633 2199 νῷ
657 2147 896 2199 θεραπεύεται.
912 2142 1036 2193 Οῧτος,
1055 2163 1120 2199 φη-

102 2205 168 2253 σὶν,
187 2208 332 2257 οὐρανοῦ
351 2206 410 2244 καὶ
430 2209 493 2258 γῆς
516 2206 655 2258 Κύριος.
680 2209 813 2246 Οὐκοῦν
836 2210 900 2259 οὐχ
925 2209 956 2245 οἱ
982 2207 1118 2258 μερικοὶ

101 2265 272 2316 δαίμονες.
290 2266 333 2305 Ὁ
350 2267 438 2309 Θεὸς
458 2271 475 2305 ὁ
492 2267 641 2313 ποιήσας
661 2268 718 2306 τὸν
746 2268 889 2318 κόσμον,
918 2268 977 2306 καὶ
1004 2268 1120 2307 πάντα

99 2325 144 2364 τὰ
173 2329 206 2364 ἐν
236 2328 340 2379 αὐτῷ.
358 2329 441 2370 Πῶς
461 2328 601 2380 οὐρανὸς
628 2327 766 2379 γέγονε,
793 2328 960 2381 πρότερον
990 2329 1119 2375 δείξας,

99 2385 178 2423 τότε
199 2387 419 2439 ἀπεφήνατο,
440 2388 492 2425 ὅτι
517 2390 580 2426 οὐκ
603 2391 636 2426 ἐν
663 2389 920 2441 χειροποιήτοις
946 2396 1119 2437 κατοικεῖ,

101 2446 181 2485 ὡσεὶ
202 2447 317 2497 ἔλεγεν
333 2464 341 2471 ·
363 2451 393 2486 εἶ
410 2448 498 2492 Θεὸς
513 2479 522 2497 ,
539 2448 655 2487 πάντα
677 2450 819 2497 ἐποίησε
838 2451 996 2497 δηλόνοτι
1009 2466 1016 2474 ·
1035 2451 1065 2487 εἷ
1086 2450 1120 2488 δὲ

102 2506 150 2556 μὴ
170 2508 344 2555 ἐποίησεν,
370 2511 407 2546 οὐ
430 2509 530 2553 Θεός.
549 2510 634 2548 Θεοὶ
647 2539 657 2558 ,
688 2510 719 2547 οἳ
736 2511 793 2549 τὸν
814 2512 958 2561 οὐρανὸν
979 2511 1038 2549 καὶ
1056 2510 1120 2557 τὴν

100 2570 178 2618 γῆν,
197 2569 313 2620 φησὶν,
332 2571 394 2607 οὐκ
413 2569 592 2618 ἐποίησαν,
612 2570 871 2610 ἀπολέσθωσαν.
892 2573 1021 2624 Πολλῷ
1046 2572 1121 2622 μεί-

103 2631 181 2672 ζονα
204 2629 343 2667 ἐκείνων
364 2630 522 2681 δόγματα
543 2631 672 2682 εἰσάγει
692 2632 824 2683 (καίτοι
843 2632 978 2670 οὐδέπω
998 2633 1043 2670 τὰ
1063 2649 1121 2683 με·
1143 2629 1167 2658 Ε

102 2689 192 2739 γάλα
213 2683 323 2728 εἶπεν·
345 2692 441 2729 οὔπω
463 2690 529 2743 γὰρ
559 2692 693 2745 καιρός·
729 2694 804 2731 ἀλλ’
837 2695 883 2737 ὡς
917 2693 1018 2732 παισὶ
1049 2695 1120 2731 διε-

101 2748 258 2800 λέγετο),

104 2809 186 2853 δεές.

284 2750 346 2798 τὴν
374 2752 614 2805 δημιουργίαν,
641 2752 704 2800 τὴν
733 2753 943 2807 κυριότητα,
963 2754 1002 2792 τὸ
1023 2757 1120 2793 ἀνεν-

156 3059 314 3097 Εἰπὼν
296 3060 331 3097 οὲ
343 3088 352 3106 ,
372 3062 424 3098 ὅτι
442 3070 510 3101 πᾶν
530 3064 622 3108 ἔθνος
639 3065 827 3117 ἀνθρώπων
855 3066 888 3110 ἐξ
912 3070 945 3105 ἓν
950 3067 984 3105 ὸρ
1011 3068 1075 3118 αἵμ
1056 3084 1117 3105 ].-α

102 3135 157 3162 τος
176 3119 315 3166 ἐποίησε
328 3150 338 3168 ,
354 3121 393 3159 τὸ
415 3123 553 3162 πάντων
572 3124 679 3164 αἴτιον
699 3129 768 3164 τῶν
789 3129 927 3178 ἀγαθῶν
948 3128 1116 3174 ἐδήλωσε.

971 3098 984 3111 «Ι

148 3257 160 3272 ·
183 3253 274 3290 &mi-l:
277 3263 284 3282 ι
301 3255 334 3283 τὸ
350 3248 463 3282 deest·
456 3262 489 3283 in
505 3263 581 3284 uno.

148 3300 163 3323 ¹
188 3302 246 3331 037.
273 3304 332 3333 ἐτη
357 3314 395 3340 μς
397 3316 482 3345 οικη,
500 3309 563 3334 etc
582 3302 769 3338 Obscurum
796 3318 930 3348 prorsus
956 3306 1103 3349 dictum,

103 3349 193 3390 quod
217 3360 283 3380 non
304 3348 433 3382 uidetur
447 3352 490 3383 ad
511 3365 580 3385 rem
595 3364 789 3396 praesentem
807 3360 981 3399 pertinere.
1006 3360 1106 3391 Putat

104 3402 142 3431 u·
147 3400 252 3433 des-ius
269 3401 355 3443 apud
382 3403 413 3434 S
416 3404 537 3438 uilium
559 3405 690 3440 aliunde
708 3407 880 3442 inductum
898 3410 1006 3443 fuisse.
1025 3410 1105 3446 Cre-

1244 257 1400 287 1103111„
2086 243 2109 284 ’ὅ
2123 259 2169 286 21

1441 259 1636 289 xxxvm.

1195 350 1263 374 non
1284 352 1367 375 vero
1399 339 1492 376 sicut
1523 339 1576 376 illi
1605 338 1792 386 dicebant,
1814 337 1925 374 alium
1945 335 2178 380 conditorem,

1195 411 1258 435 nec
1274 397 1459 436 dominum
1477 414 1564 448 (sje,
1580 399 1765 437 materiam
1781 412 1850 436 non
1867 399 1996 435 factam
2011 411 2083 435 esse
2094 411 2180 448 sup-

1196 468 1373 510 ponentes.
1387 460 1453 497 Hic
1472 460 1616 498 demum
1638 459 1859 511 aenigmatice
1874 458 1972 509 quod
1992 472 2096 496 suum
2115 466 2179 505 cst,

1196 519 1284 557 dicit
1304 529 1337 557 et
1358 520 1496 571 firmat,
1517 521 1610 571 quod
1642 535 1727 559 vero
1759 521 1903 557 illorum
1937 528 2008 567 est,
2031 527 2174 569 purgat.

1196 580 1287 616 ,Non
1320 583 1360 617 in
1387 583 1638 633 manufactis,
1673 581 1803 630 inquit,
1836 581 2000 617 habitat.
2031 577 2179 614 Habitat

1198 639 1341 689 quidem
1364 641 1399 678 in
1418 642 1571 692 templis,
1592 651 1627 678 at
1645 655 1713 678 non
1745 642 1780 678 in
1804 641 1950 687 talibus,
1968 638 2028 676 sed
2049 639 2084 676 in
2102 638 2177 676 ani-

1197 713 1254 736 ma
1284 700 1449 738 humana.
1483 701 1577 740 Vide
1607 701 1826 751 corporalem
1856 700 1999 737 sustulit
2027 699 2175 736 cultum.

1197 759 1295 804 Quid
1314 761 1423 810 crgo?
1442 775 1557 798 annon
1582 761 1765 797 habitabat
1789 760 1823 796 in
1843 761 1974 811 templo
1994 760 2178 810 Jerosoly-

1197 820 1366 856 morum?
1385 821 1416 857 N
1422 834 1465 857 on
1494 820 1633 869 utiquc,
1653 820 1715 856 sed.
1736 820 1961 870 operabatur.
1991 820 2179 865 Quomodo

1196 891 1278 928 ergo
1310 879 1490 915 colebatur
1508 878 1673 915 manibus
1690 879 1857 915 humanis
1887 879 1984 929 apud
2009 879 2178 917 Judaeosss’

1196 939 1274 976 Non
1305 939 1490 985 manibus,
1519 939 1582 976 sed
1618 939 1796 975 mentibus
1815 952 1921 975 :nam
1942 939 2005 975 illa
2031 953 2100 976 non
2128 940 2180 976 sic

1196 999 1375 1047 quaerebat
1390 999 1491 1048 quasi
1510 999 1552 1036 iis
1572 1013 1661 1050 opus
1673 999 1818 1036 haberet
1834 1015 1841 1034 :
1855 1000 2056 1051 ,Numquid
2070 1013 2178 1036 man-
2194 1010 2280 1038 Psal.
2293 1010 2344 1050 [19-

1562 1073 1699 1097 carnes
1734 1068 1948 1106 taurorum,
1983 1067 2051 1096 aut
2082 1073 2177 1096 san-
2198 1059 2204 1076 ¹

1193 1059 1356 1105 dzccaho,
1392 1059 1531 1109 inquit,

1190 1121 1344 1169 guinem
1380 1121 1575 1157 hircorum
1612 1122 1753 1172 potabo
1773 1124 1789 1156 Ρ
1820 1119 1958 1157 Deinde
1996 1134 2077 1157 cum
2116 1120 2177 1158 di-

1193 1179 1301 1217 xisset
1319 1195 1327 1217 τ
1347 1182 1481 1233 Neque
1511 1183 1691 1218 manibus
1722 1182 1903 1218 humanis
1933 1182 2087 1227 colitur,
2120 1184 2178 1218 in-

1192 1240 1325 1291 digens
1353 1242 1513 1293 aliquo,
1536 1241 1621 1292 quia
1651 1241 1720 1279 hoc
1751 1255 1821 1278 non
1848 1241 1932 1278 satis
1963 1250 2051 1291 erat,
2080 1241 2179 1279 nullo

1193 1314 1310 1352 egere,
1342 1311 1381 1339 ut
1412 1302 1577 1352 dixerat5
1600 1316 1685 1340 nam
1715 1301 1879 1340 divinum
1907 1302 2051 1352 quidem
2085 1302 2178 1340 illud

1192 1371 1264 1411 est,
1292 1362 1355 1400 sed
1391 1364 1493 1402 aliud
1533 1364 1745 1414 requiritur:
1772 1362 1895 1415 adjicit
1919 1366 2035 1414 :Ipse
2074 1365 2173 1402 dans

1194 1425 1368 1460 omnibus
1405 1426 1532 1461 ‘vitam
1563 1432 1600 1461 et
1630 1426 1806 1475 spiritum
1838 1432 1875 1460 et
1909 1426 2051 1462 omnia.
2095 1425 2177 1461 Duo

1194 1483 1394 1522 divinitatis
1423 1484 1555 1522 indicia
1585 1485 1744 1534 exhibet,
1768 1483 1866 1534 qnod
1888 1484 1986 1521 nullo
2008 1483 2177 1535 indigeat,

1194 1554 1228 1583 et
1258 1545 1355 1595 quod
1390 1546 1556 1583 omnibus
1592 1545 1711 1583 omnia
1748 1545 1915 1597 praebeat.
1952 1545 2031 1582 Huc
2062 1545 2178 1582 confer

1193 1607 1311 1643 omnia
1330 1620 1408 1657 quae
1426 1606 1472 1644 de
1489 1609 1568 1646 Deo
1588 1606 1689 1644 Plato
1714 1605 1987 1657 philosophatus
2007 1615 2077 1653 est,
2099 1619 2177 1656 quae

1194 1666 1385 1718 Epicurus,
1395 1676 1429 1705 et
1442 1667 1519 1704 haec
1535 1666 1652 1705 omnia
1663 1666 1736 1704 illis
1751 1675 1954 1718 comparata
1970 1679 2072 1717 nugae
2083 1674 2176 1704 sunt.

1193 1727 1322 1773 Dans,
1344 1727 1475 1777 inquit,
1508 1729 1633 1764 vitam
1656 1735 1692 1764 et
1710 1729 1899 1777 spiritum.
1933 1725 2025 1762 Ecce
2049 1725 2177 1762 animae

1194 1802 1333 1839 quoqne
1363 1788 1482 1840 ipsum
1513 1796 1705 1825 creatorem
1734 1787 1833 1836 facit,
1868 1800 1937 1823 non
1969 1785 2175 1836 genitorem.

1192 1849 1289 1888 Vide
1307 1864 1450 1887 rursum
1463 1849 1640 1900 quomodo
1656 1848 1813 1886 destruat
1828 1861 2029 1885 sermonem
2045 1846 2090 1884 de
2103 1861 2178 1884 ma-

1191 1913 1278 1948 teria
1300 1927 1307 1947 :
1325 1914 1525 1963 Fecitque,
1547 1910 1675 1961 inquit,
1696 1924 1743 1947 ex
1764 1923 1840 1946 uno
1856 1911 2046 1960 sanguine
2067 1922 2178 1945 omne

1191 1986 1310 2024 genus
1325 1974 1536 2017 hominum,
1551 1973 1730 2008 habitare
1743 1984 1856 2021 super
1867 1983 2017 2006 omnem
2021 1970 2177 2021 faciem

1194 2043 1314 2072 terrae.
1332 2034 1416 2071 Haec
1437 2033 1582 2071 meliora
1603 2032 1686 2081 illis,
1701 2041 1734 2069 et
1752 2032 1934 2070 confutant
1952 2040 2087 2069 atomos
2103 2045 2177 2068 ma-

1193 2095 1398 2144 teriamque.
1418 2094 1485 2132 Hic
1509 2093 1662 2130 ostendit
1680 2106 1750 2130 non
1779 2106 1851 2129 esse
1877 2092 2046 2143 partitam
2064 2105 2178 2141 neque

1193 2154 1349 2192 hominis
1368 2153 1535 2190 animam.
1557 2152 1662 2198 Quod
1682 2165 1767 2189 vero
1788 2151 1843 2188 illi
1865 2151 2001 2199 dicunt,
2020 2151 2088 2188 hoc
2108 2165 2176 2188 non

1193 2224 1333 2253 estesse
1356 2214 1587 2252 conditorem.
1610 2215 1701 2251 Cum
1718 2213 1807 2250 dicit
1831 2221 1949 2250 autem
1970 2226 2039 2249 non
2059 2211 2174 2248 mani-

1192 2276 1260 2314 bus
1279 2275 1445 2313 humanis
1461 2274 1529 2312 coli
1545 2276 1661 2312 Deum
1676 2303 1685 2321 ,
1716 2273 1919 2310 subindicat
1939 2273 2043 2311 illum
2059 2273 2178 2309 animo

1193 2346 1226 2375 et
1243 2345 1359 2374 mente
1378 2335 1459 2374 coli.
1473 2337 1562 2383 Hic,
1583 2333 1710 2384 inquit,
1725 2334 1812 2371 caeli
1833 2341 1869 2370 et
1898 2342 2008 2370 181⁷·oe
2027 2346 2114 2370 cum
2130 2335 2178 2370 sit

1194 2400 1398 2436 Dominus.
1416 2397 1496 2433 Non
1523 2408 1606 2446 ergo
1633 2393 1811 2431 daemones
1841 2392 1987 2443 quidem
2018 2392 2179 2444 peculia—

1192 2473 1258 2497 res.
1282 2460 1388 2496 Deus
1421 2459 1488 2508 qui
1506 2457 1612 2508 fecit
1638 2455 1838 2501 mundum,
1862 2461 1899 2491 et
1932 2456 2065 2490 omnia
2091 2466 2178 2504 quoe

1195 2523 1238 2557 in
1271 2520 1341 2557 illo
1375 2526 1477 2557 sunt.
1507 2518 1600 2554 Cum
1629 2515 1730 2567 prins
1760 2514 1968 2552 ostendisset
2000 2514 2178 2565 quomodo

1194 2580 1350 2618 mundus
1376 2579 1422 2616 sit
1442 2579 1574 2626 factus,
1595 2585 1680 2613 tunc
1694 2575 1902 2623 declaravit,
1921 2574 2018 2625 quod
2038 2588 2108 2612 non
2142 2575 2177 2612 in

1194 2640 1404 2679 manufactis
1421 2639 1630 2685 hal)itet3ac
1654 2637 1683 2673 si
1697 2635 1830 2673 diceret
1845 2651 1852 2671 :
1872 2635 1912 2673 Si
1928 2636 2023 2672 Deus
2035 2665 2045 2682 ,
2060 2635 2178 2672 omnia

1193 2704 1315 2754 utiquc
1333 2701 1435 2750 fecit,
1458 2700 1487 2737 si
1510 2712 1579 2736 non
1608 2697 1703 2745 fecit,
1727 2710 1796 2734 non
1815 2698 1923 2733 Dens.
1943 2697 2026 2738 Dii,
2049 2695 2182 2746 inquit,

1193 2766 1259 2815 qui
1289 2762 1425 2800 coelum
1454 2769 1489 2798 et
1515 2768 1657 2797 terram
1688 2771 1766 2794 non
1791 2758 1980 2808 fecerunt,
2000 2766 2174 2807 pereant.

1192 2823 1310 2862 Multo
1328 2822 1474 2874 majora,
1486 2834 1593 2870 quam
1611 2818 1677 2867 illi,
1687 2817 1853 2868 dogmata
1868 2816 2007 2853 inducit
2018 2817 2179 2864 (tametsi

1192 2884 1350 2922 nondum
1363 2896 1491 2933 magna
1511 2880 1622 2928 dixit3
1640 2878 1798 2917 nondum
1813 2879 1907 2915 enim
1920 2887 2060 2929 teinpus
2079 2887 2175 2925 erat;

1192 2944 1253 2982 sed
1271 2943 1372 2995 quasi
1390 2942 1510 2995 pueris
1536 2940 1783 2990 loquebatur),
1807 2938 2033 2987 creationem,
2065 2938 2181 2975 domi-

1191 3006 1380 3055 nationem,
1395 3001 1728 3053 non-indigentiam.

1241 3068 1277 3105 5.
1298 3067 1389 3103 Cum
1417 3064 1568 3101 dixisset
1590 3071 1707 3099 autem
1726 3061 1830 3097 illum
1850 3074 1894 3098 ex
1916 3074 1986 3097 uno
2007 3059 2178 3111 sanguine

1189 3141 1293 3166 omne
1307 3140 1417 3178 genus
1429 3125 1618 3163 hominum
1633 3122 1766 3172 fecisse,
1783 3121 1943 3158 omnium
1958 3118 2101 3159 cansam
2114 3120 2178 3157 bo-

1171 3257 1283 3289 derem
1309 3257 1419 3299 potius
1440 3255 1552 3289 locum
1578 3264 1646 3286 csse
1663 3251 1712 3284 rel
1732 3251 1883 3283 mutilum
1903 3251 1951 3283 rel
1969 3260 2177 3295 corruptum=

1170 3307 1222 3353 [A.
1235 3309 1378 3342 B.C.r.2'z
1391 3315 1467 3345 πόση
1484 3311 1648 3350 κατήγορει
1668 3330 1689 3337 ..
1706 3312 1756 3341 τῆς
1770 3307 1854 3345 ὕλης,
1871 3309 1915 3337 ἔτι
1929 3309 1977 3337 οὐκ
1994 3309 2054 3338 ἔστι
2070 3313 2177 3350 stipari,

1171 3365 1235 3395 0531:
1257 3367 1344 3404 ψυχη.
1361 3358 1452 3393 Nihil
1467 3357 1602 3390 obscuri
1620 3355 1667 3390 vel
1686 3356 1834 3398 corrupti
1853 3356 1925 3388 loco
1942 3354 2054 3398 inest]

2201 3345 2216 3354 v
