2466 3805
675 297 715 325 ΙΝ
756 296 869 326 ACTA
907 292 1256 326 APOSTOLORUM.
1298 294 1460 324 HOMIL.
1497 292 1574 323 XV.

71 380 247 419 Δεσπότου
264 378 477 430 παθήματα·
513 378 666 429 μίμησαί
698 394 758 417 σου
778 380 835 418 τὸν
865 379 1086 417 διδάσκαλον.

71 441 162 480 “Ore
182 440 325 490 ἔμελλον
354 439 414 476 καὶ
434 438 529 477 αὖτοὶ
551 440 803 489 ἀτιμάζεσθαι,
825 442 886 478 οὐκ
906 433 1011 486 εἷπεν,
1039 438 1091 476 ὅτι

70 501 260 547 ἐκδικήσω·
276 499 365 538 ἀλλὰ
379 499 431 547 τί,
459 498 548 550 Ἐμὲ
579 500 732 548 ἐδίωξαν,
752 501 811 539 καὶ
833 503 923 551 ὑμᾶς
950 499 1094 543 διώξου-

71 578 137 600 σιν.
162 563 295 600 Οὐκοῦν
314 561 434 612 φέρετε
452 560 634 612 γενναίως·
656 563 692 599 οὐ
722 561 788 614 γὰρ
819 563 903 612 ἐμοῦ
941 560 1094 611 βελτίους

71 624 180 673 ὑμεῖς.
205 623 329 660 Ταῦτα
360 621 418 659 καὶ
443 620 484 659 σὺ
517 621 603 674 πρὸς
632 621 688 660 τὸν
720 622 791 659 υἱὸν
821 621 880 659 καὶ
909 621 968 658 τὸν
985 621 1095 658 παῖδα

71 682 166 721 εἶπέ·
186 683 246 721 οὐκ
271 676 302 719 εἷ
321 687 380 720 τοῦ
396 682 574 720 Δεσπότου
592 697 652 720 σου
681 683 837 733 βελτίων.
858 680 963 719 Ἀλλὰ
982 680 1095 732 χήρας

72 736 273 781 εἶναιδοκεῖ
300 742 345 780 τὰ
378 742 520 794 ῥήματα
550 745 613 788 τῆς
643 741 855 794 φιλοσοφίας.
884 741 1013 790 Οἴμοι,
1042 740 1095 777 ὅτι

72 802 165 855 λόγῳ
187 805 412 854 παραστῆσαι
439 803 503 840 οὐκ
534 802 604 850 ἔνι,
623 805 670 845 ὡς
698 803 764 840 ὑπὸ
789 805 851 848 τῆς
881 800 1003 852 πείρας
1035 801 1097 836 αὐ-

73 866 136 909 τῆς
164 864 369 915 διδαχθῆναι
390 863 511 900 ἔνεστι.
533 862 603 900 Καὶ
626 861 682 900 ἵνα
706 861 839 913 μάθῃς,
859 863 893 898 ἐν
921 859 1016 911 μέσῳ
1038 859 1096 897 δύο

75 924 183 967 ἑστὼς
204 922 485 975 διαμαχομένων,
503 926 602 973 γενοῦ
628 926 691 968 τῆς
711 922 846 974 μερίδος
865 923 932 958 τῶν
953 921 1096 957 ἀδικου-
1122 934 1146 963 Β

77 985 202 1035 μένων,
231 984 290 1022 καὶ
324 983 372 1034 μὴ
410 985 477 1020 τῶν
498 981 717 1026 ἀδικούντων,
747 981 787 1018 ἂν
819 980 867 1030 μὴ
895 979 992 1033 παρὰ
1016 995 1099 1018 σαυ-

70 1049 120 1098 τῷ
136 1046 179 1084 τὰ
194 1045 378 1097 νικητήρια
406 1043 501 1094 ἴδῃς,
533 1041 573 1079 ἂν
601 1041 649 1092 μὴ
676 1040 859 1092 λαμπροὺς
885 1040 996 1092 λάὸῃς
1020 1056 1096 1078 στε-

71 1107 207 1159 φάνους.
223 1105 336 1158 “Ὀρα,
358 1106 432 1146 πῶς
456 1102 632 1154 ὑδρίζεται
652 1105 669 1140 ὃ
695 1103 806 1149 Θεὸς,
832 1102 892 1139 καὶ
913 1104 987 1145 πῶς
1010 1102 1096 1139 ἀπο-

73 1166 227 1218 κρίνεται
276 1163 397 1214 πράως
437 1163 496 1200 καὶ
535 1161 687 1213 ἡμέρως.
726 1163 802 1200 Ποῦ
839 1164 931 1208 ἐστι,
969 1161 1095 1214 φησὶν,

70 1225 176 1263 Ἄὸελ
195 1228 212 1262 ὁ
235 1223 380 1275 ἀδελφός
399 1239 478 1271 σου,
498 1223 568 1261 Καὶ
587 1223 622 1260 τί
640 1225 787 1270 ἐκεῖνος;
815 1222 876 1270 Μὴ
899 1222 1007 1276 φύλαξ
1027 1221 1095 1275 ἐγώ

70 1288 144 1336 εἰμι
162 1288 222 1323 τοῦ
246 1286 393 1335 ἀδελφοῦ
415 1298 503 1335 μου;
522 1283 569 1322 Τί
599 1283 844 1336 αὐθαδέστερον
859 1283 981 1322 τούτου
998 1300 1006 1330 ;
1030 1284 1093 1321 κᾶν

75 1345 174 1398 παρά
191 1361 230 1396 γε
248 1347 321 1382 υἱοῦ
342 1344 487 1390 ἤκουσεν
507 1344 547 1382 ἄν
566 1359 640 1391 τις;
672 1347 700 1382 εἷ
719 1344 786 1396 γὰρ
813 1344 911 1396 παρὰ
929 1345 1094 1397 ἀδελφοῦ,

71 1407 136 1458 οὐχ
148 1405 246 1458 ὔὸριν
266 1404 306 1442 ἂν
319 1405 475 1458 ἡγήσατο
498 1405 536 1443 τὸ
555 1411 720 1458 πρᾶγμα;
742 1405 833 1443 Ἀλλ’
850 1408 867 1443 ὃ
882 1406 971 1448 Θεὸς
989 1406 1093 1443 πάλιν

73 1467 213 1519 ἡμέρως
228 1465 471 1519 ἀποκρίνεται·
488 1465 598 1513 Φωνὴ
615 1466 761 1517 αἵματος
778 1471 837 1505 τοῦ
850 1468 996 1519 ἀδελφοῦ
1017 1482 1094 1513 σου,

70 1528 174 1580 φησὶ,
195 1530 259 1578 βοᾷ
279 1526 364 1578 πρός
388 1542 442 1577 με.
465 1528 554 1565 Ἀλλ’
578 1531 596 1565 ὁ
614 1528 703 1570 Θεὸς
731 1527 902 1580 ἀνώτερός
921 1529 1013 1566 ἐστιν
1033 1529 1096 1581 ὄρ-

69 1591 134 1641 γῆς
145 1619 154 1636 ,
168 1588 285 1640 φησίν.
305 1586 410 1625 Ἀλλὰ
427 1590 445 1624 δ
450 1587 483 1625 ιὰ
496 1591 597 1626 τοῦτο
609 1591 779 1634 κατ-ἦλθεν
795 1592 880 1627 ὃτοῦ
896 1591 987 1628 Θεοῦ
1000 1588 1096 1637 Υἱὸς,

72 1649 128 1688 ἵνα
157 1666 196 1688 σε
224 1648 298 1687 θεὸν
331 1649 461 1700 ποιήσῃ
495 1648 585 1686 κατὰ
613 1648 756 1700 δύναμιν
778 1650 841 1698 τὴν
861 1649 1095 1701 ἀνθρωπίνην.

73 1712 164 1750 Ἀλλ’
190 1712 228 1748 οὐ
246 1709 416 1760 δύναμαι,
434 1709 554 1762 φησὶν,
575 1709 754 1762 ἄνθρωπος
774 1710 833 1748 ὤν.
859 1712 995 1749 Οὐκοῦν
1016 1711 1096 1764 φέρε

75 1771 274 1823 ἀνθρώπους
310 1786 362 1809 σοι
392 1770 665 1823 παραγάγωμεν.
699 1771 770 1810 Καὶ
807 1772 855 1823 μή
887 1787 929 1822 με
953 1772 1098 1824 νομίσῃς

74 1833 214 1870 Παῦλον
244 1834 331 1883 ἐρεῖν
353 1830 442 1881 μηδὲ
461 1830 607 1882 Πέτρον,
632 1832 723 1870 ἀλλά
749 1848 844 1876 τινας
862 1836 930 1870 τῶν
950 1832 1096 1870 ἐλαττό-

74 1908 140 1931 νων
170 1891 230 1930 καὶ
265 1892 397 1944 σφόδρα
419 1891 620 1944 κατωτέρω.
641 1893 693 1931 Τὸ
717 1892 899 1945 παιδάριον
914 1893 1015 1931 Ἠλεὶ
1033 1893 1096 1940 τὴν

73 1953 196 1992 Ἄνναν
223 1953 365 2005 ὕὸρισε,
394 1952 514 2003 λέγον·
552 1954 722 2004 Περιελοῦ
747 1955 803 1992 τὸν
833 1949 921 1993 οἶνόν
952 1971 1022 1994 σου.
1050 1954 1098 1992 Τί

74 2014 194 2053 τούτου
231 2012 549 2065 ὒέριστικώτερον,
584 2014 631 2051 Τί
663 2008 720 2052 οῦν
759 2015 899 2063 ἐκείνη,
937 2015 1029 2063 Γυνὴ
1061 2017 1098 2053 ἓν

75 2076 212 2126 σκληρᾷ
242 2073 359 2126 ἡμέρα
384 2072 452 2124 ἐγώ
483 2076 566 2123 εἰμι.
586 2073 695 2112 Οὐδὲν
716 2074 822 2119 ὄντως
841 2075 988 2128 θλίψεως
1006 2076 1096 2114 ἴσον·

76 2134 278 2186 φιλοσοφίας
307 2133 424 2185 μήτηρ
456 2133 559 2172 ἐστίν.
590 2133 635 2172 <H
655 2134 741 2181 αὐτὴ
770 2136 805 2173 δὲ
828 2136 914 2184 αὕτη
942 2136 1002 2175 καὶ
1034 2136 1097 2183 τὴν

77 2194 258 2241 ἀντίζηλον
288 2196 393 2238 αὐτῆς
427 2193 572 2245 ἔχουσα,
602 2197 665 2247 οὐχ
689 2195 827 2249 ὕέρισεν
859 2196 986 2244 αὐτήν·
1008 2196 1098 2234 ἀλλὰ

76 2255 127 2302 τί,
149 2255 243 2307 Πρὸς
276 2255 334 2292 τὸν
361 2255 451 2293 Θεὸν
476 2255 704 2307 καταφεύγει,
726 2256 785 2294 καὶ
818 2257 988 2309 εὐχομένη
1022 2257 1098 2296 οὐδὲ

80 2315 256 2366 μέμνηται
274 2315 397 2361 αὐτ-ἧς,
431 2314 506 2353 οὐδὲ
534 2314 648 2366 λέγει,
669 2316 787 2364 ἐπειδὴ
820 2318 974 2364 ὀνειδίζει
1005 2336 1048 2370 με
1076 2322 1098 2366 ἡ

78 2376 192 2423 δεῖνα,
214 2374 388 2425 ἐπάμυνόν
410 2391 468 2425 μοι
485 2390 492 2397 ·
513 2375 602 2413 οὕτω
622 2376 805 2429 φιλόσοφος
818 2372 859 2425 ἦν
875 2381 896 2425 ἡ
913 2378 998 2430 γυνή
1016 2381 1100 2428 (αἷ-

81 2439 282 2488 σχυνθῶμεν
308 2439 339 2475 οἱ
369 2435 527 2488 ἄνδρες)·
557 2437 671 2476 καίτοι
703 2438 794 2487 ἴστε,
815 2438 867 2478 ὅτι
892 2440 995 2488 ζήλου
1028 2440 1100 2480 ἴσον

78 2496 187 2535 οὐδέν.

135 2748 180 2787 ‘O
193 2747 342 2795 τελώνης
358 2749 530 2800 ὑὸρισθεὶς
544 2749 641 2802 παρὰ
656 2755 714 2789 τοῦ
730 2752 927 2805 Φαρισαίου
939 2783 949 2800 ,
969 2756 1031 2792 οὐκ
1048 2757 1104 2792 ἀν·

81 2810 242 2862 θύὸρισε,
269 2810 383 2848 καίτοι
411 2827 450 2861 γε
467 2813 495 2849 εἷ
511 2811 689 2857 {Come—20,
708 2813 878 2858 ἦδύνατο’
898 2815 987 2853 ἀλλὰ
1009 2818 1105 2868 φιλο-

80 2870 194 2922 σόφως
218 2871 341 2922 ἤνεγκε
367 2871 492 2923 λέγων,
509 2871 688 2918 Ἱλάσθητί
721 2889 780 2924 μοι
805 2878 853 2927 τῷ
887 2877 1102 2930 ἁμαρτωλῷ.

81 2931 126 2969 ‘O
146 2931 363 2982 Μεμφιὸάαλ
378 2932 445 2970 ὑπὸ
471 2936 530 2970 τοῦ
561 2931 680 2971 δούλου
701 2936 950 2987 κατηγορηθεὶς
968 2938 1027 2975 καὶ
1046 2954 1107 2976 συ-

82 2992 329 3042 κοφαντηθεὶς,
357 2992 451 3030 οὐδὲν
472 2991 549 3030 οὔτε
568 2986 675 3040 εἶπεν,
695 2993 773 3032 οὔτε
788 2995 956 3048 ὃέπραξεν
975 2999 1023 3042 εἷς
1045 3001 1106 3037 αὐ-

81 3050 138 3089 τόν
157 3067 191 3089 τι
212 3052 374 3103 πονηρὸν,
392 3052 466 3091 οὐδὲ
495 3053 552 3091 ἐπὶ
579 3057 638 3091 τοῦ
658 3054 828 3104 βασιλέως
845 3058 962 3095 αὐτοῦ.
983 3059 1106 3097 Βούλει

83 3111 140 3150 καὶ
155 3110 283 3164 πόρνης
302 3115 447 3151 ἀκοῦσαι
463 3113 681 3165 φιλοσοφίαν,
698 3113 861 3153 Ἄκουσον
878 3122 938 3155 τοῦ
950 3119 1108 3170 Χριστοῦ

126 3240 138 3255 a
155 3231 248 3263 Unus
261 3236 386 3276 ἔπραξέν
402 3247 431 3266 τι
447 3240 585 3278 πονηρὸν.
605 3232 664 3265 Ille
679 3244 791 3275 porro,
808 3246 906 3277 quem
930 3235 982 3268 hic
997 3246 1096 3270 vocat

82 3287 276 3327 Μεμφιὸάα),
292 3284 318 3315 is
335 3284 403 3326 ipse
418 3292 482 3327 est,
499 3286 555 3327 qui
571 3293 709 3318 vocatur
723 3285 947 3328 Miphiboseth
964 3288 998 3321 in
1014 3289 1094 3322 Vul-

82 3342 158 3377 gata
174 3341 205 3366 et
220 3339 411 3381 Μεμφιδοσθέ
429 3336 519 3379 apud
533 3338 625 3369 LXX
642 3338 859 3381 Interpretes.
878 3341 1007 3373 Dicitur
1032 3353 1093 3373 au-

86 3393 152 3418 tem
176 3385 371 3430 Meribbaal,
388 3387 410 3421 l.
430 3391 441 3420 1
470 3388 628 3432 Paralip„
646 3401 676 3422 c.
699 3391 736 3432 8,
755 3402 786 3423 v.
810 3391 864 3423 34.
887 3392 938 3423 Ex
962 3392 1092 3426 duobus

84 3444 194 3470 autem
218 3437 531 3473 nominibus‘unum
556 3439 682 3473 factum
707 3449 773 3481 est,
799 3443 846 3474 ita
872 3451 909 3476 ut
930 3459 1026 3491 μεμφι
1052 3457 1091 3478 ex

2073 273 2158 333 145

1169 375 1332 415 Christus
1354 386 1393 415 ut
1412 390 1478 430 pro
1504 377 1582 429 ipso
1603 375 1795 413 irascamur
1817 372 1925 422 (audi
1953 372 2048 409 enim
2070 371 2158 422 quid

1168 437 1272 474 Petro
1292 437 1387 476 dicat
1411 453 1418 474 :
1444 439 1632 476 Converte
1654 435 1831 488 gladium
1852 443 1961 472 tuam
1981 436 2025 470 in
2040 435 2159 484 vagi-
2175 447 2286 476 Mauh.
2309 447 2358 477 26,

1171 510 1262 534 nam
1264 502 1292 545 J
1305 514 1320 543 ,-
1340 507 1373 536 et
1392 507 1431 536 tu
1448 512 1512 550 pro
1531 497 1607 534 filio
1625 495 1814 534 irasceris?
1832 496 1929 533 Doce
1945 494 2064 532 filium
2080 493 2161 545 phi-
2174 489 2225 518 52·

1170 555 1376 610 Iosophari3
1408 573 1511 596 narra
1533 558 1587 595 illi
1617 557 1794 610 passiones
1814 555 1985 605 Domini3
2020 555 2162 593 imitare

1169 619 1386 670 Magistrum
1414 629 1528 657 tuum.
1561 617 1712 666 Quando
1746 617 1802 655 illi
1839 616 2071 669 ignominiam
2099 630 2160 654 ac-

1170 681 1306 731 cepturi
1338 690 1435 718 erant
1445 711 1456 730 ,
1485 695 1554 717 non
1585 680 1698 727 dixit,
1733 679 1918 728 Ulciscar;
1952 677 2012 716 sed
2040 677 2128 728 quid
2142 677 2160 714 Ξ)

1171 743 1238 778 Me
1248 743 1469 793 persequuti
1489 750 1592 787 sunt,
1615 750 1651 778 et
1670 754 1741 778 vos
1756 748 2043 792 persequentur.
2060 740 2162 778 Ferte
2175 753 2266 780 Juan.
2293 751 2342 782 15.

1170 801 1290 850 itaque
1310 802 1449 838 fortiter
1460 817 1470 850 5
1493 815 1562 840 non
1581 801 1676 838 enim
1707 800 1868 838 meliores
1888 815 1944 838 me
1965 801 2058 838 estis.
2079 801 2163 839 Haec
2177 802 2228 823 ²⁰·

1171 868 1205 897 et
1220 869 1260 896 tu
1276 861 1352 898 filio
1368 870 1401 898 et
1419 874 1519 898 servo
1535 861 1645 898 dicito
1666 877 1673 896 :
1693 862 1772 898 Non
1789 874 1824 897 es
1841 861 1996 898 Domino
2012 871 2073 899 tuo
2091 877 2164 900 mc-

1172 920 1250 958 lior.
1267 921 1336 959 Sed
1358 921 1431 958 haec
1446 921 1683 973 philosophiae
1701 921 1811 958 verba
1828 920 1999 958 videntur
2015 936 2034 959 a
2055 922 2165 961 vidua

1171 982 1364 1034 proficisci.
1386 983 1452 1020 Hei
1486 982 1574 1020 mihi
1590 1012 1599 1031 ,
1630 981 1726 1033 quod
1763 996 1818 1019 res
1850 982 1969 1021 verbis
1993 983 2166 1022 declarari

1171 1051 1340 1094 nequeat,
1357 1052 1396 1080 ut
1413 1052 1527 1095 potest
1541 1042 1759 1095 experientia
1775 1041 1900 1080 edisci.
1921 1043 1968 1080 Et
1983 1052 2023 1081 ut
2038 1043 2165 1092 discas,

1171 1103 1208 1141 in
1226 1103 1343 1141 medio
1356 1103 1513 1141 duorum
1528 1103 1807 1141 concertantium
1820 1112 1916 1141 stans
1928 1133 1940 1154 ,
1963 1103 2010 1142 sis
2025 1118 2070 1142 ex
2085 1119 2167 1157 par-

1170 1172 1204 1202 te
1227 1164 1394 1202 laesorum
1418 1194 1428 1213 ,
1455 1178 1526 1202 non
1557 1164 1763 1202 laedentium
1779 1194 1791 1214 ,
1826 1164 1857 1202 si
1890 1178 1960 1202 non
1995 1165 2093 1217 apud
2133 1174 2166 1203 te

1170 1224 1371 1277 triumphos
1395 1225 1538 1264 videbis
1554 1255 1566 1275 ,
1609 1225 1640 1263 si
1676 1239 1746 1263 non
1780 1225 1984 1277 splendidas
2015 1227 2166 1279 accipies

1171 1299 1328 1325 coronas.
1369 1286 1464 1326 Vide
1483 1317 1496 1333 ,
1533 1286 1713 1337 quomodo
1758 1287 1971 1324 contumelia
2008 1287 2166 1326 afficitur

1171 1347 1269 1384 Deus
1287 1377 1298 1396 ,
1328 1361 1435 1398 quam
1463 1356 1643 1385 mansuete
1673 1356 1708 1385 et
1737 1347 1888 1398 benigne
1920 1348 2130 1400 respondeat
2157 1365 2164 1386 :

1178 1410 1253 1446 Ubi
1266 1417 1341 1456 est,
1358 1408 1498 1459 inquit,
1516 1409 1761 1461 Ahelfrater
1776 1418 1862 1447 tuus
1875 1413 1891 1445 P
1904 1409 1950 1446 Et
1965 1409 2054 1459 quid
2073 1410 2164 1448 ille?
2183 1414 2260 1444 Gen.
2275 1413 2305 1454 4·
2331 1422 2363 1453 9·

1172 1471 1380 1522 Numquid
1390 1479 1516 1509 custos
1529 1472 1668 1521 fratris
1681 1472 1756 1508 mei
1771 1484 1856 1508 sum
1870 1484 1938 1522 ego
1955 1474 1970 1507 Ρ
1987 1471 2086 1517 Quid
2099 1471 2167 1510 hoc

1172 1531 1426 1582 arrogantius?
1449 1532 1506 1570 vel
1522 1525 1548 1569 'a
1569 1531 1644 1569 filio
1670 1532 1749 1582 quis
1768 1531 1919 1569 libenter
1938 1531 2132 1570 audivisset
2149 1533 2166 1571 ἶ)

1172 1606 1255 1629 nam
1269 1592 1297 1629 si
1317 1607 1337 1630 a
1352 1593 1482 1640 fratre,
1506 1607 1620 1631 nonne
1647 1593 1727 1643 quis
1748 1592 1892 1630 duxerit
1916 1607 1989 1630 esse
2009 1593 2165 1644 ignomi-

1171 1653 1298 1691 niam?
1315 1656 1361 1692 At
1381 1655 1478 1692 Deus
1497 1655 1627 1692 iterum
1646 1663 1827 1691 mansuete
1846 1654 2034 1706 respondet
2051 1671 2058 1691 ε
2078 1657 2118 1693 V
2112 1669 2163 1693 ox

1172 1718 1398 1767 sanguinis,
1425 1715 1564 1766 inquit,
1575 1716 1723 1769 finctis
1755 1718 1811 1753 tui
1839 1716 1986 1753 clamat
2017 1718 2072 1754 ad
2090 1731 2161 1755 me.

1174 1777 1219 1813 At
1237 1778 1355 1825 Deus,
1376 1776 1515 1827 inquies
1528 1807 1538 1826 ,
1567 1777 1618 1815 ira
1651 1776 1811 1829 superior
1831 1785 1892 1815 est.
1913 1776 1984 1815 Sed
2002 1777 2083 1816 idco
2105 1778 2165 1816 de-

1173 1837 1310 1875 scendit
1328 1838 1442 1876 Filius
1461 1838 1548 1886 Dei,
1571 1847 1609 1875 ut
1632 1847 1666 1876 te
1688 1838 1795 1875 deum
1816 1838 1947 1876 faceret
1969 1838 2165 1877 secundum

1172 1899 1347 1937 humanas
1373 1899 1482 1937 vires.
1507 1902 1551 1937 At
1581 1913 1650 1937 non
1681 1913 1852 1951 possum,
1877 1899 2037 1950 inquies,
2058 1901 2165 1938 homo

1173 1973 1256 1998 cum
1268 1960 1346 1998 sim.
1363 1960 1460 2011 Ergo
1474 1970 1592 2013 patere
1607 1969 1646 1998 ut
1661 1960 1825 1997 homines
1839 1959 1904 1997 tibi
1925 1959 2161 1998 adducamus.

1173 2022 1226 2059 Ne
1256 2030 1357 2073 putes
1386 2036 1442 2059 me
1479 2022 1634 2060 Paulum
1663 2021 1780 2058 dicere
1821 2029 1883 2058 aut
1903 2022 2082 2069 Petrum,
2105 2021 2167 2059 sed

1174 2082 1347 2132 quosdam
1376 2083 1462 2134 ipsis
1483 2083 1587 2134 longe
1614 2082 1807 2119 inferiores.
1840 2081 1921 2119 Heli
1950 2096 2075 2120 servus
2095 2084 2167 2120 An-

1173 2156 1257 2180 nam
1273 2143 1485 2180 contumelia
1505 2143 1688 2191 affecerat,
1709 2141 1831 2179 dicens
1849 2157 1856 2178 :
1872 2143 2015 2194 Digere
2030 2145 2167 2180 vinum
2187 2156 2212 2175 ¹·
2226 2145 2304 2183 Reg.
2327 2155 2353 2176 ¹-

1176 2212 1296 2242 tuum.
1316 2203 1413 2250 Quid
1428 2204 1495 2241 hoc
1513 2202 1803 2241 contumeliosius
1819 2203 1836 2240 Ξ)
1858 2202 1957 2249 Quid
1973 2217 2056 2255 ergo
2074 2204 2135 2241 illa
2149 2205 2166 2242 ἶ)

1175 2265 1324 2302 Mulier
1344 2266 1385 2300 in
1404 2277 1540 2302 amaro
1562 2265 1624 2301 die
1642 2277 1710 2315 ego
1728 2277 1824 2301 snm.
1846 2263 1946 2300 Nihil
1969 2277 2093 2301 revera
2116 2265 2168 2302 af-

1175 2325 1322 2364 ssictioni
1347 2340 1412 2377 par
1440 2341 1447 2361 :
1479 2325 1716 2377 philosophiae
1738 2333 1850 2362 mater
1881 2334 1945 2362 est.
1980 2325 2063 2363 Haee
2084 2340 2168 2364 vero

1176 2387 1252 2439 ipsa
1272 2387 1401 2424 mulier
1424 2387 1590 2424 aemulam
1613 2387 1747 2424 habens
1762 2416 1773 2436 ,
1796 2400 1865 2424 non
1887 2387 2097 2425 contumelia
2117 2390 2169 2426 af-

1176 2448 1257 2485 fecit
1272 2462 1368 2497 eam,
1389 2448 1450 2486 sed
1471 2448 1590 2498 quid?
1606 2448 1664 2486 Ad
1682 2449 1802 2486 Deum
1819 2449 1994 2500 confugit,
2015 2459 2049 2488 et
2065 2464 2169 2488 orans

1176 2507 1275 2547 illius
1291 2524 1334 2547 ne
1355 2508 1498 2559 quidem
1519 2508 1700 2558 meminit,
1721 2523 1833 2559 neque
1851 2509 1938 2546 dicit
1957 2526 1965 2546 ε
1988 2510 2169 2558 Quoniam

1177 2570 1255 2608 haec
1273 2585 1329 2608 me
1352 2570 1494 2622 probris
1511 2570 1645 2619 affecit,
1663 2584 1720 2607 me
1735 2570 1905 2608 ulciscere
1921 2587 1927 2607 :
1947 2571 2034 2609 adeo
2053 2571 2169 2623 philo-

1177 2631 1272 2683 phiae
1301 2640 1437 2669 assueta
1472 2631 1601 2668 mulier
1638 2639 1712 2668 erat
1748 2634 1761 2679 (
1772 2631 2020 2670 erubescamus
2052 2633 2143 2681 viri)
2158 2648 2168 2681 ;

1178 2692 1343 2743 quamvis
1366 2692 1462 2730 scitis
1486 2693 1559 2730 zelo
1583 2691 1675 2729 nihil
1699 2706 1766 2743 par
1786 2706 1869 2729 esse.

1233 2754 1267 2790 5.
1298 2752 1513 2790 publicanus
1530 2767 1549 2790 a
1568 2752 1747 2790 Pharisaeo
1768 2753 1984 2791 contumelia
2003 2754 2166 2802 affectus,

1180 2827 1249 2850 non
1276 2813 1397 2850 retulit
1425 2812 1689 2861 contumeliam,
1712 2812 1875 2862 quamvis
1897 2822 2024 2865 posset,
2044 2813 2074 2851 si
2104 2828 2169 2852 vo-

1180 2874 1304 2911 luisset
1314 2888 1325 2923 3
1356 2872 1416 2910 sed
1433 2873 1470 2910 id
1483 2872 1730 2925 philosophico
1761 2872 1879 2911 animo
1907 2874 2002 2923 tulit,
2033 2874 2166 2924 dicens,

1180 2937 1380 2987 Propitius
1404 2944 1483 2972 esto
1512 2936 1608 2972 milii
1636 2940 1840 2987 peccatori.
1873 2936 2120 2988 Memphibaal
2148 2943 2371 2975 aLuc.18.13.

1181 3011 1283 3036 servo
1300 3006 1483 3035 accusatus
1503 3006 1536 3034 et
1555 2997 1732 3036 calumnia
1754 2998 1951 3050 impetitus,
1974 3012 2088 3048 neque
2107 2997 2168 3035 di-
2186 3030 2215 3049 2·
2232 3021 2308 3058 Reg.
2324 3019 2371 3049 ,6-

1182 3059 1238 3097 xit
1247 3072 1360 3109 neque
1372 3058 1455 3095 fecit
1469 3057 1522 3095 illi
1543 3058 1726 3110 quidpiam
1743 3059 1842 3105 mali,
1854 3073 1897 3096 ne
1914 3057 2059 3109 quidem
2075 3058 2171 3111 apud
2191 3072 2217 3091 ¹-

1182 3133 1315 3171 regem.
1326 3118 1394 3159 Vis
1407 3118 1514 3156 etiam
1530 3119 1723 3156 meretricis
1740 3118 1864 3156 audire
1878 3118 2167 3171 philosophiam?

1161 3250 1245 3277 unc,
1262 3242 1346 3282 ,Βάαλ
1371 3250 1411 3270 ex
1435 3237 1540 3270 altero
1564 3239 1697 3270 nomine
1713 3236 1902 3269 desumtum
1927 3239 1981 3270 sit.
1997 3239 2102 3271 Porro
2128 3241 2173 3271 sic

1160 3297 1299 3321 vocatur
1315 3290 1414 3321 etiam
1430 3300 1528 3331 supra
1545 3288 1577 3321 in
1593 3289 1738 3332 Synopsi
1753 3289 1932 3331 Scripturae
1957 3301 2074 3332 sacrae,
2087 3291 2128 3322 T.
2140 3293 2172 3332 6,

1157 3353 1190 3383 p.
1206 3339 1662 3384 349.The0d0retus‚quoque
1677 3346 1860 3387 Μεμφιέάαλ
1882 3341 2124 3384 habet‚Quaest.
2135 3345 2170 3376 31

1156 3396 1190 3428 in
1207 3393 1327 3428 librum
1346 3397 1364 3427 2
1379 3396 1517 3438 Regum.
