2502 3810
106 2050 174 2077 Vita
200 2050 293 2087 proba

103 2090 190 2128 juvat
204 2092 237 2118 nd
259 2092 291 2118 [i—

105 2133 183 2160 dem.

750 246 788 274 S.

308 235 397 292 400

308 345 368 369 nes
383 345 429 369 ex
448 330 529 369 vitae
541 329 684 366 illorum
696 326 891 365 reverentia
906 324 1036 375 dogma
1055 323 1198 361 illorum
1215 336 1286 361 non

308 389 587 429 examinaverint
604 403 612 423 ε
628 387 691 424 alii
707 386 768 436 qui
793 385 874 422 illos
893 384 940 422 ob
955 383 1086 434 dogma
1105 383 1286 434 improba-

307 450 405 497 bant,
425 450 471 486 ob
490 448 602 485 vitam
625 446 768 483 reveriti
787 454 868 482 sunt
875 460 885 493 3
906 458 976 482 non
999 444 1087 481 hene
1106 452 1208 491 certe,
1225 441 1288 480 sed

306 510 343 547 id
362 518 476 546 tamen
496 507 588 558 passi
606 515 698 544 sunt.
719 506 794 543 Hoc
815 505 898 543 fidei
928 513 1054 542 nostrae
1071 504 1287 541 honestatem

304 568 528 616 diffamavit,
548 567 615 605 hoc
639 566 757 604 omnia
775 566 964 615 subvertit,
987 564 1084 615 quod
1107 578 1208 602 nemo
1228 564 1286 601 ul-

305 630 376 667 lam
402 629 486 667 vitae
502 629 672 666 rationem
685 628 814 666 habeat
824 643 835 677 3
860 627 928 665 hoc
944 627 1051 664 fidem
1073 625 1288 678 pessumdat.

304 689 465 728 Dicimus
482 689 664 727 Christum
677 703 752 727 esse
769 690 901 738 Deum,
918 688 1102 725 innumera
1117 687 1186 724 alia
1204 701 1288 739 pro-

304 750 462 796 ferimus,
485 759 518 787 et
538 749 606 787 hoc
626 763 705 787 cum
720 749 814 797 aliis,
835 748 932 800 quod
952 747 1164 800 persuaserit
1177 747 1289 785 omni-

304 811 382 859 bus,
395 819 433 847 ut
443 819 535 847 recte
544 809 703 848 viverent
716 825 726 858 ;
738 809 798 848 sed
813 809 925 846 hocin
931 808 1054 860 paucis
1066 822 1205 846 cernere
1221 816 1284 845 est.

304 871 584 909 Resurrectionis
599 870 730 921 dogma
744 870 843 908 laedit
857 870 938 909 vitae
954 869 1179 921 improbitas,
1201 883 1288 907 nec-

306 946 376 970 non
395 932 673 970 immortalitatis
701 932 827 969 animae
860 941 894 969 et
918 931 1048 983 judicii
1064 947 1074 980 ;
1108 931 1290 981 multaque

306 993 377 1031 alia
392 993 552 1040 attrahit,
567 993 692 1041 fatum,
707 992 964 1041 necessitatem,
979 992 1200 1042 negationem
1211 1005 1291 1043 pro-

307 1053 486 1092 videntiae.
510 1053 636 1091 Anima
651 1053 745 1091 enim
765 1054 800 1091 in
818 1053 921 1090 malis
937 1052 1133 1090 innumeris
1148 1052 1289 1090 immer-

307 1128 360 1163 sa,
382 1114 458 1151 haec
479 1113 547 1151 sibi
565 1114 765 1165 excogitare
783 1113 909 1164 satagit
925 1143 934 1160 ,
952 1126 996 1150 ne
1013 1122 1137 1151 moesta
1165 1113 1211 1150 sit
1233 1126 1292 1150 co-

308 1174 424 1225 gitans
440 1174 617 1226 judicium
634 1175 722 1223 fore,
744 1183 777 1212 et
796 1174 831 1212 in
847 1173 949 1211 nobis
966 1173 1073 1211 situm
1085 1187 1159 1211 csse
1176 1173 1290 1212 virtu·
1314 1176 1339 1207 E

307 1235 353 1272 tis
372 1244 405 1272 et
424 1235 527 1285 nequi
535 1235 589 1272 tiae
609 1235 781 1272 studium.
800 1234 899 1273 Talis
917 1234 992 1272 vita
1011 1235 1195 1272 innumera
1210 1248 1292 1286 ope-

307 1304 407 1333 ratur
429 1295 533 1344 mala,
552 1296 713 1334 homines
731 1296 822 1334 feras
841 1295 972 1342 reddit,
995 1295 1066 1333 imo
1086 1295 1168 1333 feris
1200 1295 1291 1332 irra-

309 1356 550 1394 tionabiliores
576 1372 584 1393 :
607 1371 690 1394 nam
723 1370 799 1407 quae
830 1357 867 1394 in
891 1356 1116 1394 diversarum
1135 1356 1291 1394 ferarum

305 1427 433 1455 natura
454 1426 548 1464 sunt,
570 1418 632 1455 illa
651 1432 743 1469 saepe
770 1418 806 1455 in
834 1431 905 1454 uno
923 1417 1066 1455 homine
1088 1417 1238 1468 colligit,
1259 1425 1291 1454 et

306 1487 421 1515 totum
436 1478 625 1517 subvertit.
646 1477 728 1515 Ideo
747 1478 861 1515 fatum
882 1477 1082 1515 introduxit
1098 1477 1263 1514 diabolus
1280 1491 1289 1513 t

307 1538 387 1576 ideo
406 1539 481 1576 sine
508 1538 731 1590 providentia
763 1538 938 1576 mundum
965 1538 1040 1589 regi
1060 1538 1156 1575 djxit
1177 1553 1185 1574 :
1210 1537 1290 1576 ideo

305 1609 449 1637 naturas
467 1599 568 1651 ponit
582 1599 693 1637 bonas
705 1608 738 1636 et
758 1599 866 1636 malas
890 1614 896 1634 :
912 1598 1046 1636 idcirco
1064 1598 1200 1635 malum
1216 1599 1290 1635 sine

305 1661 482 1713 principio
514 1670 546 1698 et
582 1660 763 1697 materiale
797 1659 966 1710 supponit
986 1674 993 1695 ε
1030 1658 1163 1696 idcirco
1196 1659 1288 1696 nihil

1305 1689 1351 1713 357

826 243 1008 274 JOANMS
1043 241 1282 271 CHRYSOST.
1324 241 1530 271 AuctssEP.
1569 240 1924 273 CONSTANTINOP-

1361 323 1415 360 λοὶ
1432 325 1500 360 τῶν
1520 322 1711 373 ἀνθρώπων
1726 325 1817 362 αἰδοῖ
1833 327 1877 376 τῇ
1903 325 1984 376 περὶ
2000 325 2058 364 τὸν
2087 326 2160 378 βίον
2179 328 2241 364 οὒκ
2269 326 2320 364 ἔτι
2339 327 2378 364 τὸ

1363 380 1476 431 δόγμα
1491 380 1672 427 ἐξήτασαν·
1693 382 1794 419 ἄλλοι
1809 381 1845 420 δὲ
1861 382 1921 420 καὶ
1932 384 2250 435 καταγινώσκοντες
2265 386 2376 422 αὐτῶν

1361 442 1418 480 διὰ
1432 442 1471 480 τὸ
1486 441 1598 493 δόγμα
1609 470 1619 487 ,
1638 441 1834 493 ᾐδέσθησαν
1854 442 1911 481 διὰ
1924 443 1980 481 τὸν
2002 444 2074 494 βίον
2089 460 2098 468 ·
2116 447 2154 483 οὐ
2169 446 2287 488 καλῶς
2302 445 2378 495 μὲν,

1361 501 1452 549 πλὴν
1482 501 1577 552 ὅμως
1601 506 1702 540 τοῦτο
1731 501 1869 540 ἔπαθον.
1885 504 1998 541 Τοῦτο
2030 504 2073 542 τὰ
2097 505 2208 556 σεμνὰ
2226 508 2289 551 τῆς
2315 504 2379 541 πί-

1361 578 1469 605 στεως
1486 566 1549 609 τῆς
1580 562 1753 615 ἡμετέρας
1786 562 1943 611 διέῖἷαλε,
1962 568 2061 602 τοῦτο
2088 565 2132 602 τὰ
2163 565 2278 603 πάντα
2299 564 2380 603 ἀνέ-

1360 625 1483 676 τρεψε,
1500 623 1539 661 τὸ
1567 623 1700 674 μηδένα
1728 623 1828 674 λόγον
1849 618 1935 661 εἶναι
1957 624 2031 674 βίου
2057 625 2199 674 μηδενὶ,
2217 632 2317 665 τοῦτο
2333 628 2376 677 τῇ

1360 683 1475 722 πίστει
1499 684 1717 733 λυμαίνεται.
1737 684 1907 735 Λέγομεν,
1926 684 1979 723 ὅτι
1997 685 2086 729 Θεός
2114 687 2207 723 ἐστιν
2240 690 2258 724 ὁ
2290 688 2381 739 Χρι-

1483 779 1488 794 l

1360 807 1429 843 λων
1452 806 1645 853 καὶτοῦτο,
1665 804 1718 842 ὅτι
1739 805 1873 843 ἔπεισεν
1895 805 2050 848 ἅπαντας
2066 807 2173 857 ὀρθῶς
2193 808 2270 857 ζῇν·
2292 806 2382 844 ἀλλὰ

1363 744 1461 792 στὸς,
1483 743 1591 796 μυρία
1609 744 1669 781 καὶ
1696 744 1797 796 ἕτερα
1819 744 2037 797 παράγομεν,
2064 745 2151 796 μετὰ
2172 745 2206 783 δὲ
2225 749 2293 784 τῶν
2313 747 2381 784 ἅλ-

1360 870 1462 904 τοῧτο
1477 868 1511 903 ἐν
1531 865 1656 915 ὀλίγοις
1687 866 1771 904 ἐστί.
1788 866 1841 904 Τὸ
1860 868 1923 912 τ’ῆς
1946 866 2167 910 ἀναστάσεως
2193 867 2305 917 δόγμα
2322 869 2382 905 λυ-

1364 926 1523 978 μαίνεται
1544 930 1565 973 ἦ
1585 931 1644 964 τοῦ
1667 927 1742 977 βίου
1760 926 1951 979 φαυλότης,
1968 927 2006 965 τὸ
2023 929 2084 973 τῆς
2107 927 2296 970 ἀθανασίας
2320 931 2383 974 τῆς

1362 991 1488 1040 ψυχῆς,
1510 989 1549 1027 τὸ
1567 990 1629 1034 τῆς
1645 988 1811 1040 κρίσεως·
1831 988 1946 1026 πολλὰ
1969 987 2028 1024 καὶ
2053 987 2153 1038 ἕτερα
2169 989 2382 1035 ἐπισπᾶται,

1363 1050 1589 1101 εἱμαρμένην,
1610 1050 1779 1100 ἀνάγκην,
1798 1049 1837 1086 τὸ
1857 1047 2083 1101 ἀπρονόητον.
2107 1048 2218 1100 Ψυχὴ
2235 1049 2301 1101 γὰρ
2320 1051 2382 1099 βα-

1363 1114 1545 1148 πτισθεῖσα
1573 1110 1707 1163 μυρίοις
1736 1115 1874 1157 κακοῖς,
1901 1108 2020 1162 ὥσπερ
2042 1108 2138 1152 τινὰς
2160 1109 2384 1161 παραμυθίας

1364 1170 1491 1213 ταύτας
1510 1173 1657 1209 ἐπινοεῖν
1678 1172 1782 1222 ἑαυτῇ
1800 1177 1986 1222 πειρᾶται,
2007 1168 2063 1207 ἵνα
2084 1169 2132 1220 μὴ
2150 1171 2304 1215 λυπῆται
2322 1171 2382 1207 λο-

1363 1231 1548 1284 γιζομένη,
1571 1233 1622 1269 ὅτι
1637 1231 1749 1283 κρίσις
1768 1231 1862 1279 ἐστὶ,
1877 1231 1937 1269 καὶ
1956 1230 2008 1268 ὅτι
2028 1230 2082 1283 ἐφ’
2103 1234 2187 1281 ἡμῖν
2208 1237 2321 1268 κεῖται
2338 1231 2382 1268 τὰ

1363 1296 1424 1339 τῆς
1447 1295 1572 1344 ἀρετῆς
1590 1292 1650 1330 καὶ
1670 1291 1713 1329 τὰ
1731 1293 1793 1337 τῆς
1813 1291 1949 1335 κακίας.
1972 1291 2091 1342 Μυρία
2110 1293 2127 1328 ὃ
2146 1291 2218 1341 βίος
2239 1291 2384 1342 ἐργάζε-

1363 1369 1419 1391 ται
1441 1353 1556 1399 κακὰ,
1583 1352 1686 1404 θηρία
1712 1353 1790 1396 τοὺς
1818 1353 2018 1404 ἀνθρώπους
2044 1358 2155 1399 ποιεῖ,
2175 1352 2233 1389 καὶ
2255 1351 2381 1404 θηρίων

1365 1413 1616 1465 ἀλογωτέρους*
1638 1414 1726 1464 ἅπερ
1743 1413 1810 1467 γὰρ
1832 1416 1866 1451 ἐν
1886 1414 2017 1464 ἑκάστῃ
2039 1412 2139 1466 φύσει
2160 1415 2227 1450 τῶν
2255 1412 2382 1466 θηρίων

1364 1476 1438 1512 ἐστὶ
1449 1504 1460 1524 ,
1479 1479 1589 1512 ταῦτα
1619 1475 1787 1518 πολλάκις
1807 1477 1853 1519 εἷς
1883 1474 1943 1512 ἕνα
1976 1475 2156 1528 ἄνθρωπον
2188 1474 2359 1526 συνήγαγε
2373 1502 2383 1520 ,

1363 1535 1422 1573 καὶ
1437 1535 1476 1573 τὸ
1494 1542 1562 1572 πᾶν
1587 1535 1766 1586 ἀνέτρεψε.
1785 1535 1854 1573 Διὰ
1868 1541 1968 1573 τοῦτο
1998 1536 2060 1582 τὴν
2084 1535 2297 1587 εἱμαρμένην
2318 1537 2385 1573 εἷσ-

1363 1596 1491 1646 ἦγαγεν
1511 1599 1528 1633 ὃ
1550 1595 1707 1638 διάέολος
1719 1626 1727 1642 ,
1740 1595 1796 1632 διὰ
1812 1600 1910 1633 τοῦτο
1928 1596 2139 1648 ἀπρονόητον
2161 1597 2284 1647 ἔφησεν
2297 1591 2385 1634 εἶναι

1364 1656 1420 1694 τὸν
1441 1655 1584 1706 κόσμον,
1604 1655 1660 1693 διὰ
1680 1661 1778 1694 τοῦτο
1794 1655 1909 1707 φύσεις
1930 1656 2062 1706 ἀγαθὰς
2089 1656 2148 1694 καὶ
2175 1655 2285 1700 κακὰς
2299 1685 2308 1703 ,
2329 1656 2385 1694 διὰ

305 1735 374 1758 non
388 1721 474 1771 agit,
492 1729 531 1757 ut
542 1721 655 1757 vitam
668 1729 824 1756 nostram
835 1728 1050 1771 corrumpat.
1061 1720 1183 1769 Neque
1197 1719 1291 1757 enim
1316 1725 1342 1754 A
1365 1720 1465 1755 τοῦτο
1479 1718 1584 1755 κακὸν
1601 1716 1750 1768 ἄναρχον
1771 1717 1830 1754 καὶ
1846 1716 1962 1754 ὑλικὸν
1977 1715 2197 1764 ὑποτίθεται,
2216 1715 2272 1754 διὰ
2286 1722 2387 1755 τοῦτο

304 1781 380 1818 ficri
396 1790 520 1833 potest,
542 1790 580 1818 ut
596 1781 638 1829 is,
657 1780 719 1831 qui
735 1780 799 1818 tali
813 1780 919 1818 modo
940 1780 1044 1829 vivit,
1067 1779 1123 1818 vel
1138 1794 1157 1817 a
1170 1781 1292 1832 pravis

303 1842 530 1893 dogmatibus
555 1841 702 1890 resiliat,
720 1841 778 1880 vel
801 1842 838 1879 in
858 1856 941 1879 sana
961 1841 1033 1879 fide
1050 1851 1211 1890 maneat3
1232 1841 1293 1880 sed

303 1903 498 1941 necessario
527 1903 605 1941 haec
638 1912 805 1941 assumet.
824 1904 903 1941 Non
932 1911 1020 1955 puto
1041 1902 1135 1940 enim
1163 1916 1292 1953 quem-

304 1964 401 2016 piam
418 1965 563 2018 reperiri
583 1965 698 2012 exiis,
722 1965 783 2015 qui
798 1977 868 2003 non
887 1974 978 2002 recte
993 1965 1134 2011 vivunt,
1151 1965 1291 2016 quinon

306 2026 419 2064 millia
450 2026 605 2064 satanica
634 2025 852 2075 meditetur;
881 2023 981 2064 verbi
1015 2026 1142 2077 gratia,
1178 2027 1289 2064 fatum

307 2101 392 2133 esse,
414 2101 467 2125 res
485 2101 603 2124 omncs
622 2096 750 2124 temere
773 2086 872 2135 ferri,
891 2086 1099 2138 permixtim
1117 2096 1150 2124 et
1170 2087 1292 2124 confu-

306 2161 342 2185 se
357 2148 475 2185 omnia
490 2148 618 2199 jacere.
639 2147 738 2194 Ideo,
754 2147 914 2196 obsecro,
934 2147 1016 2186 vitae
1033 2147 1154 2198 probae
1170 2162 1293 2186 curam

305 2207 511 2255 habeamus,
538 2221 582 2244 ne
617 2207 711 2243 mala
739 2206 974 2258 suscipiamus
994 2206 1173 2257 dogmata.
1206 2209 1294 2246 Cain

307 2269 343 2305 in
360 2268 532 2305 ultionem
551 2268 701 2319 accepit,
723 2276 763 2304 ut
777 2267 1034 2317 ingemisceret,
1064 2274 1098 2305 et
1117 2277 1294 2306 tremeret.

307 2329 414 2367 Tales
436 2337 517 2366 sunt
533 2327 703 2379 improbi,
727 2327 994 2364 innumerorum
1028 2325 1096 2364 sibi
1119 2328 1295 2365 malorum

309 2390 459 2428 conscii:
474 2403 564 2441 saepe
576 2403 621 2426 ex
638 2402 760 2426 somno
773 2388 957 2437 exsiliunt,
979 2388 1190 2425 turbulentae
1215 2398 1297 2426 sunt

309 2451 540 2503 cogitationes
560 2463 698 2499 eorum,
715 2448 848 2486 turbati
865 2448 973 2494 oculi,
992 2449 1110 2486 omnia
1126 2449 1297 2500 suspicio-

309 2527 353 2550 ne
371 2513 488 2564 plena,
506 2520 652 2560 terrore,
676 2510 776 2561 gravi
791 2509 1062 2561 exspectatione,
1081 2519 1177 2548 metu
1192 2510 1296 2561 plena

309 2573 426 2610 anima
444 2602 454 2620 ,
475 2571 665 2609 formidine
685 2580 718 2608 et
746 2570 873 2608 timore
896 2571 1066 2609 subversa
1079 2600 1089 2617 ,
1126 2570 1295 2607 inhabilis

310 2643 373 2672 est.
404 2633 504 2671 Nihil
527 2632 589 2670 tali
613 2631 729 2669 anima
759 2631 916 2678 mollius,
948 2631 1040 2669 nihil
1059 2631 1294 2683 insipientius.

311 2698 411 2735 Sicut
426 2695 549 2734 furiosi
569 2709 638 2733 non
654 2704 747 2733 stant
765 2695 801 2733 in
817 2694 1024 2746 semetipsis,
1041 2695 1092 2732 sic
1111 2703 1145 2731 et
1163 2693 1224 2731 illa
1241 2693 1295 2731 in-

310 2758 462 2796 stabilis.
482 2757 721 2803 Quandonam
751 2770 834 2807 ergo
856 2756 918 2793 illa
945 2756 982 2793 in
1013 2769 1154 2793 sensum
1191 2764 1295 2793 tantae

312 2821 474 2871 caliginis
497 2821 627 2866 veniat,
652 2834 759 2870 quam
779 2819 975 2871 optandum
995 2827 1095 2864 esset,
1128 2815 1298 2868 tranquil-

312 2882 411 2919 litate
421 2881 675 2930 serenitateque
691 2881 877 2924 fruentem,
900 2893 1000 2931 posse
1016 2893 1116 2916 suam
1133 2892 1300 2930 agnosce-

313 2955 349 2979 re
371 2941 594 2979 nobilitatem
612 2941 628 2977 .⁰
650 2941 748 2977 Dum
766 2949 882 2977 autem
900 2939 1018 2976 omnia
1037 2939 1137 2976 illam
1167 2946 1300 2976 terrent

313 3011 346 3039 et
361 3002 518 3048 turbant,
538 3001 685 3049 somnia,
698 3001 821 3047 verba,
837 2999 997 3048 habitus,
1020 3009 1053 3036 et
1065 2999 1298 3050 suspiciones,

313 3063 454 3113 quando
474 3062 603 3114 poterit
622 3062 657 3099 in
677 3076 712 3099 se
728 3062 912 3113 respicere,
935 3061 984 3098 sic
1003 3061 1146 3097 turbata
1174 3069 1206 3098 et
1221 3075 1298 3112 per-

1364 1778 1480 1816 πάντοι
1510 1776 1752 1829 ι’[προίττει],
1785 1777 1841 1815 ἵνα
1869 1776 2048 1829 διαφθείρῃ
2077 1776 2134 1814 τὸν
2167 1777 2240 1828 βίον
2269 1780 2383 1826 ἡμῶν.

1364 1840 1457 1878 Οὔτε
1477 1837 1543 1891 γὰρ
1570 1841 1638 1878 ἀπὸ
1663 1839 1919 1892 διεφθαρμένων
1938 1839 2118 1890 δογμάτων
2145 1839 2285 1876 ’δυνατὸν
2309 1842 2385 1876 ἀνε-

1365 1904 1497 1949 νεγκεῖν
1526 1898 1600 1950 βίου
1633 1899 1714 1937 ὄντα
1747 1898 1926 1948 τοιούτου,
1948 1897 2026 1936 οὔτε
2062 1897 2174 1947 μένειν
2203 1898 2238 1934 ἐν
2271 1901 2381 1949 ὑγιαι·

1363 1959 1468 2012 νούσῃ
1496 1960 1632 1999 πίστει·
1653 1963 1729 1999 ἀλλ’
1751 1960 1885 2011 ἀνάγκη
1905 1961 2017 2010 πολλῇ
2048 1963 2158 1996 ταῦτα
2186 1958 2383 2010 παραδέξα-

1364 2025 1457 2060 σθαι.
1480 2024 1532 2060 Οὐ
1546 2022 1613 2074 γὰρ
1629 2016 1726 2072 οἶμαι
1746 2021 1854 2074 ἔγωγε
1874 2020 2008 2072 ταχέως
2020 2019 2096 2057 τινα
2111 2023 2178 2057 τῶν
2197 2021 2259 2057 οὐκ
2278 2021 2386 2071 ὀρθῶς

1363 2082 1501 2126 ζώντων
1521 2083 1740 2135 εὓρίσκεσθαι
1753 2111 1762 2128 ,
1781 2083 1830 2132 μὴ
1849 2082 1955 2134 μυρία
1979 2080 2150 2118 σατανικα
2176 2079 2384 2131 βουλευόμε-

1364 2158 1434 2191 νον,
1457 2143 1510 2181 ὅτι
1526 2143 1657 2195 γένεσίς
1672 2146 1777 2191 ἐστιν,
1796 2143 1850 2182 ὅτι
1876 2145 1995 2186 ἁπλῶς
2021 2141 2066 2179 τὰ
2087 2141 2282 2194 πράγματα
2305 2141 2384 2192 ἄγε-

1365 2220 1440 2252 ται,
1456 2204 1507 2242 ὅτι
1523 2204 1651 2257 φύρδην
1674 2204 1733 2241 καὶ
1753 2204 1950 2255 κεχυμένως
1970 2202 2087 2241 πάντα
2107 2204 2299 2240 διοικεῖται.
2325 2201 2388 2239 Διὸ

1368 2266 1584 2315 παρακαλῶ,
1605 2265 1841 2316 φροντίζωμεν
1864 2264 1938 2314 βίου
1965 2265 2094 2311 καλοῦ,
2114 2263 2170 2301 ἵνα
2191 2263 2239 2313 μὴ
2269 2278 2386 2314 παρα-

1368 2325 1552 2378 δεχώμεθα
1575 2326 1733 2376 δόγματα
1752 2324 1901 2375 πονηρά.
1925 2324 1968 2362 ‘O
1989 2325 2076 2362 Κάϊν
2095 2324 2200 2362 ἔλαὲε
2214 2324 2386 2375 τιμωρίαν

1369 2388 1499 2424 στένειν
1527 2386 1586 2423 καὶ
1612 2386 1764 2436 τρέμειν.
1780 2383 1942 2421 Τοιοῦτοί
1962 2385 2046 2420 εἰσιν
2073 2385 2103 2421 οἱ
2134 2383 2303 2435 πονηροὶ,
2327 2383 2387 2421 καὶ

1368 2446 1559 2490 συνειδότες
1591 2449 1725 2489 ἑαυτοῖς
1748 2445 1855 2496 μυρία
1883 2444 1994 2491 κακὰ,
2016 2443 2184 2487 πολλάκις
2214 2443 2250 2487 ἐξ
2271 2443 2387 2482 firm->v

1366 2507 1587 2552 ἐξάλλονται,
1619 2505 1823 2557 θορυῧώδεις
1845 2507 1957 2543 αὐτῶν
1978 2507 2008 2542 οἱ
2027 2505 2210 2555 λογισμοὶ,
2237 2520 2389 2555 τεταρα-

1365 2569 1486 2621 γμένοι
1505 2567 1535 2607 οἳ
1555 2567 1738 2619 ὀφθαλμοὶ,
1755 2566 1904 2618 ὑποψίας
1920 2565 2020 2615 γέμει
2036 2566 2163 2613 πάντα,
2182 2566 2390 2613 καταπλήτ-

1365 2646 1462 2668 τεται
1475 2629 1588 2666 πάντα
1601 2658 1610 2675 ,
1627 2630 1788 2679 χαλεπῆς
1802 2626 2009 2680 προσδοκίας
2023 2657 2032 2674 ,
2050 2627 2178 2669 δειλίας
2197 2627 2390 2677 ἀνάμεστος

1368 2693 1478 2729 αὐτῶν
1496 2693 1517 2735 ἡ
1534 2689 1629 2741 {aul-*fi
1643 2719 1651 2735 ,
1672 2687 1768 2740 ’.ῥόδῳ
1783 2687 2041 2740 συστρεφομένη
2063 2687 2122 2725 καὶ
2144 2687 2263 2740 τρόμῳ
2284 2688 2390 2738 ἀδρα-

1366 2750 1427 2797 νὴς
1447 2750 1591 2802 γίνεται.
1607 2749 1718 2788 Οὐδὲν
1737 2752 1799 2795 τῆς
1815 2749 1977 2794 τοιαύτης
1997 2751 2111 2800 ψυχῆς
2139 2747 2388 2799 μαλακώτερον

1366 2812 1498 2864 γένοιτο
1516 2811 1569 2859 ἂν,
1584 2811 1677 2848 οὐδὲν
1696 2810 1932 2861 ἀνοητότερον.
1950 2809 2118 2860 Καθάπερ
2135 2812 2165 2847 οἱ
2184 2808 2390 2859 μαινόμενοι

1369 2876 1433 2925 οὐχ
1461 2872 1646 2918 ἑστήκασιν
1670 2873 1703 2909 ἐν
1725 2873 1878 2913 ἑαυτοῖς·
1901 2868 2005 2911 οὕτως
2034 2869 2110 2906 οὐδὲ
2135 2872 2156 2914 ἡ
2181 2868 2323 2915 τοιαύτη
2357 2871 2391 2906 ἐν

1370 2936 1476 2985 ἑαυτῇ
1499 2933 1633 2978 ἕστηκε.
1653 2931 1750 2969 Πότε
1779 2925 1835 2968 οὖν
1862 2929 1949 2976 αὕτη
1975 2932 2021 2972 εἷς
2055 2930 2279 2976 συναίσθησιν
2307 2930 2390 2981 ἔλθῃ

1370 2994 1541 3040 τοσαύτην
1571 2993 1699 3044 ἔχουσα
1727 2990 1953 3038 σκοτοδινίαν,
1972 2991 2014 3037 ἢν
2040 2990 2219 3041 ἀγαπητὸν
2239 2991 2393 3041 γαλήνης

1371 3056 1612 3095 ἀπολαύουσαν
1647 3053 1706 3090 καὶ
1736 3051 1867 3099 εὐδίας,
1890 3053 2076 3098 δυνηθῆναι
2110 3053 2294 3102 ἐπιγνῶναι
2329 3050 2391 3097 τὴν

314 3124 448 3176 plexa?
477 3123 581 3162 Illius
601 3136 683 3174 ergo
703 3131 836 3159 metum
867 3121 1058 3170 solvamus,
1080 3121 1224 3159 vincula
1244 3120 1298 3157 di·
1324 3129 1347 3159 C
1372 3116 1499 3156 οἰκείαν
1517 3112 1835 3165 εὐγένειανςϋΟταν
1859 3112 1894 3150 δὲ
1914 3113 2030 3151 πάντα
2053 3111 2159 3159 αὐτὴν
2186 3113 2314 3164 ἔκροέἢ
2336 3111 2394 3149 καὶ

315 3249 475 3280 oratione.
491 3245 588 3280 Unde
605 3246 853 3289 suspicabamur
869 3244 931 3279 sub
949 3244 1045 3278 finem
1063 3246 1234 3278 sententiae
1248 3244 1319 3277 for—

315 3309 400 3331 tasse
423 3299 600 3331 delendum
616 3310 683 3331 esse
699 3305 733 3333 τὸ
749 3302 845 3342 δόγμα
858 3310 867 3329 .·
882 3297 939 3331 sed
955 3305 1031 3340 apte
1045 3299 1221 3340 conjuncta
1239 3309 1320 3340 prae-

317 3349 396 3382 bent
413 3350 480 3382 litec
497 3353 533 3383 A.
546 3352 582 3382 B.
593 3351 631 3383 C⁴
645 3354 694 3383 καὶ
709 3356 748 3383 τὰ
763 3354 819 3391 μὲν
835 3353 972 3393 δόγματα
989 3353 1087 3387 αὐτοῖς
1103 3355 1163 3383 ἐστι
1180 3353 1318 3393 &estap-

318 3407 411 3445 μένα,
429 3406 454 3435 οἱ
475 3404 504 3434 δὲ
521 3404 635 3438 πλείους
653 3403 727 3435 αῑῧοῑ
749 3404 845 3436 οὐκέτι
862 3404 958 3443 δόγμα
982 3405 1022 3440 ἐξ.
1042 3401 1118 3432 Mox
1144 3399 1243 3432 ildem
1271 3405 1316 3433 21-

1387 3245 1502 3277 δοῦ-και
1521 3248 1581 3282 prO
1605 3239 1796 3284 ᾐδέσθησαν]

1431 3294 1447 3320 b
1473 3298 1601 3338 πράττει
1617 3290 1709 3322 deest
1734 3291 1768 3322 in
1794 3300 1870 3321 uno.
1885 3288 1939 3331 [In
1960 3286 2115 3321 omnibus
2140 3288 2274 3319 nostris.
2295 3287 2395 3319 Abcft

1385 3346 1484 3378 ctiam
1503 3355 1521 3376 a
1537 3341 1701 3376 Commel.
1721 3350 1753 3374 et
1768 3340 1883 3381 sax-il„
1902 3340 1990 3373 unde
2008 3339 2199 3372 inclusimus
2218 3340 2227 3380 ]
