2502 3810
674 307 716 334 IN
754 306 867 335 ACTA
906 306 1240 336 APOsTOLORUM.

92 386 294 435 οἰκουμένην
325 392 453 434 πᾶσαν,
484 390 546 424 κάν
570 386 679 438 τούτῳ
705 387 780 430 τοὺς
810 388 1017 440 κακούργους
1048 386 1105 424 καὶ

92 446 197 497 μυρία
237 446 378 498 ἔχοντας
409 446 524 494 δεινὰ,
545 446 622 491 τοὺς
652 447 712 497 μὲν
734 448 928 499 ἄρχοντας,
961 447 1036 492 τοὺς
1071 447 1104 484 δὲ

91 505 263 557 φύλακας,
282 506 359 552 τοὺς
379 507 414 546 δὲ
434 508 604 554 δικαίους,
627 502 694 550 οἶος
713 509 870 556 Παῦλος,
890 508 970 551 τοὺς
987 508 1021 546 δὲ
1046 510 1103 546 δε-

91 566 230 617 σμίους,
246 574 321 610 ταῖς
342 569 530 621 ἁμαρτίαις
550 568 766 619 δεδεμένους·
788 568 827 606 ἂν
851 569 911 619 μὲν
933 563 989 608 οὖν
1009 569 1104 607 Παύ-

90 629 140 678 λῳ
159 628 379 679 πειθώμεθα,
407 632 444 667 οὐ
475 628 648 680 δεδεμένοι
674 628 915 678 ἀπολλύμεθα,
937 630 1026 668 ἀλλὰ
1045 629 1104 667 καὶ

90 687 260 738 λυόμεθα·
288 695 463 742 χαριεῖται
485 689 543 727 καὶ
571 693 664 740 ἡμᾶς
686 690 779 740 αὐτῷ
798 692 816 726 ὁ
837 689 938 733 Θεός.
963 689 1013 726 Ἢ
1043 692 1105 728 οὐκ

91 748 153 786 οἴει
185 749 308 800 δεσμὸν
338 744 425 788 εἶναι
444 750 596 802 χαλεπὸν
626 751 669 788 τὰ
701 751 939 803 ἁμαρτήματα
969 750 1028 787 καὶ
1060 749 1104 787 τὰ

92 809 204 856 πάθη,
219 812 255 848 οὐ
275 811 342 863 γὰρ
358 812 398 858 δὴ
418 818 531 863 χεῖρες
554 811 656 861 μόνον
679 811 745 848 εἰσὶ
767 810 972 860 δεδεμέναι,
991 812 1067 848 ἀλλ’
1087 813 1104 847 ὁ

94 876 159 913 πᾶς
188 871 375 924 ἅνθρωπος.
407 872 496 910 Εἰπὲ
525 872 591 923 γάρ
624 887 705 921 μοι,
740 871 821 909 ὅταν
851 887 903 914 τις
937 871 1105 922 χρήματα

93 932 203 970 πολλὰ
228 933 436 983 κεκτημένος
458 932 506 982 μὴ
529 932 696 983 ἀναλίσκῃ
720 931 807 981 μηδὲ
833 932 994 983 δαπανᾷ,
1015 931 1104 968 ἀλλὰ

92 992 242 1044 κατέχῃ,
261 993 337 1044 οὐχὶ
357 994 483 1035 παντὸς
497 991 637 1042 δεσμίου
657 990 899 1042 χαλεπώτερον
919 994 960 1042 τῇ
982 993 1104 1042 φειδω-

92 1052 148 1102 λία
168 1054 344 1103 δεσμεῖται
367 1054 483 1103 δεσμῷ
515 1054 677 1103 ἀρ’ῥαγεῖ,
698 1051 745 1089 Τί
766 1050 842 1099 δαὶ,
864 1051 945 1090 ὅταν
976 1067 1028 1094 τις
1059 1054 1105 1089 εἷ-

92 1113 253 1164 μαρμένῃ
275 1113 393 1150 ἑαυτὸν
414 1112 594 1163 {mecm-51
607 1142 615 1157 ,
641 1112 718 1162 οὐχὶ
738 1111 842 1149 πάλιν
872 1111 987 1155 ἄλλοις
1007 1107 1104 1155 οῧτος

92 1173 227 1222 δεσμοῖς
245 1173 395 1219 δέδεται,
417 1172 464 1209 Τί
479 1171 534 1209 δαὶ
550 1200 559 1217 ,
578 1171 658 1209 ὅταν
676 1171 966 1224 παρατηρήσεσι,
984 1172 1017 1209 τί
1036 1171 1105 1220 δαὶ,

89 1232 170 1270 ὅταν
192 1232 394 1282 συμὸόλοις,
422 1232 498 1283 οὐχὶ
516 1232 642 1274 παντὸς
661 1233 788 1282 δεσμοῦ
804 1235 914 1269 ταῦτα
935 1232 1104 1284 χαλεπώ-

89 1310 195 1346 τερα,
217 1293 250 1331 τί
278 1294 347 1340 δαὶ,
369 1295 448 1331 ὅταν
470 1293 634 1345 ἐπιθυμίᾳ
657 1293 772 1344 ἀλόγῳ
808 1293 867 1330 καὶ
889 1293 1015 1345 ἔρωτι,
1041 1293 1105 1337 Τίς

90 1355 263 1408 διαῤῥήξει
298 1354 437 1397 τούτους
473 1357 553 1404 ὑμῖν
588 1353 664 1398 τοὺς
696 1353 863 1404 δεσμούς,
903 1356 974 1392 Τοῦ
1015 1357 1106 1393 Θεοῦ

90 1417 190 1468 χρεία
212 1415 302 1454 ὥστε
318 1418 477 1462 λυθῆναι.
502 1415 570 1453 Καὶ
587 1414 621 1452 ἒν
643 1415 704 1466 μὲν
727 1415 857 1452 τούτων
875 1417 973 1467 ἀρκεῖ
992 1415 1106 1454 κίνδυ-

89 1495 144 1516 νον
164 1479 355 1527 ἔμποιῆσαι
367 1492 374 1498 ·
391 1475 471 1514 ὅταν
488 1475 523 1514 δὲ
542 1476 600 1513 καὶ
616 1475 726 1526 δεσμὰ
742 1476 801 1513 καὶ
819 1477 965 1527 χειμὼν,
988 1476 1106 1523 ε’ννόη-

92 1555 149 1577 σον
177 1539 254 1576 ὅσον
275 1538 313 1576 τὸ
331 1540 398 1575 τῶν
426 1536 602 1574 κινδύνων.
623 1536 670 1574 Τί
690 1536 757 1588 γὰρ
787 1539 851 1588 οὐχ
880 1537 996 1575 ἱκανὸν
1026 1538 1106 1575 δια*

92 1603 243 1650 φθεῖραι,
262 1601 326 1650 οὐχ
340 1602 357 1636 ὁ
377 1597 498 1648 λιμὸς,
516 1600 533 1634 ὃ
553 1596 700 1648 χειμὼν,
717 1600 739 1643 ἦ
759 1597 865 1635 κακία
883 1599 951 1635 τῶν
975 1599 1107 1648 ἐμπλε-

91 1661 210 1706 όντων,
229 1660 268 1697 τὸ
286 1663 345 1696 τοῦ
360 1661 480 1710 καιροῦ
498 1657 756 1705 ἀνεπιτήδειον,
776 1657 880 1696 Ἀλλὰ
901 1658 985 1711 πρὸς
999 1663 1108 1696 ταῦτα

92 1720 206 1758 πάντα
223 1720 304 1767 ἔστη
326 1722 347 1764 ἡ
368 1718 572 1771 λαμπρότης
590 1718 745 1757 Παύλου.
763 1718 869 1756 Οὕτω
890 1719 930 1765 δὴ
950 1719 1010 1757 καὶ
1028 1722 1086 1756 νῦν
1099 1735 1106 1742 ·

93 1780 296 1832 κατέχωμεν
316 1782 399 1830 παρ’
426 1782 558 1821 ἑαυτοῖς
583 1777 661 1822 τοὺς
681 1777 817 1829 ἁγίους,
837 1779 895 1816 καὶ
923 1780 985 1816 οὐκ
1010 1778 1109 1817 ἔσται

92 1840 243 1893 χειμών·
269 1842 399 1891 μᾶλλον
421 1840 478 1883 δὲ,
505 1840 567 1877 κᾶν
585 1835 607 1891 ᾗ
624 1839 773 1891 χειμὼν,
804 1840 903 1878 ἔσται
936 1840 1030 1878 εὐδία
1049 1840 1109 1878 καὶ

91 1902 224 1953 γαλήνη
248 1900 382 1948 πολλὴ,
409 1901 469 1938 καὶ
493 1900 678 1951 ἀπαλλαγὴ
695 1904 762 1939 τῶν
783 1901 966 1940 κινδύνων·
987 1901 1107 1948 ἐπειδὴ

90 1963 147 2001 τὸν
168 1963 261 2014 ἅγιον
292 1954 364 2013 εἶχε
394 1961 491 2013 φίλον
513 1964 534 2006 ἡ
557 1960 652 2012 χήρα
683 1961 816 2009 ἐκείνη,
845 1961 904 1999 καὶ
928 1965 945 2000 ὃ
966 1961 1109 2005 θάνατος

91 2024 192 2070 ἐλύθη
212 2026 270 2060 τοῦ
291 2022 449 2070 παιδίου,
469 2022 528 2059 καὶ
550 2021 606 2058 τὸν
628 2023 736 2059 παῖδα
752 2023 857 2060 πάλιν
881 2024 992 2066 ζῶντα
1019 2025 1108 2060 ἀπε-

91 2085 280 2134 λάμὲανεν.
307 2083 417 2121 Ἴζνθα
447 2082 548 2125 πόδες
584 2082 691 2133 ἁγίων
729 2083 980 2131 ἔπιὸαίνουσιν,
1014 2083 1109 2122 οὐδὲν

92 2145 188 2182 ἔσται
204 2144 358 2196 λυπηρόν
373 2160 380 2166 ·
398 2143 460 2181 κᾶν
487 2143 652 2194 γένηται,
674 2144 759 2195 πρὸς
779 2144 925 2194 δοκιμὴν
945 2144 1003 2181 καὶ
1022 2145 1110 2197 πρὸς

92 2206 230 2257 μείζονα
245 2205 343 2249 δόξαν
363 2208 422 2242 τοῦ
439 2207 544 2242 Θεοῦ.
566 2205 708 2242 Ἔθισον
725 2205 764 2242 τὸ
780 2205 901 2257 ἔδαφος
918 2207 980 2250 τῆς
999 2205 1108 2249 οἰκίας

91 2269 158 2306 ὑπὸ
178 2267 338 2305 τοιούτων
360 2270 544 2305 πατεῖσθαι
570 2267 698 2313 ποδῶν,
720 2265 780 2304 καὶ
805 2269 842 2304 οὐ
864 2266 1014 2313 πατήσει
1035 2265 1107 2304 δαί-

93 2345 164 2378 μων
195 2330 283 2365 ἐκεῖ·
310 2326 369 2364 καὶ
398 2326 493 2377 μάλα
521 2327 673 2370 εἰκότως.
689 2325 833 2378 σΩο-περ
853 2325 921 2378 γὰρ
951 2326 1032 2363 ἔνθα
1065 2326 1104 2364 ἂν

91 2449 196 2502 μύρον
223 2448 297 2486 ἐστὶ
318 2449 358 2486 τὸ
382 2448 491 2498 ἅγιον,
513 2446 743 2498 ἀποπνίγεται
767 2446 914 2497 δαίμων,
931 2447 1105 2501 εὐφραίνει

90 2508 167 2552 τοὺς
189 2509 370 2557 συνόντας,
392 2507 524 2560 διαχέει
547 2507 676 2560 ψυχὴν,
693 2506 841 2554 ἀνίησιν.
861 2507 970 2546 Ἔνθα
996 2508 1107 2547 ἅκαν-

92 2574 172 2617 θαι,
194 2572 263 2607 ἐκεῖ
287 2569 409 2621 θηρία·
431 2569 511 2606 ἔνθα
528 2567 721 2620 φιλοξενία,
744 2569 806 2606 οὐκ
827 2568 911 2606 εἰσὶν
933 2569 1104 2607 ἄκανθαι·

91 2634 112 2676 ἡ
130 2630 196 2682 γὰρ
211 2630 425 2681 ἐλεημοσύνη
439 2631 636 2668 εἰσελθοῦσα
653 2629 781 2674 παντὸς
800 2630 969 2682 δρεπάνου
988 2631 1106 2681 τομώ-

93 2706 188 2742 τερον
210 2693 343 2742 ἀναιρεῖ
359 2690 422 2734 τὰς
446 2690 617 2737 ἀκάνθας,
641 2691 770 2734 παντὸς
795 2691 902 2742 πυρὸς
922 2691 1105 2744 σφοδρότε-

94 2770 161 2805 ρον.
188 2753 248 2800 Μὴ
271 2753 444 2806 φοὸηθῇς·
472 2753 619 2791 αἰδεῖται
639 2752 682 2790 τὰ
699 2752 778 2804 ἴχνη
799 2756 868 2791 τῶν
893 2753 1014 2805 ἁγίων,
1036 2770 1104 2792 κα-

91 2814 201 2866 θάπερ
233 2814 373 2857 λέοντας
395 2813 582 2857 ἀλώπεκες.
617 2813 760 2857 Δίκαιος
788 2813 878 2866 γὰρ,
915 2814 1032 2866 φησὶν,
1060 2817 1107 2858 ὡς

91 2874 178 2911 λέων
210 2874 383 2913 πέποιθεν.
410 2874 667 2926 Εἷσαγοίγωμεν
687 2873 828 2918 τούτους
857 2873 936 2919 τοὺς
967 2875 1108 2918 λέοντας

95 2936 140 2977 εἷς
162 2934 225 2980 τὴν
243 2934 364 2980 οἰκίαν,
384 2935 440 2973 καὶ
463 2935 579 2972 πάντα
608 2933 835 2986 φυγαδεύεται
863 2934 906 2972 τὰ
926 2935 1050 2987 θηρία,
1069 2936 1107 2973 οὗ

96 2994 254 3044 ΙΒοώντων
283 2996 393 3033 αὐτῶν
420 2995 579 3045 μεγάλα,
611 2996 687 3032 ἀλλ’
713 2996 832 3037 ἁπλῶς
853 2995 1104 3047 φθεγγομένων.

95 3057 147 3093 Οὐ
165 3055 231 3106 γὰρ
252 3056 450 3107 βρυχηθμὸς
467 3055 603 3098 λέοντος
618 3055 709 3093 οὕτω
729 3056 913 3107 φυγαδεύει
934 3056 978 3094 τὰ
993 3055 1108 3110 θηρία,
1132 3070 1156 3099 Β

95 3117 141 3157 ὡς
160 3114 244 3166 εὐχὴ
273 3115 404 3152 δικαίου
432 3115 615 3166 φυγαδεύει
646 3115 833 3165 δαίμονας·
862 3115 901 3153 ἂν
922 3116 1109 3168 φθέγξηται

97 3173 210 3221 μόνον,
246 3174 499 3225 κατεπτήχασι.
537 3175 606 3212 Καὶ
626 3181 692 3214 ποῦ
725 3181 781 3214 νῦν
814 3181 977 3223 τοιοῦτοι,
1014 3177 1112 3229 φησὶ,

99 3234 184 3280 εἰσί,
201 3235 406 3286 Πανταχοῧ,
428 3233 468 3271 ἂν
488 3235 704 3285 πιστεύωμεν
729 3239 854 3287 ἡμεῖς,
875 3236 914 3275 ἂν
943 3239 1115 3288 ζητῶμεν,

100 3295 138 3331 ἂν
166 3293 482 3346 περιεργαζιίψεθα.
503 3296 578 3332 Ποῦ
597 3295 791 3343 ἐζήτησας,
815 3297 890 3335 εἰπέ
924 3313 1004 3347 μοι,
1032 3297 1116 3335 πότε

99 3360 196 3393 τοῦτο
213 3355 308 3406 ἔργον
324 3354 442 3406 ἔσχες,
459 3354 543 3392 πότε
561 3361 709 3406 πρᾶγμα
726 3361 826 3394 τοῦτο
844 3355 937 3403 ἔθου,
961 3359 1003 3394 Εἰ
1023 3356 1058 3395 δὲ
1075 3359 1113 3395 οὐ

101 3420 231 3463 ζητεῖς,
251 3415 297 3465 μὴ
316 3415 516 3466 θαυμάσῃς,
535 3414 589 3452 ὅτι
610 3417 674 3466 οὐχ
696 3416 884 3468 εὑρίσκεις·
902 3416 946 3455 ‘O
962 3417 1028 3468 γὰρ
1051 3419 1111 3464 ζη-

1118 2359 1166 2385 404

90 2388 215 2427 εὐωδία
242 2382 286 2438 ἦ,
308 2388 372 2438 οὐχ
398 2387 465 2431 ἕξει
492 2386 612 2438 χώραν
642 2386 811 2424 δυσωδία·
832 2386 920 2424 οὕτω
939 2387 997 2425 καὶ
1025 2387 1106 2426 ἔνθα
1130 2396 1154 2425 Α

1282 308 1437 337 nomn.
1477 308 1568 337 Lm.
2060 296 2153 357 439

1177 387 1312 438 orbem,
1329 397 1362 426 et
1390 389 1425 426 in
1456 389 1518 426 illa
1550 388 1730 440 improbos
1754 397 1785 426 et
1811 390 1983 428 sexcentis
2011 391 2154 442 flagitiis

1176 447 1347 487 obnoxios
1357 464 1369 499 ,
1391 459 1424 487 et
1448 449 1534 488 alios
1562 449 1707 500 quidem
1736 450 1924 502 principes,
1954 451 2042 489 alios
2071 466 2154 490 vero

1176 509 1349 558 custodes,
1368 510 1458 548 alios
1477 511 1603 561 justos,
1625 519 1663 548 ut
1684 510 1830 560 Paulus,
1849 511 1937 549 alios
1966 511 2102 550 vinctos
2121 522 2154 551 et

1174 570 1325 620 peccatis
1339 571 1559 608 constrictos:
1575 571 1693 621 itaque
1706 571 1735 609 si
1748 571 1860 609 Paulo
1875 571 2070 622 credamus,
2085 587 2153 611 non

1178 629 1286 668 vincti
1305 631 1522 683 peribimus,
1545 631 1608 669 sed
1626 632 1804 671 solvemur
1822 649 1830 669 :
1845 647 1909 671 nos
1936 648 2074 684 quoque
2101 632 2155 673 illi

1175 689 1322 728 donabit
1339 693 1447 732 Deus.
1469 694 1524 729 An
1543 706 1649 743 negas
1667 702 1808 745 peecata
1827 703 1859 731 et
1878 694 2024 733 affectus
2048 710 2156 747 grave

1176 750 1363 788 vinculum
1376 752 1474 789 esse?
1489 766 1558 789 non
1575 752 1669 789 enim
1685 753 1765 790 solae
1781 767 1906 791 manus
1918 755 2046 793 vinctae
2056 766 2151 804 sunt,

1177 811 1239 848 sed
1257 821 1350 849 totus
1363 812 1481 850 homo.
1497 813 1566 851 Dic
1581 812 1674 850 enim
1691 813 1792 861 mihi,
1808 814 1837 851 si
1854 815 1934 864 quis
1950 817 2078 854 multas
2095 832 2156 869 pe-

1177 871 1298 909 cunias
1316 872 1497 923 possidens
1515 885 1585 909 non
1601 882 1719 923 eroget
1733 874 1790 911 vel
1807 875 1996 926 expendat,
2015 877 2074 914 sed
2096 892 2155 915 rc-

1176 931 1283 968 tineat
1303 947 1311 967 :
1328 945 1442 969 nonne
1461 932 1605 982 gravius
1624 947 1731 982 quam
1748 934 1888 972 vinctus
1907 936 2025 985 quivis
2046 939 2156 989 parsi-

1177 991 1296 1028 monia
1324 991 1505 1030 insolubili
1538 993 1682 1030 vinculo
1710 993 1868 1043 ligatur?
1891 995 2008 1044 Quid,
2029 998 2057 1034 si
2080 999 2158 1044 quis

1177 1051 1248 1088 fato
1268 1051 1495 1103 sesubjiciat,
1515 1065 1628 1089 nonne
1642 1051 1701 1089 hic
1719 1052 1799 1089 aliis
1812 1053 1942 1103 ligatus
1962 1064 2013 1092 est
2035 1045 2160 1094 vin-cu-

1178 1110 1248 1148 lis?
1271 1111 1374 1161 quid,
1393 1112 1422 1148 si
1441 1111 1772 1149 observationibus?
1790 1112 1890 1162 quid,
1912 1114 1942 1152 si
1963 1116 2160 1166 symbolis?

1179 1184 1293 1208 nonne
1312 1171 1387 1208 haec
1413 1172 1508 1209 omni
1533 1172 1675 1209 vinculo
1704 1181 1784 1210 sunt
1811 1173 1998 1224 graviora?
2018 1176 2117 1227 quid,
2132 1178 2160 1216 si

1177 1230 1340 1269 absurdae
1360 1231 1503 1270 cuidam
1522 1233 1814 1284 concupiscentiae
1834 1235 1891 1271 vel
1911 1237 2048 1274 amori?
2070 1238 2161 1284 Quis

1178 1292 1255 1330 haec
1284 1292 1386 1331 vobis
1414 1293 1556 1331 vincula
1583 1293 1806 1345 disrumpet?
1827 1296 1901 1333 Deo
1929 1310 2018 1348 opus
2044 1308 2093 1337 est
2125 1310 2162 1338 ut

1179 1353 1375 1391 solvantur.
1396 1353 1443 1391 Et
1459 1368 1570 1392 unum
1585 1354 1730 1405 quidem
1747 1355 1877 1393 horum
1891 1358 2023 1396 sufficit
2042 1360 2088 1397 ad
2104 1375 2163 1412 pc-

1180 1414 1332 1452 riculum
1356 1414 1549 1453 creandum
1571 1433 1577 1451 :
1599 1430 1681 1453 cum
1705 1426 1823 1455 autem
1846 1418 1990 1457 vincula
2016 1431 2049 1459 et
2078 1432 2163 1461 tem-

1179 1483 1307 1526 pestas,
1322 1476 1438 1526 cogita
1455 1485 1586 1526 quanta
1602 1476 1671 1514 sint
1688 1478 1856 1529 pericula.
1873 1479 1970 1524 Quid
1983 1482 2078 1519 enim
2095 1498 2162 1521 nou

1181 1535 1313 1573 sufficit
1348 1535 1393 1573 ad
1431 1537 1680 1588 perdendum?
1710 1552 1824 1576 nonne
1859 1540 1992 1578 suffieit
2025 1543 2134 1581 fames
2147 1546 2164 1581 ἶ)

1182 1610 1295 1634 nonne
1308 1598 1523 1649 tempestas?
1537 1612 1652 1635 nonne
1663 1607 1846 1637 vectorum
1859 1601 2041 1651 nequitia?
2052 1618 2165 1642 nonne

1147 1689 1156 1697 ,
1183 1665 1320 1708 tempus
1352 1657 1663 1709 inopportunum?
1692 1661 1830 1698 Verum
1864 1661 1911 1699 ad
1941 1662 2015 1700 haec
2046 1666 2163 1703 omnia

1182 1717 1276 1755 stetit
1294 1717 1510 1755 clarissimus
1529 1718 1675 1757 Paulus.
1695 1720 1747 1756 Ita
1767 1729 1800 1757 et
1818 1735 1911 1759 nunc
1928 1738 1935 1758 :
1952 1724 2164 1764 retineamus

1182 1777 1366 1815 nobiscum
1380 1786 1530 1824 sanctos,
1538 1787 1570 1816 et
1586 1792 1653 1816 non
1670 1779 1736 1817 erit
1752 1789 1940 1832 tempestas
1946 1798 1959 1833 ,·
1977 1783 2047 1822 imo
2059 1786 2164 1824 etiam

1182 1839 1211 1877 si
1246 1839 1291 1877 sit
1320 1848 1528 1892 tempestaS‚
1558 1841 1625 1878 crit
1650 1842 1818 1880 serenitas
1851 1852 1885 1880 et
1920 1847 2161 1896 tranquillitas

1183 1914 1324 1952 magna,
1338 1915 1378 1938 ac
1394 1901 1555 1939 liberatio
1573 1916 1591 1938 a
1612 1902 1795 1953 periculis.
1817 1904 1959 1943 Etenim
1974 1907 2085 1946 vidua
2100 1909 2162 1947 illa

1181 1971 1342 1999 sanctum
1357 1962 1510 1999 habebat
1531 1963 1702 2013 amicum,
1727 1973 1760 2002 et
1779 1978 1873 2003 mors
1895 1966 1959 2004 filii
1979 1969 2094 2006 soluta
2113 1980 2163 2008 est

1179 2036 1399 2074 puerumque
1413 2021 1616 2061 redivivum
1632 2024 1780 2076 accepit.
1799 2025 1872 2063 Ubi
1897 2028 2004 2078 pedes
2029 2040 2163 2068 sancto-

1180 2096 1261 2119 rum
1276 2091 1475 2132 versantur,
1493 2083 1583 2121 nihil
1601 2083 1729 2122 accidit
1742 2085 1840 2123 triste
1857 2102 1864 2122 :
1880 2086 1932 2124 sin
1949 2089 2099 2140 accidat,
2118 2091 2163 2128 ad

1180 2142 1424 2193 probationem
1443 2151 1477 2180 et
1502 2142 1547 2180 ad
1568 2144 1735 2195 majorem
1757 2145 1822 2182 Dei
1843 2146 1993 2197 gloriam
2020 2150 2160 2189 accidit.

1181 2203 1251 2240 Fac
1264 2212 1303 2240 ut
1322 2203 1451 2241 domus
1479 2203 1726 2256 pavimentum
1747 2205 1949 2256 frequenter
1966 2210 2012 2247 ab
2038 2211 2161 2263 hujus-

1180 2264 1277 2301 modi
1307 2264 1461 2302 calcetur
1489 2265 1651 2316 pedibus,
1671 2280 1734 2303 nec
1756 2267 1805 2304 ihi
1832 2268 1983 2308 calcabit
2002 2272 2161 2322 daemon3

1179 2333 1212 2362 et
1237 2324 1363 2362 merito
1382 2324 1540 2376 quidem.
1565 2325 1668 2363 Sicut
1687 2326 1781 2364 enim
1799 2328 1861 2365 ubi
1886 2330 2091 2384 fragrantia,
2112 2335 2162 2372 ibi

1178 2385 1280 2423 foetor
1299 2385 1418 2423 locum
1439 2400 1507 2424 non
1529 2385 1636 2423 habet
1656 2401 1663 2422 :
1685 2387 1735 2424 sic
1757 2387 1819 2425 ubi
1839 2402 2058 2441 unguentum
2076 2409 2160 2433 san-

1179 2455 1290 2497 ctum,
1307 2446 1359 2484 ibi
1373 2447 1567 2485 suffocatur
1586 2447 1737 2496 daemon,
1759 2448 1868 2488 simul
1881 2462 2022 2502 agentes
2039 2455 2158 2493 laetifi—

1178 2516 1244 2556 cat,
1259 2516 1391 2545 recreat
1409 2507 1576 2545 animam.
1590 2508 1663 2546 Ubi
1680 2509 1802 2560 spinae,
1823 2510 1874 2549 ibi
1890 2513 1971 2551 ferae
1992 2531 2001 2551 τ
2023 2516 2160 2555 ubibo-

1177 2568 1368 2620 spitalitas,
1386 2568 1437 2605 ibi
1460 2569 1569 2620 spinae
1595 2584 1663 2607 non
1681 2579 1880 2610 summam
1894 2574 2049 2625 ingressa
2073 2579 2160 2616 elee-

1179 2643 1326 2681 mosyna
1345 2629 1434 2667 falce
1457 2630 1594 2667 acutior
1613 2629 1733 2681 spinas
1752 2632 1918 2681 succidit,
1939 2645 1972 2673 et
1990 2637 2072 2688 igne
2093 2653 2159 2677 ve-

1177 2689 1376 2727 hementius
1396 2690 1515 2727 exurit
1536 2704 1605 2727 eas.
1628 2691 1681 2727 Ne
1700 2690 1825 2729 timeas
1847 2708 1855 2728 :
1879 2694 2003 2734 timent
2020 2708 2159 2737 sancto-

1179 2765 1258 2788 rum
1274 2749 1423 2800 vestigia
1452 2750 1544 2787 sicut
1569 2751 1705 2788 leonem
1727 2752 1862 2803 vulpes.
1886 2757 2022 2796 Justus
2041 2763 2139 2796 enim
2144 2790 2156 2807 ,
2176 2768 2255 2795 Prou
2287 2766 2338 2796 28.

1179 2810 1308 2862 inquit,
1330 2819 1371 2847 ut
1391 2810 1449 2847 leo
1468 2811 1643 2862 confidit.
1666 2810 1739 2848 Hos
1759 2811 2025 2855 introducamus
2044 2819 2160 2858 leones
2179 2817 2204 2836 ¹'

1180 2871 1214 2909 in
1239 2870 1400 2917 domum,
1420 2879 1453 2907 et
1483 2870 1562 2908 ferae
1588 2885 1709 2908 omnes
1735 2872 1968 2926 fugabuntur,
1990 2892 2058 2916 non
2088 2881 2160 2921 illis

1179 2932 1458 2970 occlamantibus
1489 2931 1550 2969 sed
1576 2931 1785 2984 simpliciter
1816 2934 2055 2986 loquentibus.
2081 2944 2160 2982 Non

1180 2994 1274 3034 enim
1294 2993 1432 3044 rugitus
1451 2993 1562 3031 leonis
1580 2994 1708 3032 bestias
1731 2995 1779 3032 sie.
1798 2997 1911 3048 fugat,
1931 3009 1969 3038 ut
1981 3002 2070 3053 justi
2083 3020 2163 3056 pre,

1181 3054 1272 3092 catio
1287 3053 1481 3092 daemonas:
1497 3055 1527 3092 si
1543 3054 1708 3105 loquatur
1720 3065 1870 3106 tantum,
1887 3059 2080 3102 formidant
2096 3066 2162 3105 illi.

1183 3115 1232 3153 Et
1258 3114 1421 3162 ubinam,
1451 3114 1600 3165 inquies,
1630 3129 1722 3153 nunc
1754 3117 1839 3155 tales
1868 3119 2028 3160 homines
2058 3136 2138 3165 sunt
2150 3129 2166 3165 ἱ)

1190 3176 1344 3227 Ubique,
1365 3176 1394 3213 si
1414 3190 1474 3213 nos
1496 3175 1692 3224 credamus,
1709 3177 1738 3214 si
1757 3192 1968 3230 quaeramus,
1985 3184 2013 3221 si
2032 3187 2168 3226 curiose

1190 3236 1480 3288 pervestigemus.
1507 3235 1581 3274 Ubi
1608 3237 1826 3289 quaesivisti‚
1850 3244 1994 3289 quaeso9
2012 3248 2166 3295 quando—

1185 3309 1269 3333 nam
1290 3295 1357 3333 hoc
1385 3296 1543 3333 curasti?
1561 3296 1600 3333 Si
1631 3310 1698 3334 non
1717 3312 1869 3349 quaeras,
1891 3315 1934 3339 ne
1960 3304 2112 3358 mireris,
2141 3310 2170 3347 si

1183 3371 1251 3394 non
1273 3356 1428 3409 reperias
1446 3372 1453 3392 :
1473 3363 1553 3395 nam
1577 3359 1652 3408 Qui
1669 3363 1818 3410 quaerit,
1843 3365 2003 3413 invenit,
2024 3382 2092 3407 non
2110 3373 2169 3422 qui
2188 3377 2285 3406 Aluna<
2306 3385 2319 3412 7
2341 3384 2367 3410 7-

1184 3431 1251 3456 non
1278 3417 1414 3468 quaerit.
1432 3418 1524 3455 Audi
1553 3432 1610 3456 eos
1638 3419 1699 3469 qni
1728 3420 1761 3458 in
1783 3422 2040 3465 solitudinibus
2063 3441 2142 3470 sunt
2164 3450 2170 3470 ς
