2466 3805
695 212 737 241 IN
774 213 887 242 ACTA
925 208 1096 241 APOSTO
1104 208 1182 237 Lon
1191 208 1249 236 ml
1260 228 1268 237 .

82 298 137 349 ρία
154 297 204 339 τίς
222 300 312 335 ἐστιν
327 312 333 319 ’
355 299 388 334 αἱ
404 296 440 333 δὲ
457 295 621 347 Πράξεις,
635 290 682 333 ὧν
702 300 718 334 ὁ
738 298 850 349 ἕτερος
866 296 1101 348 Παράκλητος

80 353 155 396 εἷπε
170 358 229 396 καὶ
249 356 402 404 ἐποίησε.
422 355 491 394 Καὶ
518 356 596 394 τότε
619 357 680 407 μὲν
696 357 764 411 γὰρ
782 357 896 396 πολλὰ
918 356 977 395 καὶ
1001 355 1102 397 αὐτὸς

80 420 205 465 ἐποίει,
221 419 338 469 ὥσπερ
354 413 411 456 οῦν
432 418 491 455 καί
510 423 567 456 νῦν
580 421 598 455 ὃ
613 419 761 469 Χριστὸς
777 420 924 469 ἐνεργεῖ,
944 416 1103 466 καθάπερ

80 480 138 517 καὶ
153 479 231 517 τότε
245 495 252 502 ·
271 479 361 516 ἀλλὰ
374 478 453 517 τότε
469 479 488 497 *
502 479 563 529 μὲν
583 479 640 516 διὰ
656 483 715 517 τοῦ
726 484 808 517 ναοῦ
818 509 828 526 ,
843 484 901 517 νῦν
913 477 948 516 δὲ
963 476 1018 514 διὰ
1034 478 1103 513 τῶν

82 539 301 578 ἀποστόλων·
335 539 394 576 καὶ
424 538 500 577 τότε
527 537 589 588 μὲν
610 541 657 582 εἷς
676 537 886 592 παρθενικὴν
912 532 996 584 ἦλθε
1029 535 1102 586 μή-

80 616 176 651 τραν,
196 601 256 638 καὶ
273 600 354 638 ναὸν
370 599 554 646 ὃιέπλασε,
575 604 630 638 νῦν
650 600 685 637 δὲ
705 602 751 642 εἷς
780 599 894 651 ψυχὰς
919 598 1101 636 ἀποστολι-

80 661 144 704 mig
157 677 164 684 ·
185 661 244 699 καὶ
263 661 340 698 τότε
366 660 426 712 μὲν
448 663 482 698 ἐν
499 660 581 698 εἴδει
599 666 822 713 περιστερᾶς,
840 664 896 697 νῦν
915 658 949 697 δὲ
969 661 1004 696 ἐν
1022 657 1102 695 εἴδει

81 722 254 773 πυρός.Τί
272 722 419 769 δήποτε,
439 722 538 760 Ἐκεῖ
557 721 620 771 μὲν
635 721 674 758 τὸ
689 727 798 772 πρᾶον
813 721 941 767 δηλῶν,
957 721 1103 757 ἐνταῦθα

81 783 117 821 δὲ
137 783 196 821 καὶ
212 784 252 821 τὸ
266 782 512 833 τιμωρητικόν.
529 782 598 819 Καὶ
617 785 678 827 τῆς
693 780 863 833 ἀκρίσεως
883 780 918 817 δὲ
935 779 1103 831 εὐκαίρως

81 841 448 893 ἀναμιμνήσκει.”οτε
463 841 525 891 μὲν
540 841 608 893 γὰρ
619 841 859 892 ἁμαρτήματα
875 843 1103 892 συγχωρῆσαι

80 903 148 941 ἔδει
164 932 173 951 ,
200 905 330 949 πολλῆς
357 901 424 939 ἔδει
444 905 506 947 τῆς
521 901 733 953 πραότητος·
749 900 868 947 ἐπειδὴ
882 900 918 939 δὲ
932 900 1102 951 ἐτύχομεν

80 967 142 1011 τῆς
173 966 320 1017 δωρεᾶς,
345 963 465 1002 λοιπὸν
488 963 546 1001 καὶ
565 963 712 1015 κρίσεως
739 962 799 1000 καὶ
818 961 1004 1006 ἐξετάσεως
1023 977 1103 999 και-

84 1025 153 1077 ρός.
175 1027 258 1068 Πῶς
273 1025 321 1070 δὲ,
340 1021 645 1072 Βαπτισθήσεσθε,
658 1023 771 1074 λέγει,
788 1022 913 1066 ὕδατος
929 1023 990 1060 οὐκ
1009 1022 1104 1065 ὄντος

83 1089 116 1125 ἐν
137 1089 186 1137 τῷ
205 1085 372 1137 ὑπερῴιγη
388 1084 474 1123 '‘O-:t
486 1085 526 1123 τὸ
544 1083 776 1137 ε’κυριώτερον
795 1085 835 1122 τὸ
848 1083 998 1134 Πνεῧμά
1017 1086 1102 1130 ἐστι,

82 1149 125 1185 δι’
147 1141 185 1184 οῧ
205 1146 264 1184 καὶ
280 1147 319 1184 τὸ
333 1147 425 1199 ὕδωρ
445 1148 595 1199 ἐνεργεῖ·
615 1145 734 1199 ὥσπερ
761 1139 818 1183 οὖν
846 1145 905 1182 καὶ
926 1145 1026 1188 αὐτὸς
1047 1160 1103 1182 κε-

81 1208 223 1261 χρίσθαι
241 1207 400 1258 λέγεται,
434 1208 586 1257 οὐδαμοῦ
617 1207 828 1260 χρισάμενος
859 1206 965 1259 ἐλαίῳ
978 1237 986 1253 ,
1014 1206 1105 1245 ἀλλὰ

82 1270 228 1318 Πνεῦμα
243 1268 422 1318 δεξάμενος
434 1283 442 1292 ·
459 1268 574 1310 ἄλλως
588 1266 623 1306 δὲ
642 1267 702 1306 καὶ
718 1267 818 1305 ὕδατι
835 1267 1106 1318 βαπτιζομένους

82 1329 202 1373 αὐτοὺς
229 1329 320 1368 ἔστιν
342 1332 464 1380 εὑρεῖν,
496 1328 555 1366 καὶ
588 1331 623 1367 ἐν
653 1328 830 1381 διαφόροις
860 1334 1003 1382 καιροῖς.
1028 1329 1106 1382 Ἐφ’

82 1393 181 1441 ἡμῶν
203 1390 264 1440 μὲν
285 1389 352 1441 γὰρ
372 1389 555 1442 ἀμφότερα
571 1389 701 1440 γίνεται
721 1391 776 1441 ὑφ’
805 1388 853 1436 ἓν,
873 1389 952 1428 τότε
974 1389 1009 1428 δὲ
1039 1391 1106 1428 διε-

83 1450 301 1501 σπασμένως.
322 1451 429 1502 Παρὰ
447 1450 514 1502 γὰρ
539 1450 603 1497 τὴν
621 1450 733 1503 ἀρχὴν
753 1450 819 1488 ὑπὸ
837 1450 998 1489 Ἰωάννου
1022 1452 1107 1491 ἐξα-

82 1511 276 1558 πτίσθησαν
289 1527 296 1535 ·
332 1512 390 1550 καὶ
420 1511 467 1563 μὴ
491 1510 683 1563 θαυμάσῃς.
722 1512 766 1549 Εἰ
799 1510 866 1563 γὰρ
897 1511 1022 1563 πόρναι
1048 1513 1107 1551 καὶ

81 1574 227 1610 τελῶναι
242 1573 299 1611 ἐπὶ
314 1573 352 1611 τὸ
370 1573 554 1624 βάπτισμα
565 1572 672 1622 ᾔεσαν
693 1573 802 1610 ἐκεῖνο
815 1603 824 1620 ,
841 1574 959 1625 πολλῷ
976 1575 1108 1624 μᾶλλον

82 1635 113 1670 οἱ
132 1633 221 1683 μετὰ
248 1637 359 1671 ταῦτα
379 1634 608 1685 βαπτίζεσθαι
628 1633 811 1684 μέλλοντες
830 1634 897 1672 ὑπὸ
913 1638 972 1673 τοῦ
996 1636 1107 1673 Πνεύ-

84 1708 202 1743 ματος.
232 1688 322 1732 Εἶτα
340 1694 397 1732 ἵνα
425 1693 473 1744 μὴ
491 1694 653 1745 λέγωσιν,
681 1697 715 1733 ἐν
743 1695 967 1746 ἐπαγγελίαις
987 1696 1040 1734 ἀεὶ
1069 1696 1108 1734 τὸ

82 1761 229 1807 πρᾶγμα
244 1756 256 1807 <
265 1755 324 1794 καὶ
339 1755 407 1808 γὰρ
420 1755 478 1794 καὶ
495 1756 562 1802 ἤδη
579 1755 692 1794 πολλὰ
707 1756 788 1809 περὶ
802 1758 904 1794 αὐτοῦ
920 1757 1107 1810 διελέχθη),

728 1811 748 1819 ⁸
833 1815 846 1839 f
857 1818 1107 1867 ἀνυπόστατον,

82 1876 227 1927 ἀπάγων
248 1876 370 1920 αὐτοὺς
385 1881 447 1924 τῆς
459 1878 623 1925 τοιαύτης
639 1877 800 1922 ὑπονοίας
812 1908 821 1924 ,
843 1881 897 1917 Οὔ
917 1878 1005 1930 μετὰ
1024 1882 1108 1917 πολ-

83 1816 171 1866 μηδὲ
191 1815 379 1866 νομίσωσιν
409 1816 491 1854 αὐτὸ
511 1816 684 1869 ἐνέργειαν
715 1821 804 1855 εἶναι

82 1937 145 1981 λὰς
160 1937 287 1982 ταύτας
302 1938 437 1990 ἡμέρας
449 1967 458 1984 ,
477 1939 573 1990 φησί.
592 1939 662 1976 Καὶ
682 1940 743 1976 οὒκ
762 1939 916 1985 ἐδήλωσε
934 1940 1036 1986 πότε,
1051 1939 1107 1978 ἵνα

83 1998 136 2036 ἀεὶ
164 2002 395 2050 γρηγορῶσιν,
415 2001 490 2037 ἀλλ’
509 1999 642 2049 ὅτιμὲν
662 1998 762 2051 ἐγγὺς
789 1999 888 2038 ἔσται
916 1993 1023 2047 εἶπεν,
1052 2000 1107 2039 ἵνα

85 2059 132 2110 μὴ
155 2061 341 2097 ἐκλυθῶσι·
363 2059 447 2097 πότε
475 2059 532 2107 δὲ,
557 2062 619 2097 οὐκ
644 2059 695 2097 ἔτι
725 2060 951 2111 προσέθηκεν,
978 2061 1034 2099 ἵνα
1054 2063 1107 2100 ἀεὶ

83 2121 249 2172 νήφωσιν.
278 2121 330 2159 Οὔ
347 2119 457 2172 τούτῳ
481 2120 515 2158 δὲ
549 2119 650 2171 μόνον
681 2119 803 2164 αὐτοὺς
840 2125 1044 2169 πιστοῦται,
1063 2126 1106 2174 τῇ

82 2182 252 2233 ταχύτητι
274 2181 365 2232 λέγω
386 2186 444 2219 τοῦ
462 2184 606 2232 καιροῦ,
627 2180 718 2218 ἀλλὰ
735 2180 794 2218 καὶ
812 2183 862 2233 τῷ
883 2181 1010 2234 λέγειν,
1031 2183 1106 2229 Τὴν

81 2241 304 2293 ἐπαγγελίαν,
336 2242 378 2287 ἣν
413 2241 586 2287 ἠκούσατέ
617 2256 695 2292 μου.
725 2240 775 2280 ⁶0
807 2242 842 2280 δὲ
873 2242 985 2294 λέγει,
1007 2245 1109 2284 τοῦτό

80 2306 195 2341 ἐστιν·
219 2304 256 2342 οὐ
276 2307 331 2341 νῦν
352 2306 434 2354 ὑμῖν
456 2297 563 2350 εἶπον,
591 2303 696 2355 φησὶ,
717 2303 832 2353 μόνον,
849 2304 939 2342 ἀλλὰ
959 2306 1018 2344 καὶ
1040 2307 1106 2355 ἤδη

79 2364 357 2416 ἐπηγγειλάμην,
382 2363 403 2401 ἃ
430 2363 569 2409 ποιήσω
594 2364 744 2407 πάντως.
765 2363 813 2401 Τί
832 2365 945 2403 τοίνυν
971 2367 1107 2417 θαυμά-

79 2427 145 2468 ζεις
159 2454 168 2471 ,
193 2426 222 2462 εἰ
235 2423 298 2470 τὴν
320 2423 454 2476 ἡμέραν
473 2427 535 2470 τῆς
551 2423 748 2467 συντελείας
768 2424 816 2475 μὴ
836 2426 944 2477 λέγει,
966 2426 1051 2466 ὅπου
1068 2445 1106 2481 γε

79 2485 207 2531 ταύτην
224 2485 286 2533 τὴν
307 2485 413 2529 οὕτως
435 2485 537 2537 ἐγγὺς
556 2480 660 2533 οὖσαν
680 2488 766 2524 Βοῦκ
787 2487 939 2534 ἠθέλησε
961 2492 1107 2536 ποιῆσαι

80 2546 298 2595 κατάδηλον,
323 2548 393 2586 Καὶ
416 2546 512 2598 μάλα
541 2546 700 2595 εἰκότως,
725 2546 768 2585 ἵν’
798 2548 853 2587 ἀεὶ
884 2551 1108 2603 ἐγρηγορότες

80 2601 146 2647 ὦσι
165 2608 224 2647 καὶ
250 2611 284 2647 ἐν
303 2607 495 2662 προσδοκίᾳ
514 2607 573 2647 καὶ
592 2607 758 2662 μερίμνῃ.

134 2858 186 2894 Οὐ
233 2855 300 2907 γὰρ
339 2856 444 2905 ἔστιν,
469 2857 532 2894 οὐκ
563 2857 636 2895 ἔστι
665 2856 806 2909 χάριτος
831 2860 1028 2900 ἀπολαῦσαι
1057 2861 1105 2913 μὴ

79 2918 242 2970 νήφοντα.
261 2917 312 2955 Ἢ
330 2920 395 2970 οὐχ
421 2921 523 2971 ὁρᾷς,
545 2917 580 2955 τί
599 2933 684 2969 φησι
705 2918 766 2956 καὶ
785 2919 911 2964 Ἠλίας
943 2922 1030 2974 πρὸς
1048 2923 1106 2962 τὸν

79 2978 236 3028 μαθητήν
252 2995 262 3026 ;
279 2978 366 3017 Ἐὰν
384 2979 458 3031 ἴδῃς
476 2994 519 3028 με
542 2979 888 3030 ἀναλαμὸανόμενον,
910 2980 1034 3022 ι’ἔσται
1053 3001 1107 3023 σοι

78 3038 184 3077 οὕτω·
206 3039 381 3087 τουτέστι,
405 3039 593 3091 γενήσεταί
621 3055 675 3078 σοι
705 3046 830 3089 τοῦτο,
851 3041 869 3080 ὃ
889 3045 1006 3088 αἰτεῖς.
1036 3047 1106 3085 Καὶ

77 3105 94 3138 ὁ
125 3101 273 3153 Χριστὸς
300 3100 335 3138 δὲ
366 3105 546 3152 πανταχοῦ
574 3106 645 3143 τοῖς
671 3106 872 3153 προσιοῦσιν
899 3103 1014 3157 ἔλεγε·
1035 3108 1106 3145 Πι-

78 3161 210 3206 στεύεις
225 3178 234 3209 ;
248 3160 334 3200 Ἐὰν
349 3161 417 3213 γὰρ
436 3160 484 3213 μὴ
501 3163 734 3212 οἷκειωθῶμεν
755 3163 840 3216 πρὸς
859 3164 900 3203 τὸ
915 3165 1106 3218 διδόμενον,

120 3276 136 3294 ⁸
160 3277 241 3318 [μέν
256 3275 299 3308 ab
315 3275 440 3309 savilio
456 3277 548 3309 uncis
562 3276 726 3309 inclusum
737 3305 745 3320 ,
761 3276 857 3311 abest
872 3290 891 3311 a
907 3280 943 3313 C.
963 3281 1021 3324 D.J

120 3328 136 3352 d
160 3327 255 3360 Idem
271 3327 355 3361 Cod.
373 3334 491 3374 κρίσεως
505 3333 605 3364 λοιπὸν
620 3335 848 3373 ἀναμιμνήσκει.

120 3385 129 3398 ²
154 3380 208 3421 [τὸ
229 3388 405 3426 κυριώτερον
430 3379 622 3414 addidimus
637 3391 654 3413 e
675 3380 777 3416 Savll.
790 3389 823 3415 et.
839 3383 877 3416 C.
894 3384 934 3417 D·
949 3384 960 3429 ]

1307 209 1464 239 nonu„
1504 211 1534 240 1.
2098 213 2143 239 Η

1124 296 1147 325 C
1171 306 1249 329 rum
1267 323 1276 340 ,
1318 307 1395 344 quae
1424 295 1587 333 Christus
1616 295 1698 333 fecit
1743 303 1774 332 et
1804 293 1897 331 dixit
1919 309 1926 329 ε
1950 297 2037 331 Acta
2071 308 2154 331 vero

1172 368 1293 391 eorum
1325 368 1403 405 quae
1436 356 1528 394 alius
1559 356 1763 395 Paracletus
1793 355 1888 393 dixit
1910 363 1943 392 et
1970 354 2065 392 feeit.
2091 355 2155 392 Ille

1171 429 1324 468 namque
1345 419 1420 470 jam
1444 419 1530 458 olim
1551 420 1662 458 multa
1682 418 1920 472 operabatur,
1941 417 2032 455 sicut
2049 419 2156 456 etiam

1173 475 1336 516 Christus
1354 493 1448 518 nunc
1468 490 1647 533 operatur,
1669 489 1703 519 et
1718 480 1803 518 olim
1823 493 1964 531 quoque
1987 480 2155 531 operaba-

1171 547 1230 575 tur
1240 554 1252 588 3
1272 538 1333 577 sed
1350 548 1433 579 tunc
1451 556 1515 593 per
1536 542 1729 595 templum,
1756 554 1850 579 nunc
1869 554 1930 592 per
1963 540 2153 591 apostolos.

1173 598 1220 636 Et
1248 607 1334 637 tunc
1353 601 1497 651 quidem
1525 602 1560 641 in
1589 603 1792 654 virgineum
1814 611 1956 639 uterum
1986 601 2107 651 venit,
2125 611 2158 639 et

1172 658 1347 710 templum
1367 661 1536 700 formavit
1554 679 1564 712 5
1586 677 1680 701 nunc
1708 672 1826 701 autem
1852 662 1889 699 in
1908 661 2045 699 animas
2063 661 2159 700 venit

1172 718 1413 770 apostolicas:
1447 730 1532 759 tunc
1561 723 1597 760 in
1630 722 1744 775 specie
1775 722 1972 768 columbae,
2005 735 2097 759 nunc
2123 722 2159 759 in

1172 778 1287 829 specie
1306 779 1410 830 ignis.
1441 781 1587 827 Quare?
1610 783 1692 820 Illic
1717 782 2023 820 mansuetudinem
2050 783 2158 820 exhi-

1171 839 1278 877 bebat
1294 870 1305 890 ,
1329 840 1389 879 hic
1419 856 1504 881 vero
1535 843 1681 881 ultionis
1715 844 1949 881 severitatem.
1976 844 2159 882 Judicium

1172 908 1291 937 autem
1314 911 1512 953 opportune
1537 912 1800 941 commemorat.
1833 904 1925 940 Cum
1957 903 2052 941 enim
2074 918 2158 955 pee—

1125 965 1151 995 D
1173 969 1249 998 cata
1268 961 1498 1002 condonanda
1518 974 1637 1014 erant,
1669 965 1781 1002 multa
1800 978 1889 1016 opus
1909 973 1983 1003 erat
1997 979 2163 1003 mansue-

1172 1021 1297 1061 tudine
1324 1039 1331 1060 :
1371 1024 1454 1074 quia
1488 1039 1571 1064 vero
1597 1025 1733 1064 donum
1768 1025 1976 1077 consequuti
2009 1040 2132 1064 sumus
2151 1058 2159 1073 ‚

1168 1085 1245 1136 jam
1278 1094 1421 1138 tempus
1453 1096 1504 1125 est
1528 1086 1661 1139 judicii
1690 1097 1723 1126 et
1755 1088 1940 1126 examinis.
1972 1088 2163 1136 Quomodo

1173 1155 1292 1184 autem
1310 1146 1414 1191 dicit,
1430 1149 1750 1200 Baptizabimini,
1773 1163 1853 1187 cum
1877 1163 1968 1200 aqua
1986 1163 2056 1187 non
2076 1160 2164 1188 esset

1174 1206 1210 1244 in
1238 1208 1448 1246 coenaculo?
1468 1209 1562 1256 Quia
1591 1210 1626 1247 in
1654 1210 1834 1263 baptismo
1866 1211 2044 1263 praecipue
2072 1212 2167 1250 valet

1174 1267 1356 1320 Spiritus,
1393 1284 1455 1322 per
1489 1285 1594 1322 quem
1624 1286 1713 1323 aqua
1751 1280 1918 1324 operatur
1951 1288 1957 1308 :
1995 1273 2167 1324 quemad-

1176 1327 1322 1366 modum
1361 1330 1528 1368 Christus
1568 1341 1695 1370 unctus
1738 1332 1847 1370 fuisse
1887 1331 2021 1370 dicitur
2037 1364 2048 1383 ,
2087 1334 2168 1372 licet

1176 1403 1372 1440 numquam
1393 1391 1469 1430 oleo
1490 1401 1618 1430 unctus
1637 1393 1743 1430 fuerit
1754 1423 1765 1442 ,
1787 1392 1848 1430 sed
1867 1393 2045 1445 Spiritum
2071 1409 2169 1433 acce-

1176 1449 1282 1501 perit.
1304 1450 1472 1501 Alioquin
1502 1466 1587 1491 vero
1612 1452 1707 1504 ipsos
1726 1467 1817 1504 aqua
1836 1453 2034 1505 baptizatos
2063 1455 2171 1494 fuisse

1177 1512 1331 1564 reperire
1347 1522 1398 1551 est
1413 1544 1423 1562 ‚
1449 1523 1483 1552 et
1501 1514 1537 1552 in
1557 1514 1709 1554 diversis
1731 1516 1962 1568 temporibus.
1984 1517 2089 1569 Apud
2108 1532 2172 1557 nos

1177 1574 1271 1612 enim
1294 1584 1485 1627 utrumque
1511 1591 1582 1615 uno
1608 1577 1801 1629 eodemque
1820 1579 1861 1617 fit
1889 1587 2060 1632 tempore,
2086 1590 2171 1619 tunc

1177 1647 1295 1676 autem
1315 1638 1466 1678 diversis
1485 1641 1717 1693 temporibus.
1741 1641 1847 1680 Initio
1864 1656 2016 1693 namque
2032 1658 2051 1681 a
2064 1646 2171 1684 Joan-

1178 1713 1222 1737 ne
1236 1699 1406 1752 baptizati
1420 1710 1523 1750 sunt;
1542 1715 1605 1740 nee
1621 1702 1754 1740 mirum
1771 1712 1834 1741 est.
1852 1704 1943 1741 Nam
1960 1703 1989 1742 si
2012 1706 2172 1744 meretri-

1177 1774 1233 1798 ces
1254 1771 1287 1798 οι
1301 1761 1485 1813 publicani
1502 1761 1548 1800 ad
1564 1762 1657 1800 illud
1672 1763 1849 1816 baptisma
1862 1775 2034 1804 venerunt
2050 1782 2061 1816 3
2080 1767 2172 1805 mul—

1178 1830 1214 1860 to
1231 1823 1346 1874 magis
1366 1823 1405 1874 ii,
1426 1824 1486 1874 qui
1501 1834 1622 1876 postea
1639 1840 1655 1863 a
1674 1825 1813 1878 Spiritu
1832 1827 2037 1879 baptizandi
2057 1839 2168 1867 erant.

1178 1883 1332 1934 Deinde,
1350 1898 1394 1922 ne
1411 1883 1580 1935 dicerent,
1601 1901 1674 1924 rem
1694 1886 1729 1924 in
1743 1888 1928 1939 promissis
1947 1903 2085 1941 semper
2100 1904 2173 1928 esse

1178 1946 1190 1990 (
1205 1958 1283 1981 nam
1301 1945 1415 1983 multa
1436 1944 1502 1984 hac
1519 1946 1563 1984 de
1585 1961 1622 1985 re
1640 1946 1735 1986 dicta
1756 1948 1939 2000 fuerant),
1958 1964 2046 1988 neve
2060 1961 2171 2003 puta—

1179 2014 1256 2044 rent
1269 2005 1511 2058 operationem
1533 2021 1606 2046 esse
1627 2008 1703 2046 sine
1719 2023 1756 2047 re
1777 2009 1911 2061 aliqua,
1933 2011 2014 2049 illos
2041 2013 2087 2050 ab
2106 2012 2172 2051 hac

1178 2067 1380 2119 suspicione
1399 2067 1592 2118 abducens,
1623 2069 1695 2108 ait:
1716 2072 1807 2108 Non
1830 2081 1915 2123 post
1937 2074 2078 2111 multos
2103 2076 2171 2112 hos

1179 2128 1270 2164 dies.
1293 2128 1415 2178 Neque
1445 2128 1620 2167 indicavit
1639 2130 1803 2180 quando,
1824 2141 1861 2168 ut
1883 2146 2020 2185 semper
2044 2134 2169 2186 vigila-

1178 2198 1280 2239 rent3
1311 2188 1370 2227 sed
1396 2189 1498 2228 brevi
1518 2191 1680 2229 futurum
1705 2191 1822 2242 dixit,
1843 2207 1886 2232 ne
1907 2195 2025 2234 animo
2045 2195 2171 2235 defice-

1178 2260 1255 2289 rent
1271 2267 1282 2301 ;
1306 2265 1368 2289 nec
1392 2251 1533 2290 addidit
1551 2253 1709 2304 quando,
1735 2263 1774 2292 ut
1801 2269 1942 2308 semper
1960 2257 2096 2308 vigiles
2113 2273 2170 2297 es-

1178 2321 1265 2349 sent.
1283 2313 1406 2362 Neque
1419 2312 1490 2350 hoc
1506 2322 1645 2352 tantum
1661 2314 1768 2353 modo
1790 2315 1870 2354 iHos
1891 2317 1937 2355 ad
1956 2318 2171 2359 credendum

1180 2371 1344 2423 inducit,
1378 2372 1513 2412 scilicet
1543 2389 1607 2426 per
1641 2375 1855 2415 brevitatem
1889 2380 2079 2431 tempori53
2110 2383 2173 2420 sed

1180 2434 1287 2472 etiam
1307 2448 1389 2472 cum
1408 2434 1497 2474 dicit
1512 2467 1520 2483 ,
1537 2438 1842 2477 Promissionem
1863 2454 1982 2492 quam
2008 2445 2173 2483 audistis

1181 2510 1205 2535 a
1225 2511 1285 2534 me
1298 2513 1314 2543 ;
1334 2495 1372 2535 id
1391 2507 1442 2535 est
1462 2514 1470 2534 :
1489 2498 1570 2536 Non
1596 2513 1692 2537 nunc
1709 2500 1814 2539 vobis
1833 2510 1971 2541 tantum
1992 2503 2086 2555 dixi,
2111 2507 2171 2545 sed

1176 2558 1251 2610 jam
1264 2558 1427 2610 promisi,
1442 2573 1519 2610 quae
1532 2559 1677 2598 omnino
1693 2561 1850 2600 facturus
1867 2577 1957 2601 sum.
1974 2565 2074 2613 Quid
2089 2581 2172 2619 ergo

1179 2619 1336 2669 miraris,
1358 2619 1388 2657 si
1414 2618 1510 2657 diem
1531 2622 1846 2661 consummationis
1876 2638 1946 2662 non
1972 2626 2092 2678 dieat,
2112 2631 2173 2680 qui

1181 2680 1277 2719 hunc
1297 2681 1459 2721 vicinum
1485 2681 1582 2720 diem
1600 2682 1716 2720 noluit
1743 2682 1929 2723 indicare?
1960 2686 2073 2739 quue
2092 2691 2174 2742 jure

1181 2743 1307 2781 merito
1320 2773 1332 2794 ,
1364 2752 1404 2782 ut
1433 2743 1604 2782 nimirum
1639 2745 1875 2800 exspectando
1904 2747 2097 2800 vigilarent
2132 2768 2173 2793 ac

1181 2803 1325 2842 solliciti
1339 2813 1464 2843 essent.

1233 2867 1272 2904 6.
1298 2867 1377 2904 Non
1390 2874 1505 2918 potest
1525 2866 1620 2905 enim
1631 2898 1642 2919 ,
1660 2881 1730 2906 non
1745 2876 1882 2921 potest,
1905 2871 2070 2925 inquam,
2088 2889 2171 2927 gra-

1179 2926 1229 2963 tia
1247 2926 1318 2964 frui
1339 2926 1402 2977 qui
1421 2941 1491 2965 non
1512 2927 1649 2979 vigilat.
1671 2931 1799 2968 Annon
1818 2931 1940 2982 vides,
1969 2935 2057 2985 quid
2077 2936 2174 2977 dicat

1130 2153 1166 2177 ¹0*

1131 2190 1157 2219 A

1178 2987 1280 3026 Elias
1298 2987 1511 3041 discipulo?
1539 2989 1581 3028 Si
1600 2991 1747 3029 videris
1773 3006 1833 3029 me
1856 3007 1943 3031 cum
1971 3010 2170 3048 assumar,
2188 3012 2215 3043 4.
2231 3010 2307 3046 lteg.
2323 3019 2351 3037 2.

1132 3053 1154 3083 B
1177 3052 1252 3088 erit
1268 3051 1338 3087 tibi
1357 3052 1412 3088 sic
1434 3066 1444 3086 :
1464 3050 1505 3088 id
1524 3060 1592 3100 est,
1610 3052 1799 3104 Continget
1817 3053 1883 3092 tibi
1906 3055 1973 3094 hoc
1993 3060 2088 3109 quod
2105 3076 2172 3114 po-
2191 3059 2238 3082 Ὀ·

1179 3110 1304 3148 stulas.
1351 3110 1516 3149 Christus
1551 3125 1696 3162 quoque
1743 3113 1880 3152 solebat
1927 3118 2175 3162 accedentibus

1179 3170 1318 3223 dicere,
1350 3171 1485 3210 Credis
1497 3175 1514 3209 P
1538 3172 1683 3210 Etenim
1701 3172 1770 3212 nisi
1799 3174 1850 3213 rei
1868 3175 1960 3216 datae
1979 3179 2174 3223 admodum

1198 3287 1212 3310 s
1237 3283 1453 3320 Ᾰυυπέστατον.
1468 3292 1513 3320 ἵνα
1527 3288 1574 3321 οὖν
1583 3293 1626 3329 μὴ
1638 3293 1725 3324 τοῦτο
1736 3293 1866 3333 λέγωσιν,
1881 3297 1913 3326 05
1925 3298 2068 3337 μετά,5ὶο
2082 3310 2173 3332 unus.

1203 3347 1216 3362 ¹
1241 3342 1290 3371 οὐκ
1307 3343 1396 3376 ἤθελε
1411 3337 1524 3372 Morel.
1541 3353 1544 3355 >

1204 3390 1219 3415 1.
1245 3391 1342 3431 Haec,
1361 3396 1444 3425 ἔσται
1462 3405 1505 3425 σοι
1522 3393 1615 3433 οὕτω,
1634 3398 1784 3435 τουτέστι,
1805 3394 1924 3430 desum
1941 3398 1973 3431 in
1992 3411 2067 3433 uno.
