2502 3810
726 298 769 326 IN
806 296 946 326 EPIST.
989 294 1045 323 AD
1082 295 1188 323 ROM.

73 376 185 414 στείαν
206 377 478 428 περιίέβλησαι,
493 377 720 430 λαμπρότερα
737 377 1010 430 κατορθιι’)ματα’
1029 376 1086 413 καὶ

71 438 127 474 ἐπὶ
147 437 285 475 πάντων
303 437 337 476 δὲ
352 441 419 475 τῶν
440 439 552 476 ἄλλων
574 438 662 476 οὕτω
681 438 766 491 πρὸς
784 439 846 485 τὴν
866 439 1012 488 δύναμιν
1028 436 1086 474 καὶ

69 498 113 536 τὰ
146 497 257 549 μέτρα
287 498 456 542 εἰσοίσεις.
491 499 582 543 Δόξα
612 499 647 538 δὲ
677 500 735 537 καὶ
769 498 853 549 τιμὴ
881 498 940 536 καὶ
967 497 1084 549 εἰρήνη

69 559 174 596 παντὶ
193 561 243 610 τῷ
259 559 477 612 ἐργαζομένῳ
492 560 532 598 τὸ
548 561 688 611 ἀγαθὸν,
707 560 864 613 Ἰουδαίῳ
879 575 916 597 τε
934 561 1084 612 πρῶτον,

70 619 127 656 καὶ
145 618 306 665 ‘'Eu-qvi.
336 621 440 657 Ποῖον
462 621 626 658 Ἰουδαῖον
648 621 794 659 ἐνταῦθά
814 636 916 672 φησιν
930 649 939 665 ,
963 619 985 664 ἢ
1007 618 1087 669 περὶ

69 678 176 716 ποίων
196 679 373 726 Ἑλλήνων
396 680 593 731 διαλέγεται
601 698 610 728 ;
637 683 717 718 Τῶν
743 681 810 733 πρὸ
833 684 895 726 τῆς
921 683 980 717 τοῦ
1002 680 1086 729 Χρι-

69 743 150 778 στοῦ
164 741 365 792 παρουσίας.
379 741 490 779 Οὔπω
504 740 571 793 γὰρ
584 744 629 784 εἰς
644 740 720 784 τοὺς
734 744 795 787 τῆς
808 740 949 793 χάριτος
961 739 1086 790 ἔφθασε

68 800 211 852 χρόνους
230 803 247 837 ὁ
261 801 377 852 λόγος,
398 803 473 839 ἀλλ’
490 801 540 838 ἔτι
556 806 626 844 τοῖς
643 800 804 853 ἀνωτέρω
819 800 960 852 χρόνοις,
971 799 1086 835 ἐνδια-

67 862 199 913 τρίνῗει,
220 866 462 915 προκαθαιρῶν
478 863 666 914 πόρρωθεν,
683 862 741 900 καὶ
758 865 906 912 ἀναιρῶν
926 860 964 897 τὸ
981 858 1084 908 μέσον

69 927 128 960 τοῦ
148 922 322 971 ςΈλληνος
341 924 398 961 καὶ
418 927 476 961 τοῦ
499 924 665 962 Ἰουδαίου
679 952 688 969 ,
719 922 778 969 ἵν’,
799 921 880 959 ὅταν
899 923 934 958 ἐν
954 924 996 970 τῇ
1017 919 1085 971 χά-

71 998 138 1033 ριτι
161 988 261 1022 τοῦτο
282 987 384 1035 ποιῇ,
412 983 538 1032 μηκέτι
557 983 635 1035 δόξῃ
656 982 773 1020 καινόν
795 997 829 1019 τι
848 980 906 1018 καὶ
925 979 1084 1032 φορτικὸν

69 1045 229 1081 ἐπινοεῖν.
261 1045 305 1080 Εἰ
324 1044 391 1095 γὰρ
419 1045 452 1081 ἐν
471 1048 541 1085 τοῖς
559 1042 720 1093 ἀνωτέρω
739 1041 893 1094 χρόνοις,
914 1040 970 1078 ὅτε
989 1039 1085 1077 οὔπω

68 1106 88 1147 ἦ
121 1103 225 1154 χάρις
244 1098 285 1149 ἦν
305 1103 515 1155 ἐκλάμψασα
531 1107 553 1149 ἡ
573 1103 722 1149 τοσαύτη
737 1132 746 1149 ,
775 1101 830 1139 ὅτε
848 1100 892 1138 τὰ
912 1104 979 1138 τῶν
1000 1102 1086 1138 Ἰου-

69 1161 174 1198 δαίων
194 1163 303 1212 σεμνὰ
322 1163 381 1200 καὶ
399 1163 592 1214 περιὸόητα
618 1163 678 1200 καὶ
698 1162 846 1216 λαμπρὰ
864 1161 960 1214 παρὰ
979 1167 1085 1199 πᾶσιν

67 1215 108 1266 ἦν
124 1251 133 1267 ,
153 1222 247 1260 οὐδὲν
277 1217 318 1270 ἦν
347 1222 386 1260 τὸ
407 1223 523 1273 μέσον,
546 1223 623 1260 τίνα
644 1223 683 1261 ἂν
704 1223 814 1275 ἔχοιεν
835 1222 954 1260 λοιπὸν
975 1224 1083 1259 εἰπεῖν

66 1282 167 1332 λόγον
193 1283 283 1333 μετὰ
297 1283 360 1329 τὴν
379 1283 552 1329 τοσαύτην
573 1286 636 1330 τῆς
654 1283 796 1337 χάριτος
812 1282 994 1330 ἐπίδειξιν,
1016 1282 1084 1320 Atat

66 1359 119 1381 τοι
146 1349 246 1382 τοῦτο
273 1343 332 1382 καὶ
361 1344 451 1394 μετὰ
481 1346 614 1391 πολλῆς
642 1345 726 1383 αὐτὸ
754 1344 1004 1388 κατασκευάζει
1023 1346 1085 1390 τῆς

68 1405 229 1450 σπουδῆς.
263 1404 337 1443 Καὶ
363 1404 430 1458 γὰρ
455 1408 472 1443 ὁ
502 1405 675 1458 ἀκροατὴς
698 1411 798 1444 τοῦτο
820 1405 939 1457 μαθὼν
958 1407 992 1443 ἐν
1015 1411 1085 1450 τοῖς

70 1465 232 1516 ἀνωτέρω
251 1466 386 1518 χρόνοις
405 1470 565 1519 κρατοῦν,
593 1469 712 1519 πολλῷ
744 1468 875 1518 μᾶλλον
908 1466 996 1518 μετὰ
1023 1466 1085 1515 τὴν

69 1525 185 1562 πίστιν
206 1526 289 1563 αὐτὸ
305 1531 317 1547 ⁰
330 1526 573 1578 παραδέξεται.
607 1526 786 1574 ἽΞλληνας
803 1528 838 1566 δὲ
859 1528 1006 1566 ἐνταῦθα
1022 1543 1087 1580 φη-

70 1602 122 1623 σιν
136 1615 145 1632 ,
165 1589 203 1624 οὐ
220 1587 298 1631 τοὺς
323 1588 667 1639 εἰδωλολατροῦντας,
689 1589 778 1627 ἀλλὰ
793 1588 870 1633 τοὺς
889 1589 1088 1627 θεοσεὸοῧνυ

70 1662 143 1694 τας,
169 1647 247 1689 τοὺς
275 1651 325 1701 τῷ
354 1652 487 1701 φυσικῷ
514 1649 736 1700 πειθομένους
756 1650 850 1701 νόμῳ
867 1681 876 1698 ,
895 1649 973 1693 τοὺς
996 1649 1086 1697 πλὴν

73 1709 139 1743 τῶν
165 1707 362 1747 Ἰουδαϊκῶν
385 1710 661 1761 παρατηρήσεων
685 1710 800 1748 πάντα
818 1709 862 1748 τὰ
883 1710 968 1763 πρὸς
989 1712 1087 1749 εὐσέ-

72 1767 168 1804 &zm
201 1772 426 1808 συντελοῦντα
455 1771 722 1822 διατηροῦντας·
746 1766 815 1810 ὀἷοι
841 1765 928 1818 ἦσαν
951 1773 983 1809 οἱ
1007 1773 1088 1824 περὶ

71 1828 128 1864 τὸν
145 1829 387 1881 Μελχισεὸὲχ,
410 1825 477 1873 οἷος
496 1826 537 1877 ἦν
560 1834 577 1869 ὃ
593 1830 696 1878 Ἰὼὸ,
717 1826 780 1870 οἷοι
795 1827 882 1879 ἦσαν
904 1834 934 1871 οἱ
950 1834 1087 1871 Νινευῖ-

66 1904 148 1935 ται,
176 1883 243 1932 οἷος
267 1884 308 1936 ἦν
328 1893 345 1928 ὁ
366 1892 566 1941 Κορνήλιος.
601 1892 693 1939 Ἤδη
714 1893 826 1930 τοίνυν
847 1893 1085 1946 προδιορύττει

66 1950 127 1993 τῆς
151 1953 342 2001 περιτομῆς
375 1951 433 1989 καὶ
466 1955 528 1999 τῆς
550 1953 781 2005 ἀκροὸυστίας
811 1954 851 1991 τὸ
878 1954 996 2004 μέσον,
1027 1955 1085 1992 καὶ

67 2010 242 2061 πόρρωθεν
271 2012 401 2059 ταύτην
428 2014 664 2066 προκαταλύει
697 2014 760 2060 τὴν
791 2015 975 2067 διαφορὰν,
995 2015 1086 2054 ὥστε

67 2071 126 2108 καὶ
147 2073 351 2116 ἀνυπόπτως
371 2075 453 2112 αὐτὸ
471 2079 638 2122 ποιῆσαι,
660 2075 719 2113 καὶ
741 2075 777 2119 ἐξ
797 2076 914 2127 ἑτέρας
934 2077 1087 2128 ἀνάγκης

68 2134 113 2175 εἰς
136 2135 235 2170 τοῦτο
255 2133 438 2183 ἐμὸαλεῖν·
458 2136 542 2188 ὅπερ
558 2137 612 2174 ἀεὶ
627 2139 688 2182 τῆς
704 2137 871 2180 συνέσεώς
888 2140 979 2176 ἐστιν
1001 2139 1084 2177 ἴδιον

67 2195 128 2238 τῆς
158 2197 400 2242 ἀποστολικῆς.
434 2198 478 2234 Εἰ
513 2197 575 2246 μὲν
595 2197 662 2249 γὰρ
684 2198 741 2235 ἐπὶ
764 2201 833 2235 τῶν
852 2202 983 2250 καιρῶν
1005 2200 1086 2238 αὐτὸ

67 2257 127 2299 τῆς
146 2254 286 2306 χάριτος
300 2255 435 2303 ἔδειξεν,
460 2256 570 2300 ἔδοξεν
587 2257 626 2294 ἂν
643 2258 776 2303 πολλὴν
792 2257 942 2310 ὑποψίαν
959 2259 1051 2311 ἔχειν
1068 2263 1086 2298 ὃ

66 2314 178 2365 λόγος’
204 2316 243 2354 τὸ
262 2315 296 2353 δὲ
317 2316 541 2367 διηγούμενον
556 2317 618 2364 τὴν
638 2318 856 2370 κατέχουσαν
878 2319 934 2357 τὸν
954 2320 1085 2370 κόσμον

66 2375 189 2413 κακίαν
209 2377 295 2414 *καὶ
312 2377 491 2429 πονηρίαν,
520 2381 558 2416 ἐκ
579 2382 641 2424 τῆς
661 2379 865 2422 ἀκολουθίας
881 2381 1014 2427 ἐκείνης
1028 2383 1084 2425 -εἰς

64 2436 119 2474 τὸν
139 2436 217 2488 περὶ
236 2437 362 2476 τούτων
385 2438 535 2489 ἔμὸἢναι
549 2438 663 2491 λόγον,
681 2439 878 2478 ’ἀνύποπτον
893 2440 1001 2479 ἐποίει
1020 2441 1084 2489 τὴν

67 2497 302 2535 διδασκαλίαν.

119 2563 187 2600 Καὶ
206 2566 258 2601 ὅτι
276 2568 377 2602 τοῦτο
404 2566 582 2616 βούλεται,
601 2569 659 2606 καὶ
680 2569 735 2607 διὰ
752 2575 852 2609 τοῦτο
873 2571 963 2609 οὕτω
985 2572 1081 2610 συνέ-
1104 2579 1127 2609 C

67 2627 162 2671 θηκε,
186 2625 286 2670 δῆλον
303 2627 442 2663 ἐκεῖθεν.
468 2628 512 2664 Ei
541 2628 588 2678 μὴ
605 2628 671 2682 γὰρ
689 2635 790 2669 τοῦτο
810 2632 997 2676 ἐσπούδαζε
1016 2648 1082 2670 κα-

66 2684 291 2731 τασκευάσαι,
311 2685 410 2737 ἤρκει
426 2687 579 2735 εἰπόντα,
593 2689 646 2726 ὅτι
660 2690 760 2728 Κατὰ
779 2690 842 2738 τὴν
860 2692 1082 2744 σκληρότητά

67 2759 125 2781 σου
155 2745 213 2782 καὶ
248 2747 481 2796 ἀμετανόητον
515 2749 660 2801 καρδίαν
692 2752 908 2803 θησαυρίζεις
946 2756 1081 2806 σεαυτῷ

66 2805 169 2856 ὀργὴν
201 2807 234 2843 ἐν
270 2807 386 2858 ἡμέρᾳ
421 2810 537 2859 ὀργῆς,
570 2810 769 2850 παύσασθαι
798 2816 860 2859 τῆς
888 2813 1082 2857 ὑποθέσεως

66 2866 189 2912 ταύτης
206 2883 213 2890 ·
239 2868 296 2905 καὶ
325 2869 391 2921 γὰρ
419 2871 661 2921 ἀπηρτισμένη
687 2865 742 2918 ἦν.
771 2872 862 2911 Ἀλλ’
894 2874 1011 2921 ἐπειδὴ
1045 2877 1083 2912 οὐ

66 2929 165 2964 τοῦτο
179 2921 219 2973 ἦν
237 2930 330 2980 αὐτῷ
349 2930 388 2967 τὸ
413 2930 633 2981 ζητούμενον,
649 2932 729 2984 περὶ
750 2933 895 2985 κρίσεως
915 2936 1016 2985 μόνον
1037 2938 1082 2973 ei-

67 2992 143 3024 πεῖν
171 2991 232 3033 τῆς
261 2990 472 3039 μελλούσης,
504 2992 593 3031 ἀλλὰ
627 2994 687 3031 καὶ
715 2994 824 3038 δεῖξαι
851 2996 946 3033 οὐδὲν
976 2996 1080 3034 πλέον

68 3046 189 3097 ἔχοντα
205 3049 261 3086 τὸν
281 3050 445 3090 Ἰουδαῖον
473 3057 531 3090 τοῦ
552 3054 706 3093 τοιούτου
726 3055 896 3103 ἽΞλληνος
910 3088 920 3103 ,
947 3056 1004 3094 ἵνα
1030 3056 1079 3106 μὴ

70 3107 158 3156 μέγα
173 3113 300 3161 φρονῇ,
321 3111 454 3163 πρόεισι
467 3115 680 3166 περαιτέρω,
697 3116 754 3153 καὶ
779 3116 873 3160 τάξει
896 3116 1081 3168 κέχρηται.

69 3168 200 3206 Σκόπει
221 3169 279 3207 δέ·
300 3172 448 3223 ἐφόὸησε
467 3174 522 3212 τὸν
543 3176 737 3229 ἀκροατὴν,
759 3176 775 3196 b
788 3178 963 3230 ἐπήχησεν
988 3182 1082 3230 αὐτῷ

69 3228 131 3273 τὴν
146 3230 277 3282 ἡμέραν
300 3231 361 3278 τὴν
379 3234 542 3285 mespha»,
561 3230 655 3274 εἶπεν
674 3237 752 3276 ὅσον
771 3238 878 3276 κακὸν
902 3242 944 3290 τῇ
970 3253 1082 3285 πονη-

73 3288 126 3339 ρία
155 3293 275 3342 συζῇν,
305 3292 427 3336 ἔδειξεν
458 3294 576 3332 οὐδένα

613 3296 641 3311 ‚r

608 3312 641 3340 ἒς

113 3405 124 3417 ²
152 3396 223 3427 Duo
240 3397 320 3427 Mss.
335 3398 389 3439 [ct
401 3400 458 3441 A.]
477 3404 680 3440 καταδέξεται.

114 3448 124 3459 ’
150 3448 215 3485 imi
231 3452 287 3483 οἷον
304 3455 428 3493 τεὶευτᾷ
442 3458 480 3485 τὸ.
494 3462 542 3491 τῆς
560 3461 698 3497 πονηρία,-
713 3457 747 3486 A.
767 3464 797 3487 et
825 3468 930 3500 marg.
949 3457 1066 3500 savit]

1229 295 1382 326 nomn.
1421 297 1468 325 v.
2048 280 2133 343 507

1158 391 1176 412 a
1203 391 1378 428 paupere,
1411 377 1440 415 si
1468 377 1690 430 prudentior,
1723 377 1835 429 major
1861 376 2080 425 obedientia,
2108 381 2138 417 si

1156 438 1314 487 potentia
1346 438 1463 476 valeas
1480 468 1491 488 ,
1527 438 1719 476 illustriora
1753 452 1858 490 opera
1881 456 1888 475 :
1913 438 1948 476 in
1988 438 2137 490 aliisque

1108 497 1131 525 E
1157 497 1323 535 omnibus
1337 498 1414 550 pari
1431 498 1564 537 ratione
1575 513 1639 550 pro
1649 498 1747 537 virili
1766 508 1798 536 et
1815 513 1879 550 pro
1890 498 2034 537 modulo
2049 513 2135 537 con—

1156 557 1258 594 feres.
1274 559 1337 595 10.
1360 559 1510 606 Gloria,
1536 561 1660 598 honor
1679 569 1716 598 et
1737 574 1818 612 paz
1840 564 1946 598 omni
1964 566 2139 613 operanti

1158 620 1311 667 bonum,
1322 622 1352 659 J
1351 623 1461 659 udoeo
1468 625 1633 674 primum
1641 632 1678 660 et
1689 624 1834 662 Groeco.
1848 624 1962 670 Quem
1971 627 1993 664 J
1996 625 2139 664 udaeum

1156 680 1215 716 hic
1230 691 1454 728 memorat,et
1465 681 1509 720 de
1522 683 1650 732 quibus
1664 684 1799 722 Graecis
1816 684 1974 735 loquitur
1987 685 2003 722 Ξ)
2014 686 2068 723 De
2082 686 2139 735 iis,

1156 740 1217 790 qui
1235 750 1316 778 ante
1332 742 1465 780 Christi
1477 743 1669 782 adventum
1684 745 1781 781 fuere
1796 744 1971 782 :nondum
1986 746 2079 784 enim
2093 746 2139 784 ad

1156 801 1278 851 gratiae
1290 810 1427 853 tempus
1437 804 1598 854 pervenit
1608 817 1722 840 sermo
1726 833 1736 853 ,
1748 804 1807 842 sed
1816 804 1860 842 de
1872 806 2041 857 superiori
2053 816 2139 845 tem-

1156 876 1241 912 pore
1256 861 1427 912 loquitur,
1435 863 1512 913 jam
1524 862 1624 914 prius
1639 862 1684 900 dc
1698 863 1815 901 medio
1829 865 1955 903 tollens
1970 865 2139 906 differen-

1156 922 1243 958 tiam
1261 923 1428 960 Graecum
1446 922 1538 959 inter
1561 936 1621 959 seu
1642 923 1808 974 gentilem
1837 934 1869 961 ct
1888 925 2075 976 Judaeum3
2101 938 2140 965 ut

1157 996 1237 1019 cum
1254 982 1290 1019 in
1311 981 1431 1033 gratiae
1446 991 1603 1034 tempore
1617 983 1651 1020 id
1665 984 1807 1029 faceret,
1822 999 1891 1021 non
1906 1000 1960 1023 res
1974 1001 2065 1024 nova
2079 998 2139 1026 aut

1157 1058 1302 1082 onerosa
1333 1044 1529 1083 videretur.
1557 1045 1596 1083 Si
1625 1046 1717 1083 enim
1746 1046 1781 1083 in
1809 1048 1925 1099 prisco
1956 1049 2018 1086 illo
2049 1059 2140 1088 tem-

1157 1119 1253 1156 pore,
1278 1119 1359 1143 cum
1384 1105 1543 1143 nondum
1569 1116 1665 1144 tanta
1697 1107 1810 1158 gratia
1836 1109 2038 1158 effulserat3
2060 1125 2140 1149 cum

1157 1180 1211 1203 res
1237 1168 1259 1204 J
1264 1165 1445 1203 udaeorum
1478 1167 1712 1218 honorandae,
1743 1169 1898 1207 illustres
1927 1179 1961 1207 et
1988 1171 2142 1210 celebres

1094 1260 1141 1284 455
1157 1225 1253 1277 apud
1274 1240 1394 1264 omnes
1412 1227 1649 1279 habebantur,
1669 1229 1809 1267 nullum
1833 1240 1905 1268 erat
1923 1230 2112 1269 discrimen
2132 1248 2139 1267 :

1105 1296 1131 1324 Α
1156 1301 1264 1337 quam
1283 1287 1428 1326 demum
1447 1289 1618 1328 radonem
1635 1291 1761 1328 afferre
1781 1300 1942 1344 poterant
1961 1302 2039 1344 post
2059 1301 2141 1330 tan-

1157 1357 1228 1387 tam
1259 1350 1380 1402 gratiae
1409 1351 1692 1390 exhibitionem?
1719 1353 1872 1405 Ideoque
1905 1368 2032 1405 magno
2060 1369 2141 1394 cum

1156 1411 1274 1450 studio
1296 1411 1334 1450 id
1352 1413 1491 1465 probat.
1511 1414 1655 1452 Etenim
1675 1415 1818 1453 auditor
1850 1415 1994 1454 edoctus
2013 1416 2050 1454 id
2065 1418 2141 1469 jam

1155 1473 1281 1525 priscis
1296 1474 1517 1526 temporibus
1533 1476 1700 1525 valuisse,
1712 1477 1826 1514 multo
1846 1478 1959 1529 magis
1978 1488 2056 1530 post
2080 1494 2139 1517 ac-

1159 1543 1296 1586 ceptam
1318 1535 1426 1573 fidem
1445 1536 1483 1573 id
1509 1536 1729 1575 admissurus
1756 1547 1841 1576 erat.
1865 1540 2007 1577 Graecos
2025 1549 2142 1578 autem

1158 1609 1219 1632 seu
1240 1596 1386 1646 gentiles
1401 1597 1460 1634 hic
1476 1607 1594 1646 vocat,
1610 1613 1679 1636 non
1699 1598 1918 1648 idololatras,
1933 1601 1992 1638 sed
2008 1616 2066 1640 eos
2081 1603 2140 1653 qui

1159 1657 1276 1694 Deum
1299 1656 1472 1706 colebant,
1498 1659 1560 1708 qui
1586 1659 1739 1696 naturali
1768 1660 1839 1711 legi
1868 1662 2051 1712 parebant,
2081 1664 2142 1713 qui

1159 1725 1285 1767 praeter
1295 1718 1317 1755 J
1320 1717 1465 1756 udaicas
1475 1719 1736 1758 observationes
1746 1722 1879 1771 omnia,
1895 1737 1973 1773 quae
1987 1724 2030 1761 ad
2046 1725 2143 1776 piam

1158 1777 1366 1827 religionem
1387 1788 1594 1830 spectarent,
1616 1780 1850 1820 observabant
1874 1798 1881 1818 :
1905 1784 2025 1833 quales
2045 1795 2142 1823 erant

1159 1837 1420 1876 Melchisedech
1437 1848 1470 1876 et
1483 1840 1566 1885 Joh,
1581 1841 1702 1891 quales
1714 1851 1812 1879 erant
1829 1842 2010 1893 Ninivi1ae‚
2027 1846 2142 1896 qualis

1159 1898 1358 1936 Cornelius.
1376 1901 1457 1938 Jam
1470 1900 1587 1951 itaque
1600 1901 1863 1940 distinctionem
1880 1903 1971 1942 inter
1985 1906 2139 1945 circum-

1109 1961 1131 1990 Β
1159 1959 1329 1998 cisionem
1344 1970 1377 1998 et
1394 1963 1611 2014 praeputium
1626 1964 1802 2002 suffodere
1817 1965 1955 2018 incipit,
1971 1977 2003 2005 et
2017 1971 2140 2021 procul

1159 2020 1258 2058 illam
1277 2021 1514 2060 differentiam
1533 2024 1764 2076 aggreditur5
1785 2027 1833 2064 ita
1855 2037 1894 2065 ut
1914 2038 1947 2066 et
1973 2029 2048 2068 sine
2067 2032 2140 2069 ulla

1158 2082 1358 2134 suspicione
1377 2083 1416 2121 id
1434 2084 1550 2132 saciat,
1573 2095 1605 2122 et
1627 2100 1672 2124 ex
1691 2086 1759 2124 alia
1780 2089 1984 2128 necessitate
2007 2092 2043 2129 in
2065 2107 2140 2131 eam

1157 2157 1232 2180 rem
1255 2158 1290 2181 se
1308 2145 1484 2196 conjiciat,
1504 2146 1599 2196 quod
1612 2148 1812 2199 apostolicae
1830 2150 2027 2202 prudentiae
2043 2168 2139 2192 sem—

1157 2218 1219 2255 per
1238 2205 1421 2256 proprium
1450 2207 1531 2244 fuit.
1561 2208 1652 2245 Nam
1674 2208 1703 2245 si
1724 2209 1760 2246 id
1780 2211 1902 2261 gratiae
1921 2215 2141 2266 temporibus

1156 2264 1205 2301 ita
1225 2278 1260 2302 se
1274 2265 1440 2304 habuisse
1458 2266 1650 2316 docuisset,
1671 2270 1785 2307 multa
1803 2272 2003 2324 suspicione
2017 2275 2141 2326 plenus

1156 2338 1270 2362 sermo
1286 2326 1432 2365 habitus
1449 2327 1575 2366 fuisset
1595 2345 1601 2366 z
1622 2329 1720 2380 quod
1740 2340 1858 2369 autem
1885 2332 1930 2371 de
1957 2335 2094 2374 malitia
2109 2347 2141 2375 et

1155 2387 1385 2437 perversitate
1407 2387 1569 2439 loquens,
1595 2404 1672 2439 quae
1694 2400 1777 2429 tunc
1797 2393 1972 2432 mundum
1991 2409 2140 2448 occupa-

1154 2444 1228 2493 bat,
1252 2459 1297 2483 ex
1315 2445 1470 2496 quadam
1489 2448 1578 2485 serie
1600 2449 1635 2486 in
1657 2448 1751 2487 hunc
1768 2465 1962 2490 sermonem
1989 2454 2139 2494 incidis—

1155 2514 1221 2551 set,
1246 2520 1314 2543 non
1332 2516 1529 2559 suspectam
1546 2508 1744 2547 doctrinam
1761 2511 1946 2551 reddebat.

1206 2568 1244 2604 4.
1268 2567 1373 2613 Quod
1401 2578 1519 2606 autem
1540 2569 1634 2607 illud
1663 2571 1699 2608 in
1719 2585 1824 2624 scopo
1843 2574 1971 2613 habeat
1991 2578 2137 2627 Paulus,

1154 2636 1187 2664 et
1205 2627 1254 2664 sic
1273 2626 1352 2665 ideo
1371 2642 1446 2666 rem
1463 2630 1709 2681 composuerit,
1737 2631 1822 2670 hinc
1840 2634 1958 2685 palam
1978 2646 2041 2675 est.
2062 2639 2144 2676 Nisi>

1153 2689 1246 2726 enim
1261 2688 1297 2726 id
1311 2689 1462 2740 probare
1472 2691 1678 2740 studuisset,
1701 2703 1887 2743 postquam
1907 2696 2060 2748 dixerat,
2075 2701 2140 2738 Se-

1153 2750 1319 2786 cundum
1333 2751 1516 2787 duritiam
1540 2759 1644 2788 tuam
1661 2761 1697 2789 et
1711 2755 1950 2804 impoenitens
1966 2772 2033 2796 cor
2052 2763 2136 2798 the-

1153 2813 1329 2848 saurizas
1363 2813 1433 2848 tibi
1461 2814 1559 2849 iram
1587 2815 1628 2849 in
1649 2814 1711 2850 die
1731 2817 1811 2861 irre,
1836 2816 1873 2854 id
1895 2819 1978 2856 satis
1998 2821 2136 2872 fuisset,

1154 2882 1187 2910 et
1207 2887 1244 2910 re
1270 2874 1422 2924 perfecta
1442 2874 1679 2913 claudendum
1696 2887 1768 2914 erat
1789 2878 1855 2916 hoc
1877 2894 2137 2932 argumentum.

1156 2935 1291 2972 Verum
1311 2934 1394 2983 quia
1411 2949 1480 2971 non
1502 2934 1557 2972 illi
1576 2935 1611 2972 in
1640 2938 1822 2988 proposito
1852 2950 1925 2979 erat
1955 2943 2000 2981 de
2017 2945 2138 2985 futuro

1150 2993 1286 3045 judicio
1304 3003 1442 3032 tantum
1463 3008 1580 3046 agere,
1599 2996 1659 3033 sed
1683 2998 1866 3038 ostendere
1881 3002 2020 3042 volebat
2046 3007 2137 3044 nihil

1151 3055 1232 3106 plus
1252 3055 1381 3093 habere
1396 3056 1577 3106 Judaeum,
1599 3071 1705 3107 quam
1715 3060 1882 3099 Graecum
1905 3063 2133 3116 hujusmodi;

1153 3129 1197 3152 ne
1228 3115 1375 3154 Judaeus
1401 3117 1513 3154 altum
1546 3126 1695 3168 saperet,
1730 3119 1823 3157 ultra
1839 3125 2080 3178 progreditur,
2103 3138 2137 3166 et

1154 3175 1278 3214 ordine
1294 3177 1417 3214 utitur.
1438 3177 1618 3228 Perpende
1631 3188 1769 3217 autem:
1783 3183 1979 3223 auditorem
1994 3191 2134 3241 terruit,

1155 3238 1372 3274 tremendam
1385 3238 1484 3275 illam
1498 3238 1593 3276 diem
1614 3240 1714 3289 quasi
1735 3241 1900 3294 intonuit,
1915 3246 2008 3287 dixit
2025 3265 2138 3301 quan-

671 3297 810 3348 ἀγνοίας
839 3299 1083 3351 ἁμαρτάνοντα
1106 3306 1130 3335 1)
1156 3307 1232 3335 tum
1251 3307 1339 3336 esset
1359 3299 1493 3337 malum
1517 3300 1551 3337 in
1576 3301 1732 3351 nequitia
1752 3304 1886 3356 vivere,
1909 3311 2059 3350 ostendit
2078 3328 2139 3352 ne-

1176 3406 1191 3430 b
1217 3407 1289 3439 Duo
1306 3407 1380 3438 Mss.
1401 3408 1494 3448 [etA.
1509 3410 1519 3452 ]
1539 3414 1728 3453 ἐπετείχισεν,
1746 3413 1853 3446 minus
1868 3424 1967 3451 recte,
