2502 3810
730 274 773 303 IN
811 272 951 304 EPIST.
995 273 1050 302 AD
1086 272 1195 302 Rom.
1236 272 1391 304 HOMH„
1431 274 1559 305 xxm.

105 353 164 392 καὶ
184 357 449 405 στρατηγεῖται,
471 352 530 391 καί
554 352 641 391 οὕτω
664 354 799 405 μακρὰς
819 354 1015 404 ἀποδημίας
1036 357 1125 392 ἀπο-

108 416 223 465 δημεῖ.
251 414 320 451 Καὶ
351 413 419 465 γὰρ
452 417 472 459 ἡ
506 414 656 466 ἀναρχία
696 419 875 467 πανταχοῦ
906 416 1033 464 κακὸν,
1066 414 1125 452 καὶ

106 475 302 527 συγχύσεως
316 474 435 513 αἴτιον.
456 474 575 512 Εἰπὼν
596 475 707 513 τοίνυν
728 476 829 514 πόθεν
850 476 934 513 εἰσὶν
954 478 989 514 αἱ
1005 475 1124 527 ἀρχαὶ,

103 536 295 587 ἐπήγαγεν·
313 534 425 573 εΏστε
454 539 471 573 ὁ
501 536 789 587 ἀντιτασσόμενος
825 540 865 588 τῇ
902 535 1058 587 ἐξουσίᾳ,
1079 537 1122 586 τῇ

106 600 165 633 τοῦ
197 598 288 634 Θεοῦ
323 597 468 647 διαταγῇ
494 596 716 644 ἀνθέστηκεν.
735 596 805 635 Ἴδε
831 600 896 634 ποῦ
921 597 960 634 τὸ
978 602 1125 648 πρᾶγμα

105 656 273 708 ἀνήγαγε,
296 658 354 695 καὶ
383 659 484 695 πόθεν
511 657 676 709 ἐφόὸησε,
695 656 753 695 καὶ
787 659 860 701 πῶς
893 655 998 700 ἔδειξε
1025 660 1126 693 τοῦτο

102 717 192 755 κατὰ
208 717 346 768 ὀφειλὴν
367 717 556 768 γινόμενον.
570 716 648 755 Ἵνα
664 716 732 770 γὰρ
764 717 812 767 μὴ
847 716 993 767 λέγωσιν
1013 717 1044 752 οἱ
1063 731 1125 752 πι-

103 778 196 825 στοὶ,
215 777 268 816 ὅτι
283 778 500 822 ἓξευτελίζεις
519 781 611 828 ἡμᾶς
630 778 688 815 καὶ
710 777 1026 829 εὐκαταφρονήτους
1044 792 1124 814 ποι-

105 844 151 882 εἷς
166 869 175 885 ,
189 837 268 883 τοὺς
286 843 346 886 τῆς
368 842 435 877 τῶν
453 840 603 890 οὐρανῶν
623 837 799 889 βασιλείας
832 837 1016 876 ἀπολαύειν
1038 836 1123 887 μέλ-

101 901 223 943 λοντας
241 900 405 952 ἄρχουσιν
421 900 635 945 ὑποτάττων,
658 898 826 937 δείκνυσιν
846 897 898 936 ὅτι
921 899 982 936 οὔκ
998 898 1123 949 ἀρχου-

106 976 172 1006 σιν,
195 960 286 999 ἀλλὰ
315 964 364 1013 τῷ
390 962 472 1012 Θεῷ
494 960 599 998 πάλιν
616 959 830 997 Ἶίνὑποτάττει
861 962 962 995 τοῦτο
987 961 1094 996 ποιῶν
1114 973 1120 979 ·

101 1021 221 1073 ἐκείνῳ
250 1021 316 1072 γὰρ
349 1025 366 1059 ὃ
395 1026 471 1062 ταῖς
505 1022 628 1071 ἀρχαῖς
649 1018 925 1067 ὑποτασσόμενος
947 1017 1116 1055 πείθεται.

100 1083 191 1121 Ἀλλ’
211 1085 248 1120 οὔ
264 1082 357 1133 λέγει
376 1080 494 1127 οὕτως,
513 1076 580 1117 οἷον
601 1079 654 1118 ὅτι
669 1082 717 1131 ’.ᾧ
737 1082 818 1130 Θεῷ
841 1080 996 1116 πείθεται
1014 1082 1031 1116 ὃ
1051 1084 1121 1121 τοῖς

100 1144 267 1195 ἄρχουσιν
290 1141 486 1188 ὑπακούων,
507 1142 583 1178 ἀλλ’
607 1140 675 1177 ἀπὸ
695 1144 755 1177 τοῦ
775 1139 927 1177 ἐναντίου
948 1140 1046 1191 <faofi-zi
1061 1140 1121 1177 καὶ

99 1203 344 1255 ἀκριὸέστερον
366 1202 447 1239 αὐτὸ
464 1200 714 1243 κατασκευάζει
731 1200 854 1250 λέγων,
869 1200 922 1239 ὅτι
937 1203 953 1238 ὃ
969 1200 1015 1250 μὴ
1032 1203 1121 1238 ὑπα-

98 1265 206 1303 κούων
223 1263 360 1314 ἐκείνῳ,
378 1264 427 1313 τῷ
447 1263 529 1313 Θεῷ
555 1261 701 1312 πολεμεῖ
724 1264 773 1313 τῷ
802 1265 911 1299 ταῦτα
931 1262 1120 1311 νομοθετή-

98 1343 208 1366 σαντι.
232 1325 301 1363 Καὶ
320 1327 421 1362 τοῦτο
444 1323 628 1367 σπουδάζει
662 1322 768 1366 δεῖξαι
790 1327 991 1374 πανταχοῦ,
1007 1322 1060 1360 ὅτι
1082 1325 1119 1361 οὔ

96 1387 310 1440 γαριζόμεθα
326 1387 438 1428 αὐτοῖς
455 1384 518 1431 τὴν
528 1383 697 1431 ὑπακοὴν,
714 1385 790 1422 ἀλλ’
804 1382 996 1435 ὀφείλομεν.
1013 1383 1118 1421 Οὕτω

95 1435 163 1500 γὰρ
194 1447 252 1486 καὶ
284 1446 360 1489 τοὺς
390 1447 562 1498 ἄρχοντας
585 1444 663 1487 τοὺς
696 1444 860 1486 ἀπίστους
893 1444 1117 1483 ἐπεσπάσατο

97 1510 227 1561 μᾶλλον
257 1508 341 1558 πρὸς
363 1506 552 1551 εὗσέέειαν,
571 1505 630 1542 καὶ
648 1503 727 1548 τοὺς
751 1503 894 1547 πιστοὺς
918 1505 1002 1555 πρὸς
1022 1508 1116 1542 ὑπα-

95 1569 193 1615 κοήν,
213 1569 282 1606 Καὶ
299 1567 366 1620 γὰρ
380 1565 486 1610 πολὺς
506 1565 729 1618 περιεφέρετο
742 1564 842 1615 λόγος
855 1564 950 1609 τότε,
968 1565 1025 1603 ἐπὶ
1040 1565 1116 1603 στά-

95 1645 146 1667 σει
166 1630 224 1667 καὶ
254 1627 458 1678 καινοτομία
483 1627 679 1664 διαὸάλλων
698 1625 774 1669 τοὺς
806 1626 1035 1670 ἀποστόλους,
1055 1627 1114 1664 καὶ

93 1694 138 1733 ὡς
156 1692 208 1728 ἐπ’
225 1692 403 1742 ἀνατροπῇ
432 1691 500 1726 τῶν
519 1689 640 1726 κοινῶν
663 1686 777 1736 νόμων
800 1688 937 1725 ἅπαντα
957 1687 1016 1725 καὶ
1035 1703 1115 1726 ποι-

92 1756 212 1794 οῦντας
231 1750 289 1788 καὶ
308 1750 482 1801 λέγοντας.
493 1748 607 1787 εὈταν
623 1742 680 1785 οῦν
694 1747 805 1796 δείξῃς
819 1748 876 1785 τὸν
887 1748 998 1786 κοινὸν
1013 1751 1114 1799 ἡμῶν

92 1811 273 1856 Δεσπότην
289 1813 390 1848 τοῦτο
413 1812 666 1861 παρεγγυῶντα
694 1814 764 1851 τοῖς
792 1812 894 1846 αὑτοῦ
919 1815 1025 1856 πᾶσι,
1055 1809 1114 1847 καὶ

90 1874 158 1909 τῶν
195 1870 452 1909 διαὸαλλόντων
477 1873 523 1912 ὡς
555 1871 809 1921 νεωτεροποιῶν
842 1870 1054 1921 ἀπορράψεις
1071 1868 1115 1906 τὰ

91 1932 269 1982 στόματα,
301 1931 361 1970 καὶ
382 1931 470 1982 μετὰ
499 1929 653 1974 πλείονος
685 1933 746 1976 τῆς
776 1929 973 1981 παρρησίας
1000 1928 1114 1982 ὖὺπὲρ

91 1995 158 2030 τῶν
180 1996 241 2038 τῆς
259 1992 421 2039 ἀληθείας
440 1991 576 2042 διαλέξῃ
596 1990 794 2041 δογμάτων.

143 2053 204 2099 Μὴ
225 2052 336 2090 τοίνυν
360 2051 538 2104 αἷσχςύνου,
560 2051 645 2103 φησὶ
663 2081 672 2098 ,
711 2054 754 2102 τῇ
769 2049 912 2102 τοιαύτῃ
939 2052 1110 2102 ὑποταγῇ.

89 2114 159 2152 Καὶ
176 2114 242 2166 γὰρ
261 2117 278 2151 ὁ
297 2113 386 2156 Θεὸς
402 2118 500 2151 τοῦτο
522 2112 772 2162 ἐνομοθέτησε,
796 2111 855 2150 καὶ
875 2110 1019 2164 σφοδρός
1038 2114 1110 2150 ἐστι

87 2177 238 2227 τιμωρὸς
254 2174 584 2226 καταφρονουμένων
601 2173 742 2212 τούτων.
763 2174 816 2212 Οὖ
833 2172 899 2225 γὰρ
911 2172 973 2219 τὴν
990 2178 1111 2225 τυχοῦ-

88 2237 151 2274 σάν
183 2252 220 2274 σε
251 2236 437 2283 ἀπαιτήσει
469 2236 566 2281 δίκην
595 2233 867 2286 παρακούσαντα
881 2264 892 2280 ,
929 2234 1019 2272 ἀλλὰ
1051 2235 1109 2272 καὶ

86 2297 218 2350 σφόδρα
251 2297 432 2348 μεγίστην,
464 2296 523 2334 καὶ
552 2295 650 2334 οὐδέν
673 2311 710 2334 σε
732 2294 951 2346 ἐξαιρήσεται
971 2297 1110 2333 ἀντιλέ-

85 2373 211 2409 γοντα,
232 2357 322 2396 ἀλλὰ
347 2357 406 2395 καὶ
425 2358 510 2408 παρ’
532 2356 721 2408 ἀνθρώπων
741 2356 921 2408 ὑποστήσῃ
938 2356 1110 2407 τιμωρίαν

84 2418 354 2470 χαλεπωτάτην,
385 2417 445 2456 καὶ
475 2417 583 2460 οὐδείς
603 2433 663 2455 σου
683 2417 944 2469 προστήσεται,
973 2417 1031 2455 καὶ
1050 2418 1107 2456 τὸν

85 2479 173 2518 Θεὸν
195 2478 395 2531 παροξυνεῖς
415 2479 590 2530 μειζόνως.
618 2478 728 2530 Ἅπερ
748 2478 886 2516 ἅπαντα
909 2478 1107 2530 αἰνιττόμε-

85 2556 139 2584 νος
158 2540 272 2590 ἔλεγεν
291 2556 298 2563 ·
319 2542 365 2578 Οἱ
384 2539 419 2578 δὲ
435 2539 684 2586 ἀνθεστηκότες
700 2542 833 2583 ἑαυτοῖς
848 2539 959 2591 κρίμα
976 2539 1107 2592 λήψον-

84 2618 153 2639 ται.
190 2595 279 2638 Εἶτα
299 2599 430 2643 δεικνὺς
458 2600 494 2637 δὲ
519 2600 558 2638 τὸ
581 2600 699 2651 κέρδος
715 2604 775 2637 τοῦ
791 2600 998 2652 πράγματος
1019 2600 1107 2650 μετὰ

85 2661 141 2698 τὸν
164 2661 280 2713 φόέον,
299 2659 358 2698 καὶ
376 2659 444 2698 ἀπὸ
459 2663 528 2697 τῶν
543 2661 720 2710 λογισμῶν
739 2659 848 2698 πείθει
863 2659 973 2711 λέγων
988 2659 1104 2703 οὕτως.

85 2725 131 2760 Οἱ
156 2721 224 2774 γὰρ
244 2721 408 2774 ἄρχοντες
429 2723 491 2758 οὐκ
511 2720 577 2758 εἰσὶ
597 2720 700 2772 φόὲος
718 2723 786 2758 τῶν
815 2723 954 2771 ἀγαθῶν
982 2720 1104 2771 ἔργων,

85 2783 175 2821 ἀλλὰ
202 2785 271 2820 τῶν
300 2784 428 2820 κακῶν.
463 2780 610 2828 Ἐπειδὴ
643 2780 709 2832 γὰρ
745 2782 886 2831 βαθεῖαν
915 2780 1021 2818 ἔδωκε
1041 2779 1104 2826 τὴν

84 2843 222 2896 πληγὴν
263 2843 322 2881 καὶ
358 2841 573 2888 κατέπληξεν
609 2840 732 2884 αὐτοὺς
747 2870 756 2886 ,
806 2841 912 2879 πάλιν
952 2840 1102 2889 ἀνίησιν,

83 2905 200 2957 ὥσπερ
221 2904 322 2956 σοφὸς
343 2903 457 2956 ἰατρὸς
484 2902 652 2955 φάρμακα
671 2904 829 2953 προσηνῆ
848 2900 967 2946 τιθεὶς,
988 2917 1104 2954 παρα-

85 2967 294 3017 μυθούμενος
316 2964 375 3003 καὶ
391 2965 515 3015 λέγων,
542 2963 575 3001 τί
596 2963 770 3010 δέδοικας;
799 2963 833 3000 τί
851 2962 1024 3014 φρίττεις;
1055 2962 1102 3012 μὴ

84 3027 149 3078 γὰρ
174 3030 318 3078 ἐπιτιμᾷ
339 3028 454 3070 καλῶς
474 3025 688 3077 πράττοντι,
711 3024 759 3075 μὴ
779 3023 847 3077 γάρ
865 3026 938 3062 ἐστι
960 3024 1104 3075 φοὲερὸς

86 3089 208 3139 ἀρετ-’ἧς
228 3087 505 3138 ἐπιμελουμένῳ,
525 3086 589 3124 Διὸ
608 3086 667 3124 καὶ
687 3085 828 3136 ἐπάγει·
849 3085 973 3128 Θέλεις
992 3084 1028 3123 δὲ
1053 3085 1101 3134 μὴ

86 3147 289 3198 ι’κ’,ζιοίέἷσθαι
309 3145 373 3191 τὴν
392 3146 543 3190 ἐξουσίαν
559 3163 568 3194 3
587 3146 640 3184 Τὸ
657 3145 783 3197 ἀγαθὸν
803 3145 916 3191 ποίει,
936 3145 995 3183 καὶ
1019 3145 1103 3189 ἕξεις

85 3208 223 3245 ἔπαινον
258 3207 291 3251 ἐξ
324 3208 438 3251 αὐτῆς.
483 3201 583 3250 Εἶδες
614 3209 688 3250 πῶς
719 3206 892 3258 ᾠκείωσεν
921 3206 1023 3244 αὐτὸν
1054 3209 1102 3258 τῷ

128 3340 139 3351 “
167 3340 176 3379 [
191 3340 224 3368 Α.
244 3345 275 3369 ct
293 3348 396 3380 marg.
414 3336 516 3372 Saxil.
535 3341 735 3372 ὐποτάττεται
752 3342 765 3372 ὁ
782 3343 868 3372 τοῦτο
886 3338 1002 3379 norom]

130 3401 139 3413 ³
167 3389 219 3421 Sic
243 3389 374 3421 Mss.1n
402 3388 508 3421 Etlitis
533 3401 610 3422 vero
633 3396 714 3433 μετὰ
739 3399 791 3428 τῆς
819 3394 974 3429 ἀληθείας,
991 3388 1087 3420 malc-

2093 260 2182 323 753

1195 353 1294 391 batio
1320 363 1480 406 regnant.
1513 356 1604 393 Cum
1636 354 1787 395 dixisset
1827 369 1908 409 ergo
1938 355 2115 396 undenam
2141 358 2187 397 sit

1197 414 1430 466 principatus,
1460 415 1650 468 subjunxit
1676 433 1683 452 :
1707 419 1746 454 2.
1780 419 1920 469 Itaque
1947 420 2015 469 qui
2040 421 2186 456 resistit

1194 479 1389 526 potestati,
1420 478 1497 514 Dei
1529 479 1768 516 ordinationi
1794 481 1952 517 resistit.
1991 479 2087 518 Vide
2113 494 2184 530 quo

1196 546 1270 570 rem
1289 533 1490 583 deduxerit,
1507 535 1600 573 unde
1615 536 1792 587 terruerit,
1814 551 1855 574 ac
1870 536 2051 588 quomodo
2070 546 2184 576 osten-

1196 589 1289 629 derit
1304 592 1371 630 boc
1385 607 1431 631 ex
1445 593 1566 633 debito
1579 595 1670 635 fieri.
1701 597 1792 634 Nam
1807 611 1850 635 ne
1866 596 1988 635 fideles
2003 596 2182 635 dicerent:

1197 652 1269 689 Nos
1292 654 1378 691 viles
1397 655 1532 704 reddis,
1559 662 1594 693 et
1612 658 1803 695 contemtui
1823 658 1986 710 exponis,
2016 658 2103 695 dum
2126 672 2184 696 eos

1197 712 1257 761 qui
1292 727 1399 764 regno
1429 715 1597 752 caelorum
1638 716 1788 768 potituri
1824 727 1920 766 sunt,
1959 718 2184 770 principibus

1199 773 1327 811 subd³s
1346 789 1353 809 :
1371 775 1522 813 ostendit
1541 789 1576 813 se
1597 776 1645 813 ita
1667 790 1736 814 non
1763 777 1999 829 principibus,
2026 779 2088 816 sed
2109 781 2185 817 Deo

1196 832 1276 870 illos
1298 834 1472 886 subjicere
1495 849 1602 873 :nam
1629 837 1691 886 qui
1718 837 1978 888 principatibus
2004 840 2183 891 subjectus

1197 904 1258 943 est,
1296 897 1349 933 illi
1381 897 1601 947 obsequitur.
1641 901 1781 938 Verum
1817 914 1886 938 non
1922 901 1971 938 ita
2009 902 2182 952 loquitur,

1195 969 1321 1008 nempe
1348 957 1442 1007 quod
1468 961 1542 995 Deo
1567 959 1782 1009 obsequatur
1806 960 1850 1009 is,
1874 961 1935 1011 qui
1957 962 2184 1014 principibus

1196 1017 1338 1058 obedit;
1362 1017 1422 1055 sed
1446 1033 1510 1070 per
1537 1020 1755 1057 contrarium
1777 1030 1896 1070 terret,
1924 1030 1956 1059 et
1984 1023 2184 1061 accuratius

1194 1076 1353 1129 idipsum
1388 1079 1516 1129 probat
1547 1079 1684 1130 dicens,
1713 1094 1795 1117 eum
1828 1081 1890 1130 qui
1924 1081 2079 1134 principi
2113 1097 2184 1121 non

1193 1138 1327 1187 obedit,
1348 1154 1428 1177 cum
1444 1141 1519 1178 Deo
1537 1155 1708 1193 pugnare,
1727 1142 1790 1192 qui
1806 1142 1898 1180 hanc
1916 1143 2028 1194 legem
2044 1144 2183 1195 posuit;

1193 1208 1226 1236 et
1245 1199 1312 1237 boc
1331 1200 1463 1251 ubique
1481 1200 1723 1240 demonstrare
1742 1202 1874 1252 studet,
1900 1203 1996 1254 quod
2015 1218 2084 1241 non
2103 1218 2185 1255 gra-

1192 1259 1278 1297 tiam
1297 1260 1381 1309 illis,
1405 1261 1467 1299 sed
1483 1261 1644 1299 debitum
1664 1262 1862 1300 obediendo
1882 1272 2104 1314 praestemus.
2129 1265 2184 1302 Ita

1191 1321 1285 1358 enim
1312 1321 1372 1359 ille
1391 1322 1570 1374 principes
1596 1322 1759 1361 infideles
1783 1323 1831 1361 ad
1855 1323 1952 1375 piam
1976 1324 2182 1375 religionem

1190 1382 1304 1433 magis
1320 1383 1510 1433 alliciebat,
1527 1393 1560 1421 et
1574 1384 1697 1421 fideles
1711 1384 1756 1421 ad
1772 1384 2024 1425 obedientiam.
2039 1385 2182 1423 Etenim

1189 1456 1312 1480 rumor
1354 1443 1512 1494 undique
1542 1443 1870 1495 circumferebatur,
1917 1458 1988 1495 quo
2031 1447 2180 1499 apostoli

1189 1512 1228 1540 ut
1259 1504 1416 1541 seditiosi
1447 1514 1479 1542 et
1505 1519 1678 1542 novarum
1706 1519 1828 1543 rerum
1856 1515 2016 1544 auctores
2036 1507 2177 1546 incusa-

1188 1563 1332 1614 bantur,
1367 1564 1428 1614 qui
1457 1565 1504 1602 ad
1544 1565 1664 1616 legum
1692 1566 1935 1604 communium
1964 1568 2179 1606 eversionem

1188 1626 1305 1662 omnia
1336 1626 1488 1663 facerent
1515 1635 1548 1664 et
1573 1625 1744 1664 dicerent.
1778 1628 1869 1664 Cum
1896 1628 1991 1665 enim
2019 1628 2179 1666 ostendes

1186 1700 1409 1724 communem
1425 1687 1621 1725 Dominum
1644 1696 1802 1726 nostrum
1822 1688 1890 1726 hoc
1918 1689 1991 1727 suis
2012 1690 2177 1727 omnibus

1185 1747 1389 1799 praecipere,
1421 1762 1557 1793 eorum,
1603 1749 1665 1799 qui
1699 1749 1878 1801 apostolos
1910 1759 1950 1788 ut
1990 1760 2177 1789 novatores

1185 1808 1428 1858 traducebant,
1450 1824 1510 1847 ora
1531 1810 1706 1859 obstrues,
1733 1819 1766 1847 et
1790 1824 1872 1848 cum
1896 1811 2023 1863 majori
2045 1811 2177 1849 fiducia

1185 1883 1248 1921 pro
1267 1869 1425 1908 veritatis
1442 1869 1670 1921 dogmatibus
1689 1870 1855 1921 loqueris.

1243 2045 1280 2080 522.
1296 2043 1349 2080 Ne
1366 2044 1486 2093 itaque
1503 2043 1583 2081 talis
1600 2041 1828 2095 subjectionis
1849 2052 1884 2082 te
1908 2044 2053 2097 pudeat.
2074 2046 2166 2082 Nam

1183 2103 1275 2141 hanc
1293 2104 1393 2141 Deus
1425 2103 1539 2154 legem
1568 2104 1703 2156 posuit,
1735 2113 1769 2142 et
1795 2118 1854 2142 eos
1883 2105 1943 2155 qui
1961 2105 2026 2142 ista
2054 2114 2174 2153 conte-

1183 2174 1309 2202 mnunt
1320 2164 1544 2202 vehementer
1554 2165 1750 2203 ulciscitur.
1765 2166 1858 2203 Nam
1873 2165 1902 2203 si
1919 2180 1987 2203 non
2000 2167 2174 2216 obsequa-

1183 2227 1244 2274 ris,
1261 2241 1381 2278 poenas
1398 2227 1460 2264 abs
1476 2236 1510 2264 te
1524 2240 1593 2264 non
1613 2227 1707 2265 leves
1723 2236 1872 2278 repetet,
1895 2227 1957 2264 sed
1976 2228 2170 2276 maximas,

1182 2303 1245 2327 nec
1261 2288 1458 2339 quidquam
1478 2297 1512 2325 te
1526 2297 1785 2340 repugnantem
1801 2287 1951 2325 eximet:
1970 2288 2057 2338 quin
2075 2297 2107 2326 et
2121 2289 2168 2326 ab

1179 2350 1388 2388 hominibus
1407 2349 1619 2400 gravissimo
1647 2349 1812 2401 plecteris
1831 2349 2023 2401 supplicio,
2046 2364 2165 2388 nemo-

1179 2426 1247 2462 que
1262 2411 1328 2449 tibi
1349 2409 1648 2463 patrocinabitur,
1669 2424 1709 2447 ac
1725 2411 1843 2447 Deum
1858 2410 1971 2461 magis
1993 2411 2167 2448 irritabis.

1179 2472 1267 2518 Quae
1283 2471 1402 2509 omnia
1418 2470 1650 2508 subindicans
1669 2469 1833 2508 dicebat:
1859 2472 1933 2521 Qui
1953 2480 2083 2509 autem
2113 2486 2172 2512 re-

1178 2536 1332 2579 sistunt,
1349 2535 1423 2584 ipsi
1432 2534 1508 2570 sibi
1521 2533 1815 2570 damnationem
1830 2536 2049 2584 acquirunt.
2063 2533 2172 2571 Dein·

1176 2594 1222 2632 de
1240 2603 1321 2646 post
1335 2594 1520 2631 incussum
1536 2593 1713 2641 timorem,
1733 2601 1773 2629 ut
1788 2592 1839 2629 rei
1854 2593 2042 2630 utilitatem
2055 2603 2170 2632 osten-

1175 2655 1251 2702 dat,
1289 2669 1353 2706 per
1381 2652 1569 2691 ratiocinia
1605 2652 1645 2689 id
1679 2651 1815 2700 suadet,
1849 2652 1897 2690 ita
1932 2653 2082 2703 loquens
2099 2669 2107 2689 ε
2123 2655 2162 2691 5.

1175 2717 1279 2753 Nam
1293 2717 1484 2766 principes
1514 2727 1592 2750 non
1611 2721 1700 2750 sunt
1725 2715 1840 2749 timor
1867 2715 2054 2751 bonorum
2073 2728 2165 2765 ope—

1174 2792 1278 2824 rnm,
1298 2778 1367 2815 sed
1390 2776 1594 2813 malornm.
1610 2776 1804 2825 Postquam
1831 2775 1923 2813 enim
1949 2776 2165 2828 profundam

1173 2838 1353 2877 inflixerat
1384 2836 1543 2889 plagam,
1562 2835 1713 2886 illosque
1750 2844 1935 2885 terruerat,
1965 2851 2088 2874 rursus
2115 2837 2163 2874 il-

1174 2900 1226 2937 los
1242 2897 1410 2949 erigit,ut
1426 2896 1566 2948 sapiens
1580 2895 1741 2933 medicus
1756 2896 1851 2933 levia
1867 2896 2039 2934 adhibens
2050 2897 2160 2948 phar-

1175 2973 1288 3008 maca,
1316 2955 1528 2995 consolando
1549 2955 1691 2994 dicens:
1707 2955 1804 3003 Quid
1837 2956 1967 2995 times?
1985 2957 2072 3008 quid
2097 2973 2159 2996 ex-

1175 3018 1423 3058 horrescishn
1435 3027 1467 3055 te
1477 3018 1564 3055 bene
1578 3025 1739 3068 agentem
1752 3017 1918 3069 corripit?
1932 3032 1975 3055 an
1990 3019 2161 3057 terribilis

1176 3091 1226 3120 est
1240 3079 1386 3119 virtutis
1401 3078 1585 3117 studioso?
1597 3077 1680 3115 Ideo
1694 3077 1836 3129 adjicit:
1851 3080 1918 3116 Vis
1932 3087 2061 3117 alitem
2083 3094 2160 3117 non

1177 3145 1309 3180 timere
1319 3142 1573 3191 potestatem?
1586 3139 1833 3190 Bonumfac,
1851 3146 1888 3176 et
1902 3139 2061 3177 habebis
2075 3140 2160 3178 Zau-

1179 3204 1264 3241 dem
1286 3215 1331 3238 ex
1351 3200 1436 3237 illa.
1457 3197 1587 3238 Viden'
1610 3197 1789 3249 quomodo
1809 3198 1911 3236 illum
1941 3214 2022 3238 cum
2043 3200 2158 3252 magi-

1160 3337 1236 3376 [Pro
1258 3338 1388 3370 nietam
1406 3333 1439 3363 A.
1459 3339 1490 3362 ct
1509 3341 1613 3373 marg.
1632 3329 1734 3362 Savit.
1754 3329 1879 3363 habent
1895 3334 2034 3374 malie]

1165 3376 1170 3377 ⁷
1201 3389 1216 3412 11
1242 3387 1333 3419 [nus
1348 3383 1462 3417 Codex
1480 3387 1628 3428 406212022·
1645 3390 1681 3426 τῇ
1700 3387 1825 3425 ἐξουτέα.
