2466 3805
664 260 706 289 IN
743 260 859 291 ACTA

94 341 356 392 καταγγέλλετε.
394 340 456 388 Μὴ
486 340 526 387 δὴ
554 340 671 384 ἅπλῶς
700 341 913 394 προσίωμεν,
946 342 1034 393 μηδὲ
1068 344 1113 385 ὡς

92 402 194 452 ἔτυχε
214 406 323 438 ταῦτα
337 400 492 452 γίνεσθαι
504 400 710 451 νομίζωμεν.
725 401 857 445 Ἄλλως
872 402 907 440 δὲ
924 402 1111 455 μαρτύρων

93 461 301 512 μεμνήμεθα
317 491 327 508 ,
355 462 414 499 καὶ
442 467 542 500 τοῦτο
561 464 608 504 εἷς
628 462 758 512 πίστιν,
786 463 839 501 ὅτι
859 466 896 501 οὐ
912 459 1074 510 τέθνηκεν
1096 467 1114 502 ὃ

93 521 236 572 Κύριος·
257 522 318 559 καὶ
339 526 439 559 τοῦτο
457 527 516 560 τοῦ
534 525 794 561 τεθανατῶσθαι
807 525 865 562 τὸν
881 524 1024 562 θάνατον
1045 541 1113 572 ση-

94 588 202 632 μεῖον,
223 587 283 620 τοῦ
304 583 421 634 νεκρὸν
450 583 550 620 αὐτὸν
571 587 789 633 γεγενῆσθαι.
812 586 936 622 Ταῦτα
965 584 1112 633 εἰδότες,

94 644 283 691 ἐπινοῶμεν
302 641 384 684 ὅσας
409 642 584 692 δυναίμεθα
603 644 824 695 παραμυθίας
842 650 912 687 τοῖς
939 646 1111 682 ἀπελθοῦ-

94 719 160 747 σιν,
180 703 255 740 ἀντὶ
285 702 456 755 δακρύων,
478 703 552 741 ἀντὶ
574 703 718 757 θρήνων,
739 705 816 742 ἀντὶ
841 704 1031 754 μνημείων,
1053 703 1113 747 τὰς

93 763 345 813 ἐλεημοσύνας,
366 765 427 807 τὰς
444 763 547 815 εὐχὰς
565 793 574 810 ,
599 764 660 807 τὰς
680 764 878 816 προσφορὰς
894 795 903 812 ,
920 764 975 802 ἵνα
994 766 1113 801 κάκεῖ-

93 839 143 861 νοι
178 824 237 861 καὶ
264 827 366 873 ἡμεῖς
386 823 547 875 τύχωμεν
575 827 643 861 τῶν
664 824 931 874 ἐπηγγελμένων
961 826 1110 876 ἀγαθῶν,

92 884 210 935 χάριτι
226 884 284 921 καὶ
300 884 540 937 φιλανθρωπίᾳ
555 888 614 921 τοῦ
633 889 832 935 μονογενοῦς
852 885 956 930 Υἱοῦ,
974 887 1050 934 μεθ’
1073 879 1111 922 οῦ

91 947 140 995 τῷ
161 945 278 997 Πατρὶ
291 944 364 994 ἅμα
377 947 425 996 τῷ
442 944 529 995 ἁγίῳ
545 943 726 994 Πνεύματι
737 943 830 992 δόξα,
846 943 988 995 κράτος,
1005 943 1112 994 τιμὴ,

92 1009 148 1052 νῦν
164 1005 222 1042 καὶ
242 1005 316 1051 ἀεὶ,
334 1005 393 1042 καὶ
420 1007 466 1048 εἰς
487 1004 566 1047 τοὺς
585 1006 711 1046 αἰῶνας
737 1006 804 1040 τῶν
826 1003 1108 1054 αἰώνων.Ἀμήν.

458 1205 640 1242 omAIA
668 1203 738 1255 κβᾰ

894 259 1220 291 APOSTOLORUM
1230 280 1239 290 .
1279 260 1442 290 uomit„
1482 261 1594 292 xxu.

1121 1301 1169 1326 177

2080 265 2094 292 1
2107 248 2174 311 89

1185 357 1240 381 res
1254 355 1505 389 memoramus,
1524 350 1557 378 et
1570 340 1639 378 hoc
1654 340 1690 377 in
1703 338 1829 390 fidem,
1845 340 1941 390 quod
1950 342 2027 392 jam
2045 343 2174 379 Domi—

1184 417 1251 441 nus
1270 413 1432 441 mortuus
1450 416 1517 440 non
1536 401 1604 451 sit3
1626 410 1659 439 et
1676 401 1745 439 hoc
1763 401 1906 452 signum
1923 411 1975 439 est
1992 411 2173 441 mortuam

1182 477 1256 501 esse
1280 472 1441 512 mortem,
1456 461 1552 513 quod.
1575 462 1636 499 ille
1661 471 1821 499 mortuus
1847 462 1965 499 fuerit.
1986 462 2073 499 Haec
2092 476 2176 500 cum

1181 524 1346 572 sciamus,
1368 524 1628 562 consideremus
1643 531 1790 573 quantas
1805 536 1995 574 possumus
2015 523 2176 560 consola-

1182 584 1294 622 tiones
1321 584 1495 622 defunctis
1523 584 1690 631 conferre,
1716 583 1794 621 vice
1819 584 2075 635 lacrymarum,
2095 583 2176 622 vice

1180 644 1341 693 fletuum,
1356 645 1435 683 vice
1454 652 1776 690 monumentorum,
1786 643 2023 696 eleemosynas
2037 657 2175 696 nempe,

1181 705 1370 754 orationes,
1392 704 1592 742 oblationes
1600 719 1611 753 3
1632 712 1670 740 ut
1701 712 1736 740 et
1759 703 1818 740 -ifli
1846 713 1879 742 et
1906 718 1970 741 nos
2003 704 2177 755 promissa

1181 779 1442 814 consequamur
1454 765 1563 811 hona,
1585 764 1697 814 gratia
1719 773 1752 801 et
1770 765 1986 816 benignitate
2003 765 2177 816 unigeniti

1181 822 1278 869 Filii,
1299 822 1449 871 quicum
1477 822 1575 858 Patri
1601 830 1634 858 et
1654 821 1809 872 Spiritui
1827 832 1946 860 sancto
1965 823 2092 873 gloria,
2110 823 2175 859 ho-

1182 896 1259 932 nor,
1279 882 1484 933 imperium,
1507 896 1602 920 nunc
1626 891 1660 920 et
1682 896 1829 934 semper,
1847 892 1880 921 et
1909 884 1945 921 in
1966 885 2093 922 saecula
2113 898 2175 922 sae—

1188 942 1362 980 culorum.
1380 944 1505 981 Amen.

1497 1203 1706 1241 HOMILIA
1737 1202 1862 1241 XXII.

91 1326 190 1378 Ἀνὴρ
216 1326 252 1364 δέ
272 1342 324 1369 τις
345 1328 380 1364 ἐν
399 1326 614 1379 Καισαρείᾳ,
631 1326 774 1377 ὀνόματι
790 1326 999 1380 Κορνήλιος,
1022 1327 1107 1363 ἓκα-
1133 1339 1159 1367 Α
1183 1323 1273 1361 CAP.
1294 1323 1341 1361 X.
1368 1337 1403 1362 v.
1435 1326 1472 1361 1.
1492 1325 1561 1362 Vir
1579 1332 1709 1362 autem
1733 1326 1893 1376 quidam
1918 1334 2002 1363 erat
2029 1328 2071 1362 in
2094 1326 2177 1364 Cae—

140 1387 331 1438 τοντάρχης
344 1418 353 1435 ,
373 1389 411 1425 ἐκ
436 1387 578 1439 σπείρας
596 1389 659 1433 τῆς
680 1387 897 1437 καλουμένης
914 1387 1108 1434 Ἰταλικῆς,

145 1448 285 1495 εὖσεὸἠς
314 1448 372 1485 καὶ
398 1447 606 1499 φοὸούμενος
637 1448 694 1486 τὸν
727 1448 817 1487 Θεὸν
842 1448 902 1486 σὺν
922 1448 1027 1486 παντὶ
1059 1450 1109 1499 τῷ

144 1509 228 1560 οἴκῳ
245 1512 366 1556 αὐτοῦ,
385 1511 493 1547 ποιῶν
517 1509 747 1559 ἐλεημοσύνας
769 1508 929 1553 *πολλὰς
950 1512 998 1562 τῷ
1015 1511 1110 1560 λαῷ,

144 1570 202 1607 καὶ
222 1569 379 1620 δεόμενος
397 1572 455 1606 τοῦ
472 1571 563 1607 Θεοῦ
582 1569 638 1607 διὰ
650 1569 794 1616 παντὸς,
808 1564 893 1607 εἶδεν
911 1573 943 1608 ἐν
961 1570 1111 1623 ὁράματι

144 1631 312 1681 φανερῶς,
327 1629 409 1666 ὡσεὶ
424 1629 499 1681 ὥρα
516 1629 617 1681 ἐνάτη
636 1633 698 1676 τῆς
710 1629 855 1680 ἡμέρας,
867 1629 1010 1680 ἄγγελον
1019 1630 1110 1667 Θεοῦ

146 1689 342 1726 εἰσελθόντα
361 1690 446 1741 πρὸς
462 1690 577 1735 αὐτὸν,
597 1690 657 1726 καὶ
677 1691 819 1728 εἰπόντα
836 1692 930 1740 αὐτῷ
942 1719 951 1735 ,
979 1688 1112 1740 Κορνή-

145 1752 209 1787 λιε.
234 1749 277 1787 ‘O
298 1749 333 1787 Ρὲ
354 1749 512 1792 ἀτενίσας
532 1753 645 1801 αὐτῷ,
666 1751 725 1788 καὶ
746 1750 895 1802 ἔμφοὲος
915 1751 1111 1800 γενόμενος,

148 1814 242 1848 εἷπε·
264 1810 297 1847 τί
317 1812 410 1857 ἐστι,
434 1810 563 1862 Κύριε,
586 1805 676 1849 Eine
694 1811 728 1848 δὲ
743 1814 835 1863 αὐτῷ
848 1827 856 1834 ·
872 1814 906 1849 αἱ
922 1811 1114 1864 προσευχαί
1139 1816 1160 1844 Β

146 1886 205 1908 σου
233 1870 292 1908 καὶ
312 1872 346 1906 αἱ
371 1870 603 1921 ἐλεημοσύναι
631 1886 690 1910 σου
713 1871 887 1918 ἀνέδησαν
911 1874 957 1915 εἷς
978 1872 1113 1923 μνημό-

146 1947 244 1970 συνον
263 1930 408 1970 ἐνώπιον
430 1937 489 1970 τοῦ
509 1934 611 1971 Θεοῦ.

147 2118 258 2168 Οῦτος
278 2127 338 2162 οὒκ
357 2125 449 2163 ἔστιν
474 2125 654 2171 Ἰουδαῖος,
674 2125 775 2164 ὃοῦδὲ
792 2127 858 2169 ζῶν
880 2124 970 2163 κατὰ
987 2125 1042 2163 τὸν
1059 2126 1113 2164 νό-

96 2200 171 2233 μον,
201 2186 276 2222 ἀλλ’
306 2185 372 2232 ἤδη
402 2185 606 2238 προειλήφει
634 2186 695 2232 τὴν
721 2186 893 2238 ἡμετέραν
920 2186 1111 2224 πολιτείαν.

94 2246 163 2283 Καὶ
182 2245 245 2297 ὅρα
264 2245 322 2283 δύο
348 2245 571 2289 πιστεύον-,ας
589 2247 674 2290 τέως
687 2277 696 2294 ,
719 2246 777 2283 τόν
810 2262 848 2283 τε
879 2249 1036 2298 εὐνοῦχον
1055 2247 1112 2284 τὸν

94 2307 162 2344 ἀπὸ
181 2309 242 2352 τῆς
260 2306 383 2352 Γάζης,
401 2307 458 2344 καὶ
473 2311 604 2354 τοῦτον,
623 2309 656 2345 ἐν
677 2306 868 2357 ἀξιώμασιν
882 2307 981 2350 ὄντας
997 2310 1112 2357 ἀμ.φο-

92 2366 209 2418 τέρους
223 2397 232 2414 ,
249 2368 308 2404 καὶ
334 2367 465 2414 πολλὴν
486 2367 574 2420 ὑπὲρ
587 2367 717 2406 τούτων
737 2368 921 2419 γινομένην
941 2368 1108 2414 σπουδήν.

91 2428 196 2466 Ἀλλὰ
213 2427 260 2479 μὴ
278 2428 496 2479 νομίσῃς,ὁ’τι
509 2428 565 2466 διὰ
580 2429 624 2467 τὰ
639 2428 899 2480 ἀξιώματα.οὐ
915 2429 972 2467 διὰ
988 2434 1109 2476 ταῦτα,

93 2488 141 2538 μὴ
161 2490 312 2539 γένοιτο·
340 2488 430 2526 ἀλλὰ
448 2490 503 2527 διὰ
523 2488 587 2535 τὴν
609 2489 802 2528 εὖλάὸειαν.
822 2489 890 2527 Διὰ
914 2493 994 2541 γοῦν
1010 2495 1111 2529 τοῦτο

92 2547 151 2584 καὶ
164 2548 207 2584 τὰ
222 2547 403 2598 ἀξιώματα
418 2549 588 2596 τέθειται,
604 2548 660 2587 ἵνα
673 2550 798 2600 μείζων
815 2553 836 2596 ἡ
853 2550 1017 2588 ematosa
1037 2551 1110 2588 δει-

40 2636 45 2641 ,
93 2610 173 2658 χθῇ.
202 2607 495 2661 Θαυμαστότερον
519 2608 658 2661 καὶγὰρ
675 2609 755 2648 ὅταν
773 2612 807 2647 ἐν
826 2610 964 2663 πλούτῳ
983 2611 1042 2649 καὶ
1057 2613 1112 2649 δυ-

93 2667 234 2719 ναστεία
248 2683 296 2711 τις
312 2666 373 2714 ὢν,
395 2674 544 2712 τοιοῦτος
564 2663 598 2720 ἦ..
617 2669 720 2708 Ἀλλὰ
743 2670 834 2721 μέγα
850 2670 980 2708 ἐκείνου
1002 2671 1111 2723 ἐγκώ-

94 2740 170 2776 μιον
202 2728 240 2765 τὸ
267 2728 439 2774 τοσαύτην
474 2730 673 2780 ἀποδημίαν
704 2732 928 2781 στέλλεσθαι,
960 2733 1019 2770 καὶ
1047 2733 1110 2780 τὸ,

91 2785 204 2837 ι’μηδὲ
233 2792 352 2841 καιροῦ
374 2789 526 2827 τοιούτου
549 2790 661 2839 ὄντος,
687 2793 721 2829 ἓν
744 2794 812 2843 ὁδῷ
847 2793 1109 2844 ἀναγινώσκειν,

92 2849 150 2886 καὶ
169 2848 207 2886 τὸ
226 2850 282 2887 ἐπὶ
307 2850 485 2901 ὀχήματος
505 2852 690 2903 φερόμενον
710 2852 768 2890 τὸν
785 2852 965 2892 Φίλιππον
992 2870 1110 2906 παρα-

92 2910 222 2956 καλεῖν,
241 2909 299 2947 καὶ
319 2911 427 2962 μυρία
446 2911 566 2961 ἕτερα·
593 2913 685 2964 μέγα
707 2913 767 2951 καὶ
790 2913 933 2961 τούτου,
957 2915 996 2953 τὸ
1015 2917 1112 2962 ἐλεη-

94 2968 242 3017 μοσύνας
267 2976 376 3008 ποιεῖν
396 2971 454 3009 καὶ
474 2972 597 3024 εὐχὰς,
623 2973 683 3011 καὶ
701 2975 825 3021 εὐσεὸἦ
854 2968 941 3013 εἶναι
962 2977 996 3013 ἐν
1019 2979 1110 3028 ἀρχῇ

92 3028 251 3080 τοιαύτῃ.
278 3031 341 3069 Διὸ
359 3031 416 3069 καὶ
435 3032 503 3070 ἀπὸ
522 3033 651 3081 ταύτης
666 3035 723 3072 τὸν
744 3035 854 3087 ἄνδρα
871 3041 963 3074 ποιεῖ
982 3036 1111 3089 γνώρι-

96 3104 182 3138 μον·
214 3090 374 3138 εἰκότως,
405 3091 461 3130 ἵνα
495 3094 544 3143 μή
576 3110 628 3138 τις
657 3096 761 3147 εἴπῃ,
787 3096 840 3134 δ’τι
861 3097 1021 3149 ψεύδεται
1042 3100 1110 3135 τῶν

95 3157 242 3207 Γραφῶν
259 3161 280 3203 ἢ
299 3158 443 3209 ἱστορία.
463 3159 529 3198 Ἐκ
549 3161 691 3213 σπείρας
703 3192 713 3210 ,
741 3163 846 3215 φησὶ,
863 3167 925 3210 τῆς
941 3164 1110 3215 καλουμέ-

95 3236 154 3265 νης
177 3220 360 3269 Ἰταλικῆς.
381 3228 394 3245 ‘³
408 3226 543 3276 Σπεὶρᾶ
563 3229 670 3276 ἐστιν,
698 3227 715 3266 ὃ
741 3231 912 3279 καλοῦμεν
944 3230 1015 3268 νυνὶ
1035 3230 1111 3269 νού-

140 3349 154 3363 ⁸
172 3348 182 3389 [
197 3353 307 3386 πολλάς
323 3347 415 3382 abest
431 3362 448 3383 a
463 3352 503 3383 D.
522 3353 559 3384 C.
574 3352 586 3396 J

139 3410 151 3423 ³
169 3400 178 3440 [
195 3403 257 3433 οὐδὲ
275 3410 331 3434 τῶν
347 3403 401 3435 ὑπὸ
419 3407 467 3436 τὸν
483 3410 582 3445 νόμον,
599 3405 634 3436 Α.
652 3405 687 3437 Β.
707 3404 761 3448 C.]

1235 1399 1348 1422 sarea
1359 1387 1513 1423 nomine
1524 1387 1555 1423 C
1558 1387 1727 1424 ornelius
1730 1415 1742 1435 ,
1761 1389 1933 1424 centurio
1949 1401 1996 1424 ex
2009 1389 2176 1437 cohorte,

1238 1460 1322 1498 quoe
1337 1455 1503 1484 vocatur
1522 1447 1680 1494 Italica,
1700 1450 1736 1485 <2
1756 1448 1956 1499 religiosus
1979 1463 2024 1486 ac
2041 1453 2178 1487 timens

1237 1509 1365 1546 Deum
1390 1522 1475 1545 cum
1504 1512 1610 1545 omni
1636 1510 1750 1547 domo
1780 1511 2046 1561 sua,saciens
2075 1512 2178 1548 elee-

1238 1582 1425 1617 mosynas
1451 1570 1594 1607 multas
1611 1570 1730 1621 plebi,
1752 1579 1789 1607 et
1809 1572 2019 1622 deprecans
2050 1572 2178 1608 Deum

1238 1642 1386 1680 semper
1407 1645 1417 1665 .·
1440 1630 1476 1667 5.
1494 1632 1526 1667 is
1541 1631 1644 1666 vidit
1662 1633 1702 1667 in
1724 1633 1813 1668 visit
1834 1632 2040 1683 manifeste
2066 1633 2179 1683 quasi

1239 1689 1337 1726 hora
1372 1690 1449 1726 diei
1479 1703 1595 1736 nona,
1619 1691 1801 1742 angelum
1819 1692 1898 1728 Dei
1922 1694 2178 1739 introeuntem

1239 1750 1292 1786 ad
1310 1763 1362 1795 se,
1389 1757 1426 1786 et
1447 1751 1636 1788 dicentem
1662 1753 1749 1797 sibi,
1774 1752 1940 1790 Corneli.
1963 1753 2000 1789 4.
2024 1751 2083 1789 At
2111 1752 2180 1788 ille

1239 1812 1393 1847 intuens
1413 1824 1519 1857 eum,
1544 1814 1680 1847 timore
1705 1820 1901 1863 correptus
1930 1813 2030 1848 dixit
2046 1828 2056 1847 .·
2078 1812 2181 1861 Quid

1238 1878 1315 1917 est,
1343 1871 1537 1907 Domine?
1558 1872 1674 1908 Dixit
1703 1880 1833 1908 autem
1865 1873 1952 1909 illi.-
1972 1874 2177 1909 Orationes

1241 1939 1314 1968 tuoe
1329 1940 1367 1968 et
1382 1932 1636 1979 eleemosynae
1661 1940 1735 1969 tuce
1757 1934 2014 1971 ascenderunt
2034 1934 2074 1971 in
2094 1946 2177 1971 me-

1240 1994 1401 2030 moriam
1424 1995 1465 2030 in
1480 2001 1684 2044 conspectu
1700 1994 1787 2031 Dei.

1243 2133 1257 2166 ⁴
1272 2161 1279 2168 .
1312 2131 1380 2168 Hic
1398 2145 1468 2169 non
1485 2140 1558 2169 erat
1572 2131 1730 2181 Judaeus,
1743 2145 1805 2169 nec
1818 2132 1964 2170 vivebat
1981 2132 2177 2170 secundum

1186 2193 1321 2244 l<gem3
1342 2194 1403 2231 sed
1430 2194 1504 2245 jam
1536 2203 1841 2245 praeoccupaverat
1869 2194 2071 2232 institutum
2094 2195 2177 2233 vitae

1188 2264 1360 2292 nostrum.
1381 2255 1429 2292 Et
1461 2254 1544 2292 vide
1570 2254 1660 2292 duos
1686 2255 1881 2304 credentes,
1910 2256 2113 2293 eunuchum
2141 2256 2178 2294 in

1189 2317 1300 2366 Gaza,
1319 2325 1352 2353 et
1369 2316 1479 2366 hunc,
1499 2316 1623 2354 ambos
1647 2316 1683 2353 in
1703 2316 1938 2367 dignitatibus
1956 2318 2176 2365 constitutos,

1189 2391 1426 2429 magnamque
1442 2377 1487 2414 de
1509 2377 1580 2414 illis
1596 2377 1755 2415 habitam
1776 2392 1909 2417 curam.
1924 2378 1995 2417 Sed
2014 2393 2057 2416 ne
2077 2388 2179 2430 putes

1149 2449 1158 2458 ¹
1187 2439 1232 2475 ob
1247 2438 1447 2490 dignitates.
1466 2440 1545 2476 Non
1566 2453 1605 2476 ea
1626 2437 1670 2475 de
1685 2453 1804 2488 causa,
1823 2439 1933 2488 absit,
1952 2439 2013 2477 sed
2034 2449 2179 2491 propter

1186 2502 1363 2554 pietatem.
1379 2502 1462 2540 Ideo
1495 2501 1685 2553 dignitates
1714 2502 1836 2554 positae
1875 2512 1972 2551 sunt,
1992 2512 2031 2540 ut
2065 2503 2179 2554 major

1187 2563 1298 2615 pietas
1321 2563 1482 2601 eluceret.
1503 2562 1710 2600 Mirabilius
1739 2563 1875 2614 quippe
1902 2572 1966 2609 est,
1991 2577 2071 2600 cum
2097 2563 2178 2612 quis

1187 2624 1223 2661 in
1237 2624 1372 2663 divitiis
1387 2633 1419 2661 et
1434 2624 1586 2675 potentia
1607 2623 1830 2671 constitutus,
1844 2623 1924 2660 talis
1940 2623 2060 2660 fuerit.
2075 2624 2179 2660 Certe

1186 2701 1313 2738 magna
1335 2687 1434 2724 illius
1460 2687 1538 2724 laus
1561 2695 1624 2732 est,
1650 2685 1747 2736 quod
1761 2694 1895 2722 tantam
1917 2685 2176 2737 peregrinatio-

1187 2761 1267 2785 nem
1286 2747 1492 2799 susciperet,
1516 2761 1577 2784 nec
1596 2746 1658 2784 tali
1678 2755 1835 2797 tempore
1854 2746 1889 2782 in
1911 2745 1968 2783 via
1986 2745 2176 2783 lectionem

1187 2807 1447 2856 intermitteret,
1465 2816 1499 2844 et
1513 2806 1608 2857 quod
1629 2820 1737 2844 curru
1754 2814 1876 2843 vectus
1889 2805 2100 2856 Philippum
2116 2805 2177 2842 ad-

1186 2878 1340 2916 vocaret,
1364 2868 1546 2918 multaque
1574 2867 1644 2904 alia
1670 2883 1678 2903 z
1702 2880 1872 2917 magnum
1900 2866 2006 2903 etiam
2040 2864 2076 2902 in
2109 2865 2177 2902 hoc

1187 2938 1252 2979 est,
1273 2929 1373 2980 quod
1399 2929 1639 2980 eleemosynas
1661 2937 1694 2965 et
1720 2941 1841 2979 preces
1870 2927 2054 2974 emitteret,
2076 2934 2109 2963 et
2138 2926 2173 2963 in

1185 2998 1283 3027 tanto
1305 2990 1507 3042 principatu
1522 2989 1604 3041 pius
1625 2997 1726 3026 esset.
1742 2987 1847 3025 Unde
1863 2996 1896 3025 et
1916 2987 2043 3024 abhoc
2070 2986 2175 3023 illum

1186 3057 1310 3087 notum
1324 3050 1408 3088 facit
1422 3066 1430 3086 :
1444 3059 1477 3087 et
1497 3049 1636 3097 merito,
1659 3058 1697 3085 ut
1720 3062 1764 3085 ne
1784 3048 1862 3098 quis
1881 3046 2011 3084 diceret
2033 3047 2176 3084 mentiri

1187 3111 1455 3162 scripturarum
1467 3110 1665 3147 historiam.
1680 3111 1744 3146 Ex
1759 3110 1926 3154 cohorte,
1944 3107 2072 3157 inquit,
2090 3121 2176 3159 quae

1187 3174 1404 3210 vocabatur
1417 3172 1574 3209 Italica.
1587 3170 1721 3207 Cohors
1737 3178 1824 3216 erat,
1842 3167 1879 3205 id
1895 3167 1992 3218 quod
2006 3182 2099 3205 nunc
2113 3182 2176 3207 vo-

1188 3246 1308 3271 camus
1342 3246 1542 3271 numerum.
1563 3233 1659 3270 Pius
1688 3244 1734 3269 ac
1768 3232 1905 3268 timens
1932 3231 2061 3269 Deum
2089 3243 2177 3269 cum

1212 3353 1227 3375 Β
1244 3353 1255 3394 [
1270 3355 1345 3394 μηδὲ
1363 3369 1390 3385 κ.
1410 3356 1583 3389 καλοῦντος,
1602 3355 1650 3384 καὶ
1667 3356 1700 3385 τὸ
1718 3356 1746 3384 ἐν
1763 3353 1818 3394 ὁδῷ
1835 3358 1921 3393 ἀνα-Ι.
1943 3351 1980 3382 Α.
1999 3352 2036 3383 B.
2055 3351 2110 3393 C.]

1177 3425 1193 3440 0
1216 3417 1227 3431 c
1246 3413 1351 3450 σπεῖρα
1375 3405 1561 3441 Donucam,
1580 3403 1666 3445 spira
1685 3410 1717 3435 et
1741 3401 1861 3434 cohors
1887 3401 1974 3445 apud
1999 3400 2175 3446 Polybium
