2502 3810
721 262 764 295 1N
801 264 942 295 EPIST.
983 263 1042 292 AD
1078 262 1187 292 ROM.
1226 261 1382 291 HOMIL.
1421 261 1514 291 XIX.
2075 243 2162 303 713

91 365 169 394 σαι,
189 348 243 388 ὅτι
259 347 302 386 τὰ
320 346 381 399 μὲν
401 348 462 392 τῆς
478 346 600 390 κακίας
614 345 730 394 ἔληξε,
748 345 792 384 τὰ
809 344 844 383 δὲ
859 347 920 391 τῆς
938 343 1108 396 τιμωρίας
1179 340 1382 379 mirandum
1410 350 1474 392 est,
1507 339 1602 391 quod
1622 353 1698 391 quae
1730 339 1776 377 ad
1795 338 1968 376 malitiam
1991 338 2167 390 pertinent

90 409 307 456 ἐπιτέταται,
335 408 396 447 καὶ
417 408 493 447 οὐδὲ
527 408 650 446 ἐλπίδα
678 407 755 445 τινὰ
790 406 863 459 ἔχει
900 405 1107 456 μεταὸολῆς.
1178 411 1370 449 cessarunt,
1389 416 1466 453 quae
1484 401 1533 440 ad
1552 401 1770 453 supplicium
1788 415 1884 450 vero,
1904 399 2054 438 adaucta
2072 409 2165 448 sunt,

90 470 180 509 Οὐδὲ
202 469 518 521 γὰρ-ἑῧδομήκοντα
534 469 593 516 ἔτη
614 470 772 521 παρῆλθε
788 467 903 518 μόνον,
928 465 1005 503 οὐδὲ
1025 467 1108 502 ἑκα-
1178 476 1242 500 nec
1260 461 1342 501 ulla'
1354 477 1431 515 spes
1449 471 1500 501 est
1520 461 1742 500 mutationis.
1770 462 1893 511 Neque
1910 460 2003 498 enim
2022 469 2165 512 septua—

89 531 160 576 τὸν,
177 530 253 568 οὐῗὲ
273 530 323 573 δὶς
338 533 508 577 τοσαῦτα,
532 529 620 567 ἀλλὰ
635 529 694 567 καὶ
711 529 895 580 τριακόσια
911 526 969 564 καὶ
988 527 1107 578 πολλῷ
1132 525 1156 554 Β
1180 524 1277 574 ginta
1308 524 1414 562 modo
1446 523 1530 561 anni
1561 522 1821 574 praeterierunt,
1864 536 1976 572 neque
2006 530 2162 570 centum,

90 590 206 638 πλέον,
223 590 283 628 καὶ
310 589 387 629 οὔτε
413 590 513 629 σκιὰν
532 590 668 634 ἐλπίδος
682 589 842 636 τοιαύτης
862 588 953 626 ἔστιν
973 591 1082 638 εὑρεῖν
1099 617 1108 634 ,
1179 598 1291 635 neque
1311 584 1422 637 duplo
1445 585 1612 637 amplius,
1644 584 1705 622 sed
1733 584 1880 621 trecenti
1908 592 1942 621 et
1963 583 2072 632 ultra,
2102 595 2166 619 nec

90 651 149 689 καὶ
181 657 289 690 ταῦτα
325 652 401 690 οὔτε
440 650 778 704 εἰδωλολατρούντων
805 652 902 700 ὑμῶν
917 679 926 695 ,
956 647 1031 686 οὔτε
1064 647 1108 685 τὰ
1179 645 1252 695 spei
1272 645 1399 682 umbra
1421 644 1599 696 quaepiam
1619 653 1799 695 comparet
1817 653 1874 681 :et
1892 643 1973 692 hoc,
1999 657 2082 681 cum
2101 655 2164 679 nec

91 712 182 750 ἄλλα
203 712 405 759 ποιούντων,
423 712 511 764 ἅπερ
543 712 736 763 ἔμπροσθεν
764 711 945 761 ἐτολμᾶτε,
966 709 1013 747 Τί
1030 710 1108 747 ποτ’
1177 703 1419 743 idololatriam
1453 705 1658 755 exerceatis,
1696 718 1808 755 neque
1840 705 1904 742 illa
1938 703 2163 756 perpetretis,

91 766 148 811 οἶν
175 775 248 811 ἐστι
274 773 313 811 τὸ
343 773 467 820 αἴτιον;
489 771 672 816 Διεδέξατο
691 771 749 809 τὸν
768 771 875 809 τύπον
896 774 917 816 ἡ
941 770 1086 816 ἀλήθεια
1098 799 1108 817 ,
1178 778 1256 814 quae
1274 765 1389 817 prisce
1404 765 1483 803 ausi
1500 764 1629 803 fuistis.
1649 764 1822 810 Quaenam
1837 764 1948 816 igitur
1966 779 2070 803 causa
2087 765 2164 803 est?

91 833 150 870 καὶ
174 834 232 871 τὸν
251 833 356 883 νόμον
387 833 574 877 ἐξέκλεισεν
602 836 623 879 ἡ
649 831 773 884 χάρις·
794 831 884 883 ἅπερ
903 825 960 868 οῧν
979 830 1107 868 ἄνωθεν
1180 826 1329 876 Typum
1363 839 1422 863 seu
1457 825 1613 875 figuram
1638 823 1778 875 excepit
1804 825 1948 874 veritas,
1985 838 2026 862 ac
2050 824 2165 876 legem
2203 833 2299 862 Judaei
2316 843 2368 861 cur

90 897 347 946 προαναφωνῶν
373 898 390 932 ὃ
409 893 588 947 προφήτης
616 892 710 942 ἔλεγε
727 906 733 913 ·
755 891 825 930 Καὶ
844 891 901 929 τὸν
923 892 1029 928 νῶτον
1046 892 1109 928 αὖ-
1179 885 1332 923 exclusit
1352 884 1468 936 gratia
1492 900 1500 920 :
1518 898 1596 935 quae
1610 885 1686 936 jam
1705 884 1792 921 olim
1812 885 1982 936 propheta
2001 898 2165 937 praenun-
2179 878 2339 916 reprobari.

89 957 158 992 τῶν
179 955 363 998 διαπαντὸς
391 954 610 1005 σύγκαμψον.
637 946 738 995 Εἶδες
767 951 979 1004 προφητείας
1009 950 1108 1001 ἀχρί-
1179 945 1306 983 tiavit:
1325 947 1379 983 Et
1405 946 1563 983 dorsum
1581 959 1712 982 eoram
1733 959 1880 996 semper
1897 949 2071 985 incurva.
2092 947 2163 986 Vi-

92 1014 202 1061 ὃειαν,
220 1018 293 1057 πῶς
318 1014 377 1051 καὶ
401 1013 462 1060 τὴν
484 1012 647 1051 ἀπιστίαν
661 1011 952 1063 προανεφώνησε,
970 1011 1031 1048 καὶ
1045 1011 1108 1056 τὴν
1179 1004 1301 1042 distin'
1327 1004 1520 1056 prophetiae
1549 1004 1824 1052 accurationem,
1854 1005 2031 1054 quomodo
2058 1015 2091 1043 et
2110 1006 2167 1043 in—

91 1075 299 1126 φιλονεικίαν
316 1074 419 1118 ἔδειξε
436 1103 444 1120 ,
465 1074 525 1111 καὶ
539 1072 601 1119 τὴν
622 1071 794 1124 ἓψομένην
814 1071 911 1117 δίκην
931 1071 1086 1116 ἐδήλωσε
1099 1100 1108 1118 ,
1181 1064 1431 1102 credulitatem
1444 1064 1706 1116 praenuntiarit,
1728 1073 1762 1101 et
1781 1064 2039 1102 contentionem
2056 1074 2170 1103 osten-

89 1136 149 1173 καὶ
173 1136 212 1173 τὸ
240 1135 429 1186 ἀπέραντον
457 1137 520 1180 τῆς
543 1133 717 1174 κολάσεως
737 1132 944 1179 ἐνεδείξατο,
959 1131 1107 1179 Ἐπειδὴ
1122 1130 1130 1136 “
1184 1124 1290 1175 derit,
1307 1134 1343 1163 et
1362 1124 1446 1164 inde
1465 1134 1696 1176 sequuturam
1715 1125 1888 1164 ultionem
1906 1125 2110 1175 declararit,
2129 1140 2170 1164 ac

88 1195 156 1248 γὰρ
169 1195 288 1233 πολλοὶ
304 1198 371 1232 τῶν
391 1194 597 1247 παχυτέρων
610 1199 681 1237 τοῖς
702 1194 866 1244 μέλλουσι
884 1194 1109 1230 διαπιστοῦν-
1134 1191 1158 1221 C
1183 1187 1404 1240 supplicium
1429 1187 1504 1225 sine
1528 1187 1680 1225 termino
1698 1187 1935 1239 praedixerit?
1963 1187 2057 1233 Quia
2077 1187 2172 1225 enim

89 1271 163 1303 τες,
182 1255 250 1294 ἀπὸ
267 1258 335 1293 τῶν
355 1256 536 1307 παρόντων
553 1254 597 1293 τὰ
616 1255 786 1305 μέλλοντα
804 1254 984 1293 ἐίούλοντο
1006 1256 1108 1300 ἰδεῖν,
1184 1248 1289 1285 multi
1307 1262 1352 1286 ex
1372 1247 1619 1295 crassioribus,
1645 1248 1707 1298 qui
1726 1247 1856 1285 suturis
1872 1262 1942 1285 non
1964 1248 2169 1298 credebant,

89 1319 239 1356 ἐντεῦθεν
260 1317 326 1363 ἤδη
360 1318 411 1368 ἐφ’
439 1315 586 1368 ἑκάτερα
604 1318 667 1361 τῆς
696 1318 817 1353 ἑαυτοῦ
837 1314 1015 1366 δυνάμεως
1047 1315 1110 1363 τὴν
1183 1322 1229 1347 ex
1249 1309 1483 1362 praeseutibUS
1499 1310 1621 1347 futura
1635 1323 1843 1360 cognoscere
1860 1309 2071 1361 cupiebant;
2089 1309 2174 1348 hinc

89 1377 262 1422 ἀπόδειξιν
281 1377 504 1429 παρέσχετο*
519 1380 536 1415 ὃ
561 1376 711 1429 Χριστὸς
725 1404 735 1422 ‚
755 1375 834 1419 τοὺς
861 1375 922 1427 μὲν
939 1376 973 1420 ἐξ
1005 1379 1111 1415 ἐθνῶν
1180 1371 1258 1422 jam
1287 1371 1324 1408 in
1346 1379 1536 1421 utramque
1562 1379 1701 1422 partem
1723 1370 1888 1408 Christus
1914 1371 2079 1422 potentiae
2100 1385 2173 1408 suae

88 1437 342 1480 πιστεύσαντας
353 1438 484 1490 ἐπάρας
495 1436 582 1490 ὑπὲρ
597 1438 654 1475 τὸν
670 1437 905 1490 οὗρανὸν,τοὺς
924 1436 959 1475 δὲ
979 1437 1013 1481 ἐξ
1028 1438 1111 1476 Ἰου-
1185 1431 1362 1483 specimen
1377 1431 1555 1480 exhibuit,
1576 1431 1663 1468 dum
1680 1445 1737 1469 eos
1755 1445 1799 1469 ex
1816 1431 1996 1482 gentibus,
2018 1432 2080 1482 qui
2099 1446 2173 1469 crc—

89 1499 194 1537 δαίων
211 1498 468 1545 ἀπιστήσαντας
490 1500 537 1540 εἷς
553 1497 697 1549 ἔσχατον
717 1496 863 1549 ἐρημίας
881 1497 1110 1548 κατενεγκὼν,
1184 1491 1365 1541 diderant,
1389 1506 1498 1543 supra
1517 1491 1621 1529 caelos
1647 1492 1801 1542 extulit5
1830 1491 1973 1532 Judaeos
1992 1506 2089 1540 vero,
2111 1493 2174 1542 qui

88 1561 148 1598 καὶ
181 1559 317 1602 ἀλύτοις
347 1564 468 1602 κακοῖς
496 1558 687 1612 παραδούς.
720 1558 975 1610 Καθαψάμενος
998 1559 1110 1596 τοίνυν
1184 1566 1254 1591 non
1270 1552 1507 1600 crediderant,
1524 1552 1560 1589 in
1576 1561 1776 1590 extremam
1792 1552 1995 1591 vastitatem
2010 1552 2174 1599 deduxit,

92 1623 203 1658 αὐτῶν
221 1622 394 1671 σφοδρῶς,
422 1620 481 1658 καὶ
511 1620 567 1672 ἀφ’
588 1613 635 1657 ὧν
653 1619 873 1665 ἠπίστησαν,
899 1619 958 1657 καὶ
987 1621 1046 1671 ἀφ’
1063 1613 1110 1656 ὧν
1185 1621 1219 1650 et
1240 1612 1494 1650 insolubilibus
1513 1611 1618 1649 malis
1637 1611 1798 1649 tradidit.
1819 1612 1904 1650 Illos
1924 1612 2042 1662 itaque
2059 1613 2175 1650 acrius

90 1681 217 1719 ἔπαθόν
246 1697 281 1718 τε
304 1680 362 1718 καὶ
382 1680 524 1732 ἔμελλον
546 1680 748 1728 πείσεσθαι,
769 1680 875 1718 πάλιν
895 1684 1111 1731 παραμυθεῖ-
1186 1673 1389 1723 insectatus,
1409 1682 1443 1710 et
1461 1673 1506 1710 ab
1525 1671 1775 1710 incredulitate
1790 1681 1824 1710 et
1843 1672 1888 1709 ab
1906 1672 1962 1720 iis,
1982 1686 2060 1723 quae
2078 1673 2175 1724 passi

90 1759 148 1779 ται
166 1742 210 1780 τὰ
230 1742 394 1794 εἰρημένα
406 1772 414 1789 ,
428 1742 568 1794 γράφων
586 1741 675 1779 οὕτω
689 1757 696 1765 ·
710 1741 812 1793 Λέγω
830 1735 885 1779 οῧν
897 1771 906 1789 ,
927 1741 975 1791 μὴ
993 1741 1112 1779 ἔπται-
1186 1743 1220 1772 et
1241 1734 1382 1786 passuri
1411 1742 1521 1782 erant,
1554 1747 1676 1770 rursus
1699 1732 1804 1771 dictis
1823 1733 1980 1783 aliquam
2008 1733 2172 1771 consola—

89 1819 153 1840 σαν
173 1802 229 1840 ἵνα
246 1802 401 1849 πέσωσι,
428 1803 488 1849 Μὴ
506 1802 651 1854 γε’νοιτο.
666 1801 756 1841 εὈτε
776 1801 880 1846 ἔδειξε
903 1802 1034 1854 μυρίων
1055 1803 1114 1841 ὅν·
1186 1795 1320 1833 ἷῙΟΠθῙΠ
1348 1793 1533 1841 admiscet,
1563 1793 1613 1830 ita
1632 1792 1790 1830 scribens
1808 1808 1816 1829 ³
1834 1795 1895 1830 M.
1925 1794 2025 1830 DiCO
2051 1807 2139 1845 ergo
2161 1811 2171 1830 -'

93 1878 153 1905 τας
173 1866 289 1901 κακῶν
307 1863 532 1911 ὑπευθύνους,
551 1863 628 1901 τότε
647 1863 870 1915 παραμυθίαν
890 1865 1029 1902 ἐπινοεῖ.
1044 1863 1115 1901 Καὶ
1138 1865 1162 1895 D
1187 1857 1390 1908 Numquid
1401 1858 1455 1894 SiC
1468 1855 1734 1907 offenderunt>
1755 1863 1797 1891 αἶ
1809 1855 2021 1892 caderent-³
2040 1855 2170 1893 Absit.

93 1924 216 1962 σκόπει
233 1924 294 1971 τὴν
315 1924 450 1963 σύνεσίν
473 1924 534 1971 τὴν
553 1924 711 1963 Παύλου·
733 1924 795 1972 τὴν
822 1923 884 1975 μὲν
904 1923 1115 1977 κατηγορίαν
1189 1918 1383 1967 Postquam
1403 1915 1603 1953 ostenderat
1622 1914 1702 1952 illos
1722 1914 1917 1974 innumeris
1934 1914 2037 1952 malis
2055 1915 2173 1953 obno—

96 1986 165 2023 ἀπὸ
199 1987 266 2022 τῶν
293 1986 480 2037 προφητῶν
503 1985 667 2036 εἰσήγαγε
686 2015 695 2033 ,
729 1985 790 2031 τὴν
827 1985 863 2023 δὲ
881 1984 1115 2037 ’παραμυθίαν
1189 1978 1282 2028 xios,
1311 1976 1588 2015 consolationem
1612 1975 1800 2026 excogitat.
1828 1975 1875 2013 Et
1900 1975 2049 2015 observa
2069 1977 2175 2014 Pauli

95 2044 178 2096 παρ’
199 2047 322 2083 ἑαυτοῦ
346 2045 494 2092 τίθησιν,
512 2045 594 2083 “On
615 2045 676 2096 μὲν
692 2045 760 2099 γὰρ
775 2047 889 2089 αὐτοῖς
915 2045 1116 2097 ἡμάρτηται
1188 2038 1414 2091 prudentiam
1431 2035 1712 2074 :accusationem
1736 2049 1779 2075 ex
1809 2035 1993 2088 prophetis
2019 2046 2175 2074 sumtam

97 2107 252 2156 μεγάλα,
271 2106 386 2158 φησὶν,
404 2106 512 2149 οὐδεὶς
532 2108 683 2158 ἀντερεῖ·
703 2106 831 2157 ἴδωμεν
848 2106 902 2155 δὲ,
918 2109 947 2144 εἷ
962 2110 1114 2146 τοιοῦτον
1189 2100 1350 2149 induxit,
1377 2098 1649 2137 consolationem
1676 2111 1756 2135 vero
1782 2111 1827 2135 ex
1856 2110 1890 2134 se
1909 2098 2026 2134 affert.
2065 2099 2174 2145 Quod

94 2167 135 2203 τὸ
162 2170 309 2217 πτῶμα,
329 2169 375 2210 ὡς
396 2167 455 2205 καὶ
472 2167 610 2205 ἀνίατον
628 2161 713 2205 εἶναι
725 2196 734 2214 ,
749 2167 809 2205 καὶ
830 2166 1003 2217 μηδεμίαν
1021 2167 1114 2218 ἔχειν
1188 2160 1284 2198 enim
1303 2160 1348 2197 ab
1366 2159 1439 2197 illis
1458 2173 1597 2211 magna,
1616 2158 1744 2208 inquit,
1765 2167 1908 2210 peccata
1926 2157 2081 2196 admissa
2101 2159 2175 2197 fue-

96 2226 288 2277 διόρθωσιν.
310 2227 401 2265 Ἀλλ’
422 2230 481 2265 οὔκ
501 2227 575 2265 ἔστι
590 2231 754 2266 τοιοῦτον.
774 2221 875 2271 Εἶδες
902 2230 976 2270 πῶς
1003 2230 1113 2265 αὐτῶν
1189 2222 1273 2268 rins,
1303 2234 1405 2259 Demo
1426 2220 1594 2272 [legabsti
1625 2219 1812 2258 VideafflUS
1833 2228 1965 2270 autem,
1993 2233 2037 2257 ³11
2057 2229 2176 2258 tamus

93 2288 198 2325 πάλιν
212 2288 446 2333 καθάπτεται,
462 2288 520 2326 καὶ
531 2291 564 2326 ἐν
575 2287 766 2340 προσδοκίᾳ
779 2288 1000 2340 παραμυθίας
1014 2290 1115 2326 ὑπευ-
1190 2282 1236 2320 sit
1267 2283 1387 2334 lapsus
1407 2290 1447 2318 ut
1475 2280 1675 2319 remedium
1694 2289 1754 2317 aut
1775 2279 1993 2317 curationem
2023 2293 2094 2317 non
2114 2280 2176 2318 ad-

94 2349 211 2391 Ούνους
230 2355 322 2386 ποιεῖ
341 2349 604 2400 ἁμαρτημάτων
619 2353 633 2369 ³
653 2349 949 2400 ὡμολογημένωη
966 2348 1116 2401 Ἴδωμεν
1190 2342 1321 2380 mittat.
1344 2344 1483 2382 Verum
1500 2355 1570 2379 non
1589 2340 1638 2378 ita
1657 2354 1692 2378 se
1711 2354 1766 2378 res
1785 2340 1904 2379 habet.
1926 2339 2059 2380 Viden’
2079 2355 2175 2390 quo-

95 2408 131 2447 δὲ
148 2409 225 2447 τίνα
247 2411 360 2452 αὐτοῖς
380 2409 437 2447 χαὶ
456 2409 680 2461 παραμυθίαν
697 2412 837 2448 ἐπινοεῖ,
857 2409 922 2453 Τίς
941 2405 1032 2456 03νὴ
1050 2428 1116 2449 πα-
1190 2402 1296 2441 modo
1316 2415 1439 2440 rursus
1467 2401 1671 2451 insectetur,
1705 2410 1738 2438 et
1763 2401 1799 2438 in
1820 2401 1897 2452 ipsa
1927 2401 2175 2439 consolationis

98 2469 269 2521 ραμοοία;
284 2469 300 2483 “¹
337 2485 398 2507 ταν
419 2469 454 2508 δὲ
488 2470 528 2508 τὸ
553 2470 731 2523 πλήρωμα
751 2473 818 2508 τῶν
834 2472 940 2508 ἐθνῶν
954 2470 1091 2522 εἰσέλθῃ
1106 2501 1115 2518 ‚
1141 2471 1165 2501 E
1190 2462 1451 2516 exspectatione
1477 2461 1649 2499 obnoxios
1668 2461 1749 2499 illos
1770 2461 1877 2499 faciat
1896 2461 2062 2513 peccatis,
2097 2475 2175 2512 quae

99 2529 200 2580 φησὶ,
220 2529 298 2568 τότε
314 2537 382 2574 πᾶς
401 2531 545 2582 Ἰσραὴλ
563 2531 780 2578 σωθήσεταί,
798 2530 890 2569 χατὰ
910 2532 967 2569 τὸν
996 2532 1116 2583 καιρὸν
1191 2524 1228 2563 in
1247 2524 1403 2562 confesso
1424 2522 1550 2560 erant?
1581 2521 1776 2561 Videamus
1795 2530 1927 2566 autem,
1959 2535 2068 2571 quam
2087 2535 2174 2559 cou-

100 2592 161 2635 τῆς
180 2590 371 2642 παρουσίας
387 2593 448 2636 τῆς
467 2591 627 2644 δευτέρας
643 2593 702 2630 καὶ
720 2594 782 2637 τῆς
798 2591 1004 2635 συντελείας.
1023 2591 1114 2630 Ἀλλ’
1191 2583 1399 2622 solationem
1414 2581 1603 2632 excogitet.
1619 2581 1793 2626 Quaenam
1809 2593 1892 2630 ergo
1906 2580 1968 2617 illa
1983 2580 2175 2618 consolatio

98 2649 221 2692 εὐθέως
241 2649 302 2699 μὲν
317 2654 417 2689 τοῦτο
439 2652 476 2688 οὐ
495 2651 605 2703 λέγει·
629 2652 747 2698 ἐπειδὴ
768 2651 803 2690 δὲ
827 2652 983 2703 σφοδρῶς
1003 2654 1116 2694 αὐτῶν
1191 2645 1270 2683 est?
1306 2646 1398 2683 Cum
1427 2652 1546 2680 autem
1571 2640 1756 2692 plenitudo
1785 2640 1943 2691 gentium
1975 2640 2174 2688 intraverit,

99 2712 296 2762 κατέδραμε
311 2742 321 2759 ,
360 2710 419 2749 καὶ
452 2712 676 2764 κατηγορίαις
712 2714 842 2763 συνῆψε
886 2713 1117 2764 κατηγορίας,
1192 2706 1322 2757 inquit,
1344 2715 1429 2743 tunc
1446 2703 1560 2741 omnis
1581 2701 1692 2739 Israel
1710 2701 1830 2740 salvus
1849 2701 1930 2751 erit,
1964 2700 2000 2738 in
2017 2709 2174 2752 tempore

98 2772 278 2826 προφήτας
308 2772 364 2811 ἐπὶ
391 2773 585 2825 προφήταις
614 2773 761 2825 εἰσάγων
783 2773 1029 2816 καταὸοῶντας
1051 2775 1116 2811 αὐ-
1192 2765 1336 2804 secundi
1351 2765 1526 2803 adventus
1543 2770 1578 2799 et
1596 2760 1922 2801 consummationis.
1946 2761 2085 2799 Verum
2104 2775 2174 2798 non

96 2837 190 2881 τῶν,
222 2834 280 2872 τὸν
318 2833 488 2879 Ἡσαΐαν,
526 2834 582 2872 τὸν
616 2833 764 2883 Ἠλίαν,
810 2834 868 2872 τὸν
902 2834 1028 2881 Δαυὶδ,
1059 2834 1117 2872 τὸν
1192 2827 1260 2866 hoc
1291 2826 1410 2864 statim
1435 2823 1541 2872 dicit;
1572 2822 1636 2860 sed
1661 2830 1850 2874 postquam
1881 2821 2106 2860 vehementer
2137 2821 2175 2858 in

100 2894 274 2940 Μωϋσέα,
306 2894 363 2932 τὸν
383 2893 510 2942 Ὠσηὲ,
541 2895 600 2933 καὶ
630 2894 743 2943 ἅπαξ,
773 2894 832 2932 καὶ
860 2895 928 2942 δὶς,
950 2894 1009 2932 καί
1030 2895 1117 2933 πολ-
1193 2891 1274 2929 illos
1293 2891 1495 2938 incesserat,
1515 2895 1550 2924 et
1568 2885 1718 2924 crimina
1736 2884 1961 2935 criminibus,
1984 2884 2175 2936 prophetas

98 2955 219 2999 λάκις·
237 2955 293 2993 ἵνα
321 2954 370 3005 μὴ
395 2954 501 3006 ταύτῃ
523 2955 582 2994 καὶ
611 2955 750 3000 τούτους
769 2957 815 2998 εἰς
834 2955 1030 3007 ἀπόγνωσιν
1052 2957 1117 3005 ἐμ·
1192 2950 1376 3004 prophetis
1417 2947 1586 3000 adjiciens
1629 2945 1798 2983 adversus
1838 2944 1920 2982 illos
1969 2944 2173 2994 clamantes,

100 3015 230 3061 Εἶαλὼν,
260 3015 464 3067 ἀποτειχίσῃ
487 3015 548 3063 τὴν
579 3016 666 3068 πρὸς
695 3015 758 3063 τὴν
791 3016 908 3054 πίστιν
941 3015 1117 3062 ἐπάνοδον,
1132 3047 1178 3072 645
1193 3013 1335 3061 lsaiam,
1370 3010 1524 3056 Heliam,
1543 3005 1732 3055 Davidem,
1755 3007 1931 3057 Moysem,
1952 3006 2053 3054 Osee,
2074 3014 2106 3043 et
2125 3019 2177 3042 se-

100 3077 160 3114 καὶ
183 3075 260 3119 τοὺς
281 3076 313 3120 ἐξ
347 3077 450 3114 ἐθνῶν
472 3076 577 3114 πάλιν
603 3076 856 3121 πιστεύσαντας
887 3078 934 3120 εἰς
957 3076 1120 3114 ἀπόνοιαν
1144 3083 1169 3112 Α
1195 3074 1266 3112 mel
1284 3081 1318 3111 et
1338 3072 1393 3110 bis
1411 3080 1445 3109 et
1474 3068 1608 3122 pluries
1629 3082 1636 3104 :
1656 3075 1694 3104 ut
1722 3080 1765 3103 ne
1781 3066 1866 3104 hinc
1884 3066 1965 3103 illos
1995 3066 2031 3103 in
2052 3065 2177 3118 despe-

103 3137 241 3188 ἐπάρῃ,
279 3136 337 3173 καὶ
371 3136 576 3188 φυσηθέντες
617 3138 676 3175 καὶ
709 3138 806 3175 αὐτοὶ
854 3137 1030 3188 βλαὸῶσιν
1077 3138 1124 3178 εἷς
1195 3134 1367 3173 rationem
1402 3129 1578 3183 injicienS,
1618 3139 1818 3178 regressum
1868 3125 1914 3163 ad
1950 3124 2058 3163 fidem
2092 3125 2179 3178 ipsis

104 3196 160 3232 τὸν
195 3197 257 3240 τῆς
299 3196 448 3239 πίστεως
479 3195 602 3248 λόγον,
635 3201 894 3250 παραμυθεῖται
933 3197 1039 3235 πάλιν
1064 3200 1125 3236 αὖ·
1197 3193 1390 3241 clauderet,
1418 3200 1451 3229 et
1467 3204 1525 3228 eos
1543 3202 1588 3226 ex
1607 3186 1785 3239 gentibUS‚
1815 3186 1876 3236 qui
1895 3185 2118 3224 crediderant
2144 3187 2180 3224 in

105 3255 200 3303 τοὺς,
219 3256 344 3305 λέγων·
365 3255 470 3294 Ἀλλὰ
485 3260 534 3309 τῷ
555 3260 666 3297 αὐτῶν
686 3258 950 3310 παραπτώματι
963 3262 985 3306 ἡ
1007 3275 1125 3305 σωτη-
1199 3253 1438 3307 arrogantiam
1470 3250 1674 3298 extolleret5
1710 3261 1796 3287 neve
1814 3246 1854 3285 hi
1887 3246 2001 3285 inflati
2022 3247 2114 3294 circa
2133 3247 2179 3284 fi-

157 3394 171 3409 *
197 3393 205 3436 l
221 3398 234 3427 ὸ
253 3399 314 3430 θεός
331 3395 382 3435 A]
1206 3405 1219 3420 a
1234 3394 1310 3427 Mss.
1324 3391 1572 3434 ὡμολογημένων,
1588 3385 1678 3420 Editi
1695 3390 1948 3430 ὁμολογουμένων,
1967 3385 2074 3417 minus
2085 3391 2184 3416 recte.

1966 3449 2029 3486 49.
