2502 3810
712 204 752 232 IN
792 202 905 233 ACTA
946 202 1291 234 APOSTOLORUM.

114 286 328 339 πραγμάτων
351 283 487 334 ἐμπέσῃ
508 283 728 336 περίστασιν,
749 285 860 338 τέφρα
882 285 941 323 καὶ
967 285 1059 328 κόνις
1078 285 1131 336 γί-

113 362 226 393 νεται,
247 347 306 384 καὶ
330 345 424 384 οὐδὲν
444 347 537 396 αὐτῷ
556 344 599 382 τὰ
619 344 747 396 σηρικὰ
779 345 903 394 ἱμάτια
931 345 1130 395 sufflame-

111 423 181 445 ται.
201 409 323 445 Ταῦτα
353 410 437 456 ἡμῖν
462 407 526 456 οὐχ
545 406 663 448 ἁπλῶς
688 405 840 457 εἴρηται,
862 407 936 444 ἀλλ’
963 405 1019 443 ἵνα
1045 421 1131 443 παι-

112 466 287 517 δεύσωμεν
307 466 438 516 μηδένα
458 467 570 518 ἀργῶς
590 468 650 516 ζῇν
672 464 758 515 μηδὲ
775 467 865 516 εἰκῇ.
879 465 923 503 ‘H
939 465 1006 517 γὰρ
1027 466 1130 517 ἀργία

111 528 172 565 καὶ
190 530 211 573 ἡ
238 527 349 580 τρυφὴ
370 527 455 578 πρὸς
470 525 634 578 ἐργασίαν
652 526 902 572 ἀνεπιτήδειον,
920 526 1004 579 πρὸς
1031 526 1128 569 δόξαν

113 587 231 638 μόνον,
251 588 337 637 πρὸς
355 586 494 632 ἡδονήν.
513 588 594 629 Πῶς
613 587 739 629 πάντες
756 587 814 624 τὸν
829 591 981 624 τοιοῦτον
1001 589 1038 624 οὐ
1063 602 1130 623 κα-

111 647 364 699 ταγνώσονται,
382 648 441 685 καὶ
460 648 578 684 οἰκεῖοι
594 646 652 684 καὶ
667 646 760 698 φίλοι
775 647 833 684 καὶ
849 651 862 666 ³
874 652 1046 697 συγγενεῖς
1059 661 1068 692 ;
1079 645 1130 689 τίς

113 708 148 745 δὲ
168 711 205 747 οὐ
228 709 366 751 δικαίως
383 711 471 760 ἐρεῖ,
490 707 594 759 ἄχθος
613 703 708 750 οὗτος
725 707 889 758 ἀρούρας,
906 709 980 756 εἰκῇ
996 709 1130 758 παρῆλ-

113 774 166 808 θεν
188 772 234 813 εἷς
256 770 312 807 τὸν
334 768 462 819 κόσμον
483 771 499 805 ὃ
521 773 690 811 τοιοῦτος·
720 770 850 817 μᾶλλον
881 767 916 804 δὲ
948 768 1009 804 οὐκ
1029 769 1125 817 εἰκῇ,

113 831 202 869 ἀλλὰ
225 831 284 868 καὶ
304 831 360 868 ἐπὶ
377 829 497 880 hmini}
516 832 578 874 τ’ἧς
610 831 731 866 ἑαυτοῦ
753 830 923 878 κεφαλῆς,
955 827 1012 864 ἐπὶ
1033 827 1125 877 λύμῃ

112 892 199 943 ἰδία,
215 892 273 929 ἐπὶ
290 890 402 942 βλάὸῃ
420 890 566 942 ἑτέρων,
583 888 630 926 Τί
657 882 714 925 οῧν
733 887 829 932 ἥδιον
852 889 937 937 αὐτῇ
952 915 962 931 ,
980 887 1125 935 ἴδωμεν·

111 957 211 990 τοῦτο
238 952 305 1003 γάρ
327 952 400 988 ἐστι
427 950 466 987 τὸ
489 948 708 998 ζητούμενον,
735 945 844 997 σχολὴ
876 946 935 982 καὶ
962 945 1125 997 ἀπραξία.

112 1013 182 1050 Καὶ
199 1012 233 1049 τί
250 1011 454 1060 ἀηδέστερον
469 1008 592 1059 γένοιτ’
615 1007 654 1044 ἂν
669 1006 850 1058 ἀνθρώπου
872 1005 968 1043 οὐδὲν
989 1005 1127 1056 ἔχοντος
1169 1036 1174 1046 ,

110 1078 238 1118 ποιεῖν;
274 1071 307 1107 τί
322 1068 588 1121 μοχθηρότερον,
603 1067 637 1104 τί
649 1065 950 1117 ταλαιπωρότερον
967 1081 974 1111 ;
995 1065 1125 1116 μυρίων

110 1135 148 1169 οὐ
168 1138 283 1183 χεῖρον
315 1135 415 1167 τοῦτο
448 1129 597 1177 δεσμῶν,
624 1129 830 1178 χασμᾶσθαι
855 1125 915 1163 καὶ
943 1125 1128 1177 κεχηνέναι

109 1191 294 1232 διαπαντὸς
310 1189 367 1226 ἐπὶ
386 1191 447 1233 τῆς
464 1191 591 1238 ἀγορᾶς
606 1186 798 1236 καθήμενον
814 1189 947 1238 ὁρῶντα
963 1186 1041 1228 τοὺς
1056 1203 1126 1224 πα-

110 1251 263 1303 ριόντας,
282 1249 326 1287 Ἣ
359 1248 424 1300 γὰρ
453 1248 547 1299 ψυχὴ
579 1246 678 1299 φύσιν
709 1246 838 1298 ἔχουσα
866 1250 924 1284 τοῦ
960 1249 1127 1284 κινεῖσθαι

109 1310 313 1357 διαπαντὸς,
346 1312 406 1348 οὐκ
445 1308 609 1360 ἀνέχεται
643 1309 797 1358 ἠρεμεῖν.
826 1305 1056 1357 ’Έμπρακτον
1089 1307 1128 1344 τὸ

110 1374 196 1415 ζῶον
221 1375 321 1409 τοῦτο
342 1369 501 1415 ἐποίησεν
533 1372 550 1406 ὁ
574 1369 683 1414 Θεὸς,
701 1367 760 1404 καὶ
790 1367 881 1405 κατὰ
912 1366 1012 1418 φύσιν
1034 1369 1127 1418 αὐτῷ

109 1435 182 1470 ἐστι
197 1432 236 1470 τὸ
249 1431 474 1483 ἐργάζεσθαι,
495 1429 591 1481 παρὰ
608 1428 706 1481 φύσιν
728 1427 763 1465 δὲ
778 1428 817 1466 τὸ
835 1431 963 1480 ἀργεῖν.
984 1427 1044 1474 Μὴ
1060 1427 1128 1465 ἀπὸ

107 1495 175 1530 τῶν
189 1491 378 1530 νοσούντων
401 1491 444 1528 τὰ
465 1490 658 1542 πράγματα
676 1489 931 1539 δοκιμάζωμεν,
951 1487 1041 1525 ἀλλὰ
1069 1492 1128 1526 τοῦ

107 1553 312 1605 πράγματος
328 1558 450 1604 πεῖραν
473 1550 650 1600 λάέωμεν.
671 1550 782 1588 Οὐδὲν
803 1551 931 1601 σχολῆς
951 1548 1128 1600 μοχθηρό-

107 1628 220 1664 τερον,
243 1612 338 1650 οὐδὲν
358 1611 497 1662 ἀργίας·
519 1611 588 1648 Διὰ
604 1615 703 1648 τοῦτο
715 1612 761 1653 εἷς
782 1610 935 1661 ἀνάγκην
956 1612 1049 1658 ἡμᾶς
1065 1625 1129 1646 κα-

105 1674 270 1720 τέστησεν
291 1672 453 1724 ἐργασίας
473 1675 490 1710 ὃ
520 1671 623 1714 Θεός.
641 1671 765 1708 Πάντα
784 1670 852 1723 γὰρ
870 1674 891 1716 ἡ
914 1669 1018 1721 ἀργία
1046 1669 1130 1720 βλά-

108 1750 188 1772 πτει
207 1734 266 1771 καὶ
287 1733 332 1771 τὰ
353 1734 441 1783 μέλη
462 1736 520 1769 τοῦ
550 1730 709 1781 σώματος
733 1731 819 1769 αὐτὰ
841 1730 988 1781 βλάπτει
1007 1746 1080 1773 πως
1106 1735 1127 1777 ἦ

2093 190 2183 234 303

1200 285 1254 323 nis
1274 284 1460 333 redditum
1483 284 1644 335 nihilque
1672 283 1703 321 ei
1726 282 1844 321 sericae
1874 289 1987 321 vestes
2016 292 2179 335 prosunt.

1331 204 1486 233 1103111„
1524 203 1667 233 XXXV.

1200 355 1286 393 Haec
1306 368 1374 392 non
1393 354 1469 392 sine
1494 368 1597 392 causa
1614 368 1634 391 a
1653 353 1755 391 nobis
1770 352 1953 403 dicuntur,
1971 352 2034 390 sed
2052 362 2092 390 ut
2119 353 2183 390 do-

1202 437 1353 472 ceamus,
1373 436 1416 460 ne
1431 422 1510 473 quis
1540 422 1649 460 otiose
1672 430 1705 458 et
1736 420 1909 458 inutiliter
1932 420 2042 460 vivat.
2060 421 2185 458 Otium

1201 508 1352 545 namque
1373 503 1406 532 et
1434 494 1569 532 deliciae
1592 494 1637 531 ad
1668 508 1756 545 opus
1783 493 1939 543 inutiles,
1959 493 2003 531 ad
2035 494 2186 545 gloriam

1201 565 1318 601 solum
1337 573 1369 602 et
1385 564 1431 601 ad
1443 565 1661 615 voluptatem
1681 573 1773 601 sunt.
1786 563 1973 609 Quomodo
1985 578 2053 601 11011
2066 578 2186 601 01111105

1200 632 1308 669 talem
1336 632 1516 669 hominem
1543 631 1721 680 damnent,
1750 631 1946 681 domestici,
1978 632 2096 680 3111101,
2128 646 2186 669 00-

1201 699 1325 749 gnati?
1345 699 1425 749 quis
1445 712 1514 735 11011
1529 699 1610 749 jure
1632 699 1741 748 dieat,
1764 699 1909 736 Pondus
1924 708 2024 737 terrae
2043 700 2103 737 1110
2123 709 2186 747 est,

1198 767 1330 803 frustra
1352 766 1388 802 in
1408 765 1584 802 mundum
1600 765 1753 816 prodiit,
1770 766 1840 803 imo
1867 781 1936 804 non
1963 768 2105 817 frustra,
2125 768 2186 805 sed

1199 834 1235 871 in
1254 834 1389 870 malum
1411 833 1536 884 capitis
1558 834 1625 883 sui,
1644 834 1681 871 in
1711 834 1904 885 perniciem
1931 850 2046 886 5113111,
2066 837 2101 874 in
2121 837 2184 874 da-

1199 916 1324 940 mnum
1352 902 1531 939 aliorum?
1551 902 1748 942 Videamus
1780 903 1899 953 itaque
1927 904 2014 953 quid
2045 905 2186 942 dulcius

1198 970 1284 1008 insit
1302 970 1373 1008 otio
1395 985 1402 1006 :
1426 970 1519 1007 illud
1538 970 1633 1008 enim
1651 980 1702 1008 est
1715 971 1811 1021 quod
1824 972 2011 1022 quaeritur,
2026 973 2138 1010 otium
2154 983 2187 1011 et

1198 1038 1348 1077 vacatio.
1366 1039 1412 1076 Et
1427 1037 1517 1089 quid
1536 1038 1709 1090 ingratius
1729 1039 1835 1076 fuerit
1855 1040 1999 1077 1101111110
2013 1040 2104 1077 1111111
2124 1041 2186 1078 113-

1196 1111 1301 1148 1101110
1330 1110 1427 1161 quod
1460 1111 1650 1162 operetur?
1669 1110 1757 1161 quid
1790 1111 1932 1159 foedius,
1962 1112 2053 1162 quid
2081 1112 2185 1150 mise-

1197 1179 1301 1217 rius?
1333 1193 1449 1217 31111011
1474 1180 1542 1217 1100
1570 1179 1765 1217 innumeris
1796 1181 1899 1232 pejus
1937 1191 1986 1218 cst
2018 1182 2184 1230 vinculis,

1198 1247 1346 1285 oscitare
1359 1262 1496 1299 semper
1512 1248 1547 1285 in
1564 1248 1640 1285 foro
1662 1248 1855 1299 sedentem,
1877 1263 1918 1287 ac
1936 1259 2186 1301 praetereuntes

1199 1317 1382 1368 spectare?
1393 1317 1521 1354 Anima
1537 1316 1668 1369 quippe
1683 1331 1727 1355 ex
1742 1326 1867 1355 natura
1881 1318 2029 1367 habens,
2045 1329 2084 1356 ut
2098 1333 2187 1357 sem-

1199 1399 1261 1436 per
1282 1394 1477 1434 moveatur,
1503 1385 1657 1436 quietem
1684 1400 1752 1424 non
1773 1387 1851 1424 fert.
1875 1387 1934 1425 Ad
1965 1388 2186 1440 operandum

1200 1454 1297 1490 Deus
1320 1453 1387 1492 1100
1414 1454 1547 1491 animal
1564 1455 1647 1492 feeit
1669 1471 1676 1491 :
1697 1455 1892 1493 secundum
1920 1466 2084 1494 naturam
2111 1458 2187 1509 ejus

1200 1531 1250 1560 est
1262 1521 1358 1573 quod
1372 1531 1549 1574 operetur,
1563 1531 1683 1561 eontra
1696 1533 1858 1561 naturam
1874 1524 1968 1574 quod
1983 1525 2028 1562 sit
2042 1525 2187 1564 otiosus.

1200 1592 1252 1629 Ne
1274 1592 1319 1628 ab
1338 1592 1441 1642 {egris
1466 1606 1541 1628 rem
1563 1593 1804 1643 exploremus,
1825 1592 1888 1630 sed
1906 1594 2021 1645 operis
2050 1595 2189 1646 experi—

1202 1670 1360 1698 mentum
1375 1661 1568 1712 capiamus.
1589 1662 1690 1698 Nihil
1707 1663 1792 1708 otio,
1815 1663 1907 1700 nihil
1933 1663 2071 1701 desidia
2092 1664 2189 1701 dete-

1201 1729 1275 1766 rius
1294 1745 1301 1766 :
1320 1729 1399 1767 ideo
1413 1730 1514 1767 nobis
1532 1731 1628 1767 Deus
1650 1730 1839 1768 laborandi
1861 1733 2101 1770 necessitatem
2118 1734 2187 1771 im-

109 1795 226 1847 ἀρΥία·
247 1794 315 1832 Καὶ
334 1793 401 1845 γὰρ
418 1793 477 1831 καὶ
494 1793 668 1844 δ’-Ρθαλμὸς
685 1794 714 1829 Ξῖ
736 1791 784 1842 μὴ
811 1792 989 1843 ἐργάζοιτο
1008 1791 1046 1828 τὸ
1067 1794 1187 1856 αὖ-,Μ
1201 1799 1331 1850 posuit.
1346 1798 1523 1837 Omnibus
1537 1798 1668 1850 quippe
1681 1809 1781 1837 nocet
1798 1801 1923 1849 otium,
1939 1801 2095 1852 ipsisque
2111 1817 2187 1840 cor-

107 1859 186 1902 τοῦ,
205 1854 263 1892 καὶ
280 1853 408 1903 στόμα,
425 1853 484 1890 καὶ
504 1852 639 1905 γαστὴρ
658 1852 716 1889 καὶ
733 1858 815 1899 πᾶν,
828 1852 848 1890 ὅ
860 1868 894 1889 τι
909 1853 948 1889 ἂν
969 1851 1027 1888 εἴτ’.-

107 1919 174 1953 τῶν
199 1916 325 1965 μελῶν,
344 1916 390 1957 εἷς
408 1913 505 1951 νόσον
520 1913 685 1962 ἐμπίπτει
701 1911 763 1959 τὴν
784 1911 938 1963 ἐσχάτην
952 1927 959 1934 ·
978 1913 1073 1950 οὐδὲν
1095 1912 1129 1949 δὲ

108 1974 292 2021 οῧτ1ι1ς,ιῖ1ς
317 1978 339 2019 ἦ
361 1974 469 2025 ψυχή
487 1973 628 2025 ςὨσπερ
645 1972 680 2010 δὲ
700 1972 805 2024 ἀργία
826 1973 946 2019 κακὸν,
963 1973 1051 2011 οὕτω
1070 1972 1129 2011 καὶ

108 2035 252 2087 ἐργασία
274 2037 294 2080 ἡ
322 2034 370 2084 μὴ
391 2031 630 2085 προσήκουσα.
650 2033 817 2084 Καθάπερ
845 2032 911 2084 γὰρ
944 2033 976 2071 εἴ
1003 2050 1055 2077 τις
1079 2033 1127 2084 μὴ

108 2096 238 2139 ἐσθίει,
257 2097 304 2138 εἷς
325 2094 400 2137 τοὺς
415 2094 553 2136 ὀδόντας
572 2093 781 2144 βλάπτεται,
797 2094 860 2131 κᾶν
886 2093 983 2145 ἐσθίῃ
1011 2095 1054 2132 τὰ
1079 2094 1127 2145 μὴ

109 2155 350 2208 προσήκοντα,
379 2160 469 2192 ποιεῖ
498 2152 642 2196 θαύτοὺς
670 2155 859 2205 αἱμωδιᾷν·
882 2152 972 2190 οὕτω
999 2153 1040 2199 δὴ
1069 2155 1129 2192 καὶ

109 2218 274 2263 ἐνταῦθα,
293 2216 332 2253 ἄν
355 2231 391 2252 τε
408 2215 455 2263 μὴ
475 2215 681 2265 ἐργάζηται,
699 2213 738 2250 ἄν
757 2229 795 2250 τε
813 2213 999 2264 ἐργάζηται
1018 2213 1061 2251 τὰ
1080 2214 1127 2264 μὴ

108 2275 347 2328 προσήκοντα,
375 2275 438 2321 τὴν
468 2273 597 2312 οἰκείαν
629 2273 818 2311 ἀπόλλυσιν
849 2272 964 2325 ἰσχύν.
994 2275 1128 2312 Οὐκοῦν

110 2335 291 2387 ἀμφότερα
312 2333 448 2386 φεύγειν
472 2334 734 2384 σπουδάζωμεν,
753 2333 814 2371 καὶ
846 2333 970 2385 ἀργίαν
990 2334 1049 2372 καὶ
1077 2337 1130 2386 ἐρ-

108 2395 236 2447 γασίαν
269 2395 391 2447 ἀργίας
423 2394 687 2447 χαλεπωτέραν.
715 2393 808 2431 Ποία
843 2394 878 2432 δὲ
916 2395 1003 2441 αὕτη
1035 2395 1129 2443 ἐστί,

108 2457 127 2475 *
142 2455 365 2503 Πλεονεξίαι,
384 2456 507 2507 θυμὸς,
537 2454 742 2506 βασκανίαι,
759 2454 803 2492 τὰ
829 2454 936 2493 λοιπὰ
960 2459 1029 2493 τῶν
1061 2472 1130 2495 πα-

108 2519 188 2554 θῶν.
205 2517 265 2554 Ἓν
290 2516 423 2559 τούτοις
441 2517 504 2563 τὴν
528 2516 650 2568 ἀργίαν
676 2515 969 2567 μεταδιώκωμεν,
988 2516 1045 2555 ἵνα
1060 2520 1129 2556 τῶν

107 2576 377 2628 ἐπηγγελμένων
400 2580 483 2626 ἡμῖν
508 2579 645 2627 ἀγαθῶν
665 2576 840 2628 τύχωμεν,
855 2576 975 2629 χάριτι
994 2577 1053 2616 καὶ
1078 2593 1131 2629 φι-

107 2637 310 2689 λανθρωπίᾳ
339 2642 399 2675 τοῦ
422 2638 552 2688 Κυρίου
572 2640 673 2687 ἡμῶν
700 2639 816 2684 Ἰησοῦ
848 2639 1022 2689 Χριστοῦ,
1053 2642 1127 2688 μεθ’

109 2694 147 2738 οῧ
165 2702 214 2752 τῷ
235 2699 352 2751 Πατρὶ
379 2700 453 2750 ἅμα
481 2701 530 2751 τῷ
551 2698 640 2751 ἁγίῳ
661 2698 845 2750 Πνεύματι
866 2699 966 2748 δόξα,
982 2700 1128 2751 κράτος,

155 2820 358 2861 ’[συγγενεῖςξ
376 2825 466 2863 ἄχθος
480 2824 567 2859 ὅντως
591 2822 719 2864 ἀρούρης
735 2820 772 2852 Β.
790 2819 828 2853 C.
848 2827 1008 2863 συγγενεῖς;
1026 2825 1117 2864 ἄχθος

109 2874 197 2909 ὅντως
213 2877 227 2905 ὸ
243 2878 383 2910 τοιοῦτος.
399 2872 453 2914 Α.]

153 2924 169 2946 ¹³
194 2923 256 2955 Alii
274 2933 364 2966 κακῷ·
381 2930 460 2958 κατὰ
481 2932 534 2962 τῆς
555 2927 655 2958 αὐτοῦ.
670 2925 739 2966 [Ua
755 2925 791 2959 Β,
810 2932 843 2956 et.
858 2925 895 2959 C.
915 2926 992 2957 Mox
1014 2924 1114 2958 iidem

109 2985 185 3005 cum
211 2975 247 3007 Α.
270 2978 336 3007 ἀλλ’
355 2980 401 3009 ὅτι
425 2979 511 3014 ἡδίων
529 2975 630 3019 (ἥδιον
653 2975 706 3019 Β.)
730 2980 823 3020 αὐτῇ,
844 2980 965 3018 ἴδωμεν,
986 2976 1115 3009 omissis

109 3026 268 3068 proximis
286 3030 377 3069 σχολὴ
393 3032 442 3060 καὶ
466 3033 609 3073 ἀπραξία.
629 3033 694 3068 καί,
711 3027 762 3060 vel
786 3036 822 3059 ut
844 3028 943 3061 habet
963 3031 1003 3061 D.
1022 3033 1114 3073 σχολῆ

109 3093 137 3110 x.
154 3084 184 3110 ἀ.
202 3078 247 3119 κ]

153 3139 167 3153 n
191 3127 251 3159 Alii
267 3128 323 3170 [Α.
334 3129 436 3170 B-C.]
454 3133 555 3168 αὐτοὺς
571 3133 692 3174 βρύχειν
708 3136 756 3165 καὶ
774 3134 923 3174 ὠμωὲιᾷν.
939 3133 996 3173 [D.
1012 3135 1117 3170 αὐτοὺς

108 3183 264 3223 αὶμωῦεάν.
276 3178 285 3223 [
295 3183 368 3211 Haec
379 3180 475 3212 tectio
489 3185 625 3224 ὠμωδιᾷν
639 3194 705 3214 11011
717 3183 1012 3225 speruenda.Licet
1029 3185 1116 3215 enim

110 3234 142 3264 in
159 3233 260 3264 sacris
277 3229 407 3273 nimiis,
420 3239 452 3262 et
468 3230 546 3263 alibi
559 3232 648 3274 apud
665 3234 775 3266 Patres
788 3238 932 3277 αίμωῧιᾷν
948 3243 1115 3276 occurrat,

110 3295 177 3316 non
204 3294 278 3314 raro
304 3284 402 3314 etiam
428 3287 565 3326 ὠμωδιᾷν
585 3283 714 3327 legitur.
730 3286 785 3318 Sic
808 3287 840 3317 in
866 3287 1027 3329 Synopsi,
1046 3298 1117 3329 quae

110 3334 290 3367 Athanasio
309 3333 478 3374 tribuitur,
498 3335 606 3367 Tomo
629 3336 660 3376 2,
694 3348 724 3378 p.
745 3338 818 3378 ⁴67,
836 3336 891 3368 hic
914 3336 1006 3370 locus
1027 3338 1117 3370 Jere-

1030 1867 1060 1889 0²
1079 1868 1129 1894 τις
1154 1869 1176 1896 Α
1199 1867 1489 1919 porismembris.
1509 1869 1600 1907 Nam
1614 1869 1737 1906 oculus
1754 1869 1783 1906 si
1805 1884 1874 1907 non
1889 1880 2067 1922 operetur,
2084 1872 2188 1910 item-

1200 1952 1269 1988 que
1280 1952 1332 1986 05,
1348 1947 1470 1976 venter
1489 1946 1521 1974 et
1534 1938 1688 1988 quodvis
1705 1939 1919 1990 membrum,
1934 1941 1970 1978 in
1988 1951 2189 1980 extremum

1202 2006 1328 2044 incidit
1353 2007 1544 2044 morbum:
1566 2007 1628 2044 sed
1648 2008 1740 2045 1111111
1772 2008 1819 2045 113
1850 2018 1890 2046 111
1923 2010 2053 2048 31111113.
2088 2012 2189 2050 Sicut

1200 2085 1319 2113 autem
1337 2076 1450 2114 otium
1465 2076 1600 2113 malum
1623 2086 1687 2126 est,
1710 2077 1760 2114 ita
1781 2093 1920 2128 quoque
1941 2080 2097 2131 operatio
2117 2096 2188 2119 11011

1201 2157 1410 2195 congruens.
1426 2144 1739 2190 Quemadmodum
1751 2146 1845 2183 enim
1862 2147 1891 2183 51
1907 2148 1986 2197 quis
2006 2163 2074 2185 non
2091 2149 2186 2198 edat,

1200 2213 1237 2250 in
1253 2213 1418 2250 dentibus
1436 2213 1602 2262 laeditur;
1627 2214 1655 2251 si
1678 2229 1756 2264 quae
1779 2230 1848 2253 non
1876 2227 2079 2268 competunt
2095 2219 2189 2265 edat,

1201 2290 1238 2319 ut
1257 2281 1505 2333 obstupescant
1525 2283 1633 2320 efficit
1656 2299 1663 2319 ε
1682 2283 1731 2321 ita
1753 2284 1870 2333 ethic,
1890 2285 1965 2323 sive
1985 2301 2055 2324 non
2067 2301 2191 2339 opere-

1202 2360 1275 2400 tur,
1296 2351 1371 2390 sive
1389 2362 1555 2404 operetur
1587 2368 1664 2403 quae
1692 2368 1762 2391 non
1787 2363 1941 2406 oportet,
1960 2356 2035 2394 vim
2060 2358 2194 2395 amittit

1201 2437 1313 2462 suam.
1334 2422 1431 2474 Ergo
1452 2432 1644 2473 utrumque
1656 2424 1777 2475 fugere
1791 2424 2008 2475 studeamus,
2029 2435 2062 2464 et
2078 2427 2190 2465 otium

1202 2501 1236 2529 et
1253 2506 1341 2544 opus
1361 2492 1434 2530 otio
1454 2493 1611 2543 gravius.
1632 2493 1822 2539 Quodnam
1849 2494 1942 2532 illud
1960 2497 2038 2533 est?
2059 2498 2188 2534 Avari-

1201 2561 1265 2611 tia,
1289 2561 1353 2610 ira,
1374 2561 1522 2610 invidia,
1543 2570 1576 2598 et
1601 2562 1739 2612 reliqua
1764 2563 1866 2601 vitia.
1896 2564 1952 2601 Ab
1983 2564 2039 2601 his
2066 2579 2190 2602 vacare

1202 2631 1389 2681 debemus,
1413 2640 1452 2668 ut
1478 2631 1651 2681 promissa
1673 2645 1933 2682 consequamur
1956 2632 2059 2682 bona,
2078 2634 2191 2684 gratia

1201 2709 1233 2738 et
1255 2699 1472 2751 benignitate
1485 2698 1632 2736 Domini
1652 2699 1761 2737 nostri
1776 2701 1858 2739 Jesu
1878 2700 2024 2750 Christi,
2046 2702 2191 2752 quicum

1182 2821 1273 2860 miae,
1293 2821 1346 2859 31,
1364 2821 1417 2860 29,
1434 2820 1480 2851 ita
1497 2818 1654 2851 affertur·
1671 2825 1696 2854 οἱ
1713 2825 1840 2865 πατέρες
1856 2824 1963 2866 ἔρα-χον
1979 2827 2032 2860 τὴν
2049 2825 2188 2867 ὄμφακα,

1183 2878 1231 2906 καὶ
1247 2875 1360 2910 ὀδόντες
1375 2881 1433 2906 τῶν
1455 2878 1563 2905 τέκνων
1578 2876 1766 2915 ὠμωόίασαν.
1786 2873 1933 2904 Isidorus
1950 2885 2079 2916 quoque
2094 2874 2187 2906 Pelu-

1182 2926 1266 2956 stota
1285 2923 1342 2956 lib.
1360 2926 1393 2964 4,
1411 2925 1506 2966 epist.
1527 2927 1558 2966 4,
1577 2924 1624 2956 sic
1641 2924 1763 2966 pluries
1781 2924 1869 2968 legit.
1889 2924 2111 2968 Exemplaque
2128 2926 2190 2959 alia

1181 2975 1370 3019 hujusmodi
1387 2976 1477 3018 apud
1492 2977 1606 3009 Patres
1624 2985 1818 3009 occurrunt.

1224 3029 1241 3046 *
1266 3029 1342 3071 [Sic
1355 3027 1464 3060 Codd.
1477 3030 1598 3069 nostri,
1618 3030 1679 3060 nisi
1692 3029 1780 3071 quod
1800 3031 1837 3061 Β.
1858 3035 2018 3073 βασκανία,
2041 3025 2190 3063 Eandem

1181 3080 1357 3113 lectionem
1383 3082 1543 3123 expressit
1566 3082 1726 3122 interpres
1750 3082 1901 3115 Latinus.
1922 3081 2010 3114 Editi
2026 3087 2190 3124 n>.5023552‚

1184 3138 1290 3175 θυμὸς,
1306 3138 1474 3175 βασκανία,
1490 3136 1600 3177 ἔριδες,
1618 3140 1713 3178 φόνοι,
1735 3137 1834 3173 ζῆλοι,
1853 3138 1901 3166 καὶ
1917 3140 1956 3167 τὸ.
1973 3137 2120 3168 {auvam}
2133 3144 2191 3169 τῶν

1183 3190 1353 3218 ἁκαθέκτων
1369 3191 1481 3219 παθῶν.
1498 3190 1527 3218 ἐν
1543 3189 1654 3222 τούτοις
1673 3189 1827 3230 ὀρεὶ).ομ.εν
1852 3192 1906 3223 τὴν
1922 3191 2028 3231 ἀργίαν
2043 3191 2192 3226 μεταδιώ-

1185 3251 1259 3275 κειν,
1278 3241 1326 3270 καὶ
1349 3242 1403 3274 τὴν
1428 3246 1486 3270 τῶν
1511 3243 1626 3280 ἀρετῶν
1644 3242 1783 3281 ἐργασίαν
1799 3243 1880 3279 μετ’).
1895 3244 1989 3276 πάσης
2007 3242 2130 3276 σπουδῆς
2144 3245 2193 3283 ἐρ·-

1184 3293 1340 3329 γάζεσθαι,
1359 3292 1404 3320 ἵνα
1420 3293 1469 3321 καὶ
1485 3296 1542 3321 τῶν
1557 3292 1641 3328 §roy-
1657 3293 1727 3330 ἡμῖν
1744 3294 1862 3331 ἀγαθῶν
1888 3293 2083 3334 ἐπιτύχωμεν.
2097 3291 2133 3323 Β.
2150 3296 2195 3325 ἵνα

1185 3342 1321 3381 τύχωμεν
1338 3348 1395 3373 τῶν
1414 3344 1537 3373 αἰωνίων
1553 3339 1617 3381 αγ]
