2502 3810
720 223 763 253 IN

99 321 207 357 μασεν
227 303 485 350 εἷπὼν,Σκεῧος
504 306 649 355 ἐκλογῆς
663 302 737 341 ἐστί
755 319 813 353 μοι
832 297 939 345 οὗτος.
954 300 1024 340 Καὶ
1035 304 1111 338 τοῦ·

96 383 153 404 τον
168 366 228 416 μὲν
241 367 297 404 τὸν
318 366 457 417 οὐρανὸν
471 365 593 417 νεφέλη
610 365 777 417 πολλάκις
797 365 948 414 ἐκάλυψε
966 378 972 385 ·
993 361 1055 407 τὴν
1078 359 1113 398 δὲ

96 426 237 464 Παύλου
250 427 363 478 ψυχὴν
384 426 491 470 οὐδεὶς
505 426 655 478 ἐκάλυψε
674 425 866 477 πειρασμὸς
879 454 888 471 ,
904 425 979 460 ἀλλ’
997 424 1031 459 ἐν
1043 427 1113 462 τοῖς

96 489 248 538 χειμῶσι
262 487 501 538 λαμπρότερος
518 486 673 537 ἐφαίνετο
689 490 863 536 σταθηρᾶς
881 481 1113 534 μεσημὸρίας,

98 547 157 584 καὶ
175 547 302 597 ὁμοίως
317 547 471 597 ἔλαμπεν
484 577 493 594 ,
512 547 630 599 ὥσπερ
647 541 702 585 οὐν
720 546 779 584 καὶ
809 545 876 598 πρὸ
899 547 966 582 τῶν
991 545 1112 592 νεφῶν.

99 605 143 644 ‘0
161 607 227 658 γὰρ
251 610 285 645 ἐν
314 610 406 661 αὐτῷ
429 608 557 660 φαίνων
576 608 670 654 ἥλιος
691 609 728 644 οὐ
752 605 914 648 τοιαύτας
939 602 1034 654 ἠφίει
1052 601 1138 660 τὰς6

99 668 252 715 ἀκτῖνας,
272 672 318 711 ὡς
333 670 577 713 συσκιάζεσθαι
596 672 638 720 τῇ
658 671 726 706 τῶν
746 668 950 718 πειρασμῶν
972 665 1113 714 συνδρο-

100 730 169 778 μῇ,
187 728 276 766 ἀλλὰ
291 729 359 766 ’καὶ
373 729 451 768 τότε
479 731 609 780 μᾶλλον
624 734 638 750 ³
651 728 855 778 εἶξε-ἔλαμπον.
885 725 948 762 Διὸ
967 723 1025 761 καὶ
1042 723 1116 760 ἔλε-

100 803 158 838 γεν
174 803 181 811 ·
200 788 312 841 Ἀρκεῖ
334 806 387 827 σοι
410 794 431 836 ἡ
462 790 563 842 χάρις
589 805 653 839 μου
674 804 682 811 ·
701 792 722 834 ἡ
743 787 811 839 γὰρ
831 784 973 835 δύναμίς
996 798 1061 834 μου
1080 785 1114 820 ἐν

102 849 259 900 ἀσθενείᾳ
285 851 486 888 τελειοῦται.
509 849 730 899 Ζηλώσωμεν
761 846 874 886 τοίνυν
905 845 1025 892 αὐτὸν,
1056 842 1116 880 καὶ

102 910 198 948 οὐδὲν
214 911 310 949 ἔσται
332 911 407 949 οὐῗὲ
434 911 519 963 πρὸς
537 914 630 961 ἡμᾶς
649 903 746 952 οὗτος
764 911 781 945 ὃ
797 905 938 957 οὐρανὸς
950 934 959 951 ,
981 905 1046 950 ἐὰν,
1060 903 1115 942 θέ-

101 973 234 1021 λωμεν,
254 972 331 1010 οὔτε
352 975 370 1010 ὃ
400 972 518 1018 ἥλιος,
553 970 632 1009 οὔτε
661 972 679 1007 ὁ
710 968 840 1018 κόσμος
872 966 963 1008 ἅπας
980 981 987 988 ·
1008 968 1116 1002 ταῦτα

100 1031 167 1084 γὰρ
192 1033 233 1069 δι’
254 1035 366 1082 ἡμᾶς,
393 1033 458 1083 οὐχ
484 1035 586 1082 ἡμεῖς
612 1030 668 1066 διὰ
687 1032 810 1066 ταῦτα.
840 1026 1034 1075 Δείξωμεν,
1064 1024 1117 1062 ὅτι

100 1090 188 1134 ἄξιοί
209 1093 311 1141 ἐσμεν
331 1095 389 1129 τοῦ
405 1095 610 1143 γεγενῆσθαι
631 1093 741 1127 ταῦτα
762 1088 806 1126 δι’
825 1091 931 1138 ἡμᾶς.
957 1085 1018 1124 Ἂν
1047 1086 1114 1138 γὰρ

97 1151 227 1188 τούτων
260 1151 390 1195 ἀνάξιοι
422 1154 602 1202 φανῶμεν,
634 1153 707 1192 πῶς
753 1147 931 1199 βασιλείας
966 1146 1116 1196 ἐσόμεθα

100 1210 210 1257 ἄξιοι,
232 1211 301 1248 Καὶ
322 1213 350 1249 εἷ
367 1211 498 1255 ἀνάξιοι
517 1211 644 1253 πάντες
659 1210 717 1248 τὸν
736 1209 833 1255 ἥλιον
855 1212 936 1261 ὃρᾷν
949 1238 959 1256 ,
976 1207 1050 1245 ὅσοι
1069 1208 1116 1250 εἷς

99 1272 324 1324 βλασφημίαν
350 1275 434 1316 ζῶσι
452 1277 511 1310 τοῦ
531 1274 622 1310 Θεοῧ
639 1287 645 1294 ·
666 1269 796 1314 ἀνάξιοι
816 1272 884 1308 τῶν
912 1267 1113 1320 κτισμάτων

98 1333 284 1371 ἀπολαύειν
313 1335 381 1370 τῶν
407 1332 614 1376 δοξαζόντων
642 1332 742 1370 αὐτὸν
767 1332 797 1369 οἱ
829 1333 1115 1382 βλασφημοῦντες

99 1395 220 1432 αὐτόν·
242 1394 316 1432 ἐπεὶ
332 1394 389 1432 καὶ
408 1395 478 1437 υἱὸς
498 1393 631 1446 πατέρα
649 1392 810 1444 ὑδρίζων,
826 1391 959 1436 ἀνάξιος
974 1392 1114 1429 οἰκετῶν

100 1454 370 1505 εὐδοκιμούντων
408 1454 592 1492 ἀπολαύειν
623 1453 808 1496 διακονίας.
842 1452 910 1490 Ami
937 1468 989 1490 τοι
1017 1456 1116 1489 τοῦτο

98 1520 209 1554 ταῦτα
233 1515 293 1566 μὲν
317 1515 376 1553 καὶ
395 1517 525 1561 πολλῆς
554 1514 790 1553 ἀπολαύσεται
819 1513 917 1560 δόξης
932 1528 939 1536 ·
960 1516 1061 1562 ἡμεῖς
1081 1511 1117 1550 δὲ

100 1577 242 1615 κόλασιν
282 1576 549 1627 ὑποστησόμεθα
588 1575 647 1613 καὶ
681 1574 865 1625 τιμωρίαν.
896 1573 1013 1620 Πόσης
1059 1568 1116 1611 οἶν

101 1638 301 1684 ἀθλιότητος
323 1638 362 1674 ἂν
387 1638 460 1684 εἴη,
480 1637 541 1684 τὴν
566 1636 626 1687 μὲν
656 1635 767 1674 κτίσιν
793 1635 855 1682 τὴν
877 1634 933 1672 διὰ
956 1634 992 1672 σὲ
1017 1650 1117 1685 γενο-

103 1699 207 1749 μένην
230 1701 276 1742 εἷς
295 1698 485 1750 ἐλευθερίαν
505 1701 566 1744 τῆς
586 1697 682 1743 δόξης
699 1700 768 1734 τῶν
793 1695 921 1733 τέκνων
942 1698 1001 1732 τοῦ
1023 1697 1118 1732 Θεοῦ

101 1760 388 1811 σχηματίζεσθαι,
407 1763 500 1808 ἡμᾶς
518 1758 552 1797 δὲ
567 1758 645 1802 τοὺς
665 1757 769 1795 τέκνα
784 1760 843 1794 τοῦ
866 1758 957 1795 Θεοῦ
971 1755 1118 1807 γενομέ-

100 1836 190 1869 νους,
209 1819 265 1858 διὰ
287 1820 347 1867 τὴν
368 1819 500 1866 πολλὴν
527 1818 697 1871 ῥαθυμίαν
718 1820 764 1862 εἷς
785 1815 963 1856 ἀπώλειαν
983 1816 1118 1867 πέμπε-

101 1885 179 1919 σθαι
197 1881 256 1919 καὶ
275 1881 412 1933 γέενναν
425 1909 434 1926 ,
452 1883 494 1918 δι’
513 1880 569 1924 οὒς
592 1883 613 1926 ἡ
643 1879 754 1922 κτίσις
773 1882 833 1925 τῆς
857 1878 1010 1930 μεγάλης
1030 1879 1116 1916 ἀπο-

100 1942 267 1980 λαύσεται
286 1941 469 1991 εὐημερίας
489 1940 639 1987 ἐκείνης,
660 1939 725 1977 Ἵν’
743 1934 798 1977 οἷν
823 1938 871 1988 μὴ
892 1944 991 1977 τοῦτο
1012 1938 1118 1990 γένη--

101 2020 176 2051 ται,
195 2007 225 2041 οἱ
253 2002 314 2052 μὲν
343 2001 498 2054 καθαρὰν
519 2000 727 2051 κεκτημένοι
751 2001 887 2052 ψυχὴν,
915 1999 1117 2052 φυλάξωμεν

103 2064 207 2111 αὐτὴν
228 2063 387 2110 τοιαύτην
410 2079 417 2086 ·
443 2065 573 2113 μᾶλλον
607 2062 722 2100 δὲκαὶ
754 2060 979 2111 ἐπιτείνωμεν
1014 2063 1119 2106 αὐτῆς

101 2125 162 2172 τὴν
183 2125 390 2174 λαμπηδόνα
407 2140 414 2147 ·
436 2127 466 2163 οἷ
486 2123 521 2162 δὲ
544 2125 707 2175 ῥυπῶσαν
722 2122 870 2174 ἔχοντες,
892 2121 939 2170 μὴ
963 2124 1117 2172 ἀπογνῶ-

103 2202 176 2235 μεν.
201 2185 287 2223 Ἐὰν
306 2184 373 2236 γὰρ
387 2178 472 2232 ῶσι,
492 2183 608 2236 φησὶν,
628 2184 663 2220 αἱ
677 2182 846 2234 ἁμαρτίαι
863 2184 959 2231 ὑμῶν
980 2185 1026 2225 ὡς
1046 2197 1119 2234 φοι-

100 2250 227 2293 νικοῦν,
248 2249 293 2290 ὡς
308 2246 408 2297 χιόνα
426 2246 583 2283 λευκανῶ
597 2260 604 2267 ·
622 2244 680 2282 καὶ
700 2243 759 2281 ἐὰν
782 2236 865 2281 ῶσιν
883 2246 928 2286 ὡς
947 2243 1118 2290 κόκκινον,

99 2307 183 2345 ὡσεὶ
200 2306 288 2358 ἔριον
315 2309 483 2345 λευκανῶ.
497 2304 610 2343 ἸΟταν
631 2304 665 2342 δὲ
685 2308 702 2342 ὃ
723 2304 812 2346 Θεὸς
837 2306 1118 2354 ἐπαγγέλληται,

102 2366 149 2417 μὴ
171 2367 388 2419 ἀμφίὸαλλε,
414 2368 489 2405 ἀλλ’
510 2369 626 2405 ἐκεῖνα
651 2364 764 2411 ποίει,
785 2366 828 2402 δι’
851 2358 898 2402 ῶν
919 2364 1120 2402 ἐπισπάσα-

101 2432 180 2466 σθαι
195 2427 255 2471 τὰς
271 2427 479 2479 ἐπαγγελίας
492 2426 620 2469 ταύτας
639 2426 782 2477 δυνήσῃ.
798 2424 919 2476 Μυρία
931 2441 984 2463 σοι
998 2425 1116 2478 εἴργα-

101 2505 179 2526 σται
195 2488 288 2526 δεινὰ
315 2489 375 2527 καὶ
403 2487 721 2539 πεπλημμέληται,
743 2486 812 2524 Καὶ
837 2486 872 2524 τί
901 2489 1024 2533 τοῦτο,
1046 2488 1119 2524 Οὐ-

101 2550 195 2588 δέπω
213 2550 280 2602 γὰρ
300 2552 346 2593 εἷς
365 2550 421 2588 τὸν
440 2550 524 2601 ᾅδην
541 2551 705 2595 ἀπ’-ἦλθες,
728 2547 808 2585 ἔνθα
827 2546 936 2589 οὐδεὶς
953 2546 1116 2596 ἐξομολο-

98 2612 245 2662 γήσεται
261 2627 268 2634 ·
290 2610 424 2649 οὐδέπω
445 2626 504 2647 σου
524 2609 564 2647 τὸ
587 2609 728 2660 θέατρον
750 2608 912 2653 λέλυται,
930 2608 1006 2645 ἀλλ’
1035 2608 1118 2645 εἴσω

101 2677 160 2710 τοῦ
176 2671 381 2721 σκέμματος
399 2670 566 2717 ἕστηκας,
582 2669 641 2707 καὶ
658 2669 800 2707 δύνασαι
821 2669 880 2706 καὶ
900 2669 942 2706 δι’
967 2668 1119 2719 ἐσχάτης

100 2733 216 2778 πάλης
230 2732 344 2775 πάσας
364 2733 601 2769 ἀναπαλαῖσαι
621 2729 682 2773 τὰς
698 2729 817 2775 ἥττας.
837 2729 947 2767 Οὔπω
964 2728 1118 2780 γέγονας,

99 2796 181 2833 ἔνθα
201 2810 265 2832 που
281 2797 296 2831 ὃ
325 2793 508 2838 πλούσιος,
527 2790 582 2829 ἵνα
602 2791 764 2842 ἀκούσῃς,
785 2790 838 2828 ὅτι
857 2790 943 2842 χάος
962 2790 1034 2828 ἐστὶ
1053 2806 1118 2840 με-

101 2855 183 2900 ταξῦ
205 2858 304 2905 ἡμῶν
329 2855 388 2893 καὶ
408 2855 503 2904 ὑμῶν
519 2868 526 2876 ·
547 2851 643 2890 οὔπω
671 2851 738 2904 γὰρ
763 2851 972 2904 παρεγένετο
995 2854 1012 2888 ὃ
1031 2867 1118 2901 νυμ-

101 2917 193 2969 φίος,
207 2917 262 2954 ἵνα
282 2916 416 2968 ’ροὲηῡῇ
437 2931 488 2958 τις
511 2915 716 2964 μεταδοῦναι
740 2912 855 2951 ἐλαίου
873 2928 880 2935 ·
902 2912 952 2950 ἔτι
972 2912 1117 2950 δύνασαι

102 2978 268 3030 ἀγοράσαι
289 2977 348 3015 καὶ
368 2975 569 3013 ἀποθέσθαι.
590 2975 661 3013 Καὶ
678 2973 854 3012 οὐκέστιν
874 2973 1008 3012 οὐδέπω
1028 2977 1044 3011 ὁ
1062 2972 1120 3010 λέ-

101 3054 169 3088 γων
185 3066 194 3083 ,
218 3037 367 3083 Μήποτε
383 3039 418 3074 οὐ
441 3036 489 3087 μὴ
511 3038 640 3088 ἀρκέσῃ
663 3034 721 3072 καὶ
742 3038 824 3085 ἡμῖν
840 3034 900 3072 καὶ
914 3037 995 3084 ὑμῖν
1012 3049 1019 3056 ·
1040 3035 1117 3072 ἀλλ’

102 3096 185 3134 εἷο-ἰν
210 3100 240 3134 οἳ
267 3100 461 3140 πωλοῦντες
476 3097 619 3144 πολλοὶ,
639 3099 669 3135 οἱ
686 3096 831 3148 γυμνοὶ,
853 3098 884 3133 οἱ
913 3097 1118 3142 πεινῶντες,

102 3159 133 3194 οἱ
158 3159 432 3207 ἀρρωστοῦντες,
452 3161 482 3195 οἱ
513 3156 749 3209 δεσμωτήριον
769 3158 951 3198 οἰκοῦντες.
978 3154 1117 3206 Θρέψον

103 3216 254 3265 τούτους,
278 3217 414 3255 ἔνδυσον
431 3218 595 3265 ἐκείνους,
611 3217 797 3270 ἐπίσκεψαι
823 3216 901 3260 τοὺς
919 3215 1116 3266 κειμένους,

104 3277 162 3316 καὶ
178 3277 264 3328 ὑπὲρ
278 3277 338 3320 τὰς
356 3278 471 3328 πηγὰς
485 3278 559 3325 ἥξει
573 3278 613 3317 τὸ
626 3277 754 3317 ἔλαιον.
773 3278 884 3317 Οὔπω
903 3281 961 3316 τοῦ
980 3279 1117 3328 λογοθε-

150 3393 163 3407 2
187 3382 278 3414 Unus
295 3385 469 3424 ἐξέλαμπεν.

800 217 940 253 Ems'r.
980 220 1038 249 AD
1074 220 1183 249 ROM.

1222 217 1377 248 HOMIL.
1414 217 1543 247 XVIII.
2074 215 2158 261 707

1181 306 1277 336 ratus
1295 307 1357 344 est,
1377 296 1511 346 dicens,
1531 296 1608 333 Vas
1621 295 1817 332 electionis
1832 302 1888 332 est
1902 295 2008 332 mihi.
2027 293 2074 331 Et
2095 294 2163 331 hoc
2180 292 2260 321 AC!-
2275 294 2362 332 9·¹5·

1180 357 1325 409 quidem
1350 357 1474 394 caelum
1506 356 1617 393 nubes
1642 369 1732 407 saepe
1760 355 1914 406 obtegit3
1944 354 2046 392 Pauli
2077 368 2162 394 vero

1181 418 1335 455 animam
1362 417 1460 454 nulla
1481 430 1652 467 umquam
1679 415 1820 468 operuit
1849 415 2006 462 tentatio,
2031 414 2094 452 sed
2125 414 2161 452 in

1180 477 1447 529 tempestatibus
1465 477 1526 514 illa
1556 478 1631 528 ipso
1649 476 1797 514 meridie
1823 475 2041 527 splendidior
2068 484 2162 523 erat,

1181 552 1221 574 ac
1246 537 1393 589 perinde
1408 537 1547 574 lucebat
1566 545 1671 587 atque
1696 546 1775 574 ante
1793 536 1944 573 nubium
1964 535 2160 572 incursum.

1142 636 1171 660 ‚9
1185 597 1247 636 Sol
1266 597 1393 635 etenim
1413 597 1448 635 in
1476 597 1538 634 illo
1557 597 1745 649 splendens
1767 610 1836 634 non
1868 596 1955 633 tales
1984 595 2166 633 emittebat

1136 651 1161 701 Ᾰ
1186 657 1316 706 radios,
1347 658 1406 708 qui
1427 666 1567 708 possent
1585 671 1631 694 ex
1656 656 1888 693 tentationum
1910 669 2082 693 concursu
2103 655 2167 692 ol)-

1192 717 1341 764 scurari,
1357 716 1417 754 sed
1452 725 1537 753 tunc
1561 715 1716 753 maxime
1740 715 1794 752 illi
1824 715 2052 766 effulgebant.
2081 714 2166 752 Ideo

1185 775 1349 813 dicebat:
1372 775 1528 826 Sufficit
1550 777 1620 812 tihi
1636 777 1771 826 gratia
1787 788 1872 811 mea
1890 790 1900 810 .-
1926 788 2017 811 nam
2041 777 2166 812 virtus
2181 786 2210 805 2-
2233 776 2302 805 Cvr-
2319 784 2364 804 ¹2·

1187 849 1275 874 mea
1307 839 1345 872 in
1377 838 1417 872 in
1437 837 1605 872 trinitate
1627 835 1838 885 perficitur.
1869 834 2054 871 Imitemur
2083 848 2165 885 ergo

1187 895 1302 944 illum,
1324 904 1358 932 et
1375 895 1443 933 hoe
1460 895 1586 931 caelum
1603 894 1704 931 nobis
1717 903 1962 945 comparatum
1981 895 2073 932 nihil
2089 895 2169 944 erit,

1187 955 1217 993 si
1226 955 1462 1003 voluerimus;
1478 969 1589 1005 neque
1599 955 1787 1004 sol,neque
1804 954 1958 992 mundus
1979 964 2071 992 totus
2090 956 2172 992 :illa

1188 1015 1281 1052 enim
1295 1015 1411 1052 omnia
1420 1023 1566 1066 propter
1577 1028 1639 1051 nos
1653 1015 1744 1051 facta
1760 1023 1856 1064 sunt,
1870 1028 1937 1051 non
1950 1028 2014 1051 nos
2027 1024 2171 1066 propter

1187 1076 1260 1113 illa.
1277 1075 1513 1114 ostendamus
1535 1089 1599 1113 nos
1617 1075 1744 1125 dignos
1759 1075 1878 1124 fuisse,
1897 1083 1937 1111 ut
1950 1083 2094 1126 propter
2109 1089 2171 1112 nos

1186 1135 1254 1173 ista
1269 1143 1485 1173 crearentur.
1499 1135 1591 1172 Nam
1611 1134 1641 1172 si
1654 1135 1709 1172 his
1729 1134 1867 1185 indigni
1886 1133 2084 1182 videamur,
2103 1148 2171 1184 qua

1187 1196 1321 1234 1ati0ne
1336 1209 1444 1246 regno
1462 1195 1565 1247 digni
1582 1195 1744 1233 erimus?
1762 1195 1809 1232 Et
1829 1195 1858 1233 si
1875 1194 1959 1233 solis
1985 1204 2172 1246 conspectu

1186 1256 1324 1309 indigni
1358 1266 1440 1294 sunt
1481 1257 1506 1293 ii
1537 1271 1657 1304 omnes
1674 1287 1684 1305 ,
1730 1256 1791 1307 qui
1825 1256 1870 1293 ad
1912 1256 2174 1308 blasphemiam

1187 1317 1256 1356 Dei
1274 1318 1418 1367 vix-ung
1432 1316 1568 1368 indigni
1581 1317 1687 1354 etiam
1707 1326 1802 1365 sunt,
1821 1316 1882 1367 qui
1905 1317 2068 1353 fruantur
2081 1330 2174 1354 crea-

1187 1378 1290 1427 turis,
1308 1393 1386 1429 quae
1402 1378 1503 1415 illum
1528 1378 1720 1416 celebrant.
1742 1379 1834 1415 Nam
1854 1386 1888 1415 et
1908 1378 2005 1415 filius
2025 1377 2088 1427 qui
2104 1392 2173 1429 pa-

1187 1449 1277 1478 trem
1289 1440 1502 1477 contumelia
1514 1439 1639 1489 afficit,
1655 1439 1823 1490 indignus
1837 1448 1888 1476 est
1902 1438 1963 1488 qui
1977 1439 2174 1490 proborum

1187 1502 1406 1539 famulorum
1424 1501 1621 1539 ministerio
1647 1502 1798 1538 fruatur.
1819 1500 1956 1538 Idcirco
1976 1515 2083 1552 opera
2107 1500 2172 1538 Dei

1188 1563 1301 1600 multa
1321 1563 1483 1599 fruentur
1517 1562 1653 1614 gloria3
1677 1576 1741 1600 nos
1760 1571 1879 1599 autem
1899 1561 2115 1614 supplicium
2141 1570 2174 1598 et

1188 1636 1308 1675 poenas
1328 1622 1506 1660 dabimus.
1540 1623 1658 1668 Quam
1687 1622 1858 1659 miserum
1886 1635 1968 1673 ergo
1997 1621 2115 1668 fuerit,
2143 1620 2173 1657 si

1189 1694 1361 1735 creatiu'a,
1394 1698 1470 1734 quae
1497 1693 1643 1736 propter
1658 1693 1691 1721 te
1709 1684 1799 1721 facta
1819 1692 1880 1732 est,
1914 1683 1949 1720 in
1973 1682 2174 1720 libertatem

1189 1745 1310 1796 gloriae
1347 1745 1503 1782 filiorum
1536 1744 1602 1781 Dei
1634 1738 1891 1791 conformetur3
1912 1757 1973 1780 nos
1992 1757 2090 1793 vero,
2112 1742 2174 1792 qui

1190 1806 1257 1844 filii
1273 1806 1339 1843 Dei
1349 1806 1432 1843 facti
1444 1819 1579 1853 sumus,
1595 1805 1640 1842 ob
1656 1805 1835 1856 ingentem
1849 1803 2029 1855 ignaviam
2041 1803 2076 1840 in
2093 1817 2173 1855 per-

1189 1868 1318 1905 niciem
1338 1867 1520 1905 mittamur
1537 1876 1570 1905 et
1587 1866 1804 1918 gehennam3
1827 1879 1901 1915 nos,
1918 1865 2074 1915 inquam,
2092 1878 2174 1915 pro-

1189 1938 1268 1981 pter
1286 1943 1373 1979 quos
1394 1937 1561 1966 creaturae
1576 1940 1702 1978 magna
1716 1927 1777 1964 illa
1796 1926 1959 1964 fruentur
1978 1925 2169 1963 felicitate?

1190 1992 1242 2028 Ne
1251 1990 1318 2027 hoc
1329 1990 1447 2040 itaque
1457 1988 1653 2040 contingat,
1666 1988 1766 2038 siqui
1777 1987 1932 2025 animam
1942 2001 2067 2039 puram
2078 1985 2175 2039 possi

1191 2051 1330 2101 demus,
1344 2051 1443 2088 illam
1452 2050 1520 2087 hoe
1529 2050 1564 2087 in
1576 2059 1669 2087 statu
1678 2063 1878 2098 servemus3
1893 2049 1963 2086 imo
1971 2048 2046 2099 ejus
2059 2047 2174 2100 splen-

1191 2110 1313 2148 dorem
1328 2123 1519 2160 augeamus
1538 2124 1545 2143 :
1566 2108 1594 2145 si
1613 2121 1696 2146 vero
1711 2106 1891 2144 sordidam
1907 2102 2114 2152 habeamus,
2133 2119 2175 2142 ne

1191 2170 1439 2223 desperemus:
1455 2169 1582 2207 etenim
1610 2168 1659 2206 ait
1676 2168 1737 2205 ille
1754 2185 1761 2204 :
1780 2169 1821 2206 Si
1840 2170 1997 2221 fuerint
2013 2176 2175 2219 peccata
2191 2170 2268 2201 lsai.
2287 2181 2312 2202 r.
2329 2173 2376 2204 ι8.

1192 2241 1325 2270 vestra
1334 2232 1444 2268 velut
1457 2232 1677 2282 phoeniceus
1686 2230 1924 2281 color,quasi
1934 2231 2058 2266 nivem
2067 2229 2175 2266 deal-

1194 2294 1291 2329 babo
1308 2308 1318 2328 .-
1339 2301 1373 2329 ct
1390 2293 1584 2343 sifiterint
1608 2299 1647 2328 ut
1670 2293 1888 2336 coccinum,
1907 2292 2021 2341 quasi
2041 2290 2176 2326 lanam

1195 2355 1289 2392 alba
1299 2353 1568 2391 reddam.Cum
1584 2361 1702 2389 autem
1716 2353 1811 2389 Deus
1823 2351 2060 2403 promittit7ne
2069 2350 2175 2388 dubi-

1192 2424 1243 2452 tes
1251 2430 1264 2465 3
1281 2413 1340 2452 sed
1357 2413 1417 2451 illa
1431 2413 1550 2463 facito,
1563 2413 1661 2463 queis
1672 2413 1748 2451 haec
1759 2412 1933 2465 promissa
1942 2411 1987 2449 ad
1998 2412 2178 2449 tetralicre

1192 2475 1338 2528 poteris.
1355 2476 1547 2512 Innumera
1565 2483 1598 2512 et
1619 2474 1742 2525 gravia
1757 2473 1967 2526 perpetrasti
1988 2473 2081 2510 mala
2096 2473 2112 2510 ἶ)
2130 2472 2177 2509 Et

1191 2536 1281 2587 quid
1303 2536 1401 2574 hoci’
1422 2535 1591 2573 Nondum
1620 2535 1713 2572 enim
1739 2535 1775 2571 in
1802 2534 1979 2572 infernum
2008 2534 2175 2586 delapsus

1193 2611 1228 2635 es
1240 2628 1252 2648 ,
1282 2597 1345 2634 ubi
1364 2610 1465 2634 nemo
1486 2595 1711 2633 confitebitur
1734 2610 1741 2631 :
1764 2594 1921 2632 nondum
1951 2595 2107 2632 solutum
2125 2604 2176 2631 est

1191 2658 1371 2696 theatrum
1391 2666 1492 2694 tuum
1511 2686 1520 2704 ‚
1542 2656 1604 2693 sed
1623 2656 1657 2692 in
1678 2654 1792 2693 stadio
1807 2669 1859 2703 es,
1877 2668 1918 2692 ac
1932 2664 2030 2706 potes
2046 2654 2174 2691 ultimo

1193 2717 1381 2756 certamine
1394 2730 1513 2754 omnes
1533 2724 1692 2767 acceptas
1708 2714 1826 2752 clades
1845 2723 2064 2752 restaurare:
2087 2728 2175 2751 non-

1192 2779 1280 2817 dum
1300 2793 1339 2816 eo
1366 2777 1517 2823 venisti,
1537 2789 1606 2827 quo
1626 2775 1724 2813 dives
1741 2775 1800 2812 ille
1813 2805 1825 2826 ,
1846 2784 1886 2813 ut
1914 2774 2036 2812 audias
2050 2804 2062 2825 ,
2091 2775 2174 2826 quia

1194 2843 1322 2880 Chaos
1340 2843 1441 2876 inter
1455 2852 1522 2876 nos
1543 2847 1580 2876 et
1593 2852 1664 2875 vos
1682 2846 1759 2875 est:
1781 2837 1941 2875 nondum
1957 2838 2049 2874 enim
2066 2837 2174 2876 adve·
2193 2840 2374 2871 L11c.16.26.

1191 2902 1242 2940 nit
1262 2915 1430 2953 sponsus,
1453 2909 1491 2937 ut
1517 2899 1597 2950 quis
1616 2899 1737 2936 timeat
1755 2898 1799 2936 de
1824 2913 1886 2936 suo
1906 2898 2174 2936 subministrare

1191 2963 1266 3001 oleo
1282 2979 1289 2998 τ
1311 2962 1428 2999 adhuc
1447 2970 1544 3013 potes
1560 2974 1673 2998 emere
1693 2974 1733 2997 ac
1749 2959 1934 3012 deponere.
1952 2960 2024 2997 Nec.
2038 2968 2088 2996 est
2099 2959 2174 3012 jam

1191 3027 1254 3078 qui
1268 3026 1375 3075 dicat,
1391 3027 1450 3063 Ne
1460 3026 1562 3076 forte
1578 3038 1654 3061 non
1669 3025 1849 3075 sufficiat
1865 3025 1972 3060 nobis
1986 3031 2022 3060 et
2035 3024 2146 3059 vobis
2157 3038 2172 3066 ;
2189 3023 2302 3052 Matth.
2324 3023 2375 3053 25-

1190 3088 1251 3126 sed
1273 3087 1378 3124 inulti
1397 3095 1477 3124 sunt
1500 3085 1560 3136 qui
1580 3083 1737 3123 vendunt
1752 3113 1762 3132 ,
1782 3083 1870 3121 nudi
1890 3114 1898 3132 ,
1916 3083 2069 3120 famelici
2089 3112 2098 3128 ‚
2119 3082 2171 3120 in-

1189 3148 1310 3195 firmi,
1329 3147 1390 3197 qui
1416 3146 1452 3183 in
1469 3159 1605 3183 carcere
1629 3153 1723 3182 sunt.
1744 3144 1816 3181 Hos
1842 3144 1896 3181 ale
1909 3174 1919 3192 ,
1946 3143 2026 3181 illos
2044 3143 2172 3191 indue,

1186 3211 1340 3262 jacentes
1356 3208 1462 3246 visita
1483 3237 1492 3255 ‚
1512 3216 1546 3245 et
1564 3206 1682 3244 oleum
1700 3205 1781 3258 plus
1797 3220 1904 3256 quam
1921 3205 2032 3242 fontes
2051 3213 2172 3242 scatu-

1176 3274 1254 3311 riet.
1275 3271 1441 3311 Nondum
1463 3270 1609 3309 rationis
1635 3268 1822 3307 reddendae
1843 3277 1982 3321 tempus
2003 3267 2164 3308 advenit.
