2502 3810
348 275 436 319 722
764 269 801 298 S.
840 269 1024 298 JOANNIS
1060 268 1299 298 CHRYSOST.

343 355 443 404 signe
459 365 605 404 ponens,
626 364 669 387 ne
688 350 767 400 quis
786 351 860 388 haec
876 351 920 388 ad
943 351 1061 403 prisca
1080 352 1197 389 trahat
1217 361 1251 390 et
1268 367 1325 390 re-

342 415 441 460 ferat,
454 413 503 449 ait
522 413 662 449 :etEt
674 413 746 449 hoc
755 412 835 449 illis
845 427 869 449 a
882 426 942 450 me
953 422 1326 462 testamentum,cmn

342 473 536 510 abstulero
561 480 722 522 peccata
748 486 878 509 eorum
899 488 907 508 :
927 486 996 510 non
1023 487 1104 510 cum
1125 474 1326 512 circumcisi

340 532 484 579 suerint,
505 545 574 568 non
594 545 675 568 cum
695 531 985 579 sacrificaverint,
1013 547 1081 570 non
1097 547 1178 570 cum
1197 534 1327 585 legalia

339 591 496 636 fecerint,
521 590 584 628 scd
603 604 685 628 cum
703 601 928 643 peecatorum
948 593 1189 631 remissionem
1208 608 1327 634 conse-

339 653 441 703 quuti
459 653 600 690 fuerint.
628 652 668 691 Si
688 653 798 704 igitur
818 654 886 691 hoc
912 654 1125 706 promissum
1143 655 1224 705 fuit,
1246 670 1326 694 nec-

339 713 427 750 dum
444 713 515 750 illis
530 713 687 761 advenit,
705 727 816 764 neque
836 728 899 765 per
916 715 1135 766 baptismum
1150 717 1326 755 remissio-

338 789 419 812 nem
439 775 646 826 consequuti
673 784 774 825 sunt,
795 775 834 813 id
858 785 975 814 tamen
1002 777 1146 815 omnino
1164 779 1325 817 futurum

337 845 403 873 est:
419 845 634 888 quapropter
648 835 772 887 adjicit
787 853 794 873 :
808 837 871 873 ἓξ).
886 837 976 875 Sine
985 841 1213 889 poenitentia
1226 843 1326 878 enim

337 905 427 934 sunt
446 897 550 932 dona
570 906 606 933 et
630 899 786 933 vocatio
811 898 900 934 Dei.
923 899 1045 949 Neque
1065 913 1126 951 per
1151 914 1227 939 eam
1252 915 1328 939 rem

339 966 475 994 tantum
498 956 577 994 illos
606 957 826 1004 consolatur,
849 957 912 995 sed
935 959 1041 996 etiam
1064 961 1194 1011 perid,
1229 961 1327 1012 quod

334 1019 409 1069 jam
433 1018 653 1069 contigerat:
681 1027 712 1055 et
733 1018 830 1069 quod
846 1033 890 1056 ex
919 1022 1167 1071 consequentia
1192 1023 1327 1061 factum

338 1088 400 1128 cst,
419 1079 487 1116 hoc
508 1088 547 1115 ut
566 1079 785 1130 praecipuum
805 1080 904 1131 ponit
940 1081 1138 1119 his-verbis
1154 1099 1160 1118 :
1175 1086 1237 1122 28.
1256 1085 1326 1122 Se-

338 1140 508 1177 cundum
537 1140 778 1191 evangelium
809 1141 962 1190 quidem
990 1144 1139 1179 inimici
1172 1153 1328 1196 propter

339 1214 424 1246 vos,
435 1202 645 1238 secundum
661 1201 884 1238 eleccionem
896 1211 1023 1240 autem
1034 1204 1165 1241 dilecti
1174 1216 1329 1257 propter

335 1269 477 1311 patres.
498 1261 549 1297 Ne
573 1260 734 1298 ethnicus
755 1260 898 1299 infletur
925 1263 1058 1313 dicens,
1082 1266 1158 1315 Ego
1180 1275 1233 1303 sto
1251 1282 1259 1302 :
1285 1281 1328 1304 ne

338 1320 429 1358 mihi
446 1319 559 1369 dicas,
581 1320 666 1370 quid
692 1321 768 1358 sieri
786 1322 910 1376 possit,
927 1323 988 1360 sed
1010 1324 1100 1374 quid
1113 1326 1246 1363 factum
1264 1327 1327 1375 sit,

337 1382 421 1418 hinc
449 1395 591 1431 quoquc
620 1381 723 1419 illum
752 1383 929 1434 reprimit,
952 1384 1071 1422 dicens
1090 1386 1328 1424 :Secundum

336 1442 578 1491 evangelium
598 1443 746 1478 inimici
759 1452 914 1493 propter
934 1457 1017 1482 vos.
1039 1445 1134 1490 Quia
1148 1446 1244 1484 enim
1262 1461 1327 1485 vos

337 1502 454 1539 vocati
481 1502 585 1550 estis,
617 1503 901 1540 contentiosiores
918 1504 972 1541 illi
987 1505 1071 1542 facti
1094 1515 1184 1543 sunt.

389 1564 425 1599 ’7.
437 1564 599 1598 Attamen
614 1562 710 1598 Deus
729 1576 798 1599 non
814 1563 894 1600 ideo
910 1564 1061 1602 abscidit
1077 1567 1300 1607 vocationem
1319 1584 1329 1619 3

337 1626 398 1661 scd
411 1632 589 1674 exspectat
603 1637 722 1660 omnes
737 1638 781 1660 cx
795 1624 1037 1676 gentibus‚qui
1050 1627 1219 1665 credituri
1233 1639 1328 1679 sunt,

336 1693 374 1720 nt
390 1683 688 1734 ingrediantu1·:et
706 1693 789 1721 tunc
801 1685 854 1722 illi
873 1700 1013 1737 quoque
1025 1688 1329 1728 venient.Deinde

335 1745 442 1782 aliam
475 1758 615 1794 quoque
643 1745 793 1795 gratiam
825 1745 977 1797 largitur
999 1747 1085 1795 illis,
1107 1748 1328 1789 dicens:Se-

336 1806 506 1843 cundum
531 1805 757 1842 electionem
779 1815 909 1843 autem
935 1808 1068 1845 dilecti
1080 1818 1238 1861 propter
1256 1825 1326 1862 pa-

337 1876 427 1904 tres.
443 1866 491 1903 Et
510 1865 596 1917 quid
619 1866 686 1903 hoc
705 1866 779 1903 est?
799 1867 872 1904 [bi
890 1867 1027 1905 inimici
1049 1879 1142 1918 sunt,
1172 1871 1223 1908 ibi
1242 1886 1326 1924 sup-

336 1927 506 1979 plicium5
534 1927 597 1963 ubi
629 1936 748 1964 autem
783 1927 917 1977 dilecti,
948 1930 1039 1967 nihil
1071 1930 1158 1982 ipsis
1185 1932 1327 1983 prodest

337 1988 511 2039 majorum
531 1987 657 2035 virtus,
672 1987 739 2024 nisi
753 1987 1092 2038 credant.Attamen‚
1103 2000 1141 2028 ut
1153 1991 1245 2041 dixi,
1257 2007 1326 2031 non

337 2049 445 2085 finem
465 2047 549 2085 facit
569 2047 663 2099 ipsos
684 2049 902 2098 consolandi,
921 2059 959 2087 ut
976 2051 1145 2089 attrabat.
1165 2053 1329 2106 Quapro-

338 2117 416 2160 pter
435 2107 580 2145 aliunde
608 2108 645 2145 id
670 2109 765 2159 quod
795 2109 931 2147 dictum
958 2120 1009 2149 est
1035 2111 1233 2162 adstruens,
1259 2114 1328 2152 ait:

338 2170 400 2207 50.
420 2170 526 2208 Sicut
540 2174 640 2206 enim
656 2179 691 2207 et
704 2185 774 2208 vos
788 2171 1004 2223 aliquando
1020 2187 1097 2210 non
1111 2176 1330 2214 credidistis

339 2232 436 2277 Deo,
445 2245 546 2268 nunc
557 2240 685 2268 autem
695 2234 996 2270 misericordiam
1006 2239 1233 2286 consequuti
1239 2240 1329 2275 estis

336 2300 492 2342 propter
519 2293 832 2329 incredulitatem
857 2307 1011 2330 eorum:
1031 2295 1092 2333 51.
1116 2298 1172 2332 ita
1199 2305 1237 2333 et
1265 2299 1329 2334 isti

341 2365 443 2389 nunc
463 2365 541 2388 non
556 2353 781 2389 crediderim
788 2361 814 2399 t,
829 2355 933 2404 quod
945 2368 1014 2391 vos
1026 2358 1329 2394 misericordiam

340 2416 565 2464 consequuti
576 2416 674 2462 sitis,
692 2422 732 2450 ut
749 2423 783 2450 et
799 2417 871 2465 ipsi
883 2418 1182 2454 misericordiam
1198 2432 1327 2456 conse-

341 2482 525 2525 quantur.
535 2476 600 2511 52.
617 2474 817 2511 Conclusit
832 2477 933 2512 enim
951 2477 1057 2514 Deus
1073 2491 1203 2516 omnes
1217 2482 1257 2516 in
1272 2482 1330 2516 in-

341 2535 581 2580 credulitate,
607 2543 650 2571 ut
671 2537 842 2572 omnium
863 2538 1104 2575 misereatur.
1122 2538 1190 2576 Hie
1216 2549 1329 2578 osten-

338 2593 392 2630 dit
411 2593 569 2631 ethnicos
585 2593 685 2645 prius
704 2604 847 2632 vocatos
864 2595 991 2645 fuisse3
1009 2596 1138 2635 deinde
1157 2600 1240 2649 quia
1259 2601 1328 2638 ab—

339 2663 505 2703 nuerunt,
527 2653 669 2693 Judaeos
691 2654 819 2692 electos
844 2669 916 2693 esse
935 2665 969 2693 et
993 2657 1150 2695 vicissim
1173 2659 1330 2712 idipsum

340 2724 459 2766 postea
476 2715 684 2766 contigisse:
699 2715 783 2766 quia
801 2716 896 2753 enim
912 2717 1030 2756 Judaei
1044 2719 1185 2757 credere
1200 2722 1327 2760 nolue-

339 2784 436 2824 runt,
456 2789 578 2812 rursus
595 2774 747 2812 inductae
762 2785 845 2813 sunt
864 2786 996 2827 gentes.
1022 2781 1069 2816 At
1087 2793 1155 2817 non
1172 2781 1231 2819 hic
1247 2795 1329 2832 gra-

339 2835 426 2872 dum
448 2835 552 2881 sistit,
573 2849 685 2885 neque
700 2835 744 2872 ad
764 2836 845 2874 illos
860 2837 1050 2888 ejiciendos
1075 2841 1218 2879 omnino
1240 2857 1327 2881 vcr—

339 2895 449 2945 titur3
474 2895 537 2933 sed
557 2895 603 2932 ad
623 2895 904 2934 misericordiam
931 2913 1074 2937 rursum
1106 2916 1238 2953 pronus
1265 2913 1325 2942 est.

339 2955 435 2994 Vide
465 2965 636 3006 quantum
667 2956 816 2994 ethnicis
840 2958 996 3006 tribuat,
1017 2974 1142 3011 nempe
1172 2971 1324 3014 tantum,

340 3026 513 3066 quantum
542 3015 677 3056 Judaeis
703 3026 805 3055 antea
835 3017 995 3057 dederat.
1027 3021 1122 3068 Quia
1143 3023 1237 3061 enim
1262 3039 1326 3063 vos

339 3077 426 3115 olim
455 3077 586 3115 ethnici
612 3092 682 3115 non
702 3078 992 3130 obtemperastis,
1010 3081 1146 3131 inquit,
1175 3098 1327 3123 accesse-

340 3147 423 3175 runt
440 3138 557 3177 Judaei
574 3153 581 3174 τ
601 3153 724 3176 rursus
744 3139 827 3189 quia
846 3139 884 3177 hi
904 3154 973 3178 non
1003 3142 1242 3195 crediderunt,
1264 3161 1326 3185 vos

340 3198 545 3236 accessistis.
561 3199 682 3248 Neque
694 3208 810 3236 tamen
828 3199 874 3237 ad
892 3200 1000 3239 finem
1015 3216 1126 3253 usque
1140 3205 1325 3256 peribunt:

344 3259 374 3294 C
377 3259 540 3296 onclusit
554 3261 655 3295 enim
671 3260 777 3296 Deus
793 3273 922 3298 omnes
939 3263 981 3298 in
993 3264 1321 3315 incredulitatem,

341 3317 380 3354 id
397 3326 461 3366 est7
472 3318 630 3369 coarguit
648 3328 681 3356 ct
697 3319 851 3357 ostendit
870 3320 1070 3361 incredulos
1086 3338 1182 3374 esse;
1201 3340 1270 3364 non
1288 3337 1326 3365 ut

343 3378 516 3415 increduli
545 3389 735 3427 manerent,
757 3380 816 3418 sed
842 3391 880 3419 ut
906 3382 970 3420 hos
992 3398 1055 3435 per
1074 3385 1232 3436 illorum,
1246 3389 1325 3427 illos

344 3438 549 3490 perborum
584 3440 838 3480 contentionem
867 3455 1031 3484 servaret.
1063 3447 1243 3499 Perpende
1263 3465 1324 3489 au-

1340 269 1529 301 ARCHIEP
1539 291 1547 300 .
1589 272 1673 302 CON
1681 272 1946 303 STANTtNOP.

1389 354 1553 404 θύσωσιν,
1573 357 1637 409 οὐχ
1650 357 1731 394 ὅταν
1748 357 1791 395 τὰ
1807 358 1898 395 ἄλλα
1912 358 2046 409 νόμιμα
2065 363 2224 407 ποιῶσιν,
2239 360 2314 398 ἀλλ’
2335 359 2414 397 ὅταν

1398 415 1662 467 ἁμαρτημάτων
1696 417 1851 469 ἀφέσεως
1887 418 2054 469 τύχωσιν.
2089 422 2134 457 Εἰ
2169 419 2281 456 τοίνυν
2316 422 2417 456 τοῦτο

1398 475 1629 527 ἐπήγγελται,
1648 477 1766 528 γέγονε
1795 477 1831 515 δὲ
1859 479 1913 516 ἐπ’
1932 480 2043 516 αὐτῶν
2067 479 2219 526 οὐδέπω,
2235 478 2311 518 οὐδὲ
2329 478 2419 525 ἀπή-

1397 536 1528 574 λαυσαν
1549 539 1611 582 τῆς
1640 537 1697 575 διὰ
1725 542 1784 576 τοῦ
1814 538 2058 589 βαπτίσματος
2082 540 2234 591 ἀφέσεως
2249 570 2258 587 ,
2279 538 2418 581 πάντως

1397 594 1495 633 ἔσται
1510 612 1517 620 ·
1539 597 1590 635 διὸ
1608 597 1666 635 καὶ
1690 598 1878 649 ἐπήγαγεν·
1907 598 2175 649 Ἀμεταμέλητα
2193 599 2260 652 γὰρ
2284 598 2328 636 τὰ
2353 614 2419 650 χα-

1399 655 1552 706 ρίσματα
1569 657 1628 695 καὶ
1643 661 1664 704 ἡ
1685 660 1808 704 κλῆσις
1824 663 1883 696 τοῦ
1899 660 2003 697 Θεοῦ.
2020 658 2089 697 Καὶ
2102 658 2178 697 οὐδὲ
2190 659 2300 711 τούτῳ
2317 659 2419 709 μόνον

1398 716 1520 759 αὐτοὺς
1536 722 1814 769 παραμυθεῖται,
1835 718 1926 757 ἀλλὰ
1946 718 2004 756 καὶ
2018 721 2068 770 τῷ
2084 718 2151 765 ἤδη
2168 718 2419 769 συμὸεὸηκότι·

1397 777 1456 814 καὶ
1476 777 1560 829 ὅπερ
1578 778 1611 822 ἐξ
1631 779 1832 822 ἀκολουθίας
1851 778 1976 826 συνέέη
1992 809 2002 826 ,
2021 783 2121 816 τοῦτο
2137 782 2183 822 ὣς
2204 779 2422 831 προηγούμε-

1397 852 1452 875 νον
1472 837 1623 886 τίθησιν,
1658 837 1748 877 οὕτω
1778 840 1888 890 λέγων
1900 855 1908 862 ·
1939 839 2040 878 Κατὰ
2063 839 2124 890 μὲν
2155 840 2193 878 τὸ
2223 840 2419 891 εὐαγγέλιον

1398 900 1515 952 ἐχθροὶ
1536 899 1580 937 δι’
1597 903 1703 950 ὑμᾶς,
1720 899 1812 938 κατὰ
1843 900 1879 939 δὲ
1906 901 1968 947 τὴν
1999 900 2145 951 ἐκλογὴν
2167 901 2342 951 ἀγαπητοὶ
2363 901 2420 939 διὰ

1395 959 1474 1003 τοὺς
1493 960 1657 1012 πατέρας.
1671 961 1747 999 Ἵνα
1761 960 1828 1013 γὰρ
1846 960 1894 1011 μὴ
1912 968 2064 1013 φυσᾶται
2080 966 2097 1000 ὁ
2113 961 2145 1005 ἐξ
2162 964 2280 1008 ἐθνῶν,
2291 962 2418 1012 λέγων,

1396 1021 1463 1072 ἐγὼ
1495 1020 1649 1069 ἕστηκα,
1675 1022 1723 1072 μή
1755 1038 1813 1072 μοι
1833 1021 1934 1073 λέγε,
1957 1021 1992 1059 τί
2013 1021 2053 1058 ἂν
2073 1022 2229 1072 ε’γένε-ο,
2266 1021 2355 1060 ἀλλὰ
2386 1022 2421 1059 τί

1395 1081 1532 1133 γέγονε,
1553 1081 1612 1119 καὶ
1629 1085 1782 1120 ἐντεῦθεν
1812 1083 1912 1121 αὐτὸν
1929 1082 2158 1121 καταστέλλει
2177 1082 2300 1133 λέγων,
2318 1082 2420 1120 Κατὰ

1398 1141 1459 1191 μὲν
1477 1143 1517 1181 τὸ
1531 1143 1729 1194 εὐαγγέλιον
1751 1143 1868 1194 ἐχθροὶ
1884 1144 1926 1180 δι’
1943 1146 2043 1193 ὑμᾶς.
2061 1143 2207 1189 Ἐπειδὴ
2227 1143 2294 1194 γὰρ
2323 1146 2420 1193 ὑμεῖς

1397 1202 1581 1251 ἐκλήθητε,
1597 1203 1862 1256 φιλονεικότεροι
1883 1204 2062 1255 γεγόνασιν
2081 1206 2217 1241 ἐκεῖνοι.

1452 1574 1542 1613 Ἀλλ’
1563 1573 1663 1625 ’ὅμως
1682 1576 1699 1612 ὁ
1723 1574 1811 1617 Θεὸς
1830 1573 1907 1613 οὐδὲ
1930 1574 2037 1618 οὕτως
2059 1575 2223 1627 ἀνέκοψεν
2242 1578 2338 1626 ὑμῶν
2356 1575 2420 1621 τήν

1397 1637 1535 1683 κλῆσιν,
1551 1637 1627 1674 ἀλλ’
1647 1636 1811 1686 ἀναμένει
1828 1636 1960 1678 πάντας
1972 1635 2050 1679 τοὺς
2063 1636 2096 1680 ἐξ
2109 1639 2213 1674 ἐθνῶν
2232 1637 2420 1686 μέλλοντας

1397 1695 1571 1734 πιστεύειν
1595 1698 1771 1744 εἰσελθεῖν,
1793 1697 1852 1734 καὶ
1877 1697 1955 1734 τότε
1975 1699 2128 1734 κάκεῖνοι
2148 1697 2299 1743 ἥξουσιν.
2333 1691 2423 1735 Εἶτα

1396 1757 1578 1810 χαρίζεται
1598 1757 1656 1794 καὶ
1677 1758 1796 1810 ἑτέραν
1819 1756 1896 1794 τινὰ
1915 1757 2018 1809 χάριν
2040 1759 2154 1800 αὐτοῖς
2169 1757 2280 1808 λέγων
2293 1773 2300 1780 ·
2323 1757 2424 1795 Κατὰ

1397 1818 1432 1857 δὲ
1463 1818 1526 1865 τὴν
1558 1817 1703 1868 ἐκλογὴν
1730 1818 1905 1869 ἀγαπητοὶ
1925 1818 1980 1856 διὰ
2002 1817 2080 1861 τοὺς
2097 1818 2262 1870 πατέρας.
2300 1818 2370 1856 Καὶ
2390 1817 2425 1855 τί

1396 1883 1517 1926 τοῦτο,
1537 1878 1649 1916 Ἔνθα
1670 1877 1732 1928 μὲν
1754 1878 1822 1931 γὰρ
1839 1879 1972 1930 ἐχθροὶ,
1989 1883 2010 1925 ἡ
2028 1879 2171 1922 κολασις
2186 1881 2298 1916 αὐτῶν
2313 1894 2321 1902 ·
2342 1879 2422 1916 ἔνθα

1399 1939 1433 1978 δὲ
1448 1939 1635 1991 ἀγαπητοὶ,
1650 1938 1744 1977 οὐδὲν
1757 1942 1841 1990 πρὸς
1856 1938 1976 1982 αὐτοὺς
1988 1942 2009 1985 ἦ
2024 1943 2092 1977 τῶν
2107 1940 2285 1991 προγόνων
2303 1939 2422 1992 ἀρετὴ,

1398 2000 1456 2039 ἐὰν
1471 2000 1519 2051 μὴ
1536 2000 1780 2038 πιστεύσωσιν.
1797 1999 1890 2037 Ἀλλ’
1905 2000 2012 2051 ὅμως,
2029 2000 2113 2052 ὅπερ
2129 2001 2232 2052 ἔφθην
2251 1999 2369 2048 εἰπὼν,
2384 2003 2422 2037 οὗ

1397 2061 1545 2099 παύεται
1561 2061 1710 2112 ῥήμασιν
1724 2059 1846 2103 αὐτοὺς
1861 2060 2188 2112 παραμυθούμενος,
2210 2060 2266 2098 ἵνα
2279 2060 2422 2112 ἐφελκύ-

1399 2138 1514 2169 σηται.
1536 2122 1599 2160 Διὸ
1617 2121 1676 2159 καὶ
1696 2121 1860 2172 ἑτέρωθεν
1882 2122 2151 2165 κατασκευάζων
2170 2122 2209 2160 τὸ
2229 2121 2421 2174 ἔμπροσθεν

1398 2182 1717 2235 εἷρημένον,φησίν·
1729 2183 1870 2235 (Ὠσπερ
1890 2183 1956 2234 γὰρ
1977 2183 2036 2220 καὶ
2053 2186 2149 2233 ὑμεῖς
2167 2199 2252 2220 ποτε
2267 2182 2418 2228 ἠπειθή-

1399 2259 1481 2281 σατε
1504 2247 1554 2295 τῷ
1576 2246 1677 2295 Θεῷ,
1697 2244 1769 2280 νυνὶ
1786 2243 1821 2280 δὲ
1838 2243 2010 2289 ἠλεήθητε
2029 2245 2072 2293 τῇ
2092 2243 2222 2281 τούτων
2241 2242 2398 2293 ἀπειθείᾳ
2412 2258 2419 2265 ·

1398 2305 1488 2342 οὕτω
1507 2303 1566 2342 καὶ
1582 2298 1674 2342 οὑτοι
1692 2307 1750 2340 νῦν
1768 2302 1962 2349 ἠπείθησαν
1984 2306 2033 2355 τῷ
2053 2304 2208 2355 ὑμετέρῳ
2234 2303 2340 2350 ἐλέει,
2363 2302 2419 2340 ἵνα

1397 2365 1457 2403 καὶ
1488 2364 1584 2402 αὐτοὶ
1614 2366 1792 2410 ε’λεηθῶσι.
1823 2363 2028 2401 Συνέκλεισε
2058 2363 2125 2414 γὰρ
2149 2363 2226 2407 τοὺς
2247 2363 2380 2406 πάντας
2400 2366 2417 2400 ὁ

1398 2425 1488 2468 Θεὸς
1507 2428 1552 2468 εἰς
1574 2424 1762 2471 ἀπείθειαν,
1777 2423 1833 2461 ἵνα
1849 2423 1926 2466 τοὺς
1944 2423 2078 2467 πάντας
2100 2424 2238 2475 ἐλεήσῃ.
2272 2424 2417 2461 Δείκνυ-

1398 2501 1450 2523 σιν
1471 2487 1617 2523 ἐνταῦθα
1637 2484 1714 2528 τοὺς
1733 2484 1766 2529 ἐξ
1782 2487 1886 2522 ἐθνῶν
1903 2484 2069 2537 πρότερον
2084 2485 2329 2534 κεκλημένους,
2343 2479 2418 2522 εἶτα

1397 2546 1517 2594 ἐπειδὴ
1533 2548 1595 2584 οὐκ
1609 2546 1797 2593 ἠθέλησαν,
1809 2545 1886 2589 τοὺς
1906 2545 2094 2589 Ἰουδαίους
2110 2545 2312 2597 ἐκλεγέντας
2325 2575 2334 2593 ,
2358 2547 2417 2587 καὶ

1396 2609 1436 2647 τὸ
1461 2609 1543 2646 αὐτὸ
1571 2608 1675 2646 πάλιν
1701 2607 1839 2656 συμὲὰν
1859 2607 1949 2658 μετὰ
1971 2611 2100 2645 ταῦτα·
2128 2607 2246 2655 ἐπειδὴ
2267 2608 2334 2659 γὰρ
2356 2609 2418 2646 οὐκ

1397 2668 1571 2716 ἠθέλησαν
1600 2669 1632 2705 οἳ
1661 2667 1821 2706 Ἰουδαῖοι
1845 2670 2064 2712 πιστεῦσαι,
2094 2668 2199 2706 πάλιν
2232 2669 2416 2720 προσήχθη

1397 2729 1441 2768 τὰ
1458 2730 1549 2775 ἔθνη.
1579 2729 1671 2767 Ἀλλ’
1691 2731 1728 2767 οὗ
1748 2728 1853 2781 μέχρι
1872 2728 1991 2767 τούτου
2009 2728 2171 2777 ἵσταται,
2191 2729 2266 2767 οὐδὲ
2289 2732 2335 2772 εἷς
2354 2729 2417 2777 τὴν

1398 2789 1546 2835 ἕκὸολὴν
1572 2791 1685 2827 αὐτῶν
1709 2788 1943 2841 καταστρέφει
1975 2789 2014 2826 τὺ
2038 2796 2120 2837 πᾶν,
2143 2791 2218 2828 ἀλλ’
2238 2791 2284 2833 εἷς
2304 2789 2342 2828 τὸ
2358 2790 2417 2827 καὶ

1398 2856 1520 2900 αὐτοὺς
1547 2858 1731 2902 ε’λεηθῆναι
1759 2856 1878 2893 πάλιν.
1910 2854 2006 2907 ςὈρα
2026 2855 2131 2894 πόσον
2159 2856 2279 2894 δίδωσι
2299 2861 2369 2899 τοῖς
2385 2856 2417 2901 ἐξ

1398 2926 1519 2961 ἐθνῶν·
1548 2923 1625 2962 ὅσον
1657 2922 1850 2973 ἔμπροσθεν
1868 2928 1939 2963 τοῖς
1959 2921 2149 2965 Ἰουδαίοις.
2182 2921 2329 2969 Ἐπειδὴ
2349 2921 2417 2975 γὰρ

1396 2994 1496 3041 ὑμεῖς
1515 2989 1749 3036 ἠπειθήσατε,
1766 2989 1882 3040 φησὶν,
1904 2991 1934 3026 οἱ
1950 2988 1984 3032 ἐξ
2001 2990 2104 3026 ἐθνῶν
2125 3005 2209 3027 ποτε
2227 3019 2236 3036 ,
2264 2991 2418 3041 προσῆλ-

1398 3062 1453 3097 θον
1468 3059 1499 3095 οἳ
1514 3058 1687 3095 Ἰουδαῖοι·
1707 3056 1812 3093 πάλιν
1834 3055 1952 3101 ἐπειδὴ
1972 3049 2064 3093 οὑτοι
2080 3055 2288 3102 ἠπείθησαν,
2305 3071 2417 3108 προσ-

1397 3126 1521 3172 ήλθετε
1548 3127 1657 3173 ὑμεῖς.
1694 3123 1747 3159 Οὐ
1769 3120 1836 3171 μὴν
1863 3123 1908 3164 εἷς
1927 3121 2023 3164 τέλος
2044 3123 2274 3160 ἀπολοῦνται·
2308 3123 2419 3160 Συνέ-

1397 3193 1514 3229 κλεισε
1532 3189 1599 3242 γὰρ
1617 3187 1697 3231 τοὺς
1717 3187 1848 3231 πάντας
1869 3189 1916 3230 εἷς
1937 3187 2114 3225 ἀπείθειαν
2134 3191 2150 3226 ὁ
2168 3188 2275 3232 Θεός·
2300 3189 2416 3227 τουτέ-

1397 3275 1487 3307 στιν,
1506 3255 1660 3307 ἤλεγξεν,
1680 3253 1856 3297 ἀπέδειξεν
1875 3255 2119 3300 ἀπειθοῦντας,
2139 3257 2202 3306 οὖχ
2217 3254 2273 3292 ἵνα
2288 3255 2418 3305 μείνω-

1399 3340 1451 3361 σιν
1470 3324 1700 3367 ἀπειθοῦντες,
1726 3320 1802 3357 ἀλλ’
1822 3317 1878 3357 ἵνα
1893 3318 1970 3362 τοὺς
1988 3319 2123 3371 ἑτέρους
2142 3319 2197 3357 διὰ
2212 3323 2273 3365 τῆς
2293 3320 2416 3372 ἑτέρων

1400 3390 1495 3439 σώσῃ
1520 3385 1727 3440 φιλονεικίας
1740 3416 1749 3433 ,
1776 3384 1912 3428 τούτους
1932 3386 1974 3422 δι’
1994 3385 2146 3433 ἐκείνων,
2165 3386 2342 3429 κάκείνους
2360 3386 2417 3423 διὰ

1399 3454 1540 3494 τούτων.
1572 3452 1702 3493 Σκόπει
1719 3451 1769 3490 δέ·
1787 3450 2000 3498 ἠπειθήσατε
2017 3452 2127 3502 ὑμεῖς,
2146 3452 2204 3490 καὶ
2221 3446 2416 3503 οὑτοιζέσώ-
