2502 3810
725 257 768 286 IN
806 256 946 286 EPlST.

77 347 219 383 γοντας,
239 332 286 370 Τί
314 333 504 384 ποιήσομεν
538 341 607 378 τοῖς
639 335 832 389 ἀνθρώποις
861 336 1013 385 τούτοις,
1043 336 1095 375 Τὸ

76 392 144 444 γὰρ
179 392 218 440 δὴ
240 393 438 443 θαυμαστὸν
457 394 557 432 τοῦτο’
576 397 680 442 ἐστιν,
712 396 766 434 ὅτι
797 397 1003 449 κατέχοντες
1029 400 1093 436 αὖ·

76 453 176 500 τοὺς,
201 453 260 491 καὶ
294 454 499 498 ὑπευθύνους
533 455 689 507 ἔχοντες,
715 457 774 495 καὶ
809 459 1012 507 δεσμοῦντες
1035 458 1094 495 καὶ

76 513 281 558 κόπτοντες,
301 514 451 565 ἠπόρουν
469 515 527 553 καὶ
544 519 576 553 ἐν
601 518 783 571 ἀμηχανίᾳ
799 511 899 565 ἦσαν,
916 518 959 554 δι’
981 519 1094 555 αὐτῶν

75 574 204 613 τούτων
218 575 412 625 ἡττώμενοι
423 605 431 621 ,
449 577 491 614 δι’
506 572 553 614 ὧν
567 578 786 630 προσεδόκων
805 585 914 629 νικᾷν.
931 578 1000 615 Καὶ
1017 578 1094 616 οὔτε

74 634 237 686 τύραννος
251 665 260 681 ,
291 635 367 673 οὔτε
400 636 538 687 δήμιοι,
578 638 654 675 οὔτε
687 638 858 688 δαιμόνων
895 637 1068 689 φάλαγγες
1084 669 1093 686 ,

74 694 153 732 οὔτε
182 696 283 739 αὐτὸς
305 699 322 734 ὃ
341 697 499 740 διάὸολος
527 697 766 750 περιγενέσθαι
797 700 911 735 αὐτῶν
941 697 1094 750 ἴσχυσεν,

75 758 152 795 ἀλλ’
182 760 221 796 ἐκ
247 759 378 804 πολλῆς
406 758 556 802 ἅπαντες
591 761 748 805 ἡττῶντο
779 762 841 805 τ’ἧς
868 759 1091 810 περιουσίας,

75 819 166 872 ὅπερ
185 822 263 857 κατ’
299 821 411 857 αὐτῶν
440 822 689 872 ἐμηχανῶντο,
721 820 837 857 πάντα
862 819 949 872 ὑπὲρ
979 822 1093 857 αὐτῶν

74 883 219 932 ὁρῶντες
250 880 426 931 γινόμενα.
463 881 526 918 Διὸ
558 881 617 918 καὶ
651 881 780 932 ἔλεγεν,
812 879 1090 932 εΥπερνικῶμεν.

75 941 202 984 Καινὸς
223 940 290 993 γὰρ
315 935 412 984 οὗτος
436 945 453 978 ὃ
472 939 574 991 νόμος
593 943 655 986 τῆς
681 941 780 986 νίκης
808 934 866 985 ἦν,
889 939 928 976 τὸ
948 938 1003 976 διὰ
1026 940 1094 975 τῶν

75 1000 237 1037 ἐναντίων
256 1006 407 1052 κρατεῖν,
431 1000 491 1037 καὶ
520 1000 694 1050 μηδέποτε
722 1003 912 1046 ἡττᾶσθαι,
943 999 1020 1036 ἀλλ’
1049 1000 1095 1040 ὡς

75 1059 196 1102 αὐτοὺς
214 1060 314 1101 ὄντας
331 1059 466 1110 κυρίους
486 1064 545 1096 τοῦ
563 1059 697 1108 τέλους,
713 1059 820 1102 οὕτως
839 1058 897 1097 ἐπὶ
914 1057 991 1101 τοὺς
1004 1060 1095 1104 ἀγῶ-

72 1133 133 1161 νας
151 1118 274 1162 ἐξιέναι
290 1118 440 1160 τούτους.
460 1119 665 1169 Πέπεισμαι
679 1119 745 1171 γὰρ
757 1149 766 1166 ,
784 1119 836 1157 ὅτι
857 1118 935 1157 οὔτε
952 1118 1095 1161 Θάνατος

73 1178 150 1216 οὔτε
166 1177 235 1224 ζωὴ
251 1178 328 1216 οὔτε
345 1179 484 1230 ἄγγελοι
498 1178 575 1216 οὔτε
589 1179 694 1231 ἀρχαὶ
715 1179 792 1217 οὔτε
823 1178 1000 1229 δυνάμεις,
1019 1179 1095 1217 οὔτε

73 1240 246 1277 ἐνεστῶτα
264 1239 340 1277 οὔτε
357 1239 539 1290 μέλλοντα,
553 1241 629 1279 οὔτε
649 1241 777 1292 ὕψωμα
793 1240 868 1279 οὔτε
889 1240 1003 1291 βάθος,
1018 1240 1096 1277 οὔτε

72 1316 125 1344 τις
143 1299 255 1344 κτίσις
287 1299 389 1352 ἑτέρα
423 1300 716 1352 δυνήσεται-ἡμᾶς
747 1301 901 1354 χωρίσαι
937 1301 1005 1339 ἀπὸ
1034 1304 1096 1348 τῆς

75 1361 216 1411 ἀγάπης
237 1364 295 1399 τοῦ
313 1362 406 1399 Θεοῦ
442 1364 504 1407 τῆς
537 1363 571 1399 ἐν
606 1363 750 1414 Χριστῷ
770 1363 886 1409 Ἰησοῦ
905 1364 954 1413 τῷ
976 1361 1094 1414 Κυρίῳ

72 1425 186 1472 ἡμῶν.

127 1480 275 1530 Μεγάλα
293 1480 336 1519 τὰ
359 1481 524 1533 εἰρημένα
537 1497 544 1504 ·
565 1483 640 1520 ἀλλ’
663 1483 725 1520 οὐκ
744 1483 843 1533 ἴσμεν
865 1483 972 1530 αὐτὰ,
995 1485 1094 1521 ἐπει-

72 1540 114 1588 δὴ
138 1542 309 1588 τοσαύτην
341 1543 480 1594 ἀγάπην
501 1546 561 1581 οὐκ
582 1542 720 1595 ἔχομεν.
737 1543 827 1581 Ἀλλ’
855 1542 949 1594 ὅμως
978 1545 1008 1581 εἷ
1034 1543 1094 1580 καὶ

74 1601 234 1654 μεγάλα,
257 1602 364 1646 δεῖξαι
381 1603 586 1654 βουλόμενος
602 1603 695 1641 οὐδὲν
718 1604 800 1641 ὄντα
820 1604 903 1655 πρὸς
923 1604 986 1650 τὴν
1008 1603 1094 1655 ἀγά-

73 1679 157 1711 πην,
176 1663 217 1709 ἣν
234 1664 400 1714 ἠγαπήθη
423 1664 520 1715 παρὰ
539 1668 598 1702 τοῦ
628 1666 718 1703 Θεοῦ
733 1695 742 1712 ,
763 1666 838 1715 μετ’
859 1664 991 1711 ἐκείνην
1015 1665 1093 1704 τότε

72 1723 136 1771 τὴν
159 1726 262 1762 αὐτοῦ
295 1724 443 1771 τίθησιν,
463 1724 519 1762 ἵνα
539 1724 587 1775 μὴ
609 1724 688 1775 δόξῃ
718 1725 854 1777 μεγάλα
881 1725 993 1777 λέγειν
1013 1725 1093 1778 περὶ

72 1789 207 1826 ἑαυτοῦ.
228 1786 277 1825 Ὃ
301 1787 336 1825 δὲ
355 1788 466 1838 λέγει,
486 1787 638 1826 τοιοῦτόν
664 1791 758 1826 ἐστι·
780 1787 815 1826 τί
834 1789 903 1836 δεῖ,
921 1789 1028 1841 φησὶ,
1050 1789 1094 1828 τὰ

73 1848 232 1900 παρόντα
252 1848 378 1899 λέγειν,
397 1848 456 1886 καὶ
475 1847 519 1885 τὰ
545 1852 593 1901 τῷ
625 1848 688 1900 βίῳ
710 1849 821 1901 τούτῳ
848 1851 1095 1902 συγκεκληρω-

75 1907 165 1958 μένα
184 1908 298 1955 δεινά,
322 1909 394 1947 Κᾶν
413 1908 481 1960 γὰρ
501 1909 543 1947 τὰ
564 1908 735 1959 μέλλοντα
755 1909 835 1961 εἴπῃ
860 1926 911 1954 τις
929 1910 1094 1961 πράγμα-

73 1985 135 2016 τα,
147 1968 211 2007 κᾶν
227 1970 388 2020 δυνάμεις
400 2001 408 2017 ,
423 1969 615 2022 πράγματα
629 1969 689 2020 μὲν
702 1973 747 2013 ὡς
761 1970 904 2008 θάνατον
918 1971 977 2008 καὶ
991 1970 1094 2017 ζωὴν,

76 2029 238 2079 δυνάμεις
254 2030 289 2068 δὲ
307 2033 352 2073 ὡς
368 2030 533 2081 ἀγγέλους
550 2030 609 2067 καὶ
624 2029 862 2082 ἀρχαγγέλους
873 2061 882 2078 ,
902 2031 961 2069 καὶ
979 2038 1096 2070 πᾶσαν

74 2090 137 2138 τὴν
153 2091 224 2129 ἅνω
239 2091 362 2139 κτίσιν,
376 2092 433 2129 καὶ
447 2094 557 2128 ταῦτα
567 2091 645 2140 ἐμοὶ
661 2085 769 2143 μικρὰ
783 2092 868 2143 πρὸς
881 2092 944 2138 τὴν
956 2092 1097 2143 ἀγάπην

73 2156 133 2190 τοῦ
151 2153 317 2204 Χριστοῦ.
330 2152 421 2190 Οὔτε
433 2151 512 2204 γὰρ,
532 2154 561 2189 εἷ
576 2152 719 2189 θάνατόν
731 2169 782 2195 τις
796 2153 933 2198 ἠπείλει
946 2153 1003 2191 τὸν
1014 2153 1098 2203 μέλ-

74 2214 177 2251 λοντα
194 2213 250 2251 τὸν
272 2212 454 2260 ἀθάνατον,
469 2211 559 2250 ὥστε
578 2212 646 2250 ἀπὸ
664 2216 724 2250 τοῦ
742 2214 894 2264 Χριστοῦ
914 2214 1097 2266 *χωρίσαῃ

73 2273 153 2312 οὔτε
171 2277 200 2312 εἰ
221 2273 310 2319 ζωὴν
331 2273 562 2324 ἐπηγγείλατο
589 2273 652 2320 τὴν
672 2273 825 2326 ἄπειρον,
855 2274 1096 2325 κατεδεξάμην

74 2334 129 2372 ἄν.
150 2334 197 2372 Τί
218 2336 266 2372 δεῖ
286 2334 398 2385 λέγειν
420 2334 574 2384 βασιλεῖς
600 2333 677 2377 τοὺς
706 2334 803 2372 κάτω
833 2335 890 2373 καὶ
920 2335 1094 2382 ὑπάτους,

73 2394 131 2432 τὸν
150 2396 242 2433 δεῖνα
261 2395 319 2432 καὶ
339 2395 396 2432 τὸν
417 2395 530 2441 δεῖνα,
546 2393 620 2432 Κᾶν
637 2393 705 2447 γὰρ
721 2394 886 2446 ἀγγέλους
903 2412 960 2446 μοι
977 2395 1095 2448 εἴπῃς,

73 2454 137 2492 κᾶν
159 2455 274 2497 πάσας
293 2454 354 2498 τὰς
373 2454 443 2492 ἄνω
475 2454 657 2505 δυνάμεις,
680 2454 743 2493 κᾶν
773 2456 888 2495 πάντα
917 2456 961 2495 τὰ
992 2456 1092 2504 ὄντα,

72 2514 136 2551 κᾶν
164 2514 278 2552 πάντα
297 2514 341 2554 τὰ
363 2516 534 2566 μέλλοντα
548 2545 557 2563 ,
578 2516 693 2554 πάντα
716 2517 794 2567 ἐμοὶ
817 2515 926 2569 μικρὰ
941 2547 950 2565 ,
970 2518 1028 2555 καὶ
1050 2517 1093 2555 τὰ

71 2576 106 2612 ἐν
127 2579 168 2627 τῇ
185 2579 248 2626 γῇ,
272 2576 330 2614 καὶ
349 2576 393 2614 τὰ
418 2579 452 2614 ἐν
485 2581 555 2619 τοῖς
575 2579 731 2629 οὐρανοῖς
745 2608 754 2623 ,
775 2578 834 2616 καὶ
854 2577 897 2616 τὰ
916 2578 983 2615 ὑπὸ
1014 2580 1092 2629 γῆν,

71 2636 131 2673 καὶ
149 2636 192 2674 τὰ
215 2636 300 2688 ὑπὲρ
319 2636 503 2689 οὐρανοὺς,
533 2636 618 2688 πρὸς
637 2638 675 2676 τὸ
701 2638 840 2690 φίλτρον
861 2640 982 2676 ἐκεῖνο.
1003 2633 1093 2676 Εἶτα

69 2700 117 2740 ὡς
137 2700 199 2735 οὐκ
220 2697 413 2749 ἀρκούντων
440 2697 571 2735 τούτων
595 2701 822 2750 παραστῆσαι
841 2699 898 2737 τὸν
919 2699 1036 2747 πόθον,
1055 2699 1092 2738 ὃν

68 2752 174 2810 εἶχεν,
206 2758 309 2810 ἕτερα
340 2759 444 2797 πάλιν
474 2764 626 2798 τοσαῦτα
661 2761 945 2811 ὑποστησάμενος
973 2762 1090 2813 φησὶν,

70 2819 162 2857 Οὔτε
179 2835 230 2862 τις
248 2819 359 2863 κτίσις
381 2819 494 2871 ἑτέρα.
517 2820 566 2858 ιὈ
587 2820 622 2858 δὲ
642 2819 756 2871 λέγει,
786 2823 940 2859 τοιοῦτόν
970 2825 1061 2861 ἐστιν
1081 2838 1087 2845 ·

68 2881 98 2917 εἷ
132 2879 192 2918 καὶ
229 2880 318 2926 ἄλλη
345 2879 497 2928 τοσαύτη
538 2880 649 2925 κτίσις
685 2877 740 2929 ἦν,
768 2881 830 2929 ὅση
852 2885 873 2929 ἡ
899 2883 1058 2935 ὁρωμένη
1076 2913 1085 2931 ,

67 2939 131 2988 ὅση
167 2945 188 2988 ἡ
220 2941 349 2989 νοητὴ,
383 2941 478 2980 οὐδὲν
514 2941 554 2979 ἄν
598 2958 640 2993 με
678 2946 742 2989 τῆς
775 2943 914 2994 ἀγάπης
955 2943 1086 2991 ἐκείνης

46 3001 256 3047 -ἀπέστησε,
286 3003 410 3040 Ταῦτα
445 3003 482 3040 δὲ
518 3003 648 3056 ἔλεγεν,
680 3006 745 3056 οὐχ
763 3006 809 3048 ὡς
842 3008 911 3043 τῶν
932 3005 1087 3056 ἀγγέλων

66 3066 195 3099 ’τοῦτο
227 3063 507 3115 ἐπιχειρούντων,
527 3063 549 3110 ἢ
569 3068 637 3103 τῶν
671 3066 787 3103 ἄλλων
820 3066 1010 3117 δυνάμεων,
1038 3065 1086 3117 μὴ

68 3121 222 3173 γένοιτο,
242 3123 331 3161 ἀλλὰ
352 3127 424 3172 μεθ’
461 3126 655 3178 ὑπερὸολῆς
674 3127 813 3174 ἁπάσης
833 3128 872 3166 τὸ
894 3127 1046 3179 φίλτρον,
1072 3128 1090 3167 ὃ

69 3181 154 3232 πρὸς
171 3182 226 3219 τὸν
246 3183 397 3234 Χριστὸν
418 3178 491 3236 εἶχε
504 3213 513 3230 ,
530 3186 695 3230 ἐπιδεῖξαι
714 3188 932 3239 βουλόμενος.
952 3190 1005 3226 Οὐ
1024 3189 1090 3240 γὰρ

68 3241 126 3279 τὸν
143 3242 293 3293 Χριστὸν
310 3243 419 3294 ἐφίλει
439 3245 495 3283 διὰ
509 3245 554 3284 τὰ
573 3252 632 3286 τοῦ
651 3249 803 3301 Χριστοῦ
817 3279 827 3297 ,
856 3249 946 3288 ἀλλὰ
967 3250 1009 3287 δι’
1032 3252 1089 3288 αὖ·

114 3367 124 3377 '
148 3363 207 3408 [Α.
222 3372 254 3397 et
270 3375 374 3407 marg.
389 3366 489 3400 Savil.
509 3374 697 3408 ulmetium-l

284 3449 376 3473 TOM.
411 3451 462 3474 tx.

988 257 1046 286 AD
1082 256 1190 286 ROM.

2052 245 2144 292 063

1166 351 1246 375 cum
1262 352 1320 377 eos
1342 339 1538 378 detinerent
1556 354 1596 378 ac
1620 355 1695 379 reos
1714 341 1897 390 haberent,
1920 341 2146 392 dubitabant,

1164 410 1197 438 et
1214 401 1303 451 quid
1321 402 1458 440 consilii
1470 413 1634 456 caperent
1650 418 1718 443 non
1733 405 1922 454 habebant,
1940 405 1984 443 ab
2003 405 2046 443 iis
2061 405 2147 457 ipsis

1164 461 1414 513 victi7perquae
1425 478 1461 501 se
1468 474 1693 516 superaturos
1706 467 1959 518 sperabant.Ac
1967 481 2080 517 neque
2092 476 2147 518 ty-

1105 544 1152 568 500
1165 536 1311 572 rannus,
1322 537 1433 574 neque
1446 525 1641 575 carnifices,
1652 541 1765 578 neque
1776 527 1979 565 daemonum
1989 527 2146 579 phalan—

1116 581 1141 609 Α
1166 597 1352 635 ges,neque
1365 586 1439 638 ipse
1449 587 1612 626 diabolus
1620 603 1786 641 superare
1800 590 1879 628 illos
1890 590 2020 642 potuit7
2032 589 2093 627 sed
2103 589 2148 626 il-

1166 645 1191 682 li
1209 659 1290 684 cum
1314 657 1484 698 potestate
1515 658 1549 686 et
1568 650 1604 687 vi
1620 664 1749 700 magna
1781 652 2052 703 superabantur,
2070 665 2148 701 quae

1166 714 1286 743 contra
1317 707 1397 745 illos
1419 708 1730 759 machinabantur,
1766 725 1830 762 pro
1853 711 1925 749 illis
1953 711 2075 749 cedere
2094 711 2150 749 vi-

1166 764 1300 804 dentes.
1322 766 1406 804 Ideo
1426 768 1579 817 dicebat,
1597 770 1816 821 Plusquam
1832 785 2067 822 superamus.
2080 773 2151 809 No—

1166 838 1211 861 va
1238 826 1334 863 enim
1363 827 1438 864 haec
1455 828 1615 866 victoriae
1651 829 1708 866 lex
1735 839 1821 878 erat,
1841 840 1881 868 ut
1901 846 1962 882 per
1977 832 2151 869 contraria

1165 885 1358 934 vincerent,
1385 896 1418 924 et
1446 902 1642 938 numquam
1669 900 1938 941 superarentnr3
1960 892 2020 929 sed
2050 893 2152 942 quasi

1166 947 1221 984 illi
1250 949 1368 986 exitus
1391 949 1531 987 domini
1550 951 1713 1000 fuissent,
1742 953 1791 990 sic
1810 953 1855 990 ad
1873 954 1946 991 haec
1963 955 2154 992 certamina

1166 1007 1315 1045 exirent.
1349 1010 1412 1049 58.
1430 1011 1587 1047 Certum
1606 1013 1702 1048 mihi
1733 1021 1790 1049 est
1819 1016 1935 1060 enim,
1956 1016 2061 1065 quod
2089 1029 2154 1051 ne-

1167 1080 1240 1120 que
1256 1083 1358 1108 mors
1376 1085 1498 1124 neque
1514 1074 1615 1118 vila,
1635 1087 1756 1122 neque
1772 1075 1903 1125 angeli
1919 1089 2039 1125 neque
2049 1077 2155 1125 prin-

1166 1132 1316 1181 cipatus
1332 1144 1454 1182 neque
1474 1140 1700 1183 potestates,
1727 1147 1848 1185 neque
1877 1136 2068 1172 instantia
2093 1148 2157 1171 ne-

1167 1203 1240 1242 que
1259 1192 1418 1242 sutura,
1436 1193 1498 1231 59.
1515 1206 1636 1244 neque
1650 1193 1818 1230 altitudo
1845 1208 1966 1246 neque
1984 1195 2154 1246 prosun—

1167 1252 1272 1299 dum,
1291 1267 1414 1304 neque
1443 1262 1623 1291 creatura
1639 1255 1722 1292 alia
1746 1259 1885 1306 poterit
1918 1269 1985 1293 nos
1999 1269 2152 1307 separa-

1167 1327 1208 1351 re
1222 1327 1247 1351 a
1265 1317 1433 1352 caritate
1449 1317 1538 1362 Dei,
1566 1330 1652 1368 quoe
1667 1324 1724 1354 est
1739 1319 1779 1354 in
1799 1317 1954 1356 Christo
1968 1318 2062 1355 Jesu
2078 1318 2157 1354 Do-

1167 1378 1271 1413 mino
1288 1386 1428 1415 nostr0.

1230 258 1384 288 HOMIL.
1424 261 1501 290 XV.

1223 1478 1257 1515 5.
1286 1479 1418 1529 Magna
1445 1490 1526 1518 sunt
1545 1479 1622 1518 haec
1642 1479 1738 1519 dicta
1759 1497 1771 1531 3
1800 1481 1861 1519 sed
1885 1481 1946 1520 illa
1969 1482 2156 1530 nescimus,

1165 1537 1248 1587 quia
1267 1547 1400 1576 tantam
1416 1540 1596 1578 caritatem
1614 1555 1683 1579 non
1702 1541 1890 1581 habemus.
1914 1545 2074 1581 Attamen
2094 1543 2158 1581 etsi

1164 1611 1306 1649 magna,
1329 1608 1368 1636 ut
1387 1600 1548 1638 ostendat
1569 1615 1608 1638 ea
1625 1602 1717 1638 nihil
1741 1616 1829 1650 esse,
1853 1613 2056 1655 comparata
2077 1618 2157 1641 cum

1164 1659 1308 1697 caritate
1328 1674 1396 1710 qua
1413 1660 1563 1699 dilectus
1577 1671 1628 1699 est
1642 1677 1662 1699 a
1675 1664 1765 1713 Deo,
1780 1673 1858 1715 post
1875 1664 1974 1702 illam
1986 1679 2062 1702 eam
2078 1679 2157 1715 quae

1164 1734 1226 1758 sua
1245 1730 1318 1758 erat
1336 1721 1468 1772 posuit,
1492 1730 1530 1758 ut
1549 1736 1591 1759 ne
1610 1721 1794 1760 videretur
1813 1737 1940 1775 magna
1970 1724 2015 1762 de
2042 1726 2157 1777 seipso

1164 1781 1402 1828 dicere.Quod
1409 1792 1527 1820 autem
1539 1783 1641 1833 dicit,
1651 1784 1859 1836 hujusmodi
1874 1795 1943 1823 est:
1958 1785 2057 1832 Quid
2069 1800 2158 1838 opus

1166 1851 1230 1890 est,
1250 1843 1381 1893 inquit,
1412 1845 1600 1896 praesentia
1626 1845 1757 1895 dicere,
1787 1855 1821 1883 et
1848 1845 1942 1884 mala
1966 1862 2045 1897 quae
2073 1847 2159 1885 huic

1165 1903 1250 1940 vitae
1263 1903 1431 1955 deputata
1448 1914 1529 1942 sunt
1545 1905 1561 1942 ἵ)
1579 1905 1656 1942 Etsi
1671 1905 1767 1943 enim
1783 1906 1904 1944 futura
1917 1907 1995 1957 quis
2011 1906 2157 1955 dixerit,

1168 1964 1231 2002 etsi
1260 1979 1329 2013 res,
1351 1965 1417 2002 etsi
1443 1964 1591 2004 virtutes
1610 1981 1621 2016 5
1648 1980 1703 2004 res
1728 1975 1767 2003 ut
1788 1966 1900 2004 vitan]
1926 1977 1959 2005 et
1984 1977 2132 2005 mortem
2146 1984 2157 2017 3

1169 2025 1330 2075 virtutes,
1350 2035 1389 2063 ut
1411 2025 1553 2077 angelos
1569 2035 1602 2064 et
1616 2027 1860 2078 arehangeloe,
1879 2042 2087 2079 omnemque
2101 2044 2158 2066 su-

1168 2099 1317 2138 pernam
1345 2096 1542 2125 creaturam
1570 2103 1577 2122 :
1603 2087 1678 2125 haec
1707 2088 1797 2125 mihi
1830 2103 1941 2140 parva
1971 2089 2155 2135 videntur,

1169 2158 1373 2201 comparata
1401 2162 1482 2185 cum
1511 2147 1658 2186 caritate
1685 2149 1829 2187 Christi.
1855 2150 1978 2200 Neque
2004 2150 2098 2187 enim
2127 2150 2157 2187 si

1170 2210 1250 2260 quis
1279 2219 1428 2248 mortem
1450 2206 1726 2247 comminaretur
1746 2210 1845 2248 illam
1871 2211 2029 2248 futuram
2053 2221 2158 2249 zeter-

1169 2283 1264 2319 nam,
1284 2279 1324 2308 ut
1341 2285 1362 2308 a
1384 2270 1526 2308 Christo
1546 2284 1740 2322 separarer,
1764 2285 1874 2321 neque
1895 2271 1924 2309 si
1942 2272 2052 2310 vitam
2073 2287 2155 2323 per-

1168 2343 1323 2386 petuam,
1344 2347 1408 2385 ego
1428 2332 1663 2371 conditionem
1683 2333 1918 2372 admitterem.
1940 2335 2040 2382 Quid
2058 2349 2156 2386 reges

1168 2396 1233 2434 hos
1255 2396 1454 2446 inferiores,
1476 2395 1563 2446 quid
1586 2397 1746 2434 consules
1769 2397 2040 2446 memoraveris,
2061 2398 2157 2435 hune

1167 2471 1293 2510 nempe
1317 2466 1352 2495 et
1376 2457 1510 2494 illum?
1538 2457 1615 2494 Etsi
1640 2458 1782 2509 angelos
1806 2457 1957 2506 dixeris,
1980 2468 2013 2496 et
2036 2473 2155 2497 omnes

1166 2532 1337 2570 supernas
1356 2526 1558 2569 potestates,
1580 2517 1645 2555 etsi
1663 2518 1781 2555 omnia
1796 2533 1874 2568 quae
1890 2529 2029 2557 exstant
2047 2529 2079 2557 et
2093 2521 2154 2557 fu—

1168 2588 1247 2617 tura
1267 2588 1363 2629 sunt⁷
1384 2579 1504 2616 omnia
1523 2578 1613 2616 mihi
1634 2593 1742 2630 parva
1761 2579 1995 2630 videbuntur,
2017 2595 2094 2630 quae
2118 2581 2154 2618 in

1167 2649 1270 2689 terra,
1290 2640 1327 2677 in
1355 2641 1453 2688 caelo,
1476 2653 1555 2690 quae
1580 2639 1647 2676 sub
1666 2639 1783 2689 terris,
1803 2654 1880 2689 quae
1904 2654 2009 2691 supra
2033 2641 2151 2691 caelos‚

1166 2714 1247 2738 cum
1267 2700 1329 2738 illo
1345 2714 1466 2737 amore
1485 2707 1696 2750 comparata.
1714 2699 1850 2737 Deinde
1868 2700 1967 2750 quasi
1987 2701 2063 2738 haec
2083 2716 2152 2739 non

1163 2760 1248 2798 satis
1268 2770 1382 2798 essent
1403 2760 1450 2798 ad
1469 2774 1573 2798 suum
1595 2759 1850 2798 declarandum
1871 2775 2027 2799 amorem
2050 2778 2057 2798 z
2081 2763 2151 2800 alia

1163 2835 1285 2859 rursus
1314 2820 1471 2872 subjicit,
1503 2822 1636 2872 Neque
1659 2829 1838 2859 creatura
1867 2823 1948 2859 alia
1963 2839 1979 2867 ;
2003 2823 2041 2860 id
2069 2833 2148 2861 est:

1163 2882 1299 2920 etiamsi
1321 2882 1391 2919 alia
1410 2890 1570 2919 creatura
1590 2890 1688 2929 esset,
1709 2891 1840 2932 quanta
1863 2891 1913 2920 est
1931 2897 1967 2920 ea
1988 2898 2067 2934 quae
2087 2885 2150 2921 xi-

1162 2944 1282 2993 detur‚
1310 2952 1439 2994 quanta
1458 2943 1520 2980 illa
1543 2942 1751 2995 spiritualis,
1774 2944 1867 2982 nihil
1887 2959 1944 2983 me
1965 2960 1984 2982 a
2007 2946 2151 2983 caritate

1162 3004 1224 3042 illa
1244 3004 1482 3043 submovebit.
1506 3004 1591 3041 Haec
1610 3013 1728 3041 autem
1748 3004 1888 3043 dicebat
1912 3006 2060 3054 Paulus,
2081 3021 2150 3044 non

1162 3066 1259 3117 quod
1285 3066 1402 3116 angeli
1427 3066 1484 3104 vel
1512 3065 1657 3115 reliquae
1685 3074 1871 3117 potestates
1892 3067 1930 3104 id
1964 3077 2149 3116 tentarent,

1163 3128 1256 3166 absit
1272 3143 1281 3176 ;
1300 3126 1358 3166 sed
1378 3126 1474 3178 quod
1491 3140 1570 3164 eum
1590 3126 1686 3163 omni
1706 3126 1902 3179 hyperbole
1921 3128 2027 3166 vellet
2046 3143 2149 3167 amo-

1163 3203 1239 3227 rem
1270 3202 1376 3226 suum
1408 3200 1491 3237 erga
1519 3187 1703 3224 Christum
1731 3187 1923 3227 ostendere.
1953 3190 2033 3227 Non
2057 3190 2151 3228 enim

1165 3248 1349 3286 Christum
1373 3247 1514 3285 amabat
1538 3247 1584 3284 ob
1608 3261 1661 3297 ea,
1689 3261 1767 3298 quae
1791 3248 1926 3286 Christi
1953 3259 2063 3300 erant,
2092 3252 2153 3289 sed

1115 1795 1139 1825 C

1111 3073 1135 3104 E

1181 3382 1192 3396 ἣ
1218 3368 1329 3403 Morel.
1345 3372 1450 3414 τούτῳ,
1466 3368 1572 3402 minus
1586 3376 1685 3402 recte.
1700 3369 1789 3411 [Mox
1807 3371 1843 3402 A.
1854 3376 1921 3416 περὶ
1937 3377 1986 3406 τὸν
2001 3374 2155 3417 xpm-rim]

1890 3442 1940 3479 46

2260 3130 2349 3159 Amor

2167 3170 2249 3198 Pauli
2288 3183 2352 3208 erga

2166 3212 2327 3240 Christum.
