2502 3810
725 254 765 282 IN
804 253 946 283 EPIST.

106 349 172 385 χνη
193 333 269 371 οὔτε
299 338 320 380 ἡ
354 333 495 385 συζυγία
526 333 646 376 αὐτοὺς
680 334 916 385 παρέὸλαψεν,
946 332 1035 371 ἀλλὰ
1057 331 1119 378 τὴν

986 252 1045 281 ΑΙ)
1083 250 1192 280 ROM.

1233 251 1388 282 HOMIL.
1411 254 1519 283 XXX·

2085 239 2175 301 817

1196 331 1302 369 solem
1327 332 1482 371 illustres
1510 332 1683 372 reddebat
1699 348 1707 370 :
1723 346 1835 384 neque
1852 333 1924 371 illis
1943 333 2093 372 nocebat
2119 335 2176 372 vel

107 396 260 443 ἀγάπην,
280 395 321 440 ἣν
340 397 358 432 ὁ
373 394 520 444 Χριστὸς
541 394 721 445 ἀπῄτησε,
741 394 872 439 ταύτην
893 392 1119 437 ἐπεδείξαντο·
1145 393 1170 422 E
1194 405 1250 429 ars
1266 393 1323 430 vel
1339 394 1570 444 connubium,
1591 394 1653 432 sed
1672 393 1912 441 dilectionem,
1945 408 2053 444 quam
2074 394 2177 432 Chri-

1195 460 1269 489 stus
1284 453 1430 505 expetit,
1455 454 1507 491 illi
1520 454 1739 492 exhibebant
1757 470 1764 490 ε
1782 468 1864 491 nam
1887 453 1936 491 ait
1957 469 1964 490 :
1984 456 2178 506 Majorem
2191 467 2281 497 Joun,
2308 468 2343 497 15

106 453 256 497 Μείζονα
274 453 342 506 γὰρ
359 454 486 500 ταύτης
506 455 645 505 ἀγάπην
673 454 779 496 οὐδεὶς
798 454 893 506 ἔχει,
914 453 1031 505 φησὶν,
1065 450 1122 488 ἵνα

104 529 155 556 τις
183 513 244 560 τὴν
264 514 379 566 ψυχὴν
402 518 504 553 αὑτοῦ
525 518 564 566 θῇ
586 514 673 566 ὑπὲρ
692 517 761 552 τῶν
782 515 889 566 φίλων
914 516 1030 551 αὑτοῦ.
1054 510 1122 549 Καὶ

84 574 121 625 ,ὃ
140 573 321 626 γνώρισμά
340 577 414 613 ἐστι
435 580 588 626 μαθητοῦ
605 607 613 623 ,
635 579 736 614 τοῦτο
757 574 1013 627 κατώρθωσαν·
1038 572 1119 610 ἔλα-

105 635 162 672 Εον
190 634 256 686 γὰρ
276 636 332 673 τὸν
351 637 509 688 σταυρὸν,
531 637 588 674 καὶ
609 636 859 682 ἠκολούθησαν.
883 637 929 672 Οἱ
945 633 1012 685 γὰρ
1035 631 1122 682 ὑπὲρ

104 699 163 732 τοῦ
186 696 327 733 Παύλου
357 701 457 734 τοῦτο
488 701 686 744 ποιοῦντες,
716 698 835 746 πολλῷ
869 697 999 744 μᾶλλον
1034 692 1121 744 ὑπὲρ

105 760 164 794 τοῦ
183 757 336 807 Χριστοῦ
356 757 485 803 ταύτην
501 756 740 801 οέπεδείξαντο
754 756 816 802 τὴν
835 754 1006 808 ἀνδρείαν.
1025 756 1122 792 Ταῦ-

105 833 148 854 τα
163 817 222 854 καὶ
244 818 403 855 πλούσιοι
432 818 491 856 καὶ
520 819 664 864 πένητες
692 817 921 855 ἀκουέτωσαν.
942 817 987 853 Ei.
1005 814 1072 867 γὰρ
1092 816 1122 852 οἱ

107 878 175 915 ἀπὸ
193 880 260 915 τῶν
280 880 406 930 χειρῶν
427 880 550 923 ζῶντες
575 878 634 915 καὶ
663 877 888 929 ἐργαστηρίου
909 874 1122 928 προεστηκό-

104 953 159 980 τες
183 938 352 986 τοσαύτην
380 938 596 982 ἐπεδείξαντο
615 939 808 990 δαψίλειαν,
830 940 874 980 ὡς
895 936 1122 982 Ἐκκλησίαις

104 1000 248 1042 πολλαῖς
263 1000 420 1050 γενέσθαι
436 999 623 1052 χρήσιμοι·
639 999 716 1036 τίνα
733 998 772 1035 ἂν
788 998 899 1049 ἔχοιεν
913 997 1120 1048 συγγνώμην

104 1062 134 1096 οἱ
151 1061 375 1102 πλουτοῦντες
390 1060 448 1096 καί
462 1059 539 1101 τοὺς
553 1059 703 1104 πένητας
722 1061 941 1109 παρορῶντες
951 1073 960 1103 ;
970 1057 1120 1094 Ἐκεῖνοι

103 1119 165 1168 μὲν
185 1119 252 1170 γὰρ
270 1119 347 1157 οὐδὲ
367 1124 426 1158 τοῦ
450 1119 596 1168 αἵματος
616 1119 797 1171 ἐφείσαντο
829 1117 886 1155 διὰ
917 1118 956 1155 τὸ
972 1120 1021 1168 τῷ
1040 1120 1121 1170 Θεῷ
1144 1140 1154 1148 ⁴

103 1180 238 1227 δοκοῦν,
258 1180 298 1218 σὺ
323 1179 357 1218 δὲ
374 1180 434 1218 καὶ
453 1179 646 1232 χρημάτων
666 1179 790 1230 ὀλίγων
812 1178 910 1230 φείδῃ
924 1209 933 1227 ,
964 1179 1122 1217 Βπολλοί-

102 1257 155 1283 κις
173 1240 342 1292 ὑπεριδὼν
362 1244 423 1287 τῆς
451 1244 596 1279 σεαυτοῦ
612 1243 749 1292 ψυχῆςς
765 1239 870 1278 Ἀλλὰ
887 1239 967 1293 περὶ
988 1239 1048 1290 μὲν
1063 1240 1120 1278 τὸν

103 1301 307 1339 ’διδάσκαλον
329 1306 476 1340 τοιοῦτοι
497 1304 641 1346 ἐκεῖνοι,
661 1301 740 1353 περὶ
756 1301 790 1339 δὲ
811 1300 887 1343 τοῦς
908 1300 1064 1351 μαθητὰς
1084 1303 1122 1338 οὐ

102 1367 267 1409 τοιοῦτοι,
287 1363 376 1402 Ἀλλ’
408 1363 482 1401 οὐδὲ
514 1367 615 1400 τοῦτο
647 1363 738 1401 ἔστιν
770 1364 877 1400 εἰπεῖν
891 1377 898 1384 ·
919 1361 979 1399 καὶ
999 1361 1066 1413 γὰρ
1087 1365 1122 1400 αἱ

104 1422 313 1469 Ἐκκλησίαι
340 1426 407 1461 τῶν
437 1425 553 1471 ἐθνῶν,
575 1423 691 1474 φησὶν,
731 1424 846 1464 αὐτοῖς
866 1424 1121 1473 εὐχαριστοῦσι.

102 1482 227 1521 Καίτοι
246 1483 279 1527 ἐξ
303 1483 479 1521 Ἰουδαίων
499 1478 601 1530 ἦσαν,
622 1485 698 1521 ἀλλ’
722 1482 815 1533 ὅμως
839 1482 944 1525 οὕτως
967 1482 1122 1520 ἐπίστευ-

103 1558 165 1580 σαν
186 1545 396 1596 εἰλικρινῶς,
414 1547 460 1587 ὡς
481 1544 540 1581 καὶ
560 1543 700 1587 ἐκείνοις
730 1543 818 1594 μετὰ
837 1543 1030 1595 προθυμίας
1049 1544 1122 1580 δια-

102 1608 274 1643 κονεῖσθαι
290 1606 417 1652 πάσης.
441 1604 614 1649 Τοιαύτας
633 1599 721 1643 εἶναι
747 1604 816 1657 χρὴ
850 1604 912 1646 τὰς
939 1611 1120 1655 γυναῖκας,

101 1665 163 1711 Μὴ
185 1668 219 1703 ἐν
239 1666 436 1717 πλέγμασιν
467 1665 488 1712 ἢ
519 1665 677 1719 χρυσῷἧ
702 1668 884 1717 ἱματισμῷ
916 1666 1121 1712 πολυτελεῖ,

101 1727 191 1765 ἀλλὰ
206 1727 338 1770 τούτοις
352 1728 661 1778 καλλωπιζομένας
673 1733 742 1770 τοῖς
756 1725 1017 1778 κατορθώμασι.
1029 1726 1122 1764 Ποία

100 1787 191 1840 γὰρ,
226 1788 302 1826 εἰπέ
332 1804 411 1838 μοι,
443 1790 632 1839 βασίλισσα
652 1788 756 1832 οὕτως
775 1788 928 1840 ἔλαμψε,
954 1787 1037 1825 ποία
1066 1786 1123 1825 oii-

99 1865 167 1891 τως
186 1849 305 1901 ᾅδεται
324 1852 370 1892 ὡς
398 1849 486 1895 αὕτη
508 1853 528 1895 ἡ
548 1855 607 1888 τοῦ
636 1853 861 1896 σκηνοποιοῦ,
882 1849 952 1887 Καὶ
984 1850 1018 1886 ἐν
1052 1854 1122 1892 τοῖς

100 1909 262 1948 ἁπάντων
286 1910 360 1948 ἐστὶ
388 1910 572 1960 στόμασιν,
599 1912 635 1948 οὗ
666 1910 769 1956 δέκα,
801 1910 878 1948 οὐδὲ
907 1910 966 1948 καὶ
992 1909 1118 1948 εἴκοσιν

100 1971 159 2017 ἔτη
177 2000 186 2017 ,
207 1970 296 2008 ἀλλὰ
323 1971 427 2022 μέχρι
453 1974 515 2017 τῆς
546 1976 605 2010 τοῦ
638 1973 791 2023 Χριστοῦ
825 1971 1039 2023 παρουσίας·
1061 1971 1120 2009 καὶ

100 2032 226 2075 πάντες
258 2032 364 2078 αὐτὴν
389 2032 446 2070 ἐπὶ
476 2031 642 2076 τοιούτοις
675 2027 982 2083 ἀνακηρύττουσιν,
1011 2032 1032 2069 ἃ
1061 2037 1121 2070 τοῦ

1135 1084 1181 1108 7142

1146 1735 1168 1764 Β

101 2092 314 2142 διαδήματος
342 2092 447 2139 αὐτὴν
484 2095 615 2143 μᾶλλον
636 2098 760 2143 κοσμεῖ
779 2097 838 2131 τοῦ
858 2095 1052 2144 βασιλικοῦ.
1075 2093 1122 2132 Τί
1147 2118 1149 2120 -

99 2152 167 2203 γὰρ
185 2155 313 2202 μεῖζον,
339 2152 373 2190 τί
399 2153 434 2190 δὲ
454 2153 527 2191 ἴσον
547 2157 609 2191 τοῦ
638 2153 826 2206 προστάτιν
846 2153 1005 2205 γενέσθαι
1021 2154 1120 2192 Παύ-

99 2215 178 2260 λου,
194 2217 254 2251 τοῦ
273 2214 441 2256 κινδύνοις
461 2214 557 2257 ἰδίοις
576 2214 746 2252 διασῶσαι
768 2214 825 2252 τὸν
840 2217 902 2260 τῆς
918 2213 1121 2264 οἰκουμένης

97 2274 326 2321 διδάσκαλον;
343 2274 475 2312 Σκόπει
490 2277 571 2325 γοῦν
587 2274 646 2312 καὶ
661 2274 741 2312 ὅσαι
757 2274 819 2324 μὲν
841 2274 1012 2325 βασιλίδες
1028 2275 1120 2313 σεσί-

96 2350 223 2385 γηνται
237 2364 246 2380 ,
269 2338 290 2381 ἡ
311 2334 345 2372 δὲ
366 2338 425 2373 τοῦ
454 2339 662 2381 σκηνοποιοῦ
683 2339 865 2387 πανταχοῦ
893 2334 1119 2387 περιφέρεται

98 2394 187 2445 μετὰ
205 2400 264 2434 τοῦ
286 2401 494 2443 σκηνοποιοῦ
507 2424 516 2442 ,
537 2396 596 2434 καὶ
613 2396 696 2442 ὅσην
719 2396 818 2443 ἥλιος
839 2398 945 2448 ἐφορᾷ
965 2399 1045 2448 γῆν,
1063 2413 1119 2434 το-

98 2454 227 2501 σαύτην
243 2456 419 2508 ἐπιτρέχει
435 2456 494 2494 καὶ
511 2460 533 2502 ἡ
550 2456 629 2500 δόξα
651 2459 712 2502 τῆς
725 2457 886 2507 γυναικὸς
902 2456 1118 2506 οἰκουμένην·

98 2514 156 2552 καὶ
174 2514 310 2566 Πέρσαι
329 2516 388 2552 καὶ
403 2515 536 2553 Σκύθαι
555 2516 614 2554 καὶ
633 2518 772 2568 Θρᾷκες
785 2545 794 2562 ,
809 2516 867 2554 καὶ
880 2520 910 2555 οἱ
928 2516 990 2561 τὰς
1005 2518 1118 2570 ἐσχα-

97 2574 173 2618 τιὰς
191 2575 384 2623 οἰκοῦντες,
405 2576 524 2627 ᾄδουσι
552 2580 615 2622 τ’ἧς
641 2577 802 2627 γυναικὸς
829 2577 892 2623 τὴν
915 2578 1117 2629 φιλοσοφίαν

97 2635 156 2673 καὶ
175 2635 418 2686 μακαρίζουσι.
451 2636 571 2674 Πόσον
600 2639 760 2685 πλοῦτον,
794 2637 887 2676 πόσα
919 2637 1118 2687 διαδήματα

97 2696 156 2734 καὶ
173 2696 378 2748 ἁλουργίδας
394 2699 456 2734 οὐκ
472 2697 512 2734 ἂν
531 2697 641 2743 ἡδέως
671 2697 814 2749 ἔρριψας
833 2697 944 2749 ι’ὑπὲρ
963 2703 1021 2736 τοῦ
1040 2715 1117 2736 τοι-

98 2757 204 2802 αύτην
222 2756 413 2809 μαρτυρίαν
429 2757 566 2804 λαὸεῖν,
582 2757 674 2795 Οὐδὲ
692 2757 759 2809 γὰρ
776 2757 850 2809 ἔχοι
865 2774 917 2801 τις
938 2758 976 2795 ἂν
997 2760 1117 2808 εἰπεῖν,

96 2818 149 2855 ὅτι
168 2820 202 2856 ἐν
224 2817 390 2861 κινδύνοις
413 2817 475 2867 μὲν
493 2812 581 2864 ἦσαν
602 2823 768 2865 τοιοῦτοι,
801 2819 859 2856 καὶ
892 2821 926 2857 ἐν
957 2819 1117 2870 χρήμασι

96 2879 250 2930 δαψιλεῖς
264 2908 273 2924 ,
295 2882 354 2916 τοῦ
370 2877 595 2930 κηρύγματος
620 2878 656 2916 δὲ
674 2879 845 2929 ἠμέλουν·
866 2879 926 2917 καὶ
945 2880 1013 2933 γὰρ
1034 2896 1117 2919 συν-

97 2939 214 2989 εργοὺς
234 2938 353 2981 αὐτοὺς
386 2939 446 2976 καὶ
470 2938 754 2991 συλλειτουργοὺς
789 2940 845 2978 διὰ
876 2944 977 2978 τοῦτο
1006 2943 1116 2979 καλεῖ.

98 2999 168 3037 Καὶ
186 3002 247 3037 οὐκ
266 2999 466 3051 αἰσχύνεται
479 3007 626 3051 γυναῖκα
647 3001 909 3053 συλλειτουργὸν
931 3003 1061 3047 καλῶν,
1080 3003 1119 3040 τὸ

99 3064 217 3101 σκεῦος
234 3063 296 3105 τῆς
316 3060 459 3109 ἐκλογῆς
471 3089 480 3106 ,
502 3060 591 3098 ἀλλὰ
606 3061 665 3098 καὶ
681 3062 979 3112 ἐγκαλλωπίζεται
995 3061 1117 3114 τούτῳ·

100 3121 136 3156 οὐ
155 3118 221 3169 γὰρ
237 3121 280 3167 τῇ
300 3118 400 3169 φύσει
418 3120 607 3172 προσέχει,
629 3121 719 3159 ἀλλὰ
737 3121 799 3168 τὴν
821 3122 1020 3174 προαίρεσιν
1043 3138 1119 3160 στε-

101 3184 210 3228 φανοῖ.
232 3179 279 3217 Τί
299 3183 358 3216 τοῦ
378 3180 508 3230 κόσμου
537 3181 658 3219 τούτου
690 3181 782 3228 ἴσον;
805 3187 871 3221 ποῦ
897 3188 953 3220 νῦν
989 3184 1068 3232 ὑμῖν
1101 3186 1118 3219 ὁ

144 3300 156 3313 ⁰
178 3291 236 3331 [zi-2
263 3293 443 3330 ἐπεδείξαιτο
467 3293 502 3323 Α.
527 3300 558 3323 et
579 3304 683 3336 marg.
703 3293 804 3329 Smil,
824 3295 899 3326 Mox
923 3295 959 3327 A.
989 3300 1110 3333 πολλαῖς

104 3343 305 3384 757322'7023]

143 3404 155 3418 ὓ
182 3395 271 3425 Unus
288 3392 400 3425 ‹jode-x
423 3395 465 3435 [ct
487 3396 506 3425 Α
528 3395 539 3435 J
558 3399 698 3433 mutar,-
716 3400 839 3440 ἀρειίῶκ
858 3407 908 3435 τῆς
925 3404 1015 3440 χέαιχῆς
1036 3414 1105 3432 722-

1144 3065 1168 3093 D

1196 512 1270 550 hac
1285 517 1488 551 caritatem
1513 528 1621 551 nemo
1643 516 1772 565 habet,
1800 529 1917 566 quam
1939 524 1981 554 ut
2003 518 2179 553 animam
2198 509 2243 538 ¹3·

1195 585 1305 610 suam
1316 583 1438 625 ponat
1449 577 1532 625 quis
1542 588 1612 627 pro
1624 577 1758 613 amicis
1769 577 1859 614 suis.
1871 575 1918 613 Et
1927 575 2023 626 quod
2035 576 2179 627 signum

1194 631 1364 684 discipuli
1384 643 1449 684 est,
1478 634 1546 671 hoc
1565 634 1804 672 exhibuerunt
1823 651 1830 671 :
1848 649 1930 673 nam
1954 650 2094 674 crucem
2117 650 2179 674 ac·-

1195 703 1378 743 ceperunt,
1403 703 1435 731 et
1454 694 1594 743 sequuti
1619 704 1702 731 sunt
1724 695 1918 732 Christum.
1946 696 2088 734 Etenim
2113 696 2177 747 qui

1197 753 1262 790 hoc
1282 768 1345 805 pro
1363 755 1475 792 Paulo
1494 755 1666 804 fecerunt,
1689 755 1802 793 multo
1823 757 1936 807 magis
1954 772 2019 808 pro
2037 758 2178 796 Christo

1195 814 1442 854 fortitudinem
1460 815 1700 853 ostenderunt.
1725 816 1808 853 Haec
1826 826 1859 853 et
1877 831 2049 868 pauperes
2072 828 2106 856 et
2123 819 2180 857 di-

1194 874 1284 912 vites
1299 875 1457 913 audiant.
1480 877 1570 914 Nam
1590 876 1618 913 si
1635 876 1674 924 ii,
1695 876 1757 927 qui
1772 876 1937 914 manibus
1954 877 2022 914 sibi
2043 879 2181 916 victum

1194 945 1333 986 parant,
1348 945 1382 973 et
1391 936 1543 974 officinae
1557 945 1728 988 praesunt,
1752 945 1887 974 tantam
1903 937 2096 976 exhibuere
2110 939 2181 977 lar-

1195 996 1351 1045 gitatem,
1369 1006 1407 1033 ut
1424 997 1592 1034 Ecclesiis
1608 997 1775 1048 plurimis
1794 997 1899 1034 utiles
1915 1007 2049 1047 essent,
2074 1013 2182 1048 quam

1195 1056 1459 1094 excusationem
1477 1057 1631 1094 habeant
1649 1057 1793 1106 divites,
1816 1058 1877 1108 qui
1905 1072 2077 1110 pauperes
2101 1073 2183 1097 con-

1194 1117 1384 1154 temnunt-⁰
1417 1117 1476 1155 Illi
1509 1132 1662 1168 namque
1689 1132 1732 1155 ne
1757 1118 1921 1170 sanguini
1941 1118 2087 1169 quidem
2120 1134 2183 1157 suo

1192 1189 1439 1230 pepercerunt,
1474 1190 1512 1218 ut
1532 1182 1607 1218 Deo
1626 1181 1829 1233 placerent3
1863 1191 1901 1219 tu
1920 1196 2005 1220 vero
2023 1182 2182 1234 pecuniis

1194 1240 1343 1278 modicis
1367 1242 1497 1292 parcis,
1534 1242 1691 1279 animam
1716 1257 1806 1294 saepe
1829 1252 1928 1280 tuam
1964 1242 2175 1295 despiciens.

1194 1301 1330 1339 Verum
1359 1302 1506 1339 fortasse
1538 1315 1621 1353 erga
1651 1302 1833 1340 doctorem
1864 1302 1919 1340 illi
1952 1303 2037 1341 tales
2066 1304 2178 1351 suere,

1193 1375 1275 1412 erga
1300 1362 1496 1414 discipulos
1523 1377 1606 1400 vero
1632 1377 1702 1400 non
1722 1363 1837 1400 item.o
1861 1366 1909 1401 At
1928 1363 1995 1401 hoc
2020 1363 2093 1402 dici
2115 1379 2182 1402 ne—

1194 1422 1294 1471 quit3
1322 1436 1404 1459 nam
1430 1423 1595 1461 Ecclesiae
1619 1423 1792 1475 gentium,
1822 1424 1951 1474 inquit,
1977 1424 2064 1475 ipsis
2099 1438 2182 1476 gra-

1194 1483 1260 1520 tias
1282 1492 1404 1533 agunt.
1435 1483 1514 1521 Etsi
1536 1484 1630 1522 enim
1654 1498 1698 1521 ex
1719 1483 1853 1523 Judaeis
1872 1493 1995 1533 essent,
2025 1485 2074 1522 ita
2102 1486 2180 1523 sin-

1195 1557 1271 1581 cere
1289 1543 1492 1594 eredebant,
1521 1554 1561 1583 ut
1580 1545 1685 1583 etiam
1701 1545 1865 1597 gentibus
1886 1560 1967 1583 cum
1985 1546 2081 1583 omni
2103 1547 2183 1584 ala-

1194 1604 1318 1642 critate
1337 1605 1592 1644 ministrarent.
1625 1607 1730 1644 Tales
1748 1615 1885 1658 oportet
1906 1621 1978 1644 esse
1997 1607 2178 1658 mulieres,

1194 1666 1284 1702 lvon
1305 1667 1346 1702 in
1373 1668 1483 1703 tortis
1500 1668 1671 1704 crinibus
1691 1675 1761 1704 aut
1779 1680 1875 1704 auro
1895 1676 1963 1704 aut
1981 1676 2179 1706 sumtuosa
2198 1688 2223 1708 1.

1194 1734 1316 1771 veste,
1353 1725 1417 1764 sed
1446 1725 1504 1763 his
1535 1735 1674 1764 ornatas
1708 1735 1800 1764 recte
1828 1727 1944 1764 factis.
1984 1728 2174 1775 Quaenam,
2193 1729 2223 1759 9·

1194 1784 1251 1822 die
1265 1800 1394 1836 quaeso,
1411 1800 1581 1837 umquam
1597 1787 1718 1838 regina
1736 1787 1784 1825 ita
1798 1788 2003 1839 splenduit?
2015 1803 2179 1839 quaenam
2193 1801 2241 1828 lau

1192 1849 1241 1886 ita
1275 1849 1487 1899 celebratur,
1522 1859 1561 1887 ut
1585 1850 1648 1887 illa
1676 1864 1769 1887 uxor
1804 1851 2037 1890 tentoriorum
2063 1852 2179 1890 artifi-

1195 1909 1269 1947 cis?
1301 1909 1367 1947 Illa
1394 1909 1430 1947 in
1462 1910 1622 1947 omnium
1652 1924 1711 1948 ore
1741 1920 1914 1960 versatur,
1940 1925 2008 1949 non
2030 1912 2178 1963 decem,

1194 1981 1264 2005 non
1305 1967 1435 2019 viginti
1465 1968 1581 2015 annis,
1621 1968 1683 2006 sed
1715 1983 1826 2020 usque
1856 1969 1901 2007 ad
1937 1971 2182 2020 (secundum)

1196 2028 1329 2066 Christi
1366 2030 1564 2067 adventum
1597 2045 1604 2065 :
1636 2039 1669 2066 et
1712 2044 1831 2068 omnes
1873 2030 1973 2067 illam
2007 2045 2113 2082 super
2137 2031 2183 2069 iis

1194 2088 1446 2140 depraedicant,
1493 2104 1571 2140 quae
1603 2090 1718 2141 magis
1757 2105 1834 2128 eam
1873 2100 2029 2138 ornant,
2074 2106 2181 2142 quam

1193 2152 1332 2203 regium
1353 2152 1532 2190 diadema.
1563 2153 1662 2198 Quid
1682 2153 1775 2190 enim
1800 2154 1930 2204 majus,
1959 2153 2048 2204 quid
2067 2169 2130 2206 par
2149 2155 2181 2192 ei

1194 2226 1267 2250 esse
1287 2213 1431 2264 poterit,
1463 2227 1541 2263 quae
1561 2213 1665 2250 Pauli
1689 2213 1895 2266 adjumento
1913 2214 1996 2263 fuit,
2021 2229 2100 2265 quae
2122 2229 2180 2267 pe-

1193 2274 1316 2311 riculis
1345 2275 1419 2312 suis
1449 2274 1544 2312 orbis
1572 2274 1755 2313 doctorem
1784 2276 1969 2314 servavit?
2001 2276 2183 2328 Perpende

1193 2345 1312 2373 autem
1339 2345 1425 2386 quot
1449 2336 1577 2386 reginae
1603 2345 1809 2386 taceantur,
1844 2337 2077 2374 tentoriorum
2097 2352 2183 2375 vero

1193 2396 1341 2434 artificis
1365 2411 1457 2435 uxor
1476 2397 1608 2447 ubique
1627 2397 1826 2435 celebratur
1849 2412 1932 2435 cum
1950 2398 2028 2436 viro
2049 2412 2127 2449 suo,
2150 2408 2183 2436 et

1193 2458 1229 2495 in
1249 2467 1320 2496 toto
1339 2470 1446 2509 quem
1464 2458 1517 2496 sol
1538 2458 1682 2510 respicit
1701 2458 1786 2496 orbe
1804 2458 1880 2496 haec
1897 2459 2038 2499 ‚mulier
2056 2459 2183 2497 lauda-

1192 2520 1423 2568 turchrsae,
1459 2519 1616 2571 Scythae,
1647 2519 1818 2568 Thraces,
1851 2528 1885 2556 et
1912 2519 1972 2569 qui
2005 2528 2182 2557 extremas

1192 2580 1355 2618 habitant
1371 2589 1496 2626 terras,
1513 2580 1674 2617 mulieris
1690 2580 1958 2632 philosophiam
1977 2581 2179 2629 concinunt,

1191 2641 1401 2691 beatamque
1435 2640 1534 2678 illam
1565 2640 1772 2692 praedicant.
1813 2642 1972 2688 Quantas
2005 2642 2178 2692 divitias,

1192 2710 1278 2751 quot
1319 2700 1522 2740 diademata
1539 2731 1548 2749 ‚
1581 2710 1667 2752 quot
1700 2715 1879 2753 purpuras
1920 2715 1989 2739 non
2030 2702 2182 2739 libenter

1191 2761 1354 2813 abjicias,
1384 2770 1424 2799 ut
1454 2761 1525 2799 tale
1553 2761 1798 2799 testimonium
1835 2761 2028 2812 acquiras?
2060 2763 2183 2813 Neque

1192 2822 1287 2859 enim
1318 2822 1430 2874 possit
1464 2822 1643 2874 quispiam
1674 2821 1807 2872 dicere,
1842 2822 1923 2861 illos
1945 2831 2030 2860 tunc
2063 2822 2099 2860 in
2118 2837 2181 2875 pe*

1191 2883 1315 2920 riculis
1350 2883 1459 2921 fuisse
1490 2883 1589 2931 tales,
1618 2892 1652 2920 et
1683 2883 1873 2935 pecuniam
1901 2883 2048 2935 largiter
2080 2899 2179 2936 spar-

1192 2951 1324 2993 gentes,
1361 2942 1422 2980 sed
1450 2942 1740 2995 praedicationem
1759 2956 1828 2981 non
1859 2943 2043 2982 curavisse
2069 2959 2077 2980 ε
2098 2958 2180 2982 nam

1192 3002 1273 3041 ideo
1301 3003 1382 3040 illos
1421 3012 1663 3055 cooperatores
1702 3012 1736 3041 et
1768 3004 2030 3042 comministros
2061 3015 2176 3043 vocat.

1192 3062 1266 3098 Nec
1296 3057 1406 3112 pudet
1440 3075 1502 3099 vas
1533 3061 1714 3099 electionis
1746 3061 1838 3099 illud
1868 3062 2055 3100 mulierem
2084 3077 2180 3102 com-

1194 3120 1393 3158 ministram
1424 3135 1565 3169 vocare,
1597 3120 1657 3158 sed
1690 3121 1796 3158 etiam
1821 3122 1885 3159 liae
1921 3121 1966 3159 de
1987 3137 2024 3160 re
2050 3123 2180 3174 gloria-

1194 3192 1251 3220 tur
1269 3199 1275 3219 :
1293 3197 1361 3221 non
1387 3184 1480 3221 enim
1512 3197 1637 3221 sexum
1671 3183 1831 3233 attendit,
1861 3184 1921 3222 scd
1958 3186 2181 3238 propositum

1176 3302 1237 3328 τοῦ.

1175 3400 1213 3430 tit
1232 3403 1277 3431 καὶ
1292 3405 1502 3444 μακαρίζουσι,
1512 3399 1520 3434 l

1220 3348 1234 3371 b
1249 3346 1298 3390 [A.
1315 3350 1386 3392 ιᾇπερ
1406 3355 1455 3381 τοῦ
1473 3354 1523 3385 τὴν
1539 3353 1710 3393 μαρτυρίαν
1725 3351 1833 3386 rubam
1848 3352 1955 3382 λαξεῖν.
1968 3348 2073 3394 Supra
2087 3353 2184 3383 omit-

2248 1677 2325 1708 Tim.
2350 1687 2378 1707 2.

2243 1758 2380 1787 Priscilhe

2244 1801 2306 1828 des.
