2502 3810
756 250 800 279 IN

101 328 246 380 δρόμον
267 329 367 367 ὁόὲ’
352 329 410 367 επὶ
436 329 579 367 πλείονα
608 330 793 382 κατασγων
813 331 948 383 χρόνον,
968 331 1027 369 καὶ
1052 331 1114 379 τὴν

98 389 261 462 ἐργασίαν
282 389 391 427 πλείω
417 389 617 436 πεποίηκεν.
637 384 725 428 Εἶτα
756 392 813 429 ἐπὶ
842 391 1060 444 ἀνθρώπιον
1055 392 1116 430 μὲν

98 452 134 487 οὐ
152 449 416 502 δυσχεραίνουεν
433 449 495 496 τὴν
513 450 698 498 &medi-hv,
719 451 809 489 ἀλλὰ
831 451 890 489 καὶ
908 452 1116 504 σοφιζόμεθα

98 510 204 556 αὐτὴν
224 510 334 549 πλείω
352 510 530 562 γενέσθαι,
549 511 605 548 ἐπὶ
627 513 718 550 Θεοῦ
733 512 767 550 δὲ
783 512 869 550 οὕτω
891 513 1116 565 μικροψύχως

98 571 362 621 διακεισόμεθα,
390 573 436 613 ὡς
456 570 513 608 διὰ
542 576 641 610 τοῦτο
667 573 776 609 ὀκνεῖν
807 572 865 610 καὶ
886 571 1113 618 ἀναδύεσθαι;

96 631 208 670 καίτοι
227 647 283 682 γε,
301 631 385 683 ὅπερ
411 632 508 683 ἔφην,
535 632 593 670 καὶ
613 634 759 671 ἐνταῦθα
782 633 921 680 δίδωσι,
941 633 1000 670 καὶ
1026 633 1114 683 μετὰ

97 695 157 737 τῆς
177 692 362 744 εἰρημένης
382 693 491 736 αἰτίας
505 693 564 730 καὶ
592 692 707 745 ἕτερόν
725 710 759 731 τι
789 696 903 744 μεῖζον
924 695 1113 744 οἰκονομῶν

96 755 166 790 ἐκεῖ
187 753 388 802 ταμιεύεται
402 754 442 791 τὸ
459 760 540 792 πᾶν.
563 754 615 792 Τὸ
635 754 702 805 γὰρ
725 754 865 805 μέγεθος
881 757 949 792 τῶν
970 753 1112 804 διδομέ-

97 829 176 859 νων,
192 814 250 851 καὶ
267 815 304 853 τὸ
318 815 443 858 κάλλος
463 818 524 861 τῆς
541 816 668 866 δωρεᾶς
683 815 815 861 ἐκείνης
834 815 1033 867 ὑπερὸαίνει
1052 818 1113 861 τῆς

98 875 275 926 παρούσης
294 878 383 921 ζωῆς
404 875 467 922 τὴν
498 874 681 913 εὐτέλειαν.
701 874 791 913 Οὐδὲ
810 874 878 926 γὰρ
908 875 1050 912 δυνατὸν
1077 877 1110 911 ἐν

98 934 236 985 σώματι
258 938 397 987 φθαρτῷ
417 935 475 972 καὶ
497 934 654 987 ε’πικήρῳ
677 934 754 977 τοὺς
780 934 1000 985 ἀμαράντους
1020 933 1113 970 ἐκεί-

97 1010 171 1038 νους
192 996 348 1039 δέξασθαι
373 995 574 1046 στεφάνους,
595 994 670 1032 οὐδὲ
691 997 724 1032 ἐν
747 997 789 1045 τῇ
810 993 967 1045 παρούσῃ
986 994 1112 1044 διαγω-

95 1059 138 1106 γῇ
151 1086 160 1102 ,
177 1055 235 1093 καὶ
255 1055 440 1107 θορυὸώδει
468 1055 526 1092 καὶ
546 1058 703 1106 ταραχῆς
725 1054 880 1105 γεμούσῃ
900 1053 959 1091 καὶ
981 1052 1112 1096 πολλὰς

95 1115 222 1166 ἐχούσῃ
238 1116 367 1167 τροπὰς
378 1146 387 1163 ,
408 1115 471 1160 τὴν
487 1115 647 1162 ἀκίνητον
662 1115 678 1135 ¹³
690 1115 822 1162 ἐκείνην
837 1114 895 1152 καὶ
916 1114 1110 1166 ἀταρακτον

94 1176 190 1222 λῆξιν
206 1176 428 1214 καταλαὸεῖν.
450 1176 501 1214 Σὺ
519 1177 571 1224 δὲ,
592 1179 622 1214 εἰ
636 1176 698 1227 μέν
715 1176 766 1219 τίς
785 1192 838 1214 σοι
854 1175 996 1228 χρυσίον
1017 1175 1112 1228 ὀφεί-

94 1238 162 1274 λων
193 1238 228 1273 ἐν
264 1236 428 1288 ἀλλοτρίᾳ
458 1237 667 1288 διατρίὸοντι
695 1240 760 1288 γῇ,
783 1236 841 1274 καὶ
870 1235 948 1274 οὔτε
977 1235 1113 1280 οἰκέτας

94 1297 209 1349 ἔχοντι
221 1297 297 1336 οὔτε
311 1297 490 1350 δυναμένῳ
511 1298 626 1345 εἷςτὴν
639 1298 766 1336 θοίκίαν
787 1297 1033 1348 μετακομίσαι,
1044 1297 1112 1335 δώ-

94 1374 166 1396 σειν
185 1360 418 1411 ἐπηγγέλλετο
447 1358 486 1397 τὸ
515 1359 700 1410 δάνεισμα,
727 1359 833 1412 μυρία
854 1358 893 1396 ἂν
912 1359 1112 1412 παρεκάλε-

94 1435 178 1466 σας,
199 1419 288 1458 ὥστε
315 1420 361 1470 μὴ
383 1420 439 1458 ἐπὶ
457 1423 518 1466 τῆς
548 1419 660 1466 ξένης,
679 1422 754 1458 ἀλλ’
771 1420 858 1458 οἴκοι
878 1422 1010 1471 μᾶλλον
1027 1420 1113 1459 αὐτὰ

95 1481 325 1521 καταὸαλεῖν·
345 1481 389 1520 τὰ
409 1481 443 1519 δὲ
463 1482 683 1532 πνευματικὰ
705 1484 817 1520 ἐκεῖνα
846 1481 905 1520 καὶ
932 1481 1114 1533 ἀπόρρητα

98 1544 241 1580 ἐνταῦθα
264 1541 369 1585 ἀξιοῖς
388 1542 527 1588 λαίεῖν,
547 1542 605 1580 καὶ
624 1542 733 1589 πόσης
761 1546 873 1579 ταῦτα
901 1542 1036 1589 ἀνοίας,
1052 1540 1112 1579 Ἂν

100 1603 160 1652 μὲν
190 1602 257 1656 γὰρ
285 1605 431 1641 ἐνταῦθα
450 1603 583 1655 λοίὲῃς,
609 1603 743 1656 φθαρτὰ
771 1603 866 1654 λήψῃ
895 1603 1054 1646 πάντως·
1074 1602 1114 1640 ἂν

100 1666 133 1702 δὲ
160 1666 288 1702 ἐκεῖνον
309 1664 364 1702 τὸν
394 1664 512 1716 καιρὸν
535 1664 740 1715 ἀναμείνης,
762 1664 920 1716 ἄφθαρτα
940 1663 1116 1702 ἀποδώσει

97 1741 151 1762 σοι
167 1725 225 1762 καὶ
239 1725 398 1777 ἀκήρατα
413 1740 420 1748 ·
439 1725 478 1762 ἂν
494 1726 638 1763 ἐνταῦθα
648 1725 777 1776 λάὸῃς,
796 1724 958 1775 μόλιὸδον
975 1724 1113 1767 ἔλαὲες·

99 1786 138 1823 ἂν
161 1785 195 1823 δὲ
220 1788 311 1831 ἐκεῖ,
331 1787 457 1840 χρυσὸν
477 1786 629 1836 δόκιμον.
648 1786 747 1833 Πλὴν
776 1785 851 1824 οὐδὲ
881 1788 949 1823 τῶν
970 1786 1115 1824 ἐνταῦθά

98 1862 135 1883 σε
166 1847 395 1898 ἀπεστέρησε.
419 1847 521 1886 Μετὰ
539 1846 605 1900 γὰρ
640 1847 771 1894 ἐκείνης
805 1850 866 1893 τῆς
894 1846 1114 1898 ὑποσχέσεως

97 1906 155 1944 καὶ
183 1906 302 1958 ἑτέραν
322 1907 471 1945 τέθεικεν
501 1907 590 1946 οὕτω
607 1908 730 1958 λέγων,
747 1907 797 1945 ὅτι
815 1914 882 1950 πᾶς
902 1910 918 1944 ὁ
946 1910 1014 1945 τῶν
1042 1909 1114 1945 ἐκεῖ

97 1968 313 2018 πραγμάτων
344 1970 428 2021 ἐρῶν
464 1968 805 2006 ἑκατονταπλασίονα
830 1968 979 2020 λήψεται
1008 1970 1040 2006 ἐν
1064 1971 1113 2020 τῷ

99 2030 196 2065 αἰῶνι
214 2028 345 2081 τούτῳ,
368 2029 426 2066 καὶ
446 2029 533 2076 ζωὴν
555 2028 691 2066 αἰώνιον
719 2029 984 2082 κληρονομήσει.
1005 2030 1049 2067 Εἰ
1078 2028 1112 2067 δὲ

97 2091 134 2126 οὐ
159 2089 383 2140 λαμίοίνομεν
411 2090 771 2138 ἑκατονταπλασίονα,
797 2095 897 2140 ἡμεῖς
927 2089 1031 2128 αἴτιοι
1065 2090 1111 2140 μὴ

99 2151 306 2194 δανείζοντες
324 2155 373 2204 τῷ
393 2152 572 2203 δυναμένῳ
591 2156 751 2190 τοσοῦτον
772 2153 887 2190 δοῦναι
900 2168 907 2174 ·
933 2152 1007 2190 ἐπεὶ
1027 2151 1061 2190 οἵ
1076 2168 1114 2190 τε

96 2212 208 2254 δόντες
225 2212 372 2256 ἅπαντες
385 2213 536 2251 τοσαῦτα
555 2212 692 2259 ἔλαδον,
711 2212 826 2250 καίτοι
846 2229 885 2263 γε
910 2212 1010 2264 ὀλίγα
1040 2213 1115 2251 δόν-

95 2288 162 2310 ‘rer
183 2273 230 2311 Τι’
262 2273 326 2325 γὰρ
356 2273 446 2324 μέγα
472 2273 596 2311 ἔδωκεν
618 2276 635 2310 ὃ
660 2273 811 2324 Πέτρος,
841 2273 917 2311 εἶπέ
937 2290 1014 2325 μοι,
1037 2274 1114 2326 οὐχὶ

95 2333 231 2371 δίκτυον
251 2334 434 2387 διερρωγὸς
454 2333 512 2371 καὶ
532 2333 688 2384 κάλαμον
709 2334 767 2372 καὶ
782 2334 968 2387 ἄγκιστρον
991 2335 1113 2386 μόνον,

96 2393 186 2431 Ἀλλ’
209 2394 302 2444 ὅμως
321 2397 413 2446 αὐτῷ
441 2393 503 2437 τὰς
522 2393 632 2438 οἰκίας
650 2397 713 2440 τῆς
738 2394 941 2444 οἰκουμένης
969 2396 1113 2448 ἀνέῳξεν

97 2457 114 2492 ὃ
129 2455 235 2501 Θεὸς,
253 2455 312 2493 καὶ
336 2459 400 2506 γῆν
430 2455 488 2493 καὶ
514 2456 686 2494 θάλατταν
717 2456 882 2504 ἥπλωσε,
904 2457 963 2495 καὶ
990 2457 1117 2500 πάντες

99 2515 200 2553 αὐτὸν
223 2517 269 2559 εἷς
295 2515 338 2553 τὰ
368 2517 478 2554 αὑτῶν
501 2516 666 2555 ἐκάλουν·
691 2519 822 2568 μᾶλλον
856 2517 890 2556 δὲ
924 2517 969 2556 τὰ
1001 2521 1114 2556 αὑτῶν

100 2577 292 2619 πωλοῦντες
316 2577 402 2628 πρὸς
419 2576 496 2620 τοὺς
525 2577 654 2616 ἐκείνου
681 2577 798 2631 ἔφερον
819 2578 945 2625 πόδας,
965 2578 1041 2617 οὐδὲ
1069 2581 1115 2621 εἷς

99 2642 216 2687 χεῖρας
230 2636 459 2686 ἐμὸοίλλοντες
475 2640 533 2685 (οὔ
552 2637 618 2710 γὰρ
631 2638 808 2689 ἐτόλμων)
821 2669 830 2686 ,
840 2639 1009 2687 τοσαύτην
1028 2638 1116 2690 μετὰ

99 2699 160 2742 της
179 2697 356 2749 δαψιλείας
373 2713 432 2736 και
449 2698 510 2746 τὴν
529 2698 634 2748 τιμὴν
653 2700 745 2737 αὐτῶ
766 2699 1007 2750 ἀπονέμοντες.
1024 2702 1115 2739 Ἀλλ’

99 2759 223 2801 ἐκεῖνος
252 2758 384 2811 Πέτρος
414 2775 469 2806 ην,
505 2759 600 2812 φησί.
636 2760 705 2798 Και
734 2760 768 2798 τί
799 2765 919 2808 τοῦτο,
939 2761 1116 2814 ἄνθρωπε,

98 2818 201 2856 οὐοὲ
191 2819 257 2870 γὰρ
277 2820 403 2873 Πέτρῳ
419 2820 649 2872 επηγγείλατο
665 2824 775 2858 ταῦτα
792 2821 909 2872 μόνον,
925 2823 1000 2860 οὐδὲ
1019 2826 1094 2861 εἰπε
1106 2853 1115 2870 ,

99 2896 139 2917 συ
170 2880 222 2927 δὲ,
253 2883 280 2917 ὠ
315 2882 446 2933 Πέτρε,
481 2883 823 2921 ἑκατονταπλασίονα
862 2883 924 2929 λη
909 2900 957 2935 ,μη
995 2884 1116 2934 μόνος,

100 2941 200 2988 ἀλλὰ,
217 2943 293 2984 Πᾶς
302 2941 396 2987 ὅστις
409 2946 541 2994 ἀφῆκεν
562 2944 671 2981 οἰκίαν
686 2942 707 2989 ἢ
729 2944 907 2995 ἀδελφοὺς,
929 2947 1115 2983 ἑκατοντα-

99 3003 268 3040 πλασίονα
281 3003 440 3055 λήψεται.
461 3004 551 3043 Οὐδὲ
578 3004 645 3057 γὰρ
670 3005 866 3057 προσώπων
899 2999 968 3044 οἶδε
994 3007 1118 3058 διαφο-

101 3062 174 3111 ρὰν,
194 3064 282 3101 ἀλλὰ
306 3065 522 3116 πραγμάτων
553 3066 822 3118 κατορθώματα.
844 3066 950 3105 Ἀλλὰ
969 3067 1118 3105 παιδίων

103 3139 145 3171 με
164 3124 263 3174 χορὸς
289 3125 515 3177 περιέστηκε,
543 3127 645 3179 φησὶ,
665 3128 724 3165 καὶ
746 3129 904 3178 ἐπιθυμῶ
924 3130 1117 3166 πλουτοῦν-

102 3199 161 3226 τας
180 3184 297 3227 αὐτοὺς
313 3187 528 3225 καταλιπεῖν.
548 3188 651 3231 Τίνος
670 3182 726 3225 οῧν
746 3188 860 3226 ἕνεκεν
883 3188 1035 3234 πένητας
1053 3191 1116 3226 αὖ·

103 3245 176 3287 τοὺς
196 3249 381 3295 ποιοῦμεν,
400 3244 459 3284 Ἂν
478 3247 537 3297 μὲν
558 3248 624 3301 γὰρ
652 3251 764 3292 αὐτοῖς
791 3248 834 3287 τὰ
864 3249 978 3286 πάντα
1009 3251 1118 3301 ἀφῇς,

148 3350 162 3371 ¹-
189 3347 298 3379 worvl.
321 3360 488 3390 perperam
529 3356 576 3383 καὶ
595 3358 763 3395 §ripum-2
782 3359 889 3390 ἐκείνην
913 3358 960 3387 καὶ
990 3360 1106 3399 ἀτάρα-

145 3419 153 3430 ,
196 3400 255 3433 [A.
274 3404 429 3434 mmaa‘w
445 3412 503 3441 pro
519 3406 707 3436 καταλύειν.
728 3404 770 3434 Et
788 3405 833 3436 sic
852 3416 955 3447 marg.
977 3405 1077 3437 Saxii.
1100 3406 1108 3446 l

835 249 976 280 EPIST.
1016 247 1041 279 A
1048 250 1075 279 D
1111 250 1203 280 ROM
1211 271 1220 280 .

2106 240 2158 294 41

2074 235 2100 282 5

1189 346 1271 371 vero
1289 332 1493 371 diuturnius
1507 332 1649 379 retinet,
1667 340 1840 383 quaestum
1859 334 2027 385 majorem
2045 335 2164 373 efficit.

1188 393 1285 431 Itane
1319 394 1417 446 apud
1446 394 1605 432 homines
1635 407 1771 431 moram
1786 408 1855 431 non
1876 408 1966 445 aegre
1993 396 2163 446 serimus,

1187 454 1247 491 sed
1263 455 1430 506 majorem
1451 454 1528 492 fieri
1555 468 1719 492 curamus
1737 484 1746 502 ,
1765 463 1798 491 et
1831 454 1930 506 apud
1966 456 2082 492 Deum
2117 455 2165 494 ita

1186 516 1431 566 pusillanimes
1450 515 1604 561 erimus,
1625 524 1664 552 ut
1680 515 1758 552 ideo
1777 528 1900 566 segnes
1919 516 2029 554 simus
2051 526 2083 555 et
2101 526 2166 554 ter-

1187 576 1424 626 giversemur3
1441 576 1526 620 etsi,
1542 585 1581 614 ut
1597 575 1690 625 dixi,
1713 585 1746 613 et
1761 576 1820 613 hic
1833 576 1889 614 det
1905 591 1943 614 ea
1955 607 1965 625 ,
1981 592 2049 628 qua
2065 578 2164 627 dixi,

1185 636 1229 674 de
1244 651 1367 687 causa,
1390 645 1422 674 et
1441 636 1541 674 aliud
1562 636 1737 687 quiddam
1762 636 1877 688 majus
1892 651 2095 689 praeparans
2130 639 2164 676 in

1185 698 1270 734 caelo
1295 706 1409 735 totum
1428 696 1623 734 recondat?
1654 696 1865 747 Magnitudo
1896 697 2029 750 quippe
2047 698 2131 736 doni
2149 729 2160 748 ,

1136 761 1159 790 C
1184 767 1216 795 et
1232 757 1462 810 pulchritudo
1476 758 1565 809 ejus,
1580 758 1662 797 vitae
1675 758 1858 809 praesentis
1872 759 2046 797 vilitatem
2061 761 2164 812 longe

1184 827 1336 869 superat.
1362 818 1441 855 Non
1459 818 1553 855 enim
1573 817 1650 855 fieri
1675 826 1811 868 potest,
1834 828 1872 855 ut
1902 819 1937 856 in
1966 821 2107 858 mortali
2131 830 2164 859 et

1182 878 1281 915 fluxo
1292 891 1439 928 corpore
1449 877 1757 915 immarcescibiles
1766 877 1835 914 illae
1847 892 1981 917 coronae
1994 881 2164 933 accipian-

1186 946 1259 986 tur,
1276 951 1390 987 neque
1406 937 1442 974 in
1460 937 1527 975 hac
1542 937 1705 989 praesenti
1720 946 1752 975 et
1770 939 1927 975 tumultu
1940 940 2044 991 plena
2061 942 2133 979 vita
2148 974 2159 989 ,

1183 997 1508 1047 mutationibusque
1530 997 1696 1048 plurimis
1724 997 1880 1035 obnoxia
1896 1028 1907 1047 ,
1933 999 2078 1037 immota
2103 1002 2163 1039 illa

1183 1059 1390 1109 stabilisque
1410 1073 1484 1096 sors
1508 1058 1659 1097 obtineri
1681 1067 1806 1110 potest.
1836 1061 1915 1098 Jam
1934 1074 2018 1099 vero
2039 1062 2068 1099 si
2087 1063 2165 1113 quis

1182 1120 1249 1158 tibi
1262 1120 1296 1157 in
1306 1120 1420 1158 aliena
1429 1129 1520 1157 terra
1529 1119 1682 1172 degenti,
1697 1120 1760 1157 ubi
1774 1120 1890 1158 nullos
1901 1121 2047 1160 haberes
2056 1124 2165 1160 samu-

1182 1181 1247 1231 los,
1265 1197 1378 1232 neque
1396 1195 1516 1234 posses
1536 1181 1573 1218 in
1593 1181 1744 1234 patriam
1762 1181 1849 1232 quid
1870 1183 2075 1233 transferre,
2096 1185 2165 1222 foe-

1182 1257 1268 1280 nora
1287 1243 1372 1280 dare
1391 1243 1641 1295 polliceretur,
1674 1242 1806 1280 obnixe
1829 1243 2043 1295 precareris,
2066 1259 2109 1282 ne
2130 1244 2166 1282 id

1183 1303 1249 1341 tibi
1269 1303 1304 1340 in
1319 1303 1504 1355 peregrina
1525 1312 1640 1353 terra,
1662 1301 1725 1340 sed
1749 1303 1847 1341 domi
1876 1317 2016 1342 reverso
2045 1319 2168 1343 nume-

1184 1373 1278 1401 raret
1288 1379 1300 1413 3
1325 1363 1417 1401 bona
1438 1377 1523 1403 vero
1542 1363 1603 1400 illa
1620 1362 1817 1414 spiritualia
1837 1372 1869 1401 et
1885 1378 2012 1402 arcana
2032 1365 2091 1403 hic
2115 1366 2168 1403 vis

1136 1428 1161 1457 D
1184 1424 1365 1476 recipere?
1390 1432 1423 1462 et
1441 1431 1571 1474 quanta
1587 1422 1708 1460 istliaec
1726 1422 1909 1460 amentia?
1932 1424 2023 1460 Nam
2055 1424 2085 1461 si
2110 1424 2169 1461 hic

1184 1485 1336 1537 accipis,
1355 1485 1518 1522 mortalia
1528 1497 1674 1536 prorsus
1695 1483 1849 1535 accipis,
1876 1484 1904 1521 si
1925 1499 2009 1523 vero
2030 1494 2169 1538 tempus

1184 1547 1274 1585 illud
1287 1557 1486 1599 exspectes,
1508 1546 1795 1598 incorruptibilia
1815 1556 1848 1584 et
1869 1561 1939 1585 non
1954 1547 2051 1585 fluxa
2069 1548 2170 1585 dabit

1186 1609 1251 1647 tibi
1270 1625 1277 1645 ε
1300 1610 1329 1647 si
1346 1609 1405 1646 hic
1420 1608 1585 1660 accipias,
1605 1608 1795 1660 plumbum
1811 1608 1976 1660 accepisti
1992 1625 2003 1657 ;
2026 1609 2054 1646 si
2073 1610 2147 1647 illic
2159 1641 2168 1658 ,

1186 1685 1314 1708 aurum
1330 1670 1534 1723 probatum.
1558 1671 1696 1708 Verum
1713 1682 1826 1719 neque
1850 1670 2082 1721 praesentibus
2101 1670 2167 1707 bo-

1186 1732 1240 1769 nis
1265 1741 1297 1770 te
1316 1731 1486 1784 privavit.
1519 1731 1603 1768 Post
1630 1729 1730 1767 illam
1753 1729 1847 1767 enim
1875 1731 2165 1784 promissionem,

1185 1793 1293 1830 aliam
1334 1791 1477 1830 addidit
1511 1791 1562 1829 sic
1600 1790 1721 1828 dicens
1752 1806 1759 1826 :
1793 1791 1965 1841 Quisquis
2018 1792 2168 1830 caelestia

1185 1863 1279 1892 amat
1291 1885 1301 1901 ,
1318 1854 1522 1906 centuplum
1538 1852 1684 1904 recipiet
1697 1852 1732 1890 in
1747 1852 1814 1890 hoc
1831 1853 1958 1890 saeculo
1971 1883 1983 1904 ,
2004 1863 2038 1891 ct
2056 1855 2168 1893 vitam

1185 1924 1351 1953 aetcrnam
1370 1914 1575 1967 possidebit.
1599 1913 1734 1953 sivero
1759 1914 1965 1966 centuplum
1981 1929 2048 1953 non
2069 1916 2166 1954 acci—

1184 1977 1327 2029 pimus,
1346 1990 1408 2014 nos
1426 1976 1461 2015 in
1486 1990 1589 2015 causa
1609 1990 1752 2026 sumus,
1774 1975 1836 2027 qui
1856 1989 1924 2014 non
1954 1986 2078 2016 mutuo
2100 1977 2168 2016 da-

1184 2050 1265 2074 mus
1279 2036 1309 2074 ei
1321 2066 1332 2086 ,
1356 2035 1418 2087 qui
1436 2044 1575 2074 tantum
1599 2034 1684 2073 dare
1705 2043 1819 2087 potest
1837 2050 1844 2071 :
1870 2045 2043 2087 quotquot
2075 2036 2168 2074 enim

1137 2102 1161 2132 E.
1185 2096 1378 2145 dederunt,
1402 2105 1453 2134 tot
1482 2105 1645 2147 tantaque
1675 2105 1902 2148 receperunt,

1260 250 1416 281 HOMIL.
1457 251 1535 282 Vll.

1186 2231 1300 2255 nonne
1318 2226 1390 2254 rete
1411 2217 1559 2255 scissum
1573 2247 1582 2264 ,
1601 2225 1635 2253 et
1655 2216 1831 2253 calamum
1853 2225 1886 2254 et
1903 2217 2081 2257 hamum?
2101 2219 2172 2257 Sed

1186 2286 1303 2316 tamen
1328 2279 1425 2316 Deus
1448 2277 1515 2330 ipsi
1534 2277 1691 2315 universi
1716 2277 1814 2315 orbis
1846 2277 1971 2316 domos
1999 2280 2138 2331 aperuit
2158 2311 2168 2326 ,

1186 2347 1316 2376 terram
1335 2347 1369 2376 et
1385 2352 1481 2376 mare
1496 2337 1668 2390 expandit
1695 2347 1729 2375 et
1754 2352 1875 2377 omnes
1902 2339 2004 2377 illum
2035 2341 2081 2379 ad
2109 2357 2172 2379 sua

1168 2403 1171 2406 ’
1187 2400 1380 2438 evocabant
1394 2415 1405 2449 3
1421 2399 1492 2436 imo
1514 2413 1577 2437 sua
1597 2397 1788 2437 vendentes
1806 2399 1853 2438 ad
1873 2400 1970 2438 illius
1989 2401 2098 2453 pedes
2117 2404 2171 2440 af-

1187 2458 1366 2506 ferebant,
1388 2472 1457 2496 non
1473 2458 1520 2496 ad
1541 2471 1666 2495 manus
1684 2458 1907 2510 conjicientes
1922 2464 1933 2504 (
1949 2473 2062 2510 neque
2078 2461 2173 2498 enim

1188 2518 1409 2568 audebant),
1431 2527 1569 2556 tantum
1581 2517 1634 2555 illi
1647 2532 1728 2555 cum
1747 2518 1989 2557 munificentia
2004 2521 2173 2559 honorem

1188 2580 1396 2620 tribuentes.
1414 2579 1485 2617 Sed
1501 2579 1562 2616 ille
1583 2580 1709 2617 Petrus
1725 2589 1815 2624 erat,
1833 2580 1983 2630 inquies.
2008 2581 2057 2618 Et
2081 2583 2179 2632 quid·

1187 2642 1274 2687 hoc,
1297 2655 1317 2678 ο
1339 2641 1445 2678 homo
1456 2641 1474 2678 ‘t‘
1488 2641 1612 2690 Neque
1625 2639 1718 2677 enim
1733 2642 1836 2678 Petro
1850 2650 1988 2678 tantum
2004 2642 2079 2680 haec
2095 2644 2172 2695 pol-

1187 2703 1308 2740 licitus
1331 2710 1405 2751 est,
1427 2715 1540 2752 neque
1555 2701 1668 2748 dixit,
1689 2701 1748 2738 Tu
1767 2715 1873 2748 vero,
1898 2702 2020 2749 Petre,
2043 2713 2170 2742 centu-

1188 2761 1288 2813 plum
1306 2759 1402 2812 recip
1419 2774 1458 2797 es
1471 2759 1589 2806 solus,
1617 2758 1698 2807 scd,
1720 2760 1959 2812 Quicumque
1975 2762 2174 2813 reliquerit

1189 2822 1368 2865 domum,
1401 2819 1469 2871 vel
1480 2820 1649 2871 fratres,
1674 2820 1895 2871 centuplum
1917 2824 2084 2873 recipiet.
2102 2825 2171 2861 Ne-

1130 2921 1177 2945 495
1189 2896 1259 2932 que
1278 2880 1372 2918 enim
1392 2893 1620 2931 personarum
1639 2879 1877 2917 differentiam
1891 2881 1950 2919 ille
1964 2883 2084 2929 novit,
2112 2884 2173 2921 scd

1142 2957 1168 2985 Α
1190 2957 1309 2981 r·eium
1328 2942 1464 2980 melita.
1485 2944 1533 2979 At
1552 2956 1628 2990 me,
1649 2941 1809 2991 inquies,
1827 2942 2021 2982 liberorum
2041 2913 2169 2984 cliorus

1191 3003 1454 3051 circumsistit,
1489 3003 1665 3055 cupioque
1691 3002 1771 3040 illos
1802 3003 1933 3042 divites
1962 3005 2171 3057 relinquere

1193 3067 1265 3104 Cur
1293 3079 1375 3116 ergo
1404 3065 1483 3102 illos
1511 3077 1682 3117 pauperes
1714 3063 1871 3101 reddis?
1907 3065 1946 3103 Si
1978 3066 2072 3104 enim
2100 3068 2172 3105 illis

1191 3128 1308 3166 omnia
1337 3126 1542 3177 reliqueris,
1570 3139 1639 3163 non
1659 3134 1741 3162 tutae
1767 3126 1936 3164 custodiae
1965 3136 2026 3166 tua
2055 3131 2173 3168 omnia

1192 3189 1383 3231 committis
1391 3204 1401 3237 3
1420 3188 1544 3225 sivero
1563 3188 1680 3224 Deum
1698 3186 1887 3225 constituas
1902 3187 2059 3239 ipsorum
2073 3192 2174 3229 cohe-

1193 3247 1312 3286 redem
1340 3256 1372 3284 et
1393 3254 1587 3283 curatorem
1603 3274 1613 3292 ,
1642 3244 1800 3282 infinitos
1820 3245 1892 3284 illis
1920 3247 2102 3288 thesauros
2123 3264 2175 3288 re—

1218 3363 1228 3377 e
1255 3353 1299 3394 [A
1333 3359 1363 3383 ct
1383 3362 1486 3393 marg.
1504 3350 1579 3383 Sav-
1599 3356 1703 3384 οῐκίαν.
1724 3348 1812 3382 Edili
1831 3357 1994 3393 μετοικίαν.
2013 3354 2025 3394 ]

1942 2097 2025 2135 licet
2056 2112 2176 2150 pauca-

1185 2158 1360 2197 dederint.
1375 2158 1473 2205 Quid
1490 2158 1583 2196 enim
1597 2157 1730 2209 magni,
1746 2172 1862 2208 quaeso
1876 2188 1886 2207 ,
1905 2158 2004 2196 dedit
2017 2161 2142 2198 Petrus
2152 2162 2176 2198 Ξ)

2185 1800 2297 1829 ᾸῘαιιῘι.

2183 1849 2234 1879 29.

2223 1917 2286 1945 Non
2302 1918 2371 1945 doni

2184 1960 2350 1996 magnitudo
2362 1980 2368 1990 ,

2182 2001 2232 2028 sed
2258 2001 2371 2027 animus

2182 2047 2339 2080 spectatur.

2323 1810 2370 1838 ῖς).
