2466 3805
672 270 714 299 ΙΝ
752 269 868 300 ACTA
905 267 1249 300 APOSTOLORUM.
1287 268 1445 302 nomn„
1483 271 1592 303 xxu.

2078 281 2155 327 191

94 352 240 404 ρούντων
260 355 377 406 αὐτῷ,
391 354 449 392 καὶ
469 354 724 406 ἐξηγησάμενος
742 357 855 399 αὐτοῖς
868 355 1004 403 πάντα,
1025 353 1109 393 ἀπέ-
1181 355 1408 403 Dominum,
1430 371 1478 394 ex
1499 360 1548 395 iis
1567 361 1635 409 qui
1652 357 1715 396 illi
1728 361 1934 411 parebant.
1955 359 1993 399 8.
2017 362 2162 413 Quibus

89 414 219 451 στειλεν
237 413 357 457 αὐτοὺς
373 417 419 458 εἷς
439 415 501 460 τὴν
516 415 673 487 Ἰόππην.
690 415 798 468 Ὁρᾷς
811 446 820 464 ,
840 415 893 454 ὅτι
908 414 1107 468 οὐχ’ἁπλῶς
1180 428 1267 452 cum
1298 427 1495 455 narrasset
1522 422 1668 469 omnia,
1689 423 1793 458 misit
1817 421 1905 458 illos
1933 423 1975 458 in
1991 422 2156 473 Joppen.

88 477 199 511 ταῦτα
217 474 330 526 λεγει,
351 476 427 513 ἀλλ’
449 475 501 514 ότι
530 476 589 513 καὶ
608 492 639 514 οι
655 492 992 528 προσκαρτερουντες
1011 477 1106 527 αὐτῳ
1181 476 1313 515 Viden’
1337 478 1440 516 illum
1460 479 1537 518 haec
1562 494 1632 518 non
1660 481 1733 519 sine
1761 495 1865 520 causa
1884 481 2014 533 dicer,e
2034 483 2096 520 sed
2123 493 2163 521 ut

88 549 236 572 τοιουτοι
260 539 360 582 ἦσαν,
381 536 437 574 ἵνα
466 539 515 575 δει
508 536 576 589 ξη,
607 537 675 575 Καὶ
703 537 958 589 ἐξηγησάμενος
991 540 1106 580 αὐτοῖς
1128 540 1154 569 D
1178 536 1375 575 ostendeiet
1391 553 1462 587 eos,
1488 540 1550 590 qui
1572 541 1742 592 parebant
1761 541 1830 591 illi,
1851 542 1938 580 tales
1954 543 2086 581 fuisse?
2110 546 2165 583 Et

1177 610 1265 634 cum
1293 609 1489 638 narrasset
1516 602 1596 639 illis
1617 605 1761 649 omnia,
1787 602 1913 654 inquit.
1937 604 2034 643 Vide
2055 619 2163 655 quam

1176 657 1309 696 alicnus
1329 659 1374 696 sit
1392 675 1411 696 a
1442 661 1546 698 fastu.
1575 663 1655 699 Non
1684 663 1790 711 dixit,
1811 666 1945 703 Vocate
1978 665 2068 702 mihi
2096 667 2162 704 Pe-

1176 726 1292 767 trum,
1313 719 1374 756 sed
1392 729 1431 757 ut
1458 721 1633 771 suaderet,
1653 724 1812 763 narravit
1840 725 1958 762 omnia
1983 740 1991 761 ε
2011 725 2062 763 sic
2086 741 2162 765 rem

1176 777 1236 814 ille
1255 780 1406 830 provide
1423 782 1560 831 agebat.
1590 784 1668 820 Non
1688 784 1781 821 enim
1800 785 1915 822 voluit
1944 800 1990 823 ex
2008 788 2161 826 auctori-

1176 847 1246 876 tate
1271 839 1375 876 illum
1410 855 1615 879 accersere:
1638 843 1718 880 ideo
1747 854 1878 882 narrat.
1917 848 2040 896 Usque
2074 848 2161 886 adeo

1177 899 1356 937 modestus
1375 911 1449 938 erat
1462 902 1581 950 homo,
1602 903 1738 941 etiamsi
1760 905 1849 942 nihil
1871 920 2041 956 magnum
2057 909 2159 959 cogi-

1175 959 1243 996 tari
1273 970 1391 1011 posset
1427 961 1471 998 de
1503 962 1581 999 viro
1610 964 1708 1014 apud
1727 965 1918 1002 coriarium
1945 967 2159 1008 diversante.

87 595 223 643 πάντα,
249 597 366 648 φησίν.
386 596 482 650 υΟρα
498 599 537 636 τὸ
557 599 694 651 ἄτυφον.
718 601 795 637 Οὐκ
815 603 913 646 εἰπε,
934 599 1020 636 καλέ
1006 597 1106 636 εσατέ

89 671 148 705 μοι
165 657 317 710 Πετρον·
333 659 408 696 ἀλλ’
425 658 516 697 ὥστε
529 659 734 704 κοιιπεῖσαι,
748 658 1105 710 ἓξηγησατοᾶποιντα·

87 715 193 760 οὕτως
213 718 408 768 οἰκονομίας
427 714 480 766 ἦν,
502 722 554 757 Οὐ
573 720 639 771 γὰρ
667 719 762 765 ἠξίου
785 720 854 758 ἀπὸ
873 724 932 756 τοῦ
950 719 1104 769 ἀξιώμα-

86 792 142 821 τος
173 779 272 816 αὐτὸν
306 780 616 832 μεταπέμρασθαι·
639 780 694 818 διὰ
721 785 822 818 τοῦτο
841 779 875 817 ἐζ
861 787 1014 831 ηγεῖται
1032 781 1105 816 λοι-

83 853 159 876 πΟΙ.
181 841 353 877 ΤΟσΟῦἜΟν
372 844 413 886 ἠν
434 841 569 891 (Ι-έῗρῑος
589 858 606 878 0
626 841 733 893 ἀνηρ”
753 841 867 878 καίτοι
887 841 983 877 ΟὖΟΞν
1013 839 1103 890 μέγα

82 902 124 944 ἠν
144 902 380 950 φχνῗασοῆναί
396 901 475 951 περὶ
496 901 616 951 ἀνΟρΟς
636 915 874 950 καταγΟῘΙ-Ξνου
903 899 999 951 παρὰ
1019 901 1103 950 βυρ-

85 965 147 996 σεῖ.
170 961 225 1011 Γῃ
255 961 289 998 δὲ
321 961 483 1014 ἐπαύριον
510 960 778 1011 ὁδοιπορούντων
800 960 938 997 ἐκείνων
972 959 1031 997 καὶ
1058 961 1101 1009 τῇ

82 1020 180 1057 πόλει
196 1022 408 1072 ἐγγιζόντων,
427 1021 531 1067 ἀνέὸη
555 1020 688 1073 Πέτρος
707 1020 764 1058 ἐπὶ
778 1021 817 1058 τὸ
837 1021 939 1070 δῶμα
958 1019 1103 1070 προσεύ-
1175 1019 1213 1056 9.
1246 1022 1411 1058 Postera
1441 1031 1572 1059 autem
1589 1024 1664 1070 die,
1697 1027 1770 1062 iter
1792 1026 1873 1063 illis
1894 1028 2157 1078 facientibus,

82 1079 203 1123 ξασθαι
222 1082 300 1133 περὶ
318 1080 410 1134 ὥραν
431 1081 550 1126 ἕκτην.
566 1080 675 1133 ιὈρα,
689 1083 763 1122 πῶς
777 1079 852 1122 τοὺς
868 1078 1007 1131 καιροὺς
1023 1095 1104 1117 συν-
1174 1087 1212 1115 et
1231 1083 1629 1132 appropinquantibus
1647 1086 1811 1131 civitati,
1829 1087 2005 1124 ascendit
2019 1090 2160 1127 Petrus

83 1140 159 1190 ἄγει
180 1141 219 1177 τὸ
238 1142 383 1190 Πνεῦμα
401 1170 410 1186 ,
430 1141 489 1178 καὶ
511 1140 587 1178 οὔτε
618 1143 753 1187 θᾶττον,
786 1139 862 1177 οὔτε
895 1139 1099 1191 βραδύτερον
1125 1145 1148 1174 Ε
1174 1140 1215 1175 in
1244 1143 1442 1190 superiora
1469 1145 1575 1179 circa
1605 1144 1741 1181 horam
1761 1153 1924 1184 sextam.
1955 1147 2051 1186 Vide
2070 1162 2161 1199 quo-

80 1205 172 1236 ποιεῖ
185 1204 284 1237 τοῦτο
302 1201 471 1250 γενέσθαι.
490 1199 610 1246 Ἀνέὸη
627 1230 636 1247 ,
656 1200 773 1252 φησὶν,
795 1203 812 1237 ὃ
828 1199 961 1251 Πέτρος
989 1200 1045 1238 ἐπὶ
1063 1198 1102 1236 τὸ
1173 1199 1280 1236 modo
1313 1200 1469 1251 Spiritus
1503 1210 1662 1254 tempora
1685 1215 1879 1253 connectat,
1908 1220 1949 1243 ac
1981 1221 2093 1258 neque
2109 1210 2160 1247 ci-

81 1260 180 1309 δῶμα
202 1260 454 1312 προσεύξασθαι
472 1261 551 1313 περὶ
571 1260 663 1313 ὥραν
682 1261 784 1307 ἕκτην
797 1276 805 1283 ·
825 1260 1005 1307 τουτέστι,
1022 1262 1099 1298 κατ’
1172 1260 1241 1298 tius
1260 1275 1372 1312 neque
1391 1262 1527 1301 tardius
1547 1278 1623 1302 rem
1655 1266 1774 1304 faciat.
1796 1267 2001 1315 Ascendit,
2030 1270 2158 1321 inquit,

1170 1324 1310 1361 Petrus
1342 1327 1384 1361 in
1413 1328 1625 1376 superiora,
1658 1337 1700 1365 ut
1731 1339 1860 1367 oraret
1886 1333 1991 1368 circa
2021 1333 2159 1371 horam

1170 1391 1319 1421 sextam
1341 1397 1352 1420 .·
1372 1384 1440 1421 hoc
1464 1394 1526 1434 est,
1543 1400 1701 1425 seorsum
1729 1397 1762 1426 et
1789 1388 1825 1426 in
1847 1390 1976 1440 quiete,
1998 1393 2099 1441 quasi
2122 1394 2158 1431 in

1170 1445 1366 1482 coenaculo.
1391 1447 1452 1485 10.
1474 1449 1528 1484 Et
1546 1462 1633 1485 cum
1648 1453 1822 1497 esuriret,
1842 1452 1972 1489 voluit
1987 1462 2156 1503 gustare.

1169 1507 1408 1545 Pararztibus
1421 1517 1550 1546 autem
1565 1511 1658 1557 illis,
1676 1513 1813 1549 cecidit
1829 1526 2035 1564 supereum
2047 1529 2157 1553 men-

1168 1568 1217 1603 tis
1237 1581 1428 1615 excessus,
1448 1577 1484 1606 et
1497 1571 1599 1608 vidit
1621 1572 1758 1609 coelum
1784 1582 1970 1624 apertum.
1987 1574 2087 1619 Quid
2105 1586 2157 1614 cst

1168 1628 1295 1665 mentis
1314 1630 1502 1667 excessus?
1526 1631 1744 1682 Spiritualis,
1770 1633 1899 1683 inquit,
1932 1636 2154 1687 contempla—

1168 1689 1218 1727 tio
1237 1691 1368 1728 accidit
1383 1692 1437 1729 illi
1461 1709 1468 1729 ι
1492 1708 1536 1731 ex
1556 1708 1713 1746 corpore,
1726 1705 1765 1733 ut
1784 1696 1832 1733 ita
1852 1697 1982 1748 dicam,
2002 1700 2153 1737 excessit

1167 1750 1299 1788 anima.
1323 1754 1364 1788 11
1379 1782 1386 1789 .
1403 1754 1455 1789 Et
1470 1755 1572 1791 vidit
1590 1755 1726 1792 caelum
1742 1765 1929 1807 apertum,
1947 1767 1985 1795 et
2000 1760 2155 1797 descen-

1167 1811 1264 1848 dens
1291 1825 1365 1849 ‘vas
1398 1814 1594 1864 quoddam
1619 1816 1729 1852 velut
1761 1817 1924 1854 linteum
1955 1833 2151 1870 magnum,

73 1867 162 1903 ποδα
182 1883 243 1912 της
264 1870 346 1916 γῆς,
366 1867 425 1904 καὶ
452 1867 496 1905 τὰ
516 1867 619 1919 θηρία
647 1868 705 1905 καὶ
724 1867 768 1905 τοι
792 1866 943 1919 ἑρπετὰ,
969 1883 1027 1905 και
1055 1868 1098 1906 τὰ
1168 1880 1335 1922 quatuor
1362 1874 1484 1910 initiis
1513 1876 1688 1911 submitti
1710 1876 1758 1912 de
1785 1878 1880 1914 eaelo
1909 1881 1951 1915 in
1980 1888 2153 1916 terram:

73 1926 213 1963 πετεινὰ
234 1943 293 1965 του
324 1930 481 1979 οὐρανου.
509 1928 613 1966 Καὶ’
599 1928 733 1979 ἐγένετο
752 1927 846 1980 φωνὴ
870 1944 954 1981 προς
973 1929 1095 1967 αὐτόν·
1104 1934 1228 1987 17912.
1257 1936 1299 1969 in
1330 1947 1405 1985 quo
1435 1943 1546 1972 erant
1567 1938 1699 1973 omnia
1727 1939 1995 1991 quadrupedia
2024 1948 2148 1987 terrce,

72 1986 223 2030 ἀναστὰς
242 1988 377 2039 Πετρε,
399 1991 498 2026 Oooov
514 1988 573 2026 καὶ
594 1988 695 2040 φάγε·
714 1988 757 2026 Ο
779 1987 813 2026 δὲ
827 1988 960 2041 Πέτρος
980 1993 1093 2028 εἶπεν·
1115 1997 1142 2027 Α
1163 2003 1198 2032 et
1220 1997 1348 2033 bestioe
1374 2004 1409 2032 et
1424 2000 1618 2047 serpentia
1637 2006 1671 2035 et
1686 2000 1875 2038 volatilia
1890 2002 1987 2038 eceli.
2011 2002 2074 2039 15.
2098 2004 2152 2040 Et

73 2049 265 2097 μηδαμῶς,
293 2049 421 2102 Κύριε,
446 2048 500 2087 ὅτι
519 2049 682 2087 οὐδέποτε
701 2048 827 2100 ἔφαγον
845 2066 914 2087 παν
934 2051 1046 2088 κοινὸν
1067 2050 1089 2097 ἢ
1150 2056 1272 2106 facta
1297 2064 1353 2093 est
1373 2070 1453 2093 vox
1486 2058 1539 2093 ad
1556 2071 1670 2095 eum.-
1695 2059 1828 2111 Surge,
1849 2062 1979 2107 Petre,
2003 2064 2148 2108 occide,

71 2108 274 2159 ἀκάθαρτον.
291 2109 360 2146 Καὶ
380 2109 475 2160 φωνὴ
497 2109 602 2148 πάλιν
623 2112 661 2147 ἐκ
676 2110 833 2161 δευτέρου
854 2109 938 2162 πρὸς
957 2112 1059 2149 αὐτόν
1079 2127 1087 2135 ·
1159 2125 1197 2153 et
1207 2117 1412 2155 manduca.
1427 2118 1489 2154 14.
1503 2117 1576 2155 Ait
1595 2128 1724 2156 autem
1737 2122 1897 2159 Petrus:
1916 2121 2048 2171 Absit,
2066 2124 2149 2160 Do-

68 2168 89 2206 ἂ
112 2171 128 2205 ὁ
158 2169 246 2212 (θεὸς
262 2169 466 2221 ἐκαθάρισε,
487 2169 528 2208 σὺ
547 2170 594 2220 μὴ
612 2169 736 2207 κοίνου.
763 2171 933 2208 'soffia-63&
952 2171 1086 2221 ἐγένετο
1158 2181 1273 2224 mine,
1298 2181 1390 2229 quia
1413 2192 1624 2230 numquam
1641 2183 1877 2220 manducavi
1905 2197 2018 2220 omne
2046 2197 2151 2221 com-

68 2229 124 2266 ἕπὶ
152 2229 245 2281 τρίς·
267 2230 325 2268 καὶ
343 2229 447 2267 πάλιν
470 2230 644 2282 ἀνελήφθη
676 2229 715 2267 τὸ
742 2234 861 2274 σκεῦος
887 2232 933 2274 εἷς
951 2231 1009 2269 τὸν
1029 2234 1084 2270 οὐ·
1157 2253 1272 2276 mune
1285 2247 1322 2275 et
1338 2240 1591 2277 immundum.
1613 2241 1675 2278 15.
1693 2243 1748 2279 Et
1763 2257 1845 2279 vox
1861 2246 1999 2281 iterum
2015 2257 2152 2282 secun—

1155 2301 1204 2336 do
1229 2300 1284 2337 ad
1309 2313 1395 2336 eum
1412 2315 1422 2335 :
1444 2301 1556 2350 Quod
1574 2303 1680 2340 Deus
1707 2304 1947 2355 purificavit,
1974 2313 2015 2342 tu
2043 2319 2150 2342 corn-

1153 2376 1268 2400 mune
1293 2376 1340 2399 ne
1372 2363 1526 2400 dixeris.
1549 2365 1612 2402 16.
1645 2366 1732 2403 Hoc
1749 2375 1880 2403 autem
1906 2368 2066 2418 factum
2093 2377 2151 2406 est

1153 2437 1273 2476 usque
1293 2425 1403 2460 tertio
1412 2441 1426 2469 ,·
1446 2432 1483 2461 et
1519 2427 1654 2462 statim
1681 2435 1875 2478 receptum
1912 2436 1968 2465 est
1999 2441 2075 2466 vas
2109 2431 2151 2466 in

1151 2486 1301 2523 caelum.

1205 2550 1244 2585 2.
1276 2547 1374 2593 Quid
1406 2547 1474 2585 hoc
1489 2556 1540 2585 est
1557 2547 1574 2585 Ξ)
1593 2547 1808 2599 Symbolum
1835 2549 1944 2587 totius
1968 2550 2064 2589 orbis
2092 2566 2148 2590 res

1153 2617 1216 2647 est.
1236 2609 1351 2646 Homo
1370 2608 1639 2645 incircumcisus
1662 2618 1736 2645 erat
1750 2638 1759 2656 ,
1776 2609 1938 2660 nihilque
1962 2625 2148 2650 commune

1153 2670 1307 2708 habebat
1321 2684 1403 2707 cum
1424 2669 1573 2708 Judaeis.
1597 2669 1690 2715 Quia
1710 2669 1822 2720 igitur
1842 2684 1962 2709 omnes
1981 2671 2083 2710 illum
2107 2683 2147 2711 ut

1153 2740 1445 2781 transgressorem
1467 2730 1666 2767 accusaturi
1688 2739 1798 2779 erant,
1814 2740 1849 2768 et
1866 2731 1938 2769 illis
1951 2731 2145 2771 admodum

1154 2792 1251 2830 cordi
1264 2801 1337 2830 erat
1355 2792 1566 2829 :necessario
1583 2792 1644 2830 ille
1657 2792 1707 2829 sic
1717 2806 1792 2830 rem
1805 2793 2015 2844 temperavit
2037 2803 2076 2832 ut
2089 2794 2149 2832 di-¹

1153 2862 1244 2891 ceret
1260 2854 1490 2905 :ZVunquam
1502 2854 1660 2900 comedi5
1677 2866 1745 2890 non
1761 2852 1857 2903 quod
1871 2853 2024 2900 timeret,
2039 2854 2143 2900 absit3

81 1320 182 1368 ἰδίαν,
208 1321 266 1358 καὶ
289 1323 321 1358 ἐν
341 1321 473 1374 ἠσυχίᾳ
487 1352 496 1369 ,
519 1324 565 1365 ὣς
588 1321 626 1358 ἂν
648 1323 682 1358 ἓν
703 1320 860 1373 ὑπερῴῳ.
883 1320 1044 1369 Ἐγένετο
1064 1321 1099 1359 δὲ

79 1381 303 1434 πρόσπεινος,
325 1383 383 1420 καὶ
401 1383 502 1429 ἤθελε
531 1382 733 1433 γεύσασθαι.
755 1382 1098 1435 Παρασκευαζόντων

79 1442 114 1479 δὲ
131 1442 281 1490 ἐκείνων,
304 1442 469 1481 ἐπέπεσεν
491 1445 545 1481 ἐπ’
568 1443 669 1481 αὐτὸν
689 1442 871 1490 ἔκστασις,
893 1443 951 1480 καὶ
978 1447 1098 1495 θεωρεῖ

77 1502 134 1541 τὸν
154 1504 295 1556 οὐρανὸν
311 1503 539 1555 ἀνεῳγμένον.
559 1503 606 1542 Τί
622 1506 712 1543 ἐστιν
731 1503 907 1551 ἔκστασις,
924 1505 1096 1555 Πνευμα-

77 1563 178 1611 τικὴ,
199 1565 300 1616 φησὶ,
325 1564 450 1616 Θεωρία
470 1564 605 1616 γέγονεν
631 1565 739 1616 αὐτῷ·
759 1569 818 1602 τοῦ
845 1564 1026 1615 σώματος,
1051 1568 1097 1608 ὡς

77 1623 117 1661 ἂν
146 1624 235 1662 εἴποι
253 1641 324 1673 τις,
346 1625 465 1671 ἐξέστη
482 1629 503 1671 ἡ
524 1624 633 1677 ψυχή.
650 1625 719 1663 Καὶ
739 1628 859 1677 θεωρεῖ
877 1625 934 1663 τὸν
955 1626 1096 1677 οὐρανὸν

77 1686 133 1721 ἀνε
120 1685 304 1736 ςρυγμένον,
324 1685 383 1723 καὶ
415 1685 625 1723 καταοαῖνον
649 1702 693 1723 επ
726 1685 826 1722 αὐτον
852 1684 971 1728 σκευός
998 1702 1033 1723 τι
1052 1688 1098 1730 ὡς

75 1746 193 1791 dorm-m
216 1761 258 1795 με
261 1745 383 1795 γάλην,
404 1745 588 1823 τέσσαρσιν
611 1747 736 1797 ἀρχαῖς
756 1747 792 1783 δε
778 1747 829 1783 085
816 1745 934 1796 μένον
955 1746 1014 1783 καὶ
1030 1762 1096 1784 κα-

75 1805 153 1855 Οιεμ
157 1821 228 1843 ενον
245 1806 302 1843 επὶ
321 1822 382 1852 της
401 1823 486 1857 γης,
508 1809 541 1844 ἐν
558 1810 585 1859 ᾡ
609 1809 745 1859 υπῆρχε
763 1807 878 1845 πάντα
897 1806 941 1844 τὰ
969 1807 1097 1858 τετρά-

70 2289 181 2340 ρανόν.

119 2541 167 2580 Τί
194 2557 276 2579 ποτε
307 2542 408 2579 τοῦτό
449 2544 542 2591 ἐστι,
573 2542 755 2594 Σόυιὸολον
784 2561 846 2591 της
877 2546 1079 2596 οἰκουμένης

67 2603 203 2650 ἁπάσης
217 2604 278 2641 τὸ
296 2610 442 2656 πρᾶγμα
455 2603 598 2655 γίνεται.
612 2604 656 2643 Ο
677 2605 853 2657 ἄνθρωπος
870 2608 1080 2658 ἀκρόὸυστος

67 2668 127 2711 ἠν,
145 2680 203 2701 και
225 2663 319 2702 οὐδὲν
339 2664 449 2702 κοινὸν
477 2669 548 2718 εἶχε
572 2665 657 2718 πρὸς
675 2667 872 2711 Ἰουδαίους.
895 2668 998 2707 Ἐπεὶ
1023 2674 1079 2707 οὐν

68 2725 209 2775 ἔμελλον
241 2727 343 2763 αὐτου
371 2733 573 2778 κατηγορεῖν
604 2728 754 2770 ἅπαντες
779 2730 825 2771 ὡς
857 2729 1079 2781 παραὸατου,

65 2785 123 2823 καὶ
141 2789 241 2824 τοῦτο
268 2786 357 2825 πάνυ
387 2789 499 2832 αὐτοῖς
520 2789 749 2841 προσίστατο,
777 2791 974 2842 ἀναγκαίως
990 2795 1081 2831 οἰκο-

62 2852 218 2895 νομεῖται
242 2849 364 2896 εἰπεῖν,
383 2848 561 2887 Οὐδέποτε
583 2850 708 2901 ἔφαγον
724 2866 732 2874 ·
754 2851 831 2904 οὐχὶ
852 2853 952 2895 αὐτὸς
973 2855 1080 2892 δεδοι-

63 2905 130 2948 κὼς
143 2936 152 2953 ,
174 2908 221 2956 μὴ
239 2907 382 2959 γένοιτο,
405 2911 481 2947 ἀλλ’
507 2911 573 2949 ὑπὸ
590 2915 650 2948 τοῦ
671 2910 888 2963 Πνεύματος,
909 2916 955 2957 ὡς
974 2913 1077 2966 ἔφην,

62 2967 363 3017 οἶκονομούμενος,
384 2969 428 3006 ἵν’
451 2970 514 3022 ἔχῃ
546 2971 734 3024 ἀπολογίαν
761 2989 846 3026 προς
864 2990 942 3016 τους
967 2978 1076 3026 ἐγκα-

61 3027 259 3074 λοῦντας,”
238 3044 290 3066 οτι
311 3029 369 3066 καὶ
395 3032 553 3069 ἀντεῖπεν
576 3048 583 3055 ·
610 3033 701 3070 πάνυ
732 3033 799 3088 γὰρ
831 3036 945 3079 αὐτοῖς
976 3036 1077 3074 ἔυιελε

60 3103 118 3124 του
139 3103 195 3125 τον
215 3087 318 3137 νόμον
343 3090 585 3140 φυλάττεσθαι.
606 3094 668 3135 Εἷς
688 3093 802 3141 ἔθνη
787 3095 974 3146 επέμπετο.
998 3097 1076 3135 Ἵνα

59 3151 116 3185 οὖν
135 3146 182 3197 μὴ
201 3163 259 3184 και
273 3152 365 3186 οὑτοι
381 3152 481 3189 αὐτοῦ
497 3168 751 3205 κατηγορωσιν,
768 3158 814 3198 ὡς
834 3156 938 3208 {so-qv
956 3159 1075 3207 εἷπ(ἴ,1ν

59 3212 168 3245 ταύτα
189 3209 440 3258 οἰκονομεῖται·
460 3210 482 3258 ἢ
502 3213 560 3250 καὶ
582 3230 635 3251 ινα
658 3214 707 3264 μὴ
729 3215 807 3267 δόξῃ
829 3218 1003 3268 φαντασία
1023 3236 1076 3263 τις

61 3273 167 3316 εἷνοιι,
198 3273 288 3315 εἰπε,
316 3271 511 3322 Μηδαμῶς,
542 3274 708 3327 Κύριε,“
689 3291 742 3313 οτι
763 3276 926 3316 οὐδεποτε
946 3279 1071 3332 ἔφαγον

102 3415 114 3429 ⁵
133 3407 227 3447 flaec,
246 3412 278 3440 το
296 3415 422 3451 πρᾶγμα
442 3413 568 3451 γίνεται,
584 3409 702 3444 desunt
727 3412 760 3444 in
776 3412 986 3455 quibusdam.

1152 2914 1212 2953 sed
1232 2929 1252 2951 a
1267 2913 1406 2966 Spiritu
1419 2944 1429 2962 ,
1442 2923 1481 2951 ut
1491 2913 1583 2963 dixi,
1603 2914 1654 2951 sic
1671 2913 1863 2965 dispositus
1873 2914 1951 2964 fuit,
1966 2924 2005 2952 ut
2022 2915 2143 2954 defen-

1151 2975 1285 3013 sionem
1305 2975 1449 3012 haberet
1465 2984 1588 3012 contra
1605 2988 1676 3024 eos,
1689 2974 1749 3025 qui
1766 2989 1803 3012 se
1812 2985 2028 3024 accusarent,
2047 2975 2144 3026 quod

1148 3036 1330 3074 restitisset
1351 3051 1359 3072 ε
1378 3049 1505 3087 magna
1536 3035 1630 3073 enim
1645 3049 1730 3072 cura
1757 3035 1827 3072 illis
1842 3045 1926 3084 erat,
1943 3045 1983 3073 ut
1997 3036 2057 3074 lex
2071 3050 2143 3074 ser-

1147 3106 1306 3135 varetur.
1331 3095 1384 3133 Ad
1401 3105 1519 3147 gentes
1535 3096 1753 3133 mittebatur.
1773 3095 1826 3132 Ne
1840 3095 1951 3146 igitur
1977 3096 2015 3134 hi
2033 3096 2141 3134 etiam

1145 3148 1248 3196 illum
1262 3166 1479 3207 accusarent,
1499 3165 1537 3194 ut
1548 3155 1641 3201 dixi,
1662 3156 1739 3193 haee
1751 3155 1799 3193 ita
1812 3155 2013 3207 dispensata
2029 3166 2111 3195 sunt
2130 3173 2137 3193 :

1145 3229 1207 3258 aut
1225 3233 1268 3257 ne
1294 3218 1474 3257 videretur
1507 3216 1691 3269 phantasia
1712 3216 1875 3267 quaedam
1906 3231 1992 3268 esse,
2021 3217 2115 3255 dixit
2132 3233 2139 3253 :

1145 3282 1264 3321 Absit
1282 3310 1293 3331 ,
1323 3282 1513 3325 Domine,
1549 3281 1642 3330 quia
1667 3292 1866 3330 nunquam
1905 3280 2140 3319 manducavi
