2502 3810
176 856 252 885 Isal'.
272 858 355 886 53.1.

379 212 469 276 698
834 228 870 257 S.

377 324 421 346 ex
441 309 511 344 fide
524 337 533 353 ,
549 307 634 344 fides
647 321 692 344 ex
704 306 827 344 auditu
841 337 851 355 ,
871 306 1014 344 auditus
1029 321 1074 343 ex
1089 306 1358 359 praedicatione,

377 366 580 418 praedicatio
600 381 645 403 ex
673 367 856 414 missione,
881 367 935 403 1111
968 381 1052 404 vero
1083 366 1183 404 missi
1219 376 1301 403 sunt
1326 375 1359 404 et

376 426 659 479 praedieaverunt
670 457 682 477 ,
708 437 740 465 et
760 441 839 465 cum
872 427 944 465 illis
976 428 1149 480 propheta
1186 426 1359 464 circuibat

376 488 457 525 illos
471 487 675 536 ostendens,
696 497 728 525 et
745 487 940 540 praedicans
961 488 1172 539 dicensque:
1193 488 1241 524 Hi
1263 497 1357 536 sunt,

377 561 463 598 quos
489 562 507 584 a
539 548 661 586 multis
692 558 785 586 retro
819 549 1040 601 temporibus
1062 549 1333 586 manifestabam
1348 578 1358 597 ,

377 622 530 658 quorum
549 609 655 646 etiam
671 609 777 661 pedes
801 610 1025 647 celebrabam
1038 609 1083 647 ob
1098 608 1361 661 praedicationis

376 668 523 706 modum
541 685 548 706 :
565 670 682 721 palam
698 680 748 708 est
768 670 878 721 igitur
896 700 905 718 ,
928 670 1022 720 quod
1038 684 1107 707 non
1127 669 1358 718 crediderint,

376 730 517 768 illorum
534 731 639 783 culpa
654 732 786 768 factum
805 746 878 769 esse
898 747 905 768 ε
928 746 1010 769 nam
1028 746 1047 769 a
1067 733 1143 769 Deo
1162 731 1279 769 omnia
1294 731 1358 768 im-

908 229 983 258 JOA
992 228 1092 256 NNlS
1128 227 1367 257 CHRYSOST.

1406 226 1430 255 A
1439 227 1594 257 RCHIEP
1603 247 1612 256 .
1651 228 2005 268 CONSTANTINOP.

1432 309 1592 353 στεῧσαι,
1609 306 1648 344 τὸ
1666 307 1702 345 δὲ
1719 312 1903 346 πιστεῦσαι
1918 311 1956 346 ἐκ
1972 313 2030 347 τοῦ
2047 311 2212 356 ἀκοῦσαι,
2230 310 2270 347 τὸ
2288 309 2323 347 δὲ
2344 310 2445 347 rixo&-

1433 382 1492 404 σαι
1504 369 1542 405 ἐκ
1555 372 1614 405 τοῦ
1628 367 1786 418 κηρῦξαι,
1799 369 1838 406 τὸ
1854 368 1888 407 δὲ
1907 369 2052 420 κηρῦξαι
2064 373 2102 408 ἐκ
2115 373 2173 408 τοῦ
2190 372 2448 416 ἀποσταλῆναι,

1431 427 1677 474 ἀπεστάλησαν
1691 428 1726 466 δὲ
1743 429 1802 465 καὶ
1823 428 2002 480 ἐκήρυξαν,
2025 430 2083 467 καὶ
2103 431 2177 481 μετ’
2197 432 2311 468 αὐτῶν
2331 433 2450 481 ὃπρο-

1432 488 1544 539 ερήτης
1569 488 1706 540 περιῄει
1730 489 1861 532 δεικνὺς
1891 489 2010 533 αὐτοὺς
2029 491 2089 528 καὶ
2117 491 2364 544 ἀνακηρύττων
2390 490 2450 528 καὶ

1431 548 1554 599 λέγων,
1574 549 1626 586 ὅτι
1647 544 1740 587 οἷτοί
1758 553 1860 596 εἰσιν,
1877 549 1933 593 οὒς
1957 550 2023 602 πρὸ
2052 553 2189 589 πολλῶν
2209 552 2337 589 ἄνωθεν
2366 550 2450 596 334,-

1431 610 1511 646 λουν
1527 609 1675 661 χρόνων,
1702 604 1748 647 ὧν
1769 610 1829 647 καὶ
1847 609 1923 652 τοὺς
1945 610 2053 654 πόδας
2068 611 2297 661 ἐνεκωμίαζον
2318 611 2375 649 διὰ
2390 611 2449 649 τὸν

1430 673 1488 708 τοῦ
1508 671 1729 721 κηρύγματος
1750 670 1895 723 τρόπον·
1920 670 2075 718 εὔδηλον,
2100 672 2152 710 ὅτι
2179 674 2218 711 τὸ
2238 672 2285 723 μὴ
2306 676 2449 710 πιστεῦ-

1431 746 1490 768 σαι
1503 760 1513 777 ,
1530 731 1668 769 ἐκείνων
1684 732 1843 782 ἔγκλημα
1859 731 1977 782 γε’γονε
1995 731 2095 782 μόνον
2109 748 2116 755 ·
2133 734 2191 771 καὶ
2205 734 2272 785 γὰρ
2288 733 2331 770 τὰ
2350 733 2446 787 παρὰ

375 791 467 843 pleta
489 801 580 829 sunt.
600 794 664 830 16.
681 792 755 830 Sed
767 806 844 829 non
858 806 988 829 omnes
1003 793 1227 829 obedierunt
1241 805 1358 829 et’an-
1371 816 1417 841 63,
1430 793 1522 829 Θεοῦ
1543 791 1658 829 πάντα
1675 792 1899 842 ἀπήρτισται.
1914 792 2004 830 Ἀλλ’
2036 795 2072 830 οὐ
2092 793 2217 836 πάντες
2245 794 2447 839 ὑπήκουσαν

372 853 484 904 gelio.
506 855 633 890 Isaias
652 859 754 890 enim
770 854 863 897 dicit
883 869 893 888 .-

375 916 431 952 dic
446 916 600 952 auditui
616 919 775 953 nostro?
796 916 858 951 17.
885 916 989 966 Ergo
1000 915 1107 966 fides
1126 928 1174 952 ex
1196 915 1354 963 auditu,

374 976 530 1013 auditus
567 984 695 1013 autem
716 989 785 1026 per
807 977 962 1012 verbum
988 976 1075 1012 Dei.
1108 974 1202 1021 Quia
1233 988 1357 1012 rursus

373 1036 482 1073 aliam
503 1036 736 1088 objectionem
758 1035 972 1073 inducebant
990 1035 1170 1073 dicentes:
1195 1035 1305 1085 Atqui
1328 1035 1358 1073 si

374 1099 413 1136 hi
427 1109 508 1137 sunt
521 1100 583 1150 qui
597 1099 694 1137 missi
712 1129 722 1147 ,
741 1108 845 1149 atque
864 1113 883 1135 a
905 1100 982 1136 Deo
1005 1098 1104 1135 missi
1123 1106 1204 1136 sunt
1219 1128 1230 1148 ,
1253 1112 1359 1150 opor-

371 1160 470 1197 tebat
483 1174 602 1197 omnes
617 1158 759 1197 obedire
775 1175 782 1195 ε
799 1158 882 1197 Vide
896 1158 999 1195 Pauli
1013 1157 1253 1210 prudentiam,
1270 1174 1358 1209 quo-

373 1219 479 1258 modo
499 1234 624 1272 nempe
645 1219 738 1257 illud
756 1219 873 1271 ipsum
885 1249 895 1267 ,
919 1218 1013 1269 quod
1027 1219 1147 1256 turbas
1162 1219 1354 1269 excitabat,

373 1295 492 1319 omncs
522 1282 642 1318 turbas
663 1289 697 1318 et
718 1281 893 1317 tumultus
912 1280 1035 1317 tollere
1061 1279 1234 1317 ostendat.
1257 1280 1356 1326 Quid

372 1341 466 1379 enim
487 1351 520 1379 te
539 1340 702 1389 offendit,
724 1340 858 1390 inquit,
882 1354 901 1377 o
920 1339 1063 1387 Judaee,
1083 1348 1162 1391 post
1183 1340 1251 1377 tale
1272 1349 1355 1377 tan—

369 1410 514 1451 tumque
533 1400 773 1438 testimonium
794 1409 827 1436 et
848 1413 967 1437 rerum
994 1399 1328 1437 demonstrationem
1341 1430 1352 1450 ,

368 1461 464 1511 quod
482 1475 601 1498 omnes
617 1474 687 1498 non
702 1459 899 1497 obedierint
914 1459 1096 1509 evangelio
1110 1459 1126 1495 Ξ)
1141 1459 1218 1496 Hoc
1236 1459 1355 1511 ipsum

368 1536 448 1559 cum
468 1518 549 1559 aliis
568 1522 813 1572 conjunctum,
832 1520 1008 1557 dictorum
1028 1518 1136 1556 fidem
1155 1519 1220 1556 tibi
1240 1520 1354 1558 facere

366 1591 500 1632 potest,
526 1581 622 1632 qued
648 1594 716 1618 non
734 1594 853 1617 omnes
878 1578 1044 1617 obediant
1062 1594 1069 1614 :
1091 1592 1175 1616 nam
1193 1579 1262 1617 boe
1276 1580 1353 1631 jam

364 1642 450 1679 olim
473 1641 641 1694 praedixit
658 1641 843 1692 propheta.
866 1640 912 1678 Et
936 1639 1115 1692 perpende
1134 1640 1349 1678 ineffabilem

363 1703 584 1754 sapientiam,
601 1701 778 1752 quomodo
803 1700 883 1753 plus
899 1700 1058 1738 ostendat
1077 1715 1183 1751 quam
1205 1701 1272 1752 ipsi
1289 1716 1351 1740 ex-

363 1764 567 1815 spectabant
591 1772 652 1800 aut
683 1776 719 1800 se
752 1761 992 1799 confutaturos
1025 1761 1228 1813 sperabant.
1250 1761 1350 1807 Quid

362 1825 456 1863 euim
475 1824 615 1873 dicitis,
638 1823 776 1874 inquit?
795 1822 891 1874 quod
918 1836 986 1860 non
1012 1836 1131 1860 omues
1152 1822 1349 1861 obedierint

361 1885 569 1935 evangelio?
589 1884 658 1924 Sed
681 1894 714 1922 et
734 1884 801 1921 1100
820 1883 907 1922 011111
933 1883 1101 1935 praedixit
1120 1884 1254 1934 Isaias3
1276 1885 1348 1922 imo

359 1959 429 1982 non
446 1946 515 1982 hoc
530 1953 681 1991 tantum,
705 1943 765 1982 sed
783 1944 886 1995 longe
900 1943 1064 1996 amplius.
1082 1945 1158 1982 Vos
1176 1945 1271 1982 enim
1285 1959 1345 1984 ac-

360 2006 491 2044 cusatis
504 2037 514 2055 ,
532 2021 594 2044 cur
610 2019 679 2043 non
694 2020 813 2043 omnes
829 2004 1009 2043 audierint
1021 2021 1031 2054 ;
1042 2005 1153 2044 Isaias
1166 2020 1249 2044 vero
1265 2007 1347 2059 plus

359 2080 467 2116 quam
489 2066 555 2104 hoe
577 2066 678 2104 (licit.
703 2066 801 2114 Quid
828 2066 919 2103 euim
949 2066 1029 2103 ait?
1052 2067 1238 2116 Domine,
1262 2071 1346 2120 quis

359 2129 521 2166 credidit
538 2128 689 2166 auditui
711 2131 865 2166 nostro?
885 2127 1023 2165 Deinde
1038 2137 1229 2180 postquam
1251 2128 1346 2167 hune

357 2189 501 2226 sustulit
533 2189 749 2239 tumultuin,
774 2188 945 2240 propheta
974 2188 1204 2241 interposito,
1222 2204 1345 2228 rursus

356 2248 511 2299 priorem
528 2249 732 2298 exsequitur
751 2249 885 2286 seriem.
909 2251 1102 2299 Postquam
1121 2249 1215 2287 enim
1238 2250 1345 2288 dixe—

356 2318 423 2357 rat,
444 2308 683 2347 invocandum
700 2323 783 2357 esse,
804 2319 836 2346 et
858 2323 915 2346 eos
933 2310 994 2360 qui
1011 2310 1211 2347 invocaturi
1228 2321 1340 2358 erant,

355 2368 496 2407 credere
514 2368 711 2420 oportuisse
725 2398 736 2418 ,
759 2378 792 2406 et
816 2370 877 2419 qui
897 2369 1065 2407 credituri
1084 2380 1202 2418 erant,
1220 2371 1343 2410 audire

354 2429 527 2479 debuisse,
541 2429 726 2467 audituros
741 2429 1034 2481 praedicatoribus
1049 2445 1138 2483 opus
1157 2431 1338 2483 habuisse,

353 2490 602 2541 praedicatores
618 2500 734 2528 autem
749 2489 842 2527 mitti
857 2492 1052 2541 oportuisse
1062 2508 1072 2542 ;
1088 2502 1121 2530 et
1140 2493 1341 2530 ostenderat

354 2552 479 2590 missos
498 2552 577 2589 illos
591 2552 739 2590 fuisseet
753 2552 1003 2604 praedicavisse
1018 2570 1025 2590 ε
1045 2554 1151 2592 aliam
1169 2555 1340 2593 inductu—

354 2627 415 2650 rus
434 2613 680 2664 objectionem,
707 2613 888 2651 occasione
916 2614 1033 2666 primo
1061 2625 1177 2653 sumta
1206 2631 1250 2653 ex
1270 2617 1340 2654 alio

352 2673 532 2724 prophetas
563 2673 762 2711 testimonio
778 2704 786 2720 ,
819 2687 889 2723 quo
926 2675 1033 2726 paulo
1065 2676 1164 2727 prius
1195 2677 1341 2716 allatam

352 2733 587 2784 objectionem
607 2734 728 2781 solvit,
744 2734 793 2771 ita
815 2734 916 2772 illam
934 2736 1041 2774 nectit
1059 2746 1091 2774 et
1108 2738 1229 2789 jungit
1240 2753 1339 2790 prae—

352 2795 571 2832 cedentibus.
595 2796 689 2841 Quia
706 2796 800 2833 enim
829 2797 1040 2849 prophetam
1070 2798 1259 2837 induxerat
1277 2800 1339 2837 di·-

351 2865 499 2901 centem,
520 2857 701 2903 Domine,
725 2860 809 2908 quis
821 2859 983 2895 credidit
1000 2861 1152 2897 auditui
1180 2869 1309 2898 nostro
1324 2866 1340 2898 ἕ)

351 2926 550 2968 opportune
568 2916 767 2955 testimonio
784 2927 925 2970 accepto
945 2919 1043 2968 dicit,
1060 2922 1274 2973 Ergofides
1293 2937 1339 2960 ex

351 2978 499 3015 auditu.
517 2977 593 3014 Hoc
621 2988 739 3015 autem
768 2993 836 3016 non
864 2980 1070 3031 simpliciter
1104 2983 1249 3033 posuit;
1279 2985 1339 3022 sed

349 3039 515 3090 quoniam
537 3039 685 3090 singulis
706 3042 928 3093 temporibus
947 3043 1047 3094 signa
1062 3045 1340 3094 quaerebantJu-

350 3100 432 3150 daei,
457 3100 642 3152 ipsamque
660 3103 951 3145 resurrectionem
978 3104 1100 3142 videre
1128 3107 1337 3157 cupiebant,

350 3172 382 3200 et
408 3162 513 3199 multi
541 3161 586 3199 ad
610 3162 686 3200 haec
704 3163 915 3214 inhiabant,
939 3165 988 3202 ait
1020 3164 1100 3203 ille:
1120 3167 1228 3217 Atqui
1259 3183 1341 3220 pro-

350 3223 455 3274 pheta
481 3224 739 3274 praenunciavit
765 3234 924 3275 oportere
950 3239 1012 3263 nos
1040 3241 1084 3264 ex
1103 3227 1228 3265 auditu
1263 3243 1339 3266 cre-

348 3283 443 3319 dere.
462 3283 603 3320 Idcirco
618 3283 719 3334 prius
738 3285 857 3336 arguit
877 3285 948 3333 ille,
965 3285 1085 3324 dicens
1103 3289 1228 3340 :Ergo
1233 3290 1340 3341 fides

347 3357 393 3379 ex
415 3345 561 3380 auditu.
578 3343 714 3382 Deinde
739 3345 823 3395 quia
850 3345 918 3383 hoc
943 3346 1130 3386 demissius
1150 3349 1340 3387 videbatur

346 3416 432 3452 esse,
451 3403 536 3441 vide
557 3404 734 3453 quomodo
761 3405 852 3443 illud
877 3406 1069 3446 sublimius
1086 3408 1231 3448 efficiat.
1257 3411 1336 3449 Non

1429 1221 1503 1261 πῶς
1530 1218 1613 1256 αὐτὸ

1430 1279 1489 1316 καὶ
1507 1281 1568 1324 τῆς
1587 1283 1745 1330 ταραχῆς
1766 1278 1936 1317 δείκνυσιν
1957 1279 1993 1316 ὂν
2013 1278 2240 1330 ἀναιρετικόν.
2256 1278 2303 1316 Τί
2319 1279 2386 1330 γάρ
2413 1294 2451 1315 σε

1424 1646 1524 1679 τοῦτο
1544 1641 1672 1679 ἄνωΟεν
1699 1649 1861 1694 προεῖπεν
1890 1645 1907 1680 ὃ
1929 1642 2120 1694 προφήτης.

1425 1701 1556 1753 ἄφατον
1577 1702 1712 1754 σοφίαν,
1732 1707 1806 1746 πῶς
1825 1702 1928 1741 πλέον
1959 1702 2144 1749 δείκνυσιν,
2171 1701 2192 1747 ἢ
2224 1702 2446 1755 προσεδόκῖδν

1424 1764 1546 1800 ἐκεῖνοι
1566 1763 1625 1800 καὶ
1655 1763 1799 1809 ἤλπιζον
1829 1765 1995 1816 ἀντερεῖν.
2016 1762 2063 1800 Τι’
2090 1763 2158 1814 γάρ
2187 1778 2295 1814 φατε,
2321 1763 2447 1814 φησίν,

1421 1822 1475 1861 ὅτι
1502 1825 1539 1861 οὐ
1574 1824 1701 1868 πάντες
1720 1825 1920 1871 ὑπήκουσαν
1942 1826 1992 1876 τῷ
2024 1823 2232 1875 εὐαγγελίῳ,
2253 1823 2357 1861 Ἀλλὰ
2386 1825 2446 1861 καὶ

1421 1888 1520 1922 τοῦτο
1543 1885 1670 1922 ἀνωθεν
1691 1891 1853 1938 προεῖπεν
1881 1884 2030 1927 ζΗσαίάς
2044 1900 2051 1908 ·
2072 1885 2202 1935 μᾶλλον
2224 1883 2259 1922 δὲ
2281 1886 2318 1921 οὗ
2346 1888 2447 1922 τοῦτο

1422 1944 1537 1995 μόνον,
1559 1946 1647 1983 ἀλλὰ
1665 1946 1723 1984 καί
1740 1948 1859 1998 πολλῷ
1878 1945 1996 1984 τούτου
2013 1945 2130 1983 πλέον.
2153 1945 2275 1996 Ἵ’μεῖς
2295 1945 2358 1996 μὲν
2377 1946 2445 1997 γὰρ

1420 2007 1599 2056 ἐγκαλεῖτε
1616 2007 1672 2045 διὰ
1687 2007 1720 2045 τί
1740 2007 1788 2056 μὴ
1812 2007 1938 2050 πάντες
1962 2006 2180 2054 ὑπήκουσαν·
2203 2009 2220 2044 ὁ
2241 2005 2276 2044 δὲ
2297 2005 2445 2050 Ἡσαΐας

1413 2555 1474 2601 ἔκή
1481 2555 1602 2607 ρυξαν·

1362 2935 1387 2964 1)
1413 2919 1604 2971 υαρτυρίας
1639 2921 1732 2957 επιλ
1722 2918 1888 2968 αοου.ενός

1413 2983 1530 3026 ἀκοῆς.
1546 2981 1688 3018 Τουτο
1671 2980 1704 3018 οὲ
1721 2995 1786 3031 ουγ
1805 2996 1854 3017 ατ
1843 2981 1923 3021 λως
1943 2978 2106 3024 τέθεικεν,
2125 2980 2200 3015 ἀλ)’
2220 2966 2337 3024 ἐπειδὴ
2355 2980 2432 3015 καθ’

920 855 1102 898 Domine,
1126 855 1212 904 quis
1236 853 1358 890 credi·
1384 854 1408 882 Α
1430 854 1479 903 τῷ
1507 852 1709 904 εὐαγγελίῳ.
1729 851 1879 895 Ἡσαΐας
1909 852 1977 905 γὰρ
2006 853 2119 903 λέγει·
2140 853 2270 906 Κύριε,
2290 854 2342 897 τίς
2369 853 2446 892 ἐπί-

1430 927 1550 950 στευσε
1570 915 1612 964 τῇ
1634 915 1719 964 ἀκοῇ
1739 915 1857 963 ἡμῶν,
1875 912 1962 965 Ἄρα
1990 917 2012 960 ἡ
2037 913 2184 957 πίστις
2171 929 2207 958 ες
2227 917 2350 961 ἀκοῆς,
2369 918 2429 961 ἡο
2410 913 2446 952 δὲ

1432 972 1520 1019 ἀκοὴ
1541 972 1598 1010 διὰ
1619 973 1773 1025 ρήυ.ατος
1789 976 1893 1012 Θεου.
1915 974 1958 1011 'E
1961 973 2062 1020 πειδη
2084 974 2188 1011 πάλιν
2217 973 2336 1027 ἑτέραν
2360 974 2449 1020 ε’πή-

1429 1047 1529 1084 γοντο
1547 1034 1717 1072 ἀντίθεσιν
1743 1033 1923 1085 λέγοντες,
1945 1051 1997 1072 οτι
2023 1035 2081 1072 καὶ
2100 1051 2168 1086 μην
2190 1037 2218 1072 εἰ
2239 1038 2329 1075 ἦσαν
2357 1038 2450 1073 οὗτοι

1430 1112 1461 1133 οι
1482 1096 1736 1146 ἀπεσταλμένοι
1755 1112 1814 1134 και
1831 1096 1927 1148 παρὰ
1943 1112 2001 1134 του
2022 1098 2114 1135 Θεοῦ
2129 1096 2399 1148 πεμφθε’ντες,”
2381 1098 2450 1134 εδει

1430 1157 1563 1200 πάντας
1581 1160 1798 1195 ὑπακοῦσαι·
1823 1157 1946 1195 σκόπει
1974 1162 2034 1196 τοῦ
2053 1157 2196 1195 Παύλου
2218 1157 2281 1204 τὴν
2302 1157 2448 1204 σύνεσιν,

1637 1221 1758 1264 τοῦτο,
1778 1218 1795 1256 ὃ
1815 1218 1870 1256 τὸν
1891 1217 2034 1271 Θόρυὲον
2061 1217 2193 1265 ἐποίει,
2214 1223 2273 1256 τοῦ
2305 1218 2449 1270 eosdem>

1430 1338 1667 1386 σκανδαλίζει,
1687 1339 1789 1390 φησὶν
1801 1340 1833 1386 *,
1853 1341 1880 1376 ὠ
1903 1339 2069 1385 Ἰουδαῖε,
2090 1340 2176 1388 μετὰ
2193 1338 2366 1385 τοσαύτην
2387 1339 2448 1376 καὶ

1428 1399 1640 1444 τηλικαύτην
1662 1398 1852 1450 μαρτυρίαν
1868 1398 1927 1436 καὶ
1948 1389 2380 1449 πραγμάτωνροἷπόδειξιν,
2395 1399 2448 1436 ὅτι

1428 1461 1465 1496 οὐ
1487 1460 1612 1503 πάντες
1632 1460 1831 1506 ὑπήκουσαν
1850 1463 1900 1511 τῷ
1928 1459 2133 1511 εὐαγγελίῳ,
2156 1461 2269 1498 Τοῦτο
2295 1458 2356 1510 μὲν
2388 1454 2447 1497 οῧν

1428 1520 1511 1558 αὐτὸ
1530 1520 1618 1570 μετὰ
1644 1523 1712 1558 τῶν
1741 1521 1855 1558 ἄλλων
1885 1520 2000 1558 ἱκανόν
2029 1535 2067 1558 σε
2089 1519 2332 1558 πιστώσασθαι
2362 1520 2449 1572 ὑπὲρ

1378 1588 1400 1616 Β
1425 1584 1492 1618 τῶν
1511 1581 1714 1632 εἰρημένων,
1735 1582 1774 1620 τὸ
1790 1581 1839 1632 μὴ
1857 1581 1990 1624 πάντας
2009 1580 2214 1619 ὑπακούειν·
2233 1581 2291 1618 καὶ
2307 1581 2374 1633 γὰρ
2389 1582 2449 1619 καὶ

2140 1641 2210 1679 Καὶ
2230 1641 2352 1679 σκόπει
2383 1642 2448 1688 τὴν

1419 2067 1522 2104 πλέον
1554 2067 1674 2105 τούτου
1704 2068 1809 2119 λέγει.
1830 2068 1877 2106 Τί
1908 2068 1975 2119 γὰρ
2007 2067 2112 2119 φησί,
2135 2066 2259 2119 Κύριε,
2290 2067 2341 2110 τίς
2369 2067 2444 2105 ἐπί-

1419 2143 1540 2167 στευσε
1559 2132 1601 2180 τῇ
1623 2131 1709 2179 ἀκοῇ
1728 2133 1828 2180 ἡμῶν
1841 2146 1850 2175 3
1864 2124 1955 2168 Εἶτα
1967 2161 1975 2177 ,
1997 2127 2117 2174 ἐπειδὴ
2134 2128 2192 2165 τὸν
2213 2127 2355 2181 Θόρυὸον
2367 2132 2444 2166 τοῦ·

1417 2206 1474 2228 τον
1502 2190 1608 2235 ἐξεῖλε
1629 2183 1875 2242 παρεζιέα).ὼν
1897 2191 1954 2229 τὸν
1971 2190 2167 2242 προφήτην,
2197 2189 2302 2227 πάλιν
2325 2189 2443 2241 ἔχεται

1416 2254 1478 2296 τῆς
1497 2251 1667 2303 προτέρας
1688 2251 1902 2294 ἀκολουθίας.
1921 2251 2066 2297 Ἐπειδὴ
2087 2250 2153 2302 γὰρ
2174 2243 2281 2298 εἶπεν,
2294 2249 2346 2287 ὅτι
2367 2252 2440 2288 ἐπι-

1368 2313 1391 2343 C
1416 2312 1631 2351 καλέσασθαι
1651 2311 1740 2359 ἔσει,
1757 2311 1834 2355 τοὺς
1861 2312 1896 2348 δὲ
1920 2311 2211 2360 ἐπικαλουμένους
2232 2315 2440 2355 πιστεῦσαι,

1415 2371 1491 2415 τοὺς
1507 2372 1731 2416 πιστεύοντας
1748 2375 1892 2411 ἀκοῦσαι
1909 2374 2062 2423 πρῶτον,
2083 2370 2160 2414 τοὺς
2186 2370 2221 2409 δὲ
2250 2369 2440 2421 μέλλοντας

1414 2433 1627 2472 ἀκούσασΟαι
1642 2433 1720 2477 τοὺς
1733 2433 1970 2485 κηρύσσοντας
1985 2432 2089 2484 ἔχειν,
2103 2431 2180 2474 τοὺς
2196 2432 2232 2469 δὲ
2247 2430 2440 2482 κηρύσσον-

1413 2510 1473 2536 τας
1488 2495 1719 2540 ἀπεσταλθαι,
1742 2510 1801 2531 και
1822 2494 1975 2536 ἔσειξεν
1964 2493 2017 2532 ο’τι
2040 2492 2286 2538 ἀπεσταλησαν
2303 2491 2363 2529 καὶ
2386 2491 2423 2528 ὅτ
2429 2508 2439 2529 ι

1634 2558 1670 2592 3·
1673 2556 1752 2593 ε’ςαν
1779 2555 1883 2592 παὶιι
1914 2554 2065 2604 εἰσάγειν
2093 2553 2228 2603 *κε’λλων
2253 2551 2438 2597 ἀντίθεσιν,

1414 2615 1599 2668 ἀφορμὴν
1591 2615 1738 2653 mocon„
1728 2615 1893 2668 πρότερον
1915 2616 1983 2653 ἀπὸ
2005 2614 2122 2666 ἑτέρας
2158 2612 2350 2666 μαρτυρίας
2379 2617 2439 2650 τοῦ

1412 2676 1609 2728 προφήτου,
1643 2679 1720 2714 καθ’
1754 2677 1794 2722 ἣν
1826 2676 1927 2713 ἔλυσε
1964 2674 2028 2721 τὴν
2059 2676 2172 2728 μικρῷ
2207 2673 2275 2724 πρὸ
2309 2673 2439 2719 ταύτης

1414 2736 1598 2783 ἀντίθεσιν,
1624 2735 1731 2779 οὕτως
1752 2736 1857 2783 αὐτὴν
1875 2736 1996 2774 πλέκει
2010 2736 2068 2773 καὶ
2089 2734 2238 2785 συνείρει
2256 2740 2326 2777 τοῖς
2341 2749 2435 2785 προ-

1411 2797 1533 2849 τέροις.
1551 2798 1698 2845 Ἐπειδὴ
1714 2798 1780 2850 γὰρ
1793 2798 1978 2850 παρήγαγε
1994 2797 2051 2835 τὸν
2070 2796 2250 2849 προφήτην
2271 2795 2417 2846 λέγοντα
2428 2811 2436 2819 ·

1412 2859 1517 2910 Κύριε
1532 2889 1541 2906 ,
1574 2858 1624 2901 τίς
1657 2859 1837 2897 ἐπίστευσε
1857 2860 1900 2908 τῇ
1929 2859 2015 2908 ἀκοῇ
2036 2859 2159 2908 ipsum
2190 2855 2356 2908 εὐκαίρως
2375 2860 2438 2902 τῆς

1922 2934 2038 2969 φησιν,
2067 2918 2154 2970 Ἄρα
2184 2921 2205 2963 ἡ
2246 2917 2364 2960 πίστις
2402 2917 2436 2960 ἐξ

1412 3042 1557 3079 ἕκαστον
1587 3057 1706 3092 καιρον
1744 3055 1873 3090 σημεια
1901 3039 2040 3085 ἐζήτουν
2066 3038 2248 3085 Ἰουδαῖοι,
2280 3037 2338 3075 καὶ
2370 3054 2434 3085 την

1411 3103 1487 3141 ὄνιν
1522 3105 1584 3148 τῆς
1620 3101 1792 3139 ἀναστασε
1796 3117 1867 3149 ως,
1888 3116 1948 3138 και
1978 3099 2101 3138 πολλοι
2129 3099 2214 3151 πρὸς
2239 3114 2349 3142 ταυτα
2377 3114 2433 3136 κε-

1411 3164 1556 3215 χηνότες
1584 3178 1686 3209 ησαν,
1705 3177 1807 3213 φησιν
1827 3161 1866 3199 ο’τ
1871 3178 1879 3198 ι
1900 3177 1958 3199 και
1980 3160 2048 3211 μὴν
2077 3163 2094 3197 ὁ
2121 3160 2304 3212 προφήτης
2323 3162 2389 3206 ἔπη
2392 3176 2434 3210 γ-

1410 3225 1571 3277 γείλατο,
1591 3224 1643 3261 ὅτι
1659 3223 1691 3267 ἐξ
1710 3225 1815 3269 ἀκοης
1828 3239 1922 3273 ημας
1939 3223 1990 3259 οεῖ
2010 3225 2206 3260 πιστεύσαι.
2225 3221 2288 3258 Διὸ
2307 3220 2432 3272 πρότε-

1414 3300 1468 3338 ρον
1490 3285 1573 3322 αυτὸ
1602 3283 1877 3329 κατασκευάζει,
1900 3282 1960 3321 καί
1979 3298 2096 3334 φησιν,
2112 3281 2236 3333 Ἄρα
2220 3299 2241 3328 r,
2262 3280 2379 3324 πίστις
2398 3281 2432 3325 ἐξ

1411 3348 1528 3390 ἀκοης.
1553 3339 1661 3391 Εἶτα,
1683 3343 1800 3390 ἐπειοὴ
1823 3343 1934 3382 εοόκει
1963 3358 2061 3381 τουτο
2082 3340 2216 3384 εὖτελες
2246 3345 2332 3379 εἶναι
2341 3356 2428 3392 ,ορα

1408 3427 1482 3457 πως
1513 3410 1596 3449 αυτὸ
1614 3411 1720 3461 ἀναγε
1707 3426 1747 3448 ει.
1780 3411 1832 3448 Οὐ
1855 3409 1922 3461 γὰρ
1943 3409 2098 3452 ἅπλῶς
2080 3407 2213 3447 ακούειν
2236 3411 2343 3457 εἷπον,
2363 3422 2423 3459 φη-
