2502 3810
726 248 767 276 IN
806 247 946 277 EPIST.
987 247 1046 276 AD
1082 245 1190 275 ROM.

100 329 267 381 Ἀδραάμ.
287 331 370 373 Πῶς
391 323 449 367 οῦν
471 333 488 367 ὁ
511 327 631 366 Ἰσαὰκ
650 329 836 378 ἐγεννήθη,
855 330 908 367 Οὔ
937 327 1028 366 κατὰ
1061 327 1115 365 νό-

101 405 163 440 μον
186 390 316 439 φύσεως
331 420 340 438 ,
362 389 438 428 οὐδὲ
459 389 550 427 κατὰ
577 388 719 438 δύναμιν
748 389 893 440 σαρκὸς,
915 388 1004 426 ἀλλὰ
1025 387 1116 426 κατὰ

99 450 240 500 δύναμιν
257 449 476 502 ἐπαγγελίας.
502 449 549 487 Τί
566 451 658 495 ἐστι,
687 448 777 487 κατὰ
804 448 947 499 δύναμιν
965 451 1115 499 ἐπαγγε-

98 511 190 558 λίας,
211 511 310 549 Κατὰ
326 511 382 549 τὸν
398 511 516 562 καιρὸν
532 515 650 548 τοῦτον
667 510 853 559 ἐλεύσομαι
881 510 964 563 πρὸς
981 509 1037 557 σὲ,
1056 509 1115 547 καὶ

99 571 195 609 ἔσται
211 575 252 623 τῇ
268 572 389 623 Σάρρᾳ
405 570 484 613 υἱός.
502 569 599 616 Αὕτη
617 573 638 616 ἡ
655 570 845 621 ἐπαγγελία
859 570 986 616 τοίνυν,
1003 569 1062 608 καὶ
1077 569 1116 607 τὸ

101 634 196 683 ῥῆμα
216 636 274 669 τοῦ
290 634 381 670 Θεοῦ
400 631 456 669 τὸν
473 630 596 669 Ἰσαὰκ
618 629 783 668 διέπλασέ
802 646 839 667 τε
866 630 925 667 καὶ
944 630 1113 681 ἐγέννησε.

100 693 147 729 Τί
171 692 258 744 γὰρ,
287 694 316 729 εἰ
337 692 395 730 καὶ
417 691 533 744 μήτρα
552 691 713 729 ὑπέκειτο
731 690 790 728 καὶ
809 690 910 737 νηδὺς
937 691 1115 741 γυναικός,

98 754 150 790 Οὐ
169 753 236 808 γᾲρ
253 756 272 798 ἡ
292 753 433 802 δύναμις
448 756 509 798 τῆς
527 752 661 799 νηδύος,
682 753 757 789 ἀλλ’
780 755 801 798 ἡ
828 755 890 797 τῆς
908 751 1116 802 ἐπαγγελίας

98 813 196 864 ἰσχὺς
220 812 314 850 ἔτεκε
341 814 379 851 τὸ
408 812 557 851 παιδίον.
578 811 683 850 Οὕτω
706 810 766 848 καὶ
790 815 891 860 ἡμεῖς
915 810 1113 862 γεννώμεθα

98 874 154 912 διὰ
182 877 248 911 τῶν
279 873 442 927 ῥημάτων
471 878 530 911 τοῦ
549 875 640 912 Θεοῦ
654 888 661 895 ·
683 873 716 910 ἐν
742 871 809 922 γὰρ
826 875 867 922 τῇ
888 871 1115 923 κολυμὸήθρᾳ

98 936 165 971 τῶν
182 934 314 972 ὑδάτων
331 932 471 985 ῥήματά
490 936 562 971 ἐστι
580 936 638 970 τοῦ
655 934 746 969 Θεοῦ
772 930 816 968 τὰ
831 934 1002 982 γεννῶντα
1021 934 1114 980 ἡμᾶς

97 994 156 1031 καὶ
176 994 429 1032 διαπλάττοντα
446 1009 454 1016 ·
475 995 521 1036 εἷς
545 991 611 1044 γὰρ
632 991 740 1042 ὄνομα
773 992 912 1043 Πατρὸς
939 991 998 1028 καὶ
1029 992 1112 1029 Υἱοῦ

96 1054 154 1092 καὶ
174 1055 269 1105 ἁγίου
292 1054 494 1104 Πνεύματος
515 1052 760 1104 βαπτιζόμενοι
782 1050 994 1102 γεννώμεθα.
1015 1051 1110 1098 Αὕτη

96 1115 130 1152 δὲ
151 1116 226 1166 οὐχὶ
242 1115 384 1166 φύσεως,
403 1116 480 1151 ἀλλ’
497 1112 704 1164 ἐπαγγελίας
722 1117 780 1150 τοῦ
794 1114 887 1151 Θεοῦ
906 1115 926 1158 ἡ
943 1110 1111 1162 γέννησις.

94 1176 234 1227 ’Ὠσπερ
261 1175 328 1250 γὰρ
347 1174 409 1220 τὴν
428 1178 487 1211 τοῦ
504 1172 626 1211 Ἰσαὰκ
653 1171 912 1248 προαγορεύσας
938 1172 1118 1246 γέννησινξ

95 1236 172 1274 τότε
199 1251 303 1282 αυτην
324 1235 547 1288 ἐπλήρωσεν·
565 1232 654 1272 οὕτω
681 1233 740 1271 καὶ
764 1233 826 1279 τὴν
846 1232 1020 1284 ηαετέραν
1045 1249 1112 1281 προ

95 1297 230 1334 πολλων
262 1294 530 1346 προανεφιῖ1νησε
561 1293 694 1346 χρόνων
727 1292 784 1331 διὰ
818 1309 887 1331 των
924 1297 1110 1345 προφητῶν

94 1356 270 1403 ἁπαντων,
289 1372 347 1394 και
376 1354 465 1405 μετὰ
481 1360 589 1393 ταῦτα
613 1357 660 1397 εἷς
681 1353 779 1406 ἔργον
804 1353 981 1405 ἐξήγαγεν.
1009 1349 1112 1398 Εἶδες

94 1418 212 1464 ηλίκον
243 1417 418 1465 ἀπέδειξε,

92 1478 296 1517 τεσκεύασεν
315 1477 398 1515 αὐτο
419 1479 493 1528 μετ’
514 1475 667 1519 εὐκολίας
686 1476 843 1524 ἁπάσης;
863 1478 947 1514 Εἰ
930 1492 964 1514 05
981 1477 1111 1528 λέγοιεν

95 1538 184 1577 ’δΙου
167 1554 269 1583 auor,
287 1538 340 1576 ὅτι
358 1554 408 1583 το,
426 1539 488 1575 Ἐν
506 1536 629 1575 Ἰσαὰκ
647 1536 861 1583 κληθησεταί
879 1552 933 1574 σοι
956 1536 1111 1588 σπέρμα,

93 1602 193 1636 τοῦτο
210 1603 296 1636 εἰναι
313 1615 352 1635 το
375 1597 453 1640 τους
479 1599 518 1634 ἐκ
535 1601 594 1635 τοῦ
624 1596 748 1634 Ισαακ
766 1597 998 1648 γεννωμένους
1019 1599 1111 1648 αὐτῳ

93 1659 287 1708 λογίζεσθαι
306 1661 351 1701 εἰς
366 1673 528 1710 σπεραα,
545 1656 612 1694 ἔδει
631 1658 689 1694 καὶ
717 1673 794 1700 τους
813 1657 1027 1707 Ιδουυ.αίους
1052 1658 1110 1695 καὶ

92 1718 224 1762 πάντας
246 1718 320 1761 τοὺς
341 1721 400 1756 ἀπ’
429 1717 559 1755 ἐκείνου
585 1715 677 1759 υἱοὺς
696 1718 922 1768 χρηματίζειν
948 1720 1050 1756 αὐτοῦ
1065 1734 1072 1742 ·
1092 1721 1110 1756 ὃ

91 1779 158 1832 γὰρ
184 1779 348 1831 πρόγονος
368 1781 478 1816 αὐτῶν
501 1778 614 1816 “Ησαῦ
635 1777 705 1821 υἱὸς
721 1773 762 1824 ἦν
794 1781 853 1815 τοῦ
871 1778 1007 1817 Ἰσαάκ.
1038 1781 1109 1817 Νῦν

92 1840 127 1877 δὲ
146 1842 183 1878 οὐ
199 1840 300 1890 μόνον
318 1842 354 1878 οὐ
370 1838 625 1892 χρηματίζουσι
639 1840 772 1883 παῖδες,
790 1839 879 1877 ἀλλὰ
893 1839 951 1877 καὶ
980 1839 1110 1893 σφόδρα

92 1900 175 1938 εἰσὶν
206 1900 540 1952 ἀπηλλοτριιιψένοι.
561 1900 691 1953 εΟρξίς,
709 1900 762 1938 ὅτι
787 1903 825 1938 οὐ
853 1900 898 1939 τὰ
923 1901 1027 1939 τέκνα
1048 1906 1110 1949 τῆς

91 1962 233 2013 σαρκὸς,
252 1965 362 1998 ταῦτα
382 1961 485 1998 τέκνα
503 1965 561 1998 τοῦ
581 1963 690 2009 Θεοῦ,
709 1961 799 1999 ἀλλὰ
816 1961 873 1999 καὶ
901 1964 934 1999 ἐν
959 1965 1044 2013 αὐτῇ
1064 1965 1107 2013 τῇ

91 2021 189 2073 φύσει
207 2026 228 2069 ἦ
248 2022 303 2059 διὰ
319 2027 377 2060 τοῦ
395 2022 636 2073 βαπτίσματος
651 2023 779 2061 ἄνωθεν
802 2023 1108 2075 προϋπογράφεται

90 2082 264 2132 γέννησις,
280 2084 324 2120 Εἰ
346 2082 380 2120 δὲ
398 2082 458 2129 τὴν
481 2083 614 2135 μήτραν
634 2099 692 2133 μοι
708 2083 818 2135 λέγεις
831 2112 840 2129 ,
859 2082 929 2135 ἔχω
956 2084 1054 2134 κάγὼ
1070 2085 1109 2123 τὸ

91 2142 181 2194 ὕδωρ
199 2145 318 2180 εἰπεῖν.
341 2145 431 2181 Ἀλλ’
450 2143 568 2196 ὥσπερ
593 2145 738 2181 ε’νταῦΟα
755 2145 795 2182 τὸ
820 2137 889 2182 πᾶν
904 2148 963 2181 τοῦ
992 2145 1107 2183 Πνεύ-

90 2218 215 2251 ματος,
233 2203 321 2241 οὕτω
350 2207 451 2241 κάκεῖ
466 2204 505 2241 τὸ
526 2211 594 2241 πᾶν
623 2208 685 2250 τῆς
710 2204 919 2255 ἐπαγγελίας
932 2220 939 2227 ·
956 2210 1015 2243 τοῦ
1039 2205 1107 2257 γὰρ

88 2264 208 2307 ὕδατος
227 2265 424 2317 ψυχροτέρα
443 2259 484 2311 ἦν
504 2267 525 2310 ἦ
548 2265 664 2316 μήτρα
680 2264 735 2302 διὰ
754 2265 816 2312 τὴν
837 2265 1018 2316 στείρωσιν
1048 2267 1107 2304 καὶ

88 2324 126 2363 τὸ
142 2328 260 2377 γῆρας.
281 2324 554 2374 Καταμάθωμεν
580 2324 693 2362 τοίνυν
719 2328 820 2375 ἡμῶν
845 2325 908 2372 τὴν
934 2326 1106 2377 εὐγένειαν

88 2384 175 2434 μετὰ
192 2384 368 2437 ἀκριὲείας
390 2384 548 2432 ἁπάσης,
566 2386 624 2423 καὶ
659 2384 757 2429 ἀξίαν
788 2388 893 2432 αὐτῆς
923 2386 1106 2431 ἓπιδειξώ-

88 2448 175 2494 μεθα
192 2445 367 2483 πολιτείαν
383 2461 391 2469 ·
412 2446 487 2483 οὐδὲ
503 2445 571 2497 γὰρ
590 2445 663 2498 ἔχει
682 2462 716 2483 τι
737 2448 902 2500 σαρκικὸν
922 2447 998 2486 οὐδὲ
1020 2452 1108 2499 γεῶ-

87 2507 152 2548 δες.
173 2505 232 2550 Μὴ
254 2506 365 2543 τοίνυν
398 2506 483 2556 μηδὲ
508 2510 622 2556 ἡμεῖς.
656 2507 747 2546 Οὐδὲ
777 2508 844 2561 γὰρ
874 2508 998 2557 ὕπνος,
1030 2509 1106 2547 οὐδὲ

87 2567 221 2616 θέλημα
238 2567 365 2619 σαρκὸς
389 2566 448 2604 καὶ
473 2569 702 2619 περιπλοκαὶ,
729 2569 803 2607 οὐδὲ
826 2563 959 2621 οἶστρος
985 2572 1104 2608 ἐπιθυ·

87 2626 187 2676 μίας,
210 2626 299 2664 ἀλλὰ
328 2629 418 2665 Θεοῦ
438 2628 677 2679 φιλανθρωπία
695 2630 734 2667 τὸ
763 2636 830 2667 πᾶν
854 2630 1009 2676 ἐποίησε.
1034 2631 1106 2668 Καὶ

85 2686 241 2737 καθάπερ
261 2688 332 2724 ἐκεῖ
358 2689 419 2732 τῆς
443 2686 581 2734 ἡλικίας
599 2689 900 2738 ἀπογνωσθείσης,
929 2689 1017 2727 οὕτω
1046 2690 1105 2728 καὶ

85 2748 230 2784 ἐνταῦθα
256 2751 315 2784 τοῦ
345 2747 460 2798 γήρως
488 2750 557 2784 τῶν
590 2749 854 2801 ἁμαρτημάτων
885 2751 1103 2798 ἐπελθόντος,

84 2805 244 2858 ἐξαίφνης
269 2806 342 2849 νέος
365 2809 509 2852 ἀνῆλθεν
536 2811 553 2845 ὁ
581 2808 778 2860 ἅνθρωπος,
805 2809 865 2847 καὶ
891 2810 1019 2854 πάντες
1045 2815 1105 2849 τοῦ

84 2866 174 2903 Θεοῦ
194 2867 383 2942 γεγόναμεν
415 2870 559 2916 παῖδες,
590 2869 648 2906 καὶ
678 2869 819 2922 σπέρμα
852 2873 911 2907 τοῦ
933 2870 1103 2922 Ἀδραάμ.

83 2927 135 2963 Οὐ
165 2925 266 2975 μόνον
304 2927 336 2965 δὲ
348 2957 357 2973 ,
395 2928 486 2966 ἀλλὰ
518 2930 577 2966 καὶ
608 2929 779 2968 Ρεοεκκα
809 2930 844 2974 εξ
878 2930 951 2974 ἑνος
985 2930 1102 2977 κοίτην

82 2984 209 3036 ἔχουσα
227 2987 348 3025 Ἰσαὰκ
367 2992 425 3026 τοῦ
442 2990 572 3040 πατρὸς
591 2992 704 3040 ἡμῶν
722 2990 826 3041 Μέγα
841 2991 879 3028 τὸ
895 2990 1102 3040 ζητούμενον

83 3048 145 3090 ἠν·
169 3046 219 3083 διὸ
235 3047 293 3084 και
312 3048 458 3092 πολλους
474 3056 560 3087 κινεῖ
578 3049 784 3101 λογισμοὺς,
804 3066 863 3088 και
883 3051 1080 3102 πανταγόθε
1084 3067 1100 3088 ν

83 3106 127 3141 ἐπ
118 3120 182 3155 t75
190 3112 252 3156 ιρεῖ
278 3108 381 3145 λῦσαι
398 3125 460 3154 την
487 3109 648 3162 ἀπορίαν.
674 3112 720 3149 Εἰ
739 3127 805 3162 γαρ
833 3126 892 3148 και
909 3111 1102 3163 παραδοξον

84 3166 142 3202 καὶ
170 3167 284 3204 καινὸν
311 3168 349 3206 τὸ
383 3169 471 3219 μετὰ
503 3171 672 3215 τοσαύτας
703 3171 911 3224 ἐπαγγελίας
944 3174 1102 3211 ἐκπεσεῖν

84 3229 139 3264 ἐκε
144 3226 240 3274 ιίους,
260 3229 377 3266 πολλῶ
400 3231 667 3283 παραδοξότερον
685 3262 694 3280 ,
722 3233 762 3270 τὸ
784 3248 840 3270 και
870 3236 963 3283 ἡμας
990 3235 1037 3275 εἷς
1058 3232 1102 3270 τὰ

84 3289 139 3324 ἐκε
145 3287 220 3324 ίνωΓ
250 3290 411 3327 εἰσελθεῖν
435 3291 573 3341 ἀγαθὰ,
596 3293 673 3335 τους
703 3293 810 3343 μηδεν
842 3293 1103 3346 προσδοκησαν-

84 3363 142 3391 τας
159 3365 209 3386 το.
213 3365 321 3387 orma.
342 3350 409 3388 Και
425 3352 548 3389 ταύτον
564 3353 714 3402 εγένετο,
735 3357 804 3391 οἷον
826 3353 866 3391 ἂν
883 3356 911 3392 εἷ
933 3354 1059 3460 βασιλὶῖ.
1041 3371 1103 3397 εως

85 3417 115 3451 υἱ
120 3431 182 3458 οςε
171 3417 270 3464 ἐπαγ·
269 3416 375 3464 (ελίας
397 3416 517 3467 ἔχυτ1ν
507 3434 561 3464 .Γ,ν
578 3419 688 3470 ἀργην
709 3420 927 3464 διαδεξασΟαι
942 3421 1004 3467 τὴν
1064 3421 1103 3459 εί-

445 1416 504 1454 καὶ
523 1433 596 1460 πως
618 1415 707 1466 μέγα
731 1415 1023 1466 ἐπαγγειλάμενος
1045 1432 1110 1455 κα-
1123 1398 1170 1463 ⁶549
1184 1416 1327 1454 feceiit?
1347 1416 1452 1462 Quod
1468 1416 1496 1454 si
1513 1416 1670 1454 dixerint
1688 1415 1819 1466 Judaei,
1838 1419 1881 1454 Ε
1883 1431 1901 1452 z
1915 1419 2031 1454 Isaac
2050 1431 2170 1455 voca-

2142 228 2166 272 3

2072 225 2132 290 <37

1185 324 1379 364 secundum
1406 325 1520 376 legem
1545 332 1692 374 naturae,
1725 336 1838 374 neque
1867 321 2062 360 secundum
2094 322 2169 362 vim

1186 388 1316 436 carnis,
1349 388 1410 426 sed
1450 387 1646 425 seeundum
1679 387 1755 426 vim
1788 386 2047 439 promissionis.
2070 386 2171 432 Quid

1186 449 1254 487 sibi
1269 448 1575 499 vult‚Secundum
1587 448 1661 487 vim
1676 447 1990 500 promissionis?9.
2005 450 2055 484 In
2074 455 2170 485 tem-

1184 523 1276 560 pore
1288 511 1358 547 hoc
1372 512 1529 546 veniam
1545 510 1598 546 ad
1611 518 1659 555 te,
1677 517 1711 546 et
1728 511 1798 546 erit
1809 508 2066 559 Sarrae-filius.
2083 507 2168 545 Haec

1187 578 1237 606 est
1278 570 1389 620 igitur
1421 569 1608 621 promissio
1625 599 1636 618 ,
1676 578 1709 606 et
1736 569 1886 607 verbum
1913 568 1980 606 Dei
2008 568 2169 606 Isaacum

1186 629 1354 667 formavit
1373 638 1406 666 et
1425 630 1559 680 genuit.
1576 628 1673 674 Quid
1693 629 1798 677 enim,
1819 629 1849 666 si
1870 628 1975 666 vulva
1997 627 2166 679 subjicie-

1186 689 1293 726 batur
1317 699 1350 726 et
1370 689 1502 726 matrix
1518 689 1704 726 mulieris?
1717 690 1795 726 Non
1815 688 1908 726 enim
1926 689 1981 727 vis
1996 689 2170 737 matricis,

1187 749 1250 787 sed
1272 750 1327 788 vis
1352 749 1597 801 promissionis
1616 749 1733 786 filium
1754 749 1885 800 genuit.
1905 751 1958 787 Ita
1973 759 2005 787 et
2024 764 2087 788 nos
2105 765 2171 788 na-

1187 810 1321 847 scimur
1335 825 1399 862 per
1416 810 1483 848 Dei
1496 810 1605 848 verba
1622 809 1772 846 :etenim
1791 810 1827 846 in
1842 810 1977 860 piscina
1996 825 2170 861 aquarum

1187 880 1268 908 sunt
1287 872 1353 908 Dei
1382 871 1502 919 verba,
1533 884 1612 920 quae
1644 884 1706 907 nos
1734 879 1900 920 generant
1931 879 1963 907 et
1993 871 2168 909 formant:

1186 944 1268 968 nam
1288 931 1323 967 in
1352 931 1495 968 nomine
1514 930 1630 967 Patris
1648 939 1682 967 et
1702 930 1787 967 Filii
1813 939 1845 967 et
1873 931 2029 982 Spiritus
2057 932 2168 970 sancti

1185 990 1353 1041 baptizati
1373 1003 1592 1041 generamur.
1610 990 1694 1028 Haec
1709 1004 1814 1041 porro
1829 991 2006 1041 generatio
2023 1006 2092 1029 non
2107 1007 2169 1030 na-

1185 1058 1288 1099 turae,
1318 1049 1379 1086 sed
1397 1049 1640 1101 promissionis
1657 1050 1723 1087 Dei
1747 1059 1808 1087 est.
1841 1050 1941 1088 Sicut
1971 1051 2065 1088 enim
2087 1066 2170 1089 cum

1184 1110 1296 1150 Isaaci
1315 1112 1574 1163 generationem
1606 1112 1840 1164 promisisset,
1870 1121 1954 1150 tunc
1975 1112 2075 1150 illam
2102 1113 2170 1151 im-

1184 1172 1319 1223 plevit:
1340 1173 1390 1210 sic
1415 1182 1450 1210 et
1484 1182 1641 1211 nostram
1671 1182 1752 1210 ante
1777 1173 1889 1211 multa
1913 1174 2171 1226 praenuntiavit

1184 1242 1342 1286 tempora
1362 1249 1422 1286 per
1448 1249 1568 1272 omnes
1594 1235 1798 1286 prophetas,
1826 1242 1859 1271 et
1885 1243 2005 1286 postea
2028 1234 2064 1272 in
2081 1249 2170 1287 opus

1184 1294 1348 1332 deduxit.
1371 1294 1504 1334 Viden’
1521 1304 1694 1345 quantum
1705 1294 2000 1333 demonstraverit
2021 1304 2054 1333 et
2075 1295 2171 1345 quod

1185 1368 1266 1392 cum
1282 1369 1451 1406 magnum
1468 1355 1555 1405 quid
1570 1355 1742 1407 promisei
1746 1354 1784 1403 it,
1803 1355 1970 1393 facillime
1983 1355 2074 1392 illud
2093 1371 2171 1408 pci-

1229 244 1384 274 HOMIL.
1422 245 1518 274 XVI·

1138 632 1162 661 E

1186 1480 1287 1514 bitur
1314 1480 1384 1515 tibi
1411 1491 1551 1527 semen,
1566 1477 1605 1515 1d
1624 1477 1840 1529 significare,
1865 1478 1923 1514 Fx
1943 1479 2042 1515 Isaac
2069 1487 2168 1517 natos

1184 1537 1250 1589 ipsi
1266 1538 1422 1590 reputari
1446 1539 1480 1575 in
1505 1553 1634 1588 semen,
1657 1548 1831 1588 oporteret
1850 1539 1955 1576 etiam
1974 1539 2167 1590 Idumaeos,

1184 1607 1216 1636 et
1233 1611 1366 1645 omnes,
1382 1598 1443 1649 qui
1458 1599 1503 1636 ab
1520 1599 1616 1636 Esaii
1630 1599 1698 1636 orti
1715 1608 1826 1647 erant,
1849 1600 1924 1651 ejus
1943 1600 2037 1638 filios
2057 1615 2166 1638 voca-

1183 1658 1214 1696 ri
1232 1675 1239 1695 :
1255 1672 1338 1696 nam
1356 1659 1502 1696 illorum
1520 1658 1726 1711 progenitor
1745 1659 1841 1697 Esau
1862 1659 1960 1697 filius
1980 1670 2054 1698 erat
2073 1661 2167 1698 Isaa-

1183 1721 1229 1759 ci.
1251 1721 1355 1759 Nunc
1373 1735 1455 1760 vero
1469 1736 1536 1759 non
1553 1720 1658 1758 modo
1684 1721 1752 1758 filii
1773 1735 1843 1759 non
1859 1732 2046 1772 vocantur,
2059 1722 2121 1760 sed
2134 1732 2168 1760 et

1182 1781 1288 1819 valde
1304 1791 1384 1819 sunt
1400 1782 1519 1821 alieni.
1536 1782 1671 1822 Viden'
1683 1796 1753 1819 non
1778 1782 1871 1819 filios
1899 1783 2015 1821 carnis
2030 1798 2103 1821 esse
2124 1785 2166 1822 fi-

1181 1842 1247 1879 lios
1259 1842 1344 1892 Dei,
1357 1843 1444 1880 sed
1434 1857 1471 1880 111
1487 1843 1563 1894 ipsa
1579 1851 1706 1880 natuia
1719 1856 1795 1879 eam
1798 1856 1896 1892 ,quae
1910 1858 1973 1894 per
1990 1844 2169 1895 baptisma

1182 1911 1247 1951 est,
1271 1873 1532 1954 genyelationem
1546 1904 1623 1954 jam
1650 1903 1736 1940 olim
1767 1902 2011 1955 piwaesciiptam
2030 1905 2167 1942 fuisse?

1182 1962 1286 2009 Quod
1306 1963 1334 2000 si
1360 1972 1399 2000 tu
1419 1963 1508 2001 mihi
1530 1963 1713 2000 matiicem
1732 1962 1881 2009 dixeiis,
1905 1963 2020 2001 habeo
2040 1973 2073 2002 et
2103 1979 2167 2017 ego

1181 2038 1309 2074 aquam
1325 2024 1584 2075 opponendam.
1600 2023 1671 2062 Sed
1687 2023 1779 2061 sicut
1793 2023 1853 2061 hic
1866 2033 1938 2062 tota
1955 2039 2009 2062 res
2024 2034 2076 2063 est
2089 2026 2168 2077 Spi-

1180 2084 1285 2133 ritus,
1300 2085 1350 2122 sic
1367 2085 1443 2125 illic
1462 2094 1534 2123 tota
1553 2099 1607 2123 res
1623 2094 1674 2122 est
1690 2084 1934 2136 promissionis
1950 2101 1957 2122 :
1974 2100 2054 2123 nam
2075 2101 2167 2137 aqua

1179 2146 1346 2197 frigidior
1360 2146 1493 2184 matrix
1501 2156 1573 2184 erat
1587 2146 1633 2184 ob
1646 2146 1867 2184 sterilitatem
1884 2156 1917 2185 et
1940 2157 2079 2186 senectu
2086 2157 2166 2186 tem.

1180 2207 1368 2245 Discamus
1383 2221 1465 2259 ergo
1478 2207 1742 2245 accuratissime
1760 2207 1983 2246 nobilitatem
1996 2219 2167 2259 nostram,

1179 2276 1212 2305 et
1225 2268 1287 2305 illa
1301 2268 1453 2319 dignum
1469 2269 1703 2307 exhibeamus
1717 2269 1802 2308 vitae
1817 2269 2040 2308 institutum:
2055 2285 2169 2322 neque

1179 2329 1273 2366 enim
1287 2329 1392 2367 habet
1405 2330 1603 2381 quidquam
1619 2330 1758 2367 carnale
1771 2330 1827 2368 vel
1846 2339 2021 2370 terrestre.
2035 2333 2088 2371 Ne
2102 2332 2168 2371 ita-

1180 2406 1248 2442 que
1266 2406 1329 2430 nos
1354 2392 1540 2445 quidpiam
1569 2391 1777 2444 hujusmodi
1810 2392 2017 2432 habeamus.
2046 2396 2168 2447 Neque

1179 2452 1273 2489 enim
1294 2467 1450 2502 somnus,
1476 2468 1588 2504 neque
1606 2454 1771 2492 voluntas
1794 2454 1923 2502 carnis,
1940 2469 2051 2506 neque
2069 2471 2167 2494 com-

1179 2512 1320 2563 plexus,
1333 2527 1446 2563 neque
1461 2513 1755 2565 concupiscentiae
1766 2513 1945 2563 stimulus,
1956 2515 2018 2552 sed
2030 2516 2096 2553 Dei
2106 2516 2167 2554 be-

1178 2573 1333 2624 nignitas
1343 2584 1459 2612 totum
1474 2575 1682 2626 peregit.Ac
1698 2573 1788 2611 sicut
1800 2573 1876 2611 illic
1887 2574 2070 2626 desperata
2084 2586 2166 2614 aeta—

1178 2642 1224 2680 te,
1245 2633 1293 2671 ita
1315 2643 1348 2672 et
1363 2634 1423 2671 hic
1443 2643 1669 2686 peccatorum
1685 2641 1862 2671 senectute
1880 2636 2164 2686 superveniente,

1177 2693 1298 2731 statim
1319 2708 1434 2733 novus
1456 2694 1543 2732 exiit
1557 2694 1678 2742 homo,
1703 2702 1736 2731 et
1755 2707 1876 2731 omnes
1892 2694 1960 2731 filii
1975 2695 2042 2732 Dei
2061 2704 2094 2733 et
2112 2710 2166 2734 se-

1128 2757 1151 2787 C
1177 2768 1256 2791 men
1271 2754 1425 2792 Abrahae
1442 2754 1526 2791 facti
1540 2767 1674 2791 sumus.
1692 2754 1755 2790 10.
1771 2753 1864 2791 Non
1878 2755 2002 2792 solum
2018 2764 2162 2799 autem,

1177 2816 1246 2852 sed
1260 2823 1295 2851 et
1310 2816 1482 2852 Rebecca
1494 2827 1633 2867 etv-uno
1651 2816 1856 2851 concubitu
1878 2816 2026 2853 habens
2050 2818 2166 2854 Isaac

1173 2877 1297 2922 patris
1333 2877 1467 2913 nostri.
1487 2875 1661 2925 Magnum
1694 2873 1883 2926 quidpiam
1911 2877 2137 2925 quaerebatur
2150 2892 2162 2927 3

1178 2933 1330 2983 ideoque
1347 2934 1460 2971 multa
1480 2942 1598 2972 movet
1617 2933 1813 2982 ratiocinia,
1830 2943 1864 2972 et
1883 2934 2041 2985 undique
2057 2950 2164 2974 cona-

1176 3004 1235 3033 tur
1253 2995 1514 3034 dubitationem
1523 2996 1671 3033 solvere.
1685 2995 1777 3033 Nam
1793 2995 1819 3033 si
1836 2995 2116 3048 inexspectatum
2133 3007 2166 3037 et

1175 3070 1309 3095 novum
1324 3065 1374 3094 est
1396 3065 1473 3108 post
1486 3065 1538 3094 tot
1558 3055 1824 3108 promissiones,
1846 3056 1892 3094 ab
1907 3056 1980 3094 illis
1999 3057 2087 3109 ipsis
2106 3072 2168 3097 err-5

1175 3117 1307 3155 cidere:
1334 3118 1438 3168 longe
1454 3116 1655 3154 mirabilius
1675 3125 1740 3162 est,
1762 3131 1826 3154 nos
1844 3116 1881 3154 in
1909 3117 2054 3156 illorum
2073 3119 2165 3157 bona

1175 3178 1317 3226 intrare,
1339 3178 1403 3228 qui
1432 3178 1524 3215 nihil
1548 3177 1617 3214 tale
1645 3177 1949 3228 exspectabamus.
1972 3180 2089 3229 Atque
2109 3180 2165 3218 id-

1175 3238 1294 3290 ipsum
1313 3238 1444 3283 evenit⁷
1463 3252 1504 3275 ac
1527 3237 1556 3275 si
1573 3237 1652 3288 quis
1671 3237 1764 3288 regis
1786 3238 1897 3288 filius,
1912 3238 1969 3277 cui
1988 3240 2165 3291 promissa

1177 3300 1302 3337 fuisset
1322 3299 1463 3351 imperii
1479 3297 1664 3347 successio,
1679 3298 1716 3336 in
1733 3299 1966 3338 obscurorum
1981 3301 2167 3341 hominum

1177 3360 1342 3398 ordinem
1362 3360 1588 3411 rejiceretur,
1619 3368 1722 3409 atque
1744 3359 1842 3399 illius
1876 3361 1952 3399 loco
1978 3361 2167 3401 damnatus

1128 3432 1151 3461 Ι)
1178 3422 1299 3473 honio,
1331 3421 1429 3459 mille
1450 3421 1548 3461 vitiis
1577 3421 1741 3472 refertus,
1770 3436 1815 3460 ex
1834 3436 1971 3462 carcere
2004 3423 2165 3476 eductus,

1133 2101 1154 2130 Β
