2502 3810
156 1300 267 1329 ᾗῙιιΙΙῘΙ.

157 1349 206 1368 2¹.

292 1306 338 1338 19.

359 225 445 269 580
798 237 835 265 s.

354 323 461 369 dicat,
481 333 517 357 se
531 319 612 370 jure
628 330 697 354 non
717 316 892 366 accepisse
912 314 974 363 qui
1003 321 1035 350 et
1062 313 1150 350 alios
1169 312 1330 349 nutriret.

354 382 450 421 Vide
469 393 575 429 quam
601 376 753 414 studiose
771 382 974 426 operaretur
1000 382 1099 410 noete
1121 381 1154 410 et
1181 372 1240 410 die
1260 373 1332 410 col-

348 444 498 491 loquens
512 451 592 475 cum
606 435 787 486 lacrymis,
801 434 958 484 singulos
971 433 1174 471 admonens.
1190 435 1332 471 Omnia

354 500 502 538 ostendi
531 499 656 545 vohis,
691 495 820 545 inquit,
849 497 1034 546 quoniam
1065 497 1120 531 sic
1148 494 1331 530 laboran-
1351 498 1377 528 D

354 570 407 597 tes
421 565 565 609 oportet
597 558 786 606 suscipere
805 555 991 607 iofirmos.
1012 554 1087 590 Hoc
1116 567 1197 591 cum
1218 553 1332 591 dixis-

350 629 413 664 set,
435 619 563 655 iterum
585 617 745 654 timorem
762 615 918 653 incussit.
942 615 1020 652 Hoc
1034 623 1152 652 autem
1170 615 1307 652 indicat
1325 630 1332 651 :

350 682 427 718 Non
444 678 589 730 potestis
611 676 656 713 ad
679 676 915 727 ignorantiam
935 676 1139 727 confugere:
1167 675 1334 726 operibus

349 739 485 777 ostendi
512 738 562 777 sic
591 746 751 789 oportere
781 737 953 775 laborare,
971 737 1044 774 Nec
1075 735 1172 772 dixit
1199 735 1335 774 malum

350 814 424 838 csse
452 799 631 850 accipere3
671 797 732 836 sed
746 828 756 847 ,
791 797 918 835 melius
955 811 1027 835 esse
1064 810 1134 833 non
1165 796 1334 848 accipere.

351 862 541 898 flIemores
558 873 651 905 esse,
674 858 804 908 inquit,
818 861 1004 896 sermonis
1026 859 1202 903 Domini,
1225 871 1338 910 quem

351 922 449 958 dii-it
471 937 481 957 :
503 922 663 958 Beatius
697 928 753 957 est
783 920 891 968 dare,
921 933 1039 970 quam
1072 921 1257 970 accipere.
1291 918 1338 956 Et

351 982 498 1019 ubinam
526 981 647 1018 dixit?
667 981 772 1018 Forte
803 980 894 1017 illud
921 980 997 1017 sine
1024 979 1156 1030 scripto
1182 979 1338 1017 tradide-

352 1052 436 1080 runt
458 1042 632 1094 apostoli3
664 1041 723 1079 vel
741 1055 786 1078 ex
806 1041 884 1079 aliis
911 1040 991 1090 quis
1016 1040 1183 1090 colligere
1208 1040 1334 1091 possit.

875 233 1058 265 JOANNIS
1095 232 1335 262 CHRYSOST·
1373 232 1579 264 ARCHIEP.
1619 236 1971 269 CONSTANTINOP-

1405 314 1545 357 εἰκότως
1565 316 1626 352 οὔκ
1644 315 1767 354 ἔλαὸεν
1782 318 1885 356 ὁπότε
1902 319 1961 357 καὶ
1979 319 2114 371 ἑτέρους
2131 320 2281 372 ἔτρεφεν.
2311 320 2417 371 εὈρα,

1403 377 1477 417 πῶς
1505 374 1681 431 εἰργάζετο
1716 377 1804 426 μετὰ
1834 380 1983 424 σπουδῆς
2015 380 2193 433 ἄνθρωπος
2224 381 2331 419 νύκτα
2359 381 2418 418 καὶ

1401 433 1535 485 ἡμέραν
1557 435 1798 487 διαλεγόμενος
1816 438 1905 487 μετὰ
1925 439 2094 491 δακρύων,
2111 441 2170 478 ἕνα
2183 441 2328 479 ἕκαστον
2344 457 2419 478 νου-

1402 497 1518 533 θετῶν.
1546 495 1671 533 Πάντα
1696 496 1857 540 ὑπέδειξα
1888 501 1967 548 ὑμῖν
1982 529 1995 545 ,
2028 499 2081 538 ὅτι
2106 500 2196 538 οὕτω
2224 504 2420 543 κοπιῶντας

1401 555 1452 592 δεῖ
1468 555 1788 605 ἀντιλαμὸοίνεσθαι
1809 560 1878 594 τῶν
1900 559 2142 598 ἀσθενούντων.
2163 563 2276 599 Τοῦτο
2296 561 2419 610 εἰπὼν,

1401 615 1506 653 πάλιν
1529 616 1710 667 ἐφόέησεν.
1742 616 1791 655 “O
1808 617 1844 656 δὲ
1862 617 1977 669 λέγει,
1997 619 2100 657 τοῦτό
2119 623 2209 659 ἔστιν
2223 637 2230 644 ·
2248 624 2308 659 οὖν.
2325 622 2423 673 ἔχετε

1404 678 1450 719 εἷς
1469 676 1609 727 ἄγνοιαν
1634 684 1844 729 καταφυγεῖν
1862 693 1870 702 ·
1893 679 2054 723 ὑπέδειξα
2072 680 2129 717 διὰ
2148 684 2216 718 τῶν
2231 682 2352 733 ἔργων,
2371 681 2424 719 ὅτι

1404 735 1495 775 οὕτω
1509 740 1705 780 κοπιῶντας
1721 738 1770 776 δεῖ
1785 739 2000 792 ἐργάζεσθαι.
2021 739 2093 777 Καὶ
2107 742 2168 777 οὐκ
2183 734 2290 788 εἶπεν,
2303 742 2354 779 ὅτι
2364 758 2425 780 κα-

1404 797 1462 834 κὸν
1477 797 1517 835 τὸ
1532 799 1652 836 λαὸεῖν
1664 814 1671 821 ·
1689 799 1791 846 ἀλλὰ,
1810 799 1943 850 βέλτιον
1959 800 1998 837 τὸ
2013 799 2061 850 μὴ
2074 800 2205 838 λαὸεῖν.
2222 801 2426 851 Μνημονεύ·

1405 874 1453 896 ειν
1472 874 1512 895 τε
1525 858 1582 896 τὸν
1603 858 1717 909 λόγον,
1734 859 1837 911 φησὶ,
1858 864 1916 897 τοῦ
1933 860 2076 912 Κυρίου,
2090 860 2125 898 ὃν
2142 855 2235 899 εἷπε·
2255 861 2425 913 μακάριόν

1405 920 1478 957 ἐστι
1493 919 1624 968 μᾶλλον
1639 918 1770 956 διδόναι
1782 919 2019 971 ἢλαμβοίνειν.
2036 922 2106 959 Καὶ
2119 926 2185 960 ποῦ’
2201 916 2294 959 εἶπεν
2306 920 2428 968 ;Ἴσως

1405 979 1570 1030 ἀγράφως
1584 979 1792 1031 παρέδωκαν
1809 982 1840 1018 οἱ
1855 981 2061 1020 ἀπόστολοι·
2077 981 2098 1027 ἢ
2115 982 2149 1026 ἐξ
2164 976 2210 1019 ὧν
2228 983 2266 1020 ἄν
2283 999 2334 1026 τις
2345 984 2425 1020 συλ-

1404 1039 1585 1089 λογίσαιτο
1603 1040 1721 1085 δῆλον.
1753 1041 1824 1078 Καὶ
1849 1042 1917 1093 γὰρ
1942 1042 2047 1085 ἔδειξε
2067 1042 2129 1089 τὴν
2149 1042 2347 1095 παρρησίαν
2365 1043 2427 1090 τὴν

352 1103 495 1140 Etenim
513 1102 664 1140 ostendit
684 1102 854 1139 fiduciam
884 1101 921 1138 in
944 1100 1125 1153 periculiS‚
1145 1101 1337 1138 commise-
1359 1113 1382 1144 Ε
1405 1101 1492 1152 πρὸς
1511 1100 1589 1144 τοὺς
1609 1100 1802 1147 κινδύνους,
1818 1101 1880 1148 τὴν
1908 1103 2127 1153 συμπάθειαν
2149 1103 2212 1149 τὴν
2241 1102 2327 1156 πρὸς
2351 1102 2429 1147 τοὺς

354 1164 526 1202 rationem
548 1179 629 1216 erga
655 1163 830 1213 subditos,
849 1162 1048 1200 doctrinam
1071 1176 1152 1199 cum
1169 1161 1338 1212 loquendi

354 1227 529 1274 libertate,
549 1225 800 1273 humilitatem,
824 1233 1068 1276 paupertatem
1096 1224 1189 1261 :hoc
1217 1233 1337 1262 autem

355 1298 405 1326 est
423 1296 628 1340 paupertate
639 1288 764 1338 majus.
780 1288 871 1324 Nam
886 1286 916 1323 si
933 1285 1008 1322 illic
1023 1285 1084 1334 ait,
1107 1286 1237 1322 Vende
1254 1300 1339 1337 quoe

356 1351 488 1395 habes,
512 1351 545 1386 si
559 1351 622 1385 vis
633 1349 826 1399 perjectus
846 1360 951 1384 esse:
973 1360 1055 1383 cum
1070 1359 1139 1383 non
1159 1344 1264 1383 modo
1284 1346 1340 1383 ni-

355 1410 407 1447 hil
427 1409 590 1460 accipiat,
619 1407 679 1445 sed
712 1407 819 1445 etiam
851 1407 941 1444 alios
970 1406 1118 1453 nutriat,
1143 1406 1231 1455 quid
1258 1406 1341 1443 huic

354 1471 405 1508 rei
437 1468 715 1507 conferendum?
735 1467 877 1506 Primus
907 1467 1040 1517 gradus
1059 1466 1170 1517 igitur
1194 1476 1258 1514 est,
1276 1481 1339 1504 sua

353 1531 525 1582 abjicere,
557 1529 744 1574 secundus,
777 1528 846 1566 sibi
875 1528 1055 1575 sufficere5
1088 1527 1224 1575 tertius,
1259 1527 1339 1565 aliis

353 1606 511 1642 qnoque3
537 1599 697 1640 quartus,
717 1589 969 1640 praedicantcm
989 1597 1021 1625 et
1050 1597 1257 1639 potestatem
1283 1602 1341 1625 ac-

354 1651 507 1703 cipiendi
528 1651 717 1687 habentem
742 1649 833 1685 nihil
852 1648 1021 1698 accipere.
1057 1649 1178 1696 Itaque
1197 1647 1255 1696 iis,
1279 1648 1342 1697 qui

357 1711 447 1749 nihil
465 1710 645 1755 haberent,
675 1709 734 1746 hic
757 1708 871 1744 multo
900 1706 1027 1743 melior
1058 1715 1147 1743 crat.
1173 1710 1221 1743 Ac
1248 1716 1340 1744 recte

355 1771 463 1818 dixit,
481 1771 542 1807 Sic
563 1777 710 1820 oportet
726 1770 916 1819 suscipere
943 1767 1129 1818 infirmos.
1145 1765 1221 1803 Hoc
1245 1766 1340 1804 enim

354 1842 405 1869 est
436 1828 751 1868 commiserationis
781 1841 862 1878 erga
895 1827 1071 1875 infirmos,
1103 1841 1150 1864 ex
1183 1827 1339 1879 propriis

354 1958 500 2004 bonum,
513 1954 571 1992 sed
593 1954 698 1991 etiam
708 1952 962 2005 periculosum.
978 1954 1014 1989 E
1018 1961 1029 1988 t
1047 1953 1340 2003 procumbentes

355 2032 467 2068 super
487 2016 630 2054 collum
648 2017 743 2066 ejus,
767 2013 896 2064 inquit,
912 2013 1075 2066 flebant.
1099 2012 1173 2049 Hoc
1196 2012 1340 2050 illorum

355 2093 435 2129 erga
468 2078 584 2129 ipsum
613 2076 781 2113 affectum
811 2074 1024 2112 ostendebat.
1056 2073 1341 2111 procumbebant

355 2148 473 2176 autem
493 2138 528 2174 in
553 2137 698 2184 collum,
717 2144 840 2187 utpote
861 2134 921 2185 qui
941 2143 1136 2186 postremos
1154 2134 1340 2185 amplexus

356 2199 491 2247 darent,
502 2208 533 2235 ct
547 2198 697 2234 multam
713 2211 756 2233 ex
776 2196 943 2233 concione
961 2194 1186 2231 dilectionem
1200 2194 1340 2232 hausis-

358 2269 433 2297 sent
449 2269 483 2296 et
496 2258 700 2295 amicitiam.
713 2258 805 2294 Nam
822 2255 851 2292 si
868 2269 945 2302 nos,
966 2269 1046 2291 cum
1063 2255 1170 2304 vulgo
1189 2254 1340 2292 discedi-

357 2335 448 2367 mus,
465 2318 745 2370 ingemiscimus,
765 2316 830 2353 etsi
851 2316 1002 2353 sciamus
1028 2329 1091 2352 nos
1108 2315 1236 2352 iterum
1256 2329 1341 2353 con-

357 2391 540 2429 venturos,
562 2378 741 2429 quomodo
758 2377 812 2414 illi
837 2390 907 2414 non
927 2376 1000 2413 sine
1020 2374 1152 2412 doloris
1174 2375 1301 2412 affectu
1321 2389 1341 2412 a

360 2442 471 2479 Paulo
491 2440 608 2478 avulsi
630 2439 790 2476 fuissent.
821 2437 896 2488 Ego
925 2436 1078 2474 Paulum
1110 2449 1252 2486 quoque
1280 2436 1342 2474 sse-

359 2502 452 2539 visse
473 2510 570 2553 puto.
590 2499 811 2543 Abstracti,
837 2496 962 2547 inquit.
992 2495 1211 2535 Violentiam
1242 2510 1342 2533 mon-

361 2571 461 2612 strat,
491 2575 572 2598 cum
601 2560 703 2603 dicit,
723 2559 929 2596 Abstracti
956 2559 1005 2594 ab
1035 2559 1102 2594 eis.
1127 2556 1172 2593 Et
1192 2556 1340 2605 merito;

360 2624 394 2660 in
413 2623 534 2662 navim
549 2622 643 2659 enim
658 2620 711 2658 illi
729 2617 960 2657 conscendere
973 2631 1042 2655 non
1059 2626 1230 2669 poterant.
1247 2617 1346 2663 Quid

361 2694 424 2731 est,
452 2687 568 2722 Recto
583 2696 695 2721 cursu
713 2684 892 2718 venimus
910 2683 951 2717 in
971 2680 1092 2717 Coum
1107 2680 1181 2715 ?Ac
1201 2678 1229 2716 si
1247 2678 1344 2716 dice-

362 2756 426 2791 ret,
448 2747 526 2783 Non
555 2742 786 2781 circuivimus
815 2754 928 2790 neque
953 2739 1032 2777 aliis
1061 2739 1097 2777 in
1117 2739 1205 2777 locis
1230 2753 1347 2777 moras

360 2807 547 2844 traximus.
570 2805 753 2856 Sequenti
772 2815 862 2839 vero
883 2802 944 2837 die
963 2801 1154 2838 Rhodum.
1181 2799 1279 2838 Vide
1297 2800 1346 2837 fe-

360 2869 559 2905 stinantem.
581 2867 633 2903 Et
651 2867 810 2901 inventa
826 2863 918 2898 navi
937 2863 1156 2913 trajiciente
1169 2862 1211 2896 in
1232 2861 1347 2898 Plzoe-

362 2933 486 2967 nicen.
515 2929 619 2964 Forte
648 2925 748 2963 navis
769 2923 938 2960 illictunc
952 2931 1040 2971 erat,
1059 2921 1140 2958 etin
1161 2935 1238 2959 eam
1258 2935 1346 2959 con-

363 2989 583 3035 scenderunt,
600 3001 670 3024 non
690 2986 832 3023 inventa
850 2981 934 3033 alia,
955 2996 1031 3032 quae
1058 2982 1123 3019 iret
1142 2984 1346 3021 Caesaream.

369 3053 443 3089 Ubi
472 3058 601 3087 autern
639 3048 820 3098 apparuit
841 3047 1006 3096 Cyprus,
1035 3045 1173 3081 relicta
1202 3046 1278 3082 illa
1297 3042 1375 3082 ad¹

218 3119 349 3154 Pcrogri-
363 3113 573 3149 sinistram.
592 3108 667 3145 Hoc
685 3121 755 3144 non
775 3105 849 3144 sine
876 3117 980 3142 causa
997 3102 1134 3141 dictum
1152 3113 1215 3153 est,
1231 3104 1290 3142 sed
1310 3113 1349 3142 ut

164 3162 310 3187 nationum

164 3200 244 3227 Pauli

164 3241 271 3267 censio.

304 3211 348 3228 fe·-

408 3236 424 3260 b
441 3233 534 3266 Idem
554 3239 602 3266 τον
618 3233 803 3277 apiano-rw
814 3256 821 3269 ‚
840 3235 888 3264 καὶ
905 3232 1034 3268 ἐξουσίαν
1050 3233 1137 3271 ε”χειν-

407 3297 419 3311 -Ἱ
440 3287 499 3317 Alii
517 3293 630 3321 τόποις·
654 3287 716 3316 εἶτα
736 3288 774 3319 εἰς
790 3279 888 3315 boso-2.

408 3340 423 3363 b
440 3338 502 3368 uic
533 3337 633 3367 etiam
667 3335 846 3366 innumerae
880 3338 956 3364 sunt
982 3329 1163 3362 lectionum
1197 3330 1371 3363 varietates

353 1893 436 1930 dare
462 1891 646 1928 laboribus
660 1906 671 1939 3
695 1905 738 1927 ex
767 1889 891 1926 alienis
917 1902 1016 1936 vero,
1046 1902 1116 1926 non
1144 1887 1250 1925 modo
1270 1902 1339 1926 non
1351 1863 1399 1930 ³2⁰

1408 1161 1635 1212 ἀρχομένους,
1666 1160 1729 1207 τὴν
1761 1162 1987 1200 διδασκαλίαν
2013 1163 2075 1210 τὴν
2106 1162 2194 1213 μετὰ
2219 1163 2428 1215 παρρησίας,

1406 1221 1468 1268 τὴν
1486 1221 1814 1274 ταπεινοφροσύνην,
1836 1222 1897 1269 τὴν
1917 1223 2161 1272 ἀκτημοσύνην
2174 1239 2181 1246 ·
2202 1227 2302 1261 τοῦτο
2317 1223 2352 1260 ’δὲ
2369 1223 2429 1260 καὶ

1407 1282 1651 1333 ἀκτημοσύνης
1667 1286 1792 1334 μεῖζον.
1816 1285 1860 1321 Εἰ
1873 1284 1939 1336 γὰρ
1957 1287 2039 1331 ἐκεῖ,
2052 1283 2224 1329 Πώλησόν
2241 1299 2314 1331 σου,
2332 1284 2431 1335 φησὶ,

1407 1342 1451 1380 τὰ
1469 1343 1684 1395 ὑπάρχοντα,
1702 1346 1731 1381 εἰ
1748 1344 1855 1387 Θέλεις
1873 1344 2000 1387 τέλειος
2019 1338 2104 1382 εἶναι
2116 1359 2123 1367 ·
2161 1344 2240 1382 ὅταν
2276 1344 2360 1395 πρὸς
2379 1347 2429 1395 τῷ

1409 1402 1515 1453 μηδὲν
1536 1404 1727 1453 λαμὲοίνειν
1748 1404 1807 1442 καὶ
1831 1405 1967 1456 ἑτέρους
1984 1405 2092 1458 τρέρῃ
2111 1436 2120 1451 ,
2143 1405 2177 1441 τί
2194 1404 2316 1443 τούτου
2334 1405 2429 1451 ἴσον;

1410 1459 1471 1507 Εἷς
1495 1465 1625 1514 βαθμὸς
1641 1465 1754 1503 τοίνυν
1777 1468 1874 1517 ῥῖψαι
1889 1466 1933 1503 τὰ
1955 1468 2058 1504 αὑτοῦ
2072 1497 2081 1514 ,
2104 1466 2263 1517 δεύτερος
2280 1497 2289 1511 ,
2312 1468 2428 1518 ἑαυτῷ

1409 1526 1590 1577 ἐπαρκεῖν,
1611 1525 1723 1577 τρίτος
1740 1556 1749 1572 ,
1779 1526 1838 1563 καὶ
1858 1526 1998 1578 ἑτέροις,
2018 1527 2194 1580 τέταρτος,
2214 1526 2229 1546 ¹³
2243 1527 2280 1564 τὸ
2297 1526 2428 1578 κηρύτ-

1409 1601 1511 1622 τοντα
1530 1585 1588 1622 καὶ
1608 1585 1760 1629 ἐξουσίαν
1781 1586 1906 1637 ἔχοντα
1925 1587 2118 1636 λαμόάνειν
2147 1586 2195 1637 μὴ
2215 1588 2407 1637 λαμέάνειν
2421 1602 2428 1609 ·

1409 1643 1499 1682 ὥστε
1515 1645 1602 1683 πολὺ
1621 1649 1689 1682 τῶν
1711 1645 1917 1696 ἀκτημόνων
1936 1641 2032 1690 οὗτος
2048 1647 2190 1697 βελτίων
2211 1642 2264 1693 ἦν.
2283 1648 2352 1685 Καὶ
2367 1663 2430 1685 κα-

1408 1708 1477 1749 λῶς
1497 1699 1612 1753 εἶπεν,
1634 1705 1737 1744 Οὕτω
1755 1708 1805 1744 δεῖ
1825 1707 2145 1758 ἀντιλαμέοίνεσθαι
2164 1711 2232 1746 τῶν
2248 1709 2429 1747 ἀσθενούν-

1413 1782 1491 1804 των.
1515 1767 1630 1804 Τοῦτο
1649 1766 1711 1817 μὲν
1733 1766 1800 1818 γὰρ
1820 1767 2037 1818 συμπαθείας
2055 1771 2116 1814 τῆς
2135 1768 2219 1821 πρὸς
2233 1768 2312 1812 τοὺς
2331 1770 2428 1807 ἀσθε-

1411 1833 1490 1874 νεῖς,
1517 1826 1557 1864 τὸ
1587 1829 1626 1865 ἐκ
1649 1829 1716 1864 τῶν
1750 1828 1844 1866 ἰδίων
1874 1827 1989 1866 κόπων
2013 1828 2159 1866 διδόναι·
2188 1829 2228 1866 τὸ
2249 1829 2283 1866 δὲ
2301 1831 2340 1867 ἐκ
2360 1833 2428 1868 τῶν

1413 1888 1602 1941 ἀλλοτρίων
1618 1917 1627 1934 ,
1657 1890 1694 1925 οὐ
1720 1888 1821 1937 μόνον
1847 1890 1883 1926 οὗ
1901 1888 2024 1937 καλὸν,
2045 1889 2135 1927 ἀλλὰ
2155 1890 2214 1927 καὶ
2230 1890 2429 1942 ἐπισφαλές.

1412 1949 1482 1987 Καὶ
1504 1949 1725 1991 ἐπιπεσόντες
1744 1951 1793 2000 τῷ
1819 1950 1999 2002 τραχήλῳ,
2020 1949 2137 2001 φησὶν,
2157 1953 2260 1989 αὐτοῦ
2280 1950 2429 1989 ἔκλαιον.

1413 2012 1526 2048 Τοῦτο
1547 2010 1608 2057 τὴν
1628 2010 1779 2048 διάθεσιν
1796 2009 1858 2057 τὴν
1879 2010 1963 2062 πρὸς
1984 2010 2084 2048 αὐτὸν
2105 2011 2286 2049 δείκνυσιν.
2320 2012 2432 2050 Ἐπέ-

1412 2087 1518 2110 πεσον
1542 2071 1578 2110 δὲ
1606 2071 1663 2110 ἐπὶ
1690 2072 1747 2109 τὸν
1769 2071 1960 2123 τράχηλον,
1982 2072 2040 2109 ἅτε
2057 2071 2203 2124 ὑστέρας
2218 2073 2434 2124 περιπλοκὰς

1412 2132 1714 2186 περιπλεκόμενοι,
1737 2133 1796 2170 καὶ
1812 2132 1944 2179 πολλὴν
1961 2133 2031 2171 ἀπὸ
2048 2135 2109 2178 τῆς
2131 2133 2346 2186 δημηγορίας
2364 2136 2432 2172 λα-

1415 2193 1530 2237 θόντες
1557 2193 1620 2239 τὴν
1651 2193 1790 2244 ἀγάπην
1812 2193 1870 2230 καὶ
1895 2194 1934 2231 τὸ
1964 2193 2117 2245 φίλτρον.
2149 2195 2194 2232 Εἰ
2222 2193 2289 2247 γὰρ
2315 2196 2434 2237 ἁπλῶς

1413 2258 1515 2304 ἡμεῖς
1535 2253 1595 2290 ἀπ’
1611 2254 1771 2299 ἀλλήλων
1790 2253 2008 2303 διαλυόμενοι
2029 2254 2204 2304 στένομεν,
2219 2255 2332 2292 καίτοι
2351 2256 2435 2294 εἰδό-

1414 2330 1480 2359 τες,
1501 2313 1553 2351 ὅτι
1582 2314 1835 2364 ἀποληψόμεθα
1857 2314 2040 2361 ἀλλήλους,
2059 2317 2132 2356 πῶς
2154 2314 2192 2350 ἂν
2216 2316 2338 2353 ἐκεῖνοι
2359 2316 2435 2354 τότε

1414 2374 1557 2412 Παύλου
1577 2376 1718 2416 ἀπαθῶς
1734 2373 2035 2421 ἀπεσπάσθησαν,
2054 2374 2151 2424 Ἐγὼ
2171 2374 2231 2412 καὶ
2250 2375 2306 2411 τὸν
2328 2377 2433 2412 Παῦ-

1414 2437 1473 2473 λον
1487 2427 1585 2484 oium
1599 2433 1743 2472 κλαίειν.
1765 2434 2074 2479 Ἀποσπασθέντες,
2089 2435 2184 2486 φησί.
2204 2435 2366 2474 Δείκνυσι
2377 2436 2435 2474 καὶ

1415 2496 1478 2542 τὴν
1504 2496 1580 2546 βίαν
1600 2497 1650 2546 τῷ
1678 2497 1799 2539 εἰπεῖν,
1823 2495 2118 2538 Ἀποσπασθέντες
2140 2496 2201 2533 ἀπ’
2218 2497 2343 2534 αὐτῶν.
2365 2498 2436 2534 Καὶ

1418 2555 1556 2599 εἰκότως
1571 2571 1578 2578 ·
1608 2557 1655 2598 εἷς
1677 2554 1744 2608 γὰρ
1765 2554 1825 2601 τὴν
1849 2555 2024 2593 θάλασσαν
2045 2556 2164 2594 λοιπὸν
2187 2557 2360 2606 {ugk-“mou
2380 2559 2437 2595 αι’)-

1420 2616 1497 2660 τοὺς
1517 2617 1577 2654 οὐκ
1597 2618 1687 2661 ἐνῆν.
1719 2615 1766 2653 Τί
1789 2618 1903 2662 ἐστιν,
1930 2616 2263 2668 Εὐθυδρομήσαντες
2287 2617 2437 2668 ἤλθομεν

1420 2680 1467 2721 εἰς
1488 2676 1550 2724 τὴν
1582 2679 1681 2723 Κῶν;
1706 2676 1798 2714 Ἀντὶ
1818 2679 1894 2724 τοῦ,
1916 2679 1953 2714 οὐ
1973 2677 2206 2730 περιήλθομεν
2220 2677 2296 2716 οὐδὲ
2313 2677 2438 2730 διετρί-

2006 2742 2026 2749 zv
2053 2737 2081 2751 &x
2110 2737 2161 2753 >rm

1420 2739 1534 2789 ψαμεν
1563 2740 1597 2776 ἐν
1631 2737 1759 2788 ἑτέροις
1778 2736 1933 2780 ἶΙτόποις.
1971 2740 2026 2789 Τῃ
2050 2753 2084 2775 οε
2104 2753 2205 2785 εςης,
2237 2738 2360 2789 φησὶν,
2391 2742 2438 2782 εἷς

1420 2798 1554 2837 ζΡόδον.
1576 2797 1673 2849 ”Ορα
1688 2797 1788 2835 αὐτὸν
1805 2797 2039 2848 ἐπειγόμενον.
2063 2797 2133 2835 Καὶ
2149 2798 2302 2848 εὑρόντες
2317 2801 2437 2837 πλοῖον

1421 2860 1592 2910 διαπερῶν
1614 2860 1660 2901 εἷς
1682 2857 1867 2904 Φοινίκην.
1888 2857 1991 2900 Ἴσως
2011 2860 2120 2896 ἐκεῖνο
2139 2859 2257 2896 αὐτόθι
2277 2858 2439 2911 &test-9262·

1420 2921 1472 2958 διὸ
1488 2922 1520 2957 ἐν
1544 2921 1634 2970 αὐτῷ
1656 2917 1889 2956 ἐπιὸαίνουσιν
1906 2948 1915 2964 ,
1936 2920 1999 2969 οὐχ
2015 2917 2170 2968 εὑρόντες
2187 2919 2272 2957 ἄλλο
2292 2921 2339 2963 εἷς
2354 2922 2441 2958 Και-

1421 2980 1562 3033 σάρειαν
1580 2977 1830 3029 ἀπερχόμενον.
1852 2976 1868 2996 ¹³
1881 2977 2129 3029 Ἀναφοίναντες
2147 2978 2181 3015 δὲ
2201 2979 2264 3024 τὴν
2286 2980 2441 3031 Κύπρον,

1421 3042 1480 3080 καὶ
1497 3038 1744 3079 καταλιπόντες
1775 3037 1883 3084 αὐτὴν
1906 3037 2092 3088 εὐώνυμον.
2115 3040 2227 3078 Τοῦτο
2245 3041 2310 3091 οὐχ
2324 3041 2443 3084 ἁπλῶς

1423 3102 1570 3154 εἴρηται,
1591 3100 1667 3137 ἀλλ’
1681 3097 1737 3136 ἵνα
1754 3097 1859 3148 δείξῃ,
1876 3097 1930 3136 ὅτι
1946 3098 2024 3135 οὐδὲ
2040 3098 2140 3150 ἐγγὺς
2157 3101 2265 3145 αὐτῆς
2283 3100 2441 3152 γενέσθαι

1438 3227 1507 3258 sine
1524 3223 1590 3256 ullo
1616 3223 1649 3254 in
1675 3223 1836 3254 sententia
1855 3220 2045 3253 discrimine
2063 3223 2127 3264 [D.
2147 3228 2340 3268 ἀναράνεντες
2353 3224 2440 3267 (sic).

1439 3280 1478 3310 In
1500 3278 1536 3308 A.
1560 3278 1596 3307 B.
1613 3275 1650 3308 C.
1683 3274 1778 3306 aliter
1810 3273 1950 3305 babetur
1976 3273 2078 3308 locus.
2105 3276 2210 3316 Supra
2236 3287 2268 3316 p.
2291 3277 2371 3316 338,
2402 3278 2440 3316 Β,

1439 3340 1551 3362 omnes
1568 3332 1779 3373 ἀυκρκγέπες,
1798 3334 1830 3358 et
1846 3327 1891 3358 ita
1909 3325 2026 3369 legitur
2044 3326 2076 3360 in
2106 3326 2216 3360 Euius
2232 3326 2443 3373 mimorum]
