2502 3810
369 236 459 296 788

365 330 427 368 illa
445 328 709 380 praetercurris,
734 327 779 365 de
799 328 929 378 quibus
959 341 1080 379 poenas
1103 327 1252 365 daturus
1276 341 1311 365 cs
1331 327 1348 364 ?

365 389 466 436 Quid
499 402 601 439 ergo,
629 387 782 438 inquies,
819 389 945 426 Graeco
976 387 1245 438 dicamPHaec,
1268 402 1346 438 quae

835 248 855 278 S
864 268 872 277 .
903 247 1087 279 JOANMS
1122 246 1362 279 CHRYSOST.

363 462 470 499 supra
493 447 588 484 dicta
602 456 695 485 sunt.
713 447 759 485 Et
774 447 876 497 vide,
892 461 962 485 non
981 448 1241 498 tantummodo,
1259 447 1346 499 quid
1369 456 1392 485 Β

361 508 408 546 ad
424 509 592 547 Graecum
604 507 714 557 dicas,
729 508 790 546 sed
804 509 911 547 etiam
922 509 1101 560 quomodo
1114 510 1220 547 illum
1232 524 1346 548 emen-

213 579 348 617 Excmpli
361 568 446 607 dare
464 569 607 621 poteriS.
621 569 774 616 Quando
797 570 909 609 vitam
923 579 1023 607 tuam
1034 571 1244 623 explorans,
1261 571 1346 608 hinc

167 621 237 647 honi

164 662 232 688 mali
252 663 304 689 νίς.

152 3142 266 3171 §fuldu
286 3142 312 3172 5.

153 3184 204 3212 16.

306 621 349 648 vel

362 629 619 667 offendiculum
658 630 807 682 patitur,
835 629 896 667 hic
919 631 1033 681 cogita
1068 630 1156 681 quid
1183 631 1345 669 dicturus

360 689 425 729 sis.
458 690 526 727 Pro
559 689 621 728 illo
648 690 760 739 enim,
776 689 912 728 etiamsi
939 690 1221 738 scandalizetur,
1238 692 1346 730 ratio-

359 765 441 788 nem
467 765 538 789 non
569 751 697 801 dabis3
717 765 738 788 a
757 751 829 793 vita
847 765 931 789 vero
952 760 1033 800 tua,
1048 752 1077 790 si
1094 752 1179 790 hinc
1201 753 1261 790 ille
1283 753 1345 790 lae-

360 811 467 849 datur
478 842 489 861 ,
510 821 710 850 extremum
727 812 868 850 subibis
883 813 1093 865 periculum.
1112 814 1203 851 Cum
1217 813 1347 852 viderit

358 882 393 911 te
416 873 462 911 de
476 887 584 925 regno
599 873 910 926 philosophantem
926 884 958 912 et
974 883 1090 912 tamen
1101 874 1147 913 ad
1163 876 1347 927 praesentia

358 933 555 974 inhiantem
570 965 579 982 ,
619 935 815 986 gehennam
842 935 1046 985 timentem,
1070 945 1104 973 et
1126 937 1220 974 mala
1249 952 1347 989 prae-

359 997 472 1034 sentia
499 1005 734 1046 metuentem,
753 1006 838 1034 tunc
864 997 1039 1035 sollicitus
1057 1007 1142 1036 esto.
1170 998 1263 1036 Cum
1291 998 1349 1037 his

359 1057 556 1109 conspectis
569 1057 630 1095 ille
651 1067 683 1095 te
697 1057 930 1109 reprehendet
949 1072 991 1096 ac
1007 1058 1100 1096 dicet
1119 1075 1126 1095 :
1143 1059 1183 1097 Si
1195 1073 1348 1110 regnum

359 1114 562 1164 desideras,
594 1130 657 1154 cur
683 1130 739 1153 ies
768 1124 955 1168 praesentes
985 1130 1055 1154 non
1091 1116 1245 1169 despicis
1271 1118 1288 1155 Ρ
1317 1117 1345 1156 si
1370 1122 1394 1154 C

359 1177 583 1214 tremendum
630 1176 788 1214 tribunal
824 1186 1006 1229 exspectas
1023 1207 1035 1227 ,
1062 1192 1126 1215 cur
1157 1188 1345 1231 praesentes

360 1249 538 1275 aerumnas
557 1251 626 1275 non
651 1237 874 1275 contemnis?
894 1238 923 1275 si
938 1238 1244 1277 immortalitatem
1263 1253 1344 1292 spe-

358 1311 416 1336 ras
427 1328 439 1348 ,
462 1313 526 1336 cur
551 1308 702 1337 mortem
720 1312 788 1336 non
802 1298 969 1337 derides?
990 1314 1072 1338 cum
1095 1300 1170 1339 haec
1194 1300 1342 1351 dixerit,

357 1362 507 1399 sollicite
533 1362 738 1410 considera,
759 1362 846 1412 quid
886 1377 1117 1415 responsurus
1158 1363 1216 1401 sis.
1250 1363 1341 1402 Cum

354 1421 486 1459 viderit
499 1431 544 1471 te,
564 1422 625 1472 qui
649 1422 752 1460 caelos
763 1432 957 1473 exspectaS,
982 1424 1216 1475 pecuniarum
1226 1425 1340 1475 jactu—

353 1494 430 1519 ram
454 1490 683 1531 trementem,
708 1482 899 1532 laetumque
925 1483 969 1521 de
994 1483 1099 1520 unius
1126 1483 1222 1521 oboli
1240 1484 1340 1522 lucro

352 1556 394 1579 ac
412 1542 559 1579 modicae
583 1542 740 1594 pecuniae
760 1556 865 1580 causa
895 1543 1052 1581 animam
1071 1543 1237 1595 prodere,
1258 1553 1341 1583 tunc

350 1603 523 1641 sollicitus
557 1612 654 1641 esto:
676 1604 751 1642 haec
781 1605 888 1653 enim,
919 1605 1010 1654 haec,
1050 1605 1210 1655 inquam,
1228 1615 1336 1657 sunt,

348 1676 428 1715 quae
466 1667 637 1704 Graecum
667 1665 865 1704 offendunt.
892 1666 1017 1717 Itaque
1045 1666 1074 1703 si
1108 1676 1207 1704 tuam
1238 1681 1339 1706 curas

348 1725 513 1773 salutem,
530 1740 596 1777 pro
611 1726 667 1763 his
686 1725 925 1764 defensionem
940 1727 1005 1764 tibi
1024 1741 1110 1778 para
1122 1756 1134 1776 ,
1159 1741 1228 1765 non
1259 1742 1339 1766 ver·
1361 1729 1386 1760 D

347 1787 416 1837 bis,
441 1788 502 1826 sed
519 1789 625 1827 rebus
640 1798 671 1827 et
704 1789 816 1828 factis.
837 1790 930 1826 Nam
952 1800 1098 1842 propter
1117 1790 1218 1828 illam
1241 1803 1340 1841 quae-

348 1849 496 1888 stionem
516 1865 619 1888 nemo
640 1865 799 1901 unquam
814 1852 930 1888 Deum
942 1851 1233 1903 blasphemavit3
1254 1866 1339 1904 pro-

347 1919 427 1962 pter
453 1911 565 1950 vitam
603 1921 721 1949 autem
754 1926 903 1964 pravam
931 1912 1029 1950 mille
1063 1922 1144 1950 sunt
1177 1913 1339 1964 undique

346 1971 591 2024 blasphemiae.
615 1973 690 2010 Hoc
709 1973 828 2024 itaque
853 1973 1010 2025 corrige:
1031 1974 1189 2024 alioquin
1214 1989 1340 2013 rursus

348 2034 415 2073 tibi
436 2035 584 2072 Graecus
602 2033 695 2072 dicet
711 2050 718 2071 ε
739 2034 844 2073 Unde
863 2035 1019 2084 discam,
1040 2035 1136 2086 quod
1152 2037 1338 2088 possibilia

348 2095 553 2147 praeceperit
574 2096 700 2133 Deus?
718 2109 801 2133 nam
831 2110 909 2134 ecce
940 2105 978 2134 tu
1008 2111 1090 2134 cum
1109 2111 1128 2134 a
1143 2098 1338 2149 majoribus

348 2156 573 2194 Christianus
592 2156 653 2201 sis,
673 2157 755 2194 etin
776 2157 843 2195 hac
855 2157 948 2195 bona
965 2158 1136 2209 religione
1155 2155 1337 2209 educatus,

350 2217 443 2254 nihil
470 2226 587 2255 tamen
606 2217 669 2254 illa
687 2216 840 2268 dignum
859 2218 958 2256 facis.
993 2218 1091 2265 Quid
1109 2233 1193 2270 ergo
1213 2219 1338 2258 dices?

351 2279 507 2316 Omnino
540 2278 648 2327 dices,
680 2279 874 2325 Ostendam
900 2280 968 2317 tibi
997 2281 1084 2318 alios
1114 2282 1176 2331 qui
1195 2282 1272 2319 liaec
1287 2282 1338 2320 fa-

350 2339 460 2389 ciant,
483 2339 674 2376 monachos
701 2353 827 2391 nempe
854 2340 890 2376 in
914 2339 1061 2378 desertis
1081 2340 1250 2380 sedentes.
1271 2345 1336 2379 At-
1361 2342 1385 2371 Ε

350 2399 413 2450 qui
432 2413 501 2436 non
523 2399 699 2437 erubescis
712 2428 723 2449 ,
743 2414 824 2436 cum
844 2409 877 2437 te
897 2400 1141 2438 Christianum
1164 2416 1237 2439 esse
1257 2416 1340 2440 con-

351 2460 464 2497 fiteris
494 2469 527 2497 et
559 2459 604 2497 ad
631 2460 718 2497 alios
746 2460 921 2508 remittis,
954 2470 993 2499 ut
1028 2462 1091 2512 qui
1130 2476 1199 2500 non
1227 2464 1340 2514 possis

351 2520 536 2558 ostendere
553 2529 587 2558 te
604 2534 644 2558 ea
666 2535 744 2571 quae
765 2520 1052 2559 Christianorum
1085 2532 1168 2561 sunt
1197 2524 1339 2562 facere?

352 2580 496 2619 Etenim
537 2581 598 2618 ille
626 2581 746 2618 statim
775 2581 890 2619 dicet:
909 2583 1026 2633 Igitur
1044 2598 1123 2634 quae
1152 2585 1340 2624 necessitas

353 2651 404 2680 est
435 2641 482 2679 ad
500 2651 636 2680 montes
665 2651 699 2680 et
721 2642 858 2680 deserta
892 2644 1077 2695 migrare?
1093 2647 1185 2683 Nam
1220 2646 1249 2684 si
1270 2660 1340 2685 non

350 2704 520 2755 possibile
550 2704 595 2742 sit
623 2704 659 2741 in
693 2703 819 2740 mediis
841 2703 1048 2742 civitatibus
1072 2705 1335 2758 philosophari,

350 2765 464 2802 multa
480 2765 566 2802 hinc
593 2764 793 2802 criminatio
815 2764 902 2801 huic
919 2765 1084 2816 religioni
1110 2766 1291 2815 inferetur,
1309 2767 1338 2805 si

349 2826 540 2865 debeamus
559 2827 692 2865 relictis
709 2827 860 2864 urbibus
875 2826 920 2864 ad
934 2827 1072 2865 deserta
1093 2843 1247 2868 currere.
1270 2830 1341 2868 Sed

350 2888 493 2926 ostende
518 2888 609 2926 mihi
647 2887 828 2925 hominem
855 2902 1023 2937 uxorem,
1043 2889 1195 2939 liberos,
1218 2901 1251 2929 et
1277 2892 1340 2930 do-

321 2979 325 2983 ,
349 2960 451 2985 mum
466 2949 677 2997 habentem,
710 2948 772 2999 qui
799 2948 1037 3000 philosophiae
1070 2950 1220 2988 studeat.
1241 2952 1340 2999 Quid

1402 248 1590 280 ARCHIEP
1599 269 1608 279 .
1648 251 1999 283 CONSTANTINOP-

1420 331 1580 372 ἀπαιτεῖς
1611 325 1680 368 ⁸5>v
1712 331 1752 370 σὺ
1785 332 1922 382 μέλλεις
1950 332 2109 386 παρέξειν
2136 334 2295 381 εὐθύνας,
2325 335 2439 372 ἐκεῖνα

1417 390 1652 443 παρατρέχεις
1667 422 1676 439 ,
1698 386 1745 430 ὧν
1767 393 1905 443 μέλλεις
1927 395 2044 431 δοῦναι
2065 393 2163 440 δίκην
2178 411 2188 441 ;
2206 395 2254 433 Τί
2273 389 2331 432 οῦν
2353 395 2439 447 πρὸς

1416 448 1474 486 τὸν
1502 449 1664 498 εἘλληνα
1683 452 1771 489 εἴπω
1786 482 1795 499 ,
1823 452 1932 504 φησί,
1952 454 2073 491 Ταῦτα
2095 453 2140 490 τὰ
2158 454 2335 504 εἰρημένα.
2365 455 2437 492 Καὶ

1417 510 1540 548 σκόπει
1567 511 1614 561 μὴ
1642 512 1677 550 τί
1701 512 1802 563 εἴπῃς
1835 513 1921 564 πρὸς
1939 513 1996 551 τὸν
2021 512 2182 561 εΈλληνοι
2207 513 2321 564 μόνον,
2348 514 2438 552 ἀλλὰ

1417 571 1476 609 καὶ
1504 575 1577 615 πῶς
1599 574 1698 612 αὐτὸν
1720 573 1903 626 διορθώσῃ.
1932 573 2047 613 ζὈταν
2067 591 2127 613 σου
2145 576 2202 613 τὸν
2224 576 2296 627 βίον
2316 576 2437 620 ἐξετά-

1417 632 1483 675 ζων
1503 634 1776 682 σκανδαλίζηται
1795 637 1937 682 ἐκεῖθεν,
1964 636 2111 674 ἐνταῦθα
2136 635 2316 688 φρόντισον
2335 635 2369 673 τί
2389 634 2438 673 εἴ·

1415 708 1496 744 πῃς.
1527 693 1638 748 Ὑπὲρ
1659 696 1722 746 μὲν
1741 696 1809 749 γὰρ
1834 695 1963 734 ἐκείνου
1976 727 1986 744 ,
2005 696 2070 734 κᾶν
2091 697 2374 744 σκανδαλίζῃ-ται,
2395 694 2436 733 σὺ

1415 753 1517 804 λόγον
1539 756 1577 792 οὔ
1596 755 1717 800 δώσεις
1729 771 1737 779 ·
1756 756 1826 795 ἀπὸ
1842 756 1878 794 δὲ
1900 761 1960 795 τοῦ
1981 757 2056 808 βίου
2070 761 2129 795 τοῦ
2152 761 2212 796 σοῦ
2231 757 2290 796 ἐὰν
2308 756 2437 808 βλαὸᾔ,

1418 813 1573 853 κίνδυνον
1599 816 1781 868 ὑποστήσῃ
1810 816 1868 854 τὸν
1895 816 2060 869 ἔσχατον.
2091 817 2206 856 “Ὀταν
2228 817 2285 870 ἴδῃ
2305 834 2342 856 σε
2357 817 2438 868 περὶ

1421 876 1600 925 βασιλείας
1616 879 1865 930 φιλοσοφοῦντα
1878 908 1887 925 ,
1907 878 1966 917 καὶ
1982 879 2068 931 πρὸς
2079 878 2123 917 τὰ
2136 879 2292 931 παρόντα
2307 881 2439 925 ἐπτοη-

1421 935 1535 986 μένον,
1568 937 1628 975 καὶ
1659 937 1740 990 περὶ
1767 938 1906 989 γεέννης
1926 940 2124 988 δεδοικότα,
2152 940 2211 978 καὶ
2230 940 2273 978 τὰ
2294 941 2440 978 ἐνταῦθα
2486 979 2492 985 ,

1419 998 1593 1050 τρέμοντα
1613 1000 1707 1038 δεινὰ
1721 1030 1731 1047 ,
1760 1000 1839 1039 τότε
1867 1001 2060 1055 φρόντισον.
2087 1001 2202 1041 ΕὈταν
2221 1004 2332 1039 ταῦτα
2351 1003 2440 1053 ὁρῶν

1419 1061 1575 1112 ἐγκαλῇ,
1594 1061 1653 1099 καὶ
1672 1061 1756 1113 λέγῃ
1774 1077 1782 1085 ·
1804 1064 1834 1100 εἷ
1855 1063 2032 1113 βασιλείας
2052 1066 2152 1115 ἐρᾷς,
2172 1063 2207 1100 τί
2223 1064 2292 1101 τῶν
2311 1062 2441 1115 παρόν-

1417 1136 1486 1158 των
1509 1123 1574 1173 οὖχ
1599 1124 1792 1175 ὕπερορᾷς;
1826 1124 1856 1160 εἰ
1877 1123 2099 1174 δικαστήριον
2119 1125 2314 1175 προσδοκᾷς
2332 1123 2439 1175 <poge—

1419 1181 1488 1234 ρὸν,
1514 1182 1549 1220 τί
1573 1184 1641 1220 τῶν
1661 1186 1808 1221 ἐνταῦθα
1836 1184 1955 1221 δεινῶν
1977 1186 2014 1221 οὗ
2033 1190 2283 1236 καταφρονεῖς,
2305 1185 2335 1221 εἷ
2356 1187 2440 1222 ἀθα-

1415 1242 1539 1280 νασίαν
1559 1243 1707 1287 ἐλπίζεις
1720 1273 1729 1291 ,
1753 1243 1788 1280 τί
1805 1248 1864 1282 τοῦ
1885 1244 2031 1281 θανάτου
2052 1246 2089 1282 οὗ
2108 1247 2324 1297 καταγελᾷς,
2356 1244 2438 1282 ὅταν

1413 1308 1523 1341 ταῦτα
1540 1303 1625 1355 λέγῃ
1641 1333 1650 1350 ,
1669 1304 1883 1357 μερίμνησον
1903 1304 1937 1342 τί
1959 1305 2176 1356 ἀπολογήσῃ.
2197 1305 2312 1344 ἓΌταν
2329 1306 2383 1358 ἴδῃ
2401 1322 2439 1344 σε

1412 1362 1585 1415 τρέμοντα
1599 1364 1726 1414 ζημίαν
1742 1364 1936 1416 χρημάτων
1956 1365 2014 1402 τὸν
2029 1365 2106 1408 τοὺς
2120 1365 2281 1417 οὐρανοὺς
2293 1367 2439 1416 προσδο-

1411 1426 1548 1469 κῶντα,
1581 1424 1640 1460 καὶ
1672 1428 1847 1477 περιχαρῆ
1876 1425 2059 1474 γενόμενον
2089 1424 2174 1476 ὑπὲρ
2199 1426 2272 1469 ἑνὸς
2301 1427 2438 1474 ὀὸολοῦ,

1411 1483 1470 1520 καὶ
1485 1483 1548 1530 τὴν
1568 1483 1683 1535 ψυχὴν
1700 1484 1804 1522 πάλιν
1820 1484 2008 1534 προέμενον
2024 1484 2110 1537 ὑπὲρ
2127 1486 2290 1538 ἀργυρίου
2307 1487 2437 1539 ὀλίγου,

1410 1543 1487 1581 τότε
1508 1543 1689 1596 φρόντισον
1702 1560 1710 1567 ·
1738 1548 1850 1582 ταῦτα
1874 1545 1941 1596 γάρ
1961 1547 2034 1583 ἐστι
2050 1574 2060 1591 ,
2079 1549 2191 1584 ταῦτα
2207 1546 2252 1585 τὰ
2272 1548 2329 1586 τὸν
2347 1547 2437 1586 ζΈλ-

1410 1605 1499 1652 ληνα
1519 1605 1805 1649 σκανδαλίζονται.
1827 1605 1939 1644 ‘'sto-ce
1959 1609 1988 1644 εἷ
2009 1607 2197 1659 φροντίζεις
2217 1611 2360 1646 σεαυτοῦ
2375 1612 2437 1656 τῆς

1410 1666 1597 1718 σωτηρίας,
1618 1666 1705 1718 ὑπὲρ
1733 1665 1864 1704 τούτων
1886 1669 2060 1718 ἀπολογοῦ
2076 1698 2085 1716 ,
2107 1669 2155 1718 μὴ
2178 1668 2234 1707 διὰ
2255 1670 2437 1722 ῥημάτων,

1410 1727 1501 1766 ἀλλὰ
1519 1727 1574 1765 διὰ
1593 1728 1825 1781 πραγμάτων.
1860 1730 1914 1766 Δι’
1936 1731 2046 1767 ἐκεῖνο
2067 1728 2130 1778 μὲν
2150 1729 2216 1782 γὰρ
2237 1730 2276 1768 τὸ
2293 1731 2435 1781 ζήτημα

1408 1789 1519 1832 οὐδείς
1540 1805 1624 1828 ποτε
1644 1789 1899 1841 ἐὸλασφήμησε
1916 1790 1973 1828 τὸν
1990 1790 2093 1836 Θεὸν,
2121 1790 2178 1828 διὰ
2202 1790 2237 1829 δὲ
2253 1791 2311 1829 τὸν
2327 1807 2437 1839 πονη-

1411 1849 1466 1902 ρὸν
1486 1849 1560 1900 βίον
1582 1849 1704 1903 μυρίαι
1722 1854 1906 1902 πανταχοῦ
1928 1851 2160 1902 βλασφημίαι.
2192 1853 2306 1891 Τοῦτο
2321 1852 2435 1891 τοίνυν

1408 1910 1543 1961 διόρθου
1556 1926 1563 1934 ·
1587 1910 1663 1949 ἐπεὶ
1687 1911 1793 1949 πάλιν
1821 1913 1890 1964 ἐρεῖ
1910 1928 1964 1949 σοι
1983 1914 1999 1949 ὁ
2018 1910 2173 1958 ’Έλληψ
2195 1913 2298 1951 πόθεν
2321 1914 2434 1964 μάθω,

1408 1969 1461 2008 ὅτι
1489 1970 1616 2009 δυνατὰ
1647 1971 1808 2016 ἐπέταξεν
1837 1975 1854 2009 ὅ
1884 1971 1991 2020 Θεός,
2015 1972 2085 2011 ἰδοὺ
2110 1973 2178 2024 γὰρ
2195 1972 2236 2010 σὺ
2262 1975 2430 2026 Χριστια-

1408 2032 1463 2076 νὸς
1500 2031 1547 2071 ὢν
1581 2036 1620 2071 ἐκ
1654 2033 1832 2085 προγόνων
1873 2033 1933 2071 καὶ
1967 2034 2214 2086 ἐντρεφόμενος
2257 2038 2298 2085 τῇ
2342 2037 2433 2087 καλῇ

1408 2094 1517 2144 ταύτῃ
1540 2095 1723 2148 θρησκεία,
1749 2094 1843 2132 οὐδὲν
1867 2099 2021 2133 τοιοῦτον
2044 2102 2166 2139 ποιεῖς.
2191 2095 2240 2135 Τί
2256 2090 2313 2134 οῦν
2332 2098 2435 2148 ἐρεῖς,

1408 2154 1558 2198 Πάντως
1603 2156 1710 2207 ἐρεῖς,
1750 2155 1803 2193 ὅτι
1837 2154 1936 2200 δείξω
1977 2171 2030 2194 σοι
2062 2156 2199 2208 ἑτέρους
2229 2160 2433 2204 ποιοῦντας,

1407 2215 1580 2267 μοναχοὺς
1600 2217 1635 2253 ἐν
1654 2215 1815 2269 ἐρημίαις
1833 2216 2060 2267 καθημένους.
2089 2211 2180 2255 Εἶτα
2196 2220 2257 2255 οὐκ
2284 2217 2431 2270 αἰσχύνῃ

1407 2277 1616 2327 Χριστιανὸς
1637 2278 1698 2327 μὲν
1717 2270 1805 2314 εἶναι
1821 2279 2011 2328 ὁμολογῶν,
2031 2278 2117 2329 πρὸς
2133 2278 2168 2316 δὲ
2187 2278 2323 2330 ἑτέρους
2339 2278 2431 2328 πέμ-

1409 2352 1496 2384 πων,
1515 2339 1561 2379 ὡς
1577 2339 1615 2375 οὗ
1636 2337 1822 2387 δυνάμενος
1841 2336 1972 2384 δεῖξαι,
1989 2337 2043 2375 ὅτι
2059 2337 2101 2375 τὰ
2118 2339 2337 2389 Χριστιανῶν
2357 2340 2433 2375 ἐπι-

1410 2396 1603 2444 δείκνυσαι,
1635 2398 1705 2435 Καὶ
1732 2397 1800 2450 γὰρ
1825 2397 1882 2434 καὶ
1908 2399 2034 2441 ἐκεῖνος
2053 2398 2177 2442 εὐθέως
2196 2401 2287 2450 ἐρεῖ·
2312 2400 2432 2437 οὐκοῦν

1408 2457 1493 2495 ποία
1523 2474 1580 2507 μοι
1607 2458 1741 2509 ἀνάγκη
1767 2457 1916 2508 βαδίζειν
1945 2459 2002 2496 ἐπὶ
2030 2458 2074 2496 τὰ
2095 2459 2176 2511 ὅρη,
2195 2459 2254 2496 καὶ
2272 2458 2332 2502 τὰς
2350 2461 2434 2513 ἐρη-

1410 2517 1491 2568 μίας
1511 2517 1668 2566 διώκειν;
1697 2520 1741 2556 Εἰ
1764 2518 1832 2571 γὰρ
1857 2517 1904 2569 μὴ
1927 2519 2068 2557 δυνατὸν
2089 2521 2124 2556 ἐν
2144 2521 2268 2570 μέσαις
2285 2520 2434 2573 στρεφό-

1410 2594 1511 2629 μενον
1528 2579 1651 2617 πόλεσι
1668 2581 1877 2631 φιλοσοφεῖν,
1897 2579 2010 2626 πολλὴ
2027 2583 2088 2626 τῆς
2107 2580 2283 2623 πολιτείας
2303 2580 2434 2627 ταύτης

1408 2642 1429 2686 ἡ
1465 2640 1659 2692 κατηγορία
1689 2639 1814 2691 γένοιτ’
1850 2638 1910 2687 ἂν,
1946 2643 1974 2678 εἷ
2010 2640 2196 2692 μέλλοιμεν
2226 2640 2288 2684 τὰς
2315 2641 2433 2686 πόλεις

1407 2700 1628 2749 ἐκλιπόντες,
1661 2701 1717 2739 ἐπὶ
1739 2701 1800 2744 τὰς
1825 2701 1974 2752 ἐρήμους
2004 2701 2156 2753 τρέχειν.
2195 2701 2299 2740 Ἀλλὰ
2325 2702 2432 2746 δεῖξόν

1410 2778 1467 2813 μοι
1488 2763 1669 2813 ἄνθρωπον
1700 2767 1848 2812 γυναῖκα
1867 2761 1993 2812 ἔχοντα
2013 2762 2071 2799 καὶ
2091 2761 2214 2800 παιδία
2230 2762 2290 2800 καὶ
2309 2762 2434 2808 οἰκίαν,

1408 2823 1467 2861 καὶ
1492 2824 1756 2875 φιλοσοφοῦντα.
1791 2822 1838 2859 Τί
1868 2818 1925 2859 οῦν
1946 2823 2031 2874 πρὸς
2049 2827 2159 2860 ταῦτα
2188 2824 2352 2874 ἐροῦμεν;
2374 2825 2434 2861 οὐκ

1409 2883 1543 2934 ἀνάγκη
1575 2883 1670 2920 κάτω
1689 2882 1831 2920 κύπτειν
1852 2883 1911 2921 καὶ
1937 2883 2182 2934 αἰσχύνεσθαι,
2203 2883 2294 2921 Οὐδὲ
2322 2882 2388 2934 γὰρ
2417 2886 2434 2920 ὁ

1409 2944 1561 2995 Χριστὸς
1587 2942 1694 2985 οὕτως
1722 2943 1921 2981 ἐκέλευσεν·
1943 2943 2034 2981 ἀλλὰ
2048 2946 2149 2993 πῶς,
2184 2943 2370 2995 Λαμψάτω
2395 2944 2434 2982 τὸ

350 3021 435 3060 ergo
459 3009 506 3047 ad
523 3009 598 3047 haec
616 3008 807 3047 dicemus?
826 3023 942 3047 annon
955 3024 1092 3048 necesse
1114 3021 1165 3049 est
1186 3012 1338 3053 demisso
1351 3026 1399 3051 718
1411 3007 1481 3057 φῶς
1501 3006 1598 3055 ὑμῶν
1627 3003 1820 3056 ἕμπρθσθὶν
1847 3007 1916 3041 τῶν
1940 3003 2142 3055 ἀνθρώπων)
2162 3004 2238 3056 Οὐχὶ
2257 3007 2324 3042 τῶν
2346 3006 2432 3058 ὀρῶν

349 3070 466 3121 capite
483 3070 718 3107 erubescere?
737 3071 859 3120 Neque
879 3070 976 3107 enim
996 3071 1160 3109 Christus
1182 3072 1230 3110 ita
1249 3088 1340 3125 prae-
1363 3063 1389 3093 Α
1409 3066 1484 3105 Οὐδὲ
1515 3069 1579 3112 τῆς
1603 3064 1750 3116 ἐρημίας
1780 3064 1838 3102 καὶ
1856 3067 1919 3110 ’ῑῆς
1939 3064 2082 3102 ἇὲάῖῡυ·
2114 3065 2183 3102 Καὶ
2199 3070 2308 3104 ταῦτα
2325 3065 2431 3116 λέγω,

351 3131 457 3182 cepit,
479 3130 539 3169 sed
562 3130 741 3181 quomodo
760 3130 776 3167 Ρ
797 3132 943 3169 Luceat
971 3132 1039 3169 lux
1053 3141 1188 3170 ‘vestra
1207 3148 1339 3173 coram

351 3193 598 3244 hominibus;
627 3206 697 3231 non
737 3206 856 3230 coram
888 3194 1069 3232 montibus
1104 3195 1162 3234 vel
1193 3195 1339 3235 desertis

350 3253 529 3304 inviisque
557 3252 655 3291 locis.
685 3252 768 3290 Haec
791 3267 899 3304 porro
926 3252 1020 3303 dico,
1042 3267 1111 3293 non
1143 3264 1182 3293 ut
1209 3256 1252 3294 iis
1276 3257 1339 3296 de-

394 3387 406 3401 ·'1
421 3378 434 3418 ἶ
447 3379 480 3410 Α.
500 3386 532 3410 et
546 3390 648 3421 margi
669 3378 768 3413 Savil.
788 3382 826 3413 ὧν
843 3384 873 3413 05
890 3384 1009 3422 μέλλεις
1025 3386 1233 3427 παρέχειν..-.·
1254 3391 1453 3432 παρατρέχων
1471 3387 1509 3419 ὧν
1526 3388 1647 3430 ὀφείλεις
1664 3386 1758 3418 δοῦναι
1779 3382 1892 3428 λόγον]

1409 3130 1447 3166 οὐ
1474 3126 1624 3170 κακίζων
1654 3125 1732 3169 τοὺς
1752 3125 2007 3178 κατειληφότας
2023 3125 2065 3163 τὰ
2085 3126 2168 3179 ὅρη,
2192 3127 2282 3165 ἀλλὰ
2301 3130 2435 3179 θρηνῶν

1409 3190 1486 3234 τοὺς
1504 3194 1750 3232 κατοικοῦντας
1771 3188 1832 3232 τὰς
1851 3189 1968 3232 πόλεις
1983 3218 1993 3237 ,
2013 3188 2067 3227 ὅτι
2085 3187 2147 3237 τὴν
2174 3190 2298 3243 ἀρετὴν
2316 3191 2433 3228 ἐντεῦ-

1409 3262 1463 3296 θεν
1495 3256 1680 3303 ἐξήλασαν.
1712 3256 1798 3301 Διὸ,
1820 3258 2039 3307 παρακαλῶ,
2059 3256 2123 3303 τὴν
2149 3255 2350 3308 φιλοσοφίαν
2368 3255 2432 3301 τὴν
