2502 3810
344 248 438 306 494
814 261 851 289 s.
891 260 1072 289 JOANNIS
1108 260 1346 290 cnm‘sosr.

339 342 494 392 positum
526 340 725 379 voluntatis.
760 341 881 390 Itaque
907 340 937 377 si
968 340 1117 378 velimus
1146 354 1208 378 nos
1238 342 1325 379 tales

1386 263 1587 293 ARCfflEP.
1626 265 1791 295 CONSTA
1800 268 1960 299 NTINOP
1970 288 1979 298 ·

1394 345 1459 394 οὐχ
1476 345 1734 396 ἡσυχάσουσιν,
1759 348 1807 385 Εἰ
1824 347 1860 385 δὲ
1889 350 1955 400 οὐχ
1973 349 2211 401 ἡσυχάσουσι,
2234 348 2330 401 παρὰ
2351 348 2412 396 τὴν

340 415 551 453 comparare,
583 399 682 437 adest
710 409 744 436 et
774 414 868 437 nunc
897 401 1010 452 gratia
1039 417 1047 437 :
1066 401 1205 439 etiamsi
1241 402 1324 439 serae
1347 414 1372 443 D
1393 408 1460 442 τῶν
1479 405 1720 455 ἓμὸληθέντων
1742 407 1867 446 αἰτίαν.
1892 409 1961 447 Καὶ
1976 409 2046 462 γὰρ
2069 411 2190 448 πολλοὶ
2215 415 2284 452 τοῖς
2297 411 2414 447 λέουσι

337 462 504 509 esuriant,
534 474 604 497 non
623 460 715 497 latus
734 469 837 497 tuum
856 470 1012 512 tangent.
1032 462 1126 499 Nam
1145 461 1175 499 si
1194 462 1325 500 servile

335 535 461 572 eorpus
495 520 657 558 videntes
688 521 847 559 reveritae
887 531 968 560 sunt
981 537 991 570 ;
1034 537 1115 560 cum
1164 523 1323 560 membra

335 582 468 619 Christi
487 581 664 620 videbunt
684 582 776 630 (hoc
804 583 897 620 enim
922 597 985 622 nos
1014 583 1136 622 fideles
1154 589 1299 634 sumus)
1311 615 1321 634 ,

333 642 511 692 quomodo
538 657 606 680 non
627 643 833 693 quiescent?
855 644 895 682 Si
919 658 1000 682 vero
1023 659 1092 682 non
1113 645 1294 695 quiescant
1307 677 1319 697 ,

330 703 367 739 id
399 717 444 741 ex
477 704 582 755 culpa
615 717 736 741 eorum
771 704 831 754 qui
862 705 984 757 injecti
1011 706 1142 744 fuerint
1168 707 1319 745 eveniet.

330 762 474 800 Etenim
505 764 609 801 multi
637 773 730 813 sunt,
758 765 819 816 qui
850 766 1013 804 leonibus
1041 767 1137 805 hisce
1162 777 1320 806 sumtum

329 823 569 875 suppeditant,
602 825 800 863 meretrices
824 826 1028 875 nutrientes,
1060 828 1203 880 nuptias
1232 829 1316 866 vio-

328 884 450 933 lantes,
473 885 671 923 vindictam
689 885 726 923 in
746 885 908 924 inimicos
927 897 1127 926 exercentes
1145 888 1318 939 :ideoque

327 945 427 996 prius
457 960 563 996 quam
596 946 642 983 ad
669 946 784 985 solum
814 948 1312 1000 perveniant,dilacerantur.

327 1009 372 1042 At
391 1020 460 1043 non
487 1006 524 1044 id
545 1006 686 1044 Danieli
705 1008 876 1059 contigit;
902 1018 937 1046 at
961 1023 1024 1047 nec
1049 1009 1150 1047 nobis
1170 1009 1313 1048 contin-

326 1074 384 1115 get
401 1066 431 1103 si
450 1066 612 1115 velimus,
635 1067 706 1105 imo
725 1076 758 1104 et
778 1068 866 1118 quid
885 1069 1012 1107 melius
1030 1084 1138 1120 quam
1152 1079 1238 1108 tunc.
1256 1085 1315 1109 ac—

327 1126 432 1165 cidet.
465 1128 545 1165 Illic
579 1128 673 1166 enim
706 1129 822 1167 leones
857 1144 927 1168 non
958 1142 1176 1182 nocuerunt,
1211 1133 1314 1171 nobis

192 1201 311 1240 Injuriae
325 1196 455 1236 autem,
479 1188 508 1226 si
529 1188 719 1240 vigilemus
733 1219 745 1239 ,
771 1190 874 1228 utiles
894 1201 996 1229 erunt
1012 1190 1038 1229 ii
1057 1193 1120 1243 qui
1144 1193 1313 1245 injuriam

126 1244 233 1311 ἶῖἓῇῖὲΐ
261 1253 313 1311 1Ξῖ
326 1248 492 1288 inferunt.
521 1251 576 1287 Ita
602 1258 634 1287 et
654 1250 786 1288 Paulus
807 1252 1014 1303 splendidus
1043 1253 1155 1292 evasit
1172 1255 1217 1292 ab
1240 1255 1284 1292 iis
1299 1285 1310 1304 ,

123 1326 211 1352 senff,
326 1309 388 1359 qui
407 1310 478 1362 ipsi
505 1310 680 1349 molestias
700 1321 732 1349 et
752 1312 897 1352 insidias
923 1314 1119 1353 inferebant
1131 1331 1141 1364 3
1174 1315 1224 1353 sic
1245 1317 1314 1355 Job

325 1384 344 1407 a
364 1371 486 1408 multis
506 1371 637 1423 plagis,
668 1372 718 1410 sic
733 1373 903 1412 Jeremias
922 1389 942 1412 a
964 1375 1043 1412 lacu
1061 1375 1141 1423 luti,
1165 1374 1215 1413 sic
1238 1377 1313 1414 Noe

324 1446 343 1468 a
365 1431 516 1481 diluvio,
541 1432 590 1470 sic
608 1433 698 1471 Abel
718 1434 762 1471 ab
781 1434 935 1484 insidiis,
960 1435 1009 1473 sie
1027 1437 1171 1488 Moyses
1191 1451 1211 1473 a
1232 1451 1311 1475 san-

1392 465 1523 508 τούτοις
1537 466 1668 513 πολλὴν
1685 467 1877 519 παρέχουσι
1891 469 2060 518 δαπάνην,
2073 470 2202 521 πόρνας
2214 469 2414 521 τρέφοντες,

1391 525 1523 575 γάμους
1556 526 1809 578 διορύττοντες,
1831 528 1971 579 ἐχθροὺς
1994 530 2226 580 ἀμυνόμενοι·
2257 529 2310 567 διὸ
2331 529 2414 581 πρὶν

1391 586 1475 637 πρὸς
1493 586 1531 623 τὸ
1550 586 1675 639 ἔδαφος
1694 589 1818 634 ἐλθεῖν,
1834 589 2061 627 διασπῶνται.
2083 589 2172 628 Ἀλλ’
2197 592 2259 627 οὐκ
2278 589 2336 627 ἐπὶ
2351 592 2411 627 τοῦ

1390 646 1525 693 Δανιὴλ
1539 650 1641 686 τοῦτο
1656 647 1806 699 γέγονεν,
1830 649 1906 686 ἀλλ’
1930 648 2006 686 οὐδὲ
2023 651 2074 701 ἐφ’
2093 653 2206 699 ἡμῶν,
2233 651 2262 687 εἷ
2284 650 2412 700 βουλη-

1389 706 1541 758 θείημεν,
1560 712 1660 746 τοῦτο
1680 708 1777 746 ἔσται
1793 739 1801 755 ,
1825 709 1914 746 ἀλλὰ
1933 709 1992 747 καὶ
2015 709 2118 747 πλέον
2138 725 2172 747 τι
2192 709 2409 759 συμὸήσεται

1386 770 1455 805 τῶν
1469 768 1660 819 γενομένων
1682 769 1770 808 τότε.
1793 769 1809 790 ‘¹
1825 770 1923 808 Ἐκεῖ
1939 769 2000 819 μὲν
2019 770 2086 821 γὰρ
2106 772 2167 808 οὐκ
2185 769 2357 817 ἠδίκησαν
2377 773 2409 808 οἳ

1386 828 1520 872 λέοντες
1536 858 1546 877 ,
1565 832 1658 879 ἡμᾶς
1680 829 1716 868 δὲ
1729 859 1738 876 ,
1767 830 1825 869 ἐὰν
1846 829 2022 883 νήφωμεν,
2041 830 2099 868 καὶ
2123 829 2358 882 ὠφελήσουσιν
2379 833 2409 868 οἳ

1387 890 1595 934 ἀδικοῦντες.
1631 891 1736 929 Οὕτω
1763 895 1843 943 γοῦν
1871 895 1888 930 ὃ
1927 893 2065 935 Παῦλος
2085 891 2246 944 λαμπρὸς
2270 891 2408 942 ἐγένετο

1386 951 1455 989 ἀπὸ
1474 955 1541 989 τῶν
1561 953 1822 1004 ἐπηρεαζόντων
1854 952 1911 991 καὶ
1932 952 2236 997 ἕπιὸουλευόντων,
2261 952 2367 995 οὕτως
2386 956 2407 990 5

1352 1036 1363 1046 2
1385 1010 1468 1049 Ἰὼῧ
1489 1012 1558 1050 ἀπὸ
1579 1016 1646 1051 τῶν
1667 1015 1805 1051 πολλῶν
1833 1014 1976 1063 πληγῶν
2002 1012 2154 1060 ἐκείνων,
2175 1013 2282 1055 οὕτως
2302 1016 2319 1051 5
2341 1012 2406 1050 Ἱε-

1387 1072 1508 1123 ρεμίας
1527 1073 1596 1111 ἀπὸ
1614 1078 1674 1112 τοῦ
1701 1073 1832 1112 λάκκου
1853 1078 1912 1112 τοῦ
1936 1074 2102 1127 βορὸόρου
2115 1104 2125 1122 ,
2153 1073 2260 1116 οὕτως
2288 1076 2305 1111 ὃ
2325 1075 2407 1111 Νῶε

1386 1134 1454 1172 ἀπὸ
1469 1137 1527 1171 τοῦ
1551 1136 1800 1185 κατακλυσμοῦ
1810 1165 1820 1182 ,
1836 1134 1943 1178 οὕτως
1959 1138 1976 1173 5
1989 1134 2093 1173 Ἄὸελ
2111 1135 2179 1173 ἀπὸ
2193 1139 2254 1181 τῆς
2268 1134 2406 1172 ἓπιέου-

1384 1195 1466 1240 λῆς,
1485 1194 1592 1238 οὕτως
1608 1198 1625 1233 ὃ
1649 1197 1803 1240 Μωῦσῆς
1829 1195 1898 1233 ἀπὸ
1922 1199 1990 1233 τῶν
2012 1194 2192 1248 φονώντων
2214 1194 2405 1241 Ἰουδαίων,

1385 1254 1492 1297 οὕτως
1508 1258 1525 1292 5
1541 1255 1758 1304 εΙΞλισο-οιῖος,
1774 1255 1879 1299 οὕτως
1894 1255 2038 1299 ἕκαστος
2055 1259 2124 1294 τῶν
2141 1256 2300 1307 μεγάλων
2319 1254 2406 1293 ἐκεί-

1384 1330 1464 1363 νων,
1485 1317 1547 1353 οὒκ
1571 1316 1640 1354 ἀπὸ
1661 1316 1809 1360 ἀνέσεως
1827 1317 1886 1354 καὶ
1909 1320 2059 1369 τρυφῆς,
2077 1319 2152 1354 ἀλλ’
2171 1317 2240 1354 ἀπὸ
2256 1315 2404 1367 θλίψεων

1384 1376 1443 1413 καὶ
1467 1379 1670 1428 πειρασμῶν
1692 1377 1873 1430 λαμπροὺς
1891 1377 2102 1423 ἀνεδήσαντο
2119 1377 2318 1428 στεφάνους.
2341 1377 2406 1414 Διὸ

1384 1437 1443 1474 καὶ
1460 1440 1477 1474 5
1496 1438 1645 1488 Χριστὸς
1673 1438 1802 1485 ταύτην
1830 1438 1929 1481 εἰδὼς
1955 1442 2016 1485 τῆς
2036 1442 2049 1458 ⁶
2063 1438 2320 1489 εὖδοκιμήσεως
2340 1437 2403 1484 τὴν

324 1492 495 1542 guinariis
511 1493 661 1544 Judaeis,
681 1494 731 1532 sic
748 1495 909 1548 Elis-zeus,
925 1496 975 1534 sic
1004 1510 1215 1548 magnorum
1231 1497 1312 1535 illo-
1324 1511 1371 1537 1054
1384 1497 1557 1545 ὑπόθεσιν,
1575 1505 1645 1541 τοῖς
1661 1503 1833 1549 μαθηταῖς
1851 1500 1984 1551 ἔλεγεν·
1999 1500 2061 1537 Ἔν
2081 1502 2129 1551 τῷ
2146 1499 2268 1552 κόσμῳ
2288 1498 2404 1550 θλίψιν

1387 1556 1418 1570 el?

325 1568 405 1591 rum
433 1554 581 1605 singuli,
614 1569 683 1593 non
714 1571 734 1593 a
760 1557 877 1606 quiete
899 1566 933 1594 et
960 1557 1154 1608 voluptate,
1181 1557 1242 1596 sed
1266 1560 1312 1596 ab
1335 1549 1360 1576 A
1383 1572 1492 1600 εςετε·
1523 1559 1612 1596 ἀλλὰ
1632 1562 1807 1610 θαρσεῖτε,
1835 1559 1906 1610 ἐγὼ
1925 1560 2089 1606 νενίκηκα
2108 1560 2333 1609 τὸν.κόσμον.
2356 1558 2404 1597 Τί

322 1616 489 1653 aerumnis
508 1625 541 1653 et
560 1617 814 1654 tentationibus
833 1617 1019 1669 splendide
1036 1619 1192 1656 coronati
1211 1629 1306 1658 sunt.

322 1678 406 1715 Ideo
423 1678 585 1716 Christus
604 1679 695 1716 hanc
711 1693 793 1716 cum
809 1688 922 1717 nosset
937 1680 987 1718 rei
1004 1681 1133 1718 eximie
1148 1682 1308 1732 gerendae

120 1746 210 1790 17‘'‘¹'¹·
240 1748 284 1776 16.
320 1738 505 1787 rationem,
525 1738 711 1791 discipulis
730 1739 871 1777 dicebat
889 1756 896 1777 :
914 1743 964 1778 In
980 1742 1124 1778 mundo
1145 1744 1308 1780 tribula-

121 1785 170 1814 53.
321 1802 462 1837 tionem
470 1801 637 1844 habetne,-
651 1802 719 1838 sed
728 1802 923 1853 confidite,
937 1816 1004 1854 ego
1015 1805 1096 1840 vici
1107 1805 1304 1842 mundum.

321 1861 420 1907 Quid
446 1862 555 1912 ergo?
588 1862 748 1913 inquie53
781 1877 897 1901 annon
926 1864 1030 1902 multi
1056 1865 1101 1902 ab
1137 1867 1305 1904 aerumnis

318 1922 482 1960 subversi
502 1923 611 1960 sunt?
631 1924 710 1961 Non
731 1924 776 1961 ob
796 1924 1031 1963 tentationum
1050 1935 1224 1976 naturam,
1245 1927 1305 1965 sed

316 1984 362 2021 ol)
383 1998 485 2032 suam
515 1983 706 2035 ignaviam.
741 1985 812 2031 Qui
832 1996 949 2024 autem
979 1987 1064 2024 facit
1083 2002 1164 2025 cum
1192 1998 1305 2028 tenta-

316 2044 409 2081 tione
433 2054 658 2096 proventum,
688 2045 735 2082 ita
759 2055 796 2083 ut
817 2047 994 2097 possimus
1023 2047 1205 2096 sustinere,
1233 2049 1306 2100 ipse

315 2105 406 2142 adsit
426 2105 591 2143 omnibus
611 2106 713 2144 nobis
729 2115 761 2144 et
779 2121 924 2145 manum
940 2108 1111 2159 porrigat,
1131 2117 1169 2146 ut
1188 2110 1306 2162 splen-

316 2165 400 2203 dide
416 2166 593 2211 celebrati,
620 2176 765 2205 :eternas
781 2182 1037 2218 consequamur
1053 2183 1210 2219 coronas,
1227 2185 1306 2222 gra-

316 2226 365 2263 tia
385 2235 418 2263 et
435 2225 651 2276 benignitate
666 2227 812 2264 Domini
828 2229 938 2265 nostri
957 2231 1041 2268 Jesu
1060 2230 1207 2278 Christi,
1227 2232 1305 2281 qui—

319 2300 400 2322 cum
419 2285 516 2323 Patri
535 2294 567 2322 et
584 2286 736 2337 Spiritui
754 2296 872 2325 sancto
893 2288 1020 2338 gloria,
1043 2290 1169 2340 honor,
1191 2290 1304 2342 impe-

318 2347 414 2384 rium
441 2361 531 2385 nunc
564 2357 595 2385 et
625 2361 774 2400 semper,
804 2357 836 2385 et
863 2349 898 2386 in
927 2350 1053 2387 saecula
1080 2351 1305 2393 saeculorum,

323 2411 444 2446 Anien.

363 2535 378 2558 ‘l
404 2536 532 2576 [ἐκεῖνον
548 2541 603 2579 μὲν
621 2544 677 2584 γάρ
695 2540 747 2580 Α,]

1382 1621 1457 1665 οὖν,
1475 1618 1590 1670 φησίν·
1602 1621 1639 1657 οὐ
1656 1620 1777 1658 πολλοὶ
1794 1620 2079 1672 περιετράπησαν
2095 1620 2162 1657 ὑπὸ
2177 1622 2245 1657 τῶν
2262 1621 2403 1667 δεινῶν,

1381 1679 1434 1716 Οὔ
1453 1679 1550 1730 παρὰ
1571 1677 1634 1725 τὴν
1650 1682 1718 1717 τῶν
1739 1682 1943 1731 πειρασμῶν
1971 1679 2087 1732 φύσιν,
2109 1680 2197 1718 ἀλλὰ
2225 1680 2322 1732 παρὰ
2339 1681 2403 1727 τὴν

1380 1740 1511 1777 ἑαυτῶν
1538 1740 1709 1791 ῥᾳθυμίαν
1724 1756 1731 1763 ·
1760 1744 1777 1778 ὃ
1804 1735 1839 1779 δὲ
1855 1744 1963 1779 ποιῶν
1985 1740 2045 1780 σὺν
2064 1743 2114 1792 τῷ
2140 1744 2325 1794 πειρασμῷ
2343 1741 2403 1779 καὶ

1376 1799 1439 1846 τὴν
1467 1799 1609 1839 ἔκὸασιν
1645 1805 1704 1840 τοῧ
1728 1800 1894 1840 δύνασθαι
1923 1804 2136 1853 ὑπενεγκεῖν,
2157 1802 2258 1845 αὐτὸς
2282 1817 2402 1853 παρα-

1377 1860 1480 1908 σταίη
1516 1867 1622 1899 πᾶσιν
1641 1865 1739 1912 ἡμῖν,
1759 1861 1818 1900 καὶ
1847 1868 1950 1914 χεῖρα
1968 1862 2126 1913 ὀρέξειεν,
2145 1861 2202 1899 ἵνα
2229 1864 2402 1914 λαμπρῶς

1378 1923 1677 1974 ἀνακηρυχθέντες
1689 1952 1698 1969 ,
1712 1926 1781 1961 τῶν
1805 1923 1952 1961 αἰωνίων
1971 1923 2189 1974 ἐπιτύχωμεν
2209 1923 2401 1975 στεφάνων,

1375 1983 1498 2037 χάριτι
1512 1984 1570 2021 καὶ
1587 1984 1830 2036 φιλανθρωπίᾳ
1845 1989 1904 2023 τοῦ
1921 1984 2047 2037 Κυρίου
2063 1987 2163 2035 ἡμῶν
2181 1984 2296 2030 Ἰησοῦ
2314 1985 2402 2035 Χρι-

1378 2050 1478 2093 στοῦ,
1498 2047 1573 2096 μεθ’
1595 2040 1633 2083 οῧ
1647 2048 1696 2097 τῷ
1716 2046 1833 2097 Πατρὶ
1848 2045 1906 2083 καὶ
1925 2049 1974 2097 τῷ
1991 2046 2078 2098 ἁγίῳ
2097 2045 2277 2096 Πνεύματι
2293 2044 2393 2092 δόξα,

1377 2105 1484 2156 τιμὴ,
1507 2106 1655 2159 κράτος,
1673 2111 1731 2146 νῦν,
1759 2106 1815 2144 καὶ
1837 2106 1909 2154 ἀεὶ,
1931 2107 1990 2144 καὶ
2012 2109 2059 2150 εἷς
2079 2106 2156 2149 τοὺς
2176 2108 2303 2149 αἰῶνας
2331 2108 2401 2144 τῶν

1379 2166 1526 2205 αἰώνων.
1547 2167 1670 2218 Ἀμήν.

1414 2549 1423 2562 ⁰
1448 2544 1536 2576 Alius
1554 2546 1592 2591 [Α
1611 2546 1622 2588 ]
1639 2548 1846 2588 &Congum-2415
1869 2548 1954 2579 οὖσαν
1972 2561 2034 2584 την,

656 2775 866 2814 HOMILIA
897 2778 966 2817 IV.

321 2896 408 2932 CAP.
432 2896 459 2931 I.
480 2909 515 2933 v.
536 2897 597 2934 QG.
620 2897 712 2934 Ideo
733 2899 893 2936 tradidit
911 2900 999 2937 illos
1028 2901 1134 2939 Deus
1154 2904 1195 2938 ιή
1211 2916 1304 2953 pas-

371 2958 497 2993 siones
518 2958 750 3007 ignominiae.
773 2960 876 2996 Nam
893 2961 1052 3010 feminoe
1068 2975 1198 2999 eorum
1219 2976 1305 3000 mu—

373 3024 552 3053 taverunt
573 3018 795 3055 naturalem
817 3033 928 3056 usum
959 3022 1000 3056 in
1019 3035 1119 3067 eum,
1151 3024 1218 3073 qui
1248 3032 1302 3060 est

374 3084 510 3113 contra
531 3086 725 3115 naturam.
757 3079 821 3116 27.
854 3079 1039 3118 Similiter
1057 3090 1092 3118 et
1112 3083 1276 3119 masculi
1287 3113 1298 3129 ,

373 3138 506 3175 relicto
528 3139 701 3175 naturali
720 3153 790 3176 usu
806 3141 981 3191 feminoe,
1016 3152 1243 3181 exarserunt
1262 3147 1303 3182 in

373 3201 563 3239 disideriis
580 3205 657 3240 suis
676 3204 717 3239 in
737 3205 915 3241 invicem.

375 3324 388 3357 1
405 3353 410 3358 .
429 3324 608 3362 Passiones
628 3339 746 3363 omnes
772 3326 1012 3378 ignominiosae
1032 3338 1125 3377 sunt,
1146 3329 1301 3368 maxime

322 3398 402 3423 vero
437 3385 569 3424 insania
594 3402 675 3439 erga
705 3390 1047 3430 masculostetenim
1072 3392 1187 3431 anima
1221 3393 1300 3443 plus

1773 2787 1950 2823 OMIAIA
1971 2784 2011 2823 δ’,

1376 2904 1442 2943 Διὰ
1462 2908 1562 2943 τοῦτο
1590 2904 1791 2957 παρέδωκεν
1820 2906 1939 2947 αὐτοὺς
1963 2909 1980 2943 ὁ
2001 2906 2089 2948 Θεὸς
2117 2907 2165 2949 εἷς
2193 2906 2286 2952 πάθη
2313 2907 2394 2943 ἀτι-

1429 2965 1520 3015 μίας.
1549 2965 1597 3003 Αῗ
1622 2982 1660 3003 τε
1678 2966 1742 3016 γὰρ
1775 2967 1909 3012 θήλειαι
1935 2968 2044 3003 αὐτῶν
2081 2965 2298 3016 μετήλλαξαν
2331 2966 2394 3012 τὴν

1428 3026 1575 3078 φυσικὴν
1597 3030 1723 3078 χρῆσιν
1752 3029 1800 3068 εἷς
1817 3026 1879 3072 τὴν
1913 3027 2009 3078 παρὰ
2040 3025 2154 3076 φύσιν.
2184 3026 2337 3077 ”()μοίως
2357 3029 2393 3065 δὲ

1429 3087 1488 3125 καὶ
1508 3089 1537 3125 οἵ
1558 3087 1713 3140 ἄρρενες,
1734 3087 1875 3139 ἀφέντες
1908 3087 1969 3133 τὴν
1997 3087 2145 3139 φυσικὴν
2176 3090 2302 3139 χρῆσιν
2332 3092 2393 3135 τῆς

1428 3148 1585 3194 θηλείας,
1605 3147 1835 3195 ἐξεκαύθησαν
1858 3150 1891 3185 ἐν
1920 3152 1961 3199 τῇ
1984 3148 2092 3200 ὀρέξει
2117 3151 2230 3186 αὐτῶν
2258 3151 2305 3193 εἷς
2324 3151 2391 3187 ἀλ-

1427 3209 1561 3255 λήλους,

1427 3331 1550 3368 Πάντα
1583 3331 1642 3380 μὲν
1675 3325 1731 3368 οἶν
1766 3332 1872 3381 ἄτιμα
1904 3331 1946 3369 τὰ
1977 3332 2092 3378 πάθη,
2123 3334 2273 3382 μάλιστα
2303 3333 2338 3370 δὲ
2367 3335 2387 3376 ἦ

1373 3391 1461 3430 κατὰ
1491 3393 1558 3428 τῶν
1592 3391 1741 3442 ἄῤῥένων
1763 3392 1891 3442 μανία·
1917 3393 1974 3430 καὶ
2004 3392 2070 3443 γὰρ
2100 3393 2228 3444 πάσχει
2258 3395 2290 3430 ἓν
2320 3398 2389 3435 τοῖς
