2466 3805
685 211 728 240 IN

85 293 274 343 ἄγλωττοι,
294 291 352 330 και
372 292 634 345 ἰδιωτικώτερον
663 294 891 345 διακείμενοι,
911 294 996 347 πρὸς
1013 293 1100 345 γόη-

765 211 879 241 ACTA
916 209 1258 241 APOSTOLORUM.

1300 210 1462 240 1103111..
1502 210 1563 240 IV.

2090 194 2150 252 45

1174 295 1287 331 minis
1303 295 1426 332 istius.
1444 291 1622 343 Quodque
1638 289 1801 329 miiabile
1816 298 1881 340 est,
1900 289 2049 342 apostoli
2064 289 2153 327 nudi

83 370 163 399 τας,
183 354 266 405 πρὸς
290 353 460 399 πλάνους,
491 354 576 406 πρὸς
605 358 788 407 σοφιστῶν,
815 356 900 407 πρὸς
932 354 1098 407 ῥητόρων,
1111 384 1149 415 33
1174 352 1285 390 aciem
1310 352 1530 390 instruebant
1547 361 1667 390 contra
1694 359 1862 397 armatos,
1883 359 2002 388 contra
2023 350 2152 403 princi-

83 429 167 465 προς
183 413 378 466 φιλοσόφων
400 416 530 461 πληθος
541 445 552 463 ,
569 432 637 454 των
660 416 931 454 κατασαπέντων
949 418 984 454 ἐν
1001 414 1101 453 Ἀκα-
1123 420 1148 449 Α
1173 428 1233 465 pes
1252 414 1287 451 in
1302 428 1338 451 se
1354 423 1562 466 potestatem
1587 413 1758 451 habentes
1785 411 1955 464 imperiti3
1983 412 2153 462 elingues,

84 473 193 528 δημία
207 474 264 512 καὶ
281 475 530 526 ίιπεριπάτοις,
545 476 724 515 ἐνίσταντό
738 493 776 514 τε
790 476 848 514 καὶ
863 475 1100 528 ἀπεμάχοντο.

83 535 152 572 Καὶ
166 538 183 573 ὁ
202 536 282 588 περὶ
300 535 425 586 λίμνας
438 537 677 588 ἠσχολημένος
696 536 803 581 οὕτως
820 538 931 574 αὐτῶν
954 536 1102 588 ἐκράτη-

83 611 154 644 osv,
173 598 218 640 ὡς
232 596 308 635 Οὐδὲ
327 599 356 634 Si
371 597 455 649 πρὸς
469 600 563 649 ἰχθῦς
583 597 778 650 διγλώττους
791 600 807 635 ὅ
825 597 916 648 ἀγὼν
931 592 973 644 ἦν
989 599 1080 648 αὐτῷ
1093 612 1100 623 ·

83 655 241 709 καθάπερ
262 657 328 709 γὰρ
348 658 451 700 ὅντως
470 658 583 702 ἁλιεὺς
602 658 728 710 ἰχθύων
757 657 993 709 ἀφωνοτέρων,
1015 656 1102 694 οὕτω

83 717 211 755 τούτων
228 719 453 770 περιεγένετο.
474 719 544 757 Καὶ
566 723 583 758 ὃ
602 718 663 771 μὲν
688 719 800 757 πολλὰ
819 718 975 771 ληρῆσας
1000 717 1104 755 Πλά-

84 793 164 822 των,
184 778 366 829 σεσίγηκεν
383 795 390 802 ·
412 774 508 823 οἶτος
539 779 574 817 δὲ
606 779 809 830 φθέγγεται,
844 779 921 830 οὐχὶ
941 780 1024 828 παρ’
1048 780 1103 815 οἷ-

84 837 186 881 κείοις
208 838 339 889 μόνοις,
353 838 443 876 ἀλλὰ
460 839 519 876 καὶ
538 839 634 888 παρὰ
649 839 802 891 Πάρθοις
815 868 824 884 ,
840 838 938 889 παρὰ
957 838 1103 885 Μήδοις,

83 898 179 951 παρὰ
201 898 422 947 Ἔλαμίταις,
445 899 503 935 καὶ
523 899 557 935 ἐν
576 897 702 949 Ἰνδίᾳ,
727 898 785 935 καὶ
815 900 995 948 πανταχοῦ
1018 900 1102 947 γῆς,

84 958 143 995 καὶ
162 961 208 1002 εἰς
225 958 268 995 τὰ
283 959 418 1010 πέρατα
449 962 511 1005 τῆς
541 958 754 1008 οἰκουμένης.
774 959 850 996 Ποῧ
868 961 926 995 νῦν
946 960 1008 1003 τῆς
1024 957 1104 994 Ἑλ-

83 1018 184 1062 λάδος
202 1021 219 1056 ὁ
242 1024 364 1072 τῦφος,
394 1023 459 1057 ποῦ
480 1022 547 1057 τῶν
567 1019 714 1065 Ἀθηνῶν
737 1017 776 1055 τὸ
795 1017 922 1068 ὅνομα;
941 1022 1008 1056 ποῦ’
1034 1020 1103 1055 τῶν
1124 1020 1147 1048 Β

84 1079 276 1130 φιλοσόφων
297 1083 314 1117 ὅ
334 1081 456 1130 λῆρος;
479 1079 523 1117 εΟ
543 1078 611 1118 ἀπὸ
628 1078 841 1123 Γαλιλαίας,
870 1081 887 1115 ὁ
916 1078 983 1116 ἀπὸ
1008 1080 1104 1125 Βηθ-

83 1141 205 1187 σαῖὃᾶ,
221 1143 238 1177 ὁ
255 1142 412 1192 ἀγροῖκος
429 1170 438 1188 ,
460 1139 599 1178 πάντων
621 1139 759 1178 ἐκείνων
781 1139 1010 1191 περιεγένετο.
1025 1141 1103 1178 Οὐκ

83 1201 305 1252 αἰσχύνεσθε,
329 1201 406 1239 εἶπέ
436 1217 519 1251 μοι,
541 1200 597 1239 ἐπὶ
621 1203 670 1252 τῷ
695 1201 840 1251 ὀνόματι
858 1203 921 1246 τῆς
939 1200 1103 1253 πατρίδος

80 1267 140 1302 τοῦ
153 1262 368 1311 νενικηκότος
382 1266 471 1313 ὑμᾶς
483 1281 493 1311 3
506 1263 566 1304 Ἂν
583 1265 618 1303 δὲ
633 1263 692 1302 καὶ
709 1264 747 1302 τὸ
761 1263 870 1313 ὄνομα
887 1265 989 1300 αὐτοῦ
1004 1262 1105 1300 ἀκού-

83 1341 166 1372 σητε
180 1355 189 1371 ,
206 1325 265 1364 καὶ
281 1326 333 1364 ὅτι
354 1328 477 1379 Κηφᾶς
492 1327 628 1378 ἐλέγετο
639 1356 648 1372 ,
663 1327 782 1377 πολλῷ
803 1326 932 1375 μᾶλλον
954 1323 1102 1374 ἐγκαλύ-

82 1388 197 1437 ψεσθε.
219 1389 332 1425 Τοῦτο
353 1387 419 1439 γὰρ
435 1391 542 1437 ὑμᾶς,
560 1391 662 1424 τοῦτο
679 1385 911 1432 ἀπολώλεκεν,
930 1383 983 1423 ὅτι
1001 1387 1103 1423 τοῦτο

82 1448 208 1491 ὄνειδος
227 1442 311 1486 εἶναι
337 1448 491 1498 νομίζετε
504 1478 512 1494 ,
533 1447 593 1485 καὶ
612 1446 820 1499 εὐγλωττίαν
839 1445 1023 1497 ἐγκώμιον,
1044 1445 1102 1483 καὶ

83 1509 242 1562 ἀπειρίαν
271 1509 479 1561 εὖγλιιπτίας
495 1540 504 1557 ,
531 1509 668 1552 ὄνειδος.
698 1509 774 1546 Οὔκ
795 1507 917 1554 ἤλθετε
935 1508 976 1554 ἦν
992 1509 1102 1545 ἐλθεῖν

82 1571 100 1589 *
117 1572 206 1619 ὑμᾶς
233 1570 325 1619 ἔδει,
351 1570 440 1608 ἀλλὰ
471 1569 533 1617 τὴν
563 1569 747 1621 βασιλικὴν
774 1568 915 1620 ἀφέντες
936 1568 1011 1606 ὁδὸν
1039 1568 1102 1615 τὴν

83 1629 222 1669 εὔκολον
250 1631 309 1668 καὶ
339 1630 447 1679 λείαν,
466 1629 530 1678 τὴν
546 1636 712 1684 τραχεῖαν
733 1629 791 1668 καὶ
814 1629 946 1675 ἀνάντη
964 1629 1023 1666 καὶ
1037 1646 1062 1681 χ
1066 1645 1104 1666 α-

82 1690 191 1739 λεπὴν
208 1691 401 1730 ἓέαδίσατε.
423 1691 490 1729 Διὰ
508 1695 609 1731 τοῦτο
628 1690 704 1729 οὐδὲ
733 1690 904 1742 ἐφθάσατε
930 1690 1016 1742 πρὸς
1039 1690 1102 1736 τὴν

85 1752 262 1802 βασιλείαν
278 1756 346 1791 τῶν
367 1755 534 1805 οὐρανῶν.

135 1880 183 1920 Τί
203 1897 258 1919 ουν
274 1883 334 1919 ουκ
349 1883 395 1926 εἷς
415 1882 626 1920 Πλάτωνα’
611 1898 800 1935 ενηργησεν
820 1882 1012 1933 ὃΧριστὸς,
1027 1898 1063 1920 ου
1046 1881 1102 1918 υῗὲ

82 1958 129 1985 εις
144 1943 368 1995 Πυθαγόραν,
392 1943 515 1994 φησίν,
538 1943 622 1982 εΌτι
642 1945 761 1981 πολλω
780 1942 1041 1995 φιλοσοφωτέρα
1061 1947 1102 1989 ἦν

82 2006 103 2048 ἦ
124 2003 258 2054 Πετρου
286 2003 380 2055 Qus),
400 2020 429 2040 τ
422 2019 468 2040 )ν
488 2005 608 2055 ψυχῶν
629 2003 778 2041 ἐκείνων.
793 2002 943 2042 Ἐκεῖνοι
959 2003 1103 2056 μὲνγὰρ

83 2065 203 2106 παῖοες
223 2064 328 2107 ὅντως
346 2068 452 2110 ἦσαν,
469 2064 534 2102 ὑπὸ
561 2081 623 2110 της
652 2080 754 2109 κενης
775 2063 872 2111 δόξης
899 2064 1103 2117 περιτρεπό-

86 2139 182 2174 μενοι
200 2140 397 2177 πανταχου·
414 2129 509 2169 ουτος
530 2125 563 2164 δε
582 2126 668 2177 ἀνηρ
689 2124 891 2177 φιλόσοφος,
911 2125 970 2162 καὶ
988 2126 1104 2162 δεκτι-

84 2201 141 2227 κος
161 2201 222 2231 της
247 2186 399 2237 χάριτος.
417 2187 498 2223 Εἰ
480 2201 515 2225 οε
540 2188 642 2237 γελᾳς
661 2189 770 2223 ταῦτα
793 2185 937 2232 ἀκουων,
963 2187 999 2223 οὗ
1019 2188 1105 2222 θαυ-

85 2245 234 2295 μαστόν·
231 2246 326 2308 ηεπεὶ
346 2247 404 2284 καὶ
422 2249 452 2284 οι
466 2246 526 2284 τότ
529 2262 544 2284 ε
558 2246 703 2297 ἐγέλων,
724 2245 784 2284 καὶ
802 2244 964 2295 γλεύκους
985 2245 1105 2289 αυτους

83 2306 198 2358 ἔλεγον
220 2310 306 2344 εἶναι
326 2306 487 2357 μεστούς·
508 2306 585 2344 ἀλλ’
605 2305 764 2359 υστερον,
786 2322 842 2344 οτε
873 2305 1105 2344 ἐπεπόνθεσαν

1044 2367 1108 2413 τὴν

83 2428 181 2466 πόλιν
202 2444 339 2480 κατερει
342 2425 495 2479 πομενην
515 2422 622 2476 εἶδον,
656 2428 715 2467 καὶ
747 2445 786 2468 το
818 2444 886 2480 πυρ
910 2428 1107 2479 ἀναπτόμ-ε

82 2383 125 2404 τα
159 2367 268 2420 πικρα
290 2369 425 2416 ἐἉΞῖΙα,
447 2367 506 2406 καὶ
525 2383 664 2404 παντων
683 2366 930 2420 χα)ἱπωτῖρα,
960 2366 1016 2406 ὅ”ἕ

84 2504 151 2534 νον,
170 2489 230 2526 καὶ
248 2488 292 2527 τὰ
307 2489 406 2542 τείχη
424 2489 634 2542 ῥιπτουμενα
645 2489 780 2541 χαμαὶ,
797 2489 856 2527 καὶ
869 2489 931 2533 τὰς
949 2467 1110 2537 ποικίλας

86 2549 252 2602 βακχείας
265 2551 396 2595 ἐκείνας
407 2582 415 2598 ,
430 2551 468 2593 ἃς
483 2550 591 2593 οὐδεὶς
610 2553 836 2602 παραστῆσαι
853 2549 993 2588 δύναται
1004 2551 1110 2605 λόγῳ,

83 2612 146 2649 οὐκ
165 2611 215 2648 ἔτι
233 2610 373 2660 ἐγέλων.
395 2611 500 2650 Οὕτω
519 2610 579 2649 καὶ
597 2613 695 2662 ὑμεῖς
726 2610 805 2650 τότε
838 2614 875 2650 οὗ
904 2611 1110 2661 γελάσεσθε,

83 2671 164 2711 ὅταν
183 2671 224 2711 ¹³6
237 2676 299 2719 τῆς
317 2672 462 2725 κρίσεως
476 2674 600 2724 ἐπιστῇ
619 2672 736 2724 καιρὸς
750 2703 759 2720 ,
779 2672 861 2711 ὅταν
881 2672 920 2710 τὸ
934 2675 998 2719 τῆς
1015 2672 1109 2724 γεέν-

82 2750 140 2780 νης
162 2735 296 2786 ἀναφθῇ
307 2733 503 2787 πῦρ.Ἀλλὰ
520 2733 554 2771 τί
569 2733 649 2785 περὶ
670 2733 866 2783 μελλόντων
887 2733 1000 2784 λέγω;
1020 2734 1108 2772 Βού-

81 2796 133 2834 λει
153 2795 250 2839 δείξω
269 2794 320 2838 τίς
340 2797 412 2833 ἐστι
441 2794 590 2848 Πέτρος,
614 2795 666 2838 τίς
687 2794 722 2832 δὲ
752 2794 903 2832 Πλάτων
921 2810 929 2840 ;
965 2794 1021 2832 Τὰ
1041 2794 1109 2848 γὰρ

81 2855 147 2903 ἤθη
168 2856 254 2899 τέως
272 2858 402 2902 αὐτῶν,
421 2858 449 2893 εἷ
469 2857 583 2904 δοκεῖ,
608 2857 842 2907 ἐξετάσωμεν,
871 2856 930 2894 καὶ
961 2856 1107 2907 ἴδωμεν,

83 2916 172 2953 τίσιν
196 2920 209 2937 ⁶
225 2916 455 2968 ἐπεχείρησαν
486 2917 654 2969 ἑκάτεροι.
689 2912 801 2960 Οὗτος
828 2916 890 2968 μὲν
912 2912 970 2954 οῧν
992 2916 1108 2954 πάντα

84 2977 140 3014 τὸν
164 2977 286 3029 χρόνον
305 2978 465 3016 ἀνάλωσε
488 2977 568 3030 περὶ
600 2978 758 3030 δόγματα
780 2978 1006 3030 στρεφόμενος
1024 2977 1107 3015 ἀνό-

84 3052 171 3083 νητα
190 3037 248 3074 καὶ
275 3038 433 3091 περιττά.
456 3038 504 3076 Τί
524 3038 590 3090 γὰρ
614 3038 734 3090 ὄφελος
753 3041 792 3077 ἐκ
810 3044 870 3077 τοῦ
893 3042 1035 3089 μαθεῖν,
1055 3037 1107 3075 ὅτι

128 3246 139 3259 ²¹
165 3234 254 3267 Alius
270 3242 442 3281 περιπάτοις
458 3243 510 3275 τὴν
527 3241 656 3271 ἔνστασιν
672 3237 887 3280 ἐπεμάχοντο.[
900 3238 977 3269 Mox
993 3238 1030 3268 A.
1046 3238 1084 3270 B.

85 3286 121 3316 (ἶ,
138 3290 225 3324 ὄντως
242 3294 375 3332 σοφιστὴς
391 3291 494 3330 ἰχθύων
512 3289 559 3329 (Β.
574 3297 631 3322 τῶν
647 3288 734 3332 iffi).
751 3288 932 3331 Paula->post
946 3300 962 3320 ε·
980 3286 1018 3322 D.
1034 3288 1089 3320 ad-

88 3336 230 3369 didimus
247 3341 384 3381 τούτωκ]

1171 474 1302 524 idiotae,
1318 484 1438 513 contra
1451 474 1737 527 praestigiatores,
1751 473 1915 524 decept01
1917 486 1963 521 es,
1978 472 2154 524 sophistas

1172 535 1315 584 multos,
1332 536 1504 585 rhetoras,
1525 535 1770 588 philosophos,
1782 533 1843 584 qui
1859 533 1895 570 in
1915 532 2108 570 Academia
2122 542 2155 571 et

1172 596 1270 647 apud
1289 596 1537 648 Peripateticos
1559 596 1758 649 putrefacti,
1772 594 1950 632 instabant
1969 603 2002 632 et
2017 608 2156 647 pugna-

1172 657 1269 695 bant.
1297 658 1343 696 Et
1377 659 1418 708 is,
1451 659 1511 709 qui
1543 659 1638 701 circa
1671 668 1794 710 stagna
1824 668 1985 697 versatus
2015 671 2155 709 semper

1172 718 1299 767 fuerat,
1334 719 1384 756 ita
1417 719 1496 756 illos
1527 719 1721 771 superavit,
1751 733 1792 756 ae
1821 720 1850 757 si
1886 728 2006 758 contra
2036 727 2154 755 mutos

1173 777 1284 829 pisces
1303 788 1477 817 certamen
1494 778 1676 817 habuisset
1692 793 1796 817 :vere
1817 779 1922 827 enim,
1942 788 1982 816 ut
2001 778 2155 830 piscator

1174 852 1258 875 voce
1280 839 1467 877 destitutos
1481 839 1608 891 pisces,
1628 839 1710 877 illos
1731 839 1877 877 devicit.
1899 840 1947 876 Et
1960 840 2059 877 Plato
2077 839 2152 888 ille,

1173 899 1234 950 qui
1256 908 1330 937 tam
1354 900 1465 937 multa
1485 909 1639 950 nugatus
1659 909 1725 945 est,
1745 899 1855 937 tacuit
1879 915 1887 935 t
1915 899 1975 936 hic
1994 913 2076 937 vero
2101 900 2155 937 lo-

1173 959 1294 1009 quitur
1313 973 1380 997 non
1404 960 1508 999 modo
1528 960 1616 1008 suis,
1643 959 1702 997 sed
1721 960 1827 997 etiam
1846 959 2153 1009 Parthis,-Medis,

1174 1020 1354 1070 Elamitis,
1372 1029 1405 1058 et
1422 1020 1532 1067 Indis,
1561 1020 1696 1070 ubique
1713 1029 1903 1068 terrarum,
1923 1029 1956 1057 et
1979 1034 2091 1070 usque
2112 1018 2157 1057 ad

1173 1082 1339 1120 terminos
1360 1082 1465 1120 orbis.
1483 1082 1557 1121 Ubi
1577 1096 1671 1119 nune
1694 1081 1844 1120 Graeciae
1862 1081 1972 1119 fastus
1991 1081 2078 1118 ille?
2095 1080 2157 1118 ubi

1174 1144 1393 1181 Athenarum
1420 1143 1573 1181 nomen?
1607 1143 1670 1180 ubi
1697 1143 1995 1195 philosophorum
2026 1141 2158 1179 delira-

1174 1205 1315 1242 menta?
1333 1205 1400 1242 Ille
1413 1204 1599 1254 Galilaeus,
1618 1204 1678 1241 ille
1692 1218 1737 1241 ex
1754 1202 1957 1251 Bethsaida,
1974 1202 2035 1240 ille
2050 1202 2157 1240 rusti-

1173 1279 1235 1303 cus
1248 1265 1333 1303 istos
1347 1279 1468 1303 omnes
1488 1264 1680 1316 superavit.
1700 1265 1778 1302 Non
1790 1262 2010 1312 erubescitis,
2028 1277 2160 1313 quaeso,

1173 1326 1229 1365 vel
1257 1325 1302 1364 de
1323 1326 1465 1364 nomine
1490 1325 1612 1377 patriae
1643 1325 1733 1376 ejus,
1756 1324 1817 1374 qui
1846 1338 1911 1361 vos
1933 1322 2094 1365 devicit?
2121 1323 2160 1360 Si

1172 1400 1256 1425 vero
1276 1401 1403 1425 nomen
1426 1388 1504 1439 ejus
1526 1385 1724 1433 audieritis,
1750 1384 1847 1435 quod
1877 1397 2004 1436 nempe
2023 1383 2160 1435 Cephas

1173 1457 1375 1496 Vocaretur,
1399 1447 1512 1485 multo
1529 1447 1644 1498 magis
1666 1460 1729 1484 vos
1744 1445 1905 1498 pudebit.
1926 1445 2003 1483 Hoc
2031 1444 2162 1496 quippe

1173 1523 1250 1556 vos,
1282 1510 1362 1558 hoe,
1398 1503 1556 1560 inquam,
1576 1506 1744 1560 perdidit,
1774 1507 1870 1557 quod
1899 1506 2161 1558 simplieitatem

1173 1571 1357 1622 probrum,
1389 1569 1626 1621 eloquentiam
1658 1567 1877 1606 laudabilem
1910 1580 1983 1604 esse
2012 1567 2158 1618 putatis.

1173 1633 1252 1671 Non
1271 1646 1340 1682 qua
1361 1631 1419 1670 via
1438 1630 1598 1683 oportuit
1615 1629 1762 1669 venistis
1772 1644 1782 1679 3
1802 1628 1863 1666 sed
1882 1628 2012 1666 omissa
2038 1627 2161 1678 regali,

1173 1693 1269 1731 facili
1287 1703 1320 1731 et
1333 1694 1439 1746 plana
1456 1693 1526 1741 via,
1543 1705 1716 1744 asperam,
1732 1699 1954 1743 praeruptam
1973 1698 2006 1727 et
2025 1688 2162 1726 diffici-

1178 1755 1251 1792 lem
1263 1754 1424 1792 tenuistis
1441 1770 1447 1790 :
1467 1753 1616 1805 ideoque
1636 1766 1705 1790 non
1723 1751 1936 1805 pervenistis
1950 1750 1996 1789 ad
2010 1764 2162 1801 regnum

1175 1817 1354 1854 caelorum.

1226 1877 1265 1914 4.
1299 1876 1397 1924 Quid
1419 1890 1512 1927 ergo,
1533 1873 1697 1924 inquies?
1713 1887 1776 1910 cur
1794 1887 1865 1910 non
1886 1872 1923 1910 in
1952 1873 2100 1911 Platone
2129 1882 2164 1910 et

1176 1937 1212 1974 in
1231 1937 1436 1989 Pythagora
1461 1944 1626 1988 operatus
1646 1942 1698 1971 est
1732 1933 1922 1971 Christus?
1948 1933 2043 1980 Quia
2068 1933 2163 1971 Petri

1175 2012 1279 2049 quam
1301 1998 1446 2035 illorum
1477 2010 1574 2034 mens
1590 1994 1703 2032 multo
1726 2003 1799 2031 erat
1827 1993 1872 2031 ad
1900 1993 2163 2045 philosophiam

1176 2060 1303 2111 aptior.
1323 2059 1381 2098 Illi
1402 2072 1555 2108 namque
1568 2056 1669 2108 pueri
1687 2064 1798 2104 erant,
1817 2055 1949 2105 ubique
1965 2054 2012 2092 ad
2025 2055 2163 2092 inanem

1177 2121 1328 2171 gloriam
1347 2120 1509 2157 conversi
1525 2134 1532 2154 :
1547 2118 1607 2156 hic
1625 2126 1742 2154 autem
1757 2115 1813 2154 vir
1824 2115 2060 2167 philosophus
2077 2124 2164 2164 erat,

1177 2190 1211 2218 et
1230 2180 1350 2231 gratiae
1363 2193 1491 2231 capax.
1517 2177 1624 2224 Quod
1640 2177 1670 2214 si
1693 2176 1750 2214 his
1769 2174 1902 2212 auditis
1928 2175 2058 2225 rideas,
2073 2175 2165 2212 nihil

1178 2240 1311 2279 mirum
1322 2256 1333 2291 3
1356 2238 1649 2291 quandoquidem
1662 2246 1696 2275 et
1708 2237 1762 2274 illi
1781 2245 1866 2274 tunc
1884 2235 2061 2286 ridebant,
2084 2251 2162 2275 eos-

1180 2316 1247 2352 que
1266 2311 1383 2339 musto
1402 2301 1526 2353 plenos
1547 2313 1620 2337 esse
1646 2298 1828 2346 dicebant,
1845 2296 1906 2334 sed
1927 2305 2061 2348 postea,
2083 2311 2165 2335 cum

1180 2362 1259 2401 dira
1290 2364 1352 2401 illa
1387 2372 1421 2400 et
1448 2361 1674 2399 acerbissima
1696 2358 1790 2412 passi
1823 2367 1916 2407 sunt,
1940 2372 2021 2395 cum
2052 2373 2165 2410 expu-

1181 2434 1324 2477 gnatam
1353 2424 1478 2462 urbem
1502 2421 1684 2472 viderunt,
1712 2421 1895 2459 incensum
1913 2419 2046 2471 ignem,
2067 2420 2166 2472 deje—

1183 2496 1254 2526 ctos
1273 2500 1406 2533 muros,
1422 2485 1571 2535 illasque
1593 2483 1822 2530 calamitates,
1839 2476 1917 2532 quae
1936 2496 2039 2519 nemo
2055 2482 2166 2534 possit

1181 2562 1372 2597 recensere,
1388 2561 1457 2585 non
1477 2547 1568 2583 ultra
1590 2544 1764 2582 ridebant.
1783 2544 1835 2581 Ita
1850 2552 1884 2581 et
1897 2557 1960 2581 vos
1979 2557 2047 2581 non
2066 2543 2162 2581 ride-

1182 2608 1278 2647 bitis.
1299 2622 1380 2646 eum
1395 2605 1526 2659 judicii
1545 2615 1685 2657 tempus
1714 2603 1911 2653 advenerit,
1933 2618 2013 2641 cum
2035 2604 2163 2654 gehen-

1180 2685 1232 2708 nae
1252 2669 1344 2721 ignis
1364 2681 1528 2705 accensus
1559 2666 1677 2703 suerit.
1699 2664 1771 2703 Sed
1802 2678 1864 2701 cur
1890 2663 1934 2701 de
1952 2664 2081 2701 futuris
2109 2664 2163 2701 lo-

1180 2731 1296 2782 quor?
1327 2729 1394 2769 Vis
1428 2727 1611 2766 ostendam
1641 2725 1708 2763 tibi
1730 2724 1809 2776 quis
1841 2724 1887 2762 sit
1916 2725 2056 2772 Petrus,
2082 2724 2163 2775 quis

1181 2792 1306 2831 Plato?
1328 2789 1475 2828 Illorum
1506 2802 1632 2836 mores,
1667 2787 1697 2825 si
1723 2786 1878 2834 videtur,
1905 2785 2160 2837 expendamus,

1181 2854 1437 2902 videamusque
1450 2849 1537 2901 quid
1556 2850 1662 2887 ambo
1683 2847 1862 2899 gesserint.
1881 2846 1948 2883 Hic
1960 2855 2071 2883 totam
2085 2860 2163 2883 con-

1180 2915 1307 2953 sumsit
1336 2913 1449 2951 vitam
1467 2912 1560 2949 eirca
1579 2910 1747 2961 dogmata
1767 2908 1908 2946 inutilia
1924 2916 1957 2944 et
1988 2921 2160 2959 superva-

1180 2990 1297 3014 canea.
1314 2974 1414 3021 Quid
1436 2973 1529 3011 enim
1550 2971 1691 3024 prodest
1705 2969 1806 3018 scire,
1826 2967 1921 3019 quod
1940 2967 2161 3020 anima-phi-

2233 1091 2360 1126 Compa-

2172 1133 2245 1158 ratio
2277 1131 2358 1167 Apo-

2173 1173 2310 1200 stolorum

2173 1224 2237 1242 cum
2263 1212 2361 1250 philo-

2173 1255 2282 1292 sophis.

2234 2988 2363 3015 Platonis

1180 3037 1318 3090 losophi
1348 3049 1467 3074 musca
1504 3033 1590 3071 fiat?J
1621 3034 1714 3071 Vere
1747 3044 1887 3079 musca,
1911 3043 1980 3067 non
2011 3029 2048 3067 in
2081 3044 2160 3067 mu·
2174 3039 2264 3066 nugae.

87 3101 209 3147 μυῖαὴ
242 3099 336 3151 ψυχὴ
368 3105 427 3138 τοῦ
459 3099 644 3152 φιλοσόφου
676 3099 973 3150 γίνεται;’0·ντως
999 3105 1101 3150 μυῖα,
1129 3109 1151 3138 E
1178 3114 1274 3138 scam
1305 3106 1440 3136 mutata
1474 3096 1557 3146 fuit,
1593 3093 1654 3132 sed
1697 3092 1841 3131 accessit
1875 3091 1921 3129 ad
1945 3092 2101 3130 animam
2124 3092 2161 3130 in

1198 3237 1212 3251 '⁴
1239 3237 1338 3278 [ὑμεῖς
1352 3236 1393 3267 D.
1413 3237 1476 3268 ὁδόν
1490 3231 1625 3273 Μοιιιῐ.,
1643 3230 1817 3272 caeterique
1834 3228 1925 3261 Editi
1940 3237 1971 3262 et
1984 3230 2021 3263 A.
2034 3231 2068 3262 Β.
2085 3230 2142 3272 C.]

1199 3290 1214 3312 l»
1241 3289 1312 3319 Duo
1326 3287 1404 3317 Mss.
1418 3290 1490 3318 ὅταν
1507 3288 1521 3317 ὀ
1539 3291 1589 3321 τῆς
1608 3285 1718 3325 γεέννης
1736 3286 1839 3325 ἐπιστῇ
1857 3289 1967 3327 καιρός.

1203 3350 1214 3363 ‘·
1237 3337 1350 3371 Movet.
1366 3342 1564 3380 ἔπεχ’),τ-ςςαν.
