2502 3810
817 225 836 253 S
846 244 854 252 .
894 221 1076 253 JOANNIS
1112 219 1349 249 CHRYSOST.

343 214 435 276 598

344 316 469 347 terant.
493 309 612 354 Quam
627 305 752 355 igitur7
771 303 887 353 inquit
899 332 911 353 7
928 300 1128 339 mercedem
1143 308 1324 352 exspectas

339 371 386 407 ab
404 382 527 420 opere,
550 381 632 404 cum
659 380 705 403 ex
728 365 800 402 sola
821 364 872 402 rei
891 362 1063 401 memoria
1075 392 1086 412 7
1107 376 1127 399 a
1148 362 1325 413 supplicio

339 439 455 466 tamen
472 427 658 475 liberatus7
675 425 813 477 pudore
833 423 1054 462 suffundaris
1068 431 1101 460 et
1112 422 1297 459 erubescas
1310 452 1322 472 7

338 488 403 525 etsi
422 487 458 524 in
474 495 571 524 tanta
591 485 706 536 gratia
728 485 968 523 constitutus?
984 485 1031 520 At
1046 496 1126 533 qnae
1142 482 1209 521 Dei
1230 491 1324 531 sunt,

338 562 405 586 non
422 547 469 584 ita
490 560 525 584 se
542 546 685 583 habent.
706 549 770 584 92.
801 547 916 584 Nunc
937 558 1053 591 vero,
1083 543 1213 594 inquit,
1232 544 1325 581 libe-

337 611 416 645 rati
431 622 456 645 a
468 615 647 658 peccam,
667 609 767 644 servi
786 615 915 644 autem
924 607 1030 657 facti
1048 606 1129 642 Deo
1141 633 1152 651 ,
1176 606 1326 642 habetis

325 670 506 721 fluctum
534 677 707 704 vestrum
736 670 778 704 in
808 666 1158 719 sanctificationem
1175 665 1326 717 :finem

337 742 432 766 vero
454 731 581 765 vitam
594 736 794 765 aeternam.
818 727 968 764 Illorum
989 727 1127 764 fructus
1141 725 1259 777 pudor
1275 733 1326 762 est

336 789 444 828 etiam
460 797 538 841 post
561 788 808 826 liberationem
823 817 834 836 7
849 788 979 825 horum
1006 801 1091 826 vero
1116 788 1250 825 fructus
1274 795 1326 824 est

339 850 570 888 sanctificatio
584 865 591 884 :
603 850 666 887 ubi
676 859 794 887 autem
805 857 855 886 est
870 848 1100 886 sanctificatio
1104 878 1115 895 7
1129 848 1180 885 ibi
1194 847 1326 885 fiducia

339 912 464 949 multa.
483 911 632 948 Illorum
646 910 730 948 finis
743 923 837 947 mors
852 918 904 954 est
916 939 926 958 7
944 909 1073 946 horum
1087 909 1161 946 vita
1180 917 1321 946 aeterna.

392 976 429 1011 Q.
450 972 583 1011 Viden’
605 970 783 1022 quomodo
802 970 872 1008 alia
888 969 1034 1021 quidem
1049 969 1132 1006 data
1148 969 1322 1018 ostendat,

339 1035 409 1072 alia
432 1034 469 1071 in
492 1048 554 1086 spe
570 1047 642 1071 esse
656 1033 672 1070 ἶ)
689 1036 805 1082 Atque
824 1032 868 1069 ab
883 1032 940 1080 iis7
956 1045 1034 1082 quae
1043 1031 1126 1068 data
1138 1040 1220 1068 sunt
1235 1031 1320 1077 illis,

339 1095 428 1133 fides
449 1094 683 1140 conciliatur;
704 1107 724 1131 a
743 1092 1019 1130 sanctificatione
1043 1092 1114 1129 vita
1133 1091 1324 1129 confirma-

339 1163 409 1192 tur.
433 1155 524 1191 Nam
532 1183 545 1204 7
581 1167 624 1190 ne
646 1152 783 1190 diceres
802 1151 920 1188 omnia
941 1152 977 1188 in
994 1164 1056 1202 spe
1090 1164 1183 1198 esse,
1198 1150 1273 1201 jam
1292 1159 1324 1187 te

338 1215 495 1252 fructum
523 1214 643 1251 tulisse
662 1212 814 1251 ostendit
833 1228 843 1260 ;
862 1212 980 1264 primo
992 1241 1003 1261 7
1032 1210 1130 1261 quod
1154 1225 1172 1248 a
1193 1211 1324 1260 nequi-

339 1272 389 1310 tia
403 1281 436 1309 et
450 1286 471 1309 a
487 1271 620 1309 talibus
637 1270 739 1308 malis
760 1270 929 1307 liberatus
943 1269 1003 1318 sis7
1021 1282 1172 1319 quorum
1193 1281 1325 1305 memo-

339 1333 392 1370 ria
410 1331 584 1384 pudorem
599 1332 719 1379 asfert3
736 1329 889 1368 secundo
904 1359 912 1377 7
932 1328 1027 1380 quod
1041 1328 1170 1367 servus'
1182 1328 1229 1365 sis
1244 1329 1314 1380 ju-

340 1393 444 1430 stitiae
454 1408 464 1440 ;
479 1392 601 1442 tertio,
619 1391 714 1441 quod
733 1390 1009 1429 sanctificatione
1018 1389 1166 1438 fruaris3
1182 1398 1323 1439 quarto7

340 1452 437 1503 quod
452 1453 565 1491 vitam
587 1451 831 1502 consequaris,
859 1459 893 1488 et
913 1449 1026 1489 vitam
1054 1463 1123 1486 uon
1149 1458 1325 1500 tempora-

340 1528 466 1563 neam,
486 1513 550 1551 sed
568 1522 747 1551 aeternam.
766 1514 930 1549 Attamen
959 1525 1040 1547 cum
1066 1510 1142 1547 haee
1162 1509 1212 1547 ita
1238 1511 1324 1558 sint,

339 1576 464 1613 saltem
477 1589 521 1612 ex
537 1589 657 1624 aequo,
678 1574 792 1623 inquit
806 1602 817 1622 7
833 1572 977 1622 servite.
995 1570 1073 1608 Etsi
1092 1570 1186 1608 enim
1201 1571 1326 1608 Domi-

340 1650 406 1674 nus
423 1635 617 1673 admodum
630 1634 806 1686 praecellat
817 1663 829 1683 7
846 1642 880 1670 et
895 1646 1065 1684 magnum
1077 1631 1122 1669 sit
1136 1630 1326 1669 discrimen

340 1696 547 1734 servitutem
560 1695 651 1731 inter
676 1703 710 1731 et
731 1693 899 1746 praemia,
918 1706 983 1744 pro
1006 1692 1139 1743 quihus
1159 1692 1324 1742 serviti55

339 1757 431 1794 nihil
461 1765 574 1793 tamen
604 1755 745 1793 interim
771 1755 926 1807 postulo.
962 1753 1100 1792 Deinde
1128 1753 1210 1804 quia
1229 1768 1328 1792 arma

339 1816 630 1855 commemoravit
646 1826 678 1854 et
703 1830 821 1867 regem
834 1846 847 1866 7
878 1815 914 1853 in
934 1815 1142 1867 metaphora
1171 1824 1324 1866 perstat,

337 1880 457 1919 dicens
481 1896 488 1916 ε
509 1882 573 1918 95.
591 1880 790 1931 Stipendia
804 1882 906 1917 enim
917 1881 1068 1931 peccati
1089 1892 1190 1916 mors
1209 1894 1219 1914 .·
1239 1893 1328 1930 gra-

339 1945 395 1979 tia
412 1951 541 1980 autem
556 1943 632 1979 Dei
642 1944 729 1978 vita
743 1950 902 1987 aeterna,
921 1943 962 1977 in
972 1942 1126 1978 Christo
1140 1941 1235 1978 Jesu
1249 1942 1328 1977 Do-

340 2007 444 2041 mino
458 2013 600 2042 nostro.
621 2004 711 2041 Cum
730 2003 907 2055 stipendia
929 2002 1064 2055 peccati
1091 2002 1265 2049 dixisset,
1284 2003 1328 2041 de

339 2065 442 2119 bonis
456 2079 562 2116 agens
590 2078 660 2101 non
702 2063 867 2101 eumdem
887 2063 1041 2101 servavit
1055 2063 1229 2101 ordinem.
1247 2055 1331 2101 Non

339 2128 432 2165 enim
449 2128 567 2177 dixit,
588 2130 724 2165 Merces
743 2127 918 2164 bonorum
938 2141 1087 2179 operum
1106 2136 1326 2173 vestrorum;
1337 2156 1385 2181 544

339 2188 422 2237 sed,
447 2190 588 2227 Gratia
603 2190 700 2237 Dei,
719 2188 904 2225 ostendens
922 2189 1002 2225 illos
1018 2202 1087 2225 non
1112 2202 1176 2239 per
1196 2188 1328 2240 seipsos
1350 2193 1374 2221 A

338 2248 508 2286 liberatos
539 2263 631 2298 esse,
652 2262 764 2298 neque
803 2247 964 2285 debitum
988 2248 1162 2299 accepisse
1176 2277 1187 2297 7
1217 2263 1329 2298 neque

340 2309 537 2347 mercedem
564 2308 620 2347 vel
645 2308 914 2345 retributionem
942 2308 1108 2344 laborum
1123 2336 1134 2355 7
1167 2307 1228 2344 sed
1252 2308 1330 2345 haec

340 2370 458 2407 omnia
477 2383 539 2421 per
555 2368 704 2420 gratiam
725 2369 815 2406 sacta
835 2368 952 2405 fuisse.
968 2370 1093 2418 Itaque
1110 2367 1194 2404 hinc
1213 2368 1329 2405 excel-

345 2431 452 2468 lentia
473 2438 543 2479 est,
567 2444 637 2467 non
659 2428 763 2466 modo
782 2428 879 2479 quod
899 2427 1106 2465 liberaverit
1122 2457 1132 2475 7
1152 2441 1214 2464 nec
1232 2427 1329 2478 quod

340 2491 387 2529 ad
406 2491 553 2528 meliora
568 2489 789 2527 transtulerit
803 2519 811 2535 ,
834 2488 893 2526 sed
913 2488 1009 2539 quod
1028 2502 1090 2526 nec
1115 2488 1328 2536 laborantes,

340 2565 403 2589 nec
421 2551 621 2588 fatiscentes
639 2566 646 2586 ε
667 2564 730 2587 nec
750 2549 849 2600 quod
866 2549 1072 2587 liberaverit
1088 2557 1248 2597 tantum,
1265 2549 1326 2587 sed

340 2612 434 2663 quod
449 2612 562 2649 multo
577 2611 712 2663 majora
731 2610 869 2648 dederit
882 2640 892 2659 7
908 2619 1014 2661 atque
1028 2624 1092 2662 per
1117 2610 1251 2647 Filium
1268 2609 1330 2647 de-

340 2673 443 2710 derit.
464 2673 547 2709 Haec
569 2686 676 2723 porro
697 2671 814 2708 omnia
833 2671 1033 2708 interseruit
1051 2700 1061 2719 7
1084 2670 1166 2721 quia
1189 2670 1233 2708 de
1251 2684 1330 2722 gra-

340 2734 389 2772 tia
423 2733 531 2772 verba
564 2733 647 2770 fecit
662 2762 671 2781 7
701 2741 734 2770 et
756 2733 832 2784 jam
861 2732 974 2783 legem
1007 2731 1208 2783 dejecturus
1238 2740 1325 2769 erat.

341 2798 433 2834 Nam
461 2810 504 2834 ne
531 2796 608 2833 haec
634 2795 739 2832 ambo
762 2794 939 2845 segniores
970 2793 1148 2831 efficerent
1162 2822 1173 2842 7
1211 2792 1329 2831 media

342 2857 542 2895 interseruit
555 2870 594 2894 ea
606 2886 617 2905 7
639 2870 717 2906 quae
735 2855 783 2893 ad
797 2855 1118 2893 accuratamvitam
1131 2854 1308 2906 pertinent
1320 2884 1331 2903 7

342 2919 473 2969 ubique
492 2917 690 2955 auditorem
729 2916 886 2954 excitans
913 2915 960 2952 ad
986 2915 1130 2953 virtutis
1154 2928 1275 2952 curam
1297 2924 1330 2952 et

341 2978 513 3017 studium.
545 2979 639 3015 Cum
669 2986 788 3015 autem
819 2974 994 3028 stipendia
1015 2975 1149 3027 peccati
1179 2985 1330 3013 mortem

341 3049 459 3088 vocat,
480 3053 603 3076 rursus
613 3047 719 3076 terret
731 3068 740 3086 7
757 3046 790 3074 et
808 3037 977 3075 adversus
990 3036 1110 3073 futura
1130 3036 1328 3074 confirmat.

342 3103 410 3138 Per
428 3115 468 3138 ea
497 3099 610 3149 enim,
633 3099 733 3150 queis
762 3098 832 3136 illis
859 3098 980 3150 priora
1002 3107 1276 3146 commemorat,
1299 3108 1331 3136 et

342 3161 388 3199 ad
405 3171 546 3212 gratum
565 3160 725 3198 animum
744 3168 862 3199 movet
882 3168 915 3197 et
946 3158 1227 3197 confirmatiores
1247 3160 1331 3197 red—

388 3301 397 3312 ⁶
424 3295 486 3334 [A
506 3302 537 3326 et
555 3306 658 3338 marg.
679 3294 780 3328 Saxil.
800 3296 910 3336 wiva]

1391 219 1577 250 ARCHIEP
1588 240 1597 249 .
1636 219 1990 252 CONSTANTINOP-

1397 300 1682 351 ἀπηλλαγμένος,
1715 302 1915 351 ἐγκαλύπτῃ
1934 301 1995 339 καὶ
2017 303 2198 355 ἐρυθριᾷς,
2235 302 2348 340 καίτοι
2378 317 2415 353 γε

1396 361 1430 397 ἐν
1451 359 1603 411 τοσαύτῃ
1623 360 1670 398 ὧν
1692 361 1837 412 χάριτι;
1871 361 1960 399 Ἀλλ’
1983 364 2020 400 οὐ
2041 362 2085 400 τὰ
2105 367 2165 400 τοῦ
2184 364 2276 400 Θεοῦ
2295 368 2413 400 τοιαῦ-

1396 436 1451 458 τα.
1472 422 1544 458 Νῦν
1561 421 1609 467 δὲ,
1628 421 1730 472 φησὶν
1743 451 1752 467 ,
1769 421 2051 473 ἐλευθερωθέντες
2068 421 2138 460 ἀπὸ
2153 424 2216 467 τῆς
2230 422 2414 474 ἁμαρτίας,

1398 482 1624 526 δουλωθέντες
1650 482 1684 520 δὲ
1702 484 1752 533 τῷ
1777 483 1872 534 Θεῷ,
1894 482 1990 534 ἔχετε
2013 484 2070 521 τὸν
2095 483 2228 535 καρπὸν
2248 486 2343 533 ὑμῶν
2371 486 2418 526 εἷς

1397 543 1568 593 ἁγιασμὸν
1579 573 1588 591 ,
1604 543 1642 581 τὸ
1661 542 1696 581 δὲ
1711 543 1808 586 τέλος
1823 542 1913 589 ζωὴν
1936 542 2086 582 αἰώνιον.
2117 543 2282 582 Ἐκείνων
2300 547 2317 582 ὃ
2330 559 2417 594 καρ-

1396 603 1459 647 πὸς
1490 603 1636 656 αἰσχύνη
1661 604 1720 642 καὶ
1748 603 1838 653 μετὰ
1864 603 1928 650 τὴν
1949 604 2170 655 ἀπαλλαγὴν,
2189 604 2319 643 τούτων
2347 603 2380 642 δὲ
2401 608 2418 642 ὁ

1396 664 1529 716 καρπὸς
1568 664 1738 715 ἁγιασμός
1751 680 1758 687 ·
1803 663 1887 703 ὅπου
1929 665 1963 703 δὲ
2004 665 2176 716 ἁγιασμὸς
2189 694 2199 712 ,
2237 666 2418 717 παρρησία

1395 725 1545 771 οπολλή.
1575 725 1742 763 Ἐκείνων
1768 724 1924 769 τὸτέλος
1952 725 2112 772 θάνατος,
2142 727 2271 764 τούτων
2293 726 2328 764 δὲ
2346 727 2415 773 ζωὴ

1396 784 1544 828 αἰώνιος.

1450 962 1550 1012 Εἶδες
1575 971 1647 1012 πῶς
1663 969 1707 1007 τὰ
1730 969 1791 1020 μὲν
1812 969 1963 1009 δείκνυσι
1986 970 2165 1021 δεδομένα,
2184 969 2229 1008 τὰ
2245 969 2280 1008 δὲ
2301 971 2335 1007 ἓν
2355 971 2417 1007 ε’λ-

1395 1028 1492 1067 πίσιν
1512 1030 1593 1067 ὄντα
1609 1046 1618 1076 ;
1650 1030 1719 1068 Καὶ
1738 1032 1806 1069 ἀπὸ
1825 1034 1893 1069 τῶν
1910 1032 2099 1082 δεδομένων
2117 1033 2261 1069 κάκεῖνα
2275 1035 2424 1068 πιστοῦ-Δ

1396 1105 1465 1135 ται,
1483 1091 1551 1128 ἀπὸ
1566 1095 1624 1128 τοῦ
1640 1092 1816 1142 ἁγιασμοῦ
1832 1091 1894 1138 τὴν
1913 1092 2017 1138 ζωήν.
2049 1091 2127 1130 Ἵνα
2145 1091 2212 1143 γὰρ
2233 1091 2280 1142 μὴ
2302 1092 2418 1143 λέγῃς,

1396 1153 1448 1188 ὅτι
1468 1151 1582 1189 πάντα
1610 1153 1646 1188 ἐν
1677 1152 1811 1198 ἐλπίσι,
1833 1152 1984 1190 δείκνυσι
2003 1152 2063 1190 καὶ
2079 1152 2145 1199 ἤδη
2167 1168 2204 1190 σε
2229 1151 2418 1205 καρπωσά-

1398 1226 1516 1262 μενον·
1551 1215 1687 1263 πρῶτον
1718 1213 1758 1250 τὸ
1791 1214 2038 1264 ἀπαλλαγῆναι
2072 1216 2134 1259 τῆς
2162 1212 2329 1265 πονηρίας
2359 1211 2418 1249 καὶ

1396 1271 1559 1309 τοιούτων
1590 1275 1729 1319 κακῶν,
1758 1266 1805 1309 ὧν
1828 1273 1887 1310 καὶ
1916 1276 1937 1318 ἡ
1968 1273 2087 1323 μνήμη
2117 1272 2283 1324 αἰσχύνην
2302 1270 2418 1322 φέρει·

1397 1331 1552 1383 δεύτερον
1585 1332 1625 1369 τὸ
1664 1334 1881 1378 δουλωθῆναι
1913 1337 1955 1383 τῇ
1995 1333 2213 1383 δικαιοσύνῃ·
2243 1332 2358 1384 τρίτον
2380 1330 2419 1368 τὸ

1397 1393 1571 1443 ἁγιασμοῦ
1602 1395 1821 1431 ἀπολαῦσαι·
1853 1391 2020 1443 τέταρτον
2040 1391 2079 1429 τὸ
2106 1392 2165 1429 καὶ
2185 1394 2275 1438 ζωῆς
2295 1393 2419 1429 ἐπιτυ-

1396 1458 1470 1503 χεῖν
1484 1482 1494 1499 ,
1525 1453 1584 1490 καὶ
1613 1454 1702 1497 ζωῆς
1721 1454 1758 1488 οὐ
1778 1451 1990 1503 προσκαίρου
2009 1481 2018 1499 ,
2041 1454 2117 1489 ἀλλ’
2139 1451 2292 1495 αἷωνίας.
2325 1451 2415 1490 Ἀλλ’

1396 1512 1490 1562 ὅμως
1521 1512 1580 1549 καὶ
1609 1512 1740 1550 τούτων
1759 1512 1866 1550 ὄντων
1881 1542 1890 1560 ,
1910 1512 1973 1549 κᾶν
1993 1512 2026 1556 ἐξ
2042 1512 2139 1559 ἴσης,
2160 1514 2268 1565 φησὶ,
2282 1512 2420 1551 δουλεύ-

1398 1587 1493 1610 σατε.
1517 1574 1561 1611 Εἰ
1581 1572 1647 1624 γὰρ
1667 1573 1726 1611 καὶ
1751 1576 1768 1610 ὃ
1784 1573 1967 1620 Δεσπότης
1993 1573 2125 1626 σφόδρα
2149 1574 2341 1625 ὑπερέχων,
2360 1574 2420 1612 καὶ

1397 1636 1458 1680 τ’ῆς
1493 1634 1648 1677 δουλείας
1674 1633 1763 1673 πολὺ
1787 1635 1826 1673 τὸ
1855 1634 1958 1685 μέσον
1988 1635 2046 1673 καὶ
2065 1639 2133 1673 τῶν
2153 1636 2313 1674 ἐπάθλων
2333 1635 2420 1687 ὑπὲρ

1398 1690 1444 1733 ὧν
1464 1695 1658 1743 δουλεύετε,
1678 1695 1772 1734 οὐδὲν
1790 1697 1928 1734 ἀπαιτῶ
1942 1695 2046 1734 πλέον
2063 1696 2159 1738 τέως.
2180 1691 2282 1745 Εἶτα,
2299 1695 2419 1742 ἐπειδὴ

1398 1757 1514 1796 ὅπλων
1547 1757 1784 1808 ἐμνημόνευσε
1810 1756 1870 1795 καὶ
1891 1758 2080 1808 βασιλέως,
2113 1757 2268 1808 ἐπιμένει
2295 1761 2338 1809 τῇ
2359 1773 2421 1808 με-

1398 1825 1553 1870 ταφορᾷ,
1587 1818 1717 1870 λέγων·
1743 1817 1800 1856 Τὰ
1832 1817 1894 1868 μὲν
1921 1817 1988 1869 γὰρ
2016 1817 2148 1870 ὀψώνια
2167 1822 2229 1865 τ’ἧς
2249 1818 2421 1870 ἁμαρτίας

1400 1879 1559 1921 θάνατος·
1579 1879 1618 1917 τὸ
1635 1878 1670 1916 δὲ
1689 1878 1849 1931 χάρισμα
1865 1883 1924 1917 τοῦ
1938 1881 2028 1917 Θεοῦ
2045 1878 2115 1925 ζωὴ
2135 1878 2271 1922 αἰώνιος
2285 1882 2319 1917 ἓν
2334 1880 2421 1931 Χρι-

1400 1943 1470 1991 στῷ
1493 1939 1607 1986 Ἰησοῦ
1622 1942 1672 1991 τῷ
1689 1939 1807 1991 Κυρίῳ
1822 1942 1935 1989 ἡμῶν.
1951 1938 2072 1977 Εἰπὼν
2088 1938 2220 1991 ὀψώνια
2235 1939 2420 1991 ἁμαρτίας,

1399 2000 1457 2037 ἐπὶ
1473 2003 1540 2038 τῶν
1556 2003 1721 2053 χρηστῶν
1738 2002 1774 2038 οὐ
1789 1999 1851 2046 τὴν
1869 1998 1974 2046 αὐτὴν
1992 1999 2141 2051 ἐτήρησε
2155 1999 2266 2044 τάξιν.
2287 2001 2339 2038 Οὐ
2355 2000 2422 2053 γὰρ

1401 2056 1507 2109 εἶπεν,
1526 2065 1543 2099 ὃ
1565 2061 1686 2111 μισθὸς
1703 2064 1770 2098 τῶν
1791 2059 2071 2111 κατορθωμάτων
2091 2062 2203 2111 ὑμῶν,
2225 2060 2335 2107 ἀλλὰ,
2370 2063 2402 2099 Τ
2404 2061 2422 2098 ὸ

1401 2122 1436 2161 δὲ
1462 2123 1624 2174 χάρισμα
1642 2126 1702 2160 τοῦ
1723 2124 1815 2160 Θεοῦ
1831 2152 1839 2169 ,
1860 2121 1991 2164 δεικνὺς
2008 2121 2060 2160 ὅτι
2078 2123 2141 2160 οὐκ
2159 2122 2289 2160 οἴκοθεν
2306 2125 2421 2169 ἀπηλ-

1399 2185 1570 2235 λάγησαν,
1594 2183 1671 2222 οὐδὲ
1699 2182 1838 2235 ὀφειλὴν
1859 2183 2048 2229 ἀπέλαὸον,
2083 2182 2159 2220 οὐδὲ
2186 2183 2336 2233 ἀμοιὸἢν
2363 2183 2422 2220 καὶ

1401 2245 1573 2283 ἀντίδοσιν
1592 2245 1718 2291 πόνων,
1740 2243 1829 2282 ἀλλὰ
1850 2243 1971 2295 χάριτι
1989 2247 2100 2281 ταῦτα
2121 2243 2235 2281 πάντα
2251 2243 2418 2294 ἐγένοντο·

1399 2305 1489 2343 ὥστε
1527 2305 1585 2342 καὶ
1606 2307 1758 2343 ἐντεῦθεν
1778 2307 1799 2349 ἡ
1821 2303 1998 2354 ὑπεροχὴ,
2017 2305 2080 2354 οὐχ
2095 2303 2148 2340 ὅτι
2166 2302 2345 2349 ἀπήλλαξε
2363 2303 2423 2353 μό-

1400 2381 1471 2413 νον,
1495 2365 1572 2402 οὖδὲ
1592 2365 1644 2402 ὅτι
1664 2364 1720 2402 ἐπὶ
1735 2363 1780 2400 τὰ
1805 2363 1930 2412 βελτίω
1947 2362 2148 2413 μετέθηκεν,
2172 2364 2249 2401 ἀλλ’
2264 2363 2318 2401 ὅτι
2335 2362 2423 2413 μηδὲ

1400 2426 1595 2476 κάμνοντας
1621 2423 1708 2474 μηδὲ
1738 2422 1957 2468 πονήσαντας
1973 2437 1980 2445 ·
2009 2423 2068 2460 καὶ
2089 2425 2155 2474 οὐχ
2170 2423 2223 2461 ὅτι
2243 2424 2422 2469 ἀπήλλαξε

1402 2485 1516 2536 μόνον,
1547 2485 1637 2523 ἀλλὰ
1667 2484 1726 2521 καὶ
1754 2484 1873 2534 πολλῷ
1896 2483 2035 2533 μείζονα
2056 2484 2185 2531 ἔδωκε,
2208 2484 2268 2521 καὶ
2288 2483 2345 2522 διὰ
2363 2489 2423 2523 τοῦ

1399 2546 1531 2588 Παιδὸς
1549 2546 1669 2583 ἔδωκε.
1688 2547 1812 2582 Ταῦτα
1829 2544 1865 2583 δὲ
1878 2544 2113 2597 παρενέὸαλεν
2130 2545 2279 2592 ἅπαντα,
2298 2545 2418 2591 ἐπειδὴ

1399 2607 1459 2646 καὶ
1478 2607 1557 2660 περὶ
1576 2607 1719 2659 χάριτος
1737 2605 1910 2657 διελέχθη,
1934 2605 1992 2643 καὶ
2014 2606 2070 2644 τὸν
2089 2606 2193 2656 νόμον
2218 2606 2337 2657 μέλλει
2353 2622 2424 2644 κα·-

1399 2669 1584 2707 tegmem
1604 2667 1741 2706 λοιπόν.
1763 2666 1841 2705 Ἵνα
1863 2666 1930 2719 γὰρ
1953 2666 2000 2717 μὴ
2022 2671 2134 2704 ταῦτα
2154 2666 2334 2719 ἀμφότερα
2358 2671 2424 2718 ῥᾳ-

2004 2732 2018 2748 a

1402 2729 1607 2780 θυμοτέρους
1639 2728 1850 2781 ἐργάσηται,
1884 2727 1975 2777 μέσα
2027 2728 2241 2780 παρενέθηκε
2272 2727 2315 2765 τὰ
2344 2728 2424 2780 περὶ

1400 2795 1462 2838 τῆς
1493 2789 1671 2842 ἀκριὲείας
1696 2793 1754 2827 τοῦ
1777 2789 1872 2841 βίου,
1900 2793 2080 2840 πανταχοῦ
2101 2788 2276 2840 διεγείρων
2296 2791 2343 2831 εἷς
2362 2787 2423 2835 τὴν

2140 2848 2156 2862 “
2194 2864 2255 2886 ταν
2276 2849 2312 2886 δὲ
2332 2848 2426 2901 ὀψώ-

1401 2856 1462 2899 τῆς
1482 2854 1606 2903 ἀρετῆς
1627 2850 1829 2900 ἐπιμέλειαν
1845 2851 1903 2888 τὸν
1922 2849 2110 2902 ἀκροατήν.

1402 2930 1458 2951 νια
1482 2916 1544 2958 τ’ἧς
1570 2911 1745 2963 ἁμαρτίας
1775 2912 1832 2950 τὸν
1863 2911 2006 2949 θάνατον
2039 2913 2156 2961 καλῇ,
2189 2910 2288 2962 φοὸεῖ
2307 2910 2425 2958 πάλιν,

1402 2974 1461 3013 καὶ
1495 2974 1579 3024 πρὸς
1603 2972 1647 3009 τὰ
1676 2972 1848 3023 μέλλοντα
1872 2971 2114 3023 ἀσφαλίζεται.
2138 2973 2192 3008 Δι’
2212 2964 2259 3008 ὧν
2280 2970 2347 3023 γὰρ
2367 2973 2427 3008 αὖ·

1402 3036 1480 3079 τοὺς
1500 3033 1760 3084 ἀναμιμνήσκει
1780 3036 1848 3071 τῶν
1865 3032 2056 3085 προτέρων,
2078 3032 2135 3070 διὰ
2148 3032 2277 3070 τούτων
2295 3032 2353 3070 καὶ
2370 3034 2427 3070 εὐ·-

1402 3096 1590 3151 χαρίστους
1610 3101 1701 3132 ποιεῖ
1718 3125 1727 3139 ,
1749 3095 1807 3131 καὶ
1828 3093 2103 3146 ἀσφαλεστέρους
2122 3092 2206 3145 πρὸς
2227 3093 2271 3131 τὰ
2286 3093 2427 3131 ἐπιόντα

1404 3160 1554 3197 ἅπαντα.
1587 3154 1794 3197 Καταλύσας
1821 3155 1932 3192 τοίνυν
1965 3156 2111 3192 ἐνταῦθα
2129 3154 2187 3192 τὸν
2206 3157 2275 3192 τῶν
2297 3155 2425 3200 ἠθικῶν

1463 3305 1476 3318 a
1502 3291 1647 3332 Quidam
1665 3294 1827 3333 παρέθηκε.
