2466 3805
683 267 725 295 IN
766 266 879 296 ACTA
916 264 1261 295 APOSTOLORUM.
1301 267 1458 296 HOMIL.
1499 267 1591 296 xxt.

114 347 362 400 φθεγγομένους
376 347 485 398 λέγει·
502 347 560 384 καὶ
576 348 676 384 τοῦτο
691 346 822 398 σφόδρα
833 349 960 398 σοφῶς.
979 347 1128 384 Ἐκεῖνοι

113 409 180 461 γὰρ
207 411 238 446 οἱ
266 408 364 446 ἄλλοι
391 407 465 446 οὐδὲ
498 409 579 445 ἰδεῖν
615 407 715 445 αὐτὸν
746 407 918 453 ἠθέλησαν
947 410 977 445 οἱ
1014 410 1128 457 βαθεῖς

112 468 272 521 Ἑὸραῖοι
286 483 293 490 ·
313 471 344 506 οἱ
363 467 397 506 δὲ
413 467 610 520 ἐπεχείρουν
627 470 757 505 ἀνελεῖν
775 467 892 506 αὐτόν·
908 470 970 512 τῆς
985 467 1128 518 σφοδρό-

111 544 212 576 τητος
228 529 287 566 καὶ
300 532 361 575 τῆς
381 528 470 567 κατὰ
489 528 614 581 κράτος
631 529 726 573 νίκης
743 531 843 566 τοῦτο
855 528 1053 580 τεκμήριον,
1069 526 1127 564 καὶ

111 594 170 628 τοῦ
193 590 323 641 σφόδρα
343 591 592 644 λυπεῖσθαιβτῷ
613 587 778 639 γεγονότι.
800 588 1021 638 Ἐπιγνόντες
1043 586 1078 624 δὲ
1098 589 1128 625 οἱ

114 651 278 702 ἀδελφοὶ,
298 651 493 701 κατήγαγον
511 650 610 687 αὐτὸν
631 651 676 691 εἰς
698 648 924 701 Καισάρειαν.
943 648 1010 685 Διὰ
1025 648 1128 698 φόὸον

113 715 212 748 τοῦτο
227 715 378 749 ποιοῦσι·
396 710 602 762 φοὸηθέντες
624 709 691 761 γὰρ
711 709 829 747 λοιπὸν
856 708 903 758 μὴ
925 708 1048 746 ταύτὸν
1066 707 1128 758 γε’-

113 787 216 818 νηται
232 766 300 808 οἷον
323 772 380 808 ἐπὶ
396 770 594 822 Στεφάνου,
618 769 827 819 κατάγουσιν
850 769 951 806 αὐτὸν
973 770 1019 810 εἷς
1041 769 1130 805 Και-

114 831 267 883 σάρειαν.
292 831 360 869 Καὶ
378 830 623 874 ἐξαπέστειλαν
645 830 746 866 αὐτὸν
770 831 817 872 εἰς
835 828 986 878 Ταρσόν.
1008 829 1052 864 Εἰ
1071 827 1130 864 καὶ

116 892 171 929 διὰ
191 892 310 943 φόῧον,
331 891 425 942 ὅμως
441 890 721 934 ἀποστέλλουσιν,
743 888 816 938 ἅμα
840 887 899 925 καὶ
917 886 1106 937 κηρύξοντα
1118 916 1127 932 ,

2097 252 2172 295 181

1200 346 1329 384 bantur
1351 362 1358 382 :
1379 355 1412 384 et
1432 346 1500 384 hoc
1517 344 1710 384 admodum
1733 345 1919 396 sapienter.
1936 344 1995 382 Illi
2010 344 2105 382 enim
2122 346 2183 383 alii

1155 410 1177 438 E
1202 406 1352 444 Haebraei
1366 421 1409 444 ne
1419 406 1541 445 videre
1558 406 1704 457 quidem
1719 405 1825 443 illum
1839 405 2018 444 volebant.
2032 408 2058 442 I
2057 406 2103 443 lli
2116 420 2183 444 au-

1202 474 1276 504 tem
1305 469 1527 518 qzcoerebant
1556 468 1727 504 occidere
1756 480 1856 503 eam.
1880 465 2122 504 Vehementiae
2144 481 2184 504 ac

1199 528 1359 579 perfectae
1373 529 1531 567 victoriae
1547 528 1613 565 hoc
1627 528 1769 578 signum
1788 536 1873 576 erat,
1886 536 1919 564 et
1936 526 2031 577 quod
2047 527 2103 564 illi
2117 527 2185 565 hac

1199 587 1244 625 de
1267 603 1304 625 re
1328 589 1481 626 multum
1514 588 1682 626 dolerent.
1703 589 1765 625 50.
1792 589 1905 639 Quod
1928 602 2016 625 cam
2040 602 2184 640 cogno—

1202 651 1343 686 vissent
1357 651 1533 701 fratres,
1561 650 1802 686 deduxerant
1833 662 1918 685 enm
1954 649 2184 686 Caesaream.

1200 709 1277 746 Prae
1294 708 1420 745 timore
1432 709 1500 745 hoe
1512 708 1647 745 faciunt
1664 724 1671 744 ε
1686 708 1848 745 timentes
1864 707 1958 745 enim
1973 721 2016 745 ne
2026 708 2186 759 idipsum

1199 767 1387 815 accideret,
1416 768 1511 817 quod
1540 769 1734 819 Stephano,
1762 767 1945 805 deducunt
1976 769 2185 806 Caesaream.

1200 828 1254 863 Et
1284 830 1470 864 miserunt
1511 830 1543 864 T
1542 841 1684 865 arsum.
1714 827 1793 864 Etsi
1830 836 1977 879 propter
2009 829 2187 876 timorem,

1200 886 1345 923 mittunt
1370 895 1500 934 tamen,
1520 896 1558 923 ut
1579 886 1762 938 praedicet,
1784 896 1817 923 et
1836 887 1870 923 in
1892 896 1967 925 tuto
1987 888 2045 938 sit,
2068 898 2188 940 utpote

116 953 174 989 καὶ
195 954 229 988 ἐν
250 951 422 1004 ἀσφαλείᾳ
437 951 597 1000 ἐσόμενον
619 949 730 995 αὐτὸν,
752 949 812 985 ἅτε
831 949 864 984 ἐν
879 947 990 999 οἰκεία
1010 946 1131 997 πατρί-
1144 946 1238 997 ,moin
1259 946 1373 997 patria
1398 960 1474 983 sua.
1498 946 1595 985 Vide
1624 955 1755 994 autem,
1775 947 1953 996 quomodo
1977 961 2046 984 non
2071 949 2188 986 omnia

117 1015 160 1051 δι.
180 1013 273 1064 ἶὈρα
293 1012 329 1050 δέ
350 1027 425 1062 μοι,
440 1013 512 1052 πῶς
532 1012 569 1047 οὐ
588 1009 702 1047 πάντα
720 1008 840 1059 χάριτι
866 1007 1019 1057 γίνεται,
1042 1006 1131 1043 ἀλλὰ

117 1079 291 1125 συγχωρεῖ
309 1072 430 1114 αὐτοὺς
449 1075 466 1108 ὃ
489 1070 578 1112 Θεὸς
597 1069 655 1106 καὶ
675 1068 784 1118 οἰκείᾳ
811 1067 914 1119 σοφίᾳ
939 1069 1129 1116 οἰκονομεῖν

116 1134 228 1172 πολλὰ
245 1133 302 1170 καὶ
319 1130 551 1184 ἀνθρωπίνως.
582 1132 625 1167 Εἰ
653 1129 718 1181 γὰρ
745 1130 800 1166 ἐπ’
827 1131 928 1166 αὐτοῦ
948 1132 1049 1165 τοῦτο
1075 1128 1131 1178 γέ-

114 1209 206 1244 γονε,
227 1194 345 1243 πολλῷ
360 1193 490 1242 μᾶλλον
509 1193 562 1228 ἐπ’
581 1192 704 1239 αὐτῶν.
724 1190 907 1241 Συγχωρεῖ
928 1187 1053 1236 τοίνυν,
1075 1187 1130 1225 ἵνα

112 1257 179 1293 τῶν
201 1252 361 1305 ῥᾳθύμων
384 1251 446 1298 τὴν
475 1250 646 1303 πρόφασιν
668 1250 811 1302 ἐκκόψῃ.
831 1251 876 1287 Αἱ
894 1249 955 1299 μὲν
976 1243 1032 1287 οῦν
1050 1249 1131 1287 Ἐκ-

113 1313 254 1361 κλησίαι
273 1315 348 1351 καθ’
368 1312 449 1359 ὅλης
469 1316 530 1358 τῆς
548 1310 717 1353 Ἰουδαίας
737 1311 796 1348 καὶ
812 1309 1015 1361 Σαμαρείας
1037 1304 1129 1362 εἰχον

114 1375 249 1426 εἰρήνην
283 1373 565 1424 οἰκοδομούμεναι
602 1372 660 1410 καὶ
689 1372 921 1422 πορευόμεναι
951 1375 1001 1424 τῷ
1034 1372 1130 1424 φόὸῳ

113 1435 241 1488 Κυρίου
255 1465 265 1482 ,
294 1434 352 1472 καὶ
383 1437 424 1485 τῇ
452 1433 670 1486 παρακλήσει
705 1435 763 1470 τοῦ
796 1432 892 1484 ἁγίου
927 1432 1131 1483 Πνεύματος

114 1496 352 1543 ἐπληθύνοντο.
366 1494 498 1533 Μέλλει
514 1494 594 1545 περὶ
611 1493 747 1545 Πέτρου
762 1493 885 1544 λέγειν,
900 1493 960 1531 καὶ
980 1492 1032 1531 ὅτι
1045 1493 1131 1544 πρὸς

113 1555 188 1599 τοὺς
209 1556 323 1607 ἁγίους
344 1555 508 1593 κάτεισιν.
525 1553 588 1592 Ἵν’
614 1548 671 1592 οῦν
689 1554 736 1604 μὴ
758 1554 863 1606 (ρόῧου
882 1559 983 1592 τοῦτο
1002 1555 1128 1606 νομίσῃ

113 1634 181 1663 τις,
197 1617 361 1669 πρότερον
388 1619 434 1659 ὡς
457 1610 549 1667 εἰχον
566 1619 600 1653 αἱ
618 1615 830 1662 Ἔκκλησίαι
846 1617 1036 1666 διηγεῖται,
1058 1617 1129 1654 δειὴ

114 1677 190 1720 κνῦς
203 1706 211 1722 ,
226 1677 279 1715 ὅτι
299 1676 449 1727 διωγμὸς
468 1675 523 1713 ὅτε
544 1670 599 1723 ἦν,
618 1678 651 1714 ἐν
670 1675 920 1727 Ἱεροσολύμοις
938 1671 980 1722 ἦν
995 1691 1002 1699 ·
1022 1676 1078 1714 ὅτε
1095 1676 1130 1715 δὲ

113 1741 290 1789 πανταχοῦ
306 1739 339 1774 ἐν
354 1736 524 1788 ἀσφαλείᾳ
537 1736 581 1774 τὰ
595 1738 657 1781 τῆς
672 1736 886 1782 Ἐκκλησίας
897 1765 906 1782 ,
921 1736 999 1774 τότε
1010 1738 1130 1776 λοιπὸν

114 1799 172 1835 καὶ
195 1798 238 1835 τὰ
257 1796 482 1848 Ἱεροσόλυμα
505 1795 664 1847 ἀφίησιν·
695 1796 802 1839 οὕτως
831 1791 872 1843 ἦν
897 1796 1020 1850 θερμὸς
1046 1801 1130 1848 ὁμοῦ

114 1859 171 1896 καὶ
189 1858 344 1911 σφοδρός.
362 1860 414 1896 Οὐ
432 1857 499 1910 γὰρ
516 1856 634 1904 ἐπειδὴ
653 1857 770 1909 εἰρήνη
798 1852 852 1905 ἦν,
869 1858 1003 1907 ἐνόμιζε
1025 1858 1130 1908 μηδὲν

114 1921 245 1957 δεῖσθαι
277 1922 338 1964 τῆς
372 1921 474 1956 αὐτοῦ
505 1917 728 1969 ἃπαρουσίας.
765 1918 834 1956 Καὶ
863 1917 920 1955 διὰ
945 1919 996 1966 τί,
1029 1920 1130 1970 φησὶ,

114 1985 212 2018 τοῦτο
239 1986 348 2026 ποιεῖ,
368 1979 426 2016 καὶ
453 1979 592 2031 ἔρχεται
612 1978 748 2031 εἰρήνης
767 1978 888 2025 οὔσης,
905 1979 963 2016 καὶ
985 1979 1073 2030 μετὰ
1093 1980 1132 2018 τὸ

115 2043 255 2078 Παῦλον
277 2041 457 2087 ἀπελθεῖν,
472 2038 559 2076 εὈτι
575 2037 695 2082 αὐτοὺς
710 2039 854 2089 ᾐδοῦντο
874 2039 1027 2089 μάλιστα
1042 2070 1052 2087 ,
1071 2041 1130 2078 ἅτε

114 2101 281 2144 πολλάκις
301 2099 566 2151 παραστάντας,
587 2099 645 2137 καὶ
665 2099 732 2137 ὑπὸ
750 2103 809 2137 τοῦ
831 2100 981 2146 πλήθους
999 2104 1131 2152 θαυμα-

115 2161 270 2205 σθέντας·
300 2160 429 2200 ἐκείνου
459 2160 493 2198 δὲ
525 2160 768 2212 κατεφρόνουν,
800 2161 859 2198 καὶ
887 2162 1018 2212 μᾶλλον
1046 2162 1130 2215 πρὸς

116 2223 217 2260 αὐτὸν
236 2222 424 2274 ἦγρίαινον.

166 2277 279 2328 Εἶδες,
297 2284 370 2325 πῶς
386 2282 503 2333 εἰρήνη
521 2280 577 2318 τὸν
594 2280 745 2330 πόλεμον
768 2281 947 2333 ἐκδέχεται
961 2298 971 2329 ;
995 2285 1128 2333 μᾶλλον

114 2342 162 2388 δὲ,
185 2337 291 2390 εἶδες,
321 2341 355 2379 τί
392 2341 551 2388 ἐποίησεν
573 2345 590 2379 ὃ
608 2340 760 2392 πόλεμος
781 2344 921 2389 ἐκεῖνος,
944 2343 1128 2398 Διέσπειρε

112 2404 190 2447 τοὺς
208 2404 269 2451 τὴν
289 2403 429 2454 εἰρήνην
444 2406 636 2446 ποιοῦντας.
660 2403 744 2441 Ἐπὶ
764 2405 826 2449 τῆς
843 2405 1045 2457 Σαμαρείας
1059 2423 1125 2445 κα-

112 2465 287 2517 τησχύνθη
308 2467 325 2502 ὃ
343 2464 463 2514 Σίμων
480 2479 488 2486 ·
506 2463 562 2502 ἐπὶ
580 2466 641 2509 τ’ἦς
661 2465 832 2508 Ἰουδαίας
850 2465 893 2503 τὰ
913 2467 1004 2505 κατὰ
1023 2468 1127 2506 Σάπ-

112 2541 234 2578 φειραν
253 2525 405 2577 γέγονεν.
423 2527 476 2563 Οὐ
511 2525 639 2571 τοίνυν,
662 2526 738 2563 ἐπεὶ
758 2526 877 2578 εἰρήνη
907 2523 970 2575 ἦν,
993 2530 1130 2567 ἐκλελυ-

115 2587 202 2635 μένα
229 2585 273 2623 τὰ
301 2585 495 2636 πράγματα
521 2579 563 2631 ἦν
579 2601 586 2608 ·
618 2585 707 2623 ἀλλὰ
728 2586 869 2633 τοιαύτη
891 2582 932 2634 ἦν
951 2592 972 2634 ἡ
995 2588 1128 2640 εἰρήνη,

113 2649 158 2689 ὡς
171 2646 230 2683 καὶ
243 2645 496 2697 παρακλήσεως
513 2646 655 2684 δεῖσθαι.
668 2646 829 2698 Ἐγένετο
844 2647 879 2685 δὲ
890 2647 1023 2700 Πέτρον
1041 2650 1130 2702 διερ-

113 2712 257 2763 χόμενον
282 2712 336 2749 διὰ
356 2711 513 2758 πάντων,
543 2713 721 2751 κατελθεῖν
746 2714 804 2752 καὶ
824 2714 909 2767 πρὸς
923 2714 1000 2758 τοὺς
1015 2715 1129 2767 ἁγίους

112 2778 190 2822 τοὺς
221 2783 462 2822 κατοικοῦντας
492 2778 639 2817 Λύδδαν.
675 2780 844 2833 Καθάπερ
864 2799 916 2826 τις
935 2784 1129 2835 στρατηγὸς

112 2846 248 2898 περιῄει
267 2846 327 2889 τὰς
340 2845 452 2889 τάξεις
472 2847 683 2894 ἐπισκοπῶν,
703 2852 800 2885 ποῖον
820 2847 874 2895 εἴη
893 2865 1128 2902 συγκεκροτη-

116 2911 215 2960 μένον
235 2912 347 2964 μέρος,
371 2918 467 2950 ποῖον
486 2914 520 2950 ἓν
537 2912 671 2964 κόσμῳ,
691 2919 788 2952 ποῖον
814 2918 876 2960 τ’ῆς
897 2916 1000 2955 αὐτοῦ
1020 2916 1129 2955 δέοιτο

115 2978 314 3029 παρουσίας.
352 2978 449 3030 τὈρα
467 2983 648 3031 πανταχοῦ
669 2981 769 3019 αὐτὸν
789 2982 1053 3036 περιτρέχοντα,
1073 2985 1132 3022 καὶ

116 3046 250 3095 πρῶτον
271 3045 524 3096 εὑρισκόμενον.
556 3044 645 3084 ρΌτε
666 3046 804 3085 ἑλέσθαι
824 3048 890 3086 ἔδει
904 3050 961 3088 τὸν
983 3050 1130 3088 ἀπόστο-

116 3110 196 3155 λον,
226 3113 321 3152 οὑτος
351 3114 505 3162 πρῶτος·
534 3111 590 3149 ὅτε
617 3113 842 3165 διαλεχθῆναι
861 3121 932 3160 τοῖς
957 3116 1134 3158 Ἰουδαίοις

116 3174 196 3225 περὶ
215 3179 273 3212 τοῦ
294 3175 342 3225 μὴ
361 3176 494 3226 μεθύειν
508 3206 517 3224 ,
537 3177 593 3216 ὅτε
611 3182 821 3229 θεραπεῦσαι
845 3180 903 3218 τὸν
925 3182 1060 3233 χωλὸν,
1080 3181 1137 3219 ὅτε

120 3241 382 3292 δημηγορῆσαι,
414 3237 510 3287 οὗτος
535 3245 602 3295 πρὸ
624 3248 690 3283 τῶν
712 3246 825 3284 ἄλλων
844 3247 935 3285 ἐστίν
950 3263 957 3271 ·
980 3248 1038 3287 ὅτε
1054 3248 1139 3301 πρὸς

164 3382 175 3395 “
194 3372 287 3404 Unus
303 3372 387 3405 Cod.
406 3382 578 3418 παρουσίας.

1156 1010 1182 1038 Λ
1202 1020 1265 1057 per
1288 1007 1439 1057 gratiam
1465 1007 1567 1056 fiant,
1590 1007 1653 1044 scd.
1676 1007 1858 1058 permittat
1878 1008 1988 1054 Deus,
2012 1017 2051 1044 ut
2077 1009 2188 1046 multa

1201 1081 1246 1104 ex
1273 1067 1444 1118 sapientia
1471 1082 1535 1105 sua
1560 1076 1592 1104 et
1620 1067 1776 1105 humano
1799 1082 1896 1104 more
1916 1067 2130 1120 dispensent.
2150 1071 2188 1108 Si

1199 1137 1318 1165 autem
1339 1128 1374 1165 in
1395 1128 1472 1180 ipso
1498 1129 1634 1166 factum
1653 1137 1704 1166 est
1722 1128 1804 1176 hoc,
1824 1129 1937 1166 multo
1958 1130 2072 1180 magis
2091 1131 2128 1168 in
2148 1132 2189 1168 il—

1197 1187 1253 1225 lis.
1271 1188 1450 1225 Permittit
1473 1202 1568 1239 ergo,
1584 1197 1621 1225 ut
1645 1188 1857 1239 ignavorum
1885 1189 2068 1227 obtentum
2092 1192 2188 1227 aufe—

1198 1257 1263 1285 rat.
1287 1249 1351 1285 51.
1373 1249 1559 1286 Ecclesiae
1584 1250 1738 1300 quidem
1761 1263 1830 1300 per
1860 1258 1983 1287 totam
2007 1251 2188 1288 chdceam

1199 1316 1236 1345 et
1253 1308 1474 1345 Samariam
1490 1323 1627 1360 pacem
1651 1311 1861 1355 habebant,
1881 1319 1916 1346 et
1938 1311 2189 1362 ‹edificaban-

1201 1377 1274 1417 tnr,
1289 1371 1477 1421 ibantque
1487 1373 1528 1406 in
1540 1373 1675 1407 timore
1685 1371 1860 1417 Domini,
1874 1379 1910 1408 et
1924 1373 2188 1409 consolatione

1197 1431 1360 1481 Spiritus
1389 1434 1516 1468 sancti
1534 1432 1791 1483 replebantur.
1812 1432 1983 1470 Dicturus
1999 1443 2050 1470 est
2065 1432 2109 1470 de
2128 1436 2190 1472 Pe-

1197 1491 1244 1528 tri
1259 1490 1419 1529 discessu
1440 1492 1485 1529 ad
1502 1501 1653 1530 sanctos.
1670 1493 1723 1530 Ne
1736 1492 1815 1543 quis
1833 1507 1916 1544 ergo
1934 1502 2077 1545 putaret
2092 1494 2130 1532 id
2146 1509 2191 1532 ex

1199 1561 1296 1589 metu
1314 1552 1530 1604 provenisse,
1550 1553 1667 1605 primo
1689 1562 1809 1590 narrat
1826 1562 1865 1590 ut
1880 1567 1915 1591 se
1933 1553 2103 1591 haberent
2120 1554 2189 1592 Ec-

1201 1612 1334 1661 clesiae;
1361 1612 1546 1650 ostendens
1574 1613 1693 1665 ipsum
1717 1613 2003 1665 persequutionis
2034 1623 2190 1666 tempore

1156 1683 1177 1711 B
1200 1674 1431 1726 Jerosolymae
1460 1675 1631 1713 mansisse
1651 1691 1658 1711 :
1680 1689 1762 1712 cum
1785 1684 1904 1712 autem
1932 1675 1968 1713 in
1997 1684 2073 1713 tuto
2092 1685 2190 1713 erant

1201 1735 1334 1785 ubique
1361 1735 1548 1785 Ecclesiae,
1572 1745 1657 1773 tunc
1688 1736 1950 1787 Jerosolymam
1983 1731 2184 1786 reliquisse,

1201 1795 1287 1833 adeo
1312 1797 1449 1835 fervens
1474 1805 1507 1833 et
1538 1796 1652 1834 alacer
1683 1806 1767 1834 crat.
1793 1798 1872 1834 Non
1897 1797 1993 1834 enim
2010 1797 2094 1847 quia
2114 1811 2187 1849 pax

1201 1865 1286 1904 erat,
1305 1857 1454 1908 putabat
1472 1871 1542 1894 non
1562 1872 1651 1909 opus
1678 1871 1750 1894 esse
1769 1871 1832 1895 suo
1849 1857 2017 1896 adventu.
2039 1858 2086 1895 Et
2109 1872 2185 1904 cur,

1202 1917 1361 1967 inquies,
1393 1917 1431 1954 id
1456 1917 1562 1966 facit,
1599 1917 1768 1967 venitque
1796 1918 1894 1969 pacis
1938 1927 2118 1970 tempore,
2155 1929 2187 1956 et

1202 1987 1389 2029 postquam
1405 1978 1539 2016 Paulus
1565 1977 1723 2015 abierat?
1745 1978 1838 2024 Quia
1856 1977 1937 2015 illos
1957 1979 2113 2016 maxime
2128 1994 2187 2017 ve-

1202 2038 1430 2087 nerabantur,
1461 2046 1582 2089 utpote
1610 2037 1671 2087 qui
1701 2052 1792 2090 saepe
1819 2037 1990 2086 adessent,
2012 2049 2046 2076 ct
2066 2039 2187 2077 multi-

1202 2098 1319 2136 tudini
1347 2098 1547 2147 mirabiles,
1572 2097 1675 2135 illum
1691 2112 1776 2136 vero
1799 2099 2080 2149 contemnebant,
2100 2108 2134 2138 ct
2153 2100 2186 2138 in

1202 2173 1284 2196 eum
1298 2158 1411 2209 magis
1422 2158 1736 2210 exasperabantur.

1254 2285 1290 2320 9.
1318 2281 1490 2321 Vidistin’
1511 2281 1691 2332 quomodo
1712 2296 1783 2333 pax
1797 2281 1934 2319 bellum
1953 2291 2101 2332 sequuta
2121 2282 2189 2320 sit?

1203 2344 1272 2380 imo
1291 2342 1453 2381 vidistin’
1479 2342 1567 2392 quid
1588 2342 1708 2380 fecerit
1726 2342 1862 2379 bellum
1881 2342 1998 2380 illud?
2017 2343 2191 2394 Dispersit

1154 2420 1176 2447 C
1202 2404 1368 2456 pacificos
1388 2403 1478 2440 illos.
1496 2404 1536 2440 In
1555 2403 1716 2442 Samaria
1737 2403 1872 2454 pudore
1890 2404 2048 2441 suffusus
2063 2412 2114 2441 est
2130 2403 2186 2441 Si-

1200 2479 1300 2515 mon,
1317 2465 1353 2502 in
1370 2463 1493 2503 Judaea
1513 2464 1701 2516 Sapphirae
1718 2478 1818 2501 casus
1837 2464 1981 2501 accidit.
2002 2465 2081 2502 Non
2106 2477 2190 2515 ergo

1200 2525 1283 2577 quia
1296 2538 1369 2577 pax
1384 2533 1470 2572 erat,
1482 2523 1636 2561 remissae
1652 2537 1707 2560 res
1723 2533 1822 2560 erant
1827 2539 1837 2573 5
1848 2523 1911 2561 sed.
1924 2523 2004 2561 talis
2019 2532 2092 2561 erat
2107 2538 2191 2575 pax,

1199 2600 1277 2636 quae
1306 2583 1542 2622 consolatione
1567 2583 1713 2620 haberet
1737 2597 1838 2635 opus.
1866 2585 1929 2622 52.
1949 2586 2117 2621 Factum
2136 2593 2192 2622 est

1201 2654 1343 2691 autern,
1365 2653 1406 2682 ut
1419 2645 1574 2689 Petrus,
1595 2643 1688 2680 dum
1699 2646 1954 2694 pertransiret
1979 2646 2188 2686 universos,

1202 2707 1397 2744 deveniret
1417 2704 1472 2741 ad
1492 2712 1661 2751 sanctos,
1682 2705 1749 2755 qui
1776 2704 2008 2741 habitabant
2025 2705 2187 2752 Lyddoe.
2203 2727 2305 2754 Petrus
2320 2737 2390 2764 qua-

1202 2767 1313 2814 Quasi
1342 2766 1419 2804 dux
1447 2765 1642 2815 circuibat,
1674 2764 1815 2802 ordines
1844 2765 2083 2815 considerans,
2110 2780 2187 2816 quae
2202 2770 2225 2797 si
2241 2769 2309 2837 {1:121
2329 2770 2388 2795 cir-

2203 2820 2248 2838 CUl
2272 2820 2286 2836 a
2339 2820 2387 2836 01*-

2202 2853 2296 2880 dines.

1202 2842 1284 2881 pars
1309 2836 1398 2865 esset
1423 2826 1632 2874 coadunata,
1649 2839 1726 2876 quae
1756 2833 1893 2874 ornata,
1910 2839 1987 2875 quae
2014 2839 2077 2863 sua
2100 2840 2188 2877 prae-

1203 2889 1313 2926 sentia
1328 2895 1455 2939 egeret.
1469 2886 1565 2926 Vide
1575 2886 1677 2923 illum
1694 2885 1827 2935 ubique
1841 2885 2189 2933 circumcursantem,

1203 2959 1237 2987 et
1256 2949 1414 3001 primum
1436 2948 1632 2985 inventum.
1651 2945 1726 2984 Ubi
1748 2946 1932 2997 eligendus
1956 2956 2030 2984 erat
2050 2956 2189 2998 aposto-

1203 3012 1272 3060 lus,
1291 3010 1352 3047 hic
1373 3009 1510 3062 primus
1533 3008 1619 3057 suit3
1637 3022 1720 3045 eum
1742 3007 1932 3045 dicendum
1955 3016 2029 3045 erat
2055 3007 2192 3046 Judaeis

1207 3084 1277 3109 non
1298 3084 1372 3108 esse
1394 3069 1511 3107 ebrios
1529 3068 1717 3120 apostolos,
1737 3082 1818 3105 cum
1843 3067 1989 3105 claudus
2014 3067 2193 3106 sanandus

1209 3132 1290 3181 suit,
1311 3130 1454 3182 quando
1485 3128 1766 3167 concionandum
1792 3137 1884 3178 erat,
1908 3128 1967 3166 hic
1994 3138 2074 3167 ante
2104 3130 2193 3167 alios

1210 3202 1285 3231 erat
1295 3208 1307 3243 3
1323 3191 1465 3243 quando
1476 3191 1652 3243 agendum
1663 3204 1743 3227 cum
1755 3189 1942 3241 praefectis,
1957 3190 2098 3240 quando
2112 3205 2193 3229 cum

1212 3253 1362 3299 Anania,
1383 3267 1463 3290 cum
1485 3265 1529 3289 ex
1547 3251 1673 3288 umbra
1689 3249 1883 3288 sanationes
1898 3250 2032 3288 fierent.
2045 3251 2119 3290 Ubi
2134 3266 2195 3304 pe-

1160 3123 1184 3152 D

595 3382 711 3415 νῖπῆλθε
726 3386 860 3417 Παῦλος,
886 3385 934 3413 καὶ
950 3386 1048 3424 εἰρήνη
1065 3386 1098 3420 ἦν
1113 3394 1118 3400 ·
1138 3390 1266 3428 πόλεμος
1281 3391 1386 3425 οὐκέτι,
1406 3389 1470 3420 οὐδὲ
1487 3392 1619 3430 ταραχή.
1640 3386 1742 3421 αὐτοὺς
1756 3386 1876 3428 ᾐδοῦντο
1891 3388 2037 3426 μάλιστα.

1955 3438 2013 3476 14.
