2466 3805
655 231 697 259 ΙΝ
736 232 849 260 ACTA
886 230 1147 260 APOSTOLOR
1156 229 1216 259 ΠΜ
1226 249 1234 258 .

80 314 142 358 τῆς
163 314 238 362 γῆς.
256 310 439 349 Ἀκούοντα
455 311 490 348 δὲ
508 311 551 348 τὰ
567 310 656 357 ἔθνη,
674 313 788 350 Τοῦτο
804 311 863 349 καὶ
880 310 1001 354 αὐτοὺς
1015 326 1100 361 προ-

79 372 283 424 θυμοτέρους
303 369 428 419 emisi,
449 371 500 409 ὅτι
520 365 566 408 ὧν
586 374 708 409 ἐκεῖνοι
724 371 868 422 ὤφειλον
892 371 1100 413 ἀκούσαντες

79 434 286 479 ἀπολαῦσαι,
307 432 403 470 αὐτοὶ
418 431 546 470 τούτων
565 431 796 480 ἀπολαύουσι,
814 431 993 474 κάκείνους
1011 432 1097 482 μᾶλ-

76 495 134 531 λον
156 493 307 531 ἔδακνεν.
333 492 515 531 Ἀκούοντα
533 492 568 530 δὲ
586 493 630 531 τὰ
654 493 731 540 ἔθνη
747 522 755 538 ,
784 494 886 545 φησὶν
899 524 907 540 ‚
938 492 1098 545 ἔχαιρον,

79 555 138 593 καὶ
165 554 321 598 ἐδόξαζον
341 554 397 592 τὸν
426 554 526 605 λόγον
555 559 614 592 τοῦ
637 553 787 607 Κυρίου·
808 554 867 592 καὶ
892 554 1097 592 ἐπίστευσαν

78 614 152 653 ὅσοι
183 609 271 662 ἦσαν
295 614 498 666 τεταγμένοι
527 617 573 657 εἷς
600 615 689 662 ζωὴν
723 614 879 652 αἰώνιον·
901 614 1099 662 τουτέστιν,

79 675 315 727 ἀφωρισμένοι
337 679 386 727 τῷ
414 678 508 727 Θεῷ.
537 675 633 728 υΟρα
658 678 732 718 πῶς
760 675 912 713 δείκνυσι
935 674 974 711 τὸ
994 675 1100 725 τάχος

78 740 141 783 τ’ἧς
159 736 338 788 ὠφελείας.
369 736 551 787 Διεφέρετο
581 735 615 773 δὲ
643 738 659 773 ὃ
687 735 786 786 λόγος
811 740 870 773 τοῦ
901 734 1027 787 Κυρίου
1057 735 1100 770 δι’

79 798 161 843 ὅλης
182 800 242 843 τῆς
258 796 385 849 χώρας·
407 797 574 842 τουτέστι,
594 796 822 846 διεκομίζετο.
845 795 942 832 Ὡσεὶ
963 795 1077 844 ἔλεγεν
1092 809 1100 816 ·

79 860 142 896 οὐκ
159 858 307 905 ἔστησαν
330 858 435 909 μέχρι
458 862 518 895 τοῦ
538 856 639 902 ζήλου
652 886 660 901 ,
678 856 768 893 ἀλλὰ
786 855 844 892 καὶ
866 854 949 906 ἔργα
972 852 1099 906 προσέ-

79 921 203 964 θηκαν.
219 917 314 970 ςὈρα
334 918 438 956 πάλιν
455 920 528 960 πῶς
546 916 749 965 διωκόμενοι
765 914 868 966 ἕτερα
885 913 1102 951 κατασκευά-

81 979 177 1021 ζουσι
205 978 341 1028 μεγάλα
360 977 416 1015 διὰ
437 981 496 1015 τοῦ
516 976 617 1022 ζήλου
632 991 639 998 ·
660 973 946 1012 1)κατεσκεύασαν
976 971 1042 1023 γὰρ
1063 971 1102 1010 τὸ

80 1039 388 1092 παρρησιάσασθαι
406 1037 540 1083 αὐτοὺς,
561 1035 620 1073 καὶ
648 1037 695 1078 εἷς
721 1034 764 1072 τὰ
785 1034 863 1079 ἔθνη
887 1035 995 1070 ἐλθεῖν
1014 1048 1021 1055 ·
1042 1031 1100 1070 καὶ

80 1100 183 1138 ἄκουε
197 1102 283 1142 πῶς.
298 1095 633 1150 Παρρησιασάμενοι
648 1096 683 1133 δὲ
703 1098 720 1132 ὁ
740 1096 881 1137 Παῦλος
902 1093 961 1131 καὶ
977 1096 994 1131 ὃ
1012 1095 1103 1146 Βαρ-

80 1160 187 1202 votam
207 1152 300 1196 εἶπον
313 1173 320 1180 ·
342 1161 438 1207 ὑμῖν,
468 1155 590 1208 φησὶν,
609 1150 652 1202 ἦν
678 1158 865 1205 ἀναγκαῖον
885 1157 1021 1207 πρῶτον
1041 1157 1103 1192 λα-

79 1221 227 1266 ληθῆναι
246 1218 302 1256 τὸν
329 1217 429 1268 λόγον
445 1232 452 1239 ·
471 1216 590 1263 ἐπειδὴ
609 1216 644 1253 δὲ
673 1219 866 1254 ἀπωθεῖσθε
888 1215 1008 1264 αὐτὸν,
1031 1215 1101 1254 ἰδοὺ

29 1322 35 1326 ,
80 1279 298 1332 στρεφόμεθα
319 1281 366 1322 εἷς
388 1277 433 1315 τὰ
461 1277 554 1325 ἔθνη.
586 1277 693 1329 Ε”Αρα
710 1276 853 1328 ἔμελλον
873 1278 992 1315 λοιπὸν
1012 1277 1103 1322 ἐξελ-

79 1345 148 1379 θεῖν
168 1344 214 1383 εἷς
227 1339 271 1378 τὰ
292 1339 382 1386 ἔθνη.
400 1338 490 1376 Ἀλλ’
510 1338 574 1391 ὅρα
599 1339 657 1377 καὶ
677 1338 740 1385 τὴν
763 1338 962 1391 παρρησίαν
986 1338 1102 1390 μέτρῳ

79 1402 261 1453 γινομένην
279 1416 286 1424 ·
317 1400 375 1439 καὶ
403 1400 555 1444 εἰκότως.
580 1402 624 1438 Εἰ
643 1401 709 1452 γὰρ
732 1399 865 1451 Πέτρος
886 1402 1102 1451 ἀπελογεῖτο,

80 1465 200 1514 πολλῷ
228 1465 358 1513 μᾶλλον
380 1456 474 1499 οὗτοι
501 1461 690 1513 ἀπολογίας
710 1460 861 1508 ἐδέοντο,
879 1461 1010 1504 οὐδενὸς
1035 1462 1102 1498 αὖ-

80 1523 158 1568 τοὺς
177 1523 386 1566 καλέσαντος
403 1525 484 1561 ἐκεῖ.
507 1521 628 1561 Εἰπὼν
648 1522 705 1567 δὲ,
726 1524 885 1574 Πρῶτον,
906 1521 1029 1566 ἔδειξεν
1048 1521 1102 1561 ὅτι

80 1584 251 1627 κάκείνοις
279 1583 369 1622 ἔδει·
401 1584 459 1622 καὶ
489 1584 616 1632 εἰπὼν,
645 1584 866 1635 Ἀναγκαῖον,
893 1583 1017 1627 ἔδειξεν
1049 1582 1102 1621 ὅτι

81 1645 252 1688 κάκείνοις
281 1647 480 1696 ἀναγκαῖον.
505 1645 650 1691 Ἐπειδὴ
673 1646 707 1683 δὲ
735 1645 991 1697 ἀποστρέφεσθε
1008 1660 1016 1668 ·
1041 1645 1102 1683 οὐκ

950 1705 1103 1758 Στρεφό-

81 1699 190 1752 εἶπεν,
211 1706 286 1744 οὐαὶ
301 1708 395 1756 ὑμῖν,
412 1705 470 1743 καὶ
486 1705 539 1744 ὅτι
557 1706 762 1749 κολάζεσθε·
785 1707 861 1744 ἀλλ’
878 1705 930 1743 ὅτι

83 1771 171 1817 μεθα
197 1769 244 1810 εἷς
274 1768 316 1804 τὰ
346 1767 437 1812 ἔθνη.
469 1761 569 1810 Εἶδες
601 1770 675 1809 πῶς
705 1769 837 1813 πολλῆς
866 1767 1053 1810 ἐπιεικείας
1080 1770 1101 1814 ἡ

80 1828 259 1880 παρρησία
280 1828 400 1879 γε’μει;
422 1830 468 1866 Οἱ
489 1828 522 1865 δὲ
540 1828 700 1866 Ἰουδαῖοι
718 1828 947 1881 παρώτρυναν
967 1828 1028 1872 τὰς
1049 1845 1104 1867 σε-

81 1888 230 1939 δομένας
248 1895 425 1936 γυναῖκας,
441 1889 497 1926 καὶ
515 1888 575 1931 τὰς
592 1889 822 1941 εὐσχήμονας,
841 1890 900 1928 καὶ
916 1889 994 1932 τοὺς
1010 1888 1103 1940 πρώ-

79 1966 158 1993 τους
189 1953 251 1996 τῆς
284 1949 439 1995 πόλεως,
472 1950 531 1987 καὶ
558 1950 746 2002 ἐπήγειραν
779 1951 929 2003 διωγμὸν
958 1950 1016 1988 ἐπὶ
1046 1950 1103 1988 τὸν

82 2012 221 2050 Παῦλον
250 2011 308 2049 καὶ
329 2011 532 2064 Βαρνάὸαν,
553 2012 611 2049 καὶ
639 2012 866 2050 εἶκὸάλλουσιν
888 2011 1009 2055 αὐτοὺς
1036 2012 1104 2050 ἀπὸ

79 2075 148 2110 τῶν
169 2072 270 2124 ὁρίων
292 2073 418 2109 αὐτῶν.
443 2071 551 2123 Ὁρᾷς
571 2072 648 2111 ὅσον
678 2072 805 2118 ἤνυσαν
826 2074 857 2110 οἱ
878 2072 1102 2122 ἐναντιούμε-

80 2148 130 2171 νοι
149 2138 197 2184 τῷ
217 2131 439 2184 κηρύγματι,
459 2135 505 2176 εἰς
520 2132 603 2179 ὅσην
621 2134 870 2185 ἀσχημοσύνην
892 2133 996 2176 αὐτὰς
1015 2133 1101 2184 ἤγα-

79 2209 162 2242 γον,
182 2196 228 2231 Οἱ
256 2193 291 2230 δὲ
311 2192 572 2243 ἐκτιναξάμενοι
594 2194 651 2231 τὸν
679 2194 851 2246 κονιορτὸν
868 2194 937 2231 ἀπὸ
953 2197 1021 2231 τῶν
1041 2209 1104 2231 πο-

81 2255 147 2292 δῶν
178 2256 290 2292 αὐτῶν
312 2256 365 2292 ἐπ’
394 2252 531 2300 αὐτοὺς,
551 2248 654 2300 ἦλθον
679 2256 726 2298 εἷς
750 2253 905 2292 Ἰκόνιον.
927 2254 1103 2293 Ἐνταῦθα

78 2316 118 2354 τὸ
138 2315 282 2367 φοὸερὸν
303 2314 436 2352 ἐποίουν
465 2315 603 2362 λοιπὸν,
626 2314 869 2367 ὂπροσέταξεν
898 2319 915 2354 ὃ
939 2316 1102 2369 Χριστὸς,

77 2375 187 2426 λέγων
205 2391 213 2398 ·
234 2375 303 2413 Καὶ
334 2375 392 2414 ἐὰν
425 2374 472 2426 μή
504 2391 556 2419 τις
574 2378 664 2427 ὑμᾶς
694 2375 852 2424 δέξηται,
882 2376 1101 2428 ἐξερχόμενοι

79 2436 280 2481 ἐκτινάξατε
300 2437 358 2475 τὸν
383 2436 556 2488 κονιορτὸν
581 2438 650 2475 ἀπὸ
668 2441 736 2476 τῶν
756 2439 870 2476 ποδῶν
899 2440 1008 2489 ὑμῶν.
1028 2439 1101 2475 Αὖ-

76 2498 131 2536 τοὶ
149 2498 184 2536 δὲ
204 2498 280 2537 οὐδὲ
299 2498 418 2540 ἁπλῶς
442 2501 543 2535 τοῦτο
565 2498 754 2547 ἐποίησαν,
775 2500 852 2537 ἀλλ’
870 2498 989 2546 ἐπειδὴ
1012 2500 1104 2545 ἀπη-

75 2559 232 2606 λάθησαν
249 2558 265 2578 ‘¹
277 2560 359 2611 παρ’
375 2561 500 2596 αὐτῶν.
517 2559 618 2605 Πλὴν
634 2559 712 2598 οὐδὲ
730 2564 830 2599 τοῦτο
847 2559 925 2604 τοὺς
946 2560 1103 2611 μαθητὰς

78 2619 242 2672 ἔὸλαψεν,
277 2618 366 2657 ἀλλὰ
399 2621 530 2669 μᾶλλον
561 2619 727 2670 ἐπέμενον
747 2624 796 2673 τῷ
816 2621 921 2673 λόγῳ.
951 2622 1015 2660 Διὸ
1043 2620 1102 2659 καὶ

77 2684 178 2719 τοῦτο
202 2681 314 2727 δηλῶν
338 2679 484 2731 ἐπάγει·
507 2682 553 2718 Οἱ
579 2680 614 2719 δὲ
636 2682 790 2732 μαθηταὶ
806 2684 1018 2735 ἐπληροῦντο
1033 2698 1102 2735 χα-

80 2748 140 2794 ρᾶς
171 2741 230 2779 καὶ
258 2740 461 2790 Πνεύματος
493 2740 604 2792 ἁγίου.
641 2742 758 2786 Πάθος
790 2742 856 2794 γὰρ
893 2744 1101 2782 διδασκάλου

80 2802 278 2855 παρρησίαν
307 2804 370 2840 οὐκ
397 2801 583 2853 ἐγκόπτει,
614 2803 703 2840 ἀλλὰ
729 2803 983 2856 προθυμότερον
1013 2811 1104 2843 ποιεῖ

79 2862 137 2901 τὸν
160 2863 331 2912 μαθητήν.
365 2863 527 2914 Ἐγένετο
556 2863 591 2902 δὲ
614 2865 648 2901 ἐν
680 2864 814 2918 Ἰκονίῳ
838 2865 928 2904 κατὰ
953 2864 992 2903 τὸ
1022 2866 1104 2905 αὐτὸ

81 2925 246 2961 εἰσελθεῖν
275 2923 396 2968 αὐτοὺς
422 2927 469 2968 εἷς
491 2924 553 2972 τὴν
575 2925 780 2977 συναγωγὴν
811 2929 880 2964 τῶν
913 2927 1104 2974 Ἰουδαίων,

82 2985 142 3021 καὶ
161 2986 313 3030 λαλῆσαι
332 2983 460 3032 οὕτως,
477 2984 568 3023 ὥστε
591 2990 773 3025 πιστεῦσαι
795 2986 969 3025 Ἰουδαίων
988 3005 1026 3026 τε
1048 2989 1106 3027 καὶ

81 3043 262 3091 (Ελλήνων
279 3047 408 3091 πλῆθος
425 3046 525 3084 πολύ.
543 3047 656 3085 Πάλιν
676 3050 721 3091 εἷς
741 3044 801 3091 τῖις
821 3049 1022 3100 συναγωγὰς
1039 3053 1107 3088 εἷσ-

84 3105 258 3158 έρχονται.
278 3104 374 3157 ςὈρα
396 3110 470 3150 πῶς
500 3109 562 3145 οὐκ
593 3107 746 3160 ἐγένοντο
766 3110 964 3162 δειλότεροι,
988 3111 1104 3149 εἰπόν-

83 3188 138 3215 τες
154 3171 207 3209 ὅτι
232 3171 458 3223 Στρειρόμεθα
473 3175 519 3216 εἷς
537 3173 581 3210 τὰ
606 3174 699 3220 ἔθνη.
720 3175 785 3213 Ἐκ
804 3177 936 3223 πολλῆς
962 3179 1025 3223 τῆς
1044 3193 1107 3215 πε-

129 3299 146 3322 b
170 3301 388 3332 κατεσκεύασαν
405 3301 435 3332 δὲ
453 3308 493 3342 τῷ
510 3315 600 3344 nup„
616 3301 663 3334 sic
680 3301 827 3345 quidam.

131 3359 144 3373 c
169 3350 291 3392 [Haec‚
312 3356 428 3396 ἄρα...
446 3357 485 3385 τὰ
508 3357 591 3391 ἔθνη,
611 3354 729 3395 quibus
750 3363 865 3387 carent
891 3355 999 3397 Εάὶιί,
1013 3368 1094 3401 sup-

91 3399 251 3441 plevimus
265 3413 280 3433 e
301 3403 339 3435 D.
355 3402 473 3434 Caeteri
490 3404 526 3436 Λ.
548 3405 583 3436 Β.
596 3405 633 3436 C.
650 3407 695 3438 sic
710 3405 831 3439 habent
850 3411 975 3450 ἐμελλον
992 3413 1093 3448 ἐξιέναι

1274 228 1430 258 nomn„
1469 228 1576 257 xxx.
2063 209 2150 271 257

1170 317 1449 359 assequerentur,
1469 306 1617 346 adducit
1636 305 1871 358 prophetiam,
1887 305 2031 343 dicens:
2050 306 2156 342 Dedi

1169 378 1204 407 te
1218 372 1259 406 in
1273 370 1396 407 lucem
1409 371 1594 419 gentium,
1611 375 1652 404 ut
1668 369 1718 404 sis
1730 369 1772 403 in
1786 366 1952 403 salutern
1969 379 2089 418 usque
2103 366 2157 403 acl

1166 440 1377 468 extremum
1394 439 1516 468 terrae.
1540 428 1603 467 48.
1625 428 1666 466 A
1669 429 1842 466 adientes
1858 437 1988 465 autem
2005 436 2151 479 gentes.

1167 491 1243 529 Hoc
1256 491 1337 528 illos
1350 490 1539 528 alacriores
1555 489 1738 539 reddebat,
1756 488 1852 539 quod
1868 488 1910 527 iis
1925 488 1978 526 illi
1997 489 2155 526 frueren-

1168 562 1238 601 tur,
1259 552 1390 603 quibus
1409 552 1470 589 alii
1488 552 1558 589 frui
1580 551 1774 598 debebant3
1793 550 1936 589 Judaeos
1955 559 2072 587 autem
2086 550 2155 587 hoc

1168 614 1280 664 inagis
1299 612 1494 650 mordebat.
1516 613 1556 649 A
1560 613 1732 649 adientes
1751 621 1892 661 autem,
1904 611 2034 661 inquit,
2055 626 2155 663 gen-

1169 681 1224 710 tes
1242 677 1385 725 gavisae
1405 682 1507 719 sunt,
1535 682 1571 710 et
1594 673 1867 724 glorificabant
1889 674 2051 709 verbum
2075 673 2159 709 Do-

1169 736 1265 769 mini
1284 749 1293 768 :
1313 735 1367 770 Et
1391 733 1635 769 crediderunt
1664 741 1850 784 quotquot
1875 741 1987 771 erant
2006 746 2155 783 prceor-

1169 793 1297 828 dinati
1323 794 1364 828 in
1388 795 1514 828 vitam
1547 792 1832 836 ceterna1n;lioc
1859 802 1923 833 est„
1943 793 2111 844 praefiniti
2137 808 2156 830 a

1170 851 1360 890 Deo.Vidc
1376 851 1554 901 quomodo
1574 851 1726 889 ostendit
1748 852 1912 889 utilitatis
1932 853 2156 891 celeritatem.

1169 912 1231 948 49.
1245 913 1588 949 Disseminabatur
1601 921 1731 948 autem
1744 915 1905 949 verbum
1919 915 2080 950 Domini
2092 928 2160 964 per

1171 974 1392 1010 universam
1420 975 1629 1024 regionem;
1651 971 1688 1009 id
1716 981 1788 1021 est,
1816 972 2086 1023 divulgabatur.
2109 976 2160 1011 Ac

1171 1033 1200 1070 si
1215 1032 1359 1081 diceret,
1381 1035 1460 1071 Non
1481 1033 1632 1071 contenti
1655 1033 1741 1083 zelo,
1763 1048 1868 1085 opera
1887 1034 1994 1071 etiam
2012 1033 2153 1072 addide-

1173 1103 1268 1132 runt.
1288 1094 1388 1134 Vide
1403 1094 1580 1145 quomodo
1599 1095 1694 1147 pulsi
1708 1095 1823 1133 etzelo
1838 1094 1986 1144 incensi,
2002 1095 2073 1132 alia
2086 1109 2160 1132 ma—

1171 1169 1239 1207 gna
1253 1156 1413 1193 efficiunt
1429 1172 1436 1192 ε
1452 1170 1525 1193 sese
1541 1171 1691 1207 namque
1708 1166 1940 1209 appar-arunt,
1959 1167 1998 1195 ut
2014 1157 2160 1195 liberius

1170 1227 1323 1269 agerent,
1339 1227 1372 1254 ct
1390 1216 1435 1255 ad
1449 1227 1567 1268 gentes
1594 1219 1776 1268 venirent,
1794 1228 1827 1256 et
1853 1218 1937 1255 audi
1962 1219 2157 1269 quomodo.

1173 1279 1408 1317 Constantes·
1424 1287 1580 1331 agentes
1600 1280 1751 1317 Paulus
1771 1288 1807 1317 et
1823 1281 2033 1317 Barnabas
2054 1281 2162 1317 dixe-

1171 1349 1262 1377 runt
1280 1356 1290 1376 .-
1316 1342 1429 1378 Vobis
1450 1343 1650 1393 oportebat
1672 1344 1838 1393 primum
1868 1342 1974 1393 loqui
1997 1344 2162 1379 verbum

1170 1402 1263 1446 Dei;
1278 1402 1346 1438 sed
1359 1404 1453 1453 quia
1471 1402 1658 1453 repellitis
1672 1402 1785 1449 illud,
1800 1416 1885 1440 ecee
1904 1405 2164 1440 convertimur

1171 1463 1225 1499 ad
1242 1470 1386 1513 gentes.
1406 1462 1522 1513 Igitur
1548 1463 1722 1513 egressuri
1749 1472 1848 1501 erant
1873 1473 1994 1516 postea
2013 1463 2058 1500 ad
2078 1477 2162 1514 gen-

1172 1531 1233 1560 tes.
1251 1522 1322 1561 Sed
1342 1523 1426 1561 vide
1447 1523 1480 1561 in
1500 1524 1567 1562 hac
1587 1524 1722 1562 fiducia
1742 1534 1923 1563 servatum
1942 1524 2108 1568 modum;
2129 1534 2163 1562 et

1167 1585 1249 1637 jure
1264 1584 1420 1636 quidem.
1437 1586 1530 1623 Nam
1540 1586 1568 1623 si
1580 1587 1705 1624 Petrus
1718 1601 1791 1624 sese
1808 1586 2033 1636 defendebat,
2048 1587 2161 1624 multo

1172 1646 1284 1696 magis
1305 1646 1341 1683 hi
1360 1645 1562 1685 defensione
1580 1661 1670 1699 opus
1694 1647 1884 1697 habebant,
1904 1648 2044 1685 nemine
2067 1648 2162 1700 ipsos

1170 1708 1288 1746 isthuc
1305 1718 1461 1746 vocante.
1480 1709 1571 1746 Cum
1587 1709 1683 1747 dixit
1694 1719 1827 1759 autem,
1839 1712 2031 1761 Primum,
2047 1719 2161 1748 osten-

1171 1769 1225 1807 dit
1246 1769 1316 1807 illis
1331 1769 1438 1807 etiam
1458 1771 1644 1822 praedicari
1667 1771 1887 1823 oportuisse,
1904 1781 2031 1809 etcum
2050 1771 2157 1817 dixit,

1173 1832 1456 1877 Necessarium,
1471 1831 1590 1882 arguit
1605 1831 1677 1869 illis
1693 1832 1796 1869 etiam
1819 1832 2055 1870 necessarium
2074 1832 2161 1870 fuis-

1173 1905 1220 1929 se.
1243 1892 1319 1930 Sed
1333 1895 1521 1944 quoniam
1537 1893 1742 1944 repellitis;
1760 1907 1828 1930 non
1846 1893 2027 1943 dixit,Vae
2041 1893 2159 1939 vobis,

1174 1967 1299 2003 neque,
1317 1953 1539 2003 Puniemini3
1562 1953 1634 2003 sed,
1658 1955 1930 1992 Convertimur
1948 1955 2003 1991 ad
2018 1962 2160 2006 gentes.

1175 2013 1305 2053 Viden⁷
1326 2024 1455 2064 quanta
1473 2014 1715 2052 moderatione
1734 2016 1837 2067 plena
1861 2016 1905 2053 sit
1922 2015 2056 2053 fiducia
2075 2015 2162 2052 illa?

1175 2075 1236 2112 50.
1257 2076 1386 2113 Judoet
1408 2085 1536 2113 autem
1557 2079 1852 2115 concitaverunt
1872 2078 2050 2115 mulieres
2066 2077 2161 2115 reli-

1172 2138 1300 2187 giosas
1320 2144 1355 2172 et
1379 2137 1574 2182 honestas,
1589 2145 1626 2174 et
1641 2139 1785 2187 primos
1800 2140 1984 2183 civitatis,
2001 2147 2037 2175 et
2056 2140 2159 2175 exci-

1175 2204 1355 2233 taverunt
1371 2199 1706 2248 persequutionem
1722 2200 1762 2234 in
1776 2199 1948 2236 Paulum
1961 2208 1997 2236 et
2009 2200 2162 2236 Barna—

1174 2259 1276 2306 bam,
1299 2266 1336 2296 et
1360 2261 1553 2310 ejecerunt
1583 2272 1645 2296 eos
1674 2260 1721 2296 de
1736 2260 1890 2312 finibus
1914 2263 2004 2299 suis.
2031 2260 2162 2300 Viden'

1173 2327 1345 2368 quantum
1365 2319 1578 2370 profecerint
1595 2319 1657 2370 qui
1676 2319 1959 2358 adversabantur
1984 2322 2161 2373 praedica-

1173 2381 1259 2418 tioni
1278 2397 1285 2417 :
1302 2381 1339 2418 in
1355 2390 1528 2432 quantam
1544 2381 1805 2434 impudentiam
1824 2383 1903 2420 illas
1922 2383 2162 2421 adduxerint?

1174 2442 1216 2478 51
1232 2472 1238 2478 .
1263 2441 1322 2479 At
1339 2442 1412 2489 illi,
1433 2455 1593 2480 excusso
1603 2443 1763 2494 pulvere
1778 2445 1919 2495 pedum
1938 2447 1979 2481 in
1999 2459 2074 2491 eos,
2094 2459 2163 2482 ve-

1174 2512 1311 2541 nerunt
1328 2505 1515 2541 Iconium.
1531 2503 1597 2540 Hic
1612 2504 1771 2542 terribile
1786 2505 1880 2542 illud
1893 2506 2051 2543 fecerunt
2065 2505 2163 2556 quod

1170 2566 1320 2617 jusserat
1351 2565 1515 2603 Christus
1546 2565 1666 2603 dicens
1693 2582 1700 2602 :
1731 2569 1785 2604 Et
1811 2570 1845 2605 si
1869 2571 1954 2619 quis
1988 2582 2060 2606 vos
2084 2582 2162 2605 non

1174 2630 1379 2678 receperit,
1416 2629 1557 2678 egressi
1588 2630 1757 2665 excutite
1789 2629 1987 2680 pulverem
2021 2631 2161 2681 pedum

1174 2697 1404 2726 vestrorum.
1428 2688 1488 2725 Illi
1517 2701 1600 2726 vero
1631 2702 1700 2726 non
1727 2697 1857 2727 temere
1889 2690 1957 2727 hoc
1991 2691 2161 2739 fecerunt,

1127 2760 1150 2789 E
1174 2749 1236 2788 sed
1261 2759 1450 2801 postquam
1482 2749 1582 2801 ejecti
1606 2759 1686 2787 sunt
1717 2750 1763 2788 ab
1793 2750 1877 2789 illis.
1904 2752 2077 2790 Caeterum
2102 2768 2164 2792 ne-

1176 2824 1245 2862 que
1272 2811 1338 2848 hoc
1362 2810 1550 2862 discipulis
1576 2811 1708 2859 nocuit,
1725 2811 1785 2849 sed
1815 2812 1927 2863 magis
1956 2827 2164 2864 persevera-

1175 2881 1259 2910 runt
1271 2872 1308 2910 in
1327 2872 1449 2911 verbo.
1466 2872 1550 2910 Ideo
1571 2872 1638 2909 hoc
1658 2873 1842 2911 declarans
1861 2874 2003 2926 adjicit:
2020 2877 2081 2914 52.
2094 2878 2166 2914 Di-

1178 2934 1316 2986 scipuli
1341 2943 1469 2981 autern
1500 2934 1747 2986 replebantur
1774 2937 1930 2987 gaudio,
1959 2946 1995 2974 et
2024 2938 2167 2989 Spiritu

1179 3003 1328 3033 sancto.
1364 2994 1529 3047 Magistri
1552 3010 1704 3046 namque
1738 3011 1894 3034 aerumna
1922 2997 2091 3050 discipuli
2125 3000 2167 3037 fi-

1178 3056 1322 3094 duciam
1356 3071 1424 3094 non
1448 3056 1556 3107 tollit,
1578 3057 1638 3095 sed
1672 3057 1878 3095 alacriorem
1907 3058 2010 3096 illum
2032 3060 2163 3099 reddit.

1182 3120 1216 3155 1.
1236 3119 1403 3155 Factum
1429 3127 1484 3156 est
1515 3127 1644 3155 autem
1669 3120 1807 3165 Iconii,
1825 3127 1866 3155 ut
1892 3121 2010 3157 simul
2034 3123 2167 3159 introi-

1184 3188 1269 3216 rent
1287 3181 1328 3216 in
1347 3193 1591 3231 synagogam
1605 3180 1636 3217 J
1636 3180 1845 3225 udceorum,
1857 3188 1893 3218 et
1906 3181 2166 3234 loquerentur,

1163 3314 1203 3346 εἰς
1218 3314 1258 3342 τὰ
1275 3309 1371 3350 ἔθνη]

1202 3359 1219 3383 d
1245 3358 1305 3392 Alii
1321 3363 1394 3405 παρ’
1412 3363 1518 3394 αὐτῶν.
1538 3362 1617 3394 οὐδὲν
1633 3365 1721 3394 τοῦτο
1742 3363 1817 3399 τοὺς.

2176 2577 2288 2604 Matth.
2312 2584 2358 2605 10.

2182 2619 2226 2655 [lg.
2262 2619 2360 2646 Marc,

2175 2658 2206 2687 6.
2230 2668 2259 2687 ιι

2183 3132 2256 3161 Car.
2282 3140 2345 3159 xiv.
