2502 3810
120 1850 187 1878 Acl.
204 1850 233 1880 8.
256 1857 290 1888 19

124 2102 216 2129 Est-li.
236 2101 281 2129 15.

122 2152 150 2178 9.

127 3196 142 3214 ε
170 3187 239 3213 Γοι.
262 3195 305 3214 12.

130 3235 174 3256 lo.
191 3236 218 3265 9<

319 245 409 289 500
768 256 805 285 s.

317 336 665 390 piu-ariamPaulus.
694 334 767 371 Ubi
797 342 847 370 est
873 331 1010 368 fastus?
1038 330 1153 380 Igitur
1180 331 1297 366 Deum

316 412 514 449 precemur,
535 405 574 432 ut
593 409 652 432 cor
667 393 800 444 aperiat
818 407 825 427 :
842 393 938 429 Deus
963 399 1080 427 autem
1100 388 1204 426 corda
1218 401 1296 437 quae

317 457 494 495 voluerint
507 454 618 506 aperit
627 469 637 501 3
651 461 687 489 at
703 460 876 489 excaecata
891 449 996 487 corda
1011 449 1132 487 videre
1147 457 1212 486 est.
1227 446 1298 486 Sed

317 516 496 567 superiora
510 512 885 564 repetamusfflulier,
901 510 1029 560 inquit,
1045 510 1294 560 purpuraria,

317 578 423 626 cujus
442 576 632 611 Dominus
655 586 721 609 cor
745 573 911 623 aperuit,
929 578 970 607 ut
993 571 1205 608 attenderet
1232 571 1292 615 iis,

316 649 399 686 quoe
410 636 638 671 dicebantur
654 647 678 669 a
693 633 834 670 Paulo.
854 631 1000 683 Aperire
1016 631 1133 681 itaque
1150 630 1214 668 Dei
1232 638 1295 678 est,

314 695 492 732 attendere
509 708 592 732 vero
616 693 713 731 illius
734 709 741 729 :
759 707 814 730 res
833 692 942 743 igitur
966 701 1039 729 erat
1058 701 1090 729 et
1110 691 1235 729 divina
1263 699 1296 728 et

315 756 483 792 humana.
509 755 606 791 Cum
631 763 760 791 autem
781 755 1142 805 baptizata-fuisset,
1164 751 1292 801 inquit,
1321 761 1346 790 A

317 817 523 867 deprecata
557 823 614 852 est
641 816 785 859 dicens,
807 815 846 852 Si
874 814 1082 866 judicastis
1114 826 1184 850 me.
1202 810 1298 850 Vide

317 885 350 914 et
378 876 601 927 baptizatur,
627 884 661 912 et
694 875 819 926 recipit
848 874 1021 926 apostolos
1046 882 1124 924 post
1163 881 1297 910 tantam

317 936 610 987 supplicationem
622 965 632 984 ,
658 936 827 987 majorem
863 949 969 985 quam
1002 933 1102 970 illam
1135 933 1296 969 Abraha-

319 996 383 1033 mi.
408 997 482 1033 Nec
511 996 598 1032 dicit
628 995 726 1032 aliud
756 994 941 1042 indicium,
961 1007 1070 1044 quam
1097 992 1202 1040 illud,
1230 1006 1298 1042 quo

319 1065 456 1094 servata
483 1057 609 1093 fuerat.
628 1057 706 1093 Non
733 1055 838 1102 dixit,
862 1055 899 1092 Si
931 1067 1115 1105 magnam,
1144 1053 1174 1090 si
1204 1052 1301 1104 piam

319 1117 505 1153 mulierem
520 1116 709 1167 judicastis
724 1129 798 1164 me3
814 1114 872 1152 sed
890 1114 1005 1164 quid?
1026 1114 1203 1151 Fidelem
1221 1114 1300 1149 Do-

320 1180 436 1214 mino.
454 1178 494 1215 Si
512 1177 678 1225 Domino,
688 1176 800 1213 multo
817 1175 929 1226 magis
946 1174 1141 1223 vol)is‚nisi
1161 1172 1300 1210 dubite-

317 1237 375 1274 tis.
390 1239 462 1276 Nec
480 1237 587 1285 dixit,
605 1237 711 1288 Apud
735 1251 802 1284 me,
819 1236 878 1274 sed
899 1239 947 1274 In
967 1237 1080 1272 domo
1101 1249 1186 1272 mea
1218 1249 1299 1271 ma-

320 1307 421 1343 nete;
438 1307 477 1335 ut
502 1297 697 1336 ostenderet
718 1312 753 1334 se
771 1298 839 1334 hoc
859 1311 940 1334 cum
967 1310 1094 1347 magna
1120 1295 1301 1332 alacritate

318 1359 440 1397 facere.
457 1361 551 1397 Vere
564 1359 681 1396 fidelis
695 1358 833 1395 mulier.
853 1357 919 1394 Dic
934 1371 1017 1395 vero
1033 1356 1135 1404 mihi,
1152 1355 1230 1406 quis
1250 1364 1300 1393 est

318 1419 376 1456 hic
389 1419 554 1456 daemon?
571 1421 680 1465 Deus,
696 1419 845 1469 inquies,
860 1418 997 1470 python
1016 1433 1023 1454 :
1042 1432 1062 1455 a
1077 1418 1154 1454 loco
1170 1417 1220 1454 sic
1238 1431 1299 1455 vo-

315 1489 426 1516 catur.
443 1480 572 1518 Viden'
589 1480 694 1516 etiam
712 1479 913 1531 Apollinem
926 1492 998 1516 esse
1010 1478 1232 1515 daemonem?
1252 1478 1299 1515 Et
1323 1487 1346 1516 B

318 1542 399 1590 quia
417 1542 558 1580 volebat
577 1541 658 1578 illos
674 1541 710 1578 in
726 1540 932 1578 tentationes
953 1539 1106 1590 injicere,
1127 1548 1166 1576 ut
1184 1538 1299 1589 magis

319 1602 498 1651 excitaret7
514 1602 558 1639 ad
577 1602 643 1639 hoc
664 1600 881 1651 loquendum
901 1599 1055 1636 induxit.

371 1665 410 1699 2
433 1663 464 1699 O
501 1662 656 1707 sceleste,
683 1670 716 1698 et
745 1658 1007 1698 scelestissime!
1027 1659 1066 1696 Si
1097 1671 1181 1708 ergo
1206 1658 1298 1695 nosti

317 1722 398 1759 illos
422 1722 519 1759 viam
539 1721 661 1757 salutis
681 1720 904 1768 annuntiare,
931 1733 994 1755 cur
1024 1732 1093 1755 non
1120 1717 1297 1769 egrederis

318 1781 472 1819 lubens?
497 1780 567 1818 Sed
595 1780 751 1831 idipsum
772 1779 869 1829 quod.
893 1779 1015 1816 Simon
1034 1778 1192 1828 volebat,
1217 1793 1298 1816 cum

319 1843 469 1892 diceret,
487 1844 593 1880 Date
612 1843 720 1887 mihi,
751 1849 791 1877 ut
819 1843 881 1877 cui
909 1843 1121 1891 imposuero
1143 1853 1295 1887 manus,

317 1908 483 1956 accipiat
506 1905 688 1955 Spiritum
712 1911 889 1939 sanctum
911 1902 1004 1939 :hoc
1035 1911 1068 1939 et
1100 1902 1163 1939 iste
1192 1902 1299 1939 facie-

317 1966 378 2002 bat
399 1981 406 2001 :
425 1965 508 2015 quia
521 1964 666 2003 videbat
686 1962 766 2000 illos
785 1962 968 2010 celebrari,
986 1962 1035 1999 ita
1052 1962 1210 2011 simulat,
1233 1962 1299 2000 hac

318 2026 453 2063 ratione
477 2039 619 2077 sperans
640 2038 675 2061 se
697 2023 971 2073 relinquendum
991 2037 1064 2060 esse
1086 2023 1122 2060 in
1143 2037 1299 2075 corpore,

320 2087 348 2123 si
367 2086 490 2123 eadem
508 2084 727 2136 praedicaret.
742 2083 780 2120 Si
794 2097 878 2121 vero
900 2083 997 2134 apud
1013 2084 1194 2120 hominem
1210 2085 1300 2121 Non

321 2156 377 2184 est
394 2149 564 2197 speciosa
585 2146 670 2182 laus
693 2147 735 2180 in
761 2157 826 2180 ore
841 2146 1066 2193 peccatoris,
1086 2144 1199 2180 multo
1224 2158 1299 2181 ma·
1322 2149 1345 2180 C

322 2207 376 2256 gis
400 2206 495 2257 apud
527 2205 722 2242 daemonem
743 2219 750 2239 :
776 2203 806 2240 si
838 2203 884 2239 ab
913 2203 1118 2240 hominibus
1142 2203 1300 2241 testimo-

322 2267 420 2304 nium
441 2280 508 2303 non
527 2265 655 2316 accipit
675 2264 851 2309 Christus,
883 2277 945 2300 nec
969 2277 989 2300 a
1011 2265 1166 2310 Joanne;
1187 2264 1299 2300 multo

323 2328 439 2365 minus
460 2342 479 2364 a
501 2327 672 2364 daemone.
691 2323 889 2361 Praedicare
910 2323 1004 2360 enim
1027 2337 1096 2360 non
1115 2332 1166 2360 est
1183 2323 1300 2360 homi-

322 2403 423 2437 num,
442 2387 502 2425 sed
520 2386 674 2438 Spiritus
705 2384 829 2421 sancti.
849 2384 942 2429 Quia
969 2383 1079 2434 igitur
1097 2393 1301 2434 arroganter

321 2449 496 2486 faciebant
518 2447 719 2493 clamantes,
738 2445 889 2482 clamore
913 2458 948 2481 se
976 2453 1157 2495 stuporem
1176 2443 1300 2480 allatu-

322 2524 377 2546 ros
393 2508 593 2560 sperabant,
609 2506 763 2543 dicentes
786 2521 793 2540 :
811 2507 866 2541 Hi
878 2506 1050 2541 homines
1069 2507 1301 2541 conturbant

320 2572 516 2606 civitatem
536 2576 719 2605 nostram.
739 2565 838 2611 Quid
856 2565 970 2602 dicis?
991 2565 1149 2602 credisne
1169 2565 1300 2603 daemo-

322 2630 384 2667 ni?
404 2644 465 2666 cur
492 2642 560 2665 non
589 2628 648 2664 hic
675 2627 782 2664 etiam
804 2625 944 2663 credis?
971 2625 1037 2662 Ille
1069 2625 1172 2673 dicit,
1193 2626 1300 2663 Servi

322 2692 397 2727 Dei
417 2690 625 2731 altissimi;
645 2696 684 2724 tu
708 2686 817 2733 dicis,
837 2687 1079 2723 Conturhant
1105 2688 1300 2723 civitatem

323 2759 493 2787 nostram
508 2764 517 2784 :
535 2749 592 2785 ille
602 2747 700 2794 dicit,
718 2746 974 2783 Annuntiant
991 2747 1100 2782 nobis
1115 2747 1223 2781 viam
1239 2759 1299 2782 sa-
1323 2754 1348 2783 D

323 2812 436 2854 Iuti55
454 2818 493 2846 tu
510 2822 591 2845 vero
610 2807 714 2856 dieis,
734 2806 909 2843 Tradunt
926 2807 1034 2841 nohis
1053 2818 1188 2851 mores,
1205 2818 1299 2856 quos

323 2888 399 2910 non
415 2874 502 2910 licet
517 2873 718 2921 suscipere.
738 2866 833 2906 Vide
850 2866 930 2903 illos
946 2880 1058 2916 neque
1072 2865 1224 2903 daemoni
1237 2880 1299 2903 au-

321 2949 374 2971 1es
410 2933 614 2985 praebentes,
648 2930 708 2967 sed
736 2942 844 2965 unam
871 2935 1065 2978 spectantes
1097 2927 1296 2965 avaritiam.

326 2997 556 3039 Traxerunt,
574 2991 701 3041 inquit,
718 3003 780 3026 eos
793 2991 834 3024 in
856 2989 987 3038 forum
1006 2988 1060 3024 ad
1074 2990 1266 3038 principes
1284 3003 1295 3023 :

322 3066 356 3093 et
387 3058 553 3093 cucurrit
575 3054 682 3105 plebs
709 3052 891 3088 adversus
910 3061 984 3086 eos.
1001 3048 1097 3087 Vide
1124 3048 1204 3085 illos
1230 3062 1297 3086 non

323 3117 530 3169 respondere
549 3129 613 3152 nec
637 3127 708 3151 sese
737 3124 909 3163 purgare;
932 3119 970 3147 ut
998 3110 1129 3161 majore
1152 3110 1220 3147 sint
1244 3110 1299 3147 di-

324 3179 382 3215 “ni
413 3177 654 3215 admiratione.
674 3176 766 3211 Nam
786 3173 847 3218 ait,
880 3172 976 3209 Cum
1001 3171 1188 3222 infirmor,
1209 3179 1299 3208 tune

324 3207 343 3229 r>

323 3249 454 3289 potens
473 3253 567 3276 sum.
588 3235 740 3288 Sufficit
761 3237 829 3272 tihi
840 3235 968 3285 gratia
984 3246 1069 3270 mea
1085 3248 1095 3273 ‚·
1115 3247 1203 3270 nam
1221 3235 1298 3270 vir-

369 3382 382 3397 ³
407 3376 453 3404 xz}
470 3372 747 3413 memnoni-1321,
769 3369 813 3399 sic
831 3379 910 3399 nnus
927 3367 1051 3399 Codex*

1308 723 1354 748 271

843 252 1018 285 JOANNIS
1052 248 1283 280 CHRYSOST·
1328 247 1536 277 ARCHIEP.
1573 248 1922 280 CONSTANTINOP-

1367 328 1443 364 Ποῦ
1459 330 1476 364 ὁ
1492 331 1615 378 τῦφος
1638 328 1725 379 Ἄρα
1747 333 1807 367 τοῦ
1826 332 1917 369 Θεοῦ
1943 332 2109 382 δεόμεθα,
2130 333 2219 371 ὥστε
2251 332 2379 376 ἀνοῖξαι

1367 387 1529 438 καρδίαν·
1545 391 1562 425 ὃ
1581 389 1668 431 Θεὸς
1686 388 1721 426 δὲ
1741 388 1870 440 ἀνοίγει
1896 392 2039 444 καρδίας
2063 393 2124 435 τὰς
2145 392 2356 444 βουλομένας
2372 407 2380 415 ·

1368 445 1442 484 ἔστι
1453 446 1520 498 γὰρ
1540 448 1600 486 καὶ
1617 449 1872 500 πεπηρωμένας
1888 452 1982 490 ἰδεῖν.
2001 452 2092 490 Ἀλλ’
2112 454 2237 503 ἴδωμεν
2254 454 2380 490 ἄνωθεν

1367 506 1412 544 τὰ
1430 507 1607 558 εἰρημένα.
1624 509 1738 555 Γυνὴ,
1755 510 1856 560 φησὶ,
1873 512 2154 564 πορφυρόπωλις,
2170 509 2210 559 ἧς
2228 517 2245 551 ὃ
2258 512 2384 564 Κύριος

1366 567 1479 614 ἤνοιξε
1504 568 1567 614 τὴν
1597 569 1755 620 καρδίαν,
1785 570 1969 621 προσέχειν
1986 577 2056 614 τοῖς
2073 573 2296 623 λαλουμένοις
2315 572 2383 610 ὑπὸ

1367 633 1426 667 τοῦ
1447 628 1601 668 Παύλου.
1624 630 1677 668 Τὸ
1709 630 1770 681 μὲν
1797 624 1853 668 οὖν
1881 631 2031 679 ἀνοῖξαι,
2058 637 2117 670 τοῦ
2145 635 2256 671 Θεοῦ·
2282 634 2322 671 τὸ
2347 633 2383 670 δὲ

1367 689 1566 741 προσέχειν,
1588 692 1694 736 αὐτῆς
1707 705 1714 713 ·
1733 690 1823 728 ὥστε
1838 690 1897 728 καὶ
1921 695 2007 730 θεῖον
2027 692 2086 730 καὶ
2102 691 2312 745 ἀνθρώπινον
2328 687 2382 739 ἦν.

1368 749 1428 793 Ὡς
1458 750 1493 788 δὲ
1527 750 1740 798 ἐδαπτίσθη,
1777 751 1883 804 φησὶ,
1917 752 2132 804 παρεκάλεσε
2165 752 2334 802 λέγουσα·
2356 755 2384 790 εἷ

1367 810 1551 862 κεκρίκατέ
1586 827 1639 860 με.
1658 811 1775 862 ζὈρα,
1809 812 1868 850 καὶ
1902 812 2128 863 βαπτίζεται,
2156 812 2216 850 καὶ
2247 813 2384 863 δέχεται

1368 871 1444 915 τοὺς
1476 873 1687 916 ἀποστόλους
1730 872 1819 923 μετὰ
1856 874 2026 920 τοσαύτης
2063 875 2239 925 ἱκετηρίας
2252 904 2262 921 ,
2297 874 2384 924 μετὰ

1367 932 1556 978 πλείονος-ἢ
1573 936 1590 970 ὁ
1605 932 1774 984 impactu.
1790 934 1859 972 Καὶ
1887 937 1948 972 οὐκ
1975 929 2067 972 εἶπεν
2089 933 2183 972 οὐδὲν
2213 935 2299 972 ἄλλο
2331 951 2385 973 τε-

1368 992 1529 1044 κμήριον,
1549 994 1625 1030 ἀλλ’
1645 995 1776 1041 ἐκεῖνο,
1800 995 1856 1046 ἀφ’
1892 988 1930 1031 οἷ
1960 994 2094 1040 ἐσώθη·
2124 996 2185 1033 οὐκ
2215 988 2320 1041 εἶπεν,
2357 996 2387 1032 εἰ

1370 1053 1524 1103 μεγάλην
1542 1059 1709 1104 γυναῖκα,
1730 1056 1758 1091 εἷ
1787 1054 1916 1100 ebho-J,
1943 1054 2127 1106 κεκρίκατέ
2140 1070 2183 1105 με
2197 1071 2204 1078 ·
2225 1055 2384 1102 ἀλλὰ τί;

1369 1113 1506 1160 Πιστὴν
1537 1117 1586 1166 τῷ
1617 1114 1734 1166 Κυρίῳ
1748 1130 1756 1138 ·
1791 1118 1819 1153 εἰ
1850 1118 1900 1167 τῷ
1937 1116 2072 1168 Κυρίῳ,
2102 1118 2220 1167 πολλῷ
2256 1118 2386 1167 μᾶλλον

1369 1178 1462 1223 ὑμῖν,
1484 1178 1512 1213 εἰ
1530 1175 1577 1225 μὴ
1599 1177 1862 1228 ἀμφισδητεῖτε.
1886 1177 1953 1215 Καὶ
1981 1180 2040 1215 οὐκ
2066 1172 2160 1225 εἷπε,
2176 1180 2260 1229 παρ’
2289 1177 2385 1228 ἐμοὶ,

1370 1237 1461 1281 ἀλλ’,
1492 1238 1555 1280 Εἷς
1581 1236 1638 1274 τὸν
1672 1231 1762 1274 οἶκόν
1786 1254 1850 1288 μου
1873 1237 2033 1287 μείνατε,
2063 1238 2152 1276 ὥστε
2186 1237 2310 1286 δεῖξαι,
2333 1237 2385 1276 ὅτι

1371 1296 1458 1346 μετὰ
1478 1299 1608 1343 πολλῆς
1628 1303 1726 1336 τοῦτο
1746 1298 1854 1336 ἐποίει
1875 1298 2083 1349 προθυμίας.
2111 1298 2246 1341 Ὄντως
2277 1298 2384 1345 πιστὴ

1368 1360 1390 1403 ἡ
1407 1357 1503 1407 γυνή.
1524 1358 1613 1396 Εἰπὲ
1630 1358 1670 1404 δή
1688 1374 1770 1409 μοι,
1785 1358 1836 1401 τίς
1856 1352 1952 1401 οὗτός
1969 1360 2059 1397 ἐστιν
2081 1361 2098 1396 ὃ
2117 1359 2267 1408 δαίμων,
2284 1358 2385 1405 Θεὸς,

1370 1417 1474 1469 φησὶ,
1497 1418 1632 1456 πύθων-
1663 1419 1732 1456 ἀπὸ
1761 1424 1820 1457 τοῦ
1840 1418 1946 1456 τόπου
1965 1419 2054 1457 οὕτω
2082 1418 2232 1469 λέγεται.
2253 1419 2364 1470 εΟρξίς
2377 1449 2386 1466 ,

1369 1478 1422 1516 ὅτι
1441 1478 1530 1516 καὶὸ
1549 1478 1724 1517 Ἀπόλλων
1756 1479 1889 1528 δαίμων
1917 1479 2012 1528 ἐστί,
2029 1480 2099 1518 Καὶ
2125 1479 2199 1518 ἐπεὶ
2228 1479 2387 1517 &omaso

1369 1540 1415 1582 εἷς
1433 1538 1649 1592 πειρασμοὺς
1668 1539 1791 1583 αὐτοὺς
1809 1540 1990 1590 ε’μῧαλεῖν,
2014 1540 2103 1579 ὥστε
2125 1542 2255 1591 μᾶλλον
2275 1557 2387 1593 παρο-

1367 1600 1463 1643 ξῦναι
1474 1629 1484 1645 ,
1499 1598 1717 1651 παρώρμησε
1730 1600 1855 1650 λέγειν.

1989 1662 2018 1698 εἷ
2053 1659 2165 1698 τοίνυν
2197 1654 2310 1709 οἶδας,
2337 1661 2389 1699 ὅτι

1421 1653 1472 1696 ‘³ss
1510 1659 1613 1712 μιαρὲ
1644 1660 1704 1697 καὶ
1737 1660 1924 1711 παμμίαρε
1945 1676 1953 1683 ·

1368 1720 1444 1758 ὁδὸν
1467 1720 1639 1772 σωτηρίας
1654 1721 1928 1772 καταγγέλλουσι
1940 1752 1949 1769 ,
1963 1721 1998 1758 τί
2018 1721 2066 1771 μὴ
2084 1721 2259 1765 ἕξίστασαι
2279 1722 2387 1769 ἑκών;

1368 1780 1461 1818 Ἀλλ’
1481 1780 1565 1833 ὅπερ
1585 1781 1706 1831 Σίμων
1743 1781 1903 1819 ἐδούλετο
1921 1782 2031 1833 λέγων
2047 1797 2055 1805 ·
2083 1782 2170 1820 Δότε
2190 1799 2270 1833 μοι,
2287 1782 2342 1820 ἵνα
2359 1776 2388 1833 ᾧ

1368 1840 1426 1879 ἐὰν
1448 1843 1555 1879 ἐπιθῶ
1574 1841 1636 1884 τὰς
1653 1848 1793 1894 χεῖρας,
1812 1842 1976 1894 λαμῧοίνῃ
1993 1844 2138 1892 Πνεῦμα
2153 1843 2248 1894 ἅγιον
2262 1859 2269 1866 ·
2289 1847 2388 1881 τοῦτο

1368 1900 1427 1939 καὶ
1460 1895 1556 1945 οὗτος
1587 1901 1715 1940 ἐποίει·
1751 1901 1870 1948 ἐπειδὴ
1901 1896 1986 1939 εἶδεν
2018 1903 2300 1952 εὐδοκιμοῦντας,
2327 1901 2387 1939 καὶ

1369 1956 1460 1999 ²³52&
1481 1962 1725 2015 ὑποκρίνεται,
1744 1962 1853 2014 ταύτῃ
1870 1963 2123 2014 προσεδόκησεν
2149 1962 2267 2000 ἑαυτὸν
2291 1962 2388 2013 ἀφίε-

1370 2027 1450 2061 σθαι
1481 2024 1516 2060 ἐν
1548 2026 1597 2075 τῷ
1626 2023 1788 2073 σώματι,
1821 2026 1850 2061 εἰ
1884 2023 1927 2061 τὰ
1962 2023 2050 2061 αὐτὰ
2081 2023 2270 2075 κηρύξειεν.
2291 2026 2334 2061 E}
2351 2022 2387 2061 δὲ

1369 2083 1465 2134 παρὰ
1485 2083 1666 2136 ἀνθρώπου
1684 2085 1764 2136 Οὐχ
1778 2087 1902 2138 ὡραῖος
1916 2087 1932 2121 ὃ
1948 2079 2038 2127 αἶνος
2053 2087 2086 2123 ἓν
2104 2085 2252 2135 στόματι
2273 2085 2386 2135 ἁμαρ-

1369 2146 1496 2189 τωλοῦ,
1512 2146 1631 2195 πολλῷ
1648 2146 1777 2194 μᾶλλον
1793 2145 1890 2197 παρὰ
1906 2145 2065 2196 δαίμονος
2078 2161 2085 2168 ·
2101 2148 2131 2183 εἰ
2146 2145 2242 2198 παρὰ
2257 2144 2387 2197 ἀνθρώ-

1369 2220 1443 2241 πων
1464 2205 1525 2250 τῆν
1540 2204 1730 2256 μαρτυρίαν
1747 2207 1784 2242 οὐ
1799 2206 1972 2255 λαμδοίνει
1985 2209 2002 2243 ὃ
2017 2206 2184 2257 Χριστὸς,
2197 2205 2272 2244 οὐδὲ
2292 2205 2389 2258 παρὰ

1370 2262 1549 2309 Ἰωάννου,
1570 2266 1688 2315 πολλῷ
1710 2267 1841 2314 μᾶλλον
1860 2266 1956 2317 παρὰ
1973 2266 2144 2316 δαίμονος.
2169 2267 2222 2305 Τὸ
2240 2267 2307 2318 γὰρ
2322 2283 2388 2313 κη-

1371 2324 1502 2375 ρύττειν
1524 2326 1586 2361 οὐκ
1605 2325 1810 2377 ἀνθρ(·’)πων,
1831 2326 1920 2363 ἀλλὰ
1935 2326 2140 2375 Πνεύματος
2160 2327 2269 2376 ἁγίου.
2285 2327 2388 2364 Ἐπεὶ

1371 2379 1425 2422 οῦν
1442 2387 1651 2429 ἀλαζονικῶς
1666 2385 1802 2423 ἐποίουν
1825 2388 1982 2435 βοῶντες,
1998 2389 2040 2437 τῇ
2058 2391 2190 2437 κραυγῇ
2206 2388 2387 2433 καταπλή-

1371 2445 1437 2489 ξειν
1451 2445 1628 2495 ἐνόμισαν,
1650 2445 1806 2497 λέγοντες
1819 2461 1826 2468 ·
1847 2440 1956 2484 Οῧτοι
1971 2449 2002 2485 οἱ
2023 2447 2196 2499 ἅνθρωποι
2219 2448 2388 2499 ἐκταράσ-

1372 2508 1602 2557 σουσιν-ἡμῶν
1624 2505 1686 2551 τὴν
1702 2507 1816 2542 πόλιν.
1828 2506 1875 2544 Τί
1887 2506 2020 2557 λέγεις,
2037 2507 2137 2559 πείθῃ
2157 2510 2205 2559 τῷ
2226 2508 2363 2558 δαίμονι
2377 2510 2406 2555 ;“

1372 2566 1428 2604 διὰ
1454 2566 1487 2602 τί
1516 2566 1593 2616 οὐχὶ
1621 2566 1680 2603 καὶ
1698 2568 1863 2612 ἐνταῦθα;
1883 2567 2036 2610 Ἐκεῖνος
2055 2567 2168 2617 λέγει,
2190 2568 2242 2606 ὅτι
2262 2570 2387 2607 Δοῦλοι

1370 2630 1430 2663 τοῦ
1452 2629 1542 2664 Θεοῦ
1567 2630 1625 2663 τοῦ
1646 2626 1788 2678 ὑψίστου
1802 2642 1809 2649 ·
1839 2626 1878 2665 σὺ
1899 2626 2029 2678 λέγεις,
2049 2628 2102 2665 ὅτι
2122 2628 2387 2680 Ἔκταροίσσου-

1372 2703 1423 2725 σιν
1447 2690 1546 2737 ἡμῶν
1574 2687 1636 2733 τὴν
1658 2688 1780 2726 πόλιν
1814 2690 1938 2731 ἐκεῖνος
1972 2688 2084 2740 λέγει,
2107 2690 2158 2726 ὅτι
2184 2690 2387 2739 Καταγγέλ-

1370 2749 1487 2785 λουσιν
1500 2751 1582 2798 ἡμῖν
1599 2748 1674 2786 ὁδον
1698 2748 1871 2794 σωτηρίας
1884 2763 1892 2771 ·
1913 2748 1953 2786 σὺ
1975 2749 2099 2798 λέγεις,
2127 2748 2386 2799 Παραδιδόασιν

1370 2812 1454 2857 ἡμῖν
1473 2807 1532 2854 ἔθη
1546 2838 1554 2854 ,
1573 2808 1594 2844 ἃ
1617 2810 1678 2845 οὐκ
1694 2807 1804 2851 ἔξεστι
1830 2808 2103 2859 παραδέχεσθαι.
2121 2809 2218 2860 (Ὀρα
2244 2809 2319 2848 οὐδὲ
2338 2812 2387 2861 τῷ

1371 2867 1508 2917 δαίμονι
1532 2867 1652 2909 αὐτοὺς
1674 2867 1927 2918 προσέχοντας,
1947 2868 2036 2905 ἀλλὰ
2058 2868 2142 2920 πρὸς
2161 2869 2195 2906 ἓν
2215 2871 2387 2921 ὁρῶντας,

1370 2928 1432 2974 τὴν
1455 2927 1693 2980 φιλαργυρίαν.
1715 2927 1893 2964 Εἵλκυσάν
1907 2943 1944 2964 τε
1962 2927 2100 2973 αὐτοὺς,
2123 2929 2238 2979 φησὶν,
2255 2932 2303 2972 εἷς
2323 2928 2387 2976 τὴν

1372 2988 1497 3042 ἀγορὰν
1517 2988 1574 3024 ἐπὶ
1607 2986 1682 3029 τοὺς
1714 2987 1905 3038 ἄρχοντας·
1927 2986 1985 3024 καὶ
2015 2988 2205 3034 συνεπέστη
2237 2992 2254 3026 ὃ
2287 2989 2387 3040 ὄχλος

1371 3050 1447 3087 κατ’
1480 3050 1602 3085 αὐτῶν.
1623 3046 1717 3097 εΌροι
1750 3046 1871 3089 αὐτοὺς
1897 3049 1959 3084 οὐκ
1988 3047 2278 3100 ἀποκρινομένους
2310 3048 2386 3086 οὐδὲ

1372 3107 1665 3159 ἀπολογουμένους
1680 3136 1689 3153 ,
1710 3106 1765 3144 ἵνα
1792 3107 1943 3157 μείζονος
1962 3108 2048 3151 ἄξιοι
2068 3109 2241 3157 θαύματος
2255 3109 2385 3160 γένων-

1370 3186 1439 3208 ται.
1459 3168 1572 3206 “Οταν
1602 3168 1684 3219 γὰρ,
1715 3168 1830 3218 φησὶν,
1852 3168 2006 3214 ἀσθενῶ,
2033 3168 2110 3205 τότε
2140 3168 2280 3211 δυνατός
2302 3171 2384 3218 εἰμι.

1372 3232 1486 3281 Ἀρκεῖ
1506 3245 1558 3268 σοι
1573 3232 1594 3275 ἡ
1611 3228 1711 3279 χάρις
1742 3242 1826 3277 μου·
1848 3231 1869 3273 ἢ
1894 3227 1959 3280 γὰρ
1985 3228 2123 3278 δύναμίς
2144 3244 2209 3278 μου
2228 3230 2261 3267 ἐν
2283 3232 2386 3267 ἀσθε-
