2502 3810
141 2858 320 2892 Gen.18.3.

315 264 406 322 740

310 356 589 414 pendet.Viden’
599 368 669 406 quo
686 353 846 391 animum
858 352 949 403 ejus,
963 349 1023 401 qui
1036 349 1122 387 talia
1136 357 1302 400 operatus

311 422 371 470 sit,
392 417 606 457 deduxerit?
627 413 768 452 Deinde
795 412 981 451 ostendens
1005 408 1185 461 quomodo
1200 408 1303 447 flam-

310 494 367 517 ma
383 478 528 530 spiritus
548 473 831 522 accendatur,ait
845 488 853 508 ε
869 473 932 510 19.
943 472 1014 523 Spe
1027 470 1303 522 gaudentes,in

311 540 563 578 tribulatione
586 538 791 588 patientes,
807 535 977 571 orationi
1000 535 1202 569 instantes.
1221 530 1304 567 Haec

308 600 443 651 quippe
461 597 579 636 omnia
597 596 690 647 ignis
707 595 806 633 illius
825 594 964 632 fomites
987 601 1080 630 sunt.
1095 591 1188 637 Quia
1210 589 1305 628 enim

309 659 542 712 pecuniarum
561 670 754 709 expensam
773 654 975 705 requisivit,
990 666 1179 705 corporum
1198 652 1304 689 labo-

310 735 408 770 rem,
434 719 696 772 patrocinium,
721 715 1014 763 sollicitudinem,
1039 713 1306 760 doctrinam,et

757 267 794 296 S.
833 260 1017 296 JOANMS
1053 259 1293 293 CHRYSOST.
1331 260 1536 291 ARCfflEP.
1577 256 1933 289 CONSTANTINOP-

1373 351 1433 386 τοῦ
1452 347 1650 397 πνεύματος
1674 350 1695 393 ἧ
1718 346 1823 398 φλὸξ,
1847 345 1930 397 φησί
1947 361 1954 370 ·
1975 347 2031 397 Τῇ
2057 345 2171 385 ἐλπίδι
2190 339 2396 398 χαίροντες,

1375 412 1419 457 τῇ
1438 409 1551 460 θλίψει
1577 406 1826 457 ὑπομένοντες,
1841 410 1884 458 τῇ
1902 410 2078 458 προσευχῇ
2101 411 2403 459 προσκαρτεροῦν-

1375 485 1442 512 τες.
1464 470 1589 506 Ταῦτα
1608 467 1675 520 γὰρ
1693 467 1831 505 ἅπαντα
1850 466 2102 517 ὑπεκκαύματά
2123 468 2197 504 ἐστι
2217 471 2274 504 τοῦ
2295 467 2402 517 πυρὸς

1379 529 1523 568 ἐκείνου.
1540 528 1688 575 Ἐπειδὴ
1720 528 1787 580 γὰρ
1818 528 1877 566 καὶ
1898 527 2092 579 χρημάτων
2123 527 2280 574 δαπάνην
2313 528 2403 579 ἀπῄ-

1375 608 1482 639 τησε,
1501 591 1561 629 καὶ
1581 590 1753 641 σωμάτων
1770 589 1887 637 πόνον,
1906 589 1966 627 καὶ
1985 587 2199 640 προστασίαν
2219 588 2279 626 καὶ
2299 598 2404 626 σπου*

1378 652 1439 699 δὴν
1459 652 1519 690 καὶ
1539 651 1780 696 διδασκαλίαν,
1798 651 1858 688 καὶ
1877 651 1922 689 τὰ
1942 651 2031 688 ἄλλα
2056 649 2100 688 τὰ
2121 649 2288 696 ἐπίπονα,
2309 648 2403 687 ἀλεί·

1378 729 1434 765 φει
1452 713 1556 751 πάλιν
1578 713 1635 751 τὸν
1666 711 1819 759 ἀθλητὴν
1846 710 1934 762 μετὰ
1957 714 2018 756 τῆς
2048 710 2209 761 ἀγάπης,
2227 709 2316 761 μετὰ
2342 713 2402 747 τοῦ

311 780 489 819 laboriosa
508 779 591 827 alia,
607 777 747 828 inungit
768 790 891 814 rursus
911 775 1080 813 athletam
1101 773 1303 822 dilectione,
1318 802 1363 825 576
1378 776 1574 826 πνεύματος
1585 804 1594 821 ,
1608 773 1663 811 διὰ
1678 776 1738 819 τῆς
1753 773 1903 816 ἐλπίδος.
1919 771 2028 810 Οὐδὲν
2044 771 2228 824 γὰροῧτως
2243 771 2400 823 ἀνδρείαν

312 840 440 894 spiritu
465 849 498 878 et
530 853 605 891 spe.
638 838 741 876 Nihil
768 837 861 875 enim
888 835 1046 873 hominis
1069 834 1231 872 animum
1255 834 1304 872 ita
1327 838 1354 867 A
1378 836 1436 874 καὶ
1458 835 1656 888 παράὸολον
1677 836 1761 886 πρὸς
1781 835 1918 872 ἅπαντα
1938 839 2030 871 ποιεῖ
2048 833 2111 879 τὴν
2132 832 2262 885 ψυχὴν,
2285 835 2330 876 ὼς
2347 835 2402 870 ἐλ-

310 899 453 937 virilem
472 907 505 935 et
521 897 566 934 ad
585 895 703 934 omnia
715 904 893 947 promtum
912 894 1035 942 efficit,
1052 902 1091 930 ut
1106 892 1199 929 bona
1211 906 1303 943 spes.

310 959 449 999 Deinde
467 968 546 997 ante
565 971 605 995 ea
623 987 632 1005 ,
655 970 733 1007 quae
754 965 941 1009 sperantur
956 956 1063 1002 bona,
1078 953 1177 991 aliud
1196 953 1303 990 etiam

311 1021 375 1058 dat
382 1019 583 1072 praemium.
593 1018 687 1064 Quia
701 1017 795 1055 enim
806 1031 884 1069 spes
891 1017 1095 1053 futurorum
1105 1023 1193 1061 erat,
1201 1013 1303 1061 dicit,

312 1084 362 1119 In
384 1080 634 1118 tribulatione
650 1075 1007 1129 patientes.Etenim
1024 1084 1104 1112 ante
1123 1074 1244 1111 futura
1262 1073 1305 1110 il-

312 1141 348 1178 la
370 1140 406 1177 in
434 1139 597 1192 praesenti
620 1151 791 1189 magnum
817 1137 982 1188 decerpes
1007 1149 1051 1172 ex
1075 1133 1305 1172 tribulatione

312 1202 491 1248 fructum,
520 1199 619 1250 quod
656 1207 817 1236 constans
853 1206 887 1235 et
922 1197 1094 1248 probatus
1131 1193 1303 1232 reddaris.

315 1264 407 1301 Cum
425 1263 494 1300 hoc
510 1260 609 1299 aliud
632 1274 772 1311 quoque
794 1258 971 1296 auxilium
992 1257 1147 1309 praebet,
1167 1255 1301 1301 dicens,

319 1325 499 1362 Orationi
514 1325 717 1360 instantes.
737 1321 829 1358 Cum
842 1334 924 1371 ergo
941 1318 1085 1356 dilectio
1098 1316 1306 1354 facilitatem

317 1386 462 1435 afferat,
483 1385 629 1436 spiritus
659 1382 826 1434 adjuvet,
849 1395 927 1433 spes
943 1381 1086 1428 allevet,
1120 1378 1306 1416 tribulatio

318 1446 509 1498 probatum
534 1444 640 1481 faciat
663 1451 696 1480 et
723 1442 892 1479 idoneum
916 1439 961 1477 ad
991 1439 1110 1477 omnia
1140 1451 1307 1490 generose

319 1504 482 1555 serenda,
504 1513 536 1542 et
562 1517 644 1541 cum
663 1501 719 1539 his
739 1501 847 1538 aliam
867 1509 1086 1537 armaturam
1111 1498 1308 1535 maximam

319 1566 449 1603 habeas
461 1563 665 1610 orationem,
676 1571 709 1599 et
719 1559 985 1613 supplicationis
1000 1572 1123 1610 opem:
1136 1556 1308 1608 quidnam

320 1635 442 1679 postea
457 1625 523 1663 erit
538 1625 574 1661 in
591 1623 775 1676 praeceptis
786 1621 1028 1659 laboriosum?
1046 1620 1161 1659 Nihil.
1174 1617 1307 1657 Viden'

321 1685 499 1737 quomodo
518 1685 688 1722 athletam
708 1682 864 1733 undique
883 1681 1018 1729 firmet,
1034 1689 1067 1717 et
1087 1693 1195 1730 quam
1217 1678 1310 1716 levia

322 1744 483 1784 ostendat
512 1742 713 1796 praecepta?
742 1740 923 1793 Perpende
957 1753 1100 1777 rursum
1134 1735 1311 1788 quomodo

323 1809 585 1860 eleemosynam
599 1804 819 1844 commendet
829 1819 839 1853 3
854 1817 916 1842 nec
933 1802 1141 1854 simpliciter
1159 1801 1310 1838 eleemo-

324 1881 464 1920 synam,
486 1865 549 1903 sed
567 1879 645 1902 eam
665 1877 744 1914 quae
769 1862 898 1900 sanctis
921 1870 1096 1912 erogetur.
1115 1861 1207 1898 Nam
1231 1872 1312 1896 cum

325 1943 434 1981 supra
450 1928 563 1978 dixit,
589 1929 663 1978 Qui
683 1928 892 1974 miseretur,
908 1926 949 1961 in
969 1923 1183 1969 hilaritate,
1202 1919 1315 1958 omni-

325 1993 393 2031 bus
416 2005 562 2029 manum
581 1989 732 2043 aperuit.
760 1988 828 2025 Hic
846 2000 930 2025 vero
958 1985 1002 2023 de
1027 1985 1194 2022 fidelibus
1214 1984 1313 2035 agit;

325 2053 404 2091 ideo
422 2053 499 2090 haee
517 2050 704 2104 subjungit
723 2065 730 2086 :
752 2050 816 2087 45.
839 2049 1144 2087 lt‘ecessitatibus
1161 2054 1314 2084 sancto-

326 2130 411 2153 rum
426 2116 765 2153 communicantes.
778 2112 856 2148 Non
875 2110 983 2157 dixit,
997 2109 1146 2146 Illorum
1166 2107 1316 2145 necessi-
1339 2123 1362 2153 C

326 2176 459 2214 tatibus
479 2174 765 2221 subministrate3
785 2171 860 2219 sed,
877 2169 1152 2209 Necessitatibus
1172 2169 1313 2205 illorum

328 2237 613 2285 communicate,
648 2233 832 2271 ostendens
862 2233 944 2269 illos
990 2231 1125 2282 majora
1161 2230 1318 2280 accipere

329 2312 437 2348 quam
453 2297 549 2344 dent,
560 2305 593 2333 et
605 2310 679 2332 rem
696 2295 800 2331 istam
815 2308 888 2330 esse
904 2291 1175 2343 negotiationem
1191 2306 1198 2326 :
1217 2304 1316 2327 com-

330 2361 523 2398 municatio
553 2359 686 2410 quippe
709 2367 771 2395 est.
798 2358 858 2394 Tu
886 2355 1075 2407 pecuniam
1101 2354 1230 2391 affers?
1259 2351 1326 2401 Illi

329 2421 398 2459 tibi
417 2420 588 2459 fiduciam
605 2420 808 2469 ergaDeum
825 2417 991 2453 afferunt.
1002 2415 1319 2466 Hospitalitatem

331 2487 532 2519 sectantes.
554 2480 634 2517 Non
653 2478 754 2527 dicit,
778 2477 978 2523 Facientes,
1000 2474 1077 2524 sed,
1098 2475 1316 2519 sectantes,

331 2543 495 2581 erudiens
510 2555 572 2579 nos
588 2550 628 2577 ut
647 2554 715 2577 non
737 2552 863 2590 egenos
884 2535 1257 2589 exspectemus,donec
1274 2535 1321 2572 ad

332 2618 395 2641 nos
411 2603 555 2641 veniant
565 2617 575 2651 3
596 2601 659 2638 sed
674 2610 713 2638 ut
734 2600 779 2637 ad
798 2600 879 2636 illos
895 2611 1080 2636 curramus
1096 2606 1130 2634 et
1149 2605 1320 2634 sectemur

333 2681 403 2705 eos.
418 2668 478 2705 Sic
489 2668 571 2715 Lot,
582 2664 632 2702 sic
649 2663 832 2701 Abraham
843 2662 924 2699 fecit
937 2675 1036 2698 :nam
1051 2660 1147 2697 diem
1158 2659 1224 2696 hac
1234 2659 1269 2695 in
1283 2672 1321 2696 re

333 2727 611 2779 insunisithhanc
624 2725 809 2777 pulchram
821 2732 1029 2775 exspectans
1040 2721 1276 2759 venationem:
1289 2729 1322 2757 et

334 2803 416 2826 cum
438 2788 588 2834 videret,
615 2786 831 2833 exsultabat,
848 2794 881 2822 et
909 2783 1053 2821 obviam
1082 2781 1256 2829 currebat,
1274 2781 1321 2819 ad
1342 2807 1367 2836 D

335 2861 464 2889 terram
474 2848 660 2902 procidens
671 2847 854 2894 adorabat,
866 2845 1091 2895 dicebatque:
1102 2845 1280 2891 Domine,
1289 2846 1322 2881 si

335 2915 467 2951 inveni
475 2914 643 2963 gratiam
652 2913 692 2947 in
702 2916 905 2959 conspectu
917 2915 993 2954 tuo,
1003 2920 1050 2943 ne
1061 2914 1236 2942 transeas
1244 2919 1321 2942 ser-

339 2988 426 3012 vum
441 2982 558 3010 tuum.
568 2972 647 3009 Non
660 2967 962 3021 quemadmodum
981 2980 1044 3004 nos
1057 2980 1139 3003 cum
1158 2965 1323 3003 videmus

336 3033 564 3087 peregrinum
572 3040 632 3069 aut
640 3044 843 3083 pauperem,
854 3027 1042 3079 supercilia
1050 3026 1325 3073 attollimus,nec

338 3096 466 3147 dignos
483 3103 652 3146 putamus
670 3106 757 3143 quos
777 3091 1016 3141 alloquamur,
1036 3097 1069 3125 et
1085 3088 1114 3125 si
1131 3097 1211 3139 post
1229 3087 1328 3124 mille

341 3155 615 3209 supplicationes
627 3154 776 3192 emolliti
791 3152 975 3190 tantillum
993 3150 1129 3202 argenti
1148 3164 1168 3187 a
1185 3149 1327 3187 famulis

341 3217 420 3254 dari
434 3216 656 3269 jusserimus,
671 3224 786 3253 totum
799 3227 861 3251 nos
877 3213 989 3265 probe
1008 3210 1212 3263 praestitisse
1225 3220 1328 3263 puta-

345 3291 437 3315 mus.
460 3279 504 3314 At
524 3288 593 3314 non
627 3278 676 3314 sie
697 3276 777 3325 ille,
795 3287 922 3313 verum
941 3272 1112 3326 supplicis
1140 3281 1174 3311 et
1204 3271 1328 3310 famuli

391 3407 403 3419 ³
429 3394 573 3436 Quidam
589 3396 665 3427 Mss.
684 3399 883 3437 ἐλπιζομένων
901 3399 1029 3435 ἀγαθῶν.

1377 898 1436 940 πὶς
1462 897 1614 950 χρηστή.
1645 898 1735 934 Εἶτα
1762 894 1822 933 καὶ
1842 895 1909 946 πρὸ
1928 898 1996 932 τῶν
2025 894 2297 944 ξ’ἐλπιζομένων
2313 909 2404 945 χρη-

1379 960 1469 996 στῶν
1495 957 1610 1011 ἕτερον
1631 957 1735 995 πάλιν
1757 955 1904 994 ἔπαθλον
1936 956 2090 993 δίδωσιν.
2113 953 2280 1004 Ἐπειδὴζ
2294 953 2362 1006 γὰρ
2380 958 2402 1000 ἢ

1378 1019 1476 1062 ἐλπὶς
1491 1023 1558 1057 τῶν
1578 1017 1774 1069 μελλόντων
1794 1012 1849 1064 ἦν,
1872 1016 1956 1069 φησὶ
1969 1047 1979 1064 ,
2004 1018 2060 1067 Τῇ
2082 1015 2196 1067 θλίψει
2215 1015 2404 1065 ὑπομένον-

1378 1095 1447 1124 τες.
1463 1080 1533 1118 Καὶ
1548 1079 1615 1130 γὰρ
1640 1078 1708 1131 πρὸ
1726 1080 1794 1115 τῶν
1817 1077 2011 1128 μελλόντων
2028 1078 2061 1114 ἐν
2081 1079 2131 1128 τῷ
2148 1075 2293 1129 παρόντι
2314 1075 2403 1127 μέγα

1379 1140 1551 1192 καρπώσῃ
1575 1139 1680 1178 καλὸν
1707 1139 1775 1177 ἀπὸ
1801 1142 1862 1184 τῆς
1881 1138 2027 1190 θλίψεως
2039 1168 2048 1185 ,
2066 1137 2105 1175 τὸ
2124 1136 2328 1188 καρτερικὸς
2345 1136 2404 1174 καὶ

1380 1202 1520 1253 δόκιμος
1537 1202 1704 1254 γίνεσθαι.
1730 1200 1831 1239 Μετὰ
1849 1200 1883 1237 δὲ
1899 1199 2021 1238 τούτου
2042 1199 2101 1236 καίΙ
2117 1199 2236 1250 ἑτέραν
2257 1198 2405 1250 παρέχει

1381 1264 1553 1316 βοήθειαν,
1586 1263 1711 1313 λέγων,
1745 1263 1800 1313 Τῆ
1838 1264 2018 1314 προσευχῇ
2055 1264 2402 1313 προσκαρτεροῦντες.

1333 1357 1337 1360 .
1379 1325 1491 1362 ζΌταν
1507 1318 1565 1361 οὖν
1581 1324 1639 1361 καὶ
1654 1323 1773 1371 ἀγάπη
1790 1322 1930 1360 εὔκολον
1943 1325 2026 1370 ποιῇ
2038 1350 2047 1367 ,
2058 1321 2117 1359 καὶ
2130 1326 2267 1369 πνεῦμα
2280 1322 2402 1371 βοηθῇ,

1378 1385 1438 1423 καὶ
1456 1383 1552 1427 ἐλπὶς
1571 1383 1735 1434 κουφίζῃ,
1757 1382 1817 1419 καὶ
1841 1384 1954 1433 θλῖψις
1975 1381 2116 1431 δόκιμον
2137 1381 2326 1432 ἐργάζηται
2344 1380 2404 1418 καὶ

1379 1444 1572 1491 ἐπιτήδειον
1600 1443 1686 1495 πρὸς
1704 1443 1743 1480 τὸ
1772 1442 1885 1494 φέρειν
1905 1442 2018 1480 πάντα
2037 1441 2218 1492 γενναίως,
2242 1440 2301 1479 καὶ
2321 1441 2406 1493 ἔχῃς

1381 1505 1471 1556 μετὰ
1490 1504 1621 1543 τούτων
1641 1504 1700 1542 καὶ
1727 1503 1842 1557 ἕτερον
1870 1503 1975 1542 ὅπλον
1995 1503 2158 1554 μέγιστον
2173 1502 2235 1550 τὴν
2255 1519 2404 1555 προσευ-

1380 1566 1448 1618 χὴν
1480 1566 1539 1604 καὶ
1567 1565 1630 1611 τὴν
1653 1565 1722 1603 ἀπὸ
1755 1567 1817 1610 τῆς
1850 1564 1999 1611 δεήσεως
2027 1564 2200 1616 βοήθειαν,
2232 1564 2267 1601 τί
2284 1564 2403 1603 λοιπὸν

1382 1627 1481 1665 ἔσται
1497 1626 1658 1665 ἐπίπονον
1674 1628 1742 1663 τῶν
1760 1628 2059 1675 ἐπιταττομένων,
2077 1625 2201 1664 Οὐδέν.
2219 1619 2318 1668 Εἶδες
2331 1627 2406 1668 πῶς

1383 1687 1442 1726 καὶ
1464 1687 1680 1739 πανταχόθεν
1700 1689 1824 1733 ἔστησε
1843 1686 1900 1724 τὸν
1922 1685 2090 1732 ἀθλητὴν,
2107 1685 2166 1724 καὶ
2186 1685 2274 1723 πολὺ
2295 1690 2406 1738 κοῦφοι

1384 1748 1488 1792 ἔδειξε
1515 1748 1558 1785 τὰ
1853 1747 1985 1785 Σκόπει
2004 1747 2108 1785 πάλιν
2133 1750 2207 1790 πῶς
2225 1751 2287 1793 τῆς
2308 1749 2407 1794 ἐλεη-

1587 1746 1811 1798 ἕπιτάγματα
1825 1762 1834 1793 ;

1387 1808 1537 1859 μοσύνης
1559 1807 1838 1858 ἐπιλαμέάνεται
1851 1822 1858 1829 ·
1880 1809 2010 1858 μᾶλλον
2030 1806 2063 1845 δὲ
2084 1809 2148 1859 οὐχ
2168 1809 2286 1850 ἁπλῶς
2303 1809 2407 1854 ἐλεη-

1388 1869 1539 1920 μοσύνης
1552 1899 1560 1915 ,
1579 1868 1668 1907 ἀλλὰ
1690 1871 1752 1914 τῆς
1773 1871 1820 1912 εἷς
1834 1867 1911 1912 τοὺς
1931 1868 2059 1920 ἁγίους.
2077 1868 2166 1906 Ἄνω
2187 1868 2248 1919 μὲν
2272 1868 2339 1921 γὰρ
2362 1870 2408 1906 εἷ-

1386 1931 1474 1978 πὼν,
1490 1930 1534 1969 ‘O
1550 1932 1666 1977 ἐλεῶν,
1681 1932 1715 1967 ἓν
1733 1929 1931 1982 ἱλαρότητι,
1948 1937 2036 1967 πᾶσι
2048 1930 2110 1977 τὴν
2125 1936 2228 1982 χεῖρα
2244 1930 2387 1982 ἀνέῳξεν
2399 1945 2406 1953 ·

1387 1995 1532 2031 ἐνταῦθα
1548 1991 1663 2042 μέντοι
1679 1990 1765 2042 ὑπὲρ
1780 1993 1848 2028 τῶν
1862 1995 1994 2029 πιστῶν
2010 2007 2111 2043 φησι·
2131 1991 2181 2028 διὸ
2196 1991 2254 2029 καὶ
2267 1992 2408 2043 ἐπάγει,

1386 2052 1510 2103 λέγων,
1530 2054 1618 2095 Ταῖς
1648 2052 1782 2104 χρείαις
1813 2054 1881 2089 τῶν
1904 2051 2010 2103 ἁγίων
2042 2056 2296 2096 κοινωνοῦντες.
2332 2055 2409 2090 Οὐκ

1388 2107 1461 2151 εἷπε
1473 2142 1482 2158 ,
1502 2112 1677 2163 παρέχετε
1697 2115 1807 2150 αὐτῶν
1824 2117 1899 2156 ταῖς
1917 2113 2051 2165 χρείαις
2063 2143 2071 2159 ,
2087 2112 2196 2161 ἀλλὰ,
2216 2119 2410 2151 κοινωνεῖτε

1389 2176 1501 2211 αὐτῶν
1523 2179 1598 2216 ταῖς
1616 2174 1771 2225 χρείαις,
1796 2173 1927 2217 δεικνὺς
1947 2173 1999 2211 ὅτι
2020 2174 2159 2224 μείζονα
2171 2174 2408 2224 λαμὲοίνουσιν

1389 2234 1410 2280 ἢ
1429 2235 1589 2280 διδοῦσιν,
1606 2235 1666 2272 καὶ
1684 2234 1737 2272 ὅτι
1755 2234 1905 2285 ἐμπορία
1922 2236 1960 2273 τὸ
1976 2236 2122 2287 πρᾶγμά
2139 2238 2211 2273 ἐστι
2224 2251 2231 2258 ·
2248 2234 2410 2273 κοινωνία

1389 2296 1456 2347 γάρ
1477 2297 1582 2333 ἐστιν.
1612 2294 1794 2346 Εἷσυέρεις
1822 2294 1863 2332 σὺ
1893 2295 2085 2346 χρήματα,
2116 2295 2327 2348 Εἷσφέρουσί
2357 2311 2411 2333 σοι

1390 2354 1587 2407 παρρησίαν
1608 2356 1732 2391 ἐκεῖνοι
1747 2355 1810 2400 τὴν
1825 2354 1909 2405 πρὸς
1929 2355 1986 2391 τὸν
2002 2354 2104 2393 Θεόν.
2123 2354 2197 2402 Τὴν
2218 2355 2409 2407 φιλοξενίαν

1391 2414 1584 2457 διώκοντες.
1601 2416 1677 2453 Οὔκ
1693 2409 1798 2462 εἶπεν,
1821 2415 2063 2466 ἐργαζόμενοι,
2085 2416 2175 2453 ἀλλὰ
2194 2415 2387 2459 Διώκοντες
2399 2444 2409 2462 ,

1390 2474 1563 2513 παιδεύων
1583 2479 1676 2525 ἡμᾶς
1705 2475 1752 2526 μὴ
1782 2475 1964 2526 ἀναμένειν
1997 2476 2074 2519 τοὺς
2105 2477 2304 2527 δεομένους,
2327 2477 2412 2515 πότε

1390 2542 1474 2594 πρὸς
1489 2546 1583 2592 ἡμᾶς
1597 2542 1755 2589 ἔλθωσιν,
1774 2545 1848 2581 ἀλλ’
1871 2543 1992 2586 αὐτοὺς
2008 2544 2203 2597 ἐπιτρέχειν
2224 2546 2282 2582 καὶ
2301 2561 2413 2583 κατα-

1393 2607 1541 2646 διώκειν.
1562 2608 1685 2653 Οῧτως
1699 2613 1715 2647 ὁ
1730 2608 1825 2658 Λὼτ,
1841 2609 1946 2653 οὕτως
1961 2614 1978 2649 ὃ
1995 2611 2154 2663 Ἀὸραὰμ
2173 2611 2314 2658 ἐποίησε
2330 2627 2337 2635 ·
2354 2611 2415 2650 καὶ

1391 2669 1458 2721 γὰρ
1479 2671 1540 2716 τὴν
1571 2669 1705 2723 ἡμέραν
1741 2672 1787 2713 εἷς
1812 2675 1913 2709 τοῦτο
1933 2672 2109 2710 ἀνάλωσεν
2138 2672 2318 2724 ἀναμένων
2349 2672 2412 2719 τὴν

1391 2734 1501 2780 καλὴν
1524 2734 1652 2781 ταύτην
1686 2732 1806 2785 θήραν,
1836 2734 1895 2772 καὶ
1925 2735 2005 2774 ἰδὼν
2035 2737 2254 2785 ἀνεπήδησε,
2274 2737 2334 2775 καὶ
2367 2739 2415 2781 εἷς

1393 2801 1584 2848 ἀπάντησιν
1607 2801 1757 2855 ἔδραμε,
1790 2801 1849 2840 καὶ
1880 2802 2136 2854 προσεκύνησεν
2165 2803 2223 2840 ἐπὶ
2246 2803 2308 2851 τὴν
2337 2807 2416 2855 γῆν,

1391 2868 1451 2906 καὶ
1465 2861 1557 2905 εἷπε·
1577 2867 1703 2919 Κύριε,
1724 2870 1752 2905 εἷ
1771 2862 1865 2920 εῧρον
1881 2869 1984 2921 χάριν
1999 2868 2143 2907 ἐνώπιόν
2159 2886 2218 2908 σου
2231 2900 2240 2917 ,
2270 2870 2318 2920 μὴ
2349 2887 2416 2908 πα-

1393 2935 1516 2988 ρέλθῃς
1533 2934 1590 2972 τὸν
1608 2933 1717 2972 παῖδά
1735 2950 1804 2973 σου.
1816 2936 1868 2972 Οὐ
1884 2935 2041 2988 καθάπερ
2056 2940 2169 2985 ἡμεῖς,
2185 2936 2323 2974 ἐπειδὰν
2339 2937 2419 2975 ἴδω-

1397 3018 1460 3054 μεν
1484 3002 1575 3046 ξένον
1595 3000 1617 3048 ἢ
1638 3000 1792 3049 πένητα,
1811 3001 1872 3045 τὰς
1894 3004 1996 3055 δςρῧς
2019 3006 2243 3054 ἀνασπῶμεν,
2262 3004 2321 3042 καὶ
2341 3004 2419 3043 οὐδὲ

1394 3069 1625 3123 προσρήσεως
1646 3067 1758 3111 ἀξίους
1778 3067 1900 3111 αὐτοὺς
1922 3069 2104 3119 νομίζομεν
2121 3063 2206 3108 εἶναι
2221 3086 2228 3094 ·
2248 3071 2311 3109 κᾶν
2331 3071 2420 3122 μετὰ

1397 3136 1523 3189 μυρίας
1543 3137 1717 3186 ἱκετηρίας
1748 3134 1983 3186 μαλαχθέντες
2002 3135 2219 3187 κελεύσωμεν
2239 3143 2308 3180 τοῖς
2328 3137 2421 3175 οἰκέ-

1395 3219 1472 3246 ταις
1490 3203 1606 3241 δοῦναι
1629 3202 1750 3253 μικρὸν
1786 3201 1962 3254 ἀργύριον,
1982 3202 2022 3239 τὸ
2053 3210 2122 3241 πᾶν
2150 3203 2419 3256 κατωρθωκέναι

1397 3270 1592 3322 νομίζομεν.
1611 3270 1700 3308 Ἀλλᾖ
1730 3271 1792 3308 οὐκ
1813 3271 1940 3314 ἐκεῖνος
1958 3269 2084 3318 οὕτως,
2107 3272 2182 3310 ἀλλ’
2203 3270 2316 3310 ἱκέτου
2333 3275 2420 3323 <rs-“rj-
