2502 3810
340 265 429 326 718
792 280 829 308 s.

332 359 478 408 gentiles
500 370 562 408 pet·
580 357 836 395 accusationem
856 359 1047 397 insectatur
1070 376 1077 396 :
1100 374 1182 398 cum
1200 360 1314 399 dixis-

331 427 381 454 set
399 417 492 453 enim
509 446 520 466 ,
548 418 661 467 Quod
673 420 706 455 si
719 418 843 469 aliqui
859 433 906 456 ex·
920 422 1175 472 ramissracti
1191 430 1281 460 sunt
1299 451 1308 469 ‚

331 477 520 528 subjunxit
538 492 545 512 :
563 479 595 514 Τ
595 491 619 514 ιι
635 487 762 515 autem
777 493 862 517 cum
876 481 1043 518 oleaster
1051 494 1168 527 esses,
1191 484 1314 519 inser—

332 548 391 576 tus
407 553 457 576 es.
476 539 617 585 Quanto
629 541 723 578 enim
737 541 845 580 vilior
855 542 995 594 gentilis
1009 552 1073 591 est,
1086 552 1184 582 tanto
1199 544 1314 596 magis

330 599 426 636 dolet
451 599 599 638 Judaeus
623 600 727 638 illum
746 602 874 639 videns
892 602 928 639 in
950 602 993 640 iis
1010 617 1087 653 quae
1109 603 1153 640 ad
1180 617 1216 641 se
1233 618 1314 656 per-

330 660 443 697 tinent
462 661 687 699 deliciantem
707 678 714 698 :
737 663 862 714 gentili
880 678 964 702 vero
1002 678 1071 701 non
1087 673 1206 703 tantus
1225 674 1276 703 est
1293 680 1313 703 a
1335 709 1338 712 Α

330 720 467 758 vilitate
492 721 634 772 pudor,
667 732 820 772 quantus
838 737 858 761 a
877 724 1073 761 mutatione
1101 724 1228 762 honor.
1268 725 1314 763 Et

331 780 415 818 vide
435 782 538 819 Pauli
556 782 774 834 sapientiam.
789 785 867 822 Non
881 784 996 835 dixit,
1017 786 1148 823 Insitus
1162 800 1219 834 es,
1234 786 1311 836 sed,

333 844 504 880 insertus
524 857 562 881 es
574 860 590 888 ;
604 843 640 881 in
663 844 730 882 hoc
749 859 874 883 rursus
890 847 911 884 J
915 845 1058 883 udaeum
1073 846 1260 898 mordens,
1282 856 1316 885 et

331 903 514 941 ostendens
530 904 566 941 in
586 904 698 956 ipsius
719 906 845 944 arbore
864 906 1074 957 gentilitiam
1091 907 1190 944 illam
1207 917 1311 959 stare,

331 978 480 1015 eamque
513 980 595 1003 cum
614 966 716 1003 humi
740 967 919 1019 jacuisset.
941 967 1025 1005 Ideo
1056 981 1127 1006 non
1157 968 1215 1006 hic
1229 970 1313 1007 sub-

331 1026 447 1076 stitit,
480 1040 542 1064 nec
566 1036 756 1078 postquam
781 1028 896 1077 dixit,
919 1031 1093 1067 Insertus
1119 1044 1178 1079 es,
1203 1030 1315 1069 disce-

331 1086 408 1136 dit,
446 1087 583 1125 etiamsi
614 1088 665 1126 sic
690 1098 804 1126 totum
828 1089 1066 1128 declarasset:
1097 1100 1249 1130 attamen
1278 1093 1315 1130 in

331 1149 406 1199 ejus
416 1149 812 1199 felicitateimmoratur,
823 1151 967 1202 ejusque
982 1151 1220 1190 celebritatem
1235 1168 1314 1205 pro-

330 1208 538 1257 fert,dicens
554 1212 608 1248 :E
613 1220 626 1249 t
639 1214 764 1249 socius
779 1213 922 1250 radicis
933 1221 970 1249 et
981 1214 1228 1264 pinguedinis
1246 1215 1315 1252 oli-

331 1283 393 1306 voe
412 1271 553 1322 factus
584 1285 634 1310 es.
654 1270 808 1311 Videtur
840 1271 985 1321 quidem
1017 1273 1186 1323 gentilem
1213 1274 1314 1325 quasi

329 1329 614 1368 additamentum
633 1345 761 1382 ponere
768 1347 780 1381 3
801 1332 953 1370 ostendit
970 1347 1054 1370 vero
1078 1333 1195 1384 ipsum
1224 1335 1316 1373 nihil

329 1390 411 1428 inde
442 1391 538 1441 laedi,
560 1392 621 1429 sed
650 1401 764 1430 totum
794 1393 886 1430 illud
913 1394 1061 1442 babere,
1082 1395 1179 1444 quod
1209 1395 1315 1433 habet

328 1465 448 1488 ramus
467 1451 511 1489 de
524 1452 642 1489 radice
654 1452 854 1491 ascendens.
872 1453 1014 1490 Etenim
1034 1468 1078 1491 ne
1094 1469 1175 1492 cum
1197 1456 1311 1506 audis,

334 1514 388 1549 Tu
406 1526 498 1550 vero
527 1515 692 1551 insertus
711 1528 764 1560 es,
787 1514 1018 1552 imminutum
1034 1515 1138 1553 illum
1155 1529 1228 1553 esse
1245 1531 1313 1568 pu-

327 1581 392 1621 tes,
404 1586 484 1610 cum
504 1573 658 1610 naturali
680 1588 779 1611 ramo
795 1574 900 1612 illum
918 1575 1111 1624 conferens,
1125 1575 1208 1613 vide
1224 1591 1312 1628 quo-

329 1632 434 1670 modo
468 1633 573 1671 illum
609 1635 782 1684 aequalem
813 1635 931 1684 faciat,
957 1635 1078 1673 dicens
1092 1652 1099 1672 τ
1114 1638 1165 1675 Et
1186 1641 1312 1677 socius

327 1694 470 1730 radicis
486 1703 521 1731 et
538 1696 783 1745 pinguedinis
808 1696 1064 1748 olivoefactzes
1084 1711 1144 1742 es;
1158 1697 1226 1736 hoc
1243 1707 1308 1746 est,

326 1754 362 1790 in
383 1754 543 1791 eamdem
555 1755 671 1806 jactus
695 1769 730 1792 es
751 1755 988 1806 nobilitatem,
1006 1756 1041 1794 in
1059 1757 1220 1795 eamdem
1243 1773 1313 1796 na-

327 1825 458 1852 turam.
473 1815 611 1853 Deinde
629 1826 816 1869 postquam
830 1817 1032 1870 ‘increpavit
1046 1828 1078 1856 et
1094 1819 1188 1857 dixit
1202 1823 1314 1859 :Noli

325 1878 487 1928 gloriari
515 1879 698 1916 adversus
717 1893 859 1926 ramos,
884 1879 1028 1917 videtur
1053 1881 1201 1931 quidem
1229 1897 1311 1921 con-

327 1938 433 1974 solari
462 1937 644 1986 Judaeum,
679 1947 794 1976 tamen
826 1939 978 1977 ostendit
1008 1940 1105 1978 illius
1135 1942 1313 1981 vilitatem

326 2009 359 2036 et
373 2000 602 2050 ignominiam
617 1999 778 2037 multam.
790 2000 944 2051 Ideoque
961 2015 1030 2039 non
1044 2001 1138 2040 dixit
1156 2012 1309 2052 tantum,

325 2062 379 2098 Ne
398 2061 558 2111 glorieris
567 2076 577 2110 3
600 2060 677 2110 sed,
698 2062 758 2099 Ne
785 2062 962 2113 glorieris
991 2064 1174 2102 adversus
1203 2066 1309 2117 illos,

328 2122 377 2158 ita
393 2131 430 2160 ut
450 2122 503 2159 illi
526 2122 802 2175 abrumpamur:
819 2137 901 2164 nam
923 2123 1118 2164 initlorum
1137 2126 1214 2165 loco
1229 2135 1313 2178 stas,

325 2184 467 2235 illisque
483 2186 620 2224 frueris.

380 2247 414 2282 5.
433 2246 562 2285 Viden’
581 2247 759 2297 quomodo
782 2246 950 2285 videatur
966 2248 1111 2298 quidem
1130 2248 1311 2301 increpare

325 2306 417 2353 illos,
442 2307 461 2346 J
466 2307 655 2358 udaeosque
669 2307 828 2345 mordeat
840 2308 927 2346 1³18.
943 2309 1055 2358 Quod
1069 2313 1102 2347 si
1117 2311 1311 2361 gloriaris,

325 2368 457 2419 inquit,
469 2383 545 2405 non
559 2377 598 2406 tu
609 2370 779 2407 radicem
788 2377 933 2420 portas,
942 2371 1010 2406 sed
1023 2371 1138 2407 radix
1155 2372 1310 2419 te.Quid

326 2428 395 2466 hoc
408 2428 452 2466 ad
467 2443 584 2466 ramos
600 2429 693 2475 illos,
705 2428 767 2479 qui
779 2428 887 2466 excisi
903 2437 984 2466 sunt
994 2429 1011 2466 Ξ)
1021 2429 1135 2467 Nihil.
1149 2432 1200 2468 Ut
1215 2432 1310 2469 enim

325 2489 419 2539 dixi,
441 2490 528 2527 dum
545 2489 738 2540 quamdam
765 2489 919 2527 debilem
952 2491 1199 2530 consolationis
1227 2507 1310 2531 um-

325 2551 429 2587 bram
452 2551 652 2601 excogitare
675 2550 832 2599 videtur,
853 2559 886 2588 et
912 2564 992 2587 cum
1018 2561 1138 2589 contra
1163 2554 1310 2604 gentiles

324 2611 520 2657 invehitur,
548 2611 688 2649 letalem
717 2610 850 2650 Judaeis
890 2611 1033 2663 plagam
1066 2611 1182 2652 infert.
1218 2615 1308 2653 Cum

324 2672 472 2710 dixisset
497 2672 604 2718 enim,
634 2698 650 2710 i
666 2673 695 2710 'e
718 2673 895 2724 glorieris
908 2689 924 2717 ;
958 2682 1005 2722 et,
1039 2674 1080 2711 Si
1109 2676 1305 2726 gloriaris,

325 2746 403 2770 non
421 2742 461 2770 τιι
479 2734 650 2770 radicem
663 2741 809 2784 portem,
827 2732 953 2772 Judaeo
969 2733 1134 2784 ostendit,
1156 2736 1220 2774 tali
1235 2737 1310 2788 glo·

323 2794 473 2832 riatione
491 2794 597 2845 digna
618 2808 691 2832 esse
704 2794 776 2842 illa,
788 2808 866 2844 quae
882 2795 973 2832 facta
988 2804 1082 2843 sunt,
1095 2796 1159 2833 etsi
1178 2797 1307 2848 gloria—

323 2854 354 2891 ri
375 2868 444 2891 non
475 2862 654 2905 oporteat5
678 2853 782 2891 illum
810 2853 966 2891 excitans
989 2854 1036 2892 ad
1055 2855 1181 2904 fidem,
1207 2858 1308 2908 quasi

323 2924 498 2966 patronus
515 2914 707 2963 incessens,
743 2914 996 2965 ostendensque
1011 2915 1064 2953 illi
1081 2917 1169 2966 quid
1184 2918 1307 2958 damni

322 2975 529 3026 pertulerit,
546 2984 579 3012 et
599 2975 696 3025 quod
721 2990 783 3013 sua
802 2975 862 3012 alii
881 2975 1090 3027 possideant.
1113 2979 1173 3016 19.
1190 2981 1307 3019 Dices

323 3050 427 3087 erg0‚
444 3038 484 3073 F
482 3038 582 3074 racti
597 3044 686 3074 sunt
705 3037 815 3085 rami,
833 3045 874 3074 ut
888 3050 955 3087 ego
972 3039 1133 3076 inserar.
1148 3040 1305 3078 Rursum

323 3095 529 3148 objectionis
558 3096 663 3133 modo
688 3095 724 3133 id
753 3095 849 3146 quod
874 3096 985 3148 priori
1014 3098 1231 3137 contrarium
1257 3109 1307 3139 est

322 3157 473 3208 probat,
501 3156 685 3194 ostendens
705 3169 742 3193 se
765 3170 817 3203 ea,
841 3171 918 3206 quae
944 3158 1043 3209 prius
1062 3159 1220 3211 dixerat,
1238 3175 1305 3199 non

321 3218 389 3255 alia
410 3218 454 3255 de
473 3231 576 3254 eausa
595 3217 689 3254 dicta
709 3231 794 3266 esse,
819 3232 924 3268 quam
948 3227 986 3255 ut
1006 3219 1148 3258 Judaeos
1163 3230 1304 3272 pertra—

319 3279 429 3316 heret.
442 3280 520 3316 Non
540 3279 632 3316 ultra
650 3293 692 3316 ex
707 3278 836 3316 delicto
856 3279 1000 3318 illorum
1016 3282 1110 3319 salus
1130 3283 1173 3320 ad
1187 3293 1304 3334 gentes

365 3391 377 3404 ³
403 3382 594 3422 Suspicatur
622 3381 760 3413 sax-ilius
784 3381 957 3424 legendum
985 3392 1026 3427 τῷ
1051 3388 1155 3417 αὐτῶν.
1173 3386 1321 3428 Utraque

321 3432 418 3465 lectio
437 3431 518 3464 bene
534 3431 653 3465 habere
672 3432 814 3466 videtur.
835 3434 949 3475 [Recte
968 3434 1116 3476 savinus,
1134 3437 1224 3478 cujus
1239 3448 1321 3469 con-

1325 1858 1371 1923 6¹39
1382 1898 1504 1934 καυγω
1524 1897 1614 1919 ωστΞ
1636 1881 1759 1924 asstouc
1777 1881 1996 1934 απορῦηξαι·
2020 1897 2080 1919 και
2095 1881 2163 1935 γὰρ
2183 1898 2229 1926 εἰς
2244 1898 2288 1919 ‘t‘z
2309 1882 2406 1919 3243(-

868 279 1051 309 JOANle
1087 281 1327 312 CHRYSOST.
1367 282 1574 314 ARCHIEP.
1614 284 1969 319 CONSTANTm'OF.

1387 364 1653 416 ἐνεκεντρίσθης.
1674 364 1778 418 εὈσῳ
1805 366 1871 419 γὰρ
1901 368 1940 405 ἂν
1968 368 2106 416 εὐτελὴς
2134 364 2156 421 ἦ
2186 373 2203 408 ὁ
2227 369 2261 413 ἐξ
2287 370 2406 417 ἕθνίῧν,

1385 423 1538 476 τοσούτῳ
1561 426 1691 473 μᾶλλον
1713 428 1730 463 ὃ
1748 426 1913 469 Ἰουδαῖος
1933 429 2030 479 ἀλγεῖ
2064 435 2134 471 τοῖς
2162 431 2264 467 αὐτοῦ
2286 434 2407 467 τοῦτον

1386 485 1607 536 ἐντρυφῶντα
1638 488 1744 536 ὁρῶν·
1765 486 1916 539 κάκείνῳ
1948 487 1982 525 δὲ
2011 490 2048 526 οὐ
2077 489 2228 535 τοσαύτη
2250 488 2318 527 ἀπὸ
2345 505 2409 534 της

1339 547 1364 577 D
1388 544 1559 588 εὐτελείας
1577 548 1598 592 ἡ
1622 545 1769 597 αἰσχύνη
1785 576 1794 593 ,
1813 546 1876 594 ὅση
1897 547 1966 585 ἀπὸ
1980 551 2042 595 τῆς
2059 550 2286 599 μεταῧολης<
2269 566 2291 595 η
2307 549 2406 599 τιμή.

1388 603 1458 642 Καὶ
1490 605 1612 642 σκόπει
1645 605 1791 657 σοφίαν·
1819 609 1880 645 οὐκ
1908 624 2017 655 ειπεν,
2044 609 2286 661 ἐνεφυτεύθης,
2317 611 2406 656 ἀλλ’,

1387 666 1672 717 Ἐνεκεντρίσθης
1684 696 1695 712 ,
1713 669 1748 705 ἐν
1766 667 1876 720 τούτῳ
1890 668 1962 706 πάλ
1967 685 1994 706 ιν
2011 669 2144 708 δάκνων
2157 671 2213 709 τὸν
2227 670 2407 719 Ἰουδαῖον,

1387 726 1446 763 καὶ
1461 725 1593 769 δεικνὺς
1608 728 1642 764 ἐν
1661 729 1710 778 τῷ
1729 727 1857 781 δένδρῳ
1872 731 1922 781 τῷ
1940 731 2043 768 αὐτοῦ
2056 730 2115 768 τὸν
2131 730 2164 774 ἐξ
2184 732 2288 768 ἐθνῶν
2305 732 2409 776 ἔστη·

1387 786 1492 835 κότα,
1509 787 1568 824 καὶ
1588 790 1708 825 τοῦτον
1725 787 1882 838 κείμενον
1906 788 2036 841 χαμαί.
2058 789 2188 842 Διόπερ
2208 789 2283 828 οὐδὲ
2302 790 2407 842 μέχρι

1386 846 1506 884 τούτου
1526 846 1610 893 ἔστη
1626 877 1634 895 ,
1657 847 1732 885 οὐδὲ
1750 848 1869 897 εἰπὼν,
1883 849 2166 903 Ἐνεκεντρίσθης
2177 879 2186 897 ,
2202 851 2407 900 ἀπηλλάγη,

1386 907 1500 945 καίτοι
1517 908 1556 946 τὸ
1574 914 1644 946 πᾶν
1664 909 1817 955 ἐδήλωσε
1835 910 1970 962 τούτῳ·
1990 912 2066 948 ἀλλ’
2086 910 2181 961 ὅμως
2200 910 2408 963 ἐνδιατρίὸει

1383 972 1427 1020 τῇ
1444 969 1614 1023 εὐημερίᾳ
1631 969 1775 1018 τούτου,
1791 971 1851 1009 καὶ
1867 971 1998 1024 εὐρύνει
2017 971 2082 1018 τὴν
2098 971 2335 1022 εὐδοκίμησιν,
2350 971 2409 1009 λζ-

1385 1046 1454 1081 γων
1468 1046 1475 1053 ·
1492 1031 1568 1068 Καὶ
1584 1030 1809 1082 συγκοινωνὸς
1825 1034 1886 1078 τῆς
1905 1032 1999 1083 ῥίζης
2013 1033 2072 1070 καὶ
2088 1036 2150 1079 τῆς
2164 1032 2328 1078 πιότητος
2346 1034 2410 1078 τῆς

1386 1090 1503 1134 ἐλαίας
1519 1090 1648 1142 ἐγένου.
1671 1091 1741 1129 Καὶ
1760 1092 1852 1129 δοκεῖ
1871 1092 1932 1142 μὲν
1953 1092 2054 1130 αὐτὸν
2077 1095 2111 1131 ἐν
2129 1092 2224 1137 τάξει
2248 1092 2408 1144 προσθή-

1387 1167 1449 1197 κης
1465 1150 1671 1189 τεθεικέναι·
1692 1150 1842 1189 δείκνυσι
1859 1152 1894 1191 δὲ
1914 1152 2010 1191 οὐδὲν
2029 1153 2130 1191 αὐτὸν
2157 1152 2267 1204 ταύτῃ
2289 1169 2409 1205 παρα-

1340 1221 1364 1251 Ε
1388 1211 1640 1262 ὃαπτόμενον,
1664 1213 1754 1251 ἀλλὰ
1772 1213 1811 1251 τὸ
1829 1220 1897 1251 πᾶν
1918 1213 2153 1265 ἔχοντα,ὃ’σον
2177 1206 2271 1251 εἶπεν
2291 1216 2308 1250 ὃ
2322 1213 2407 1251 κλά-

1388 1274 1443 1316 δος
1459 1275 1506 1311 ὁ
1493 1290 1531 1311 εκ
1555 1289 1617 1320 της
1636 1273 1729 1325 ῥίζης
1751 1274 1893 1318 ἀναὲάς.
1909 1273 1988 1312 Ἵνα
2007 1273 2072 1326 γὰρ
2094 1273 2145 1324 μὴ
2163 1273 2334 1320 ἀκούσας,
2355 1273 2410 1311 Σὺ

1387 1333 1421 1371 δὲ
1452 1333 1729 1386 ἐνεκεντρίσθης,
1761 1336 1986 1379 ἦλαττῶσθαι
2017 1334 2119 1371 αὐτὸν
2149 1333 2294 1384 νομίσῃς
2322 1334 2408 1384 πρὸς

1385 1394 1443 1431 τὸν
1459 1393 1609 1444 ἔμφυτον
1628 1394 1755 1431 κλάδον
1771 1394 1976 1445 συγκρίνων,
1999 1393 2063 1445 ὅρα
2087 1396 2161 1436 πῶς
2180 1394 2282 1431 αὐτὸν
2303 1393 2408 1437 ἐξισοῖ

1383 1452 1514 1504 λέγων·
1537 1454 1607 1492 Καὶ
1632 1453 1861 1505 συγκοινωνὸς
1881 1458 1943 1500 τῆς
1964 1453 2056 1505 ῥίζης
2079 1454 2138 1490 καὶ
2158 1456 2221 1499 τῆς
2244 1454 2407 1501 πιότητος

1382 1518 1444 1561 τῆς
1462 1515 1580 1558 ἐλαίας
1595 1514 1709 1565 ἐγένου
1727 1531 1734 1537 ·
1749 1514 1938 1563 τουτέστιν,
1961 1518 2008 1559 εἷς
2024 1514 2088 1561 τὴν
2110 1515 2217 1561 αὐτὴν
2235 1514 2408 1563 κατέστης

1383 1577 1569 1625 εὐγένειαν,
1594 1579 1640 1620 εἷς
1653 1576 1715 1623 τὴν
1733 1576 1840 1623 αὐτὴν
1859 1576 1968 1628 φύσιν.
2000 1571 2087 1615 Εἶτα
2116 1576 2307 1623 ἐπιπλήξας
2319 1606 2329 1623 ,
2346 1578 2407 1615 καὶ

1383 1637 1488 1676 εἰπών
1501 1653 1509 1660 ·
1529 1637 1591 1684 Μὴ
1611 1640 1825 1689 κατακαυχῶ
1844 1641 1915 1675 τῶν
1929 1639 2079 1685 κλάδων,
2100 1639 2192 1675 δοκεῖ
2211 1638 2273 1688 μὲν
2291 1654 2407 1691 παραε

1383 1702 1564 1749 μυθεῖσθαι
1585 1698 1642 1736 τὸν
1660 1697 1839 1746 Ἰουδαῖον,
1857 1698 2009 1736 δείκνυσι
2033 1700 2067 1737 δὲ
2091 1700 2195 1736 αὐτοῦ
2213 1698 2253 1736 τὸ
2273 1699 2407 1743 εὐτελὲς

1381 1760 1441 1798 καὶ
1469 1759 1532 1806 τὴν
1558 1758 1691 1804 πολλὴν
1721 1759 1876 1810 ἀτιμίαν.
1906 1759 1974 1798 Διὰ
1998 1764 2098 1798 τοῦτο
2126 1758 2200 1798 οὐδὲ
2229 1752 2323 1807 εἷπε,
2355 1760 2405 1809 μὴ

1381 1836 1524 1872 καυγω,
1559 1819 1669 1866 ἀλλα,
1704 1819 1766 1865 Μὴ
1802 1836 2038 1872 κατακαυγω,
2074 1820 2122 1870 μὴ
2157 1821 2234 1858 κατ’
2265 1835 2319 1857 εκε
2327 1819 2407 1858 ίνων

1382 1960 1448 1982 νων
1469 1942 1619 1990 ἕστηκας
1632 1972 1642 1990 ,
1663 1959 1730 1980 των
1749 1942 1889 1981 ἐκείνων
1911 1942 2110 1985 ἀπολαύεις

1436 2255 1545 2307 (Ορᾷς
1567 2271 1641 2298 πως
1663 2256 1755 2293 δοκεῖ
1776 2272 1837 2306 μεν
1860 2254 2085 2301 ἐπιπλήττειν
2110 2269 2263 2302 τουτοις,
2287 2254 2406 2292 δάκνει

1382 2316 1418 2354 δε
1435 2319 1490 2354 ἐκε
1496 2316 1599 2362 ίνους;
1625 2317 1669 2353 Εἰ
1698 2315 1732 2352 δὲ
1759 2322 2051 2366 κατακαυγᾶσαι,
2071 2330 2188 2366 φησιν,
2219 2315 2257 2351 οὐ
2278 2330 2319 2351 συ
2340 2314 2405 2361 τὴν

1382 2376 1476 2428 ρίζαν
1500 2375 1704 2426 βαστάζεις,
1727 2375 1803 2412 ἀλ’λ
1823 2377 1844 2420 ἡ
1871 2374 1948 2425 ρίζα
1975 2389 2023 2412 σε.
2054 2375 2101 2412 Τί
2127 2377 2183 2411 οὖν
2215 2374 2300 2425 πρὸς
2324 2390 2405 2417 τους

1380 2435 1526 2478 κλάδους
1545 2451 1646 2473 τουτο
1675 2450 1756 2478 τους
1782 2434 2013 2481 ἐκκοπέντας;
2043 2435 2166 2473 Οὐδέν.
2187 2434 2305 2485 “Ὀπερ
2335 2434 2403 2486 γὰρ

1379 2497 1484 2548 ἔφθην
1513 2495 1632 2542 εἷπὼν,
1664 2495 1764 2534 σκιάν
1784 2511 1862 2532 τινα
1888 2495 2110 2548 παραμυθίας
2138 2496 2263 2540 ἇσθενῆ
2293 2497 2403 2533 δοκῶν

1379 2559 1539 2604 ἐπινοεῖν,
1557 2556 1615 2593 καὶ
1632 2559 1666 2594 ἐν
1688 2556 1780 2607 αὐτῷ
1797 2558 1844 2607 τῷ
1865 2556 1950 2606 πρὸς
1966 2556 2023 2593 τὸν
2043 2555 2078 2599 ἐξ
2096 2558 2200 2594 ἐθνῶν
2223 2557 2404 2594 ἀποτείνε-

1380 2621 1478 2665 σθαι,
1490 2616 1629 2669 καιρίαν
1650 2618 1765 2659 αὐτοῖς
1779 2615 1900 2654 δίδωσι
1918 2616 2070 2667 πληγήν.
2090 2615 2211 2654 Εἰπὼν
2227 2616 2295 2667 γὰρ
2308 2647 2318 2664 ‚
2340 2616 2402 2663 Μὴ

1380 2694 1616 2730 κατακαυγω,
1650 2693 1709 2715 και
1741 2677 1793 2715 ὅτι
1824 2679 1868 2715 Εἰ
1900 2693 2196 2729 κατακαυχασαι,
2217 2680 2254 2715 οὐ
2277 2677 2318 2715 συ
2340 2677 2405 2724 τὴν

1729 2737 1762 2752 aix
1797 2738 1811 2751 r

1381 2740 1477 2791 ῥίζαν
1500 2739 1703 2790 βαστάζεις,
1725 2753 1831 2782 εοειςε
1848 2754 1898 2778 τι)
1918 2737 2098 2789 Ἰουδαίῳ,
2118 2737 2171 2775 ὅτι
2199 2738 2406 2790 καυχήσεως

1380 2802 1420 2845 ἅς
1407 2801 1460 2839 ἰα
1474 2800 1519 2838 τὰ
1533 2802 1747 2852 γεγενημένα
1761 2829 1771 2847 ,
1801 2801 1830 2836 εἷ
1857 2814 1917 2837 και
1945 2799 1994 2849 μὴ
2015 2800 2348 2850 κατακαυχᾶσθαι
2329 2805 2402 2837 οεῖ·

1334 2869 1356 2898 Β
1379 2862 1438 2900 καὶ
1458 2860 1633 2913 διεγείρων
1657 2860 1760 2898 αὐτὸν
1779 2860 1838 2898 καὶ
1856 2859 2057 2911 παροξύνων
2075 2861 2121 2903 εἷς
2140 2859 2271 2907 πίστιν,
2288 2858 2348 2897 καὶ
2368 2861 2403 2897 ἔν

1381 2923 1474 2967 τάξει
1501 2921 1690 2973 συνηγόρου
1713 2921 1864 2971 βάλλων,
1892 2920 1950 2958 καὶ
1973 2919 2105 2961 δεικνὺς
2126 2921 2221 2972 αὐτῷ
2247 2919 2311 2965 τὴν
2344 2922 2403 2967 ζη-

1381 2983 1478 3034 μίαν,
1503 2983 1543 3030 ἣν
1565 2981 1748 3031 ὑπέμεινε,
1782 2981 1841 3018 καὶ
1867 2980 1920 3018 δ’τι
1950 2979 1995 3017 τὰ
2025 2979 2164 3017 ἐκείνων
2192 2979 2401 3031 κατέχουσιν

1379 3044 1501 3095 ἕτεροι.
1529 3044 1645 3094 Ἐρεῖς
1680 3036 1749 3088 οὐν,
1770 3041 1876 3093 φησὶ,
1896 3039 2153 3087 ἐξεκλάσθησαν
2181 3039 2323 3087 κλάδοι,
2343 3040 2400 3077 ἵνα

1379 3103 1446 3154 ἐγὼ
1466 3104 1706 3155 ἐγκεντρισθῶ.
1723 3101 1838 3139 Πάλιν
1857 3103 1890 3138 ἐν
1907 3100 2002 3144 τάξει
2022 3100 2225 3143 ἀντιθέσεως
2243 3100 2283 3138 τὸ
2303 3103 2400 3138 ἐναν-

1377 3163 1447 3202 τίον
1470 3166 1519 3215 τῷ
1545 3161 1703 3214 προτέρῳ
1729 3160 2002 3208 κατασκευάζει,
2028 3160 2158 3205 δεικνὺς
2182 3161 2234 3198 ὅτι
2267 3161 2327 3198 καὶ
2354 3161 2398 3197 τὰ

1378 3227 1492 3277 μικρῷ
1513 3223 1706 3275 ἔμπροσθεν
1730 3221 1895 3273 εἰρημένα
1924 3221 2001 3273 οὐχὶ
2022 3221 2290 3273 προηγουμένως
2320 3221 2395 3258 ἔλε-

1375 3301 1445 3334 γεν,
1463 3284 1553 3323 ἀλλὰ
1566 3283 1791 3335 ἐφελκόμενος
1806 3282 1938 3325 αὐτούς.
1960 3282 2090 3321 Οὐκέτι
2105 3282 2172 3334 γὰρ
2192 3285 2263 3334 ἃτῷ
2280 3283 2394 3320 αὐτῶν

1385 3389 1549 3430 jeciuram
1564 3387 1741 3420 confirmat
1758 3386 1842 3420 Cod.
1863 3388 1898 3419 A.
1916 3387 2103 3430 Legebatur
2131 3396 2171 3429 τῷ
2198 3388 2308 3429 αὐτῷ]
