2502 3810
346 268 435 331 754
796 281 832 310 ε».
871 278 1055 309 smmis
1091 278 1329 309 cnanosT·
1373 279 1578 310 ARCHIEP.
1617 280 1969 314 coxsrAxTffioe.

341 372 450 401 stratu
470 360 641 408 conciliet,
663 358 749 396 dum
766 358 919 396 ostendit
938 359 1041 397 illum
1058 360 1172 412 ipsius
1192 358 1318 397 lauda-

340 432 451 459 torem
471 420 614 458 sedere?
630 419 746 458 viden'
764 420 942 470 quomodo
959 421 1048 459 iram
1068 421 1320 460 evacuaverit?

337 484 373 521 4.
390 485 465 520 Dei
479 486 581 519 enim
598 485 772 519 minister
783 492 839 520 est
855 485 922 520 tibi
936 486 977 520 in
994 486 1146 521 bonum.
1159 484 1319 522 Tantum

337 545 435 582 abest
455 553 492 580 ut
511 553 543 581 te
561 552 698 590 terreat,
714 552 754 580 ut
780 543 884 581 etiam
900 544 1041 582 laudet:
1061 554 1199 582 tantum
1221 546 1319 584 abest

338 614 377 642 ut
390 603 575 655 impediat,
593 613 631 641 ut
647 603 754 641 etiam
772 613 888 641 tecum
908 614 1124 657 cooperetur.
1148 606 1240 643 Cum
1257 621 1317 644 er-

338 679 381 716 go
397 674 429 702 et
447 664 667 702 laudatorem
692 665 821 703 habeas
838 675 871 703 et
888 666 1100 718 adjutorem,
1116 682 1180 704 cur
1199 682 1268 705 non
1285 678 1318 706 te

334 725 512 775 subjicis?
533 726 625 762 Nam
646 733 678 762 et
702 725 790 762 alias
820 725 1017 764 faciliorem
1047 728 1114 764 tibi
1146 728 1318 768 virtutem

334 784 464 833 reddit,
484 785 595 823 malos
607 785 750 836 quidem
766 786 928 837 puniens,
948 787 1059 825 bonos
1078 797 1197 826 autem
1214 789 1319 828 bene-

333 845 425 883 ficiis
444 855 478 883 et
496 846 630 884 honore
655 846 803 895 donans,
826 848 962 898 Deique
981 849 1156 887 voluntati
1189 864 1318 903 coope—

333 920 415 944 rans
431 923 438 943 :
457 906 607 958 ideoque
623 907 827 946 ministrum
850 908 956 946 illum
970 910 1124 948 vocavit.
1139 911 1318 963 Perpende

333 978 471 1007 autem:
488 983 552 1021 ego
578 979 618 1007 ut
635 978 835 1022 temperans
854 970 902 1008 sis
924 972 1083 1018 consulo,
1107 981 1141 1010 et
1162 973 1237 1025 ipse
1254 988 1318 1025 per

332 1030 426 1081 leges
439 1030 487 1068 ita
501 1030 591 1068 dicit
605 1046 612 1067 ι
626 1044 690 1082 ego
711 1031 832 1069 hortor
846 1046 887 1069 ne
901 1032 981 1083 quis
991 1032 1152 1071 avaritia³
1165 1033 1316 1084 studeat,

333 1105 376 1128 ne
395 1091 521 1142 rapiat,
539 1100 572 1129 et
592 1091 651 1129 ille
666 1106 772 1144 super
787 1092 862 1130 haec
871 1092 988 1144 judex
1010 1093 1120 1132 sedet.
1141 1095 1266 1145 ltaque
1286 1095 1316 1134 is

333 1161 538 1203 cooperator
556 1161 607 1189 est
629 1162 662 1190 et
684 1153 783 1190 nobis
799 1153 1003 1202 auxiliator,
1021 1163 1055 1192 et
1085 1155 1129 1192 ad
1147 1170 1223 1193 eam
1241 1170 1317 1193 rem

332 1228 352 1251 a
372 1216 446 1252 Deo
461 1214 589 1252 missus
604 1224 665 1254 est.
683 1215 861 1265 Utrinque
877 1229 961 1266 ergo
974 1217 1188 1254 venerabilis
1206 1226 1267 1265 est,
1285 1227 1317 1255 et

332 1273 428 1324 quod
447 1289 465 1311 a
486 1276 561 1312 Deo
590 1275 717 1312 missus
737 1284 800 1323 est,
820 1284 854 1313 et
874 1275 970 1325 quod
998 1276 1042 1313 ad
1061 1277 1236 1327 ejusmodi
1257 1292 1318 1315 ne-

333 1336 480 1385 gotium.
504 1336 617 1386 Quod
631 1338 664 1373 si
676 1336 823 1372 malum
834 1337 991 1388 feceris,
1010 1340 1114 1374 time.
1134 1338 1214 1375 Non
1235 1352 1317 1389 ergo

332 1395 495 1447 princeps
530 1396 695 1433 timorem
727 1395 866 1443 incutit,
895 1395 958 1433 sed
992 1397 1151 1446 nequitia
1180 1407 1313 1436 nostra.

333 1457 422 1493 D'on
438 1470 526 1507 ergo
545 1457 692 1496 frustra
707 1456 884 1507 gladium
907 1465 1050 1506 portat.
1073 1457 1205 1497 Viden⁷
1227 1473 1318 1508 quo-

332 1516 438 1553 modo
456 1517 560 1553 illum
581 1516 646 1553 tibi
664 1516 831 1553 exhibeat
853 1525 1028 1553 armatum
1044 1530 1104 1554 ceu
1128 1519 1317 1568 quemdam

332 1577 494 1625 militem,
516 1578 760 1630 peccatoribus
798 1577 996 1614 terribilem
1012 1597 1015 1600 >
1031 1579 1242 1618 ostendens?
1274 1581 1313 1619 4.

332 1640 409 1676 Dei
429 1642 531 1676 enim
558 1642 734 1676 minister
757 1647 812 1676 est
836 1641 877 1675 in
904 1642 1017 1685 iram,
1037 1640 1141 1677 ultor
1172 1644 1220 1688 ei,
1251 1646 1319 1694 qui

331 1702 478 1739 malum
496 1710 686 1753 operatur.
701 1702 753 1738 Ne
765 1715 888 1738 rursus
903 1715 1044 1753 poenam
1058 1702 1216 1751 audiens,
1232 1717 1317 1755 sup-

330 1762 480 1813 plicium
501 1771 534 1799 et
554 1761 731 1813 gladium,
746 1761 899 1811 resilias,
916 1776 1038 1800 rursus
1054 1761 1143 1800 dicit'
1156 1777 1236 1801 eum
1251 1765 1317 1803 Dei

329 1823 443 1874 legem
470 1823 628 1875 implere.
650 1822 751 1869 Quid
775 1823 885 1871 enim,
908 1823 937 1860 si
967 1823 1130 1876 princeps
1151 1824 1318 1875 ignoret?

331 1885 401 1923 Sed
425 1887 520 1923 Deus
549 1884 596 1922 ita
618 1884 783 1922 instituit.
807 1885 846 1923 Si
873 1899 955 1937 ergo
985 1894 1017 1923 et
1043 1885 1130 1924 dum
1154 1887 1259 1938 punit
1285 1896 1318 1925 et

329 1945 417 1983 dum
427 1946 588 1992 honorat,
604 1945 671 1983 Dei
686 1944 843 1982 minister
855 1955 918 1992 est,
934 1945 1103 1984 virtutem
1121 1946 1317 1996 vindicans,

331 2007 505 2044 malitiam
533 2007 693 2058 abigens,
716 2006 755 2044 id
780 2007 879 2056 quod
901 2009 975 2045 Deo
997 2008 1123 2060 placet,
1143 2022 1206 2045 cur
1234 2021 1316 2046 cum

329 2067 392 2104 illo
421 2067 616 2113 contendis,
638 2068 698 2118 qui
723 2077 819 2105 tanta
849 2067 989 2106 inducit
1019 2068 1112 2105 bona
1144 2068 1319 2120 rebusque
1344 2080 1367 2112 C

331 2131 403 2168 tuis
422 2130 519 2168 viam
538 2131 667 2182 parat?
697 2131 789 2169 Nam
808 2131 913 2168 multi
933 2131 994 2181 qui
1016 2131 1117 2183 prius
1136 2145 1181 2171 ex
1202 2133 1318 2184 magi-

331 2202 462 2231 stratus
488 2201 584 2230 metu
618 2192 790 2231 virtutem
809 2202 1055 2241 exercuerunt,
1082 2203 1202 2245 postea
1230 2208 1315 2246 pro-

330 2262 407 2304 pter
425 2253 491 2290 Dei
517 2253 679 2290 timorem
709 2254 808 2290 illam
836 2253 993 2305 amplexi
1012 2263 1106 2292 sunt.
1123 2254 1317 2293 Crassiores

331 2314 424 2350 enim
447 2328 515 2351 non
543 2323 614 2351 tam
639 2315 755 2351 futura
782 2322 947 2364 tangunt,
983 2328 1091 2364 quam
1112 2315 1314 2365 praesentia.

331 2374 402 2420 Qui
419 2387 501 2425 ergo
521 2374 718 2411 multorum
737 2373 873 2411 animos
893 2383 1085 2425 praeparat‚
1104 2374 1160 2412 vel
1178 2374 1316 2423 timore,

331 2435 389 2472 vel
408 2434 578 2486 praemiis,
604 2434 650 2471 ita
668 2443 707 2471 ut
722 2434 874 2485 aptiores
893 2433 963 2471 sint
983 2434 1030 2471 ad
1046 2434 1215 2472 doctrinae
1236 2449 1315 2472 ver--

330 2495 432 2545 bum,
449 2496 529 2547 jure
549 2495 709 2532 minister
729 2494 794 2532 Dei
821 2503 966 2532 vocatus
991 2503 1055 2532 est.
1077 2496 1112 2535 5,
1136 2496 1231 2533 Ideo
1254 2510 1317 2533 ne-

330 2572 432 2595 cesse
468 2566 523 2594 est
561 2558 733 2594 subditos
770 2570 861 2605 esse,
889 2570 966 2593 non
999 2557 1124 2594 solum
1163 2566 1318 2608 propter

330 2622 442 2664 iram,
476 2619 544 2655 sed
570 2620 688 2654 etiam
713 2625 869 2667 propter
900 2618 1190 2654 conscientiam.
1217 2617 1315 2663 Quid

329 2678 517 2729 significat,
533 2679 623 2715 Non
638 2677 761 2714 solum
774 2685 930 2728 propter
942 2679 1041 2713 iram
1053 2680 1069 2712 Ρ
1084 2677 1162 2713 Non
1178 2677 1310 2726 solum,

330 2738 460 2789 inquit,
485 2739 568 2789 quia
592 2738 620 2776 si
641 2751 710 2775 non
739 2738 917 2789 subjectus
935 2751 984 2783 es,
1004 2736 1204 2775 adversaris
1227 2739 1313 2787 Deo,

330 2808 363 2837 et
383 2814 510 2851 magna
522 2799 586 2836 tibi
602 2799 695 2836 mala
715 2808 748 2836 et
767 2813 786 2836 a
802 2799 878 2836 Deo
899 2807 931 2835 et
947 2798 992 2836 ab
1010 2798 1218 2836 hominibus
1237 2813 1314 2851 per-

332 2859 463 2910 trahis,
486 2859 548 2897 sed
571 2859 653 2910 quia
673 2859 779 2897 ctiam
801 2858 1029 2910 magistratus
1047 2859 1084 2896 in
1112 2859 1218 2897 rebus
1239 2874 1317 2898 ma-

332 2920 439 2958 ximis
464 2921 530 2958 tibi
552 2921 733 2959 beneficus
754 2929 817 2967 est,
839 2934 962 2973 pacem
983 2920 1175 2958 concilians
1194 2930 1227 2958 et
1256 2921 1318 2960 ad-

331 2981 624 3019 ministrationem
640 2981 834 3033 politicam.
852 2980 995 3018 Etenim
1008 2995 1072 3033 per
1088 2978 1317 3032 magistratus

331 3042 412 3079 illos
427 3042 523 3080 mille
542 3043 632 3080 bona
652 3042 857 3080 civitatibus
875 3042 1076 3079 inferuntur
1092 3057 1099 3078 ε
1115 3042 1144 3079 si
1160 3042 1241 3081 illos
1255 3056 1318 3080 au-

332 3102 436 3153 feras,
457 3104 576 3141 omnia
596 3103 798 3153 abscedent,
820 3116 882 3140 nec
903 3103 1066 3140 civitates
1084 3116 1146 3140 nec
1165 3103 1236 3141 vici
1255 3117 1318 3141 nec

333 3164 458 3203 domus
487 3175 608 3213 erunt;
630 3179 698 3203 non
730 3166 866 3213 forum,
897 3178 966 3202 non
998 3164 1099 3202 aliud
1129 3164 1316 3216 quidpiam

334 3226 439 3262 stabit
449 3242 461 3276 3
483 3226 544 3263 sed
561 3226 676 3263 omnia
697 3226 965 3273 subvertentur,
987 3224 1243 3277 potentioribus
1262 3226 1315 3263 in-

380 3359 393 3370 *
413 3358 422 3397 [
442 3360 476 3388 A.
498 3367 528 3389 et
547 3371 651 3401 marg.
672 3359 773 3394 Saxil.
793 3364 950 3397 ἐπέστησε-ι
967 3361 1174 3402 καθοπλίσας.]

377 3422 388 3436 Ι1
418 3411 491 3442 3155.
510 3410 557 3452 {et
577 3412 626 3452 Μ]
644 3417 689 3444 καὶ
706 3418 789 3455 παρὰ
812 3421 868 3445 τῶν
891 3419 1055 3456 ἀρχόντων.
1075 3411 1166 3443 Edit}
1184 3417 1229 3445 καῖ
1256 3419 1340 3457 παρα

1332 706 1379 771 638
1393 726 1452 764 καὶ
1467 727 1580 770 ἄλλως
1599 728 1830 780 εὐκολωτέραν
1848 744 1902 767 σοι
1915 735 2006 767 ποιεῖ
2019 729 2081 777 τὴν
2099 730 2234 782 ἀρετὴν,
2253 731 2329 775 τοὺς
2348 731 2410 782 μὲν

1397 360 1557 412 ἄρχοντι,
1581 362 1692 407 δείξας
1717 363 1819 402 αὐτὸν
1844 365 1902 402 καὶ
1930 365 2113 413 ἐπαινέτην
2136 367 2238 405 αὐτοῦ
2258 366 2412 418 xmo-ritae«

1395 437 1468 469 νον,
1487 416 1573 466 εἶδες
1589 427 1663 467 πῶς
1679 425 1824 463 ἐκένωσε
1842 425 1899 464 τὸν
1917 426 2043 476 θυμόν,
2063 429 2154 465 Θεοῦ
2170 428 2235 480 γάρ
2252 430 2324 465 ἐστι
2339 428 2413 466 διά·

1394 484 1491 526 κονός
1511 499 1564 523 σοι
1586 486 1632 528 εἰς
1653 486 1692 524 τὸ
1711 486 1850 537 ἀγαθόν.
1885 488 2057 525 Τοσοῦτον
2077 488 2202 540 ἀπέχει
2222 493 2281 527 τοῦ
2297 489 2412 541 <prag-“rj-

1394 543 1454 581 σαί
1473 560 1528 590 σε,
1559 545 1661 597 φησὶ,
1694 546 1747 584 ὅτι
1766 548 1825 585 καὶ
1843 550 1996 585 ἐπαινεῖ·
2023 552 2182 587 τοσοῦτον
2203 551 2327 602 ἀπέχει
2352 554 2411 588 τοῦ

1393 605 1551 653 κωλύειν,
1582 606 1715 645 &vt->met
1736 608 1966 659 συμπράττει.
1996 608 2107 647 εΌταν
2124 604 2180 648 οὖν
2201 612 2260 649 καὶ
2274 610 2411 649 ἐπαινέ-

1392 681 1455 712 την
1474 666 1557 718 ἔχῃς
1575 667 1632 705 καὶ
1650 667 1786 718 βοηθὸν,
1806 668 1864 706 διὰ
1882 668 1916 705 τί
1934 671 1999 721 οὐχ
2017 670 2218 723 ὑποτάσση,
2244 672 2314 709 Καὶ
2343 671 2410 723 γὰρ

1393 787 1561 839 πονηροὺς
1580 789 1746 836 κολάζων,
1764 789 1842 833 τοὺς
1858 791 1893 827 δὲ
1910 789 2055 841 ἀγαθοὺς
2072 793 2256 842 εὐεργετῶν
2271 792 2331 830 καὶ
2352 808 2410 829 τι-

1394 850 1481 898 μῶν,
1501 848 1560 887 καὶ
1589 852 1637 901 τῷ
1669 851 1864 901 βουλήματι
1881 854 1941 888 τοῦ
1969 853 2060 889 Θεοῦ
2078 852 2310 904 συμπράττων
2325 868 2332 875 ·
2360 853 2412 891 διὸ

1391 909 1451 946 καὶ
1469 910 1624 948 διάκονον
1645 911 1745 949 αὐτὸν
1766 910 1924 949 ἐκάλεσε.
1955 911 2088 949 Σκόπει
2107 912 2164 950 δέ·
2185 913 2412 963 συμὸουλεύω

1391 969 1471 1023 περὶ
1487 970 1710 1023 σωφροσύνης
1737 972 1826 1024 ἐγὼ,
1854 972 1913 1010 καὶ
1933 975 2059 1015 ἐκεῖνος
2081 972 2125 1010 τὰ
2145 973 2232 1011 αὐτὰ
2246 973 2340 1025 λέγει
2355 974 2411 1012 διὰ

1391 1034 1460 1068 τῶν
1488 1031 1624 1082 νόμων·
1657 1036 1817 1084 παραινῶ
1841 1033 1920 1087 περὶ
1941 1037 2000 1071 τοῖι1
2029 1032 2078 1083 μὴ
2103 1034 2171 1071 δεῖν
2194 1036 2411 1073 πλεονεκτεῖν

1393 1091 1482 1142 μηδὲ
1504 1092 1691 1144 ἁρπάζειν,
1711 1097 1870 1138 κάκεῖνος
1893 1093 1979 1147 ὑπὲρ
2000 1093 2129 1132 τούτων
2153 1094 2300 1142 κάθηται
2316 1096 2413 1134 δικά-

1391 1154 1469 1196 ζων.
1499 1152 1610 1192 εὩστε
1627 1154 1787 1206 συνεργός
1802 1156 1893 1193 ἐστιν
1908 1159 1992 1205 ἡμῖν
2009 1155 2068 1192 καὶ
2086 1155 2224 1206 βοηθὸς,
2241 1156 2300 1194 καὶ
2313 1156 2411 1209 παρὰ

1389 1219 1448 1252 τοῦ
1469 1216 1561 1253 Θεοῦ
1583 1217 1629 1258 εἷς
1646 1220 1745 1254 τοῦτο
1768 1216 1996 1254 ἀπέσταλται.
2025 1216 2282 1267 Ἀμφοτέρωθεν
2296 1217 2409 1255 τοίνυν

1390 1275 1480 1313 ἐστὶν
1514 1276 1711 1327 αἰδέσιμος,
1742 1276 1801 1315 καὶ
1829 1276 1881 1314 ὅτι
1901 1276 1998 1330 παρὰ
2021 1282 2079 1315 τοῦ
2099 1279 2190 1315 Θεοῦ
2211 1279 2408 1326 ἀπεστάλη,

1389 1337 1448 1374 καὶ
1469 1336 1519 1374 ὅτι
1550 1337 1606 1374 ἐπὶ
1625 1337 1769 1389 τοιούτῳ
1796 1337 1990 1390 πράγματι.
2022 1337 2108 1375 Ἐὰν
2131 1337 2167 1376 δὲ
2193 1339 2252 1376 καὶ
2283 1340 2322 1377 τὸ
2340 1355 2410 1376 κα-
2451 1332 2454 1334 .

1390 1397 1448 1434 κον
1478 1401 1579 1448 ποιῇς
1595 1427 1604 1444 ,
1630 1398 1749 1449 φοὸοῦ.
1776 1400 1853 1435 Οὐκ
1882 1398 1949 1448 ἄρα
1969 1400 1986 1435 ὅ
2006 1398 2123 1449 ἅρχων
2150 1405 2242 1435 ποιεῖ
2266 1399 2324 1436 τὸν
2348 1399 2411 1451 (ρό-

1391 1457 1463 1504 ὅον,
1495 1458 1571 1495 ἀλλ’
1604 1461 1625 1503 ἦ
1660 1457 1814 1508 ἡμετέρα
1849 1457 2011 1508 πονηρία.
2060 1459 2113 1496 Οὔ
2145 1457 2211 1509 γὰρ
2245 1461 2319 1510 εἰκῇ
2347 1459 2410 1506 τὴν

1392 1517 1571 1568 μάχαιραν
1612 1523 1720 1568 φορεῖ.
1769 1511 1871 1561 Εἶδες
1900 1520 1975 1561 πῶς
2011 1517 2111 1556 αὐτὸν
2145 1521 2163 1538 *
2179 1518 2409 1570 παρέστησεν,

1390 1577 1535 1621 ὁπλίσας
1550 1578 1706 1630 καθάπερ
1723 1577 1799 1616 τινὰ
1816 1576 2044 1629 στρατιώτην,
2061 1579 2203 1631 ’,ροὸερον
2218 1585 2288 1623 τοῖς
2303 1581 2413 1633 ἆμαρ-

1389 1638 1548 1677 τάνουσιν
1582 1639 1796 1686 ἐπιστήσας;
1829 1641 1921 1678 Θεοῦ
1952 1639 2020 1691 γὰρ
2049 1639 2203 1683 διάκονός
2233 1641 2326 1678 ἔστιν
2366 1644 2413 1685 εἰς

1389 1700 1510 1753 ὀργὴν,
1534 1700 1665 1744 ἔνδικος
1685 1703 1734 1752 τῷ
1753 1700 1793 1738 τὸ
1815 1701 1920 1738 κακὸν
1940 1700 2144 1753 πράσσοντι.
2181 1700 2256 1738 Ἵνα
2274 1700 2343 1754 γὰρ
2363 1701 2412 1752 μὴ

1389 1762 1494 1800 πάλιν
1528 1761 1676 1804 οἰκούσας
1707 1761 1849 1799 κόλασιν
1870 1762 1928 1799 καὶ
1946 1761 2118 1814 τιμωρίαν
2140 1761 2199 1800 καὶ
2220 1762 2413 1815 μάχαιραν,

1392 1823 1649 1874 ἀποπηδήσῃς,
1676 1823 1781 1860 πάλιν
1809 1822 1926 1875 φησὶν,
1952 1822 2004 1860 ὅτι
2024 1824 2116 1861 Θεοῦ
2144 1823 2247 1873 νόμον
2271 1826 2413 1876 πληροῖ.

1392 1884 1440 1922 Τί
1457 1884 1525 1939 γὰρ
1536 1915 1546 1932 ,
1566 1887 1596 1924 εἰ
1615 1885 1675 1926 καὶ
1693 1886 1808 1938 ἀγνοεῖ
1829 1884 1949 1932 αὖτός;
1967 1884 2058 1924 Ἀλλ’
2077 1888 2094 1923 ὅ
2110 1885 2199 1929 Θεὸς
2218 1883 2325 1929 οὕτως
2341 1886 2414 1925 &6-

1392 1962 1519 1984 πωσεν.
1553 1947 1597 1984 Εἰ
1629 1946 1741 1985 τοίνυν
1775 1946 1834 1984 καὶ
1864 1946 2020 1991 κολάζων
2048 1946 2107 1984 καὶ
2125 1950 2237 1997 τιμῶν
2257 1947 2413 1992 διάκονος

1392 2010 1484 2047 Θεοῦ
1499 2009 1604 2055 ἐστιν,
1629 2009 1774 2046 ἐκδικῶν
1796 2007 1936 2060 ἀρετὴν,
1953 2007 2154 2046 ἀπελαύνων
2169 2007 2308 2057 κακίαν,
2326 2008 2412 2061 ὅπερ

1392 2069 1512 2113 ὁΘεὸς
1541 2069 1716 2120 βούλεται,
1741 2068 1832 2112 τίνος
1861 2068 1974 2107 ἕνεκεν
2002 2070 2094 2121 αὐτῷ
2121 2071 2324 2121 φιλονεικεῖς
2347 2084 2410 2107 το-

1391 2134 1502 2168 σαῦτα
1519 2130 1691 2182 εἷσάγοντι
1709 2129 1835 2182 ἀγαθὰ,
1856 2130 1916 2168 καὶ
1934 2131 2217 2183 προοδοποιοῦντι
2235 2136 2306 2174 τοῖς
2322 2136 2412 2179 σοῖς,

1394 2190 1462 2229 Καὶ
1489 2191 1556 2244 γὰρ
1587 2188 1708 2231 πολλοὶ
1732 2190 1898 2243 πρότερον
1923 2190 1980 2230 διὰ
2003 2191 2081 2234 τοὺς
2098 2191 2270 2243 ἄρχοντας
2286 2191 2412 2244 ἀρετὴν

1393 2251 1622 2299 ἀσκήσαντες,
1641 2252 1783 2304 ὕστερον
1801 2252 1861 2290 καὶ
1882 2252 1938 2291 διὰ
1956 2252 2013 2289 τὸν
2030 2252 2133 2303 φόὸον
2147 2257 2206 2289 τοῦ
2221 2253 2313 2289 Θεοῦ
2330 2251 2413 2290 ταύ-

1391 2328 1453 2358 της
1478 2313 1701 2350 ἐπελάὸοντο.
1738 2314 1819 2350 Τῶν
1849 2312 1917 2364 γὰρ
1938 2313 2145 2365 παχυτέρων
2176 2314 2242 2365 οὐχ
2260 2313 2348 2351 οὕτω
2367 2312 2412 2351 τὰ

1393 2373 1577 2422 μέλλοντα,
1597 2375 1643 2415 ὡς
1657 2373 1700 2410 τὰ
1715 2372 1871 2423 παρόντα
1888 2373 2118 2410 καθάπτεται.
2152 2372 2196 2411 ‘O
2217 2373 2329 2412 τοίνυν
2348 2373 2412 2420 τὴν

1389 2432 1504 2485 ψυχὴν
1523 2435 1591 2470 τῶν
1613 2434 1751 2471 πολλῶν
1772 2432 2050 2485 προευτρεπίζων
2070 2436 2119 2485 τῷ
2140 2433 2236 2486 φόὸῳ
2258 2434 2316 2471 καὶ
2335 2439 2412 2476 ταῖς

1390 2497 1529 2544 τιμαῖς,
1561 2492 1651 2531 ὥστε
1671 2493 1830 2544 γενέσθαι
1861 2493 2143 2539 ἐπιτηδειοτέραν
2163 2497 2212 2545 τῷ
2230 2498 2292 2540 τῆς
2313 2495 2413 2532 διδα-

1391 2554 1536 2598 σκαλίας
1560 2555 1671 2606 λόγῳ,
1698 2553 1838 2596 εἰκότως
1860 2548 1956 2596 οἶτος
1983 2553 2137 2597 διάκονος
2163 2554 2332 2602 κέκληται
2353 2559 2413 2593 τοῦ

1390 2618 1497 2654 Θεοῦ.
1535 2616 1597 2653 Διὸ
1626 2614 1761 2665 ἀνάγκη
1781 2615 2062 2663 ὑποτάσσεσθαι,
2092 2618 2130 2653 οὐ
2149 2615 2252 2665 μόνον
2273 2615 2330 2653 διὰ
2350 2615 2411 2663 τὴν

1389 2677 1508 2729 ὀργὴν,
1532 2677 1621 2715 ἀλλὰ
1646 2676 1705 2714 καὶ
1736 2675 1794 2714 διὰ
1822 2675 1885 2723 τὴν
1909 2676 2117 2724 συνείδησιν.
2153 2676 2200 2714 Τί
2227 2679 2332 2724 ἔστιν,
2358 2678 2411 2715 Οὔ

1391 2739 1493 2789 μόνον
1517 2737 1573 2776 διὰ
1592 2737 1653 2784 τὴν
1677 2736 1806 2790 ὄργήν;
1837 2738 1888 2774 Οὐ
1912 2736 2029 2787 μόνον,
2050 2737 2165 2789 φησὶν,
2182 2736 2235 2776 ὅτι
2250 2737 2413 2776 ἀνθίστα-

1391 2815 1449 2837 σαι
1477 2801 1560 2851 Θεῷ
1582 2797 1630 2848 μὴ
1654 2797 1954 2848 ὑποτασσόμενος,
1985 2798 2055 2836 οὐδ’
2081 2798 2135 2836 ὅτι
2164 2798 2256 2836 κακὰ
2276 2801 2412 2850 σεαυτῷ

1390 2859 1564 2913 προξενεῖς
1584 2858 1721 2909 μεγάλα
1740 2857 1800 2895 καὶ
1819 2857 1916 2911 παρὰ
1937 2861 1996 2895 τοῦ
2016 2860 2107 2896 Θεοῦ
2126 2863 2140 2879 ³
2152 2859 2211 2897 καὶ
2230 2859 2326 2911 παρὰ
2344 2863 2412 2898 τῶν

1392 2920 1594 2973 ἀνθρώπων,
1618 2920 1693 2957 ἀλλ’
1721 2918 1775 2957 ὅτι
1794 2919 1853 2957 καὶ
1881 2921 1914 2956 ἐν
1937 2925 2007 2962 τοῖς
2029 2919 2204 2971 μεγίστοις
2234 2920 2414 2972 εὐεργέτης

1391 2996 1452 3019 σου
1473 2980 1626 3032 γίνεται,
1650 2979 1788 3030 εἰρήνης
1807 2977 1853 3016 ὢν
1874 2978 2036 3030 πρόξενος
2052 2980 2111 3017 καὶ
2133 2980 2329 3030 οἰκονομίας
2345 2997 2413 3019 πο-

1393 3044 1540 3087 λιτικῆς.
1574 3040 1643 3078 Καὶ
1663 3038 1730 3090 γὰρ
1754 3039 1862 3091 μυρία
1888 3038 2002 3089 ἀγαθὰ
2028 3039 2084 3077 διὰ
2109 3042 2177 3077 τῶν
2198 3042 2315 3093 ἀρχῶν
2335 3041 2413 3078 τού-

1388 3119 1456 3142 των
1467 3109 1542 3145 ταῖς
1550 3102 1672 3141 πόλεσι
1683 3101 1815 3152 γίνεται
1825 3116 1832 3123 ·
1849 3100 1913 3138 κᾶν
1927 3100 2050 3153 ἀνέλῃς
2062 3101 2179 3149 αὐτὰς,
2190 3102 2305 3140 πάντα
2316 3102 2413 3154 οἰχή-

1388 3180 1499 3211 σεται,
1512 3163 1571 3202 καὶ
1587 3165 1625 3201 οὐ
1640 3162 1656 3182 b
1668 3162 1786 3205 πόλεις
1798 3192 1808 3210 ,
1823 3163 1860 3199 οὗ
1871 3161 2001 3214 χωρία,
2018 3164 2078 3200 οὐκ
2096 3163 2200 3211 οἰκία,
2217 3166 2279 3202 οὐκ
2290 3163 2412 3215 ἀγορὰ,

1387 3229 1447 3265 οὐκ
1462 3226 1548 3264 ἄλλο
1565 3224 1659 3263 οὐδὲν
1677 3223 1864 3270 στήσεται,
1878 3223 1970 3261 ἀλλὰ
1983 3223 2098 3262 πάντα
2112 3226 2411 3278 ἀνατραπήσεται,

1408 3371 1464 3394 τῶν
1482 3365 1654 3403 ἀνθρώπων.
1675 3358 1823 3400 Utraque
1839 3357 1937 3390 lectio
1956 3358 2109 3401 quadrat.

1451 3413 1465 3436 b
1491 3410 1622 3453 [Iidem
1640 3415 1737 3449 πόλις,
1759 3414 1788 3443 οὗ
1803 3409 1916 3453 χώρῳ]
