2502 3810
743 254 785 285 IN
824 254 965 286 EPIST.

113 339 340 378 καταστέλλει
361 341 400 378 τὸ
420 340 562 392 φύσημα
577 341 616 379 τὸ
633 340 833 388 Ἰουδαϊκὸν,
854 337 1130 390 ἀναμιμνήσκων

113 406 172 439 τοῦ
200 401 324 453 γρόνου
346 417 408 447 της
440 401 670 447 δικαιοσύνης
702 400 772 439 Καὶ
791 403 905 444 mooe
925 394 999 437 εἷπ-
972 416 1022 443 ε,
1047 399 1130 440 Τοῖς

111 461 254 512 ἴχνεσιν,
274 460 330 498 ἵνα
349 461 476 511 ὁμοίως
492 461 612 499 ἐκείνι)
632 461 818 510 πιστεύσῃς
838 463 884 504 εἷς
902 475 960 498 νεκ
951 475 1030 517 ..ρων
1048 457 1130 495 ἀνα-

112 536 153 558 στ
157 537 232 559 ασιν
259 522 443 571 σωμάτων
464 522 557 560 Καὶ·
548 522 615 575 (ὰρ
631 522 690 560 καὶ
710 524 836 564 ἐκεῖνος
848 537 927 572 περι
946 523 1046 557 τοῦτο
1067 516 1129 563 τὴν

110 580 227 618 πίστιν
252 583 296 619 ἐπ
298 581 384 625 εοείς
370 581 468 619 ἀτο·
487 581 577 620 ὡστε
601 584 630 625 εἷ
650 582 710 628 τὴν
739 580 971 632 ἀκροὸυστίαν
999 578 1129 616 ε’κὸάλ-

110 642 202 686 λεις,
225 641 375 691 μάνθανε
394 646 510 693 σαφῶς
523 673 532 690 ,
550 642 603 681 ὅτι
619 642 714 680 οὐδέν
741 657 794 680 σοι
813 641 888 680 οὐδὲ
909 645 971 687 τῆς
989 654 1130 692 περιτο-

112 703 181 750 μῆς
197 701 328 752 ὄφέλος-
345 698 404 739 Ἂν
420 702 486 753 γὰρ
505 702 552 752 μὴ
573 709 643 746 τοῖς
662 703 792 754 ἴχνεσιν
812 700 1047 751 ἀκολουθήσῃς
1068 701 1130 743 τ’ῆς

108 760 262 803 πίστεως
274 791 284 808 ,
315 761 378 798 κᾶν
396 762 558 813 μυριάκις
586 758 627 814 ἦς
646 762 898 814 ἐμπερίτομος,
914 764 975 799 οὐκ
994 760 1056 810 ἔσῃ
1071 762 1130 796 τοῦ

109 820 270 874 Ἀδραὰμ
285 823 463 874 ῧέκγονος·
482 824 556 862 ἐπεὶ
575 825 634 862 καὶ
652 824 714 870 τὴν
735 822 927 875 περιτομὴν
952 820 1008 858 διὰ
1027 823 1130 858 τοῦτο

110 883 246 931 {hafflig
276 884 330 921 ἵνα
350 901 388 922 σε
410 887 427 921 ὃ
453 887 486 922 ἐν
506 883 718 936 ἀκροὸυστία
739 883 787 933 μὴ
809 882 976 932 ἐκὸάλλῃ.
1004 880 1065 927 Μὴ
1087 880 1127 927 δὴ

110 943 169 980 καὶ
188 945 313 981 ἐκεῖνον
328 948 427 982 τοῦτο
444 944 600 982 ἀπαίτει·
617 944 669 981 σοὶ
684 942 751 995 γὰρ
767 943 805 980 τὸ
821 948 967 993 πρᾶγμα
988 941 1130 991 βοήθεια

105 1003 257 1054 γέγονεν,
278 1006 339 1042 οὐκ
359 1005 492 1056 ἐκείνῳ.
512 1004 617 1042 Ἀλλὰ
634 1010 775 1053 σημεῖον
798 1002 880 1040 αὐτὸ
896 1001 1127 1047 δικαιοσύνης,

109 1064 205 1114 φησί.
240 1065 308 1101 Καὶ
337 1069 436 1102 τοῦτο
470 1065 526 1102 διὰ
548 1064 603 1110 σὲ,
634 1063 708 1101 ἐπεὶ
733 1068 790 1100 νῦν
811 1061 886 1100 οὐδὲ
913 1061 1013 1099 τοῦτο’
1033 1063 1124 1098 ἐστι·

108 1123 186 1161 τότε
199 1124 265 1176 γὰρ
285 1124 325 1161 σὺ
344 1141 412 1162 των
428 1140 637 1174 σωματικων
657 1122 800 1175 ἔχρῃζες
820 1121 988 1172 σημείων,
1013 1138 1071 1159 νυν
1091 1121 1126 1159 03

106 1187 144 1222 οὖ
163 1185 265 1237 γρεία
285 1185 425 1224 τούτων.
451 1186 534 1224 Ἀπὸ
552 1185 619 1238 γὰρ
647 1201 708 1230 της
726 1184 897 1231 πίστεως,
930 1199 1046 1236 φησιν,
1067 1186 1127 1221 οὐκ

106 1249 148 1291 ἦν
167 1246 307 1283 δυνατον
325 1248 427 1284 αὐτοῦ
443 1250 640 1296 καταμαΟε
612 1262 658 1283 ειν
679 1262 740 1292 ττς
754 1247 868 1297 ψυγῆ·ς
889 1260 951 1283 την
972 1244 1122 1296 ἀρετήν,

107 1307 260 1344 Δυνατὸν
283 1307 324 1357 μὶ
326 1324 343 1344 ν
363 1323 417 1354 ην,
439 1323 479 1345 συ
499 1307 532 1344 δε
549 1323 606 1344 και
621 1306 749 1352 ταύτης
735 1306 910 1358 ςέχρτζες
895 1322 996 1352 ςτης
1015 1321 1125 1357 προσ-

108 1367 225 1414 Οηκης.
239 1367 386 1415 Ἰιπειοη
410 1368 476 1420 γὰρ
500 1372 562 1414 τ’ἦς
583 1370 696 1420 Ιἀυγης
726 1367 789 1414 τὴν
807 1366 932 1418 ἀρετην
959 1369 1021 1404 οὐκ
1045 1366 1124 1412 ἐζη-

105 1429 219 1471 λύσας
235 1428 312 1466 οὐδὲ
326 1430 407 1466 ἰδεῖν
425 1429 597 1476 ἦδυνηθ-ςη
583 1446 614 1476 ς,
629 1428 727 1475 ἐοόθη
747 1442 800 1465 σοι
819 1444 840 1473 η
859 1430 982 1472 αἷσθητ
972 1444 1036 1473 η
1026 1442 1124 1478 περι-

106 1490 218 1539 τομὴ,
249 1506 302 1527 ινα
330 1490 568 1540 ε’μμε)ετ·ί,σας
586 1493 634 1540 τῷ
655 1504 845 1539 σωματικω
871 1487 1006 1539 τούτῳ,
1031 1488 1122 1525 κατὰ

107 1550 228 1601 μικρὸν
244 1553 510 1603 χειραγωγηθῇς
528 1550 588 1588 καὶ
606 1549 663 1588 ἐπὶ
688 1549 751 1594 τὴν
767 1551 828 1593 τῆς
849 1550 962 1600 ψυχῆς
982 1549 1122 1599 φιλοσο-

107 1610 199 1662 φίαν,
221 1612 279 1648 καὶ
299 1611 387 1660 μετὰ
406 1613 536 1656 πολλῆς
552 1610 656 1656 αὐτὴν
676 1608 925 1659 ὑποδεξάμενος
944 1611 1004 1654 ’.ἧς
1017 1624 1122 1646 σπου-

107 1672 166 1716 ὃῆς
197 1674 243 1713 ὡς
268 1670 404 1721 ἀξίωμα
439 1670 615 1721 μέγιστον,
637 1670 824 1720 παιδευΟῇς
853 1672 1033 1719 μιμεῖσθαι
1062 1668 1121 1705 καὶ

108 1732 274 1769 αἰδεῖσθαι
292 1734 348 1769 τὸν
365 1731 544 1783 πρόγονον.
563 1730 632 1768 Καὶ
646 1735 745 1768 τοῦτο
759 1731 820 1767 οὐκ
838 1731 871 1767 ἐν
891 1732 933 1780 τῇ
947 1732 1120 1781 περιτομῇ

106 1791 207 1841 μόνον
227 1795 244 1829 ὃ
263 1793 351 1835 Θεὸς
370 1791 634 1837 κατεσκεύασεν,
667 1790 756 1828 ἀλλὰ
775 1790 834 1828 καὶ
854 1791 889 1827 ἐν
912 1795 981 1832 τοῖς
1004 1791 1122 1833 ἄλλοις

105 1853 246 1900 ἅπασιν,
265 1848 333 1891 οἷον
363 1852 495 1896 θυσίαις
512 1851 604 1903 λέγω
625 1850 709 1888 1’καὶ
726 1851 879 1889 <wiffam
898 1850 957 1888 καὶ
974 1852 1118 1901 ἑορταῖς.

103 1912 188 1951 (Ότι
203 1914 270 1967 γὰρ
290 1914 346 1952 διὰ
366 1913 404 1952 σὲ
423 1912 613 1965 περιτομὴν
630 1912 764 1959 ἔλαὲεν,
782 1912 924 1949 ἄκουσον
939 1914 1006 1948 τῶν
1023 1910 1119 1956 ἓξῆς·

105 1974 210 2011 εἰπὼν
227 1975 310 2027 γὰρ,
331 1974 384 2012 ὅτι
403 1980 545 2024 σημεῖον
568 1972 673 2011 effa&
690 1973 749 2010 καὶ
766 1973 937 2024 σφραγῖδα
950 2001 959 2018 ,
977 1972 1036 2009 καὶ
1055 1972 1117 2018 τὴν
1141 1975 1167 2004 D

105 2035 219 2073 αἰτίαν
238 2036 371 2083 τίθησι,
395 2036 504 2087 λέγων
519 2051 526 2058 ·
544 2037 605 2077 Εἷς
622 2035 660 2072 τὸ
678 2033 836 2085 γενέσθαι
857 2032 956 2071 αὐτὸν
982 2033 1119 2084 πατέρα

104 2100 293 2147 περιτομῆς
308 2126 316 2142 ,
338 2096 468 2138 τούτοις
491 2102 561 2139 τοῖς
580 2095 639 2133 καὶ
657 2095 720 2142 τὴν
740 2094 865 2142 νοητὴν
883 2094 1116 2145 προσλαμέοί-

105 2171 233 2193 νουσιν·
255 2160 300 2199 ὡς
321 2157 379 2194 ἐαν
399 2156 525 2202 ταύτην
543 2156 644 2206 μόνον
661 2156 763 2208 ἔχῃς,
790 2155 886 2194 οὖοεν
905 2171 958 2193 σοι
973 2155 1117 2205 (ενήσε-

102 2232 159 2254 ται
178 2217 292 2256 πὶεόν.
312 2218 427 2267 Σημεῖ
430 2233 465 2254 ον
497 2233 565 2268 γαρ
597 2216 674 2255 τότε
701 2216 800 2254 τοῦτό
829 2217 934 2263 ἐστιν,
967 2215 1004 2253 ὅτ
1008 2231 1047 2252 αν
1078 2216 1117 2254 τὸ

100 2284 266 2328 πραγμα,
288 2281 325 2316 οὑ
346 2277 444 2316 τοῦτο’
460 2279 532 2315 ἐστι
561 2283 716 2327 σημεῖον,
736 2276 900 2328 φαίνηται
919 2275 1016 2328 παρα
1039 2276 1116 2322 σοὶ,

100 2338 286 2393 τουτέστιν,
302 2343 323 2385 ἡ
341 2338 480 2381 πίστις
497 2340 564 2384 ὡς,
582 2337 620 2374 ἂν
640 2336 688 2387 μη
708 2336 837 2382 ταύτην
854 2336 957 2388 ἔγῃς,
983 2336 1060 2374 οὐδὲ
1077 2352 1115 2374 το

100 2406 242 2450 σημεῖον
270 2400 389 2438 λοιπον
421 2402 508 2436 εἶναι
542 2403 686 2448 σημεῖον
725 2397 881 2436 ούναται.
913 2397 1017 2440 Time
1048 2397 1116 2450 γαρ

99 2460 195 2498 ἔσται
214 2467 369 2511 σημεῖον,
388 2460 478 2503 τίνος
498 2459 532 2497 ’δὲ
547 2474 693 2512 σφραγις
706 2489 715 2507 ,
733 2461 794 2497 οὐκ
812 2459 906 2501 ὄντος
925 2474 984 2497 του
1003 2474 1116 2511 σορα-

98 2521 296 2572 γιζομένου,
319 2524 365 2564 ὡς
393 2521 432 2557 ἂν
456 2523 485 2558 εἰ
505 2520 564 2558 καὶ
581 2520 763 2571 βαλάντιον
789 2519 1012 2564 ἐπιδεικνύεις
1032 2523 1114 2571 ἡμῖν

99 2584 271 2634 σφραγῖδα
292 2582 382 2634 ἔχον,
396 2582 538 2632 μηδενὸς
555 2581 646 2619 ἔνδον
664 2581 894 2632 ἀποκειμένου
907 2598 915 2604 ·
941 2581 1031 2620 ὥστε
1052 2597 1115 2619 κα-

97 2644 309 2693 ταγέλαστος
326 2646 347 2689 ἡ
367 2641 560 2693 περιτομὴ,
575 2644 636 2688 τῆς
651 2642 800 2685 πίστεως
812 2641 904 2680 ἔνδον
920 2645 982 2679 οὐκ
998 2641 1112 2687 οὔσης.

95 2705 140 2741 1⁴2²
133 2721 141 2741 ι
159 2704 225 2755 γὰρ
244 2703 463 2750 δικαιοσύνης
483 2702 555 2741 ἐστὶ
575 2708 732 2752 σημεῖον,
760 2703 979 2750 δικαιοσύνην
1003 2703 1038 2741 δὲ
1053 2719 1113 2741 ουκ

95 2765 205 2816 ἔχεις,
225 2765 300 2802 οὖοὲ
320 2769 462 2815 σημεῖον
486 2763 588 2816 ἔγεις.
611 2763 679 2802 Διὰ
697 2762 764 2815 γὰρ
782 2780 883 2802 τουτο
902 2763 1022 2808 ἔλαοες
1046 2780 1111 2810 ση-

96 2830 204 2874 μεῖον,
229 2841 283 2863 ινα
301 2825 340 2862 τὸ
357 2832 507 2878 πρᾶ(μα
527 2827 709 2874 επιζητῇς,
726 2828 763 2862 οὓ
783 2841 822 2862 το
840 2831 982 2874 σημεῖον
999 2825 1110 2876 ἔχεις·

94 2887 158 2933 ὡς,
178 2885 209 2923 εἴ
237 2902 276 2937 γε
305 2885 446 2937 ἔμελλες
474 2885 558 2924 αὐτὸ
573 2902 682 2938 χωρις
701 2885 821 2924 τούτου
844 2887 966 2933 ἕπιζητ
969 2893 1030 2932 εῖν,
1050 2889 1112 2924 οὐκ

95 2946 135 2983 ἂν
154 2946 273 2993 ἐδέησέ
287 2963 341 2986 σοι
359 2946 491 2985 τούτου.
509 2948 562 2985 Οὐ
583 2951 684 2984 τοῦτο
717 2946 753 2984 δὲ
782 2946 946 2998 κηρύττει
963 2946 1064 2997 μόνον
1089 2950 1110 2992 ἦ

94 3006 265 3057 περιτομὴ
280 3037 289 3054 ,
305 3006 367 3053 τὴν
385 3007 617 3054 δικαιοσύνην,
642 3006 731 3045 ἀλλὰ
750 3007 808 3044 καὶ
824 3006 888 3053 τὴν
905 3010 939 3045 ἐν
961 3007 1112 3059 ἀκροὸυ-

462 3068 571 3106 Οὐδὲν
592 3062 650 3105 οὖν
670 3068 754 3106 ἄλλο
773 3068 938 3119 κηρύττει
956 3071 978 3114 ἧ
1007 3083 1112 3119 περι-

95 3127 206 3177 τομὴ,
226 3130 300 3165 ἀλλ’
321 3129 374 3167 ὅτι
392 3131 429 3167 οὗ
450 3128 553 3181 χρεία
572 3132 775 3181 περιτομῆς.
793 3131 837 3168 Εἰ
858 3128 925 3181 γὰρ
942 3132 972 3166 οἱ
997 3131 1035 3167 ἐκ
1054 3129 1113 3166 νό-

95 3066 174 3116 στία
202 3067 434 3114 δικαιοσύνην.

98 3203 161 3237 μου
178 3188 401 3238 κληρονόμοι,
421 3189 608 3228 κεκένωται
624 3194 645 3236 ἡ
662 3190 798 3238 πίστις,
815 3190 874 3228 καὶ
895 3190 1112 3242 κατήργηται

138 3338 149 3350 ³¹
176 3328 185 3368 ΙΓ
206 3333 317 3369 ἔγγονος
333 3329 369 3360 A.
390 3327 441 3359 hic
459 3336 490 3360 et
508 3328 591 3360 infra
611 3341 642 3370 p.
664 3331 726 3362 503
739 3358 746 3371 j
767 3331 827 3372 BV]

1003 253 1061 282 AD
1098 250 1186 280 ROM
1196 269 1205 278 .

2094 230 2119 256 l,

1438 249 1535 279 vm.
2091 234 2184 293 „249

1205 336 1338 381 Quam,
1356 347 1489 383 quaeso,
1509 332 1618 370 fidem
1636 331 1750 370 dicis?
1772 333 1835 369 12
1862 331 1954 381 Quae
1969 339 2023 368 est
2033 332 2075 366 in
2086 344 2186 380 prae-

1199 397 1318 445 patio.
1331 397 1468 432 Rursus
1480 396 1502 433 J
1505 393 1689 431 udaeorum
1705 393 1835 430 fastum
1852 391 2026 443 reprimit,
2037 390 2185 442 justitiae

1201 464 1341 506 tempus
1372 455 1408 491 in
1434 453 1642 492 memoriam
1676 467 1858 491 revocans.
1892 453 1939 490 Et
1962 452 2052 489 bene
2077 450 2183 499 dixit,

1205 518 1397 567 Vestigiis,
1418 524 1457 552 ut
1481 514 1630 567 perinde
1651 524 1756 565 atque
1783 514 1843 551 ille
1863 512 1984 550 credas
2003 512 2041 549 in
2061 526 2180 549 resur-

1201 577 1391 614 rectionem
1407 590 1594 628 corporum
1608 585 1843 613 mortuorum.
1861 574 2003 613 Etenim
2019 573 2078 610 ille
2090 574 2183 610 cirea

1201 637 1293 674 hanc
1318 651 1394 674 rem
1422 637 1531 674 fidem
1551 636 1726 674 exhibuit.
1753 637 1877 686 Itaque
1905 635 1934 672 si
1964 634 2183 686 praeputium

1202 697 1311 748 ejicis,
1331 696 1428 734 disce
1444 697 1548 743 clare,
1568 696 1659 733 nihil
1672 696 1738 733 tibi
1759 710 1803 733 ex
1821 694 2090 732 circumcisione
2109 694 2182 731 uti-

1201 757 1312 794 litatis
1326 757 1502 795 accedere.
1522 757 1601 794 Nisi
1620 756 1715 794 enim
1736 755 1821 793 fidei
1842 755 2003 806 vestigiis
2022 755 2179 804 insistas,

1202 818 1338 855 etiamsi
1372 818 1503 856 millies
1533 818 1763 856 circumcisus
1791 831 1894 864 esses,
1921 830 1990 854 non
2018 831 2108 854 esses
2135 831 2182 869 ex

1202 879 1355 916 Abrahae
1374 878 1459 916 filiis
1478 894 1486 914 :
1503 877 1793 929 quandoquidem
1814 878 1895 915 ideo
1917 878 1978 914 ille
1995 877 2181 916 circumci—

1201 939 1334 977 sionem
1353 939 1502 990 aceepit,
1520 953 1564 976 ne
1579 948 1612 976 te
1624 938 1858 991 praeputiatus
1870 938 2021 989 ejiceret.
2036 940 2088 976 Ne
2100 953 2183 989 ergo

1200 1000 1307 1037 etiam
1332 1000 1378 1037 ab
1407 1000 1471 1037 illo
1498 1000 1567 1037 hoc
1589 1000 1713 1049 exigas
1741 1016 1748 1036 :
1772 998 1811 1035 id
1838 999 1931 1036 enim
1959 999 2024 1035 tibi
2045 1000 2182 1037 auxilio

1197 1060 1280 1110 fuit,
1301 1074 1371 1098 non
1390 1060 1444 1097 illi
1464 1060 1542 1097 erit.
1559 1059 1631 1099 Sed
1646 1060 1754 1108 illud,
1772 1059 1900 1109 inquit,
1922 1058 2065 1110 signum
2079 1059 2183 1111 justi-

1197 1120 1255 1157 tiae
1282 1130 1344 1158 est.
1364 1121 1411 1158 Et
1438 1121 1507 1158 hoc
1530 1130 1674 1173 propter
1700 1129 1744 1168 te,
1769 1118 2056 1170 quandoquidem
2089 1134 2182 1157 nune

1197 1194 1310 1231 neque
1322 1181 1390 1218 hoc
1409 1190 1460 1218 est
1481 1197 1488 1217 ε
1509 1190 1594 1218 tunc
1613 1181 1708 1218 enim
1730 1190 1767 1217 tu
1795 1179 1971 1232 corporeis
1996 1179 2181 1231 indigebas

1197 1241 1325 1292 signis,
1345 1256 1439 1279 nunc
1465 1256 1535 1279 non
1561 1257 1650 1294 opus
1673 1242 1744 1279 illis
1765 1250 1827 1279 est.
1853 1242 1951 1279 Num
1979 1255 1998 1278 a
2018 1240 2101 1286 fide,
2127 1241 2182 1278 in-

1197 1301 1306 1352 quies,
1324 1310 1458 1353 poterat
1477 1303 1552 1354 ejus
1571 1302 1697 1339 animae
1717 1302 1834 1340 virtus
1855 1301 2020 1351 agnosci?
2039 1303 2181 1339 Poterat

1195 1364 1331 1413 utique,
1350 1362 1410 1400 sed
1423 1371 1462 1400 tu
1475 1362 1602 1413 egebas
1617 1362 1685 1400 hoc
1696 1361 1951 1400 additamento.
1975 1361 2069 1407 Quia
2087 1362 2182 1400 enim

1195 1424 1320 1461 animae
1342 1423 1512 1460 Virtutem
1535 1437 1604 1469 non
1625 1423 1812 1460 aemulatus
1837 1437 1872 1460 es
1891 1436 1954 1460 nec
1975 1422 2099 1460 videre
2116 1438 2181 1475 po—

1194 1483 1308 1533 tuisti,
1330 1483 1413 1521 data
1427 1493 1479 1521 est
1495 1483 1561 1521 tibi
1578 1483 1757 1520 sensibilis
1777 1482 2014 1532 circumcisio,
2034 1492 2072 1520 ut
2086 1492 2180 1534 post-

1193 1559 1301 1595 quam
1314 1545 1348 1583 in
1367 1545 1434 1582 hac
1451 1560 1490 1583 re
1506 1559 1672 1597 corporea
1689 1545 1901 1582 exercitatus
1920 1559 2025 1596 esses,
2049 1546 2178 1597 paula-

1193 1605 1258 1642 tim
1278 1605 1323 1643 ad
1343 1605 1454 1643 animi
1481 1606 1747 1657 philosophiam
1774 1605 1967 1652 ducereris,
1992 1615 2097 1657 atque
2116 1607 2179 1644 illa

1193 1680 1274 1704 cum
1294 1666 1410 1704 studio
1431 1680 1559 1717 magno
1575 1675 1732 1717 excepta,
1752 1675 1791 1704 ut
1812 1667 1970 1704 maxima
1992 1666 2177 1717 dignitate,

1190 1725 1364 1764 docereris
1384 1727 1516 1764 imitari
1538 1736 1571 1764 et
1590 1727 1750 1764 venerari
1769 1727 2044 1778 progenitorem.
2066 1727 2178 1778 quue

1191 1801 1261 1825 non
1291 1788 1328 1825 in
1358 1787 1625 1826 circumcisione
1651 1786 1757 1825 modo
1780 1788 1878 1824 Deus
1911 1787 2086 1836 instituit,
2117 1789 2178 1826 sed

1190 1848 1296 1885 etiam
1309 1848 1346 1886 in
1359 1848 1438 1886 aliis
1454 1848 1634 1895 omnibus,
1651 1848 1738 1885 utin
1754 1847 1952 1895 sacrificiis,
1966 1848 2002 1885 in
2016 1849 2173 1886 sabbatis

1191 1918 1224 1946 et
1241 1909 1350 1948 festis.
1375 1909 1482 1957 Quod
1509 1918 1627 1946 autem
1653 1918 1796 1960 propter
1814 1917 1849 1946 te
1868 1908 2174 1947 circumcisionem

1189 1970 1374 2021 acceperit,
1388 1969 1472 2007 audi
1485 1969 1664 2020 sequentia
1677 1985 1684 2005 :
1701 1983 1782 2006 cum
1793 1968 1941 2006 dixisset
1951 1971 2044 2007 enim
2055 1970 2174 2022 ipsum

1190 2030 1365 2081 accepisse
1377 2030 1520 2081 signum
1542 2039 1576 2067 et
1591 2029 1828 2081 signaculum,
1847 2043 1989 2067 causam
2009 2030 2172 2082 apponit,

1190 2089 1311 2127 dicens
1337 2105 1344 2125 :
1373 2091 1423 2127 Ut
1444 2092 1523 2140 ipse
1543 2098 1638 2127 esset
1655 2098 1768 2140 pater
1789 2092 2109 2139 circumcisionis,
2131 2090 2174 2127 iis

1189 2151 1251 2201 qui
1270 2151 1371 2188 illam
1390 2150 1610 2201 spiritualem
1631 2158 1816 2187 assumunt
1832 2165 1839 2185 :
1858 2149 1887 2187 si
1904 2150 2000 2187 enim
2015 2150 2107 2187 hanc
2121 2165 2173 2188 so·⁴

1188 2212 1265 2249 lum
1289 2211 1473 2260 habueris,
1494 2211 1585 2249 nihil
1606 2211 1673 2248 tihi
1696 2211 1778 2263 plus
1799 2211 1954 2248 accedet.
1979 2213 2072 2249 Nam
2090 2221 2175 2250 tunc

1187 2272 1330 2324 signum
1344 2281 1409 2322 est,
1430 2286 1512 2309 cum
1530 2272 1607 2324 ipsa
1625 2285 1694 2321 reS,
1717 2272 1818 2323 cujus
1832 2280 1882 2309 est
1901 2271 2059 2322 signum,
2077 2273 2174 2325 apud

1188 2343 1223 2372 te
1241 2334 1472 2386 conspicitur,
1488 2333 1526 2371 id
1546 2342 1609 2382 est,
1625 2333 1732 2381 fides3
1749 2332 1798 2370 ita
1812 2342 1851 2371 ut
1871 2334 1901 2371 si
1918 2334 2010 2372 hanc
2024 2348 2094 2372 non
2110 2335 2175 2372 ha-

1186 2395 1290 2443 beas,
1323 2395 1466 2446 signum
1496 2408 1567 2432 non
1599 2394 1710 2446 possit
1734 2394 1886 2433 ulterius
1909 2395 2053 2446 signum
2085 2410 2172 2436 esse.

1190 2457 1300 2509 Cujus
1320 2456 1414 2494 enim
1437 2456 1504 2494 erit
1521 2456 1689 2506 signum?
1710 2456 1812 2507 cujus
1837 2455 2074 2507 signaculum,
2095 2471 2176 2494 cuin

1245 249 1400 278 1102-111„

1189 2534 1260 2557 non
1290 2519 1335 2557 sit
1360 2520 1422 2570 qui
1444 2519 1678 2570 obsignetur?
1699 2533 1740 2556 ac
1765 2519 1796 2556 si
1822 2520 1924 2557 nobis
1950 2521 2175 2572 marsupium

1188 2579 1388 2618 ostenderes
1405 2580 1506 2630 signo
1527 2579 1720 2628 munitum,
1737 2579 1774 2616 in
1793 2594 1862 2629 quo
1877 2580 1970 2617 nihil
1984 2590 2083 2618 esset.
2103 2582 2174 2618 Ita-

1185 2655 1254 2692 que
1272 2639 1426 2677 ridicula
1445 2639 1669 2677 circumcisio
1691 2648 1753 2687 est,
1777 2653 1859 2676 cum
1882 2638 1971 2676 fides
1991 2639 2086 2677 intus
2103 2655 2173 2678 non

1185 2701 1349 2739 habetur.
1371 2700 1409 2737 Si
1427 2700 1521 2737 enim
1541 2700 1587 2737 sit
1602 2699 1749 2751 justitiae
1770 2699 1926 2750 signum,
1949 2709 1982 2736 et
1993 2700 2173 2751 justitiam

1184 2777 1254 2800 non
1281 2761 1427 2809 habeas,
1450 2775 1563 2810 neque
1593 2760 1736 2810 signum
1762 2759 1881 2796 habes.
1906 2759 1988 2798 Ideo
2020 2775 2172 2811 namque

1184 2824 1326 2875 signum
1351 2822 1528 2874 accepisti,
1547 2831 1586 2859 ut
1604 2836 1679 2859 rem
1694 2836 1884 2872 quaereres,
1906 2823 2007 2875 cujus
2026 2824 2171 2874 signum

1184 2885 1294 2922 habes
1317 2899 1324 2920 ι
1346 2883 1395 2921 ita
1417 2892 1455 2920 ut
1479 2883 1508 2920 si
1528 2883 1670 2934 signum
1696 2883 1770 2920 sine
1797 2896 1833 2920 re
1857 2883 2075 2934 exquireres,
2096 2898 2165 2922 non

1185 2947 1249 2984 illo
1270 2959 1359 2998 opus
1389 2945 1548 2983 haberes.
1571 2944 1804 2982 Circumcisio
1830 2954 1949 2982 autem
1971 2960 2041 2983 non
2065 2946 2172 2984 modo

1179 3008 1358 3060 justitiam
1371 3006 1557 3059 praedieat,
1575 3005 1636 3043 sed
1651 3005 1756 3043 etiam
1769 3006 1948 3057 justitiam
1963 3008 2076 3056 illam,
2094 3022 2173 3058 quae

1185 3069 1221 3106 in
1242 3067 1416 3121 praeputio
1435 3077 1496 3105 est.
1515 3067 1615 3105 Nihil
1628 3066 1728 3104 aliud
1743 3080 1826 3118 ergo
1843 3067 2067 3106 circumcisio
2085 3083 2171 3120 prae-

1185 3129 1301 3177 dicat,
1327 3142 1432 3179 quam
1463 3127 1559 3178 quod
1590 3140 1658 3165 non
1686 3141 1775 3179 opus
1807 3127 1853 3165 sit
1886 3128 2170 3168 circumcisione.

1187 3191 1246 3228 14.
1264 3190 1304 3228 Si
1320 3192 1422 3226 enim
1439 3191 1479 3235 ii,
1504 3190 1570 3239 qui
1590 3202 1636 3225 ex
1663 3188 1757 3239 lege,
1788 3189 1944 3227 heredes
1964 3198 2068 3239 sunt,
2091 3193 2173 3228 exi-

1209 3331 1225 3354 l’
1251 3331 1262 3370 [
1279 3334 1327 3362 καὶ
1345 3332 1481 3371 σαὸὅ-ὶτῳ
1502 3329 1536 3359 Α.
1556 3329 1566 3369 ]
