2502 3810
744 277 781 307 S.
818 275 1001 306 JOANNIS
1036 273 1276 302 CHRYSOST.

297 263 391 320 436
1316 273 1523 305 ARCHIEP.
1561 276 1916 306 consummor.

297 360 406 405 νεξίαν
421 368 560 407 vocant,
578 359 658 409 plus
673 357 814 406 habere,
837 370 944 406 quam
963 355 1193 393 constitutum
1212 354 1270 392 sit.

172 431 284 459 Divites
298 421 357 459 Sic
375 429 407 457 et
437 420 471 456 in
491 417 648 469 pecuniis
677 430 759 453 eum
779 416 945 454 volumus
964 416 1135 467 majorem
1166 414 1275 452 sarci-

96 473 284 539 g'jlnelffi'g't‘e
298 494 378 517 nam
406 479 596 528 imponere,
626 476 709 513 licet
738 490 807 513 non
837 475 1043 523 sentiamus,
1073 488 1217 526 gravem
1238 474 1275 511 in

97 523 240 580 difffolus.
297 539 397 577 nohis
415 538 540 575 alimus
557 538 677 585 feram,
697 537 808 574 multa
829 536 1012 583 habentes,
1031 535 1154 572 multis
1173 548 1275 585 egen-

296 610 359 646 tes,
376 599 569 636 innumeris
589 613 652 636 nos
672 598 766 635 curis
786 597 1025 649 implicantes,
1049 596 1180 633 multas
1197 595 1322 633 dia-C

293 660 375 697 bolo
402 673 502 697 ansas
530 660 736 710 praebentes.
761 657 846 696 Ideo
866 657 901 695 in
917 657 1093 694 divitibus
1109 655 1274 693 diabolus

293 734 359 758 non
377 735 464 771 opus
479 720 586 756 habet
601 720 741 757 labore:
756 733 836 756 nam
854 727 958 770 captu
981 717 1101 755 faciles
1123 716 1176 753 illi
1193 725 1275 753 sunt

293 796 312 818 a
326 781 475 819 divitiis.
501 783 546 818 At
565 794 633 818 non
660 780 710 818 sic
735 780 771 817 in
790 779 1021 832 pauperibus,
1042 778 1114 815 imo
1134 786 1273 815 contra-

292 841 397 878 rium.
413 842 465 878 Ita
486 855 540 878 res
558 841 643 892 ipsae
662 855 726 892 per
745 855 781 878 se
801 839 970 892 perdunt.
991 839 1110 885 Quare
1128 851 1213 889 rogo
1229 838 1274 875 ab

289 901 418 939 harum
446 901 727 953 concupiscentia
754 900 1007 949 abstineamus,
1033 908 1072 937 ut
1099 898 1274 951 possimus

290 963 438 1013 maligni
466 963 611 1013 laqueos
646 963 819 1014 effugere,
844 971 877 1000 et
899 961 1120 1014 apprehensa
1143 960 1275 999 virtute

293 1032 420 1060 aeterna
439 1024 605 1073 consequi
632 1023 749 1071 bona,
773 1022 889 1073 gratia
908 1031 942 1059 et
957 1019 1174 1072 benignitate
1196 1022 1273 1058 Do—

291 1082 380 1120 mini
399 1083 509 1121 nostri
528 1085 611 1122 Jesu
632 1083 781 1129 Chiisti,
805 1082 951 1132 quicum
978 1081 1074 1119 Patri
1098 1090 1131 1119 et
1160 1081 1274 1133 Sphi-

291 1143 345 1180 tui
368 1152 488 1180 sancto
508 1143 635 1194 gloria,
652 1143 856 1194 imperium,
878 1142 1006 1191 honor,
1025 1156 1118 1180 nunc
1134 1151 1167 1179 et
1186 1156 1274 1179 sem-

291 1218 365 1254 per,
383 1213 415 1241 et
434 1204 470 1240 in
491 1204 616 1241 saecula
638 1203 861 1241 saeculorum.
884 1205 1008 1240 Amen.
1297 1204 1322 1233 D
1346 1203 1479 1254 Πατρὶ,
1497 1202 1570 1251 ἅμα
1583 1204 1633 1252 τῷ
1649 1200 1735 1252 ἁγίῳ
1752 1199 1951 1249 Πνεύματι,
1972 1198 2072 1246 δόξα,
2089 1197 2214 1249 κράτος
2227 1227 2236 1244 ,
2253 1196 2338 1247 τιμὴ
2354 1225 2363 1242 ,

1345 1269 1402 1302 νῦν
1424 1263 1482 1301 καὶ
1508 1262 1582 1309 ἀεὶ,
1602 1261 1661 1299 καὶ
1681 1263 1727 1303 εἰς
1747 1259 1824 1302 τοὺς
1844 1261 1970 1301 αἰῶνας
1990 1261 2058 1296 τῶν
2080 1257 2224 1295 αἰώνων.
2241 1256 2361 1306 Ἀμήν.

1348 357 1486 406 σμένου.
1512 358 1616 396 Οὕτω
1634 358 1674 405 δὴ
1690 359 1749 396 καὶ
1764 358 1821 396 ἐπὶ
1836 357 2042 410 χρημάτων,
2059 357 2140 396 ὅταν
2161 356 2364 407 βουλώμεθα

1347 418 1536 456 ἐπιτιθέναι
1564 419 1689 470 φορτία
1710 418 1874 465 πλείονα,
1906 420 1937 455 εἰ
1955 418 2014 455 καὶ
2035 417 2084 468 μὴ
2109 417 2363 466 αἰσθανόμεθα,

1346 479 1498 529 χαλεπὸν
1527 481 1560 517 ἐν
1591 482 1723 521 ἑαυτοῖς
1741 477 1909 530 τρέφομεν
1926 478 1964 516 τὸ
1981 477 2110 529 θηρίον,
2126 477 2239 515 πολλὰ
2265 477 2363 528 ἔχον-

1346 554 1419 585 τες,
1431 540 1603 576 πολλων
1585 539 1738 588 οεόμενοι
1750 569 1759 585 ,
1776 537 1931 589 φροντίσι
1947 538 2084 588 μυρίαις
2097 537 2365 589 περιέοίὶὶοντες

1346 596 1504 644 ἑαυτους,
1523 596 1652 639 πολλὰς
1665 599 1715 648 τῷ
1731 595 1880 646 διαὸόλῳ
1899 595 2109 645 παρέχοντες
2126 595 2248 638 λαοάς.
2268 599 2281 614 ³
2295 594 2363 632 Διὰ

1345 661 1446 695 τοῦτο
1466 656 1540 695 οὐδὲ
1570 657 1672 708 χρεία
1699 656 1857 706 καμάτου
1887 655 1944 692 επὶ
1968 658 2037 691 τῶν
2056 655 2291 693 πλουτούντων
2312 672 2362 707 τῳ

1346 717 1517 769 διαὸόλιςν
1535 716 1667 768 ἕτοιμοι
1684 716 1752 768 γὰρ
1778 718 1870 766 αὐτῷ
1896 715 1981 766 πρὸς
2001 714 2201 765 καταφορὰν
2217 715 2285 753 ἀπὸ
2304 720 2363 754 τοῦ

1345 778 1492 817 πλούτου
1513 778 1642 829 μάλιστ
1645 793 1666 813 α
1691 777 1854 829 γίνονται
1877 775 1968 813 AJxe’
1989 791 2049 813 ουκ
2077 775 2134 812 ἐπὶ
2161 778 2229 812 τῶν
2261 776 2362 813 πενία

1345 838 1537 886 συζώντων,
1570 838 1659 876 ἀλλὰ
1685 854 1754 876 παν
1784 838 1823 876 τὸ
1841 836 2005 874 ἐναντίον.
2025 835 2148 879 Οὕτως
2167 835 2255 873 αυτὰ
2287 838 2362 874 καθ’

1345 899 1452 938 ἑαυτὰ
1468 899 1638 938 ἀπόλλυσι
1658 899 1701 936 τὰ
1720 898 1924 950 πράγματα.
1940 896 2002 934 Διὸ
2020 897 2215 946 παρακαλῶ
2235 896 2363 947 ἀπέχε-

1346 965 1425 998 σθαι
1439 963 1501 1006 τῆς
1522 959 1650 998 τούτων
1679 958 1862 1009 ἐπιθυμίας
1874 957 1954 1005 ,ἵνα
1970 959 2167 1006 δυνηθῶμεν
2183 957 2362 1006 διαδρᾶναι

1346 1022 1408 1065 τὰς
1440 1025 1498 1059 τοῦ
1523 1025 1673 1073 πονηροῦ
1702 1019 1868 1070 παγίδας,
1890 1017 1947 1055 καὶ
1973 1020 2096 1069 ἀρετῆς
2118 1016 2365 1066 ἐπιλαὸόμενοι

1346 1085 1413 1119 τῶν
1435 1081 1581 1119 αἰωνίων
1601 1082 1738 1131 ἀγαθῶν
1756 1080 1945 1130 ἐπιτυχεῖν,
1964 1077 2083 1129 χάριτι
2098 1076 2157 1114 καὶ
2171 1078 2365 1128 φιλανθρω-

1347 1142 1410 1193 πίᾳ
1437 1145 1495 1180 τοῦ
1527 1141 1658 1192 Κυρίου
1678 1143 1779 1190 ἡμῶν
1801 1140 1917 1184 Ἰησοῦ
1936 1139 2109 1190 Χριστοῦ,
2144 1139 2219 1187 μεθ’
2255 1131 2292 1174 οῧ
2315 1138 2364 1187 τῷ

331 1405 344 1420 ³
362 1396 455 1437 Haec,
474 1398 521 1430 διὰ
545 1401 632 1430 τοῦτο
657 1398 721 1428 οὶῧὲ
743 1400 831 1441 χρεία
846 1400 984 1437 καμάτου
996 1419 1004 1434 ,
1023 1394 1143 1426 desunt
1159 1394 1194 1425 in
1211 1404 1288 1426 uno.

614 1647 824 1684 HOMILIA
856 1646 934 1682 LII.
1716 1644 1895 1681 OMIAIA
1923 1642 1988 1680 vS'.

286 1770 373 1805 CAP.
403 1767 523 1806 XXV.
557 1781 592 1805 v.
626 1769 688 1807 95,
718 1768 883 1804 Postera
913 1774 1042 1803 autem
1085 1766 1147 1802 die
1177 1778 1265 1802 cum
1336 1765 1392 1815 Τῇ
1409 1757 1466 1802 οῧν
1485 1763 1646 1817 ἐπαύριον
1668 1764 1821 1806 ἐλθόντος
1841 1767 1899 1801 τοῦ
1917 1763 2091 1816 Ἀγρίππα
2111 1763 2169 1800 καὶ
2187 1766 2249 1809 τῆς
2268 1765 2358 1816 Βερ-

335 1831 502 1865 venisset
535 1827 713 1878 Agrippa
748 1835 785 1863 et
818 1827 981 1863 Bernice
1015 1838 1102 1862 cum
1140 1825 1265 1862 multa

335 1891 556 1934 ambitione,
573 1897 610 1925 et
626 1890 847 1925 introissent
865 1889 907 1925 in
923 1887 1158 1924 auditorium
1178 1899 1266 1923 cum

335 1950 498 1986 tribunis
524 1957 559 1985 et
579 1951 676 1985 viris
694 1948 976 1999 principalibus
996 1949 1180 1993 civitatis,
1196 1949 1265 1998 ja-

337 2012 447 2047 bente
463 2011 592 2055 Festo,
618 2010 809 2046 adductus
829 2017 884 2046 est
902 2008 1068 2045 Paulus.
1290 2018 1312 2047 E

1389 1824 1485 1871 νίκης
1501 1824 1589 1874 μετὰ
1614 1827 1745 1871 πολλῆς
1761 1824 1970 1876 φαντασίας,
1985 1824 2044 1862 καὶ
2066 1823 2287 1862 εἰσελθόντων
2311 1825 2358 1866 εἰς

1389 1886 1428 1923 τὸ
1453 1884 1683 1938 ἀκροατήριον
1718 1885 1779 1922 σύν
1810 1901 1848 1922 τε
1881 1892 1952 1928 τοῖς
1981 1884 2179 1936 χιλιάρχοις
2208 1884 2267 1922 καὶ
2298 1886 2357 1921 ἀν-

1391 1947 1492 1997 δράσι
1510 1951 1581 1988 τοῖς
1596 1948 1673 1983 κατ’
1693 1944 1814 1998 ἐξοχὴν
1832 1940 1907 1984 οἶσι
1919 1949 1981 1991 τῆς
1997 1946 2148 1992 πόλεως,
2161 1944 2220 1981 καὶ
2240 1944 2356 1981 κελεύ-

1390 2022 1512 2050 σαντος
1530 2010 1589 2044 τοῦ
1611 2006 1755 2053 Φήστου
1767 2036 1777 2056 ,
1798 2007 1890 2058 ἤχθη
1911 2010 1928 2044 ὅ
1948 2008 2098 2049 Παῦλος.

337 2134 371 2166 1.
390 2131 486 2169 Vide
505 2130 619 2180 qualis
636 2129 830 2180 frequentia
848 2145 868 2167 a
881 2130 994 2167 Paulo
1011 2139 1264 2180 congregetur:
1389 2128 1486 2182 εὈρα
1519 2123 1586 2167 οἷον
1621 2128 1825 2180 συλλέγεται
1861 2128 2090 2180 ἀκροατήριον
2120 2131 2170 2180 τῷ
2204 2129 2335 2181 Παύλῳ
2349 2146 2356 2153 ·

286 2192 381 2228 Cum
399 2193 507 2238 viris,
519 2190 933 2240 inquit,principalihus
947 2192 1116 2227 civitatis
1131 2205 1141 2225 .-
1153 2190 1267 2227 omni—

285 2250 352 2287 bus
375 2249 469 2286 enim
490 2249 690 2286 convocatis
712 2249 925 2286 satellitibus
946 2251 1134 2300 praefectus
1154 2258 1187 2286 et
1203 2263 1267 2286 rex

285 2310 468 2348 accedunt.
500 2311 591 2346 Cum
622 2309 709 2360 ipsis
741 2310 848 2346 etiam
877 2310 1012 2346 tribuni
1036 2319 1068 2347 et
1095 2311 1268 2361 primores

287 2370 445 2408 civitates
480 2368 668 2406 adfuerunt
685 2368 768 2405 :hos
787 2369 880 2405 enim
910 2368 1125 2420 principales
1152 2378 1266 2406 vocat,

287 2431 425 2470 Deinde
444 2430 576 2468 Paulus
597 2428 786 2466 adducitur
804 2438 857 2466 :et
878 2428 977 2478 vide,
998 2429 1176 2479 quomodo
1194 2430 1269 2481 ipse

288 2493 416 2530 ductus
427 2491 644 2544 praedicatur
660 2504 680 2527 a
696 2491 799 2528 Festo
814 2506 821 2526 :
838 2504 908 2528 non
927 2489 1033 2528 modo
1050 2490 1145 2527 enim
1166 2491 1269 2528 illum

289 2553 437 2590 crimine
456 2553 608 2589 liberum
628 2551 731 2601 dicit,
755 2551 817 2589 sed
847 2551 952 2589 etiam
983 2551 1152 2590 defendit.
1170 2551 1270 2598 Quid

287 2614 401 2651 dicit?
421 2615 485 2652 24.
511 2613 690 2664 Agrippa
714 2627 795 2658 rer,
829 2621 866 2650 et
896 2626 1026 2650 omnes
1057 2615 1123 2664 qui
1154 2614 1270 2650 simul
1911 2611 2084 2663 Ἀγρίππα
2113 2613 2276 2662 βασιλεῦ,
2297 2627 2356 2648 και

288 2676 430 2713 adestis
456 2676 651 2711 nobiscum
681 2676 774 2718 viri,
807 2674 948 2711 videtis
974 2675 1090 2719 hunc,
1120 2674 1167 2711 de
1195 2688 1270 2725 qao
1281 2702 1328 2727 358
1340 2669 1465 2712 πάντες
1485 2673 1515 2708 οἳ
1535 2670 1773 2721 συαπαρόντες
1786 2674 1870 2720 ημῖν
1892 2672 2030 2723 ἄνορες,
2048 2675 2208 2723 θεωρεῖτε
2223 2676 2354 2716 τοῦτον,

289 2738 412 2772 omnis
432 2735 639 2771 multitudo
669 2734 894 2771 Judaeorum
922 2734 1184 2784 interpellavit
1212 2749 1272 2772 me
1293 2739 1319 2768 A
1339 2729 1421 2783 περὶ
1441 2724 1478 2768 οὗ
1498 2737 1566 2767 πᾶν
1590 2730 1629 2768 τὸ
1642 2732 1771 2776 πληθος
1787 2734 1855 2768 τῶν
1864 2731 2077 2769 ’Iomnium'
2063 2732 2245 2783 ενέτυχόν
2241 2748 2299 2769 υιοι
2321 2733 2355 2769 ἔν

288 2798 358 2834 Jer
360 2797 471 2844 0301]-
474 2799 547 2833 mis
566 2804 603 2832 et
623 2796 697 2841 hic,
719 2795 980 2832 acclamantes
1002 2808 1080 2832 non
1100 2803 1271 2846 oportere

288 2871 373 2894 eum
394 2857 558 2907 amplius
574 2858 716 2893 vivere.
733 2856 795 2894 25.
814 2856 899 2906 Ego
915 2869 1009 2892 vero
1031 2858 1195 2906 comperi
1213 2858 1269 2892 ni-

289 2919 347 2955 hil
370 2919 530 2968 dignum
550 2925 670 2953 morte
690 2929 775 2954 eum
795 2916 1009 2953 admisisse.
1039 2917 1118 2953 Illo
1141 2924 1268 2954 autem

289 2978 509 3029 appellante
528 2977 582 3014 ad
599 2976 835 3027 Augustum,
847 2976 1026 3026 judicavi
1044 2976 1156 3013 illum
1183 2979 1270 3014 mit-

289 3047 378 3075 tere.
398 3039 463 3075 96.
481 3039 541 3074 De
557 3050 630 3088 quo
651 3037 747 3087 qaid
760 3044 904 3073 certum
920 3037 1087 3072 scribam
1101 3037 1269 3086 domino,

289 3111 366 3136 non
380 3100 517 3136 habeo.
535 3099 699 3148 Propter
717 3098 821 3148 qaod
832 3097 999 3148 produxi
1012 3111 1098 3135 eum
1113 3099 1168 3135 ad
1182 3112 1266 3145 vos,

1337 2192 1421 2232 Τοῖς
1437 2191 1514 2227 κατ’
1532 2188 1669 2240 ἐξοχὴν,
1685 2189 1769 2240 φησὶ
1780 2219 1789 2237 ,
1809 2193 1871 2235 τῆς
1887 2190 2037 2232 πόλεως·
2053 2188 2129 2233 τοὺς
2149 2189 2356 2241 δορυφόρους

1337 2250 1404 2302 γὰρ
1423 2250 1556 2292 πάντας
1573 2250 1776 2300 συναγαγὼν
1791 2253 1808 2287 ὁ
1825 2250 1941 2302 ἄρχων
1964 2251 2022 2288 καὶ
2037 2254 2054 2288 ὁ
2076 2249 2257 2300 βασιλεὺς,
2274 2249 2290 2269 ¹¹
2303 2249 2358 2288 οὔ·

1337 2327 1405 2353 τως
1425 2312 1619 2348 ἀπαντῶσι.
1640 2310 1710 2347 Σὺν
1732 2313 1844 2352 αὐτοῖς
1865 2311 1974 2349 δὲκαὶ
1996 2313 2026 2348 οἱ
2041 2310 2221 2362 χιλίαρχοι
2238 2310 2296 2348 καὶ
2327 2313 2357 2348 οἵ

1337 2372 1469 2421 πρῶτοι
1490 2372 1552 2414 τῆς
1570 2369 1704 2411 πόλεως
1722 2369 2020 2420 παραγεγόνασιν·
2043 2370 2181 2412 τούτους
2194 2369 2260 2420 γὰρ
2280 2371 2358 2407 κατ’

1338 2428 1459 2479 ἐξοχὴν
1479 2429 1589 2465 καλεῖ.
1608 2421 1696 2464 Εἶτα
1711 2428 1770 2465 καὶ
1788 2430 1927 2472 Παῦλος
1947 2429 2090 2478 ἄγεται·
2109 2429 2169 2466 καὶ
2186 2429 2248 2480 δ’ρα
2261 2459 2270 2476 ,
2283 2432 2358 2471 πῶς

1338 2490 1439 2525 αὐτοῦ
1461 2487 1624 2538 οἰχθέντος
1645 2488 1922 2540 ἀνακηρύττεται
1952 2489 2018 2526 ὑπὸ
2044 2492 2103 2527 τοῦ
2133 2490 2277 2535 Φήστου
2291 2505 2298 2512 ·
2321 2492 2358 2526 οὗ

1339 2548 1439 2598 μόνον
1459 2548 1526 2600 γὰρ
1557 2549 1658 2586 αὐτὸν
1688 2548 1810 2600 ἀφίησι
1829 2552 1897 2586 τῶν
1926 2550 2168 2600 ἐγκλ·ημοίτιι)ν,
2186 2550 2276 2587 ἀλλὰ
2298 2549 2357 2587 καὶ

1339 2612 1538 2661 υπεραπολο
1540 2616 1664 2660 γεῖται.
1678 2609 1726 2648 Τί
1753 2610 1793 2648 λέ
1794 2626 1882 2660 γιι,>ν

1337 2806 1374 2828 τε
1392 2790 1645 2842 Ιεροσολύαοις
1661 2807 1719 2829 και
1741 2791 1878 2838 extentos,
1898 2791 2104 2834 επιὸοωντες
2124 2792 2171 2841 μὴ
2195 2793 2264 2828 δεῖν
2295 2794 2354 2842 ζῇν

1339 2851 1439 2889 αὐτὸν
1467 2850 1604 2900 μηκέτι,
1624 2851 1718 2902 Ἐγὼ
1751 2851 1785 2889 δὲ
1813 2852 2093 2901 καταλαὸόμενος
2125 2851 2232 2901 μηδὲν
2264 2851 2355 2895 ἄξιον

1340 2911 1485 2949 θανάτου
1507 2911 1606 2949 αὐτὸν
1629 2911 1848 2963 πεπραχέναι
1863 2941 1872 2957 ,
1888 2912 1948 2949 καὶ
1968 2914 2070 2950 αὐτοῦ
2087 2911 2121 2949 δὲ
2138 2912 2258 2950 τούτου
2276 2914 2355 2950 ἐπι-

1339 2972 1575 3021 καλεσαμένου
1605 2973 1663 3009 τὸν
1693 2973 1874 3017 σεέαστὸν,
1905 2972 2023 3023 ἔκρινα
2053 2973 2204 3023 πέμπειν
2241 2973 2355 3012 αὐτόν.

1339 3032 1428 3083 Περὶ
1447 3027 1484 3070 οἷ
1505 3032 1656 3083 ἀσφαλές
1676 3049 1710 3069 τι
1734 3032 1864 3084 γράψαι
1883 3036 1932 3085 τῷ
1959 3033 2066 3084 κυρίῳ
2100 3035 2160 3071 οὐκ
2191 3033 2281 3084 ἔχω·
2305 3034 2356 3071 διὸ

1339 3092 1538 3143 προήγαγον
1576 3093 1676 3130 αὐτὸν
1707 3095 1757 3144 ἐφ’
1785 3095 1880 3143 ὑμῶν
1911 3094 1969 3130 καὶ
2009 3094 2162 3143 μάλιστα
2191 3094 2247 3131 ἐπὶ
2276 3097 2354 3141 σοῦ,

328 3241 344 3265 b
361 3239 506 3281 Herba,
523 3241 613 3276 οὕτως
625 3244 792 3278 ἀπαντῶσι,
808 3248 883 3269 cum
896 3236 1096 3280 praecedenti
1112 3244 1169 3285 γάρ
1185 3238 1284 3271 omit-

1352 3245 1439 3275 αὐτὸν
1456 3249 1513 3275 τῶν
1531 3245 1736 3283 ἐγκλημάτων.
1754 3246 1783 3274 τί
1799 3246 1857 3286 γάρ
1882 3257 1964 3286 φησιν
1981 3246 1995 3275 ὀ
2012 3249 2140 3283 Φῆστος,
2160 3240 2220 3286 Ᾱγρ
2246 3241 2295 3273 Ex
2314 3243 2353 3273 D.

282 3299 357 3324 tunt
374 3293 410 3324 Α.
428 3292 463 3322 Β.
488 3289 529 3333 (is
546 3291 677 3331 iusuper
694 3289 781 3331 haec,
799 3294 847 3322 καὶ
870 3293 885 3323 ὁ
900 3290 1052 3333 βασιλεὺς)
1069 3291 1125 3330 C.‚
1140 3291 1186 3322 ita
1210 3303 1285 3333 per-

281 3349 412 3385 gentes,
435 3346 482 3373 καὶ
510 3346 534 3374 οἱ
558 3344 708 3384 χιλίαρχοι
733 3347 961 3385 παραγεγόνασι.
991 3344 1053 3375 εἶτα
1070 3347 1209 3384 ἀχθέντος
1234 3348 1285 3377 τοῦ

283 3396 419 3433 Παύλου,
440 3397 495 3437 ὅρα
521 3399 580 3428 πῶς
605 3394 862 3435 ἀνακηρύττεται·
885 3395 971 3430 αὐτὸς
992 3396 1005 3425 ὁ
1032 3400 1143 3431 Φῆστος
1168 3398 1285 3438 cipi-cor)

1351 3294 1534 3335 recepimus
1549 3292 1621 3332 illa,
1641 3295 1704 3325 εἶτα
1730 3297 1778 3325 καὶ
1803 3297 1920 3330 Παῦλος
1936 3300 2058 3335 α’γεται,
2075 3293 2158 3325 lecta
2179 3294 2357 3334 Interpreti

1352 3345 1489 3385 Latino,
1507 3343 1564 3375 sed
1587 3344 1620 3375 in
1647 3343 1770 3375 Graecis
1787 3342 1893 3375 Editis
1918 3342 2104 3377 desiderata
2125 3357 2131 3374 z
2151 3351 2304 3387 praeterea
2331 3349 2356 3377 οὶ

1351 3399 1502 3440 χιλὶαρχοι
1518 3406 1578 3438 pro
1596 3399 1609 3428 ὁ
1625 3397 1807 3441 χτ).ία[.χος,]
