2502 3810
352 219 440 265 562
782 235 818 263 s,
855 232 1055 262 JOANNJS.

1094 228 1332 258 CHRYSOST.
1371 229 1577 260 ARCHIEP.
1616 228 1781 260 CONSTA
1790 231 1951 261 NTINOP
1960 251 1968 259 .

146 316 235 362 Rogn·
256 317 283 345 5-
301 317 333 346 3-
346 316 448 354 Illius
473 316 612 353 lucrum
633 314 731 352 novit
750 313 881 351 Paulus
888 326 900 361 3
923 310 1071 360 ideoque
1097 308 1207 346 djcit:
1240 309 1274 345 T
1272 311 1323 345 ri·
1348 310 1372 340 C
1395 308 1506 347 Πόθεν
1521 304 1578 348 οῧν
1595 310 1749 349 τίκτεται
1766 312 1810 350 τὰ
1828 312 1942 359 κακοί;
1962 314 2024 350 οὐκ
2039 312 2107 350 ἀπὸ
2129 313 2197 349 τῶν
2217 311 2411 349 πλουτούν-

147 365 219 385 -3,

347 378 494 415 bulatio
505 377 735 427 patientiam
753 380 946 422 operatur,
966 371 1158 421 patientia
1180 370 1321 419 proba-

345 441 499 483 tionem,
526 436 702 485 probatio
722 445 814 469 vero
843 444 958 482 spem,
983 443 1065 481 spes
1085 437 1213 466 autem
1245 442 1323 465 non

342 496 557 547 coafundit.
580 494 632 530 Ne
649 504 732 542 ergo
752 490 978 528 concidamus
995 489 1032 528 in
1052 488 1234 538 aerumnis,
1261 487 1321 525 sed

341 557 376 593 in
389 555 553 593 omnibus
569 552 699 604 gratias
713 565 870 603 agamus,
885 559 925 588 ut
945 551 1100 588 multum
1116 550 1296 587 lucremur
1309 564 1319 597 ;

340 624 378 652 ut
398 614 536 666 probati
557 613 667 651 simus
683 611 780 664 apud
798 612 929 661 Deum,
947 611 1009 661 qui
1028 623 1202 648 aerumnas
1233 623 1321 661 per—

337 674 456 711 mittit.
472 675 646 724 Magnum
662 681 712 710 est
731 671 877 709 afflictio
895 671 1053 708 bonum:
1069 679 1102 707 et
1120 669 1188 707 hoc
1203 683 1222 706 a
1235 683 1322 721 pue-

336 734 386 772 ris
411 734 539 771 nostris
555 732 750 782 discimus3
770 746 852 769 nam
872 731 947 769 sine
970 730 1199 782 castigatione
1230 729 1322 767 nihil

337 795 424 832 utile
445 808 531 845 puer
556 793 732 832 didicerit.
765 794 839 831 Nos
870 806 956 831 vero
986 792 1102 843 magis
1127 805 1234 841 quam
1266 790 1320 828 illi

333 853 525 891 affljetione
542 866 631 904 opus
646 852 831 889 habemus.
853 851 946 889 Nam
966 850 995 888 si
1014 850 1067 888 illi
1081 880 1093 900 7
1124 863 1205 887 cum
1236 848 1318 886 ani—

336 915 386 952 mi
404 924 521 952 motus
540 913 652 952 sedati
674 922 768 961 sunt,
796 913 946 961 florent3
963 912 1076 949 multo
1099 910 1212 961 magis
1232 923 1295 947 nos
1308 939 1318 959 ,

335 975 589 1013 cummaxime
616 983 668 1012 tot
683 973 861 1024 tantisque
892 972 1125 1011 detIneamur.
1160 970 1231 1010 Sed
1257 984 1320 1008 nos

336 1037 449 1087 magis
465 1036 668 1088 paedagogis
685 1049 845 1086 egemus:
860 1047 1050 1087 puerorum
1067 1033 1161 1070 enim
1179 1041 1320 1084 peccata
1341 1044 1366 1074 1)

334 1111 404 1136 non
425 1107 521 1136 tanta
533 1106 627 1145 sunt,
644 1106 763 1135 nostra
789 1110 873 1135 vero
892 1104 1035 1147 peccata
1053 1095 1222 1133 maxima.
1243 1096 1320 1132 Pae-

334 1159 492 1210 dagogus
514 1167 631 1197 noster
649 1167 699 1195 est
715 1157 871 1195 afflictio.
892 1158 945 1194 Ne
959 1157 1076 1206 itaque
1093 1155 1193 1193 illam
1213 1163 1320 1193 attra-

332 1220 474 1268 hamus,
495 1228 528 1257 et
547 1227 754 1270 praesentem
769 1217 906 1254 fortiter
928 1217 1094 1265 feramus,
1117 1230 1197 1267 quae
1226 1229 1320 1254 sem—

332 1296 396 1333 per
410 1290 460 1318 est
478 1281 745 1318 innumerorum
764 1294 868 1317 causa
890 1279 1064 1316 bonorum
1080 1294 1090 1327 3
1107 1287 1146 1316 ut
1176 1287 1208 1316 et
1246 1278 1317 1316 Dei

334 1342 448 1392 gratia
474 1342 647 1389 fruamur,
676 1349 709 1377 et
732 1340 833 1377 bonis
854 1354 931 1390 quae
966 1339 1118 1391 reposita
1145 1348 1228 1377 sunt
1258 1338 1316 1388 iis,

334 1402 395 1453 qui
412 1402 569 1453 diligunt
580 1401 696 1450 illum,
710 1401 746 1438 in
761 1400 903 1438 Christo
921 1402 1004 1439 Jesu
1016 1400 1171 1438 Domino
1182 1408 1319 1448 nostro,

333 1465 479 1515 quicum
498 1464 596 1501 Patri
625 1473 659 1501 et
679 1463 830 1515 Spiritui
858 1472 978 1501 sancto
994 1493 1004 1510 ,
1030 1463 1170 1514 gloria,
1207 1462 1317 1513 impe-

336 1526 443 1574 rium,
463 1525 601 1573 honor,
631 1538 724 1563 nunc
745 1534 778 1562 ct
805 1537 967 1576 semper,
989 1532 1022 1561 et
1041 1523 1078 1561 in
1100 1523 1226 1561 saecula
1249 1536 1319 1560 εἰθ-

340 1587 511 1625 culorum.
533 1589 657 1623 Amen.

1343 1654 1366 1683 E

382 2011 398 2034 b
425 2008 520 2042 Idem
538 2013 641 2048 αὐτοὺς
658 2012 791 2054 σφάλλει.

1395 384 1486 416 των,
1504 371 1566 407 οὐκ
1590 370 1660 408 ἀπὸ
1685 374 1753 409 τῶν
1772 372 1964 424 χαιρόντων
1978 388 1989 419 3
2007 372 2108 415 Τίνες
2133 374 2181 415 εἷς
2205 370 2414 423 δικαστήρια

1394 428 1556 477 &nouo-23
1582 430 1671 474 τίνες
1699 431 1816 474 οὐσίας
1849 434 2108 480 διασπαθῶσιν,
2136 435 2168 471 οἱ
2195 431 2413 483 ταλαίπωροι

1396 490 1456 528 καὶ
1487 491 1757 544 ἀπερριμμένοι,
1777 491 1799 537 ἢ
1821 493 1852 529 οἳ
1881 492 2017 543 μεγάλα
2038 496 2210 545 φυσῶντες
2236 493 2297 531 καὶ
2325 492 2412 544 χαί-

1397 565 1527 601 ροντες,
1544 553 1620 589 Οὐκ
1644 551 1736 589 ἔστιν
1765 551 1834 589 ἀπὸ
1861 553 1974 603 ψυχῆς
1995 553 2226 603 τεθλιμμένης
2252 552 2412 603 γενέσθαι

1393 626 1427 647 τι
1442 612 1561 648 κακόν.
1584 605 1688 649 Οἶδεν
1712 612 1819 657 αὐτῆς
1839 612 1879 649 τὸ
1894 611 2013 662 κέρδος
2029 615 2047 649 ὁ
2059 614 2197 656 Παῦλος
2213 628 2220 636 ·
2241 612 2296 650 διὰ
2310 612 2412 650 τοῦτό

1394 686 1519 722 φησιν,
1535 671 1580 710 ‘H
1603 674 1716 724 θλῖψις
1739 671 1917 721 ὑπομονὴν
1939 672 2208 722 κατεργάζεται,
2227 676 2249 718 ἡ
2269 673 2304 710 δὲ
2328 675 2412 710 ὓπο-

1394 731 1480 782 μονὴ
1506 732 1675 783 «δοκιμὴν,
1695 737 1717 779 4,
1744 732 1779 770 δὲ
1810 732 1936 783 δοκιμὴ
1967 732 2112 781 ἐλπίδα,
2142 736 2163 779 4,
2188 733 2223 771 δὲ
2247 733 2344 776 ἐλπὶς
2373 735 2411 771 οὔ

1392 792 1628 845 καταισχύνει,
1647 792 1710 840 Μὴ
1730 793 1772 839 δὴ
1792 793 2068 844 καταπίπτωμεν
2089 796 2123 830 ἐν
2143 798 2219 836 ταῖς
2238 793 2391 844 θλίψεσιν
2405 824 2414 840 ,

1392 854 1466 891 ἀλλ’
1495 855 1528 891 ἐν
1563 854 1693 892 ἅπασιν
1724 856 2009 907 εὖχαριστῶμεν,
2041 853 2097 891 ἵνα
2126 870 2160 892 τι
2191 854 2411 907 κερδάνωμεν

1393 914 1482 966 μέγα
1495 945 1505 963 ‚
1538 915 1595 953 ἵνα
1627 915 1912 966 εὐδοκιμήσωμεν
1944 914 2042 967 παρὰ
2069 917 2119 967 τῷ
2155 917 2237 969 Θεῷ
2268 917 2318 966 τῷ
2353 914 2414 958 τὰς

1391 975 1522 1028 θλίψεις
1547 980 1795 1029 συγιωροῧντι.
1811 975 1915 1026 Μέγα
1938 977 2050 1027 θλῖψις
2066 975 2192 1026 ἀγαθόν
2204 990 2213 999 ·
2236 976 2296 1013 καὶ
2314 979 2415 1013 τοῦτο

1392 1037 1460 1076 ἀπὸ
1480 1040 1548 1075 τῶν
1574 1037 1707 1075 παίδων
1730 1039 1799 1074 τῶν
1827 1035 2008 1088 ἡμετέρων
2037 1035 2277 1087 μανθάνομεν·
2306 1035 2415 1087 χωρὶς

1390 1097 1457 1150 γὰρ
1499 1098 1644 1149 θλίψεως
1673 1096 1767 1135 οὐδὲν
1802 1096 1841 1134 ἂν
1875 1096 1977 1147 μα’θοι
2006 1096 2193 1150 χρήσιμον.
2221 1095 2346 1146 Ἡμεῖς
2378 1095 2414 1133 δὲ

1391 1161 1522 1210 μᾶλλον
1554 1161 1668 1197 αὐτῶν
1694 1158 1839 1209 δεόμεθα
1865 1159 2024 1210 θλίψεως.
2045 1161 2090 1197 Εἰ
2115 1158 2182 1211 γὰρ
2213 1161 2326 1196 ἐκεῖνα
2346 1159 2414 1194 τῶν

1390 1222 1508 1258 παθῶν
1536 1219 1755 1271 ἠρεμούντων
1786 1218 1802 1239 ¹³
1821 1221 1935 1263 αὐτοῖς
1966 1219 2103 1265 θάλλει,
2131 1221 2250 1270 πολλῷ
2283 1219 2414 1268 μᾶλλον

1390 1283 1511 1331 ἡμεῖς,
1541 1279 1600 1317 καὶ
1646 1279 1800 1330 μάλιστα
1837 1279 2011 1323 τοσούτοις
2049 1278 2283 1331 συνεχόμενοι.
2322 1278 2414 1316 Ἀλλ’

1390 1345 1482 1391 ἡμᾶς
1500 1342 1631 1391 μᾶλλον
1650 1341 1893 1392 παιδαγωγοὺς
1912 1340 2004 1392 ἔχειν
2024 1341 2142 1391 ἐχρῆν·
2160 1339 2257 1391 παρὰ
2273 1338 2333 1389 μὲν
2348 1337 2416 1390 γὰρ

1389 1404 1457 1439 τῶν
1477 1401 1610 1439 παίδων
1631 1401 1675 1438 τὰ
1694 1401 1934 1453 ἁμαρτήματα
1955 1402 2017 1437 οὔκ
2046 1400 2085 1437 διν
2108 1400 2244 1451 μεγάλα
2262 1399 2414 1451 γένοιτο,

1389 1462 1486 1514 παρὰ
1506 1463 1541 1499 δὲ
1561 1465 1662 1510 ἡμῶν
1686 1461 1817 1513 σφόδρα
1841 1462 1988 1512 μεγάλα.
2008 1461 2240 1512 Παιδαγωγὸς
2261 1460 2296 1499 δὲ
2313 1463 2415 1511 ἡμῶν

1389 1527 1410 1570 ἡ
1429 1525 1556 1575 θλῖψις.
1575 1523 1676 1569 Μήτε
1694 1518 1750 1560 οῧν
1772 1522 2004 1572 ἓπισπώμεΟα
2020 1522 2140 1571 αὐτὴν,
2159 1522 2219 1560 καὶ
2236 1526 2414 1575 παροῦσαν

1390 1583 1554 1633 γενναίως
1572 1582 1730 1634 φέρωμεν
1742 1612 1751 1630 ,
1768 1582 1820 1619 ἀεὶ
1842 1584 1975 1634 μυρίων
1997 1576 2100 1621 οὖσαν
2118 1586 2255 1633 ἀγαθῶν
2280 1581 2394 1620 αἰτίαν
2406 1612 2415 1628 ,

1391 1644 1447 1680 ἵνα
1469 1643 1528 1680 καὶ
1547 1645 1609 1688 τῆς
1628 1643 1726 1694 παρὰ
1747 1647 1805 1680 τοῦ
1825 1645 1916 1681 Θεοῦ
1938 1645 2045 1694 ῥοπῆς
2066 1642 2336 1693 ἀπολαύσωμεν,
2358 1644 2417 1680 καὶ

1391 1706 1459 1741 τῶν
1490 1702 1729 1753 ἀποκειμένων
1761 1705 1898 1753 ἀγαθῶν
1920 1709 1990 1747 τοῖς
2020 1706 2200 1754 ἀγαπῶσιν
2230 1703 2352 1751 αὐτὸν,
2381 1705 2415 1741 ἐν

1394 1766 1538 1817 Χριστῷ
1555 1765 1670 1810 Ἰησοῦ
1698 1766 1748 1816 τῷ
1772 1763 1892 1815 Κυρίῳ
1917 1768 2036 1814 ἡμῶν,
2063 1766 2136 1815 μεθ’
2167 1758 2206 1802 οἷ
2234 1767 2283 1816 τῷ
2300 1765 2417 1817 Πατρὶ

1394 1826 1468 1876 ἅμα
1488 1827 1538 1877 τῷ
1559 1824 1647 1879 ἁγίῳ
1663 1824 1846 1875 Πνεύματι
1864 1824 1944 1869 δόξα
1956 1855 1965 1872 ,
1984 1824 2107 1877 κράτος
2119 1855 2128 1872 ,
2146 1825 2254 1876 τιμὴ,
2279 1829 2339 1863 νῦν
2358 1826 2418 1863 καὶ

1396 1886 1467 1932 ἀεὶ,
1497 1885 1555 1924 καὶ
1572 1887 1619 1930 εἷς
1635 1885 1712 1929 τοὺς
1729 1887 1856 1929 αἰῶνας
1875 1888 1942 1924 τῶν
1962 1885 2107 1925 αἰώνων.
2122 1885 2243 1937 Ἀμήν.

643 2246 850 2284 HOMILIA
880 2245 1013 2283 XLIII.
1333 2246 1382 2310 εἰς

343 2371 432 2408 CAP.
449 2367 533 2406 XX.
554 2382 589 2406 v.
611 2369 645 2404 1.
666 2369 879 2418 Postquam
908 2374 1038 2403 autem
1069 2369 1234 2404 cessavit
1266 2374 1324 2404 tu-

396 2429 553 2475 multus,
576 2429 728 2465 vocatis
744 2426 894 2464 Paulus
909 2425 1108 2477 discipulis
1126 2428 1249 2477 iisque
1264 2439 1325 2463 sa-

397 2491 544 2536 lutatis,
554 2489 749 2542 profectus
766 2495 821 2525 est
839 2495 879 2524 ut
893 2489 963 2524 iret
977 2488 1018 2523 in
1033 2487 1322 2537 Macedoniam

397 2615 432 2649 1.
460 2611 577 2650 Multa
589 2623 677 2662 opus
689 2617 761 2646 erat
774 2607 1011 2646 consolatione
1027 2615 1106 2660 post
1120 2615 1257 2645 tantum
1271 2615 1327 2644 tu-

344 2675 510 2712 multum.
532 2673 608 2709 Hoc
630 2671 691 2709 ille
713 2678 824 2719 curat,
845 2679 877 2708 et
898 2678 937 2706 ut
956 2669 1151 2721 discipulos
1171 2669 1327 2707 console-

344 2747 416 2785 tur,
436 2735 566 2785 migrat
591 2733 628 2770 in
644 2730 907 2777 Macedoniam,
922 2729 1050 2768 deinde
1073 2730 1110 2767 in
1137 2729 1326 2768 Graeciam.

344 2798 391 2835 Et
406 2795 500 2847 quod
516 2794 671 2832 multum
686 2792 765 2830 illos
782 2791 981 2829 consolatus
994 2790 1052 2839 sit,
1068 2789 1163 2828 audi.
1181 2793 1216 2828 2.
1231 2792 1327 2829 Cum

345 2869 473 2899 autem
487 2856 792 2910 perambulasset
807 2862 937 2905 partes
958 2854 1062 2899 illas,
1088 2862 1125 2891 et
1146 2855 1327 2892 exhorta-

346 2930 406 2959 tus
418 2921 565 2972 fuisset
594 2930 656 2955 eos
684 2915 806 2952 multo
826 2927 1012 2959 sermone,
1034 2917 1142 2951 venit
1162 2917 1204 2952 in
1225 2915 1328 2952 Groe·

346 2981 509 3020 ciam.5.
532 2980 693 3016 Etcum
723 2977 776 3012 ibi
798 2975 940 3027 fuisset
970 2976 1162 3012 mensibus
1191 2977 1324 3022 tribus,

345 3056 432 3080 cum
450 3047 573 3079 essent
591 3038 652 3075 illi
670 3043 823 3074 structoe
842 3035 992 3071 insidiae
1012 3048 1037 3072 a
1056 3035 1204 3072 Judoeis
1219 3039 1326 3074 navi-

346 3111 482 3153 gaturo
502 3103 543 3137 in
563 3099 733 3147 Syriam,
754 3095 958 3133 consilium
976 3097 1077 3140 iniit,
1102 3103 1142 3132 ut
1158 3105 1327 3134 reverte—

347 3170 451 3198 retur
472 3173 539 3211 per
566 3158 851 3196 Macedoniam.
873 3155 910 3191 4.
937 3155 1153 3192 Comitatus
1181 3164 1236 3193 est
1263 3169 1326 3193 au-

349 3231 422 3259 tem
440 3234 526 3258 eum
552 3232 672 3269 usque
692 3220 733 3254 in
755 3216 895 3255 Asiam
913 3215 1073 3265 Sopater
1095 3216 1322 3268 Beraeensls,

391 3365 402 3378 ὃ
429 3354 488 3385 Alii
507 3361 590 3387 w‘iffc
609 3354 641 3391 δὴ
658 3359 777 3388 ποιήσας
794 3354 878 3390 ἦλθεν
900 3356 937 3388 εἰς
956 3355 1007 3390 τὴν
1023 3352 1216 3384 Μακεδονίαν.

1773 2250 1952 2287 OMIAIA
1978 2248 2048 2300 μγί

1398 2366 1501 2404 Μετὰ
1521 2368 1560 2406 δὲ
1576 2368 1615 2406 τὸ
1637 2369 1834 2407 παύσασθαι
1852 2370 1909 2407 τὸν
1931 2370 2073 2421 θόρυὸον
2091 2371 2420 2421 προσκαλεσάμενος

1451 2431 1469 2465 ὁ
1485 2429 1625 2471 Παῦλος
1638 2428 1716 2472 τοὺς
1737 2428 1912 2479 μαθητὰς,
1935 2431 1995 2468 καὶ
2017 2431 2281 2481 ἀσπασάμενος,
2302 2431 2420 2476 ἐξῆλθε

1451 2492 1660 2541 πορευθῆναι
1676 2492 1723 2534 εἰς
1742 2490 1804 2536 τὴν
1826 2491 2058 2529 Μακεδονίαν.

1453 2611 1552 2650 Ἔδει
1566 2614 1697 2659 πολλῆς
1713 2613 1967 2665 παρακλήσεως
1987 2613 2055 2651 ἀπὸ
2074 2616 2135 2660 τῆς
2151 2617 2310 2666 ταραχῆς
2331 2615 2422 2653 ἐκεί-

1399 2688 1470 2718 νης.
1491 2674 1626 2710 ἱὶΤοῦτο
1654 2673 1695 2719 δὴ
1729 2673 1786 2710 καὶ
1806 2680 1914 2721 ποιεῖ,
1932 2673 1991 2712 καὶ
2013 2673 2069 2712 ἵνα
2090 2675 2321 2728 παρακαλέσῃ
2344 2675 2422 2718 τοὺς

1402 2732 1575 2783 μαθητὰς,
1596 2733 1736 2785 ἔρχεται
1764 2736 1812 2777 εἷς
1835 2734 2069 2780 Μακεδονίαν,
2090 2728 2164 2771 εἶτα
2193 2737 2238 2778 εἷς
2253 2735 2316 2781 τὴν
2339 2735 2422 2774 Ἑλ-

1399 2794 1500 2832 λάδα.
1530 2794 1599 2832 Καὶ
1631 2794 1684 2833 ὅτι
1707 2794 1840 2846 σφόδρα
1873 2794 1994 2837 αὐτοὺς
2016 2795 2269 2847 παρεκάλεσεν,
2307 2796 2420 2834 ἄκουε.

1399 2854 1552 2892 Διελθὼν
1573 2854 1608 2893 δὲ
1628 2854 1673 2893 τὰ
1691 2855 1780 2907 μέρη
1802 2857 1915 2893 ἐκεῖνα
1929 2885 1939 2902 ,
1958 2855 2017 2893 καὶ
2036 2856 2282 2906 παρακαλέσας
2303 2856 2425 2900 αὐτοὺς

1398 2914 1491 2966 λόγῳ
1510 2917 1628 2967 πολλῷ
1643 2943 1652 2959 ,
1667 2910 1769 2962 ἦλθεν
1788 2918 1835 2959 εἰς
1848 2917 1910 2962 τὴν
1928 2914 2095 2953 Ἑλλάδα.
2120 2916 2278 2962 Ποιήσας
2296 2933 2334 2954 τε
2357 2920 2425 2968 μῆ-

1399 2990 1459 3018 νας
1473 2980 1584 3027 τρεῖς,
1602 2976 1789 3026 γενομένης
1808 2977 1902 3026 αὐτῷ
1926 2974 2112 3022 ἕπιὸουλῆς
2140 2976 2207 3013 ὑπὸ
2233 2980 2302 3014 τῶν
2334 2979 2423 3015 Ἴου--

1401 3036 1505 3074 δαίων
1538 3036 1701 3087 μέλλοντι
1730 3036 1917 3085 ἀνάγεσθαι
1947 3037 1994 3078 εἷς
2028 3035 2091 3082 τὴν
2122 3036 2264 3088 Συρίαν,
2290 3037 2424 3088 ἐγένετο

1399 3096 1521 3148 γνώμη
1553 3099 1612 3135 τοῖῖ
1641 3096 1865 3149 ὑποστρέφειν
1897 3095 1953 3133 διὰ
1974 3097 2205 3141 Μακεδονίας.
2236 3098 2423 3137 Συνείπετο

1399 3157 1435 3196 δὲ
1456 3159 1550 3211 αὐτῷ
1574 3158 1656 3210 ἄχρι
1677 3161 1740 3204 τῆς
1758 3156 1875 3200 Ἀσίας
1895 3155 2086 3210 Σώπατρος
2105 3160 2305 3211 Βεροιαῖος,
2329 3161 2420 3198 Θεσ-

1399 3220 1607 3258 σαλονικέων
1631 3218 1665 3257 δὲ
1686 3218 1909 3269 Ἀρίσταρχος
1934 3217 1993 3255 καὶ
2014 3219 2204 3264 Σεκοῦνδος
2231 3220 2289 3257 καὶ
2318 3221 2347 3258 Γ
2350 3220 2421 3263 οἱϊος
