2502 3810
748 284 788 313 IN
827 283 966 314 EPIST·
1006 282 1064 311 AD
1101 279 1208 310 ROM.

107 366 164 404 τὸν
184 366 337 417 καρπόν,
369 364 449 403 ἔνθα
476 367 588 404 πολλὰ
612 366 655 404 τὰ
682 367 828 414 ἀτόκια,
862 368 941 406 ἔνθα
961 367 1028 418 πρὸ
1058 369 1120 411 τῆς

107 425 270 475 γενέσεως
299 424 420 476 φόνος;
444 426 502 463 καὶ
521 426 588 477 γὰρ
608 427 667 464 καὶ
685 426 748 472 τὴν
777 427 905 478 πόρνην
936 429 997 464 οὐκ
1019 425 1122 476 ἀφίης

107 491 223 533 μεῖναι
253 484 383 536 πόρνην
408 485 523 534 μόνον,
554 486 644 524 ἀλλὰ
677 486 734 524 καὶ
761 487 964 538 ἀνδροφόνον
995 490 1118 527 ποιεῖς.

107 538 209 586 Εἶδες
255 544 323 581 ἀπὸ
368 544 474 593 μέθης
510 546 690 596 πορνείαν,
735 546 804 583 ἀπὸ
848 545 1007 596 πορνείας
1048 559 1123 593 μοι·

107 602 228 653 χείαν,
265 604 333 641 ἀπὸ
370 605 527 656 μοιχείας
561 606 681 656 φόνον,
716 607 846 655 μᾶλλον
876 604 910 642 δὲ
939 604 998 641 καὶ
1022 603 1124 654 φόνου

109 677 142 699 τι
161 668 276 713 χεῖρον
292 678 300 686 ·
317 664 391 702 οὐδὲ
411 664 477 715 γὰρ
495 665 566 716 ἔχω
597 668 672 708 πῶς
701 665 783 702 αὐτὸ
811 663 966 702 καλέσω·
987 665 1025 700 οὐ
1056 662 1124 712 γὰρ

110 722 302 774 *τεχθέντα
335 727 484 776 ἀναιρεῖ,
519 725 609 763 ἀλλὰ
642 726 701 762 καὶ
722 728 888 776 τεχθῆναι
923 722 1061 762 κωλύει.
1078 722 1125 760 Τί

107 782 246 829 τοίνυν;
278 784 349 821 Καὶ
390 789 448 823 τοῦ
483 788 574 824 Θεοῦ
607 785 669 832 τὴν
703 784 833 836 δωρεὰν
867 784 1038 835 ὓὸρίζεις,
1065 782 1123 819 καὶ

107 847 178 884 τοῖς
214 844 317 880 αὐτοῦ
350 844 447 895 μάχῃ
480 845 614 894 νόμοις,
648 845 707 882 καὶ
742 844 827 896 ὅπερ
864 843 936 881 ἐστὶ
969 842 1125 893 κατάρα,

106 906 205 939 τοῦτο
225 905 272 946 ὡς
295 905 449 954 εὐλογίαν
475 905 723 954 μεταδιώκεις,
743 904 802 941 καὶ
822 903 860 940 τὸ
887 908 1041 953 ταμιεῖον
1062 904 1124 947 τῆς

107 963 271 1012 γενέσεως
291 971 448 1014 ταμιεῖον
467 971 575 1008 ποιεῖς
599 969 754 1016 σφαγῆς,
777 965 836 1002 καὶ
854 963 917 1010 τὴν
936 963 1021 1014 πρὸς
1039 977 1123 1000 παι-

106 1023 258 1060 δοποιίαν
281 1025 436 1062 δοθεῖσαν
468 1031 615 1075 γυναῖκα
647 1025 732 1075 πρὸς
769 1023 867 1075 φόνον
900 1021 1123 1073 παρασκευά-

103 1084 195 1129 ζεις;
221 1082 297 1120 Ἵνα
323 1084 387 1134 γὰρ
423 1085 475 1122 ἀεὶ
509 1091 579 1127 τοῖς
598 1087 783 1135 οέρασταῖς
814 1083 1003 1134 εὔχρηστος
1023 1076 1045 1132 ἦ
1064 1081 1124 1118 καὶ

103 1141 241 1187 ποθεινὴ
262 1143 321 1179 καὶ
341 1143 444 1181 πλέον
467 1143 626 1194 ἀργύριον
647 1142 732 1194 ἕλκη
752 1173 760 1186 ,
783 1142 858 1180 οὐδὲ
877 1145 977 1179 τοῦτο
994 1156 1123 1192 παραι-

100 1207 213 1238 τεῖται
237 1204 405 1249 ποιῆσαι,
438 1203 527 1253 μέγα
549 1203 605 1241 ἐπὶ
632 1203 693 1250 τὴν
721 1203 783 1249 σὴν
813 1201 966 1254 κεφαλὴν
987 1201 1026 1239 τὸ
1054 1206 1122 1252 πῦρ

102 1263 253 1299 ἐντεῦθεν
273 1261 469 1314 σωρεύουσα
485 1278 491 1285 ·
510 1265 539 1299 εἷ
560 1263 627 1314 γὰρ
646 1263 704 1300 καὶ
727 1262 861 1308 ἐκείνης
878 1263 917 1300 τὸ
935 1262 1122 1311 τόλμημα,

103 1321 191 1358 ἀλλὰ
207 1322 248 1367 σὴ
265 1324 285 1367 ἡ
304 1321 398 1359 αἶτία
407 1321 553 1372 γίνεται.
565 1321 744 1359 Ἐντεῦθεν
755 1321 815 1358 καὶ
832 1323 1123 1372 εἷδωλολατρεῖαι.

102 1381 240 1418 Πολλαὶ
259 1381 326 1432 γὰρ
343 1381 433 1418 ὥστε
450 1384 628 1434 ἐπιχαρεῖς
646 1381 818 1433 γενέσθαι,
837 1380 897 1418 καὶ
913 1380 1049 1431 ἐπῳδὰς
1064 1381 1123 1418 καὶ

103 1441 252 1484 σπονδὰς
281 1442 340 1479 καὶ
364 1442 489 1493 φίλτρα
525 1442 584 1479 καὶ
608 1441 714 1492 μυρία
745 1441 847 1494 ἕτερα
881 1444 1121 1492 μηχανῶνται.

103 1502 194 1539 Ἀλλ’
223 1500 317 1551 ὅμως
350 1501 438 1552 μετὰ
469 1502 639 1548 τοσαύτην
660 1500 920 1553 ἀσχημοσύνην,
950 1500 1038 1550 μετὰ
1058 1500 1120 1552 φό-

101 1577 199 1609 νους,
238 1562 326 1611 μετὰ
364 1562 665 1614 εἰδωλολατρείας,
697 1563 837 1605 πολλοῖς
870 1561 1053 1613 ἀδιάφορον
1083 1562 1122 1599 τὸ

101 1628 249 1673 πρᾶγμα
277 1618 364 1659 εἶναι
384 1625 497 1669 δοκεῖ,
516 1624 656 1664 πολλοῖς
689 1622 748 1660 καὶ
777 1628 942 1672 γυναῖκας
960 1621 1098 1671 ἔχουσιν
1113 1636 1121 1644 ·

101 1682 182 1720 ἔνθα
201 1681 260 1719 καὶ
277 1681 405 1719 πλείων
426 1685 443 1719 ὅ
464 1682 605 1734 φορυτὸς
623 1684 691 1719 τῶν
713 1684 844 1719 κακῶν.
863 1680 932 1718 Καὶ
951 1681 1017 1732 γὰρ
1035 1696 1122 1732 φαρ-

102 1748 245 1791 μακεῖαι
260 1741 380 1779 λοιπὸν
396 1746 588 1787 κινοῦνται,
608 1744 669 1780 οὐκ
687 1742 744 1780 ἐπὶ
761 1741 824 1787 τὴν
840 1740 943 1787 νηδὺν
958 1742 1021 1788 τὴν
1040 1757 1122 1793 πορ-

100 1802 299 1852 νευομένην,
325 1803 401 1840 ἀλλ’
439 1802 497 1840 ἐπὶ
530 1802 592 1849 τὴν
624 1801 841 1850 ἠδικημένην
862 1807 1028 1852 γυναῖκα,
1062 1802 1121 1839 καὶ

101 1863 282 1900 ἓπιέουλαὶ
304 1862 443 1916 μυρίαι,
465 1864 524 1900 καὶ
543 1855 716 1912 δαιμόνων
736 1862 878 1908 κλήσεις
892 1891 901 1908 ,
922 1862 982 1900 καὶ
998 1878 1120 1900 νεκυο-

102 1929 281 1972 μαντεῖαι,
303 1924 362 1961 καὶ
398 1923 546 1974 πόλεμοι
584 1923 835 1974 καθημερινοὶ,
870 1923 930 1961 καὶ
957 1923 1122 1961 ἄσπονδοι

101 1983 233 2034 μάχαι,
254 1984 312 2020 καὶ
332 1983 512 2036 σύντροφοι
535 1984 752 2035 φιλονεικίαι.
773 1983 836 2021 Διὸ
856 1983 915 2021 καὶ
942 1987 959 2022 ὁ
982 1985 1122 2028 Παῦλος

100 2044 221 2090 εἰπὼν,
244 2044 304 2091 Μὴ
321 2044 452 2087 κοίταις
471 2045 531 2082 καὶ
548 2044 763 2096 ἀσελγείαις,
782 2045 956 2095 ἐπήγαγε,
976 2044 1035 2091 Μὴ
1054 2044 1122 2095 ἔρι-

101 2105 133 2141 δι
152 2104 210 2141 καὶ
232 2105 344 2157 ζήλῳ·
374 2104 471 2148 εἰδὼς
489 2104 566 2147 τοὺς
589 2107 740 2143 ἐντεῦθεν
760 2103 956 2154 πολέμους,
978 2107 1044 2142 τῶν
1066 2107 1120 2142 οἰ·-

100 2167 184 2202 κιῶν
213 2165 273 2209 τὰς
297 2165 514 2217 ἀνατροπὰς,
535 2168 603 2203 τῶν
625 2167 769 2215 εὐγενῶν
804 2164 938 2202 παίδων
957 2164 1018 2207 τὰς
1046 2166 1120 2203 ἀδι-

98 2225 199 2273 κίας,
223 2225 267 2263 τὰ
302 2225 408 2276 μυρία
440 2225 546 2263 κακά.
569 2224 633 2262 Ἵν’
667 2219 724 2262 οῦν
757 2228 867 2261 ταῦτα
900 2224 1119 2276 διαφύγωμεν

99 2285 256 2333 ἅπαντα,
288 2286 345 2323 τὸν
377 2286 527 2337 Χριστὸν
548 2285 789 2335 ἐνδυσώμεθα,
817 2284 877 2322 καὶ
902 2287 978 2335 μετ’
1016 2288 1118 2323 αὐτοῦ

98 2347 263 2392 διηνεκῶς
289 2339 382 2396 ὦμεν
399 2362 407 2369 ·
426 2346 501 2383 ἐπεὶ
527 2346 585 2383 καὶ
605 2345 705 2384 τοῦτο’
720 2347 814 2382 ἐστιν
830 2345 1037 2383 ἐνδύσασθαι
1051 2376 1061 2394 ,
1081 2346 1120 2384 τὸ

98 2406 273 2455 μηδέποτε
287 2408 390 2444 αὐτοῦ
408 2408 676 2457 ἀπολειφθῆναι,
694 2406 733 2443 τὸ
748 2406 914 2445 πάντοθεν
929 2407 1028 2444 αὐτὸν
1044 2407 1120 2458 φαί-

97 2471 213 2504 νεσθαι
236 2469 269 2504 ἐν
289 2470 373 2516 ἡμῖν
393 2467 449 2504 διὰ
468 2470 530 2512 τῆς
547 2467 740 2518 ἁγιωσύνης
756 2470 870 2516 ἡμῶν,
890 2466 946 2504 διὰ
966 2470 1028 2513 τῆς
1045 2469 1119 2505 ἐπι-

98 2526 236 2569 εικείας.
256 2526 360 2564 Οὕτω
391 2527 451 2563 καὶ
481 2526 537 2564 ἐπὶ
569 2527 676 2578 φίλων
704 2529 864 2578 λέγομεν,
898 2531 915 2565 ὃ
946 2529 1040 2565 δεῖνα
1060 2527 1117 2564 τὸν

98 2587 193 2623 δεῖνα
225 2585 422 2632 ἐνεδύσατο,
453 2586 515 2632 τὴν
551 2586 683 2631 πολλὴν
719 2587 859 2637 ἀγάπην
880 2587 1036 2638 λέγοντες
1058 2587 1117 2624 καὶ

1248 279 1403 310 HOMIL.
1445 281 1574 312 xxiv.
2076 266 2164 329 767

1192 364 1319 402 curat?
1335 365 1397 402 ubi
1417 366 1538 403 multae
1554 375 1635 404 sunt
1653 365 1848 405 sterilitatis
1863 365 1999 403 causae?
2011 364 2072 402 uhi
2091 375 2171 403 ante

1193 424 1451 472 generationem
1467 425 1600 463 caedes?
1610 440 1689 463 nam
1700 426 1916 464 meretricem
1932 439 2000 463 non
2012 426 2170 463 meretri-

1195 496 1269 519 cem
1285 484 1400 521 solum
1416 499 1557 523 manere
1572 486 1672 535 sinis,
1684 487 1744 524 sed
1759 486 1862 524 etiam
1884 485 2100 524 homicidam
2118 487 2171 523 fa-

1196 541 1390 581 cis.Viden’
1401 544 1446 581 ab
1459 545 1626 582 ebrietate
1644 546 1923 594 fornicationem,
1937 560 1956 583 a
1968 546 2170 583 fornicatio-

1196 616 1239 639 ne
1263 602 1491 653 adulterium,
1517 606 1562 642 ab
1584 605 1760 644 adulterio
1790 607 1947 644 caedem?
1974 606 2046 644 imo
2077 605 2172 644 caede

1196 663 1296 714 pejus
1317 663 1516 714 quidpiam3
1533 678 1643 715 neque
1661 667 1754 704 enim
1772 667 1847 704 scio
1867 680 1935 717 quo
1956 667 2096 704 nomine
2108 681 2172 718 ap-

1196 723 1323 772 pellem
1343 738 1350 758 :
1370 737 1481 773 neque
1499 725 1592 761 enim
1616 725 1712 775 quod
1732 735 1853 763 natum
1874 735 1924 763 est
1949 726 2091 773 oceidit,
2110 727 2173 764 sed

1195 796 1238 819 ne
1254 792 1417 820 nascatur
1436 785 1613 834 prohibet.
1639 786 1739 831 Quid
1758 787 1870 836 ergo?
1890 786 1936 825 Et
1952 786 2085 823 donum
2105 788 2173 825 Dei

1195 845 1407 883 contumelia
1429 846 1563 894 afficis,
1582 855 1615 883 et
1633 861 1715 884 cum
1738 847 1850 899 ipsius
1866 848 2003 898 legibus
2018 862 2170 900 pugnas,

1194 915 1227 943 et
1246 905 1339 955 quod
1371 906 1573 944 maledictio
1591 916 1652 955 est,
1680 908 1748 944 hoc
1767 908 1866 957 quasi
1894 908 2174 946 benedictionem

1193 965 1334 1015 quaeris,
1351 974 1384 1002 et
1398 966 1630 1016 generationis
1645 967 1917 1018 promtuarium,
1931 968 2038 1006 caedis
2055 983 2174 1020 prom-

1193 1025 1350 1062 tuarium
1370 1026 1470 1075 facis,
1494 1036 1527 1063 et
1545 1041 1636 1074 eam,
1661 1042 1737 1077 quae
1763 1028 1810 1065 ad
1828 1029 1938 1079 prolis
1956 1029 2173 1080 procreatio*

1193 1100 1274 1123 nem
1303 1086 1370 1123 tibi
1397 1086 1479 1124 data
1499 1097 1549 1125 est
1579 1088 1719 1136 mulier,
1740 1088 1788 1126 ad
1816 1089 2023 1140 patrandam
2046 1090 2175 1127 caedem

1193 1145 1362 1183 instruis?
1384 1147 1433 1183 Ut
1457 1146 1552 1184 enim
1572 1147 1790 1185 amatoribus
1815 1162 1952 1199 semper
1977 1149 2128 1186 formosa
2142 1159 2176 1186 et

1194 1206 1357 1243 amabilis
1374 1206 1430 1255 sit,
1450 1215 1482 1244 et
1503 1207 1583 1258 plus
1601 1208 1758 1259 pecuniae
1783 1208 1957 1256 corradat,
1978 1223 2089 1259 neque
2106 1210 2175 1248 hoc

1193 1266 1306 1303 facere
1322 1276 1476 1315 recusat,
1491 1268 1646 1305 multum
1668 1268 1760 1319 ignis
1780 1268 1862 1306 inde
1880 1269 1915 1306 in
1943 1279 2048 1320 caput
2072 1279 2174 1308 tuum

1147 786 1171 816 C

1192 1328 1588 1366 accumulanszetiamsi
1612 1330 1706 1365 enim
1730 1330 1798 1366 hoc
1826 1330 1924 1367 illius
1955 1331 1999 1368 sit
2026 1331 2173 1377 facinus,

1193 1387 1251 1425 sed
1268 1396 1307 1424 tu
1323 1388 1359 1425 in
1376 1402 1479 1426 causa
1496 1403 1543 1426 es.
1557 1389 1648 1426 Hinc
1665 1403 1807 1439 quoque
1820 1390 2175 1437 idololatriaMultae

1192 1446 1286 1484 enim
1312 1456 1351 1484 ut
1371 1447 1539 1498 jucundae
1563 1457 1769 1499 appareant,
1795 1448 2061 1499 incantationes,
2078 1450 2171 1487 liba-

1191 1508 1302 1557 mina,
1334 1508 1468 1559 philtra
1481 1538 1491 1557 ,
1526 1518 1559 1546 et
1589 1509 1775 1546 innumera
1807 1510 1876 1547 alia
1913 1510 2172 1549 machinantur.

1191 1571 1355 1606 Attamen
1363 1578 1442 1620 post
1453 1578 1587 1606 tantam
1595 1569 1865 1621 turpitudinem,
1876 1579 1955 1621 post
1965 1570 2173 1623 caedes,post

1191 1627 1440 1677 idololatriam,
1457 1643 1512 1666 res
1530 1629 1605 1666 haec
1623 1629 1745 1666 multis
1764 1629 1968 1668 indifferens
1987 1645 2058 1668 esse
2073 1632 2172 1670 vide-

1190 1697 1262 1738 tur,
1289 1690 1411 1727 multis
1431 1689 1537 1727 etiam
1561 1704 1687 1728 uxores
1711 1690 1923 1728 habentibus
1943 1709 1950 1729 ;
1972 1692 2033 1728 ubi
2060 1693 2173 1745 major

1193 1758 1244 1789 est
1263 1750 1439 1787 malorum
1459 1751 1641 1789 colluvies.
1657 1751 1749 1788 Nam
1773 1751 1857 1788 hinc
1878 1752 2046 1790 veneficia
2065 1752 2172 1791 dein-

1193 1823 1273 1861 ceps
1291 1819 1474 1862 parantur,
1499 1825 1566 1848 non
1590 1811 1626 1848 in
1653 1811 1847 1849 meretricis
1875 1821 2029 1863 uterum,
2055 1813 2115 1850 sed
2135 1813 2171 1851 in

1191 1884 1282 1917 eam,
1306 1885 1382 1921 quae
1409 1873 1492 1908 laesa
1512 1873 1594 1917 fuit,
1616 1887 1776 1918 uxorem,
1802 1873 1940 1910 insidiae
1960 1874 2170 1926 innumerae,

1192 1931 1394 1968 daemonum
1434 1931 1672 1970 invocationes
1684 1962 1695 1982 ,
1737 1942 1959 1971 mortuorum
2002 1934 2171 1973 incanta-

1193 2001 1329 2038 menta,
1351 1991 1445 2030 bella
1463 1991 1684 2042 quotidiana,
1706 2006 1834 2044 pugnae
1862 1993 2172 2034 irreconciliabiles

1192 2061 1225 2089 et
1236 2052 1383 2089 assiduae
1397 2053 1647 2091 contentiones.
1669 2053 1755 2090 Ideo
1770 2055 1900 2091 Paulus
1912 2069 1993 2092 cum
2011 2055 2172 2106 dixisset,

1224 2115 1280 2150 'on
1298 2116 1338 2150 in
1364 2114 1554 2151 cubilibus
1572 2123 1608 2151 et
1626 2116 1890 2165 impudicitiis,
1909 2115 2065 2164 addidit,
2083 2118 2172 2154 Non

1191 2177 1232 2211 in
1246 2176 1490 2211 contentione
1502 2182 1538 2211 et
1555 2175 1817 2219 oenzulcztione;
1832 2188 1963 2225 gnarus
1973 2190 2027 2213 res
2048 2176 2172 2228 hujus-

1191 2234 1287 2272 modi
1304 2235 1410 2283 hella,
1424 2234 1612 2272 domorum
1631 2235 1841 2281 eversiones,
1863 2235 2056 2273 liberorum
2079 2236 2173 2288 inju-

1191 2296 1272 2343 rias,
1286 2304 1318 2332 et
1334 2295 1520 2332 innumera
1540 2295 1632 2331 mala
1651 2309 1786 2346 parere.
1800 2296 1850 2332 Ut
1866 2309 1948 2345 ergo
1962 2296 2038 2332 haec
2054 2297 2173 2333 omnia

1190 2355 1384 2406 fugiamus,
1395 2355 1577 2392 Christum
1597 2354 1798 2403 induamus,
1810 2365 1844 2392 et
1857 2370 1936 2393 cum
1953 2356 2016 2394 illo
2035 2371 2172 2409 semper

1191 2417 1312 2454 simus.
1324 2418 1415 2454 Nam
1429 2416 1495 2454 hoc
1509 2425 1559 2454 est
1576 2416 1638 2453 illo
1650 2416 1814 2454 indutum
1827 2431 1910 2464 esse,
1923 2417 1968 2453 ab
1983 2417 2059 2468 ipso
2070 2432 2172 2455 num-

1190 2492 1299 2528 quam
1318 2476 1444 2522 deseri,
1460 2477 1648 2528 ipsumque
1659 2477 1694 2514 in
1709 2477 1812 2514 nobis
1824 2492 1887 2529 per
1906 2477 2124 2515 sanctitatem
2139 2488 2172 2515 et

1189 2537 1498 2574 mansuetudinem
1529 2545 1685 2573 nostram
1715 2550 1853 2588 semper
1876 2552 2090 2588 comparere,
2112 2538 2172 2576 Sic

1190 2608 1222 2634 et
1245 2598 1289 2634 de
1308 2597 1431 2634 amicis
1463 2596 1639 2633 dicimus:
1656 2596 1722 2632 Ille
1750 2596 1831 2632 talis
1860 2596 1967 2633 talem
1988 2597 2094 2633 istum
2114 2597 2171 2634 in-

1144 2040 1168 2070 E

96 2645 158 2691 Τὴν
176 2645 396 2683 ἀδιάλειπτον
412 2645 593 2683 συνουσίαν
607 2661 614 2669 “
635 2649 652 2683 ο
664 2646 731 2697 γὰρ
747 2646 972 2696 ἓνουσάμένος
984 2676 993 2693 ²
1009 2649 1117 2684 ἐκεῖνο
1131 2667 1178 2691 700
1190 2659 1287 2706 duit;
1310 2657 1535 2695 dilectionem
1569 2669 1733 2706 magnam
1762 2656 2011 2706 significantes,
2040 2672 2171 2708 perpe-

96 2705 276 2756 φαίνεται,
295 2704 380 2756 ὅπερ
401 2705 586 2743 ἐνδέδυται.
607 2705 793 2742 Φαινέσθω
811 2704 922 2742 τοίνυν
949 2706 1116 2743 πάντοθεν

97 2767 130 2802 ἐν
145 2769 228 2816 ἡμῖν
252 2769 269 2803 ὃ
288 2764 449 2816 Χριστός.
471 2765 538 2802 Καὶ
556 2767 630 2807 πῶς
646 2770 803 2815 φανεῖται
820 2781 829 2810 ;
847 2765 906 2802 Ἂν
926 2765 971 2802 τὰ
987 2765 1117 2803 ἐκείνου

95 2827 211 2873 ποιῇς.
234 2824 281 2863 Τί
311 2824 346 2863 δὲ
367 2828 493 2867 ἐκεῖνος
522 2823 706 2871 ἐποίησεν,
725 2823 769 2861 ‘O
801 2824 883 2867 Υἱὸς
901 2827 960 2861 τοῦ
981 2824 1115 2876 ἀνθρώ-

95 2901 182 2932 που,
205 2884 321 2937 φησὶν,
342 2885 402 2921 οὒκ
422 2885 494 2935 ἔχει
514 2888 579 2921 ποῦ
599 2884 660 2931 τὴν
691 2883 845 2935 κεφαλὴν
867 2884 980 2936 κλίνῃ.
1002 2886 1116 2923 Τοῦτο

95 2946 154 2983 καὶ
186 2944 227 2982 σὺ
261 2945 428 2991 ζήλωσον.
448 2947 590 2996 Τροφῆς
616 2946 811 2981 ἀπολαῦσαι
831 2945 920 2991 ἔδει,
951 2945 1010 2982 καὶ
1035 2961 1116 2995 κρι-

95 3005 198 3049 θίνοις
214 3006 329 3057 ἄρτοις
343 3004 529 3056 ἐκέχρητο·
547 3005 777 3054 ἀποδημῆσαι
796 3007 918 3056 ἐχρῆν,
934 3004 993 3042 καὶ
1009 3005 1114 3042 οὐδα-

97 3075 162 3119 μοῦ
194 3070 296 3108 ἵπποι
325 3070 384 3107 καὶ
413 3069 583 3121 ὑποζύγια
594 3100 604 3118 ,
636 3069 724 3108 ἀλλὰ
758 3074 911 3109 τοσαῦτα
946 3071 1114 3118 ἐὸάδιζεν,

96 3137 185 3174 ὥστε
205 3136 264 3174 καὶ
284 3142 451 3174 κοπιᾶσαι
469 3151 476 3159 ·
496 3137 707 3181 καθευδῆσαι
728 3136 814 3182 ἔδει,
834 3136 893 3174 καὶ
927 3137 983 3175 ἐπὶ
1010 3153 1116 3188 προσ-

96 3196 282 3248 κεφαλαίου
291 3196 402 3233 ἔκειτο
417 3195 473 3233 ἐπὶ
484 3198 545 3241 τῆς
555 3195 712 3246 πρώρας·
730 3198 983 3243 κατακλιθῆναι
1006 3199 1126 3249 ἐχρῆν,

141 3301 160 3321 *
184 3299 244 3338 [A.
261 3305 293 3329 et
310 3308 414 3339 marg.
433 3296 531 3329 Saxil.
553 3302 665 3339 τεχθέν.
686 3296 778 3329 Infra
796 3297 896 3330 iidem
915 3303 945 3332 σὺ
962 3304 998 3337 ὡ,-
1015 3304 1043 3333 22

99 3350 191 3392 για-κ]

140 3411 152 3425 ³
167 3407 303 3445 ἐρασταῖς
320 3405 435 3445 εὔχαρις
449 3417 465 3436 e
481 3405 527 3433 msc
545 3405 672 3439 ποῧεει-ή,
684 3401 776 3432 sicin
792 3412 856 3432 uno
870 3401 1004 3442 Codice,
1021 3401 1104 3434 sorte

1048 3305 1098 3334 >o-

1142 2703 1167 2731 Α
1191 2728 1362 2767 tuumque
1394 2716 1609 2753 consortium
1633 2715 1718 2764 :qui
1747 2716 1841 2751 enim
1872 2715 2048 2764 induitur,
2078 2716 2170 2754 illud

1190 2790 1262 2814 esse
1285 2777 1430 2829 apparet
1450 2790 1519 2825 quo
1539 2775 1712 2813 induitur.
1740 2777 1920 2827 Appareat
1936 2776 2054 2826 itaque
2079 2791 2169 2814 scm-

1188 2852 1251 2889 pcr
1276 2837 1312 2874 in
1340 2836 1440 2874 nobis
1468 2834 1641 2872 Christus.
1670 2835 1717 2872 Et
1751 2835 1929 2884 quomodo
1959 2837 2169 2887 apparebit?

1189 2898 1227 2936 Si
1246 2912 1323 2947 quae
1344 2897 1442 2934 illius
1464 2904 1545 2933 sunt
1564 2895 1700 2932 feceris.
1724 2894 1821 2941 Quid
1848 2910 1931 2933 vero
1965 2896 2046 2934 fecit
2078 2897 2169 2934 ille?

1188 2958 1317 2995 Filius
1339 2959 1519 3002 hominis,
1549 2955 1675 3005 inquit,
1698 2969 1775 2992 non
1806 2957 1933 3001 habet,
1965 2959 2031 2994 ubi
2054 2965 2169 3007 caput
2186 2968 2366 3006 L11c.9.58.

1187 3031 1298 3054 suum
1314 3017 1485 3054 reclinet.
1501 3015 1578 3052 Hoc
1597 3023 1630 3051 et
1649 3023 1688 3051 tu
1708 3014 1957 3052 imitare.Cu1n
1976 3016 2094 3052 cibum
2110 3030 2168 3053 su-

1187 3090 1282 3114 mere
1308 3075 1481 3127 oportuit,
1501 3074 1706 3112 hordeaceis
1732 3074 1883 3125 panibus
1903 3089 1987 3112 usus
2006 3084 2073 3112 est:
2088 3089 2169 3114 cum

1188 3135 1488 3189 peregrinandum
1506 3135 1586 3181 fuit,
1610 3148 1785 3183 nusquam
1804 3134 1886 3183 equi
1903 3143 1935 3171 ct
1955 3135 2169 3186 subjugalia,

1189 3196 1250 3235 sect
1272 3206 1408 3234 tantum
1428 3194 1564 3233 itineris
1584 3194 1736 3246 pedibus
1755 3195 1914 3244 confecit,
1934 3205 1972 3233 ut
1991 3205 2024 3233 et
2042 3196 2170 3235 defati-

1167 3300 1292 3332 melius.
1317 3301 1502 3343 [εὖχάριττος
1518 3301 1539 3343 ᾗ
1554 3300 1604 3335 A„
1622 3306 1655 3330 et
1679 3309 1717 3330 ex
1742 3299 1948 3331 correctione
1969 3301 2040 3334 οὖσα
2055 3312 2117 3341 pro
2135 3306 2169 3344 ᾖ,

1170 3353 1288 3384 omissa
1304 3363 1379 3383 mox
1399 3350 1515 3393 copula
1532 3358 1607 3382 ante
1620 3354 1717 3384 πλέον.
1731 3350 1784 3382 Sic
1800 3362 1930 3394 quoque
1945 3352 2172 3396 niarg.Sax·il.]
