2466 3805
607 283 653 312 IN
694 282 806 312 ACTA
842 278 1186 311 APOSTOLORUM.
1226 277 1381 308 HOMIL.
1419 277 1548 307 XXlV.
2048 275 2126 302 211

74 363 242 406 συνέσεως
259 363 362 401 αὐτοῦ
381 356 436 408 ἦν,
461 362 550 400 ἀλλὰ
568 366 628 400 τοῦ
648 363 851 414 Πνεύματος
871 362 916 400 τὰ
936 362 1087 414 ῥήματα.
1161 367 1301 411 ceptum
1325 366 1413 396 esset
1437 358 1585 397 verbum
1599 372 1609 407 ,
1625 355 1687 394 sed
1701 355 1747 393 ob
1763 368 1874 407 parva
1887 352 1948 390 illa
1963 352 2152 404 discepta!

75 424 145 462 Καὶ
170 423 320 462 δείκνυσι
339 422 395 460 διὰ
416 426 478 469 τῆς
500 423 687 474 ἀπολογίας
712 424 832 461 ἑαυτὸν
858 421 918 473 μὲν
940 423 1089 471 οὐδαμοῦ
1160 420 1256 457 bant.
1279 419 1318 457 Si
1337 418 1429 456 enim
1451 418 1541 455 nihil
1562 417 1693 455 horum
1712 415 1843 460 fuisset,
1862 428 1931 451 non
1950 422 2001 451 sat
2016 412 2140 450 fuisset

76 484 198 532 αἴτιον,
221 486 400 535 πανταχοῦ
429 482 464 520 δὲ
483 483 541 521 τὸν
571 483 673 521 Θεόν.
703 483 773 521 Καὶ
796 482 978 535 μονονουχὶ
1006 481 1092 534 πρὸς
1162 481 1369 534 praestitum.
1392 482 1438 518 At
1456 494 1524 518 non
1546 480 1594 517 ita
1614 493 1650 517 se
1667 486 1797 531 purgat
1814 477 1939 514 Petrus
1958 491 1965 511 :
1984 475 2139 528 prudens

76 544 198 588 αὐτοὺς
229 549 328 582 τοῦτο
359 543 527 595 λέγει·ἐν
563 543 786 595 ἐκστάσειιιε
805 543 963 596 γενέσθαι
993 542 1092 584 αὐτὸς
1163 542 1294 595 quippe
1310 541 1490 589 erat;inu0
1510 555 1577 579 non
1598 554 1643 578 ex
1667 535 2139 592 prudenthiipsius,sed,ex

75 605 254 651 ἐποίησεν·
275 604 342 657 ἐγὼ
365 604 432 656 γὰρ
457 605 576 648 ἁπλῶς
605 604 879 656 προσευχόμενος
908 604 1021 654 ἥμην·
1053 602 1093 640 τὸ
1114 614 1138 642 D
1165 603 1299 656 Spiritu
1319 602 1426 640 verba
1456 601 1782 654 proficiscebantur.
1805 599 1852 636 Et
1880 597 1916 634 in
1942 596 2142 634 defensione

76 670 199 709 σκεῦος
233 667 334 709 αὐτὸς
365 665 505 709 ἔδειξεν·
533 665 599 716 ἐγὼ
634 669 813 703 ἀντεῖπον·
850 665 955 703 πάλιν
993 663 1094 705 αὐτὸς
1165 678 1229 701 5113
1256 678 1292 701 50
1308 677 1376 700 11011
1398 671 1579 699 auctorem
1597 659 1760 707 ostendit,
1776 658 1839 696 sed
1862 658 1992 708 ubique
2009 659 2138 695 Deum.

77 721 184 774 εἶπεν,
212 726 271 764 καὶ
286 726 363 764 οὐδὲ
379 725 486 770 οὕτως
504 725 636 772 ἤκουσα
649 741 656 749 ·
678 726 730 763 Τὸ
749 727 894 776 Πνεῦμα
916 723 1094 762 ἐκέλευσεν
1165 725 1213 762 Ε1
1228 734 1365 761 tantum
1387 738 1455 761 non
1479 723 1560 760 illos
1579 722 1630 760 sic
1653 722 1781 758 affatur
1798 737 1804 756 :
1822 721 1902 771 lpse
1924 719 2017 767 fecit,
2037 728 2077 756 ut
2107 718 2144 755 in

78 789 276 825 ‘cim'AOetv-
298 788 357 825 καὶ
381 786 473 837 ὅμως
494 785 652 824 ἀπελθὼν
667 787 730 823 οὐκ
752 785 965 836 ἐπέδραμον·
983 779 1092 831 εἶπον,
1166 798 1309 822 excessu
1328 783 1454 820 mentis
1476 796 1585 819 essem
1607 797 1614 817 ε
1634 794 1698 831 ego
1722 780 1817 817 enim
1835 779 2043 831 simpliciter
2061 793 2145 816 ora-

78 849 134 887 ὅτι
154 851 171 886 ὃ
190 848 278 891 Θεὸς
300 848 453 900 ἔπεμψε,
477 849 536 886 καὶ
561 847 649 898 μετὰ
664 851 775 885 ταῦτα
794 847 869 884 οὐδὲ
889 846 996 889 οὕτως
1014 845 1095 882 {602—
1166 845 1249 882 bam
1267 844 1352 880 :ille
1372 857 1434 881 vas
1461 841 1552 878 illud
1580 840 1791 877 monstravit
1811 855 1818 875 ε
1839 853 1903 890 ego
1931 839 2147 876 contradice-

81 926 211 956 πτισα,
239 909 328 948 ἀλλὰ
349 911 454 948 πάλιν
480 913 497 947 ὃ
517 910 606 953 Θεὸς
630 910 669 947 τὸ
699 915 767 947 πᾶν
791 909 986 959 εἰργάσατο.
1009 907 1096 960 Ἄρα
1166 903 1250 941 bam
1270 916 1439 940 :rursum
1464 901 1526 938 ille
1555 900 1662 948 dixit,
1684 913 1796 949 neque
1824 899 1874 936 510
1904 911 1967 949 ego
1995 899 2117 936 audivi
2140 915 2147 934 ε

82 971 170 1013 Θεὸς
195 970 317 1013 αὐτοὺς
335 970 532 1016 ἐὸάπτισεν,
556 970 617 1008 οὐκ
638 968 717 1019 ἐγώ.
733 969 804 1007 Καὶ
824 970 884 1005 οὐκ
901 961 993 1016 εἷπε,
1017 969 1097 1007 τού·
1167 966 1331 1016 Spiritus
1340 965 1458 1015 jussit
1471 964 1579 999 abire
1596 976 1606 996 :
1625 969 1658 997 et
1673 959 1795 997 abiens
1814 972 1884 996 non
1899 959 2126 995 accurrebam
2142 974 2149 994 ε

82 1048 151 1070 των
168 1031 353 1083 γεγονότων
372 1031 547 1075 ἁπάντων,
565 1032 626 1067 οὐκ
642 1030 708 1067 ἔδει
727 1029 765 1066 τὸ
785 1027 876 1080 ὕδωρ
897 1032 1098 1081 προσθεῖναι
1169 1024 1248 1062 dixi
1265 1022 1361 1074 quod
1377 1024 1475 1059 Deus
1493 1020 1648 1069 miserit;
1667 1028 1701 1057 et
1715 1028 1834 1071 postea
1848 1032 1959 1068 neque
1973 1018 2153 1069 5101131111-

84 1093 219 1138 λοιπόν,
252 1092 330 1129 ἀλλ’
348 1094 393 1134 ὡς
412 1090 544 1132 οὐδενὸς
563 1089 758 1134 λείποντος,
782 1087 877 1139 Ἐγὼ
908 1087 959 1131 τίς
990 1088 1098 1139 ἥμην,
1169 1085 1263 1135 zavi,
1285 1084 1347 1122 sed
1371 1097 1514 1120 rursum
1533 1084 1629 1119 Deus
1649 1090 1763 1119 totum
1788 1080 1913 1119 effecit.
1936 1079 2033 1130 Ergo
2059 1081 2155 1117 Deus

84 1153 186 1205 φησὶ,
208 1155 361 1190 κωλῦσαι
379 1151 435 1188 τὸν
458 1150 571 1197 Θεόν,
591 1149 725 1196 Bagai,
745 1148 799 1187 οἵα
815 1152 836 1195 ἦ
855 1148 1044 1199 ἀπολογία·
1062 1150 1099 1186 οὐ
1171 1147 1251 1185 11105
1279 1144 1495 1197 baptizavit,
1521 1157 1590 1181 non
1620 1156 1696 1194 ego.
1716 1143 1789 1180 Nec
1821 1141 1936 1187 dixit,
1964 1141 2047 1177 Post
2080 1140 2158 1177 haec

81 1213 152 1265 γὰρ
168 1207 243 1250 εἶπε
253 1242 263 1259 ,
279 1216 387 1250 ταῦτα
403 1205 459 1248 οὖν
479 1209 605 1253 εἰδότες
623 1209 815 1261 ἡσυχάζετε
832 1225 839 1232 ·
859 1208 949 1246 ἀλλὰ
961 1208 1013 1254 τί,
1032 1208 1102 1245 Δέ-
1172 1206 1288 1245 01111113
1300 1219 1415 1244 annon
1430 1204 1614 1256 oportebat
1625 1203 1771 1240 demum
1784 1216 1911 1252 aquam
1922 1200 2082 1238 addere?
2097 1200 2157 1238 sed

84 1289 184 1326 χεται
204 1275 316 1310 αὐτῶν
332 1271 394 1318 τὴν
416 1270 538 1322 ὁρμὴν,
558 1270 616 1308 καὶ
636 1271 837 1321 ἐγκαλοῦσιν
858 1271 1102 1321 ἀπολογεῖται·
1174 1268 1275 1319 quasi
1294 1267 1384 1304 nihil
1404 1266 1584 1314 deficeret,
1601 1266 1686 1316 Ego
1702 1266 1787 1316 quis
1806 1277 1925 1309 eram,
1944 1261 2076 1312 inquit,
2091 1264 2158 1313 qui

84 1334 150 1376 Τίς
168 1333 262 1383 ἤμην
286 1332 424 1375 δυνατὸς
442 1334 596 1369 κωλῦσαι
620 1332 676 1369 τὸν
695 1331 800 1379 Θεὸν,
818 1332 949 1382 λέγων·
971 1331 1103 1383 σφόδρα
1125 1345 1149 1374 Ε,
1172 1330 1412 1382 prohiberem
1440 1328 1596 1364 Deum?
1621 1326 1739 1376 Papae,
1759 1324 1874 1374 qualis
1899 1319 2071 1360 defensio!
2087 1322 2158 1359 Ne-

87 1397 316 1447 ἐντρεπτικῶς
344 1393 403 1431 καὶ
431 1392 563 1444 βαρέως
590 1391 812 1444 χρησάμενος
838 1395 880 1444 τῇ
913 1391 1082 1443 ἀπολογία
1095 1407 1103 1414 ·
1175 1404 1245 1441 que
1262 1389 1357 1427 enim
1377 1387 1472 1425 dixit
1492 1403 1500 1423 :
1520 1387 1605 1424 Haec
1621 1400 1703 1437 ergo
1723 1400 1805 1423 cum
1821 1384 1954 1431 sciatis,
1977 1383 2158 1434 quiescite,

86 1459 149 1494 οὐκ
179 1455 357 1505 ἠδυνάμην
389 1455 555 1492 κωλῦσαι.
588 1453 696 1492 ’Όθεν
725 1454 844 1492 λοιπὸν
880 1453 1105 1505 φοὸηθέντες,
1175 1451 1238 1490 sed
1257 1449 1368 1501 quid?
1382 1447 1530 1500 Excipit
1547 1447 1695 1485 illorum
1713 1446 1898 1498 impetum,
1920 1453 1954 1482 et
1969 1444 2041 1482 illis
2058 1458 2160 1482 accu-

87 1515 281 1568 ἠσύχασαν,
303 1515 363 1554 καὶ
384 1514 538 1559 ἐδόξαζον
552 1513 609 1553 τὸν
628 1513 730 1553 Θεόν.
1176 1512 1337 1550 santibus
1359 1524 1395 1548 50
1414 1518 1543 1562 purgat
1559 1524 1567 1545 τ
1589 1509 1681 1559 Quis
1701 1521 1820 1555 eram,
1833 1509 1901 1559 qni
1913 1519 2063 1557 possem
2073 1519 2161 1557 pro-

1178 1575 1308 1611 hibere
1331 1572 1469 1620 Deum,
1487 1569 1594 1606 dixit.
1615 1568 1852 1608 Vehementer
1882 1575 1915 1604 et
1941 1567 2098 1617 graviter
2128 1580 2164 1603 50

1177 1632 1336 1673 defendit
1356 1648 1364 1669 τ
1384 1632 1464 1669 Non
1482 1639 1642 1683 poteram
1668 1629 1870 1682 prohibere.
1893 1627 2000 1666 Unde
2022 1626 2165 1665 tandem

1179 1693 1339 1732 deterriti
1354 1692 1577 1743 quieverunt,
1597 1699 1630 1728 et
1645 1689 1936 1742 glorificaverunt
1956 1690 2082 1726 Deum.

144 1762 249 1800 Οὕτω
268 1761 326 1799 καὶ
353 1759 536 1813 ἧμᾶςξῗχρὴ
557 1761 591 1798 ἐν
621 1766 692 1803 τοῖς
707 1764 775 1799 τῶν
800 1761 946 1809 πλησίον
973 1763 1112 1812 ἀγαθοῖς
1236 1758 1274 1794 5.
1293 1755 1354 1794 Sic
1371 1763 1406 1791 et
1421 1768 1484 1791 nos
1503 1761 1642 1806 oportet
1652 1752 1687 1789 in
1705 1751 1956 1805 proximorum
1974 1751 2078 1788 bonis
2089 1750 2166 1801 glo-

93 1822 243 1867 δοξάζειν
293 1821 350 1859 τὸν
397 1822 500 1870 Θεὸν,
547 1821 625 1860 ἀλλ’
657 1824 718 1860 οὐκ
760 1822 973 1874 ἐπηρεάζειν,
1006 1822 1114 1860 καθά..
1184 1820 1322 1857 rificare
1357 1820 1487 1866 Deum7
1520 1831 1589 1854 non
1618 1825 1737 1854 autem
1769 1814 1940 1852 insultare
1968 1814 2057 1864 illis,
2077 1814 2168 1851 sicut

94 1899 159 1934 περ
178 1886 208 1921 οἱ
231 1883 352 1921 πολλοὶ
380 1885 448 1920 τῶν
475 1882 710 1934 νεοφωτίστων
744 1883 1003 1934 ἐπηρεάζουσιν,
1032 1882 1113 1921 ὅταν
1185 1879 1289 1918 11111111
1323 1892 1368 1916 ex
1401 1891 1520 1915 recens
1545 1876 1757 1913 illuminatis
1796 1875 1993 1924 insultant,
2027 1874 2169 1925 quando

92 1944 219 1986 ἄλλους
248 1943 348 1982 ἴδωσι
380 1943 612 1995 φωτισθέντας
637 1943 697 1982 καὶ
719 1943 814 1987 εὐθὺς
843 1944 1019 1986 ἀπιόντας.
1051 1945 1116 1981 Δο-
1185 1944 1308 1982 vident
1327 1941 1415 1979 alios
1436 1939 1650 1989 illuminari,
1665 1947 1698 1976 et
1718 1938 1837 1976 statim
1850 1937 2060 1989 demigrare.
2081 1937 2169 1976 Glo-

94 2004 205 2049 ξάζειν
227 2005 276 2042 δεῖ
293 2006 351 2043 τὸν
371 2004 475 2052 Θεὸν,
495 2005 554 2042 καὶ
573 2004 626 2042 ὅτι
641 2004 754 2055 μένειν
774 2006 810 2043 οὐ
829 2011 1012 2057 συγχωρεῖ.
1028 2003 1116 2042 ςΏσ·
1126 2036 1174 2061 195
1186 2005 1325 2042 rificare
1335 2011 1471 2056 oportet
1490 2003 1605 2039 Deum
1622 1999 1679 2039 vel
1701 1996 1797 2050 quod
1808 2013 1950 2036 manere
1964 2012 2033 2036 non
2049 2012 2171 2036 conce-

95 2083 133 2105 τε
153 2066 268 2105 καὶσὺ
290 2066 349 2104 ἐὰν
372 2065 490 2117 θέλῃς,
512 2065 651 2116 μείζονα
671 2065 792 2109 ἔλαέες
808 2066 955 2118 δωρεάν·
974 2068 1010 2104 οὗ
1026 2065 1115 2104 κατὰ
1139 2074 1164 2101 Α
1188 2066 1261 2104 dat.
1281 2066 1406 2114 Itaque
1435 2070 1487 2110 tu,
1516 2061 1669 2110 51110115,
1685 2061 1800 2112 majus
1819 2059 1985 2112 accepisti
2004 2058 2139 2097 donum
2161 2074 2170 2106 3

95 2128 135 2165 τὸ
150 2126 313 2179 φώτισμα
328 2126 419 2177 λέγω
434 2128 444 2177 1(
456 2130 477 2172 ἦ
489 2126 556 2178 γὰρ
573 2127 660 2173 αὐτή
679 2128 753 2164 ἐστι
773 2127 931 2164 κάκείνου
945 2126 1003 2164 καὶ
1020 2129 1115 2174 σοῦ),
1188 2140 1256 2163 11011
1293 2123 1390 2175 quod
1424 2122 1645 2160 illuminatus
1668 2120 1823 2167 515(1100
1841 2119 1935 2157 enim
1956 2119 2032 2172 ipse
2055 2129 2173 2157 tecum

97 2188 188 2226 ἀλλὰ
201 2188 291 2225 κατὰ
301 2188 340 2226 τὸ
352 2188 471 2225 λαὸεῖν
487 2188 702 2239 προθεσμίαν
718 2187 987 2238 εὐδοκιμήσεως.
1001 2187 1116 2225 Ἐκεῖ-
1189 2198 1374 2224 commune
1391 2183 1531 2231 habet),
1553 2180 1613 2218 sed
1625 2180 1721 2231 quod
1745 2180 1792 2218 ad
1811 2181 1976 2232 praeclare
1997 2179 2174 2231 agendum

98 2265 152 2292 νος
174 2248 354 2287 ἐνεδύσατο
372 2247 434 2295 τὴν
464 2248 589 2293 στολὴν
606 2248 664 2286 καὶ
688 2250 749 2285 οὐκ
773 2248 881 2299 ἀφέθη
911 2250 1118 2298 ἐμπομπεῦ-
1188 2256 1327 2298 tempus
1346 2243 1534 2296 acceperis.
1554 2242 1619 2279 Ille
1649 2242 1775 2279 stolam
1796 2240 1925 2290 induit,
1945 2255 2008 2279 nec
2025 2241 2174 2293 permis—

99 2325 159 2348 σαι
179 2311 212 2357 ἐν
234 2311 320 2358 αὐτῇ
332 2324 340 2332 ·
357 2309 410 2346 σοὶ
427 2307 559 2354 πολλὴν
579 2308 704 2346 ἔδωκεν
722 2308 877 2352 ἐξουσίαν
892 2311 909 2346 ὅ
923 2308 1013 2352 Θεὸς
1030 2307 1119 2360 χρή·
1191 2321 1271 2345 511111
1302 2305 1334 2344 ei
1353 2305 1422 2342 fuit
1433 2335 1443 2353 ,
1474 2312 1515 2341 ut
1534 2303 1596 2340 illa
1611 2316 1645 2340 50
1659 2302 1888 2354 spectabilem
1908 2301 2090 2355 redderet:
2111 2302 2177 2339 tihi

99 2373 226 2408 σασθαι
241 2375 311 2411 τοῖς
329 2368 446 2412 ὅπλοις
465 2370 512 2412 εἷς
529 2367 615 2415 δέον,
635 2368 694 2406 καὶ
706 2369 826 2407 λαὸεῖν
843 2371 953 2407 αὐτῶν
969 2372 1120 2407 ἐντεῦθεν
1138 2373 1143 2381 “
1192 2367 1343 2405 multam
1361 2365 1460 2403 dedit
1486 2365 1586 2402 Deus
1622 2363 1827 2400 facultatem
1854 2361 1977 2400 utendi
2006 2363 2114 2401 armis
2138 2372 2179 2400 111

99 2430 162 2478 τὴν
179 2436 317 2482 πεῖραν.
332 2429 486 2473 Ἐκεῖνος
508 2430 627 2468 ἄπεισι
650 2432 712 2475 τῆς
737 2430 888 2474 πίστεως
911 2430 1012 2481 μόνον
1032 2430 1121 2483 ἔχων
1194 2437 1344 2481 oportet,
1372 2426 1507 2464 01111110
1526 2425 1587 2462 illa
1619 2424 1785 2476 experiri.
1806 2424 1874 2461 Ille
1908 2423 2063 2475 migrat,
2087 2423 2170 2461 fidei

99 2492 158 2530 τὸν
179 2491 316 2540 μισθόν·
338 2491 377 2529 σὺ
397 2491 546 2537 ἕστηκας
571 2493 605 2529 ἐν
621 2493 672 2543 τῷ
692 2491 822 2544 σταδίῳ
845 2495 912 2529 τῶν
933 2492 1041 2545 ἔργων
1065 2493 1124 2529 δυ·
1196 2500 1334 2530 tantum
1356 2487 1553 2527 mercedem
1585 2486 1718 2524 habens
1741 2501 1749 2521 z
1770 2495 1807 2523 tu
1833 2494 1903 2524 stas
1923 2485 1960 2523 in
1993 2485 2123 2536 stadio,
2147 2495 2181 2523 et

110 2552 254 2603 νάμενος
277 2552 395 2590 λαὸεῖν
422 2551 554 2595 πολλὰς
586 2552 646 2595 τὰς
681 2553 849 2603 ἀμοιὸὰς,
877 2554 937 2592 καὶ
966 2558 1125 2592 τοσοῦτον
1198 2553 1329 2591 multas
1360 2564 1509 2603 operum
1539 2547 1717 2586 mercedes
1750 2547 1906 2598 accipere
1925 2556 2049 2599 potes,
2077 2556 2181 2598 atque

112 2612 241 2650 ἐκείνου
261 2616 408 2664 φανῆναι
439 2614 699 2667 λαμπρότερος,
724 2613 801 2651 ὅσον
827 2616 844 2651 ὃ
863 2614 960 2660 ἥλιος
986 2618 1045 2652 τοῦ
1069 2630 1128 2665 μι-
1198 2623 1295 2652 tanto
1314 2613 1376 2650 illo
1397 2609 1619 2664 splendidior
1636 2623 1820 2661 apparere,
1842 2618 1976 2659 quanto
2001 2609 2053 2646 sol
2076 2609 2182 2646 mini-

113 2674 278 2726 κροτάτου
307 2674 468 2727 ἀστέρος,
497 2673 575 2713 ὅσον
610 2677 627 2712 ὃ
666 2675 858 2726 στρατηγὸς
888 2680 949 2713 τοῦ
978 2675 1127 2727 εὀ-Αάτου
1200 2689 1257 2713 ma
1278 2674 1393 2722 stella,
1413 2680 1545 2723 quanto
1560 2670 1638 2707 dux
1653 2669 1780 2707 ultimo
1808 2670 1935 2717 milite,
1955 2669 2027 2708 imo
2049 2679 2181 2721 quanto

112 2734 341 2786 στρατιώτου,
363 2737 492 2785 μᾶλλον
518 2734 552 2773 δὲ
572 2734 649 2773 ὅσον
672 2738 689 2773 ὃ
712 2735 885 2786 βασιλεύς.
910 2736 1043 2774 Σαυτὸν
1059 2736 1128 2774 τοί·
1201 2750 1275 2773 rex.
1290 2734 1406 2785 Igitur
1420 2731 1577 2785 teipsum
1597 2730 1798 2777 criminare;
1824 2730 1894 2768 imo
1915 2744 1957 2768 ne
1973 2730 2182 2780 crimineris,

111 2812 170 2833 νυν
190 2798 306 2834 αἰτιῶ·
324 2797 454 2846 μᾶλλον
473 2795 507 2832 δὲ
529 2795 576 2845 μὴ
595 2798 695 2834 αἰτιῶ
709 2826 718 2844 ,
735 2795 824 2834 ἀλλὰ
846 2797 978 2850 διόρθου
996 2796 1070 2835 ἀεί·
1091 2798 1128 2834 οὐ
1153 2810 1182 2839 Β
1200 2796 1262 2836 sed
1283 2795 1419 2845 corrige
1439 2806 1597 2845 semper:
1621 2805 1690 2829 non
1709 2792 1804 2829 enim
1817 2791 1948 2829 sufficit
1973 2792 2156 2830 criminari
2176 2823 2184 2836 ,

112 2857 178 2909 γὰρ
204 2860 303 2910 ἀρκεῖ
326 2857 366 2895 τὸ
394 2856 635 2895 αἰτιάσασθαι·
664 2857 793 2901 ἔξεστιν
826 2858 1128 2910 ἀναμαχέσασθαι.
1200 2859 1283 2896 licet
1311 2855 1498 2894 decertare.
1532 2854 1696 2905 Dejectus
1730 2852 1790 2889 es?
1811 2852 1934 2903 gravia
1966 2866 2091 2904 passus
2117 2853 2184 2890 es?

112 2918 357 2965 Κατεὸλήθης,
389 2917 485 2956 δεινὰ
511 2918 650 2965 ἔπαθες,
689 2918 897 2969 Ἀνάστηθι,
935 2920 1130 2967 ἀνάκτησαι
1202 2923 1373 2970 Resurge,
1395 2917 1548 2969 teipsum
1575 2929 1692 2953 recrea
1714 2931 1721 2951 :
1746 2924 1816 2952 stas
1832 2913 1950 2952 adhuc
1976 2915 2013 2952 in
2035 2914 2150 2953 stadio
2173 2947 2184 2963 ,

112 2979 256 3018 σαυτόν·
270 2980 320 3017 ἔτι
339 2982 432 3032 ἐντῷ
450 2979 579 3031 σταδίῳ
590 2979 740 3026 ἕστηκας
753 3011 762 3028 ,
777 2979 828 3018 ἔτι
844 2981 883 3019 τὸ
898 2981 1038 3034 Οέατρον
1055 2997 1130 3020 συν·
1203 2981 1322 3020 adhuc
1341 2979 1519 3017 theatrum
1543 2976 1653 3015 adest.
1672 2977 1751 3013 Non
1770 2975 1882 3020 vides,
1913 2983 1997 3025 quot
2013 2975 2048 3012 in
2066 2989 2186 3027 pugna

113 3040 268 3086 έστηκεν.
287 3042 367 3092 Οὐχ
397 3043 478 3092 ὁρᾷς
507 3041 609 3078 πόσοι
625 3041 966 3085 καταπαλαισθέντες
988 3041 1129 3095 ὕστερον
1203 3041 1384 3096 prostrati,
1404 3053 1547 3078 rursum
1560 3037 1812 3076 decertarunt?
1832 3037 1991 3074 Tantum
2008 3051 2050 3074 ne
2064 3047 2188 3089 sponte

113 3101 396 3153 ἀνεμαχέσαντο,
416 3100 532 3140 Μόνον
556 3102 603 3151 μὴ
625 3100 712 3138 ἑκὼν
737 3102 950 3153 καταπέσῃς.
968 3102 1131 3154 Μακαρί-
1204 3102 1426 3143 succumbaS.
1450 3101 1600 3138 Beatum
1616 3098 1705 3136 dicis
1720 3112 1812 3145 011111,
1824 3097 1884 3148 qui
1904 3097 2092 3136 defunctus
2108 3099 2187 3136 est?

113 3163 181 3204 ζεις
199 3162 256 3200 τὸν
289 3162 500 3209 ἀπελθόντα,
519 3163 648 3214 Πολλῷ
677 3164 808 3213 μᾶλλον
830 3163 1022 3215 μακάρισον
1046 3179 1132 3202 σαυ-
1205 3164 1377 3216 Teipsum
1392 3161 1504 3212 magis
1525 3161 1668 3198 beatum
1684 3159 1807 3196 dicito.
1831 3158 1975 3196 Solutus
1992 3168 2041 3196 051
2058 3173 2077 3196 3
2104 3173 2189 3211 pec-

114 3222 185 3260 τόν.
205 3222 328 3274 Ἀφέθη
357 3223 620 3274 ἁμαρτημάτων
642 3226 789 3270 ἐκεῖνος,
820 3224 925 3272 Ἀλλ’,
951 3224 1009 3262 ἐὰν
1033 3225 1133 3275 θέλῃς
1207 3226 1292 3265 catis
1311 3225 1399 3263 ille?
1420 3223 1504 3270 Sed,
1524 3223 1553 3260 si
1567 3221 1672 3271 velis,
1694 3234 1762 3258 non
1781 3221 1886 3258 modo
1900 3230 2041 3273 peccata
2055 3222 2188 3269 ablues,

118 3281 177 3329 σὺ,
197 3285 234 3321 οὗ
251 3284 350 3333 μόνον
372 3284 416 3322 τὰ
432 3284 672 3338 ἁμαρτήματα
692 3284 864 3337 ἀπονίψη,
886 3284 975 3322 ἀλλὰ
994 3286 1053 3324 καὶ
1072 3302 1134 3324 κα·
1208 3287 1279 3325 imo
1289 3286 1394 3324 etiam
1415 3283 1517 3323 bonis
1533 3282 1700 3334 Operibus
1721 3281 1913 3320 instructus
1925 3282 2004 3333 eris,
2024 3283 2120 3334 quod
2130 3283 2190 3321 ille

166 3415 177 3428 Β
196 3403 290 3438 Idem
307 3410 456 3448 ἀπελθεῖν,
475 3412 523 3440 καὶ
541 3410 630 3445 οὕτως
646 3410 799 3444 ἀπελθὼν,
815 3410 863 3441 οὐκ
881 3409 1022 3451 ἔδραμον.

316 3482 408 3504 rom.
444 3482 496 3506 ix.
1963 3467 2011 3502 16
