<?xml version="1.0" encoding="UTF-8"?>
<!DOCTYPE html PUBLIC "-//W3C//DTD XHTML 1.0 Transitional//EN"
    "http://www.w3.org/TR/xhtml1/DTD/xhtml1-transitional.dtd">
<html xmlns="http://www.w3.org/1999/xhtml" xml:lang="en" lang="en">
 <head>
  <title>
</title>
<meta http-equiv="Content-Type" content="text/html;charset=utf-8" />
  <meta name='ocr-system' content='tesseract 3.04.00' />
  <meta name='ocr-capabilities' content='ocr_page ocr_carea ocr_par ocr_line ocrx_word'/>
</head>
<body>
  <div class='ocr_page' id='page_1' title='image "./operaomniaquaeex09johnuoft/operaomniaquaeex09johnuoft_0824.png"; bbox 0 0 2502 3810; ppageno 0'>
   <div class='ocr_carea' id='block_1_1' title="bbox 116 1542 277 1582">
    <p class='ocr_par' dir='ltr' id='par_1_1' title="bbox 116 1542 277 1582">
     <span class='ocr_line' id='line_1_1' title="bbox 116 1542 277 1582; baseline 0.007 -11"><span class='ocrx_word' id='word_1_1' title='bbox 116 1545 191 1571; x_wconf 80' lang='lat' dir='ltr'>lsai</span> <span class='ocrx_word' id='word_1_2' title='bbox 226 1542 264 1582; x_wconf 69' lang='lat'>41&#39;</span> <span class='ocrx_word' id='word_1_3' title='bbox 256 1556 277 1572; x_wconf 82' lang='lat'>›-</span> 
     </span>
    </p>
   </div>
   <div class='ocr_carea' id='block_1_2' title="bbox 304 237 1319 1827">
    <p class='ocr_par' dir='ltr' id='par_1_2' title="bbox 304 237 1319 1827">
     <span class='ocr_line' id='line_1_2' title="bbox 322 237 1319 295; baseline -0.008 -15"><span class='ocrx_word' id='word_1_4' title='bbox 322 237 416 295; x_wconf 67' lang='grc'>774</span> <span class='ocrx_word' id='word_1_5' title='bbox 783 248 820 277; x_wconf 88' lang='lat' dir='ltr'>s.</span> <span class='ocrx_word' id='word_1_6' title='bbox 859 244 1043 276; x_wconf 53' lang='lat' dir='ltr'>somnis</span> <span class='ocrx_word' id='word_1_7' title='bbox 1079 242 1319 273; x_wconf 53' lang='lat' dir='ltr'>cum‘sostr.</span> 
     </span>
     <span class='ocr_line' id='line_1_3' title="bbox 320 322 1300 376; baseline -0.006 -11"><span class='ocrx_word' id='word_1_8' title='bbox 320 329 385 365; x_wconf 86' lang='lat' dir='ltr'>hili</span> <span class='ocrx_word' id='word_1_9' title='bbox 403 327 518 364; x_wconf 88' lang='lat' dir='ltr'>ducet.</span> <span class='ocrx_word' id='word_1_10' title='bbox 541 325 617 362; x_wconf 86' lang='lat' dir='ltr'>Hoc</span> <span class='ocrx_word' id='word_1_11' title='bbox 634 338 740 376; x_wconf 87' lang='lat' dir='ltr'>porro</span> <span class='ocrx_word' id='word_1_12' title='bbox 761 324 861 372; x_wconf 88' lang='lat' dir='ltr'>dicit,</span> <span class='ocrx_word' id='word_1_13' title='bbox 888 324 1130 375; x_wconf 81' lang='lat' dir='ltr'>judaizantem</span> <span class='ocrx_word' id='word_1_14' title='bbox 1163 322 1300 374; x_wconf 88' lang='lat' dir='ltr'>pudore</span> 
     </span>
     <span class='ocr_line' id='line_1_4' title="bbox 317 382 1297 434; baseline -0.005 -10"><span class='ocrx_word' id='word_1_15' title='bbox 317 388 473 424; x_wconf 81' lang='lat' dir='ltr'>afficiens</span> <span class='ocrx_word' id='word_1_16' title='bbox 502 384 720 434; x_wconf 73' lang='lat' dir='ltr'>suadensque</span> <span class='ocrx_word' id='word_1_17' title='bbox 741 384 809 431; x_wconf 89' lang='lat' dir='ltr'>illi,</span> <span class='ocrx_word' id='word_1_18' title='bbox 826 393 865 421; x_wconf 86' lang='lat' dir='ltr'>ut</span> <span class='ocrx_word' id='word_1_19' title='bbox 883 383 1047 421; x_wconf 84' lang='lat' dir='ltr'>beneficii</span> <span class='ocrx_word' id='word_1_20' title='bbox 1074 382 1297 433; x_wconf 85' lang='lat' dir='ltr'>magnitudi-</span> 
     </span>
     <span class='ocr_line' id='line_1_5' title="bbox 316 442 1297 494; baseline -0.003 -12"><span class='ocrx_word' id='word_1_21' title='bbox 316 460 395 482; x_wconf 85' lang='lat' dir='ltr'>nem</span> <span class='ocrx_word' id='word_1_22' title='bbox 412 445 555 493; x_wconf 85' lang='lat' dir='ltr'>recolat,</span> <span class='ocrx_word' id='word_1_23' title='bbox 567 453 602 481; x_wconf 90' lang='lat' dir='ltr'>et</span> <span class='ocrx_word' id='word_1_24' title='bbox 620 443 715 494; x_wconf 90' lang='lat' dir='ltr'>quod</span> <span class='ocrx_word' id='word_1_25' title='bbox 730 458 811 481; x_wconf 89' lang='lat' dir='ltr'>cum</span> <span class='ocrx_word' id='word_1_26' title='bbox 826 453 986 481; x_wconf 88' lang='lat' dir='ltr'>mortuus</span> <span class='ocrx_word' id='word_1_27' title='bbox 1001 452 1090 480; x_wconf 87' lang='lat' dir='ltr'>esset</span> <span class='ocrx_word' id='word_1_28' title='bbox 1110 442 1297 489; x_wconf 77' lang='lat' dir='ltr'>revixerit,</span> 
     </span>
     <span class='ocr_line' id='line_1_6' title="bbox 316 502 1298 555; baseline -0.003 -13"><span class='ocrx_word' id='word_1_29' title='bbox 316 515 348 543; x_wconf 91' lang='lat' dir='ltr'>et</span> <span class='ocrx_word' id='word_1_30' title='bbox 365 505 462 555; x_wconf 87' lang='lat' dir='ltr'>quod</span> <span class='ocrx_word' id='word_1_31' title='bbox 477 519 497 541; x_wconf 92' lang='lat' dir='ltr'>a</span> <span class='ocrx_word' id='word_1_32' title='bbox 529 504 605 555; x_wconf 82' lang='lat' dir='ltr'>lege</span> <span class='ocrx_word' id='word_1_33' title='bbox 624 503 716 541; x_wconf 87' lang='lat' dir='ltr'>nihil</span> <span class='ocrx_word' id='word_1_34' title='bbox 734 504 892 541; x_wconf 87' lang='lat' dir='ltr'>lucratus</span> <span class='ocrx_word' id='word_1_35' title='bbox 917 503 1035 552; x_wconf 85' lang='lat' dir='ltr'>fuerit,</span> <span class='ocrx_word' id='word_1_36' title='bbox 1059 512 1093 540; x_wconf 90' lang='lat' dir='ltr'>et</span> <span class='ocrx_word' id='word_1_37' title='bbox 1128 502 1224 552; x_wconf 88' lang='lat' dir='ltr'>quod</span> <span class='ocrx_word' id='word_1_38' title='bbox 1246 503 1298 540; x_wconf 94' lang='lat' dir='ltr'>in-</span> 
     </span>
     <span class='ocr_line' id='line_1_7' title="bbox 315 563 1297 616; baseline -0.002 -14"><span class='ocrx_word' id='word_1_39' title='bbox 315 565 407 616; x_wconf 82' lang='lat' dir='ltr'>grati</span> <span class='ocrx_word' id='word_1_40' title='bbox 436 564 628 602; x_wconf 81' lang='lat' dir='ltr'>admodum</span> <span class='ocrx_word' id='word_1_41' title='bbox 643 564 754 601; x_wconf 90' lang='lat' dir='ltr'>animi</span> <span class='ocrx_word' id='word_1_42' title='bbox 774 573 877 613; x_wconf 86' lang='lat' dir='ltr'>esset,</span> <span class='ocrx_word' id='word_1_43' title='bbox 900 563 1023 601; x_wconf 90' lang='lat' dir='ltr'>relicto</span> <span class='ocrx_word' id='word_1_44' title='bbox 1038 577 1091 612; x_wconf 91' lang='lat' dir='ltr'>eo,</span> <span class='ocrx_word' id='word_1_45' title='bbox 1111 563 1173 613; x_wconf 87' lang='lat' dir='ltr'>qui</span> <span class='ocrx_word' id='word_1_46' title='bbox 1200 572 1297 600; x_wconf 86' lang='lat' dir='ltr'>tanta</span> 
     </span>
     <span class='ocr_line' id='line_1_8' title="bbox 314 623 1300 677; baseline -0.002 -15"><span class='ocrx_word' id='word_1_47' title='bbox 314 639 379 677; x_wconf 81' lang='lat' dir='ltr'>pro</span> <span class='ocrx_word' id='word_1_48' title='bbox 399 625 461 662; x_wconf 91' lang='lat' dir='ltr'>illo</span> <span class='ocrx_word' id='word_1_49' title='bbox 474 624 686 676; x_wconf 80' lang='lat' dir='ltr'>designavit,</span> <span class='ocrx_word' id='word_1_50' title='bbox 707 623 754 661; x_wconf 87' lang='lat' dir='ltr'>ad</span> <span class='ocrx_word' id='word_1_51' title='bbox 781 624 894 675; x_wconf 82' lang='lat' dir='ltr'>legem</span> <span class='ocrx_word' id='word_1_52' title='bbox 912 637 1103 661; x_wconf 79' lang='lat' dir='ltr'>recurrere.</span> <span class='ocrx_word' id='word_1_53' title='bbox 1131 623 1222 660; x_wconf 91' lang='lat' dir='ltr'>Cum</span> <span class='ocrx_word' id='word_1_54' title='bbox 1245 638 1300 660; x_wconf 89' lang='lat' dir='ltr'>er-</span> 
     </span>
     <span class='ocr_line' id='line_1_9' title="bbox 315 682 1298 737; baseline -0.002 -15"><span class='ocrx_word' id='word_1_55' title='bbox 315 699 359 736; x_wconf 80' lang='lat' dir='ltr'>go</span> <span class='ocrx_word' id='word_1_56' title='bbox 378 686 482 722; x_wconf 87' lang='lat' dir='ltr'>illum</span> <span class='ocrx_word' id='word_1_57' title='bbox 499 686 582 722; x_wconf 90' lang='lat' dir='ltr'>satis</span> <span class='ocrx_word' id='word_1_58' title='bbox 595 682 874 737; x_wconf 68' lang='lat' dir='ltr'>Perstrinxisset,</span> <span class='ocrx_word' id='word_1_59' title='bbox 892 699 1017 722; x_wconf 84' lang='lat' dir='ltr'>rursus</span> <span class='ocrx_word' id='word_1_60' title='bbox 1032 684 1149 735; x_wconf 83' lang='lat' dir='ltr'>erigit,</span> <span class='ocrx_word' id='word_1_61' title='bbox 1166 684 1298 722; x_wconf 86' lang='lat' dir='ltr'>dicens:</span> 
     </span>
     <span class='ocr_line' id='line_1_10' title="bbox 317 746 1300 798; baseline 0 -15"><span class='ocrx_word' id='word_1_62' title='bbox 317 747 378 783; x_wconf 87' lang='grc'>10.</span> <span class='ocrx_word' id='word_1_63' title='bbox 407 748 461 784; x_wconf 85' lang='grc' dir='ltr'>Τιι</span> <span class='ocrx_word' id='word_1_64' title='bbox 486 760 580 784; x_wconf 82' lang='lat' dir='ltr'>vero</span> <span class='ocrx_word' id='word_1_65' title='bbox 602 747 697 798; x_wconf 86' lang='lat' dir='ltr'>quid</span> <span class='ocrx_word' id='word_1_66' title='bbox 710 746 1045 797; x_wconf 81' lang='lat' dir='ltr'>judieassratrem</span> <span class='ocrx_word' id='word_1_67' title='bbox 1067 750 1203 794; x_wconf 74' lang='lat' dir='ltr'>tuum?</span> <span class='ocrx_word' id='word_1_68' title='bbox 1231 754 1300 783; x_wconf 79' lang='lat' dir='ltr'>aut</span> 
     </span>
     <span class='ocr_line' id='line_1_11' title="bbox 314 805 1297 858; baseline -0.001 -15"><span class='ocrx_word' id='word_1_69' title='bbox 314 809 433 844; x_wconf 84' lang='lat' dir='ltr'>etiam</span> <span class='ocrx_word' id='word_1_70' title='bbox 457 816 497 844; x_wconf 84' lang='lat' dir='ltr'>tu</span> <span class='ocrx_word' id='word_1_71' title='bbox 525 821 644 858; x_wconf 82' lang='lat' dir='ltr'>quare</span> <span class='ocrx_word' id='word_1_72' title='bbox 661 809 808 858; x_wconf 81' lang='lat' dir='ltr'>spernis</span> <span class='ocrx_word' id='word_1_73' title='bbox 823 807 991 857; x_wconf 79' lang='lat' dir='ltr'>fratrem</span> <span class='ocrx_word' id='word_1_74' title='bbox 1009 814 1116 842; x_wconf 81' lang='lat' dir='ltr'>tuum</span> <span class='ocrx_word' id='word_1_75' title='bbox 1129 810 1146 842; x_wconf 70' lang='lat'>,³</span> <span class='ocrx_word' id='word_1_76' title='bbox 1177 806 1227 843; x_wconf 88' lang='lat' dir='ltr'>Et</span> <span class='ocrx_word' id='word_1_77' title='bbox 1242 805 1297 844; x_wconf 77' lang='lat' dir='ltr'>vi-</span> 
     </span>
     <span class='ocr_line' id='line_1_12' title="bbox 315 866 1295 918; baseline -0.001 -13"><span class='ocrx_word' id='word_1_78' title='bbox 315 867 420 905; x_wconf 89' lang='lat' dir='ltr'>detur</span> <span class='ocrx_word' id='word_1_79' title='bbox 449 867 594 918; x_wconf 88' lang='lat' dir='ltr'>quidem</span> <span class='ocrx_word' id='word_1_80' title='bbox 611 867 674 904; x_wconf 87' lang='lat' dir='ltr'>illa</span> <span class='ocrx_word' id='word_1_81' title='bbox 693 876 732 904; x_wconf 86' lang='lat' dir='ltr'>ut</span> <span class='ocrx_word' id='word_1_82' title='bbox 750 866 851 918; x_wconf 88' lang='lat' dir='ltr'>paria</span> <span class='ocrx_word' id='word_1_83' title='bbox 871 880 1014 918; x_wconf 83' lang='lat' dir='ltr'>ponere,</span> <span class='ocrx_word' id='word_1_84' title='bbox 1038 880 1082 903; x_wconf 78' lang='lat' dir='ltr'>ex</span> <span class='ocrx_word' id='word_1_85' title='bbox 1104 866 1209 904; x_wconf 85' lang='lat' dir='ltr'>dictis</span> <span class='ocrx_word' id='word_1_86' title='bbox 1226 881 1295 904; x_wconf 90' lang='lat' dir='ltr'>au-</span> 
     </span>
     <span class='ocr_line' id='line_1_13' title="bbox 315 927 1298 967; baseline 0.001 -1"><span class='ocrx_word' id='word_1_87' title='bbox 315 938 387 967; x_wconf 91' lang='lat' dir='ltr'>tem</span> <span class='ocrx_word' id='word_1_88' title='bbox 422 929 577 966; x_wconf 89' lang='lat' dir='ltr'>multum</span> <span class='ocrx_word' id='word_1_89' title='bbox 613 928 779 966; x_wconf 79' lang='lat' dir='ltr'><strong>interesse</strong></span> <span class='ocrx_word' id='word_1_90' title='bbox 805 927 1023 966; x_wconf 84' lang='lat' dir='ltr'>discriminis</span> <span class='ocrx_word' id='word_1_91' title='bbox 1058 927 1219 966; x_wconf 82' lang='lat' dir='ltr'>ostendit.</span> <span class='ocrx_word' id='word_1_92' title='bbox 1251 928 1298 967; x_wconf 85' lang='lat' dir='ltr'>Et</span> 
     </span>
     <span class='ocr_line' id='line_1_14' title="bbox 315 990 1299 1042; baseline 0 -14"><span class='ocrx_word' id='word_1_93' title='bbox 315 991 431 1042; x_wconf 87' lang='lat' dir='ltr'>primo</span> <span class='ocrx_word' id='word_1_94' title='bbox 452 991 595 1041; x_wconf 90' lang='lat' dir='ltr'>quidem</span> <span class='ocrx_word' id='word_1_95' title='bbox 619 991 738 1028; x_wconf 86' lang='lat' dir='ltr'>fratris</span> <span class='ocrx_word' id='word_1_96' title='bbox 757 990 995 1042; x_wconf 78' lang='lat' dir='ltr'>appellatione</span> <span class='ocrx_word' id='word_1_97' title='bbox 1023 990 1299 1029; x_wconf 80' lang='lat' dir='ltr'>controversiam</span> 
     </span>
     <span class='ocr_line' id='line_1_15' title="bbox 314 1050 1298 1103; baseline 0 -15"><span class='ocrx_word' id='word_1_98' title='bbox 314 1052 475 1099; x_wconf 75' lang='lat' dir='ltr'>dirimit3</span> <span class='ocrx_word' id='word_1_99' title='bbox 495 1061 612 1103; x_wconf 86' lang='lat' dir='ltr'>postea</span> <span class='ocrx_word' id='word_1_100' title='bbox 643 1065 726 1089; x_wconf 68' lang='lat' dir='ltr'>vero</span> <span class='ocrx_word' id='word_1_101' title='bbox 742 1050 914 1088; x_wconf 86' lang='lat' dir='ltr'>terribilis</span> <span class='ocrx_word' id='word_1_102' title='bbox 933 1051 1029 1087; x_wconf 87' lang='lat' dir='ltr'>illius</span> <span class='ocrx_word' id='word_1_103' title='bbox 1047 1050 1122 1088; x_wconf 92' lang='lat' dir='ltr'>diei</span> <span class='ocrx_word' id='word_1_104' title='bbox 1147 1065 1298 1088; x_wconf 90' lang='lat' dir='ltr'>comme-</span> 
     </span>
     <span class='ocr_line' id='line_1_16' title="bbox 316 1111 1299 1162; baseline 0 -13"><span class='ocrx_word' id='word_1_105' title='bbox 316 1112 522 1149; x_wconf 82' lang='lat' dir='ltr'>moratione.</span> <span class='ocrx_word' id='word_1_106' title='bbox 554 1113 645 1149; x_wconf 90' lang='lat' dir='ltr'>Cum</span> <span class='ocrx_word' id='word_1_107' title='bbox 673 1111 823 1148; x_wconf 79' lang='lat' dir='ltr'>dixisset</span> <span class='ocrx_word' id='word_1_108' title='bbox 855 1111 964 1159; x_wconf 84' lang='lat' dir='ltr'>enim,</span> <span class='ocrx_word' id='word_1_109' title='bbox 1000 1112 1128 1161; x_wconf 83' lang='lat' dir='ltr'>Quare</span> <span class='ocrx_word' id='word_1_110' title='bbox 1152 1114 1299 1162; x_wconf 78' lang='lat' dir='ltr'>spernis</span> 
     </span>
     <span class='ocr_line' id='line_1_17' title="bbox 304 1172 1299 1224; baseline 0 -14"><span class='ocrx_word' id='word_1_111' title='bbox 304 1174 480 1224; x_wconf 80' lang='lat' dir='ltr'>fratrem</span> <span class='ocrx_word' id='word_1_112' title='bbox 504 1182 609 1210; x_wconf 86' lang='lat' dir='ltr'>tuum</span> <span class='ocrx_word' id='word_1_113' title='bbox 626 1177 642 1209; x_wconf 74' lang='grc' dir='ltr'><em>Ρ</em></span> <span class='ocrx_word' id='word_1_114' title='bbox 672 1172 857 1223; x_wconf 85' lang='lat' dir='ltr'>subjungit</span> <span class='ocrx_word' id='word_1_115' title='bbox 874 1188 881 1208; x_wconf 75' lang='grc' dir='ltr'>ε</span> <span class='ocrx_word' id='word_1_116' title='bbox 901 1175 1040 1210; x_wconf 82' lang='lat' dir='ltr'>Omnes</span> <span class='ocrx_word' id='word_1_117' title='bbox 1058 1176 1159 1210; x_wconf 82' lang='lat' dir='ltr'>enim</span> <span class='ocrx_word' id='word_1_118' title='bbox 1177 1176 1299 1210; x_wconf 81' lang='lat' dir='ltr'>stabi-</span> 
     </span>
     <span class='ocr_line' id='line_1_18' title="bbox 316 1232 1298 1284; baseline 0 -13"><span class='ocrx_word' id='word_1_119' title='bbox 316 1247 400 1271; x_wconf 85' lang='lat' dir='ltr'>mus</span> <span class='ocrx_word' id='word_1_120' title='bbox 418 1243 509 1271; x_wconf 82' lang='lat' dir='ltr'>ante</span> <span class='ocrx_word' id='word_1_121' title='bbox 536 1234 709 1271; x_wconf 75' lang='lat' dir='ltr'>tribunal</span> <span class='ocrx_word' id='word_1_122' title='bbox 731 1234 885 1270; x_wconf 76' lang='lat' dir='ltr'>Christi.</span> <span class='ocrx_word' id='word_1_123' title='bbox 922 1232 966 1269; x_wconf 90' lang='lat' dir='ltr'>Et</span> <span class='ocrx_word' id='word_1_124' title='bbox 985 1232 1127 1270; x_wconf 79' lang='lat' dir='ltr'>videtur</span> <span class='ocrx_word' id='word_1_125' title='bbox 1153 1233 1298 1284; x_wconf 88' lang='lat' dir='ltr'>quidem</span> 
     </span>
     <span class='ocr_line' id='line_1_19' title="bbox 316 1292 1299 1344; baseline 0.001 -15"><span class='ocrx_word' id='word_1_126' title='bbox 316 1293 391 1330; x_wconf 81' lang='lat' dir='ltr'>liaec</span> <span class='ocrx_word' id='word_1_127' title='bbox 409 1293 529 1330; x_wconf 91' lang='lat' dir='ltr'>dicens</span> <span class='ocrx_word' id='word_1_128' title='bbox 549 1293 791 1344; x_wconf 86' lang='lat' dir='ltr'>perfectiorem</span> <span class='ocrx_word' id='word_1_129' title='bbox 808 1292 999 1343; x_wconf 82' lang='lat' dir='ltr'>increpare,</span> <span class='ocrx_word' id='word_1_130' title='bbox 1032 1307 1159 1344; x_wconf 74' lang='lat' dir='ltr'>verum</span> <span class='ocrx_word' id='word_1_131' title='bbox 1175 1293 1299 1344; x_wconf 85' lang='lat' dir='ltr'>judai-</span> 
     </span>
     <span class='ocr_line' id='line_1_20' title="bbox 318 1352 1298 1404; baseline 0 -13"><span class='ocrx_word' id='word_1_132' title='bbox 318 1354 431 1391; x_wconf 82' lang='lat' dir='ltr'>zantis</span> <span class='ocrx_word' id='word_1_133' title='bbox 451 1364 605 1391; x_wconf 87' lang='lat' dir='ltr'>mentem</span> <span class='ocrx_word' id='word_1_134' title='bbox 618 1352 838 1404; x_wconf 79' lang='lat' dir='ltr'>perstringit,</span> <span class='ocrx_word' id='word_1_135' title='bbox 864 1366 935 1389; x_wconf 91' lang='lat' dir='ltr'>non</span> <span class='ocrx_word' id='word_1_136' title='bbox 961 1353 1067 1390; x_wconf 89' lang='lat' dir='ltr'>modo</span> <span class='ocrx_word' id='word_1_137' title='bbox 1087 1368 1107 1390; x_wconf 83' lang='lat' dir='ltr'>a</span> <span class='ocrx_word' id='word_1_138' title='bbox 1123 1354 1298 1392; x_wconf 79' lang='lat' dir='ltr'>beneficio</span> 
     </span>
     <span class='ocr_line' id='line_1_21' title="bbox 316 1412 1298 1465; baseline 0 -15"><span class='ocrx_word' id='word_1_139' title='bbox 316 1423 458 1465; x_wconf 86' lang='lat' dir='ltr'>accepto</span> <span class='ocrx_word' id='word_1_140' title='bbox 473 1413 698 1465; x_wconf 82' lang='lat' dir='ltr'>pudefaciens</span> <span class='ocrx_word' id='word_1_141' title='bbox 714 1413 831 1461; x_wconf 85' lang='lat' dir='ltr'>illum,</span> <span class='ocrx_word' id='word_1_142' title='bbox 850 1412 912 1449; x_wconf 88' lang='lat' dir='ltr'>sed</span> <span class='ocrx_word' id='word_1_143' title='bbox 926 1412 1031 1449; x_wconf 86' lang='lat' dir='ltr'>etiam</span> <span class='ocrx_word' id='word_1_144' title='bbox 1045 1427 1064 1449; x_wconf 88' lang='lat' dir='ltr'>a</span> <span class='ocrx_word' id='word_1_145' title='bbox 1084 1413 1202 1450; x_wconf 88' lang='lat' dir='ltr'>futuro</span> <span class='ocrx_word' id='word_1_146' title='bbox 1217 1428 1298 1464; x_wconf 89' lang='lat' dir='ltr'>sup·</span> 
     </span>
     <span class='ocr_line' id='line_1_22' title="bbox 315 1471 1299 1524; baseline 0 -14"><span class='ocrx_word' id='word_1_147' title='bbox 315 1473 423 1524; x_wconf 87' lang='lat' dir='ltr'>plicio</span> <span class='ocrx_word' id='word_1_148' title='bbox 453 1482 610 1510; x_wconf 87' lang='lat' dir='ltr'>terrens:</span> <span class='ocrx_word' id='word_1_149' title='bbox 649 1474 788 1509; x_wconf 87' lang='lat' dir='ltr'>Omnes</span> <span class='ocrx_word' id='word_1_150' title='bbox 808 1471 915 1515; x_wconf 91' lang='lat' dir='ltr'>enim,</span> <span class='ocrx_word' id='word_1_151' title='bbox 955 1471 1087 1521; x_wconf 87' lang='lat' dir='ltr'>inquit,</span> <span class='ocrx_word' id='word_1_152' title='bbox 1111 1475 1299 1510; x_wconf 85' lang='lat' dir='ltr'>stabimus</span> 
     </span>
     <span class='ocr_line' id='line_1_23' title="bbox 325 1532 1295 1583; baseline 0 -13"><span class='ocrx_word' id='word_1_153' title='bbox 325 1534 605 1571; x_wconf 78' lang='lat' dir='ltr'>untetrihunal</span> <span class='ocrx_word' id='word_1_154' title='bbox 626 1533 783 1569; x_wconf 77' lang='lat' dir='ltr'>Christi.</span> <span class='ocrx_word' id='word_1_155' title='bbox 800 1534 862 1568; x_wconf 91' lang='grc'>11.</span> <span class='ocrx_word' id='word_1_156' title='bbox 883 1532 1074 1583; x_wconf 79' lang='lat' dir='ltr'>Scriptum</span> <span class='ocrx_word' id='word_1_157' title='bbox 1105 1542 1162 1570; x_wconf 83' lang='lat' dir='ltr'>est</span> <span class='ocrx_word' id='word_1_158' title='bbox 1179 1536 1295 1570; x_wconf 83' lang='lat' dir='ltr'>enim:</span> 
     </span>
     <span class='ocr_line' id='line_1_24' title="bbox 318 1594 1300 1647; baseline 0.001 -15"><span class='ocrx_word' id='word_1_159' title='bbox 318 1597 412 1632; x_wconf 74' lang='grc' dir='ltr'>Ῑῒνο</span> <span class='ocrx_word' id='word_1_160' title='bbox 437 1609 520 1647; x_wconf 78' lang='lat' dir='ltr'>eg0,</span> <span class='ocrx_word' id='word_1_161' title='bbox 550 1596 643 1632; x_wconf 80' lang='lat' dir='ltr'>dicit</span> <span class='ocrx_word' id='word_1_162' title='bbox 671 1596 878 1639; x_wconf 80' lang='lat' dir='ltr'>Dominus,</span> <span class='ocrx_word' id='word_1_163' title='bbox 902 1597 995 1646; x_wconf 82' lang='lat' dir='ltr'>quia</span> <span class='ocrx_word' id='word_1_164' title='bbox 1011 1594 1300 1647; x_wconf 70' lang='lat' dir='ltr'>mz&#39;lziflectetur</span> 
     </span>
     <span class='ocr_line' id='line_1_25' title="bbox 315 1655 1298 1706; baseline 0.002 -14"><span class='ocrx_word' id='word_1_165' title='bbox 315 1669 426 1692; x_wconf 86' lang='lat' dir='ltr'>omne</span> <span class='ocrx_word' id='word_1_166' title='bbox 439 1668 553 1706; x_wconf 78' lang='lat' dir='ltr'>genu,</span> <span class='ocrx_word' id='word_1_167' title='bbox 577 1663 612 1691; x_wconf 83' lang='lat' dir='ltr'>et</span> <span class='ocrx_word' id='word_1_168' title='bbox 631 1656 755 1691; x_wconf 85' lang='lat' dir='ltr'>omnis</span> <span class='ocrx_word' id='word_1_169' title='bbox 775 1655 909 1705; x_wconf 80' lang='lat' dir='ltr'>lingua</span> <span class='ocrx_word' id='word_1_170' title='bbox 943 1655 1187 1704; x_wconf 76' lang='lat' dir='ltr'>confitebitur</span> <span class='ocrx_word' id='word_1_171' title='bbox 1201 1657 1298 1694; x_wconf 88' lang='lat' dir='ltr'>Deo.</span> 
     </span>
     <span class='ocr_line' id='line_1_26' title="bbox 318 1717 1300 1766; baseline 0.001 -14"><span class='ocrx_word' id='word_1_172' title='bbox 318 1717 378 1752; x_wconf 65' lang='lat'>12</span> <span class='ocrx_word' id='word_1_173' title='bbox 399 1718 539 1766; x_wconf 82' lang='lat' dir='ltr'>Itaque</span> <span class='ocrx_word' id='word_1_174' title='bbox 554 1717 814 1766; x_wconf 83' lang='lat' dir='ltr'>unusquisque</span> <span class='ocrx_word' id='word_1_175' title='bbox 839 1723 1012 1752; x_wconf 82' lang='lat' dir='ltr'>nostrum</span> <span class='ocrx_word' id='word_1_176' title='bbox 1029 1729 1099 1766; x_wconf 82' lang='lat' dir='ltr'>pro</span> <span class='ocrx_word' id='word_1_177' title='bbox 1126 1730 1166 1753; x_wconf 83' lang='lat' dir='ltr'>se</span> <span class='ocrx_word' id='word_1_178' title='bbox 1180 1719 1300 1753; x_wconf 83' lang='lat' dir='ltr'>ratio-</span> 
     </span>
     <span class='ocr_line' id='line_1_27' title="bbox 315 1773 1299 1827; baseline 0.001 -15"><span class='ocrx_word' id='word_1_179' title='bbox 315 1790 402 1813; x_wconf 82' lang='lat' dir='ltr'>nem</span> <span class='ocrx_word' id='word_1_180' title='bbox 423 1776 556 1812; x_wconf 83' lang='lat' dir='ltr'>reddet</span> <span class='ocrx_word' id='word_1_181' title='bbox 573 1776 668 1812; x_wconf 86' lang='lat' dir='ltr'>Deo.</span> <span class='ocrx_word' id='word_1_182' title='bbox 692 1773 824 1813; x_wconf 69' lang='lat' dir='ltr'>Viden⁷</span> <span class='ocrx_word' id='word_1_183' title='bbox 845 1789 967 1812; x_wconf 90' lang='lat' dir='ltr'>rursus</span> <span class='ocrx_word' id='word_1_184' title='bbox 981 1775 1158 1825; x_wconf 88' lang='lat' dir='ltr'>quomodo</span> <span class='ocrx_word' id='word_1_185' title='bbox 1171 1775 1299 1827; x_wconf 84' lang='lat' dir='ltr'>judai-</span> 
     </span>
    </p>
   </div>
   <div class='ocr_carea' id='block_1_3' title="bbox 312 1835 1348 1882">
    <p class='ocr_par' dir='ltr' id='par_1_3' title="bbox 312 1835 1348 1882">
     <span class='ocr_line' id='line_1_28' title="bbox 312 1835 1348 1882; baseline 0.003 -9"><span class='ocrx_word' id='word_1_186' title='bbox 312 1836 423 1873; x_wconf 86' lang='lat' dir='ltr'>zantis</span> <span class='ocrx_word' id='word_1_187' title='bbox 442 1845 595 1873; x_wconf 90' lang='lat' dir='ltr'>mentem</span> <span class='ocrx_word' id='word_1_188' title='bbox 611 1835 777 1882; x_wconf 81' lang='lat' dir='ltr'>concutit,</span> <span class='ocrx_word' id='word_1_189' title='bbox 798 1835 887 1872; x_wconf 90' lang='lat' dir='ltr'>dum</span> <span class='ocrx_word' id='word_1_190' title='bbox 907 1835 1050 1874; x_wconf 76' lang='lat' dir='ltr'>videtur</span> <span class='ocrx_word' id='word_1_191' title='bbox 1070 1837 1222 1874; x_wconf 87' lang='lat' dir='ltr'>alterum</span> <span class='ocrx_word' id='word_1_192' title='bbox 1244 1837 1300 1875; x_wconf 90' lang='lat' dir='ltr'>in-</span> <span class='ocrx_word' id='word_1_193' title='bbox 1323 1845 1348 1876; x_wconf 89' lang='lat' dir='ltr'><strong>E</strong></span> 
     </span>
    </p>
   </div>
   <div class='ocr_carea' id='block_1_4' title="bbox 313 1895 1305 3157">
    <p class='ocr_par' dir='ltr' id='par_1_4' title="bbox 313 1895 1305 2655">
     <span class='ocr_line' id='line_1_29' title="bbox 314 1895 1302 1947; baseline 0.001 -13"><span class='ocrx_word' id='word_1_194' title='bbox 314 1896 470 1934; x_wconf 74' lang='lat' dir='ltr'>cessere?</span> <span class='ocrx_word' id='word_1_195' title='bbox 495 1896 584 1933; x_wconf 85' lang='lat' dir='ltr'>Tale</span> <span class='ocrx_word' id='word_1_196' title='bbox 612 1896 789 1946; x_wconf 89' lang='lat' dir='ltr'>siquidem</span> <span class='ocrx_word' id='word_1_197' title='bbox 820 1905 871 1933; x_wconf 91' lang='lat' dir='ltr'>est</span> <span class='ocrx_word' id='word_1_198' title='bbox 889 1895 984 1946; x_wconf 91' lang='lat' dir='ltr'>quod</span> <span class='ocrx_word' id='word_1_199' title='bbox 1013 1897 1229 1947; x_wconf 69' lang='lat' dir='ltr'>subindicat,</span> <span class='ocrx_word' id='word_1_200' title='bbox 1261 1912 1302 1935; x_wconf 90' lang='lat' dir='ltr'>ac</span> 
     </span>
     <span class='ocr_line' id='line_1_30' title="bbox 313 1957 1301 2010; baseline 0.001 -16"><span class='ocrx_word' id='word_1_201' title='bbox 313 1958 343 1994; x_wconf 89' lang='lat' dir='ltr'>si</span> <span class='ocrx_word' id='word_1_202' title='bbox 366 1957 636 2002; x_wconf 77' lang='lat' dir='ltr'>diceretzQuid</span> <span class='ocrx_word' id='word_1_203' title='bbox 657 1957 723 1994; x_wconf 87' lang='lat' dir='ltr'>tibi</span> <span class='ocrx_word' id='word_1_204' title='bbox 751 1971 842 1994; x_wconf 86' lang='lat' dir='ltr'>curae</span> <span class='ocrx_word' id='word_1_205' title='bbox 878 1957 956 1994; x_wconf 73' lang='lat' dir='ltr'>est?</span> <span class='ocrx_word' id='word_1_206' title='bbox 987 1972 1030 1994; x_wconf 88' lang='lat' dir='ltr'>an</span> <span class='ocrx_word' id='word_1_207' title='bbox 1062 1967 1101 1994; x_wconf 92' lang='lat' dir='ltr'>tu</span> <span class='ocrx_word' id='word_1_208' title='bbox 1134 1972 1199 2010; x_wconf 87' lang='lat' dir='ltr'>pro</span> <span class='ocrx_word' id='word_1_209' title='bbox 1238 1958 1301 1996; x_wconf 90' lang='lat' dir='ltr'>illo</span> 
     </span>
     <span class='ocr_line' id='line_1_31' title="bbox 314 2017 1302 2070; baseline 0.003 -16"><span class='ocrx_word' id='word_1_210' title='bbox 314 2032 417 2070; x_wconf 82' lang='lat' dir='ltr'>poena</span> <span class='ocrx_word' id='word_1_211' title='bbox 448 2018 656 2070; x_wconf 81' lang='lat' dir='ltr'>plectendus</span> <span class='ocrx_word' id='word_1_212' title='bbox 687 2018 747 2055; x_wconf 72' lang='lat' dir='ltr'>es?</span> <span class='ocrx_word' id='word_1_213' title='bbox 772 2017 842 2056; x_wconf 89' lang='lat' dir='ltr'>Sed</span> <span class='ocrx_word' id='word_1_214' title='bbox 871 2031 939 2055; x_wconf 90' lang='lat' dir='ltr'>non</span> <span class='ocrx_word' id='word_1_215' title='bbox 975 2018 1023 2055; x_wconf 91' lang='lat' dir='ltr'>ita</span> <span class='ocrx_word' id='word_1_216' title='bbox 1053 2018 1233 2069; x_wconf 84' lang='lat' dir='ltr'>loquitur3</span> <span class='ocrx_word' id='word_1_217' title='bbox 1264 2019 1302 2057; x_wconf 90' lang='lat' dir='ltr'>id</span> 
     </span>
     <span class='ocr_line' id='line_1_32' title="bbox 314 2077 1302 2130; baseline 0.001 -15"><span class='ocrx_word' id='word_1_218' title='bbox 314 2079 433 2130; x_wconf 88' lang='lat' dir='ltr'>ipsum</span> <span class='ocrx_word' id='word_1_219' title='bbox 453 2091 534 2115; x_wconf 78' lang='lat' dir='ltr'>vero</span> <span class='ocrx_word' id='word_1_220' title='bbox 553 2077 807 2124; x_wconf 72' lang='lat' dir='ltr'>subindicavit,</span> <span class='ocrx_word' id='word_1_221' title='bbox 838 2077 961 2114; x_wconf 87' lang='lat' dir='ltr'>mitius</span> <span class='ocrx_word' id='word_1_222' title='bbox 989 2078 1175 2116; x_wconf 87' lang='lat' dir='ltr'>enuntians</span> <span class='ocrx_word' id='word_1_223' title='bbox 1189 2088 1221 2116; x_wconf 91' lang='lat' dir='ltr'>et</span> <span class='ocrx_word' id='word_1_224' title='bbox 1240 2078 1302 2116; x_wconf 88' lang='lat' dir='ltr'>di·-</span> 
     </span>
     <span class='ocr_line' id='line_1_33' title="bbox 316 2139 1304 2176; baseline 0.002 -2"><span class='ocrx_word' id='word_1_225' title='bbox 316 2152 395 2175; x_wconf 87' lang='lat' dir='ltr'>cens</span> <span class='ocrx_word' id='word_1_226' title='bbox 417 2153 424 2173; x_wconf 90' lang='lat'><strong>:</strong></span> <span class='ocrx_word' id='word_1_227' title='bbox 453 2139 592 2175; x_wconf 84' lang='lat' dir='ltr'>Omnes</span> <span class='ocrx_word' id='word_1_228' title='bbox 628 2140 730 2174; x_wconf 84' lang='lat' dir='ltr'>enim</span> <span class='ocrx_word' id='word_1_229' title='bbox 766 2139 954 2175; x_wconf 79' lang='lat' dir='ltr'>stabimus</span> <span class='ocrx_word' id='word_1_230' title='bbox 993 2147 1086 2175; x_wconf 83' lang='lat' dir='ltr'>ante</span> <span class='ocrx_word' id='word_1_231' title='bbox 1128 2139 1304 2176; x_wconf 81' lang='lat' dir='ltr'>tribunal</span> 
     </span>
     <span class='ocr_line' id='line_1_34' title="bbox 318 2199 1305 2249; baseline 0.002 -14"><span class='ocrx_word' id='word_1_232' title='bbox 318 2199 473 2235; x_wconf 79' lang='lat' dir='ltr'>Christi.</span> <span class='ocrx_word' id='word_1_233' title='bbox 505 2199 644 2248; x_wconf 82' lang='lat' dir='ltr'>Itaque</span> <span class='ocrx_word' id='word_1_234' title='bbox 666 2200 929 2249; x_wconf 81' lang='lat' dir='ltr'>unusquisque</span> <span class='ocrx_word' id='word_1_235' title='bbox 963 2206 1134 2235; x_wconf 83' lang='lat' dir='ltr'>nostrum</span> <span class='ocrx_word' id='word_1_236' title='bbox 1163 2213 1233 2249; x_wconf 87' lang='lat' dir='ltr'>pro</span> <span class='ocrx_word' id='word_1_237' title='bbox 1266 2213 1305 2237; x_wconf 83' lang='lat' dir='ltr'>se</span> 
     </span>
     <span class='ocr_line' id='line_1_35' title="bbox 317 2256 1305 2308; baseline 0.002 -14"><span class='ocrx_word' id='word_1_238' title='bbox 317 2260 508 2294; x_wconf 83' lang='lat' dir='ltr'>rationem</span> <span class='ocrx_word' id='word_1_239' title='bbox 540 2258 672 2293; x_wconf 84' lang='lat' dir='ltr'>reddet</span> <span class='ocrx_word' id='word_1_240' title='bbox 706 2258 802 2294; x_wconf 77' lang='lat' dir='ltr'>Deo.</span> <span class='ocrx_word' id='word_1_241' title='bbox 835 2256 882 2293; x_wconf 89' lang='lat' dir='ltr'>Et</span> <span class='ocrx_word' id='word_1_242' title='bbox 913 2257 1124 2308; x_wconf 83' lang='lat' dir='ltr'>prophetam</span> <span class='ocrx_word' id='word_1_243' title='bbox 1159 2258 1305 2296; x_wconf 76' lang='lat' dir='ltr'>induxit</span> 
     </span>
     <span class='ocr_line' id='line_1_36' title="bbox 318 2316 1303 2370; baseline 0.001 -16"><span class='ocrx_word' id='word_1_244' title='bbox 318 2316 478 2354; x_wconf 89' lang='lat' dir='ltr'>omnium</span> <span class='ocrx_word' id='word_1_245' title='bbox 495 2316 748 2367; x_wconf 83' lang='lat' dir='ltr'>subjectionem</span> <span class='ocrx_word' id='word_1_246' title='bbox 768 2316 836 2367; x_wconf 86' lang='lat' dir='ltr'>ipsi</span> <span class='ocrx_word' id='word_1_247' title='bbox 852 2316 1111 2366; x_wconf 79' lang='lat' dir='ltr'>testificantem,</span> <span class='ocrx_word' id='word_1_248' title='bbox 1131 2326 1164 2354; x_wconf 87' lang='lat' dir='ltr'>et</span> <span class='ocrx_word' id='word_1_249' title='bbox 1186 2319 1303 2370; x_wconf 88' lang='lat' dir='ltr'>subje-</span> 
     </span>
     <span class='ocr_line' id='line_1_37' title="bbox 319 2375 1305 2428; baseline 0.001 -14"><span class='ocrx_word' id='word_1_250' title='bbox 319 2377 469 2415; x_wconf 90' lang='lat' dir='ltr'>ctionem</span> <span class='ocrx_word' id='word_1_251' title='bbox 501 2375 756 2424; x_wconf 79' lang='lat' dir='ltr'>omnimodam,</span> <span class='ocrx_word' id='word_1_252' title='bbox 791 2389 984 2426; x_wconf 88' lang='lat' dir='ltr'>eorumque</span> <span class='ocrx_word' id='word_1_253' title='bbox 1013 2376 1214 2423; x_wconf 82' lang='lat' dir='ltr'>hominum,</span> <span class='ocrx_word' id='word_1_254' title='bbox 1243 2378 1305 2428; x_wconf 88' lang='lat' dir='ltr'>qui</span> 
     </span>
     <span class='ocr_line' id='line_1_38' title="bbox 320 2436 1304 2486; baseline 0 -12"><span class='ocrx_word' id='word_1_255' title='bbox 320 2437 356 2474; x_wconf 91' lang='lat' dir='ltr'>in</span> <span class='ocrx_word' id='word_1_256' title='bbox 367 2436 489 2477; x_wconf 80' lang='lat' dir='ltr'>Veteri</span> <span class='ocrx_word' id='word_1_257' title='bbox 498 2438 721 2474; x_wconf 86' lang='lat' dir='ltr'>Testamento</span> <span class='ocrx_word' id='word_1_258' title='bbox 741 2444 850 2482; x_wconf 84' lang='lat' dir='ltr'>erant,</span> <span class='ocrx_word' id='word_1_259' title='bbox 861 2436 1178 2486; x_wconf 72' lang='lat' dir='ltr'>universorumque</span> <span class='ocrx_word' id='word_1_260' title='bbox 1191 2438 1304 2474; x_wconf 88' lang='lat' dir='ltr'>omni-</span> 
     </span>
     <span class='ocr_line' id='line_1_39' title="bbox 320 2495 1304 2548; baseline 0 -12"><span class='ocrx_word' id='word_1_261' title='bbox 320 2512 376 2536; x_wconf 91' lang='lat' dir='ltr'>no.</span> <span class='ocrx_word' id='word_1_262' title='bbox 392 2499 514 2547; x_wconf 77' lang='lat' dir='ltr'>Neque</span> <span class='ocrx_word' id='word_1_263' title='bbox 533 2496 742 2548; x_wconf 84' lang='lat' dir='ltr'>simpliciter</span> <span class='ocrx_word' id='word_1_264' title='bbox 761 2495 867 2541; x_wconf 77' lang='lat' dir='ltr'>dixit,</span> <span class='ocrx_word' id='word_1_265' title='bbox 891 2497 1144 2547; x_wconf 86' lang='lat' dir='ltr'>Unusquisque</span> <span class='ocrx_word' id='word_1_266' title='bbox 1172 2497 1304 2536; x_wconf 86' lang='lat' dir='ltr'>adora-</span> 
     </span>
     <span class='ocr_line' id='line_1_40' title="bbox 319 2555 1300 2609; baseline 0.001 -14"><span class='ocrx_word' id='word_1_267' title='bbox 319 2558 373 2595; x_wconf 88' lang='lat' dir='ltr'>bit</span> <span class='ocrx_word' id='word_1_268' title='bbox 383 2573 394 2607; x_wconf 81' lang='lat'><em>3</em></span> <span class='ocrx_word' id='word_1_269' title='bbox 412 2557 476 2595; x_wconf 89' lang='lat' dir='ltr'>sed</span> <span class='ocrx_word' id='word_1_270' title='bbox 489 2558 606 2605; x_wconf 85' lang='lat' dir='ltr'>etiam,</span> <span class='ocrx_word' id='word_1_271' title='bbox 630 2556 897 2608; x_wconf 79' lang='lat' dir='ltr'>Confitebitur,</span> <span class='ocrx_word' id='word_1_272' title='bbox 918 2555 958 2593; x_wconf 92' lang='lat' dir='ltr'>id</span> <span class='ocrx_word' id='word_1_273' title='bbox 972 2565 1034 2605; x_wconf 87' lang='lat' dir='ltr'>est,</span> <span class='ocrx_word' id='word_1_274' title='bbox 1055 2557 1228 2595; x_wconf 89' lang='lat' dir='ltr'>rationem</span> <span class='ocrx_word' id='word_1_275' title='bbox 1243 2572 1300 2609; x_wconf 84' lang='lat' dir='ltr'>gc-</span> 
     </span>
     <span class='ocr_line' id='line_1_41' title="bbox 320 2616 606 2655; baseline -0.003 -1"><span class='ocrx_word' id='word_1_276' title='bbox 320 2626 456 2655; x_wconf 88' lang='lat' dir='ltr'>storum</span> <span class='ocrx_word' id='word_1_277' title='bbox 472 2616 606 2654; x_wconf 86' lang='lat' dir='ltr'>reddet.</span> 
     </span>
    </p>

    <p class='ocr_par' dir='ltr' id='par_1_5' title="bbox 317 2676 1304 3157">
     <span class='ocr_line' id='line_1_42' title="bbox 369 2676 1304 2727; baseline 0.002 -12"><span class='ocrx_word' id='word_1_278' title='bbox 369 2679 406 2716; x_wconf 68' lang='lat'>4.</span> <span class='ocrx_word' id='word_1_279' title='bbox 429 2678 514 2715; x_wconf 87' lang='lat' dir='ltr'>Esto</span> <span class='ocrx_word' id='word_1_280' title='bbox 528 2678 647 2727; x_wconf 89' lang='lat' dir='ltr'>itaque</span> <span class='ocrx_word' id='word_1_281' title='bbox 662 2676 848 2723; x_wconf 84' lang='lat' dir='ltr'>sollicitus,</span> <span class='ocrx_word' id='word_1_282' title='bbox 865 2689 1091 2715; x_wconf 89' lang='lat' dir='ltr'>communem</span> <span class='ocrx_word' id='word_1_283' title='bbox 1105 2679 1304 2717; x_wconf 91' lang='lat' dir='ltr'>Dominum</span> 
     </span>
     <span class='ocr_line' id='line_1_43' title="bbox 318 2736 1302 2788; baseline 0.003 -13"><span class='ocrx_word' id='word_1_284' title='bbox 318 2739 441 2777; x_wconf 74' lang='lat' dir='ltr'>videns</span> <span class='ocrx_word' id='word_1_285' title='bbox 458 2739 494 2775; x_wconf 92' lang='lat' dir='ltr'>in</span> <span class='ocrx_word' id='word_1_286' title='bbox 522 2738 696 2775; x_wconf 86' lang='lat' dir='ltr'>tribunali</span> <span class='ocrx_word' id='word_1_287' title='bbox 726 2736 918 2786; x_wconf 79' lang='lat' dir='ltr'>sedentem,</span> <span class='ocrx_word' id='word_1_288' title='bbox 938 2751 1050 2788; x_wconf 88' lang='lat' dir='ltr'>neque</span> <span class='ocrx_word' id='word_1_289' title='bbox 1080 2739 1219 2777; x_wconf 77' lang='lat' dir='ltr'>scindas</span> <span class='ocrx_word' id='word_1_290' title='bbox 1245 2740 1302 2778; x_wconf 61' lang='lat' dir='ltr'>vel</span> 
     </span>
     <span class='ocr_line' id='line_1_44' title="bbox 317 2799 1304 2851; baseline 0 -13"><span class='ocrx_word' id='word_1_291' title='bbox 317 2800 460 2838; x_wconf 77' lang='lat' dir='ltr'>dividas</span> <span class='ocrx_word' id='word_1_292' title='bbox 488 2799 697 2847; x_wconf 85' lang='lat' dir='ltr'>Ecclesiam,</span> <span class='ocrx_word' id='word_1_293' title='bbox 715 2799 844 2850; x_wconf 86' lang='lat' dir='ltr'>rejecta</span> <span class='ocrx_word' id='word_1_294' title='bbox 873 2799 986 2849; x_wconf 88' lang='lat' dir='ltr'>gratia</span> <span class='ocrx_word' id='word_1_295' title='bbox 1000 2799 1044 2836; x_wconf 87' lang='lat' dir='ltr'>ad</span> <span class='ocrx_word' id='word_1_296' title='bbox 1057 2800 1170 2851; x_wconf 86' lang='lat' dir='ltr'>legem</span> <span class='ocrx_word' id='word_1_297' title='bbox 1186 2815 1304 2839; x_wconf 86' lang='lat' dir='ltr'>recur-</span> 
     </span>
     <span class='ocr_line' id='line_1_45' title="bbox 318 2858 1304 2912; baseline 0 -13"><span class='ocrx_word' id='word_1_298' title='bbox 318 2876 421 2899; x_wconf 90' lang='lat' dir='ltr'>rens:</span> <span class='ocrx_word' id='word_1_299' title='bbox 442 2875 525 2898; x_wconf 88' lang='lat' dir='ltr'>nam</span> <span class='ocrx_word' id='word_1_300' title='bbox 543 2860 602 2897; x_wconf 84' lang='lat' dir='ltr'>lex</span> <span class='ocrx_word' id='word_1_301' title='bbox 630 2873 770 2909; x_wconf 87' lang='lat' dir='ltr'>quoque</span> <span class='ocrx_word' id='word_1_302' title='bbox 800 2858 912 2910; x_wconf 86' lang='lat' dir='ltr'>ipsius</span> <span class='ocrx_word' id='word_1_303' title='bbox 941 2868 1002 2897; x_wconf 89' lang='lat' dir='ltr'>est.</span> <span class='ocrx_word' id='word_1_304' title='bbox 1024 2860 1160 2910; x_wconf 87' lang='lat' dir='ltr'>Ecquid</span> <span class='ocrx_word' id='word_1_305' title='bbox 1190 2861 1304 2912; x_wconf 83' lang='lat' dir='ltr'>legem</span> 
     </span>
     <span class='ocr_line' id='line_1_46' title="bbox 317 2920 1303 2972; baseline 0 -13"><span class='ocrx_word' id='word_1_306' title='bbox 317 2921 424 2959; x_wconf 71' lang='lat' dir='ltr'>dico?</span> <span class='ocrx_word' id='word_1_307' title='bbox 442 2921 490 2958; x_wconf 88' lang='lat' dir='ltr'>Et</span> <span class='ocrx_word' id='word_1_308' title='bbox 518 2920 579 2970; x_wconf 88' lang='lat' dir='ltr'>qui</span> <span class='ocrx_word' id='word_1_309' title='bbox 609 2920 645 2957; x_wconf 93' lang='lat' dir='ltr'>in</span> <span class='ocrx_word' id='word_1_310' title='bbox 661 2920 752 2970; x_wconf 84' lang='lat' dir='ltr'>lege,</span> <span class='ocrx_word' id='word_1_311' title='bbox 773 2928 806 2956; x_wconf 92' lang='lat' dir='ltr'>et</span> <span class='ocrx_word' id='word_1_312' title='bbox 828 2920 889 2969; x_wconf 85' lang='lat' dir='ltr'>qui</span> <span class='ocrx_word' id='word_1_313' title='bbox 917 2928 996 2956; x_wconf 85' lang='lat' dir='ltr'>aute</span> <span class='ocrx_word' id='word_1_314' title='bbox 1029 2920 1154 2971; x_wconf 82' lang='lat' dir='ltr'>legem.</span> <span class='ocrx_word' id='word_1_315' title='bbox 1181 2923 1303 2972; x_wconf 84' lang='lat' dir='ltr'>Neque</span> 
     </span>
     <span class='ocr_line' id='line_1_47' title="bbox 317 2981 1302 3032; baseline -0.002 -10"><span class='ocrx_word' id='word_1_316' title='bbox 317 2985 376 3022; x_wconf 76' lang='lat' dir='ltr'>lex</span> <span class='ocrx_word' id='word_1_317' title='bbox 397 2999 417 3021; x_wconf 91' lang='lat' dir='ltr'>a</span> <span class='ocrx_word' id='word_1_318' title='bbox 446 2992 490 3032; x_wconf 90' lang='lat' dir='ltr'>te,</span> <span class='ocrx_word' id='word_1_319' title='bbox 510 2981 573 3020; x_wconf 88' lang='lat' dir='ltr'>sed</span> <span class='ocrx_word' id='word_1_320' title='bbox 590 2981 754 3019; x_wconf 89' lang='lat' dir='ltr'>Christus</span> <span class='ocrx_word' id='word_1_321' title='bbox 770 2990 802 3018; x_wconf 88' lang='lat' dir='ltr'>et</span> <span class='ocrx_word' id='word_1_322' title='bbox 821 2995 841 3017; x_wconf 89' lang='lat' dir='ltr'>a</span> <span class='ocrx_word' id='word_1_323' title='bbox 863 2989 895 3018; x_wconf 91' lang='lat' dir='ltr'>te</span> <span class='ocrx_word' id='word_1_324' title='bbox 915 2989 948 3018; x_wconf 89' lang='lat' dir='ltr'>et</span> <span class='ocrx_word' id='word_1_325' title='bbox 966 2981 1011 3018; x_wconf 85' lang='lat' dir='ltr'>ab</span> <span class='ocrx_word' id='word_1_326' title='bbox 1029 2981 1185 3019; x_wconf 89' lang='lat' dir='ltr'>humana</span> <span class='ocrx_word' id='word_1_327' title='bbox 1205 2982 1302 3020; x_wconf 90' lang='lat' dir='ltr'>omni</span> 
     </span>
     <span class='ocr_line' id='line_1_48' title="bbox 317 3040 1303 3093; baseline -0.002 -10"><span class='ocrx_word' id='word_1_328' title='bbox 317 3054 445 3083; x_wconf 87' lang='lat' dir='ltr'>natura</span> <span class='ocrx_word' id='word_1_329' title='bbox 463 3043 614 3081; x_wconf 84' lang='lat' dir='ltr'>rationes</span> <span class='ocrx_word' id='word_1_330' title='bbox 644 3051 786 3093; x_wconf 87' lang='lat' dir='ltr'>repetet.</span> <span class='ocrx_word' id='word_1_331' title='bbox 814 3040 945 3080; x_wconf 82' lang='lat' dir='ltr'>Viden’</span> <span class='ocrx_word' id='word_1_332' title='bbox 980 3042 1158 3091; x_wconf 90' lang='lat' dir='ltr'>quomodo</span> <span class='ocrx_word' id='word_1_333' title='bbox 1195 3043 1303 3081; x_wconf 79' lang='lat' dir='ltr'>solvit</span> 
     </span>
     <span class='ocr_line' id='line_1_49' title="bbox 317 3101 1300 3157; baseline -0.002 -14"><span class='ocrx_word' id='word_1_334' title='bbox 317 3105 406 3157; x_wconf 82' lang='lat' dir='ltr'>legis</span> <span class='ocrx_word' id='word_1_335' title='bbox 431 3104 590 3142; x_wconf 70' lang='lat' dir='ltr'>metum?</span> <span class='ocrx_word' id='word_1_336' title='bbox 609 3102 760 3152; x_wconf 88' lang='lat' dir='ltr'>Deinde,</span> <span class='ocrx_word' id='word_1_337' title='bbox 797 3116 840 3139; x_wconf 89' lang='lat' dir='ltr'>ne</span> <span class='ocrx_word' id='word_1_338' title='bbox 859 3101 1040 3140; x_wconf 85' lang='lat' dir='ltr'>videretur</span> <span class='ocrx_word' id='word_1_339' title='bbox 1059 3103 1159 3153; x_wconf 88' lang='lat' dir='ltr'>quasi</span> <span class='ocrx_word' id='word_1_340' title='bbox 1180 3103 1224 3141; x_wconf 91' lang='lat' dir='ltr'>de</span> <span class='ocrx_word' id='word_1_341' title='bbox 1243 3103 1300 3141; x_wconf 89' lang='lat' dir='ltr'>in—</span> 
     </span>
    </p>
   </div>
   <div class='ocr_carea' id='block_1_5' title="bbox 317 3232 1324 3379">
    <p class='ocr_par' dir='ltr' id='par_1_6' title="bbox 317 3232 1324 3379">
     <span class='ocr_line' id='line_1_50' title="bbox 359 3232 1324 3277; baseline -0.001 -7"><span class='ocrx_word' id='word_1_342' title='bbox 359 3248 373 3262; x_wconf 72' lang='lat'>⁸</span> <span class='ocrx_word' id='word_1_343' title='bbox 393 3238 446 3270; x_wconf 87' lang='lat' dir='ltr'>Sic</span> <span class='ocrx_word' id='word_1_344' title='bbox 468 3238 545 3269; x_wconf 81' lang='lat' dir='ltr'>Mss.</span> <span class='ocrx_word' id='word_1_345' title='bbox 569 3234 660 3268; x_wconf 74' lang='lat' dir='ltr'>Editi</span> <span class='ocrx_word' id='word_1_346' title='bbox 686 3245 764 3268; x_wconf 60' lang='lat' dir='ltr'>vero</span> <span class='ocrx_word' id='word_1_347' title='bbox 790 3239 947 3277; x_wconf 72' lang='grc' dir='ltr'>ἐπιτιμῶν.</span> <span class='ocrx_word' id='word_1_348' title='bbox 964 3232 1098 3267; x_wconf 86' lang='lat' dir='ltr'>Ibidem</span> <span class='ocrx_word' id='word_1_349' title='bbox 1126 3246 1203 3268; x_wconf 74' lang='lat' dir='ltr'>xero</span> <span class='ocrx_word' id='word_1_350' title='bbox 1231 3235 1324 3269; x_wconf 90' lang='lat' dir='ltr'>Editi</span> 
     </span>
     <span class='ocr_line' id='line_1_51' title="bbox 317 3288 769 3330; baseline -0.002 -11"><span class='ocrx_word' id='word_1_351' title='bbox 317 3289 364 3328; x_wconf 83' lang='lat' dir='ltr'>[et</span> <span class='ocrx_word' id='word_1_352' title='bbox 380 3290 434 3330; x_wconf 82' lang='lat' dir='ltr'>A.]</span> <span class='ocrx_word' id='word_1_353' title='bbox 450 3288 535 3320; x_wconf 82' lang='lat' dir='ltr'>male</span> <span class='ocrx_word' id='word_1_354' title='bbox 552 3294 649 3322; x_wconf 74' lang='grc' dir='ltr'>ταῦτα</span> <span class='ocrx_word' id='word_1_355' title='bbox 664 3291 769 3329; x_wconf 71' lang='grc' dir='ltr'>λέγειν.</span> 
     </span>
     <span class='ocr_line' id='line_1_52' title="bbox 363 3338 862 3379; baseline -0.002 -8"><span class='ocrx_word' id='word_1_356' title='bbox 363 3343 377 3364; x_wconf 80' lang='lat'>¹·</span> <span class='ocrx_word' id='word_1_357' title='bbox 401 3339 407 3378; x_wconf 73' lang='lat' dir='ltr'>I</span> <span class='ocrx_word' id='word_1_358' title='bbox 424 3338 478 3371; x_wconf 88' lang='lat' dir='ltr'>Sic</span> <span class='ocrx_word' id='word_1_359' title='bbox 494 3341 531 3370; x_wconf 84' lang='lat' dir='ltr'>A.</span> <span class='ocrx_word' id='word_1_360' title='bbox 552 3338 643 3370; x_wconf 82' lang='lat' dir='ltr'>Editi</span> <span class='ocrx_word' id='word_1_361' title='bbox 660 3338 862 3379; x_wconf 62' lang='grc' dir='ltr'>ἐκπλήττειν]</span> 
     </span>
    </p>
   </div>
   <div class='ocr_carea' id='block_1_6' title="bbox 360 3389 1254 3433">
    <p class='ocr_par' dir='ltr' id='par_1_7' title="bbox 360 3389 1254 3433">
     <span class='ocr_line' id='line_1_53' title="bbox 360 3389 1254 3433; baseline -0.002 -11"><span class='ocrx_word' id='word_1_362' title='bbox 360 3400 372 3413; x_wconf 73' lang='lat'><strong>⁰</strong></span> <span class='ocrx_word' id='word_1_363' title='bbox 398 3390 489 3422; x_wconf 88' lang='lat' dir='ltr'>Unus</span> <span class='ocrx_word' id='word_1_364' title='bbox 504 3389 617 3421; x_wconf 81' lang='lat' dir='ltr'>Codex</span> <span class='ocrx_word' id='word_1_365' title='bbox 634 3395 686 3428; x_wconf 72' lang='grc' dir='ltr'>τὴν</span> <span class='ocrx_word' id='word_1_366' title='bbox 702 3394 783 3431; x_wconf 67' lang='grc' dir='ltr'>μετ’).</span> <span class='ocrx_word' id='word_1_367' title='bbox 799 3393 916 3423; x_wconf 70' lang='grc' dir='ltr'>πάντων</span> <span class='ocrx_word' id='word_1_368' title='bbox 934 3391 1012 3430; x_wconf 65' lang='grc' dir='ltr'>αὐτῷ</span> <span class='ocrx_word' id='word_1_369' title='bbox 1028 3393 1254 3433; x_wconf 59' lang='grc' dir='ltr'>μαρτυροῦντα.</span> 
     </span>
    </p>
   </div>
   <div class='ocr_carea' id='block_1_7' title="bbox 1317 2770 2399 2847">
    <p class='ocr_par' dir='ltr' id='par_1_8' title="bbox 1317 2770 2399 2847">
     <span class='ocr_line' id='line_1_54' title="bbox 1317 2770 1364 2794; baseline 0 0"><span class='ocrx_word' id='word_1_370' title='bbox 1317 2770 1364 2794; x_wconf 88' lang='grc'>706</span> 
     </span>
     <span class='ocr_line' id='line_1_55' title="bbox 1328 2794 2399 2847; baseline -0.005 -11"><span class='ocrx_word' id='word_1_371' title='bbox 1328 2806 1354 2835; x_wconf 85' lang='grc' dir='ltr'><strong>Α</strong></span> <span class='ocrx_word' id='word_1_372' title='bbox 1378 2797 1440 2844; x_wconf 74' lang='grc' dir='ltr'>τὴν</span> <span class='ocrx_word' id='word_1_373' title='bbox 1455 2796 1669 2842; x_wconf 71' lang='grc' dir='ltr'>Ἐκκλησίαν</span> <span class='ocrx_word' id='word_1_374' title='bbox 1682 2826 1691 2843; x_wconf 96' lang='grc'>,</span> <span class='ocrx_word' id='word_1_375' title='bbox 1706 2799 1769 2841; x_wconf 70' lang='grc' dir='ltr'>ἰ’-’ῆς</span> <span class='ocrx_word' id='word_1_376' title='bbox 1784 2795 1925 2847; x_wconf 74' lang='grc' dir='ltr'>χάριτος</span> <span class='ocrx_word' id='word_1_377' title='bbox 1941 2794 2261 2846; x_wconf 66' lang='grc' dir='ltr'>ἀπορρηγνύμενος,</span> <span class='ocrx_word' id='word_1_378' title='bbox 2278 2795 2335 2832; x_wconf 77' lang='grc' dir='ltr'>καὶ</span> <span class='ocrx_word' id='word_1_379' title='bbox 2349 2797 2399 2844; x_wconf 81' lang='grc' dir='ltr'>τῷ</span> 
     </span>
    </p>
   </div>
   <div class='ocr_carea' id='block_1_8' title="bbox 1363 243 1964 278">
    <p class='ocr_par' dir='ltr' id='par_1_9' title="bbox 1363 243 1964 278">
     <span class='ocr_line' id='line_1_56' title="bbox 1363 243 1964 278; baseline 0.01 -7"><span class='ocrx_word' id='word_1_380' title='bbox 1363 243 1964 278; x_wconf 66' lang='lat' dir='ltr'>ARC111131‘.CONSTANT1NOP.</span> 
     </span>
    </p>
   </div>
   <div class='ocr_carea' id='block_1_9' title="bbox 1370 324 2400 2370">
    <p class='ocr_par' dir='ltr' id='par_1_10' title="bbox 1370 324 2400 2370">
     <span class='ocr_line' id='line_1_57' title="bbox 1374 324 2396 380; baseline 0.004 -19"><span class='ocrx_word' id='word_1_381' title='bbox 1374 324 1426 361; x_wconf 80' lang='grc' dir='ltr'>ὅτι</span> <span class='ocrx_word' id='word_1_382' title='bbox 1441 340 1560 377; x_wconf 83' lang='grc' dir='ltr'>νεκρος</span> <span class='ocrx_word' id='word_1_383' title='bbox 1576 325 1653 362; x_wconf 70' lang='grc' dir='ltr'>ὢνς</span> <span class='ocrx_word' id='word_1_384' title='bbox 1640 325 1761 374; x_wconf 66' lang='grc' dir='ltr'>ἔζησε,</span> <span class='ocrx_word' id='word_1_385' title='bbox 1780 342 1839 363; x_wconf 84' lang='grc' dir='ltr'>και</span> <span class='ocrx_word' id='word_1_386' title='bbox 1859 326 1911 364; x_wconf 76' lang='grc' dir='ltr'>ὅτι</span> <span class='ocrx_word' id='word_1_387' title='bbox 1927 326 2022 364; x_wconf 79' lang='grc' dir='ltr'>οὐδὲν</span> <span class='ocrx_word' id='word_1_388' title='bbox 2043 328 2202 379; x_wconf 80' lang='grc' dir='ltr'>ἐκέρδανε</span> <span class='ocrx_word' id='word_1_389' title='bbox 2221 329 2317 380; x_wconf 79' lang='grc' dir='ltr'>παρὰ</span> <span class='ocrx_word' id='word_1_390' title='bbox 2338 344 2396 367; x_wconf 85' lang='grc' dir='ltr'>του</span> 
     </span>
     <span class='ocr_line' id='line_1_58' title="bbox 1374 384 2397 437; baseline 0.005 -17"><span class='ocrx_word' id='word_1_391' title='bbox 1374 384 1502 433; x_wconf 87' lang='grc' dir='ltr'>νόμου,</span> <span class='ocrx_word' id='word_1_392' title='bbox 1517 400 1578 422; x_wconf 88' lang='grc' dir='ltr'>και</span> <span class='ocrx_word' id='word_1_393' title='bbox 1600 385 1651 423; x_wconf 82' lang='grc' dir='ltr'>ὅτι</span> <span class='ocrx_word' id='word_1_394' title='bbox 1667 386 1818 437; x_wconf 67' lang='grc' dir='ltr'>ἐσχάτης</span> <span class='ocrx_word' id='word_1_395' title='bbox 1839 385 2085 437; x_wconf 85' lang='grc' dir='ltr'>ἀγνωμοσυνης</span> <span class='ocrx_word' id='word_1_396' title='bbox 2103 387 2141 425; x_wconf 84' lang='grc' dir='ltr'>ἃν</span> <span class='ocrx_word' id='word_1_397' title='bbox 2165 388 2216 435; x_wconf 84' lang='grc' dir='ltr'>εἴη</span> <span class='ocrx_word' id='word_1_398' title='bbox 2230 417 2240 434; x_wconf 88' lang='grc'>,</span> <span class='ocrx_word' id='word_1_399' title='bbox 2267 405 2324 427; x_wconf 85' lang='grc' dir='ltr'>τον</span> <span class='ocrx_word' id='word_1_400' title='bbox 2336 404 2397 426; x_wconf 90' lang='grc' dir='ltr'>το-</span> 
     </span>
     <span class='ocr_line' id='line_1_59' title="bbox 1374 444 2398 499; baseline 0.005 -18"><span class='ocrx_word' id='word_1_401' title='bbox 1374 447 1484 481; x_wconf 73' lang='grc' dir='ltr'>σαῦτα</span> <span class='ocrx_word' id='word_1_402' title='bbox 1517 444 1773 495; x_wconf 77' lang='grc' dir='ltr'>ἐπιδειξάμενον</span> <span class='ocrx_word' id='word_1_403' title='bbox 1803 445 1890 499; x_wconf 78' lang='grc' dir='ltr'>ὑπὲρ</span> <span class='ocrx_word' id='word_1_404' title='bbox 1927 448 2028 484; x_wconf 76' lang='grc' dir='ltr'>αὐτοῦ</span> <span class='ocrx_word' id='word_1_405' title='bbox 2065 447 2320 494; x_wconf 83' lang='grc' dir='ltr'>καταλιπόντα,</span> <span class='ocrx_word' id='word_1_406' title='bbox 2341 448 2398 486; x_wconf 83' lang='grc' dir='ltr'>ἐπὶ</span> 
     </span>
     <span class='ocr_line' id='line_1_60' title="bbox 1372 504 2398 559; baseline 0.004 -18"><span class='ocrx_word' id='word_1_407' title='bbox 1372 504 1428 542; x_wconf 77' lang='grc' dir='ltr'>τὸν</span> <span class='ocrx_word' id='word_1_408' title='bbox 1449 504 1551 555; x_wconf 86' lang='grc' dir='ltr'>νόμον</span> <span class='ocrx_word' id='word_1_409' title='bbox 1565 506 1826 557; x_wconf 80' lang='grc' dir='ltr'>παλινδρομεῖν.</span> <span class='ocrx_word' id='word_1_410' title='bbox 1837 505 1980 550; x_wconf 77' lang='grc' dir='ltr'>Ἱκανῶς</span> <span class='ocrx_word' id='word_1_411' title='bbox 1996 506 2108 544; x_wconf 84' lang='grc' dir='ltr'>τοίνυν</span> <span class='ocrx_word' id='word_1_412' title='bbox 2123 509 2225 545; x_wconf 73' lang='grc' dir='ltr'>αὐτοῦ</span> <span class='ocrx_word' id='word_1_413' title='bbox 2241 508 2398 559; x_wconf 72' lang='grc' dir='ltr'>καθαψά-</span> 
     </span>
     <span class='ocr_line' id='line_1_61' title="bbox 1373 565 2398 620; baseline 0.004 -18.004"><span class='ocrx_word' id='word_1_414' title='bbox 1373 581 1475 616; x_wconf 86' lang='grc' dir='ltr'>μενος</span> <span class='ocrx_word' id='word_1_415' title='bbox 1487 595 1496 613; x_wconf 91' lang='grc'>,</span> <span class='ocrx_word' id='word_1_416' title='bbox 1518 565 1658 603; x_wconf 79' lang='grc' dir='ltr'>πάλιν</span> <span class='ocrx_word' id='word_1_417' title='bbox 1640 566 1757 613; x_wconf 81' lang='grc' dir='ltr'>ανίτσι</span> <span class='ocrx_word' id='word_1_418' title='bbox 1770 566 1901 619; x_wconf 82' lang='grc' dir='ltr'>λέγων·</span> <span class='ocrx_word' id='word_1_419' title='bbox 1918 567 1968 604; x_wconf 86' lang='grc' dir='ltr'>Συ</span> <span class='ocrx_word' id='word_1_420' title='bbox 1985 567 2019 604; x_wconf 81' lang='grc' dir='ltr'>δὲ</span> <span class='ocrx_word' id='word_1_421' title='bbox 2036 566 2070 604; x_wconf 85' lang='grc' dir='ltr'>τί</span> <span class='ocrx_word' id='word_1_422' title='bbox 2078 567 2211 620; x_wconf 85' lang='grc' dir='ltr'>κρίνεις</span> <span class='ocrx_word' id='word_1_423' title='bbox 2227 584 2284 606; x_wconf 90' lang='grc' dir='ltr'>τον</span> <span class='ocrx_word' id='word_1_424' title='bbox 2299 569 2398 606; x_wconf 80' lang='grc' dir='ltr'>ἀδελ-</span> 
     </span>
     <span class='ocr_line' id='line_1_62' title="bbox 1371 625 2397 678; baseline 0.003 -16"><span class='ocrx_word' id='word_1_425' title='bbox 1371 626 1432 677; x_wconf 76' lang='grc' dir='ltr'>φόν</span> <span class='ocrx_word' id='word_1_426' title='bbox 1450 641 1529 671; x_wconf 87' lang='grc' dir='ltr'>σου;</span> <span class='ocrx_word' id='word_1_427' title='bbox 1551 625 1574 671; x_wconf 83' lang='grc' dir='ltr'>ἢ</span> <span class='ocrx_word' id='word_1_428' title='bbox 1590 642 1649 663; x_wconf 87' lang='grc' dir='ltr'>και</span> <span class='ocrx_word' id='word_1_429' title='bbox 1672 642 1712 664; x_wconf 64' lang='lat' dir='ltr'>ca</span> <span class='ocrx_word' id='word_1_430' title='bbox 1732 627 1766 663; x_wconf 83' lang='grc' dir='ltr'>τί</span> <span class='ocrx_word' id='word_1_431' title='bbox 1784 627 1968 670; x_wconf 80' lang='grc' dir='ltr'>ἐξουθενεῖς</span> <span class='ocrx_word' id='word_1_432' title='bbox 1986 627 2043 664; x_wconf 77' lang='grc' dir='ltr'>τὸν</span> <span class='ocrx_word' id='word_1_433' title='bbox 2061 628 2206 678; x_wconf 71' lang='grc' dir='ltr'>ἀδελφόν</span> <span class='ocrx_word' id='word_1_434' title='bbox 2229 643 2308 675; x_wconf 72' lang='grc' dir='ltr'>σου,</span> <span class='ocrx_word' id='word_1_435' title='bbox 2327 628 2397 665; x_wconf 84' lang='grc' dir='ltr'>Καὶ</span> 
     </span>
     <span class='ocr_line' id='line_1_63' title="bbox 1371 684 2398 735; baseline 0.003 -13"><span class='ocrx_word' id='word_1_436' title='bbox 1371 686 1464 723; x_wconf 80' lang='grc' dir='ltr'>δοκεῖ</span> <span class='ocrx_word' id='word_1_437' title='bbox 1491 684 1552 735; x_wconf 79' lang='grc' dir='ltr'>μὲν</span> <span class='ocrx_word' id='word_1_438' title='bbox 1581 688 1627 728; x_wconf 87' lang='grc' dir='ltr'>ὡς</span> <span class='ocrx_word' id='word_1_439' title='bbox 1654 685 1816 729; x_wconf 75' lang='grc' dir='ltr'>ἰσάζοντα</span> <span class='ocrx_word' id='word_1_440' title='bbox 1841 686 1929 724; x_wconf 78' lang='grc' dir='ltr'>αυτὰ</span> <span class='ocrx_word' id='word_1_441' title='bbox 1959 686 2109 732; x_wconf 81' lang='grc' dir='ltr'>τιθέναι,</span> <span class='ocrx_word' id='word_1_442' title='bbox 2142 687 2275 733; x_wconf 81' lang='grc' dir='ltr'>πολλὴν</span> <span class='ocrx_word' id='word_1_443' title='bbox 2304 687 2338 725; x_wconf 78' lang='grc' dir='ltr'>δὲ</span> <span class='ocrx_word' id='word_1_444' title='bbox 2359 690 2398 725; x_wconf 78' lang='grc' dir='ltr'>ἐκ</span> 
     </span>
     <span class='ocr_line' id='line_1_64' title="bbox 1370 741 2398 799; baseline 0.003 -17"><span class='ocrx_word' id='word_1_445' title='bbox 1370 748 1440 783; x_wconf 82' lang='grc' dir='ltr'>τῶν</span> <span class='ocrx_word' id='word_1_446' title='bbox 1456 746 1644 796; x_wconf 79' lang='grc' dir='ltr'>εἰρημένων</span> <span class='ocrx_word' id='word_1_447' title='bbox 1661 747 1811 785; x_wconf 77' lang='grc' dir='ltr'>δείκνυσι</span> <span class='ocrx_word' id='word_1_448' title='bbox 1825 746 1888 793; x_wconf 76' lang='grc' dir='ltr'>τὴν</span> <span class='ocrx_word' id='word_1_449' title='bbox 1904 746 2069 798; x_wconf 62' lang='grc' dir='ltr'>διαφορὰν</span> <span class='ocrx_word' id='word_1_450' title='bbox 2085 741 2204 784; x_wconf 58' lang='grc' dir='ltr'>οὖσαν.</span> <span class='ocrx_word' id='word_1_451' title='bbox 2220 747 2290 785; x_wconf 70' lang='grc' dir='ltr'>Καὶ</span> <span class='ocrx_word' id='word_1_452' title='bbox 2303 751 2398 799; x_wconf 79' lang='grc' dir='ltr'>πρῶ-</span> 
     </span>
     <span class='ocr_line' id='line_1_65' title="bbox 1371 804 2398 859; baseline 0.002 -17"><span class='ocrx_word' id='word_1_453' title='bbox 1371 821 1427 843; x_wconf 87' lang='grc' dir='ltr'>τον</span> <span class='ocrx_word' id='word_1_454' title='bbox 1450 804 1511 856; x_wconf 76' lang='grc' dir='ltr'>μὲν</span> <span class='ocrx_word' id='word_1_455' title='bbox 1534 809 1576 856; x_wconf 74' lang='grc' dir='ltr'>τῇ</span> <span class='ocrx_word' id='word_1_456' title='bbox 1597 807 1812 859; x_wconf 70' lang='grc' dir='ltr'>προσηγορίᾳ</span> <span class='ocrx_word' id='word_1_457' title='bbox 1833 810 1892 844; x_wconf 72' lang='grc' dir='ltr'>τοῦ</span> <span class='ocrx_word' id='word_1_458' title='bbox 1914 808 2061 858; x_wconf 68' lang='grc' dir='ltr'>ἀδελφοῦ</span> <span class='ocrx_word' id='word_1_459' title='bbox 2077 806 2244 845; x_wconf 81' lang='grc' dir='ltr'>καταλύει</span> <span class='ocrx_word' id='word_1_460' title='bbox 2263 808 2324 854; x_wconf 81' lang='grc' dir='ltr'>τὴν</span> <span class='ocrx_word' id='word_1_461' title='bbox 2344 822 2398 857; x_wconf 69' lang='grc' dir='ltr'>φι-</span> 
     </span>
     <span class='ocr_line' id='line_1_66' title="bbox 1371 866 2398 918; baseline 0.001 -15"><span class='ocrx_word' id='word_1_462' title='bbox 1371 866 1561 912; x_wconf 86' lang='grc' dir='ltr'>λονεικίαν,</span> <span class='ocrx_word' id='word_1_463' title='bbox 1580 867 1700 904; x_wconf 83' lang='grc' dir='ltr'>ἔπειτα</span> <span class='ocrx_word' id='word_1_464' title='bbox 1717 867 1752 905; x_wconf 72' lang='grc' dir='ltr'>δὲ</span> <span class='ocrx_word' id='word_1_465' title='bbox 1769 867 1828 905; x_wconf 84' lang='grc' dir='ltr'>καὶ</span> <span class='ocrx_word' id='word_1_466' title='bbox 1845 870 1894 918; x_wconf 75' lang='grc' dir='ltr'>τῷ</span> <span class='ocrx_word' id='word_1_467' title='bbox 1915 871 1975 914; x_wconf 78' lang='grc' dir='ltr'>τῆς</span> <span class='ocrx_word' id='word_1_468' title='bbox 1993 868 2125 918; x_wconf 77' lang='grc' dir='ltr'>ἡμέρας</span> <span class='ocrx_word' id='word_1_469' title='bbox 2153 868 2284 915; x_wconf 80' lang='grc' dir='ltr'>ἐκείνης</span> <span class='ocrx_word' id='word_1_470' title='bbox 2311 869 2398 904; x_wconf 84' lang='grc' dir='ltr'>ἀνα-</span> 
     </span>
     <span class='ocr_line' id='line_1_67' title="bbox 1372 926 2397 979; baseline 0.003 -17"><span class='ocrx_word' id='word_1_471' title='bbox 1372 930 1504 976; x_wconf 66' lang='grc' dir='ltr'>μνῆσαι</span> <span class='ocrx_word' id='word_1_472' title='bbox 1530 930 1592 973; x_wconf 69' lang='grc' dir='ltr'>τῆς</span> <span class='ocrx_word' id='word_1_473' title='bbox 1615 927 1783 979; x_wconf 66' lang='grc' dir='ltr'>φοὸερᾶς·</span> <span class='ocrx_word' id='word_1_474' title='bbox 1808 926 1913 965; x_wconf 84' lang='grc' dir='ltr'>εἰπὼν</span> <span class='ocrx_word' id='word_1_475' title='bbox 1943 927 2030 979; x_wconf 84' lang='grc' dir='ltr'>γὰρ,</span> <span class='ocrx_word' id='word_1_476' title='bbox 2061 927 2108 964; x_wconf 82' lang='grc' dir='ltr'>Τί</span> <span class='ocrx_word' id='word_1_477' title='bbox 2133 927 2314 971; x_wconf 79' lang='grc' dir='ltr'>ἐξουθενεῖς</span> <span class='ocrx_word' id='word_1_478' title='bbox 2339 928 2397 965; x_wconf 83' lang='grc' dir='ltr'>τὸν</span> 
     </span>
     <span class='ocr_line' id='line_1_68' title="bbox 1373 986 2397 1041; baseline 0.001 -18"><span class='ocrx_word' id='word_1_479' title='bbox 1373 986 1517 1038; x_wconf 72' lang='grc' dir='ltr'>ἀδελφόν</span> <span class='ocrx_word' id='word_1_480' title='bbox 1535 1003 1614 1035; x_wconf 71' lang='grc' dir='ltr'>σου,</span> <span class='ocrx_word' id='word_1_481' title='bbox 1636 987 1810 1037; x_wconf 80' lang='grc' dir='ltr'>ἐπήγαγε,</span> <span class='ocrx_word' id='word_1_482' title='bbox 1842 987 1977 1031; x_wconf 79' lang='grc' dir='ltr'>Πάντες</span> <span class='ocrx_word' id='word_1_483' title='bbox 2005 987 2072 1039; x_wconf 81' lang='grc' dir='ltr'>γὰρ</span> <span class='ocrx_word' id='word_1_484' title='bbox 2100 987 2397 1041; x_wconf 83' lang='grc' dir='ltr'>παραστησόμεθα</span> 
     </span>
     <span class='ocr_line' id='line_1_69' title="bbox 1372 1050 2399 1102; baseline 0.002 -15"><span class='ocrx_word' id='word_1_485' title='bbox 1372 1052 1421 1102; x_wconf 78' lang='grc' dir='ltr'>τῷ</span> <span class='ocrx_word' id='word_1_486' title='bbox 1451 1050 1583 1101; x_wconf 86' lang='grc' dir='ltr'>βήματι</span> <span class='ocrx_word' id='word_1_487' title='bbox 1599 1054 1658 1089; x_wconf 69' lang='grc' dir='ltr'>τοῧ</span> <span class='ocrx_word' id='word_1_488' title='bbox 1685 1053 1849 1101; x_wconf 73' lang='grc' dir='ltr'>Χριστοῦ.</span> <span class='ocrx_word' id='word_1_489' title='bbox 1876 1052 1947 1089; x_wconf 85' lang='grc' dir='ltr'>Καὶ</span> <span class='ocrx_word' id='word_1_490' title='bbox 1968 1052 2061 1089; x_wconf 77' lang='grc' dir='ltr'>δοκεῖ</span> <span class='ocrx_word' id='word_1_491' title='bbox 2085 1051 2147 1101; x_wconf 75' lang='grc' dir='ltr'>μὲν</span> <span class='ocrx_word' id='word_1_492' title='bbox 2174 1051 2278 1090; x_wconf 84' lang='grc' dir='ltr'>πάλιν</span> <span class='ocrx_word' id='word_1_493' title='bbox 2297 1053 2399 1089; x_wconf 57' lang='lat' dir='ltr'>‘&#39;gm-</span> 
     </span>
     <span class='ocr_line' id='line_1_70' title="bbox 1371 1112 2395 1164; baseline 0.002 -17"><span class='ocrx_word' id='word_1_494' title='bbox 1371 1117 1477 1162; x_wconf 69' lang='grc' dir='ltr'>τιμᾷν</span> <span class='ocrx_word' id='word_1_495' title='bbox 1498 1114 1547 1163; x_wconf 77' lang='grc' dir='ltr'>τῷ</span> <span class='ocrx_word' id='word_1_496' title='bbox 1565 1112 1767 1164; x_wconf 81' lang='grc' dir='ltr'>τελειοτέρῳ</span> <span class='ocrx_word' id='word_1_497' title='bbox 1792 1116 1902 1149; x_wconf 73' lang='grc' dir='ltr'>ταῦτα</span> <span class='ocrx_word' id='word_1_498' title='bbox 1928 1113 2051 1163; x_wconf 81' lang='grc' dir='ltr'>λέγων,</span> <span class='ocrx_word' id='word_1_499' title='bbox 2072 1112 2251 1151; x_wconf 74' lang='grc' dir='ltr'>κατασείει</span> <span class='ocrx_word' id='word_1_500' title='bbox 2280 1112 2315 1151; x_wconf 77' lang='grc' dir='ltr'>δὲ</span> <span class='ocrx_word' id='word_1_501' title='bbox 2336 1115 2395 1150; x_wconf 72' lang='grc' dir='ltr'>τοῦ</span> 
     </span>
     <span class='ocr_line' id='line_1_71' title="bbox 1373 1170 2397 1224; baseline 0.004 -18"><span class='ocrx_word' id='word_1_502' title='bbox 1373 1170 1598 1214; x_wconf 75' lang='grc' dir='ltr'>ἰουδαΐζοντος</span> <span class='ocrx_word' id='word_1_503' title='bbox 1618 1172 1679 1219; x_wconf 79' lang='grc' dir='ltr'>τὴν</span> <span class='ocrx_word' id='word_1_504' title='bbox 1698 1172 1864 1219; x_wconf 77' lang='grc' dir='ltr'>διάνοιαν,</span> <span class='ocrx_word' id='word_1_505' title='bbox 1887 1175 1949 1210; x_wconf 84' lang='grc' dir='ltr'>οὐκ</span> <span class='ocrx_word' id='word_1_506' title='bbox 1964 1173 2032 1210; x_wconf 77' lang='grc' dir='ltr'>ἀπὸ</span> <span class='ocrx_word' id='word_1_507' title='bbox 2046 1176 2107 1218; x_wconf 70' lang='grc' dir='ltr'>τῆς</span> <span class='ocrx_word' id='word_1_508' title='bbox 2122 1172 2320 1224; x_wconf 72' lang='grc' dir='ltr'>εὐεργεσίας</span> <span class='ocrx_word' id='word_1_509' title='bbox 2336 1176 2397 1219; x_wconf 67' lang='grc' dir='ltr'>τῆς</span> 
     </span>
     <span class='ocr_line' id='line_1_72' title="bbox 1371 1231 2396 1284; baseline 0.004 -17"><span class='ocrx_word' id='word_1_510' title='bbox 1371 1231 1559 1281; x_wconf 81' lang='grc' dir='ltr'>γενομένης</span> <span class='ocrx_word' id='word_1_511' title='bbox 1585 1232 1756 1284; x_wconf 81' lang='grc' dir='ltr'>ἐντρέπων</span> <span class='ocrx_word' id='word_1_512' title='bbox 1779 1233 1879 1270; x_wconf 79' lang='grc' dir='ltr'>αὐτὸν</span> <span class='ocrx_word' id='word_1_513' title='bbox 1902 1232 2018 1282; x_wconf 84' lang='grc' dir='ltr'>μόνον,</span> <span class='ocrx_word' id='word_1_514' title='bbox 2041 1232 2131 1270; x_wconf 83' lang='grc' dir='ltr'>ἀλλὰ</span> <span class='ocrx_word' id='word_1_515' title='bbox 2150 1234 2208 1270; x_wconf 79' lang='grc' dir='ltr'>καὶ</span> <span class='ocrx_word' id='word_1_516' title='bbox 2231 1234 2300 1271; x_wconf 80' lang='grc' dir='ltr'>ἀπὸ</span> <span class='ocrx_word' id='word_1_517' title='bbox 2334 1237 2396 1279; x_wconf 67' lang='grc' dir='ltr'>τῆς</span> 
     </span>
     <span class='ocr_line' id='line_1_73' title="bbox 1373 1291 2396 1345; baseline 0.003 -18"><span class='ocrx_word' id='word_1_518' title='bbox 1373 1291 1566 1339; x_wconf 78' lang='grc' dir='ltr'>μελλούσης</span> <span class='ocrx_word' id='word_1_519' title='bbox 1591 1292 1765 1336; x_wconf 80' lang='grc' dir='ltr'>κολάσεως</span> <span class='ocrx_word' id='word_1_520' title='bbox 1780 1293 1893 1344; x_wconf 67' lang='grc' dir='ltr'>φοὸὦν</span> <span class='ocrx_word' id='word_1_521' title='bbox 1907 1308 1914 1316; x_wconf 91' lang='grc'><em>·</em></span> <span class='ocrx_word' id='word_1_522' title='bbox 1945 1293 2080 1335; x_wconf 80' lang='grc' dir='ltr'>Πάντες</span> <span class='ocrx_word' id='word_1_523' title='bbox 2098 1293 2164 1345; x_wconf 79' lang='grc' dir='ltr'>γὰρ</span> <span class='ocrx_word' id='word_1_524' title='bbox 2177 1323 2186 1339; x_wconf 92' lang='grc'>,</span> <span class='ocrx_word' id='word_1_525' title='bbox 2209 1294 2311 1344; x_wconf 75' lang='grc' dir='ltr'>φησὶ,</span> <span class='ocrx_word' id='word_1_526' title='bbox 2331 1310 2396 1331; x_wconf 82' lang='grc' dir='ltr'>πα·</span> 
     </span>
     <span class='ocr_line' id='line_1_74' title="bbox 1374 1351 2396 1404; baseline 0.003 -17"><span class='ocrx_word' id='word_1_527' title='bbox 1374 1351 1616 1400; x_wconf 84' lang='grc' dir='ltr'>ραστησόμεθα</span> <span class='ocrx_word' id='word_1_528' title='bbox 1631 1355 1680 1404; x_wconf 77' lang='grc' dir='ltr'>τῷ</span> <span class='ocrx_word' id='word_1_529' title='bbox 1693 1353 1826 1402; x_wconf 84' lang='grc' dir='ltr'>βήματι</span> <span class='ocrx_word' id='word_1_530' title='bbox 1838 1356 1897 1390; x_wconf 73' lang='grc' dir='ltr'>τοῦ</span> <span class='ocrx_word' id='word_1_531' title='bbox 1916 1354 2081 1404; x_wconf 70' lang='grc' dir='ltr'>Χριστοῦ.</span> <span class='ocrx_word' id='word_1_532' title='bbox 2099 1352 2302 1403; x_wconf 82' lang='grc' dir='ltr'>Γέγραπται</span> <span class='ocrx_word' id='word_1_533' title='bbox 2317 1353 2396 1404; x_wconf 78' lang='grc' dir='ltr'>γάρ·</span> 
     </span>
     <span class='ocr_line' id='line_1_75' title="bbox 1372 1409 2394 1463; baseline 0.003 -17"><span class='ocrx_word' id='word_1_534' title='bbox 1372 1411 1432 1446; x_wconf 81' lang='grc' dir='ltr'>Ζῶ</span> <span class='ocrx_word' id='word_1_535' title='bbox 1453 1409 1538 1459; x_wconf 78' lang='grc' dir='ltr'>ἐγὼ,</span> <span class='ocrx_word' id='word_1_536' title='bbox 1556 1410 1650 1460; x_wconf 82' lang='grc' dir='ltr'>λέγει</span> <span class='ocrx_word' id='word_1_537' title='bbox 1685 1411 1828 1463; x_wconf 73' lang='grc' dir='ltr'>Κύριος,</span> <span class='ocrx_word' id='word_1_538' title='bbox 1849 1411 1901 1448; x_wconf 76' lang='grc' dir='ltr'>ὅτι</span> <span class='ocrx_word' id='word_1_539' title='bbox 1933 1411 2011 1461; x_wconf 77' lang='grc' dir='ltr'>ἐμοὶ</span> <span class='ocrx_word' id='word_1_540' title='bbox 2039 1411 2173 1462; x_wconf 74' lang='grc' dir='ltr'>κάμψει</span> <span class='ocrx_word' id='word_1_541' title='bbox 2191 1418 2260 1449; x_wconf 80' lang='grc' dir='ltr'>πᾶν</span> <span class='ocrx_word' id='word_1_542' title='bbox 2290 1412 2368 1463; x_wconf 86' lang='grc' dir='ltr'>γόνυ</span> <span class='ocrx_word' id='word_1_543' title='bbox 2383 1441 2394 1459; x_wconf 89' lang='grc'>,</span> 
     </span>
     <span class='ocr_line' id='line_1_76' title="bbox 1371 1465 2396 1524; baseline 0.001 -16"><span class='ocrx_word' id='word_1_544' title='bbox 1371 1469 1431 1508; x_wconf 78' lang='grc' dir='ltr'>καὶ</span> <span class='ocrx_word' id='word_1_545' title='bbox 1450 1477 1546 1508; x_wconf 77' lang='grc' dir='ltr'>πᾶσα</span> <span class='ocrx_word' id='word_1_546' title='bbox 1558 1471 2010 1523; x_wconf 21' lang='grc' dir='ltr'>γλῶσσαῆέξομολογήσεται</span> <span class='ocrx_word' id='word_1_547' title='bbox 2042 1474 2092 1522; x_wconf 74' lang='grc' dir='ltr'>τῷ</span> <span class='ocrx_word' id='word_1_548' title='bbox 2112 1473 2210 1522; x_wconf 81' lang='grc' dir='ltr'>Θεῷ.</span> <span class='ocrx_word' id='word_1_549' title='bbox 2229 1471 2316 1524; x_wconf 83' lang='grc' dir='ltr'>Ἄρα</span> <span class='ocrx_word' id='word_1_550' title='bbox 2338 1465 2396 1509; x_wconf 62' lang='grc' dir='ltr'>οὖν</span> 
     </span>
     <span class='ocr_line' id='line_1_77' title="bbox 1372 1529 2396 1584; baseline 0.005 -18"><span class='ocrx_word' id='word_1_551' title='bbox 1372 1529 1517 1572; x_wconf 81' lang='grc' dir='ltr'>ἕκαστος</span> <span class='ocrx_word' id='word_1_552' title='bbox 1535 1534 1635 1580; x_wconf 75' lang='grc' dir='ltr'>ἡμῶν</span> <span class='ocrx_word' id='word_1_553' title='bbox 1664 1532 1744 1584; x_wconf 77' lang='grc' dir='ltr'>περὶ</span> <span class='ocrx_word' id='word_1_554' title='bbox 1771 1535 1891 1570; x_wconf 71' lang='grc' dir='ltr'>ἑαυτοῦ</span> <span class='ocrx_word' id='word_1_555' title='bbox 1908 1532 2008 1583; x_wconf 85' lang='grc' dir='ltr'>λόγον</span> <span class='ocrx_word' id='word_1_556' title='bbox 2027 1531 2202 1570; x_wconf 71' lang='grc' dir='ltr'>ἀποδώσει</span> <span class='ocrx_word' id='word_1_557' title='bbox 2232 1536 2282 1584; x_wconf 82' lang='grc' dir='ltr'>τῷ</span> <span class='ocrx_word' id='word_1_558' title='bbox 2302 1534 2396 1584; x_wconf 79' lang='grc' dir='ltr'>Θεῷ.</span> 
     </span>
     <span class='ocr_line' id='line_1_78' title="bbox 1371 1585 2397 1639; baseline 0.003 -12"><span class='ocrx_word' id='word_1_559' title='bbox 1371 1585 1473 1634; x_wconf 68' lang='grc' dir='ltr'>Εἷοες</span> <span class='ocrx_word' id='word_1_560' title='bbox 1500 1607 1574 1634; x_wconf 82' lang='grc' dir='ltr'>πως</span> <span class='ocrx_word' id='word_1_561' title='bbox 1593 1591 1698 1629; x_wconf 83' lang='grc' dir='ltr'>πάλιν</span> <span class='ocrx_word' id='word_1_562' title='bbox 1723 1592 1901 1630; x_wconf 88' lang='grc' dir='ltr'>κατασείει</span> <span class='ocrx_word' id='word_1_563' title='bbox 1916 1594 2019 1630; x_wconf 74' lang='grc' dir='ltr'>αὐτοῦ</span> <span class='ocrx_word' id='word_1_564' title='bbox 2034 1592 2097 1639; x_wconf 65' lang='grc' dir='ltr'>τὴν</span> <span class='ocrx_word' id='word_1_565' title='bbox 2117 1591 2268 1630; x_wconf 82' lang='grc' dir='ltr'>διάνοιαν</span> <span class='ocrx_word' id='word_1_566' title='bbox 2288 1594 2397 1631; x_wconf 80' lang='grc' dir='ltr'>δοκῶν</span> 
     </span>
     <span class='ocr_line' id='line_1_79' title="bbox 1372 1649 2398 1726; baseline 0.002 -38"><span class='ocrx_word' id='word_1_567' title='bbox 1372 1649 1624 1697; x_wconf 57' lang='grc' dir='ltr'>ῦέπιπλήττειν</span> <span class='ocrx_word' id='word_1_568' title='bbox 1657 1651 1806 1725; x_wconf 80' lang='grc' dir='ltr'>οατέρι);</span> <span class='ocrx_word' id='word_1_569' title='bbox 1841 1655 2008 1690; x_wconf 76' lang='grc' dir='ltr'>Τοιοῦτον</span> <span class='ocrx_word' id='word_1_570' title='bbox 2040 1653 2107 1726; x_wconf 84' lang='grc' dir='ltr'>γάρ</span> <span class='ocrx_word' id='word_1_571' title='bbox 2128 1668 2162 1689; x_wconf 90' lang='grc' dir='ltr'>τι</span> <span class='ocrx_word' id='word_1_572' title='bbox 2192 1652 2398 1700; x_wconf 82' lang='grc' dir='ltr'>αἰνίττεται,</span> 
     </span>
     <span class='ocr_line' id='line_1_80' title="bbox 1373 1711 2400 1786; baseline 0.002 -38"><span class='ocrx_word' id='word_1_573' title='bbox 1373 1711 1481 1749; x_wconf 86' lang='grc' dir='ltr'>οἱον</span> <span class='ocrx_word' id='word_1_574' title='bbox 1465 1727 1504 1748; x_wconf 90' lang='grc' dir='ltr'>αν</span> <span class='ocrx_word' id='word_1_575' title='bbox 1522 1714 1550 1749; x_wconf 86' lang='grc' dir='ltr'>εἰ</span> <span class='ocrx_word' id='word_1_576' title='bbox 1572 1712 1629 1750; x_wconf 74' lang='grc' dir='ltr'>ἕλε</span> <span class='ocrx_word' id='word_1_577' title='bbox 1615 1728 1688 1763; x_wconf 86' lang='grc' dir='ltr'>εγε,</span> <span class='ocrx_word' id='word_1_578' title='bbox 1718 1713 1752 1750; x_wconf 90' lang='grc' dir='ltr'>τί</span> <span class='ocrx_word' id='word_1_579' title='bbox 1781 1729 1834 1751; x_wconf 92' lang='grc' dir='ltr'>σοι</span> <span class='ocrx_word' id='word_1_580' title='bbox 1867 1713 1987 1763; x_wconf 49' lang='lat' dir='ltr'>giss-sq</span> <span class='ocrx_word' id='word_1_581' title='bbox 2011 1713 2058 1763; x_wconf 89' lang='grc' dir='ltr'>μὴ</span> <span class='ocrx_word' id='word_1_582' title='bbox 2092 1712 2159 1786; x_wconf 79' lang='grc' dir='ltr'>γὰρ</span> <span class='ocrx_word' id='word_1_583' title='bbox 2195 1728 2235 1749; x_wconf 92' lang='grc' dir='ltr'>συ</span> <span class='ocrx_word' id='word_1_584' title='bbox 2262 1713 2400 1763; x_wconf 79' lang='grc' dir='ltr'>μέλλεις</span> 
     </span>
     <span class='ocr_line' id='line_1_81' title="bbox 1373 1772 2397 1823; baseline 0.004 -15"><span class='ocrx_word' id='word_1_585' title='bbox 1373 1775 1459 1823; x_wconf 87' lang='grc' dir='ltr'>υπερ</span> <span class='ocrx_word' id='word_1_586' title='bbox 1485 1789 1589 1810; x_wconf 87' lang='grc' dir='ltr'>αυτου</span> <span class='ocrx_word' id='word_1_587' title='bbox 1618 1774 1845 1821; x_wconf 71' lang='grc' dir='ltr'>κολαζεσθαι,</span> <span class='ocrx_word' id='word_1_588' title='bbox 1879 1774 1971 1811; x_wconf 77' lang='grc' dir='ltr'>Ἀλλ’</span> <span class='ocrx_word' id='word_1_589' title='bbox 1999 1772 2089 1811; x_wconf 89' lang='grc' dir='ltr'>ου’τω</span> <span class='ocrx_word' id='word_1_590' title='bbox 2116 1789 2177 1823; x_wconf 86' lang='grc' dir='ltr'>μεν</span> <span class='ocrx_word' id='word_1_591' title='bbox 2210 1774 2272 1811; x_wconf 76' lang='grc' dir='ltr'>οὐκ</span> <span class='ocrx_word' id='word_1_592' title='bbox 2306 1777 2397 1812; x_wconf 86' lang='grc' dir='ltr'>εἰπε·</span> 
     </span>
     <span class='ocr_line' id='line_1_82' title="bbox 1373 1832 2398 1885; baseline 0.002 -16"><span class='ocrx_word' id='word_1_593' title='bbox 1373 1848 1472 1870; x_wconf 89' lang='grc' dir='ltr'>τουτο</span> <span class='ocrx_word' id='word_1_594' title='bbox 1492 1832 1527 1870; x_wconf 77' lang='grc' dir='ltr'>δὲ</span> <span class='ocrx_word' id='word_1_595' title='bbox 1562 1833 1723 1883; x_wconf 81' lang='grc' dir='ltr'>τνίξατο,</span> <span class='ocrx_word' id='word_1_596' title='bbox 1746 1833 1936 1885; x_wconf 83' lang='grc' dir='ltr'>πραότερον</span> <span class='ocrx_word' id='word_1_597' title='bbox 1958 1833 2041 1871; x_wconf 80' lang='grc' dir='ltr'>αὐτὸ</span> <span class='ocrx_word' id='word_1_598' title='bbox 2070 1833 2157 1880; x_wconf 83' lang='grc' dir='ltr'>θεὶς,</span> <span class='ocrx_word' id='word_1_599' title='bbox 2188 1849 2248 1871; x_wconf 88' lang='grc' dir='ltr'>και</span> <span class='ocrx_word' id='word_1_600' title='bbox 2279 1833 2398 1882; x_wconf 85' lang='grc' dir='ltr'>εἷπων,</span> 
     </span>
     <span class='ocr_line' id='line_1_83' title="bbox 1373 1893 2398 1947; baseline 0 -17"><span class='ocrx_word' id='word_1_601' title='bbox 1373 1893 1511 1936; x_wconf 80' lang='grc' dir='ltr'>Πάντες</span> <span class='ocrx_word' id='word_1_602' title='bbox 1530 1894 1597 1947; x_wconf 76' lang='grc' dir='ltr'>γὰρ</span> <span class='ocrx_word' id='word_1_603' title='bbox 1617 1894 1916 1946; x_wconf 79' lang='grc' dir='ltr'>παραστησόμεθα</span> <span class='ocrx_word' id='word_1_604' title='bbox 1935 1896 1985 1945; x_wconf 79' lang='grc' dir='ltr'>τῷ</span> <span class='ocrx_word' id='word_1_605' title='bbox 2005 1894 2140 1944; x_wconf 77' lang='grc' dir='ltr'>βήματι</span> <span class='ocrx_word' id='word_1_606' title='bbox 2159 1898 2218 1931; x_wconf 79' lang='grc' dir='ltr'>τοῦ</span> <span class='ocrx_word' id='word_1_607' title='bbox 2233 1894 2398 1946; x_wconf 75' lang='grc' dir='ltr'>Χριστοῦ.</span> 
     </span>
     <span class='ocr_line' id='line_1_84' title="bbox 1373 1949 2399 2008; baseline -0.002 -16"><span class='ocrx_word' id='word_1_608' title='bbox 1373 1954 1460 2006; x_wconf 82' lang='grc' dir='ltr'>Ἄρα</span> <span class='ocrx_word' id='word_1_609' title='bbox 1481 1949 1539 1992; x_wconf 67' lang='grc' dir='ltr'>οἶν</span> <span class='ocrx_word' id='word_1_610' title='bbox 1561 1954 1706 1998; x_wconf 78' lang='grc' dir='ltr'>ἕκαστος</span> <span class='ocrx_word' id='word_1_611' title='bbox 1724 1958 1823 2005; x_wconf 78' lang='grc' dir='ltr'>ἡμῶν</span> <span class='ocrx_word' id='word_1_612' title='bbox 1840 1955 1928 2008; x_wconf 79' lang='grc' dir='ltr'>ὑπὲρ</span> <span class='ocrx_word' id='word_1_613' title='bbox 1961 1958 2082 1992; x_wconf 79' lang='grc' dir='ltr'>ἑαυτοῦ</span> <span class='ocrx_word' id='word_1_614' title='bbox 2108 1955 2208 2006; x_wconf 86' lang='grc' dir='ltr'>λόγον</span> <span class='ocrx_word' id='word_1_615' title='bbox 2224 1953 2399 1992; x_wconf 79' lang='grc' dir='ltr'>ἀποδώσει</span> 
     </span>
     <span class='ocr_line' id='line_1_85' title="bbox 1374 2014 2398 2069; baseline -0.001 -17"><span class='ocrx_word' id='word_1_616' title='bbox 1374 2018 1424 2066; x_wconf 79' lang='grc' dir='ltr'>τῷ</span> <span class='ocrx_word' id='word_1_617' title='bbox 1443 2017 1540 2067; x_wconf 77' lang='grc' dir='ltr'>Θεῷ.</span> <span class='ocrx_word' id='word_1_618' title='bbox 1565 2016 1634 2053; x_wconf 83' lang='grc' dir='ltr'>Καὶ</span> <span class='ocrx_word' id='word_1_619' title='bbox 1657 2015 1714 2053; x_wconf 74' lang='grc' dir='ltr'>τὸν</span> <span class='ocrx_word' id='word_1_620' title='bbox 1735 2015 1916 2069; x_wconf 75' lang='grc' dir='ltr'>προφήτην</span> <span class='ocrx_word' id='word_1_621' title='bbox 1937 2016 2101 2065; x_wconf 75' lang='grc' dir='ltr'>εἰσήγαγε</span> <span class='ocrx_word' id='word_1_622' title='bbox 2128 2014 2214 2061; x_wconf 50' lang='grc' dir='ltr'>(τὴν</span> <span class='ocrx_word' id='word_1_623' title='bbox 2236 2014 2398 2052; x_wconf 81' lang='grc' dir='ltr'>ἁπάντων</span> 
     </span>
     <span class='ocr_line' id='line_1_86' title="bbox 1376 2074 2398 2128; baseline -0.002 -15"><span class='ocrx_word' id='word_1_624' title='bbox 1376 2078 1468 2127; x_wconf 78' lang='grc' dir='ltr'>αὐτῷ</span> <span class='ocrx_word' id='word_1_625' title='bbox 1483 2080 1725 2128; x_wconf 77' lang='grc' dir='ltr'>μαρτυροῦντα</span> <span class='ocrx_word' id='word_1_626' title='bbox 1743 2075 1936 2127; x_wconf 76' lang='grc' dir='ltr'>ὑποταγὴν,</span> <span class='ocrx_word' id='word_1_627' title='bbox 1957 2075 2017 2112; x_wconf 76' lang='grc' dir='ltr'>καὶ</span> <span class='ocrx_word' id='word_1_628' title='bbox 2040 2074 2216 2125; x_wconf 79' lang='grc' dir='ltr'>ὑποταγὴν</span> <span class='ocrx_word' id='word_1_629' title='bbox 2234 2077 2398 2113; x_wconf 78' lang='grc' dir='ltr'>ἐπιτετα-</span> 
     </span>
     <span class='ocr_line' id='line_1_87' title="bbox 1377 2135 2398 2187; baseline -0.002 -13"><span class='ocrx_word' id='word_1_630' title='bbox 1377 2136 1483 2186; x_wconf 80' lang='grc' dir='ltr'>μένην</span> <span class='ocrx_word' id='word_1_631' title='bbox 1501 2136 1559 2173; x_wconf 83' lang='grc' dir='ltr'>καὶ</span> <span class='ocrx_word' id='word_1_632' title='bbox 1577 2140 1644 2174; x_wconf 78' lang='grc' dir='ltr'>τῶν</span> <span class='ocrx_word' id='word_1_633' title='bbox 1668 2139 1701 2174; x_wconf 79' lang='grc' dir='ltr'>ἐν</span> <span class='ocrx_word' id='word_1_634' title='bbox 1717 2140 1759 2187; x_wconf 71' lang='grc' dir='ltr'>τῇ</span> <span class='ocrx_word' id='word_1_635' title='bbox 1779 2138 1920 2187; x_wconf 81' lang='grc' dir='ltr'>Παλαιᾷ</span> <span class='ocrx_word' id='word_1_636' title='bbox 1947 2135 2152 2187; x_wconf 84' lang='grc' dir='ltr'>ἀνθρώπων,</span> <span class='ocrx_word' id='word_1_637' title='bbox 2171 2135 2231 2173; x_wconf 82' lang='grc' dir='ltr'>καὶ</span> <span class='ocrx_word' id='word_1_638' title='bbox 2258 2135 2398 2173; x_wconf 84' lang='grc' dir='ltr'>πάντων</span> 
     </span>
     <span class='ocr_line' id='line_1_88' title="bbox 1376 2190 2398 2250; baseline -0.002 -16"><span class='ocrx_word' id='word_1_639' title='bbox 1376 2198 1505 2240; x_wconf 84' lang='grc' dir='ltr'>ἁπλῶς.</span> <span class='ocrx_word' id='word_1_640' title='bbox 1527 2198 1544 2215; x_wconf 80' lang='lat'><em>*</em></span> <span class='ocrx_word' id='word_1_641' title='bbox 1559 2199 1611 2235; x_wconf 81' lang='grc' dir='ltr'>Οὐ</span> <span class='ocrx_word' id='word_1_642' title='bbox 1636 2196 1703 2250; x_wconf 84' lang='grc' dir='ltr'>γὰρ</span> <span class='ocrx_word' id='word_1_643' title='bbox 1723 2198 1842 2240; x_wconf 78' lang='grc' dir='ltr'>ἁπλῶς</span> <span class='ocrx_word' id='word_1_644' title='bbox 1861 2190 1935 2234; x_wconf 62' lang='grc' dir='ltr'>εἶπε</span> <span class='ocrx_word' id='word_1_645' title='bbox 1952 2226 1961 2243; x_wconf 89' lang='grc'>,</span> <span class='ocrx_word' id='word_1_646' title='bbox 1987 2196 2216 2248; x_wconf 81' lang='grc' dir='ltr'>προσκυνήσει</span> <span class='ocrx_word' id='word_1_647' title='bbox 2231 2196 2374 2238; x_wconf 79' lang='grc' dir='ltr'>ἕκαστος</span> <span class='ocrx_word' id='word_1_648' title='bbox 2389 2223 2398 2239; x_wconf 89' lang='grc'>,</span> 
     </span>
     <span class='ocr_line' id='line_1_89' title="bbox 1377 2254 2399 2308; baseline -0.004 -13"><span class='ocrx_word' id='word_1_649' title='bbox 1377 2257 1467 2295; x_wconf 76' lang='grc' dir='ltr'>ἀλλὰ</span> <span class='ocrx_word' id='word_1_650' title='bbox 1488 2258 1548 2295; x_wconf 80' lang='grc' dir='ltr'>καὶ</span> <span class='ocrx_word' id='word_1_651' title='bbox 1567 2257 1902 2308; x_wconf 82' lang='grc' dir='ltr'>Ἔξομολογήσεται,</span> <span class='ocrx_word' id='word_1_652' title='bbox 1922 2257 2110 2305; x_wconf 81' lang='grc' dir='ltr'>τουτέστιν,</span> <span class='ocrx_word' id='word_1_653' title='bbox 2134 2256 2274 2299; x_wconf 76' lang='grc' dir='ltr'>εὐθύνας</span> <span class='ocrx_word' id='word_1_654' title='bbox 2298 2254 2399 2293; x_wconf 82' lang='grc' dir='ltr'>δώσει</span> 
     </span>
     <span class='ocr_line' id='line_1_90' title="bbox 1377 2317 1740 2370; baseline -0.003 -15"><span class='ocrx_word' id='word_1_655' title='bbox 1377 2321 1445 2355; x_wconf 77' lang='grc' dir='ltr'>τῶν</span> <span class='ocrx_word' id='word_1_656' title='bbox 1470 2317 1740 2370; x_wconf 81' lang='grc' dir='ltr'>πεπραγμένων.</span> 
     </span>
    </p>
   </div>
   <div class='ocr_carea' id='block_1_10' title="bbox 1379 2673 2400 2786">
    <p class='ocr_par' dir='ltr' id='par_1_11' title="bbox 1379 2673 2400 2786">
     <span class='ocr_line' id='line_1_91' title="bbox 1432 2673 2400 2725; baseline -0.001 -12"><span class='ocrx_word' id='word_1_657' title='bbox 1432 2675 1520 2713; x_wconf 86' lang='grc' dir='ltr'>Ἔσο</span> <span class='ocrx_word' id='word_1_658' title='bbox 1551 2675 1662 2712; x_wconf 85' lang='grc' dir='ltr'>τοίνυν</span> <span class='ocrx_word' id='word_1_659' title='bbox 1685 2673 1888 2725; x_wconf 79' lang='grc' dir='ltr'>ἐναγώνιος,</span> <span class='ocrx_word' id='word_1_660' title='bbox 1908 2674 1965 2711; x_wconf 76' lang='grc' dir='ltr'>τὸν</span> <span class='ocrx_word' id='word_1_661' title='bbox 1982 2673 2092 2712; x_wconf 85' lang='grc' dir='ltr'>κοινὸν</span> <span class='ocrx_word' id='word_1_662' title='bbox 2112 2673 2292 2721; x_wconf 85' lang='grc' dir='ltr'>Δεσπότην</span> <span class='ocrx_word' id='word_1_663' title='bbox 2312 2676 2400 2725; x_wconf 71' lang='grc' dir='ltr'>ὁρῶν</span> 
     </span>
     <span class='ocr_line' id='line_1_92' title="bbox 1379 2733 2398 2786; baseline -0.003 -12"><span class='ocrx_word' id='word_1_664' title='bbox 1379 2736 1436 2774; x_wconf 77' lang='grc' dir='ltr'>ἐπὶ</span> <span class='ocrx_word' id='word_1_665' title='bbox 1459 2740 1518 2774; x_wconf 75' lang='grc' dir='ltr'>τοῦ</span> <span class='ocrx_word' id='word_1_666' title='bbox 1540 2735 1693 2786; x_wconf 82' lang='grc' dir='ltr'>βήματος</span> <span class='ocrx_word' id='word_1_667' title='bbox 1713 2735 1919 2785; x_wconf 83' lang='grc' dir='ltr'>καθήμενον,</span> <span class='ocrx_word' id='word_1_668' title='bbox 1938 2735 1998 2773; x_wconf 83' lang='grc' dir='ltr'>καὶ</span> <span class='ocrx_word' id='word_1_669' title='bbox 2021 2733 2069 2784; x_wconf 74' lang='grc' dir='ltr'>μὴ</span> <span class='ocrx_word' id='word_1_670' title='bbox 2090 2734 2186 2785; x_wconf 46' lang='grc' dir='ltr'>σήίζε</span> <span class='ocrx_word' id='word_1_671' title='bbox 2204 2734 2263 2771; x_wconf 78' lang='grc' dir='ltr'>καὶ</span> <span class='ocrx_word' id='word_1_672' title='bbox 2284 2734 2398 2785; x_wconf 82' lang='grc' dir='ltr'>με’ριζε</span> 
     </span>
    </p>
   </div>
   <div class='ocr_carea' id='block_1_11' title="bbox 1377 2854 2402 3147">
    <p class='ocr_par' dir='ltr' id='par_1_12' title="bbox 1377 2854 2402 3143">
     <span class='ocr_line' id='line_1_93' title="bbox 1378 2854 2400 2910; baseline -0.005 -14"><span class='ocrx_word' id='word_1_673' title='bbox 1378 2858 1474 2910; x_wconf 79' lang='grc' dir='ltr'>νόμῳ</span> <span class='ocrx_word' id='word_1_674' title='bbox 1493 2856 1734 2909; x_wconf 78' lang='grc' dir='ltr'>προστρέχων·</span> <span class='ocrx_word' id='word_1_675' title='bbox 1757 2856 1816 2893; x_wconf 77' lang='grc' dir='ltr'>καὶ</span> <span class='ocrx_word' id='word_1_676' title='bbox 1843 2855 1909 2906; x_wconf 84' lang='grc' dir='ltr'>γὰρ</span> <span class='ocrx_word' id='word_1_677' title='bbox 1937 2855 1996 2893; x_wconf 82' lang='grc' dir='ltr'>καὶ</span> <span class='ocrx_word' id='word_1_678' title='bbox 2020 2859 2037 2893; x_wconf 85' lang='grc' dir='ltr'><strong><em>ὃ</em></strong></span> <span class='ocrx_word' id='word_1_679' title='bbox 2061 2854 2163 2904; x_wconf 85' lang='grc' dir='ltr'>νόμος</span> <span class='ocrx_word' id='word_1_680' title='bbox 2190 2856 2302 2892; x_wconf 72' lang='grc' dir='ltr'>αὐτοῦ.</span> <span class='ocrx_word' id='word_1_681' title='bbox 2330 2855 2400 2892; x_wconf 83' lang='grc' dir='ltr'>Καὶ</span> 
     </span>
     <span class='ocr_line' id='line_1_94' title="bbox 1378 2914 2401 2992; baseline -0.003 -37"><span class='ocrx_word' id='word_1_682' title='bbox 1378 2918 1412 2955; x_wconf 87' lang='grc' dir='ltr'>τί</span> <span class='ocrx_word' id='word_1_683' title='bbox 1428 2918 1538 2969; x_wconf 80' lang='grc' dir='ltr'>λέγω,</span> <span class='ocrx_word' id='word_1_684' title='bbox 1555 2920 1572 2955; x_wconf 85' lang='grc' dir='ltr'>ὃ</span> <span class='ocrx_word' id='word_1_685' title='bbox 1586 2916 1705 2992; x_wconf 72' lang='grc' dir='ltr'>νόμοςέ</span> <span class='ocrx_word' id='word_1_686' title='bbox 1727 2916 1796 2954; x_wconf 77' lang='grc' dir='ltr'>Καὶ</span> <span class='ocrx_word' id='word_1_687' title='bbox 1818 2918 1847 2953; x_wconf 79' lang='grc' dir='ltr'>οἱ</span> <span class='ocrx_word' id='word_1_688' title='bbox 1865 2919 1898 2953; x_wconf 84' lang='grc' dir='ltr'>ἐν</span> <span class='ocrx_word' id='word_1_689' title='bbox 1924 2917 1972 2966; x_wconf 83' lang='grc' dir='ltr'>τῷ</span> <span class='ocrx_word' id='word_1_690' title='bbox 1997 2915 2114 2967; x_wconf 80' lang='grc' dir='ltr'>νόμῳ,</span> <span class='ocrx_word' id='word_1_691' title='bbox 2129 2914 2189 2952; x_wconf 80' lang='grc' dir='ltr'>καὶ</span> <span class='ocrx_word' id='word_1_692' title='bbox 2207 2917 2237 2952; x_wconf 81' lang='grc' dir='ltr'>οἳ</span> <span class='ocrx_word' id='word_1_693' title='bbox 2256 2915 2324 2965; x_wconf 82' lang='grc' dir='ltr'>πρὸ</span> <span class='ocrx_word' id='word_1_694' title='bbox 2341 2920 2401 2952; x_wconf 73' lang='grc' dir='ltr'>τοῦ</span> 
     </span>
     <span class='ocr_line' id='line_1_95' title="bbox 1377 2974 2402 3029; baseline -0.006 -12"><span class='ocrx_word' id='word_1_695' title='bbox 1377 2979 1495 3029; x_wconf 89' lang='grc' dir='ltr'>νόμου.</span> <span class='ocrx_word' id='word_1_696' title='bbox 1518 2977 1587 3015; x_wconf 84' lang='grc' dir='ltr'>Και</span> <span class='ocrx_word' id='word_1_697' title='bbox 1608 2992 1671 3028; x_wconf 67' lang='grc' dir='ltr'>ουχ</span> <span class='ocrx_word' id='word_1_698' title='bbox 1689 2979 1705 3013; x_wconf 84' lang='grc' dir='ltr'><strong><em>ὃ</em></strong></span> <span class='ocrx_word' id='word_1_699' title='bbox 1720 2975 1823 3026; x_wconf 84' lang='grc' dir='ltr'>νόμος</span> <span class='ocrx_word' id='word_1_700' title='bbox 1840 2991 1879 3013; x_wconf 91' lang='grc' dir='ltr'>σε</span> <span class='ocrx_word' id='word_1_701' title='bbox 1898 2975 2085 3022; x_wconf 83' lang='grc' dir='ltr'>ἀπαιτήσει</span> <span class='ocrx_word' id='word_1_702' title='bbox 2111 2974 2271 3019; x_wconf 78' lang='grc' dir='ltr'>εὐθύνας,</span> <span class='ocrx_word' id='word_1_703' title='bbox 2292 2977 2367 3012; x_wconf 89' lang='grc' dir='ltr'>ἀλ’λ</span> <span class='ocrx_word' id='word_1_704' title='bbox 2385 2978 2402 3012; x_wconf 83' lang='grc' dir='ltr'><em>ὃ</em></span> 
     </span>
     <span class='ocr_line' id='line_1_96' title="bbox 1377 3030 2402 3091; baseline -0.004 -14"><span class='ocrx_word' id='word_1_705' title='bbox 1377 3039 1527 3091; x_wconf 83' lang='grc' dir='ltr'>Χριστὸς</span> <span class='ocrx_word' id='word_1_706' title='bbox 1546 3054 1606 3076; x_wconf 90' lang='grc' dir='ltr'>και</span> <span class='ocrx_word' id='word_1_707' title='bbox 1625 3037 1662 3076; x_wconf 83' lang='grc' dir='ltr'>σὲ</span> <span class='ocrx_word' id='word_1_708' title='bbox 1682 3054 1742 3075; x_wconf 90' lang='grc' dir='ltr'>και</span> <span class='ocrx_word' id='word_1_709' title='bbox 1763 3043 1878 3075; x_wconf 79' lang='grc' dir='ltr'>πᾶσαν</span> <span class='ocrx_word' id='word_1_710' title='bbox 1897 3035 1959 3082; x_wconf 82' lang='grc' dir='ltr'>τὴν</span> <span class='ocrx_word' id='word_1_711' title='bbox 1976 3035 2224 3088; x_wconf 83' lang='grc' dir='ltr'>ἀνθρωπίνην</span> <span class='ocrx_word' id='word_1_712' title='bbox 2211 3035 2322 3074; x_wconf 65' lang='grc' dir='ltr'>φύσιν.</span> <span class='ocrx_word' id='word_1_713' title='bbox 2342 3030 2402 3074; x_wconf 83' lang='grc' dir='ltr'>Εἶ-</span> 
     </span>
     <span class='ocr_line' id='line_1_97' title="bbox 1377 3090 2402 3147; baseline -0.004 -9"><span class='ocrx_word' id='word_1_714' title='bbox 1377 3102 1431 3143; x_wconf 82' lang='grc' dir='ltr'>δες</span> <span class='ocrx_word' id='word_1_715' title='bbox 1447 3103 1522 3143; x_wconf 79' lang='grc' dir='ltr'>πῶς</span> <span class='ocrx_word' id='word_1_716' title='bbox 1541 3100 1574 3136; x_wconf 70' lang='grc' dir='ltr'>ἐς</span> <span class='ocrx_word' id='word_1_717' title='bbox 1559 3098 1677 3142; x_wconf 58' lang='grc' dir='ltr'>ἴθυσε</span> <span class='ocrx_word' id='word_1_718' title='bbox 1707 3113 1765 3135; x_wconf 84' lang='grc' dir='ltr'>του</span> <span class='ocrx_word' id='word_1_719' title='bbox 1787 3097 1892 3147; x_wconf 88' lang='grc' dir='ltr'>νόμου</span> <span class='ocrx_word' id='word_1_720' title='bbox 1919 3111 1977 3133; x_wconf 84' lang='grc' dir='ltr'>τον</span> <span class='ocrx_word' id='word_1_721' title='bbox 1999 3095 2124 3147; x_wconf 68' lang='grc' dir='ltr'>ρόοον5</span> <span class='ocrx_word' id='word_1_722' title='bbox 2146 3090 2254 3143; x_wconf 81' lang='grc' dir='ltr'>Εἶτα,</span> <span class='ocrx_word' id='word_1_723' title='bbox 2273 3096 2330 3134; x_wconf 78' lang='grc' dir='ltr'>ἵνα</span> <span class='ocrx_word' id='word_1_724' title='bbox 2354 3095 2402 3145; x_wconf 86' lang='grc' dir='ltr'>μὴ</span> 
     </span>
    </p>
   </div>
   <div class='ocr_carea' id='block_1_12' title="bbox 1389 3225 2402 3430">
    <p class='ocr_par' dir='ltr' id='par_1_13' title="bbox 1389 3225 2402 3430">
     <span class='ocr_line' id='line_1_98' title="bbox 1438 3225 2402 3276; baseline -0.003 -14"><span class='ocrx_word' id='word_1_725' title='bbox 1438 3235 1451 3248; x_wconf 85' lang='grc'><em>·</em></span> <span class='ocrx_word' id='word_1_726' title='bbox 1477 3230 1580 3276; x_wconf 82' lang='lat' dir='ltr'>[Quae</span> <span class='ocrx_word' id='word_1_727' title='bbox 1597 3236 1791 3272; x_wconf 86' lang='lat' dir='ltr'>sequuntur,</span> <span class='ocrx_word' id='word_1_728' title='bbox 1813 3239 1915 3270; x_wconf 89' lang='lat' dir='ltr'>usque</span> <span class='ocrx_word' id='word_1_729' title='bbox 1938 3225 1981 3259; x_wconf 86' lang='lat' dir='ltr'>ad</span> <span class='ocrx_word' id='word_1_730' title='bbox 1997 3226 2097 3260; x_wconf 70' lang='lat' dir='ltr'>verba</span> <span class='ocrx_word' id='word_1_731' title='bbox 2116 3230 2195 3264; x_wconf 74' lang='grc' dir='ltr'>δίκην</span> <span class='ocrx_word' id='word_1_732' title='bbox 2215 3229 2402 3270; x_wconf 67' lang='grc' dir='ltr'>ὑπόσχωμεν,</span> 
     </span>
     <span class='ocr_line' id='line_1_99' title="bbox 1389 3279 2402 3327; baseline -0.009 -10"><span class='ocrx_word' id='word_1_733' title='bbox 1389 3297 1422 3327; x_wconf 89' lang='lat' dir='ltr'>p.</span> <span class='ocrx_word' id='word_1_734' title='bbox 1442 3286 1518 3321; x_wconf 84' lang='lat'>706,</span> <span class='ocrx_word' id='word_1_735' title='bbox 1537 3284 1575 3323; x_wconf 88' lang='lat' dir='ltr'>E,</span> <span class='ocrx_word' id='word_1_736' title='bbox 1589 3280 1765 3324; x_wconf 82' lang='lat' dir='ltr'>exscripsit</span> <span class='ocrx_word' id='word_1_737' title='bbox 1793 3282 1905 3322; x_wconf 82' lang='lat' dir='ltr'>paucis</span> <span class='ocrx_word' id='word_1_738' title='bbox 1935 3279 2064 3312; x_wconf 83' lang='lat' dir='ltr'>omissis</span> <span class='ocrx_word' id='word_1_739' title='bbox 2080 3290 2268 3323; x_wconf 77' lang='lat' dir='ltr'>anonymus</span> <span class='ocrx_word' id='word_1_740' title='bbox 2285 3286 2402 3309; x_wconf 83' lang='lat' dir='ltr'>auctor</span> 
     </span>
     <span class='ocr_line' id='line_1_100' title="bbox 1390 3329 2401 3374; baseline -0.01 -5"><span class='ocrx_word' id='word_1_741' title='bbox 1390 3333 1542 3368; x_wconf 82' lang='lat' dir='ltr'>Homiliae</span> <span class='ocrx_word' id='word_1_742' title='bbox 1556 3334 1590 3365; x_wconf 88' lang='lat' dir='ltr'>in</span> <span class='ocrx_word' id='word_1_743' title='bbox 1601 3332 1737 3365; x_wconf 83' lang='lat' dir='ltr'>Domini</span> <span class='ocrx_word' id='word_1_744' title='bbox 1751 3331 1942 3371; x_wconf 68' lang='lat' dir='ltr'>adventum,</span> <span class='ocrx_word' id='word_1_745' title='bbox 1955 3332 2041 3363; x_wconf 71' lang='lat' dir='ltr'>inter</span> <span class='ocrx_word' id='word_1_746' title='bbox 2054 3329 2173 3374; x_wconf 84' lang='lat' dir='ltr'>Chrys.</span> <span class='ocrx_word' id='word_1_747' title='bbox 2189 3329 2296 3372; x_wconf 85' lang='lat' dir='ltr'>Opera</span> <span class='ocrx_word' id='word_1_748' title='bbox 2313 3330 2353 3360; x_wconf 87' lang='grc' dir='ltr'>Τ.</span> <span class='ocrx_word' id='word_1_749' title='bbox 2369 3329 2401 3367; x_wconf 84' lang='grc'>8,</span> 
     </span>
     <span class='ocr_line' id='line_1_101' title="bbox 1392 3384 1600 3430; baseline -0.01 -11"><span class='ocrx_word' id='word_1_750' title='bbox 1392 3400 1424 3430; x_wconf 87' lang='lat' dir='ltr'>p.</span> <span class='ocrx_word' id='word_1_751' title='bbox 1444 3389 1520 3425; x_wconf 74' lang='lat'>794,</span> <span class='ocrx_word' id='word_1_752' title='bbox 1541 3384 1600 3429; x_wconf 67' lang='grc' dir='ltr'>Β]</span> 
     </span>
    </p>
   </div>
  </div>
 </body>
</html>
