2466 3805
320 232 409 260 220
791 230 828 259 S.
865 227 1051 258 JOANMS
1085 224 1328 255 CHRYSOST.

313 318 520 369 oportebat,
557 331 638 355 cum
661 316 829 354 sententia
862 315 997 366 prolata
1022 322 1099 351 est:
1123 312 1292 363 quoniam

311 379 481 430 quamdiu
514 378 645 415 Paulus
672 379 822 415 Romam
842 389 911 411 non
935 373 1055 421 venit,
1074 373 1148 410 illic
1180 382 1289 410 erant.

314 440 488 478 Exierunt
501 448 631 483 autem,
650 451 718 474 non
735 435 830 486 quod
847 435 981 472 bellum
1000 434 1163 471 timerent
1179 449 1186 470 :
1201 448 1291 484 quo-

310 500 415 537 modo
431 500 520 536 enim
533 498 742 542 timuissent,
765 496 1097 547 quioppugnaturos
1112 493 1288 532 adibant?

310 560 518 607 Bellumque
529 557 669 594 demum
686 557 833 593 infertur
841 557 917 607 jam
936 555 1084 592 mortuis
1104 555 1287 607 apostolis,

116 629 142 649 ¹·
157 623 294 652 Thess-2·
309 630 341 657 et
359 619 454 669 quod
471 619 513 656 de
527 619 597 655 illis
618 618 754 655 dictum
768 627 839 655 erat
861 617 978 655 evenit
995 633 1003 653 :
1019 619 1205 655 Pervenit
1225 631 1288 655 su-

118 661 162 690 ¹6'
303 695 371 732 per
385 681 473 717 illos
492 682 551 717 ira
569 682 607 716 in
616 680 754 731 finem.
777 679 918 725 Quanto
941 678 1052 729 igitur
1065 678 1288 716 obscuriores

304 750 415 789 erant,
441 749 537 777 tanto
559 739 672 790 magis
694 739 806 790 gratia
824 739 984 790 fulgebat
1003 769 1012 785 ‚
1049 753 1111 790 per
1137 738 1286 790 exiguos

303 817 429 853 magna
450 801 590 839 faciens.
610 801 681 839 Sed
696 801 878 853 superiora
905 809 1117 852 repetamus.
1138 802 1286 838 Horta-

304 865 418 900 batur
433 876 575 908 omnes,
590 862 720 911 inquit,
740 871 782 899 ut
797 869 1067 913 permanerent
1084 864 1126 898 in
1151 862 1286 898 Domi-

305 938 353 960 no
369 940 379 959 .-
399 927 491 975 quia
508 932 591 960 erat
607 925 672 960 vir
691 925 823 960 bonus.
854 922 1009 961 Videtur
1028 922 1118 959 mihi
1152 923 1286 959 bonum

302 985 419 1022 dicere
443 984 655 1035 simplicem,
691 998 761 1021 non
794 984 1015 1033 simulatum,
1049 984 1109 1034 qui
1129 984 1285 1036 proximi

302 1046 452 1083 salutem
470 1045 663 1082 admodum
685 1054 838 1096 cuperet.
859 1046 937 1082 Non
956 1045 1062 1083 modo
1094 1054 1212 1083 autem
1231 1046 1286 1083 vir

302 1108 415 1145 bonus
434 1116 524 1154 erat,
541 1106 601 1144 sed
623 1116 656 1144 et
674 1107 800 1158 plenus
824 1107 960 1158 Spiritu
990 1117 1109 1145 sancto
1141 1117 1174 1145 et
1201 1107 1283 1146 fide.

300 1168 384 1207 Ideo
399 1182 442 1206 ex
458 1168 637 1219 proposito
654 1167 771 1205 cordis
791 1181 910 1204 omnes
925 1167 1144 1216 hortabatur5
1165 1167 1202 1205 id
1219 1178 1285 1217 est,

302 1243 384 1266 cum
409 1229 565 1266 encomio
602 1238 635 1266 et
668 1228 783 1265 laude.
807 1227 852 1265 Et
883 1227 1063 1265 considera
1096 1228 1193 1278 quod
1212 1259 1223 1279 ,
1246 1238 1286 1266 ut

301 1298 393 1327 terra
412 1289 566 1341 pinguis,
599 1303 797 1326 sermonem
818 1288 953 1340 accepit
976 1289 1052 1326 haec
1072 1289 1195 1327 civitas
1209 1319 1220 1338 ,
1252 1299 1285 1327 et

300 1350 456 1387 fructum
492 1350 647 1387 multum
693 1349 869 1386 exhibuit.
907 1350 981 1386 Cur
1019 1359 1137 1387 autem
1171 1351 1285 1388 Tarso

300 1410 450 1447 Saulum
466 1410 648 1448 Barnabas
667 1409 819 1446 abduxit
836 1439 845 1455 ‚
867 1418 900 1446 et
916 1410 987 1447 huc
1003 1409 1156 1448 deduxit
1174 1411 1191 1448 .⁰
1206 1412 1285 1449 Non

300 1470 374 1508 sine
406 1484 511 1508 causa
526 1500 536 1517 ‚
561 1470 622 1508 sed
641 1470 724 1520 quia
752 1469 811 1507 hic
832 1470 923 1507 bona
960 1485 1037 1522 spes
1055 1501 1066 1518 ,
1091 1471 1286 1522 civitasque

300 1532 412 1583 major
426 1541 562 1580 erat,ac
577 1545 703 1582 magna
721 1530 924 1568 multitudo.
942 1531 1113 1571 Vidistin’
1134 1533 1286 1583 gratiam

154 1598 179 1627 A
193 1601 288 1647 parvis
302 1593 419 1630 omnia
441 1593 593 1644 operari,
611 1607 679 1630 non
697 1592 874 1630 Paulum?
888 1601 921 1630 et
931 1592 1109 1642 quomodo
1129 1608 1148 1631 a
1164 1595 1284 1646 parvis

100 1651 190 1709 §tefam
201 1642 288 1710 αξξ
314 1668 357 1691 ·es
375 1663 487 1705 coepta
515 1653 584 1701 sit3
608 1653 672 1690 ubi
709 1662 827 1690 autem
847 1653 1014 1690 inclaruit
1034 1683 1045 1701 ‚
1076 1662 1161 1691 tunc
1191 1655 1284 1692 mitti

99 1723 153 1758 pit.
304 1714 502 1751 Barnabam
521 1713 599 1750 PEt
635 1727 697 1750 cur
726 1727 795 1750 non
827 1722 907 1750 ante
935 1713 1107 1751 miserunt
1145 1714 1284 1753 illum?

301 1776 452 1812 Multam
469 1789 585 1812 rerum
596 1774 641 1812 ad
651 1788 687 1811 se
705 1773 940 1826 spectantium
953 1788 1073 1811 curam
1091 1775 1282 1820 habebant,

300 1850 362 1873 nec
397 1836 564 1874 volebant
599 1835 734 1874 Judaeis
756 1835 946 1872 accusandi
974 1849 1009 1872 se
1034 1835 1152 1873 locum
1181 1837 1280 1886 dare,

299 1899 395 1949 quod
415 1908 533 1950 gentes
553 1898 779 1936 admitterent
798 1914 808 1946 ;
831 1898 893 1935 etsi
912 1898 995 1948 quia
1017 1898 1103 1950 ipsis
1127 1913 1283 1936 necessa-

298 1959 350 1997 1ἰο
370 1960 554 1997 commixti
575 1968 683 2005 erant,
702 1960 785 2009 quia
805 1958 1012 2011 disceptatio
1033 1959 1195 2010 quaedam
1222 1960 1281 1997 fu-

299 2028 379 2056 tura
409 2029 482 2057 erat
515 2020 606 2057 inter
633 2019 724 2066 illos,
753 2019 907 2056 Cornelii
930 2029 1067 2070 gestum
1094 2020 1282 2072 praecessit.

301 2082 403 2117 Tunc
419 2081 522 2117 etiam
537 2080 659 2117 dicunt
675 2095 682 2115 :
704 2081 755 2117 Ut
774 2094 837 2117 nos
857 2080 890 2117 in
908 2089 1041 2130 gentes,
1062 2081 1130 2132 ipsi
1150 2082 1284 2119 veroin

301 2141 614 2178 circumcisionem.
629 2142 676 2179 Et
689 2141 866 2192 perpende
885 2156 990 2190 quam
1008 2143 1214 2193 tempestive
1227 2157 1284 2180 ne-

300 2202 442 2238 cessitas
463 2201 565 2237 famis
592 2200 944 2238 communicationem
964 2201 1064 2237 illam
1097 2202 1255 2252 gentium
1271 2231 1281 2248 ‚

300 2262 343 2299 iis
363 2262 423 2312 qui
443 2261 674 2313 Jerosolymis
693 2270 791 2298 erant
816 2261 974 2304 missam,
995 2261 1190 2299 induxerit.
1215 2265 1284 2300 Ac-

301 2322 437 2374 cipiunt
451 2332 567 2359 autem
580 2322 624 2358 ab
644 2321 727 2369 illis,
750 2321 809 2370 qui
825 2335 906 2369 11011,
928 2322 1019 2358 sicut
1035 2336 1112 2371 1105,
1125 2322 1160 2359 in
1182 2323 1284 2360 luctu

299 2382 513 2419 calamitates
540 2381 712 2430 serebant,
737 2380 797 2418 scd
816 2394 896 2418 cum
927 2381 1051 2432 majori
1071 2382 1255 2419 securitate
1273 2412 1282 2431 ,

297 2453 416 2496 utpote
445 2445 506 2495 qui
542 2444 666 2495 procul
697 2452 807 2481 essent
826 2444 871 2480 ab
895 2443 951 2489 iis,
973 2444 1034 2494 qui
1071 2444 1283 2496 impedirent

296 2505 405 2556 ipsos,
429 2515 461 2543 et
497 2505 589 2542 inter
607 2505 767 2542 homines
787 2513 901 2542 essent
918 2534 927 2551 ‚
952 2505 1014 2554 qui
1031 2519 1099 2542 non
1119 2505 1284 2543 timerent

297 2565 439 2604 Judaeos
463 2582 470 2601 :
492 2565 587 2616 quod
626 2566 743 2616 ipsum
776 2579 845 2602 11011
883 2579 1011 2616 parum
1050 2565 1280 2604 conducebat.

296 2625 367 2663 Sed
384 2626 491 2663 etiam
510 2626 544 2662 iu
567 2626 729 2677 Cyprum
743 2624 943 2675 migrarunt
963 2655 973 2673 ‚
999 2625 1060 2662 ubi
1081 2639 1207 2677 magna
1229 2641 1282 2664 se-

297 2684 428 2721 curitas
451 2693 547 2731 erat,
566 2692 599 2720 ct
630 2684 742 2734 major
760 2683 918 2720 libertas.
941 2684 1112 2732 Remini,
1145 2684 1279 2734 inquit,

297 2745 555 2796 loquebantur
578 2746 752 2789 verbum,
774 2745 850 2780 nisi
865 2744 1025 2780 Judoeis.
1042 2744 1120 2781 Non
1133 2744 1178 2781 ob
1206 2759 1282 2782 me-

293 2813 369 2841 tum
391 2804 593 2852 hominum,
614 2818 720 2853 quem
749 2803 854 2840 nihili
873 2803 1061 2852 faciebant5
1079 2804 1143 2842 sed
1168 2805 1282 2856 legem

294 2875 482 2914 servantes,
497 2875 531 2903 et
545 2865 639 2917 ipsos
658 2865 777 2902 adhuc
788 2864 987 2902 tolerantes.
1007 2867 1139 2903 Erant
1153 2875 1282 2903 autem

294 2928 450 2978 quidam
471 2927 692 2964 Antiochia·
715 2926 851 2975 Cyprii
867 2933 903 2962 et
923 2926 1116 2972 Cyrenoei.
1137 2926 1183 2962 Hi
1205 2940 1281 2963 ma-

294 2988 390 3025 xime
408 3000 475 3025 non
493 2987 664 3025 curabant
683 2988 703 3025 J
708 2985 839 3023 udaeos.
868 2987 942 3035 Qui
958 2987 1215 3037 loquebantur
1229 2989 1283 3024 ad

299 3050 466 3095 Graecos,
490 3050 771 3086 annuntiantes
788 3047 998 3084 Dominum
1012 3048 1157 3085 Jesum.
1189 3049 1279 3086 For-

296 3108 394 3145 tassis
413 3108 509 3159 quod
536 3107 709 3145 nescirent
729 3106 912 3152 Hebraice,
936 3106 1081 3144 Graecos
1109 3107 1190 3145 illos
1218 3122 1280 3146 vo-

296 3169 432 3206 cabant.
453 3171 548 3207 Cum
568 3171 738 3206 venisset
754 3197 764 3216 ,
783 3166 909 3217 inquit,
926 3168 1145 3214 Barnabas,
1165 3178 1198 3205 ec
1217 3172 1278 3206 vi-

296 3231 408 3268 disset
421 3233 590 3282 gratiam
613 3231 701 3275 Dei‚
729 3242 797 3266 non
813 3227 1035 3280 diligentiam
1060 3228 1247 3266 hominum
1262 3259 1274 3279 ,

339 3374 349 3387 ¹⁷·
368 3367 419 3404 ⁰35<
437 3368 534 3400 ἁπλῶς
549 3374 554 3379 “
575 3369 698 3397 ἐνταῦθα
716 3369 771 3407 γάρ
795 3368 842 3396 καὶ
859 3366 986 3403 ἑὶπέόες,
1006 3363 1051 3394 sic
1069 3363 1217 3405 quid-tm.

1366 225 1571 256 ARCHIEP.
1610 227 1696 257 CON
1703 228 1953 258 STANTINOP
1961 248 1971 259 .

1364 314 1412 364 μὴ
1442 316 1632 364 ἀνέὸαινεν,
1668 319 1738 355 ἐκεῖ
1767 312 1868 364 ἦσαν.
1897 317 2120 370 Ἐξέρχονται
2160 318 2193 366 ὲ,
2224 317 2300 369 οὐχὶ
2321 316 2379 354 τὸν

1362 375 1513 427 πόλεμον
1532 378 1735 422 δεδοικότες·
1755 382 1829 422 πῶς
1847 379 1914 430 γὰρ
1926 408 1935 426 ,
1955 379 1989 417 οἵ
2008 395 2046 431 γε
2065 380 2149 432 πρὸς
2176 378 2254 421 τοὺς
2278 379 2381 415 πολε-

1364 442 1439 485 μεῖν
1471 437 1660 487 μέλλοντας
1689 439 1868 490 ἀπῄεσαν,
1889 440 1958 477 Καὶ
1975 443 1992 477 ὅ
2009 439 2158 490 πόλεμος
2185 438 2221 477 δὲ
2247 438 2380 489 γίνεται

1361 497 1480 535 λοιπὸν
1503 499 1783 545 τελευτησάντων
1801 502 1868 537 τῶν
1889 500 2103 548 ἀποστόλων,
2129 501 2189 538 καὶ
2214 499 2322 551 πέρας
2340 497 2380 535 τὸ

1361 558 1440 609 περὶ
1462 559 1573 596 αὐτῶν
1597 560 1696 612 ῥηθὲν
1715 560 1903 610 λαμὸάνει·
1930 559 2105 612 Ἔφθασεν
2136 563 2189 598 ἐπ’
2212 560 2334 603 αὐτοὺς
2355 563 2376 606 ἡ

1360 621 1444 674 ὀργὴ
1465 623 1513 663 εἷς
1530 621 1637 664 τέλος.
1663 621 1766 674 ςὈσῳ
1787 622 1998 674 ἀσημότεροι
2027 618 2083 660 οῧν
2102 617 2204 669 ἦσαν,
2224 621 2378 673 τοσούτῳ

1362 684 1492 732 μᾶλλον
1524 682 1679 733 ἔλαμπεν
1704 687 1725 730 ἦ
1747 684 1867 735 χάρις,
1903 683 1959 721 διὰ
1998 685 2131 734 μικρῶν
2165 682 2377 734 ἐργαζομένη

1360 743 1506 794 μεγάλα.
1522 742 1612 781 Ἀλλ’
1631 743 1758 793 ἴδωμεν
1775 745 1904 782 ἄνωθεν
1920 744 1963 782 τὰ
1979 744 2155 797 εἰρημένα.
2174 743 2377 793 Παρεκάλει

1359 804 1510 851 πάντας,
1539 805 1644 855 φησὶ,
1672 805 1878 856 προσμένειν
1902 808 1952 857 τῷ
1978 805 2118 858 Κυρίῳ,
2149 804 2202 842 ὅτι
2227 798 2268 850 ἦν
2291 804 2378 855 ἀνὴρ

1360 865 1497 917 ἀγαθός.
1516 865 1621 915 Ἐμοὶ
1641 868 1733 904 δοκεῖ
1750 867 1876 917 ἀγαθὸν
1893 870 1951 903 νῦν
1969 866 2026 904 τὸν
2048 867 2157 917 ἀφελῆ
2175 865 2300 916 λέγειν,
2320 864 2387 902 τὸν

1360 926 1549 974 ἄπλαστον,
1568 927 1625 964 τὸν
1646 928 1777 980 σφόδρα
1805 931 1867 973 τῆς
1885 931 1953 965 τῶν
1973 926 2119 973 πλησίον
2146 928 2378 975 ἐπιθυμοῦντα

1359 987 1545 1039 σωτηρίας.
1573 989 1625 1025 Οὐ
1653 988 1754 1038 μόνον
1775 988 1810 1025 δὲ
1839 983 1879 1034 ἦν
1910 987 1996 1039 ἀνὴρ
2022 986 2168 1038 ἀγαθὸς,
2199 985 2289 1023 ἀλλὰ
2318 985 2379 1024 καὶ

1357 1048 1493 1100 πλήρης
1520 1048 1723 1099 Πνεύματος
1751 1048 1848 1099 ἁγίου
1875 1048 1934 1086 καὶ
1963 1048 2124 1091 πίστεως.
2155 1047 2217 1084 Διὸ
2243 1046 2303 1084 καὶ
2333 1049 2377 1097 τῇ

1358 1109 1518 1161 προθέσει
1540 1112 1601 1155 τῆς
1623 1108 1766 1159 καρδίας
1794 1109 1987 1160 παρεκάλει
2017 1108 2168 1150 πάντας·
2198 1106 2378 1153 τουτέστι,

1360 1169 1448 1219 μετὰ
1467 1169 1640 1220 ἓγκωμίου
1661 1170 1720 1207 καὶ
1739 1170 1890 1207 ἐπαίνου.
1920 1170 1988 1207 Καὶ
2008 1168 2154 1215 σκόπει,
2177 1171 2250 1211 πῶς
2269 1167 2378 1205 καθά·

1358 1245 1423 1282 περ
1443 1233 1487 1281 γῆ
1504 1230 1638 1283 λιπαρὰ
1659 1231 1715 1268 τὸν
1734 1232 1834 1282 λόγον
1858 1230 1994 1274 ἐδέξατο
2011 1233 2032 1275 ἡ
2060 1229 2159 1271 πόλις
2183 1228 2270 1275 αὕτη
2283 1259 2293 1276 ,
2318 1228 2378 1266 καὶ

1358 1290 1464 1328 πολὺν
1481 1292 1537 1329 τὸν
1572 1291 1704 1343 καρπον
1729 1291 1944 1335 ἀπεδείξατο.
1968 1291 2035 1328 Διὰ
2054 1290 2087 1327 τί
2109 1290 2143 1327 δὲ
2158 1293 2221 1335 τῆς
2236 1292 2378 1342 Ταρσοῦ

1359 1352 1460 1389 αὐτὸν
1494 1352 1688 1398 ἀπέστησεν
1716 1356 1733 1390 ὃ
1758 1352 1944 1403 Βαρνάῧας
1963 1352 2022 1389 καὶ
2053 1353 2197 1389 ἐνταῦθα
2230 1350 2378 1402 ἤγαγεν,

1357 1415 1462 1464 δθῦχ
1481 1414 1599 1457 ἁπλῶς
1613 1430 1620 1436 ·
1643 1416 1718 1452 ἀλλ’
1741 1414 1792 1452 ὅτι
1813 1417 1958 1452 ἐνταῦθα
1978 1413 2037 1451 καὶ
2057 1413 2192 1455 ἐλπίδες
2210 1412 2378 1465 χρησταὶ,

1358 1474 1417 1511 καὶ
1432 1474 1556 1523 μείζων
1573 1478 1594 1520 ἡ
1615 1475 1731 1522 πόλις,
1749 1476 1807 1513 καὶ
1823 1475 1910 1513 πολὺ
1924 1475 1964 1513 τὸ
1978 1476 2121 1521 πλῆθος.
2145 1469 2245 1517 Εἶδες
2263 1474 2378 1512 πάντα

1357 1534 1417 1581 τὴν
1437 1535 1539 1587 χάριν
1561 1536 1804 1586 ἐργαζομένη-ι,
1826 1538 1863 1573 οὐ
1885 1537 2043 1573 Παῦλον·
2067 1535 2126 1572 καὶ
2140 1539 2214 1577 πῶς
2238 1534 2294 1572 διὰ
2308 1538 2376 1572 τῶν

1359 1600 1490 1648 μικρῶν
1509 1597 1549 1634 τὸ
1569 1605 1717 1647 πρᾶγμα
1740 1596 1851 1648 ἀρχὴν
1870 1596 2006 1643 ἔλαὸεν,
2031 1595 2047 1615 ¹³
2061 1596 2117 1634 ὅτε
2137 1595 2173 1633 δὲ
2193 1595 2378 1648 περιφανὲς

1357 1657 1491 1708 γέγονε,
1512 1657 1590 1695 τότε
1607 1658 1790 1709 Βαρνάέαν
1811 1657 2009 1706 πέμπουσι,
2027 1657 2097 1695 Καὶ
2117 1658 2173 1695 διὰ
2191 1657 2224 1693 τί
2245 1657 2293 1707 μὴ
2311 1657 2379 1708 πρὸ

1355 1717 1474 1755 τούτου
1491 1717 1650 1768 ἔπεμψαν
1667 1718 1786 1764 αὐτόν,
1799 1717 1940 1763 Πολλὴν
1956 1721 2023 1755 τῶν
2041 1719 2118 1755 καθ’
2139 1717 2280 1761 ἑαυτοὺς
2293 1717 2378 1769 πρό-

1356 1794 1451 1815 νοιαν
1476 1779 1675 1825 ἐποιοῦντο,
1700 1779 1758 1816 καὶ
1785 1781 1846 1816 οὐκ
1872 1778 2052 1816 {gavamm
2081 1779 2240 1829 ἐγκαλεῖν
2262 1781 2377 1822 αὐτοῖς

1357 1838 1566 1887 Ἰουδαίους,
1597 1839 1650 1877 ὅτι
1671 1839 1958 1891 προσελάμῖἱάνον
1981 1838 2025 1876 τὰ
2052 1839 2150 1886 ἔθνη·
2176 1839 2291 1877 καίτοι
2321 1839 2378 1877 διὰ

1356 1899 1395 1938 τὸ
1427 1900 1675 1952 ἀπαραιτήτως
1704 1903 1819 1944 αὐτοῖς
1850 1901 2115 1951 ἐπιμίγνυσθαι,
2149 1900 2224 1937 ἐπεὶ
2252 1900 2378 1950 ἔμελλέ

1357 1977 1408 2005 τις
1429 1962 1690 2014 ἀμφισῗήτ·ησις
1705 1962 1857 2012 γίνεσθαι
1873 1964 1954 2013 παρ’
1977 1963 2102 2007 αὐτῶν,
2121 1961 2165 1999 τὰ
2179 1961 2270 1999 κατὰ
2286 1964 2377 2012 Κορ-

1357 2023 1473 2069 νήλιον
1497 2022 1686 2075 προύλαὸε.
1710 2022 1800 2061 Τότε
1819 2026 1900 2074 γοῦν
1926 2022 1985 2060 καὶ
2005 2022 2162 2072 λέγουσιν
2176 2038 2183 2045 ·
2201 2021 2257 2060 ἵνα
2276 2026 2377 2072 ἡμεῖς

1359 2086 1405 2127 εἷς
1423 2083 1467 2121 τὰ
1487 2084 1587 2131 ἔθνη,
1608 2083 1704 2121 αὐτοὶ
1720 2083 1754 2121 δὲ
1771 2086 1818 2127 εἷς
1837 2083 1899 2130 τὴν
1918 2083 2123 2135 περιτομήν.
2146 2083 2215 2120 Καὶ
2235 2084 2377 2131 σκόπει,

1357 2147 1431 2187 πῶς
1450 2144 1616 2195 εὐκαίρως
1633 2147 1654 2189 ἦ
1677 2144 1809 2195 ἀνάγκη
1836 2150 1894 2183 τοῦ
1914 2147 2017 2194 λιμοῦ
2037 2143 2199 2195 εἰσήγαγε
2221 2144 2283 2190 τὴν
2305 2161 2378 2183 κοι-

1357 2203 1480 2240 νωνίαν
1500 2203 1561 2249 τὴν
1582 2205 1650 2241 ἀπὸ
1669 2208 1737 2241 τῶν
1758 2207 1862 2242 ἐθνῶν
1881 2205 1943 2251 τὴν
1961 2206 2045 2256 πρὸς
2064 2205 2141 2249 τοὺς
2169 2208 2202 2244 ἐν
2228 2205 2377 2258 Ἱεροσο-

1357 2263 1479 2312 λύμοις
1497 2267 1725 2314 πεμφθεῖσαν.
1749 2264 1918 2316 Δέχονται
1935 2265 2001 2318 γὰρ
2025 2265 2069 2303 τὰ
2093 2266 2178 2318 παρ’
2195 2269 2320 2314 αὐτῶν,
2345 2266 2378 2306 οἳ

1357 2323 1416 2360 καὶ
1435 2325 1491 2369 οὐ,
1511 2323 1668 2374 καθάπερ
1687 2327 1787 2373 ἡμεῖς
1803 2326 1837 2360 ἓν
1859 2325 1992 2374 Θρήνοις
2014 2325 2075 2367 τὰς
2097 2327 2276 2378 συμφορὰς
2296 2327 2377 2365 διά*

1355 2397 1475 2432 γομεν,
1505 2382 1596 2419 οὕτω
1626 2383 1736 2428 δήπου
1767 2384 1826 2421 καὶ
1854 2379 1963 2422 οἷτοι·
1984 2385 2073 2422 ἀλλὰ
2101 2386 2189 2435 μετὰ
2220 2387 2377 2431 πλείονος

1356 2442 1472 2485 ἀδείας
1492 2444 1620 2493 διῆγον,
1647 2444 1707 2481 ἅτε
1724 2445 1842 2496 πόρῥω
1867 2445 2042 2495 γενόμενοι
2073 2449 2141 2483 τῶν
2173 2447 2375 2485 κωλυόντων

1356 2502 1494 2549 αὐτοὺς,
1517 2504 1575 2540 καὶ
1592 2507 1625 2541 ἐν
1647 2505 1838 2556 ἀνΟρώποις
1857 2506 1948 2548 ὄντες
1971 2507 2007 2543 οὐ
2027 2507 2281 2558 πεφοὲημένοις
2298 2507 2376 2552 τοὺς

1355 2564 1558 2607 Ἰουδαίους·
1577 2565 1594 2602 ὃ
1617 2565 1676 2602 καὶ
1700 2566 1782 2603 αὐτὸ
1803 2566 2030 2604 ‹tovegal-Cnseo
2049 2569 2085 2604 οὐ
2108 2567 2244 2619 μικρόν.
2270 2568 2375 2606 Ἀλλὰ

1354 2623 1413 2662 καὶ
1437 2625 1484 2667 εἷς
1502 2624 1644 2677 Κύπρον
1675 2625 1856 2677 ἀφίκοντο,
1884 2625 1969 2664 ὅπου
1998 2627 2084 2665 πολὺ
2111 2630 2172 2677 μὲν
2199 2629 2238 2666 τὸ
2258 2628 2374 2678 ἀδεὲς,

1354 2685 1481 2722 πλείων
1503 2684 1537 2722 δὲ
1557 2688 1577 2730 ἡ
1605 2686 1804 2736 ἀμεριμνία.
1825 2688 1952 2725 ῧῦδενὶ
1973 2688 2007 2725 δὲ
2027 2689 2083 2725 τὸν
2114 2689 2228 2740 λόγον,
2258 2691 2373 2741 φησὶν,

1354 2746 1383 2782 εἰ
1401 2744 1447 2794 μὴ
1465 2744 1642 2788 Ἰουδαίοις
1663 2747 1817 2784 ἐλάλουν.
1848 2749 1900 2785 Οὐ
1929 2747 1986 2785 διὰ
2010 2748 2067 2785 τὸν
2091 2750 2159 2785 τῶν
2182 2749 2372 2801 ἀνθρώπων

1354 2806 1470 2857 φόδον,
1489 2805 1525 2842 ὃν
1542 2805 1636 2844 οὐδὲν
1655 2810 1820 2858 ἡγοῦντο,
1836 2813 1937 2845 τοῦτο
1963 2808 2117 2846 ἐποίουν·
2136 2809 2226 2846 ἀλλὰ
2242 2811 2298 2848 τὸν
2318 2811 2373 2849 νό-

1355 2882 1416 2916 μον
1434 2870 1614 2917 τηροῧντες
1639 2867 1696 2904 καὶ
1729 2867 1849 2911 αὐτοὺς
1869 2868 1920 2905 ἔτι
1939 2868 2236 2912 διαέαστάζοντες.
2255 2863 2373 2909 ὟΗσαν

1353 2927 1390 2965 δέ
1405 2943 1492 2969 τινες
1516 2929 1548 2964 ἐν
1570 2927 1758 2978 Ἀντιοχείᾳ
1779 2928 1929 2979 Κύπριοι
1949 2928 2007 2965 καὶ
2034 2931 2234 2979 Κυρηναῖοι.
2264 2925 2372 2969 Οῧτοι

1353 2988 1507 3038 μάλιστα
1539 2989 1599 3024 οὐκ
1621 2987 1814 3038 ἐφρόντιζον
1849 2988 2037 3026 Ἰουδαίων.
2059 2989 2196 3034 Οῗτινες
2228 2991 2371 3029 ἐλάλουν

1350 3048 1435 3100 πρὸς
1463 3047 1539 3090 τοὺς
1569 3047 1821 3096 Ἑλληνιστὰς,
1843 3050 2140 3101 εὐαγγελιζόμενοι
2169 3052 2226 3090 τὸν
2248 3053 2371 3104 Κύριον

1350 3109 1498 3154 Ἰησοῦν.
1521 3108 1622 3151 Ἴσως
1640 3108 1696 3146 διὰ
1709 3109 1748 3146 τὸ
1765 3108 1812 3159 μὴ
1829 3110 1953 3147 εἰδέναι
1979 3110 2157 3161 ἑδραϊστὶ,
2197 3111 2373 3159 εΈλληνας

1351 3167 1472 3211 αὐτοὺς
1488 3169 1645 3206 ἐκάλουν.
1665 3169 1952 3221 Παραγενόμενος
1970 3170 2004 3208 δὲ
2017 3202 2025 3218 ,
2047 3173 2129 3224 φησὶ
2144 3203 2153 3220 ,
2173 3173 2370 3225 Βαρνάὸας,

1350 3229 1409 3266 καὶ
1430 3227 1509 3266 ἰδὼν
1531 3228 1594 3275 τὴν
1613 3228 1716 3281 χάριν
1732 3234 1790 3268 τοῧ
1807 3233 1916 3270 Θεοῦ·
1945 3232 2023 3283 οὐχὶ
2042 3232 2105 3278 τὴν
2124 3233 2274 3280 σπουδὴν
2298 3236 2366 3271 τῶν

1408 3365 1423 3388 b
1441 3365 1502 3395 Par
1520 3363 1572 3395 hic
1601 3363 1773 3396 diversitas
1790 3366 1935 3396 occurrit
1961 3367 1993 3397 in
2017 3374 2202 3399 memorato
2227 3367 2362 3400 Codice.
