2466 3805
54 1269 125 1297 Gal,
140 1267 170 1297 5.
184 1276 233 1296 22.

262 187 314 232 16

251 283 370 334 digna.
388 288 431 322 At
452 299 533 322 cun]
558 294 732 337 oporteret
758 285 924 337 gaudere,
947 285 1090 322 choreas
1111 295 1226 332 agere,

250 345 377 393 letari,
397 346 570 394 coronari,
588 361 670 384 cum
688 347 866 398 quispiam
885 346 1068 391 initiatur3
1087 341 1229 393 quando

251 406 373 456 aegroti
395 421 487 444 uxor
506 406 620 453 audit,
640 406 678 443 id
699 421 720 444 a
739 406 877 443 medico
908 413 1081 442 statutum
1104 402 1226 451 fuisse,

250 468 351 515 quasi
367 467 403 504 in
419 480 547 518 magno
567 467 761 504 infortunio
775 466 925 517 plangit,
943 473 975 502 et
989 465 1203 501 lamentatur
1219 477 1227 498 ε

250 527 334 564 hinc
355 527 506 578 gemitus
533 536 567 564 et
592 527 743 577 ejulatus
762 540 824 578 per
843 535 951 563 totam
967 525 1126 573 domum,
1140 538 1182 562 ac
1199 523 1229 562 si

249 586 435 624 damnatus
452 586 629 638 quispiam
646 585 691 623 ad
706 600 825 623 necem
842 586 1043 623 duceretur.
1060 586 1126 623 Ille
1141 599 1229 635 quo-

249 661 315 696 que
340 657 424 684 tunc
447 647 560 697 magis
580 646 686 695 dolet,
705 656 739 684 et
757 646 787 685 si
805 661 825 684 a
845 647 970 684 morbo
991 647 1224 696 convalescat,

247 707 389 758 gravius
399 707 588 755 cruciatur,
596 721 636 744 ac
645 707 675 745 si
689 721 817 759 magno
828 708 973 746 affectus
985 717 1073 746 esset
1085 708 1225 745 damno.

247 767 340 813 Quia
360 768 453 805 enim
479 782 550 805 non
569 778 642 806 erat
662 769 709 806 ad
730 769 901 807 virtutem
919 778 1152 821 praeparatus,
1168 783 1226 807 se-

246 829 362 879 gniter
374 829 448 880 agit
462 829 641 882 deinceps,
658 839 691 868 et
711 831 903 868 certamina
916 831 1058 883 refugit.
1078 831 1225 879 Viden’,

245 900 395 940 quantas
413 892 596 929 machinas
620 892 785 930 diabolus
808 902 967 944 apparet,
984 901 1157 944 quantum
1173 893 1227 930 ri—

245 964 336 1000 sum,
352 962 524 1002 quantum
541 952 834 991 ludibriumE’Ab
850 954 917 991 hoc
933 954 1051 1004 itaque
1069 953 1228 991 ludibrio

244 1027 307 1051 nos
331 1014 596 1051 subducamus:
613 1015 778 1053 vivamus
797 1023 835 1052 ut
856 1015 1026 1067 praecepit
1051 1015 1225 1052 Christus.

244 1074 327 1112 Ideo
349 1075 527 1127 baptisma
548 1075 661 1123 dedit,
684 1090 754 1113 non
777 1085 816 1113 ut
836 1076 954 1113 statim
978 1075 1225 1125 abscedamus,

244 1135 306 1173 sed
330 1145 369 1173 ut
387 1146 465 1188 post
481 1137 702 1188 baptismum
722 1137 882 1175 vix-entes
904 1137 1041 1174 fructus
1068 1138 1227 1187 profera—

245 1211 337 1234 mus.
364 1198 552 1243 Quomodo
576 1199 732 1245 aheunti,
758 1207 790 1236 et
819 1198 937 1236 exciso
965 1198 1072 1245 dices,
1091 1198 1227 1236 Fructi-

246 1257 337 1294 fica?
354 1271 423 1294 non
442 1258 589 1307 audisti,
609 1258 705 1308 quod
721 1260 888 1296 Fructus
904 1258 1067 1309 Spiritus
1082 1262 1145 1305 sit,
1161 1273 1227 1296 ca-

244 1320 354 1365 ritas,
370 1320 570 1370 gaudium,
586 1323 691 1370 pax?
713 1319 902 1367 Quomodo
922 1319 1034 1370 igitur
1052 1319 1227 1375 contraria

244 1378 436 1416 eveniunt?
457 1379 599 1416 Etenim
626 1393 717 1416 uxor
734 1379 850 1417 adstat
870 1379 1009 1431 lugens,
1035 1394 1116 1418 cum
1136 1394 1227 1431 gau-

243 1438 327 1476 dere
348 1448 548 1491 oporteret;
569 1440 673 1477 liberi
695 1441 848 1492 plorant,
864 1455 945 1478 cum
966 1441 1137 1493 gratulari
1162 1456 1227 1493 par

245 1509 333 1537 esset
353 1515 361 1536 :
382 1499 411 1537 is
430 1500 506 1552 ipse
532 1501 595 1551 qui
615 1501 708 1552 jacet
730 1502 992 1552 obtenebratus,
1013 1502 1170 1539 tumultu
1187 1517 1227 1540 ac

244 1562 510 1614 perturbatione
538 1564 662 1615 plenus
693 1573 765 1613 est,
788 1578 870 1602 cum
897 1574 1075 1616 oporteret
1098 1566 1227 1602 festum

245 1638 364 1675 agere3
387 1625 423 1662 in
447 1638 598 1662 moerore
621 1634 727 1673 totus,
751 1625 846 1675 quod
869 1626 964 1663 filios
989 1626 1092 1664 orbos
1113 1627 1226 1664 relin-

244 1696 346 1736 quat,
373 1701 522 1724 uxorem
546 1686 719 1735 viduam,
742 1687 889 1726 domum
914 1688 1103 1726 desertam.
1133 1691 1228 1727 Num

244 1748 308 1796 sic,
325 1763 456 1799 quaeso,
477 1748 658 1786 acceditur
676 1749 718 1787 ad
734 1750 928 1801 mysteria?
946 1764 1031 1787 num
1044 1750 1095 1788 sic
1106 1751 1229 1788 aditur

244 1824 342 1847 sacra
362 1811 507 1848 mensa?
523 1810 676 1849 haeccine
691 1811 860 1849 ferenda?
877 1813 916 1851 Si
936 1814 1134 1864 Imperator
1145 1814 1230 1852 mis-

245 1871 292 1908 sis
315 1871 445 1909 litteris
467 1871 604 1909 vinctos
625 1872 661 1908 in
684 1886 822 1909 carcere
844 1873 969 1921 solvat,
990 1873 1161 1923 gaudium
1180 1884 1230 1912 est

244 1944 284 1968 ac
303 1931 427 1968 laetitia
451 1947 458 1967 :
483 1933 579 1969 Deus
600 1941 719 1969 autem
736 1933 848 1970 mittit
867 1934 1044 1985 Spiritum
1057 1934 1102 1972 de
1118 1936 1228 1985 caelis,

244 2006 314 2030 uon
331 1993 491 2044 pecuniae
516 1993 695 2044 reliquias,
716 1993 777 2031 sed
798 1995 965 2033 universa
986 2005 1129 2047 peccata
1146 2011 1231 2035 con-

246 2053 394 2101 donans,
414 2068 604 2104 omnesque
631 2054 761 2105 lugetis
790 2064 823 2092 et
853 2054 1110 2106 ingemiscitis?
1142 2058 1231 2103 Quae

249 2123 299 2151 est
324 2113 402 2151 haec
432 2114 676 2164 inaequalitas?
704 2115 875 2153 Nondum
904 2116 997 2153 enim
1019 2117 1118 2166 dico,
1137 2117 1232 2167 quod

248 2174 396 2217 mortuis
418 2173 534 2211 infusa
563 2174 609 2211 sit
629 2188 734 2224 aqua,
754 2184 787 2212 et
808 2175 905 2225 quod
934 2185 1052 2213 sancta
1075 2179 1234 2229 projecta

248 2235 318 2272 sint
337 2234 373 2272 in
391 2243 520 2272 terram
539 2250 546 2270 :
563 2248 632 2272 non
649 2235 743 2272 enim
760 2249 823 2272 nos
844 2235 880 2272 in
896 2249 1000 2273 causa
1016 2250 1151 2283 sumus,
1173 2238 1234 2275 sed

249 2295 379 2346 ingrati
396 2294 556 2345 quidam.
578 2294 732 2332 Proinde
754 2309 851 2346 rogo,
873 2305 914 2332 ut
940 2296 1104 2334 omnibus
1125 2298 1234 2336 omis-

249 2355 296 2393 sis
309 2355 539 2406 nosmetipsos
559 2364 819 2403 convertamus,
840 2364 873 2392 et
893 2369 974 2392 cum
992 2357 1087 2393 omni
1104 2358 1235 2395 alacri—

248 2426 320 2454 tate
332 2416 379 2453 ad
391 2416 611 2467 baptismum
626 2416 854 2465 accedamus3
868 2425 907 2453 ut
922 2431 1002 2454 cum
1017 2417 1051 2454 in
1068 2419 1232 2469 praesenti

250 2479 325 2516 vita
343 2493 509 2530 magnam
531 2478 800 2516 exhibuerimus
820 2477 1056 2529 diligentiam,
1078 2480 1236 2518 futuram

252 2553 506 2589 consequamur
525 2538 697 2576 fiduciam
719 2554 726 2574 ε
752 2553 859 2588 quam
877 2553 939 2576 nos
963 2553 1081 2577 omnes
1098 2541 1235 2591 assequi

253 2599 434 2650 contingat
453 2599 566 2650 gratia
581 2608 614 2636 ct
633 2598 853 2650 benignitate
866 2599 1012 2636 Domini
1029 2601 1138 2638 nostri
1153 2603 1237 2640 Jesu

253 2660 401 2706 Christi,
421 2659 479 2697 cui
497 2660 611 2711 gloria
629 2669 662 2698 et
678 2660 869 2712 imperium
888 2659 925 2697 in
939 2660 1067 2698 saecula
1089 2662 1236 2700 saeculo-

253 2735 347 2758 rum.
369 2723 495 2759 Amen.

709 205 729 235 S
739 225 747 235 ·
787 204 971 236 JOANNIS
1006 202 1234 233 CHRYSOST
1243 220 1251 230 .

296 2971 312 2994 <l
338 2968 452 3001 Morel.
472 2973 675 3015 εὐφραίνεσθαι
691 2973 740 3002 καὶ
755 2973 870 3014 χαίρειν
886 2974 935 3002 καὶ
951 2983 1034 3012 στεφ.

297 3028 308 3041 2
328 3021 417 3053 Alius
436 3024 690 3067 καταθρύπτεται.
708 3021 803 3052 Tunc
820 3021 931 3062 utique
948 3019 1062 3060 multi,
1083 3031 1165 3062 quos
1188 3019 1257 3053 fre-

254 3081 393 3116 quenter
407 3079 548 3115 carpunt
560 3071 836 3116 Chrysostomus‚
851 3073 1047 3114 Augustinus
1064 3071 1183 3114 aliique
1199 3074 1259 3104 Pa-

256 3125 554 3168 tres,baptismum
578 3122 780 3156 differebant
801 3134 900 3166 usque
926 3122 969 3154 ad
993 3122 1110 3155 mortis
1133 3125 1259 3155 articu-

257 3177 336 3208 lum.
356 3176 540 3220 Siquando
560 3177 658 3219 igitur
675 3174 793 3208 medici
821 3182 992 3208 monerent
1019 3175 1259 3217 periclitantem

259 3229 469 3272 conjugatum
495 3227 735 3270 baptizandum
752 3238 839 3269 esse,
858 3238 938 3260 uxor
956 3227 1048 3270 quasi
1064 3237 1141 3259 mox
1158 3229 1258 3260 amis-

1252 711 1276 741 E

1258 2542 1281 2572 C

1289 200 1474 230 ARCHIEP
1483 220 1492 230 .
1531 200 1615 230 CON
1623 200 1886 230 STANTINOP.

1299 281 1359 324 τὰς
1384 280 1532 332 ἐσχάτας
1552 281 1738 332 φθάνοντας
1752 282 1944 331 ἀναπνοὰς,
1974 284 2032 321 καὶ
2061 284 2147 333 μηδὲ
2169 286 2322 321 ἐντεῦθεν

1300 341 1631 392 σωφρονιζομένους,
1650 343 1717 380 Am}
1747 358 1800 381 τοι
1829 347 1929 382 τοῦτο
1961 344 2076 382 πολλὰ
2097 346 2158 389 τῆς
2193 345 2322 395 δωρεᾶς

1299 402 1426 449 ταύτης
1451 402 1572 447 ἀνάξια
1600 403 1746 454 γίνεται.
1764 404 1848 442 Δέον
1872 405 1939 456 γὰρ
1959 405 1972 425 ‘³
1986 405 2245 457 εὐφραίνεσθαι,
2263 405 2322 442 καὶ

1298 462 1467 514 χορεύειν,
1484 463 1542 500 καὶ
1563 463 1721 515 χαίρειν,
1737 464 1797 502 καὶ
1817 468 2083 516 στεφανοῦσθαι,
2106 466 2221 518 ἑτέρου
2251 481 2321 515 μυ-

1299 523 1605 575 σταγωγουμένου,
1624 525 1706 562 ὅταν
1730 524 1859 576 ἀκούσῃ
1884 530 1943 564 τοῦ
1965 526 2154 577 κάμνοντος
2173 531 2194 573 ἡ
2216 527 2321 578 γυνὴ,

1299 581 1352 619 ὅτι
1369 585 1470 620 τοῦτο
1489 583 1684 634 ἐπέσκηψεν
1701 587 1718 621 ὃ
1732 583 1869 636 ἰατρὸς,
1892 587 1938 628 ὡς
1960 585 2017 622 ἐπὶ
2035 589 2132 637 κακῷ
2147 601 2216 623 τινι
2236 590 2323 623 ἑκα-

1297 641 1511 680 τακόπτεται
1546 643 1604 680 καὶ
1637 647 1770 694 θρηνεῖ,
1792 644 1850 682 καὶ
1887 644 2036 683 κωκυτοὶ
2077 645 2137 683 καὶ
2173 646 2322 697 οἰμωγαὶ

1297 707 1478 754 πανταχοῦ
1492 707 1553 750 τῆς
1569 704 1679 748 οἰκίας
1693 708 1739 749 ὡς
1761 705 1818 743 ἐπὶ
1834 706 2030 744 καταδίκων
2047 708 2115 743 τῶν
2138 706 2200 753 τὴν
2216 705 2325 757 ἐσχά-

1298 779 1360 809 την
1391 765 1621 815 ἀπαγομένων
1653 765 1742 804 ὁδόν.
1769 766 1840 804 Καὶ
1869 769 1996 809 ἐκεῖνος
2030 765 2065 804 δὲ
2097 766 2203 804 πάλιν
2224 765 2323 803 ίτότε

1297 825 1460 862 ὄδυνᾶται
1481 825 1603 871 πλέον,
1636 826 1699 864 κᾶν
1721 826 1886 877 ἇνενέγκῃ
1920 827 1989 864 ἀπὸ
2013 829 2075 872 τῆς
2105 826 2323 879 ἀρρωστίας,

1296 885 1540 938 χαλεπώτερον
1567 890 1665 938 ἀλγεῖ
1693 890 1740 930 ὡς
1769 888 2012 939 ἐπηρεασθείς.
2034 887 2179 934 Ἐπειδὴ
2199 887 2265 939 γὰρ
2285 890 2323 925 οὐ

1298 947 1560 998 παρεσκεύαστο
1575 949 1659 999 πρὸς
1675 948 1802 1001 ἀρετὴν
1815 979 1824 996 ,
1841 951 1933 986 ὀκνεῖ
1948 949 2087 996 λοιπὸν,
2106 948 2165 986 καὶ
2181 948 2327 986 ἀναδύε-

1299 1023 1356 1044 ται
1374 1008 1459 1059 πρὸς
1477 1008 1555 1051 τοὺς
1580 1011 1715 1060 ἀγῶνας
1729 1008 1806 1051 τοὺς
1830 1008 1919 1058 μετὰ
1938 1012 2061 1047 ταῦτα.
2079 1007 2204 1059 (Ορᾷς,
2227 1002 2282 1046 οἷα
2308 1011 2326 1045 ὁ

1299 1068 1457 1111 διάὸολος
1473 1070 1724 1114 κατασκευάζει
1745 1069 2006 1121 μηχανήματα,
2020 1069 2102 1116 ὅσην
2118 1069 2181 1115 τὴν
2201 1069 2326 1121 αἰσχύ-

1297 1145 1378 1177 νην,
1405 1129 1483 1168 ὅσον
1510 1131 1567 1169 τὸν
1588 1130 1740 1180 γέλωτα,
1758 1131 2034 1181 Ἀπαλλαγῶμεν
2063 1130 2174 1169 τοίνυν
2202 1130 2324 1168 τούτου

1297 1193 1356 1228 τοῦ
1376 1190 1541 1241 γέλωτος·
1570 1191 1730 1241 ζήσωμεν
1759 1193 1805 1234 ὡς
1827 1194 1844 1229 ὃ
1875 1192 2025 1244 Χριστὸς
2054 1191 2225 1230 ἐκέλευσε.
2256 1191 2325 1229 Διὰ

1298 1256 1397 1289 τοῦτο
1414 1252 1521 1289 ἔδωκε
1547 1252 1585 1290 τὸ
1606 1252 1807 1303 βάπτισμα,
1824 1254 1889 1305 οὐχ
1907 1252 1963 1290 ἵνα
1978 1253 2143 1295 λαὸόντες
2163 1253 2324 1291 ἀπέλθω-

1298 1328 1373 1364 μεν,
1391 1315 1466 1351 ἇλλ’
1481 1312 1537 1351 ἵνα
1553 1314 1777 1360 ἐπιζήσαντες
1790 1313 1943 1366 καρποὺς
1959 1313 2222 1364 ἐπιδειξώμεθα.
2239 1316 2324 1357 Πῶς

1298 1378 1401 1426 ἐρεῖς,
1426 1375 1659 1428 καρποφόρει,
1689 1379 1739 1428 τῷ
1765 1375 1923 1421 ἀπιόντι,
1945 1379 1994 1428 τῷ
2021 1375 2227 1422 ἐκκοπέντι,
2261 1377 2324 1414 οὔκ

1301 1436 1470 1482 ἤκουσας,
1490 1436 1544 1475 ὅτι
1559 1436 1603 1475 ‘O
1620 1437 1752 1489 καρπὸς
1767 1441 1826 1474 τοῦ
1848 1437 2053 1488 Πνεύματός
2068 1438 2159 1475 ἐστιν
2184 1437 2302 1488 ἀγάπη
2317 1468 2326 1484 ,

1297 1496 1403 1548 χαρὰ,
1423 1497 1559 1549 εἰρήνη,
1580 1499 1663 1540 Πῶς
1686 1492 1742 1535 οῦν
1767 1496 1810 1535 τὰ
1827 1497 1965 1535 ἐναντία
1990 1497 2142 1549 γίνεται,
2171 1498 2242 1536 Καὶ
2259 1498 2326 1550 γὰρ

1298 1562 1319 1605 ἡ
1336 1557 1420 1609 γυνὴ
1435 1558 1634 1610 παρέστηκε
1651 1562 1834 1606 πενθοῦσα,
1846 1559 1902 1596 ὅτε
1917 1558 2052 1612 χαίρειν
2069 1559 2149 1597 ἔδει·
2164 1559 2208 1597 τὰ
2221 1559 2326 1597 τέκνα

1298 1618 1508 1671 ὀδυρόμενα,
1528 1618 1583 1657 ὅτε
1605 1619 1808 1666 συνήδεσθαι
1844 1622 1948 1671 ε’χρῆν
1962 1635 1969 1643 ·
1992 1619 2093 1662 αὐτὸς
2124 1622 2142 1657 ὃ
2170 1619 2327 1669 κείμενος

1299 1680 1550 1731 ἓσκοτωμένος,
1572 1680 1716 1731 θορύῧου
1743 1680 1859 1731 γέμων
1883 1680 1942 1718 καὶ
1974 1682 2150 1731 ταραχῆς,
2177 1679 2235 1718 ὅτε
2251 1695 2325 1717 πα-

1299 1741 1488 1793 νηγυρίζειν
1512 1742 1596 1779 ἔδει·
1621 1741 1769 1791 ἀθυμίας
1788 1741 2061 1793 πεπληρωμένος
2087 1742 2236 1786 πολλῆς,
2269 1740 2325 1778 ’διὰ

1253 1816 1277 1846 Β
1298 1801 1362 1848 τὴν
1381 1801 1546 1854 ὀρφανίαν
1567 1805 1634 1840 τῶν
1656 1801 1801 1849 τέκνων,
1832 1802 1890 1840 διὰ
1920 1801 1983 1847 τὴν
2012 1818 2059 1853 χη
2086 1801 2159 1839 είαν
2178 1804 2240 1847 τῆς
2260 1817 2326 1852 γυ-

1301 1864 1416 1906 ναικὸς
1429 1892 1439 1909 ,
1464 1863 1520 1900 διὰ
1536 1863 1598 1909 τὴν
1620 1863 1767 1917 ἐρημίαν
1786 1866 1848 1909 τῆς
1862 1863 1984 1906 οἰκίας.
2001 1862 2107 1901 Οὕτω
2129 1878 2181 1905 τις
2196 1862 2326 1914 προέρ-

1301 1939 1401 1975 χεται
1423 1924 1648 1977 μυστηρίοις,
1667 1923 1743 1961 εἶπέ
1761 1940 1838 1974 μοι·
1869 1924 1977 1967 οὕτως
1993 1924 2140 1961 ἅπτεται
2156 1923 2328 1974 τραπέζης

1301 1987 1419 2038 ἱερᾶς,
1454 1988 1565 2022 ταῦτα
1609 1984 1735 2023 ἀνεκτά
1753 2001 1762 2032 ,
1798 1984 1874 2022 Κᾶν
1911 1983 1972 2035 μὲν
2009 1984 2167 2035 βασιλεὺς
2203 1984 2327 2035 πέμψῃ

1302 2046 1496 2097 γράμματα
1509 2077 1518 2093 ,
1537 2045 1616 2089 τοὺς
1632 2048 1665 2084 ἐν
1687 2045 1916 2099 δεσμωτηρίῳ
1934 2044 2040 2093 λύων,
2063 2045 2250 2096 εὐφροσύνη
2269 2045 2328 2083 καὶ

1302 2107 1415 2157 χαροί·
1437 2110 1455 2144 ὁ
1477 2106 1512 2144 δὲ
1537 2106 1626 2148 Θεὸς
1644 2107 1871 2156 καταπέμπει
1886 2107 1925 2144 τὸ
1943 2108 2089 2156 Πνεῦμα
2108 2106 2142 2149 ἐξ
2162 2108 2329 2158 οὐρανῶν,

1303 2168 1380 2218 οὐχὶ
1401 2166 1617 2217 ἐλλείμματα
1638 2167 1844 2219 χρημάτων,
1866 2169 1941 2205 ἀλλ’
1960 2167 2135 2218 ὁλόκληρα
2162 2167 2327 2218 ἁμαρτή-

1305 2242 1399 2277 ματα
1419 2229 1630 2278 συγχωρῶν·
1656 2227 1714 2264 καὶ
1733 2226 1858 2270 πάντες
1881 2231 2035 2278 θρηνεῖτε
2060 2227 2119 2264 καὶ
2148 2226 2330 2277 ὀδύρεσθε,

1304 2287 1368 2329 Τίς
1387 2291 1408 2333 ἡ
1427 2286 1613 2337 ἀνωμαλία
1636 2286 1744 2333 αὕτη,
1764 2286 1876 2324 Οὔπω
1893 2287 1960 2339 γὰρ
1988 2287 2100 2337 λέγω,
2116 2285 2169 2324 ὅτι
2188 2287 2247 2324 καὶ
2272 2303 2329 2325 νε-

1304 2354 1398 2400 κροῖς
1414 2347 1566 2399 ἐπεχύθη
1583 2346 1693 2399 ὕδωρ,
1709 2347 1769 2385 καὶ
1785 2346 1828 2384 τὰ
1848 2347 1930 2398 ἅγια
1947 2347 2069 2400 ἐρρίφη
2087 2348 2134 2390 εἷς
2148 2351 2212 2398 γῆν
2228 2363 2235 2370 ·
2253 2348 2330 2385 ἀλλ’

1305 2411 1368 2459 οὐχ
1387 2411 1488 2459 ἡμεῖς
1504 2407 1633 2446 τούτων
1652 2407 1774 2455 αἴτιοι,
1797 2409 1871 2445 ἀλλ’
1893 2410 1923 2446 οἱ
1949 2407 2157 2459 οἱγν(ι’)μονες.
2176 2408 2239 2445 Διὸ
2256 2424 2329 2446 πα-

1307 2470 1446 2522 ρακαλῶ
1464 2468 1576 2507 πάντα
1590 2474 1604 2489 ²¹
1615 2469 1762 2520 ἀφέντας
1781 2468 1970 2521 συστρέψαι
1985 2467 2127 2512 ἑαυτοὺς
2147 2468 2206 2506 καὶ
2221 2485 2332 2521 προσ-

1307 2531 1391 2569 ιέναι
1430 2532 1480 2582 τῷ
1514 2530 1730 2580 βαπτίσματι
1752 2529 1840 2580 μετὰ
1868 2530 2062 2583 προθυμίας
2088 2529 2249 2576 ἁπάσης,
2276 2529 2332 2568 ἵνα

1306 2593 1364 2631 καὶ
1385 2595 1417 2630 ἐν
1439 2595 1487 2644 τῷ
1504 2591 1650 2642 παρόντι
1670 2591 1801 2638 πολλὴν
1819 2590 2070 2640 ἐπιδειξάμενοι
2088 2590 2253 2637 σπουδὴν,
2269 2593 2332 2636 τῆς

1309 2652 1500 2704 μελλούσης
1534 2652 1693 2703 τύχωμεν
1730 2651 1946 2703 παρρησίας·
1973 2646 2014 2697 ἧς
2043 2650 2175 2701 γένοιτο
2199 2651 2331 2695 πάντας

1307 2718 1400 2765 ἡμᾶς
1421 2715 1594 2764 ἐπιτυχεῖν
1608 2742 1618 2761 ,
1638 2712 1757 2764 χάριτι
1775 2713 1834 2750 καὶ
1853 2711 2095 2763 φιλανθρωπία
2120 2715 2178 2749 τοῦ
2199 2711 2330 2763 Κυρίου

1306 2778 1407 2825 ἡμῶν
1422 2775 1537 2820 Ἰησοῦ
1554 2775 1722 2826 Χριστοῦ,
1738 2767 1766 2825 ᾧ
1782 2777 1803 2819 ἡ
1826 2773 1907 2817 δόξα
1925 2772 1985 2810 καὶ
1999 2773 2038 2811 τὸ
2052 2772 2177 2824 κράτος
2191 2775 2238 2816 εἷς
2253 2773 2331 2817 τοὺς

1310 2837 1436 2879 αἰῶνας
1454 2837 1522 2872 τῶν
1543 2834 1691 2873 αἰώνων.
1711 2835 1833 2885 Ἀμήν.

1325 2982 1398 3003 sura
1427 2971 1553 3009 virum,
1574 2968 1714 3012 ejulatus
1742 2979 1878 3011 magnos
1899 2966 2041 3010 edebat3
2061 2976 2096 2999 ut
2120 2968 2220 2999 etiam
2246 2979 2335 2999 nunc

1324 3033 1408 3064 saepe
1428 3020 1612 3064 contingit,
1630 3019 1765 3063 quando
1791 3031 1878 3062 aegro
1899 3018 2100 3051 conferenda
2116 3027 2164 3051 est
2186 3027 2333 3051 extrema

1329 3074 1453 3106 uncti0.

1370 3126 1383 3150 s
1408 3132 1475 3158 τότε
1492 3123 1584 3155 deest
1601 3123 1635 3156 in
1650 3122 1763 3155 Morel.

1369 3186 1382 3201 ³
1407 3177 1494 3208 Alius
1511 3182 1648 3219 ἀφέντες,
1669 3177 1877 3216 σπουδάσωμεν
1893 3179 1937 3216 μὴ
1964 3177 2093 3216 ἀμύητοι
2118 3178 2169 3207 τοῦ
2186 3179 2333 3217 παρόντος

1327 3232 1464 3262 ἀπελθεῖν
1485 3233 1551 3271 βίον
1563 3254 1569 3260 .
1590 3231 1669 3261 ἀλλὰ
1687 3233 1738 3261 τοῦ
1754 3233 1965 3270 βαπτίσματος
1981 3230 2125 3268 ἐπιτυχεῖν
2141 3230 2231 3267 μετά.
