2466 3805
654 275 698 303 IN

75 359 155 397 ἔδει.
195 359 277 396 Τῶν
314 357 377 403 τὴν
408 355 596 394 ἀνάστασιν
631 356 734 393 αὐτοῦ
761 351 998 405 κηρυττόντων
1029 351 1092 403 οὐχ

75 419 188 465 ἥττων
205 412 259 465 ἦν,
276 419 406 468 μᾶλλον
422 416 456 455 δὲ
471 415 529 454 καὶ
544 413 831 465 ἀξιοπιστότερος,
848 412 968 465 ἀθρόον
986 427 1091 462 μετα-

74 478 297 528 ὅεὸλημένος.
329 479 382 515 Οὐ
411 474 607 528 συνεγένετό
628 491 695 512 τινι
712 477 779 511 τῶν
796 477 941 517 πιστῶν,
961 473 1035 509 ἀλλ’
1052 474 1086 509 ἐν

75 541 257 590 Δαμασκιι)
284 538 517 589 μετείῗάλετο,
539 538 669 587 μᾶλλον
693 535 728 574 δὲ
741 535 808 586 πρὸ
821 537 882 580 τῆς
898 536 1088 583 Δαμασκου

73 615 174 637 τουτο
187 599 323 638 ἔπαθεν.
345 601 491 652 Ἐρωτω
507 599 565 636 τὸν
583 597 768 635 Ἰουδαῖον·
784 594 905 641 πόθεν,
921 593 996 631 εἰπέ
1017 608 1088 643 μοι,

76 659 272 710 μετεὸληθη
292 661 453 702 Hom-og
445 689 454 706 ‚
471 660 635 712 Τοσαυτα
654 661 783 706 σημεῖα
797 657 876 702 εἶδε,
894 653 953 691 καὶ
973 656 1009 691 οὐ
1025 669 1086 702 με-

74 719 277 766 τεὸλήθηᾸ
288 723 306 757 ὁ
323 719 527 761 διδάσκαλος
547 720 650 755 αὐτου
672 715 866 767 μετεὸλήθη
883 744 892 761 ,
920 714 978 751 καὶ
993 716 1089 755 οὗτος

76 782 113 819 οὐ
130 782 257 831 μετεὸλ
259 781 337 827 ἤθη·
355 781 405 823 τίς
420 781 552 818 ἔπεισεν
569 779 689 824 αὐτον·
705 777 868 828 μᾶλλον
850 775 886 813 οὲ
900 775 951 817 τίς
966 774 1088 826 ἀθρόον

73 842 243 887 τοσαύτην
260 841 418 879 ἐνέὸαλεν
436 842 529 891 αὐτῷ
547 838 741 890 προθυμίαν
757 867 766 884 ,
784 840 829 880 ὡς
850 836 909 874 καὶ
932 835 1088 884 ἀνάθεμα

75 901 238 945 εὔξασθαι
265 900 455 953 γενεσθαι
442 899 528 950 υπὲρ
547 915 606 936 του
626 899 801 948 Χριστου·
792 926 802 944 ,
826 894 970 948 Φανερά
996 896 1087 932 ἐστιν

74 966 96 1008 ἡ
116 965 183 999 τῶν
203 961 419 1014 πραγμάτων
438 959 593 1005 ἀλήθεια.
613 956 734 995 Ἀλλ’ο
748 955 908 1006 [ὅμως]“
888 970 972 1005 οπερ
992 953 1089 1006 ἔφην,

75 1022 161 1066 τέως
178 1022 234 1060 τὸν
255 1024 414 1072 εὖνοῦγον
432 1020 685 1071 αἶσγυνθωμεν,
701 1016 760 1054 καὶ
779 1015 1010 1067 φωτιζόμενον
1030 1013 1089 1051 καὶ

76 1082 366 1132 ἀναγινώσκοντα.
383 1080 523 1130 Ὁρᾶτε,
539 1094 611 1120 πως
626 1081 667 1124 ἠν
684 1078 717 1114 ἓν
738 1075 934 1126 δυναστείᾳ,
953 1091 1027 1118 πως
1047 1080 1089 1122 ἠν

75 1143 111 1178 ἐν
130 1140 268 1192 πλούτῳ
283 1170 293 1187 ,
324 1139 384 1177 καὶ
409 1138 486 1176 οὐδὲ
513 1141 547 1176 ἓν
578 1139 646 1190 ὃοω
670 1137 845 1189 ἦσύγαζε;
876 1135 976 1178 Τίς
959 1152 1001 1182 ην
1023 1151 1092 1187 αρα

75 1195 194 1244 ᾱοὺτος
219 1200 330 1250 μένων
359 1200 413 1237 ἐπ’
439 1199 569 1246 οἰκίας,
599 1197 686 1248 μηδὲ
715 1199 750 1235 ἐν
770 1198 859 1241 ὁδοῖς
886 1195 1092 1248 ἀνεχόμενος

75 1262 276 1313 σχολάζειν,
289 1260 341 1304 τίς
354 1255 396 1307 ἦν
411 1254 508 1304 οὗτος
525 1263 560 1299 ἐν
580 1258 677 1298 νυκτί
683 1275 694 1307 3

75 1531 139 1567 (ρον
160 1516 218 1554 καὶ
239 1516 380 1559 εὗλαὲὲς
402 1515 613 1566 μιμήσασθε.
644 1515 768 1553 Καίτοι
792 1515 927 1565 μέλλων
954 1513 1094 1552 ἀπιέναι

77 1578 208 1626 οἴκαδε,
225 1579 286 1616 οὔκ
306 1572 380 1615 εἶπε
399 1577 484 1629 πρὸς
498 1575 617 1614 ἑαυτόν
630 1591 638 1599 ·
659 1576 859 1628 ἀπέρχομαι
878 1577 926 1617 εἷς
944 1574 1007 1621 τὴν
1027 1591 1093 1612 πα-

77 1638 178 1690 τρίδα
193 1667 202 1683 ,
228 1640 299 1676 ἐκεῖ
324 1637 494 1688 λαμὸάνω
513 1637 551 1674 τὸ
568 1636 709 1689 λουτρὸν
723 1667 732 1685 ,
759 1636 803 1674 τὰ
817 1635 934 1689 ψυχρὰ
953 1635 1095 1688 ῥήματα

80 1701 149 1735 τῶν
170 1699 322 1736 πολλῶν.
355 1700 432 1736 Οὐκ
453 1698 575 1745 ἐδεήθη
597 1697 762 1747 σημείων,
782 1699 844 1735 οὐκ
867 1696 990 1743 ἐδεήθη
1008 1699 1095 1733 θαυ-

80 1758 219 1808 μάτων·
243 1758 312 1796 ἀπὸ
329 1761 387 1796 τοῦ
407 1758 583 1812 προφήτου
603 1757 703 1809 μόνον
719 1757 910 1795 ἐπίστευσε.
931 1756 999 1794 Διὰ
1013 1760 1096 1794 ταῦ-

790 1817 896 1856 Ἀλλὰ
917 1816 973 1855 διὰ
996 1821 1096 1855 τοῦτο

77 1881 141 1926 -Γ,λε
128 1879 251 1927 Ε-Γ’,θ·Γ,ν,
281 1879 333 1918 ὅτι
351 1881 482 1930 ἀγνοῶν
500 1879 647 1926 ἐποίησα
668 1880 701 1915 ἐν
724 1878 890 1929 ἀπιστίᾳ,
910 1877 969 1915 καὶ
986 1876 1043 1915 ἵνα
1060 1879 1095 1915 ἓν

79 1836 124 1857 τα
143 1823 258 1856 πενθεῖ
280 1819 400 1857 ἑαυτὸν
423 1823 440 1857 ὃ
458 1821 612 1866 Παῦλος,
637 1818 764 1869 λέγων·

81 1957 125 1978 ευ
128 1956 158 1977 οι
169 1940 297 1993 πρώτῳ
313 1940 427 1984 ἐνδείξ
403 1939 646 1986 Γ,ταιἿτ,σοῧς
658 1939 810 1991 Χριστὸς
819 1938 881 1985 τὴν
896 1944 1011 1977 πᾶσαν
1027 1953 1097 1988 μα-

80 2000 280 2052 κροθυμίαν.
309 1998 417 2043 Ἄξιον
445 1999 552 2041 ὄντως
571 1998 748 2048 θαυμάσαι
763 1999 820 2036 τὸν
841 2000 1001 2051 εὐνοῦχον
1019 2002 1097 2037 τοῦ-

79 2077 149 2098 τον.
167 2062 244 2097 Οὐκ
263 2053 329 2097 εἶδε
349 2060 406 2097 τὸν
426 2059 596 2112 Χριστὸν,
626 2061 686 2097 οὐκ
711 2054 778 2098 εἶδε
799 2066 955 2110 σημεῖον·
983 2059 1034 2097 ἔτι
1054 2059 1098 2097 τὰ

83 2120 305 2171 Ἱεροσόλυμα
327 2122 525 2158 συνεστῶτα
553 2119 658 2173 ἑώρα,
688 2120 746 2158 καὶ
772 2120 928 2159 ἐπίστευε
953 2122 1003 2173 τῷ
1030 2122 1099 2158 Φι-

82 2182 214 2233 λίππῳ.
248 2181 358 2218 Πόθεν
391 2175 447 2218 οὖν
471 2185 621 2223 τοιοῦτος
639 2180 845 2232 γεγένηται,
872 2182 1100 2231 Μεμεριμνη-

85 2241 169 2291 μέν-Γ,
185 2236 226 2283 ἦν
246 2244 267 2286 ᾗ
287 2240 381 2292 ψυχὴ
404 2242 526 2288 αὐτοῦ,
554 2247 718 2292 προσεῖχε
745 2242 900 2292 Γραφαῖς
912 2268 922 2285 ,
949 2239 1098 2291 §qesta-

81 2304 136 2344 ζεν
157 2300 381 2352 ἀναγνώσεσι.
416 2300 541 2338 Καίτοι
566 2300 624 2338 καὶ
653 2305 670 2339 ὁ
697 2300 829 2353 λῃστὴς
854 2294 923 2338 εἶδε
947 2306 1097 2351 σημεῖα,

81 2362 139 2399 καὶ
160 2365 190 2400 οἱ
218 2362 321 2412 μάγοι
338 2355 425 2399 εἶδον
447 2361 594 2414 ἀστέρα·
614 2356 711 2405 οὗτος
727 2361 762 2399 δὲ
788 2361 885 2400 οὐδὲν
901 2356 970 2399 εἶδε
988 2365 1097 2400 τοιοῦ-

80 2437 151 2469 τον,
180 2422 238 2460 καὶ
267 2421 444 2460 ἐπίστευε·
473 2422 634 2460 τοσοῦτόν
666 2424 758 2460 ἐστιν
792 2426 814 2470 ἡ
847 2426 916 2460 τῶν
947 2423 1099 2475 Γραφῶν

82 2483 272 2534 ἀνάγνωσις
292 2483 476 2533 ὠφέλιμος.
496 2482 544 2521 Τί
563 2476 619 2519 οἶν
637 2484 797 2530 Παῦλος;
821 2482 899 2534 οὐχὶ
917 2482 975 2520 τὸν
995 2482 1099 2533 νόμον

83 2542 249 2592 ἐμελέτα;
268 2542 357 2580 Ἀλλ’
377 2542 454 2593 ἐμοὶ
471 2544 562 2581 δοκεῖ
585 2537 682 2587 οὗτος
711 2544 872 2591 ἐπίτηδες
897 2543 1099 2590 ἀναέληθῆ-

84 2617 160 2649 ναι,
178 2603 220 2640 δι’
235 2603 322 2653 ἅπερ
343 2595 436 2640 εἶπον
455 2604 640 2655 προλαὸιω
659 2604 876 2656 πανταγόθεν
894 2605 1101 2656 βουλομένου

84 2663 344 2700 ἐπισπάσασθαι
370 2679 445 2706 τους
470 2663 657 2708 Ἰουδαίους
683 2681 742 2703 του
770 2667 934 2719 Χριστου.
961 2667 1005 2703 Εἰ
1032 2665 1101 2719 γὰρ

84 2738 161 2761 νουν
175 2738 212 2760 ει
205 2739 280 2775 χον,
295 2723 390 2761 οὖδεν
407 2723 527 2768 αὐτους
543 2724 647 2768 ουτως
662 2725 821 2778 ὠρέλειε
803 2743 849 2770 ως
865 2741 977 2764 τουτο.
986 2728 1102 2764 Τουτο

84 2784 151 2836 γὰρ
172 2785 230 2822 καὶ
259 2784 412 2834 σημείων
432 2787 578 2835 μᾶλλον,
607 2787 666 2824 καὶ
682 2787 822 2825 πάντων
837 2787 954 2825 ἱκανὸν
979 2791 1021 2834 ἠν
1043 2789 1102 2825 αὐ-

85 2844 162 2888 τοὺς
180 2845 431 2897 ἐφελκύσασθαι
446 2861 453 2867 ·
477 2845 596 2899 ὥσπερ
613 2841 670 2884 οῧν
695 2847 789 2886 οὐδὲν
810 2847 899 2886 οὕτω
915 2847 1101 2886 σκανδαλί-

87 2907 154 2948 ζειν
170 2906 267 2943 εἴωθε
281 2904 358 2948 τοὺς
377 2906 604 2959 παχυτέρους.
624 2907 720 2960 (Όρα
748 2914 828 2959 γοῦν
849 2908 938 2960 μετὰ
951 2908 1014 2955 τὴν
1028 2910 1102 2946 δια-

88 2965 218 3017 σπορὰν
244 2969 312 3003 τῶν
339 2966 542 3005 ἀποστόλων
576 2968 636 3006 καὶ
664 2969 722 3007 τὸν
755 2969 846 3008 Θεὸν
874 2974 1038 3008 ποιοῦντα
1057 2969 1102 3007 τὰ

87 3032 227 3075 σημεῖα.
246 3025 476 3065 Ἔνεκάλεσαν
496 3028 657 3067 Ἰουδαῖοι
684 3035 756 3073 τοῖς
780 3031 985 3073 ἀποστόλοις
998 3059 1008 3076 ,
1030 3029 1100 3068 ἐνέ-

88 3086 192 3124 Cim
212 3089 259 3130 εἷς
274 3087 523 3139 δεσμωτήριον·
544 3090 665 3128 λοιπὸν
689 3093 707 3128 ὁ
726 3091 815 3134 Θεὸς
831 3094 1098 3143 θαυματουργεῖ.

90 3147 159 3185 Καὶ
177 3149 250 3190 πῶς
262 3175 272 3192 ,
291 3147 366 3199 ὅρα.
388 3147 440 3186 Τὸ
459 3148 644 3201 ἐξενεγκεῖν
661 3151 730 3189 ἀπὸ
748 3155 810 3199 τ’ἧς
829 3153 987 3204 φυλακῆς
1000 3182 1011 3199 ,
1033 3153 1098 3190 αὖ·

134 3250 150 3273 b
167 3250 291 3283 Doctor
306 3252 397 3284 Pauli
412 3253 572 3287 Gamaliel
596 3263 744 3289 mutatus
769 3255 868 3289 fuisse
892 3257 1015 3290 dicitur
1028 3283 1036 3297 ,
1053 3265 1090 3290 ut

91 3308 171 3343 puto
184 3328 191 3342 ‚
209 3303 284 3344 quia
301 3302 430 3336 Judaeos
452 3308 616 3348 repressit,
643 3319 684 3340 ne
710 3309 743 3340 in
769 3308 976 3342 Christianos
997 3311 1090 3343 saevi—

91 3360 175 3390 rent,
194 3352 273 3385 dum
289 3353 407 3387 Paulus
422 3355 594 3399 plusquam
611 3370 725 3391 omnes
741 3361 872 3392 saeviret
886 3361 920 3392 in
936 3360 1021 3395 illos.

135 3414 146 3427 c
163 3405 255 3445 [ὅμως
276 3405 369 3438 abest
388 3412 406 3433 a
430 3409 484 3449 D„
501 3409 634 3451 savilio,
652 3418 685 3442 et
710 3410 780 3443 aliis
807 3411 962 3453 fortasse,
979 3421 1011 3446 et
1038 3415 1088 3447 in-

735 272 851 303 ACTA
887 267 1212 301 APOSTOLORUM

1104 1425 1151 1450 158

127 1453 234 1494 ‘'oo-02
255 1457 289 1494 ἓν
319 1453 511 1506 ἀξιώμασίν
533 1456 630 1502 ἐστε,
652 1452 824 1491 ἀκούσατε
839 1482 849 1499 ,
872 1451 932 1491 καὶ
950 1452 990 1490 τὸ
1006 1451 1092 1490 ἄτυ-
1117 1464 1142 1491 Α

1221 254 1245 298 .’
1269 267 1425 297 nomn„
1463 266 1567 298 xixf
2058 247 2138 309 167

1161 347 1414 386 crediderunt?
1435 346 1557 385 Palam
1576 353 1663 393 erat,
1682 343 1786 381 illum
1804 356 1888 381 vera
1915 341 2043 380 dicere.
2073 344 2143 380 Ne-

1159 423 1228 458 que
1241 409 1335 446 enim
1348 416 1504 445 mutatus
1515 405 1650 454 fuisset,
1667 404 1734 442 nisi
1748 403 1816 441 hoc
1832 403 2001 441 evenisset
2012 418 2024 452 ;
2039 411 2143 453 atque

1160 469 1209 507 ita
1228 483 1347 507 omnes
1368 468 1509 506 credere
1526 465 1726 519 oportebat.
1740 466 1821 503 Non
1849 464 1966 502 minor
1987 472 2061 502 erat
2083 463 2141 512 iis,

1161 530 1222 580 qui
1241 529 1532 567 resurrectionem
1546 528 1621 579 ejus
1640 525 1893 578 praedicabant,
1908 524 1980 562 imo
1998 523 2070 561 fide
2087 523 2144 561 di-

1159 591 1262 640 gnior
1281 590 1342 641 qui
1362 598 1504 641 repente
1520 601 1709 626 conversus
1727 594 1828 624 esset.
1845 586 1924 623 Non
1941 599 2024 622 cum
2039 583 2144 622 fidele

1149 650 1328 701 'quopiam
1345 659 1503 688 versatus
1520 649 1649 696 fuerat,
1667 647 1729 685 sed
1744 647 1781 684 in
1802 648 1977 684 Damasco
1999 658 2143 683 conver-

1160 726 1218 749 sus
1232 721 1294 759 est,
1309 711 1381 748 imo
1397 720 1477 748 ante
1491 712 1707 748 Damascum
1719 709 1786 746 hoc
1799 708 1943 746 accidit.
1962 709 2144 759 Interrogo

1159 774 1179 810 J
1184 771 1324 808 udaeum
1341 788 1350 808 z
1365 771 1484 819 Unde,
1515 784 1647 820 quaeso,
1680 783 1872 807 conversus
1899 778 1950 806 est
1982 768 2115 806 Paulus
2128 769 2146 806 Ξ)

1160 832 1232 868 Tot
1246 831 1346 882 signa
1364 830 1473 880 vidit,
1493 839 1528 867 et
1546 843 1735 868 conversus
1754 843 1824 866 non
1842 838 1894 866 est
1910 829 2053 866 :doctor
2070 829 2146 880 ejus

1159 900 1316 929 mutatus
1333 900 1398 941 est,
1411 900 1445 928 et
1463 890 1523 927 hic
1543 898 1703 927 mutatus
1724 903 1793 926 non
1808 898 1860 927 est
1875 889 1971 939 :quis
1990 890 2044 926 illi
2067 905 2145 941 per-

1159 951 1284 1002 suasit,
1305 952 1378 989 imo
1406 951 1486 1002 quis
1514 950 1569 987 illi
1598 959 1738 987 tantum
1758 958 1899 1000 repente
1922 949 2069 986 immisit
2086 964 2144 986 ar-

1159 1011 1299 1060 dorem,
1319 1020 1358 1048 ut
1380 1011 1567 1049 anathema
1600 1023 1666 1061 pro
1700 1009 1842 1047 Christo
1870 1009 1949 1046 fieri
1982 1010 2147 1061 optaret?

1160 1072 1350 1110 Manifesta
1363 1081 1415 1109 est
1433 1085 1553 1109 rerum
1569 1070 1713 1108 veritas.
1734 1070 1818 1117 Sed,
1839 1078 1878 1107 ut
1894 1070 1969 1121 jam
1983 1069 2076 1120 dixi,
2095 1071 2148 1108 in-

1159 1133 1264 1170 terim
1286 1133 1490 1171 eunuchum
1510 1130 1671 1171 videntes
1692 1130 1937 1168 illuminatum
1968 1140 2002 1168 et
2030 1131 2149 1183 legen-

1160 1203 1232 1232 tem
1250 1195 1511 1232 erubescamus.
1541 1191 1704 1240 Videtis,
1721 1191 1758 1229 in
1777 1200 1907 1242 quanta
1929 1193 2097 1244 potentia,
2112 1193 2149 1230 in

1160 1254 1302 1306 quantis
1318 1255 1457 1293 divitiis
1476 1261 1695 1300 versaretur,
1715 1266 1756 1290 ac
1778 1266 1891 1303 neque
1909 1252 1946 1290 in
1960 1253 2021 1290 via
2045 1253 2149 1303 quie-

1161 1316 1307 1354 scebat?
1327 1316 1455 1364 Qualis
1477 1328 1561 1366 ergo
1581 1323 1655 1351 erat
1673 1312 1783 1362 domi,
1799 1313 1861 1364 qui
1882 1327 1925 1351 ne
1939 1314 1975 1351 in
1991 1313 2051 1351 via
2070 1314 2148 1365 qui—

1160 1377 1244 1415 dem
1262 1377 1432 1416 otiaretur
1444 1377 1461 1414 Ξ)
1472 1375 1588 1427 qualis
1601 1384 1675 1412 erat
1696 1375 1733 1412 in
1753 1383 1854 1412 nocte
1869 1374 1886 1412 Ξ)

1213 1445 1252 1483 l4.
1285 1444 1470 1494 Quotquot
1498 1443 1535 1480 in
1557 1441 1794 1494 dignitatibus
1816 1441 1926 1490 estis,
1944 1441 2084 1491 audite,
2119 1451 2153 1480 et

1162 1506 1354 1544 imitemini
1378 1504 1621 1543 humilitatem
1641 1512 1676 1541 et
1693 1503 1878 1556 pietatem.
1905 1503 1985 1541 Etsi
2005 1502 2154 1541 domum

1162 1576 1487 1615 ieverteremr‚n0n
1498 1565 1640 1604 dicebat
1654 1564 1747 1603 intra
1763 1564 1996 1617 semetipsum
2010 1581 2017 1601 ε
2035 1564 2155 1603 Redeo

1163 1628 1200 1666 in
1214 1627 1380 1681 patriam,
1398 1627 1449 1665 ibi
1465 1627 1609 1665 lavacro
1634 1635 1732 1673 utar;
1748 1635 1788 1663 ut
1807 1634 1888 1663 sunt
1906 1625 2038 1677 frigida
2062 1626 2156 1663 mul-

1162 1698 1282 1727 torum
1300 1688 1522 1727 verbauNon
1543 1701 1633 1739 opus
1646 1686 1776 1724 habuit
1793 1686 1904 1738 signis
1922 1700 1986 1725 nec
2003 1686 2157 1724 miracu-

1163 1750 1231 1788 lis:
1256 1764 1303 1791 ex
1329 1749 1404 1787 solo
1435 1748 1611 1801 propheta
1639 1747 1806 1785 credidit.
1838 1746 1979 1785 Idcirco
1999 1748 2157 1800 seipsum

1165 1811 1327 1864 deplorat
1340 1811 1487 1860 Paulus,
1506 1810 1626 1847 dicens
1642 1825 1649 1846 :
1671 1809 1747 1848 Sed
1761 1810 2066 1847 misericordiam
2082 1810 2158 1847 Dei

1165 1881 1422 1925 consequutus
1451 1885 1549 1918 sum,
1569 1873 1661 1923 quia
1677 1873 1862 1922 ignorans
1870 1872 1958 1924 feci
1976 1873 2018 1908 in
2037 1874 2158 1908 incre-

1165 1934 1344 1979 dulitate,
1362 1941 1399 1970 et
1429 1941 1471 1970 ut
1494 1935 1536 1969 in
1565 1945 1626 1969 me
1653 1934 1777 1982 primo
1797 1932 2010 1969 ostenderet
2044 1932 2076 1969 J
2075 1945 2158 1969 esus

1169 1995 1345 2032 Christus
1361 2006 1512 2030 omnem
1520 1994 1764 2044 patientiam.
1774 1990 1916 2042 Dignus
1934 2000 2025 2029 certe
2043 1991 2158 2029 admi-

1123 2073 1147 2102 13
1167 2054 1302 2092 ratione
1322 2062 1374 2092 est
1394 2053 1456 2091 hic
1485 2052 1684 2091 eunuchus.
1709 2053 1788 2090 Non
1818 2051 1913 2090 vidit
1943 2052 2126 2089 Christum
2143 2082 2156 2102 7

1168 2129 1237 2153 non
1265 2115 1359 2153 vidit
1378 2115 1545 2166 signum:
1578 2113 1698 2151 adhuc
1726 2121 1877 2151 stantem
1898 2113 2160 2165 Jerosolymam

1168 2175 1327 2224 videbat,
1343 2184 1378 2212 et
1398 2173 1564 2211 credebat
1583 2173 1770 2224 Philippo.
1792 2172 1899 2211 Unde
1913 2186 1996 2224 ergo
2008 2173 2090 2209 talis
2109 2173 2159 2210 ef-

1167 2236 1278 2273 fectus
1296 2236 1376 2274 est?
1392 2234 1552 2273 Sollicita
1573 2243 1646 2273 erat
1676 2233 1794 2271 anima
1816 2233 1915 2271 illius
1928 2263 1939 2283 ,
1959 2233 2161 2271 attendebat

1167 2296 1363 2349 Scripturis
1377 2326 1386 2344 ‚
1403 2295 1615 2334 lectionibus
1634 2309 1776 2347 operam
1797 2294 1917 2333 dabat.
1945 2294 2052 2344 Atqui
2070 2294 2161 2332 latro

1168 2357 1264 2397 vidit
1285 2358 1387 2410 signa
1398 2387 1409 2407 ‚
1433 2366 1467 2395 et
1490 2356 1587 2408 magi
1609 2356 1749 2394 stellam
1764 2371 1776 2407 5
1797 2355 1858 2393 hic
1876 2369 1960 2394 vero
1975 2355 2068 2393 nihil
2092 2356 2161 2393 tale

1169 2417 1275 2466 vidit,
1294 2427 1327 2456 et
1344 2417 1517 2463 credidit:
1539 2431 1650 2468 usque
1668 2416 1756 2455 adeo
1775 2415 1875 2454 utilis
1893 2425 1944 2453 est
1958 2416 2160 2468 Scriptura-

1170 2494 1251 2517 rum
1269 2479 1385 2517 lectio.
1407 2478 1508 2527 Quid
1533 2493 1616 2530 ergo
1632 2478 1793 2517 Paulus?
1812 2491 1928 2515 annon
1947 2477 2061 2528 legem
2079 2491 2158 2515 me-

1169 2541 1379 2579 ditabatur?
1398 2541 1469 2579 Sed
1499 2540 1591 2577 mihi
1616 2539 1761 2579 videtur
1782 2539 1842 2576 hic
1863 2539 2024 2576 consulto
2049 2552 2160 2576 reser-

1169 2611 1274 2640 vatus
1291 2616 1365 2640 esse
1386 2610 1530 2654 propter
1551 2614 1603 2649 ea,
1625 2614 1703 2650 quae
1722 2599 1825 2652 prius
1843 2599 1923 2637 dixi
1944 2628 1953 2646 ‚
1973 2598 2070 2649 quod
2088 2612 2157 2636 un-

1171 2662 1279 2714 dique
1307 2663 1414 2702 vellet
1440 2661 1583 2702 Judaeos
1611 2661 1775 2699 Christus
1801 2660 1987 2698 attrahere.
2013 2661 2105 2697 Nam
2130 2660 2160 2698 si

1172 2733 1289 2762 mente
1313 2724 1522 2773 valuissent,
1555 2723 1648 2760 nihil
1671 2722 1757 2774 ipsis
1782 2720 1930 2773 perinde
1957 2730 2061 2771 atque
2091 2721 2161 2759 hoc

1173 2786 1261 2824 utile
1292 2786 1425 2824 fuisset.
1450 2786 1527 2823 Hoc
1548 2784 1642 2822 enim
1668 2784 1748 2836 plus
1776 2797 1883 2834 quam
1903 2782 2002 2834 signa
2029 2791 2062 2820 et
2089 2783 2161 2821 alia

1172 2847 1291 2885 omnia
1327 2855 1465 2899 poterat
1499 2846 1581 2883 illos
1614 2844 1793 2882 attrahere
1820 2859 1827 2880 ε
1860 2843 2162 2894 quemadmodum

1173 2908 1266 2945 nihil
1283 2907 1331 2945 ita
1357 2907 1445 2945 solet
1467 2905 1701 2944 crassioribus
1722 2903 1937 2942 offendiculo
1964 2917 2048 2942 esse.
2065 2904 2161 2943 Vide

1174 2969 1292 3019 itaque
1307 2976 1385 3020 post
1403 2967 1658 3020 dispersionem
1673 2965 1917 3018 apostolorum
1930 2965 2045 3001 Deum
2059 2964 2161 3003 edere

1173 3030 1285 3081 signa.
1306 3029 1597 3067 criminabantur
1616 3026 1731 3067 Judaei
1760 3025 1936 3078 apostolos
1949 3055 1960 3074 ‚
1991 3026 2158 3077 conjicie—

1173 3091 1260 3128 bant
1290 3091 1327 3128 in
1355 3104 1553 3128 carcerem:
1585 3089 1730 3127 demum
1749 3089 1846 3125 Deus
1872 3087 2043 3125 miracula
2071 3088 2157 3127 edit.

1174 3152 1222 3191 Et
1240 3152 1438 3204 quomodo,
1467 3151 1562 3191 vide.
1589 3150 1754 3188 Educere
1771 3163 1817 3187 ex
1837 3162 1988 3200 carcere,
2009 3150 2084 3202 ejus
2110 3151 2161 3189 si-

1156 3267 1269 3302 eptum
1286 3267 1335 3292 est
1353 3257 1396 3291 ad
1412 3259 1622 3292 sententiam.
1640 3257 1737 3290 Unde
1757 3258 1978 3300 inclusimus]

1199 3312 1212 3331 ¹¹
1229 3312 1375 3353 Quidam
1389 3314 1467 3345 Mss.
1482 3312 1565 3349 οὗτος
1577 3314 1730 3353 σχολάζων
1744 3314 1792 3346 ἐπ’
1809 3315 1910 3351 οἰκίας,
1928 3314 1943 3344 ὸ
1957 3313 2034 3353 μηδὲ
2051 3316 2080 3345 ἐν
2093 3314 2166 3349 ὁδοῖς

1156 3370 1331 3409 ἀνεχόμενος
1344 3374 1445 3407 σιγᾷν;
1464 3370 1506 3401 τίς
1522 3367 1567 3401 ἦν·

2175 1814 2201 1834 1.
2229 1805 2306 1832 Tim.
2331 1814 2355 1832 ι.

2175 1845 2222 1876 13.
2248 1845 2282 1875 16
