2502 3810
713 259 754 286 IN
795 258 907 286 ACTA
948 255 1282 287 APOSTOLORUM.

1322 257 1476 287 HOMIL.
1515 259 1588 288 XL.

2086 248 2169 306 341

110 338 325 391 Ααμπρότης
345 337 517 388 σώματος.
541 340 676 376 Οὐκοῦν
707 339 764 375 καὶ
793 338 853 380 τὰς
883 336 995 388 ψυχὰς
1019 335 1127 379 καλὰς
1149 339 1172 368 Β
1198 335 1363 374 amicitiae
1371 338 1745 388 j111·asunt.Quomodo
1756 338 2179 390 igitur,inquies,ferven—

109 398 347 450 ἔργασώμεθα,
364 398 423 435 καὶ
440 397 587 447 ἐσόμεθα
605 398 767 444 ἀλλήλοις
787 397 971 449 ἐπέραστοι
983 412 991 419 ·
1008 399 1044 434 οὐ
1061 395 1127 447 γὰρ

109 460 149 506 δὴ
172 461 282 511 φιλεῖν
312 460 362 495 δεῖ
396 458 516 508 μόνον,
543 459 632 496 ἀλλὰ
666 459 723 495 καὶ
760 460 945 510 φιλεῖσθαι.
979 459 1125 509 Πρῶτον

107 523 208 557 τοῦτο
228 518 518 571 κατορθώσωμεν,
540 518 629 556 ὥστε
652 521 841 570 φιλεῖσθαι,
865 518 923 556 καὶ
947 519 1056 555 ἐκεῖνο
1072 516 1128 554 εὕ-

106 581 206 617 κολον
228 579 336 618 ἔσται.
361 580 441 622 Πῶς
457 572 514 615 οὖν
536 578 633 616 ἔσται
652 578 707 616 ἵνα
720 577 921 630 φιλώμεθα,
942 577 1129 627 Γενώμεθα

109 638 230 686 καλοὶ,
257 639 316 676 καὶ
344 642 445 676 τοῦτο
469 638 711 691 ἐργαζώμεθα,
739 638 829 677 ὥστε
859 636 1010 689 ἐραστὰς
1037 636 1128 688 ἔχειν

107 699 174 736 ἀεί.
195 699 327 744 Μηδεὶς
355 699 576 742 σπουδαζέτω
597 701 616 718 ³³
629 698 677 749 μὴ
697 698 866 750 χρήματα
886 701 1056 743 κτᾶσθαι,
1081 696 1128 746 μὴ

110 759 331 810 ἀνδράποδα,
353 759 400 808 μὴ
424 758 555 805 οἰκίας,
585 760 631 801 ὣς
663 759 702 795 τὸ
732 760 926 809 φιλεῖσθαι,
946 759 992 798 ὡς
1021 757 1130 805 ὄνομα

107 820 258 870 χρηστὸν
280 818 383 870 ἔχειν.
405 821 569 870 Κρεῖττον
590 818 717 868 ὄνομα,
734 817 755 862 ἢ
779 819 924 860 πλοῦτος
942 815 1060 858 πολύς.
1079 815 1130 852 Τὸ

111 879 173 929 μὲν
195 879 262 931 γὰρ
283 879 399 929 με’νει,
419 881 436 915 ὁ
461 878 497 916 δὲ
514 878 707 916 ἀπόλλυται
725 893 732 900 ·
752 877 811 914 καὶ
836 877 875 914 τὸ
895 876 957 925 μὲν
990 875 1130 912 δυνατὸν

109 940 330 987 κτήσασθαι,
350 942 459 977 ἐκεῖνο
480 938 514 975 δὲ
535 938 712 976 ἀδύνατον.
731 936 774 974 eO
801 937 864 986 μὲν
889 936 956 987 γὰρ
975 934 1129 985 πονηρὰν

109 999 208 1043 δόξαν
227 999 346 1037 λαὸὼν
358 1027 368 1047 ,
389 997 568 1040 δυσκόλως
587 997 694 1042 αὐτὴν
716 995 930 1040 ἀποθήσεται
948 1009 955 1017 ·
978 998 995 1031 ὁ
1016 993 1050 1032 δὲ
1069 994 1130 1031 πέ-

109 1076 169 1106 νης
179 1060 313 1111 ταχέως
327 1060 465 1098 ἀπὸτοῦ
477 1058 642 1107 ὀνόματος
654 1057 751 1094 ἔσται
760 1054 934 1115 πλούσιος.
947 1054 1068 1092 ’Έστω
1080 1071 1131 1098 τις

110 1120 216 1171 μυρία
228 1120 381 1157 τάλαντα
392 1118 496 1169 ἔχων,
511 1121 528 1155 ὁ
542 1117 577 1154 δὲ
597 1117 715 1168 φίλους
731 1114 852 1152 ἑκατόν
868 1130 874 1137 ·
891 1117 987 1157 οὗτος
1000 1113 1129 1151 ἐκείνου

107 1178 354 1231 εὐπορώτερος.
378 1178 438 1222 Μὴ
458 1176 570 1214 τοίνυν
592 1178 710 1218 ἁπλῶς
728 1179 827 1212 τοῦτο
847 1177 1003 1224 ποιῶμεν
1019 1204 1027 1220 ,
1052 1175 1128 1211 ἀλλ’

107 1238 330 1289 ἐργαζώμεθα
352 1243 365 1258 ³
381 1241 426 1281 ὡς
449 1236 612 1288 εὐπορίαν
633 1235 723 1274 τινά.
747 1235 817 1273 Καὶ
837 1238 911 1277 πῶς
935 1235 1106 1285 δυνάμεθα
1121 1266 1131 1283 ,

109 1298 210 1349 φησί,
243 1297 381 1351 Λάρυγξ
412 1297 539 1349 γλυκὺς
571 1296 736 1342 πληθύνει
769 1295 887 1347 φίλους
913 1298 1014 1333 αὐτοῦ
1028 1326 1037 1342 ,
1071 1295 1131 1332 καὶ

107 1360 250 1409 γλῶσσα
270 1359 482 1410 εὐχάριστος.
505 1357 627 1407 Στόμα
649 1356 801 1408 εὔφημον
823 1355 1054 1405 κτησώμεθα,
1072 1355 1130 1392 καὶ

106 1420 254 1470 τρόπους
273 1419 453 1469 καθαρούς.
474 1421 551 1456 Οὐκ
576 1416 625 1454 ἔνι
648 1419 762 1455 λαθεῖν
795 1415 852 1453 τὸν
884 1415 975 1452 οὕτω
998 1416 1131 1453 διακεί-

108 1492 227 1526 μενον.

161 1665 258 1717 αΟρα
285 1665 377 1705 πόσα
401 1669 432 1704 οἱ
465 1665 586 1709 ἔξωθεν
618 1667 808 1712 ἐπενόησαν
837 1665 981 1716 φιλικὰ,
1014 1680 1131 1703 συντε-

109 1727 206 1764 κνίαν
222 1757 231 1775 ,
260 1727 451 1778 γειτονίαν,
476 1727 684 1779 συγγενείας.
707 1727 810 1766 Ἀλλὰ
841 1727 971 1765 τούτων
991 1727 1131 1764 πάντων

107 1786 152 1824 τὰ
172 1790 254 1840 παρ’
268 1790 350 1837 ἡμῖν
369 1788 562 1837 μείζονα·ἧ
581 1788 737 1839 τράπεζα
755 1787 841 1834 αὕτη
865 1786 1131 1839 αἷδεσιμωτέρα.

107 1848 240 1885 Πολλοὶ
261 1847 295 1885 δὲ
314 1850 383 1884 τῶν
407 1847 620 1900 προσιόντων
642 1848 719 1886 οὐδὲ
745 1848 845 1897 ἴσμεν
870 1846 1055 1893 ἀλλήλους.
1079 1847 1131 1885 Τὸ

106 1909 238 1953 πλῆθος
264 1911 365 1945 τοῦτο
392 1914 509 1957 ποιεῖ,
532 1908 650 1960 φησίν.
674 1910 872 1958 Οὐδαμῶς,
893 1909 969 1945 ἀλλ’
997 1911 1018 1953 ἡ
1040 1910 1132 1957 ἡμε-

107 1967 193 2019 τέρα
211 1968 551 2020 νωθεία.Τρισχίλιοι
572 1963 660 2014 ἦσαν
682 1970 740 2006 καὶ
758 1968 1036 2020 πεντακισίίλιοι
1049 1998 1058 2014 ,
1074 1968 1133 2006 καὶ

107 2029 233 2073 πάντες
254 2023 346 2080 εἶχον
369 2029 485 2081 ψυχὴν
513 2029 595 2080 μίαν
613 2045 620 2053 ·
641 2034 698 2067 νῦν
724 2028 759 2067 δὲ
778 2028 924 2072 ἕκαστος
950 2029 1006 2066 τὸν
1026 2030 1130 2067 ἀδελ-

108 2089 169 2139 φὸν
198 2092 335 2140 ἀγνοεῖ,
354 2090 414 2127 καὶ
434 2091 496 2127 οὐκ
516 2089 715 2141 αἰσχύνεται
745 2089 784 2128 τὸ
810 2091 940 2135 πλῆθος
961 2088 1130 2139 αἰτιώμε-

107 2164 173 2191 νος.
194 2149 238 2186 ‘O
259 2149 376 2198 μέντοι
409 2147 556 2192 πολλοὺς
576 2150 694 2201 φίλους
713 2150 820 2202 ἔχων,
844 2149 1019 2193 ἀνάλωτος
1034 2150 1128 2187 ἅπα-

108 2209 162 2246 σίν
190 2210 286 2255 ἐστι,
306 2209 470 2261 τυράννου
499 2210 628 2253 παντὸς
657 2204 754 2253 οἶτος
784 2209 1018 2262 ἰσχυρότερος.
1052 2212 1132 2261 Οὐχ

108 2269 216 2313 οὕτως
232 2272 359 2308 ἐκεῖνον
380 2273 410 2308 οἱ
428 2271 606 2323 δορυφόροι
624 2271 874 2321 φυλάττουσιν,
898 2273 944 2314 ὡς
962 2274 1081 2308 τοῦτον
1099 2273 1130 2308 οἱ

107 2329 221 2380 φίλοι·
253 2330 312 2367 καὶ
342 2330 582 2383 λαμπρότερος
613 2325 710 2373 οἶτος
738 2330 880 2368 ἐκείνου.
901 2330 946 2369 ‘O
974 2330 1035 2381 μὲν
1063 2331 1130 2383 γὰρ

105 2389 204 2440 παρὰ
223 2392 291 2428 τῶν
314 2393 416 2429 αὐτοῦ
439 2390 565 2429 δούλων
589 2392 823 2443 φυλάττεται,
845 2395 861 2429 ὃ
882 2391 917 2429 δὲ
945 2392 1041 2444 παρὰ
1061 2395 1129 2430 τῶν

103 2450 283 2501 ὁμοτίμων
298 2464 306 2472 ·
325 2451 383 2488 καὶ
403 2455 420 2489 ὀ
449 2451 510 2501 μὲν
532 2451 628 2504 παρὰ
647 2451 800 2490 ἀκόντων
820 2452 879 2489 καὶ
907 2452 1127 2499 δεδοικότων,

104 2504 202 2553 οὗτος
223 2510 258 2549 δὲ
277 2511 375 2562 παρὰ
393 2511 556 2559 ἑκόντων,
572 2512 631 2548 καὶ
650 2513 686 2548 οὗ
708 2512 911 2551 δεδοικότων
928 2528 935 2535 ·
958 2512 1017 2549 καὶ
1036 2513 1128 2550 ἔστιν

105 2571 189 2607 ἰδεῖν
207 2578 357 2622 πρᾶγμα
377 2571 574 2621 θαυμαστὸν
591 2602 600 2619 ,
622 2574 655 2609 ἓν
678 2573 819 2616 πολλοῖς
835 2572 916 2620 ἕνα,
936 2572 996 2610 καὶ
1024 2575 1058 2610 ἓν
1080 2573 1129 2610 ἑνὶ

105 2631 263 2674 πολλούς.
286 2632 354 2670 Καὶ
375 2633 534 2684 καθάπερ
564 2633 622 2670 ἐπὶ
646 2634 791 2684 κιθάρας
823 2633 996 2686 (διάφοροιι
1011 2633 1073 2683 μὲν
1097 2637 1128 2671 οἱ

106 2691 265 2743 φθόγγοι,
283 2690 299 2712 ¹³
313 2692 377 2742 μία
397 2692 431 2729 δὲ
452 2697 472 2739 ἡ
494 2693 690 2744 συμφωνία,
708 2688 754 2737 εἷς
771 2693 806 2732 δὲ
822 2698 839 2732 ὃ
857 2695 1018 2744 μουσικὸς
1035 2697 1052 2732 ὅ
1065 2693 1127 2740 τὴν

105 2754 250 2805 κιθάραν
278 2753 549 2805 μεταχειρίζων·
579 2753 684 2797 οὕτως
715 2756 880 2802 ἐνταῦθα,
912 2755 1039 2808 κιθάρα
1065 2754 1128 2805 μέν

106 2814 198 2850 ἐστιν
219 2813 305 2860 αὐτὴ
321 2817 342 2859 ἡ
364 2814 504 2865 ἀγάπη,
522 2814 664 2866 φθόγγοι
679 2815 714 2853 δὲ
733 2817 899 2867 ἠχοῦντες
914 2815 957 2853 τὰ
979 2817 1022 2853 δι’
1044 2816 1129 2867 ἀγά-

106 2889 174 2920 πης
189 2874 430 2926 προφερόμενα
447 2875 588 2926 ῥήματα
608 2875 742 2927 φιλικὰ,
761 2875 842 2926 μίαν
866 2875 925 2913 καὶ
941 2876 1004 2923 τὴν
1022 2877 1128 2924 αὐτὴν

106 2933 256 2977 ἅπαντες
275 2934 428 2986 ἀφιέντες
442 2935 609 2987 ἁρμονίαν
629 2936 688 2974 καὶ
709 2936 912 2988 συμφωνίαν
928 2953 936 2961 ·
956 2940 973 2975 ὃ
993 2937 1029 2975 δὲ
1049 2954 1130 2987 μευ-

106 2993 200 3035 σικὸς
213 2997 234 3038 ἡ
255 2996 316 3039 τῆς
331 2995 468 3045 ἀγάπης
488 2995 632 3046 δύναμις
646 3013 654 3020 ·
678 2996 764 3044 αὕτη
781 2997 897 3049 κρούει
912 2998 950 3036 τὸ
968 2998 1071 3047 μέλος
1091 2998 1130 3035 τὸ

136 3053 169 3066 ‘xl
202 3053 211 3066 2

107 3057 184 3098 ἦου.
214 3054 420 3105 Εὲουλόμην
443 3060 532 3107 ὑμᾶς
557 3059 698 3109 ἀγαγεῖν
717 3060 763 3101 εἰς
783 3058 884 3096 πόλιν
902 3059 1078 3106 τοιαύτην,
1101 3059 1133 3096 εἴ

1152 995 1175 1025 C

1155 1858 1179 1887 D

1197 404 1250 433 ter
1267 397 1383 434 affecti
1398 397 1558 436 erimus?
1577 399 1672 446 Quid
1686 400 1770 437 facit
1786 413 1974 451 corporum
1991 402 2178 438 amorem?

1199 457 1367 509 Corporis
1386 458 1509 496 forma.
1539 460 1663 510 Itaque
1690 469 1724 497 et
1751 460 1888 498 animas
1906 461 2077 498 formosas
2095 461 2179 499 effi-

1197 516 1345 567 ciamus,
1367 518 1568 569 erimusque
1594 529 1718 558 mutuo
1746 530 2016 559 amatoresznon
2043 531 2181 574 oportet

1196 577 1291 615 enim
1314 579 1428 616 solum
1458 594 1600 628 amare,
1622 581 1681 618 sed
1717 581 1823 619 etiam
1849 581 1972 619 amari.
2002 582 2124 619 Primo
2144 581 2181 618 id

1198 651 1440 688 assequamur,
1455 648 1493 676 ut
1506 654 1680 690 amemur,
1702 650 1734 678 et
1754 641 1847 678 illud
1864 640 1963 678 aliud
1980 641 2082 678 facile
2101 641 2179 679 crit.

1199 697 1387 743 Quomodo
1409 699 1518 736 amari
1536 700 1758 750 poterimus?
1772 700 1891 738 Simus
1911 701 2052 752 pulchri
2072 710 2103 738 ct
2118 701 2181 738 bo-

1199 757 1250 806 ni,
1266 767 1300 795 et
1314 758 1381 796 hoc
1397 759 1636 810 operabimur,
1652 768 1692 796 ut
1709 774 1846 811 semper
1864 770 2034 799 amatores
2052 761 2183 799 habea-

1200 830 1290 855 mus.
1310 819 1423 855 Nemo
1450 818 1499 855 ita
1518 827 1615 855 curet
1633 819 1799 870 pecunias
1819 820 1997 870 possidere
2009 851 2019 869 ,
2040 823 2097 860 vel
2112 836 2183 859 ser-

1200 890 1278 923 vos,
1299 877 1355 914 vel
1374 877 1513 925 domos,
1534 887 1574 914 ut
1593 879 1720 927 amari,
1746 887 1787 915 ut
1812 879 1946 916 bonum
1966 880 2095 918 habere
2116 896 2182 919 no-

1200 949 1295 972 men.
1317 937 1461 973 Melius
1477 945 1532 974 est
1553 951 1706 987 nomen,
1737 951 1854 989 quam
1880 939 2024 976 divitioe
2041 942 2182 979 multae.
2198 946 2290 973 Prov-
2318 954 2367 974 22·

1200 995 1298 1033 Illud
1316 996 1409 1033 enim
1428 1005 1559 1046 manet,
1584 997 1638 1034 hae
1657 1006 1805 1049 pereunt
1823 1013 1830 1034 :
1849 1006 1883 1035 et
1904 998 1995 1035 illud
2015 1000 2187 1050 possideri

1199 1064 1333 1107 potest,
1354 1055 1409 1093 hae
1434 1070 1519 1094 vero
1548 1056 1705 1094 minime.
1727 1059 1819 1095 Nam
1849 1057 1910 1108 qui
1932 1059 2064 1096 malam
2081 1059 2189 1098 habet

1200 1115 1347 1166 famam,
1370 1116 1433 1154 vix
1450 1117 1548 1154 illam
1570 1126 1735 1154 excutere
1750 1118 1896 1169 poterit,
1915 1133 2048 1171 pauper
2064 1133 2148 1158 vero
2169 1135 2188 1157 a

1201 1176 1344 1214 nomine
1364 1177 1432 1214 cito
1448 1177 1548 1216 dives
1564 1178 1641 1216 erit.
1655 1178 1709 1216 Sit
1730 1179 1808 1228 quis
1824 1178 1914 1216 dena
1929 1179 2043 1217 millia
2060 1181 2190 1218 talenta

1200 1236 1334 1275 habens
1348 1267 1358 1286 ,
1381 1238 1473 1275 alius
1495 1252 1579 1276 vero
1600 1239 1734 1276 amicos
1754 1239 1988 1277 centumzhic
2016 1240 2077 1278 illo
2098 1255 2190 1293 opu-

1200 1297 1329 1334 lentior
1357 1298 1435 1335 erit.
1457 1300 1510 1336 Ne
1535 1298 1647 1349 igitur
1678 1297 1746 1336 hoc
1775 1299 1889 1337 obiter
1920 1314 2097 1350 curemus,
2128 1300 2191 1338 sed

1201 1358 1301 1410 quasi
1320 1359 1515 1410 quamdam
1533 1359 1790 1397 abundantiam
1809 1375 2021 1411 quaeramus.
2040 1362 2086 1399 Et
2103 1375 2192 1412 quo-

1201 1419 1320 1469 modo,
1341 1420 1468 1470 inquit,
1484 1420 1706 1472 poterimus?
1725 1423 1765 1458 F
1763 1435 1842 1459 aux
1861 1423 1986 1460 dulcis
2006 1424 2191 1474 multipli-

1201 1490 1267 1519 cat
1282 1483 1441 1528 amicos,
1465 1490 1500 1519 et
1518 1482 1653 1533 lingua
1669 1485 1855 1534 gratiosa.
1873 1483 1923 1520 Os
1940 1484 2029 1521 bene
2044 1485 2192 1535 loquens

1202 1541 1445 1592 possideamus
1477 1551 1511 1579 et
1530 1556 1646 1580 mores
1673 1557 1793 1594 puros.
1829 1545 1908 1581 Non
1938 1554 2052 1596 potest
2082 1546 2192 1584 latere

1202 1603 1265 1653 qui
1287 1603 1337 1640 sic
1353 1603 1500 1641 affectus
1521 1612 1583 1642 est.

1254 1661 1292 1699 4.
1313 1660 1409 1700 Vide
1432 1670 1563 1711 quanta
1582 1662 1712 1700 amoris
1731 1662 1875 1700 vincula
1895 1664 2030 1701 externi
2047 1666 2194 1716 excogi—

1204 1721 1311 1759 tarint
1328 1736 1336 1757 :
1354 1721 1597 1773 adoptionem,
1634 1723 1819 1774 viciniam,
1855 1725 2090 1775 cognationes.
2121 1727 2194 1765 Sed

1203 1782 1260 1820 his
1281 1782 1446 1820 omnibus
1466 1791 1584 1821 nostra
1610 1792 1692 1820 sunt
1720 1785 1853 1836 majora
1871 1800 1878 1821 :
1898 1785 1972 1823 haee
1991 1801 2109 1824 mensa
2127 1802 2193 1825 ve-

1203 1842 1408 1881 nerabilior.
1421 1842 1529 1880 Multi
1550 1851 1669 1880 autem
1686 1858 1732 1881 ex
1750 1844 1808 1891 iis,
1825 1844 1884 1895 qui
1899 1845 2114 1895 accedimus,
2132 1861 2191 1885 ne-

1201 1917 1270 1955 que
1288 1917 1350 1941 nos
1366 1913 1490 1941 mutuo
1510 1904 1687 1943 novimus.
1706 1904 1782 1942 Hoc
1805 1906 1999 1944 multitudo
2021 1907 2120 1957 facit,
2137 1908 2191 1946 in-

1204 1964 1313 2014 quies.
1332 1965 1580 2015 Nequaquam,
1600 1963 1662 2002 sed
1677 1965 1820 2016 ignavia
1840 1976 1969 2006 nostra.
1987 1969 2059 2005 Ter
2078 1968 2189 2017 mille,

1202 2035 1237 2063 et
1257 2025 1443 2076 quinquies
1472 2026 1570 2063 mille
1600 2035 1702 2063 erant
1732 2027 1800 2073 illi,
1824 2036 1857 2065 et
1875 2042 1994 2066 omnes
2012 2029 2190 2067 habehant

1201 2085 1357 2123 animam
1376 2099 1502 2123 unam:
1517 2099 1610 2123 nunc
1626 2094 1743 2123 autem
1768 2087 1900 2138 singuli
1920 2089 2065 2127 fratrem
2085 2104 2188 2128 suum

1201 2145 1380 2196 ignorant,
1400 2159 1464 2183 nec
1482 2145 1591 2197 pudet
1609 2159 1667 2183 eos
1686 2146 1953 2185 multitudinem
1980 2159 2184 2200 praetexere.

1202 2206 1273 2251 Qui
1300 2206 1432 2244 multos
1448 2206 1558 2243 habet
1581 2206 1729 2257 amicos,
1758 2208 1922 2245 omnibus
1956 2219 2007 2246 est
2037 2210 2188 2262 inexpu-

1201 2266 1376 2317 gnabilis,
1402 2266 1532 2317 quovis
1558 2276 1711 2319 tyranno
1737 2268 1873 2307 fortior.
1903 2270 1982 2307 Non
2013 2270 2061 2307 ita
2084 2271 2187 2309 illum

1200 2326 1311 2364 alium
1330 2327 1509 2376 satellites,
1525 2336 1565 2365 ut
1579 2328 1675 2365 hunc
1694 2328 1799 2365 amici
1818 2330 2043 2367 custodiunt:
2057 2331 2187 2381 hicque

1200 2387 1328 2425 clarior
1346 2387 1409 2425 illo
1427 2396 1490 2425 est.
1505 2387 1570 2425 Ille
1588 2401 1741 2438 namque
1756 2403 1775 2426 a
1795 2389 1920 2437 servis,
1935 2390 1994 2427 hic
2008 2390 2053 2427 ab
2069 2405 2185 2442 aequa-

1199 2448 1295 2486 libus
1317 2447 1533 2486 custoditur:
1548 2448 1611 2485 ille
1628 2449 1673 2486 ab
1693 2449 1815 2488 invitis
1834 2458 1868 2488 et
1881 2450 2109 2499 timentibus,
2126 2452 2185 2489 hic

1199 2522 1216 2545 a
1238 2508 1444 2547 lubentibus
1470 2522 1533 2545 nec
1551 2509 1810 2560 metuentibus5
1834 2509 2025 2561 videreque
2041 2520 2093 2549 est
2109 2527 2184 2550 rem

1200 2569 1341 2618 miram,
1361 2568 1397 2605 in
1417 2568 1540 2606 multis
1555 2583 1681 2616 unum,
1699 2578 1733 2606 et
1752 2569 1788 2606 in
1811 2583 1881 2607 uno
1899 2571 2041 2609 multos.
2068 2574 2184 2622 Atque

1201 2639 1239 2667 ut
1258 2629 1294 2667 in
1312 2629 1448 2666 eithara
1462 2628 1594 2674 diversi
1613 2629 1689 2666 soni
1709 2638 1802 2678 sunt,
1822 2644 1892 2667 una
1909 2645 1993 2669 vero
2011 2633 2184 2684 sympho-

1200 2690 1270 2738 nia,
1286 2703 1447 2739 unusque
1465 2689 1622 2726 musicus
1645 2689 1706 2739 qui
1728 2689 1900 2728 citharam
1919 2691 2058 2742 pulsat:
2074 2693 2122 2730 ita
2151 2702 2184 2730 et

1199 2751 1258 2788 hie
1272 2767 1278 2787 :
1292 2751 1428 2788 eithara
1457 2750 1602 2800 quidem
1631 2759 1682 2787 est
1711 2751 1850 2800 caritas,
1867 2752 1943 2789 soni
1972 2767 2053 2791 vero
2074 2755 2184 2792 verba

1200 2812 1343 2850 caritate
1361 2811 1479 2863 plena,
1495 2811 1582 2849 dum
1611 2825 1730 2849 omnes
1751 2812 1858 2850 simul
1877 2827 1983 2851 unam
2007 2815 2184 2853 eamdem-

1200 2887 1268 2923 que
1285 2871 1508 2909 harmoniam
1524 2880 1556 2908 et
1570 2871 1819 2923 symphoniam
1833 2873 2014 2921 elfieiunt3
2029 2875 2183 2913 musicus

1201 2942 1319 2971 autem
1342 2941 1393 2970 est
1424 2932 1581 2970 caritatis
1599 2931 1714 2969 virtus
1730 2932 1826 2984 :ipsa
1845 2932 1949 2971 dulce
1972 2935 2081 2973 melos
2106 2937 2185 2986 pul-

1201 3005 1264 3033 sat.
1282 2995 1423 3034 Vellem
1442 3008 1505 3032 vos
1524 2993 1561 3031 in
1580 2993 1688 3031 talem
1705 2993 1884 3031 civitatem
1898 2994 2040 3045 ducere,
2060 2996 2089 3034 si
2107 2996 2186 3034 fieri

1201 3065 1330 3109 posset,
1345 3055 1407 3092 ubi
1428 3068 1520 3092 unus
1535 3063 1623 3091 esset
1641 3053 1794 3103 animus,
1812 3063 1846 3091 et
1863 3054 2002 3093 videres
2021 3056 2071 3093 ibi
2089 3071 2186 3108 sym-

108 3129 147 3164 γε
161 3115 321 3162 δυνατὸν,
333 3115 412 3154 ἔνθα
427 3117 488 3167 μία
499 3118 593 3170 ψυχὴ
609 3113 650 3164 ἦν
660 3150 669 3166 ,
681 3119 739 3157 καὶ
754 3114 840 3162 εἶδες
857 3119 897 3158 ἂν
908 3119 1000 3163 ὅπως
1015 3120 1131 3166 πάσης
1144 3153 1190 3177 307
1202 3117 1373 3170 phoniam
1387 3115 1484 3153 omni
1499 3114 1633 3152 cithara
1647 3123 1679 3151 et
1694 3114 1782 3151 tibia
1800 3115 1999 3153 suaviorem
2009 3117 2187 3168 ,nihilque

109 3173 253 3224 κιθάρας
267 3175 326 3212 καὶ
344 3177 470 3220 παντὸς
488 3179 591 3216 αὐλοῦ
606 3179 847 3231 ἁρμοδιωτέρα
861 3183 883 3226 ἧ
899 3183 969 3219 ἐκεῖ
988 3196 1132 3232 συμφω-
1156 3189 1182 3218 Α
1204 3177 1327 3216 absoni
1341 3177 1540 3214 habentem.
1556 3175 1639 3212 Haee
1658 3174 1809 3212 melodia
1829 3185 1862 3213 et
1875 3177 2017 3228 angelos
2035 3186 2069 3215 et
2083 3191 2190 3229 ange-

159 3286 173 3302 *
197 3287 261 3328 [μή
279 3286 457 3329 adjecimus
468 3300 484 3320 e
501 3290 542 3320 D.
555 3289 655 3323 Paulo
671 3290 789 3323 fortior
805 3290 882 3324 hinc
900 3292 1126 3336 dehortatio.]

156 3348 169 3362 ι·
195 3338 306 3370 Morel·
324 3343 362 3377 ὡς
384 3343 521 3384 εὐπορίαν
547 3348 631 3383 τινά,
649 3341 703 3373 alii
722 3344 780 3384 [A.
793 3345 829 3375 B.
844 3345 868 3376 C
888 3345 898 3386 ]
914 3350 950 3384 ὡς
976 3350 1123 3390 ἐμπορίαν

115 3396 191 3424 τινα.
212 3390 360 3433 Utraque
378 3390 476 3423 lectio
492 3391 655 3435 quadrare
671 3401 793 3436 potest.

1236 3293 1252 3317 b
1276 3292 1368 3323 Unus
1384 3294 1441 3333 μία
1466 3293 1495 3323 δὲ
1516 3293 1533 3328 ἡ
1551 3293 1690 3334 ἁρμονία,
1704 3294 1752 3323 καὶ
1768 3295 1821 3330 τὴν
1837 3294 1928 3330 αὐτὴν
1945 3294 2072 3330 ἅπαντες
2088 3298 2195 3336 ἀφῶσιν

1191 3349 1336 3388 ἁρμονίαν
1352 3347 1399 3376 καὶ
1417 3346 1593 3386 συμφωνίαν.

1950 3439 2013 3475 9-4.

2205 995 2229 1013 t.

2204 1429 2299 1459 Eccli.
2316 1429 2343 1458 6.
2364 1428 2391 1456 5.
