2502 3810
292 226 385 284 438
740 238 775 265 s.
817 235 996 267 Jomms
1033 235 1269 265 cHanosr.
1308 234 1513 265 ARcumP.
1553 236 1903 268 εοκετΑκτιλ-οι).

290 321 385 358 (lomi
407 337 414 356 ι
436 320 552 357 multae
572 332 723 366 namque
743 324 964 367 tempestates
983 328 1045 351 nos
1059 315 1208 365 jactant,
1228 323 1262 351 et
1334 315 1505 362 ἐννόησον,
1524 316 1556 352 τί
1575 318 1667 353 ἐστιν
1693 316 1789 366 ἅγιον
1817 318 1925 369 ἄνδρα
1945 313 2030 356 εἶναι
2049 321 2081 356 ἐν
2103 319 2205 370 οἰκίᾳ·
2230 320 2352 358 πολλοὶ

291 380 347 415 hi>-
369 380 469 427 longe
490 373 767 427 gravi01·es;sed
796 380 910 423 potest
937 373 1034 409 Deus
1054 380 1087 408 et
1110 385 1174 408 nos
1191 385 1262 408 ser-
1334 375 1403 427 γὰρ
1423 379 1452 413 οἱ
1480 379 1652 426 χειμῶνες
1678 377 1738 414 καὶ
1770 380 1853 426 ἡμῖν
1884 379 2107 430 ἐφίστανται,
2141 381 2199 417 καὶ
2234 381 2351 431 πολλῷ

292 453 388 484 vare,
411 437 513 474 modo
541 433 723 472 credamus
741 432 870 469 sanctis
888 431 980 469 sicut
1006 431 1076 480 illi,
1095 431 1123 468 si
1152 431 1263 468 facia-
1335 435 1464 473 τούτων
1484 435 1740 487 χαλεπώτεροι,
1769 437 1858 474 ἀλλὰ
1885 439 2024 476 δύναται
2053 440 2111 478 καὶ
2131 444 2224 490 ἡμᾶς
2249 439 2352 491 χαρί-

290 512 368 536 mus
392 511 468 547 quae
486 495 537 531 illi
556 493 777 545 praecipiunt.
796 494 917 542 Neque
938 492 1032 529 enim
1053 492 1266 543 simpliciter
1288 505 1313 534 D
1338 500 1484 544 σασθαι,
1520 496 1621 546 μόνον
1651 497 1710 534 ἐὰν
1736 497 1935 547 πειθώμεθα
1967 505 2037 542 τοῖς
2065 501 2173 551 ἁγίοις
2196 501 2354 552 καθάπερ

288 567 483 604 Seffantur,
500 553 559 592 sed
579 554 685 591 etiam
704 553 771 605 ipsi
788 553 895 590 fidem
909 553 1112 590 attulerunt.
1129 551 1266 590 Etiam—
1337 559 1458 595 ἐκεῖνοι
1473 588 1481 604 ,
1506 557 1546 594 ἂν
1562 560 1716 608 ποιῶμεν
1740 557 1761 594 ἃ
1779 558 2062 608 προστάττουσιν.
2083 563 2135 599 Οὐ
2154 561 2220 615 γὰρ
2237 562 2355 604 ἁπλῶς

289 620 316 655 si
338 619 479 654 vinctus
496 616 540 653 sit
564 624 714 662 sanctus,
742 614 876 665 majora
905 623 1084 665 operatur,
1104 628 1212 664 quam
1238 613 1263 651 ii
1337 618 1528 664 σώζονται,
1560 618 1650 656 ἀλλὰ
1678 618 1736 656 καὶ
1758 619 1854 657 αὐτοὶ
1887 619 2003 657 πίστιν
2033 621 2247 672 εἰσήνεγκαν.
2281 622 2355 660 Κᾶν

287 681 347 731 qui
367 679 471 717 soluti
492 687 583 716 sunt.
604 679 651 716 Et
672 678 739 715 hoe
752 676 933 715 considera
956 677 1015 714 hic
1033 677 1179 714 factum.
1199 677 1265 715 So·
1337 675 1512 731 δέσμιος-ἶ,
1529 683 1546 717 ὁ
1565 680 1678 731 ἅγιος,
1699 684 1766 718 τῶν
1783 681 1978 731 λελυμένων
2002 682 2141 732 μείζονα
2159 684 2353 736 ἐργάζεται.

286 742 382 778 lutus
413 740 570 777 centurio
593 739 712 776 vincto
731 738 792 775 illo
819 738 972 776 habebat
999 752 1087 790 opus
1108 753 1116 774 τ
1133 738 1261 790 guber·
1337 739 1352 759 ¹’
1366 741 1436 778 Καὶ
1453 741 1575 779 σκόπει
1597 746 1696 779 τοῦτο
1721 744 1866 779 ἐνταῦθα
1885 742 2126 793 γεγενημένον.
2145 743 2188 781 Ὁ
2207 745 2356 795 λελυμέ-

287 811 387 839 nator
402 801 536 853 peritus
552 814 605 850 eo,
625 800 685 850 qui
703 813 771 837 non
788 799 999 850 gubernator
1018 808 1103 847 erat,
1119 798 1264 850 egebat3
1336 818 1390 845 νος
1410 802 1660 854 ἑκατόνταρχος
1678 804 1782 841 αὐτοῦ
1803 804 1911 841 ἐδεῖτο
1930 807 1989 841 τοῦ
2017 803 2196 853 δεδεμένου
2213 821 2220 827 ·
2241 808 2258 842 ὁ
2277 807 2356 842 ἐπι-

287 862 358 899 imo
376 876 460 899 vero
482 861 726 912 gubernatore.
749 860 827 897 Non
849 859 944 896 enim
965 859 1071 896 talem
1097 859 1265 911 scapham
1338 862 1479 913 στήμων
1493 863 1707 915 κυὸερνῆτης
1730 867 1789 902 τοῦ
1806 864 1853 914 μὴ
1875 864 2083 915 κυὲερνῆτου
2106 865 2248 917 ἔχρῃζε,
2271 868 2357 915 μᾶλ-

287 922 518 972 gubernabat,
537 920 597 957 sed
617 920 711 957 orbis
728 919 940 968 Ecclesiam,
962 920 1007 956 ab
1035 919 1098 957 illo
1121 919 1265 957 edoctus
1337 925 1394 961 λον
1427 923 1461 961 δὲ
1489 928 1547 961 τοῦ
1574 924 1680 966 ὄντως
1699 924 1921 976 κυὸερνήτου.
1939 925 1992 962 Οὐ
2020 925 2087 977 γὰρ
2106 929 2258 962 τοιοῦτον
2282 927 2358 963 ἐκυ-

289 983 397 1032 quiet
423 982 530 1019 maris
551 981 724 1018 Dominus
754 989 819 1027 est,
839 994 907 1017 non
929 980 1085 1017 humana
1103 989 1190 1029 arte,
1204 978 1266 1017 sed
1338 983 1441 1035 δέρνα
1461 984 1608 1036 σκάφος,
1627 985 1717 1023 ἀλλὰ
1737 989 1798 1031 τῆς
1820 985 2023 1035 οἰκουμένης
2043 985 2104 1031 τὴν
2128 987 2357 1032 Ἐκκλησίαν,

289 1053 321 1081 et
341 1043 518 1096 spirituali
535 1042 715 1094 sapientia.
733 1042 772 1078 In
799 1041 865 1078 hae
885 1041 1015 1092 scapha
1042 1041 1154 1078 multa
1178 1054 1266 1078 nau-
1337 1048 1420 1096 παρ’
1442 1045 1570 1083 ἐκείνου
1593 1045 1710 1095 μαθὼν
1728 1050 1787 1084 τοῦ
1805 1046 1863 1084 καὶ
1881 1047 2057 1092 θαλάσσης
2077 1047 2256 1084 Δεσπότου
2269 1077 2278 1094 ,
2297 1049 2359 1084 οὐκ

91 1123 118 1141 2,
138 1114 249 1149 (12127.
288 1105 416 1156 fragia,
437 1104 541 1141 multi
558 1104 701 1146 fluetus,
718 1102 866 1154 spiritus
876 1102 1058 1152 nequitiae,
1075 1104 1186 1139 Intus
1197 1116 1265 1153 pu·
1340 1105 1536 1157 ἀνθρωπίνῃ
1564 1106 1668 1158 τέχνη
1682 1136 1691 1153 ,
1720 1106 1809 1144 ἀλλὰ
1839 1109 2059 1157 πνευματικῇ
2091 1106 2205 1160 σοφίᾳ.
2229 1109 2290 1145 Ἐν
2311 1110 2359 1159 τῷ

90 1156 117 1182 5’
287 1181 385 1218 gnte,
408 1167 507 1217 foris
529 1167 693 1201 timores.
713 1164 834 1213 Itaque
855 1177 938 1201 vere
968 1163 1182 1214 gubernator
1206 1162 1268 1199 ille
1290 1170 1313 1199 E
1339 1166 1464 1218 σκάφει
1482 1165 1592 1218 τούτῳ
1611 1166 1724 1205 πολλὰ
1739 1167 1888 1218 ναυάγια
1906 1197 1915 1215 ,
1937 1167 2051 1205 πολλὰ
2072 1166 2231 1218 κύματα,
2257 1167 2360 1205 πνεύ-

289 1236 373 1264 erat.
394 1226 490 1265 Vide
507 1235 625 1263 autem
646 1234 754 1262 totam
773 1225 883 1262 vitam
898 1233 1067 1271 nostram,
1088 1223 1267 1274 quomodo
1341 1242 1435 1277 ματα
1450 1226 1637 1278 πονηρίας,
1656 1227 1812 1265 Ἔσωθεν
1834 1228 1967 1279 μάχαι,
1988 1227 2107 1271 ἔξωθεν
2127 1228 2226 1280 φόῧοι
2242 1245 2249 1252 ·
2270 1229 2361 1266 ὥστε

291 1287 369 1324 talis
391 1287 446 1324 sit.
470 1285 669 1336 Aliquando
689 1286 782 1323 enim
801 1285 985 1323 elementia
1005 1285 1173 1335 fruimur,
1202 1285 1266 1322 ali·
1340 1287 1492 1341 &ffwwc
1518 1287 1730 1339 κυὸερνήτης
1763 1291 1889 1332 ἐκεῖνος
1917 1283 1973 1334 ἦν.
1997 1288 2092 1340 εὈροι
2121 1289 2162 1335 δὴ
2195 1290 2252 1327 τὸν
2289 1290 2361 1340 βίον

288 1348 429 1399 quaudo
443 1356 648 1400 tempestate
664 1348 858 1399 jactamur;
882 1346 988 1384 modo
1007 1347 1053 1384 ob
1070 1346 1267 1384 inconside-
1340 1349 1440 1398 ἡμῶν
1461 1349 1599 1386 ἅπαντα
1625 1352 1699 1392 πῶς
1730 1348 1880 1392 τοιοῦτός
1900 1352 1985 1387 ἐστι,
2014 1349 2107 1387 Ποτὲ
2132 1350 2193 1399 μὲν
2215 1350 2283 1401 γὰρ
2303 1366 2362 1402 φι-

290 1409 440 1446 rantiam
465 1417 497 1446 et
521 1408 700 1459 ignaviam
731 1408 765 1444 in
796 1407 894 1445 mille
924 1408 1017 1445 mala
1046 1407 1238 1444 incidimus
1259 1422 1267 1442 z
1340 1409 1561 1462 λανορωπίας
1580 1409 1813 1459 ἀπολαύομεν,
1834 1409 1918 1448 ποτὲ
1933 1410 1968 1448 δὲ
1988 1414 2181 1461 χειμῶνος,
2201 1411 2285 1448 ποτὲ
2306 1410 2364 1448 καὶ

291 1471 361 1507 imo
379 1471 446 1507 hoc
461 1469 573 1520 magis
587 1470 638 1519 fit,
654 1469 736 1520 quia
756 1469 907 1507 Paulum
925 1483 994 1506 non
1009 1468 1186 1515 audimus,
1207 1467 1269 1504 ubi
1341 1472 1423 1521 παρ’
1446 1469 1574 1507 οἰκείαν
1592 1470 1768 1516 ἀδουλίαν,
1788 1470 1847 1507 καὶ
1863 1470 1959 1522 παρὰ
1985 1472 2024 1509 τὸ
2055 1474 2219 1522 ῥᾳθυμεῖν
2240 1470 2276 1510 δὲ
2297 1487 2363 1521 μυ-

290 1531 496 1568 festinamus
517 1530 634 1580 aliquo
654 1530 716 1579 ire,
739 1544 807 1580 quo
828 1529 987 1567 ille'non
1006 1529 1119 1580 jubet.
1141 1527 1268 1565 Nobis·
1344 1530 1427 1581 ρίοις
1448 1530 1667 1580 ἐμπίπτομεν
1696 1536 1835 1573 κακοῖς·
1861 1533 1990 1580 μᾶλλον
2022 1531 2057 1568 δὲ
2084 1535 2183 1570 τοῦτο
2210 1532 2362 1583 γίνεται,

291 1607 371 1629 cum
401 1593 493 1629 enim
520 1593 624 1629 etiam
646 1605 737 1629 nunc
763 1590 918 1641 navigat,
934 1590 994 1627 sed
1030 1604 1099 1627 non
1128 1599 1166 1627 ut
1186 1600 1270 1627 tunc
1342 1590 1438 1643 παρὰ
1474 1591 1512 1628 τὸ
1549 1597 1597 1640 μὴ
1638 1590 1772 1629 ἀκούειν
1809 1591 1975 1636 Παύλου,
2015 1592 2096 1630 ὅταν
2141 1592 2367 1643 ἐπειγώμεθά

292 1652 627 1689 vinctus:1101·tat11r
644 1650 750 1688 etiam
770 1663 863 1686 nunc
878 1663 949 1698 eOS,
973 1650 1080 1699 quiin
1096 1650 1164 1686 hoe
1181 1647 1270 1686 mari
1342 1666 1407 1688 που
1428 1652 1601 1696 ἀπελθεῖν,
1621 1650 1701 1688 ἔνθα
1723 1650 1770 1701 μὴ
1791 1650 1935 1688 κελεύει.
1962 1653 2126 1702 Συμπλεῖ
2144 1653 2210 1704 γὰρ
2230 1652 2290 1690 καὶ
2309 1653 2368 1690 νῦν

91 1724 148 1751 As!
168 1722 275 1750 2o.28.
292 1712 472 1762 navigant,
492 1711 648 1760 dicitque
671 1726 678 1745 τ
702 1710 908 1746 Attendite
928 1712 1041 1746 vohis
1073 1712 1164 1760 ipsis
1187 1724 1197 1744 :
1215 1712 1271 1745 in·
1342 1714 1442 1762 ἡμῖν,
1473 1712 1548 1748 ἀλλ’
1585 1713 1621 1749 οὔ
1654 1711 1847 1761 δεδεμένος,
1884 1711 2041 1765 καθάπερ
2075 1713 2168 1751 τότε·
2204 1720 2369 1766 παραινεῖ

92 1774 142 1803 29·
292 1774 513 1824 grodz'entur
523 1775 621 1808 enim
637 1778 722 1822 post
733 1770 939 1807 discessum
950 1783 1074 1807 meum
1091 1770 1171 1821 lupi
1183 1783 1272 1821 gra-
1286 1811 1332 1838 403
1344 1771 1402 1809 καὶ
1419 1775 1489 1819 νῦν,
1504 1771 1563 1809 καὶ
1581 1771 1674 1823 λέγει
1689 1778 1759 1814 τοῖς
1778 1774 1811 1810 ἐν
1828 1775 1870 1819 τῇ
1891 1772 2044 1824 Θαλάττῃ
2065 1773 2172 1824 ταύτῃ
2191 1789 2199 1797 ·
2228 1774 2368 1824 Προσέ,

93 1853 122 1870 2.
145 1844 221 1869 Tun*
235 1841 263 1869 3.
296 1848 356 1871 ves
385 1836 425 1870 in
452 1835 585 1875 voln's;
607 1841 639 1870 et
667 1846 809 1870 rursum
833 1847 840 1868 :
862 1835 910 1869 In
931 1834 1148 1869 novissimis
1183 1840 1274 1868 tem·
1296 1848 1322 1877 A
1345 1848 1426 1884 χετε
1447 1835 1600 1876 ἑαυτοῖς·
1619 1832 1869 1871 εἰσελεύσονται
1887 1832 1954 1885 γὰρ
1981 1833 2070 1883 μετὰ
2090 1833 2152 1881 τὴν
2172 1833 2285 1885 ἄφιξίν
2303 1850 2368 1884 μου

98 1893 121 1910 ”
142 1892 169 1910 ²*
290 1897 444 1946 poribus
474 1896 673 1931 instabunt
709 1902 880 1945 tempora
900 1895 1052 1945 gravia,
1093 1901 1129 1930 et
1163 1901 1275 1930 erunt
1346 1893 1445 1931 λύκοι
1464 1896 1578 1946 βαρεῖς
1596 1896 1643 1937 εἰς
1660 1897 1767 1945 ὑμᾶς·
1788 1895 1846 1932 καὶ
1861 1894 1979 1942 πάλιν,
1993 1895 2055 1932 Ἐν
2071 1895 2223 1947 ὑστέροις
2238 1901 2370 1947 καιροῖς

295 1958 467 1992 homines·
494 1957 552 1991 sui
570 1963 758 2001 amantes,
778 1956 903 1998 avari,
936 1961 1172 2004 arrogantes.
1207 1952 1275 1990 Hic
1348 1955 1571 2001 ἐνστήσονται
1591 1956 1706 2007 καιροὶ
1722 1955 1893 2007 χαλεποὶ,
1917 1956 1976 1993 καὶ
1992 1956 2128 1994 ἔσονται
2145 1959 2175 1993 οἱ
2194 1957 2371 2007 ἅνθρωποι

295 2017 386 2055 enim
406 2016 564 2055 omnium
583 2015 815 2067 gravissimus
833 2014 978 2067 spiritus
1000 2023 1063 2052 est.
1349 2015 1529 2067 φίλαυτοι,
1550 2016 1776 2067 φιλάργυροι,
1794 2015 1968 2059 ἀλαζόνες.
1988 2019 2021 2054 Τ
2025 2020 2104 2054 οῧτο
2132 2016 2271 2054 πάντων
2299 2032 2371 2068 χα-

1347 2076 1544 2129 λεπώτερον
1565 2078 1632 2114 τῶν
1652 2076 1872 2127 πνευμάτων.

141 2155 226 2182 Fides
240 2160 285 2180 «u-
354 2141 390 2178 5.
422 2142 630 2178 Maneamus
651 2140 760 2190 igitur
781 2138 843 2177 ubi
863 2138 924 2176 ille
941 2138 1058 2190 jubet,
1081 2138 1116 2175 in
1137 2137 1220 2186 fide,
1241 2139 1278 2177 in
1402 2138 1574 2187 Μένωμεν
1591 2131 1648 2175 οὖν
1663 2136 1743 2175 ἔνθα
1757 2136 1889 2175 κελεύει
1905 2137 1962 2174 ἐπὶ
1980 2140 2041 2183 τῆς
2056 2137 2224 2183 πίστεως,
2243 2137 2299 2174 ἐπὶ
2314 2141 2374 2175 τοῦ

99 2203 142 2223 tus
160 2203 271 2233 portus.

300 2211 377 2239 tuto
393 2211 497 2253 portu
519 2217 524 2236 z
546 2202 663 2253 ipsum
686 2200 798 2251 magis
817 2199 1136 2249 audiamus,quam
1153 2200 1279 2250 guber·
1350 2198 1488 2248 λιμένος
1513 2202 1572 2236 τοῦ
1606 2198 1780 2249 ἀσφαλοῦς
1796 2213 1803 2220 ·
1826 2199 1930 2235 αὐτοῦ
1961 2200 2093 2247 μᾶλλον
2128 2196 2325 2248 ἀκούωμεν,
2351 2197 2374 2243 ἢ

301 2272 459 2300 natorem
482 2262 543 2312 qui
568 2271 618 2298 est
652 2262 687 2298 in
712 2260 830 2309 nobis,
852 2260 1026 2298 rationem
1045 2260 1203 2310 inquam.
1226 2262 1279 2298 Ne
1351 2262 1410 2295 τοῦ
1429 2258 1640 2309 κυὸερνήτου
1659 2261 1718 2294 τοῦ
1747 2259 1780 2294 ἐν
1801 2260 1898 2307 ἡμῖν,
1919 2258 2077 2295 τουτέστι
2107 2262 2166 2295 τοῦ
2192 2259 2374 2308 λογισμοῦ.

300 2323 470 2361 faciamus
488 2337 525 2359 ea
540 2336 617 2372 quse
637 2321 695 2358 hie
715 2321 883 2372 suggerit,
897 2334 960 2357 nec
980 2334 1058 2369 quae
1077 2320 1276 2369 nauclerus,
1353 2318 1413 2364 Μὴ
1444 2319 1534 2369 ἅπερ
1556 2318 1596 2354 ἂν
1617 2317 1796 2368 ὑποὸάλλῃ
1827 2313 1923 2360 οὗτος
1937 2348 1946 2364 ,
1967 2320 2134 2367 ποιῶμεν,
2166 2318 2214 2367 μὴ
2247 2319 2336 2371 ἅπερ
2355 2322 2372 2355 ὁ

302 2385 363 2423 sed
386 2399 462 2435 quae
484 2383 616 2420 Paulus
636 2398 642 2418 :
664 2382 794 2419 multas
813 2380 946 2418 similes
964 2380 1074 2418 subiit
1089 2388 1280 2432 tempesta-
1351 2378 1544 2428 ναύκληρος
1561 2408 1570 2424 ,
1605 2379 1682 2415 ἀλλ’
1704 2378 1794 2429 ἅπερ
1819 2378 1858 2414 ἂν
1877 2382 1894 2416 ὁ
1916 2379 2055 2421 Παῦλος
2069 2393 2076 2400 ·
2100 2377 2241 2430 μυρίους
2260 2378 2373 2416 τοιού-

303 2456 365 2483 tes.
385 2447 438 2483 Ne
456 2443 672 2496 experientia
692 2443 890 2490 discamus;
916 2440 978 2478 sed
998 2450 1077 2478 ante
1095 2441 1281 2492 experien-
1354 2455 1431 2481 τους
1463 2439 1579 2483 διῆλθε
1608 2441 1798 2489 χειμῶνας.
1833 2438 1895 2484 Μὴ
1925 2442 1967 2490 τῇ
1993 2438 2097 2491 πείρᾳ
2129 2439 2374 2489 μανθάνωμεν,

303 2506 392 2543 tiam
407 2506 560 2543 vitemus
583 2513 614 2541 et
633 2502 798 2555 injuriam
821 2511 854 2539 et
869 2502 1060 2552 jacturam.
1083 2500 1179 2538 Audi
1197 2501 1285 2552 quid
1307 2504 1330 2533 B
1357 2498 1445 2537 ἀλλὰ
1464 2499 1531 2551 πρὸ
1550 2501 1611 2544 τῆς
1639 2499 1759 2550 πείρας
1778 2498 1998 2550 κερδάνωμεν
2026 2500 2085 2536 καὶ
2105 2499 2203 2551 ὕὸριν
2232 2499 2291 2536 καί
2312 2501 2376 2546 ζη-

109 2587 133 2605 ι.
156 2577 230 2605 Tim.
261 2573 291 2606 6.
308 2566 425 2604 dicat:
445 2568 518 2616 Qui
538 2565 672 2602 volunt
689 2562 938 2614 divitesfieri,
957 2562 1135 2598 incidunt
1150 2564 1192 2598 in
1208 2570 1286 2599 ten·
1359 2559 1452 2610 μίαν.
1472 2559 1635 2598 Ἄκουσον
1665 2563 1698 2597 τί
1732 2575 1834 2611 φησιν
1851 2575 1858 2582 ·
1891 2562 1937 2598 Οἱ
1968 2559 2171 2610 βουλόμενοι
2201 2562 2377 2608 πλουτεῖν,

105 2628 136 2655 9·
308 2630 503 2665 tationem.
521 2624 716 2663 Credamus
735 2636 819 2674 ergo
838 2622 868 2659 ei
891 2637 898 2657 :
918 2635 1001 2659 nam
1018 2620 1102 2659 vide
1121 2621 1208 2672 quid
1230 2635 1287 2659 ac·
1357 2621 1587 2671 ἐμπίπτουσιν
1605 2623 1651 2663 εἰς
1669 2620 1875 2673 πειρασμόν.
1899 2620 2109 2668 Πειθώμεθα
2126 2620 2238 2658 τοίνυν
2261 2622 2354 2672 αὐτῷ
2366 2650 2376 2666 ,

306 2687 431 2725 ciderit
455 2687 511 2735 iis,
531 2685 591 2736 qui
611 2698 679 2722 non
699 2682 939 2721 crediderunt.
963 2682 1012 2719 Et
1030 2695 1173 2719 rursum
1199 2682 1286 2720 alibi
1359 2682 1432 2720 ἐπεὶ
1452 2681 1510 2719 καὶ
1531 2683 1654 2719 ἐκεῖνοι
1675 2680 1722 2731 μὴ
1741 2681 1956 2726 πεισθέντες,
1977 2685 2078 2734 ὁρᾶτε
2094 2681 2128 2719 τί
2143 2681 2284 2719 ἔπαθον.
2307 2682 2376 2719 Καὶ

111 2764 135 2783 1.
167 2757 241 2784 Tam.
266 2766 290 2784 ι.
305 2749 404 2797 dicit,
422 2748 507 2799 quid
538 2746 722 2797 naufragia
746 2743 896 2796 pariant.
921 2744 997 2794 Qui
1022 2743 1286 2795 naufragave-
1358 2743 1463 2781 πάλιν
1484 2741 1734 2794 ἑτέρωθιλέγει
1749 2772 1758 2788 ,
1784 2742 1817 2779 τί
1844 2749 1936 2780 ποιεῖ
1951 2743 2119 2792 ναυάγια·
2138 2741 2292 2787 Οῗτινες,
2310 2757 2377 2792 φη-

112 2806 157 2833 ¹9·

306 2819 396 2848 runt
415 2813 517 2848 circa
530 2809 671 2861 fidem,
692 2805 816 2856 inquit.
836 2805 895 2841 Tu
926 2817 1011 2841 vero
1042 2817 1145 2841 mane
1168 2804 1203 2841 in
1231 2804 1286 2853 iis,
1359 2803 1425 2851 σὶν,
1445 2803 1660 2854 ἐναυάγησαν
1682 2803 1762 2855 περὶ
1791 2802 1852 2849 τὴν
1883 2802 2013 2840 πίστιν.
2033 2802 2083 2840 Σὺ
2101 2801 2136 2839 δὲ
2165 2802 2244 2851 μένε
2266 2803 2300 2838 ἐν
2328 2805 2377 2845 οῖς

307 2886 385 2922 quae
407 2869 564 2908 didicisti
583 2878 616 2905 et
643 2866 837 2905 credidisti.
859 2863 1055 2902 Credamus
1080 2864 1190 2902 Paulo
1213 2880 1222 2901 :
1241 2864 1288 2901 li-
1359 2865 1483 2915 ἔμαθες
1501 2864 1560 2901 καὶ
1579 2864 1788 2909 ἐπιστώθης.
1818 2862 2029 2913 Πειθώμεθα
2059 2861 2209 2913 Παύλῳ·
2244 2861 2307 2899 κᾶν
2343 2864 2376 2899 ἐν

306 2942 359 2970 cet
375 2933 412 2969 in
431 2931 547 2969 media
567 2937 774 2981 tempestate
796 2927 918 2972 simus,
944 2926 1087 2963 omnino
1107 2941 1125 2963 a
1148 2926 1288 2978 pericu·
1361 2926 1457 2976 μέσῳ
1484 2918 1577 2974 ὦμεν
1599 2927 1770 2976 χειμῶνι,
1789 2923 1928 2966 πάντως
1956 2922 2278 2973 ἀπαλλαγησόμεθα
2309 2926 2378 2961 τῶν

305 2994 349 3030 lis
367 2992 600 3030 liberabimur
611 3006 622 3040 3
644 2989 782 3028 etiamsi
800 2987 1068 3040 quatuordecim
1088 2987 1216 3025 diebus
1226 2988 1288 3039 je-
1360 2985 1523 3024 κινδύνων
1537 3000 1544 3008 ·
1565 2984 1628 3021 κᾶν
1649 2983 1966 3036 τεσσαρεσκαίδεκα
1984 2983 2133 3034 ἡμέραις
2150 2983 2261 3021 ἄσιτοι
2279 2988 2292 3004 ³
2305 2985 2378 3021 διοι-

301 3054 380 3106 juni
400 3053 647 3100 manserimus,
668 3050 733 3088 etsi
757 3064 835 3102 spes
860 3048 984 3087 salutis
1015 3047 1202 3096 exciderit,
1221 3049 1287 3086 etsi
1362 3047 1532 3098 μένωμεν,
1551 3045 1614 3083 κᾶν
1638 3048 1660 3090 ἡ
1687 3045 1782 3087 ἐλπὶς
1801 3047 1863 3089 τ’ῆς
1891 3044 2065 3097 σωτηρίας
2087 3044 2238 3095 ἐκπέσῃ,
2259 3044 2323 3082 κᾶν
2343 3046 2377 3081 ἐν

306 3115 341 3152 in
361 3114 514 3151 tenebris
527 3122 559 3150 et
579 3111 729 3163 caligine
747 3123 939 3158 versemur,
947 3107 1125 3146 credentes
1142 3108 1207 3145 eia
1224 3122 1285 3160 pe·
1360 3107 1473 3158 σκότῳ
1496 3100 1590 3157 ὦμεν
1613 3105 1672 3143 καὶ
1691 3104 1805 3156 γνόφῳ
1818 3136 1827 3152 ,
1847 3104 2043 3148 πεισθέντες
2075 3106 2168 3157 αὐτῷ
2180 3135 2189 3152 ,
2211 3107 2376 3143 ἀπαλλα-

305 3174 425 3211 riculis
451 3173 696 3210 liberabimur.
724 3170 857 3209 Navim
883 3183 956 3207 esse
978 3176 1143 3220 putemus
1171 3177 1286 3206 totum
1310 3176 1333 3207 C
1359 3168 1536 3219 γησόμεθα
1556 3169 1624 3204 τῶν
1644 3166 1821 3204 κινδύνων.
1839 3168 1967 3205 Πλοῖον
1988 3160 2075 3204 εἶναι
2098 3167 2293 3217 νομίζωμεν
2313 3166 2376 3212 τὴν

346 3313 362 3335 b
379 3312 474 3351 Haec,
493 3316 540 3345 καὶ
561 3318 658 3345 σκόπει
683 3314 770 3344 τοῦτο
790 3313 916 3344 ἐνταῦθα
937 3312 1138 3351 γεγενημένον,
1156 3306 1249 3340 deest
1270 3307 1304 3339 in
1415 3316 1429 3331 ⁸
1446 3306 1607 3349 [μένωμεν
1623 3306 1664 3337 D.
1679 3309 1825 3348 μείνωμεν
1839 3304 1876 3336 C.
1895 3303 1937 3336 Iu
1952 3304 1990 3337 B.
2003 3311 2035 3337 et
2055 3305 2093 3337 Α.
2113 3311 2202 3337 totus
2217 3301 2376 3335 articulus

305 3361 513 3404 quibusdam.
1371 3357 1492 3398 abest]
