2502 3810
318 378 380 416 per
389 363 624 414 adoptionem.
638 362 699 400 51.
721 363 827 412 Quid
843 375 930 414 ergo
945 363 1114 400 dicemus
1128 363 1181 399 ad
1196 363 1296 400 lzoec?

316 429 366 462 Ae
376 426 404 462 si
412 424 556 471 diceret,
565 425 618 461 Ne
628 438 710 476 ergo
718 424 885 477 miliijam
894 425 937 463 de
944 426 1113 477 periculis
1121 426 1293 475 loquaris,

318 501 380 525 nec
399 487 443 524 de
461 487 599 524 insidiis
616 487 660 524 ab
679 488 844 525 omnibus
854 489 1000 540 paratis.
1014 491 1106 527 Nam
1122 489 1152 526 si
1165 488 1295 526 futuris

317 550 464 600 quidam
496 563 566 587 non
597 549 706 587 fidem
733 551 879 601 habent,
910 560 945 588 at
979 551 1025 589 de
1050 553 1126 604 jam
1158 551 1295 589 collatis

315 611 416 649 bonis
435 612 527 649 nihil
548 622 669 651 contra
687 612 805 651 dicere
823 615 977 665 possint3
997 614 1100 652 verbi
1119 615 1232 665 gratia
1251 614 1295 652 de

315 688 447 723 amore,
465 688 570 724 quem
586 677 681 712 Deus
695 689 776 726 erga
792 685 823 713 te
831 676 968 725 habuit,
981 671 1293 728 dejustificatione,

314 737 358 774 de
396 736 517 787 gloria.
550 737 693 774 Etenim
719 738 796 775 hece
814 738 881 776 tibi
912 753 977 790 per
1008 753 1062 787 ea,
1085 753 1162 789 quae
1182 739 1295 777 tristia

313 814 386 838 esse
396 800 621 850 videbantur,
641 800 789 852 largitus
803 810 854 839 est
871 818 878 838 :
899 810 932 839 et
948 801 1045 851 quod
1061 811 1164 854 turpe
1174 802 1296 840 existi-

314 864 434 901 mabas
460 878 547 913 esse,
577 878 732 912 crucem,
756 865 910 916 flagella,
931 866 1091 914 vincula,
1115 866 1190 904 haec
1215 875 1297 904 sunt

313 942 392 977 quae
420 937 534 965 totum
549 928 669 965 orbem
683 927 719 964 in
739 927 899 965 ordinem
918 928 1140 979 redegerunt.
1162 929 1297 975 Quem-

314 988 506 1026 admodum
536 988 646 1040 igitur
672 989 731 1039 iis,
767 1003 844 1039 quae
872 989 946 1041 ipse
972 1004 1095 1042 passus
1114 999 1179 1038 est,
1215 991 1299 1029 licet

315 1066 353 1089 ea
367 1052 480 1089 tristia
494 1066 566 1089 esse
582 1050 802 1099 viderentur,
818 1052 862 1089 ad
879 1053 1080 1090 libertatem
1096 1062 1129 1091 et
1147 1054 1297 1093 salutem

315 1115 423 1152 totius
443 1123 575 1151 naturae
592 1127 676 1150 usus
695 1122 745 1150 est
766 1129 773 1149 ι
794 1114 841 1151 ita
867 1115 903 1151 in
928 1113 971 1151 iis
996 1128 1074 1164 quae
1103 1123 1140 1151 tu
1169 1116 1298 1166 pateris

315 1191 418 1228 agere
435 1177 535 1225 solet,
552 1176 639 1213 dum
655 1176 697 1213 iis
713 1175 758 1213 ad
777 1177 927 1227 gloriam
941 1186 974 1214 et
991 1176 1185 1215 claritatem
1202 1187 1298 1215 tuam

316 1239 442 1277 utitur.
472 1240 511 1277 Si
541 1240 647 1276 Deus
674 1252 743 1289 pro
774 1241 896 1285 nobis,
927 1241 1012 1290 quis
1036 1248 1173 1277 contra
1203 1254 1270 1278 nos
1283 1245 1299 1278 Ρ

317 1299 407 1347 Quis
425 1298 519 1336 enim
537 1313 606 1336 non
630 1307 748 1336 contra
767 1312 830 1336 nos
847 1307 911 1346 est,
933 1299 1071 1349 inquit?
1092 1301 1183 1337 Nam
1202 1301 1298 1338 orbis

315 1369 420 1407 totus,
449 1360 614 1410 tyranni,
643 1359 791 1411 populi,
814 1359 969 1410 cognati,
990 1359 1153 1397 coneixes
1177 1370 1297 1398 contia

316 1433 378 1456 nos
398 1429 489 1456 sunt.
509 1422 669 1456 Attamen
683 1418 734 1467 hi,
752 1419 812 1469 qui
830 1427 950 1455 contra
970 1432 1032 1456 nos
1047 1428 1142 1466 sunt,
1158 1428 1296 1457 tantum
1310 1421 1356 1445 ⁵⁹⁶

315 1480 413 1517 abest
433 1489 470 1517 ut
488 1480 590 1518 nobis
605 1488 765 1524 noceant,
780 1488 818 1516 ut
838 1479 944 1516 etiam
963 1493 984 1516 v
977 1479 1045 1515 el
1036 1493 1096 1516 mv
1100 1479 1139 1516 iti
1156 1494 1297 1518 corona-

315 1555 396 1578 rum
426 1541 527 1578 nobis
548 1550 579 1578 et
607 1540 704 1577 mille
728 1539 904 1576 bonorum
932 1548 1092 1576 auctores
1119 1540 1201 1589 sint,
1230 1542 1296 1579 Dei

313 1601 483 1652 sapientia
508 1600 655 1638 insidias
675 1600 710 1636 in
735 1600 883 1636 salutem
904 1608 937 1636 et
962 1599 1112 1650 gloriam
1140 1610 1295 1640 nostram

313 1670 478 1699 vertente.
492 1661 621 1700 Viden'
638 1659 817 1710 quomodo
832 1659 951 1697 nullus
966 1669 1085 1697 contra
1100 1675 1163 1698 nos
1175 1662 1191 1699 ‚⁹
1204 1663 1297 1700 Nam

311 1724 378 1760 hoe
404 1722 536 1761 Jobum
558 1721 836 1773 splendidiorem
855 1721 981 1769 effecit,
1004 1721 1100 1772 quod
1126 1722 1295 1762 diabolus

310 1793 431 1821 contra
458 1798 539 1820 eum
567 1792 723 1820 armatus
749 1791 837 1820 esset
861 1799 868 1820 :
890 1782 1021 1820 amicos
1053 1783 1147 1821 enim
1174 1795 1295 1823 contra

310 1846 428 1897 ipsum
444 1845 610 1882 adhibuit
629 1853 661 1882 et
681 1858 842 1891 uxorem,
859 1843 1008 1882 vulnera
1024 1873 1033 1891 ,
1060 1843 1271 1885 domesticos
1284 1877 1293 1895 ‚

310 1919 350 1943 ae
369 1905 466 1943 mille
485 1905 571 1942 alias
590 1904 700 1942 movit
719 1903 883 1941 diabolus
903 1904 1103 1955 machinas,
1125 1915 1159 1943 et
1177 1915 1294 1945 tamen

311 1966 402 2002 nihil
416 1966 483 2016 ipsi
498 1965 587 2003 mali
601 1963 727 2003 evenit.
746 1967 790 2001 At
804 1963 872 2001 hoc
888 1963 1046 2001 nondum
1061 1965 1108 2003 ita
1124 1981 1294 2018 magnum

312 2036 377 2077 est,
399 2027 464 2064 etsi
478 2026 584 2065 valde
601 2039 769 2076 maguum
788 2026 852 2071 sit3
872 2025 933 2063 sed
948 2026 1045 2074 quod
1062 2027 1165 2079 longe
1181 2030 1294 2081 majus

313 2099 378 2135 est,
404 2088 521 2126 onmia
544 2088 579 2125 in
603 2088 738 2125 bonum
765 2097 799 2125 et
818 2088 958 2125 lucrum
978 2089 1053 2140 ejus
1079 2103 1178 2128 versa
1199 2101 1293 2129 sunt.

315 2150 411 2197 Quia
430 2149 522 2187 enim
543 2151 640 2187 Deus
659 2163 724 2200 pro
744 2149 806 2186 illo
833 2159 920 2194 erat,
944 2164 1022 2200 quae
1050 2160 1170 2189 contra
1191 2151 1296 2190 illum

315 2210 527 2247 videbantur
550 2224 637 2255 esse,
658 2210 692 2246 in
720 2210 795 2260 ejus
816 2210 1095 2248 emolumentum
1111 2212 1294 2251 cedebant.

319 2271 394 2308 IIoc
423 2271 458 2306 in
487 2269 656 2321 apostolis
690 2283 829 2319 quoque
856 2271 1013 2321 contigit.
1044 2273 1135 2309 Nam
1163 2274 1294 2320 Judaei,

319 2333 487 2384 gentiles,
512 2333 592 2369 falsi
620 2333 763 2380 fratres,
790 2332 980 2384 principes,
1011 2335 1149 2386 populi,
1172 2336 1297 2383 fames,

319 2402 524 2446 paupertas,
556 2392 654 2430 mille
684 2392 752 2429 alia
786 2402 905 2430 contra
938 2393 1018 2431 illos
1046 2405 1144 2432 erant
1160 2411 1170 2445 3
1207 2396 1299 2433 nihil

767 283 803 311 S.
842 282 1025 312 JOANMS

319 2468 434 2495 tamen
449 2465 565 2494 contra
580 2456 671 2493 illos.
687 2456 769 2493 Haec
783 2456 915 2507 quippe
928 2456 1082 2494 maxime
1095 2467 1205 2504 erant,
1220 2473 1299 2509 quae

320 2520 400 2558 illos
422 2528 454 2558 et
473 2518 569 2571 apud
588 2520 704 2556 Deum
724 2527 757 2556 et
780 2519 878 2571 apud
899 2519 1058 2558 homines
1077 2521 1298 2572 splendidos,

320 2583 477 2620 illustres
514 2591 548 2619 et
581 2581 778 2619 laudabiles
814 2582 1022 2621 reddebant.
1062 2584 1184 2634 Cogita
1218 2599 1300 2635 ergo

319 2652 491 2694 quantum
520 2643 656 2680 dietum
675 2642 831 2680 emiserit
852 2643 986 2681 Paulus
1010 2643 1054 2682 de
1079 2644 1247 2682 fidelibus
1269 2654 1304 2682 et

318 2720 402 2743 vere
419 2705 620 2753 crucifixis,
641 2718 719 2755 quae
735 2718 776 2742 ne
796 2704 825 2742 is
845 2704 1005 2755 quidem,
1025 2706 1085 2755 qui
1105 2705 1302 2744 diademate

319 2766 521 2815 redimitur,
539 2766 675 2816 assequi
690 2765 812 2816 possit.
827 2766 919 2802 Nam
934 2774 1053 2803 contra
1074 2765 1177 2803 illum
1198 2767 1302 2805 multi

318 2827 461 2864 barbari
480 2835 676 2871 armantur,
698 2834 731 2862 et
746 2825 881 2863 inimici
901 2825 1116 2877 irrumpunt,
1135 2827 1302 2865 satellites

320 2887 465 2924 insidias
479 2894 615 2938 parant,
635 2884 860 2923 subditorum
875 2885 979 2922 multi
994 2899 1084 2937 saepe
1098 2886 1301 2938 insurgunt,

319 2957 352 2986 et
368 2949 550 2985 innumera
570 2947 637 2984 alia
655 2947 862 2997 contingunt
881 2961 889 2981 :
911 2954 1031 2983 contra
1049 2945 1192 2984 fidelem
1205 2961 1300 2997 vem,

319 3009 381 3059 qui
394 3008 534 3059 legibus
545 3007 609 3045 Dei
622 3007 775 3044 intentus
787 3015 850 3055 est,
859 3019 927 3043 non
939 3006 1057 3055 homo,
1069 3020 1139 3045 non
1150 3006 1301 3057 daemon,

319 3084 388 3107 non
407 3068 592 3120 quidpiam
611 3067 711 3105 aliud
726 3077 816 3105 stare
835 3066 955 3119 possit.
975 3067 1066 3104 Nam
1085 3068 1114 3104 si
1135 3069 1302 3119 pecunias

319 3131 468 3177 auferas,
496 3128 692 3166 mercedem
712 3127 779 3178 ipsi
808 3126 959 3178 parasti,
991 3127 1020 3164 si
1047 3127 1300 3175 maledixeris,

320 3210 382 3247 per
395 3195 625 3233 maledictum
641 3193 920 3246 splendidiorem
939 3192 1058 3244 ipsum
1073 3193 1171 3245 apud
1188 3196 1304 3233 Deum

320 3262 489 3309 effecisti,
520 3263 549 3299 si
570 3261 695 3298 famem
723 3260 866 3310 inferas,
899 3261 1012 3311 major
1040 3260 1106 3298 erit
1134 3261 1248 3312 gloria
1272 3271 1304 3299 et

320 3342 467 3376 merces;
494 3328 547 3377 si,
570 3328 667 3378 quod
686 3328 847 3366 omnium
867 3328 1117 3380 gravissimum
1144 3329 1299 3379 videtur,

364 3451 375 3463 ἀ
402 3437 533 3480 [Iidem
555 3440 728 3481 ysyvljofffi]

1061 281 1298 311 CHRYSOST·
1339 281 1545 313 ARCfflEP.
1583 282 1919 313 CONSTANTINOP
1928 303 1937 312 .

1370 361 1450 406 ξασε
1469 364 1524 402 διὰ
1539 366 1601 410 τῆς
1619 364 1779 416 χάριτος,
1796 364 1851 401 διὰ
1872 367 1934 411 τῆς
1951 364 2131 406 υἱοθεσίας.
2150 364 2197 402 Τί
2216 357 2272 402 οἷν
2294 365 2387 416 ἐροῦ·
2410 407 2416 411 ,

1370 438 1433 473 μεν
1463 424 1548 475 πρὸς
1565 428 1697 471 ταῦτα,
1719 423 1780 467 Ὡς
1808 424 1848 461 ἂν
1869 423 1977 476 εἴποι,
1999 424 2046 474 μὴ
2077 423 2190 462 τοίνυν
2218 424 2298 475 λέγε
2329 439 2387 474 μοι

1368 484 1486 522 λοιπὸν
1503 484 1583 536 περὶ
1598 488 1667 522 τῶν
1688 485 1866 532 κινδύνων,
1887 485 1946 522 καὶ
1965 488 2028 532 τ’ἧς
2042 484 2138 537 παρὰ
2157 484 2296 522 πάντων
2314 487 2388 522 ε’πι-

1368 544 1494 588 &oux-q
1445 561 1504 591 ης.

1367 605 1458 642 ἀλλὰ
1479 605 1565 657 πρὸς
1582 605 1626 643 τὰ
1646 605 1712 652 ἤδη
1733 621 1771 656 γε
1774 621 1948 656 γενημενα
1969 606 2082 656 ἀγαθὰ
2100 605 2195 644 οὖδεν
2221 622 2260 643 αν
2278 606 2389 657 ἔχοιεν

1368 667 1494 703 εἰπεῖν
1516 669 1597 713 οἱον,
1618 682 1680 712 την
1707 665 1836 703 ἄνωθεν
1863 681 1922 703 του
1955 668 2045 705 Θεου
2075 666 2160 717 πρὸς
2191 665 2228 704 σὲ
2259 665 2389 717 φιλίαν,

1527 546 1572 583 Εἰ
1590 544 1668 621 γΗὰρ
1676 560 1736 582 και
1754 550 1826 589 τοῖς
1845 545 2009 596 μέλλουσί
2030 561 2118 589 τινες
2137 547 2388 591 διαπιστοῧσιν,

1368 742 1430 772 την
1445 725 1638 772 δικαίωσιν,
1656 725 1717 773 τὴν
1739 725 1851 769 δόξαν.
1866 726 1936 764 Και
1955 725 2023 779 γὰρ
2044 726 2154 764 ταύτά
2173 740 2227 763 σοι
2246 725 2301 763 διὰ
2320 729 2387 763 τῶν

1369 786 1557 825 δοκούντων
1579 780 1665 824 εἶναι
1683 788 1849 838 λυπηρῶν
1882 786 2091 839 ἐχαρίσατο·
2114 787 2173 824 καὶ
2202 787 2286 837 ὅπερ
2312 785 2389 824 ἐνό-

1370 850 1464 898 μιζες
1483 847 1648 899 αἰσχύνην
1670 840 1757 884 εἶναι
1769 874 1779 893 ,
1795 847 1852 885 τὸν
1876 848 2033 898 σταυρὸν,
2051 846 2112 890 τὰς
2139 847 2329 898 μάστιγας,
2346 846 2391 885 τὰ

1371 907 1502 958 δεσμὰ,
1527 907 1638 945 ταῦτά
1667 910 1757 945 ἐστιν
1788 907 1810 944 ἃ
1836 907 1899 953 τὴν
1931 906 2134 956 οἰκουμένην
2162 905 2390 958 κατώρθωσεν

1371 969 1521 1007 ἅπασαν.
1538 969 1678 1021 ”Ω.σπερ
1697 963 1753 1005 οῧν
1774 963 1822 1011 οἷς
1845 968 1945 1012 αὐτὸς
1971 968 2099 1015 ἔπαθε,
2119 968 2232 1006 καίτοι
2251 983 2290 1018 γε
2306 983 2392 1005 σκυ-

1371 1032 1518 1080 θρωποῖς
1533 1023 1656 1067 εἶναι
1638 1043 1796 1075 οοκουσι,
1818 1028 1950 1072 τούτοις
1970 1031 2018 1071 εἷς
2038 1028 2228 1080 ἐλευθερίαν
2246 1043 2304 1066 και
2325 1044 2393 1066 σω-

1370 1089 1492 1142 τηρίαν
1511 1106 1573 1135 της
1592 1089 1725 1141 φύσεως
1745 1091 1811 1127 ἀπε
1798 1089 1974 1143 γρήσατο
2003 1089 2138 1135 πάσης·
2156 1088 2243 1126 ούτω
2270 1104 2329 1125 και
2356 1090 2391 1126 ἐν

1371 1154 1418 1193 οἷς
1439 1150 1540 1192 αὐτος
1560 1150 1742 1200 ὑπομένεις
1760 1155 1870 1187 ποιεῖν
1895 1149 2028 1196 εἴωθεν,
2060 1150 2106 1191 εἷς
2127 1148 2224 1192 δόξαν
2246 1163 2305 1186 σου
2332 1148 2392 1185 καὶ

1371 1210 1594 1260 εὐδοκίμησιν
1622 1216 1694 1254 τοῖς
1728 1216 1797 1252 σοῖς
1831 1208 2081 1262 ἀποχρώμενος
2109 1209 2269 1247 πάθεσιν.
2296 1210 2341 1246 Εἰ
2374 1211 2392 1246 5

1371 1272 1459 1314 Θεὸς
1479 1271 1566 1323 ὑπὲρ
1596 1274 1712 1321 ἡμῶν,
1734 1271 1785 1314 τίς
1818 1272 1896 1308 καθ’
1929 1272 2049 1320 ἡμῶν,
2070 1269 2135 1312 Τίς
2162 1269 2229 1322 γὰρ
2249 1271 2285 1307 05
2313 1271 2390 1307 καθ’

1370 1335 1484 1403 ἡμῶν,
1513 1332 1617 1383 φησί,
1637 1331 1704 1369 Καὶ
1730 1331 1798 1384 γὰρ
1825 1334 1847 1377 ἠ
1870 1330 2053 1381 οἰκουμένη
2076 1332 2152 1368 καθ’
2185 1333 2298 1380 ἡμῶν,
2333 1329 2392 1367 καὶ

1370 1390 1528 1443 τύραννοι
1561 1407 1620 1429 και
1664 1392 1769 1441 οῆμοι
1815 1406 1873 1428 και
1911 1395 2085 1440 συγγενεῖς
2124 1389 2184 1426 καὶ
2222 1391 2362 1426 πολῖται
2383 1405 2391 1412 ·

1322 1453 1448 1489 Αάλλ’
1470 1451 1562 1501 ὅμως
1593 1454 1686 1488 οὑτοι
1720 1453 1751 1488 οἱ
1781 1452 1858 1488 καθ’
1891 1453 1992 1500 ἡμῶν
2013 1464 2172 1488 τοσουτον
2203 1448 2392 1500 ἀπέχουσιν

1369 1511 1571 1564 ἐπηρεάζειν
1605 1515 1703 1562 ημῖν,
1738 1510 1790 1548 ὅτι
1824 1510 1884 1548 καὶ
1913 1510 2054 1553 ἄκοντες
2095 1509 2272 1561 στεφάνων
2308 1513 2394 1560 ἡμῖν

1370 1572 1474 1610 αἴτιοι
1487 1571 1661 1623 γίνονται,
1676 1571 1734 1609 καὶ
1756 1570 1887 1622 μυρίων
1909 1572 2046 1622 ἀγαθῶν
2064 1569 2240 1623 πρόξενοι,
2259 1571 2321 1615 τῆς
2336 1574 2396 1608 τοῦ

1369 1635 1459 1672 Θεοῦ
1488 1632 1608 1685 σοφίας
1627 1632 1688 1676 τὰς
1707 1631 1894 1674 ἓπιὸουλὰς
1925 1633 1973 1674 εἷς
2000 1631 2063 1678 τὴν
2085 1630 2258 1684 ἡμετέραν
2280 1646 2396 1677 σωτη-

1372 1693 1445 1745 ρίαν
1477 1694 1536 1732 καὶ
1570 1692 1669 1737 δόξαν
1702 1692 1906 1744 τρεπούσης.
1935 1691 2045 1744 εΟρᾷς
2075 1695 2149 1734 πῶς
2178 1691 2287 1734 οὐδεὶς
2316 1694 2393 1729 καθ’

1367 1757 1486 1804 ἡμῶν,
1504 1753 1574 1792 Καὶ
1593 1753 1660 1807 γὰρ
1678 1753 1736 1791 τὸν
1757 1753 1840 1791 Ἰὼί
1856 1758 1955 1791 τοῦτο
1973 1752 2215 1805 λαμπρότερον
2233 1751 2397 1806 ἐποίησε,

1368 1816 1406 1853 τὸ
1426 1817 1635 1862 ὁπλισθ-Νηναι
1657 1817 1734 1852 κατ’
1757 1817 1861 1852 αὐτοῦ
1888 1814 1945 1852 τὸν
1966 1814 2137 1852 ὃιάὲολον.
2160 1813 2229 1852 Καὶ
2248 1813 2315 1865 γὰρ
2337 1814 2397 1852 καὶ

1368 1876 1485 1929 φίλους
1503 1878 1580 1915 κατ’
1602 1879 1727 1925 αὐτοῦ,
1744 1876 1804 1915 καὶ
1816 1883 1963 1927 γυναῖκα
1975 1878 2052 1914 κατ’
2071 1878 2172 1913 αὐτοῦ
2185 1903 2195 1921 ,
2210 1875 2269 1913 καὶ
2287 1874 2396 1927 τραύ-

1370 1954 1464 1989 ματα
1483 1954 1542 1976 και
1558 1938 1692 1981 οἰκέτας
1707 1938 1765 1976 καὶ
1787 1938 1895 1989 μυρία
1913 1953 2016 1990 ετερα
2039 1941 2056 1975 5
2083 1937 2205 1975 διάὸολ
2207 1953 2241 1979 ος
2260 1937 2396 1983 ἐκίνησε

1370 2015 1630 2051 μηχανηυματα
1652 1999 1711 2037 καὶ
1728 1999 1857 2037 οὔδὲν“
1844 1998 1939 2050 ὅμως
1957 2000 2034 2036 κατ’
2058 2000 2161 2036 αὐτου
2180 1997 2311 2049 γέγονε.
2326 1999 2397 2036 Καὶ

1369 2060 1465 2099 οὔπω
1488 2076 1589 2098 τουτο
1605 2062 1698 2098 αὖτοΝ)
1718 2060 1830 2111 μέγα,
1849 2060 1963 2098 καίτοι
1984 2059 2116 2111 σφόορα
2143 2058 2234 2109 μέγα
2250 2059 2299 2107 ὂν,
2321 2058 2396 2097 ἀλλ’

1369 2120 1387 2159 5
1406 2122 1525 2173 πολλῷ
1542 2124 1656 2169 μεῖζον
1678 2115 1771 2168 ἧν,”
1751 2137 1802 2158 οτι
1824 2137 1884 2158 και
1900 2120 1987 2173 ὑπερ
2016 2121 2119 2158 αὐτου
2136 2119 2252 2158 πάντα
2283 2119 2397 2166 ἐξέὸη.

1370 2181 1518 2228 Ἔπειοη
1532 2198 1600 2235 γαρ
1620 2185 1637 2220 5
1653 2181 1775 2225 Θεὸς
1758 2197 1799 2228 ην
1815 2181 1901 2234 ὑπερ
1918 2184 2021 2219 αὐτοῦ
2034 2209 2044 2227 ,
2058 2197 2117 2219 και
2137 2181 2181 2218 τὰ
2196 2183 2275 2218 κατ’
2295 2182 2400 2218 αὐτου

1372 2243 1538 2279 δοκουντα
1559 2247 1666 2289 εἶναι,
1683 2242 1745 2279 tm&
1733 2257 1769 2293 ρ
1790 2244 1891 2279 αὐτου
1907 2242 2055 2280 πάνταε
2039 2241 2187 2293 ἰ(ε’νετο.
2208 2243 2322 2280 Τουτο
2338 2241 2398 2279 καὶ

1372 2302 1428 2339 ἐπι
1448 2305 1517 2339 τῶν
1537 2301 1740 2340 ἀποστοΓων
1764 2302 1906 2348 συνέὸη.
1928 2302 1998 2339 Καὶ
2018 2302 2085 2354 γὰρ
2107 2301 2166 2340 καὶ
2187 2304 2217 2339 οἱ
2237 2301 2399 2339 Ἰουδαῖοι

1372 2377 1431 2399 και
1460 2365 1522 2400 oi.g
1509 2378 1543 2406 ,ς
1528 2362 1667 2400 ’ἐθνῶν
1691 2378 1750 2400 και
1779 2364 1809 2400 οἱ
1828 2362 2056 2414 ψευδάδελφοι
2085 2378 2145 2400 και
2173 2375 2204 2400 οι
2232 2362 2400 2436 ἄργοντες

1371 2439 1430 2460 και
1466 2426 1496 2461 οἱ
1524 2424 1627 2473 δῆμοι
1649 2438 1708 2460 και
1737 2423 1833 2472 λιμοι
1864 2439 1922 2460 και
1950 2422 2065 2460 πενίαι
2091 2438 2151 2460 και
2185 2422 2291 2475 μυρία
2322 2423 2400 2460 κατ’

1374 2486 1484 2521 αὐτῶν
1518 2487 1580 2530 ἠν,
1616 2499 1676 2521 και
1712 2483 1806 2521 οὐδὲν
1839 2484 1916 2521 κατ’
1957 2485 2083 2521 αὐτῶν.
2126 2482 2184 2521 Τὰ
2223 2483 2291 2535 γὰρ
2334 2482 2401 2533 μά

1372 2546 1474 2583 λιστα
1502 2544 1698 2591 ποιήσαντα
1733 2543 1855 2587 αὐτους
1878 2543 2059 2595 λαμπρους
2092 2560 2152 2582 και
2179 2551 2400 2596 περιφανεῖς,

1376 2605 1435 2643 καὶ
1467 2604 1564 2656 παρὰ
1592 2606 1674 2643 Os&
1711 2621 1771 2642 και
1807 2605 1903 2656 παρὰ
1936 2604 2174 2655 ἀνθρώποις
2191 2603 2400 2651 ἐπαινετους,

1375 2665 1487 2703 ταῦτα’
1512 2668 1617 2703 ἐστιν.
1644 2665 1830 2712 Ἐννόησον
1861 2669 1918 2703 οὖν
1944 2665 2064 2712 ηλίκον
2088 2665 2285 2742 ἐφθέγξατο
2304 2668 2400 2717 ρημα

1375 2728 1392 2762 5
1424 2725 1563 2767 Παῦλος
1590 2739 1669 2776 περι
1700 2726 1769 2762 τῶν
1811 2727 1945 2762 πιστῶν
1978 2740 2037 2761 και
2079 2724 2232 2776 ἀκριοῶς
2271 2726 2397 2761 ἐσταυ-

1377 2784 1554 2836 ρωμένων,
1585 2784 1602 2822 ὃ
1635 2786 1716 2834 μηδ’
1758 2788 1775 2823 5
1811 2785 1850 2823 τὸ
1881 2785 2035 2834 διάδημα
2069 2783 2310 2837 περικείμενος
2342 2783 2399 2821 δύ-

1374 2848 1462 2883 ναιτ’
1481 2845 1522 2883 ἂν
1536 2845 1641 2896 ἔχειν.
1663 2845 1763 2883 Κατὰ
1781 2845 1848 2897 γὰρ
1869 2844 1997 2882 ἐκείνου
2013 2845 2134 2883 πολλοὶ
2151 2845 2210 2883 καὶ
2228 2844 2398 2896 βάρὸαροι

1375 2905 1681 2955 καθοπλιζόμενοι,
1703 2905 1762 2942 καὶ
1778 2904 1939 2955 πολέμιοι
1956 2904 2129 2952 ἐπιόντες,
2147 2905 2206 2943 καὶ
2234 2920 2399 2954 σωματο-

1375 2966 1524 3019 φύλακες
1542 2966 1839 3013 ἐπιὸουλεύοντες,
1856 2966 1915 3003 καὶ
1945 2969 2013 3003 τῶν
2045 2965 2248 3017 ἀρχομένων
2276 2965 2400 3003 πολλοὶ

1375 3027 1544 3070 πολλάκις
1573 3026 1843 3077 ἐπανιστάμενοι
1867 3029 2040 3077 συνεχῶς,
2062 3026 2121 3063 καὶ
2149 3026 2249 3077 ἕτερα
2271 3025 2375 3078 μυρία
2392 3041 2399 3049 ·

1376 3087 1467 3126 κατὰ
1482 3087 1518 3125 δὲ
1538 3091 1597 3125 τοῦ
1611 3091 1736 3125 πιστοῦ
1755 3086 1814 3124 καὶ
1829 3086 2060 3138 προσέχοντος
2078 3087 2230 3139 ἀκριὸῶς
2247 3091 2317 3128 τοῖς
2341 3090 2400 3124 τοῦ

1378 3150 1469 3187 Θεοῧ
1489 3148 1604 3198 νόμοις
1618 3176 1627 3193 ,
1645 3149 1706 3185 οὐκ
1725 3147 1923 3198 ἄνθρωπος,
1941 3149 1977 3184 οὐ
1994 3147 2142 3197 δαίμων,
2163 3149 2224 3185 οὐκ
2244 3147 2329 3184 ἄλλο
2345 3149 2401 3185 οὖ-

1379 3208 1432 3247 δὲν
1464 3211 1668 3254 ἀντιστῆναι
1696 3206 1894 3253 δυνήσεται.
1910 3207 1968 3245 Ἄν
1990 3224 2028 3245 τε
2044 3207 2110 3259 γὰρ
2130 3206 2299 3259 χρήματα
2314 3207 2401 3258 ἀφέ-

1377 3271 1458 3319 λῃς,
1480 3269 1600 3319 μισθὸν
1618 3270 1711 3321 αὐτῷ
1740 3267 1993 3320 προεξέν·Γ,σας’
2021 3268 2061 3305 ἄν
2081 3284 2120 3305 τε
2150 3269 2264 3310 κακῶς
2283 3268 2399 3318 εἴπῃς,

1378 3330 1433 3368 διὰ
1455 3332 1516 3376 τῆς
1536 3329 1731 3381 δυσφημίας
1762 3328 2003 3382 λαμπρότερον
2039 3328 2205 3376 ἐποίησας
2226 3327 2321 3379 παρὰ
2348 3330 2398 3378 τῷ
