<?xml version="1.0" encoding="UTF-8"?>
<!DOCTYPE html PUBLIC "-//W3C//DTD XHTML 1.0 Transitional//EN"
    "http://www.w3.org/TR/xhtml1/DTD/xhtml1-transitional.dtd">
<html xmlns="http://www.w3.org/1999/xhtml" xml:lang="en" lang="en">
 <head>
  <title>
</title>
<meta http-equiv="Content-Type" content="text/html;charset=utf-8" />
  <meta name='ocr-system' content='tesseract 3.04.00' />
  <meta name='ocr-capabilities' content='ocr_page ocr_carea ocr_par ocr_line ocrx_word'/>
</head>
<body>
  <div class='ocr_page' id='page_1' title='image "./operaomniaquaeex09johnuoft/operaomniaquaeex09johnuoft_0725.png"; bbox 0 0 2502 3810; ppageno 0'>
   <div class='ocr_carea' id='block_1_1' title="bbox 714 245 1179 279">
    <p class='ocr_par' dir='ltr' id='par_1_1' title="bbox 714 245 1179 279">
     <span class='ocr_line' id='line_1_1' title="bbox 714 245 1179 279; baseline -0.009 0"><span class='ocrx_word' id='word_1_1' title='bbox 714 249 758 279; x_wconf 72' lang='lat' dir='ltr'>IN</span> <span class='ocrx_word' id='word_1_2' title='bbox 795 247 935 279; x_wconf 84' lang='lat' dir='ltr'><strong>EPIST.</strong></span> <span class='ocrx_word' id='word_1_3' title='bbox 975 245 1035 276; x_wconf 80' lang='lat' dir='ltr'>AD</span> <span class='ocrx_word' id='word_1_4' title='bbox 1070 246 1179 276; x_wconf 73' lang='lat' dir='ltr'>ROM-</span> 
     </span>
    </p>
   </div>
   <div class='ocr_carea' id='block_1_2' title="bbox 91 331 1123 3245">
    <p class='ocr_par' dir='ltr' id='par_1_2' title="bbox 91 331 1123 3245">
     <span class='ocr_line' id='line_1_2' title="bbox 94 331 1109 387; baseline -0.006 -12"><span class='ocrx_word' id='word_1_5' title='bbox 94 337 223 387; x_wconf 77' lang='grc' dir='ltr'>μᾶλλον</span> <span class='ocrx_word' id='word_1_6' title='bbox 240 336 257 372; x_wconf 84' lang='grc' dir='ltr'>ὁ</span> <span class='ocrx_word' id='word_1_7' title='bbox 276 333 439 377; x_wconf 82' lang='grc' dir='ltr'>Ἰουδαῖος</span> <span class='ocrx_word' id='word_1_8' title='bbox 458 331 702 383; x_wconf 82' lang='grc' dir='ltr'>ἐπεστομίζετο</span> <span class='ocrx_word' id='word_1_9' title='bbox 719 348 727 356; x_wconf 93' lang='grc'>·</span> <span class='ocrx_word' id='word_1_10' title='bbox 747 333 807 371; x_wconf 78' lang='grc' dir='ltr'>καὶ</span> <span class='ocrx_word' id='word_1_11' title='bbox 836 335 859 379; x_wconf 86' lang='grc' dir='ltr'>ἡ</span> <span class='ocrx_word' id='word_1_12' title='bbox 878 331 998 370; x_wconf 85' lang='grc' dir='ltr'>τούτου</span> <span class='ocrx_word' id='word_1_13' title='bbox 1028 331 1109 369; x_wconf 83' lang='grc' dir='ltr'>δια-</span> 
     </span>
     <span class='ocr_line' id='line_1_3' title="bbox 91 393 1112 448; baseline -0.004 -15"><span class='ocrx_word' id='word_1_14' title='bbox 91 396 236 448; x_wconf 85' lang='grc' dir='ltr'>πόρησις</span> <span class='ocrx_word' id='word_1_15' title='bbox 264 397 317 434; x_wconf 84' lang='grc' dir='ltr'>ἐπ’</span> <span class='ocrx_word' id='word_1_16' title='bbox 340 396 447 432; x_wconf 79' lang='grc' dir='ltr'>ἐκεῖνο</span> <span class='ocrx_word' id='word_1_17' title='bbox 478 393 678 444; x_wconf 66' lang='grc' dir='ltr'>μετέὸαινε,</span> <span class='ocrx_word' id='word_1_18' title='bbox 695 393 757 431; x_wconf 75' lang='grc' dir='ltr'>καὶ</span> <span class='ocrx_word' id='word_1_19' title='bbox 779 393 988 445; x_wconf 78' lang='grc' dir='ltr'>σαφέστερον</span> <span class='ocrx_word' id='word_1_20' title='bbox 1010 394 1112 429; x_wconf 71' lang='grc' dir='ltr'>τοῦτο</span> 
     </span>
     <span class='ocr_line' id='line_1_4' title="bbox 91 454 1112 506; baseline -0.005 -12"><span class='ocrx_word' id='word_1_21' title='bbox 91 459 242 495; x_wconf 65' lang='grc' dir='ltr'>3ἐκεῖθεν</span> <span class='ocrx_word' id='word_1_22' title='bbox 284 455 429 506; x_wconf 85' lang='grc' dir='ltr'>γίνεται.</span> <span class='ocrx_word' id='word_1_23' title='bbox 456 454 562 493; x_wconf 82' lang='grc' dir='ltr'>Οὕτω</span> <span class='ocrx_word' id='word_1_24' title='bbox 596 455 637 501; x_wconf 83' lang='grc' dir='ltr'>δὴ</span> <span class='ocrx_word' id='word_1_25' title='bbox 669 455 728 492; x_wconf 75' lang='grc' dir='ltr'>καὶ</span> <span class='ocrx_word' id='word_1_26' title='bbox 755 456 923 501; x_wconf 76' lang='grc' dir='ltr'>ἐνταῦθα,</span> <span class='ocrx_word' id='word_1_27' title='bbox 959 454 998 490; x_wconf 82' lang='grc' dir='ltr'>ἐκ</span> <span class='ocrx_word' id='word_1_28' title='bbox 1033 454 1112 490; x_wconf 87' lang='grc' dir='ltr'>δια-</span> 
     </span>
     <span class='ocr_line' id='line_1_5' title="bbox 91 511 1112 569; baseline -0.005 -15"><span class='ocrx_word' id='word_1_29' title='bbox 91 516 312 569; x_wconf 83' lang='grc' dir='ltr'>πορουμένων</span> <span class='ocrx_word' id='word_1_30' title='bbox 345 515 469 567; x_wconf 78' lang='grc' dir='ltr'>ἑτέρων</span> <span class='ocrx_word' id='word_1_31' title='bbox 499 516 575 553; x_wconf 83' lang='grc' dir='ltr'>λύει</span> <span class='ocrx_word' id='word_1_32' title='bbox 609 516 652 553; x_wconf 73' lang='grc' dir='ltr'>τὰ</span> <span class='ocrx_word' id='word_1_33' title='bbox 682 514 874 565; x_wconf 81' lang='grc' dir='ltr'>ζητούμενα</span> <span class='ocrx_word' id='word_1_34' title='bbox 894 529 902 537; x_wconf 87' lang='grc'><em>·</em></span> <span class='ocrx_word' id='word_1_35' title='bbox 927 513 1012 565; x_wconf 81' lang='grc' dir='ltr'>πρὸς</span> <span class='ocrx_word' id='word_1_36' title='bbox 1045 511 1112 565; x_wconf 88' lang='grc' dir='ltr'>γὰρ</span> 
     </span>
     <span class='ocr_line' id='line_1_6' title="bbox 93 571 1110 628; baseline -0.006 -13"><span class='ocrx_word' id='word_1_37' title='bbox 93 576 278 620; x_wconf 77' lang='grc' dir='ltr'>Ἰουδαίους</span> <span class='ocrx_word' id='word_1_38' title='bbox 308 579 325 614; x_wconf 88' lang='lat'>6</span> <span class='ocrx_word' id='word_1_39' title='bbox 356 576 448 627; x_wconf 83' lang='grc' dir='ltr'>ἀγὼν</span> <span class='ocrx_word' id='word_1_40' title='bbox 475 571 516 623; x_wconf 62' lang='grc' dir='ltr'>ἦν</span> <span class='ocrx_word' id='word_1_41' title='bbox 543 578 649 628; x_wconf 79' lang='grc' dir='ltr'>αὐτῷ.</span> <span class='ocrx_word' id='word_1_42' title='bbox 679 575 748 613; x_wconf 83' lang='grc' dir='ltr'>Διοί</span> <span class='ocrx_word' id='word_1_43' title='bbox 773 592 827 613; x_wconf 89' lang='grc' dir='ltr'>τοι</span> <span class='ocrx_word' id='word_1_44' title='bbox 854 578 953 612; x_wconf 76' lang='grc' dir='ltr'>τοῦτο</span> <span class='ocrx_word' id='word_1_45' title='bbox 979 573 1023 611; x_wconf 79' lang='grc' dir='ltr'>τὰ</span> <span class='ocrx_word' id='word_1_46' title='bbox 1050 572 1110 622; x_wconf 74' lang='grc' dir='ltr'>μὲν</span> 
     </span>
     <span class='ocr_line' id='line_1_7' title="bbox 93 633 1112 689; baseline -0.005 -14"><span class='ocrx_word' id='word_1_47' title='bbox 93 633 382 689; x_wconf 67' lang='grc' dir='ltr'>παραδείγματα,</span> <span class='ocrx_word' id='word_1_48' title='bbox 405 637 494 689; x_wconf 82' lang='grc' dir='ltr'>ἅπερ</span> <span class='ocrx_word' id='word_1_49' title='bbox 519 636 647 688; x_wconf 79' lang='grc' dir='ltr'>ἤγαγεν</span> <span class='ocrx_word' id='word_1_50' title='bbox 678 637 724 679; x_wconf 86' lang='grc' dir='ltr'>εἷς</span> <span class='ocrx_word' id='word_1_51' title='bbox 755 636 881 685; x_wconf 83' lang='grc' dir='ltr'>μέσον,</span> <span class='ocrx_word' id='word_1_52' title='bbox 915 637 952 672; x_wconf 82' lang='grc' dir='ltr'>οὐ</span> <span class='ocrx_word' id='word_1_53' title='bbox 981 633 1112 685; x_wconf 66' lang='grc' dir='ltr'>σφόδρα</span> 
     </span>
     <span class='ocr_line' id='line_1_8' title="bbox 92 692 1114 750; baseline -0.004 -16"><span class='ocrx_word' id='word_1_54' title='bbox 92 697 191 734; x_wconf 86' lang='grc' dir='ltr'>λύει·</span> <span class='ocrx_word' id='word_1_55' title='bbox 215 699 252 734; x_wconf 85' lang='grc' dir='ltr'>οὐ</span> <span class='ocrx_word' id='word_1_56' title='bbox 274 697 341 750; x_wconf 80' lang='grc' dir='ltr'>γὰρ</span> <span class='ocrx_word' id='word_1_57' title='bbox 360 692 401 743; x_wconf 64' lang='grc' dir='ltr'>ἧν</span> <span class='ocrx_word' id='word_1_58' title='bbox 433 698 618 740; x_wconf 82' lang='grc' dir='ltr'>ὑπεύθυνος</span> <span class='ocrx_word' id='word_1_59' title='bbox 636 695 820 743; x_wconf 79' lang='grc' dir='ltr'>τοιούτοις,</span> <span class='ocrx_word' id='word_1_60' title='bbox 840 697 886 738; x_wconf 80' lang='grc' dir='ltr'>ὡς</span> <span class='ocrx_word' id='word_1_61' title='bbox 913 697 946 732; x_wconf 83' lang='grc' dir='ltr'>ἐν</span> <span class='ocrx_word' id='word_1_62' title='bbox 967 698 1009 745; x_wconf 77' lang='grc' dir='ltr'>τῇ</span> <span class='ocrx_word' id='word_1_63' title='bbox 1030 693 1114 744; x_wconf 80' lang='grc' dir='ltr'>πρὸς</span> 
     </span>
     <span class='ocr_line' id='line_1_9' title="bbox 93 754 1115 808; baseline -0.005 -13"><span class='ocrx_word' id='word_1_64' title='bbox 93 756 281 800; x_wconf 70' lang='grc' dir='ltr'>Ἰουδαίους</span> <span class='ocrx_word' id='word_1_65' title='bbox 302 757 400 808; x_wconf 72' lang='grc' dir='ltr'>μάχῃ</span> <span class='ocrx_word' id='word_1_66' title='bbox 417 773 424 780; x_wconf 92' lang='grc'>·</span> <span class='ocrx_word' id='word_1_67' title='bbox 441 758 484 794; x_wconf 80' lang='grc' dir='ltr'>τὰ</span> <span class='ocrx_word' id='word_1_68' title='bbox 504 757 539 795; x_wconf 76' lang='grc' dir='ltr'>δὲ</span> <span class='ocrx_word' id='word_1_69' title='bbox 560 759 662 794; x_wconf 76' lang='grc' dir='ltr'>αὐτοῦ</span> <span class='ocrx_word' id='word_1_70' title='bbox 680 756 795 794; x_wconf 82' lang='grc' dir='ltr'>πάντα</span> <span class='ocrx_word' id='word_1_71' title='bbox 813 755 847 799; x_wconf 83' lang='grc' dir='ltr'>ἐξ</span> <span class='ocrx_word' id='word_1_72' title='bbox 869 754 1006 793; x_wconf 80' lang='grc' dir='ltr'>ἐκείνων</span> <span class='ocrx_word' id='word_1_73' title='bbox 1023 759 1115 791; x_wconf 86' lang='grc' dir='ltr'>ποιεῖ</span> 
     </span>
     <span class='ocr_line' id='line_1_10' title="bbox 96 813 1115 870; baseline -0.005 -15"><span class='ocrx_word' id='word_1_74' title='bbox 96 817 305 870; x_wconf 74' lang='grc' dir='ltr'>σαφέστερα.</span> <span class='ocrx_word' id='word_1_75' title='bbox 325 818 372 855; x_wconf 86' lang='grc' dir='ltr'>Τί</span> <span class='ocrx_word' id='word_1_76' title='bbox 392 817 460 870; x_wconf 81' lang='grc' dir='ltr'>γὰρ</span> <span class='ocrx_word' id='word_1_77' title='bbox 489 817 693 867; x_wconf 80' lang='grc' dir='ltr'>θαυμάζεις,</span> <span class='ocrx_word' id='word_1_78' title='bbox 721 816 845 868; x_wconf 78' lang='grc' dir='ltr'>φησὶν,</span> <span class='ocrx_word' id='word_1_79' title='bbox 867 815 919 852; x_wconf 80' lang='grc' dir='ltr'>ὅτι</span> <span class='ocrx_word' id='word_1_80' title='bbox 936 813 1115 852; x_wconf 83' lang='grc' dir='ltr'>Ἰουδαίων</span> 
     </span>
     <span class='ocr_line' id='line_1_11' title="bbox 95 873 1117 928; baseline -0.006 -12"><span class='ocrx_word' id='word_1_81' title='bbox 95 881 126 917; x_wconf 79' lang='grc' dir='ltr'>οἱ</span> <span class='ocrx_word' id='word_1_82' title='bbox 149 877 210 928; x_wconf 76' lang='grc' dir='ltr'>μὲν</span> <span class='ocrx_word' id='word_1_83' title='bbox 231 878 426 926; x_wconf 80' lang='grc' dir='ltr'>ἐσώθησαν,</span> <span class='ocrx_word' id='word_1_84' title='bbox 453 882 484 916; x_wconf 86' lang='grc' dir='ltr'>οἱ</span> <span class='ocrx_word' id='word_1_85' title='bbox 504 878 539 915; x_wconf 81' lang='grc' dir='ltr'>δὲ</span> <span class='ocrx_word' id='word_1_86' title='bbox 558 879 620 914; x_wconf 79' lang='grc' dir='ltr'>οὐκ</span> <span class='ocrx_word' id='word_1_87' title='bbox 645 876 822 923; x_wconf 76' lang='grc' dir='ltr'>ἐσώθησαν</span> <span class='ocrx_word' id='word_1_88' title='bbox 852 879 932 922; x_wconf 72' lang='grc' dir='ltr'>νῦν,</span> <span class='ocrx_word' id='word_1_89' title='bbox 960 875 1030 912; x_wconf 86' lang='grc' dir='ltr'>Καὶ</span> <span class='ocrx_word' id='word_1_90' title='bbox 1050 873 1117 925; x_wconf 85' lang='grc' dir='ltr'>γὰρ</span> 
     </span>
     <span class='ocr_line' id='line_1_12' title="bbox 96 934 1118 991; baseline -0.005 -15"><span class='ocrx_word' id='word_1_91' title='bbox 96 940 224 976; x_wconf 86' lang='grc' dir='ltr'>ἄνωθεν</span> <span class='ocrx_word' id='word_1_92' title='bbox 248 943 347 977; x_wconf 73' lang='grc' dir='ltr'>τοῦτο</span> <span class='ocrx_word' id='word_1_93' title='bbox 363 939 420 976; x_wconf 80' lang='grc' dir='ltr'>ἐπὶ</span> <span class='ocrx_word' id='word_1_94' title='bbox 439 942 506 976; x_wconf 82' lang='grc' dir='ltr'>τῶν</span> <span class='ocrx_word' id='word_1_95' title='bbox 534 940 762 991; x_wconf 76' lang='grc' dir='ltr'>πατριαρχῶν</span> <span class='ocrx_word' id='word_1_96' title='bbox 782 937 959 986; x_wconf 84' lang='grc' dir='ltr'>γινόμενον</span> <span class='ocrx_word' id='word_1_97' title='bbox 983 934 1047 972; x_wconf 85' lang='grc' dir='ltr'>ἴδοι</span> <span class='ocrx_word' id='word_1_98' title='bbox 1066 949 1118 976; x_wconf 85' lang='grc' dir='ltr'>τις</span> 
     </span>
     <span class='ocr_line' id='line_1_13' title="bbox 96 995 1116 1051; baseline -0.005 -14"><span class='ocrx_word' id='word_1_99' title='bbox 96 1000 148 1038; x_wconf 88' lang='grc' dir='ltr'>ἄν.</span> <span class='ocrx_word' id='word_1_100' title='bbox 171 999 238 1037; x_wconf 78' lang='grc' dir='ltr'>Διὰ</span> <span class='ocrx_word' id='word_1_101' title='bbox 254 1000 286 1037; x_wconf 90' lang='grc' dir='ltr'>τί</span> <span class='ocrx_word' id='word_1_102' title='bbox 299 1000 365 1051; x_wconf 80' lang='grc' dir='ltr'>γὰρ</span> <span class='ocrx_word' id='word_1_103' title='bbox 381 1003 398 1037; x_wconf 86' lang='lat'>6</span> <span class='ocrx_word' id='word_1_104' title='bbox 419 999 543 1038; x_wconf 81' lang='grc' dir='ltr'>Ἰσαὰκ</span> <span class='ocrx_word' id='word_1_105' title='bbox 565 998 705 1049; x_wconf 81' lang='grc' dir='ltr'>σπέρμα</span> <span class='ocrx_word' id='word_1_106' title='bbox 727 1000 885 1035; x_wconf 74' lang='grc' dir='ltr'>καλεῖται</span> <span class='ocrx_word' id='word_1_107' title='bbox 901 996 1024 1047; x_wconf 78' lang='grc' dir='ltr'>μόνος,</span> <span class='ocrx_word' id='word_1_108' title='bbox 1044 995 1116 1033; x_wconf 86' lang='grc' dir='ltr'>καί-</span> 
     </span>
     <span class='ocr_line' id='line_1_14' title="bbox 95 1053 1117 1110; baseline -0.005 -13"><span class='ocrx_word' id='word_1_109' title='bbox 95 1076 147 1098; x_wconf 81' lang='grc' dir='ltr'>τοι</span> <span class='ocrx_word' id='word_1_110' title='bbox 172 1076 212 1110; x_wconf 92' lang='grc' dir='ltr'>γε</span> <span class='ocrx_word' id='word_1_111' title='bbox 232 1060 290 1097; x_wconf 86' lang='grc' dir='ltr'>καὶ</span> <span class='ocrx_word' id='word_1_112' title='bbox 317 1064 376 1098; x_wconf 78' lang='grc' dir='ltr'>τοῦ</span> <span class='ocrx_word' id='word_1_113' title='bbox 395 1059 550 1110; x_wconf 76' lang='grc' dir='ltr'>Ἰσμαὴλ</span> <span class='ocrx_word' id='word_1_114' title='bbox 575 1054 670 1101; x_wconf 59' lang='grc' dir='ltr'>οὗτος</span> <span class='ocrx_word' id='word_1_115' title='bbox 697 1053 738 1104; x_wconf 66' lang='grc' dir='ltr'>ἦν</span> <span class='ocrx_word' id='word_1_116' title='bbox 765 1057 884 1108; x_wconf 77' lang='grc' dir='ltr'>πατὴρ</span> <span class='ocrx_word' id='word_1_117' title='bbox 910 1056 970 1094; x_wconf 75' lang='grc' dir='ltr'>καὶ</span> <span class='ocrx_word' id='word_1_118' title='bbox 990 1055 1117 1108; x_wconf 79' lang='grc' dir='ltr'>ἑτέρων</span> 
     </span>
     <span class='ocr_line' id='line_1_15' title="bbox 95 1113 1118 1168; baseline -0.004 -12"><span class='ocrx_word' id='word_1_119' title='bbox 95 1119 261 1158; x_wconf 85' lang='grc' dir='ltr'>πλειόνων</span> <span class='ocrx_word' id='word_1_120' title='bbox 277 1135 286 1165; x_wconf 82' lang='lat'>3</span> <span class='ocrx_word' id='word_1_121' title='bbox 306 1121 395 1157; x_wconf 81' lang='grc' dir='ltr'>Ἀλλ’</span> <span class='ocrx_word' id='word_1_122' title='bbox 415 1120 483 1157; x_wconf 82' lang='grc' dir='ltr'>ἀπὸ</span> <span class='ocrx_word' id='word_1_123' title='bbox 500 1119 623 1165; x_wconf 88' lang='grc' dir='ltr'>δούλης</span> <span class='ocrx_word' id='word_1_124' title='bbox 642 1113 683 1164; x_wconf 64' lang='grc' dir='ltr'>ἦν</span> <span class='ocrx_word' id='word_1_125' title='bbox 702 1117 831 1168; x_wconf 89' lang='grc' dir='ltr'>μητρός</span> <span class='ocrx_word' id='word_1_126' title='bbox 848 1132 854 1157; x_wconf 91' lang='grc'>;</span> <span class='ocrx_word' id='word_1_127' title='bbox 877 1117 946 1154; x_wconf 83' lang='grc' dir='ltr'>Καὶ</span> <span class='ocrx_word' id='word_1_128' title='bbox 961 1116 995 1153; x_wconf 86' lang='grc' dir='ltr'>τί</span> <span class='ocrx_word' id='word_1_129' title='bbox 1018 1119 1118 1153; x_wconf 75' lang='grc' dir='ltr'>τοῦτο</span> 
     </span>
     <span class='ocr_line' id='line_1_16' title="bbox 95 1176 1118 1235; baseline -0.005 -16"><span class='ocrx_word' id='word_1_130' title='bbox 95 1182 179 1235; x_wconf 83' lang='grc' dir='ltr'>πρὸς</span> <span class='ocrx_word' id='word_1_131' title='bbox 200 1182 257 1219; x_wconf 84' lang='grc' dir='ltr'>τὸν</span> <span class='ocrx_word' id='word_1_132' title='bbox 272 1180 518 1232; x_wconf 72' lang='grc' dir='ltr'>γεγεννηκότα,</span> <span class='ocrx_word' id='word_1_133' title='bbox 541 1179 640 1226; x_wconf 76' lang='grc' dir='ltr'>Πλὴν</span> <span class='ocrx_word' id='word_1_134' title='bbox 671 1178 766 1217; x_wconf 73' lang='grc' dir='ltr'>οὐδὲν</span> <span class='ocrx_word' id='word_1_135' title='bbox 785 1179 967 1231; x_wconf 71' lang='grc' dir='ltr'>φιλονεικῶ</span> <span class='ocrx_word' id='word_1_136' title='bbox 984 1192 991 1200; x_wconf 96' lang='grc'>·</span> <span class='ocrx_word' id='word_1_137' title='bbox 1013 1176 1118 1214; x_wconf 69' lang='grc' dir='ltr'>ἐκὸα-</span> 
     </span>
     <span class='ocr_line' id='line_1_17' title="bbox 95 1235 1119 1292; baseline -0.005 -12"><span class='ocrx_word' id='word_1_138' title='bbox 95 1243 207 1280; x_wconf 80' lang='grc' dir='ltr'>λέσθω</span> <span class='ocrx_word' id='word_1_139' title='bbox 238 1241 295 1279; x_wconf 77' lang='grc' dir='ltr'>διὰ</span> <span class='ocrx_word' id='word_1_140' title='bbox 320 1241 382 1288; x_wconf 83' lang='grc' dir='ltr'>τὴν</span> <span class='ocrx_word' id='word_1_141' title='bbox 405 1241 540 1292; x_wconf 83' lang='grc' dir='ltr'>μητέρα</span> <span class='ocrx_word' id='word_1_142' title='bbox 570 1235 689 1283; x_wconf 63' lang='grc' dir='ltr'>οὗτος·</span> <span class='ocrx_word' id='word_1_143' title='bbox 707 1239 740 1277; x_wconf 81' lang='grc' dir='ltr'>τί</span> <span class='ocrx_word' id='word_1_144' title='bbox 775 1239 815 1276; x_wconf 80' lang='grc' dir='ltr'>ἂν</span> <span class='ocrx_word' id='word_1_145' title='bbox 847 1239 1004 1289; x_wconf 80' lang='grc' dir='ltr'>εἴποιμεν</span> <span class='ocrx_word' id='word_1_146' title='bbox 1037 1236 1119 1290; x_wconf 75' lang='grc' dir='ltr'>περὶ</span> 
     </span>
     <span class='ocr_line' id='line_1_18' title="bbox 96 1299 1119 1354; baseline -0.005 -14"><span class='ocrx_word' id='word_1_147' title='bbox 96 1305 163 1340; x_wconf 82' lang='grc' dir='ltr'>τῶν</span> <span class='ocrx_word' id='word_1_148' title='bbox 185 1302 253 1340; x_wconf 81' lang='grc' dir='ltr'>ἀπὸ</span> <span class='ocrx_word' id='word_1_149' title='bbox 271 1305 333 1347; x_wconf 64' lang='grc' dir='ltr'>τῆς</span> <span class='ocrx_word' id='word_1_150' title='bbox 351 1301 563 1354; x_wconf 74' lang='grc' dir='ltr'>Χεττούρας,</span> <span class='ocrx_word' id='word_1_151' title='bbox 581 1301 659 1353; x_wconf 72' lang='grc' dir='ltr'>οὐχὶ</span> <span class='ocrx_word' id='word_1_152' title='bbox 677 1300 861 1351; x_wconf 81' lang='grc' dir='ltr'>ἐλεύθεροι,</span> <span class='ocrx_word' id='word_1_153' title='bbox 884 1299 943 1337; x_wconf 82' lang='grc' dir='ltr'>καὶ</span> <span class='ocrx_word' id='word_1_154' title='bbox 969 1299 1003 1344; x_wconf 81' lang='grc' dir='ltr'>ἐξ</span> <span class='ocrx_word' id='word_1_155' title='bbox 1022 1300 1119 1336; x_wconf 83' lang='grc' dir='ltr'>ἐλευ-</span> 
     </span>
     <span class='ocr_line' id='line_1_19' title="bbox 98 1362 1120 1414; baseline -0.004 -13"><span class='ocrx_word' id='word_1_156' title='bbox 98 1363 215 1414; x_wconf 80' lang='grc' dir='ltr'>θέρας;</span> <span class='ocrx_word' id='word_1_157' title='bbox 240 1363 296 1401; x_wconf 81' lang='grc' dir='ltr'>διὰ</span> <span class='ocrx_word' id='word_1_158' title='bbox 321 1363 355 1400; x_wconf 89' lang='grc' dir='ltr'>τί</span> <span class='ocrx_word' id='word_1_159' title='bbox 385 1362 433 1413; x_wconf 82' lang='grc' dir='ltr'>μὴ</span> <span class='ocrx_word' id='word_1_160' title='bbox 455 1368 526 1405; x_wconf 85' lang='grc' dir='ltr'>τοῖς</span> <span class='ocrx_word' id='word_1_161' title='bbox 545 1364 659 1404; x_wconf 79' lang='grc' dir='ltr'>αὐτοῖς</span> <span class='ocrx_word' id='word_1_162' title='bbox 678 1362 893 1412; x_wconf 69' lang='grc' dir='ltr'>ἐτιμήθησαν</span> <span class='ocrx_word' id='word_1_163' title='bbox 925 1362 1120 1412; x_wconf 80' lang='grc' dir='ltr'>προεδρίοις</span> 
     </span>
     <span class='ocr_line' id='line_1_20' title="bbox 97 1421 1120 1477; baseline -0.003 -15"><span class='ocrx_word' id='word_1_164' title='bbox 97 1427 148 1477; x_wconf 83' lang='grc' dir='ltr'>τῷ</span> <span class='ocrx_word' id='word_1_165' title='bbox 171 1424 316 1471; x_wconf 79' lang='grc' dir='ltr'>Ἰσαοίκ;</span> <span class='ocrx_word' id='word_1_166' title='bbox 339 1424 409 1461; x_wconf 78' lang='grc' dir='ltr'>Καὶ</span> <span class='ocrx_word' id='word_1_167' title='bbox 435 1423 468 1461; x_wconf 79' lang='grc' dir='ltr'>τί</span> <span class='ocrx_word' id='word_1_168' title='bbox 491 1423 582 1474; x_wconf 75' lang='grc' dir='ltr'>λέγω</span> <span class='ocrx_word' id='word_1_169' title='bbox 609 1422 766 1469; x_wconf 86' lang='grc' dir='ltr'>τούτους;</span> <span class='ocrx_word' id='word_1_170' title='bbox 785 1422 829 1460; x_wconf 90' lang='grc' dir='ltr'>Ἡ</span> <span class='ocrx_word' id='word_1_171' title='bbox 851 1421 918 1473; x_wconf 82' lang='grc' dir='ltr'>γὰρ</span> <span class='ocrx_word' id='word_1_172' title='bbox 946 1421 1120 1459; x_wconf 56' lang='lat' dir='ltr'>‘Paetum</span> 
     </span>
     <span class='ocr_line' id='line_1_21' title="bbox 99 1483 1120 1536; baseline -0.004 -13"><span class='ocrx_word' id='word_1_173' title='bbox 99 1486 159 1524; x_wconf 79' lang='grc' dir='ltr'>καὶ</span> <span class='ocrx_word' id='word_1_174' title='bbox 180 1485 266 1536; x_wconf 85' lang='grc' dir='ltr'>μόνη</span> <span class='ocrx_word' id='word_1_175' title='bbox 298 1488 347 1536; x_wconf 77' lang='grc' dir='ltr'>τῷ</span> <span class='ocrx_word' id='word_1_176' title='bbox 364 1484 485 1522; x_wconf 72' lang='grc' dir='ltr'>Ἰσαὰκ</span> <span class='ocrx_word' id='word_1_177' title='bbox 518 1484 636 1535; x_wconf 83' lang='grc' dir='ltr'>γέγονε</span> <span class='ocrx_word' id='word_1_178' title='bbox 664 1483 770 1535; x_wconf 85' lang='grc' dir='ltr'>γυνὴ,</span> <span class='ocrx_word' id='word_1_179' title='bbox 803 1483 863 1521; x_wconf 79' lang='grc' dir='ltr'>καὶ</span> <span class='ocrx_word' id='word_1_180' title='bbox 892 1483 951 1520; x_wconf 90' lang='grc' dir='ltr'>δύο</span> <span class='ocrx_word' id='word_1_181' title='bbox 972 1486 1120 1519; x_wconf 73' lang='grc' dir='ltr'>τεκοῦσα</span> 
     </span>
     <span class='ocr_line' id='line_1_22' title="bbox 99 1542 1121 1596; baseline -0.005 -12"><span class='ocrx_word' id='word_1_182' title='bbox 99 1547 226 1589; x_wconf 82' lang='grc' dir='ltr'>παῖδας</span> <span class='ocrx_word' id='word_1_183' title='bbox 243 1576 251 1589; x_wconf 80' lang='lat'>,</span> <span class='ocrx_word' id='word_1_184' title='bbox 271 1547 310 1583; x_wconf 77' lang='grc' dir='ltr'>ἐκ</span> <span class='ocrx_word' id='word_1_185' title='bbox 328 1549 387 1582; x_wconf 72' lang='grc' dir='ltr'>τοῦ</span> <span class='ocrx_word' id='word_1_186' title='bbox 402 1545 525 1583; x_wconf 73' lang='grc' dir='ltr'>Ἰσαὰκ</span> <span class='ocrx_word' id='word_1_187' title='bbox 542 1544 655 1582; x_wconf 79' lang='grc' dir='ltr'>ἔτεκεν</span> <span class='ocrx_word' id='word_1_188' title='bbox 672 1543 884 1596; x_wconf 66' lang='grc' dir='ltr'>ἀμφοτέρους</span> <span class='ocrx_word' id='word_1_189' title='bbox 901 1559 908 1566; x_wconf 90' lang='grc'><em>·</em></span> <span class='ocrx_word' id='word_1_190' title='bbox 931 1545 1006 1580; x_wconf 77' lang='grc' dir='ltr'>ἀλλ’</span> <span class='ocrx_word' id='word_1_191' title='bbox 1027 1542 1121 1593; x_wconf 78' lang='grc' dir='ltr'>ὅμως</span> 
     </span>
     <span class='ocr_line' id='line_1_23' title="bbox 101 1605 1120 1658; baseline -0.005 -14"><span class='ocrx_word' id='word_1_192' title='bbox 101 1608 132 1644; x_wconf 80' lang='grc' dir='ltr'>οἱ</span> <span class='ocrx_word' id='word_1_193' title='bbox 152 1606 328 1658; x_wconf 73' lang='grc' dir='ltr'>τεχθέντες</span> <span class='ocrx_word' id='word_1_194' title='bbox 346 1609 404 1642; x_wconf 76' lang='grc' dir='ltr'>τοῦ</span> <span class='ocrx_word' id='word_1_195' title='bbox 424 1607 526 1643; x_wconf 77' lang='grc' dir='ltr'>αὐτοῦ</span> <span class='ocrx_word' id='word_1_196' title='bbox 547 1605 678 1656; x_wconf 73' lang='grc' dir='ltr'>πατρὸς</span> <span class='ocrx_word' id='word_1_197' title='bbox 697 1605 812 1651; x_wconf 82' lang='grc' dir='ltr'>ὄντες,</span> <span class='ocrx_word' id='word_1_198' title='bbox 838 1607 900 1650; x_wconf 67' lang='grc' dir='ltr'>τῆς</span> <span class='ocrx_word' id='word_1_199' title='bbox 920 1605 1026 1649; x_wconf 76' lang='grc' dir='ltr'>αὒτῆς</span> <span class='ocrx_word' id='word_1_200' title='bbox 1053 1619 1120 1653; x_wconf 89' lang='grc' dir='ltr'>μη-</span> 
     </span>
     <span class='ocr_line' id='line_1_24' title="bbox 101 1664 1120 1721; baseline -0.004 -15"><span class='ocrx_word' id='word_1_201' title='bbox 101 1670 198 1721; x_wconf 79' lang='grc' dir='ltr'>τρὸς,</span> <span class='ocrx_word' id='word_1_202' title='bbox 226 1668 287 1712; x_wconf 77' lang='grc' dir='ltr'>τὰς</span> <span class='ocrx_word' id='word_1_203' title='bbox 319 1667 424 1709; x_wconf 76' lang='grc' dir='ltr'>αὐτὰς</span> <span class='ocrx_word' id='word_1_204' title='bbox 453 1666 618 1710; x_wconf 76' lang='grc' dir='ltr'>λύσαντες</span> <span class='ocrx_word' id='word_1_205' title='bbox 652 1668 796 1711; x_wconf 84' lang='grc' dir='ltr'>ὠδῖνας,</span> <span class='ocrx_word' id='word_1_206' title='bbox 826 1665 885 1704; x_wconf 81' lang='grc' dir='ltr'>καὶ</span> <span class='ocrx_word' id='word_1_207' title='bbox 913 1664 1120 1716; x_wconf 79' lang='grc' dir='ltr'>ὁμοπάτριοι</span> 
     </span>
     <span class='ocr_line' id='line_1_25' title="bbox 101 1726 1119 1779; baseline -0.003 -12"><span class='ocrx_word' id='word_1_208' title='bbox 101 1730 194 1772; x_wconf 81' lang='grc' dir='ltr'>ὄντες</span> <span class='ocrx_word' id='word_1_209' title='bbox 215 1729 274 1767; x_wconf 78' lang='grc' dir='ltr'>καὶ</span> <span class='ocrx_word' id='word_1_210' title='bbox 293 1728 521 1779; x_wconf 70' lang='grc' dir='ltr'>ὁμομήτριοι,</span> <span class='ocrx_word' id='word_1_211' title='bbox 548 1729 606 1765; x_wconf 79' lang='grc' dir='ltr'>καὶ</span> <span class='ocrx_word' id='word_1_212' title='bbox 633 1727 717 1779; x_wconf 72' lang='grc' dir='ltr'>πρὸς</span> <span class='ocrx_word' id='word_1_213' title='bbox 742 1727 873 1770; x_wconf 87' lang='grc' dir='ltr'>τούτοις</span> <span class='ocrx_word' id='word_1_214' title='bbox 892 1726 951 1765; x_wconf 84' lang='grc' dir='ltr'>καὶ</span> <span class='ocrx_word' id='word_1_215' title='bbox 971 1727 1119 1777; x_wconf 85' lang='grc' dir='ltr'>δίδυμοι,</span> 
     </span>
     <span class='ocr_line' id='line_1_26' title="bbox 101 1789 1120 1839; baseline -0.002 -12"><span class='ocrx_word' id='word_1_216' title='bbox 101 1791 137 1828; x_wconf 79' lang='grc' dir='ltr'>οὐ</span> <span class='ocrx_word' id='word_1_217' title='bbox 156 1793 223 1827; x_wconf 80' lang='grc' dir='ltr'>τῶν</span> <span class='ocrx_word' id='word_1_218' title='bbox 247 1792 357 1827; x_wconf 74' lang='grc' dir='ltr'>αὐτῶν</span> <span class='ocrx_word' id='word_1_219' title='bbox 375 1790 593 1836; x_wconf 76' lang='grc' dir='ltr'>ἀπήλαυσαν.</span> <span class='ocrx_word' id='word_1_220' title='bbox 615 1789 739 1827; x_wconf 87' lang='grc' dir='ltr'>Καίτοι</span> <span class='ocrx_word' id='word_1_221' title='bbox 754 1804 794 1839; x_wconf 85' lang='grc' dir='ltr'>γε</span> <span class='ocrx_word' id='word_1_222' title='bbox 818 1791 963 1827; x_wconf 72' lang='grc' dir='ltr'>ἐνταῦθα</span> <span class='ocrx_word' id='word_1_223' title='bbox 986 1790 1022 1826; x_wconf 78' lang='grc' dir='ltr'>οὗ</span> <span class='ocrx_word' id='word_1_224' title='bbox 1040 1789 1120 1826; x_wconf 88' lang='grc' dir='ltr'>δου-</span> 
     </span>
     <span class='ocr_line' id='line_1_27' title="bbox 100 1848 1119 1902; baseline -0.002 -14"><span class='ocrx_word' id='word_1_225' title='bbox 100 1850 193 1888; x_wconf 80' lang='grc' dir='ltr'>λείαν</span> <span class='ocrx_word' id='word_1_226' title='bbox 213 1851 304 1902; x_wconf 72' lang='grc' dir='ltr'>ἔχεις</span> <span class='ocrx_word' id='word_1_227' title='bbox 332 1852 508 1888; x_wconf 78' lang='grc' dir='ltr'>αἰτιᾶσθαι</span> <span class='ocrx_word' id='word_1_228' title='bbox 542 1851 691 1901; x_wconf 76' lang='grc' dir='ltr'>μητρὸς,</span> <span class='ocrx_word' id='word_1_229' title='bbox 716 1853 762 1893; x_wconf 83' lang='grc' dir='ltr'>ὡς</span> <span class='ocrx_word' id='word_1_230' title='bbox 782 1850 838 1888; x_wconf 80' lang='grc' dir='ltr'>ἐπὶ</span> <span class='ocrx_word' id='word_1_231' title='bbox 867 1854 926 1888; x_wconf 83' lang='grc' dir='ltr'>τοῦ</span> <span class='ocrx_word' id='word_1_232' title='bbox 953 1848 1119 1899; x_wconf 75' lang='grc' dir='ltr'>Ἰσμαὴλ,</span> 
     </span>
     <span class='ocr_line' id='line_1_28' title="bbox 101 1910 1121 1962; baseline -0.002 -13"><span class='ocrx_word' id='word_1_233' title='bbox 101 1911 175 1950; x_wconf 79' lang='grc' dir='ltr'>οὐδὲ</span> <span class='ocrx_word' id='word_1_234' title='bbox 189 1911 246 1949; x_wconf 79' lang='grc' dir='ltr'>τὸν</span> <span class='ocrx_word' id='word_1_235' title='bbox 263 1910 323 1961; x_wconf 82' lang='grc' dir='ltr'>μὲν</span> <span class='ocrx_word' id='word_1_236' title='bbox 342 1913 381 1948; x_wconf 87' lang='grc' dir='ltr'>ἐκ</span> <span class='ocrx_word' id='word_1_237' title='bbox 399 1910 527 1956; x_wconf 78' lang='grc' dir='ltr'>ταύτης</span> <span class='ocrx_word' id='word_1_238' title='bbox 539 1939 548 1957; x_wconf 88' lang='grc'>,</span> <span class='ocrx_word' id='word_1_239' title='bbox 569 1910 626 1948; x_wconf 78' lang='grc' dir='ltr'>τὸν</span> <span class='ocrx_word' id='word_1_240' title='bbox 644 1910 679 1948; x_wconf 77' lang='grc' dir='ltr'>δὲ</span> <span class='ocrx_word' id='word_1_241' title='bbox 702 1910 736 1955; x_wconf 83' lang='grc' dir='ltr'>ἐξ</span> <span class='ocrx_word' id='word_1_242' title='bbox 752 1910 870 1962; x_wconf 77' lang='grc' dir='ltr'>ἑτέρας</span> <span class='ocrx_word' id='word_1_243' title='bbox 896 1913 1121 1961; x_wconf 63' lang='grc' dir='ltr'>γεγεννῆσθαι</span> 
     </span>
     <span class='ocr_line' id='line_1_29' title="bbox 100 1970 1121 2025; baseline -0.002 -16"><span class='ocrx_word' id='word_1_244' title='bbox 100 1971 220 2018; x_wconf 79' lang='grc' dir='ltr'>νηδύος</span> <span class='ocrx_word' id='word_1_245' title='bbox 233 2001 242 2019; x_wconf 92' lang='grc'>,</span> <span class='ocrx_word' id='word_1_246' title='bbox 265 1972 422 2025; x_wconf 81' lang='grc' dir='ltr'>καθάπερ</span> <span class='ocrx_word' id='word_1_247' title='bbox 443 1971 499 2010; x_wconf 80' lang='grc' dir='ltr'>ἐπὶ</span> <span class='ocrx_word' id='word_1_248' title='bbox 519 1975 580 2018; x_wconf 70' lang='grc' dir='ltr'>τῆς</span> <span class='ocrx_word' id='word_1_249' title='bbox 599 1971 796 2024; x_wconf 78' lang='grc' dir='ltr'>Χεττούρας</span> <span class='ocrx_word' id='word_1_250' title='bbox 811 1970 870 2008; x_wconf 81' lang='grc' dir='ltr'>καὶ</span> <span class='ocrx_word' id='word_1_251' title='bbox 888 1974 949 2017; x_wconf 69' lang='grc' dir='ltr'>τῆς</span> <span class='ocrx_word' id='word_1_252' title='bbox 969 1971 1121 2023; x_wconf 75' lang='grc' dir='ltr'>...άῤῥας,</span> 
     </span>
     <span class='ocr_line' id='line_1_30' title="bbox 99 2030 1122 2083; baseline -0.002 -14"><span class='ocrx_word' id='word_1_253' title='bbox 99 2032 184 2070; x_wconf 78' lang='grc' dir='ltr'>ὅπου</span> <span class='ocrx_word' id='word_1_254' title='bbox 206 2047 245 2082; x_wconf 88' lang='grc' dir='ltr'>γε</span> <span class='ocrx_word' id='word_1_255' title='bbox 265 2032 323 2070; x_wconf 79' lang='grc' dir='ltr'>καὶ</span> <span class='ocrx_word' id='word_1_256' title='bbox 348 2035 409 2078; x_wconf 68' lang='grc' dir='ltr'>τῆς</span> <span class='ocrx_word' id='word_1_257' title='bbox 430 2032 522 2083; x_wconf 80' lang='grc' dir='ltr'>ὥρας</span> <span class='ocrx_word' id='word_1_258' title='bbox 545 2034 650 2078; x_wconf 71' lang='grc' dir='ltr'>αὐτῆς</span> <span class='ocrx_word' id='word_1_259' title='bbox 680 2031 912 2078; x_wconf 80' lang='grc' dir='ltr'>ἐκοινώνησαν</span> <span class='ocrx_word' id='word_1_260' title='bbox 942 2034 1010 2069; x_wconf 87' lang='grc' dir='ltr'>τῶν</span> <span class='ocrx_word' id='word_1_261' title='bbox 1038 2030 1122 2069; x_wconf 87' lang='grc' dir='ltr'>ὠδί-</span> 
     </span>
     <span class='ocr_line' id='line_1_31' title="bbox 101 2091 1122 2144; baseline 0 -16"><span class='ocrx_word' id='word_1_262' title='bbox 101 2107 178 2130; x_wconf 89' lang='grc' dir='ltr'>νων.</span> <span class='ocrx_word' id='word_1_263' title='bbox 208 2091 276 2130; x_wconf 59' lang='lat' dir='ltr'>Aa&amp;</span> <span class='ocrx_word' id='word_1_264' title='bbox 299 2092 339 2138; x_wconf 86' lang='grc' dir='ltr'>δὴ</span> <span class='ocrx_word' id='word_1_265' title='bbox 366 2095 465 2130; x_wconf 72' lang='grc' dir='ltr'>τοῦτο</span> <span class='ocrx_word' id='word_1_266' title='bbox 484 2091 543 2129; x_wconf 77' lang='grc' dir='ltr'>καὶ</span> <span class='ocrx_word' id='word_1_267' title='bbox 567 2095 584 2130; x_wconf 98' lang='lat'>6</span> <span class='ocrx_word' id='word_1_268' title='bbox 610 2094 748 2136; x_wconf 78' lang='grc' dir='ltr'>Παῦλος</span> <span class='ocrx_word' id='word_1_269' title='bbox 768 2095 814 2136; x_wconf 83' lang='grc' dir='ltr'>ὡς</span> <span class='ocrx_word' id='word_1_270' title='bbox 835 2092 892 2131; x_wconf 79' lang='grc' dir='ltr'>ἐπὶ</span> <span class='ocrx_word' id='word_1_271' title='bbox 912 2091 1122 2144; x_wconf 68' lang='grc' dir='ltr'>σαφέστερον</span> 
     </span>
     <span class='ocr_line' id='line_1_32' title="bbox 101 2151 1121 2204; baseline 0.001 -15"><span class='ocrx_word' id='word_1_272' title='bbox 101 2151 243 2197; x_wconf 83' lang='grc' dir='ltr'>ἐξελθὼν</span> <span class='ocrx_word' id='word_1_273' title='bbox 278 2152 520 2204; x_wconf 75' lang='grc' dir='ltr'>παράδειγμα,</span> <span class='ocrx_word' id='word_1_274' title='bbox 555 2156 592 2191; x_wconf 83' lang='grc' dir='ltr'>οὐ</span> <span class='ocrx_word' id='word_1_275' title='bbox 625 2154 728 2203; x_wconf 82' lang='grc' dir='ltr'>μόνον</span> <span class='ocrx_word' id='word_1_276' title='bbox 763 2153 799 2191; x_wconf 78' lang='grc' dir='ltr'>δὲ</span> <span class='ocrx_word' id='word_1_277' title='bbox 832 2153 888 2192; x_wconf 81' lang='grc' dir='ltr'>ἐπὶ</span> <span class='ocrx_word' id='word_1_278' title='bbox 919 2158 980 2192; x_wconf 77' lang='grc' dir='ltr'>τοῦ</span> <span class='ocrx_word' id='word_1_279' title='bbox 998 2152 1121 2191; x_wconf 82' lang='grc' dir='ltr'>Ἰσαὰκ</span> 
     </span>
     <span class='ocr_line' id='line_1_33' title="bbox 99 2213 1122 2266; baseline 0.002 -16"><span class='ocrx_word' id='word_1_280' title='bbox 99 2216 201 2250; x_wconf 78' lang='grc' dir='ltr'>τοῦτο</span> <span class='ocrx_word' id='word_1_281' title='bbox 235 2213 383 2259; x_wconf 67' lang='grc' dir='ltr'>συνέὸη,</span> <span class='ocrx_word' id='word_1_282' title='bbox 417 2214 542 2266; x_wconf 71' lang='grc' dir='ltr'>φησὶν,</span> <span class='ocrx_word' id='word_1_283' title='bbox 566 2214 670 2252; x_wconf 80' lang='grc' dir='ltr'>Ἀλλὰ</span> <span class='ocrx_word' id='word_1_284' title='bbox 700 2214 760 2252; x_wconf 81' lang='grc' dir='ltr'>καὶ</span> <span class='ocrx_word' id='word_1_285' title='bbox 780 2214 954 2253; x_wconf 66' lang='grc' dir='ltr'>εΡεὸέκκα</span> <span class='ocrx_word' id='word_1_286' title='bbox 985 2213 1020 2258; x_wconf 80' lang='grc' dir='ltr'>ἐξ</span> <span class='ocrx_word' id='word_1_287' title='bbox 1050 2215 1122 2257; x_wconf 81' lang='grc' dir='ltr'>ἑνὸς</span> 
     </span>
     <span class='ocr_line' id='line_1_34' title="bbox 100 2273 1121 2328; baseline 0.002 -18"><span class='ocrx_word' id='word_1_288' title='bbox 100 2273 217 2319; x_wconf 83' lang='grc' dir='ltr'>κοίτην</span> <span class='ocrx_word' id='word_1_289' title='bbox 239 2273 366 2325; x_wconf 75' lang='grc' dir='ltr'>ἔχουσα</span> <span class='ocrx_word' id='word_1_290' title='bbox 387 2273 508 2312; x_wconf 82' lang='grc' dir='ltr'>Ἰσαὰκ</span> <span class='ocrx_word' id='word_1_291' title='bbox 537 2280 596 2314; x_wconf 80' lang='grc' dir='ltr'>τοῦ</span> <span class='ocrx_word' id='word_1_292' title='bbox 615 2275 746 2328; x_wconf 67' lang='grc' dir='ltr'>πατρὸς</span> <span class='ocrx_word' id='word_1_293' title='bbox 769 2278 883 2325; x_wconf 85' lang='grc' dir='ltr'>ἡμῶν.</span> <span class='ocrx_word' id='word_1_294' title='bbox 910 2275 1030 2322; x_wconf 76' lang='grc' dir='ltr'>Μήπω</span> <span class='ocrx_word' id='word_1_295' title='bbox 1054 2274 1121 2325; x_wconf 89' lang='grc' dir='ltr'>γὰρ</span> 
     </span>
     <span class='ocr_line' id='line_1_35' title="bbox 98 2334 1120 2387; baseline 0 -16"><span class='ocrx_word' id='word_1_296' title='bbox 98 2334 350 2384; x_wconf 83' lang='grc' dir='ltr'>γεννηθέντων,</span> <span class='ocrx_word' id='word_1_297' title='bbox 377 2335 465 2385; x_wconf 73' lang='grc' dir='ltr'>μηδὲ</span> <span class='ocrx_word' id='word_1_298' title='bbox 491 2334 696 2387; x_wconf 72' lang='grc' dir='ltr'>πραξάντων</span> <span class='ocrx_word' id='word_1_299' title='bbox 728 2351 762 2373; x_wconf 92' lang='grc' dir='ltr'>τι</span> <span class='ocrx_word' id='word_1_300' title='bbox 789 2335 916 2386; x_wconf 73' lang='grc' dir='ltr'>ἀγαθὸν</span> <span class='ocrx_word' id='word_1_301' title='bbox 945 2335 968 2381; x_wconf 87' lang='grc' dir='ltr'>ἢ</span> <span class='ocrx_word' id='word_1_302' title='bbox 996 2335 1120 2383; x_wconf 77' lang='grc' dir='ltr'>κακὸν,</span> 
     </span>
     <span class='ocr_line' id='line_1_36' title="bbox 98 2393 1120 2448; baseline 0.002 -16"><span class='ocrx_word' id='word_1_303' title='bbox 98 2393 154 2432; x_wconf 83' lang='grc' dir='ltr'>ἵνα</span> <span class='ocrx_word' id='word_1_304' title='bbox 172 2398 193 2441; x_wconf 88' lang='grc' dir='ltr'>ἡ</span> <span class='ocrx_word' id='word_1_305' title='bbox 213 2395 290 2432; x_wconf 82' lang='grc' dir='ltr'>κατ’</span> <span class='ocrx_word' id='word_1_306' title='bbox 319 2395 464 2446; x_wconf 82' lang='grc' dir='ltr'>ἐκλογὴν</span> <span class='ocrx_word' id='word_1_307' title='bbox 483 2400 542 2434; x_wconf 74' lang='grc' dir='ltr'>τοῦ</span> <span class='ocrx_word' id='word_1_308' title='bbox 569 2397 660 2434; x_wconf 74' lang='grc' dir='ltr'>Θεοῦ</span> <span class='ocrx_word' id='word_1_309' title='bbox 677 2394 836 2448; x_wconf 84' lang='grc' dir='ltr'>πρόθεσις</span> <span class='ocrx_word' id='word_1_310' title='bbox 865 2396 949 2448; x_wconf 82' lang='grc' dir='ltr'>μένῃ</span> <span class='ocrx_word' id='word_1_311' title='bbox 964 2426 975 2445; x_wconf 89' lang='grc'>,</span> <span class='ocrx_word' id='word_1_312' title='bbox 998 2398 1060 2434; x_wconf 74' lang='grc' dir='ltr'>οὐκ</span> <span class='ocrx_word' id='word_1_313' title='bbox 1087 2396 1120 2441; x_wconf 83' lang='grc' dir='ltr'>ἐξ</span> 
     </span>
     <span class='ocr_line' id='line_1_37' title="bbox 99 2454 1119 2509; baseline 0.004 -17"><span class='ocrx_word' id='word_1_314' title='bbox 99 2454 225 2507; x_wconf 82' lang='grc' dir='ltr'>ἔργων,</span> <span class='ocrx_word' id='word_1_315' title='bbox 245 2457 321 2493; x_wconf 85' lang='grc' dir='ltr'>ἀλλ’</span> <span class='ocrx_word' id='word_1_316' title='bbox 350 2457 389 2493; x_wconf 81' lang='grc' dir='ltr'>ἐκ</span> <span class='ocrx_word' id='word_1_317' title='bbox 416 2461 475 2494; x_wconf 74' lang='grc' dir='ltr'>τοῦ</span> <span class='ocrx_word' id='word_1_318' title='bbox 506 2458 708 2504; x_wconf 72' lang='grc' dir='ltr'>καλοῦντος,</span> <span class='ocrx_word' id='word_1_319' title='bbox 729 2457 856 2509; x_wconf 70' lang='grc' dir='ltr'>ἐρρήθη</span> <span class='ocrx_word' id='word_1_320' title='bbox 875 2459 982 2509; x_wconf 74' lang='grc' dir='ltr'>αὐτῇ,</span> <span class='ocrx_word' id='word_1_321' title='bbox 1003 2461 1056 2496; x_wconf 83' lang='grc' dir='ltr'>ὅτι</span> <span class='ocrx_word' id='word_1_322' title='bbox 1075 2457 1119 2496; x_wconf 89' lang='grc' dir='ltr'>Ὁ</span> 
     </span>
     <span class='ocr_line' id='line_1_38' title="bbox 101 2515 1119 2570; baseline 0.005 -19"><span class='ocrx_word' id='word_1_323' title='bbox 101 2515 224 2564; x_wconf 84' lang='grc' dir='ltr'>μείζων</span> <span class='ocrx_word' id='word_1_324' title='bbox 256 2515 430 2554; x_wconf 79' lang='grc' dir='ltr'>δουλεύσει</span> <span class='ocrx_word' id='word_1_325' title='bbox 457 2519 507 2568; x_wconf 79' lang='grc' dir='ltr'>τῷ</span> <span class='ocrx_word' id='word_1_326' title='bbox 543 2517 731 2555; x_wconf 81' lang='grc' dir='ltr'>ἐλάσσονι·</span> <span class='ocrx_word' id='word_1_327' title='bbox 754 2517 869 2561; x_wconf 84' lang='grc' dir='ltr'>καθὼς</span> <span class='ocrx_word' id='word_1_328' title='bbox 900 2519 1119 2570; x_wconf 81' lang='grc' dir='ltr'>γέγραπται,</span> 
     </span>
     <span class='ocr_line' id='line_1_39' title="bbox 99 2575 1121 2636; baseline 0.005 -24"><span class='ocrx_word' id='word_1_329' title='bbox 99 2576 169 2636; x_wconf 31' lang='lat' dir='ltr'>&#39;sn-:ov</span> <span class='ocrx_word' id='word_1_330' title='bbox 191 2575 319 2613; x_wconf 61' lang='grc' dir='ltr'>Ἰακὼιῗ</span> <span class='ocrx_word' id='word_1_331' title='bbox 347 2575 533 2626; x_wconf 73' lang='grc' dir='ltr'>ἠγάπησα,</span> <span class='ocrx_word' id='word_1_332' title='bbox 549 2577 605 2614; x_wconf 81' lang='grc' dir='ltr'>τὸν</span> <span class='ocrx_word' id='word_1_333' title='bbox 627 2577 662 2615; x_wconf 81' lang='grc' dir='ltr'>δὲ</span> <span class='ocrx_word' id='word_1_334' title='bbox 681 2577 795 2616; x_wconf 48' lang='grc' dir='ltr'>(Ησαῧ</span> <span class='ocrx_word' id='word_1_335' title='bbox 824 2577 987 2629; x_wconf 81' lang='grc' dir='ltr'>ἐμίσησα.</span> <span class='ocrx_word' id='word_1_336' title='bbox 1018 2579 1121 2622; x_wconf 85' lang='grc' dir='ltr'>Τίνος</span> 
     </span>
     <span class='ocr_line' id='line_1_40' title="bbox 99 2635 1120 2689; baseline 0.001 -15"><span class='ocrx_word' id='word_1_337' title='bbox 99 2638 156 2674; x_wconf 83' lang='grc' dir='ltr'>οὐν</span> <span class='ocrx_word' id='word_1_338' title='bbox 179 2635 291 2673; x_wconf 79' lang='grc' dir='ltr'>ἕνεκεν</span> <span class='ocrx_word' id='word_1_339' title='bbox 314 2638 331 2673; x_wconf 88' lang='lat'>6</span> <span class='ocrx_word' id='word_1_340' title='bbox 351 2635 411 2686; x_wconf 77' lang='grc' dir='ltr'>μὲν</span> <span class='ocrx_word' id='word_1_341' title='bbox 429 2638 597 2687; x_wconf 65' lang='grc' dir='ltr'>ἐφιλεῖτο,</span> <span class='ocrx_word' id='word_1_342' title='bbox 616 2640 633 2674; x_wconf 89' lang='lat'>6</span> <span class='ocrx_word' id='word_1_343' title='bbox 651 2637 687 2674; x_wconf 81' lang='grc' dir='ltr'>δὲ</span> <span class='ocrx_word' id='word_1_344' title='bbox 704 2641 877 2687; x_wconf 73' lang='grc' dir='ltr'>ἐμισεῖτο,</span> <span class='ocrx_word' id='word_1_345' title='bbox 894 2638 950 2676; x_wconf 84' lang='grc' dir='ltr'>διὰ</span> <span class='ocrx_word' id='word_1_346' title='bbox 973 2637 1007 2675; x_wconf 86' lang='grc' dir='ltr'>τί</span> <span class='ocrx_word' id='word_1_347' title='bbox 1024 2641 1041 2675; x_wconf 88' lang='lat'>6</span> <span class='ocrx_word' id='word_1_348' title='bbox 1059 2637 1120 2689; x_wconf 79' lang='grc' dir='ltr'>μὲν</span> 
     </span>
     <span class='ocr_line' id='line_1_41' title="bbox 99 2697 1121 2751; baseline 0.002 -17"><span class='ocrx_word' id='word_1_349' title='bbox 99 2697 274 2735; x_wconf 78' lang='grc' dir='ltr'>ἐδούλευεν</span> <span class='ocrx_word' id='word_1_350' title='bbox 287 2728 296 2745; x_wconf 93' lang='grc'>,</span> <span class='ocrx_word' id='word_1_351' title='bbox 321 2701 338 2735; x_wconf 88' lang='lat'>6</span> <span class='ocrx_word' id='word_1_352' title='bbox 358 2697 393 2735; x_wconf 81' lang='grc' dir='ltr'>δὲ</span> <span class='ocrx_word' id='word_1_353' title='bbox 414 2698 631 2744; x_wconf 83' lang='grc' dir='ltr'>ἐδουλεύετο;</span> <span class='ocrx_word' id='word_1_354' title='bbox 651 2698 799 2751; x_wconf 75' lang='grc' dir='ltr'>Ἐπειδὴ</span> <span class='ocrx_word' id='word_1_355' title='bbox 822 2702 840 2737; x_wconf 91' lang='lat'>6</span> <span class='ocrx_word' id='word_1_356' title='bbox 860 2699 920 2749; x_wconf 81' lang='grc' dir='ltr'>μὲν</span> <span class='ocrx_word' id='word_1_357' title='bbox 951 2698 1121 2751; x_wconf 79' lang='grc' dir='ltr'>πονηρὸς,</span> 
     </span>
     <span class='ocr_line' id='line_1_42' title="bbox 98 2754 1120 2811; baseline 0.002 -15"><span class='ocrx_word' id='word_1_358' title='bbox 98 2761 116 2796; x_wconf 85' lang='lat'>6</span> <span class='ocrx_word' id='word_1_359' title='bbox 133 2758 168 2797; x_wconf 77' lang='grc' dir='ltr'>δὲ</span> <span class='ocrx_word' id='word_1_360' title='bbox 195 2759 320 2810; x_wconf 74' lang='grc' dir='ltr'>ἀγαθὸς</span> <span class='ocrx_word' id='word_1_361' title='bbox 346 2754 408 2806; x_wconf 58' lang='grc' dir='ltr'>ἦ),</span> <span class='ocrx_word' id='word_1_362' title='bbox 430 2759 555 2797; x_wconf 84' lang='grc' dir='ltr'>Καίτοι</span> <span class='ocrx_word' id='word_1_363' title='bbox 576 2758 722 2810; x_wconf 80' lang='grc' dir='ltr'>μηδέπω</span> <span class='ocrx_word' id='word_1_364' title='bbox 749 2760 1000 2811; x_wconf 81' lang='grc' dir='ltr'>γεννηθέντων,</span> <span class='ocrx_word' id='word_1_365' title='bbox 1020 2763 1036 2798; x_wconf 90' lang='lat'>6</span> <span class='ocrx_word' id='word_1_366' title='bbox 1060 2760 1120 2810; x_wconf 83' lang='grc' dir='ltr'>μὲν</span> 
     </span>
     <span class='ocr_line' id='line_1_43' title="bbox 100 2819 1122 2872; baseline 0.001 -15"><span class='ocrx_word' id='word_1_367' title='bbox 100 2820 244 2869; x_wconf 77' lang='grc' dir='ltr'>ἐτιμᾶτο</span> <span class='ocrx_word' id='word_1_368' title='bbox 258 2849 268 2867; x_wconf 84' lang='grc'>,</span> <span class='ocrx_word' id='word_1_369' title='bbox 289 2823 306 2858; x_wconf 91' lang='lat'>6</span> <span class='ocrx_word' id='word_1_370' title='bbox 326 2819 361 2857; x_wconf 78' lang='grc' dir='ltr'>δὲ</span> <span class='ocrx_word' id='word_1_371' title='bbox 378 2820 621 2864; x_wconf 77' lang='grc' dir='ltr'>κατεδικάζετο</span> <span class='ocrx_word' id='word_1_372' title='bbox 636 2836 643 2842; x_wconf 93' lang='lat'><em>·</em></span> <span class='ocrx_word' id='word_1_373' title='bbox 667 2820 762 2858; x_wconf 85' lang='grc' dir='ltr'>οὔπω</span> <span class='ocrx_word' id='word_1_374' title='bbox 788 2820 855 2872; x_wconf 71' lang='grc' dir='ltr'>γὰρ</span> <span class='ocrx_word' id='word_1_375' title='bbox 875 2821 1122 2871; x_wconf 80' lang='grc' dir='ltr'>γεννηθέντων,</span> 
     </span>
     <span class='ocr_line' id='line_1_44' title="bbox 98 2880 1121 2932; baseline 0.002 -15"><span class='ocrx_word' id='word_1_376' title='bbox 98 2882 116 2917; x_wconf 82' lang='lat'>6</span> <span class='ocrx_word' id='word_1_377' title='bbox 134 2880 222 2924; x_wconf 85' lang='grc' dir='ltr'>Θεὸς</span> <span class='ocrx_word' id='word_1_378' title='bbox 240 2881 374 2930; x_wconf 84' lang='grc' dir='ltr'>ἔλεγεν,</span> <span class='ocrx_word' id='word_1_379' title='bbox 391 2881 442 2918; x_wconf 83' lang='grc' dir='ltr'>ὅτι</span> <span class='ocrx_word' id='word_1_380' title='bbox 472 2880 516 2919; x_wconf 80' lang='lat' dir='ltr'>‘O</span> <span class='ocrx_word' id='word_1_381' title='bbox 538 2880 663 2931; x_wconf 83' lang='grc' dir='ltr'>μείζων</span> <span class='ocrx_word' id='word_1_382' title='bbox 680 2881 852 2919; x_wconf 84' lang='grc' dir='ltr'>δουλεύσει</span> <span class='ocrx_word' id='word_1_383' title='bbox 879 2884 929 2932; x_wconf 78' lang='grc' dir='ltr'>τῷ</span> <span class='ocrx_word' id='word_1_384' title='bbox 950 2881 1121 2920; x_wconf 80' lang='grc' dir='ltr'>ἐλάσσονι.</span> 
     </span>
     <span class='ocr_line' id='line_1_45' title="bbox 100 2935 1121 2989; baseline 0.002 -12"><span class='ocrx_word' id='word_1_385' title='bbox 100 2940 203 2984; x_wconf 87' lang='grc' dir='ltr'>Τίνος</span> <span class='ocrx_word' id='word_1_386' title='bbox 220 2935 276 2978; x_wconf 68' lang='grc' dir='ltr'>οὖν</span> <span class='ocrx_word' id='word_1_387' title='bbox 298 2940 411 2978; x_wconf 78' lang='grc' dir='ltr'>ἕνεκεν</span> <span class='ocrx_word' id='word_1_388' title='bbox 431 2945 533 2980; x_wconf 79' lang='grc' dir='ltr'>τοῦτο</span> <span class='ocrx_word' id='word_1_389' title='bbox 553 2935 646 2980; x_wconf 65' lang='grc' dir='ltr'>εἶπεν</span> <span class='ocrx_word' id='word_1_390' title='bbox 675 2945 692 2979; x_wconf 89' lang='lat'>6</span> <span class='ocrx_word' id='word_1_391' title='bbox 716 2941 824 2989; x_wconf 68' lang='grc' dir='ltr'>Θεός,</span> <span class='ocrx_word' id='word_1_392' title='bbox 846 2941 930 2981; x_wconf 64' lang='lat' dir='ltr'>“Ort</span> <span class='ocrx_word' id='word_1_393' title='bbox 950 2944 1010 2980; x_wconf 76' lang='grc' dir='ltr'>οὐκ</span> <span class='ocrx_word' id='word_1_394' title='bbox 1036 2943 1121 2979; x_wconf 80' lang='grc' dir='ltr'>ἀνα-</span> 
     </span>
     <span class='ocr_line' id='line_1_46' title="bbox 103 3001 1122 3055; baseline 0.004 -18"><span class='ocrx_word' id='word_1_395' title='bbox 103 3001 217 3050; x_wconf 80' lang='grc' dir='ltr'>μένει,</span> <span class='ocrx_word' id='word_1_396' title='bbox 240 3002 397 3053; x_wconf 81' lang='grc' dir='ltr'>καθάπερ</span> <span class='ocrx_word' id='word_1_397' title='bbox 417 3002 614 3055; x_wconf 85' lang='grc' dir='ltr'>ἅνθρωπος,</span> <span class='ocrx_word' id='word_1_398' title='bbox 633 3003 701 3041; x_wconf 83' lang='grc' dir='ltr'>ἀπὸ</span> <span class='ocrx_word' id='word_1_399' title='bbox 719 3006 778 3040; x_wconf 71' lang='grc' dir='ltr'>τοῦ</span> <span class='ocrx_word' id='word_1_400' title='bbox 800 3003 917 3046; x_wconf 84' lang='grc' dir='ltr'>τέλους</span> <span class='ocrx_word' id='word_1_401' title='bbox 938 3006 1007 3041; x_wconf 78' lang='grc' dir='ltr'>τῶν</span> <span class='ocrx_word' id='word_1_402' title='bbox 1026 3019 1122 3055; x_wconf 81' lang='grc' dir='ltr'>πρα-</span> 
     </span>
     <span class='ocr_line' id='line_1_47' title="bbox 101 3060 1123 3113; baseline 0.006 -16"><span class='ocrx_word' id='word_1_403' title='bbox 101 3060 243 3111; x_wconf 79' lang='grc' dir='ltr'>γμάτων</span> <span class='ocrx_word' id='word_1_404' title='bbox 261 3063 342 3099; x_wconf 79' lang='grc' dir='ltr'>ἰδεῖν</span> <span class='ocrx_word' id='word_1_405' title='bbox 359 3063 416 3100; x_wconf 83' lang='grc' dir='ltr'>τὸν</span> <span class='ocrx_word' id='word_1_406' title='bbox 437 3063 580 3113; x_wconf 80' lang='grc' dir='ltr'>ἀγαθὸν,</span> <span class='ocrx_word' id='word_1_407' title='bbox 608 3063 740 3102; x_wconf 74' lang='grc' dir='ltr'>καὶτὸν</span> <span class='ocrx_word' id='word_1_408' title='bbox 767 3065 804 3101; x_wconf 78' lang='grc' dir='ltr'>οὐ</span> <span class='ocrx_word' id='word_1_409' title='bbox 832 3068 984 3102; x_wconf 77' lang='grc' dir='ltr'>τοιοῦτον</span> <span class='ocrx_word' id='word_1_410' title='bbox 1000 3095 1009 3111; x_wconf 94' lang='grc'>,</span> <span class='ocrx_word' id='word_1_411' title='bbox 1033 3064 1123 3103; x_wconf 74' lang='grc' dir='ltr'>ἀλλὰ</span> 
     </span>
     <span class='ocr_line' id='line_1_48' title="bbox 103 3117 1121 3177; baseline 0.006 -19"><span class='ocrx_word' id='word_1_412' title='bbox 103 3121 162 3158; x_wconf 80' lang='grc' dir='ltr'>καὶ</span> <span class='ocrx_word' id='word_1_413' title='bbox 182 3122 249 3173; x_wconf 78' lang='grc' dir='ltr'>πρὸ</span> <span class='ocrx_word' id='word_1_414' title='bbox 273 3121 402 3160; x_wconf 82' lang='grc' dir='ltr'>τούτων</span> <span class='ocrx_word' id='word_1_415' title='bbox 422 3117 491 3162; x_wconf 65' lang='grc' dir='ltr'>οἶδε</span> <span class='ocrx_word' id='word_1_416' title='bbox 509 3123 560 3168; x_wconf 88' lang='grc' dir='ltr'>τίς</span> <span class='ocrx_word' id='word_1_417' title='bbox 575 3124 639 3174; x_wconf 79' lang='grc' dir='ltr'>μὲν</span> <span class='ocrx_word' id='word_1_418' title='bbox 668 3128 685 3163; x_wconf 89' lang='grc' dir='ltr'><strong><em>ὃ</em></strong></span> <span class='ocrx_word' id='word_1_419' title='bbox 709 3126 878 3177; x_wconf 84' lang='grc' dir='ltr'>πονηρὸς,</span> <span class='ocrx_word' id='word_1_420' title='bbox 904 3125 954 3168; x_wconf 88' lang='grc' dir='ltr'>τίς</span> <span class='ocrx_word' id='word_1_421' title='bbox 975 3125 1009 3164; x_wconf 78' lang='grc' dir='ltr'>δὲ</span> <span class='ocrx_word' id='word_1_422' title='bbox 1027 3128 1044 3163; x_wconf 84' lang='grc' dir='ltr'><em>ὃ</em></span> <span class='ocrx_word' id='word_1_423' title='bbox 1073 3125 1121 3176; x_wconf 75' lang='grc' dir='ltr'>μὴ</span> 
     </span>
     <span class='ocr_line' id='line_1_49' title="bbox 102 3189 1122 3245; baseline 0.005 -20"><span class='ocrx_word' id='word_1_424' title='bbox 102 3192 262 3230; x_wconf 80' lang='grc' dir='ltr'>τοιοῦτος.</span> <span class='ocrx_word' id='word_1_425' title='bbox 291 3189 360 3226; x_wconf 79' lang='grc' dir='ltr'>Καὶ</span> <span class='ocrx_word' id='word_1_426' title='bbox 380 3193 480 3228; x_wconf 72' lang='grc' dir='ltr'>τοῦτο</span> <span class='ocrx_word' id='word_1_427' title='bbox 498 3191 557 3227; x_wconf 76' lang='grc' dir='ltr'>καὶ</span> <span class='ocrx_word' id='word_1_428' title='bbox 581 3191 638 3229; x_wconf 79' lang='grc' dir='ltr'>ἐπὶ</span> <span class='ocrx_word' id='word_1_429' title='bbox 662 3195 729 3230; x_wconf 83' lang='grc' dir='ltr'>τῶν</span> <span class='ocrx_word' id='word_1_430' title='bbox 760 3192 986 3245; x_wconf 79' lang='grc' dir='ltr'>Ἰσραηλιτῶν</span> <span class='ocrx_word' id='word_1_431' title='bbox 1005 3193 1122 3245; x_wconf 78' lang='grc' dir='ltr'>γέγονε</span> 
     </span>
    </p>
   </div>
   <div class='ocr_carea' id='block_1_3' title="bbox 106 3253 1124 3313">
    <p class='ocr_par' dir='ltr' id='par_1_3' title="bbox 106 3253 1124 3313">
     <span class='ocr_line' id='line_1_50' title="bbox 106 3253 1124 3313; baseline 0.008 -23"><span class='ocrx_word' id='word_1_432' title='bbox 106 3254 194 3304; x_wconf 71' lang='grc' dir='ltr'>μετὰ</span> <span class='ocrx_word' id='word_1_433' title='bbox 213 3253 367 3297; x_wconf 86' lang='grc' dir='ltr'>πλείονος</span> <span class='ocrx_word' id='word_1_434' title='bbox 382 3259 441 3293; x_wconf 81' lang='grc' dir='ltr'>τοῦ</span> <span class='ocrx_word' id='word_1_435' title='bbox 458 3255 643 3306; x_wconf 87' lang='grc' dir='ltr'>θαύματος.</span> <span class='ocrx_word' id='word_1_436' title='bbox 664 3257 711 3296; x_wconf 89' lang='grc' dir='ltr'>Τί</span> <span class='ocrx_word' id='word_1_437' title='bbox 726 3258 793 3311; x_wconf 82' lang='grc' dir='ltr'>γὰρ</span> <span class='ocrx_word' id='word_1_438' title='bbox 809 3258 913 3311; x_wconf 81' lang='grc' dir='ltr'>λέγω,</span> <span class='ocrx_word' id='word_1_439' title='bbox 929 3260 1028 3312; x_wconf 75' lang='grc' dir='ltr'>φησὶ,</span> <span class='ocrx_word' id='word_1_440' title='bbox 1043 3260 1124 3313; x_wconf 82' lang='grc' dir='ltr'>περὶ</span> 
     </span>
    </p>
   </div>
   <div class='ocr_carea' id='block_1_4' title="bbox 150 3391 807 3439">
    <p class='ocr_par' dir='ltr' id='par_1_4' title="bbox 150 3391 807 3439">
     <span class='ocr_line' id='line_1_51' title="bbox 150 3391 807 3439; baseline 0.008 -15"><span class='ocrx_word' id='word_1_441' title='bbox 150 3400 164 3416; x_wconf 76' lang='lat'>¹²</span> <span class='ocrx_word' id='word_1_442' title='bbox 188 3391 318 3433; x_wconf 53' lang='lat' dir='ltr'>[gni-102</span> <span class='ocrx_word' id='word_1_443' title='bbox 340 3397 449 3434; x_wconf 71' lang='grc' dir='ltr'>ἐγίνετο</span> <span class='ocrx_word' id='word_1_444' title='bbox 463 3393 498 3425; x_wconf 84' lang='grc' dir='ltr'>Α.</span> <span class='ocrx_word' id='word_1_445' title='bbox 518 3400 549 3425; x_wconf 88' lang='lat' dir='ltr'>et</span> <span class='ocrx_word' id='word_1_446' title='bbox 567 3405 671 3438; x_wconf 84' lang='lat' dir='ltr'>marg.</span> <span class='ocrx_word' id='word_1_447' title='bbox 687 3395 807 3439; x_wconf 69' lang='lat' dir='ltr'>savit]</span> 
     </span>
    </p>
   </div>
   <div class='ocr_carea' id='block_1_5' title="bbox 2066 222 2160 283">
    <p class='ocr_par' dir='ltr' id='par_1_5' title="bbox 2066 222 2160 283">
     <span class='ocr_line' id='line_1_52' title="bbox 2066 222 2160 283; baseline -0.011 -14"><span class='ocrx_word' id='word_1_448' title='bbox 2066 222 2160 283; x_wconf 73' lang='lat'>675</span> 
     </span>
    </p>
   </div>
   <div class='ocr_carea' id='block_1_6' title="bbox 1132 321 2180 3299">
    <p class='ocr_par' dir='ltr' id='par_1_6' title="bbox 1132 321 2180 3299">
     <span class='ocr_line' id='line_1_53' title="bbox 1184 321 2165 376; baseline -0.007 -9"><span class='ocrx_word' id='word_1_449' title='bbox 1184 329 1277 367; x_wconf 87' lang='lat' dir='ltr'>enim</span> <span class='ocrx_word' id='word_1_450' title='bbox 1305 329 1491 370; x_wconf 84' lang='lat' dir='ltr'>obscurius</span> <span class='ocrx_word' id='word_1_451' title='bbox 1517 327 1555 366; x_wconf 87' lang='lat' dir='ltr'>id</span> <span class='ocrx_word' id='word_1_452' title='bbox 1576 326 1753 376; x_wconf 86' lang='lat' dir='ltr'>manebat,</span> <span class='ocrx_word' id='word_1_453' title='bbox 1780 333 1873 363; x_wconf 89' lang='lat' dir='ltr'>tanto</span> <span class='ocrx_word' id='word_1_454' title='bbox 1893 323 2008 374; x_wconf 84' lang='lat' dir='ltr'>magis</span> <span class='ocrx_word' id='word_1_455' title='bbox 2037 321 2165 362; x_wconf 78' lang='lat' dir='ltr'>Judaeo</span> 
     </span>
     <span class='ocr_line' id='line_1_54' title="bbox 1182 383 2164 429; baseline -0.01 0"><span class='ocrx_word' id='word_1_456' title='bbox 1182 405 1221 429; x_wconf 94' lang='grc'>05</span> <span class='ocrx_word' id='word_1_457' title='bbox 1242 391 1477 429; x_wconf 84' lang='lat' dir='ltr'>obturabatur</span> <span class='ocrx_word' id='word_1_458' title='bbox 1494 405 1502 426; x_wconf 73' lang='grc' dir='ltr'>ε</span> <span class='ocrx_word' id='word_1_459' title='bbox 1522 398 1556 426; x_wconf 91' lang='lat' dir='ltr'>et</span> <span class='ocrx_word' id='word_1_460' title='bbox 1576 388 1673 426; x_wconf 84' lang='lat' dir='ltr'>illius</span> <span class='ocrx_word' id='word_1_461' title='bbox 1692 385 1869 425; x_wconf 78' lang='lat' dir='ltr'>dubitatio</span> <span class='ocrx_word' id='word_1_462' title='bbox 1888 384 1924 421; x_wconf 91' lang='lat' dir='ltr'>in</span> <span class='ocrx_word' id='word_1_463' title='bbox 1944 383 2035 421; x_wconf 89' lang='lat' dir='ltr'>illud</span> <span class='ocrx_word' id='word_1_464' title='bbox 2049 392 2164 420; x_wconf 89' lang='lat' dir='ltr'>trans-</span> 
     </span>
     <span class='ocr_line' id='line_1_55' title="bbox 1183 444 2165 503; baseline -0.01 -13"><span class='ocrx_word' id='word_1_465' title='bbox 1183 451 1272 499; x_wconf 87' lang='lat' dir='ltr'>ibat,</span> <span class='ocrx_word' id='word_1_466' title='bbox 1302 461 1405 503; x_wconf 89' lang='lat' dir='ltr'>atque</span> <span class='ocrx_word' id='word_1_467' title='bbox 1429 450 1589 503; x_wconf 74' lang='lat' dir='ltr'>apertius</span> <span class='ocrx_word' id='word_1_468' title='bbox 1617 450 1685 487; x_wconf 90' lang='grc'><strong>1100</strong></span> <span class='ocrx_word' id='word_1_469' title='bbox 1710 448 1811 486; x_wconf 85' lang='grc'><strong>1111110</strong></span> <span class='ocrx_word' id='word_1_470' title='bbox 1842 445 2016 484; x_wconf 86' lang='lat' dir='ltr'><strong>redditur.</strong></span> <span class='ocrx_word' id='word_1_471' title='bbox 2049 444 2110 483; x_wconf 84' lang='lat' dir='ltr'>Sic</span> <span class='ocrx_word' id='word_1_472' title='bbox 2131 452 2165 481; x_wconf 87' lang='lat' dir='ltr'>et</span> 
     </span>
     <span class='ocr_line' id='line_1_56' title="bbox 1183 505 2166 563; baseline -0.007 -13"><span class='ocrx_word' id='word_1_473' title='bbox 1183 512 1250 550; x_wconf 90' lang='grc'><strong>1100</strong></span> <span class='ocrx_word' id='word_1_474' title='bbox 1268 513 1356 561; x_wconf 86' lang='grc'><strong>1000,</strong></span> <span class='ocrx_word' id='word_1_475' title='bbox 1375 527 1421 550; x_wconf 81' lang='lat' dir='ltr'>ex</span> <span class='ocrx_word' id='word_1_476' title='bbox 1435 511 1514 550; x_wconf 90' lang='lat' dir='ltr'>aliis</span> <span class='ocrx_word' id='word_1_477' title='bbox 1530 511 1676 563; x_wconf 86' lang='lat' dir='ltr'>objectis</span> <span class='ocrx_word' id='word_1_478' title='bbox 1694 508 1921 560; x_wconf 83' lang='lat' dir='ltr'>quaestionem</span> <span class='ocrx_word' id='word_1_479' title='bbox 1935 505 2041 544; x_wconf 86' lang='lat' dir='ltr'>solvit</span> <span class='ocrx_word' id='word_1_480' title='bbox 2058 521 2066 541; x_wconf 75' lang='grc' dir='ltr'><em>τ</em></span> <span class='ocrx_word' id='word_1_481' title='bbox 2083 519 2166 543; x_wconf 86' lang='grc'><strong>113111</strong></span> 
     </span>
     <span class='ocr_line' id='line_1_57' title="bbox 1184 566 2162 618; baseline -0.008 -7"><span class='ocrx_word' id='word_1_482' title='bbox 1184 582 1302 611; x_wconf 89' lang='lat' dir='ltr'>contra</span> <span class='ocrx_word' id='word_1_483' title='bbox 1333 574 1476 613; x_wconf 84' lang='lat' dir='ltr'>Judaeos</span> <span class='ocrx_word' id='word_1_484' title='bbox 1496 582 1669 610; x_wconf 88' lang='lat' dir='ltr'>certamen</span> <span class='ocrx_word' id='word_1_485' title='bbox 1688 570 1743 607; x_wconf 86' lang='lat' dir='ltr'>illi</span> <span class='ocrx_word' id='word_1_486' title='bbox 1764 578 1850 607; x_wconf 86' lang='lat' dir='ltr'>erat.</span> <span class='ocrx_word' id='word_1_487' title='bbox 1873 568 1956 606; x_wconf 88' lang='lat' dir='ltr'>Ideo</span> <span class='ocrx_word' id='word_1_488' title='bbox 1985 566 2162 618; x_wconf 82' lang='lat' dir='ltr'>exempla,</span> 
     </span>
     <span class='ocr_line' id='line_1_58' title="bbox 1182 627 2161 684; baseline -0.008 -13"><span class='ocrx_word' id='word_1_489' title='bbox 1182 648 1261 684; x_wconf 85' lang='lat' dir='ltr'>quae</span> <span class='ocrx_word' id='word_1_490' title='bbox 1291 634 1327 671; x_wconf 88' lang='lat' dir='ltr'>in</span> <span class='ocrx_word' id='word_1_491' title='bbox 1359 633 1517 671; x_wconf 88' lang='lat' dir='ltr'>medium</span> <span class='ocrx_word' id='word_1_492' title='bbox 1547 631 1712 680; x_wconf 83' lang='lat' dir='ltr'>adduxit,</span> <span class='ocrx_word' id='word_1_493' title='bbox 1751 644 1820 667; x_wconf 92' lang='lat' dir='ltr'>non</span> <span class='ocrx_word' id='word_1_494' title='bbox 1851 629 1994 666; x_wconf 87' lang='lat' dir='ltr'>omnino</span> <span class='ocrx_word' id='word_1_495' title='bbox 2028 627 2161 665; x_wconf 88' lang='lat' dir='ltr'>solvit:</span> 
     </span>
     <span class='ocr_line' id='line_1_59' title="bbox 1180 692 2166 746; baseline -0.008 -12"><span class='ocrx_word' id='word_1_496' title='bbox 1180 710 1292 746; x_wconf 87' lang='lat' dir='ltr'>neque</span> <span class='ocrx_word' id='word_1_497' title='bbox 1307 697 1400 734; x_wconf 89' lang='lat' dir='ltr'>enim</span> <span class='ocrx_word' id='word_1_498' title='bbox 1421 696 1465 733; x_wconf 92' lang='lat' dir='ltr'>iis</span> <span class='ocrx_word' id='word_1_499' title='bbox 1481 694 1657 733; x_wconf 76' lang='lat' dir='ltr'>obnoxius</span> <span class='ocrx_word' id='word_1_500' title='bbox 1672 702 1760 742; x_wconf 82' lang='lat' dir='ltr'>erat,</span> <span class='ocrx_word' id='word_1_501' title='bbox 1793 701 1833 729; x_wconf 88' lang='lat' dir='ltr'>ut</span> <span class='ocrx_word' id='word_1_502' title='bbox 1848 692 1883 728; x_wconf 90' lang='lat' dir='ltr'>in</span> <span class='ocrx_word' id='word_1_503' title='bbox 1904 704 2021 742; x_wconf 83' lang='lat' dir='ltr'>pugna</span> <span class='ocrx_word' id='word_1_504' title='bbox 2045 698 2166 727; x_wconf 82' lang='lat' dir='ltr'>contra</span> 
     </span>
     <span class='ocr_line' id='line_1_60' title="bbox 1181 751 2166 808; baseline -0.009 -13"><span class='ocrx_word' id='word_1_505' title='bbox 1181 757 1325 796; x_wconf 82' lang='lat' dir='ltr'>Judaeos</span> <span class='ocrx_word' id='word_1_506' title='bbox 1341 765 1501 808; x_wconf 87' lang='lat' dir='ltr'>suscepta</span> <span class='ocrx_word' id='word_1_507' title='bbox 1517 771 1525 791; x_wconf 74' lang='grc' dir='ltr'><em>τ</em></span> <span class='ocrx_word' id='word_1_508' title='bbox 1540 769 1601 792; x_wconf 86' lang='grc'><strong>5113</strong></span> <span class='ocrx_word' id='word_1_509' title='bbox 1618 767 1702 792; x_wconf 78' lang='lat' dir='ltr'>vero</span> <span class='ocrx_word' id='word_1_510' title='bbox 1715 752 1832 790; x_wconf 89' lang='lat' dir='ltr'>omnia</span> <span class='ocrx_word' id='word_1_511' title='bbox 1846 766 1891 789; x_wconf 78' lang='lat' dir='ltr'>ex</span> <span class='ocrx_word' id='word_1_512' title='bbox 1906 751 1975 788; x_wconf 85' lang='lat' dir='ltr'>illis</span> <span class='ocrx_word' id='word_1_513' title='bbox 1989 751 2166 802; x_wconf 74' lang='lat' dir='ltr'><strong>apertiora</strong></span> 
     </span>
     <span class='ocr_line' id='line_1_61' title="bbox 1181 810 2166 863; baseline -0.008 -8"><span class='ocrx_word' id='word_1_514' title='bbox 1181 817 1278 856; x_wconf 83' lang='lat' dir='ltr'>facit.</span> <span class='ocrx_word' id='word_1_515' title='bbox 1313 817 1414 863; x_wconf 84' lang='lat' dir='ltr'>Quid</span> <span class='ocrx_word' id='word_1_516' title='bbox 1435 816 1531 853; x_wconf 91' lang='lat' dir='ltr'>enim</span> <span class='ocrx_word' id='word_1_517' title='bbox 1554 814 1710 862; x_wconf 85' lang='lat' dir='ltr'>miraris,</span> <span class='ocrx_word' id='word_1_518' title='bbox 1743 812 1872 863; x_wconf 86' lang='lat' dir='ltr'>inquit⁷</span> <span class='ocrx_word' id='word_1_519' title='bbox 1897 812 1927 848; x_wconf 87' lang='lat' dir='ltr'>si</span> <span class='ocrx_word' id='word_1_520' title='bbox 1958 826 2002 848; x_wconf 81' lang='lat' dir='ltr'>ex</span> <span class='ocrx_word' id='word_1_521' title='bbox 2030 810 2166 849; x_wconf 85' lang='lat' dir='ltr'>Judaeis</span> 
     </span>
     <span class='ocr_line' id='line_1_62' title="bbox 1183 871 2165 928; baseline -0.008 -13"><span class='ocrx_word' id='word_1_522' title='bbox 1183 878 1243 915; x_wconf 87' lang='lat' dir='ltr'>alii</span> <span class='ocrx_word' id='word_1_523' title='bbox 1264 877 1409 928; x_wconf 90' lang='lat' dir='ltr'>quidem</span> <span class='ocrx_word' id='word_1_524' title='bbox 1430 876 1520 913; x_wconf 93' lang='lat' dir='ltr'>salvi</span> <span class='ocrx_word' id='word_1_525' title='bbox 1539 875 1638 921; x_wconf 87' lang='lat' dir='ltr'>fiant,</span> <span class='ocrx_word' id='word_1_526' title='bbox 1661 873 1723 910; x_wconf 87' lang='lat' dir='ltr'>alii</span> <span class='ocrx_word' id='word_1_527' title='bbox 1743 871 1914 909; x_wconf 73' lang='lat' dir='ltr'>minime?</span> <span class='ocrx_word' id='word_1_528' title='bbox 1935 872 2024 908; x_wconf 84' lang='lat' dir='ltr'>Nam</span> <span class='ocrx_word' id='word_1_529' title='bbox 2044 871 2165 908; x_wconf 87' lang='lat' dir='ltr'>hocin</span> 
     </span>
     <span class='ocr_line' id='line_1_63' title="bbox 1182 935 2166 992; baseline -0.008 -14"><span class='ocrx_word' id='word_1_530' title='bbox 1182 940 1400 992; x_wconf 70' lang='lat' dir='ltr'>patriarchis</span> <span class='ocrx_word' id='word_1_531' title='bbox 1415 940 1547 975; x_wconf 87' lang='lat' dir='ltr'>factum</span> <span class='ocrx_word' id='word_1_532' title='bbox 1565 935 1686 975; x_wconf 83' lang='lat' dir='ltr'>videre</span> <span class='ocrx_word' id='word_1_533' title='bbox 1704 944 1768 972; x_wconf 86' lang='lat' dir='ltr'>est.</span> <span class='ocrx_word' id='word_1_534' title='bbox 1793 935 1866 971; x_wconf 85' lang='lat' dir='ltr'>Cur</span> <span class='ocrx_word' id='word_1_535' title='bbox 1883 935 1977 971; x_wconf 84' lang='lat' dir='ltr'>enim</span> <span class='ocrx_word' id='word_1_536' title='bbox 1995 935 2093 971; x_wconf 83' lang='lat' dir='ltr'>Isaac</span> <span class='ocrx_word' id='word_1_537' title='bbox 2111 947 2166 970; x_wconf 90' lang='lat' dir='ltr'>so—</span> 
     </span>
     <span class='ocr_line' id='line_1_64' title="bbox 1183 997 2169 1048; baseline -0.008 -7"><span class='ocrx_word' id='word_1_538' title='bbox 1183 1004 1240 1041; x_wconf 85' lang='lat' dir='ltr'>lus</span> <span class='ocrx_word' id='word_1_539' title='bbox 1272 1016 1389 1040; x_wconf 89' lang='lat' dir='ltr'>semen</span> <span class='ocrx_word' id='word_1_540' title='bbox 1409 1010 1572 1048; x_wconf 83' lang='lat' dir='ltr'>vocatur,</span> <span class='ocrx_word' id='word_1_541' title='bbox 1604 997 1742 1036; x_wconf 86' lang='lat' dir='ltr'>etiamsi</span> <span class='ocrx_word' id='word_1_542' title='bbox 1765 997 1924 1034; x_wconf 85' lang='lat' dir='ltr'>lsmaelis</span> <span class='ocrx_word' id='word_1_543' title='bbox 1956 1005 1988 1033; x_wconf 87' lang='lat' dir='ltr'>et</span> <span class='ocrx_word' id='word_1_544' title='bbox 2018 997 2169 1034; x_wconf 85' lang='lat' dir='ltr'>aliorum</span> 
     </span>
     <span class='ocr_line' id='line_1_65' title="bbox 1184 1055 2170 1114; baseline -0.009 -13"><span class='ocrx_word' id='word_1_545' title='bbox 1184 1062 1421 1114; x_wconf 89' lang='lat' dir='ltr'>complurium</span> <span class='ocrx_word' id='word_1_546' title='bbox 1454 1060 1636 1097; x_wconf 86' lang='lat' dir='ltr'>Abraham</span> <span class='ocrx_word' id='word_1_547' title='bbox 1666 1067 1764 1110; x_wconf 85' lang='lat' dir='ltr'>pater</span> <span class='ocrx_word' id='word_1_548' title='bbox 1785 1057 1896 1094; x_wconf 71' lang='lat' dir='ltr'>esset?</span> <span class='ocrx_word' id='word_1_549' title='bbox 1925 1055 1995 1094; x_wconf 89' lang='lat' dir='ltr'>Sed</span> <span class='ocrx_word' id='word_1_550' title='bbox 2017 1070 2036 1092; x_wconf 86' lang='lat' dir='ltr'>a</span> <span class='ocrx_word' id='word_1_551' title='bbox 2054 1065 2170 1093; x_wconf 84' lang='lat' dir='ltr'>matre</span> 
     </span>
     <span class='ocr_line' id='line_1_66' title="bbox 1184 1116 2171 1171; baseline -0.008 -11"><span class='ocrx_word' id='word_1_552' title='bbox 1184 1137 1283 1161; x_wconf 81' lang='lat' dir='ltr'>serva</span> <span class='ocrx_word' id='word_1_553' title='bbox 1303 1122 1393 1159; x_wconf 74' lang='lat' dir='ltr'>fuit?</span> <span class='ocrx_word' id='word_1_554' title='bbox 1417 1121 1464 1158; x_wconf 86' lang='lat' dir='ltr'>Et</span> <span class='ocrx_word' id='word_1_555' title='bbox 1488 1120 1574 1171; x_wconf 89' lang='lat' dir='ltr'>quid</span> <span class='ocrx_word' id='word_1_556' title='bbox 1593 1120 1660 1156; x_wconf 90' lang='grc'><strong>1100</strong></span> <span class='ocrx_word' id='word_1_557' title='bbox 1681 1118 1725 1156; x_wconf 83' lang='lat' dir='ltr'>ad</span> <span class='ocrx_word' id='word_1_558' title='bbox 1747 1116 1973 1169; x_wconf 75' lang='lat' dir='ltr'>genitorem?</span> <span class='ocrx_word' id='word_1_559' title='bbox 1997 1117 2171 1154; x_wconf 86' lang='lat' dir='ltr'>Caeterum</span> 
     </span>
     <span class='ocr_line' id='line_1_67' title="bbox 1185 1176 2172 1233; baseline -0.009 -12"><span class='ocrx_word' id='word_1_560' title='bbox 1185 1183 1282 1223; x_wconf 85' lang='lat' dir='ltr'>nihil</span> <span class='ocrx_word' id='word_1_561' title='bbox 1311 1182 1483 1220; x_wconf 87' lang='lat' dir='ltr'>contendo</span> <span class='ocrx_word' id='word_1_562' title='bbox 1503 1180 1690 1233; x_wconf 86' lang='lat' dir='ltr'>:ejiciatur</span> <span class='ocrx_word' id='word_1_563' title='bbox 1722 1179 1768 1216; x_wconf 91' lang='grc'>011</span> <span class='ocrx_word' id='word_1_564' title='bbox 1800 1187 1945 1216; x_wconf 82' lang='lat' dir='ltr'>matrem</span> <span class='ocrx_word' id='word_1_565' title='bbox 1979 1177 2039 1214; x_wconf 77' lang='lat' dir='ltr'>ille</span> <span class='ocrx_word' id='word_1_566' title='bbox 2060 1176 2172 1226; x_wconf 85' lang='lat' dir='ltr'>:quid</span> 
     </span>
     <span class='ocr_line' id='line_1_68' title="bbox 1186 1238 2172 1293; baseline -0.01 -10"><span class='ocrx_word' id='word_1_567' title='bbox 1186 1245 1345 1283; x_wconf 80' lang='lat' dir='ltr'>dicemus</span> <span class='ocrx_word' id='word_1_568' title='bbox 1360 1243 1404 1281; x_wconf 87' lang='lat' dir='ltr'>de</span> <span class='ocrx_word' id='word_1_569' title='bbox 1419 1243 1477 1289; x_wconf 81' lang='lat' dir='ltr'>iis,</span> <span class='ocrx_word' id='word_1_570' title='bbox 1498 1242 1559 1293; x_wconf 90' lang='lat' dir='ltr'>qui</span> <span class='ocrx_word' id='word_1_571' title='bbox 1576 1256 1621 1279; x_wconf 79' lang='lat' dir='ltr'>ex</span> <span class='ocrx_word' id='word_1_572' title='bbox 1640 1241 1809 1279; x_wconf 88' lang='lat' dir='ltr'>Chettura</span> <span class='ocrx_word' id='word_1_573' title='bbox 1828 1239 1901 1276; x_wconf 84' lang='lat' dir='ltr'>nati</span> <span class='ocrx_word' id='word_1_574' title='bbox 1922 1238 2029 1276; x_wconf 71' lang='lat' dir='ltr'>sunt?</span> <span class='ocrx_word' id='word_1_575' title='bbox 2051 1251 2172 1275; x_wconf 88' lang='lat' dir='ltr'>annon</span> 
     </span>
     <span class='ocr_line' id='line_1_69' title="bbox 1186 1298 2173 1347; baseline -0.009 -4"><span class='ocrx_word' id='word_1_576' title='bbox 1186 1305 1290 1343; x_wconf 85' lang='lat' dir='ltr'>liberi</span> <span class='ocrx_word' id='word_1_577' title='bbox 1311 1313 1423 1347; x_wconf 86' lang='lat' dir='ltr'>erant,</span> <span class='ocrx_word' id='word_1_578' title='bbox 1456 1313 1488 1341; x_wconf 86' lang='lat' dir='ltr'>et</span> <span class='ocrx_word' id='word_1_579' title='bbox 1507 1317 1551 1340; x_wconf 85' lang='lat' dir='ltr'>ex</span> <span class='ocrx_word' id='word_1_580' title='bbox 1569 1302 1709 1340; x_wconf 72' lang='lat' dir='ltr'>libera?</span> <span class='ocrx_word' id='word_1_581' title='bbox 1731 1316 1794 1339; x_wconf 90' lang='lat' dir='ltr'>cur</span> <span class='ocrx_word' id='word_1_582' title='bbox 1812 1314 1881 1338; x_wconf 90' lang='lat' dir='ltr'>non</span> <span class='ocrx_word' id='word_1_583' title='bbox 1902 1298 2027 1337; x_wconf 85' lang='lat' dir='ltr'>iisdem</span> <span class='ocrx_word' id='word_1_584' title='bbox 2052 1298 2173 1336; x_wconf 88' lang='lat' dir='ltr'>hono-</span> 
     </span>
     <span class='ocr_line' id='line_1_70' title="bbox 1188 1359 2173 1418; baseline -0.009 -13"><span class='ocrx_word' id='word_1_585' title='bbox 1188 1368 1254 1405; x_wconf 86' lang='lat' dir='ltr'>rati</span> <span class='ocrx_word' id='word_1_586' title='bbox 1269 1375 1350 1404; x_wconf 87' lang='lat' dir='ltr'>sunt</span> <span class='ocrx_word' id='word_1_587' title='bbox 1365 1364 1616 1418; x_wconf 68' lang='lat' dir='ltr'>praerogativis</span> <span class='ocrx_word' id='word_1_588' title='bbox 1638 1363 1737 1414; x_wconf 86' lang='lat' dir='ltr'>queis</span> <span class='ocrx_word' id='word_1_589' title='bbox 1754 1362 1875 1401; x_wconf 68' lang='lat' dir='ltr'>Isaac?</span> <span class='ocrx_word' id='word_1_590' title='bbox 1905 1360 2044 1411; x_wconf 83' lang='lat' dir='ltr'>Ecquid</span> <span class='ocrx_word' id='word_1_591' title='bbox 2060 1359 2105 1397; x_wconf 90' lang='lat' dir='ltr'>de</span> <span class='ocrx_word' id='word_1_592' title='bbox 2116 1359 2173 1397; x_wconf 89' lang='lat' dir='ltr'>his</span> 
     </span>
     <span class='ocr_line' id='line_1_71' title="bbox 1188 1423 2173 1481; baseline -0.009 -13"><span class='ocrx_word' id='word_1_593' title='bbox 1188 1430 1342 1481; x_wconf 71' lang='lat' dir='ltr'>loquor?</span> <span class='ocrx_word' id='word_1_594' title='bbox 1373 1428 1483 1467; x_wconf 88' lang='lat' dir='ltr'>Isaaci</span> <span class='ocrx_word' id='word_1_595' title='bbox 1512 1428 1584 1466; x_wconf 88' lang='lat' dir='ltr'>sola</span> <span class='ocrx_word' id='word_1_596' title='bbox 1613 1442 1705 1465; x_wconf 79' lang='lat' dir='ltr'>uxor</span> <span class='ocrx_word' id='word_1_597' title='bbox 1731 1426 1798 1464; x_wconf 83' lang='lat' dir='ltr'>fuit</span> <span class='ocrx_word' id='word_1_598' title='bbox 1828 1425 1997 1472; x_wconf 81' lang='lat' dir='ltr'>Rebecca,</span> <span class='ocrx_word' id='word_1_599' title='bbox 2026 1433 2058 1461; x_wconf 91' lang='lat' dir='ltr'>et</span> <span class='ocrx_word' id='word_1_600' title='bbox 2083 1423 2173 1460; x_wconf 86' lang='lat' dir='ltr'>duos</span> 
     </span>
     <span class='ocr_line' id='line_1_72' title="bbox 1187 1483 2174 1541; baseline -0.006 -13"><span class='ocrx_word' id='word_1_601' title='bbox 1187 1491 1281 1529; x_wconf 86' lang='lat' dir='ltr'>filios</span> <span class='ocrx_word' id='word_1_602' title='bbox 1295 1505 1339 1528; x_wconf 75' lang='lat' dir='ltr'>ex</span> <span class='ocrx_word' id='word_1_603' title='bbox 1353 1490 1472 1527; x_wconf 86' lang='lat' dir='ltr'>Isaaco</span> <span class='ocrx_word' id='word_1_604' title='bbox 1487 1489 1642 1541; x_wconf 81' lang='lat' dir='ltr'>suscepit</span> <span class='ocrx_word' id='word_1_605' title='bbox 1657 1504 1663 1524; x_wconf 89' lang='lat'>:</span> <span class='ocrx_word' id='word_1_606' title='bbox 1681 1497 1833 1525; x_wconf 81' lang='lat' dir='ltr'>attamen</span> <span class='ocrx_word' id='word_1_607' title='bbox 1847 1486 1898 1532; x_wconf 85' lang='lat' dir='ltr'>hi,</span> <span class='ocrx_word' id='word_1_608' title='bbox 1915 1484 2035 1536; x_wconf 77' lang='lat' dir='ltr'>quiex</span> <span class='ocrx_word' id='word_1_609' title='bbox 2051 1483 2174 1522; x_wconf 84' lang='lat' dir='ltr'>eodem</span> 
     </span>
     <span class='ocr_line' id='line_1_73' title="bbox 1186 1544 2174 1605; baseline -0.008 -15"><span class='ocrx_word' id='word_1_610' title='bbox 1186 1562 1287 1605; x_wconf 81' lang='lat' dir='ltr'>patre</span> <span class='ocrx_word' id='word_1_611' title='bbox 1306 1562 1338 1590; x_wconf 88' lang='lat' dir='ltr'>et</span> <span class='ocrx_word' id='word_1_612' title='bbox 1356 1561 1466 1589; x_wconf 86' lang='lat' dir='ltr'>matre</span> <span class='ocrx_word' id='word_1_613' title='bbox 1483 1560 1578 1598; x_wconf 83' lang='lat' dir='ltr'>sunt,</span> <span class='ocrx_word' id='word_1_614' title='bbox 1595 1550 1655 1601; x_wconf 87' lang='lat' dir='ltr'>qui</span> <span class='ocrx_word' id='word_1_615' title='bbox 1669 1548 1807 1587; x_wconf 84' lang='lat' dir='ltr'>easdem</span> <span class='ocrx_word' id='word_1_616' title='bbox 1824 1547 2005 1585; x_wconf 79' lang='lat' dir='ltr'>solverunt</span> <span class='ocrx_word' id='word_1_617' title='bbox 2018 1544 2174 1598; x_wconf 87' lang='lat' dir='ltr'>parturi-</span> 
     </span>
     <span class='ocr_line' id='line_1_74' title="bbox 1189 1607 2175 1665; baseline -0.007 -15"><span class='ocrx_word' id='word_1_618' title='bbox 1189 1615 1302 1665; x_wconf 82' lang='lat' dir='ltr'>gines,</span> <span class='ocrx_word' id='word_1_619' title='bbox 1330 1628 1375 1651; x_wconf 74' lang='lat' dir='ltr'>ex</span> <span class='ocrx_word' id='word_1_620' title='bbox 1397 1612 1520 1650; x_wconf 88' lang='lat' dir='ltr'>eodem</span> <span class='ocrx_word' id='word_1_621' title='bbox 1541 1621 1641 1664; x_wconf 87' lang='lat' dir='ltr'>patre</span> <span class='ocrx_word' id='word_1_622' title='bbox 1660 1620 1692 1648; x_wconf 84' lang='lat' dir='ltr'>et</span> <span class='ocrx_word' id='word_1_623' title='bbox 1709 1619 1822 1648; x_wconf 80' lang='lat' dir='ltr'>matre</span> <span class='ocrx_word' id='word_1_624' title='bbox 1841 1607 1997 1660; x_wconf 82' lang='lat' dir='ltr'>gemelli,</span> <span class='ocrx_word' id='word_1_625' title='bbox 2026 1621 2094 1645; x_wconf 90' lang='lat' dir='ltr'>non</span> <span class='ocrx_word' id='word_1_626' title='bbox 2119 1621 2175 1644; x_wconf 80' lang='lat' dir='ltr'>ea-</span> 
     </span>
     <span class='ocr_line' id='line_1_75' title="bbox 1189 1668 2174 1720; baseline -0.008 -8"><span class='ocrx_word' id='word_1_627' title='bbox 1189 1674 1271 1712; x_wconf 90' lang='lat' dir='ltr'>dem</span> <span class='ocrx_word' id='word_1_628' title='bbox 1293 1684 1408 1712; x_wconf 86' lang='lat' dir='ltr'>tamen</span> <span class='ocrx_word' id='word_1_629' title='bbox 1428 1673 1542 1711; x_wconf 89' lang='lat' dir='ltr'>sortiti</span> <span class='ocrx_word' id='word_1_630' title='bbox 1562 1681 1655 1710; x_wconf 87' lang='lat' dir='ltr'>sunt.</span> <span class='ocrx_word' id='word_1_631' title='bbox 1676 1670 1784 1720; x_wconf 80' lang='lat' dir='ltr'>Atqui</span> <span class='ocrx_word' id='word_1_632' title='bbox 1803 1669 1863 1706; x_wconf 90' lang='grc'><strong>1110</strong></span> <span class='ocrx_word' id='word_1_633' title='bbox 1879 1682 1948 1706; x_wconf 89' lang='grc'><strong>11011</strong></span> <span class='ocrx_word' id='word_1_634' title='bbox 1968 1668 2174 1706; x_wconf 78' lang='lat' dir='ltr'>servitutem</span> 
     </span>
     <span class='ocr_line' id='line_1_76' title="bbox 1189 1726 2175 1787; baseline -0.008 -14"><span class='ocrx_word' id='word_1_635' title='bbox 1189 1735 1313 1774; x_wconf 85' lang='lat' dir='ltr'>matris</span> <span class='ocrx_word' id='word_1_636' title='bbox 1334 1734 1485 1787; x_wconf 85' lang='lat' dir='ltr'>objicere</span> <span class='ocrx_word' id='word_1_637' title='bbox 1505 1742 1615 1785; x_wconf 86' lang='lat' dir='ltr'>potes,</span> <span class='ocrx_word' id='word_1_638' title='bbox 1641 1741 1680 1769; x_wconf 90' lang='lat' dir='ltr'>ut</span> <span class='ocrx_word' id='word_1_639' title='bbox 1700 1731 1735 1768; x_wconf 91' lang='lat' dir='ltr'>in</span> <span class='ocrx_word' id='word_1_640' title='bbox 1757 1729 1905 1768; x_wconf 86' lang='lat' dir='ltr'>Ismaele</span> <span class='ocrx_word' id='word_1_641' title='bbox 1923 1742 2057 1778; x_wconf 87' lang='lat' dir='ltr'>:neque</span> <span class='ocrx_word' id='word_1_642' title='bbox 2078 1726 2175 1778; x_wconf 87' lang='lat' dir='ltr'>quod</span> 
     </span>
     <span class='ocr_line' id='line_1_77' title="bbox 1189 1788 2175 1846; baseline -0.012 -10"><span class='ocrx_word' id='word_1_643' title='bbox 1189 1798 1248 1836; x_wconf 88' lang='lat' dir='ltr'>hic</span> <span class='ocrx_word' id='word_1_644' title='bbox 1274 1812 1319 1835; x_wconf 75' lang='lat' dir='ltr'>ex</span> <span class='ocrx_word' id='word_1_645' title='bbox 1339 1797 1416 1846; x_wconf 85' lang='grc'><strong>1130,</strong></span> <span class='ocrx_word' id='word_1_646' title='bbox 1445 1796 1506 1833; x_wconf 84' lang='grc'><strong>1110</strong></span> <span class='ocrx_word' id='word_1_647' title='bbox 1532 1809 1576 1833; x_wconf 83' lang='lat' dir='ltr'>ex</span> <span class='ocrx_word' id='word_1_648' title='bbox 1597 1794 1666 1832; x_wconf 85' lang='lat' dir='ltr'>alia</span> <span class='ocrx_word' id='word_1_649' title='bbox 1685 1792 1832 1830; x_wconf 78' lang='lat' dir='ltr'>matrice</span> <span class='ocrx_word' id='word_1_650' title='bbox 1856 1799 1958 1827; x_wconf 82' lang='lat' dir='ltr'>natus</span> <span class='ocrx_word' id='word_1_651' title='bbox 1978 1789 2039 1838; x_wconf 86' lang='lat' dir='ltr'>sit,</span> <span class='ocrx_word' id='word_1_652' title='bbox 2072 1797 2111 1826; x_wconf 90' lang='lat' dir='ltr'>ut</span> <span class='ocrx_word' id='word_1_653' title='bbox 2138 1788 2175 1825; x_wconf 88' lang='lat' dir='ltr'>in</span> 
     </span>
     <span class='ocr_line' id='line_1_78' title="bbox 1190 1850 2175 1906; baseline -0.013 -8"><span class='ocrx_word' id='word_1_654' title='bbox 1190 1860 1360 1898; x_wconf 85' lang='lat' dir='ltr'>Chettura</span> <span class='ocrx_word' id='word_1_655' title='bbox 1378 1867 1410 1896; x_wconf 89' lang='lat' dir='ltr'>et</span> <span class='ocrx_word' id='word_1_656' title='bbox 1434 1858 1551 1905; x_wconf 82' lang='lat' dir='ltr'>Sarra,</span> <span class='ocrx_word' id='word_1_657' title='bbox 1581 1853 1724 1906; x_wconf 88' lang='lat' dir='ltr'>quando</span> <span class='ocrx_word' id='word_1_658' title='bbox 1749 1853 1855 1891; x_wconf 87' lang='lat' dir='ltr'>etiam</span> <span class='ocrx_word' id='word_1_659' title='bbox 1875 1851 1997 1889; x_wconf 82' lang='lat' dir='ltr'>eadem</span> <span class='ocrx_word' id='word_1_660' title='bbox 2015 1850 2102 1887; x_wconf 86' lang='lat' dir='ltr'>hora</span> <span class='ocrx_word' id='word_1_661' title='bbox 2129 1863 2175 1886; x_wconf 83' lang='lat' dir='ltr'>ex</span> 
     </span>
     <span class='ocr_line' id='line_1_79' title="bbox 1188 1911 2174 1969; baseline -0.012 -10"><span class='ocrx_word' id='word_1_662' title='bbox 1188 1921 1301 1960; x_wconf 68' lang='lat' dir='ltr'>vulva</span> <span class='ocrx_word' id='word_1_663' title='bbox 1330 1928 1411 1958; x_wconf 87' lang='lat' dir='ltr'>sunt</span> <span class='ocrx_word' id='word_1_664' title='bbox 1434 1917 1574 1969; x_wconf 78' lang='lat' dir='ltr'>egressi.</span> <span class='ocrx_word' id='word_1_665' title='bbox 1596 1915 1678 1954; x_wconf 89' lang='lat' dir='ltr'>Ideo</span> <span class='ocrx_word' id='word_1_666' title='bbox 1702 1914 1835 1952; x_wconf 82' lang='lat' dir='ltr'>Paulus</span> <span class='ocrx_word' id='word_1_667' title='bbox 1855 1912 1955 1963; x_wconf 82' lang='lat' dir='ltr'>quasi</span> <span class='ocrx_word' id='word_1_668' title='bbox 1979 1911 2026 1949; x_wconf 88' lang='lat' dir='ltr'>ad</span> <span class='ocrx_word' id='word_1_669' title='bbox 2045 1911 2174 1948; x_wconf 83' lang='lat' dir='ltr'>clarius</span> 
     </span>
     <span class='ocr_line' id='line_1_80' title="bbox 1189 1971 2175 2033; baseline -0.011 -14"><span class='ocrx_word' id='word_1_670' title='bbox 1189 1981 1392 2033; x_wconf 79' lang='lat' dir='ltr'>exemplum</span> <span class='ocrx_word' id='word_1_671' title='bbox 1423 1991 1641 2031; x_wconf 85' lang='lat' dir='ltr'>progressus,</span> <span class='ocrx_word' id='word_1_672' title='bbox 1674 1977 1754 2014; x_wconf 86' lang='lat' dir='ltr'>Non</span> <span class='ocrx_word' id='word_1_673' title='bbox 1781 1974 1888 2012; x_wconf 86' lang='lat' dir='ltr'>modo</span> <span class='ocrx_word' id='word_1_674' title='bbox 1916 1973 1952 2010; x_wconf 89' lang='lat' dir='ltr'>in</span> <span class='ocrx_word' id='word_1_675' title='bbox 1981 1974 2079 2010; x_wconf 82' lang='lat' dir='ltr'>Isaac</span> <span class='ocrx_word' id='word_1_676' title='bbox 2107 1971 2175 2008; x_wconf 90' lang='grc'><strong>1100</strong></span> 
     </span>
     <span class='ocr_line' id='line_1_81' title="bbox 1189 2037 2175 2092; baseline -0.012 -12"><span class='ocrx_word' id='word_1_677' title='bbox 1189 2042 1348 2092; x_wconf 79' lang='lat' dir='ltr'>contigit,</span> <span class='ocrx_word' id='word_1_678' title='bbox 1382 2039 1521 2090; x_wconf 90' lang='lat' dir='ltr'>inquit:</span> <span class='ocrx_word' id='word_1_679' title='bbox 1551 2038 1626 2076; x_wconf 79' lang='lat' dir='ltr'>Sed</span> <span class='ocrx_word' id='word_1_680' title='bbox 1655 2045 1690 2074; x_wconf 91' lang='lat' dir='ltr'>et</span> <span class='ocrx_word' id='word_1_681' title='bbox 1727 2037 1899 2073; x_wconf 81' lang='lat' dir='ltr'>Rebecca</span> <span class='ocrx_word' id='word_1_682' title='bbox 1923 2046 2063 2071; x_wconf 71' lang='lat' dir='ltr'>exano</span> <span class='ocrx_word' id='word_1_683' title='bbox 2084 2045 2175 2070; x_wconf 84' lang='lat' dir='ltr'>eon-</span> 
     </span>
     <span class='ocr_line' id='line_1_82' title="bbox 1189 2095 2175 2149; baseline -0.012 -8"><span class='ocrx_word' id='word_1_684' title='bbox 1189 2105 1319 2141; x_wconf 80' lang='lat' dir='ltr'>cubitu</span> <span class='ocrx_word' id='word_1_685' title='bbox 1349 2103 1494 2139; x_wconf 83' lang='lat' dir='ltr'>habens</span> <span class='ocrx_word' id='word_1_686' title='bbox 1523 2101 1654 2136; x_wconf 79' lang='lat' dir='ltr'>Isaaci</span> <span class='ocrx_word' id='word_1_687' title='bbox 1670 2100 1795 2149; x_wconf 81' lang='lat' dir='ltr'>patris</span> <span class='ocrx_word' id='word_1_688' title='bbox 1816 2097 1947 2133; x_wconf 82' lang='lat' dir='ltr'>nostri.</span> <span class='ocrx_word' id='word_1_689' title='bbox 1975 2096 2034 2132; x_wconf 86' lang='grc'>11.</span> <span class='ocrx_word' id='word_1_690' title='bbox 2061 2095 2175 2131; x_wconf 76' lang='lat' dir='ltr'>Non-</span> 
     </span>
     <span class='ocr_line' id='line_1_83' title="bbox 1132 2156 2177 2213; baseline -0.011 -11"><span class='ocrx_word' id='word_1_691' title='bbox 1132 2180 1178 2208; x_wconf 80' lang='lat'>611</span> <span class='ocrx_word' id='word_1_692' title='bbox 1190 2165 1280 2201; x_wconf 84' lang='lat' dir='ltr'>dum</span> <span class='ocrx_word' id='word_1_693' title='bbox 1313 2164 1415 2200; x_wconf 82' lang='lat' dir='ltr'>enim</span> <span class='ocrx_word' id='word_1_694' title='bbox 1444 2162 1564 2213; x_wconf 81' lang='lat' dir='ltr'>geniti</span> <span class='ocrx_word' id='word_1_695' title='bbox 1588 2173 1675 2197; x_wconf 84' lang='lat' dir='ltr'>cum</span> <span class='ocrx_word' id='word_1_696' title='bbox 1698 2165 1836 2204; x_wconf 79' lang='lat' dir='ltr'>essent,</span> <span class='ocrx_word' id='word_1_697' title='bbox 1869 2170 1937 2193; x_wconf 84' lang='lat' dir='ltr'>nec</span> <span class='ocrx_word' id='word_1_698' title='bbox 1967 2156 2062 2207; x_wconf 79' lang='lat' dir='ltr'>quid</span> <span class='ocrx_word' id='word_1_699' title='bbox 2088 2156 2177 2191; x_wconf 83' lang='lat' dir='ltr'>boni</span> 
     </span>
     <span class='ocr_line' id='line_1_84' title="bbox 1144 2217 2176 2276; baseline -0.012 -13"><span class='ocrx_word' id='word_1_700' title='bbox 1144 2218 1170 2246; x_wconf 72' lang='grc' dir='ltr'><strong>Α</strong></span> <span class='ocrx_word' id='word_1_701' title='bbox 1191 2226 1255 2262; x_wconf 79' lang='lat' dir='ltr'>vel</span> <span class='ocrx_word' id='word_1_702' title='bbox 1282 2224 1379 2262; x_wconf 84' lang='lat' dir='ltr'>mali</span> <span class='ocrx_word' id='word_1_703' title='bbox 1397 2225 1603 2276; x_wconf 81' lang='lat' dir='ltr'>fecissent,</span> <span class='ocrx_word' id='word_1_704' title='bbox 1636 2229 1678 2257; x_wconf 82' lang='lat' dir='ltr'>ut</span> <span class='ocrx_word' id='word_1_705' title='bbox 1707 2218 1917 2256; x_wconf 81' lang='lat' dir='ltr'>secundum</span> <span class='ocrx_word' id='word_1_706' title='bbox 1949 2217 2176 2254; x_wconf 83' lang='lat' dir='ltr'>electionem</span> 
     </span>
     <span class='ocr_line' id='line_1_85' title="bbox 1186 2277 2172 2337; baseline -0.012 -14"><span class='ocrx_word' id='word_1_707' title='bbox 1186 2287 1424 2337; x_wconf 80' lang='lat' dir='ltr'>propositum</span> <span class='ocrx_word' id='word_1_708' title='bbox 1439 2285 1516 2320; x_wconf 90' lang='lat' dir='ltr'>Dei</span> <span class='ocrx_word' id='word_1_709' title='bbox 1533 2290 1718 2327; x_wconf 80' lang='lat' dir='ltr'>maneret,</span> <span class='ocrx_word' id='word_1_710' title='bbox 1743 2281 1805 2316; x_wconf 63' lang='lat'>49.</span> <span class='ocrx_word' id='word_1_711' title='bbox 1823 2292 1903 2315; x_wconf 80' lang='lat' dir='ltr'>non</span> <span class='ocrx_word' id='word_1_712' title='bbox 1919 2291 1965 2314; x_wconf 80' lang='lat' dir='ltr'>esc</span> <span class='ocrx_word' id='word_1_713' title='bbox 1983 2277 2172 2327; x_wconf 80' lang='lat' dir='ltr'>operibus,</span> 
     </span>
     <span class='ocr_line' id='line_1_86' title="bbox 1189 2338 2174 2389; baseline -0.01 -6"><span class='ocrx_word' id='word_1_714' title='bbox 1189 2346 1257 2383; x_wconf 85' lang='lat' dir='ltr'>sed</span> <span class='ocrx_word' id='word_1_715' title='bbox 1279 2359 1326 2382; x_wconf 76' lang='lat' dir='ltr'>ex</span> <span class='ocrx_word' id='word_1_716' title='bbox 1347 2352 1526 2389; x_wconf 81' lang='lat' dir='ltr'>vocante,</span> <span class='ocrx_word' id='word_1_717' title='bbox 1550 2343 1695 2379; x_wconf 76' lang='lat' dir='ltr'>dietum</span> <span class='ocrx_word' id='word_1_718' title='bbox 1715 2349 1770 2378; x_wconf 80' lang='lat' dir='ltr'>est</span> <span class='ocrx_word' id='word_1_719' title='bbox 1787 2342 1823 2377; x_wconf 85' lang='lat' dir='ltr'>ei</span> <span class='ocrx_word' id='word_1_720' title='bbox 1840 2354 1848 2374; x_wconf 75' lang='grc' dir='ltr'><strong><em>ε</em></strong></span> <span class='ocrx_word' id='word_1_721' title='bbox 1865 2339 1927 2376; x_wconf 83' lang='grc'>15.</span> <span class='ocrx_word' id='word_1_722' title='bbox 1947 2338 2080 2389; x_wconf 77' lang='lat' dir='ltr'>,Major</span> <span class='ocrx_word' id='word_1_723' title='bbox 2099 2350 2174 2374; x_wconf 81' lang='lat' dir='ltr'>ser-</span> 
     </span>
     <span class='ocr_line' id='line_1_87' title="bbox 1191 2399 2173 2457; baseline -0.009 -13"><span class='ocrx_word' id='word_1_724' title='bbox 1191 2409 1265 2444; x_wconf 77' lang='lat' dir='ltr'>viet</span> <span class='ocrx_word' id='word_1_725' title='bbox 1282 2408 1434 2453; x_wconf 80' lang='lat' dir='ltr'>minori,</span> <span class='ocrx_word' id='word_1_726' title='bbox 1458 2403 1783 2457; x_wconf 81' lang='lat' dir='ltr'>quemadmodum</span> <span class='ocrx_word' id='word_1_727' title='bbox 1798 2402 1984 2452; x_wconf 80' lang='lat' dir='ltr'>scriptum</span> <span class='ocrx_word' id='word_1_728' title='bbox 2003 2407 2058 2436; x_wconf 81' lang='lat' dir='ltr'>est</span> <span class='ocrx_word' id='word_1_729' title='bbox 2073 2413 2083 2434; x_wconf 90' lang='lat'><em>:</em></span> <span class='ocrx_word' id='word_1_730' title='bbox 2096 2399 2173 2436; x_wconf 84' lang='lat' dir='ltr'>Ja—</span> 
     </span>
     <span class='ocr_line' id='line_1_88' title="bbox 1188 2459 2176 2512; baseline -0.01 -7"><span class='ocrx_word' id='word_1_731' title='bbox 1188 2470 1256 2505; x_wconf 84' lang='lat' dir='ltr'>cob</span> <span class='ocrx_word' id='word_1_732' title='bbox 1272 2467 1406 2512; x_wconf 58' lang='lat' dir='ltr'>dilexi,</span> <span class='ocrx_word' id='word_1_733' title='bbox 1431 2467 1540 2503; x_wconf 75' lang='lat' dir='ltr'>Esaii</span> <span class='ocrx_word' id='word_1_734' title='bbox 1554 2473 1682 2502; x_wconf 80' lang='lat' dir='ltr'>autem</span> <span class='ocrx_word' id='word_1_735' title='bbox 1703 2463 1792 2500; x_wconf 79' lang='lat' dir='ltr'>odio</span> <span class='ocrx_word' id='word_1_736' title='bbox 1812 2463 1941 2499; x_wconf 79' lang='lat' dir='ltr'>habui.</span> <span class='ocrx_word' id='word_1_737' title='bbox 1965 2460 2045 2506; x_wconf 87' lang='lat' dir='ltr'>Qua</span> <span class='ocrx_word' id='word_1_738' title='bbox 2064 2459 2176 2510; x_wconf 82' lang='lat' dir='ltr'>igitur</span> 
     </span>
     <span class='ocr_line' id='line_1_89' title="bbox 1188 2519 2175 2575; baseline -0.01 -10"><span class='ocrx_word' id='word_1_739' title='bbox 1188 2526 1233 2565; x_wconf 84' lang='lat' dir='ltr'>de</span> <span class='ocrx_word' id='word_1_740' title='bbox 1252 2525 1427 2564; x_wconf 87' lang='grc'><strong>0311531110</strong></span> <span class='ocrx_word' id='word_1_741' title='bbox 1441 2524 1584 2575; x_wconf 81' lang='lat' dir='ltr'>quidem</span> <span class='ocrx_word' id='word_1_742' title='bbox 1596 2523 1794 2569; x_wconf 87' lang='lat' dir='ltr'>amabatur,</span> <span class='ocrx_word' id='word_1_743' title='bbox 1812 2521 1872 2558; x_wconf 88' lang='grc'><strong>1110</strong></span> <span class='ocrx_word' id='word_1_744' title='bbox 1887 2530 2002 2558; x_wconf 89' lang='lat' dir='ltr'>autem</span> <span class='ocrx_word' id='word_1_745' title='bbox 2017 2519 2098 2557; x_wconf 86' lang='lat' dir='ltr'>odio</span> <span class='ocrx_word' id='word_1_746' title='bbox 2114 2519 2175 2556; x_wconf 87' lang='lat' dir='ltr'>ha-</span> 
     </span>
     <span class='ocr_line' id='line_1_90' title="bbox 1186 2580 2175 2637; baseline -0.011 -11"><span class='ocrx_word' id='word_1_747' title='bbox 1186 2588 1284 2625; x_wconf 83' lang='lat' dir='ltr'>bitus</span> <span class='ocrx_word' id='word_1_748' title='bbox 1297 2587 1371 2625; x_wconf 72' lang='lat' dir='ltr'>est?</span> <span class='ocrx_word' id='word_1_749' title='bbox 1392 2600 1461 2637; x_wconf 84' lang='lat' dir='ltr'>qua</span> <span class='ocrx_word' id='word_1_750' title='bbox 1476 2585 1520 2622; x_wconf 88' lang='lat' dir='ltr'>de</span> <span class='ocrx_word' id='word_1_751' title='bbox 1535 2598 1638 2622; x_wconf 86' lang='lat' dir='ltr'>causa</span> <span class='ocrx_word' id='word_1_752' title='bbox 1658 2583 1717 2620; x_wconf 88' lang='lat' dir='ltr'>hie</span> <span class='ocrx_word' id='word_1_753' title='bbox 1736 2581 1921 2628; x_wconf 77' lang='lat' dir='ltr'>serviebat,</span> <span class='ocrx_word' id='word_1_754' title='bbox 1942 2580 2005 2617; x_wconf 89' lang='lat' dir='ltr'>ille</span> <span class='ocrx_word' id='word_1_755' title='bbox 2023 2580 2175 2630; x_wconf 89' lang='lat' dir='ltr'>impera-</span> 
     </span>
     <span class='ocr_line' id='line_1_91' title="bbox 1188 2640 2176 2694; baseline -0.01 -8"><span class='ocrx_word' id='word_1_756' title='bbox 1188 2649 1275 2686; x_wconf 77' lang='lat' dir='ltr'>bat?</span> <span class='ocrx_word' id='word_1_757' title='bbox 1297 2648 1390 2694; x_wconf 86' lang='lat' dir='ltr'>Quia</span> <span class='ocrx_word' id='word_1_758' title='bbox 1408 2647 1467 2684; x_wconf 87' lang='lat' dir='ltr'>hic</span> <span class='ocrx_word' id='word_1_759' title='bbox 1486 2645 1612 2692; x_wconf 75' lang='lat' dir='ltr'>malus,</span> <span class='ocrx_word' id='word_1_760' title='bbox 1632 2644 1693 2681; x_wconf 82' lang='lat' dir='ltr'>ille</span> <span class='ocrx_word' id='word_1_761' title='bbox 1711 2644 1826 2680; x_wconf 87' lang='lat' dir='ltr'>bonus</span> <span class='ocrx_word' id='word_1_762' title='bbox 1845 2641 1947 2679; x_wconf 76' lang='lat' dir='ltr'>erat?</span> <span class='ocrx_word' id='word_1_763' title='bbox 1974 2640 2082 2690; x_wconf 74' lang='lat' dir='ltr'>Atqui</span> <span class='ocrx_word' id='word_1_764' title='bbox 2103 2640 2176 2677; x_wconf 87' lang='lat' dir='ltr'>illis</span> 
     </span>
     <span class='ocr_line' id='line_1_92' title="bbox 1189 2700 2176 2755; baseline -0.011 -8"><span class='ocrx_word' id='word_1_765' title='bbox 1189 2708 1345 2747; x_wconf 86' lang='lat' dir='ltr'>nondum</span> <span class='ocrx_word' id='word_1_766' title='bbox 1364 2708 1466 2755; x_wconf 85' lang='lat' dir='ltr'>natis,</span> <span class='ocrx_word' id='word_1_767' title='bbox 1487 2707 1547 2743; x_wconf 91' lang='lat' dir='ltr'>ille</span> <span class='ocrx_word' id='word_1_768' title='bbox 1564 2705 1814 2751; x_wconf 79' lang='lat' dir='ltr'>honorabatur,</span> <span class='ocrx_word' id='word_1_769' title='bbox 1833 2702 1892 2739; x_wconf 89' lang='lat' dir='ltr'>hic</span> <span class='ocrx_word' id='word_1_770' title='bbox 1913 2700 2176 2738; x_wconf 84' lang='lat' dir='ltr'>condemnaba-</span> 
     </span>
     <span class='ocr_line' id='line_1_93' title="bbox 1191 2764 2176 2814; baseline -0.01 -6"><span class='ocrx_word' id='word_1_771' title='bbox 1191 2779 1268 2808; x_wconf 87' lang='lat' dir='ltr'>tur:</span> <span class='ocrx_word' id='word_1_772' title='bbox 1281 2770 1352 2807; x_wconf 86' lang='lat' dir='ltr'>illis</span> <span class='ocrx_word' id='word_1_773' title='bbox 1367 2769 1461 2806; x_wconf 88' lang='lat' dir='ltr'>enim</span> <span class='ocrx_word' id='word_1_774' title='bbox 1479 2766 1638 2805; x_wconf 87' lang='lat' dir='ltr'>nondum</span> <span class='ocrx_word' id='word_1_775' title='bbox 1653 2765 1743 2803; x_wconf 88' lang='lat' dir='ltr'>natis</span> <span class='ocrx_word' id='word_1_776' title='bbox 1757 2764 1898 2802; x_wconf 89' lang='lat' dir='ltr'>dicebat</span> <span class='ocrx_word' id='word_1_777' title='bbox 1913 2764 2021 2811; x_wconf 82' lang='lat' dir='ltr'>Deus,</span> <span class='ocrx_word' id='word_1_778' title='bbox 2043 2764 2176 2814; x_wconf 71' lang='lat' dir='ltr'>,Major</span> 
     </span>
     <span class='ocr_line' id='line_1_94' title="bbox 1192 2823 2176 2877; baseline -0.01 -8"><span class='ocrx_word' id='word_1_779' title='bbox 1192 2834 1328 2869; x_wconf 80' lang='lat' dir='ltr'>serviet</span> <span class='ocrx_word' id='word_1_780' title='bbox 1352 2831 1506 2867; x_wconf 81' lang='lat' dir='ltr'>minori.</span> <span class='ocrx_word' id='word_1_781' title='bbox 1536 2828 1608 2865; x_wconf 89' lang='lat' dir='ltr'>Cur</span> <span class='ocrx_word' id='word_1_782' title='bbox 1627 2840 1711 2877; x_wconf 81' lang='lat' dir='ltr'>ergo</span> <span class='ocrx_word' id='word_1_783' title='bbox 1730 2826 1798 2863; x_wconf 91' lang='lat' dir='ltr'>hoc</span> <span class='ocrx_word' id='word_1_784' title='bbox 1817 2824 1912 2862; x_wconf 72' lang='lat' dir='ltr'>dixit</span> <span class='ocrx_word' id='word_1_785' title='bbox 1930 2823 2055 2861; x_wconf 74' lang='lat' dir='ltr'>Deus?</span> <span class='ocrx_word' id='word_1_786' title='bbox 2080 2823 2176 2870; x_wconf 84' lang='lat' dir='ltr'>Quia</span> 
     </span>
     <span class='ocr_line' id='line_1_95' title="bbox 1192 2883 2177 2943; baseline -0.009 -14"><span class='ocrx_word' id='word_1_787' title='bbox 1192 2906 1261 2929; x_wconf 89' lang='lat' dir='ltr'>non</span> <span class='ocrx_word' id='word_1_788' title='bbox 1285 2898 1481 2943; x_wconf 81' lang='lat' dir='ltr'>exspectat,</span> <span class='ocrx_word' id='word_1_789' title='bbox 1514 2896 1554 2925; x_wconf 89' lang='lat' dir='ltr'>ut</span> <span class='ocrx_word' id='word_1_790' title='bbox 1578 2887 1703 2933; x_wconf 89' lang='grc'><strong>1101110,</strong></span> <span class='ocrx_word' id='word_1_791' title='bbox 1739 2900 1759 2923; x_wconf 88' lang='grc'>3</span> <span class='ocrx_word' id='word_1_792' title='bbox 1787 2899 1904 2922; x_wconf 90' lang='lat' dir='ltr'>rerum</span> <span class='ocrx_word' id='word_1_793' title='bbox 1931 2883 2027 2921; x_wconf 78' lang='lat' dir='ltr'>exitu</span> <span class='ocrx_word' id='word_1_794' title='bbox 2053 2883 2177 2922; x_wconf 62' lang='lat' dir='ltr'>videi-c</span> 
     </span>
     <span class='ocr_line' id='line_1_96' title="bbox 1194 2945 2177 3003; baseline -0.009 -13"><span class='ocrx_word' id='word_1_795' title='bbox 1194 2953 1273 3003; x_wconf 88' lang='lat' dir='ltr'>quis</span> <span class='ocrx_word' id='word_1_796' title='bbox 1290 2952 1416 2999; x_wconf 83' lang='lat' dir='ltr'>bonus,</span> <span class='ocrx_word' id='word_1_797' title='bbox 1435 2949 1513 3001; x_wconf 90' lang='lat' dir='ltr'>quis</span> <span class='ocrx_word' id='word_1_798' title='bbox 1530 2962 1599 2986; x_wconf 91' lang='lat' dir='ltr'>non</span> <span class='ocrx_word' id='word_1_799' title='bbox 1615 2948 1697 2985; x_wconf 84' lang='lat' dir='ltr'>talis</span> <span class='ocrx_word' id='word_1_800' title='bbox 1715 2947 1777 2995; x_wconf 89' lang='lat' dir='ltr'>sit;</span> <span class='ocrx_word' id='word_1_801' title='bbox 1795 2945 1855 2984; x_wconf 87' lang='lat' dir='ltr'>sed</span> <span class='ocrx_word' id='word_1_802' title='bbox 1870 2954 1971 2983; x_wconf 87' lang='lat' dir='ltr'>antea</span> <span class='ocrx_word' id='word_1_803' title='bbox 1987 2945 2084 2983; x_wconf 74' lang='lat' dir='ltr'>videt</span> <span class='ocrx_word' id='word_1_804' title='bbox 2096 2946 2177 2994; x_wconf 86' lang='lat' dir='ltr'>quis</span> 
     </span>
     <span class='ocr_line' id='line_1_97' title="bbox 1194 3005 2178 3064; baseline -0.01 -13"><span class='ocrx_word' id='word_1_805' title='bbox 1194 3014 1320 3062; x_wconf 90' lang='lat' dir='ltr'>bonus,</span> <span class='ocrx_word' id='word_1_806' title='bbox 1342 3012 1422 3064; x_wconf 91' lang='lat' dir='ltr'>quis</span> <span class='ocrx_word' id='word_1_807' title='bbox 1441 3025 1509 3048; x_wconf 92' lang='lat' dir='ltr'>non</span> <span class='ocrx_word' id='word_1_808' title='bbox 1530 3010 1609 3048; x_wconf 85' lang='lat' dir='ltr'>talis</span> <span class='ocrx_word' id='word_1_809' title='bbox 1629 3008 1705 3046; x_wconf 83' lang='lat' dir='ltr'>erit.</span> <span class='ocrx_word' id='word_1_810' title='bbox 1729 3007 1777 3044; x_wconf 89' lang='lat' dir='ltr'>Et</span> <span class='ocrx_word' id='word_1_811' title='bbox 1795 3007 1862 3045; x_wconf 88' lang='lat' dir='ltr'>hoc</span> <span class='ocrx_word' id='word_1_812' title='bbox 1884 3005 1980 3057; x_wconf 82' lang='lat' dir='ltr'>apud</span> <span class='ocrx_word' id='word_1_813' title='bbox 2000 3005 2178 3043; x_wconf 86' lang='lat' dir='ltr'>Israelitas</span> 
     </span>
     <span class='ocr_line' id='line_1_98' title="bbox 1193 3066 2178 3124; baseline -0.009 -11"><span class='ocrx_word' id='word_1_814' title='bbox 1193 3077 1328 3113; x_wconf 88' lang='lat' dir='ltr'>factum</span> <span class='ocrx_word' id='word_1_815' title='bbox 1344 3083 1396 3112; x_wconf 87' lang='lat' dir='ltr'>est</span> <span class='ocrx_word' id='word_1_816' title='bbox 1413 3072 1544 3124; x_wconf 86' lang='lat' dir='ltr'>majori</span> <span class='ocrx_word' id='word_1_817' title='bbox 1561 3085 1641 3109; x_wconf 85' lang='lat' dir='ltr'>cum</span> <span class='ocrx_word' id='word_1_818' title='bbox 1661 3068 1847 3107; x_wconf 85' lang='lat' dir='ltr'>miraculo.</span> <span class='ocrx_word' id='word_1_819' title='bbox 1869 3067 1970 3115; x_wconf 89' lang='lat' dir='ltr'>Quid</span> <span class='ocrx_word' id='word_1_820' title='bbox 1985 3067 2079 3104; x_wconf 90' lang='lat' dir='ltr'>enim</span> <span class='ocrx_word' id='word_1_821' title='bbox 2097 3066 2178 3104; x_wconf 90' lang='lat' dir='ltr'>dico</span> 
     </span>
     <span class='ocr_line' id='line_1_99' title="bbox 1195 3128 2179 3183; baseline -0.011 -7"><span class='ocrx_word' id='word_1_822' title='bbox 1195 3138 1240 3176; x_wconf 86' lang='lat' dir='ltr'>de</span> <span class='ocrx_word' id='word_1_823' title='bbox 1262 3137 1357 3176; x_wconf 82' lang='lat' dir='ltr'>Esaii</span> <span class='ocrx_word' id='word_1_824' title='bbox 1387 3145 1420 3173; x_wconf 85' lang='lat' dir='ltr'>et</span> <span class='ocrx_word' id='word_1_825' title='bbox 1448 3134 1570 3180; x_wconf 84' lang='lat' dir='ltr'>Jacob,</span> <span class='ocrx_word' id='word_1_826' title='bbox 1594 3146 1747 3183; x_wconf 90' lang='lat' dir='ltr'>quorum</span> <span class='ocrx_word' id='word_1_827' title='bbox 1773 3130 1834 3167; x_wconf 85' lang='lat' dir='ltr'>ille</span> <span class='ocrx_word' id='word_1_828' title='bbox 1865 3129 1980 3169; x_wconf 83' lang='lat' dir='ltr'>malus</span> <span class='ocrx_word' id='word_1_829' title='bbox 2000 3138 2086 3178; x_wconf 83' lang='lat' dir='ltr'>erat,</span> <span class='ocrx_word' id='word_1_830' title='bbox 2118 3128 2179 3166; x_wconf 87' lang='lat' dir='ltr'>hic</span> 
     </span>
     <span class='ocr_line' id='line_1_100' title="bbox 1194 3194 2179 3248; baseline -0.009 -11"><span class='ocrx_word' id='word_1_831' title='bbox 1194 3198 1336 3237; x_wconf 74' lang='lat' dir='ltr'>bonus?</span> <span class='ocrx_word' id='word_1_832' title='bbox 1362 3198 1453 3236; x_wconf 88' lang='lat' dir='ltr'>Nam</span> <span class='ocrx_word' id='word_1_833' title='bbox 1472 3194 1570 3248; x_wconf 82' lang='lat' dir='ltr'>apud</span> <span class='ocrx_word' id='word_1_834' title='bbox 1592 3194 1765 3231; x_wconf 88' lang='lat' dir='ltr'>Israelitas</span> <span class='ocrx_word' id='word_1_835' title='bbox 1790 3206 1975 3230; x_wconf 89' lang='lat' dir='ltr'>commune</span> <span class='ocrx_word' id='word_1_836' title='bbox 1997 3198 2179 3243; x_wconf 86' lang='lat' dir='ltr'>peccatum</span> 
     </span>
     <span class='ocr_line' id='line_1_101' title="bbox 1197 3253 2180 3299; baseline -0.011 0"><span class='ocrx_word' id='word_1_837' title='bbox 1197 3268 1297 3299; x_wconf 85' lang='lat' dir='ltr'>erat:</span> <span class='ocrx_word' id='word_1_838' title='bbox 1318 3271 1438 3298; x_wconf 83' lang='grc'><strong>01111105</strong></span> <span class='ocrx_word' id='word_1_839' title='bbox 1468 3256 1563 3295; x_wconf 88' lang='lat' dir='ltr'>enim</span> <span class='ocrx_word' id='word_1_840' title='bbox 1594 3254 1751 3296; x_wconf 72' lang='lat' dir='ltr'>vitulum</span> <span class='ocrx_word' id='word_1_841' title='bbox 1778 3253 1984 3293; x_wconf 80' lang='lat' dir='ltr'>adorarunt.</span> <span class='ocrx_word' id='word_1_842' title='bbox 2017 3253 2180 3290; x_wconf 86' lang='lat' dir='ltr'>Attamen</span> 
     </span>
    </p>
   </div>
   <div class='ocr_carea' id='block_1_7' title="bbox 1219 245 1513 277">
    <p class='ocr_par' dir='ltr' id='par_1_7' title="bbox 1219 245 1513 277">
     <span class='ocr_line' id='line_1_102' title="bbox 1219 245 1513 277; baseline -0.007 -2"><span class='ocrx_word' id='word_1_843' title='bbox 1219 246 1374 277; x_wconf 79' lang='lat' dir='ltr'>HOMIL.</span> <span class='ocrx_word' id='word_1_844' title='bbox 1412 245 1493 275; x_wconf 59' lang='lat' dir='ltr'>XV}</span> <span class='ocrx_word' id='word_1_845' title='bbox 1504 263 1513 273; x_wconf 83' lang='lat'><strong>.</strong></span> 
     </span>
    </p>
   </div>
   <div class='ocr_carea' id='block_1_8' title="bbox 1134 817 1159 847">
    <p class='ocr_par' dir='ltr' id='par_1_8' title="bbox 1134 817 1159 847">
     <span class='ocr_line' id='line_1_103' title="bbox 1134 817 1159 847; baseline 0 0"><span class='ocrx_word' id='word_1_846' title='bbox 1134 817 1159 847; x_wconf 92' lang='lat' dir='ltr'>D</span> 
     </span>
    </p>
   </div>
   <div class='ocr_carea' id='block_1_9' title="bbox 1140 1424 1164 1454">
    <p class='ocr_par' dir='ltr' id='par_1_9' title="bbox 1140 1424 1164 1454">
     <span class='ocr_line' id='line_1_104' title="bbox 1140 1424 1164 1454; baseline 0 0"><span class='ocrx_word' id='word_1_847' title='bbox 1140 1424 1164 1454; x_wconf 84' lang='lat' dir='ltr'>E</span> 
     </span>
    </p>
   </div>
   <div class='ocr_carea' id='block_1_10' title="bbox 1146 2938 1169 2969">
    <p class='ocr_par' dir='ltr' id='par_1_10' title="bbox 1146 2938 1169 2969">
     <span class='ocr_line' id='line_1_105' title="bbox 1146 2938 1169 2969; baseline 0 0"><span class='ocrx_word' id='word_1_848' title='bbox 1146 2938 1169 2969; x_wconf 93' lang='lat' dir='ltr'>B</span> 
     </span>
    </p>
   </div>
   <div class='ocr_carea' id='block_1_11' title="bbox 2193 2355 2341 2386">
    <p class='ocr_par' dir='ltr' id='par_1_11' title="bbox 2193 2355 2341 2386">
     <span class='ocr_line' id='line_1_106' title="bbox 2193 2355 2341 2386; baseline 0 -1"><span class='ocrx_word' id='word_1_849' title='bbox 2193 2359 2266 2385; x_wconf 84' lang='lat' dir='ltr'>Gen.</span> <span class='ocrx_word' id='word_1_850' title='bbox 2289 2355 2341 2386; x_wconf 76' lang='grc'>25.</span> 
     </span>
    </p>
   </div>
   <div class='ocr_carea' id='block_1_12' title="bbox 2188 2401 2373 2510">
    <p class='ocr_par' dir='ltr' id='par_1_12' title="bbox 2188 2401 2373 2510">
     <span class='ocr_line' id='line_1_107' title="bbox 2188 2401 2238 2429; baseline -0.04 0"><span class='ocrx_word' id='word_1_851' title='bbox 2188 2401 2238 2429; x_wconf 82' lang='lat'>23.</span> 
     </span>
     <span class='ocr_line' id='line_1_108' title="bbox 2189 2440 2373 2469; baseline -0.005 0"><span class='ocrx_word' id='word_1_852' title='bbox 2189 2440 2327 2469; x_wconf 65' lang='lat' dir='ltr'>Ill-dadi.</span> <span class='ocrx_word' id='word_1_853' title='bbox 2347 2449 2373 2468; x_wconf 77' lang='grc' dir='ltr'>Ι.</span> 
     </span>
     <span class='ocr_line' id='line_1_109' title="bbox 2193 2491 2269 2510; baseline -0.013 0"><span class='ocrx_word' id='word_1_854' title='bbox 2193 2491 2219 2510; x_wconf 85' lang='lat'>1.</span> <span class='ocrx_word' id='word_1_855' title='bbox 2240 2491 2269 2509; x_wconf 87' lang='lat'>2.</span> 
     </span>
    </p>
   </div>
  </div>
 </body>
</html>
