2502 3810
715 223 756 252 m·
794 223 934 252 EPIST.
974 223 1033 251 An
1069 221 1176 252 nou.
1215 223 1370 253 nonu„
1408 225 1504 254 xm.
2051 210 2142 270 627

1150 316 1231 340 eum
1249 303 1358 353 quiin
1377 313 1521 355 peccato
1531 314 1581 342 est
1594 318 1662 342 non
1679 319 1752 343 esse
1767 304 2001 357 spiritualem,
2016 304 2131 342 omni-

1150 363 1217 401 bus
1233 364 1414 414 liquidum
1432 374 1518 414 erat,
1529 365 1588 403 hic
1607 365 1701 416 quod
1722 367 1836 418 majus
1851 375 1900 404 est
1916 365 2131 418 ponit7quod

1150 436 1220 461 non
1242 424 1356 461 solum
1370 424 1405 461 in
1421 435 1574 476 peccato,
1595 425 1656 463 sed
1673 440 1716 463 ne
1737 426 1773 462 in
1797 440 1900 463 carne
1925 425 2068 476 quidem
2081 435 2132 463 est

1150 483 1345 534 spiritualis
1357 485 1475 533 homo,
1481 486 1558 536 jam
1575 486 1657 524 hinc
1669 486 1814 537 angelus
1829 486 1984 534 effectus,
2003 486 2049 523 ad
2068 500 2132 523 cae-

1150 543 1226 581 lum
1242 556 1399 596 evectus,
1421 560 1618 598 corpusque
1644 547 1854 599 simpliciter
1871 547 2130 585 circumferens.

1150 603 1257 649 Quod
1275 605 1304 641 si
1321 604 1399 643 ideo
1433 615 1574 643 carnem
1609 607 1849 655 calumniaris,
1877 607 1960 657 quia
1978 608 2054 659 ejus
2071 621 2133 645 no-

1151 663 1246 700 mine
1265 665 1441 702 carnalem
1459 676 1562 704 vocat
1585 667 1694 704 vitam
1714 683 1721 703 :
1738 667 1913 704 mundum
1932 682 2071 718 quoque
2083 668 2134 705 sic

1152 722 1436 773 calumniaberis,
1451 725 1536 774 quia
1555 725 1623 762 hoc
1644 726 1786 763 nomine
1804 741 1894 778 saepe
1912 727 2048 764 malitia
2063 742 2131 778 ap-

1153 782 1319 832 pellatur,
1335 792 1374 820 ut
1389 784 1578 835 discipulis
1596 785 1669 821 suis
1687 784 1828 822 dicebat
1853 786 2015 823 Christus
2031 802 2038 822 :
2059 788 2133 824 Vos
2149 793 2242 820 Joan·
2263 790 2313 821 !5·

1155 856 1232 878 non
1243 846 1333 880 estis
1351 845 1399 880 de
1426 846 1498 881 hoc
1518 845 1660 881 mundo
1668 858 1680 893 5
1716 854 1749 881 et
1776 845 1946 883 fratribus
1965 847 2037 884 suis
2056 861 2134 884 rur·
2153 842 2200 872 ¹9¹

64 305 161 344 ἔσται
179 305 196 341 ὃ
214 304 321 354 ὀρθῶς
341 303 435 353 βιων.
464 301 609 349 Ἐπειδὴ
629 301 696 355 γὰρ
722 303 762 341 τὸ
781 306 814 341 ἐν
841 303 994 356 ἁμαρτίᾳ
1026 302 1073 353 μὴ

64 368 150 401 εἶναι
170 378 226 399 τον
246 361 492 412 πνευματικὸν,
517 377 621 399 παντι
640 378 705 400 που
727 364 828 409 δηλον
852 367 904 409 ἠν,
924 367 1018 405 οὗτος
1037 363 1076 401 τὸ

66 426 179 473 μεῖζον
198 422 344 469 τίθη,σιν
359 421 412 458 ότι
428 423 465 458 οὐ
482 422 581 472 μόνον
597 425 631 460 ἐν
646 423 821 475 ἁμαρτία,
843 425 919 461 ἀλλ’
937 422 1077 461 ὅτιούδὲ

63 485 97 521 ἐν
121 482 224 532 σαρκὶ
249 482 368 519 λοιπόν
399 484 491 519 ἐστιν
510 485 527 519 ὃ
546 483 778 533 πνευματικὸς
795 484 992 535 ἅνθρωπος,
1015 483 1076 533 ἄγ-

63 545 160 595 γελος
179 544 332 579 ἐντεῦθεν
348 542 414 588 ἤδη
434 543 634 592 γενόμενος,
655 544 713 580 καὶ
745 544 830 595 πρὸς
856 544 913 581 τὸν
935 544 1075 594 οὐρανὸν

63 601 194 645 ἄναὸὰς
205 631 214 649 ,
234 601 293 639 καὶ
309 602 426 639 λοιπὸν
444 603 482 639 τὸ
498 606 600 652 σῶμα
617 604 735 645 ἁπλῶς
753 603 958 654 περιφέρων.
978 605 1023 641 Εἰ
1042 602 1076 640 δὲ

63 662 118 700 διὰ
134 666 234 700 τοῦτο
249 662 311 707 τὴν
345 662 458 714 σάρκα
478 663 696 711 διαέοίλλεις,
716 664 834 710 ἐπειδὴ
860 667 910 715 τῷ
933 663 1077 713 ὀνόματι

63 724 168 767 αὐτῆς
187 722 245 759 τὸν
264 722 427 772 σαρκικὸν
443 723 542 759 καλεῖ
566 722 638 773 βίον
655 738 661 745 ·
683 723 741 760 καὶ
760 724 818 761 τὸν
837 724 966 773 κόσμον
990 722 1077 761 οὕτω

64 782 262 828 διαὸαλεῖς,
293 781 409 828 ἐπειδὴ
441 782 500 819 καὶ
529 785 679 820 ἐντεῦθεν
699 787 720 829 ἡ
741 783 888 836 πονηρία
920 786 1078 821 καλεῖται

64 842 231 884 πολλάκις
243 872 252 888 ,
272 841 428 892 καθάπερ
445 842 503 878 καὶ
519 848 589 885 τοῖς
607 845 776 891 μαθηταῖς
795 842 909 893 ἔλεγεν
939 847 956 880 ὁ
985 844 1078 895 Χρι-

65 903 143 945 στός
159 918 166 925 ·

186 902 306 952 Ὑμεῖς
327 903 388 939 οὐκ
405 901 482 940 ἐστὲ
499 904 536 939 ἐκ
555 906 614 939 τοῦ
632 901 762 951 κόσμου
785 901 921 939 τούτου·
938 903 997 939 καὶ
1009 908 1080 944 τοῖς
1154 918 1231 941 sum
1252 905 1392 942 dicebat
1410 922 1416 941 :
1435 908 1527 944 ZVon
1546 916 1670 958 potest
1700 909 1863 945 mundus
1898 923 1969 946 vos
1997 911 2132 957 odisse,
2150 921 2232 950 [hid.
2251 931 2278 960 7.
2299 934 2328 961 7·

66 965 223 1014 ἀδελφοῖς
238 967 305 1003 τοῖς
321 964 441 999 ἑαυτοῦ
459 962 553 1011 ἔλεγε
567 961 748 1006 πάλιν,οὐ
766 961 935 998 δύναταιὸ
951 960 1080 1011 κόσμος

66 1027 154 1071 ὑμᾶς
170 1028 294 1072 μισεῖν,
313 1020 374 1070 ἐμὲ
390 1020 424 1058 δὲ
439 1027 544 1070 μισεῖ.
559 1021 628 1058 Καὶ
643 1020 704 1066 τὴν
717 1020 832 1071 ψυχὴν
848 1019 883 1057 δὲ
897 1020 1079 1072 ἀλλοτρίαν

62 1078 149 1120 εἶναι
169 1082 316 1133 φ·Γ’,σεται
330 1085 389 1118 τοῦ
406 1083 510 1128 Θεοῦ,
526 1080 644 1126 ἐπειδὴ
659 1081 737 1123 τοὺς
758 1084 791 1119 ἐν
792 1081 930 1155 Μπλοίνῃ
952 1083 1081 1124 ζῶντας

61 1142 228 1194 ψυχικοὺς
257 1141 427 1178 ἐκοίλεσιν.
454 1141 546 1179 Ἀλι’)
564 1144 625 1179 οὐκ
656 1141 729 1178 ἔστι
748 1157 882 1187 ταυτα,
898 1143 958 1179 οὐκ
973 1141 1078 1179 ἔστιν.

888 1205 947 1240 τοῦ
963 1203 1079 1253 λέγον·

433 1201 575 1248 λέξεσιν,
591 1202 681 1240 ἀλλὰ
695 1219 737 1253 τη
751 1201 874 1253 γνώμη

60 1281 116 1307 τος
136 1268 322 1314 ἀναγκαῖον
348 1279 528 1314 πανταχου
550 1263 745 1316 προσέχειν,
774 1279 832 1301 και
858 1280 921 1310 την
950 1265 1077 1315 ἀκριὸῆ

61 1205 114 1242 Οὐ
131 1203 196 1254 γὰρ
208 1203 326 1245 ἁπλῶς
342 1208 416 1245 ταῖς

59 1326 126 1361 τῶν
148 1323 335 1375 εἰρημένων
357 1322 483 1361 εἰδέναι
502 1323 680 1374 διαίρεσιν.
702 1323 759 1361 Τὰ
792 1323 854 1374 μὲν
883 1323 950 1376 γάρ
985 1325 1076 1361 ἐστιν

61 1384 191 1435 ἀγαθὰ,
210 1383 254 1421 τὰ
273 1383 309 1421 δὲ
331 1383 443 1429 κακὰ,
462 1383 506 1420 τὰ
526 1383 561 1422 δὲ
580 1384 670 1433 μέσα
683 1415 692 1431 ,
713 1379 780 1423 οἷον
799 1384 893 1436 ψυχὴ
912 1385 971 1422 καὶ
994 1384 1078 1436 σὰρξ

60 1447 128 1481 τΓιν
149 1443 262 1494 μέσων
285 1443 378 1490 ἐστὶ,
400 1442 460 1480 καὶ
490 1448 588 1481 τοῦτο
616 1445 755 1481 κάκεῖνο
785 1445 944 1495 γενέσθαι
974 1446 1078 1482 δυνα-

63 1503 173 1553 μέν-ν.

62 1563 177 1614 ἕτερόν
197 1580 230 1600 τι
250 1562 441 1612 γινόμενον
461 1562 575 1600 Πάλιν
596 1564 635 1601 τὸ
663 1563 823 1615 φρόνημα
846 1581 908 1611 της
930 1566 1078 1616 σαρκὸς,

205 1519 243 1540 ’0
276 1502 311 1540 05
332 1519 393 1540 Ttv5
393 1506 486 1552 ῧμα,
503 1519 570 1540 των
591 1506 766 1554 ἄίαθων
749 1521 821 1552 αΕῑ,
841 1505 899 1542 καὶ
916 1505 1060 1543 00057505·

61 1624 248 1670 τουτέστιν,
267 1626 288 1668 ἢ
308 1639 352 1660 πο
341 1622 444 1674 νηρα
464 1630 553 1673 πρᾶς
559 1639 609 1670 ις,
628 1627 695 1661 τῶν
718 1624 770 1661 ἀει
786 1628 924 1663 κακῶν·
943 1629 992 1662 τῶ
1011 1626 1079 1679 γὰρ

63 1684 158 1736 νόμῳ
178 1688 235 1721 τοῦ
254 1685 431 1734 Θεοῖοὖχ
449 1683 700 1721 ὑποτάσσεται.
723 1682 782 1722 Ἂν
801 1684 911 1723 τοίνυν
929 1666 980 1739 τῷΙ
1001 1689 1079 1737 βελ-

63 1744 148 1783 τίονι
165 1746 229 1796 δῷς
244 1744 306 1789 τὴν
324 1743 439 1795 ψυχὴν
458 1744 518 1780 καὶ
536 1744 575 1781 τὸ
595 1747 717 1795 σῶμα,
735 1744 849 1797 ἐγένου
868 1749 930 1792 τῆς
949 1748 1078 1786 ἐκείνου

63 1804 199 1856 μερίδος
214 1820 221 1827 ·
242 1804 282 1841 ἂν
304 1807 352 1855 τῷ
372 1804 502 1855 χείρονι
525 1804 642 1852 πάλιν,
658 1808 720 1851 τῆς
736 1807 884 1844 ἐνταῦθα
904 1809 1078 1852 ἀπωλείας

39 1863 41 1865 ’
62 1864 230 1911 κατέστης
246 1864 426 1911 κοινωνὸς,
445 1865 482 1901 οὔ
503 1865 599 1916 παρὰ
618 1865 680 1911 τὴν
697 1865 795 1917 φύσιν
812 1869 873 1912 τῆς
892 1868 1006 1919 ψυχῆς
1019 1869 1078 1906 καὶ

61 1928 123 1971 τῆς
145 1924 270 1977 σαρκὸς
285 1954 294 1970 ,
315 1924 404 1962 ἀλλὰ
423 1925 519 1975 παρὰ
538 1925 599 1972 τὴν
620 1925 762 1977 γνώμην
782 1926 843 1974 τὴν
864 1927 983 1979 κυρίαν
1004 1931 1077 1980 ἀμ-

62 1985 189 2037 φότερα
206 1990 314 2023 ταῦτα
334 1984 486 2022 ἑλέσθαι..
510 1986 580 2022 Καὶ
599 1986 651 2023 ὅτι
666 1991 775 2024 ταῦτα
793 1991 912 2026 τοῦτον
934 1989 1077 2040 ἔχειτὸν

61 2046 200 2097 τρόπον,
222 2045 280 2083 καὶΙ
300 2046 336 2082 οὗ
367 2045 492 2096 σαρκὸς
513 2046 656 2093 διαὲολὴ
688 2046 731 2084 τὰ
757 2048 940 2098 εἰρημένα,
972 2051 1077 2088 πάλιν

63 2105 169 2151 αὐτὴν
201 2104 504 2156 μεταχειρίσαντες
530 2105 593 2152 τὴν
621 2107 724 2154 λέξιν,
745 2107 959 2157 ἐξετάσωμεν
976 2112 1078 2163 ἀκρι-

62 2165 237 2217 ὅέστερον.
260 2164 381 2215 Ἱ’μεῖς
398 2165 433 2202 δὲ
453 2167 515 2203 οὐκ
531 2165 606 2204 ἐστὲ
623 2169 656 2204 ἐν
676 2167 801 2220 σαρκὶ,
819 2170 896 2206 ἀλλ’
916 2171 949 2207 ἓν
970 2170 1077 2208 πνεύ-

63 2239 168 2272 ματι,
190 2224 288 2275 φησί.

113 2284 160 2320 Τί
181 2279 262 2331 οῧν5
281 2286 344 2322 οὐκ
363 2279 451 2331 ἦσαν
472 2287 505 2323 ἓν
525 2287 649 2338 σαρκὶ,
673 2289 752 2326 ἀλλ’
771 2287 954 2338 ἀσώματοι
975 2306 1076 2343 περι-

56 2359 184 2394 ηεσαν5
202 2344 260 2381 καὶ
282 2361 354 2388 πως
371 2346 410 2382 ἂν
430 2345 504 2397 ἔχοι
522 2361 621 2384 τουτο
640 2348 766 2399 λόγονι
786 2348 895 2401 “Ορᾶ’ς
909 2379 918 2397 ,
943 2350 995 2388 ὅτι
1019 2352 1075 2390 τὸν

57 2404 222 2453 σαρκικὸν
249 2403 322 2454 βίον
351 2404 510 2456 ᾐνίξατο5
549 2407 620 2445 Και
638 2407 728 2451 τίνος
753 2407 866 2446 ε’νεκεν
887 2411 948 2447 οὐκ
968 2415 1076 2458 εἶπεν,

55 2464 152 2512 υμεῖς
168 2463 204 2501 35
227 2466 289 2502 οὐκ
305 2465 381 2504 ἐστὲ
396 2468 429 2503 ἐν
449 2467 621 2518 ἁμαρτία5
636 2467 714 2506 Ινα
731 2469 901 2518 μοίθης,υ
883 2485 936 2507 οτι
956 2472 992 2508 οὔ
1012 2487 1076 2517 την

53 2523 251 2597 τυραννίδα
254 2540 315 2570 της
328 2525 500 2578 ἁμαρτίας
517 2526 635 2566 ἔσοεσε
655 2528 756 2579 μόνον
773 2533 790 2567 ὁ
803 2529 969 2583 Χριστὸς,
987 2532 1076 2571 ἀλλὰ

55 2582 114 2619 καὶ
128 2599 191 2628 την
208 2584 321 2637 σάρκα
333 2586 539 2637 κουφοτέραν
551 2588 951 2645 καὶπνευματικωτέραν
960 2594 1075 2641 ἐποίη-

54 2658 124 2690 σεν,
144 2646 180 2681 οὗ
197 2661 246 2695 τῳ
265 2661 326 2691 την
355 2645 454 2698 φύσιν
476 2649 697 2698 μεταοαλεῖν,
716 2652 804 2689 ἀλλὰ
820 2655 869 2703 τῷ
896 2669 1074 2705 πτερωσαι

52 2705 184 2752 μᾶλλον
201 2705 318 2751 αὐτην.
333 2707 501 2759 Καθαπερ
515 2707 580 2759 γὰρ
594 2710 703 2760 πυρὸς
714 2713 912 2760 ὃμιλουντος
927 2729 1072 2767 σιοηρω,

52 2763 143 2800 καὶὸ
164 2764 303 2816 σίοηρος
323 2766 453 2816 γίνεται
479 2784 548 2819 πυρ
569 2771 602 2807 ἐν
622 2785 664 2821 τῃ
685 2771 794 2809 οἰκεία
822 2773 934 2823 μένων
951 2773 1071 2826 φύσει·

52 2822 140 2861 ου’τω
157 2824 217 2862 καὶ
238 2828 306 2862 τῶν
340 2841 472 2865 πιστων
502 2829 561 2866 καὶ
592 2846 729 2881 πνευμα
762 2833 911 2883 ἐχόντων
933 2838 954 2881 ἦ
985 2835 1071 2888 σὰρξ

49 2884 168 2922 λοιπὸν
200 2886 285 2936 πρὸς
304 2887 436 2934 ἐκείνην
467 2889 675 2939 μεθίσταται
696 2909 759 2939 την
789 2893 862 2945 ενέρ
866 2911 975 2945 γειαν,
1004 2896 1067 2943 ὅλη

48 2946 266 2995 πνευματικη
282 2948 445 2998 γινομένη
459 2979 467 2995 ,
486 2953 754 3003 σταυρουμένη,
744 2954 924 3003 πάντοθεν,
944 2956 1004 2993 καὶ
1024 2973 1066 3008 τῃ

48 3006 142 3056 ψυχῃ
172 3021 366 3045 συναναπτε
354 3010 544 3060 ,ρουμένη-
574 3016 642 3050 οῖον
671 3017 713 3060 ἠν
736 3014 795 3051 καὶ
816 3016 856 3053 τὸ
876 3019 978 3067 σῶμα
1006 3021 1066 3055 τοῦ

47 3065 211 3103 ταῦταλέ
197 3082 342 3116 ςγοντος.
365 3070 428 3107 Διὸ
446 3075 577 3123 τρυφῆς
605 3089 666 3122 μεν
691 3075 828 3122 ἁπασης
858 3092 917 3113 και
941 3079 1066 3123 ἧδονης

47 3124 215 3173 κατεγεῆα
228 3155 238 3172 ,
254 3129 326 3164 ἐνετ
314 3128 418 3203 ρύρα
439 3129 474 3166 δὲ
493 3133 587 3183 λιμῳ
606 3133 665 3170 καὶ
688 3134 828 3184 μάστιξι
850 3137 909 3174 καὶ
926 3137 1063 3187 δεσυμω

47 3183 197 3234 τηρίοις,
225 3187 283 3223 καὶ
312 3189 388 3225 οὖῗε
408 3189 508 3239 ἤλγει
536 3207 645 3231 ταυτα
676 3195 838 3247 πάσχων.
872 3198 942 3235 Και
963 3214 1063 3237 τουτο

48 3244 159 3288 δηλῶν
177 3244 290 3295 ἔλεγε,
309 3248 361 3286 Τὸ
375 3248 442 3301 γὰρ
457 3252 656 3303 παραυτίκα
672 3256 819 3307 ἐλαφρὸν
835 3273 897 3302 της
916 3258 971 3296 θλ’
950 3261 1063 3310 ιιψεως
1087 3262 1110 3292 C

46 3305 164 3352 ἡμῶν·
180 3305 286 3349 οὕτως
300 3323 341 3352 ην
361 3311 475 3352 καλῶς
494 3312 552 3349 καὶ
571 3329 634 3359 την
652 3315 765 3366 σάρκα
780 3318 968 3362 παιδεύσας
988 3336 1063 3358 συν-

46 3363 180 3415 τρέχειν
201 3368 249 3402 τῶ
276 3366 458 3417 πνεύματι.
485 3371 596 3424 Εἴπερ
617 3375 765 3412 Πνεῦμα
796 3378 889 3416 Θεοῦ
915 3381 1001 3417 οἰκεῖ
1028 3396 1062 3418 εν

1155 978 1215 1001 me
1233 973 1363 1002 autem
1382 967 1474 1003 odit.
1508 967 1637 1003 Anima
1657 981 1795 1017 quoque
1813 982 1833 1004 a
1850 970 1923 1005 Dco
1945 970 2059 1006 aliena
2075 984 2132 1008 es-

1155 1038 1191 1061 se
1211 1024 1365 1074 diceturj
1385 1026 1468 1076 quia
1481 1039 1550 1075 eos,
1564 1027 1623 1077 qui
1643 1027 1679 1064 in
1698 1041 1814 1065 errore
1838 1028 1980 1075 vivunt,
2004 1029 2136 1066 anima-

1104 1088 1129 1117 E
1155 1083 1205 1121 les
1234 1085 1439 1136 appellavit.
1457 1087 1596 1125 Verum
1614 1101 1684 1124 non
1710 1087 1759 1125 ita
1778 1097 1842 1137 est,
1876 1088 2027 1125 nonita.
2058 1089 2136 1125 Non

1153 1144 1246 1182 enim
1265 1145 1413 1183 vocibus
1426 1147 1647 1198 simpliciter,
1664 1147 1725 1185 sed
1738 1148 1887 1185 dicentis
1900 1149 2008 1186 menti
2019 1162 2137 1186 neces-

1154 1219 1190 1242 se
1205 1214 1256 1242 est
1287 1220 1424 1258 semper
1441 1207 1634 1257 attendere,
1662 1218 1696 1246 et
1726 1218 1927 1246 accuratam
1958 1208 2137 1247 dictorum

1153 1266 1243 1303 scire
1254 1265 1526 1307 distinctionem.
1543 1269 1624 1307 Alia
1644 1270 1738 1307 enim
1752 1279 1833 1307 sunt
1848 1271 1956 1321 bona,
1970 1271 2040 1308 alia
2059 1285 2138 1308 ma-

1153 1327 1202 1376 la,
1223 1327 1292 1364 alia
1312 1328 1428 1365 media
1450 1344 1457 1364 :
1477 1330 1576 1367 verbi
1593 1331 1718 1381 gratia,
1735 1331 1852 1368 anima
1874 1341 1907 1368 et
1922 1346 2003 1369 caro
2019 1331 2137 1369 media

1154 1397 1332 1439 sunt,quae
1342 1389 1475 1440 possint
1490 1399 1523 1427 et
1548 1391 1615 1428 hoc
1627 1391 1761 1430 etillud
1772 1392 1850 1430 fieri
1861 1408 1873 1442 5
1892 1393 2038 1445 spiritus
2053 1407 2137 1432 vero

1153 1461 1290 1499 semper
1309 1463 1353 1486 ex
1362 1449 1540 1487 bonorum
1552 1465 1698 1489 numero
1708 1461 1772 1499 est,
1784 1466 1845 1490 nec
1855 1467 2022 1504 umquam
2037 1454 2137 1492 aliud

1152 1507 1228 1544 fieri
1243 1517 1370 1559 potest.
1383 1511 1538 1547 Rursum
1559 1525 1679 1549 sensus
1696 1512 1825 1562 carnis,
1836 1513 1873 1550 id
1889 1513 2049 1562 est7acti0
2061 1529 2136 1552 ma-

1153 1567 1199 1615 la,
1211 1582 1254 1605 ex
1273 1569 1447 1606 malorum
1468 1584 1606 1621 semper
1626 1585 1773 1609 numero
1791 1581 1860 1610 est:
1874 1573 1947 1624 legi
1964 1574 2059 1612 enim
2070 1575 2136 1612 Dei

1154 1642 1222 1666 non
1235 1629 1435 1681 subjicitur.
1452 1631 1489 1668 Si
1504 1644 1587 1681 ergo
1607 1632 1744 1669 meliori
1763 1632 1902 1671 dederis
1928 1635 2085 1672 animam
2105 1645 2138 1674 et

1155 1702 1294 1740 corpus,
1314 1690 1463 1728 exillius
1475 1691 1635 1742 portione
1649 1692 1737 1742 eris}
1749 1693 1776 1730 si
1788 1694 1912 1745 pejori,
1923 1703 2006 1732 tunc
2018 1695 2137 1747 perni-

1154 1750 1219 1788 ciei
1231 1765 1371 1789 consors
1381 1752 1535 1801 eris‚non
1547 1767 1591 1790 ex
1600 1763 1724 1791 natura
1744 1755 1870 1792 animae
1887 1765 1921 1793 et
1937 1757 2063 1806 carnis,
2076 1756 2138 1794 sed

1091 1846 1137 1870 559
1153 1825 1198 1848 ex
1213 1812 1359 1864 proprio
1387 1822 1449 1850 tuo
1483 1813 1644 1861 arbitrio,
1663 1814 1760 1865 quod
1783 1825 1896 1867 potest
1926 1817 2136 1855 alterutrum

1103 1882 1129 1911 Α
1153 1871 1293 1922 eligere.
1315 1872 1361 1909 Et
1379 1873 1476 1922 quod.
1499 1873 1574 1910 haec
1589 1874 1637 1911 ita
1665 1889 1700 1912 se
1717 1875 1883 1924 habeant,
1900 1886 1932 1913 et
1946 1890 2022 1926 quae
2041 1876 2137 1915 dicta

1153 1940 1246 1980 sunt,
1277 1945 1347 1969 non
1369 1933 1484 1970 carnis
1516 1948 1588 1971 esse
1615 1934 1845 1985 calumniam,
1877 1950 2000 1974 rursus
2021 1937 2136 1988 ipsam

1152 1991 1342 2030 dictionem
1358 2002 1559 2044 tractantes,
1572 1996 1772 2033 accuratius
1789 1996 2043 2036 examinemus.
2062 2000 2136 2036 Vos

1153 2060 1282 2090 autem
1298 2067 1375 2090 non
1402 2057 1491 2092 estis
1511 2057 1552 2091 in
1579 2069 1710 2101 carne,
1742 2058 1810 2094 sed
1831 2059 1872 2094 in
1893 2061 2043 2109 spiritu,
2077 2059 2136 2096 in-

1127 2132 1130 2134 *
1152 2125 1242 2166 quit.

1205 2289 1242 2328 8.
1271 2289 1368 2336 Quid
1404 2289 1514 2341 ergo?
1542 2304 1612 2328 non
1646 2300 1745 2328 erant
1773 2291 1809 2328 in
1839 2306 1955 2341 carne,
1994 2294 2056 2332 sed
2083 2295 2137 2333 in-

1152 2351 1310 2403 corporei
1336 2350 1603 2388 ambulabant?
1640 2365 1748 2402 ecqua
1782 2353 1916 2391 ratione
1952 2354 2027 2392 haec
2065 2370 2137 2393 esse

1150 2411 1286 2462 possint
1311 2411 1328 2448 Ρ
1356 2410 1489 2451 Viden'
1522 2411 1625 2448 illum
1661 2413 1838 2450 carnalem
1865 2414 1978 2452 vitam
2006 2415 2135 2453 subin—

1150 2472 1321 2510 dicasse?
1349 2472 1397 2510 Et
1432 2487 1496 2510 cur
1533 2487 1602 2510 non
1631 2473 1725 2511 dixit
1763 2490 1771 2510 ε
1813 2477 1890 2515 Vos
1917 2485 2035 2513 autem
2063 2491 2134 2515 non

1149 2533 1230 2571 estis
1244 2533 1280 2570 in
1301 2533 1470 2584 peccato?
1488 2534 1537 2570 Ut
1565 2532 1716 2584 disceres
1746 2534 1929 2573 Christum
1967 2538 2133 2589 tyranni-

1147 2591 1229 2629 dem
1257 2592 1390 2644 peccati
1420 2606 1490 2629 non
1516 2593 1726 2630 exstinxisse
1747 2603 1898 2641 tantum,
1929 2596 1991 2634 sed
2026 2597 2132 2634 etiam

1148 2666 1286 2689 carnem
1318 2652 1488 2691 leviorem
1522 2661 1555 2689 et
1582 2653 1858 2704 spiritualiorem
1884 2656 2006 2694 fecisse
2031 2673 2038 2693 :
2061 2672 2131 2695 non

1146 2722 1310 2750 naturam
1330 2712 1512 2760 mutando,
1533 2713 1595 2750 sed.
1624 2713 1723 2751 illam
1745 2728 1806 2751 ceu
1827 2716 1891 2752 alis
1914 2716 2131 2766 quibusdam

1146 2772 1364 2811 instruendo,
1386 2774 1435 2810 Ut
1454 2773 1548 2810 euim
1562 2774 1695 2811 ferrum
1715 2774 1778 2812 diu
1802 2775 1838 2813 in
1857 2776 1937 2827 igne
1967 2791 2126 2827 versans,

1144 2833 1288 2884 igneum
1304 2833 1436 2882 evadit,
1458 2834 1493 2871 in
1511 2835 1658 2886 propria
1679 2849 1822 2874 manens
1850 2846 1973 2875 natura
1995 2854 2002 2874 :
2022 2839 2073 2876 sic
2095 2848 2128 2877 et

1145 2894 1307 2934 fidelium
1327 2903 1359 2931 ct
1384 2894 1549 2945 spiritum
1578 2895 1787 2933 habentium
1817 2911 1896 2935 caro
1912 2897 2057 2936 demum
2089 2899 2126 2937 in

1139 2954 1239 2991 illam
1267 2955 1476 2992 transfertur
1496 2955 1736 3006 efficientiam,
1759 2966 1829 2995 tota
1855 2958 2051 3009 spiritualis
2066 2962 2126 2997 ef-

1138 3016 1241 3066 fecta,
1258 3016 1417 3066 undique
1441 3017 1626 3065 crucifixa,
1650 3026 1683 3054 et
1702 3032 1782 3055 cum
1801 3019 1916 3057 anima
1938 3020 2039 3070 quasi
2059 3021 2124 3059 alis

1137 3075 1308 3114 instructa
1324 3092 1331 3113 ε
1352 3077 1453 3127 quale
1466 3086 1540 3114 erat
1554 3091 1681 3129 corpus
1696 3079 1786 3130 ejus,
1801 3079 1862 3129 qui
1876 3079 1950 3117 haec
1966 3080 2120 3119 dicebat.
2156 3110 2161 3111 ν

1137 3137 1364 3188 Quapropter
1382 3136 1527 3175 delicias
1547 3151 1666 3175 omnes
1683 3147 1715 3175 et
1733 3139 1953 3190 voluptatem
1980 3141 2123 3180 deride-

1135 3197 1197 3234 bat
1203 3212 1216 3247 5
1249 3197 1490 3235 delectabatur
1509 3206 1626 3235 autem
1651 3197 1686 3234 in
1704 3199 1806 3247 fame,
1824 3200 1989 3252 flagellis,
2006 3216 2122 3240 carce-

1136 3258 1252 3307 ribus,
1276 3272 1339 3296 nec
1356 3257 1499 3297 dolebat
1518 3258 1579 3295 illa
1597 3258 1744 3310 patiens.
1759 3261 1804 3298 Et
1814 3259 1881 3297 hoc
1901 3261 2117 3312 significans,

1136 3319 1277 3357 dicebat
1298 3336 1305 3355 :
1324 3322 1643 3357 Momentaneum
1675 3329 1710 3357 et
1743 3321 1824 3358 leve
1854 3323 2120 3362 tribulationis
2136 3347 2164 3368 2,
2189 3339 2257 3368 cor,
2281 3338 2311 3378 4,

1138 3391 1274 3419 noslrae
1283 3397 1297 3427 ,·
1315 3380 1361 3419 ita
1378 3381 1524 3433 pulchre
1540 3394 1679 3419 carnem
1692 3381 1880 3433 erudierat7
1897 3392 1935 3421 ut
1954 3398 2035 3422 cum
2051 3385 2123 3438 spi·
2144 3389 2189 3418 ¹7·
