2502 3810
126 1437 203 1463 lsai.
218 1441 267 1470 29.

131 1475 177 1504 13.

159 1923 225 1950 Vita
242 1921 316 1948 lwna

130 1965 165 1991 ad
183 1964 235 1990 Dei
257 1963 316 1998 glo—

132 2007 202 2031 riam
228 2005 316 2032 cedit.

768 304 806 333 S.

322 295 410 358 706

844 301 1028 333 JOANNIS
1062 300 1298 330 CHRYSOST.
1336 299 1544 330 ARCHIEP.
1583 299 1936 330 CONSTANTINOP-

313 390 405 438 vari,
423 387 511 425 alios
530 385 645 438 perire
663 383 764 421 dicit.
791 382 936 422 Gratias
955 395 1038 433 ergo
1057 381 1112 418 illi
1132 394 1294 432 agamUS,
1312 413 1358 438 538
1372 383 1596 432 χαριστῶμεν
1623 380 1755 428 τοίνυν,
1787 380 1840 418 δ’τι
1868 383 1936 418 τῶν
1959 380 2160 430 σωζομένων
2181 379 2388 432 γεγόναμεν,

314 447 410 499 quod
437 461 483 484 ex
519 453 739 483 servatorum
780 456 929 480 numero
973 442 1105 489 simus,
1135 440 1300 491 quodque
1324 451 1350 479 A
1374 440 1432 478 καὶ
1460 441 1509 491 μὴ
1533 441 1731 486 δυνηθέντες
1757 440 1824 478 ἀπὸ
1844 443 1912 478 τῶν
1933 440 2039 492 ἔργων
2062 444 2234 487 σωθῆναι,
2255 440 2391 486 ἐσώθη-

315 523 395 546 eum
416 522 485 545 non
504 519 685 558 possemus
709 519 753 543 ex
775 504 943 556 operibus
963 503 1111 541 salutem
1126 502 1300 552 nancisci,

313 584 359 606 ex
373 568 440 605 Dei
460 567 553 604 dono
577 566 708 603 servati
725 565 847 602 simus.
879 564 1003 613 Neque
1026 561 1144 600 verbis
1164 569 1303 599 tantum

316 629 448 679 gratias
466 641 613 678 agamus
626 656 638 676 ,
658 625 721 663 sed
740 625 844 663 etiam
861 624 1069 676 operibuset
1091 622 1207 674 gestis.
1219 622 1301 659 Haec

314 690 447 741 quippe
473 689 608 726 sincera
630 696 681 724 est
695 686 891 738 gratiarum
913 684 1020 731 actio,
1048 698 1129 721 cum
1161 697 1199 721 ea
1217 683 1304 720 faci-

316 766 417 801 mus,
447 749 547 800 queis
581 751 678 787 Deus
709 762 791 785 cum
823 746 936 797 gloria
962 744 1196 783 celebrandus
1223 753 1274 781 est
1289 759 1302 794 3

319 826 402 849 cum
416 811 475 848 illa
495 810 670 861 fugimus,
695 823 714 846 a
729 808 861 859 quibus
876 806 987 858 erepti
1008 819 1141 844 sumus.
1162 804 1306 842 Etenim

316 873 359 918 si,
372 881 560 924 postquam
574 883 693 921 regem
707 867 921 907 contumelia
934 866 1219 916 affecimus,loco
1230 879 1304 902 me-

317 932 378 969 riti
393 931 561 984 supplicii
577 932 709 968 honore
726 929 862 978 donati,
879 941 1022 965 rursum
1037 927 1105 978 ipsi
1125 935 1305 964 contume-

318 993 404 1031 liam
419 993 625 1039 inferamus,
641 992 686 1029 ob
706 990 1024 1028 animum‘summe
1040 987 1222 1038 ingratum
1246 1000 1308 1024 ex·
1332 995 1355 1024 B

322 1055 541 1106 tremasjure
557 1053 720 1090 dabimus
732 1065 865 1104 peenas,
879 1050 1024 1100 etlonge
1043 1049 1192 1100 majores
1203 1061 1311 1098 quam

325 1117 412 1154 alias
428 1115 528 1167 prius
550 1113 698 1151 debitas.
721 1112 841 1150 Prima
860 1110 994 1162 quippe
1009 1108 1223 1147 contumelia
1240 1122 1311 1146 non

322 1175 470 1229 perinde
496 1189 559 1212 nos
593 1174 750 1224 ingratos
780 1172 957 1219 exhibuit,
978 1179 1083 1220 atque
1102 1169 1179 1219 illa,
1204 1182 1312 1219 quam

322 1247 400 1290 post
414 1238 587 1275 honorem
601 1245 634 1273 et
649 1234 924 1284 redintegratam
943 1232 1092 1283 gratiam
1108 1230 1308 1268 intulimus.

322 1300 517 1350 Fugiamus
537 1296 706 1349 ergoilla,
726 1310 746 1332 a
765 1295 896 1344 quibus
913 1293 1024 1344 erepti
1043 1306 1181 1340 sumus,
1200 1304 1314 1341 neque

325 1372 384 1395 ore
403 1366 540 1395 tantum
561 1355 690 1407 gratias
720 1367 879 1403 agamus,
899 1366 943 1389 ne
964 1351 1008 1388 de
1023 1350 1124 1388 nobis
1141 1350 1282 1387 dicatur
1302 1365 1309 1385 :

327 1419 500 1469 Populus
518 1418 579 1453 lzic
596 1417 711 1452 labiis
738 1428 796 1450 me
825 1415 1007 1459 honorat,
1040 1412 1153 1448 corde
1184 1418 1315 1447 autem

329 1481 438 1530 longe
453 1486 507 1515 est
522 1491 546 1514 a
558 1491 627 1513 me.
638 1474 827 1520 Quomodo
842 1473 936 1510 enim
944 1471 1141 1509 absurdum
1159 1484 1228 1507 non
1241 1470 1315 1507 fue-

330 1541 391 1589 rit,
408 1538 550 1591 quando
561 1537 637 1574 caeli
652 1535 799 1586 quidem
819 1542 982 1572 enarrant
1000 1532 1150 1583 gloriam
1166 1531 1248 1577 Dei,
1266 1539 1314 1580 te,

327 1602 428 1653 eujus
450 1614 553 1637 causa
577 1598 665 1645 caeli,
685 1596 746 1647 qui
767 1598 884 1633 Deum
914 1594 1074 1643 laudant,
1109 1593 1192 1630 sacti
1221 1601 1314 1640 sunt,

328 1661 411 1699 talia
431 1669 583 1713 patrare,
603 1659 648 1696 ob
667 1671 744 1708 quae
764 1658 862 1693 Deus
880 1664 1015 1693 creator
1041 1663 1128 1692 tuus
1147 1653 1314 1704 blasphe-

328 1722 471 1759 metur?
491 1720 645 1770 Ideoque
666 1732 735 1756 non
758 1717 819 1754 ille
839 1717 956 1754 solum
979 1716 1040 1766 qui
1062 1714 1313 1766 blasphemat,

328 1782 388 1820 sed
402 1792 440 1819 tu
457 1795 596 1832 quoque
611 1778 787 1831 supplicio
802 1777 978 1815 obnoxius
995 1791 1041 1814 es.
1064 1775 1147 1813 Caeli
1165 1787 1318 1824 namque

329 1857 398 1880 non
429 1856 514 1880 voce
541 1842 659 1878 Deum
684 1838 899 1890 glorificant,
922 1836 984 1875 sed
1010 1836 1098 1874 alios
1126 1844 1318 1887 conspeetu

332 1918 395 1942 suo
413 1904 458 1942 ad
479 1903 515 1940 id
537 1901 724 1949 inducunt,
745 1910 777 1938 et
797 1909 913 1937 tamen
933 1899 1000 1950 ipsi
1021 1898 1191 1935 dicuntur
1217 1911 1318 1934 enar-

331 1980 409 2003 rare
430 1964 579 2016 gloriam
598 1962 677 2000 Dei.
700 1963 754 1999 Ita
774 1961 814 2011 ii,
838 1961 897 2011 qui
919 1959 1122 1997 mirabilem
1149 1959 1320 1996 exhibent

332 2027 459 2073 vitam,
480 2026 561 2063 licet
579 2032 730 2067 taceant,
751 2024 868 2060 Deum
890 2021 1002 2072 gloria
1023 2020 1211 2067 celebrant,
1232 2020 1321 2056 dum

334 2103 377 2125 ex
394 2095 581 2138 conspectu
602 2098 664 2122 suo
684 2083 773 2120 alios
789 2082 834 2120 ad
853 2084 969 2119 Deum
989 2080 1211 2118 laudandum
1234 2093 1321 2117 con-

335 2149 454 2186 citant.
468 2148 590 2197 Neque
602 2145 695 2182 enim
710 2152 840 2181 tantam
855 2144 951 2180 Deus
966 2156 1010 2179 ex
1032 2141 1138 2190 caelis,
1153 2149 1323 2191 quantam

335 2224 380 2247 ex
398 2209 471 2246 vita
494 2222 582 2259 pura
614 2206 763 2257 gloriam
796 2204 911 2241 refert.
943 2203 1034 2240 Cum
1065 2216 1148 2253 ergo
1176 2201 1324 2253 gentiles

337 2269 566 2318 alloquimur,
583 2281 651 2303 non
669 2267 770 2303 czelos
790 2265 826 2302 in
840 2263 999 2301 medium
1014 2262 1241 2312 adducimus,
1262 2262 1326 2299 sed

336 2330 497 2367 homines
509 2328 602 2374 illos,
614 2341 700 2377 quos
710 2326 824 2362 brutis
835 2334 938 2362 antea
949 2324 1139 2361 deteriores
1157 2337 1195 2361 eo
1209 2323 1325 2360 addu-

340 2391 392 2428 xit
413 2391 530 2435 Deus,
549 2397 589 2424 ut
605 2400 685 2425 cum
706 2385 840 2435 angelis
856 2393 1095 2422 concertarent
1114 2399 1121 2419 :
1139 2392 1245 2433 atque
1263 2396 1326 2435 per

339 2454 430 2490 hanc
446 2450 677 2488 mutationem
694 2448 838 2485 illorum
854 2461 914 2484 ora
929 2446 1162 2484 obstruimus.

392 2518 429 2554 6.
452 2514 593 2551 Etenim
624 2512 731 2549 homo
754 2512 831 2562 ipso
860 2510 944 2547 caelo
964 2510 1077 2546 multo
1101 2508 1228 2546 melior
1261 2517 1323 2556 est,

341 2575 402 2626 qui
421 2583 535 2627 potest
554 2573 710 2610 animam
729 2570 907 2623 possidere
926 2570 1003 2622 ipso
1032 2569 1116 2607 caelo
1137 2568 1327 2621 pulchrio—

341 2650 426 2673 rem,
456 2634 590 2672 Caelum
619 2632 765 2683 quippe,
798 2630 862 2668 etsi
892 2639 988 2668 tanto
1013 2638 1171 2681 tempore
1196 2628 1329 2674 visum,

340 2710 468 2748 parum
497 2694 633 2747 profuit
660 2692 707 2730 ad
737 2690 1049 2743 persuadendum,
1083 2689 1216 2728 Paulus
1246 2702 1330 2727 vero

341 2755 538 2808 praedicans
554 2753 655 2791 brevi
688 2761 803 2789 totum
823 2751 945 2788 orbem
973 2749 1137 2787 attraxit.
1162 2748 1331 2786 Animam

343 2817 475 2868 quippe
493 2814 697 2868 possidebat
713 2812 800 2850 coelo
815 2826 884 2849 non
917 2811 1103 2859 minorem,
1119 2824 1198 2861 quae
1212 2823 1332 2847 omnes

343 2876 388 2913 ad
413 2891 449 2914 se
473 2875 614 2913 trahere
643 2882 773 2926 posset.
804 2873 935 2910 Nostra
965 2871 1096 2922 quippe
1119 2870 1236 2907 anima
1254 2869 1332 2921 ipsa

344 2947 436 2975 terra
456 2937 601 2986 indigna
621 2944 683 2981 est;
704 2934 801 2971 illius
818 2941 936 2969 autem
952 2931 1070 2968 anima
1089 2931 1174 2968 caelo
1190 2944 1331 2982 compa-

345 2998 468 3036 randa.
489 2997 624 3034 Caelum
643 2995 776 3046 quippe
791 3007 896 3031 suum
915 3000 1032 3030 servat
1055 3006 1192 3043 semper
1208 2992 1331 3029 termi-

347 3073 432 3096 num
449 3067 482 3095 et
502 3070 682 3103 normam;
700 3054 858 3091 Paulinae
884 3067 969 3090 vero
989 3051 1114 3089 animae
1131 3051 1332 3089 sublimitas

347 3133 467 3156 omnes
495 3115 711 3154 transcendit
739 3115 862 3162 caelos,
898 3127 939 3150 ae
964 3126 1046 3149 cum
1084 3112 1161 3163 ipso
1191 3111 1332 3149 Christo

348 3188 574 3218 conversatur
596 3193 603 3214 :
625 3186 790 3227 tantaque
814 3184 887 3212 erat
908 3174 1006 3211 illius
1025 3173 1272 3225 pulchritudo,
1294 3182 1333 3211 ut

350 3242 446 3277 Deus
479 3240 579 3277 illam
609 3237 830 3289 praedicaret.
863 3237 965 3273 Astra
1001 3248 1082 3271 cum
1118 3243 1332 3280 crearentur,

351 3300 570 3337 mirabantur
591 3298 704 3349 angeli
717 3313 728 3347 3
748 3297 844 3334 hunc
860 3305 976 3333 autem
993 3295 1066 3346 ipse
1082 3294 1246 3332 Christus
1260 3295 1333 3332 mi-

945 3420 1033 3454 5ξεσι.
1055 3413 1107 3445 Sic
1134 3414 1224 3446 Editi
1251 3412 1354 3445 male:

353 3473 385 3504 lu
407 3472 484 3502 MSS.
506 3478 614 3515 autem
643 3475 688 3502 καὶ
708 3472 903 3512 εὲχαμττὶαις
919 3465 1020 3498 deest.

397 3430 409 3443 ³
436 3424 530 3463 ἔργοις
546 3424 592 3451 καὶ
610 3422 806 3460 εᾷχαρζττιόῑις
829 3421 876 3449 καὶ
900 3431 940 3459 πρ

1375 517 1437 551 μεν
1458 501 1526 538 ἀπὸ
1544 504 1605 547 τῆς
1625 505 1683 539 τοῦ
1712 503 1803 540 Θεοῦ
1835 501 1975 554 δωρεᾶς.
2003 502 2301 553 Εὖχαριστοῦντες
2334 499 2392 544 δὲ,

1377 561 1424 612 μὴ
1448 562 1581 614 ῥήμασι
1608 567 1710 600 τοῦτο
1735 564 1891 611 ποιῶμεν
1923 560 2048 612 μόνον,
2077 561 2165 599 ἀλλὰ
2192 561 2251 598 καὶ
2282 560 2395 612 ἔργοις

1374 622 1459 660 ἷῖικαὶ
1490 623 1668 674 πράξεσιν.
1687 623 1785 668 Αὕτη
1806 622 1873 674 γὰρ
1901 625 1922 668 ἡ
1943 622 2147 674 εὐχαριστία
2174 626 2196 669 ἧ
2229 620 2395 673 ἇκριδῆς,

1373 682 1456 721 ὅταν
1477 688 1587 722 ταῦτα
1615 683 1846 735 πράττωμεν,
1875 684 1918 720 δι’
1950 677 1997 720 ῶν
2027 685 2044 720 ὃ
2077 682 2166 725 Θεὸς
2196 682 2396 726 δοξάζεσθαι

1375 744 1496 794 μέλλει
1511 759 1518 767 ’
1540 743 1621 781 ὅταν
1642 746 1757 782 ἐκεῖνα
1777 743 1940 795 φύγωμεν
1954 773 1963 791 ,
1977 737 2026 780 ῶν
2041 743 2307 794 ἀπηλλάγημεν.
2326 741 2396 779 Καὶ

1375 804 1442 857 γὰρ
1460 803 1514 842 bei
1545 805 1692 855 βασιλέα
1719 803 1944 855 ὓὸρίσαντες,
1961 803 2038 841 ἀντὶ
2065 808 2125 841 τοῦ
2156 805 2271 841 δοῦναι
2298 802 2395 849 δίκην

1377 866 1606 916 ἐτιμήθημεν,
1620 859 1694 903 εἶτα
1709 865 1813 903 πάλιν
1836 865 2040 917 ὑδρίσαμεν,
2063 864 2123 901 ἅτε
2143 864 2294 915 ἐσχάτης
2311 865 2398 914 ἀχα-

1382 927 1514 979 ριστίας
1538 927 1700 975 ἁλόντες,
1720 926 1784 973 τὴν
1804 927 1958 979 ἐσχάτην
1979 925 2122 968 δικαίως
2152 925 2191 962 ἂν
2219 924 2398 974 ἐδώκαμεν

1381 988 1491 1034 δίκην,
1515 988 1573 1025 καὶ
1593 990 1712 1041 πολλῷ
1745 988 1885 1039 μείζονα
1911 990 1973 1034 τῆς
2001 987 2183 1038 προτέρας.
2214 985 2306 1030 Οὐδὲ
2332 984 2400 1037 γὰρ

1380 1048 1486 1092 οὕτως
1506 1052 1599 1099 ἡμᾶς
1620 1049 1830 1101 ἀχαρίστους
1847 1052 1868 1095 ἠ
1891 1047 2045 1100 προτέρα
2064 1047 2161 1100 ὕέρις
2183 1045 2312 1084 ἐδείκνυ
2326 1077 2335 1094 ,
2354 1047 2402 1088 ὡς

1381 1112 1402 1156 ἧ
1427 1110 1515 1160 μετὰ
1529 1109 1591 1157 τὴν
1613 1109 1719 1160 τιμὴν
1741 1109 1801 1147 καὶ
1816 1109 1880 1155 τὴν
1900 1108 2032 1155 πολλὴν
2054 1107 2251 1161 θεραπείαν.
2273 1106 2402 1157 Φύγω·

1384 1187 1446 1221 μεν
1466 1170 1577 1209 τοίνυν
1599 1173 1727 1218 ἐκεῖνα,
1749 1164 1796 1208 ῶν
1818 1169 2085 1220 ἀπηλλάγημεν,
2107 1168 2166 1206 καὶ
2188 1168 2236 1218 μὴ
2255 1169 2304 1219 τῷ
2325 1167 2403 1205 στό-

1385 1248 1470 1282 ματι
1487 1231 1588 1282 μόνον
1609 1234 1882 1284 εὐχαριστῶμεν,
1901 1230 1957 1268 ἵνα
1976 1230 2023 1281 μὴ
2041 1231 2100 1268 καὶ
2119 1229 2200 1283 περὶ
2222 1231 2323 1279 ἡμῶν
2342 1228 2404 1266 λε’-

1385 1308 1510 1344 γηται,
1530 1292 1574 1330 ‘O
1603 1292 1686 1335 λαὸς
1714 1286 1809 1334 οὗτος
1828 1297 1898 1334 τοῖς
1925 1290 2059 1342 χείλεσί
2081 1306 2125 1340 με
2151 1296 2257 1341 τιμᾷ,
2289 1291 2332 1339 τῇ
2367 1287 2404 1326 δὲ

1385 1353 1512 1405 καρδίᾳ
1528 1352 1647 1405 πόρ’ῥω
1666 1352 1789 1403 ἀπέχει
1808 1353 1868 1389 ἀπ’
1887 1353 1984 1401 ἐμοῦ.
2000 1353 2083 1393 Πῶς
2103 1349 2170 1401 γὰρ
2187 1351 2247 1387 οὒκ
2264 1349 2406 1395 ἄτοπον,

1385 1413 1467 1451 ὅταν
1488 1415 1518 1451 οἱ
1536 1412 1598 1463 μὲν
1614 1413 1752 1465 οὐρανοὶ
1770 1413 1959 1462 διηγῶνται
1979 1411 2076 1454 δόξαν
2094 1412 2186 1449 Θεοῦ
2198 1439 2207 1457 ,
2224 1409 2264 1447 σὺ
2285 1409 2320 1447 δὲ
2333 1440 2342 1457 ,
2361 1410 2403 1446 δι’

1387 1474 1422 1511 ὃν
1451 1477 1481 1511 οἱ
1501 1473 1640 1526 οὐρανοὶ
1658 1476 1688 1511 οἱ
1719 1472 1914 1516 δοξάζοντες
1933 1472 2088 1524 ἐγένοντο
2102 1502 2110 1518 ,
2128 1476 2272 1509 τοιαῦτα
2293 1470 2407 1522 πράτ-

1386 1550 1456 1579 τεις
1471 1536 1517 1578 ὡς
1535 1536 1817 1586 βλασφημεῖσθαι
1832 1533 1888 1571 διὰ
1905 1533 1942 1570 σὲ
1958 1533 2016 1571 τὸν
2032 1532 2228 1579 ποιήσαντά
2245 1548 2283 1570 σε
2299 1531 2405 1578 Θεόν,

1386 1596 1455 1633 Διά
1473 1611 1525 1633 τοι
1543 1598 1644 1633 τοῦτο
1664 1597 1724 1633 οὐκ
1745 1597 1872 1637 ἐκεῖνος
1893 1593 1994 1643 μόνον
2020 1597 2036 1632 ὃ
2062 1591 2408 1646 βλασφημῶν,’;ἀλλὰ

1387 1660 1446 1699 καὶ
1463 1659 1504 1697 σὺ
1523 1660 1642 1698 λοιπὸν
1671 1659 1855 1703 ὑπεύθυνος
1878 1653 1909 1697 εἷ
1926 1662 1987 1705 τῆς
2006 1658 2194 1701 κολάσεως.
2222 1658 2312 1696 Οὐδὲ
2341 1656 2409 1710 γὰρ

1387 1724 1418 1759 οἱ
1437 1721 1574 1773 οὐρανοὶ
1595 1719 1710 1772 φωνὴν
1731 1719 1887 1772 ἀφιέντες
1907 1720 1925 1732 “
1944 1719 1958 1732 ’
1974 1720 2003 1743 ‘⁷

1904 1735 2081 1764 οοςαςουσι
2109 1720 2166 1758 τὸν
2195 1719 2304 1767 Θεὸν,
2331 1720 2408 1758 ἀλλ’

1387 1782 1521 1834 ἑτέρους
1536 1781 1592 1819 διὰ
1611 1785 1673 1828 τῆς
1688 1782 1798 1834 ὄψεως
1815 1783 1861 1825 εἷς
1875 1786 1975 1820 τοῦτο
1990 1780 2311 1833 παρασκευάζοντες
2325 1811 2335 1828 ,
2351 1779 2411 1818 καὶ

1387 1844 1481 1893 ὅμως
1512 1843 1607 1881 αὐτοὶ
1631 1843 1791 1894 λέγονται
1820 1843 2014 1893 διηγεῖσθαι
2045 1841 2143 1885 δόξαν
2173 1843 2280 1879 Θεοῦ.
2308 1840 2412 1878 Οὕτω

1390 1905 1449 1943 καὶ
1463 1906 1493 1943 οἱ
1513 1904 1747 1958 παρεχόμενοι
1766 1906 1839 1955 βίον
1864 1903 2065 1953 θαυμαστὸν
2079 1933 2089 1950 ,
2109 1902 2172 1941 κᾶν
2195 1905 2339 1952 σιγῶσι,
2354 1901 2412 1940 τὸν

1390 1966 1480 2004 Θεὸν
1501 1964 1709 2011 δοξάζουσιν,
1728 1964 1852 2017 ἑτέρων
1870 1965 1913 2001 δι’
1933 1964 2053 2006 αὐτοὺς
2071 1964 2172 2002 αὐτὸν
2189 1963 2409 2007 δοξαζόντων.

1390 2027 1443 2064 Οὐ
1462 2025 1530 2078 γὰρ
1550 2025 1658 2069 οὕτως
1678 2024 1747 2063 ἀπὸ
1773 2029 1832 2062 τοῦ
1853 2026 1995 2077 οὐρανοῦ
2020 2024 2251 2074 θαυμάζεται,
2278 2026 2324 2066 ὡς
2346 2023 2415 2061 ἀπὸ

1394 2089 1468 2138 βίου
1494 2091 1657 2138 καθαροῦ.
1685 2085 1800 2124 ζὈταν
1831 2090 1911 2137 γοῦν
1940 2086 2024 2138 πρὸς
2042 2086 2218 2132 ἽΞλληνας
2244 2085 2413 2136 διαλεγώ-

1394 2152 1495 2198 μεθα,
1518 2149 1555 2186 οὗ
1573 2149 1630 2186 τὸν
1651 2148 1790 2198 οὐρανὸν
1807 2150 1854 2191 εἷς
1872 2146 1975 2197 μέσον
1994 2146 2213 2197 παράγομεν,
2232 2146 2322 2185 ἀλλὰ
2338 2146 2416 2189 τοὺς

1349 2226 1373 2255 1)
1394 2210 1614 2261 ἀνθρ(ι’)πους,
1646 2209 1702 2251 οὒς
1728 2209 1855 2260 θηρίων
1885 2214 2002 2260 χεῖρον
2032 2207 2269 2258 διακειμένους
2299 2207 2416 2246 ἔπεισε

1393 2271 1549 2320 γενέσθαι
1577 2270 1787 2321 ἐφαμίλλους
1814 2268 1983 2320 ἀγγέλοις.
2003 2269 2073 2306 Καὶ
2105 2268 2235 2315 ταύτην
2260 2268 2417 2319 λέγοντες

1394 2330 1457 2376 τὴν
1479 2329 1696 2380 μεταὲολὴν,
1714 2329 1957 2380 ἐμφράττομεν
1975 2330 2087 2366 αὐτῶν
2108 2327 2151 2364 τὰ
2173 2328 2341 2378 στόματα.

1449 2452 1519 2491 Καὶ
1536 2451 1603 2503 γὰρ
1622 2450 1710 2489 πολὺ
1730 2451 1875 2501 βελτίων
1898 2454 1957 2489 τοῦ
1984 2452 2125 2503 οὐρανοῦ
2146 2451 2342 2504 ἅνθρωπος,
2359 2451 2419 2489 καὶ

1398 2514 1539 2552 δύναται
1564 2511 1811 2565 λαμπροτέραν
1840 2515 1900 2548 τοῦ
1921 2511 2068 2554 κάλλους
2097 2513 2199 2549 αὐτοῦ
2227 2515 2418 2558 κεκτῆσθαι

1399 2575 1526 2627 ψυχήν.
1546 2567 1658 2616 Οὗτος
1677 2572 1737 2623 μὲν
1755 2572 1822 2624 γὰρ
1842 2571 2013 2625 ὁρώμενος
2031 2571 2088 2610 ἐπὶ
2103 2576 2262 2611 τοσοῦτον
2283 2572 2419 2625 χρόνον,

1401 2638 1438 2674 οὗ
1459 2634 1590 2687 σφόδρα
1608 2634 1724 2672 ἔπεισε
1742 2650 1749 2657 ·
1764 2633 1904 2676 Παῦλος
1928 2633 1964 2671 δὲ
1988 2632 2101 2683 ὀλίγον
2118 2633 2268 2684 κηρύξας
2284 2634 2420 2687 χρόνον,

1401 2695 1463 2743 τὴν
1495 2694 1699 2744 οἰκουμένην
1733 2693 1960 2745 ἐφειλκύσατο
1981 2700 2111 2732 πᾶσαν.
2147 2694 2218 2732 Καὶ
2248 2694 2314 2746 γὰρ
2342 2695 2421 2733 ἐκέ-

1402 2777 1508 2808 κτητο
1533 2759 1647 2813 ψυχὴν
1676 2763 1735 2797 τοῦ
1759 2762 1903 2812 οὐρανοῦ
1933 2761 1996 2813 οὐχ
2015 2759 2162 2808 ἥττονα,
2192 2761 2324 2805 πάντας
2345 2763 2423 2800 ἐπι-

1404 2828 1604 2867 σπάσασθαι
1624 2826 1828 2877 δυναμένην.
1846 2826 1890 2863 ‘H
1909 2825 1971 2876 μὲν
1989 2826 2056 2879 γὰρ
2083 2826 2237 2878 ἡμετέρα
2257 2827 2333 2865 οὐδὲ
2361 2830 2423 2873 τ’ῆς

1404 2899 1466 2946 γ’ἦς
1486 2897 1576 2932 ἔστιν
1598 2892 1695 2938 ἀξία,
1712 2897 1733 2939 ἦ
1755 2892 1790 2930 δὲ
1811 2892 1939 2931 ἐκείνου
1964 2892 2023 2930 καὶ
2043 2896 2112 2930 τῶν
2140 2895 2293 2944 οὐρανῶν
2319 2896 2423 2932 ἀντα-

1405 2963 1470 3007 ξία,
1499 2955 1611 3004 Οῧτος
1640 2959 1700 3010 μὲν
1731 2960 1798 3012 γὰρ
1831 2958 1958 3004 ἕστηκε
1991 2959 2048 2997 τὸν
2086 2961 2208 2997 οἰκεῖον
2241 2960 2424 3011 φυλάττων

1405 3028 1483 3080 ὅρον
1514 3027 1573 3065 καὶ
1606 3026 1663 3063 τὸν
1697 3026 1826 3063 κανόνα
1844 3041 1849 3046 ·
1868 3029 1931 3071 τῆς
1965 3025 2095 3062 ἐκείνου
2130 3027 2246 3078 ψυχῆς
2274 3026 2313 3065 τὸ
2344 3027 2427 3079 ὕψος

1406 3095 1563 3136 ἅπαντας
1581 3092 1732 3144 ὓπερέὸη
1753 3091 1831 3134 τοὺς
1852 3090 2034 3142 οὐρανοὺς,
2051 3092 2110 3130 καὶ
2127 3094 2219 3144 αὐτῷ
2239 3095 2353 3143 ὁμιλεῖ
2377 3096 2427 3145 τῷ

1405 3162 1550 3213 Χριστῷ
1567 3175 1574 3183 ·
1593 3158 1653 3196 καὶ
1673 3157 1712 3195 τὸ
1732 3159 1859 3199 κάλλος
1878 3157 1913 3193 δὲ
1934 3160 2040 3204 αὐτῆς
2055 3161 2207 3197 τοιοῦτον
2227 3153 2283 3207 ἦν,
2303 3163 2349 3203 ὡς
2368 3159 2427 3197 καὶ

1405 3227 1462 3265 τὸν
1486 3226 1574 3265 Θεὸν
1603 3223 1853 3277 ἀνακηρύττειν
1885 3224 1979 3262 αὐτό.
2006 3224 2063 3262 Τὰ

2094 3225 2155 3275 μὲν
2177 3226 2242 3277 γὰρ
2263 3226 2375 3277 ἄστρα
2396 3229 2427 3263 οἱ

1409 3294 1547 3345 ἄγγελοι
1563 3291 1760 3341 ἐθαύμασαν
1780 3290 1836 3329 ὅτε
1858 3290 1990 3341 ἐγένετο
2008 3306 2014 3313 ·
2031 3296 2147 3330 τοῦτον
2166 3292 2200 3330 δὲ
2216 3293 2316 3336 αὐτὸς
2330 3293 2427 3330 ἐθαύ-

1470 3416 1484 3437 t·
1502 3409 1614 3454 [Quod
1627 3407 1799 3451 legendum
1814 3406 2044 3451 suspicabatur
2056 3408 2208 3450 Seu-ilius,
2220 3414 2336 3452 filssze„
2350 3420 2428 3441 con-

1423 3462 1534 3495 firmat
1547 3464 1581 3495 A.
1599 3460 1685 3493 Edd.
1701 3466 1739 3499 εἰς
1753 3461 1842 3503 βας]
