2502 3810
175 1093 183 1100 ο

133 1108 154 1119 21
186 1116 189 1119 .
240 1106 283 1133 17.

99 1134 153 1164 50.

103 1262 194 1297 fisal.
218 1272 293 1301 116,

99 1391 177 1416 lsai.
214 1400 258 1420 11.

102 1438 148 1456 ιο.

315 191 404 251 798
778 208 815 236 s.

310 299 405 338 sent,
423 299 462 327 tu
476 304 560 327 vero
576 304 687 339 neque
706 291 797 327 hanc
815 290 985 339 habebas,
998 289 1061 327 sed
1077 303 1123 326 ex
1142 289 1216 327 sola
1231 289 1291 326 be-

309 350 479 399 nignitate
493 350 605 387 salute
619 350 770 387 donatus
782 350 998 388 es.Ta1netsi
1017 350 1090 387 illis
1107 349 1198 387 nihil
1214 364 1291 387 am-

306 409 402 460 plius
419 423 463 445 ex
475 409 708 459 promissione
735 424 961 448 accessurum
981 418 1069 460 erat,
1091 409 1160 447 nisi
1183 409 1292 448 adve-
1311 424 1335 454 E

306 469 411 505 nisset
424 467 599 506 Christus:
611 478 763 507 attamen
777 479 817 507 ut
834 470 915 508 illos
929 479 1112 522 temperet,
1126 483 1189 507 nec
1199 469 1293 507 sinat

305 530 488 579 insurgere
506 539 626 567 contra
652 530 826 578 infirmos,
856 531 1106 583 promissiones
1131 544 1291 568 comme-

305 598 418 626 morat
431 605 438 625 :
450 589 495 627 de
505 590 697 640 gentilibus
710 606 794 630 vero
806 592 906 639 dicit,
922 591 1021 643 quod
1034 605 1080 628 ex
1094 590 1292 629 misericor-

305 650 364 686 dia
377 649 491 687 solum
502 651 652 688 salutem
663 652 755 689 nacti
769 652 839 690 sint
851 651 1019 702 :ideoque
1033 652 1146 703 magis
1160 651 1291 689 debent

304 712 421 748 Deum
444 711 657 762 glorificare.
683 713 808 751 Gloria
830 722 950 751 autem
966 715 1042 750 Deo
1061 722 1127 762 est,
1146 713 1295 763 quando>

303 771 559 822 coadunamur,
575 773 717 823 quando
731 774 935 825 jungimur,
955 773 1097 824 quando
1114 773 1292 811 unanimi-

302 841 356 869 ter
371 832 474 870 illum
489 834 721 882 celebramus,
733 835 874 886 quando
888 835 1073 872 infirmum
1089 843 1288 888 portamus,

302 893 444 943 quando
470 895 667 947 abruptum
701 897 901 934 membrum
923 910 993 934 non
1013 895 1288 934 contemnimus.

300 955 441 993 Deinde
457 965 489 993 et
514 957 712 995 testimonia
738 957 890 1004 inducit,
912 959 947 995 in
973 958 1102 1008 quibus
1135 957 1345 1011 ostendit726

302 1016 468 1067 conjungi
500 1016 628 1054 debere
656 1019 676 1056 J
681 1016 798 1055 udaeos
842 1018 964 1056 fideles
995 1032 1076 1055 cum
1099 1017 1291 1068 gentilibus
1310 1024 1336 1052 A

302 1077 538 1127 credentibus,
554 1078 602 1115 ita
621 1077 873 1116 dicens:Sicut
891 1082 1074 1130 scripturn
1089 1087 1143 1116 est
1160 1093 1170 1113 .·
1185 1079 1288 1115 Pro—

299 1146 432 1187 pterea
457 1139 670 1189 confitebor
689 1141 757 1176 tibi
771 1142 812 1175 in
840 1141 1030 1190 gentibus,
1054 1140 1234 1184 Domine,
1252 1148 1290 1177 et

302 1201 450 1235 nomini
472 1207 536 1235 tuo
555 1202 723 1237 cantabo
739 1216 753 1244 ,·
779 1201 841 1238 10.
861 1209 910 1246 et,
931 1202 1140 1237 Loetamini
1156 1208 1289 1251 gentes

303 1274 390 1298 cum
409 1261 551 1312 populo
570 1263 676 1312 ejus;
699 1263 762 1298 11.
785 1270 835 1307 et,
859 1262 1037 1299 Laudate
1058 1274 1188 1298 omnes
1201 1275 1290 1312 gen-

303 1331 357 1359 tes
371 1323 597 1368 Dominum,
607 1330 643 1358 et
653 1322 875 1359 collaudate
890 1336 975 1358 eum
988 1335 1118 1359 omnes
1131 1321 1287 1372 populi,-

304 1385 365 1420 457..
383 1391 432 1428 et,
448 1383 538 1419 Erit
553 1383 668 1418 radix
684 1383 820 1431 Jessoe,
839 1391 874 1418 et
892 1385 958 1431 qui
977 1389 1155 1433 exsurget
1170 1383 1290 1431 impe-

301 1457 390 1479 rare
413 1444 613 1494 gentibus:
629 1445 669 1478 in
689 1444 770 1493 ipso
795 1450 926 1493 gentes
950 1444 1172 1492 sperabunt.
1204 1440 1288 1478 Haec

301 1516 406 1554 porro
439 1503 559 1539 omnia
578 1501 765 1553 produxit,
780 1501 965 1539 ostendens
981 1501 1076 1553 ipsos
1092 1501 1218 1538 debere
1241 1501 1288 1537 si-

303 1565 377 1601 mul
398 1563 564 1615 conjungi
581 1573 613 1600 et
635 1563 836 1614 glorificare
865 1565 1003 1613 Deum,
1025 1562 1204 1612 simulque
1224 1563 1288 1600 Ju-

299 1625 415 1662 dzeum
432 1624 608 1676 reprimit,
625 1638 668 1661 ne
689 1633 807 1661 contra
823 1624 990 1675 gentilem
1006 1624 1183 1674 insurgat,
1205 1636 1287 1659 cum

299 1685 482 1737 prophetie
515 1698 634 1723 omnes
660 1684 806 1736 gentiles
837 1684 1037 1734 advocent,
1061 1684 1199 1734 illique,
1225 1684 1287 1734 qui

299 1761 342 1783 ex
375 1746 538 1797 gentibus
558 1754 623 1795 est,
644 1745 801 1783 modeste
827 1759 930 1796 agere
945 1745 1081 1795 suadet,
1099 1742 1287 1783 ostendens

300 1807 404 1844 illum
423 1807 549 1858 majori
566 1821 638 1844 esse
657 1806 779 1857 gratiae
798 1806 1007 1844 obnoxium.

350 1871 388 1905 (Ξ).
407 1868 546 1905 Deinde
556 1881 752 1905 sermonem
765 1881 888 1905 rursus
902 1867 937 1905 in
948 1867 1188 1919 precationem
1200 1881 1282 1906 con-

298 1929 426 1979 cludit,
444 1929 581 1966 dicens:
605 1930 665 1966 15.
686 1930 792 1966 Deus
811 1942 903 1966 vero
920 1932 1000 1980 spei
1028 1929 1188 1980 impleat
1214 1943 1286 1967 vos

300 1996 405 2030 omni
418 1994 562 2044 gaudio
578 2001 614 2029 et
627 2006 723 2043 pace
737 1995 777 2028 in
791 1993 995 2037 credendO,
1020 2001 1061 2029 ut
1081 1993 1287 2030 abundetis

300 2058 342 2091 in
357 2069 422 2105 spe
438 2057 479 2090 in
493 2057 638 2091 virtute
651 2054 814 2104 Spiritus
831 2056 972 2092 sancti.
995 2053 1037 2090 Id
1053 2062 1119 2103 est,
1139 2062 1178 2090 ut
1192 2054 1287 2091 libe-

299 2116 424 2153 remini
439 2116 484 2152 ab
505 2115 571 2152 hac
593 2125 718 2152 mutua
740 2114 833 2163 rixa,
855 2124 888 2152 et
905 2128 1100 2165 numquam
1121 2129 1141 2152 a
1166 2124 1288 2153 tenta—

299 2176 456 2214 tionibus
467 2175 706 2227 dejiciamini:
722 2174 790 2212 hoc
803 2176 883 2221 erit,
902 2175 931 2212 si
946 2189 1009 2212 vos
1023 2175 1291 2214 abundaveritis

301 2238 338 2274 in
363 2251 437 2288 spe.
459 2236 533 2274 Hoc
553 2245 670 2273 autem
702 2236 862 2273 omnium
893 2249 997 2273 causa
1019 2245 1069 2273 est
1098 2237 1286 2274 bonorum.

305 2299 380 2336 Hoc
400 2313 418 2335 a
438 2298 575 2349 Spiritu
589 2306 708 2335 saneto
727 2297 794 2334 erit
810 2313 818 2333 τ
833 2311 896 2334 nec
912 2297 1122 2349 simpliciter
1139 2312 1159 2334 a
1175 2298 1291 2349 Spiri-

306 2371 344 2398 tu
365 2370 496 2409 sancto,
516 2359 577 2397 sed
591 2360 619 2397 si
640 2374 693 2409 ea,
712 2373 789 2409 quae
804 2373 910 2411 penes
929 2374 992 2397 nos
1009 2368 1105 2409 sunt,
1124 2361 1289 2398 confera—

307 2437 400 2460 mus.
420 2421 507 2459 Ideo
527 2421 590 2469 ait,
614 2423 663 2457 In
691 2421 881 2457 credendo
897 2436 908 2456 :
941 2420 992 2457 sic
1021 2420 1114 2457 enim
1148 2421 1293 2472 potestis

310 2480 438 2532 repleri
461 2479 605 2531 gaudio,
626 2479 654 2516 si
679 2479 842 2525 credatis,
877 2479 905 2516 si
937 2479 1095 2531 speretis.
1128 2478 1198 2516 Sed
1223 2493 1293 2516 non

310 2542 420 2591 dixit,
443 2541 481 2579 Si
503 2541 662 2599 speretis,
686 2539 759 2589 sed,
779 2539 819 2578 Si
839 2541 1044 2577 abundetis
1067 2542 1108 2577 in
1129 2553 1193 2591 spe
1211 2556 1226 2584 ,·
1246 2539 1295 2576 ita

310 2611 349 2639 ut
369 2615 437 2638 non
457 2601 561 2638 modo
595 2599 865 2637 consolationem
891 2599 1067 2636 malorum
1095 2599 1291 2651 reperiatis,
1316 2605 1341 2636 G

311 2662 371 2700 sed
387 2671 419 2700 ct
438 2661 566 2713 gaudio
578 2659 759 2698 exsultetis
773 2668 918 2711 propter
934 2658 1192 2697 abundantiam
1207 2658 1295 2697 fidei

311 2732 343 2760 et
365 2722 452 2774 spei.
473 2722 532 2760 Sic
551 2731 583 2759 et
602 2720 778 2773 Spiritum
798 2720 981 2757 attrahetis
998 2735 1005 2756 :
1037 2720 1087 2758 sic
1106 2729 1295 2772 postquam

311 2784 372 2821 ille
385 2782 578 2829 advenerit,
594 2783 689 2819 bona
700 2781 817 2818 omnia
835 2780 1036 2818 servabitis.
1055 2780 1296 2828 Quemadmo-

313 2845 400 2881 dum
433 2844 527 2881 enim
557 2844 669 2881 vitam
701 2851 857 2879 nostram
888 2855 965 2878 esca
993 2841 1160 2887 continet,
1192 2850 1297 2892 atque

312 2906 404 2942 hanc
424 2905 499 2941 vita
512 2903 690 2954 dispensat
708 2918 715 2938 :
739 2902 789 2940 sic
805 2902 833 2939 si
852 2902 945 2939 hona
960 2902 1153 2939 habeamus
1175 2916 1296 2954 opera,

312 2966 487 3018 Spiritum
502 2964 712 3002 habebimus
731 2978 738 2998 :
755 2963 782 3000 si
795 2963 969 3014 Spiritum
983 2962 1188 3011 habeamus,
1202 2963 1294 3001 bona

309 3027 520 3065 habebimus
539 3039 656 3078 opera3
676 3025 767 3062 sicut
785 3038 803 3061 e
822 3024 1008 3072 contrario,
1030 3024 1097 3061 nisi
1111 3037 1216 3075 opera
1231 3024 1294 3062 ha-

310 3090 472 3137 beamus,
487 3087 644 3139 Spiritus
653 3086 786 3124 ax‘olat.
802 3085 839 3123 Si
856 3094 974 3123 autem
988 3099 1006 3122 a
1022 3085 1160 3137 Spiritu
1173 3094 1292 3123 sancto

312 3149 413 3187 vacui
430 3148 612 3197 fuerimus,
633 3147 737 3185 etiam
757 3146 847 3184 circa
864 3160 968 3198 opera
983 3145 1264 3184 claudicabimus
1284 3162 1289 3183 :

353 3297 364 3309 ⁰
390 3288 479 3318 [nus
495 3286 578 3317 Cod.
596 3291 639 3318 ἐτι
657 3289 727 3326 ἐλέῳ
746 3290 776 3318 ἐς

313 3353 354 3369 ,γι
371 3344 444 3367 :uite
461 3338 729 3377 correctionem]

996 3312 997 3316 ,
1019 3285 1087 3326 [Sic
1106 3283 1308 3327 A.,sed,1i,³-

780 3290 986 3328 '1⁴9q7m'uiup

852 206 1036 237 ῙΟᾹΝΝΙΞ
1071 205 1310 234 (ΖΗΒΥ505Τ«
1350 203 1556 236 ARCHIEP.
1594 208 1948 240 CONSTANTINOP-

1360 289 1444 333 πίας
1462 291 1594 337 ἐσώθης
1611 293 1728 342 μόνης.
1747 295 1791 331 Εἰ
1818 294 1877 331 καὶ
1899 295 1943 333 τὰ
1963 295 2116 344 μάλιστα
2138 295 2214 333 οὐδὲ
2242 295 2383 338 ἐκείνοις

1360 365 1394 387 τι
1415 350 1519 388 πλέον
1539 352 1676 403 ἐγένετο
1695 353 1764 391 ἀπὸ
1788 357 1850 399 τῆς
1870 355 2080 405 ἐπαγγελίας
2094 385 2103 401 ,
2121 359 2149 393 εἷ
2167 356 2216 407 μὴ
2229 357 2383 408 παρεγέ-

1360 426 1436 448 νετο
1455 414 1472 448 ὅ
1493 412 1664 462 Χριστός·
1688 415 1765 451 ἀλλ’
1787 413 1882 463 ὅμως
1915 413 1971 452 ἵνα
2004 414 2128 458 αὐτοὺς
2149 416 2300 467 κεράσῃ,
2324 416 2384 454 καὶ

1361 472 1574 524 συγχωρήσῃ
1600 473 1914 521 κατεξανίστασθαι
1933 478 2002 512 τῶν
2023 477 2188 522 ἀσθενῶν,
2210 477 2387 526 μέμνηται

1360 534 1429 568 τῶν
1441 535 1657 584 ἐπαγγελιῶν
1668 550 1675 557 ·
1688 534 1768 586 περὶ
1787 535 1822 573 δὲ
1835 534 1967 573 τούτων
1978 535 2095 587 φησὶν,
2107 536 2180 574 εὸτι
2200 536 2286 575 ἐλέει
2301 538 2383 575 ἐσώ-

1362 596 1469 638 θησαν
1491 593 1584 646 μόνῳ
1598 610 1605 618 ·
1623 596 1674 633 διὸ
1692 596 1752 633 καὶ
1773 595 1901 633 δίκαιοι
1922 595 1961 633 ἂν
1979 590 2045 633 εἷεν
2067 598 2221 646 μάλιστα
2237 596 2385 642 δοξάζειν

1359 653 1416 691 τὸν
1434 654 1536 692 Θεόν.
1553 655 1644 699 Δόξα
1657 656 1693 694 85
1716 658 1798 707 Θεῷ
1814 686 1823 703 ,
1844 656 1882 693 τὸ
1902 660 2071 708 συνῆφθαι
2084 688 2093 704 ,
2109 657 2148 695 τὸ
2159 659 2331 705 ἡνῶσθαι,
2347 659 2387 696 τὸ

1360 714 1580 763 ὁμοθυμαδὸν
1598 717 1779 767 εὐφημεῖν,
1795 716 1835 754 τὸ
1853 717 2037 767 βαστάζειν
2054 718 2109 755 τὸν
2128 718 2384 771 ἀσθενέστερον,

1320 828 1323 829 V
1360 774 1399 812 το
1419 774 1467 824 μὴ
1488 783 1653 829 περιορᾷν
1675 776 1980 828 ἀπορρηγνύμενον
2009 778 2048 816 τὸ
2069 778 2182 829 μέλος.
2202 773 2291 816 Εἶτα
2326 779 2384 817 καὶ

1362 836 1554 888 μαρτυρίας
1573 837 1715 888 ἐπάγει,
1735 839 1769 875 ἐν
1791 832 1843 881 αῖς
1867 838 2051 885 δείκνυσιν,
2068 838 2121 876 ὅτι
2140 840 2191 878 δεῖ
2212 843 2384 892 συνῆφθαι

1360 896 1437 940 τοὺς
1470 898 1505 941 ἐξ
1526 897 1704 935 Ἰουδαίων
1722 905 1791 941 τοῖς
1825 898 1859 943 ἐξ
1888 901 2008 944 ἐθνῶν,
2037 899 2125 937 οὕτω
2157 900 2286 952 λέγων·
2310 903 2382 939 Ka*

1361 956 1427 1001 θὼς
1463 957 1676 1011 γέγραπται·
1711 958 1779 997 Διὰ
1811 963 1913 997 τοῦτο
1951 959 2252 1011 ἐξομολογήσομαί
2277 977 2330 999 σοι
2349 962 2385 998 ἐν

1360 1018 1492 1066 ἔθνεσι,
1515 1019 1640 1071 Κύριε,
1663 1020 1723 1058 καὶ
1741 1022 1791 1071 τῷ
1808 1020 1954 1070 ὀνόματί
1983 1036 2043 1058 σου
2073 1023 2175 1073 ψαλῶ
2191 1037 2198 1044 ·
2217 1022 2298 1070 καὶ,
2316 1024 2386 1061 Εὖ-

1360 1079 1533 1130 φράνθητε
1553 1081 1630 1126 ἔθνη
1649 1080 1739 1131 μετὰ
1759 1086 1818 1119 τοῦ
1829 1082 1913 1118 λαοῦ
1934 1082 2052 1120 αὐτοῦ·
2069 1082 2140 1128 καὶ,
2154 1084 2290 1121 Αἰνεῖτε
2304 1083 2387 1122 πάν-

1358 1156 1401 1178 τα
1426 1139 1469 1177 τὰ
1498 1140 1576 1188 ἔθνη
1593 1141 1651 1179 τὸν
1673 1141 1813 1194 Κύριον,
1833 1142 2063 1180 ὃέπαινέσατε
2089 1144 2191 1182 αὐτὸν
2211 1144 2337 1188 πάντες
2352 1148 2383 1183 οἳ

1358 1200 1460 1239 λαοί·
1481 1201 1563 1247 καὶ,
1584 1201 1750 1240 ’Έσταιε
1733 1218 1754 1247 η
1783 1202 1860 1278 Ξὶίζα
1883 1218 1941 1240 του
1963 1202 2113 1250 Ἰεσσαί,
2131 1204 2223 1242 καὶὸ
2245 1204 2385 1241 ἀνιστά-

1361 1277 1460 1312 μενος
1488 1262 1608 1315 ἄρχειν
1630 1265 1758 1301 ἐθνῶν·
1779 1264 1833 1301 ἐπ’
1857 1264 1950 1300 αὖτω
1972 1263 2050 1310 θένη
2072 1266 2239 1302 ἐλπιοῦσι.
2260 1265 2385 1301 Ταυτα

1360 1322 1395 1359 δὲ
1430 1322 1547 1360 πάντα
1578 1338 1782 1374 παρηγαγε,
1814 1323 1943 1366 δεικνυς
1972 1323 2026 1361 ὅτι
2064 1325 2114 1361 δεῖ
2140 1327 2293 1369 ἡνωσθαι
2326 1339 2384 1361 και

1360 1382 1415 1420 δοῖ
1407 1383 1511 1426 άζειν
1542 1399 1599 1420 τον
1622 1383 1761 1430 Θεὸν,ε
1748 1400 1834 1433 ομου
1863 1399 1920 1421 και
1938 1383 1995 1421 τὸν
2027 1384 2061 1428 ἐξ
2078 1384 2254 1421 Ιουδαίων
2274 1400 2385 1421 κατα-

1360 1443 1526 1489 στέλλων,
1549 1442 1605 1480 ἵνα
1627 1442 1674 1492 μὴ
1707 1443 1894 1494 ἐπαίρηται
1924 1444 2014 1481 κατὰ
2044 1444 2186 1489 τούτου,
2208 1447 2276 1481 τῶν
2297 1460 2384 1496 προ-

1359 1519 1428 1555 φητ
1416 1519 1476 1541 ων
1496 1503 1636 1541 πάντων
1655 1502 1796 1546 τούτους
1814 1503 2026 1551 καλουντων,
2061 1503 2120 1542 καὶ
2140 1505 2197 1542 τὸν
2219 1504 2253 1548 ἐξ
2278 1506 2382 1541 ἐθνῶν

1358 1565 1484 1601 πείθων
1500 1563 1708 1615 μετριάζειν,
1729 1581 1778 1615 τῳ
1802 1563 1909 1608 δεῖξαι
1930 1565 2086 1609 πλείονος
2101 1565 2284 1604 ὑπεύθυνον
2301 1565 2386 1604 ὄντα

1357 1625 1514 1677 χάριτος

1414 1862 1503 1906 Eira
1537 1868 1642 1906 πάλιν
1670 1869 1726 1906 ἐπὶ
1751 1868 1855 1920 εὐχὴν
1872 1868 2072 1906 κατακλείει
2095 1868 2152 1906 τὸν
2185 1867 2298 1920 λόγον,
2328 1868 2385 1907 λε’-

1358 1945 1445 1979 γων·
1465 1928 1509 1966 Ὁ
1530 1929 1565 1967 δὲ
1595 1929 1684 1972 Θεὸς
1703 1932 1764 1975 τῆς
1784 1929 1919 1972 ἐλπίδος
1947 1929 2132 1980 πληρώσαι
2152 1932 2242 1979 ὑμᾶς
2268 1929 2386 1976 πάσης

1358 1995 1470 2041 χαρᾶς
1497 1990 1555 2026 καὶ
1588 1990 1727 2041 εἰρήνης
1761 1991 1795 2026 ἐν
1827 1993 1876 2041 τῷ
1909 1990 2098 2037 πιστεύειν,
2118 1992 2164 2033 εἷς
2190 1990 2228 2028 τὸ
2258 2006 2381 2042 περισ-

1359 2050 1470 2088 σεύειν
1491 2052 1524 2087 ἐν
1547 2053 1589 2101 τῇ
1621 2049 1753 2097 ἐλπίδι,
1786 2052 1820 2087 ἐν
1853 2051 1997 2100 δυνάμει
2032 2050 2237 2101 Πνεύματος
2272 2050 2384 2099 ἁγίου.

1359 2110 1563 2157 Τουτεστιν,
1582 2112 1700 2148 ἀπα7λ
1704 2127 1724 2147 α
1726 2111 1842 2161 ,sei-1355
1858 2114 1919 2157 τῆς
1934 2112 2018 2162 πρὸς
2035 2112 2207 2157 ἀλλήλους
2223 2111 2384 2161 ἀθυμίας,

1360 2188 1419 2208 και
1448 2171 1496 2222 μὴ
1529 2187 1596 2209 κατ
1599 2172 1744 2219 αοὶηθεί
1746 2172 1808 2216 ητέ
1841 2188 1908 2209 πε-
1896 2188 1925 2209 ε
1957 2171 2024 2209 ὑπὸ
2057 2174 2125 2209 τῶν
2161 2187 2384 2223 πειρασμῶν·

1360 2236 1461 2270 τοῦτο
1483 2232 1556 2270 δὲ”
1538 2248 1670 2270 εσταιε
1673 2249 1690 2268 ν
1720 2236 1769 2270 τῶ
1793 2258 1812 2271 ,
1789 2249 2005 2284 τερισσευειν
2025 2235 2116 2282 ὑμας
2139 2234 2173 2269 ἐν
2192 2236 2234 2283 τῇ
2259 2232 2386 2270 ἐλπίδι,

1361 2296 1393 2331 Τ
1396 2294 1412 2330 ὸ
1433 2292 1468 2330 85
1489 2293 1628 2330 πάντων
1645 2292 1753 2329 αἴτιον
1767 2296 1834 2329 τῶν
1851 2295 1989 2342 ἀγαθῶν
2005 2297 2120 2331 τοῦτο.
2132 2294 2164 2330 Τ
2167 2296 2246 2330 οῖίτο
2267 2292 2302 2329 85
2317 2292 2387 2330 ἀπὸ

1363 2353 1568 2403 Πνεύματος
1590 2353 1687 2390 ἔσται
1707 2352 1824 2403 ἁγίου·
1848 2354 1923 2390 ἀλλ’
1951 2354 2016 2403 οὐχ
2038 2354 2156 2396 ἁπλῶς
2177 2353 2246 2390 ἀπὸ
2272 2352 2387 2391 Πνεύ-

1365 2414 1584 2464 ματος,ἀλλ’
1617 2413 1674 2451 ἐὰν
1711 2413 1770 2450 καὶ
1802 2412 1846 2450 τὰ
1878 2415 1961 2464 παρ’
1992 2416 2092 2464 ἡμῶν
2124 2412 2386 2464 εἰσενέγκωμεν.

1364 2475 1432 2512 Δια
1446 2474 1548 2513 τουτό
1567 2489 1686 2526 φησιν,
1713 2474 1775 2511 [ἓν
1795 2489 1844 2510 τω
1865 2473 2064 2511 πιστεύειν·
2093 2474 2183 2511 οὕτω
2203 2473 2268 2550 γ>ὰρ
2290 2474 2388 2512 δύνα-

1366 2540 1424 2573 σθε
1459 2537 1687 2586 πληρωθῆναι
1715 2550 1846 2585 γαρας,
1880 2534 1937 2572 ἐὰν
1970 2550 2178 2581 πιστευητε,
2221 2534 2279 2572 εὰν
2325 2537 2385 2573 ἐλ-

2302 2594 2386 2634 Ἐὰν

1365 2673 1576 2708 περισσευητ
1579 2673 1593 2694 5
1623 2658 1656 2693 ἐν
1687 2672 1730 2707 τῃ
1766 2655 1896 2703 ἐλπίδι,
1925 2655 2015 2694 ὥστε
2053 2656 2100 2706 μὴ
2140 2657 2242 2706 μόνον
2270 2672 2386 2708 παρα-

1365 2596 1470 2642 πίζητ
1473 2611 1503 2633 ε.
1522 2595 1612 2634 Am(
1641 2597 1704 2633 οὐκ
1738 2598 1845 2640 εἶπεν,
1881 2594 1938 2632 ἐὰν
1974 2594 2156 2643 ἐλπίζντε,
2187 2596 2279 2642 ἀλλ’,

1369 2718 1492 2769 μυθίαν
1526 2720 1635 2769 εὑρεῖν
1668 2720 1735 2754 τῶν
1775 2717 1912 2764 δεινῶν,
1941 2716 2030 2754 ἀλλὰ
2062 2717 2121 2754 καὶ
2152 2716 2264 2769 χαρὰν
2293 2717 2386 2769 ἔχειν

1367 2779 1423 2818 διὰ
1450 2779 1512 2825 τὴν
1547 2777 1749 2830 περιουσίαν
1776 2780 1838 2823 τῆς
1857 2777 2008 2820 πίστεως
2048 2777 2107 2814 καὶ
2141 2780 2204 2823 τῆς
2235 2777 2386 2821 ἐλπίδος.

1367 2839 1472 2879 Οὕτω
1492 2839 1613 2877 καὶτὸ
1642 2840 1789 2888 Πνεῦμα
1808 2838 2064 2876 ἐπισπάσεσθε·
2094 2837 2185 2875 οὕτω
2213 2837 2272 2875 καὶ
2304 2836 2389 2875 ἐκεί-

1367 2918 1425 2941 νου
1460 2900 1760 2955 παραγενομένου,
1785 2899 1829 2937 t&
1858 2899 1971 2950 ἀγαθὰ
1998 2898 2226 2950 διατηρήσετε
2260 2898 2388 2936 πάντα.

1368 2963 1535 3014 Καθάπερ
1552 2962 1619 3013 γὰρ
1650 2960 1712 3006 τὴν
1746 2960 1836 3006 ζωὴν
1867 2962 1968 3009 ἡμῶν
2001 2964 2022 3005 ἡ
2049 2958 2158 3010 τροφὴ
2190 2959 2388 3009 διακρατεῖ,

1367 3024 1383 3044 b
1396 3024 1454 3062 καὶ
1472 3023 1602 3069 ταύτην
1620 3025 1642 3067 ἡ
1658 3020 1728 3067 ζωὴ
1746 3023 1918 3070 οἰκονομεῖ
1931 3035 1939 3042 ·
1956 3019 2063 3062 οὕτως
2078 3019 2136 3056 ἐὰν
2151 3018 2288 3070 {lm-“3“
2304 3019 2388 3070 ἔργα

1367 3084 1480 3135 ἀγαθὰ
1494 3112 1503 3128 ,
1522 3083 1561 3120 τὸ
1582 3084 1730 3132 Πνεῦμα
1750 3081 1869 3131 ἕξομεν
1884 3096 1891 3103 ·
1914 3079 1977 3117 κᾶν
2002 3080 2041 3117 τὸ
2065 3081 2214 3130 Πνεῦμα
2237 3080 2387 3131 ἔχωμεν,

1365 3146 1423 3183 καὶ
1457 3145 1543 3196 ἔργα
1573 3142 1691 3192 ἕξομεν
1725 3141 1855 3192 ἀγαθά·
1886 3143 2065 3191 ὡσπεροῢν
2086 3140 2144 3177 καὶ
2178 3140 2388 3184 τούναντίον,

1420 3296 1431 3307 ’·
1449 3284 1459 3324 ί
1474 3287 1521 3316 καὶ
1539 3285 1773 3316 ἑπαῑνεσάτωςαυ
1790 3280 1825 3310 Α.
1845 3285 1877 3309 et
1893 3289 1996 3320 marg.
2016 3277 2134 3319 Saril]

1421 3336 1435 3357 ¹·
1462 3336 1469 3374 l
1485 3338 1532 3366 καὶ
1549 3336 1642 3368 ransart,
1662 3337 1694 3364 ’.ὃ
1712 3339 1797 3372 σῶμα
1815 3334 2021 3371 οἰκονομεῖται,
2041 3327 2139 3360 iidem
2161 3330 2173 3369 ἶ)
