2502 3810
299 225 319 234 υ

291 227 381 271 080
762 238 798 267 s.

292 321 531 373 complurium
551 319 658 356 simul
697 318 872 356 honorum
905 318 1062 355 fructum
1089 315 1267 367 decerpes.

290 384 381 420 Nam
399 390 483 418 tunc
499 391 650 430 quoque,
665 392 746 415 cum
765 377 938 429 prodigus
953 377 1014 414 ille
1030 390 1192 414 reversus
1207 385 1272 424 est,
1295 382 1319 412 E

289 452 323 479 et
341 441 436 478 tibiae
460 449 493 477 et
515 439 657 476 citharae
677 448 710 475 et
733 438 847 485 chori,
869 438 989 476 thaliae
1005 447 1038 475 et
1055 436 1272 475 celebritates

290 501 456 538 aderant:
473 509 578 549 atque
593 499 635 543 is,
650 499 711 550 qui
730 513 750 536 a
772 499 848 536 filio
867 498 910 536 de
935 507 1009 535 tam
1025 497 1273 549 intempestivo

289 571 407 599 sumtu
420 560 533 610 deque
542 560 710 597 diuturna
718 560 801 610 fuga
812 560 962 597 rationes
972 558 1186 610 repetiturus
1202 572 1275 595 esse

289 621 496 666 videbatur,
513 620 604 657 nihil
621 620 826 671 hujusmodi
842 621 946 669 fecit,
964 619 1036 656 imo
1050 619 1154 656 illum
1174 617 1275 669 quasi

288 682 456 734 praeclare
475 695 548 719 sese
563 681 725 732 gessisset
745 681 1021 733 conspexitmec
1040 679 1146 716 modo
1172 678 1275 715 illum

288 742 407 781 verbis
417 756 485 780 non
498 741 705 793 increpavit,
717 755 780 778 nec
793 741 952 793 pristinae
965 741 1047 779 vitae
1063 738 1277 777 mentionem

290 803 394 850 fecit,
414 802 475 840 sed
500 803 663 854 perfusus
685 802 816 853 gaudio
836 802 1015 840 osculatus
1035 810 1100 850 est,
1122 800 1277 837 vitulum

290 863 470 911 mactavit,
482 872 516 900 et
535 864 623 900 stola
647 864 766 915 ipsum
785 863 916 913 induit,
930 863 1155 912 multumque
1177 860 1278 898 addi-

291 924 344 962 dit
359 933 534 962 ornatum.
553 924 619 961 His
636 938 718 975 ergo
740 924 912 976 exemplis
928 923 1104 971 instructi,
1121 921 1278 959 confida-

291 999 370 1022 mus
385 994 416 1022 et
431 999 474 1022 ne
486 984 723 1036 desperemus.
740 986 864 1036 Neque
879 985 973 1022 enim
992 984 1053 1021 ille
1069 983 1117 1021 ita
1137 983 1278 1020 laetatur

837 237 1019 267 JOANNIS
1061 235 1297 266 CHRYSOST.
1337 235 1525 265 ARCHIEP
1535 256 1542 264 .

1583 237 1664 266 CON
1672 237 1917 269 STANTINOP
1927 258 1935 267 .

1345 316 1491 367 ποιήσῃς
1524 320 1625 355 τοῦτο
1656 318 1789 369 ἡμέρας
1798 349 1809 366 ,
1835 322 1878 370 τῇ
1908 319 2006 371 τρίτῃ
2031 319 2258 371 εὐκολώτερον
2276 322 2363 358 ἀπο-

1346 375 1478 427 στήσῃ,
1507 377 1565 414 καὶ
1594 377 1682 427 μετὰ
1703 378 1764 421 τὰς
1794 385 1905 431 τρεῖς,
1931 380 1991 417 καὶ
2021 380 2104 417 δέκα
2134 379 2362 432 προσθήσεις,

1346 429 1421 472 εἶτα
1440 437 1580 484 εἴκοσιν,
1598 431 1671 475 εἶτα
1689 438 1822 486 ἑκατὸν,
1843 433 1916 477 εἶτα
1927 440 1983 477 τὸν
2007 439 2078 490 βίον
2099 440 2248 478 ἅπαντα.
2265 439 2365 491 εὈσῳ

1346 495 1412 547 γὰρ
1434 495 1472 533 ἂν
1493 497 1706 549 προὸαίνης,
1736 498 1964 553 εὐκολώτερον
1990 500 2066 552 ὄψει
2096 500 2158 546 τὴν
2188 500 2276 547 ὁδὸν,
2307 500 2366 537 καὶ

1346 558 1424 594 ςέπ’
1449 557 1555 604 αὐτὴν
1588 559 1698 610 στήσῃ
1731 558 1793 606 τὴν
1816 560 2059 612 κορυφὴν,’καὶ
2086 562 2224 599 πολλῶν
2245 559 2365 612 ἀθρόον

1349 617 1555 661 ἀπολαύσεις
1574 621 1641 656 τῶν
1662 622 1812 670 ἀγαθῶν.
1840 620 1941 657 Ἐπεὶ
1967 621 2026 658 καὶ
2045 620 2121 659 τότε
2133 652 2142 668 ,
2160 621 2216 658 ὅτε
2235 624 2252 658 ὃ
2274 620 2368 657 ἄσω-

1348 693 1404 720 τος
1435 679 1624 725 ἐπανῆλθεν
1662 681 1808 727 ἐκεῖνος,
1833 680 1892 718 καὶ
1924 681 2022 718 αὐλοὶ
2053 681 2112 718 καὶ
2134 681 2274 732 κιθάραι
2309 679 2368 717 καὶ

1347 739 1445 789 χοροὶ
1465 739 1523 776 καὶ
1544 740 1659 777 θαλίαι
1681 741 1740 778 καὶ
1757 740 1966 792 πανηγύρεις
1986 735 2092 787 ἦσαν·
2113 740 2172 778 καὶ
2186 743 2204 778 ὃ
2223 734 2368 792 ὀφείλων

1348 799 1435 851 ὑπὲρ
1450 803 1511 846 τῆς
1536 801 1678 852 ἀκαίρου
1702 801 1858 847 δαπάνης
1876 801 1936 839 καὶ
1958 804 2021 847 τἿς
2043 801 2130 839 οὕτω
2153 807 2288 852 μακρᾶς
2305 816 2370 852 φυ-

1349 863 1412 911 γῆς
1430 861 1487 899 τὸν
1504 863 1613 900 παῖδα
1641 864 1834 908 ἀπαιτῆσαι
1853 862 1965 910 δίκην,
1981 861 2074 900 οὐδὲν
2096 855 2225 900 τοῦτων
2245 861 2369 908 ἐποίη-

1352 936 1421 967 σεν,
1439 923 1514 959 ἀλλ’
1539 926 1585 965 ὡς
1605 924 1859 973 εὖδοκιμηκότα
1885 918 1951 961 εἶδε
1965 954 1974 970 ,
2003 923 2062 960 καὶ
2081 923 2155 961 οὐδὲ
2176 921 2282 974 μέχρι
2304 925 2370 973 ῥη-

1307 1015 1320 1031 2,
1354 982 1472 1020 μάτων
1501 984 1665 1022 ὀνειδίσαι
1697 987 1745 1021 τῶ
1778 984 1899 1031 παιδὶ,
1928 985 2058 1021 μᾶλλον
2081 983 2117 1021 δὲ
2148 982 2224 1020 οὐδὲ
2253 983 2371 1024 ἁπλῶς

1290 1015 1337 1039 5-8
1353 1020 1358 1033 ¹
1728 1023 1733 1036 ι
1927 1020 1933 1034 t

291 1058 372 1082 cum
386 1045 581 1092 Dominus,
601 1054 640 1082 ut
655 1059 737 1081 cum
755 1046 860 1082 Pater
878 1054 1051 1092 vocatur3
1071 1044 1278 1093 mavultque
1299 1052 1326 1080 A
1352 1043 1451 1081 αὐτὸν
1473 1047 1673 1094 ἀναμνῆσαι
1691 1047 1759 1082 τῶν
1781 1044 1957 1097 προτέρων
1977 1044 2145 1095 ἠνέσχετο
2160 1073 2169 1091 ,
2204 1042 2293 1081 ἀλλὰ
2312 1042 2372 1080 καὶ

290 1106 419 1155 filium,
439 1121 546 1156 quam
562 1121 703 1144 servum
720 1107 861 1144 habere.
875 1107 1063 1158 Propterea
1079 1106 1140 1142 illa
1157 1105 1276 1142 omnia

91 1167 274 1200 ΗΘΜ-Βᾶθι
290 1167 588 1218 fecit,U1]igeuito
605 1181 669 1205 suo
686 1181 755 1205 non
771 1168 939 1219 pepercit,
958 1176 997 1204 ut
1017 1167 1175 1204 filiorum
1191 1165 1277 1207 ado-

289 1228 448 1280 ptionem
467 1228 724 1280 reciperemus,
743 1237 852 1278 utque
883 1228 987 1265 illum
1015 1242 1084 1265 nou
1110 1227 1216 1265 modo
1238 1235 1278 1263 ut

293 1289 502 1335 Dominum,
525 1289 588 1327 sed
607 1290 713 1328 etiam
732 1299 771 1327 ut
792 1292 933 1328 Patrem
961 1289 1205 1340 diligeremus,
1235 1288 1279 1325 ld

292 1350 389 1401 quod
404 1351 433 1388 si
452 1366 471 1388 a
486 1351 588 1388 nobis
604 1351 820 1400 obtineatur,
838 1365 879 1388 ac
895 1351 924 1388 si
941 1350 1093 1401 gloriam
1112 1349 1276 1401 adeptus,

290 1412 361 1449 hoc
380 1413 501 1462 effert,
517 1414 753 1463 omnibusque
777 1413 1005 1451 laetabundus
1024 1412 1198 1460 declarat,
1218 1412 1280 1461 qui

294 1473 394 1510 nullo
426 1483 629 1512 nostrorum
648 1474 796 1525 indiget.
820 1475 896 1511 Hoc
925 1487 1009 1523 erga
1037 1473 1282 1509 Abrahamum

294 1535 426 1585 effecit,
453 1535 513 1585 qui
532 1536 666 1587 passim
684 1535 772 1576 dicit
788 1535 888 1585 :Ego
915 1535 1011 1571 Deus
1043 1533 1225 1570 Abraham
1249 1541 1282 1569 et

294 1596 393 1633 Isaac
411 1605 444 1634 et
463 1596 584 1635 Jacob.
606 1595 713 1645 Atqui
734 1595 768 1632 in
789 1594 845 1631 his
861 1608 980 1632 servos
1010 1592 1154 1644 gloriari
1174 1606 1282 1644 opor-

295 1657 406 1705 tebat,
423 1667 459 1694 at
475 1671 568 1694 nunc
583 1656 659 1708 ipse
674 1655 850 1693 Dominus
872 1655 939 1692 hac
961 1655 1006 1692 de
1024 1669 1061 1692 re
1090 1655 1275 1705 gloriatur.

93 1725 183 1752 Jnan.
208 1731 258 1752 21.
294 1717 432 1755 Idcirco
452 1719 555 1754 Petro
579 1717 667 1754 dicit
683 1717 850 1769 :Diligis
877 1731 938 1754 me
953 1717 1040 1768 plus
1063 1717 1122 1754 his
1135 1720 1151 1752 Ρ
1168 1725 1281 1753 osten-

99 1774 144 1802 ¹7²
295 1779 381 1817 dens
405 1794 441 1817 se
466 1779 557 1816 nihil
588 1778 735 1831 perinde
755 1794 774 1816 a
796 1779 898 1816 nobis
927 1788 1102 1830 expetere.
1130 1778 1284 1830 Ideoque

294 1840 538 1878 Abrahamum
576 1840 685 1891 jussit
717 1839 835 1877 filium
877 1854 981 1876 suum
1015 1840 1211 1886 immolare,
1244 1849 1283 1877 ut

295 1901 460 1938 omnibus
492 1901 611 1952 palam
633 1901 761 1938 faceret
789 1901 1004 1938 se*multu1n
1035 1916 1053 1939 a
1083 1901 1283 1953 patriarcha

296 1961 527 1998 amari.Illud
542 1976 660 2013 porro,
680 1961 778 2012 quod
796 1976 832 1999 se
843 1962 997 1999 multum
1016 1963 1127 1999 amari
1147 1963 1279 2014 cupiat,

296 2022 413 2073 ipsum
443 2023 549 2059 etiam
578 2023 734 2060 multum
765 2037 882 2060 amare
915 2022 1106 2073 significat.
1127 2023 1283 2074 Ideoque

96 2091 210 2122 ΜηιιΙι,
233 2098 278 2118 ιο.
296 2083 463 2134 apostolis
481 2083 644 2121 dicebat:
668 2085 742 2134 Qui
762 2093 869 2122 amat
886 2093 1036 2135 patrem
1057 2093 1094 2122 et
1120 2094 1283 2123 matrem

94 2132 146 2170 37.
293 2145 380 2194 plus
398 2158 516 2196 quam
536 2159 607 2192 me,
631 2159 707 2182 non
727 2154 783 2183 est
803 2160 862 2183 me
886 2147 1036 2197 dignus.

350 2566 386 2603 6.
407 2564 544 2603 Idcirco
563 2563 659 2614 quod
675 2563 833 2601 omnium
853 2563 954 2601 nobis
977 2562 1198 2600 carissimum
1215 2571 1278 2608 est,

297 2625 451 2662 animam
479 2639 615 2676 nempe,
633 2625 733 2676 jubet
757 2624 950 2662 secundam
970 2624 1005 2661 in
1023 2638 1142 2661 amore
1165 2624 1249 2675 poni
1268 2638 1279 2673 3

298 2687 381 2737 quia
396 2687 470 2738 ipse
489 2683 661 2738 majorem
677 2686 712 2723 in
735 2686 880 2723 modum
902 2695 934 2723 et
949 2699 1054 2737 super
1069 2685 1185 2722 omnia
1205 2685 1284 2722 vult

298 2762 317 2785 a
338 2748 439 2786 nobis
457 2748 580 2786 amari.
605 2748 749 2785 Etenim
768 2757 800 2785 et
819 2761 882 2785 nos
901 2761 981 2784 cum
1002 2760 1071 2783 non
1089 2745 1283 2783 admodum

299 2823 379 2860 erga
394 2810 550 2860 aliquem
565 2809 755 2857 afficimur,
770 2809 866 2846 illius
879 2821 1035 2845 amorem
1048 2821 1116 2844 non
1131 2807 1285 2844 multum

299 2883 476 2915 curamus,
507 2870 572 2907 etsi
594 2883 743 2920 magnus
768 2870 813 2906 sit
835 2877 869 2906 et
894 2867 1066 2915 illustri53
1095 2881 1177 2905 cum
1201 2881 1285 2905 vero

299 2930 503 2981 quempiam
530 2930 662 2967 sincere
695 2943 877 2977 amamus,
908 2928 973 2966 etsi
997 2929 1081 2966 vilis
1103 2928 1286 2978 tenuisque

300 2992 357 3039 sit,
374 2992 450 3043 ejus
462 3001 627 3030 mutuum
641 3006 797 3029 amorem
810 2990 928 3042 magni
945 2990 1104 3028 facimus.
1121 2989 1205 3028 Ideo
1225 2990 1284 3027 ille

300 3065 369 3089 non
387 3052 532 3090 soluma
548 3052 650 3090 nohis
665 3052 789 3099 amari,
800 3051 861 3089 sed
875 3052 982 3090 etiam
998 3065 1062 3102 pro
1082 3050 1184 3087 nobis
1203 3064 1285 3087 con·
1310 3065 1335 3094 D

303 3112 486 3150 tumeliosa
518 3113 581 3150 illa
609 3113 696 3165 pati,
712 3112 862 3164 gloriam
888 3112 1049 3149 vocabat.
1064 3113 1202 3149 Verum
1225 3111 1287 3148 illa

301 3171 347 3209 ob
369 3171 594 3210 dilectionem
605 3182 742 3211 tantum
751 3173 864 3224 gloria
878 3181 991 3210 erant:
1004 3186 1080 3222 quae
1094 3181 1209 3210 autem
1225 3186 1287 3209 nos

347 3310 363 3334 d
390 3311 596 3345 Morel.male
612 3318 660 3346 καὶ
677 3316 725 3348 ὑπ’
744 3313 986 3355 αὑτήν.[ΜοΧΑ.
998 3313 1308 3358 ἀπσ).αὸπῃ.ῐ]ιι·3ῑῐι-

306 3372 367 3402 que
386 3361 485 3393 futuri
502 3362 643 3395 formam
660 3364 809 3397 admittit
831 3363 967 3408 Chrys.,
983 3363 1039 3397 sed
1057 3365 1226 3408 aliquanto
1242 3366 1308 3397 fre-

1349 1105 1557 1157 περιεχύθη,
1578 1106 1637 1144 καὶ
1671 1106 1902 1158 κατεφίλησε,
1922 1106 1982 1144 καὶ
2010 1105 2139 1157 μόσχον
2168 1104 2284 1151 ἔθυσε,
2313 1104 2372 1141 καὶ

1352 1165 1476 1212 στολὴν
1512 1166 1647 1204 ἐνέδυσε
1660 1195 1669 1212 ,
1712 1167 1771 1204 καὶ
1805 1169 1838 1204 ἐν
1879 1169 1996 1218 πολλῷ
2026 1169 2075 1218 τῷ
2109 1165 2231 1217 κόσμῳ
2269 1163 2371 1202 κατέ-

1352 1239 1469 1272 στησε.
1485 1228 1608 1265 Ταῦτα
1625 1221 1682 1265 οἶν
1703 1227 1839 1279 ἔχοντες
1857 1227 1916 1265 καὶ
1934 1231 2036 1277 ἡμεῖς
2053 1226 2097 1263 τὰ
2111 1225 2349 1276 ὑποδείγματα
2363 1253 2372 1269 ,

1353 1289 1532 1338 θαρρῶμεν
1541 1288 1599 1325 καὶ
1616 1287 1663 1338 μη
1680 1288 1987 1338 ἀπογινώσκωμεν.
2006 1288 2058 1325 Οὐ
2069 1287 2136 1337 γὰρ
2153 1287 2243 1324 οὕτω
2256 1286 2373 1336 χαίρει

1353 1349 1562 1399 καλούμενος
1578 1349 1777 1395 Δεσπότης,
1798 1350 1844 1391 ὥς
1864 1348 1992 1399 Πατὴρ
2005 1378 2014 1395 ,
2039 1347 2115 1385 οὐδὲ
2136 1348 2254 1384 δοῦλον
2272 1347 2374 1397 ἔχων,

1354 1413 1400 1453 ὡς
1429 1410 1520 1447 υἱόν·
1549 1409 1610 1447 καὶ
1632 1410 1762 1459 μᾶλλον
1783 1413 1883 1446 τοῦτο
1915 1408 2094 1459 βούλεται,
2113 1407 2136 1454 ἢ
2161 1410 2280 1445 ἐκεῖνο.
2307 1407 2375 1444 Διὰ

1354 1476 1455 1508 τοῦτο
1477 1472 1557 1520 γοῦν
1584 1469 1643 1506 καὶ
1674 1469 1790 1506 πάντα
1819 1468 1979 1515 ἐποίησεν
2015 1468 2104 1521 ἅπερ
2134 1468 2296 1515 ἐποίησε,
2316 1467 2376 1505 καὶ

1355 1531 1430 1569 οὐδὲ
1450 1534 1510 1568 τοῦ
1529 1533 1745 1580 Μονογενοῦς
1765 1532 1869 1567 αὐτοῦ
1899 1529 2078 1581 ἐφείσατο,
2101 1528 2156 1566 ἵνα
2186 1527 2250 1575 τὴν
2265 1529 2376 1566 υἱοθε-

1355 1592 1430 1631 σίαν
1453 1591 1701 1642 ἀπολοίὸωμεν,
1716 1590 1772 1628 ἵνα
1803 1590 1850 1642 μὴ
1871 1593 1917 1634 ὡς
1943 1589 2126 1637 Δεσπότην
2147 1589 2262 1640 μόνον,
2284 1587 2374 1627 ἀλλὰ

1353 1652 1410 1690 καὶ
1439 1655 1484 1696 ὡς
1505 1653 1651 1704 Πατέρα
1681 1652 1782 1690 αὐτὸν
1813 1654 2016 1703 ἀγαπῶμεν.
2032 1649 2107 1689 Κᾶν
2132 1650 2221 1702 τύχῃ
2254 1649 2376 1687 τούτου

1354 1716 1437 1766 παρ’
1469 1716 1583 1764 ἡμῶν,
1603 1713 1760 1765 καθάπερ
1792 1729 1843 1755 τις
1877 1712 2098 1763 δοξαζόμενος
2133 1710 2378 1763 ἐναὸρύνεται,

1355 1776 1414 1813 καὶ
1434 1776 1479 1818 εἷς
1495 1775 1627 1818 πάντας
1649 1775 1732 1813 αὐτὸ
1749 1774 1908 1827 ἐκφέρει,
1929 1776 1945 1810 ὃ
1967 1773 2110 1823 μηδενὸς
2131 1772 2288 1823 δεόμενος
2310 1775 2378 1809 τῶν

1351 1837 1546 1890 ἡμετέρων.
1561 1838 1675 1874 Τοῦτο
1689 1841 1768 1888 γοῦν
1784 1836 1841 1874 ἐπὶ
1860 1839 1919 1873 τοῦ
1938 1834 2098 1886 Ἀέραὰμ
2117 1834 2258 1880 ἐποίησε
2270 1864 2279 1881 ,
2293 1849 2380 1871 παν-

1353 1902 1462 1950 ταχοῧ
1482 1898 1608 1948 λέγων,
1620 1896 1687 1949 ἐγὼ
1703 1900 1720 1934 ὃ
1738 1896 1826 1938 Θεὸς
1838 1895 1997 1948 Ἀδραέιμ
2014 1894 2073 1932 καὶ
2091 1894 2217 1932 Ἰσαὰκ
2235 1893 2295 1931 καὶ
2310 1892 2380 1930 Ἴα-

1353 1959 1439 1997 κώὲ.
1452 1958 1575 1997 Καίτοι
1587 1975 1632 2009 γε
1642 1958 1718 2002 τοὺς
1729 1957 1864 2001 οἰκέτας
1880 1959 1984 2008 ἐχρῆν
2001 1955 2281 1999 καλλωπίζεσθαι
2297 1954 2374 1992 τού-

1354 2037 1415 2074 τῳ·
1427 2024 1486 2058 νῦν
1502 2020 1537 2059 δὲ
1549 2023 1566 2057 ὃ
1582 2019 1762 2066 Δεσπότης
1774 2020 1932 2071 φαίνεται
1943 2022 2041 2056 τοῦτο
2053 2020 2174 2055 ποιῶν.
2190 2016 2258 2054 Διὰ
2274 2019 2374 2053 τοῦτο

1353 2081 1413 2119 καὶ
1426 2081 1550 2134 Πέτρῳ
1563 2080 1663 2132 φησὶ,
1682 2081 1805 2123 Φιλεῖς
1820 2095 1862 2130 με
1877 2078 1978 2117 πλέον
1992 2077 2140 2123 τούτων;
2154 2075 2287 2119 δεικνὺς
2297 2105 2306 2122 ,
2323 2074 2375 2113 ὅτι

1354 2141 1448 2181 οὐδὲν
1464 2142 1532 2194 πρὸ
1549 2141 1670 2180 τούτου
1691 2143 1786 2187 ζητεῖ
1800 2141 1882 2192 παρ’
1903 2141 2017 2188 ἡμῶν.
2037 2137 2104 2176 Διὰ
2119 2140 2220 2175 τοῦτο
2237 2136 2296 2175 καὶ
2318 2137 2375 2174 τὸν

1354 2202 1514 2254 Ἀῧραὰμ
1539 2203 1597 2240 τὸν
1617 2202 1688 2240 υἱὸν
1717 2205 1816 2240 θῦσαι
1850 2200 2038 2245 ἐκέλευσεν,
2055 2198 2112 2236 ἵνα
2144 2198 2235 2250 δείξῃ
2256 2204 2376 2243 πᾶσιν,

1353 2263 1406 2301 ὅτι
1425 2264 1556 2316 σφόδρα
1577 2265 1726 2314 φιλεῖται
1754 2261 1850 2313 παρὰ
1870 2265 1929 2298 τοῦ
1956 2260 2185 2312 πατριάρχου.
2208 2260 2322 2296 Τοῦτο
2341 2259 2376 2296 δὲ

1354 2323 1393 2360 τὸ
1418 2323 1549 2375 σφόδρα
1576 2324 1750 2372 φιλεῖσθαι
1769 2321 1912 2368 ἐθέλειν,
1935 2320 2003 2357 ἀπὸ
2027 2324 2086 2357 τοῦ
2116 2319 2247 2370 σφόδρα
2266 2321 2375 2371 φιλεῖν

1320 2415 1329 2425 ,
1354 2383 1500 2433 γίνεται.
1520 2382 1587 2419 Διὰ
1620 2385 1721 2419 τοῦτο
1751 2381 1810 2418 καὶ
1842 2387 1912 2422 τοῖς
1950 2379 2153 2422 ἀποστόλοις
2166 2378 2314 2430 Ξέλεγεν·
2333 2378 2377 2416 ‘O

1355 2444 1463 2495 φιλῶν
1494 2442 1629 2493 πατέρα
1655 2441 1676 2487 ἢ
1713 2441 1848 2492 μητέρα
1879 2440 1965 2492 ὑπὲρ
2006 2438 2088 2489 ἐμὲ,
2116 2441 2178 2477 οὐκ
2209 2439 2282 2477 ἔστι
2312 2455 2376 2490 μου

1356 2502 1460 2546 ἄξιος.

1408 2563 1476 2601 Διὰ
1495 2568 1615 2610 τοῦτο,
1645 2561 1662 2599 ὃ
1681 2562 1820 2599 πάντων
1836 2564 1921 2611 ἡμῖν
1941 2564 2032 2599 ἐστιν
2054 2562 2256 2615 οἰκειότερον
2272 2559 2378 2613 *3:ss0-

1355 2624 1402 2676 χὴ
1417 2653 1426 2671 ,
1453 2623 1513 2661 καὶ
1533 2622 1659 2670 ταύτην
1680 2623 1841 2674 δευτέραν
1857 2622 1988 2660 κελεύει
2003 2622 2155 2660 τίθεσθαι
2170 2625 2231 2669 τῆς
2253 2625 2298 2666 εἷς
2314 2624 2378 2660 αὖ-

1356 2686 1412 2723 τὸν
1433 2685 1592 2736 ἀγάπης,
1613 2684 1731 2729 ἐπειδὴ
1755 2685 1828 2734 μεθ’
1847 2684 2042 2736 ὑπερὲολῆς
2061 2684 2198 2730 ἁπάσης
2220 2683 2379 2734 βούλεται

1357 2747 1530 2798 φιλεῖσθαι
1556 2747 1638 2798 παρ’
1665 2747 1777 2794 ἡμῶν.
1805 2744 1875 2783 Καὶ
1895 2745 1963 2797 γὰρ
1989 2749 2109 2795 ἡμεῖς,
2137 2745 2218 2782 ὅταν
2239 2743 2301 2794 μὲν
2329 2744 2377 2795 μὴ

1358 2806 1487 2859 σφόδρα
1507 2806 1587 2857 περὶ
1614 2805 1692 2843 τινὰ
1721 2798 1815 2855 ὦμεν
1837 2805 2068 2856 διακείμενοι,
2088 2805 2164 2844 οὐδὲ
2201 2807 2264 2851 τῆς
2295 2806 2378 2857 παρ’

1359 2866 1488 2904 ἐκείνου
1507 2865 1638 2918 σφόδρα
1657 2865 1804 2916 δεόμεθα
1828 2865 1963 2917 φιλίας,
1986 2866 2050 2904 κᾶν
2072 2866 2180 2917 μέγας
2197 2860 2220 2917 ἦ
2239 2865 2297 2902 καὶ
2314 2881 2377 2903 πε-

1363 2927 1523 2981 ριφανής·
1545 2926 1626 2965 ὅταν
1645 2926 1679 2965 δὲ
1700 2930 1834 2978 θερμῶς
1859 2943 1936 2964 τινα
1961 2927 2021 2965 καὶ
2044 2927 2192 2979 γνησίως
2212 2929 2378 2978 φιλῶμεν,

1361 2989 1424 3027 κᾶν
1446 2987 1603 3035 εὐτελὴς,
1624 2988 1688 3025 κᾶν
1714 2989 1834 3042 μικρὸς
1853 2992 1870 3026 ὃ
1895 2988 2113 3041 φιλούμενος,
2143 2988 2310 3040 μεγίστην
2326 3003 2380 3025 τι-

1362 3049 1490 3101 θέμεθα
1511 3048 1609 3092 δόξαν
1628 3049 1667 3086 τὸ
1684 3051 1766 3100 παρ’
1784 3050 1913 3088 ἐκείνου
1932 3050 2084 3102 φίλτρον.
2115 3049 2178 3087 Διὸ
2202 3049 2261 3087 καὶ
2281 3048 2380 3092 αὐτὸς

1362 3113 1399 3149 οὐ
1421 3110 1460 3148 τὸ
1482 3111 1654 3162 φιλεῖσθαι
1678 3112 1761 3160 παρ’
1782 3114 1882 3160 ἡμῶν
1902 3110 2017 3161 μόνον,
2047 3109 2135 3149 ἀλλὰ
2157 3109 2215 3147 καὶ
2234 3109 2273 3147 τὸ
2294 3109 2379 3160 ὑπὲρ

1361 3174 1461 3221 ἡμῶν
1495 3173 1614 3208 παθεῖν
1640 3169 1684 3207 τὰ
1714 3170 1929 3210 ἐπονείδιστα
1953 3174 2084 3220 ἐκεῖνα,
2118 3170 2217 3215 δόξαν
2250 3169 2377 3208 ἐκάλει.

1374 3320 1526 3363 quentius
1543 3318 1715 3362 mediam]
