2466 3805
306 218 393 263 238
757 230 794 260 s,
831 227 1012 260 somnis
1047 224 1288 255 cnm'sosr.

297 323 329 351 et
342 314 494 351 formosa
509 328 515 348 :
530 325 608 349 nam
624 311 732 348 animi
746 309 952 359 compositio
965 307 1118 344 multum
1135 303 1273 356 corpori

297 377 399 414 affert
419 376 591 413 decorem.
621 374 674 410 Ne
693 381 793 422 putes
811 371 906 407 enim
925 382 944 404 a
964 368 1139 419 corporali
1157 367 1273 404 solum

298 439 412 488 specie
430 437 497 473 hoc
512 435 601 472 fieri.
617 435 673 470 Da
689 433 879 469 formosam
896 430 1067 482 puellam,
1090 428 1275 466 turbulen-

296 506 388 546 tam,
406 497 605 546 loquacem,
626 491 893 539 conviciantem,
909 491 1097 536 ebriosam,
1115 498 1275 527 sumtuo-

295 570 369 592 sam
387 571 394 592 :
416 567 529 591 nonne
547 552 672 602 quavis
691 550 783 588 foeda
803 560 836 588 et
856 550 953 602 turpi
974 549 1168 587 deformior
1189 559 1240 587 est
1258 549 1275 586 Ξ)

293 615 333 652 Si
357 629 440 653 vero
459 612 630 665 pudorem
655 611 799 659 habeat,
819 611 848 648 si
867 619 998 661 taceat,
1023 610 1052 648 si
1071 610 1276 648 erubescere

294 674 481 723 didicerit,
505 688 544 711 ac
564 673 721 710 modeste
739 671 862 722 loqui,
886 672 915 709 si
931 673 1116 724 jejunare,
1137 671 1276 723 duplex

290 744 339 772 est
362 734 591 786 pulchritudo
607 763 617 782 ,
649 733 762 784 major
792 733 926 782 forma,
956 732 1090 784 gratior
1120 732 1243 770 vultus
1260 761 1271 781 ,

291 795 449 832 castitate
468 804 501 833 et
519 804 644 832 ornatu
657 794 796 845 plenus.
815 793 881 832 Vis
896 794 972 845 jam
991 793 1035 831 de
1049 793 1136 831 viris
1151 793 1274 844 loqua-

290 856 401 893 mur?
420 855 518 904 Quid
537 855 634 893 ebrio
653 855 793 906 turpius
805 854 1020 892 ‘t‘Ridiculus
1039 863 1089 892 est
1110 854 1271 901 famulis,

290 916 463 954 ridiculus
481 916 657 965 hostibus,
674 915 888 953 miserabilis
903 915 999 967 apud
1014 915 1158 965 amicos,
1176 914 1273 952 omni

291 977 517 1016 damnatione
536 977 684 1028 dignus:
710 977 782 1014 fera
801 977 914 1028 magis
933 991 1040 1027 quam
1054 976 1158 1014 homo
1174 990 1273 1014 :nam

291 1039 413 1076 multis
428 1037 638 1090 ingurgitari
655 1037 779 1089 pardi,
797 1037 908 1075 leonis
927 1046 960 1074 et
975 1037 1050 1075 ursi
1073 1046 1134 1075 est.
1151 1039 1196 1074 At
1211 1037 1270 1075 illa

290 1100 341 1138 sic
353 1101 476 1138 merito
494 1100 646 1137 faciunt:
663 1113 731 1136 non
744 1098 876 1135 habent
887 1098 981 1136 enim
993 1099 1149 1136 animam
1164 1099 1274 1137 ratio—

291 1161 417 1198 nalem.
440 1161 536 1208 Quin
563 1169 596 1197 et
620 1159 691 1196 illae
716 1159 745 1196 si
769 1159 862 1195 ultra
882 1172 1084 1196 mensuram
1108 1174 1127 1196 a
1149 1169 1273 1198 natura

290 1222 475 1260 definitam
513 1221 636 1270 edant,
675 1229 747 1258 toto
786 1234 932 1271 corpore
967 1230 1248 1272 corrumpuntur
1264 1238 1272 1258 ε

290 1291 421 1333 quanto
451 1281 563 1332 magis
594 1281 680 1318 nos?
718 1280 802 1318 Ideo
832 1280 934 1317 nobis
953 1281 1050 1318 Deus
1082 1290 1273 1332 angustum

292 1351 449 1379 ventrem
464 1341 562 1379 dedit
578 1357 588 1391 3
611 1341 688 1378 ideo
708 1355 856 1392 parvam
871 1341 936 1377 tibi
956 1355 1158 1379 mensuram
1176 1342 1267 1380 defi-

291 1402 382 1440 nivit
394 1432 405 1453 ,
427 1412 465 1440 ut
484 1402 622 1440 doceret
639 1402 793 1440 animam
810 1402 924 1439 curari
944 1411 1116 1453 oportere.

343 1640 379 1677 5.
393 1637 659 1676 Consideremus
675 1637 788 1689 ipsam
804 1638 1085 1676 constitutionem
1099 1648 1269 1688 nostram,

291 1708 324 1736 et
344 1699 544 1737 videbimus
564 1713 670 1735 unam
690 1699 900 1750 particulam
919 1699 955 1736 in
976 1700 1077 1737 nobis
1096 1700 1187 1737 hanc
1206 1701 1269 1737 ha-

289 1760 372 1797 bere
398 1760 644 1812 operationem.
668 1761 717 1797 Os
741 1760 835 1796 enim
860 1769 1020 1797 nostrum
1035 1770 1068 1797 et
1084 1760 1205 1811 lingua
1225 1761 1271 1798 ad

290 1821 443 1873 hymnos
462 1820 627 1872 deputata
643 1829 737 1868 sunt,
750 1820 866 1858 fauces
885 1820 930 1857 ad
949 1835 1083 1859 vocem.
1108 1821 1192 1858 Ideo
1211 1835 1270 1859 ne-
1293 1830 1318 1860 D

289 1882 428 1919 cessitas
444 1890 576 1918 naturae
596 1895 658 1918 nos
674 1880 811 1931 ligavit,
834 1890 873 1918 ut
891 1895 933 1918 ne
953 1880 1057 1918 inviti
1076 1882 1221 1932 quidem
1236 1882 1272 1919 in

289 1943 439 1980 multam
454 1942 703 1980 difficultatem
721 1941 931 1981 incidamus.
947 1943 986 1981 Si
1004 1958 1156 1994 namque
1171 1945 1272 1982 volu-

289 2013 366 2056 ptas
380 2004 520 2041 morbos
533 2012 566 2040 et
580 2003 805 2054 aegritudines
823 2018 891 2041 non
908 2004 1066 2051 haberet,
1080 2005 1274 2043 tolerabilis

289 2079 344 2101 res
373 2074 460 2101 esset
480 2080 487 2100 :
510 2078 603 2101 nunc
627 2073 744 2101 autem
774 2074 908 2102 naturae
938 2066 1003 2102 tibi
1024 2067 1192 2104 terminos
1210 2081 1273 2118 po-

290 2125 377 2173 suit,
397 2134 436 2162 ut
463 2139 505 2162 ne
529 2125 651 2163 volens
678 2124 822 2174 quidem
853 2126 1133 2177 transgrediaris.
1151 2129 1275 2165 Nonne

289 2185 521 2236 voluptatem,
531 2185 670 2233 dilecte,
683 2185 836 2234 quaeris?
852 2186 951 2223 Hanc
962 2201 981 2223 a
997 2188 1199 2238 frugalitate
1211 2202 1274 2239 pa-

290 2244 386 2281 rabis
415 2260 422 2280 :
453 2259 566 2282 nonne
598 2244 869 2282 valetudinem?
905 2246 952 2283 Et
985 2246 1076 2284 hanc
1103 2262 1273 2298 quoque:

290 2319 405 2343 nonne
420 2306 620 2343 libertatem
638 2320 657 2342 a
674 2306 792 2343 curis?
813 2307 913 2344 Hanc
932 2307 1056 2345 itidem
1072 2324 1079 2344 :
1095 2323 1209 2346 nonne
1230 2310 1275 2347 li-

289 2366 473 2414 bertatem,
486 2366 595 2403 robur
608 2375 640 2403 et
656 2366 786 2403 bonam
801 2367 1082 2405 constitutionem
1103 2369 1274 2421 corporis,

289 2427 416 2464 animae
437 2427 673 2475 sobrietatem,
692 2427 945 2478 vigilantiam?
962 2429 1060 2466 Bona
1079 2430 1196 2468 omnia
1216 2431 1275 2467 hic

291 2498 372 2526 sunt
394 2505 402 2525 :
422 2489 458 2526 in
476 2489 619 2541 crapula
637 2503 722 2527 vero
742 2489 928 2538 contraria,
947 2490 1157 2540 insuavitas,
1179 2492 1273 2528 mala

290 2549 472 2594 valetudo,
490 2550 646 2597 morbus,
664 2549 900 2595 illiberalitas,
918 2560 1067 2588 sumtus.
1090 2552 1191 2590 Unde
1208 2552 1274 2603 igi-

289 2620 361 2657 tur,
386 2611 534 2662 inquies,
553 2611 599 2648 ad
617 2611 718 2648 illam
740 2611 916 2650 currimus
936 2613 1081 2651 omnes?
1098 2614 1152 2650 Ab
1173 2614 1274 2652 infir-

290 2671 422 2709 mitate.
443 2672 511 2709 Dic
541 2671 634 2709 enim
659 2671 763 2719 mihi,
781 2686 844 2709 cur
867 2686 958 2723 :eger
987 2674 1093 2710 noxia
1122 2674 1275 2724 quaerit?

290 2747 406 2770 annon
425 2733 493 2770 hoc
506 2733 625 2784 ipsum
644 2732 785 2783 signum
807 2742 857 2770 est
879 2733 1022 2771 morbi?
1042 2735 1114 2772 Cur
1129 2735 1275 2772 claudus

289 2808 360 2831 non
380 2803 471 2831 recte
494 2793 651 2831 incedit?
667 2807 781 2831 nonne
803 2808 847 2832 ex
866 2794 1007 2845 ignavia
1022 2803 1054 2831 et
1071 2795 1166 2845 quod
1185 2796 1276 2833 nolit

291 2854 454 2893 accedere
479 2855 527 2892 ad
555 2854 759 2892 medicum?
781 2856 849 2892 Res
878 2855 971 2892 enim
996 2856 1073 2892 aliae
1101 2865 1277 2908 tempora-

293 2930 394 2953 neam
420 2916 552 2953 habent
578 2915 796 2966 voluptatem
826 2924 1104 2967 perpetuumque
1142 2917 1278 2968 suppli-

293 2977 385 3014 cium
395 2992 405 3025 3
420 2977 497 3014 aliae
517 2991 535 3014 e
556 2975 730 3013 contrario
747 2985 1007 3027 temporaneam
1022 2977 1229 3028 patientiam
1246 2986 1279 3015 et

294 3046 504 3089 perpetuum
520 3036 781 3087 gaudium.Qui
799 3035 908 3086 igitur
924 3036 974 3073 sic
990 3037 1107 3074 mollis
1123 3046 1156 3074 et
1176 3038 1277 3087 igna-

293 3113 360 3136 x‘us
386 3108 448 3146 est,
469 3107 508 3135 ut
527 3112 595 3135 non
624 3106 822 3134 contemnat
842 3106 1029 3148 praesentes
1050 3098 1194 3135 delicias
1214 3113 1277 3150 pro

293 3160 436 3208 sutuiis,
454 3158 523 3196 cito
543 3158 694 3209 capitur.
714 3158 782 3195 Dic
801 3158 903 3204 mihi,
925 3158 1021 3195 Esau
1040 3159 1133 3196 unde
1151 3169 1275 3211 captus

1286 3194 1335 3218 219

1325 223 1519 254 ARCHIEP
1528 244 1537 254 .
1576 224 1922 257 CONSTANTINOP.

1343 309 1359 325 ἃ
1372 304 1461 342 ἀλλὰ
1484 305 1592 356 σεμνὴ
1616 306 1675 344 καὶ
1694 306 1838 360 σώφρων
1862 307 1920 345 καὶ
1939 307 2120 360 εὔμορφος.
2141 308 2210 346 Καὶ
2225 307 2292 360 γὰρ
2310 311 2360 360 τῷ

1345 364 1485 416 σώματι
1496 365 1583 404 πολὺ
1603 366 1936 417 περιτίθησικάλλος
1952 371 2013 414 τ’ῆς
2023 370 2136 421 ψυχῆς
2148 372 2169 415 ἡ
2185 369 2360 407 κατάστα-

1345 440 1409 468 σις.
1428 425 1489 472 Μὴ
1507 425 1574 477 γὰρ
1602 427 1641 474 δὴ
1665 427 1809 478 νομίσῃς
1828 429 1896 466 ἀπὸ
1924 431 1992 467 τῶν
2013 433 2221 480 σωματικῶν
2243 429 2360 467 τύπων

1344 490 1444 523 τοῦτο
1462 485 1615 537 γίνεσθαι
1633 487 1823 537 μόνον.Δὸς
1838 488 2005 540 εὔμορφον
2024 489 2362 542 κόρην,τεταραγμέ-

1344 561 1418 593 νην,
1428 547 1549 595 λάλον,
1562 547 1728 601 λοίδορον,
1743 547 1902 598 μέθυσον,
1916 551 2089 596 πολυτελῆ
2103 581 2112 597 ,
2128 554 2156 588 εἷ
2178 551 2226 601 μὴ
2247 550 2362 596 πάσης

1345 608 1492 658 αἰσχρᾶς
1508 608 1747 660 δυσειδεστέρα
1770 608 1999 656 καθέστηκεν,
2016 610 2060 646 Εἰ
2088 609 2123 646 δὲ
2143 611 2359 662 αἰσχύνοιτο,

1345 667 1422 705 εἰδὲ
1443 668 1566 720 σιγῴη,
1579 671 1607 707 εἷ
1627 669 1661 707 δὲ
1682 671 1840 722 ἐρυθριᾷν
1855 670 2038 719 μανθάνοι,
2054 672 2082 707 εἷ
2099 669 2135 706 δὲ
2156 671 2363 722 φθέγγεσθαι

1345 729 1574 780 συμμέτρως,
1592 732 1621 768 εἷ
1645 731 1680 768 δὲ
1700 731 1875 777 νηστείαις
1896 731 2123 783 ἐσχολακέναι
2138 747 2145 754 ·
2167 733 2306 771 διπλοῦν
2323 733 2363 771 τὸ

1345 789 1469 834 κάλλος
1483 819 1492 836 ,
1507 791 1636 829 πλείων
1656 795 1677 838 ἡ
1698 791 1772 844 ὥρα
1787 822 1797 839 ,
1816 791 2038 843 ποθεινοτέρα
2065 795 2086 838 ἦ
2103 792 2179 844 ὄψις
2193 823 2203 840 ,
2226 809 2362 847 σωφρο-

1345 851 1446 898 σύνης
1476 853 1632 903 γέμουσα
1661 853 1720 890 καὶ
1743 852 1981 903 κοσμιότητος.
2004 852 2126 891 Βούλει
2152 853 2271 892 λοιπὸν
2303 854 2363 892 καὶ

1342 913 1422 964 περὶ
1439 915 1571 965 ἀνδρῶν
1584 915 1737 965 εἴπωμεν
1750 931 1760 962 ;
1776 915 1823 953 Τί
1841 918 1900 953 τοῦ
1923 913 2104 963 μεθύοντος
2120 915 2362 967 αἷσχρότεροη

1342 974 1610 1023 Καταγέλαστος
1625 975 1791 1023 οἰκέταις,
1811 976 2070 1025 καταγέλαστος
2085 977 2219 1027 ἐχθροῖς
2234 1006 2241 1023 ,
2259 978 2366 1014 ε’λεει-

1342 1034 1398 1078 νὸς
1415 1035 1511 1088 παρὰ
1528 1035 1637 1087 φίλοις
1652 1066 1660 1081 ,
1684 1036 1809 1086 μυρίας
1835 1034 2087 1087 καταγνώσεως
2109 1036 2221 1083 ἄξιος,
2248 1037 2364 1090 θηρίον

1345 1095 1417 1133 ἐστὶ
1447 1098 1577 1145 μᾶλλον
1599 1096 1621 1142 ἢ
1643 1097 1839 1147 ἄνθρωπος·
1863 1098 1902 1135 τὸ
1928 1097 1994 1149 γὰρ
2022 1096 2136 1135 πολλὰ
2171 1101 2364 1143 σιτεῖσθαι,

1343 1156 1569 1208 παρδάλεως,
1599 1157 1655 1195 καὶ
1686 1158 1841 1204 λέοντος,
1872 1158 1932 1195 καὶ
1960 1158 2086 1207 ἄρκτου
2120 1157 2223 1196 ἐστίν.
2255 1158 2365 1197 Εἰκό-

1343 1232 1428 1260 τως·
1441 1233 1478 1256 ου
1498 1218 1565 1269 γὰρ
1584 1217 1722 1269 ἔγουσιν
1742 1220 1856 1255 ἐκεῖνα
1884 1217 2000 1269 ψυχὴν
2017 1218 2173 1267 λογικήν.
2197 1218 2268 1255 Καὶ
2296 1234 2366 1267 μην

1343 1279 1487 1315 κάκεῖνα
1513 1278 1617 1316 πλέον
1645 1284 1698 1316 τοῦ
1715 1279 1847 1322 δέοντος
1875 1279 1935 1316 καὶ
1962 1294 2020 1316 του
2045 1278 2172 1330 μέτρου
2191 1282 2249 1316 τοῦ
2270 1278 2368 1330 παρὰ

1343 1340 1405 1383 τ’ἧς
1421 1337 1553 1390 φύσεως
1574 1342 1687 1382 αυτοῖς
1703 1339 1896 1391 ὡρισμένου
1912 1338 2085 1376 σιτισθέντ
2088 1355 2108 1376 α
2120 1338 2313 1389 ,διέφθειρε
2328 1355 2348 1375 τ

1342 1414 1411 1436 παν
1439 1414 1564 1448 σ11μα·
1584 1399 1682 1438 πόσι)
1702 1403 1760 1437 οὖν
1779 1401 1909 1449 μα)λοι
1933 1402 2002 1449 ἦμε
2004 1404 2050 1445 ῖς,
2072 1398 2140 1436 Διὰ
2155 1404 2256 1437 τουτο
2282 1402 2367 1449 ἡμῖν

1343 1462 1390 1503 εἷς
1411 1460 1534 1512 μικρὸν
1561 1460 1757 1499 συνέστειλε
1778 1460 1839 1507 τὴν
1857 1459 2010 1512 γαστέρα
2031 1463 2048 1497 ὅ
2066 1459 2171 1503 Θεός·
2189 1460 2245 1497 διὰ
2264 1463 2367 1498 τοῦτο

1343 1520 1455 1571 ὀλίγον
1500 1521 1625 1572 μέτρον
1653 1521 1757 1574 ὥρισε
1787 1524 1933 1572 τροφῆς,
1963 1520 2018 1558 ἵνα
2050 1520 2220 1571 παιδεύσῃ
2253 1522 2370 1572 ψυχῆς

1341 1584 1593 1632 ἐπιμελεῖσθαι.

1395 1644 1665 1694 Καταμάθωμεν
1694 1643 1800 1690 αὐτὴν
1826 1644 1888 1690 τὴν
1914 1643 2130 1689 κατασκευὴν
2151 1643 2213 1689 τὴν
2235 1643 2376 1693 ἧμετέ-’

1344 1719 1416 1754 ραν,
1436 1704 1495 1741 καὶ
1510 1703 1664 1755 ὀψόμεθα
1681 1703 1715 1742 ἓν
1747 1704 1864 1757 μόριον
1890 1706 1924 1742 ἓν
1946 1707 2031 1754 ἡμῖν
2051 1703 2181 1751 ταύτην
2204 1704 2282 1757 ἔχον
2305 1704 2369 1751 τὴν

1343 1764 1527 1817 ἐνέργειαν.
1549 1765 1600 1802 Τὸ
1625 1764 1736 1815 στόμα
1765 1764 1832 1817 γὰρ
1859 1768 1960 1815 ἡμῶν
1984 1764 2043 1802 καὶ
2070 1769 2091 1811 ἡ
2118 1767 2257 1816 γλῶττα
2283 1765 2369 1817 πρὸς

1343 1824 1468 1875 ὕμνους
1487 1825 1702 1878 ἀφώρισται,
1719 1829 1736 1864 ὁ
1756 1825 1885 1878 φάρυγξ
1911 1825 1997 1876 πρὸς
2030 1826 2157 1876 φωνήν.
2179 1825 2246 1863 Διὰ
2267 1832 2368 1864 τοῦτο

1344 1887 1404 1925 καὶ
1426 1887 1559 1938 ἀνάγκη
1581 1891 1642 1934 τῆς
1661 1887 1795 1939 φύσεως
1815 1886 1934 1938 1’ἡμᾶς
1953 1887 2196 1938 ἐγκατέδησεν,
2209 1887 2265 1924 ἵνα
2281 1887 2369 1938 μηδὲ

1345 1949 1486 1992 ἄκοντες
1514 1949 1744 1999 εμπίπτωμεν
1763 1952 1810 1992 εἷς
1817 1947 1937 2013 ΝἈπολ)
1913 1964 1963 1995 ην
1985 1948 2242 2000 πραγματείαν.
2259 1948 2321 1992 εΩς
2339 1948 2378 1985 εἴ

1344 2027 1383 2062 γε
1404 2015 1425 2058 -ἱ,
1447 2011 1559 2063 τρυοὴ
1588 2011 1711 2054 πόνους
1735 2010 1782 2061 μὴ
1805 2015 1896 2062 εἰγε,
1915 2009 2003 2060 μηδὲ
2026 2010 2146 2052 νόσους
2176 2026 2235 2048 και
2256 2012 2371 2062 ἀρρω-

1346 2072 1460 2118 στίας,
1482 2072 1658 2123 *wop-trem!
1674 2076 1735 2119 ἠν·
1757 2088 1814 2109 νυν
1834 2071 1870 2109 δέ
1888 2087 1942 2109 σοι
1957 2070 2107 2109 τέθεικεν
2121 2070 2279 2122 ὃροθέσια
2301 2087 2364 2117 της

1347 2133 1499 2185 φύσεως,
1518 2133 1574 2170 ἰνα
1605 2133 1693 2182 μηδὲ
1716 2133 1921 2184 βουλόμενος
1940 2131 2164 2183 υπερῧαίνῃς.
2188 2134 2267 2185 Οὐχ
2288 2133 2371 2178 ἡδο-

1346 2192 1408 2237 νὴν
1436 2193 1568 2237 ζητεῖς,
1589 2191 1772 2241 ἄγαπητέ,
1795 2193 1908 2229 Τοῦτο
1942 2190 2039 2242 παρὰ
2070 2192 2132 2236 τῆς
2163 2190 2370 2242 αὐταρκείας

1348 2251 1512 2303 εὑρήσεις.
1534 2252 1613 2301 Οὐχ
1638 2250 1774 2300 ὑγείαν,
1797 2251 1856 2288 καὶ
1883 2256 1999 2288 τοῦτο·
2028 2250 2106 2302 οὐχὶ
2137 2250 2368 2302 ἀμεριμνίαν;

1347 2311 1406 2348 καὶ
1438 2314 1552 2348 τοῦτο·
1585 2310 1662 2361 οὐχὶ
1697 2310 1912 2362 ε’λευθερίαν;
1945 2311 2021 2361 οὐχὶ
2051 2313 2155 2361 ῥῶσιν
2190 2310 2372 2361 σώματος,

1347 2371 1425 2445 067}
1447 2370 1590 2417 εὐεξίαν,
1613 2371 1689 2422 οὐχὶ
1707 2373 1811 2422 νῆψιν
1831 2372 1964 2421 ψυχῆς,
1977 2370 2055 2421 οὐχὶ
2071 2370 2261 2420 διέγερσιν;
2279 2370 2369 2408 οὕτω

1346 2432 1461 2470 πάντα
1479 2448 1523 2468 τα
1547 2430 1638 2468 καλὰ
1665 2432 1833 2469 ἐνταῦθα·
1855 2446 1889 2467 εν
1920 2429 2032 2480 ἐκείνῃ
2058 2430 2093 2466 δὲ
2126 2430 2170 2468 τα
2202 2431 2340 2468 εναντία
2358 2461 2366 2474 ,

1348 2494 1473 2538 ἀηδία,
1494 2491 1660 2543 καγεξία,
1685 2493 1801 2538 νόσος,
1828 2490 2067 2542 ἀνελευθερία,
2086 2491 2235 2537 δαπάνη.
2254 2491 2368 2529 Πόθεν

1347 2569 1416 2599 ουν,
1431 2568 1546 2604 φησιν,
1562 2552 1760 2597 ε’πὶταύτην
1780 2552 1930 2603 τρέγομε
1933 2568 1949 2588 ν
1969 2551 2137 2594 ἅπαντες·
2129 2582 2138 2599 ,
2155 2551 2239 2589 ’Areo
2255 2551 2368 2590 νόσου.

1347 2614 1435 2652 Εἰπὲ
1455 2612 1520 2665 γάρ
1539 2629 1619 2662 μοι,
1641 2612 1696 2650 διὰ
1715 2612 1749 2650 τί
1769 2628 1807 2650 το
1829 2611 1982 2663 βλάπτον
2014 2614 2032 2649 ὁ
2063 2628 2172 2650 νοσων
2193 2614 2246 2649 ἐπΙ
2242 2615 2367 2659 .ζητεῖ;

1346 2675 1424 2726 οὐχὶ
1444 2675 1503 2712 καὶ
1524 2674 1606 2712 αὐτὸ
1630 2679 1728 2712 τοῦτο
1747 2679 1805 2712 τοῦ
1823 2679 1934 2711 νοσεῖν
1967 2675 2108 2724 σημεῖόν
2130 2675 2228 2718 ἕσας
2248 2673 2315 2711 Διὰ
2335 2673 2371 2710 τί

1347 2738 1364 2773 ὃ
1383 2735 1497 2787 χωλὸς
1523 2735 1570 2785 μὴ
1592 2734 1676 2786 ὀρθὰ
1698 2734 1844 2785 βαδίζει,
1868 2734 1998 2772 αὑτὸδὲ
2018 2737 2119 2770 τοῦτο
2139 2735 2200 2770 οὐκ
2221 2734 2289 2771 ἀπὸ
2308 2736 2371 2785 ῥα-

1348 2796 1472 2847 θυμίας
1486 2796 1544 2833 καὶ
1559 2800 1617 2833 τοῧ
1645 2795 1692 2845 μὴ
1716 2794 1899 2846 βούλεσθαι
1914 2793 2011 2844 παρὰ
2038 2794 2094 2830 τὸν
2117 2794 2233 2840 ἰατρὸν
2256 2793 2363 2840 ἰέναι,

1347 2859 1428 2894 Τῶν
1442 2855 1508 2907 γὰρ
1527 2856 1744 2909 πραγμάτων
1761 2855 1805 2892 τὰ
1825 2855 1886 2905 μὲν
1903 2855 2113 2906 πρόσκαιρον
2130 2853 2256 2928 ἡδονὴν
2272 2853 2346 2906 ἔχει
2361 2884 2370 2901 ,

1348 2918 1488 2963 διηνεκῆ
1515 2916 1550 2953 δε
1574 2916 1636 2962 τὴν
1672 2916 1836 2954 κόλασιν·
1861 2932 1904 2953 τα
1934 2914 1969 2952 δε
1991 2913 2281 2962 τουναντίον,τὴν
2310 2914 2353 2965 μὲ
2355 2932 2372 2952 ν

1347 2976 1534 3030 καρτερίαν
1563 2976 1789 3027 πρόσκαιρον,
1805 2978 1880 3021 διην
1864 2978 1946 3020 νεκῆ
1968 2975 2002 3012 δὲ
2022 2975 2084 3021 τὴν
2104 2975 2194 3012 από)
2197 2991 2306 3013 αυσιν.
2327 2975 2371 3013 ‘O

1345 3039 1457 3076 τοίνυν
1477 3037 1567 3076 ούτω
1596 3052 1722 3089 χαυνος
1749 3038 1807 3074 καὶ
1827 3038 1995 3088 ράθυμος,
2023 3035 2113 3073 ὥστε
2134 3036 2182 3086 μὴ
2201 3038 2339 3088 υπεριδε
2342 3042 2374 3074 ῖν

1345 3102 1413 3137 τῶν
1425 3098 1604 3151 παρόντων
1618 3097 1728 3144 ἡδέων
1745 3097 1828 3149 ὑπὲρ
1842 3100 1909 3134 τῶν
1928 3097 2135 3147 μελλόντων,
2148 3098 2283 3148 ταχέως
2298 3097 2376 3135 ἁλί-

1348 3176 1480 3198 σκεται.
1501 3159 1591 3197 Εἰπέ
1617 3174 1698 3209 μοι,
1719 3161 1736 3195 ὃ
1761 3157 1874 3195 Ησαυ
1902 3158 2004 3195 ποθεν
2029 3157 2142 3195 ἑάλω·
2135 3188 2144 3203 ,
2175 3157 2277 3196 ποθεν
2309 3157 2372 3203 τὴν

290 3219 481 3257 cs12unde
496 3220 627 3256 fictum
643 3227 681 3255 ut
695 3227 901 3270 praesentcm
920 3218 1138 3271 1011111ῐλ10111
1155 3221 1275 3258 futuro
1299 3232 1323 3259 Α
1347 3237 1524 3273 παρουσαν
1542 3218 1667 3267 mov->v
1689 3235 1749 3264 της
1780 3217 1971 3268 μελλούσης
1991 3218 2225 3269 προτετίμηκε
2250 3221 2374 3269 τιμῆς,

331 3343 343 3357 ¹¹
374 3332 433 3363 Alli
457 3336 521 3365 ἀλλ’
541 3337 669 3376 εᾷμερρει
715 3350 747 3367 α
773 3340 819 3368 καὶ
841 3351 869 3368 5’
873 3351 952 3380 ιρειρ
958 3344 1074 3375 :55:³52-
1097 3354 1143 3371 κειι
1162 3344 1229 3382 ’,ἀι

335 3387 349 3409 l*
378 3384 464 3416 Alius
493 3391 571 3428 ἡμᾶς
598 3389 685 3418 κατέ
679 3401 738 3423 137.
744 3404 764 3418 κ-

1410 3338 1424 3352 *
1450 3337 1528 3378 [530
1557 3335 1664 3368 codd.
1685 3334 1787 3367 nostri
1814 3342 1840 3365 et
1875 3332 1994 3375 Savil.;
2019 3343 2138 3379 picard-a
2154 3333 2315 3367 Commel.
2343 3341 2376 3364 et

1368 3390 1485 3422 Montf.
1504 3388 1654 3430 idemque
1672 3389 1829 3430 expressit
1847 3387 2031 3427 Erasmus]
