2466 3805
48 1412 115 1441 Act.
133 1411 162 1452 4.
183 1421 232 1442 20.

253 225 341 252 i22
694 225 729 254 S.
768 224 951 254 JOANNIS
987 222 1228 252 CHRYSOST.

1234 303 1280 326 *105

248 324 294 346 ne
329 311 585 361 praecipiendo
621 313 869 361 proecepimus
901 310 1010 346 vobis
1031 310 1047 342 Ρ
1082 305 1120 342 Si
1152 303 1222 340 uti-
1246 338 1272 366 Α

247 384 315 420 que
347 371 402 408 illi
434 371 538 408 vobis
564 370 896 422 obtemperaverint,
929 376 1020 404 recte
1047 365 1221 416 arguitis,

248 431 304 468 sin
328 440 413 468 tunc
442 431 600 468 dixerint
629 430 731 467 vobis
763 443 799 466 se
827 442 896 465 non
923 427 1226 478 obtemperaturos

249 504 336 541 esse,
354 491 482 527 frustra
501 489 659 540 arguitis,
675 489 805 525 frustra
824 485 1029 538 praecipitis.
1045 484 1140 524 Vide
1155 484 1227 522 cri-

249 551 385 588 minum
412 549 752 599 inconsequentiam,
772 557 805 585 et
826 548 1001 598 ingentem
1023 546 1224 584 stultitiam.

250 610 524 661 Sanguinarium
553 609 698 646 demum
723 608 850 645 volunt
870 606 1053 645 ostendere
1080 606 1227 646 Judaeo-

249 684 328 707 rum
358 670 532 717 animum,
562 677 595 705 et
623 668 721 718 quod
750 668 819 720 ipsi
839 681 908 706 non
935 666 1094 705 veritatis
1125 680 1229 704 causa

248 732 324 769 liaec
341 740 460 782 agant,
481 731 542 768 sed
560 740 598 768 ut
617 745 653 767 sc
671 730 901 768 ulciscantur.
922 729 1008 767 Ideo
1032 720 1100 767 no'n
1119 728 1229 766 auda-

250 802 321 830 cter
333 793 419 844 ipsis
430 791 644 844 respondent
656 791 806 843 apostoli
816 790 991 828 :doctores
1004 789 1099 827 enim
1113 798 1228 838 eran13

249 854 313 891 etsi
346 853 424 904 quis
454 866 536 890 cum
564 852 744 890 civitatem
774 860 883 889 totam
916 851 1175 901 commovisset,
1198 859 1231 887 et

249 923 345 952 tanta
363 914 475 951 fultus
504 922 593 951 esset
619 912 750 964 gratia,
768 926 837 949 non
856 925 1027 963 magnum
1047 910 1232 963 quidpiam

249 974 416 1025 loquutus
439 974 551 1011 esset?
571 976 618 1011 At
636 987 706 1010 non
725 971 762 1009 id
780 973 939 1009 fecerunt
953 972 1027 1021 illi,
1046 986 1116 1009 non
1138 972 1230 1009 enim
1254 980 1274 1008 B

249 1035 493 1072 irascebantur
504 1064 514 1083 ,
531 1034 594 1072 sed
614 1033 873 1071 miserabantur
891 1041 926 1069 et
942 1032 1233 1084 lacrymabantur

249 1097 346 1149 illos,
368 1106 402 1135 et
423 1097 681 1145 deliberabant,
704 1093 881 1145 quomodo
897 1094 977 1131 illos
996 1094 1041 1130 ab
1061 1108 1177 1131 errore
1201 1103 1234 1131 et

250 1160 302 1198 ira
320 1159 534 1198 revocarent.
560 1157 640 1195 Non
669 1156 762 1193 ultra
787 1154 909 1191 dicunt
927 1154 1012 1202 illis,
1035 1154 1077 1191 V
1070 1169 1110 1192 os
1122 1155 1231 1205 judi-

250 1230 352 1264 cate;
372 1219 432 1257 sed
450 1219 499 1256 ita
512 1218 719 1256 sententiam
736 1216 867 1265 ferunt,
888 1216 1006 1266 Quem
1026 1216 1132 1253 Deus
1151 1229 1232 1254 sus-

250 1284 409 1325 citavit5
435 1280 520 1317 hinc
548 1279 778 1327 declarantes,
802 1277 877 1313 haec
902 1289 948 1313 ex
969 1276 1139 1313 sententia
1165 1276 1231 1314 Dei

250 1343 339 1380 facta
363 1356 449 1381 esse.
484 1341 563 1378 Non
596 1339 932 1378 dixerunt:Annon
957 1345 1042 1374 tunc
1070 1336 1231 1375 diximus

250 1402 351 1443 vobis
369 1418 376 1439 :
393 1404 484 1440 Non
511 1413 725 1452 possumus,
748 1412 836 1450 qzcae
859 1398 1030 1435 vidimus
1050 1405 1086 1434 et
1115 1399 1230 1435 audi-

250 1468 392 1511 vimus,
419 1476 496 1500 non
515 1463 650 1514 loqui?
668 1474 737 1498 non
756 1458 850 1496 enim
877 1457 1085 1496 contentiosi
1105 1469 1227 1509 erant,

249 1525 308 1563 sed
323 1539 444 1563 rursus
463 1523 586 1561 eadem
604 1522 743 1571 dicunt,
760 1534 899 1559 crucem
912 1533 1050 1571 nempe,
1069 1534 1229 1558 resurre-

248 1586 409 1624 ctionem.
429 1586 551 1635 Neque
568 1583 724 1620 referunt
742 1596 822 1629 cur,
847 1594 910 1618 nec
929 1580 1025 1630 quod
1044 1594 1108 1632 pro
1128 1581 1230 1618 nobis

247 1646 441 1684 crucifixus
470 1644 535 1694 sit,
558 1643 619 1681 sed
637 1641 863 1680 subindicant
884 1641 1044 1692 quidem,
1070 1655 1132 1678 nec
1155 1656 1229 1679 ma-

243 1709 368 1747 nifeste
400 1709 612 1759 loquuntur,
645 1715 684 1743 ut
718 1705 798 1742 illos
834 1703 978 1742 interim
1011 1703 1224 1742 deterreant.

243 1771 416 1816 Quaenam
434 1768 493 1805 hic
512 1766 717 1804 rhetorica?
742 1765 851 1803 Nulla
867 1780 874 1800 τ
891 1764 939 1801 ita
960 1763 1035 1801 sine
1053 1774 1227 1816 apparatu

243 1830 468 1882 evangelium
494 1830 576 1868 vitae
596 1826 849 1879 praedicabant.
869 1824 945 1862 Ubi
964 1822 1074 1874 dixit,
1096 1827 1225 1862 Exal-

243 1896 340 1931 tavit
355 1909 365 1934 ,·
382 1890 535 1941 addidit,
557 1903 625 1940 qua
644 1889 688 1925 de
707 1902 810 1926 causa
828 1903 836 1924 :
855 1886 896 1924 A
899 1888 926 1923 d
958 1888 1131 1924 dandam
1151 1902 1227 1938 poe-

241 1956 445 1992 nitentium
464 1952 619 2000 Israeli,
638 1958 674 1987 et
690 1951 953 1987 remissionem
966 1957 1226 1999 peccatorum.

241 2019 288 2053 At
307 2015 439 2064 dicent,
461 2013 545 2050 Haec
566 2021 651 2050 tunc
677 2009 879 2063 probabilia
907 2023 977 2046 non
996 2008 1222 2049 videbantur.

241 2075 340 2122 Quid
354 2073 467 2112 dicis?
484 2070 663 2124 quomodo
682 2085 751 2108 non
771 2069 974 2122 probabilia
993 2068 1070 2119 illa,
1096 2070 1226 2120 quibus

242 2150 306 2174 nec
316 2135 495 2188 principes
513 2147 575 2171 nec
586 2130 781 2170 multitudo
795 2130 1035 2168 contradicere
1046 2139 1221 2182 poterant,

239 2197 302 2236 sed
318 2196 469 2234 aliorum
489 2194 634 2244 quidem
652 2207 711 2230 ora
733 2191 1009 2239 obturabantur,
1026 2191 1087 2228 alii
1109 2202 1227 2230 autem

240 2256 483 2297 docebantur?
494 2257 530 2292 E
535 2264 547 2292 t
564 2268 632 2292 nos
646 2266 776 2291 sumus
785 2282 798 2299 ,
815 2251 944 2301 inquit,
962 2260 1073 2289 testes
1089 2253 1225 2290 horum

239 2322 459 2357 verborum.
493 2314 681 2361 Quorum?
713 2312 818 2359 Quod
847 2311 1108 2361 remissionem,
1131 2313 1227 2363 quod

239 2378 484 2434 poenitentiam
503 2375 704 2428 promiserit
722 2390 729 2410 :
748 2387 831 2410 nam
852 2373 1061 2410 resurrectio
1081 2373 1117 2410 in
1141 2388 1223 2412 con-

240 2442 330 2479 fesso
344 2439 489 2477 demum
510 2445 596 2474 erat.
618 2433 727 2482 Quod
745 2447 830 2472 vero
845 2432 904 2470 det
920 2433 1176 2483 remissionem,
1193 2444 1226 2472 et

242 2515 304 2539 nos
321 2509 423 2539 testes
441 2511 563 2537 sumus
583 2505 616 2534 et
636 2494 791 2547 Spiritus
810 2502 965 2542 sanctus,
989 2494 1050 2544 qui
1070 2508 1139 2532 non
1163 2509 1224 2533 ve-

241 2563 360 2610 nisset,
377 2561 443 2598 nisi
459 2567 602 2612 peccata
617 2565 697 2594 ante
715 2555 829 2593 soluta
847 2554 1006 2591 fuissent.
1024 2556 1222 2605 Argumen-

242 2633 315 2661 tum
337 2623 452 2673 itaque
470 2618 714 2657 indubitatum
734 2616 800 2653 hoc
829 2624 891 2652 cst.
920 2616 1150 2653 Peccatorum
1167 2630 1222 2654 re-

242 2684 443 2723 missionem
456 2681 569 2729 audis,
581 2679 698 2726 miser,
710 2686 743 2715 et
752 2676 848 2727 quod
858 2690 978 2728 poenas
990 2691 1059 2714 non
1072 2687 1220 2729 repetat,

242 2756 274 2784 ct
283 2745 337 2783 vis
350 2743 534 2794 occidere?
545 2742 589 2779 Et
604 2748 744 2791 quantae
758 2739 825 2775 hoc
839 2737 1004 2787 nequitiae
1014 2752 1083 2776 non
1095 2739 1224 2777 fuerit?

242 2807 351 2857 Atqui
383 2805 566 2857 oportebat
592 2801 647 2841 vel
675 2799 880 2837 mentientes
912 2798 1224 2850 1·edarguere;vel

242 2868 270 2905 si
288 2868 420 2906 nollent
438 2864 589 2911 credere,
608 2875 677 2899 non
696 2859 866 2898 occidere.
879 2859 978 2905 Quid
1000 2861 1094 2897 enim
1112 2871 1224 2899 morte

241 2929 391 2979 dignum
410 2926 506 2964 erat?
529 2928 575 2962 At
593 2922 649 2960 illi
668 2935 738 2973 prae
758 2921 877 2957 furore
897 2934 940 2957 ne
959 2920 1104 2970 quidem
1127 2923 1221 2960 scic-

240 2989 325 3025 bant
342 2987 428 3038 quid
455 2988 587 3023 factum
603 2991 702 3021 esset.
725 2980 837 3027 Vide,
857 2981 1035 3031 quomodo
1054 2981 1113 3019 hic
1128 2983 1219 3020 faci—

241 3063 305 3086 nus
320 3055 567 3095 memorantes,
587 3043 631 3081 de
650 3041 854 3080 remissione
876 3041 1087 3091 loquantur:
1102 3053 1218 3080 osten-

241 3109 360 3147 dentes
381 3108 537 3145 facinora
558 3104 703 3156 quidem
732 3110 844 3139 morte
862 3101 969 3152 digna
988 3116 1073 3148 esse,
1099 3104 1220 3141 remis-

241 3170 373 3207 sionem
390 3182 474 3207 vero
490 3166 590 3218 quasi
610 3162 896 3216 resipiscentibus
913 3161 1002 3200 dari.
1034 3163 1220 3209 Quomodo

283 3309 294 3323 ²
313 3301 448 3336 ἐπῆλθεν,
465 3303 488 3329 εἰ
503 3302 546 3338 μὴ
564 3303 719 3339 πρότερον,
735 3292 781 3325 sic
798 3304 890 3324 unus.

283 3352 296 3362 ⁸
313 3349 390 3392 [Ita
408 3349 446 3379 D.
466 3346 649 3390 Legebatur
671 3344 928 3387 μνημονεύοντες.]

1268 223 1472 252 ΑΚΟΗΙΕΡ.

1516 225 1875 254 CONSTANTINOP-

1295 309 1457 361 ραγγελίᾳ
1474 311 1759 363 παρηγγείλαμεν
1784 314 1878 362 ὑμῖν,
1901 312 2007 363 φησί,
2029 313 2072 350 Εἰ
2095 311 2156 362 μὲν
2175 304 2232 349 οῧν
2250 311 2310 349 καὶ

1293 369 1389 406 αὐτοὶ
1404 369 1613 417 ἐπείσθησαν
1631 375 1727 421 ὑμῖν,
1752 374 1867 415 καλῶς
1893 372 2044 410 εὖθύνετε
2060 388 2067 395 ·
2087 375 2123 413 εἰ
2143 372 2177 409 δὲ
2197 371 2257 409 καὶ
2277 371 2311 415 ἐξ

1293 429 1424 467 ἐκείνου
1445 424 1538 468 εἷπον
1562 430 1609 481 μὴ
1630 432 1877 478 πεισθήσεσθαι
1894 461 1904 478 ,
1922 434 2082 485 περιτταὶ
2101 436 2136 471 αἱ
2156 435 2311 479 εὖθῧναι,

1295 491 1455 540 περιτταὶ
1471 491 1530 528 καὶ
1550 494 1586 529 αἱ
1602 492 1846 543 παραγγελίαι.
1866 492 1962 545 εὈροι
1978 494 2207 544 ἐγκλημάτων
2229 496 2311 532 ἀνα-

1295 550 1487 599 κολουθίαν,
1502 552 1561 590 καὶ
1581 551 1861 603 ὓπερὸάλλουσαν
1881 552 2009 591 ἄνοιαν.
2024 554 2178 596 Φονικὰς
2192 552 2312 591 λοιπὸν

1298 610 1480 660 βούλονται
1504 612 1609 656 δεῖξαι
1631 612 1691 655 τὰς
1711 612 1929 664 προαιρέσεις
1958 615 2027 649 τῶν
2057 613 2245 661 Ἰουδαίων,
2267 615 2313 655 ὡς

1296 673 1334 709 οὐ
1357 671 1402 709 δι’
1419 672 1579 719 ἀλήθειαν
1606 678 1716 712 ταῦτα
1736 672 1941 720 ποιούντων,
1969 673 2045 709 ἀλλ’
2066 671 2155 710 ὥστε
2175 673 2312 723 ἀμύνα-

1298 736 1376 770 σθαι
1397 734 1628 784 βουλομένων.
1647 733 1715 771 Διὰ
1731 737 1830 771 τοῦτο
1850 733 1911 771 καὶ
1930 733 2006 771 οὐδὲ
2027 731 2180 785 θρασέως
2201 735 2315 774 αὐτοῖς

1297 793 1541 846 ἀποκρίνονται
1575 797 1606 832 οἱ
1638 793 1841 832 ἀπόστολοι·
1870 793 2073 832 διδάσκαλοι
2109 792 2176 845 γὰρ
2208 787 2315 839 ἦσαν·

1297 853 1410 891 καίτοι
1433 854 1483 897 τίς
1499 857 1560 892 οὔκ
1580 854 1618 892 ἂν
1639 853 1703 901 τὴν
1726 854 1826 893 πόλιν
1847 854 1985 892 ἅπασαν
2007 853 2291 905 ἀναρτησάμενος
2306 884 2316 901 ,

1298 914 1356 951 καὶ
1372 915 1540 962 τοσαύτης
1558 915 1740 953 ἀπολαύων
1759 916 1924 967 χάριτος,
1946 909 2039 952 εἶπεν
2068 914 2106 952 ἂν
2129 914 2169 960 δή
2194 930 2228 951 τι
2257 914 2316 952 καὶ

1298 974 1483 1027 ἐφθέγξατο
1503 976 1592 1027 μέγα
1606 992 1617 1025 3
1639 976 1729 1014 Ἀλλ’
1748 979 1811 1028 οὐχ
1827 971 1939 1014 οὗτοι·
1966 976 2004 1012 οὐ
2024 974 2091 1027 γὰρ
2111 975 2316 1027 ὠργίζοντο,

1300 1038 1375 1074 ἀλλ’
1393 1037 1515 1083 ἠλέουν
1537 1037 1656 1080 αὐτοὺς
1674 1037 1733 1075 καὶ
1754 1037 1930 1089 ἐδάκρυον,
1950 1036 2010 1074 καὶ
2027 1036 2205 1083 ἐσκόπουν,
2224 1035 2318 1080 ὅπως

1301 1097 1420 1142 αὐτοὺς
1437 1098 1664 1142 ἀπαλλάξωσι
1677 1101 1739 1144 τῆς
1753 1097 1887 1144 πλάνης
1901 1098 1961 1136 καὶ
1972 1102 2031 1136 τοῦ
2047 1101 2166 1147 θυμοῦ.
2175 1096 2245 1135 Καὶ
2257 1098 2318 1135 οὔκ

1301 1159 1350 1196 ἔτι
1363 1159 1501 1210 λέγουσι
1525 1159 1610 1210 πρὸς
1630 1159 1772 1205 αὐτοὺς,
1790 1158 1912 1209 ζΥμεῖς
1932 1158 2090 1210 κρίνατε·
2120 1159 2197 1196 ἀλλ’
2225 1160 2316 1196 ἀπο-

1300 1219 1479 1271 φαίνονται
1510 1219 1688 1270 λέγοντες,
1721 1219 1787 1258 ὣΟν
1807 1223 1824 1257 ὃ
1850 1219 1939 1263 Θεὸς
1965 1219 2100 1272 ἤγειρε·
2122 1218 2177 1256 διὰ
2195 1218 2316 1258 τούτου

1299 1282 1500 1328 δηλοῦντες,
1529 1280 1583 1319 ὅτι
1606 1280 1696 1317 κατὰ
1713 1280 1854 1332 γνώμην
1872 1284 1930 1318 τοῦ
1958 1282 2050 1318 Θεοῦ
2077 1280 2186 1318 ταῦτά
2211 1282 2317 1319 ἐστιν.

1298 1344 1373 1381 Οὔκ
1393 1336 1487 1380 εἷπον
1509 1341 1557 1388 δὲ,
1584 1341 1638 1380 ὅτι
1658 1344 1718 1379 οὐκ
1737 1341 1878 1392 εἴπομεν
1896 1345 1975 1392 ὑμῖν
1998 1342 2057 1380 καὶ
2075 1341 2151 1379 τότε
2165 1371 2175 1388 ,
2193 1341 2318 1392 εΗμεῖς

1297 1405 1334 1441 οὗ
1355 1403 1550 1453 δυνάμεθα,
1569 1402 1590 1439 ἃ
1611 1402 1743 1453 εἴδομεν
1773 1402 1832 1439 καὶ
1865 1402 2078 1452 ἠκούσαμεν,
2113 1401 2160 1452 μὴ
2179 1403 2318 1450 λαλεῖν,

1298 1467 1336 1503 οὐ
1370 1465 1438 1517 γάρ
1468 1467 1534 1502 εἶσι
1567 1464 1761 1517 φιλότιμοι·
1784 1463 1874 1502 ἀλλὰ
1893 1463 1999 1502 πάλιν
2027 1463 2071 1501 τὰ
2100 1464 2186 1502 αὐτά
2213 1479 2317 1516 φασι,

1298 1524 1355 1562 τὸν
1384 1525 1541 1577 σταυρὸν,
1559 1525 1622 1571 τὴν
1646 1524 1847 1563 ἀνάστασιν.
1867 1523 1938 1562 Καὶ
1968 1525 2005 1562 οὐ
2036 1523 2193 1575 λέγουσι,
2210 1523 2266 1562 διὰ
2283 1524 2318 1562 τί

1298 1585 1518 1638 ἐσταυρώθη,
1549 1587 1602 1625 ὅτι
1635 1585 1720 1637 ὑπὲρ
1741 1587 1860 1636 {sos-iv·
1891 1587 1967 1624 ἀλλ’
2001 1585 2208 1623 αἰνίττονται
2241 1585 2316 1637 μὲν,

1297 1647 1393 1686 οὔπω
1413 1646 1448 1685 δὲ
1469 1650 1643 1700 φανερῶς,
1666 1647 1751 1691 τέως
1777 1646 1896 1690 αὐτοὺς
1926 1647 2078 1699 φοδῆσαι
2101 1646 2316 1698 βουλόμενοι.

1296 1709 1387 1747 Εἰπέ
1420 1725 1497 1759 μοι,
1528 1709 1612 1747 ποία
1633 1708 1794 1761 ῥητορεία
1823 1711 1988 1754 ἐνταῦθας
2017 1707 2196 1759 Οὐδεμία·
2227 1707 2316 1747 οὕτω

1294 1770 1400 1822 χωρὶς
1421 1773 1640 1815 κατασκευῆς
1656 1770 1695 1807 τὸ
1710 1774 1771 1816 τῆς
1794 1771 1883 1815 ζωῆς
1902 1769 2087 1822 ἐκήρυττον
2105 1769 2315 1821 εὐαγγέλιον.

1295 1829 1415 1868 Εἰπὼν
1432 1830 1467 1867 δὲ
1479 1860 1488 1877 ,
1505 1829 1557 1868 ὅτι
1573 1830 1737 1882 υΥψωσε,
1758 1829 1854 1881 λέγει
1880 1829 1939 1867 καὶ
1967 1829 2025 1867 ἐπὶ
2050 1829 2138 1878 τίνι,
2156 1829 2240 1868 Ἐπὶ
2265 1834 2315 1883 τῷ

1294 1892 1411 1929 ’δοῦναι
1443 1890 1640 1941 μετάνοιαν,
1661 1890 1810 1942 ἐπάγων,
1842 1893 1892 1941 τῷ
1926 1890 2091 1941 Ἰσραὴλ,
2112 1889 2170 1928 καὶ
2190 1890 2312 1942 ἄφεσιν

1294 1952 1486 2004 ἁμαρτιῶν.
1517 1952 1608 1989 Ἀλλ’
1638 1951 1789 1989 ἀπίθανα
1817 1956 1925 1988 ταῦτα
1941 1950 2028 1994 τέως
2055 1951 2187 1998 ἐδόκει,
2216 1952 2312 2003 φασί.

1292 2013 1339 2051 Τί
1352 2012 1486 2065 λέγεις,
1504 2012 1563 2050 καὶ
1578 2015 1652 2056 πῶς
1670 2014 1708 2051 οὖ,
1723 2011 1852 2050 πιθανὰ
1875 2013 2018 2061 μᾶλλον,
2041 2006 2088 2054 οἷς
2106 2027 2146 2062 γε
2166 2013 2227 2050 οὐκ
2246 2012 2312 2064 ἅρ-

1291 2089 1411 2126 χοντες
1427 2076 1600 2111 ἀντειπεῖν
1619 2066 1728 2124 εἶχον,
1756 2073 1794 2109 οὔ
1813 2073 1944 2117 πλῆθος
1957 2087 1964 2094 ·
1991 2073 2068 2110 ἀλλ’
2097 2074 2128 2109 οἳ
2148 2072 2210 2123 μὲν
2235 2074 2315 2111 ἐπε-

1294 2134 1515 2185 στομίζοντο,
1544 2135 1574 2171 οἳ
1606 2133 1641 2171 δὲ
1675 2133 1912 2180 ἐδιδάσκοντο,
1947 2132 2017 2170 Καὶ
2051 2135 2172 2183 ἡμεῖς,
2205 2134 2310 2186 φησὶ,

1294 2195 1464 2247 μάρτυρες
1492 2197 1559 2231 τῶν
1583 2194 1749 2245 ῥημάτων
1777 2193 1906 2231 τούτων
1936 2192 2052 2243 ἐσμέν.
2071 2194 2207 2242 Ποίων;
2225 2193 2312 2233 “Οτι

1294 2256 1426 2306 ἄφεσιν,
1455 2254 1508 2292 ὅτι
1538 2255 1719 2305 μετάνοιαν
1749 2253 1997 2305 ἐπηγγείλατο·
2018 2257 2038 2299 ἡ
2057 2254 2118 2304 μὲν
2134 2255 2201 2308 γὰρ
2223 2257 2312 2295 ἀνά-

1295 2331 1415 2357 στασις
1447 2308 1489 2360 ἦν
1519 2313 1639 2352 λοιπὸν
1661 2313 1927 2364 ὣμολογημένη.
1947 2312 2034 2351 ΕὈτι
2059 2313 2094 2352 δὲ
2120 2315 2241 2366 ἄφεσιν
2263 2317 2312 2354 δί-

1295 2377 1412 2419 δωσιν,
1434 2380 1535 2425 ἡμεῖς
1555 2379 1809 2426 μαρτυροῦμεν,
1833 2374 1892 2411 καὶ
1916 2374 1954 2411 τὸ
1973 2376 2120 2425 Πνεῦμα
2143 2376 2182 2414 τὸ
2201 2377 2312 2427 ἅγιον,

1294 2437 1312 2474 ὂ
1330 2439 1390 2474 οὐκ
1413 2436 1452 2473 ἂν
1480 2440 1495 2455 ‘¹

1507 2437 1658 2483 ἐπῆλθε,
1688 2435 1735 2485 μὴ
1756 2435 1921 2488 πρότερον
1946 2437 2013 2472 τῶν
2040 2437 2220 2489 ἁμαρτιῶν
2249 2440 2313 2476 λυ-

1294 2500 1414 2535 Θεισῶν
1429 2512 1434 2518 ·
1452 2495 1542 2533 ὥστε
1559 2495 1866 2547 ἀναμφισὸήτητον
1884 2495 2070 2547 τεκμήριον
2090 2497 2190 2535 τοῦτο’
2205 2499 2311 2538 ἐστιν.

1292 2557 1429 2608 Ἄφεσιν
1452 2556 1717 2607 ἁμαρτημάτων
1743 2555 1894 2603 ἀκούεις,
1921 2556 2032 2603 αὊλιε,
2054 2557 2113 2594 καὶ
2129 2557 2182 2596 ὅτι
2201 2560 2238 2596 οὗ
2257 2559 2312 2597 δί-

1291 2634 1354 2665 κην
1377 2621 1537 2663 ἀπαιτεῖ,
1567 2617 1625 2654 καὶ
1656 2616 1769 2668 ΙΒούλει
1798 2618 1946 2657 ἀνελεῖνς
1979 2617 2048 2655 Καὶ
2067 2618 2177 2666 πόσης
2201 2623 2313 2657 ταῦτα

1291 2680 1369 2730 οὔχὶ
1388 2678 1530 2722 κακίας;
1554 2677 1678 2716 Καίτοι
1705 2677 1727 2724 ἢ
1752 2677 1923 2728 διελέγξαι
1942 2679 2172 2730 ψευδομένους
2191 2683 2310 2733 ἐχρῆν,

1291 2740 1312 2786 ἢ
1334 2739 1382 2789 μὴ
1414 2739 1640 2789 δυναμένους,
1676 2742 1877 2784 πεισθῆναι·
1916 2741 1944 2775 εἷ
1978 2738 2013 2776 δὲ
2048 2739 2095 2788 μὴ
2132 2740 2312 2780 ἐδούλοντο

1291 2803 1494 2847 πεισθῆναι,
1517 2798 1565 2849 μὴ
1588 2800 1731 2836 ἀνελεῖν.
1755 2797 1803 2835 Τι’
1818 2798 1886 2850 γὰρ
1905 2793 1946 2844 ἦν
1966 2799 2174 2851 ἀναιρέσεως
2193 2799 2310 2849 ἅξιον;

1292 2864 1337 2899 Οἱ
1369 2861 1404 2898 δὲ
1432 2860 1498 2898 ὑπὸ
1517 2863 1576 2897 τοῦ
1600 2862 1706 2908 θυμοῦ
1724 2857 1799 2896 οὐδὲ
1827 2860 1978 2896 συνεῖδον
2004 2859 2043 2896 τὸ
2067 2860 2308 2910 γεγενημένον.

1290 2922 1404 2973 υΟρα,
1423 2924 1497 2964 πῶς
1518 2922 1662 2958 ἐνταῦθα
1687 2919 1706 2938 *
1722 2919 2018 2969 μνημονεύσαντες
2039 2924 2097 2957 τοῦ
2118 2921 2308 2972 τολμήμα-

1291 3000 1367 3031 τος,
1400 2981 1479 3035 περὶ
1511 2980 1663 3032 ἀφέσεως
1693 2980 1931 3031 διαλέγονται,
1956 2980 2163 3028 δεικνύντες,
2194 2985 2246 3020 ὅτι
2264 2983 2308 3022 τὰ

1294 3043 1354 3094 μὲν
1388 3041 1601 3095 γεγενημένα
1632 3039 1711 3083 ἄξια
1741 3040 1907 3088 Θανάτου,
1937 3040 1979 3078 τὰ
2012 3040 2047 3080 δὲ
2075 3042 2235 3092 διδόμενα
2261 3045 2309 3087 ὡς

1293 3104 1308 3124 ¹³
1320 3103 1529 3155 εὐγνώμοσιν
1549 3101 1709 3140 ἐδίδοντο.
1733 3102 1816 3144 Πῶς
1835 3101 1873 3138 ἂν
1893 3102 2006 3144 ἄλλως
2023 3119 2075 3146 τις
2094 3104 2230 3141 ἔπεισεν
2248 3107 2307 3142 αὖ·

1293 3165 1370 3207 τοὺς
1385 3163 1406 3209 ἢ
1423 3166 1469 3207 ὡς
1485 3163 1747 3212 εὐδοκιμοῦντας
1763 3160 1887 3211 εἰπών,
1906 3163 1974 3200 Καὶ
1993 3162 2056 3214 ὅρα
2076 3163 2140 3210 τὴν
2159 3179 2308 3217 κακουρ-

1347 3295 1362 3317 ¹³
1381 3293 1479 3326 Savil.
1501 3298 1537 3331 ὡς
1554 3297 1717 3338 εὲεργέταες
1735 3294 1870 3325 §trev-aro.
