2502 3810
700 244 740 272 IN
783 243 898 273 ACTA
932 232 1266 271 APOSTOLORUM
1300 231 1456 262 HOMIL.
1493 233 1654 264 xxxin.

143 330 256 366 στολοι
275 327 334 365 καὶ
359 327 390 364 οἱ
415 325 643 378 πρεσδύτεροι
668 324 727 362 καὶ
757 327 788 363 οἱ
815 323 956 376 ἀδελφοὶ
974 326 1045 365 τοῖς
1065 316 1156 357 κατὰ

141 388 349 440 Ἀντιόχειαν
369 388 428 425 καὶ
449 386 578 439 Συρίαν
604 386 662 423 καὶ
684 386 844 424 Κιλικίαν
865 386 1021 436 ἀδελφοῖς
1037 387 1107 424 τοῖς
1123 378 1157 422 ἐξ

142 452 244 487 ἐθνῶν
265 449 412 501 χαίρειν.
432 447 578 493 Ἐπειδὴ
602 446 816 497 ἠκούσαμεν,
829 446 882 484 ὅτι
901 445 989 487 τινὲς
1010 443 1043 488 ἐξ
1057 445 1157 493 ἡμῶν

141 509 310 561 ἐτάραξαν
343 513 454 559 ὑμᾶς,
485 508 599 560 λόγοις
630 508 919 551 ἀνασκευάζοντες
950 505 1012 548 τὰς
1046 503 1160 556 ψυχὰς

141 573 251 621 ὑμῶν,
272 570 429 623 λε’γοντες
447 569 691 623 ι’περιτέμνειν
731 568 853 613 αὐτοὺς
883 567 928 606 τὰ
956 566 1082 614 τέκνα,
1101 564 1160 603 καὶ

141 637 258 682 τηρεῖν
287 631 345 669 τὸν
375 632 491 682 νόμον,
529 626 576 674 οἷς
609 633 646 669 οὐ
682 629 958 680 διεστειλάμεθα.
992 626 1161 678 Ἀρκοῦσα

143 692 231 738 αὕτη
246 693 438 744 κατηγορία
453 696 514 738 τῆς
528 691 666 730 ἐκείνων
684 689 911 744 προπετείας,
930 688 989 726 καὶ
1004 686 1082 731 ἀξία
1100 689 1162 731 τῆς

143 756 210 790 τῶν
234 754 435 791 ἀποστόλων
453 752 638 796 ἐπιεικείας
660 751 755 790 οὐδὲν
787 749 998 802 μακρότερον
1026 746 1162 798 εἰρηκό-

142 830 221 852 των.
235 814 376 858 Ἔδοξεν
393 817 477 864 ἡμῖν
499 813 692 865 γενομένοις
713 810 945 862 ὁμοθυμαδὸν,
971 807 1161 858 ἐκλεξαμέ-

142 891 218 918 νους
235 875 358 926 ἄνδρας
382 875 520 927 πέμψαι
541 873 626 924 πρὸς
651 877 739 922 ὑμᾶς
752 902 761 919 ,
783 871 842 910 σὺν
869 876 941 920 τοῖς
971 871 1162 920 ἀγαπητοῖς

143 939 242 986 ἡμῶν
269 935 434 988 Βαρνάὸᾳ
462 934 520 973 καὶ
542 934 694 986 Παύλῳ,
726 932 871 983 ἀνδράσι
896 928 1163 982 παραδεδωκόσι

143 996 204 1038 τὰς
222 996 334 1048 ψυχὰς
354 999 464 1034 αὐτῶν
482 995 569 1047 ὑπὲρ
585 998 644 1032 τοῦ
665 993 830 1044 ὀνόματος
841 996 899 1029 τοῦ
920 990 1047 1043 Κυρίου
1061 992 1161 1039 ἡμῶν

144 1057 259 1103 Ἰησοῦ
275 1058 436 1107 Χριστοῦ.
460 1055 568 1093 ‘'sse-ce
583 1054 713 1100 δεῖξαι,
732 1053 784 1091 ὅτι
804 1055 841 1091 οὐ
859 1054 1070 1103 τυραννικῶς
1083 1081 1092 1096 ,
1109 1049 1163 1088 ὅτι

143 1123 229 1155 πᾶσι
249 1121 359 1154 ταῦτα
379 1118 488 1163 δοκεῖ,
510 1115 562 1153 ὅτι
585 1114 673 1166 μετὰ
702 1113 915 1165 ἐπισκέψεως
940 1116 1050 1150 ταῦτα
1078 1111 1164 1162 γρά-

142 1191 272 1228 φουσιν.
301 1176 567 1226 Ἐκλεξάμενοι,
597 1170 706 1223 εἶπεν,
736 1175 860 1225 ἀνδρας
880 1173 913 1217 ἐξ
938 1174 1053 1223 ἡμῶν.
1075 1166 1165 1210 Εἶτα

142 1236 196 1274 ἵνα
217 1237 264 1287 μὴ
283 1236 362 1288 δόξῃ
396 1236 541 1283 διαὸολὴ
567 1229 655 1274 εἶναι
683 1235 824 1273 Παύλου
845 1233 905 1272 καὶ
930 1233 1098 1285 Βαρνάὸα
1125 1234 1166 1273 τὸ

142 1299 291 1342 ἐκείνους
312 1300 569 1346 ἀποσταλῆναι,
592 1297 656 1349 ὅρα
683 1297 727 1335 τὰ
747 1296 906 1347 ἐγκώμια
935 1298 1048 1333 αὐτῶν
1063 1311 1070 1318 ·
1092 1294 1165 1334 Ἀν-

143 1360 312 1412 θρώποις,
333 1360 417 1411 φησὶ
433 1390 442 1407 ,
462 1357 726 1412 παραδεδωκόσι
742 1358 804 1401 τὰς
822 1356 936 1409 ψυχὰς
952 1358 1063 1395 αὐτῶν
1079 1356 1165 1409 ὑπὲρ

146 1426 203 1459 τοῦ
218 1420 384 1471 ὀνόματος
402 1424 460 1457 τοῦ
480 1419 608 1471 Κυρίου
623 1422 723 1470 ’ἡμῶν
743 1418 859 1465 Ἰησοῦ
878 1419 1046 1470 Χριστοῦ.
1066 1417 1166 1455 Ἀπε-

145 1481 343 1531 στάλκαμεν
371 1475 427 1520 οῦν
445 1480 574 1519 Ἰούδαν
595 1480 654 1518 καὶ
670 1479 791 1526 Σίλαν,
813 1478 872 1517 καὶ
890 1478 1010 1522 αὐτοὺς
1027 1478 1084 1517 διὰ
1102 1478 1166 1516 λό-

144 1558 204 1593 γου
237 1542 520 1594 ἀπαγγέλλοντας
551 1542 595 1580 τὰ
628 1541 729 1580 αὐτά.
745 1540 869 1585 Ἔδοξε
897 1540 966 1592 γὰρ
995 1543 1045 1592 τῷ
1078 1540 1167 1594 ἁγίῳ

145 1603 327 1653 Πνεύματι
344 1604 404 1641 καὶ
419 1607 517 1653 ἡμῖν.
542 1603 629 1654 Ἄρα
648 1602 742 1640 οὐδὲν
759 1601 985 1653 ἀνθρώπινον,
1003 1604 1031 1640 εἷ
1048 1602 1166 1640 Πνεύ-

152 1680 237 1714 ματι
256 1668 366 1702 ταῦτα
380 1665 485 1702 δοκεῖ.
507 1663 628 1710 Μηδὲν
645 1663 747 1702 πλέον
767 1662 981 1701 ἐπιτίθεσθαι
998 1665 1079 1712 ὑμῖν
1101 1663 1168 1714 βά-

154 1741 219 1776 ρος.
252 1725 366 1762 Πάλιν
398 1724 502 1776 βάρος
530 1723 586 1761 τὸν
619 1722 723 1774 νόμον
752 1725 863 1761 καλεῖ.
883 1717 974 1761 Εἶτα
995 1722 1054 1761 καὶ
1083 1723 1169 1775 ὑπὲρ

153 1787 264 1822 αὐτῶν
281 1784 409 1822 τούτων
430 1785 664 1834 ἀπολογεῖται.
680 1784 781 1831 Πλὴν
799 1787 868 1822 τῶν
888 1784 1081 1835 ἐπάναγκες
1094 1784 1171 1822 τούν

151 1861 231 1892 των,
248 1845 441 1897 ἀπέχεσθαι
458 1843 690 1883 εἰδωλοθύτων
706 1845 765 1883 καὶ
778 1851 921 1884 πνικτοῦ
936 1845 995 1883 καὶ
1010 1845 1172 1897 πορνείας

151 1906 210 1944 καὶ
230 1906 394 1957 αἵματος,
412 1906 445 1951 ἐξ
465 1900 510 1944 ὧν
527 1907 768 1958 διατηροῦντες
784 1905 942 1950 ἑαυτοὺς,
960 1901 996 1945 εῦ
1011 1906 1170 1960 πράξετε.

149 1970 271 2006 Ταῦτα
296 1971 316 2013 ἡ
348 1967 460 2013 Καινὴ
494 1969 530 2005 οὐ
559 1966 773 2005 διετάττετο·
805 1969 958 2019 οὐδαμοῦ
990 1969 1057 2020 γὰρ
1090 1969 1171 2020 περὶ

150 2029 279 2067 τούτων
294 2028 452 2080 διελέχθη
468 2032 485 2067 ὃ
500 2029 648 2082 Χριστός
663 2044 671 2052 ·
692 2031 768 2067 ἀλλ’
786 2030 855 2068 ἀπὸ
869 2035 927 2068 τοῦ
943 2030 1047 2080 νόμου
1063 2035 1171 2069 ταῦτα

149 2089 377 2139 λαμίῗάνουσι.
395 2089 464 2127 Καὶ
480 2093 642 2136 πνικτοῦ,
660 2090 778 2142 φησίν.
801 2089 974 2128 Ἐνταῦθα
992 2091 1050 2129 τὸν
1070 2092 1170 2142 φόνον

150 2149 332 2201 (ἀνείργει.
354 2152 400 2188 Οἱ
420 2150 482 2200 μὲν
499 2145 555 2188 οῦν
578 2151 807 2194 ἀπολυθέντες
821 2181 830 2199 ,
851 2146 952 2197 ἱἦλθον
973 2154 1019 2195 εἷς
1039 2152 1168 2191 Ἀντιό-

1184 2190 1232 2214 255

2115 215 2198 260 281

1227 313 1383 352 scribant
1400 329 1408 350 :
1429 314 1624 367 Apostoli,
1648 317 1814 355 seniores
1832 322 1865 351 et
1870 313 2027 366 fratres
2050 313 2110 357 iis,
2142 314 2209 363 qui

1229 383 1317 413 sunt
1332 375 1572 427 Antiochia»,
1598 379 1639 414 in
1653 377 1772 425 Syria
1792 384 1829 413 et
1848 377 1889 412 in
1910 374 2052 412 Cilicia
2061 373 2211 424 fratri-

1232 438 1302 474 bus
1325 439 1392 488 qui
1418 451 1465 474 ex·
1491 440 1680 489 gentibus,
1704 437 1883 475 salutem.
1917 435 1982 472 94.
2019 435 2214 484 Quoniam

1232 498 1451 536 audivimus
1473 502 1566 550 quia
1587 500 1747 551 quidam
1764 513 1810 535 ex
1832 498 1940 534 nobis
1961 497 2213 533 turbaverunt

1232 573 1318 605 vos,
1341 562 1470 597 verbis
1487 569 1699 598 evertentes
1718 563 1872 597 animas
1890 565 2061 603 vostras,
2083 557 2213 593 dicen-

1236 628 1290 658 tes
1307 629 1350 657 ut
1359 622 1692 658 circumcidamini
1707 629 1742 658 et
1753 622 1909 658 servetis
1926 619 2060 669 legem,
2077 617 2214 668 quibus

1236 695 1315 718 non
1326 683 1611 721 mandavimus.
1634 682 1819 720 Sufficiens
1830 690 1903 719 erat
1917 679 2093 718 accusatio
2108 687 2216 716 teme-

1235 742 1350 780 ritatis
1375 743 1535 791 illorum,
1569 752 1602 780 et
1631 743 1740 793 digna
1767 742 2010 794 apostolorum
2036 739 2215 791 aequitate,

1236 802 1327 839 nihil
1347 804 1461 854 majus
1484 803 1578 840 ultra
1596 801 1804 840 dicentium.
1834 802 1897 840 25,
1929 802 2087 839 Placuit
2109 802 2217 838 nobis

1237 863 1409 901 collectis
1429 866 1470 900 in
1501 877 1620 901 unum
1644 864 1784 914 eligere
1809 865 1916 900 viros
1940 871 1976 899 et
1996 865 2145 898 mittere
2167 862 2220 898 ad

1237 938 1323 970 νος,
1342 937 1430 962 cum
1444 926 1654 962 carissimis
1672 926 1813 961 nostris
1825 924 2014 961 Barnaba
2027 930 2063 959 et
2073 922 2217 967 Paulo,

1238 987 1302 1025 26.
1325 988 1424 1023 viris
1441 988 1508 1038 qui
1526 986 1773 1024 tradiderunt
1792 987 1946 1022 animas
1966 996 2056 1021 suas
2070 995 2140 1034 pro
2158 995 2220 1018 no-

1238 1048 1341 1083 mine
1358 1047 1521 1084 Domini
1535 1048 1657 1084 nostri
1673 1046 1703 1083 J
1702 1059 1768 1083 esu
1788 1046 1946 1083 Christi.
1963 1044 2085 1093 Itaque
2104 1051 2221 1080 osten-

1237 1106 1349 1157 ditur,
1371 1121 1441 1145 non
1461 1107 1646 1160 tyrannice
1667 1121 1742 1144 rem
1765 1106 1839 1157 agi,
1860 1104 2026 1143 omnibus
2048 1103 2125 1141 baee
2146 1103 2222 1155 pla-

1239 1183 1331 1220 cere,
1365 1178 1399 1208 et
1424 1169 1502 1207 haec
1532 1183 1615 1207 cum
1642 1168 1898 1207 deliberatione
1921 1165 2041 1205 scribi.
2070 1166 2223 1214 Electos,

1240 1232 1419 1283 inquiunt,
1448 1233 1547 1271 viros
1566 1247 1611 1271 ex
1630 1232 1743 1270 nobis.
1778 1230 1918 1269 Deinde
1938 1244 1980 1267 ne
1997 1228 2159 1268 videatur
2179 1243 2224 1266 ex

1241 1294 1420 1332 calumnia
1439 1294 1544 1332 Pauli
1566 1302 1599 1332 et
1622 1293 1794 1332 Barnabae
1816 1292 1898 1330 illos
1922 1291 2028 1340 mitti,
2046 1290 2225 1343 perpende

1240 1355 1364 1394 laudes
1389 1356 1576 1408 ipsorum:
1611 1357 1725 1401 Viris,
1758 1353 1937 1405 inquiunt,
1964 1355 2031 1405 qui
2050 1352 2225 1390 tradide-

1241 1426 1333 1456 runt
1355 1420 1510 1455 animas
1537 1430 1627 1455 suas
1652 1430 1722 1468 pro
1747 1418 1900 1453 nomine
1928 1415 2090 1452 Domini
2107 1415 2227 1450 nostri

1242 1479 1336 1516 Jesu
1355 1479 1513 1516 Christi.
1537 1478 1600 1515 ΞΤ.
1632 1478 1810 1514 Misimus
1835 1489 1924 1527 ergo
1951 1474 2100 1512 Jztdam
2116 1482 2153 1511 et
2170 1474 2227 1512 Si-

1244 1540 1338 1587 lam,
1371 1541 1439 1592 qui
1456 1547 1493 1577 et
1516 1541 1590 1592 ipsi
1608 1540 1721 1576 vohis
1745 1539 1877 1575 verbis
1895 1537 2066 1588 reserent
2081 1536 2227 1574 eadem.

1244 1603 1307 1640 98.
1330 1602 1463 1639 Visum
1487 1608 1543 1639 est
1572 1602 1675 1637 enim
1702 1599 1861 1650 Spiritui
1890 1606 2025 1636 sancto
2047 1605 2082 1634 et
2103 1598 2226 1634 nobis.

1243 1661 1345 1699 Nihil
1374 1674 1457 1712 ergo
1487 1660 1699 1709 humanum⁷
1730 1659 1758 1697 si
1790 1658 1948 1711 Spiritus
1980 1657 2054 1695 haec
2083 1665 2225 1694 statuat.

1244 1723 1360 1760 Nihil
1378 1722 1483 1759 ultra
1507 1724 1652 1773 imponi
1674 1722 1787 1758 vobis
1809 1722 1946 1757 oneris.
1963 1719 2123 1757 Rursum
2141 1732 2229 1756 onus

1245 1791 1373 1821 vocant
1395 1782 1524 1833 legem.
1557 1781 1650 1818 Hinc
1677 1780 1722 1818 de
1751 1779 1825 1817 illis
1854 1779 1941 1831 ipsis
1960 1779 2132 1816 rationem
2152 1778 2229 1816 red-

1245 1843 1347 1881 dunt.
1376 1843 1464 1880 Nisi
1487 1841 1565 1879 lzaec
1581 1843 1812 1888 necessaria,
1839 1840 1904 1877 29.
1936 1847 1978 1876 ut
2004 1841 2230 1877 abstineatis

1246 1919 1319 1943 vos
1340 1906 1389 1942 ab
1419 1903 1628 1941 immolatis
1646 1902 1947 1940 simulacrorum
1973 1909 2010 1938 et
2032 1902 2229 1953 suffocato

1247 1975 1284 2003 et
1309 1966 1574 2018 fornicatione
1600 1973 1637 2001 et
1655 1965 1856 2015 sanguine,
1890 1976 1915 2000 a
1937 1964 2075 2014 quibus
2103 1970 2229 1999 custo—

1247 2029 1395 2066 dientes
1413 2041 1499 2074 ‘vos‚
1520 2029 1614 2064 bene
1627 2029 1762 2078 agetis.
1781 2025 1865 2062 Haec
1878 2039 1970 2063 nova
1978 2024 2038 2062 lex
2054 2038 2123 2062 non
2140 2039 2229 2076 prae-

1247 2089 1355 2141 cipit:
1374 2102 1548 2139 nusquam
1567 2087 1663 2125 enim
1677 2086 1722 2124 de
1736 2086 1965 2137 hisloquutus
1981 2094 2031 2123 est
2047 2085 2225 2135 Christus;

1247 2149 1311 2187 sed
1336 2164 1356 2187 a
1378 2149 1455 2199 lege
1483 2148 1559 2185 haec
1591 2155 1747 2185 sumunt.
1777 2147 1832 2184 Et
1853 2146 2067 2198 suffocato,
2102 2145 2227 2196 inquit.

150 2226 262 2261 χειαν,
292 2211 349 2248 καὶ
382 2210 632 2262 συναγαγόντες
651 2210 690 2248 τὸ
710 2213 841 2258 πλῆθος
854 2241 864 2258 ,
898 2212 1075 2251 ἐπέδωκαν
1106 2213 1170 2261 τὴν
1198 2228 1220 2256 Α
1248 2209 1317 2247 Hic
1337 2208 1470 2246 caedem
1486 2207 1639 2245 cohibet.
1662 2207 1727 2244 50.
1747 2206 1816 2243 Illi
1832 2219 1920 2257 ergo
1944 2206 2093 2243 dimissi
2113 2220 2230 2243 vene-

151 2269 348 2316 ἐπιστολήν.
365 2270 582 2322 Ἀναγνόντες
611 2272 665 2318 δὲ,
697 2271 875 2323 ἐχάρησαν
909 2272 966 2310 ἐπὶ
994 2275 1038 2324 τῇ
1057 2289 1171 2325 παρα·

151 2331 285 2377 κλήσει.
318 2326 407 2369 Εἶτα
430 2333 555 2380 δηλῶν,
580 2333 634 2371 ὅτι
660 2335 814 2371 κάκεῖνοι
834 2333 955 2377 αὐτοὺς
973 2336 1170 2389 παρεκάλε-

151 2406 227 2438 σαν,
271 2392 466 2444 ἐπήγαγεν·
499 2392 631 2436 Ἰούδας
657 2409 696 2431 τε
725 2393 784 2431 καὶ
813 2394 941 2442 Σίλας,
975 2396 1035 2434 καὶ
1075 2397 1173 2436 αὐτοὶ

150 2455 324 2505 προφῆται
345 2453 437 2496 ὄντες
453 2482 462 2499 ,
482 2453 537 2491 διὰ
557 2454 660 2505 λόγου
681 2456 810 2493 πολλοῦ
829 2456 1073 2507 παρεκάλεσαν
1093 2459 1172 2503 τοὺς

151 2514 337 2565 ἀδελφοὺς,
366 2515 425 2552 καὶ
454 2515 696 2566 ἐπεστήριξαν.
727 2517 945 2564 Ποιήσαντες
973 2518 1007 2556 δὲ
1035 2519 1171 2572 χρόνον,

150 2575 371 2622 ἀπελύθησαν
391 2578 465 2626 μετ’
482 2577 620 2628 εἰρήνης
645 2577 711 2616 ὑπὸ
732 2580 800 2616 τῶν
819 2579 976 2631 ἀδελφῶν
993 2581 1077 2633 πρὸς
1096 2581 1173 2626 τοὺς

151 2636 377 2681 ἀποστόλους.

202 2826 333 2865 Οὐκέτι
352 2826 490 2871 στάσεις
511 2827 569 2866 καὶ
600 2828 732 2879 μάχαι·
760 2828 812 2866 διὸ
834 2829 892 2866 καὶ
918 2829 1174 2880 βεὲαιώσαντες

154 2887 273 2930 αὐτοὺς
292 2889 444 2935 ἀπῆλθον
466 2890 540 2940 μετ’
557 2889 694 2940 εἰρήνης
711 2904 719 2910 ·
739 2889 824 2942 πρὸς
838 2889 904 2941 γὰρ
922 2892 1061 2929 Παῦλον
1081 2893 1173 2944 φιλο-

153 2946 342 2999 νεικότερον
359 2948 540 2987 διέκειντο·
557 2949 615 2986 καὶ
625 2949 745 2987 λοιπον
761 2952 900 2994 Παῦλος
917 2951 1085 2990 διδάσκει.
1101 2953 1173 2991 Οὔ-

1247 2279 1338 2309 runt
1356 2269 1630 2315 Antiochiam,
1655 2276 1689 2306 et
1716 2276 1950 2319 congregata
1967 2267 2230 2315 multitudine,

1247 2331 1491 2370 tradiderunt
1502 2329 1716 2382 epistolam.
1728 2328 1770 2365 51
1783 2357 1790 2364 .
1808 2328 1932 2377 Quam
1940 2340 2027 2364 cum
2038 2327 2229 2378 legissent,

1245 2394 1371 2445 gavisi
1390 2400 1480 2429 sunt
1499 2403 1613 2442 super
1631 2390 1907 2428 consolatione.
1926 2389 2049 2425 Postea
2065 2396 2104 2425 ut
2115 2397 2230 2426 osten-

1247 2455 1309 2492 dat
1325 2453 1504 2505 quomodo
1520 2452 1600 2490 illos
1616 2451 1786 2490 consolati
1804 2451 1886 2500 sint,
1908 2449 2031 2488 subdit
2046 2465 2054 2486 :
2077 2451 2140 2489 52.
2158 2451 2189 2488 J
2188 2465 2231 2488 u·

1248 2518 1319 2555 das
1336 2525 1466 2554 autem
1485 2524 1522 2553 et
1539 2515 1655 2560 Silas,
1677 2522 1711 2551 et
1731 2516 1804 2565 ipsi
1823 2527 1908 2550 cum
1929 2521 2053 2550 essent
2067 2514 2230 2565 proplie-

1250 2586 1309 2627 toe,
1332 2579 1451 2615 verbo
1472 2577 1641 2628 plurimo
1669 2575 1861 2612 consolati
1887 2582 1977 2612 sunt
1996 2575 2165 2626 fratres,
2193 2583 2230 2612 et

1248 2639 1590 2689 confirmaverunt.
1603 2637 1667 2674 55.
1682 2637 1807 2673 Facto
1820 2642 1950 2672 autem
1964 2636 2017 2671 ibi
2026 2634 2230 2687 aliquanto

1251 2708 1430 2751 tempore,
1441 2698 1591 2735 dimissi
1605 2703 1693 2734 sunt
1714 2708 1799 2733 cum
1817 2708 1914 2746 pace
1934 2708 1960 2732 a
1963 2695 2165 2747 fratribus
2177 2697 2232 2733 ad

1249 2761 1457 2815 apostolos.

1301 2832 1338 2868 9.
1366 2830 1446 2868 Non
1477 2827 1572 2865 ultra
1604 2825 1793 2865 seditiones
1823 2834 1857 2863 et
1891 2838 2048 2877 pugnae:
2083 2824 2232 2876 ideoque

1248 2891 1465 2932 confirmatis
1499 2890 1588 2941 illis,
1620 2904 1705 2927 cum
1734 2902 1819 2941 pace
1846 2887 2035 2926 abierunt:
2058 2887 2232 2926 adversus

1248 2953 1401 2993 Paulum
1432 2951 1526 2990 enim
1556 2948 1841 2989 contentiosiores
1872 2956 1993 2986 erant:
2030 2961 2071 2985 ac
2103 2947 2231 2986 deinde

153 3022 220 3050 τως
238 3008 345 3050 οὐδεὶς
366 3013 468 3060 τῦφος
486 3004 528 3056 ἦν
555 3011 590 3047 ἓν
613 3013 655 3060 τῇ
679 3010 887 3063 Ἐκκλησία,
912 3011 1002 3050 ἀλλὰ
1018 3013 1129 3060 πολλὴ
1150 3019 1171 3062 ἡ
1248 3015 1382 3054 Paulus
1403 3013 1516 3051 docet.
1538 3012 1599 3052 Sic
1620 3011 1740 3048 nullus
1759 3010 1869 3047 fastus
1898 3017 1971 3046 erat
2000 3008 2036 3046 in
2055 3008 2228 3058 Ecclesia,
2244 3014 2277 3043 In
2303 3015 2430 3043 Ecclesia

154 3068 304 3112 εὐταξία·
325 3068 394 3106 Καὶ
421 3069 502 3120 ὅρα,
536 3071 624 3120 μετὰ
646 3071 779 3122 Πέτρον
806 3073 946 3116 Παῦλος
968 3074 1174 3127 φθέγγεται,
1199 3084 1222 3113 Β
1248 3076 1309 3114 sed
1322 3076 1410 3113 hene
1427 3073 1617 3112 constituta
1636 3071 1765 3110 omnia.
1787 3070 1834 3108 Et
1854 3069 1939 3108 vide
1959 3086 1967 3107 :
1987 3078 2066 3122 post
2086 3071 2230 3109 Petrum
2241 3057 2341 3085 ¹¹⁰¹¹¹¹⁸
2386 3056 2431 3085 ‘²'

154 3129 212 3167 καὶ
231 3130 340 3173 οὐδεὶς
366 3131 598 3181 ἐπιστομίζει·
625 3132 793 3177 Ἶάκωὸος
823 3134 1004 3186 ἀνέγεται,
1026 3137 1085 3175 καὶ
1113 3140 1175 3176 οὐκ

152 3191 336 3241 ἀποπηδᾷ·
358 3191 483 3234 ἐκεῖνος
498 3190 565 3244 γὰρ
591 3196 632 3239 ἠν
649 3193 711 3240 τὴν
731 3194 842 3246 ἀρχὴν
863 3198 1173 3248 ἐγκεχειρισμένος.

153 3249 263 3288 Οὐδὲν
285 3250 448 3297 Ἰωάννης
479 3253 644 3302 ἐνταῦθα,
676 3254 770 3293 οὐδὲν
795 3258 826 3294 οἱ
859 3256 958 3294 ἄλλοι
985 3258 1172 3298 ἀπόστολοι

201 3366 216 3388 b
241 3366 319 3406 [Ita
341 3366 502 3399 Commel.
529 3376 558 3399 et
584 3369 694 3404 Cudd.
723 3374 827 3405 nostri
844 3384 970 3407 omnes.
998 3376 1116 3411 Montf.
1133 3386 1166 3410 et

157 3416 214 3449 San
227 3416 258 3449 il.
277 3424 504 3464 περιτέμνεσθαι
523 3425 569 3454 καὶ
589 3424 717 3465 rapam]

2241 3104 2314 3127 stus.

1248 3138 1381 3177 Paulus
1410 3135 1582 3186 loquitur,
1608 3143 1641 3172 et
1661 3147 1761 3171 nemo
1783 3132 1965 3184 reprimit3
1987 3132 2142 3171 Jacobus
2161 3147 2226 3171 ex-

1248 3207 1398 3252 spectat,
1422 3212 1485 3236 nec
1504 3196 1649 3235 exsilit:
1666 3194 1720 3232 illi
1740 3194 1833 3231 enim
1853 3193 2072 3246 principatus
2090 3208 2231 3233 concre-

1249 3260 1347 3299 ditus
1368 3268 1454 3298 erat.
1481 3257 1581 3297 Nihil
1602 3256 1661 3294 hic
1690 3256 1852 3303 JoanneS,
1886 3253 1979 3292 nihil
1998 3254 2060 3293 alii
2083 3257 2233 3308 apostoli

1276 3388 1287 3403 c
1312 3380 1323 3421 [
1345 3385 1445 3423 ἀνῄρει
1462 3379 1499 3410 C.
1519 3382 1636 3422 ἀνήρ-χει
1655 3376 1690 3406 Α.
1708 3377 1794 3420 ῗὸέον
1811 3377 1938 3419 ἀνείργει
1951 3375 2008 3415 D.]
