2466 3805
640 270 684 298 IN
723 271 746 298 Α
755 269 838 299 (ΣΤΑ
874 263 1203 298 APOSTOLORUM
1213 282 1222 291 .

82 350 118 389 δὲ
142 351 252 388 αὐτῶν
271 353 382 387 ταῦτα
402 349 532 401 λέγειν,
555 350 777 389 ἐπεσπάσατο
806 351 935 401 μᾶλλον
951 347 1071 389 αὐτούς
1089 361 1097 369 ·

82 412 142 449 καὶ
160 414 181 457 ἡ
199 411 368 462 γλυκύτης
385 410 421 448 δὲ
437 414 505 448 τῶν
524 411 648 462 λόγων,
666 412 724 449 καὶ
741 411 780 448 τὸ
800 411 930 449 δίκαιον
952 411 1021 447 τῶν
1040 411 1100 446 λε-

81 471 235 522 γομένων
255 470 382 509 ἔπειθε.
416 471 530 509 Μόνον
547 471 614 524 γὰρ
643 473 720 524 οὐχὶ
740 471 907 525 ἐκήρυττε
925 471 984 509 καὶ
1005 464 1101 511 οἶτος

81 531 120 568 τὸ
139 531 335 583 εὐαγγέλιον
349 547 357 555 ·
380 534 510 583 μᾶλλον
531 533 566 570 δὲ
594 532 775 584 μονονουχὶ
799 538 944 570 τοιαῦτα
970 533 1101 569 δικαιο-

80 592 287 644 λογούμενος
308 594 392 645 πρὸς
413 593 532 637 αὐτοὺς
552 593 782 631 ἀποτείνεται·
803 593 819 613 '¹
834 593 1030 638 ἐπείσθητε,
1049 591 1102 629 ὅτι

81 653 321 705 οὖκῖσγύσατε
331 656 535 692 καταλῦσαι.
550 653 758 692 Διὰτίούκ’
744 653 988 700 επιστεύσατε,
1000 652 1103 692 Οὕτω

85 714 176 765 μέγα
202 715 241 752 τὸ
268 714 389 767 wipo-g(
388 730 450 762 m,
471 731 523 752 οτι
538 730 598 752 και
616 715 713 766 παρὰ
730 718 799 752 τῶν
821 717 952 766 ἐχθρῶν
973 718 994 760 ἡ
1017 729 1102 765 μαρ·

83 775 196 827 τυρία.
219 774 317 813 Ἐκεῖ
336 774 554 826 τετρακόσιοι
585 775 795 822 ἀνέστησαν,
819 775 879 813 καὶ
899 774 988 825 μετὰ
1006 778 1106 811 τοῦτο

84 836 200 879 ἱκανὸς
225 836 348 887 ὄχλος·
380 830 448 873 ὦοε
468 836 602 874 δώδεκα
633 830 724 882 ἦσαν
744 838 774 873 οι
802 850 946 887 πρωτοι.
966 834 1027 880 Μὴ
1049 827 1106 871 οῦν

83 898 174 946 ὑμας
192 897 340 935 πτοείτω
367 897 406 935 τὸ
427 898 556 942 πλῆθος
573 896 613 933 τὸ
631 895 918 946 προσγενόμενον.
936 894 1022 932 Ἐὰν
1039 893 1107 944 γὰρ

85 962 142 1009 ᾐε
129 958 163 1002 ἒξ
191 957 380 1010 ἀνθρώπων
397 958 436 996 τὸ
454 957 551 1031 ἔργον
565 961 686 1001 τοῦτο,
705 956 997 1002 καταλυθήσεται.
1018 948 1107 1005 Εἶχε

85 1019 145 1057 καὶ
164 1018 349 1070 Αἰγύπτιον
370 1020 477 1056 εἰπεῖν
497 1016 624 1068 ἕτερον,
646 1015 735 1054 ἀλλὰ
751 1015 910 1067 περιττὸς
927 1014 1048 1053 λοιπὸν
1065 1019 1107 1061 ἠν

85 1082 103 1117 ὁ
123 1079 223 1131 λόγος
253 1081 367 1116 αὐτοῦ.
391 1072 512 1123 Εἶδες,
527 1093 601 1120 πως
622 1093 672 1128 τῳ
691 1077 828 1128 φοὸερι)
847 1075 905 1113 τὸν
919 1075 1019 1128 λόγον
1043 1091 1105 1113 κα-

84 1140 256 1186 τέκλεισε,
274 1139 337 1176 Διὸ
369 1138 429 1176 καὶ
459 1140 519 1175 οὐκ
548 1116 777 1189 ἀποφάίνεται
798 1139 937 1184 ἁπλῶς,
963 1137 1019 1175 ἵνα
1056 1136 1104 1188 μὴ

84 1200 163 1251 δόξῃ
184 1199 271 1252 ὑπὲρ
299 1201 411 1238 αὐτῶν
425 1199 537 1250 λέγειν
547 1215 555 1222 ·
571 1198 648 1237 ἀλλ>
662 1199 731 1238 ἀπὸ
745 1202 807 1246 τῆς
825 1203 885 1237 τοῦ
900 1199 1107 1252 πράγματος

82 1260 258 1304 ἔκὸάσεως
278 1259 526 1312 συλλογίζεται.
558 1262 635 1298 Οὐκ
667 1259 838 1310 ἐτόλμησε
869 1259 903 1297 δὲ
924 1260 1106 1312 ἀποφήνα-

82 1325 185 1369 σθαι,
203 1320 255 1359 ὅτι
284 1323 345 1359 οὐκ
374 1320 587 1373 ἀνθρώπινόν
608 1322 720 1368 ἐστιν,
737 1320 812 1359 οὐδὲ
840 1320 894 1359 ὅτι
925 1322 964 1359 ἐκ
996 1323 1106 1360 Θεοῦ·

85 1380 204 1427 ἐπειδὴ
227 1382 256 1418 εἷ
280 1374 392 1428 εἶπεν,
410 1379 462 1418 ὅτι
491 1382 530 1418 ἐκ
548 1381 660 1427 Θεοῦ,
679 1378 861 1432 ἀντέλεγον
879 1380 937 1417 ἄν·
959 1382 988 1418 εἷ
1009 1380 1043 1418 δὲ
1074 1381 1107 1425 ἐξ

85 1440 292 1493 ἀνθρώπων,
313 1440 494 1494 πρόχειροι
519 1440 625 1478 πάλιν
638 1442 687 1483 εἷς
705 1439 744 1477 τὸ
770 1442 1007 1487 ἐπαναστῆναι
1038 1442 1108 1493 ἐγί-

85 1518 193 1541 νοντο.
219 1502 286 1540 Διὰ
300 1506 401 1541 τοῦτο
422 1501 543 1544 αὐτοὺς
560 1507 759 1555 περιμεῖναι
784 1502 823 1540 τὸ
841 1502 938 1546 τέλος
957 1502 1108 1551 κελεύει,

86 1563 210 1610 εἰπὼν,
227 1563 429 1612 Ἀπόστητε.
446 1565 492 1602 Οἱ
513 1563 548 1602 δὲ
566 1565 745 1602 ἀπειλοῦσι
756 1563 874 1611 πάλιν,
891 1564 1017 1608 εἰδότες
1033 1565 1107 1616 μὲν,

85 1626 138 1664 ὅτι
158 1625 253 1664 οὐδὲν
274 1625 432 1672 ἀνύουσι,
465 1629 639 1668 ποιοῦντες
667 1623 703 1663 δὲ
731 1624 770 1662 τὸ
792 1627 916 1664 αὐτῶν.
942 1627 1107 1665 Τοιοῦτον

85 1687 154 1739 γὰρ
178 1691 200 1734 ἦ
221 1687 327 1725 κακία
339 1717 349 1733 ,
371 1686 551 1730 ἀδυνάτοις
568 1686 737 1731 πολλάκις
757 1688 936 1739 ἐπιχειρεῖ.
954 1688 1056 1727 Μετὰ
1073 1687 1108 1727 δὲ

85 1752 204 1787 τοῦτον
225 1747 376 1794 ἃάνέστη
397 1747 541 1791 Ἰούδας.
559 1750 681 1786 Ταῦτα
699 1753 770 1791 τοῖς
787 1753 847 1787 τοῦ
864 1747 1036 1797 Ἰωσήπου
1057 1752 1110 1801 βι-

86 1808 196 1852 ἕλίοις
226 1808 433 1861 ἐγκύψαντες
466 1808 661 1858 μαθησεσθε
694 1808 956 1862 ἀκριὸέστερον·
984 1812 1109 1853 ἐκεῖνος

84 1868 152 1921 γὰρ
172 1868 233 1915 τὴν
248 1869 378 1907 τούτων
396 1868 549 1921 ἱστορίαν
570 1869 767 1908 συντάττων
798 1869 976 1922 ἀκριὸῶςε
968 1875 1107 1922 ιστορεῖ.

85 1924 203 1977 Εἶδες,
223 1930 342 1978 ἡλίκον
374 1930 563 1981 ἐτόλμησεν
594 1932 715 1977 εἰπεῖν,
741 1931 793 1969 ὅτι
812 1931 879 1968 Ἐκ
911 1933 1023 1976 Θεοῦ,
1051 1931 1108 1969 ότε

86 1991 239 2029 λοιπον
222 1991 290 2029 απὸ
316 2007 382 2028 των
402 1990 619 2044 πραγμάτων
639 1990 702 2038 τὴν
722 1990 839 2029 πίστιν
862 1991 1000 2029 ἔλαέεν.
1019 1992 1108 2030 ’'Ov-

85 2067 153 2094 τως
175 2051 287 2097 πολλὴ
302 2054 324 2097 ἦ
341 2051 539 2103 παρρησία,
567 2051 655 2089 πολὺ
676 2051 715 2089 τὸ
738 2051 754 2071 ¹³
766 2052 1102 2103 ἀπροσωπόληπτον.

87 2111 323 2157 'linaceo-mom
347 2111 382 2149 δὲ
411 2113 524 2164 αὐτῷ,
550 2111 646 2163 φησί.
682 2112 754 2150 Καὶ
786 2113 1109 2165 προσκαλεσάμενοι

86 2172 163 2215 τοὺς
192 2172 423 2221 ἀποστόλους,
460 2173 632 2225 δείραντες
653 2172 829 2211 ἀπέλυσαν
855 2173 990 2218 αὐτούς.
1008 2174 1109 2229 ²136&-

87 2237 218 2280 σθησαν
243 2233 306 2281 τὴν
327 2234 425 2278 δόξαν
439 2237 498 2272 τοῦ
519 2233 655 2285 ἀνδρός·
677 2233 728 2271 διὸ
745 2233 880 2272 καὶτοῦ
895 2235 1025 2271 ἀνελεῖν
1045 2234 1107 2285 μὲν

86 2294 163 2338 τοὺς
191 2294 403 2338 ἀποστόλους
435 2294 666 2347 ἀφίστανται·
701 2293 927 2344 μαστίξαντες
947 2295 982 2334 δὲ
1006 2295 1106 2346 μόνον

87 2356 210 2400 αὐτοὺς
232 2355 452 2394 ἀπολύουσιν.
476 2357 523 2394 Οἳ
554 2354 615 2406 μὲν
631 2349 688 2393 οῦν
706 2355 908 2408 ἐπορεύοντο
929 2356 1110 2409 χαίροντες

85 2417 155 2455 ἀπὸ
181 2415 369 2469 προσώπου
385 2421 445 2454 τοῦ
462 2415 656 2468 συνεδρίου,
674 2415 729 2455 ὅτι
757 2416 843 2469 ὑπὲρ
861 2420 921 2455 τοῦ
941 2416 1108 2468 ὀνόματος

1116 1104 1165 1129 113

2068 247 2144 290 131

1172 343 1302 381 rituros
1321 343 1519 395 sperabant.
1535 341 1642 389 Quod
1660 350 1777 379 autem
1796 341 1870 379 haec
1889 341 1961 379 illis
1980 355 2049 379 non
2068 355 2154 393 prac-

1171 404 1329 442 sentibus
1344 402 1498 450 diceret,
1520 403 1586 441 hoc.
1601 403 1681 440 illos
1698 402 1810 454 magis
1825 402 1972 440 attraxit
1995 418 2003 438 :
2026 416 2066 440 ac
2085 416 2153 440 ser-

1125 479 1147 509 Ε
1173 467 1287 503 monis
1303 465 1471 514 suavitas,
1487 464 1736 515 dictorumque
1745 464 1882 516 justitia
1897 463 1935 501 id
1950 463 2022 501 illis
2033 463 2155 501 suasit.

1174 526 1259 563 Fere
1276 540 1425 576 namque
1440 534 1473 563 et
1491 525 1551 563 bic
1576 525 1801 576 evangelium
1827 523 2064 576 praedicabat,
2084 523 2156 560 imo

1174 587 1250 624 haec
1276 587 1347 624 sere
1368 586 1529 636 dicebat,
1549 601 1631 624 cum
1656 586 1794 638 justitia
1821 586 1916 638 ipsos
1940 586 2122 637 alloquens
2146 601 2153 621 ε

1175 647 1386 685 Persuasum
1398 647 1538 685 habetis
1546 662 1608 685 vos
1621 661 1687 685 non
1699 647 1854 699 potuisse
1865 646 2071 684 dissolvere.
2085 647 2158 684 Cur

1175 721 1245 745 non
1270 707 1501 745 credidistis?
1522 709 1615 745 Tam
1643 721 1770 758 magna
1799 717 1851 745 est
1878 707 2096 760 praedicatio,
2118 718 2159 745 ut

1176 769 1284 805 etiam
1301 768 1347 805 ab
1363 768 1516 805 inimicis
1541 769 1782 806 testimonium
1806 769 1946 806 habeat.
1970 770 2048 807 Illic
2067 784 2155 820 qua-

1178 826 1356 878 dringenti
1381 837 1624 876 surrexerant,
1647 838 1680 866 et
1701 838 1821 880 postea
1846 843 1974 880 magna
1996 830 2158 868 multitu-

1178 886 1225 924 do
1246 902 1253 923 :
1274 888 1332 925 hic
1346 887 1536 925 duodecim
1564 888 1672 938 primi
1699 898 1812 926 erant.
1833 890 1885 926 Ne
1901 903 1984 940 crgo
2004 905 2068 928 vos
2081 905 2160 942 per-

1177 948 1374 985 terrefaciat
1400 948 1642 986 multitudinis
1661 949 1826 987 accessio.
1849 951 1889 988 Si
1904 953 2005 987 enim
2023 965 2069 987 ex
2089 953 2161 988 Ῐιο-

1179 1010 1344 1045 minibus
1357 1009 1479 1059 suerit
1496 1022 1587 1060 opus
1607 1010 1691 1055 hoc,
1712 1010 1953 1048 dissolvetur.
1970 1011 2112 1047 Poterat
2130 1019 2163 1047 et

1176 1068 1278 1108 aliud
1297 1069 1509 1122 AEgyptium
1539 1071 1674 1121 dicere,
1697 1071 1758 1109 sed
1766 1072 1842 1124 jam
1861 1073 2081 1124 superfluum
2096 1073 2164 1110 hoc

1130 1142 1155 1171 Λ
1175 1131 1309 1169 fuisset.
1330 1131 1478 1179 Viden⁷‚
1503 1133 1679 1183 quomodo
1705 1143 1838 1171 terrore
1861 1148 2056 1172 sermonem
2082 1149 2163 1172 con-

1179 1192 1347 1230 cluserit?
1360 1192 1445 1230 Ideo
1471 1207 1539 1231 non
1563 1193 1772 1246 simpliciter
1792 1195 1999 1232 sententiam
2014 1196 2162 1246 profert,

1179 1261 1218 1290 ut
1237 1267 1280 1290 ne
1298 1253 1462 1291 videatur
1481 1268 1546 1306 pro
1566 1254 1636 1292 illis
1663 1255 1802 1303 dicere;
1822 1254 1884 1292 sed
1900 1270 1944 1293 ex
1965 1255 2015 1293 rei
2037 1265 2163 1293 eventu

1178 1312 1422 1352 ratiocinatur.
1441 1315 1521 1352 Non
1535 1329 1641 1352 ausus
1656 1324 1706 1352 est
1719 1330 1804 1353 vero
1823 1316 2016 1366 affirmare,
2033 1317 2165 1354 doctri-

1179 1388 1262 1412 nam
1280 1375 1380 1412 illam
1400 1389 1468 1413 non
1492 1376 1706 1425 humanam,
1727 1376 1786 1414 sed
1805 1391 1851 1414 ex
1868 1378 1945 1414 Deo
1964 1391 2037 1415 esse
2058 1393 2064 1413 :
2083 1379 2164 1428 quia

1178 1435 1208 1473 si
1237 1435 1388 1474 dixisset
1412 1451 1458 1474 ex
1485 1438 1560 1475 Deo
1588 1452 1684 1486 esse,
1713 1438 2010 1476 contradixissent
2036 1439 2115 1489 illi;
2137 1439 2167 1476 si

1177 1504 1297 1534 autem
1324 1511 1370 1534 ex
1401 1497 1608 1536 hominibus
1639 1498 1803 1548 dixisset,
1838 1498 1885 1536 ad
1909 1498 2167 1550 insurgendum

1178 1557 1343 1608 propensi
1362 1567 1473 1595 erant.
1496 1558 1582 1596 Ideo
1607 1558 1688 1597 illos
1703 1559 1808 1599 finem
1827 1568 2032 1611 exspectare
2047 1560 2164 1611 jubet,

1175 1616 1309 1668 dicens,
1342 1619 1552 1658 Discedite.
1579 1619 1638 1657 Illi
1665 1634 1751 1659 vero
1786 1634 1931 1658 rursum
1961 1620 2166 1667 minantur,

1178 1680 1323 1718 scientes
1336 1681 1481 1731 quidem
1496 1696 1531 1719 se
1544 1682 1635 1719 nihil
1652 1696 1755 1734 posse
1771 1682 1953 1734 perficere,
1970 1697 2034 1720 suo
2047 1691 2165 1720 autem

1178 1755 1277 1779 more
1303 1742 1480 1780 facientes.
1506 1743 1606 1781 Talis
1635 1744 1728 1781 enim
1759 1758 1812 1782 res
1835 1753 1886 1781 est
1906 1744 2058 1794 malitia,
2089 1758 2167 1794 quae

1177 1801 1416 1854 impossibilia
1441 1817 1531 1855 saepe
1561 1813 1684 1842 tentat.
1703 1806 1799 1843 Post
1815 1806 1919 1843 hunc
1936 1814 2066 1843 autem
2086 1819 2167 1843 sur-

1177 1866 1275 1901 rexit
1295 1865 1434 1902 sudas.
1458 1864 1558 1914 Haec,
1581 1865 1611 1903 si
1630 1866 1776 1918 Josephi
1791 1866 1903 1904 libros
1925 1866 2164 1918 inspexeritis,

1177 1924 1378 1962 accuratius
1407 1924 1571 1963 ediscetis
1593 1941 1600 1962 :
1624 1926 1685 1964 ille
1715 1940 1867 1977 namque
1896 1927 2026 1964 horum
2057 1926 2167 1964 histo-

1176 1985 1268 2023 riam
1296 1986 1485 2038 diligenter
1507 1996 1637 2025 narrat.
1655 1987 1788 2026 Viden’
1807 1988 1947 2038 qualem
1968 2002 2041 2026 rem
2059 2002 2166 2025 ausus

1176 2055 1227 2084 est
1257 2046 1392 2096 dicere,
1420 2048 1515 2098 quod
1543 2050 1608 2085 Ex
1631 2050 1729 2095 Deo,
1761 2049 1845 2099 quia
1875 2058 1997 2101 postea
2017 2063 2038 2086 a
2056 2048 2162 2086 rebus

1176 2107 1263 2159 ipsis
1279 2108 1389 2145 fidem
1405 2108 1568 2160 accepit?
1588 2111 1682 2148 Vere
1698 2123 1826 2160 magna
1846 2110 1995 2158 fiducia,
2016 2119 2049 2148 et
2070 2110 2167 2147 nulla

1178 2183 1408 2220 personarum
1431 2170 1599 2221 acceptio.
1624 2172 1909 2209 Consenserunt
1938 2180 2066 2209 autem
2094 2172 2167 2218 illi,

1176 2228 1304 2280 inquit.
1325 2231 1380 2267 Et
1391 2239 1648 2268 convocantes
1668 2232 1877 2283 apostolos,
1896 2246 2003 2270 caesos
2021 2232 2166 2269 dimise-

1176 2302 1271 2330 runt.
1292 2293 1451 2332 Reveriti
1469 2303 1551 2331 sunt
1572 2295 1779 2333 sententiam
1812 2296 1883 2335 viri
1894 2312 1905 2346 3
1922 2296 2071 2347 ideoque
2098 2296 2165 2334 de—

1177 2353 1342 2391 stiterunt
1360 2368 1380 2391 a
1399 2354 1580 2406 proposito
1605 2355 1788 2393 occidendi
1817 2358 1994 2409 apostolos
2016 2373 2023 2394 :
2044 2358 2165 2409 flagel-

1177 2414 1267 2452 latos
1286 2424 1405 2453 autem
1425 2415 1507 2453 illos
1525 2415 1722 2454 dimittunt.
1740 2419 1795 2455 Et
1810 2419 1873 2456 illi
1887 2421 2040 2471 quidem
2056 2422 2165 2457 ibant

1261 262 1415 291 nomn..
1455 262 1552 291 xlv.

1130 1817 1153 1845 Β

85 2484 144 2518 τοῦ
170 2480 324 2531 Χριστοῦ
353 2476 617 2525 κατηξιώθησαν
640 2479 885 2528 ἀτιμασθῆναι.
903 2479 1029 2517 Πόσων
1045 2496 1107 2526 ση-
1129 2491 1153 2521 c
1176 2477 1389 2526 gaudentes
1408 2490 1434 2513 a
1452 2486 1657 2528 conspectu
1671 2479 1841 2526 concilii,
1861 2483 2045 2531 quoniam
2058 2482 2166 2533 digni

86 2538 193 2589 μείων
212 2542 313 2577 τοῦτο
327 2540 364 2577 οὗ
387 2537 686 2591 θαυμασιώτερον;
703 2539 870 2589 Οὖδαμοῦ
896 2539 1032 2591 γέγονεν
1050 2541 1109 2578 ἐπὶ

86 2603 154 2638 τῶν
181 2602 339 2638 παλαιῶν
359 2603 476 2638 τοῦτο·
494 2599 569 2638 ἐπεὶ
583 2599 642 2637 καὶ
659 2599 830 2652 Ἱερεμίας
844 2600 1038 2653 ἐμαστίχθη
1054 2600 1109 2638 διὰ

86 2660 144 2698 τὸν
162 2660 263 2711 λόγον
292 2663 352 2698 τοῦ
378 2662 490 2705 Θεοῦ,
518 2660 577 2698 καὶ
606 2662 656 2712 τῷ
678 2659 784 2711 Ἠλίᾳ
813 2659 1028 2707 ἠπείλησαν,
1051 2660 1110 2698 καὶ

86 2727 157 2765 τοῖς
169 2723 301 2765 ἄλλοις·
319 2723 394 2759 ἀλλ’
407 2725 554 2759 ἐνταῦθα
568 2720 627 2759 καὶ
647 2720 714 2759 ἀπὸ
728 2720 859 2768 τούτου,
879 2723 939 2760 οὐκ
957 2721 1026 2760 ἀπὸ
1041 2725 1109 2760 τῶν

87 2783 241 2833 σημείων
263 2782 379 2834 μόνον,
403 2782 464 2830 τὴν
492 2781 636 2833 δύναμιν
654 2780 891 2820 ἐπεδείκνυντο
908 2787 968 2822 τοῦ
999 2785 1106 2822 Θεοῦ.

89 2845 165 2881 Οὐκ
183 2837 299 2892 εἶπεν,
319 2843 373 2882 ὅτι
401 2846 462 2882 οὐκ
481 2842 626 2893 ἤλγουν,
656 2842 733 2880 ἀλλ’
759 2842 812 2880 ὅτι
841 2843 899 2880 καὶ
928 2845 1109 2895 ἀλγοῦντες

90 2903 236 2980 ἔγίαιρον.
247 2905 359 2943 Πόθεν
368 2907 487 2952 δῆλον;
505 2905 572 2942 Ἐκ
584 2908 646 2952 τῆς
657 2906 746 2954 μετὰ
760 2908 869 2942 ταῦτα
891 2906 1088 2958 παρρησίας
1101 2922 1108 2929 ’

90 2963 197 3008 οὕτως
215 2966 441 3013 ἐνεστήκεσαν
462 2968 516 3006 ἀει
542 2967 601 3006 καὶ
622 2968 711 3018 μετὰ
728 2967 790 3010 τὰς
817 2967 956 3017 πληγὰς
985 2966 1110 3018 κηρύτ-

91 3040 215 3067 τοντες.
237 3026 300 3064 Διὸ
313 3027 373 3065 καὶ
393 3033 494 3067 τοῦτο
509 3029 636 3075 δηλῶν,
652 3030 715 3066 Ἐν
734 3045 784 3080 τῳ
805 3030 906 3080 ιερω,
929 3043 1031 3080 φησι,
1051 3027 1110 3065 καὶ

92 3087 168 3121 κατ’
189 3089 279 3123 οἷκον
300 3089 361 3126 οὐκ
379 3088 546 3127 ἐπαύοντο
566 3089 784 3132 διοάσκοντες
816 3103 876 3126 και
895 3088 1111 3140 εὐαγγελιζό-

139 3222 152 3241 ‘¹
169 3223 242 3264 [Ita
257 3224 417 3258 Commel.
435 3234 468 3259 et
489 3226 598 3260 Codd.
617 3225 734 3260 nostri.
753 3227 872 3260 Montf.
891 3239 966 3259 cum
993 3227 1096 3261 sax-il.

98 3277 266 3318 πείσθητε.]

141 3338 154 3352 ³
170 3326 252 3360 Vide
274 3329 452 3372 Josephum
478 3331 579 3374 Antiq
613 3331 692 3364 Jud.
714 3330 737 3365 l.
759 3332 810 3371 18,
827 3342 857 3363 c.
876 3333 906 3372 l,
924 3330 981 3363 ubi
1006 3331 1101 3363 Judae

99 3379 222 3411 Galilaei
247 3379 415 3412 historiam
432 3382 548 3423 refert,
565 3389 597 3414 et
612 3381 634 3415 l.
654 3383 708 3423 20,
725 3394 754 3414 c.
775 3383 807 3424 2,
824 3381 880 3414 ubi
902 3381 943 3415 de
963 3381 1102 3414 The‘uda

311 3456 405 3480 TOM.
438 3457 490 3480 lx.

1179 2540 1305 2577 habiti
1327 2548 1419 2577 sunt
1441 2554 1511 2592 pro
1538 2543 1693 2578 nomine
1722 2543 1868 2591 Christi
1891 2545 2166 2582 contumeliam

1175 2602 1271 2651 pati.
1292 2600 1434 2647 Quibus
1451 2600 1561 2651 signis
1578 2601 1645 2638 hoc
1663 2615 1732 2639 non
1755 2602 1958 2641 mirabilius
1974 2604 2053 2641 est?
2072 2605 2166 2642 Nus-

1179 2675 1286 2711 quam
1313 2661 1380 2698 hoc
1406 2661 1503 2713 apud
1530 2671 1664 2700 veteres
1689 2663 1848 2715 contigit.
1878 2666 1969 2703 Nam
1995 2667 2165 2704 Jeremias

1179 2722 1326 2774 quidem
1349 2722 1548 2773 flagellatus
1567 2732 1618 2761 cst
1641 2733 1787 2775 propter
1804 2725 1955 2763 verbum
1970 2726 2059 2776 Dei5
2074 2727 2164 2764 Eliae

1180 2791 1212 2820 et
1224 2783 1305 2820 aliis
1324 2782 1449 2820 minati
1468 2792 1549 2821 sunt
1571 2799 1578 2820 ι
1597 2783 1660 2821 scd
1677 2784 1736 2822 hic
1752 2794 1786 2822 et
1804 2799 1848 2822 ex
1867 2785 1934 2823 bac
1952 2800 1989 2823 re
2007 2795 2041 2824 et
2056 2801 2100 2825 ex
2118 2788 2166 2825 si—

1180 2843 1258 2894 gnis
1273 2843 1442 2881 virtutem
1454 2843 1520 2881 Dei
1535 2844 1773 2883 declararunt.
1790 2847 1870 2883 Non
1885 2847 1979 2884 dixit
1990 2848 2087 2898 quod
2098 2863 2166 2886 non

1179 2903 1354 2951 dolerent3
1371 2903 1431 2941 sed
1451 2904 1547 2954 quod
1568 2905 1650 2943 licet
1669 2905 1825 2943 dolentes
1846 2906 2059 2957 gaudebant.
2082 2910 2166 2947 Un-

1179 2962 1307 3001 denam
1326 2963 1366 3001 id
1385 2964 1526 3014 liquet?
1545 2964 1604 3003 Ex
1631 2966 1788 3016 sequenti
1809 2967 1972 3005 libertate
1993 2967 2135 3006 dicendi
2156 2986 2163 3006 ε

1179 3024 1228 3062 ita
1253 3039 1392 3077 semper
1421 3025 1529 3063 etiam
1548 3035 1627 3078 post
1643 3026 1767 3078 plagas
1797 3028 2025 3079 praedicando
2058 3029 2168 3068 insta-

1178 3085 1275 3124 bant.
1300 3086 1382 3126 Ideo
1412 3086 1451 3125 id
1473 3087 1668 3138 declarans,
1689 3088 1762 3126 ait:
1781 3091 1830 3126 In
1856 3090 1996 3141 templo
2015 3099 2051 3129 et
2065 3095 2170 3130 circa

1166 3229 1244 3272 agit.

1211 3281 1227 3305 b
1243 3281 1305 3313 Hic
1323 3280 1464 3312 multum
1479 3281 1610 3314 variant
1624 3281 1715 3321 Mss.‚
1733 3280 1790 3313 sed
1814 3281 1930 3314 eodem
1948 3293 2041 3316 sensu
2058 3296 2174 3327 proce-

1168 3332 1264 3366 dunt.

1910 3449 1953 3483 Η)
