2466 3805
291 218 377 262 138
734 231 773 260 S.
808 228 986 260 JOANMS
1020 226 1260 256 CliRYsosT.
1299 225 1503 254 ARCHIEP.
1540 225 1891 256 CONSTANTINOP-

284 314 452 352 adeamus
470 311 515 350 ad
547 311 697 362 gloriam
731 310 864 361 ipsius:
897 307 980 357 quia
1011 306 1130 356 ipsum
1161 304 1261 341 decet

283 374 396 425 gloria
409 387 490 411 cum
505 374 607 410 Patre
620 369 795 422 principio
815 375 963 413 carente,
984 373 1018 402 et
1038 373 1157 402 sancto
1177 363 1261 414 Spi-

283 436 353 472 ritu
369 435 457 486 ejus,
476 434 512 470 in
526 431 653 469 saecula
672 428 891 467 saeculorum.
917 428 1046 462 Amen.

607 776 816 839 nomm
842 799 930 839 xv.

1268 896 1315 920 119

274 929 362 966 CAP.
387 927 452 965 VI.
475 939 508 963 v.
536 925 574 963 8.
608 926 823 978 Stephanus
854 931 982 960 autem
1008 920 1146 972 plenus
1167 923 1255 976 fide
1282 933 1303 960 Λ

326 998 362 1027 et
383 991 521 1026 virtute
537 989 711 1039 faciebat
726 986 903 1038 prodigia
921 992 957 1021 et
979 985 1091 1035 signa
1112 998 1255 1036 magna

325 1053 367 1087 in
378 1049 532 1101 populo.

323 1175 357 1209 1.
388 1171 482 1211 Vide
497 1201 509 1222 ,
544 1170 724 1221 quomodo
759 1169 850 1207 inter
878 1177 1010 1220 septem
1046 1167 1126 1205 illos
1160 1181 1253 1205 unus

268 1234 472 1285 praecellens
501 1241 614 1281 esset,
644 1245 685 1268 ac
713 1230 848 1282 primas
878 1237 1022 1267 teneret.
1045 1228 1124 1266 Etsi
1157 1227 1251 1265 enim

265 1293 439 1331 ordinatio
459 1291 655 1330 communis
668 1300 768 1339 esset,
783 1299 819 1327 at
835 1289 895 1327 hic
913 1290 1084 1340 majorem
1099 1289 1250 1339 gratiam

264 1355 422 1393 attraxit.
444 1357 554 1392 Antea
582 1367 666 1390 vero
694 1352 793 1403 signa
812 1365 881 1388 non
909 1350 1072 1398 faciebat,
1094 1349 1156 1387 sed
1187 1349 1248 1387 ubi

264 1418 468 1455 manifestus
500 1415 584 1464 fuit3
614 1424 653 1452 ut
680 1413 920 1452 ostenderetur
942 1426 1011 1450 non
1033 1412 1146 1450 solam
1165 1426 1246 1463 gra-

263 1478 349 1515 tiam
374 1476 624 1526 sufficere,sed
651 1474 909 1513 ordinationem
932 1474 1085 1524 requiri,
1104 1483 1142 1511 ut
1158 1473 1246 1525 Spi-

63 1527 251 1608 mulonngssi:
266 1539 354 1577 ritus
386 1538 537 1576 accessio
571 1537 647 1574 fiat.
672 1535 779 1582 Quod
805 1535 834 1572 si
861 1544 960 1572 antea
987 1534 1123 1586 Spiritu
1152 1533 1248 1585 pleni

63 1611 136 1637 ritus
184 1623 250 1640 san-
264 1608 385 1647 erant,
409 1608 444 1636 at
476 1598 514 1636 id
544 1612 564 1635 a
589 1598 746 1634 lavacro.
768 1597 804 1634 9.
835 1595 1091 1633 surrex-erunt
1119 1604 1247 1632 autem

61 1656 123 1724 {32¹⁵
171 1665 251 1684 acce-
264 1661 423 1713 quidam
452 1660 499 1696 de
535 1670 749 1709 synagoga.
783 1654 1114 1693 Consurrectionem
1143 1663 1248 1693 vocat

109 1718 114 1726 ¹
262 1720 565 1760 exacerbationem
591 1727 625 1756 et
661 1717 753 1755 iram
791 1730 926 1754 eorum.
957 1716 1024 1754 Hic
1053 1716 1135 1755 vide
1169 1731 1248 1753 ma—

262 1797 367 1835 gnam
396 1779 663 1818 multitudinem
674 1794 684 1826 3
702 1778 772 1815 imo
800 1777 906 1814 aliam
925 1777 1159 1814 accusationis
1176 1778 1247 1814 for-

262 1858 370 1881 mam.
405 1843 497 1880 Nam
538 1849 726 1893 postquam
760 1837 938 1876 Gamaliel
966 1837 1046 1874 illos
1077 1837 1247 1875 cohibue-

259 1914 332 1954 rat,
353 1918 397 1942 ne
414 1903 482 1940 hac
498 1902 543 1940 de
562 1915 598 1938 re
618 1900 838 1945 incusarent,
863 1897 970 1935 aliam
993 1897 1167 1935 inducunt
1189 1912 1247 1935 ac-

258 1965 486 2003 cusationem.
506 1963 760 2001 Surrexerunt
775 1968 917 2005 autem,
940 1958 1069 2009 inquit,
1087 1960 1248 2010 quidam

260 2027 307 2063 de
327 2037 541 2077 synagoga,
563 2036 647 2074 quse
666 2020 887 2072 appellatur
905 2021 1190 2057 Libertinorum
1210 2028 1248 2057 et

263 2087 545 2134 Cyrenensium
565 2091 602 2120 et
625 2081 1014 2126 Alexandrinorum,
1048 2088 1086 2117 et
1114 2094 1247 2118 eorum

262 2150 329 2199 qui
348 2153 459 2183 erant
477 2159 524 2182 ex
543 2144 683 2182 Cilicia
701 2150 737 2179 et
752 2141 870 2187 Asia,
899 2142 1141 2192 disputantes
1160 2155 1247 2178 cum

261 2209 455 2259 Stephano
467 2221 482 2250 ,-
496 2206 557 2242 10.
573 2212 609 2241 et
624 2217 699 2240 non
712 2210 892 2253 poterant
905 2203 1080 2238 resistere
1093 2204 1245 2252 sapien-

263 2272 325 2306 tiae
342 2276 378 2305 et
401 2267 572 2318 Spiritui,
595 2266 661 2316 qui
682 2263 922 2313 loquebatur.
939 2263 1000 2300 11.
1025 2262 1131 2298 Tunc
1143 2275 1244 2299 sum-

263 2332 448 2367 miserunt
470 2329 591 2371 viros,
607 2326 673 2376 qui
698 2324 867 2360 dicerent
884 2335 924 2359 se
945 2323 1140 2359 audivisse
1159 2336 1245 2359 eum

262 2391 451 2428 dicentem
466 2388 588 2424 verba
611 2385 856 2435 blasphemiae
878 2385 919 2418 in
938 2384 1118 2430 M‘oysem
1139 2391 1175 2420 et
1203 2385 1245 2419 in

264 2453 404 2490 Deum.
419 2450 469 2487 Ut
483 2446 741 2486 accusationem
763 2444 959 2491 instituant,
971 2444 1103 2481 Contra
1111 2444 1240 2493 Deum,

262 2512 443 2562 inquiunt,
466 2517 499 2546 et
518 2515 639 2545 eontra
656 2507 819 2557 Moysem
838 2504 1007 2554 loquitur.
1022 2503 1105 2541 Ideo
1124 2513 1245 2542 autem

263 2571 517 2624 disputabant,
543 2577 582 2605 ut
609 2574 772 2618 cogerent
799 2579 880 2603 eum
907 2564 1043 2616 aliquid
1075 2565 1242 2616 proferre.

264 2634 328 2671 Ille
346 2647 429 2670 vero
457 2629 587 2668 clarius
606 2627 819 2678 loquebatur
837 2656 847 2675 ,
870 2635 903 2663 et
923 2626 1009 2663 forte
1028 2626 1116 2677 legis
1135 2640 1245 2664 cessa-

264 2695 394 2733 tionem
412 2701 551 2731 tantum
567 2689 707 2727 dicebat
719 2704 730 2738 3
757 2688 816 2726 vel
833 2701 903 2724 non
925 2687 1065 2725 dicebat
1082 2687 1243 2738 quidem,

264 2756 327 2794 sed
345 2753 556 2793 insinuabat.
577 2752 669 2789 Nam
689 2749 717 2787 si
737 2749 857 2801 palam
884 2747 1044 2796 dixisset,
1063 2762 1134 2786 non
1157 2763 1246 2801 opus

264 2817 386 2854 fuisset
401 2811 600 2853 subornatis
618 2809 722 2859 viris,
744 2822 806 2845 nec
823 2808 922 2845 falsis
940 2808 1104 2846 testibus.
1117 2809 1247 2847 Diver-

264 2892 311 2914 sae
333 2885 451 2914 autem
474 2885 664 2926 synagogae
684 2878 796 2919 erant,
822 2868 1088 2906 Libertinorum
1113 2878 1146 2906 et
1165 2871 1247 2922 Cy.-

264 2937 477 2975 renensium.
515 2932 588 2972 Sed
613 2932 828 2983 Cyrenenses
863 2929 956 2966 ultra
992 2929 1246 2969 Alexandriam

264 3008 359 3045 sunt,
382 2997 443 3048 qui
465 3005 498 3034 et
515 2995 591 3032 illic
609 3007 672 3046 per
688 3000 806 3043 gentes
827 3004 1024 3042 synagogas
1047 2991 1224 3031 habebant
1236 3010 1246 3043 3

264 3074 304 3096 ac
321 3060 410 3096 forte
424 3057 499 3094 illic
519 3054 718 3099 manebant,
733 3065 776 3088 ne
795 3064 887 3102 saepe
905 3050 1060 3101 migrare
1081 3065 1245 3103 cogeren-

264 3129 344 3157 tur:
369 3115 545 3156 Libertini
563 3123 696 3161 autem,
718 3113 961 3150 Romanorum
985 3111 1106 3149 liberti
1134 3124 1244 3163 erant,

265 3190 298 3217 et
316 3179 365 3217 sic
382 3177 664 3230 appellabantur.
683 3175 734 3212 Ut
749 3181 866 3209 autem
880 3171 931 3208 ibi
945 3171 1050 3209 multi
1069 3175 1245 3225 peregrini

264 3240 484 3287 habitabant,
503 3238 552 3275 ita
572 3246 606 3274 et
625 3247 822 3287 synagogas
841 3232 1033 3283 habebant,
1054 3233 1090 3271 in
1113 3235 1243 3285 quibus

307 3381 318 3394 ³
340 3369 399 3400 Alii
416 3376 579 3409 συναγωγῆς
594 3376 650 3398 τῶν
667 3368 841 3406 λεγομένων.

307 3425 323 3449 h
338 3418 498 3457 Libertini
515 3415 717 3451 vocabantur
742 3416 763 3448 ii
787 3415 840 3458 qui
865 3413 1057 3447 libertorum
1083 3414 1141 3448 filii
1161 3425 1265 3449 erant.

1333 305 1427 351 νήσω
1453 303 1561 350 δόξης.
1587 305 1709 342 Ταῦτα
1737 298 1795 342 οῧν
1824 305 1963 353 εἰδότες,
1990 306 2049 343 καὶ
2077 305 2178 358 χάριν
2213 304 2349 355 ἔχωμεν

1332 366 1382 416 τῷ
1400 363 1561 410 τοιαύτην
1577 366 1661 413 ἡμῖν
1681 365 1908 417 χαρισαμένῳ
1927 365 2017 413 ζωὴν
2036 367 2179 419 Χριστῷ
2197 367 2246 416 τῷ
2267 366 2350 415 Θεῷ

1333 426 1447 473 ἡμῶν,
1467 423 1526 461 καὶ
1552 423 1725 474 μετίωμεν
1748 425 1854 472 αὐτὴν
1874 428 1920 469 εἷς
1937 425 2035 470 δόξαν
2055 429 2171 474 αὐτοῦ,
2188 426 2241 463 ὅτι
2257 426 2351 475 αὐτῷ

1285 490 1309 520 E
1333 482 1460 535 πρέπει
1491 486 1512 529 ἡ
1536 483 1616 528 δόξα
1641 483 1701 521 σὺν
1721 488 1771 538 τῷ
1798 485 1940 538 ἀνάρχῳ
1966 487 2083 539 Πατρὶ
2108 487 2232 538 καὶτῷ
2264 484 2352 536 ἁγίῳ

1335 547 1436 583 αὐτοῦ
1456 543 1656 594 Πνεύματι,
1674 547 1720 589 εἷς
1734 545 1812 589 τοὺς
1830 549 1957 590 αἰῶνας
1971 550 2039 585 τῶν
2064 547 2210 586 αἰώνων.
2229 546 2349 596 Ἀμήν.

1710 800 1888 837 ΟΜΙΛΙΑ
1920 798 1970 837 ιε’.

1332 922 1506 965 Στέοανος
1540 922 1575 960 δὲ
1603 921 1740 974 πλήρης
1760 922 1910 965 πίστεως
1939 921 1998 959 καὶ
2027 921 2205 972 δυνάμεως
2241 923 2349 961 ἐποίει

1411 963 1416 974 ι

1463 985 1591 1036 τέρατα
1607 984 1665 1022 καὶ
1690 991 1821 1035 σημεῖα
1841 983 1978 1035 μεγάλα
1997 985 2032 1021 ἐν
2052 986 2101 1034 τῷ
2121 986 2210 1036 λαῷ.

1381 1168 1488 1220 ”Ορα,
1505 1171 1579 1212 πῶς
1593 1168 1652 1207 καὶ
1664 1171 1698 1206 ἐν
1714 1173 1784 1211 τοῖς
1804 1168 1893 1207 ἑπτὰ
1908 1162 1949 1215 ἦν
1964 1185 2015 1212 τις
2030 1168 2213 1221 πρόκριτος
2231 1168 2288 1206 καὶ
2303 1169 2347 1206 τὰ

1326 1234 1482 1282 πρωτεῖα
1501 1223 1606 1280 εἶχεν.
1624 1231 1668 1267 Εἰ
1683 1228 1751 1282 γὰρ
1780 1229 1840 1267 καὶ
1858 1232 1880 1274 ἡ
1908 1229 2103 1282 χειροτονία
2123 1229 2245 1277 κοινὴ,
2266 1230 2345 1268 ἀλλ’

1325 1289 1418 1340 ὅμως
1441 1284 1537 1332 οὗτος
1566 1290 1788 1328 ἐπεσπάσατο
1806 1289 1908 1341 χάριν
1940 1290 2094 1328 πλείονα.
2120 1291 2198 1342 Πρὸ
2227 1290 2346 1329 τούτου

1326 1351 1360 1388 δὲ
1389 1353 1452 1388 οὐκ
1484 1350 1594 1389 ἐποίει
1625 1357 1779 1401 σημεῖα,
1800 1351 1878 1389 ἀλλ’
1907 1350 1964 1389 ὅτε
1986 1352 2087 1397 δῆλος
2119 1351 2270 1402 γέγονεν,
2290 1351 2347 1390 ἵνα

1326 1413 1466 1464 δειχθῇ,
1487 1412 1539 1449 ὅτι
1561 1413 1623 1450 οὐκ
1650 1414 1749 1465 ἀρκεῖ
1779 1411 1866 1462 μόνη
1894 1415 1915 1458 ἡ
1936 1411 2057 1464 χάρις,
2087 1412 2176 1450 ἀλλὰ
2205 1412 2256 1450 δεῖ
2286 1414 2345 1451 καὶ

1323 1476 1384 1519 τῆς
1409 1472 1642 1525 χειροτονίαιςι
1658 1472 1748 1511 ὥστε
1770 1473 1951 1526 προσθήκη
1973 1472 2180 1523 Πνεύματος
2198 1473 2344 1526 ἐγένετο.

1324 1537 1368 1573 Εἰ
1385 1534 1421 1571 δὲ
1437 1533 1496 1571 καὶ
1516 1534 1582 1585 πρὸ
1598 1534 1719 1571 τούτου
1736 1533 1881 1586 πλήρεις
1902 1533 2109 1584 Πνεύματος
2135 1528 2238 1583 ἦσαν,
2254 1535 2343 1573 ἀλλὰ

1321 1599 1381 1634 τοῦ
1404 1595 1472 1633 ἀπὸ
1492 1599 1550 1632 τοῦ
1564 1596 1721 1645 λουτροῦ.
1738 1593 1948 1641 Ἀνέστησαν
1966 1594 2003 1632 δέ
2023 1609 2112 1637 τινες
2131 1598 2200 1632 τῶν
2223 1597 2262 1633 ἐκ
2281 1598 2345 1642 τῆς

1322 1657 1536 1707 συναγωγῆς.
1556 1655 1671 1692 Πάλιν
1690 1655 1879 1693 ἀνάστασιν
1905 1655 1964 1693 τὸν
1983 1655 2202 1706 παροξυσμὸν
2232 1658 2342 1694 αὐτῶν

1321 1717 1413 1767 λέγει
1433 1716 1491 1753 καὶ
1515 1714 1578 1761 τὴν
1606 1715 1724 1767 ὀργήν.
1743 1715 1837 1768 (Όρα
1853 1715 1911 1754 καὶ
1927 1718 2073 1755 ἐνταῦθα
2089 1715 2176 1754 πολὺ
2194 1717 2234 1755 τὸ
2249 1719 2344 1755 nx?-

1323 1782 1394 1822 θος·
1419 1779 1549 1828 μᾶλλον
1571 1776 1606 1816 δὲ
1621 1779 1695 1821 πῶς
1709 1777 1824 1829 ἕτερον
1839 1780 1903 1823 τ’ἧς
1917 1777 2130 1829 κατηγορίας
2145 1778 2184 1816 τὸ
2205 1782 2341 1830 σχῆμα.

1321 1839 1467 1886 Ἐπειδὴ
1502 1839 1570 1891 γὰρ
1603 1839 1773 1878 ἐκώλυσεν
1804 1837 1926 1882 αὐτοὺς
1973 1839 2200 1889 Γαμαλιῆλος
2234 1839 2342 1889 μηδὲν

1320 1899 1406 1951 ὑπὲρ
1421 1899 1550 1939 ἐκείνου
1572 1902 1743 1951 ἐγκαλεῖν,
1763 1899 1884 1952 ἑτέραν
1901 1898 2112 1951 κατηγορίαν
2129 1899 2341 1951 εἰσάγουσιν.

1321 1959 1530 2007 Ἀνέστησαν
1547 1961 1584 1999 δέ
1608 1976 1715 2008 τινες,
1736 1959 1838 2012 φησὶ,
1863 1961 1932 1997 τῶν
1961 1961 2000 1997 ἐκ
2021 1963 2083 2006 τῆς
2112 1964 2341 2012 ἃσυναγωγῆς

1321 2025 1382 2068 τῆς
1402 2021 1590 2074 λεγομένης
1613 2020 1828 2073 Λιὸερτίνων
1850 2021 1909 2058 καὶ
1933 2020 2137 2072 Κυρηναίων
2167 2021 2226 2058 καὶ
2248 2021 2343 2059 Ἀλε-

1322 2082 1503 2135 ξανδρέων,
1522 2082 1582 2120 καὶ
1601 2085 1670 2119 τῶν
1703 2081 1771 2119 ἀπὸ
1802 2080 1963 2125 Κιλικίας
1989 2081 2048 2119 καὶ
2078 2081 2210 2130 Ἀσίας,
2238 2084 2342 2130 συζη-

1319 2147 1456 2187 τοῧντες
1478 2147 1528 2196 τῷ
1545 2143 1733 2195 Στεφάνῳ·
1754 2143 1813 2181 καὶ
1833 2144 1895 2180 οὐκ
1924 2142 2044 2194 ἴσχυον
2076 2145 2280 2189 ἀντιστῆναι
2297 2147 2341 2196 τῇ

1320 2204 1425 2256 σοφίᾳ
1448 2205 1575 2257 καὶτῷ
1594 2204 1799 2254 Πνεύματι,
1832 2198 1860 2255 ᾧ
1895 2204 2024 2242 ἐλάλει.
2047 2203 2138 2242 Τότε
2167 2204 2341 2243 ὑπέὸαλον

1320 2265 1444 2317 ἄνδρας
1475 2265 1662 2315 λέγοντας,
1688 2265 1741 2301 ὅτι
1781 2264 1982 2314 ἀκηκόαμεν
2019 2267 2124 2302 αὐτοῦ
2158 2267 2343 2309 λαλοῦντος

1320 2325 1464 2377 ῥήματα
1497 2326 1692 2376 βλάσφημα
1719 2325 1766 2367 εἷς
1790 2327 1925 2370 Μωσῆν
1958 2325 2017 2361 καὶ
2045 2325 2103 2362 τὸν
2136 2325 2241 2363 Θεόν.
2262 2325 2342 2364 Ἵνα

1319 2385 1382 2432 τὴν
1407 2383 1619 2436 κατηγορίαν
1652 2383 1871 2432 συστήσωσι,
1891 2383 1982 2422 κατὰ
2011 2389 2071 2422 τοῦ
2093 2386 2204 2432 Θεοῦ,
2236 2387 2343 2437 φησὶ,

1319 2447 1378 2484 καὶ
1409 2445 1499 2484 κατὰ
1530 2445 1688 2488 Μωσέως
1726 2446 1839 2482 λαλεῖ.
1875 2444 1944 2482 Διὰ
1979 2448 2080 2484 τοῦτο
2107 2446 2166 2484 καὶ
2193 2447 2341 2494 συνεζή-

1318 2523 1409 2555 τουν,
1428 2507 1484 2544 ἵνα
1505 2506 1749 2558 ἀναγκάσωσιν
1770 2505 1871 2543 αὐτόν
1891 2523 1924 2543 τι
1953 2509 2073 2546 εἰπεῖν.
2096 2507 2140 2546 Ὁ
2160 2508 2196 2547 δὲ
2215 2510 2342 2560 γυμνό-

1317 2584 1413 2620 τερον
1433 2568 1552 2606 λοιπὸν
1585 2567 1756 2617 διελέγετο
1771 2597 1780 2614 ,
1808 2567 1867 2604 καὶ
1894 2566 1956 2614 τὴν
1977 2571 2112 2607 παῦλαν
2133 2569 2216 2613 ἴσως
2243 2571 2341 2622 ἔλεγε

1317 2634 1377 2668 τοῦ
1392 2629 1496 2680 νόμου
1521 2628 1619 2679 μόνον
1634 2644 1642 2652 ·
1659 2628 1681 2674 ἢ
1701 2631 1762 2666 οὐκ
1790 2628 1886 2679 ἔλεγε
1907 2628 1982 2678 μὲν,
2001 2630 2158 2682 ᾐνίττετο
2180 2631 2237 2669 δέ·
2265 2632 2342 2670 ἐπεὶ

1319 2693 1347 2729 εἰ
1377 2690 1474 2742 ἔλεγε
1495 2691 1669 2741 φανερῶς,
1687 2690 1748 2727 οὐκ
1783 2689 1851 2727 ἔδει
1881 2693 1949 2727 τῶν
1977 2691 2186 2737 ὓποέλητῶν
2207 2693 2340 2744 ἀνδρῶν

1319 2750 1395 2789 οὐδὲ
1415 2753 1483 2788 τῶν
1512 2750 1821 2803 ψευδομαρτύρων.
1843 2749 2013 2804 Διάφοροι
2034 2751 2069 2789 δὲ
2090 2753 2124 2788 αἱ
2141 2753 2342 2804 συναγωγαὶ

1319 2808 1408 2860 ἦσαν
1441 2809 1654 2861 Λιδερτίνων
1680 2811 1738 2848 καὶ
1763 2810 1981 2862 Κυρηναίων.
2015 2811 2119 2850 Ἀλλὰ
2149 2814 2341 2866 Κυρηναῖοι

1321 2873 1382 2924 μὲν
1401 2873 1432 2910 οἳ
1452 2871 1613 2909 ἐπέκεινα
1631 2869 1886 2923 Ἀλεξανδρείας
1907 2872 2004 2919 εἰσὶν,
2025 2872 2056 2910 οἳ
2072 2873 2131 2910 καὶ
2159 2875 2230 2911 ἐκεῖ
2247 2875 2340 2914 κατὰ

1319 2934 1363 2973 τὰ
1381 2934 1459 2980 ἔθνη
1492 2926 1583 2984 εἶχον
1603 2933 1826 2983 συναγωγάς·
1855 2932 1938 2975 ἴσως
1968 2932 2004 2971 δὲ
2026 2933 2085 2970 καὶ
2115 2936 2186 2972 ἐκεῖ
2207 2935 2340 2985 ἔμενον,

1319 2995 1376 3033 ἵνα
1396 2993 1443 3045 μὴ
1462 2992 1724 3044 ἀναγκάζωνται
1742 2995 1895 3043 συνεχῶς
1915 2994 2126 3044 ἀποδημεῖν·
2149 2994 2340 3050 ι’Διδερτῖ-

1318 3071 1369 3093 νοι
1406 3054 1441 3092 δὲ
1476 3056 1507 3091 οἱ
1534 3051 1720 3102 Ῥωμαίων
1753 3052 1976 3105 ἀπελεύθεροι
2011 3053 2099 3092 οὕτω
2133 3059 2335 3096 καλοῦνται.

1317 3114 1460 3167 υΩσπερ
1480 3113 1515 3151 δὲ
1529 3113 1639 3165 ᾤκουν
1655 3115 1725 3151 ἐκεῖ
1740 3113 1862 3151 πολλοὶ
1883 3112 1990 3162 ξένοι,
2006 3114 2095 3152 οὕτω
2109 3117 2168 3154 καὶ
2186 3133 2340 3170 συναγω-

1317 3176 1379 3227 γὰς
1403 3169 1508 3227 εἶχον,
1527 3174 1605 3212 ἔνθα
1630 3174 1698 3212 ἔδει
1722 3174 1780 3213 τὸν
1810 3173 1913 3225 νόμον
1949 3176 2245 3226 ἀναγινώσκεσθαι
2278 3179 2338 3216 καὶ

1318 3237 1422 3288 εὐχὰς
1451 3236 1619 3287 γίνεσθαι.
1642 3233 1692 3273 Σὺ
1728 3234 1765 3273 δέ
1795 3251 1854 3285 μοι
1873 3235 2018 3284 σκόπει,
2047 3239 2121 3280 πῶς
2155 3238 2214 3276 καὶ
2241 3232 2339 3283 οἶτος

1335 3366 1461 3407 [Paulo
1491 3375 1567 3398 ante
1590 3372 1655 3404 ἔθνη
1680 3365 1831 3397 dedimus
1853 3378 1869 3398 e
1895 3368 1934 3398 D.
1958 3376 1989 3400 et
2015 3368 2114 3401 Savil.
2132 3370 2238 3402 Ceteri
2264 3376 2333 3409 εὈ-η.

1336 3417 1423 3460 quod
1441 3418 1562 3459 {egerat
1589 3419 1743 3451 Erasmus
1761 3419 1931 3460 quoque.]'
