2502 3810
674 278 717 307 ΙΝ
754 277 779 306 Α
785 276 868 307 CTA
904 277 930 306 A
936 272 1221 306 POSTOLORUM
1229 291 1239 301 .

79 375 183 408 σητε,
203 359 256 396 ὅτι
287 360 514 409 καταφρονῶν
544 358 683 396 ἐκείνων
703 361 813 395 ταῦτα
828 358 929 396 ποιῶ.
945 354 1060 398 Πολὺς
1077 357 1095 392 ὃ

78 420 182 472 φόὸος
199 422 258 456 τοῦ
287 418 459 469 δαίμονος.
479 418 550 456 Καὶ
570 417 626 456 διὰ
645 417 678 455 τί
697 418 805 469 χωρὶς
835 420 904 455 τῶν
929 415 1095 468 ῥημάτων

77 480 207 518 τούτων
227 482 264 517 οὐ
292 479 463 531 διέρρηξεν
484 482 595 517 αὐτῶν
616 478 660 516 τὰ
691 478 832 528 ἱμάτια;
852 477 939 516 οὕτω
967 476 1034 528 γὰρ
1055 475 1094 513 ἂν

78 540 213 578 καὶτὸν
238 540 343 590 θυμὸν
368 539 571 592 ἐπλήρωσε,
592 539 651 577 καὶ
680 538 743 585 τὴν
775 537 909 585 πλάνην
939 537 1094 584 ἔστησεν.

77 600 278 651 Ἰζφοὲεῖτο,
301 599 384 650 ὅπερ
411 599 509 651 ἔφην,
528 599 611 645 ἷΙτὴν
638 599 824 650 ἀπρόσιτον
853 597 1009 647 δύναμιν,
1037 596 1096 634 καὶ

79 662 139 699 οὐκ
158 660 196 698 ἂν
217 664 379 698 τοσοῦτον
405 659 559 711 ἴσχυσεν,
580 661 609 696 εἷ
630 658 678 709 μὴ
698 663 797 697 τοῦτο
818 652 926 695 εἶπεν.
944 657 1040 708 ϋΟρα
1060 655 1096 693 δὲ

78 725 257 773 πανταχοῦ
273 720 350 763 τοὺς
374 720 539 771 δαίμονας
566 718 902 770 εὐγνωμονεστέρους
920 721 988 755 τῶν
1010 717 1096 755 Ἰου-

80 781 199 828 δαίων,
219 797 277 819 και
299 783 336 819 οὗ
358 783 560 831 τολμῶντας
576 781 749 817 ἀντειπεῖν
765 777 840 816 οὐδὲ
857 779 1094 828 κατηγορῆσαι

78 843 145 877 των
170 841 372 879 ἀποστόλων
402 841 478 878 οὐδὲ
510 843 570 877 τοῧ
603 840 767 891 Χριστου.
798 837 895 875 Ἐκεῖ
924 836 1094 887 λέγουσιν,

79 900 235 950 Οἴδαμεν
267 916 304 938 σε
326 901 377 944 τίς
410 905 459 938 53·
480 915 560 943 και,
579 898 627 936 Τί
649 893 730 944 ἠλΟε
735 914 750 940 ς
777 890 844 934 ὧδε
877 896 944 946 πρὸ
974 900 1094 945 καιροῦ

81 960 303 1010 βασανίσαι’
286 977 398 1011 ημας;
427 959 487 997 καὶ
510 959 627 1004 πάλιν,
648 951 739 995 Οἶδά
763 972 801 994 σε
820 955 872 998 τίς
900 960 950 1001 εἰ,
977 958 994 992 ὁ
1012 955 1094 996 libe

78 1025 138 1057 τοῦ
157 1022 249 1057 Θεοῦ
263 1036 270 1043 ·
288 1022 434 1057 ἐνταῦθα
453 1018 508 1065 δὲ,
525 1013 632 1055 Οὗτοι
658 1019 688 1054 οἱ
709 1016 884 1067 ἅνθρωποι
905 1016 1017 1051 δοῦλοι
1033 1017 1093 1050 τοῦ

78 1081 170 1117 Θεοῦ
192 1084 251 1117 τοῦ
276 1079 419 1130 ὑψίστου
441 1076 525 1115 εἷσί·
546 1076 605 1114 καὶ
631 1075 749 1122 πάλιν,
772 1074 843 1111 Τὸν
871 1073 932 1124 μὲν
959 1073 1093 1119 Ἰησοῦν

75 1139 252 1188 γινώσκω,
273 1139 333 1177 καὶ
351 1139 408 1176 τὸν
426 1139 563 1175 Παῦλον
581 1135 785 1184 ἐπίσταμαι.
806 1134 905 1171 Πάνυ
928 1134 996 1186 γὰρ
1017 1134 1093 1172 ἐδε-

75 1198 233 1235 δοίκεσαν
253 1198 311 1235 καὶ
325 1198 468 1249 ἔτρεμον
485 1195 564 1239 τοὺς
584 1195 700 1246 ἁγίους
728 1194 887 1238 ἐκείνους.
908 1193 1014 1245 Τάχα
1042 1209 1093 1236 τις

73 1261 168 1308 ὑμῶν
189 1257 334 1304 ἀκούων,
364 1260 461 1295 ποθεῖ
487 1255 544 1294 ἐπὶ
576 1254 705 1301 ταύτης
731 1253 889 1305 γενέσθαι
908 1257 971 1300 τῆς
1000 1253 1093 1297 ἐξου-

74 1317 169 1365 σίας,
191 1317 280 1355 ὥστε
303 1317 350 1367 μὴ
369 1316 533 1355 δύνασθαι
554 1315 719 1366 δαίμονας
739 1314 958 1353 ἀντιῧλέπειν
979 1330 1092 1368 αυτῳ,

73 1377 132 1414 καὶ
152 1377 335 1429 μακαρίζει
356 1376 434 1420 τους
453 1376 570 1428 ἁγίους
595 1376 742 1418 ἐκείνους
761 1375 817 1413 διὰ
835 1379 954 1419 τοῦτο,
971 1391 1024 1413 οτι
1038 1390 1094 1413 το-

74 1438 202 1484 σαύτην
220 1453 249 1474 ει
251 1452 312 1489 χον
330 1437 441 1489 ἷσγύν.
457 1437 549 1475 Ἀλλ
565 1435 719 1474 ἀκουέτω
735 1440 794 1473 τοῦ
808 1437 960 1488 Χριστου
975 1435 1095 1487 λέγον-

72 1513 152 1540 τος·
172 1497 232 1545 Μὴ
253 1498 414 1549 χαίρετε,
430 1498 482 1535 o'tv.
501 1497 544 1534 τὰ
559 1497 722 1548 δαιμόνια
740 1501 819 1547 ὑμῖν
838 1496 1092 1543 ὑποτάσσεται,

73 1557 190 1604 ἐπειδὴ
211 1559 286 1608 ᾔδει
312 1557 447 1601 πάντας
467 1557 667 1610 ἀνθρώπους
689 1557 843 1607 μάλιστα
868 1556 979 1609 τούτῳ
1007 1557 1093 1608 χαί-

75 1633 194 1669 ροντας
215 1618 271 1656 διὰ
290 1618 494 1662 κενοδοξίαν.
520 1620 564 1656 Εἰ
600 1617 699 1670 1’γὰρ
726 1618 765 1656 τὸ
794 1620 844 1655 τὶΝ)
863 1620 946 1669 Θεῷ
974 1618 1092 1656 δοκουν

72 1680 205 1723 ζητεῖς,
234 1678 292 1716 καὶ
312 1695 352 1716 το
379 1682 475 1729 κοινῇ
503 1678 689 1730 συμφέρον,
713 1678 814 1730 ἑτέρα
848 1678 971 1727 μείζων
1000 1679 1092 1716 ἐστὶν

72 1738 158 1781 ὁδός.
176 1738 289 1776 Οὐκ”
270 1754 364 1776 εστιν
385 1738 474 1776 οὕτω
504 1739 594 1789 μέγα
611 1738 770 1787 δαίμονος
800 1738 1019 1786 ἀπαλλάξαι,
1047 1742 1093 1783 ὡς

73 1798 249 1849 ἁμαρτίας
266 1797 452 1841 ἐξελεσθαι.
468 1798 612 1849 Δαίμων
629 1815 666 1836 ου
688 1797 813 1836 κωλύει
836 1799 1013 1849 βασιλείας
1032 1801 1092 1837 οὗ-

75 1861 184 1910 ρανῶν
206 1860 397 1910 ἐπιτυχεῖν,
427 1859 517 1896 ἀλλὰ
544 1858 603 1896 καὶ
632 1858 869 1911 συμπράττει,
895 1860 989 1897 ἄκων
1017 1860 1093 1910 μὲν,

72 1920 293 1972 συμπράττει
330 1920 384 1967 δὲ,
413 1921 686 1972 σωφρονέστερον
724 1919 780 1957 τὸν
807 1919 932 1971 ἔχοντα
962 1925 1091 1959 ποιῶν·

71 1980 226 2031 ἁμαρτία
249 1981 284 2019 δὲ
301 1982 476 2020 ἐκέάλλει.

123 2167 216 2206 Ἀλλ’
247 2169 329 2213 ἴσως
348 2171 418 2221 ἐρεῖ
437 2185 488 2213 τις
505 2185 513 2193 ·
542 2170 589 2220 μὴ
611 2170 746 2221 γένοιτό
779 2188 838 2223 μοι
862 2171 1015 2209 τοιούτου
1035 2187 1092 2209 τυ-

69 2233 143 2279 χεῖν
162 2234 416 2282 σωφρονισμοῦ.
434 2230 525 2269 Οὐδὲ
550 2231 617 2282 ἐγὼ
642 2232 828 2282 βούλομαι,
849 2233 925 2270 ἀλλ’
955 2231 1091 2283 ἑτέρου,

70 2288 138 2326 ἀπο
158 2305 216 2326 του
232 2291 337 2328 πόθου
354 2296 413 2329 τοῦ
429 2293 580 2343 Χριστοῦ
595 2292 710 2330 πάντα
721 2297 844 2331 ποιεῖν.
865 2293 947 2330 Εἰ
929 2292 964 2330 οὲ
976 2322 985 2339 ,
1008 2291 1026 2330 3
1041 2290 1090 2341 μὴ

68 2348 218 2398 γένοιτο,
251 2350 429 2400 συμὸαίη,
455 2351 513 2389 καὶ
535 2351 622 2404 ὑπὲρ
647 2351 768 2390 τούτου
796 2354 1026 2405 παρακαλεῖν
1047 2354 1092 2390 Et

66 2408 179 2446 τοίνυν
199 2414 296 2454 οὗτος
323 2410 383 2462 μὲν
407 2413 468 2449 οὐκ
497 2412 660 2451 ἐκῧάλλει
675 2413 818 2461 ,ἐκείνη
846 2413 881 2451 δὲ
910 2412 1090 2462 ἐκὸάλ,λει

66 2470 105 2508 τὸ
139 2470 271 2517 ἐκείνης
302 2471 501 2516 ἀπαλλάξαι
536 2473 688 2524 μείζονος
719 2474 928 2526 εὐεργεσίας.
954 2475 1089 2513 Οὔκουν

68 2530 196 2576 ταύτης
213 2533 460 2582 σπουδάζωμεν
491 2534 726 2572 ἀπαλλάττειν
755 2534 832 2578 τοὺς
852 2534 1010 2582 πλησίον,
1031 2535 1090 2573 καὶ

66 2590 135 2641 πρὸ
151 2593 219 2628 τῶν
242 2591 389 2638 πλησίον
412 2596 505 2643 ἡμᾶς
524 2595 655 2638 αὐτούς.
680 2594 842 2644 Ἴδωμεν,
875 2595 922 2645 μὴ
943 2595 1090 2646 δαίμονα

66 2650 221 2701 ἔχωμεν·
248 2651 464 2702 ἐξετάσωμεν
486 2653 628 2698 ἑαυτους
646 2655 811 2707 ἀκριὸοἷς.
832 2655 1005 2706 Δαίμονος
1023 2672 1088 2707 χα-

66 2710 294 2763 >Ξπώτερον
278 2712 452 2764 αμαρτία·
473 2716 600 2757 ἐκεῖνος
603 2731 682 2782 Νμὶν
704 2715 771 2766 γὰρ
791 2715 971 2759 ταπξῑνῡυς
984 2723 1090 2755 ποιεῖ.

66 2765 116 2805 *H
147 2783 212 2819 Ουχ
234 2785 338 2821 Οραῒε
366 2769 442 2813 τΟυς
475 2784 731 2821 Οαῑμθνωντας,
752 2789 833 2810 Οταν
861 2774 1088 2825 ἀνενίγκωσῑν

67 2829 136 2866 ἀπὸ
157 2844 219 2874 της
237 2829 336 2867 νόσου
348 2834 450 2877 ,πῶς
477 2833 542 2868 εἰσι
563 2839 733 2884 κατηφεῖς
747 2861 756 2879 ,
774 2837 848 2877 πῶς
867 2836 1088 2886 σκυθρωποί,

65 2890 138 2931 πῶς
168 2888 334 2940 αἷσγύνης
366 2890 411 2928 τὰ
441 2891 614 2943 πρόσωπα
634 2895 746 2931 αὐτῶν
772 2894 893 2944 γέμει;
919 2898 994 2938 πῶς
1013 2895 1088 2934 οὐδὲ

66 2949 271 3000 ἀντιὲλέψαι
285 2952 480 3001 τολαοΝ)σιν;
503 2952 598 3004 εὈρα
616 2970 678 3000 την
697 2955 863 2993 ἀτοπίαν·
883 2958 1008 2994 ἐκεῖνοι
1025 2973 1087 3007 μεν

65 3008 152 3060 ὑπὲρ
175 3012 221 3046 ὧν
248 3010 444 3062 πάσχουσιν
470 3012 714 3064 αἰσχύνονται,
735 3018 836 3066 ημεῖς
866 3015 901 3054 δὲ
929 3016 1015 3069 ὑπὲρ
1040 3021 1087 3055 ὡν

65 3069 261 3118 πράττομεν
279 3073 340 3109 οὐκ
360 3072 616 3124 αἰσχυνόμεθα·
637 3077 761 3113 ἐκεῖνοι
789 3076 1008 3127 ἀνὲικούμενοι
1029 3079 1087 3114 αἷ-

66 3129 203 3166 δοῦνται
217 3133 386 3179 ,ἡμεῖς’
369 3133 564 3176 αὸικουντες
585 3136 646 3172 οὐκ
674 3136 880 3187 αἰδούμεθα·
910 3137 1024 3175 καίτοι
1043 3137 1088 3175 τὰ

66 3188 204 3226 ἐκείνων
221 3191 282 3227 οὐκ
303 3191 469 3242 αἷσγύνης
488 3194 585 3240 ἄξια,
602 3196 678 3233 ἀλλ’
696 3196 790 3234 ἐλέου
816 3197 876 3235 καὶ
895 3199 1087 3249 φιλανθρω-

66 3248 148 3292 πίας
164 3250 222 3286 καὶ
254 3251 481 3302 συγγνώμης,
511 3255 568 3292 καὶ
593 3257 720 3295 πολλου
746 3273 805 3296 του
828 3259 1000 3310 θαύματος
1029 3275 1087 3297 και

112 3372 124 3387 ¹³
149 3363 242 3395 Idem
261 3369 312 3402 τὴν
327 3370 508 3410 άπόῤῥητον.

1119 784 1142 813 Β

1119 1448 1142 1475 t'.

2056 257 2149 317 549

1167 351 1211 389 de
1230 351 1340 389 insilit
1352 352 1385 389 in
1401 366 1472 398 eos,
1489 360 1522 389 et
1537 359 1650 390 vestes
1663 350 1833 388 dilacerat
1850 365 1859 399 3
1879 363 1919 388 ae
1938 349 1966 387 si
1984 364 2045 402 per
2065 364 2146 401 ope-

1167 426 1205 449 ra
1230 411 1362 449 diceret
1395 412 1467 449 illis
1492 428 1501 449 :
1523 413 1576 450 Ne
1604 410 1734 463 putetis
1763 424 1818 447 me
1848 409 1926 447 ideo
1953 410 1991 447 id
2022 411 2148 459 facere,

1167 472 1265 522 quod
1286 472 1365 509 illos
1385 481 1615 509 contemnam.
1645 473 1799 522 Magnus
1831 470 1937 508 timor
1967 470 2148 508 daemonis.

1169 530 1216 568 Et
1234 545 1297 569 cur
1315 545 1384 569 non
1399 532 1473 569 sine
1490 531 1609 570 verbis
1629 531 1705 568 istis
1719 540 1830 569 vestes
1842 544 1965 568 eorum
1977 530 2148 568 discidit?

1167 591 1215 629 ita
1231 593 1326 629 enim
1342 602 1375 629 et
1400 593 1554 630 furorem
1574 592 1804 643 implevisset,
1826 601 1859 629 et
1890 606 2044 629 errorem
2074 600 2149 629 sta-

1168 654 1302 691 tuisset.
1325 654 1506 703 Timebat,
1524 663 1562 691 ut
1577 653 1667 702 dixi,
1690 654 1900 691 inaccessam
1918 663 2124 706 potestatem
2140 669 2148 689 :

1168 723 1201 751 et
1221 728 1289 751 non
1310 724 1445 752 tantum
1463 715 1646 766 potuisset,
1666 716 1695 752 si
1710 715 1778 752 hoc
1792 730 1860 752 non
1874 716 2036 753 dixisset.
2054 715 2151 754 Vide

1169 775 1301 825 ubique
1315 775 1491 812 daemones
1507 775 1690 825 gratiores,
1711 789 1817 824 quam
1832 778 1852 814 J
1857 776 1986 823 udaeos,
2001 790 2064 813 nec
2086 790 2150 812 au-

1169 833 1291 870 dentes
1309 834 1560 879 contradicere,
1579 833 1635 872 vel
1649 847 1813 870 accusare
1828 835 2023 885 apostolos,
2039 850 2150 886 neque

1279 272 1432 302 HOMIL.
1471 272 1561 303 XLI.

1168 894 1360 930 Christum.
1384 894 1465 930 Illic
1491 893 1614 930 dicunt
1631 909 1640 928 :
1659 893 1805 930 Scimus
1830 903 1865 930 te
1885 898 1968 945 quis
1995 899 2046 932 sis
2064 913 2079 940 ;
2099 905 2144 941 et,
2162 906 2276 933 March.
2296 904 2327 934 8.

1169 954 1249 989 Cur
1277 955 1420 989 venisli
1439 953 1514 989 huc
1535 960 1626 989 ante
1646 961 1791 1002 tempus
1812 961 1988 1004 torquere
2005 968 2072 991 nos
2086 971 2100 998 ,·
2116 964 2149 992 et
2164 955 2213 982 29-

1167 1026 1324 1059 rursum,
1347 1013 1434 1050 Scio
1456 1021 1492 1049 te
1510 1015 1594 1064 quis
1611 1014 1829 1058 sis,F1lias
1846 1015 1954 1050 Dei·
1944 1043 1950 1048 .

1167 1074 1224 1109 Hi
1243 1074 1416 1109 homines
1437 1086 1536 1110 servi
1563 1073 1640 1109 Dei
1655 1073 1797 1110 excelsi
1809 1081 1923 1117 sunt,-
1944 1082 1976 1110 et
1990 1088 2131 1111 nusum
2167 1063 2214 1098 ²⁴¹¹

1166 1134 1302 1170 Jesum
1324 1135 1425 1178 novi,
1442 1141 1480 1170 et
1498 1134 1670 1170 Paulum
1684 1136 1776 1170 scio.
1796 1134 1954 1171 Multum
1969 1135 2063 1172 enim
2079 1137 2148 1175 for-

1167 1191 1351 1229 midabant
1365 1201 1398 1229 et
1418 1192 1612 1229 tremebant
1629 1201 1765 1230 sanctos
1779 1193 1871 1231 illos.
1884 1195 1911 1231 F
1914 1204 1988 1232 olte
2000 1196 2077 1245 quis
2088 1211 2111 1236 v
2114 1211 2148 1234 e-

1168 1262 1279 1291 strum
1289 1253 1450 1303 audiens,
1466 1254 1563 1306 cupit
1575 1254 1804 1292 hanchabere
1819 1265 2024 1306 potestatem
2030 1288 2040 1307 ,
2058 1268 2153 1296 utne

1167 1314 1282 1352 ausint
1297 1313 1441 1364 quidem
1468 1314 1644 1352 daemones
1659 1314 1829 1353 adversus
1844 1316 1947 1354 illum
1966 1319 2150 1370 respicere,

1167 1383 1201 1412 et
1216 1383 1351 1412 sanctos
1370 1375 1450 1412 illos
1470 1390 1509 1412 ea
1527 1375 1571 1412 de
1592 1390 1695 1413 causa
1715 1377 1838 1414 beatos
1857 1378 2043 1429 praedicat,
2068 1380 2151 1429 quia

1168 1443 1302 1471 tantam
1318 1434 1474 1472 habuere
1494 1444 1713 1486 potestatem.
1729 1435 1799 1473 Sed
1826 1437 1947 1475 audiat
1970 1439 2152 1476 Christum

2134 1107 2146 1122 ’
2165 1108 2234 1134 Aa.
2247 1104 2348 1141 16.17.

1168 1496 1342 1534 dicentem
1364 1512 1372 1532 :
1400 1498 1531 1534 Nolite
1553 1499 1733 1549 gaudere,
1758 1501 1852 1550 quia
1871 1501 2062 1537 doemonia
2082 1515 2151 1537 svo-
2168 1513 2240 1540 [ηρ.
2259 1520 2303 1539 ιο.

1169 1559 1225 1594 bis
1244 1559 1527 1609 substa-imnum
1548 1558 1631 1608 quia
1652 1558 1912 1597 sciebatomnes
1926 1560 2086 1598 homines
2107 1562 2152 1598 ob
2167 1563 2216 1582 ²⁰·

1168 1631 1296 1654 vanam
1323 1618 1474 1668 gloriam
1500 1632 1539 1654 ea
1562 1617 1605 1655 de
1626 1633 1663 1655 re
1683 1618 1838 1656 maxime
1858 1620 2042 1671 gavisuros
2067 1636 2150 1659 esse.

1168 1678 1259 1715 Nam
1274 1677 1303 1714 si
1323 1677 1373 1727 id,
1388 1678 1482 1728 quod
1494 1678 1665 1729 placitum
1682 1680 1758 1716 Deo
1772 1688 1836 1729 est,
1852 1681 1994 1730 quaeris,
2008 1690 2040 1718 et
2057 1682 2150 1732 quod

1167 1738 1203 1775 in
1227 1739 1406 1775 communi
1426 1739 1586 1790 prodest,
1603 1739 1673 1776 alia
1695 1740 1808 1790 major
1827 1749 1878 1777 est
1903 1741 1973 1778 via.
2004 1743 2083 1779 Non
2104 1742 2152 1779 ita

1168 1814 1335 1851 magnum
1355 1809 1403 1838 est
1423 1814 1442 1837 a
1459 1800 1617 1838 daemone
1636 1801 1793 1849 liberari,
1815 1811 1853 1838 ut
1868 1816 1886 1839 a
1901 1812 2053 1854 peccato.
2070 1805 2153 1841 Dae·

1167 1875 1249 1899 mon
1276 1876 1344 1899 non
1375 1862 1540 1914 impedit,
1578 1862 1767 1912 quominus
1801 1877 1948 1914 regnum
1986 1866 2151 1904 caelorum

1168 1936 1446 1973 consequamur,
1481 1923 1552 1961 imo
1577 1932 1808 1975 cooperatur,
1838 1925 1972 1963 invitus
1995 1925 2150 1976 quidem,

1166 1982 1229 2020 sed
1257 1992 1373 2020 tamen
1394 1993 1615 2036 cooperatur,
1631 1983 1719 2021 dum
1747 1986 2035 2024 continentiorem
2071 1988 2151 2026 red-

1166 2043 1220 2080 dit
1243 2057 1326 2080 eum
1349 2058 1455 2094 quem
1474 2053 1623 2096 occupat
1647 2059 1654 2080 :
1679 2054 1865 2096 peccatum
1884 2060 1966 2085 vero
1995 2061 2014 2084 e
2042 2061 2150 2099 regno

1166 2106 1274 2158 ejicit.

1217 2167 1256 2203 4.
1289 2168 1336 2204 At
1351 2167 1441 2204 forte
1459 2166 1552 2204 dicet
1573 2167 1773 2219 quispiam:
1793 2168 1915 2217 Absit,
1937 2178 1974 2206 ut
1998 2170 2047 2207 sic
2061 2185 2152 2208 asse-

1167 2240 1255 2276 quar
1286 2227 1549 2265 continentiam.
1590 2229 1712 2278 Neque
1744 2241 1807 2278 ego
1837 2229 1960 2276 velim,
1990 2230 2051 2267 sed
2080 2232 2151 2268 alio

1165 2287 1284 2335 modo,
1305 2296 1344 2324 ut
1364 2288 1481 2325 omnia
1500 2287 1607 2325 facias
1622 2302 1665 2325 ex
1696 2302 1814 2325 amore
1830 2288 1977 2327 Christi.
2006 2290 2045 2329 Si
2067 2305 2152 2329 vero

1165 2348 1246 2397 hoc,
1269 2348 1364 2398 quod
1382 2348 1487 2394 absit,
1515 2349 1707 2399 contingat,
1727 2361 1792 2400 pro
1810 2349 1878 2387 hoc
1900 2359 1950 2387 est
1963 2351 2149 2389 orandum.

1165 2409 1203 2446 Si
1231 2409 1341 2460 igitur
1356 2408 1494 2446 daemon
1516 2422 1584 2446 non
1605 2409 1712 2460 ejicit,
1735 2419 1917 2460 peccatum
1938 2425 2022 2449 vero
2044 2412 2152 2464 ejicit,

1165 2472 1210 2509 ab
1227 2471 1293 2509 hoc
1308 2472 1452 2509 liberari
1467 2472 1582 2523 majus
1596 2481 1648 2509 est
1663 2471 1889 2509 beneficium.
1908 2473 2005 2524 Ergo
2024 2474 2069 2511 ab
2082 2474 2151 2512 hoc

1163 2533 1370 2585 proximum
1400 2532 1543 2570 liberari
1571 2546 1747 2579 curemus,
1784 2541 1816 2569 et
1845 2542 1924 2570 ante
1942 2535 2148 2585 proximum

1164 2608 1228 2631 nos
1244 2593 1351 2645 ipsos
1375 2592 1572 2632 Videamus
1593 2606 1636 2629 ne
1653 2591 1849 2630 daemonem
1859 2593 2068 2643 habeamus,
2087 2595 2149 2632 di—

1163 2654 1311 2704 ligenter
1331 2667 1394 2690 nos
1413 2652 1508 2704 ipsos
1538 2651 1793 2689 examinemus.
1812 2654 1981 2690 Daemone
2003 2655 2147 2704 gravius

1164 2723 1215 2752 est
1230 2723 1413 2766 peecatum
1428 2729 1439 2763 5
1458 2713 1518 2750 ille
1530 2727 1682 2763 namque
1698 2713 1852 2750 humiles
1867 2713 1997 2751 reddit.
2019 2718 2148 2753 Annon

1163 2774 1293 2813 videtis
1311 2773 1560 2820 daemoniacos,
1586 2772 1730 2823 quando
1746 2788 1765 2810 a
1780 2773 1903 2810 morbo
1922 2784 2147 2823 recreantur,

1162 2850 1268 2886 quam
1284 2835 1353 2873 sint
1369 2834 1524 2882 demissi,
1539 2848 1647 2884 quam
1667 2833 1782 2871 moesti
1797 2834 1814 2871 Ξ)
1835 2835 2013 2884 quomodo
2025 2837 2148 2874 vultus

1161 2896 1298 2948 pudore
1311 2894 1553 2944 suffundatur,
1567 2894 1746 2945 quomodo
1760 2909 1828 2932 non
1843 2895 1959 2933 ausint
1975 2896 2113 2934 obtueri
2129 2898 2147 2935 ἶ)

1162 2956 1258 2996 Vide
1273 2955 1530 2994 absurditatem
1549 2971 1557 2992 ε
1580 2955 1633 2992 illi
1645 2954 1690 2993 de
1708 2955 1751 2993 iis
1768 2970 1845 3006 quse
1864 2956 2049 3008 patiuntur
2066 2972 2146 2995 eru-

1161 3017 1321 3063 bescunt,
1350 3030 1411 3054 nos
1443 3016 1488 3054 de
1517 3015 1603 3053 actis
1634 3016 1763 3053 nostris
1784 3029 1852 3053 non
1885 3016 2123 3056 erubescimus
2137 3034 2147 3057 :.

1162 3077 1216 3114 illi
1237 3077 1368 3129 injuria
1383 3077 1502 3114 affecti
1517 3085 1691 3126 verentur,
1713 3090 1775 3114 nos
1797 3076 1926 3128 injuria
1956 3078 2148 3117 afficientes

1161 3152 1230 3175 non
1257 3151 1430 3176 veremur.
1458 3136 1567 3187 Atqui
1602 3136 1743 3174 illorum
1773 3146 1883 3175 status
1903 3152 1971 3176 non
2008 3139 2147 3190 pudore

1161 3198 1306 3249 dignus,
1343 3197 1403 3234 sed
1424 3197 1668 3235 misericordia
1702 3206 1733 3234 ct
1755 3197 1989 3249 humanitate,
2026 3200 2144 3249 venia,

1163 3257 1397 3295 admiratione
1425 3271 1566 3308 magna,
1590 3257 1783 3295 innumeris
1801 3257 1982 3308 laudibus,
2006 3260 2147 3310 quando

1186 3382 1202 3405 b
1227 3381 1317 3412 [nus
1341 3386 1395 3423 γάρ
1416 3389 1455 3423 τῷ
1475 3385 1538 3422 θεῷ.

1975 1014 2033 1050 hie
2048 1023 2312 1063 xe10,‘ul11c.1.
