2502 3810
650 285 692 313 IN
731 282 843 313 ACTA
881 281 1131 313 APOSTOLOR
1137 281 1198 312 ΕΜ
1206 301 1214 309 .

40 365 230 405 τούναντίον
259 365 417 416 γένηται,
451 364 508 402 καὶ
539 365 671 416 χαίρειν
693 366 763 402 δεῖ·
795 362 1051 415 ἐστεφανώθης,

40 426 296 478 ἀνεκηρύχθης·
331 427 391 462 οὐκ
421 426 467 467 εἷς
488 426 604 475 ἀγῶνα
635 425 837 476 καταχθεὶς,
857 425 932 462 οὐδὲ
955 423 1052 469 ἡλίου

39 487 97 525 καὶ
131 489 266 528 ἀκτῖνος
300 485 358 522 καὶ
395 484 520 527 κόνεως
562 485 749 536 ἐπάχθειαν
784 483 946 536 ἐνεγκὼν,
978 484 1054 521 οὐδὲ

40 546 274 596 συμπλακεὶς,
291 545 350 583 καὶ
382 545 492 587 λαὸδις
522 545 618 592 δοὺς,
650 545 739 583 ἀλλὰ
759 544 906 591 θελήσας
932 543 1054 594 μόνον,

39 607 97 645 καὶ
116 607 308 656 καθήμενος
334 604 355 651 ἢ
388 605 514 652 ἑστὼς,
537 604 657 648 ἕλαὲες
693 605 801 654 με’γαν
839 605 896 642 τὸν
929 603 1056 654 στέςραη

40 683 110 705 νον·
141 671 155 687 ⁸
175 666 234 703 καὶ
265 668 329 717 οὐχ
362 665 481 707 ἁπλῶς
509 665 636 715 μέγαν,
657 664 746 702 ἀλλὰ
769 665 888 715 πολλῷ
918 663 1056 714 μείζονα

39 727 177 765 ἐκείνων
191 741 198 748 ·
219 727 255 764 οὐ
285 726 350 777 γάρ
374 728 465 763 ἐστιν
483 725 555 762 ἴσον
580 725 699 776 ἐχθρὸν
716 726 833 776 βαλεῖν
855 724 1056 769 ἀντίπαλον,

41 788 100 824 καὶ
129 789 197 824 τῶν
229 789 291 832 τῆς
319 789 422 838 ὂργῆς
453 785 692 836 περιγενέσθαι
726 787 847 834 βελῶν.
870 782 1058 828 Ἔνίκησας

38 848 115 885 οὐδὲ
133 846 244 893 λαὸὴν
265 846 357 893 δοὺς,
377 845 566 888 κατέὸαλες
584 844 743 887 τὸπάθος
765 844 804 881 τὸ
828 846 861 880 ἐν
879 843 950 889 σοὶ,
971 842 1056 879 ἀπέ-

39 907 169 958 σφαξας
184 908 221 945 τὸ
241 906 356 958 θηρίον
373 905 596 955 κεκινημένον
607 935 616 952 ,
632 904 690 942 καὶ
706 905 884 940 λυττῶντα
913 902 970 940 τὸν
992 904 1054 938 θυ-

40 969 102 1016 μὸν
125 967 354 1017 ἐπεστόμισας
366 994 374 1010 ,
390 966 545 1016 καθάπερ
568 981 618 1006 τις
638 964 775 1015 ἄριστος
790 961 929 1012 νομεύς·
947 960 1056 1012 ἐμφύ-

37 1031 107 1070 λιος
123 1029 264 1077 ἔμελλεν
281 1030 301 1072 ἡ
323 1026 420 1077 μάχη
444 1019 548 1072 εἶναι,
568 1027 690 1067 οἰκεῖος
715 1026 732 1061 ὃ
752 1022 916 1072 πόλεμος.
938 1020 1049 1059 Καθά-

38 1103 103 1139 περ
122 1087 188 1137 γὰρ
212 1089 242 1123 οἱ
264 1087 371 1137 τείχει
393 1083 673 1137 προσκαθήμενοι
705 1083 764 1118 καὶ
795 1084 1057 1130 πολιορκοῦντες

37 1146 176 1189 ἔξωθεν,
197 1146 373 1194 ἐμφυλίοις
404 1141 653 1192 περιὸάλλουσι
681 1140 866 1188 πολέμοις,
896 1138 956 1176 καὶ
980 1139 1057 1177 τότε

38 1205 286 1256 περιγίνονται·
311 1202 400 1240 οὕτω
422 1201 463 1248 δὴ
484 1201 542 1239 καὶ
562 1204 579 1237 ὃ
599 1200 802 1251 ἐνυὸρίζων,
831 1199 870 1236 ἂν
892 1198 939 1249 μὴ
960 1199 998 1237 τὸ
1023 1201 1056 1236 ἐν

39 1270 121 1316 ἡμῖν
137 1264 250 1316 ἐγείρῃ
269 1263 391 1310 πάθος,
407 1265 444 1301 οὗ
456 1262 638 1307 δυνήσεται
652 1260 911 1313 περιγενέσθαι·
930 1260 988 1298 ἐὰν
1009 1259 1057 1310 μὴ

37 1331 139 1376 ἡμεῖς
169 1324 306 1366 ἑαυτοὺς
336 1322 594 1374 ἐμπρήσωμεν,
625 1325 751 1364 ἐκεῖνος
776 1320 938 1372 οὐδεμίαν
959 1320 1059 1372 ἰσχὺν

40 1388 125 1438 ἔχει.
148 1386 267 1424 Ἔστω
285 1387 367 1436 παρ’
388 1388 472 1434 ἡμῖν
498 1386 515 1421 ὁ
548 1387 611 1430 τ’ῆς
635 1385 740 1435 ὀργῆς
769 1382 940 1433 σπινθὴρ,
968 1381 1058 1419 ὥστε

39 1446 206 1497 εὐκαίρως
226 1445 458 1492 ἀνάπτεσθαι,
478 1443 526 1495 μὴ
546 1447 622 1482 καθ’
639 1447 740 1493 ἡμῶν
757 1445 887 1490 αὐτῶν,
913 1442 1000 1493 μηδὲ
1014 1442 1057 1480 ἵν’

38 1510 130 1556 ἧμᾶς
152 1505 284 1557 μυρίοις
303 1504 476 1556 περιὸάλῃ
493 1509 623 1547 κακοῖς.
645 1506 724 1555 Οὐχ
739 1507 841 1554 ὁρᾶτε
860 1505 894 1541 ἐν
913 1508 988 1545 ταῖς
1006 1505 1057 1540 οἷ-

39 1564 129 1607 κίαις
156 1564 194 1601 τὸ
223 1568 291 1614 πῦρ
321 1562 618 1614 ἀποτεταγμένον,
634 1562 652 1580 *
665 1562 724 1599 καὶ
747 1564 784 1600 οὗ
803 1565 982 1612 πανταχοῦ
1000 1564 1056 1612 ἐῤ-

41 1625 204 1675 ῥιμμένον
215 1655 223 1671 ,
238 1624 316 1661 οὔτε
328 1626 360 1661 ἐν
371 1623 486 1675 χόρτῳ
496 1652 505 1668 ,
516 1623 594 1660 οὔτε
606 1625 639 1660 ἐν
653 1622 803 1672 ἱματίοις
814 1653 824 1669 ,
835 1622 912 1659 οὔτε
925 1623 1057 1670 ἁπλῶς,

39 1685 130 1723 ὥστε
149 1685 196 1734 μὴ
214 1684 340 1734 ἀνέμου
359 1682 565 1733 ἐμπνέοντος
579 1682 802 1727 ἐξάπτεσθαι·
819 1682 908 1720 ἀλλὰ
927 1682 990 1720 κᾶν
1007 1686 1059 1720 θε-

43 1746 192 1797 ράπαινα
223 1744 347 1796 λύχνον
382 1743 466 1795 ἔχῃ,
487 1744 550 1782 κᾶν
570 1747 587 1782 ὃ
608 1744 770 1795 μάγειρος
798 1743 966 1794 ἀνακαίῃ,
985 1759 1058 1781 πα-

43 1805 208 1856 ραγγελία
228 1804 357 1850 πολλὴ,
381 1804 429 1854 μὴ
450 1804 535 1856 παρ’
553 1804 692 1854 ἄνεμον,
717 1803 805 1853 μηδὲ
833 1804 968 1847 σανίδος
1000 1806 1059 1855 ἐγ-

40 1866 119 1916 γὺς,
140 1865 226 1916 μηδὲ
247 1867 280 1902 ἐν
302 1865 398 1902 νυκτὶ
411 1869 509 1903 τοῦτο
529 1871 637 1903 ποιεῖν
654 1880 661 1888 ·
685 1867 760 1903 ἀλλ’
778 1864 858 1902 ὅταν
877 1865 1058 1917 καταλάὸῃ

41 1930 62 1972 ἡ
79 1927 155 1974 νὺξ,
180 1925 403 1976 ἐκοιμίσαμεν
423 1924 525 1973 αὐτὸ,
545 1925 691 1969 δεδιότες
726 1925 775 1975 μή
807 1941 910 1972 ποτε,
939 1929 1060 1963 καθευ-

42 1988 167 2025 δόντων
187 1989 288 2036 ἧμῶν
311 1986 370 2023 καὶ
397 1986 531 2030 οὐδενὸς
562 1986 655 2029 ὄντος
686 1990 744 2024 τοῦ
779 1988 1060 2038 ἐπικουροῦντος,

43 2051 194 2099 ἀναρθῇ,
214 2046 273 2084 καὶ
297 2046 429 2089 πάντας
449 2046 610 2098 ἐμπρήσῃ
624 2063 633 2093 3
647 2048 760 2084 Τοῦτο
776 2046 835 2084 καὶ
855 2046 911 2084 ἐπὶ
928 2050 988 2084 τοῦ
1003 2050 1060 2084 θυ-

44 2112 108 2158 μοῦ
128 2109 274 2158 γινέσθω
288 2123 295 2130 ·
315 2107 362 2157 μὴ
377 2112 557 2158 πανταχοῦ
575 2107 771 2158 διεσπάρθω
791 2110 859 2144 τῶν
880 2107 1059 2158 ἡμετέρων

42 2170 239 2218 λογισμῶν,
255 2169 331 2204 ἀλλ’
352 2167 385 2205 ἔν
411 2183 478 2204 τινι
500 2167 597 2217 βάθει
619 2170 680 2213 τῆς
709 2167 876 2216 διανοίας,
898 2167 988 2204 ὥστε
1010 2167 1058 2218 μὴ

41 2230 97 2267 τὸν
118 2229 242 2279 ἄνεμον
264 2228 320 2266 τὸν
338 2227 406 2265 ἀπὸ
425 2230 493 2264 τῶν
512 2227 676 2278 ῥημάτιον
695 2231 754 2264 τοῦ
771 2228 814 2264 δι’
835 2227 990 2270 ἐναντίας
1002 2229 1059 2265 εὔ-

41 2289 150 2332 κόλως
170 2291 397 2340 ἐφικνεῖσθαι,
414 2287 502 2325 ἀλλὰ
516 2290 598 2339 παρ’
615 2290 714 2337 ἡμῶν
731 2287 891 2338 δέχεσθαι
906 2288 964 2334 τὸν
985 2288 1061 2325 ἄνε-

42 2364 119 2399 μον,
134 2351 201 2386 τῶν
216 2349 353 2386 εἰδότων
368 2348 576 2400 συμμέτρως
590 2348 673 2385 αὐτὸ
692 2354 798 2386 κινεῖν
809 2348 868 2385 καὶ
883 2349 1058 2399 ἀσφαλῶς.

40 2410 98 2448 Ἄν
118 2409 238 2454 ἔξωθεν
253 2409 378 2460 ἄνεμον
399 2408 563 2461 δέχηται,
583 2409 645 2445 οὐκ
661 2402 730 2446 οἶδε
751 2408 790 2446 τὸ
809 2408 953 2461 μέτρον,
971 2408 1059 2446 ἀλλὰ

42 2470 156 2508 πάντα
172 2469 344 2520 ἐμπρήσει
357 2485 364 2492 ·
381 2468 548 2512 πολλάκις
569 2468 627 2506 καὶ
647 2468 880 2507 καθευδόντων
911 2471 1012 2519 ἡμῶν
1041 2472 1060 2507 ὁ

44 2530 167 2579 ἄνεμος
194 2524 290 2572 οὗτος
308 2531 529 2580 ἐμπεσεῖται,
552 2530 612 2567 καὶ
634 2528 679 2567 τὰ
697 2529 810 2567 πάντα
830 2529 1058 2568 κατακαύσει.

42 2590 162 2628 Ἔστω
189 2583 245 2626 οῦν
269 2593 352 2639 ἡμῖν
375 2588 464 2627 ὥστε
491 2592 561 2640 φῶς
583 2589 746 2627 ἀνάπτειν
767 2589 869 2640 μόνον
883 2605 891 2613 ·
914 2590 1061 2628 ἀνάπτει

44 2649 110 2700 γὰρ
126 2648 224 2700 ὶ’φῶς
258 2652 274 2686 ὃ
307 2650 412 2699 θυμὸς
426 2678 435 2695 ,
455 2650 535 2687 ὅταν
557 2649 803 2701 προσηκόντως
818 2650 981 2701 γένηται·
1001 2651 1061 2689 καὶ

45 2710 230 2759 λαμπάδας
245 2710 380 2761 ἔχωμεν
396 2709 487 2748 κατὰ
499 2713 566 2748 τῶν
583 2709 791 2748 ἀδικούντων
804 2710 940 2763 ἑτέρους
949 2741 958 2758 ,
970 2711 1061 2750 κατὰ

45 2774 103 2807 τοῦ
124 2770 298 2808 διαέόλου.
333 2769 393 2816 Μὴ
422 2775 601 2822 πανταχοῦ
639 2770 782 2818 κείσθω,
803 2770 891 2821 μηδὲ
913 2772 1062 2824 ἐῤῥίφθω

47 2830 213 2881 σπινθὴρ,
242 2833 317 2868 ἀλλ’
346 2833 379 2869 ἐν
409 2830 518 2884 τέφρα
546 2831 790 2883 φυλάττωμεν·
810 2832 844 2869 ἐν
873 2836 944 2875 τοῖς
969 2833 1064 2883 λογι-

47 2895 145 2939 σμοῖς
168 2897 237 2932 τοῖς
256 2895 452 2935 οταπεινοῖς
474 2891 685 2942 κοιμίζωμεν
705 2891 817 2929 αὐτόν.
838 2894 891 2930 Οὐ
915 2892 1064 2931 πάντοτε

1961 276 1966 281 ·
2015 263 2107 321 423

1128 376 1256 410 remus,
1275 370 1308 399 et
1323 370 1434 399 totum
1451 358 1673 412 perfecimus.
1694 359 1834 406 Quanto
1852 358 1963 409 magis
1983 367 2104 395 contu-

1127 423 1268 460 meliam
1284 422 1400 471 infert,
1415 411 1511 459 tanto
1533 421 1708 458 infirmior
1727 429 1788 458 est.
1809 419 1944 457 Nostin'
1963 418 2104 470 quando

1126 491 1284 534 oporteat
1309 482 1454 520 dolere?
1470 481 1620 528 Quando
1648 481 1750 519 nobis
1775 480 2023 518 contumeliam
2049 481 2102 518 in-

1127 544 1319 581 serentibus
1340 543 1402 581 ille
1416 543 1544 581 tacebit
1550 559 1562 593 3
1578 552 1663 581 tunc
1682 543 1775 580 enim
1795 542 1857 580 ille
1870 541 2015 593 quidem
2033 542 2105 579 for-

1127 604 1173 641 tis
1187 634 1195 650 ,
1213 618 1276 641 nos
1291 612 1409 641 autem
1428 603 1562 641 infirmi
1579 617 1699 641 snmus
1715 619 1722 639 :
1741 603 1770 640 si
1786 617 1870 641 vero
1889 602 2104 640 contrarium

1128 663 1325 713 efficiatur,
1352 663 1458 700 etiam
1481 662 1634 714 gaudere
1661 672 1825 714 oportet:
1845 672 2031 700 coronatus
2054 676 2105 710 es,

1127 723 1366 773 proclamatus
1380 736 1435 772 es,
1456 736 1527 760 non
1544 722 1579 758 in
1593 736 1740 772 agonem
1756 722 1899 772 ductus,
1920 737 1990 760 non
2010 722 2106 771 solis,

1128 781 1324 831 radiorum,
1343 781 1499 833 pulveris
1518 781 1676 818 molestia
1695 781 1862 829 affectus,
1879 796 1947 819 non
1969 796 2107 819 conser-

1128 840 1174 877 tis
1195 841 1360 878 manibus
1375 841 1431 878 vel
1446 839 1540 877 ansis
1556 838 1665 887 datis;
1683 839 1743 877 sed
1758 841 1938 878 voluntate
1954 850 2106 888 tantum,

1128 908 1162 937 et
1187 900 1309 937 sedens
1336 900 1392 939 vel
1411 908 1523 948 stans,
1543 912 1708 949 magnam
1733 899 1898 952 accepisti
1920 914 2105 949 coronam,

1129 973 1192 997 nec
1208 959 1312 998 modo
1336 973 1520 1009 magnam,
1538 958 1597 996 sed
1614 958 1686 996 illis
1701 959 1805 1010 longe
1823 960 1992 1011 majorem
2010 977 2016 996 :
2041 975 2109 998 non

1128 1034 1193 1072 par
1221 1029 1271 1058 est
1297 1020 1390 1057 enim
1421 1019 1606 1056 inimicum
1634 1029 1899 1071 oppugnantem
1928 1021 2048 1069 ferire,
2077 1030 2111 1058 et

1128 1080 1196 1117 tela
1213 1079 1273 1117 irae
1293 1080 1442 1118 vincere.
1465 1080 1594 1120 Vicisti
1609 1080 1708 1117 nulla
1728 1080 1809 1118 data
1826 1095 1907 1119 ansa
1919 1112 1929 1130 ,
1945 1082 2109 1120 morbum

1128 1140 1238 1177 animi
1252 1149 1354 1178 tuum
1371 1140 1547 1192 dejecisti,
1564 1150 1777 1178 commotam
1795 1141 1904 1178 feram
1922 1142 2111 1193 jugulasti,

1128 1209 1160 1237 et
1189 1201 1344 1238 furorem
1365 1201 1622 1252 compressisti,
1641 1210 1680 1238 ut
1699 1210 1818 1252 pastor
1847 1201 1994 1252 quidam
2018 1203 2111 1254 opti-

1128 1275 1228 1298 mus:
1250 1261 1356 1299 civile
1378 1261 1513 1298 bellum
1533 1262 1695 1298 futurum
1716 1271 1809 1311 erat,
1835 1262 2027 1300 domestica
2044 1278 2110 1314 pu-

1129 1334 1208 1371 gna.
1230 1323 1319 1359 Nam
1338 1321 1427 1359 sicut
1444 1321 1491 1371 ii,
1516 1322 1578 1372 qui
1604 1322 1733 1359 moenia
1752 1322 1837 1360 soris
1858 1323 2042 1372 obsident,
2064 1324 2113 1360 ci-

1129 1382 1200 1420 vile
1218 1382 1353 1420 bellum
1378 1383 1554 1433 excitant,
1577 1392 1610 1420 et
1625 1383 1672 1420 ita
1694 1383 1840 1421 vincunt
1856 1399 1863 1419 ε
1882 1384 1931 1422 sic
1946 1384 2007 1434 qui
2030 1398 2112 1421 con-

1129 1442 1313 1480 tumeliam
1329 1443 1447 1493 infert,
1466 1443 1494 1480 si
1508 1443 1706 1495 passionem
1722 1443 1757 1480 in
1773 1444 1873 1482 nobis
1887 1458 1956 1481 non
1970 1444 2111 1493 excitet,

1129 1504 1269 1542 vincere
1283 1518 1350 1542 non
1367 1504 1515 1556 poterit,
1534 1504 1601 1542 nisi
1621 1518 1684 1542 nos
1700 1504 1767 1556 ipsi
1788 1519 1851 1542 nos
1871 1505 2111 1553 incendamus,

1129 1565 1189 1602 ille
1217 1565 1352 1602 nullam
1374 1566 1450 1603 vim
1474 1565 1591 1603 habet.
1612 1566 1667 1604 Sit
1685 1566 1780 1603 enim
1809 1565 1910 1603 nobis
1932 1565 1993 1603 irae
2019 1566 2111 1603 scin—

1129 1626 1231 1675 tilla,
1255 1635 1294 1664 ut
1319 1636 1516 1678 opportune
1543 1626 1777 1674 accendatur,
1806 1641 1877 1664 non
1904 1636 2023 1664 contra
2052 1641 2113 1664 nos

1130 1686 1242 1738 ipsos,
1264 1701 1306 1725 ne
1323 1701 1384 1724 nos
1401 1687 1595 1726 innumeris
1610 1688 1742 1725 afficiat
1756 1688 1872 1725 malis.
1891 1690 1968 1725 Non
1983 1689 2113 1726 videtis

1080 1760 1104 1788 D
1131 1748 1167 1784 in
1194 1747 1360 1785 domibus
1386 1748 1501 1799 ignem
1523 1748 1772 1797 reconditum,
1795 1763 1858 1786 nec
1880 1749 2010 1799 ubique
2026 1764 2112 1800 pro-

1126 1809 1275 1860 jectum,
1295 1823 1363 1846 non
1383 1810 1417 1846 in
1433 1810 1537 1857 foeno,
1555 1823 1622 1846 non
1639 1810 1676 1846 in
1692 1809 1866 1859 vestibus,
1883 1823 1952 1846 non
1971 1819 2112 1858 temere,

1132 1882 1174 1907 ne
1193 1869 1299 1906 flante
1326 1878 1431 1906 vento
1461 1868 1690 1918 incendatur7·
1711 1868 1771 1908 sed
1803 1869 1876 1907 sive
1903 1869 2031 1907 ancilla
2059 1870 2113 1906 lu-

1133 1943 1271 1966 cernam
1290 1929 1434 1978 habeat,
1458 1930 1533 1968 sive
1552 1944 1655 1967 cocus
1674 1929 1859 1979 accendat,
1879 1930 2114 1967 denunciatur

1133 1989 1217 2038 illis,
1233 2004 1276 2027 ne
1291 1989 1336 2027 ad
1357 1999 1528 2039 ventum,
1555 2004 1597 2027 ne
1613 2004 1722 2042 prope
1743 1990 1901 2027 tabulam
1914 2021 1926 2037 ,
1950 2004 1993 2027 ne
2008 1999 2112 2027 noctu

1133 2050 1200 2088 hoc
1215 2051 1361 2099 faciant3
1381 2051 1441 2089 sed
1460 2051 1667 2089 adveniente
1686 2061 1786 2089 nocte
1804 2052 1922 2103 ignem
1941 2053 2112 2103 sopimus,

1132 2111 1237 2149 veriti
1260 2125 1303 2149 ne
1321 2112 1409 2148 forte
1427 2111 1684 2149 dormientibus
1710 2112 1812 2149 nobis
1835 2121 1869 2149 et
1888 2113 2026 2151 nemine
2052 2128 2113 2151 cu-

1132 2181 1231 2209 rante
1257 2172 1482 2219 accendatur,
1501 2181 1535 2209 et
1563 2186 1682 2209 omnes
1715 2173 1869 2209 exurat?
1893 2174 1968 2210 Hoc
1993 2173 2028 2210 in
2062 2175 2115 2211 ira

1132 2246 1271 2282 quoque
1292 2232 1354 2269 fiat
1376 2248 1383 2267 :
1403 2245 1446 2269 ne
1470 2231 1613 2269 omnino
1633 2232 1667 2270 in
1696 2232 1970 2283 cogitationibus
1989 2234 2116 2271 nostris

1133 2293 1370 2345 dispergatur,
1386 2293 1444 2330 sed
1459 2293 1493 2330 in
1508 2293 1664 2343 quodam
1677 2294 1803 2331 mentis
1818 2295 1994 2346 profundo
2008 2309 2116 2346 pona—

1132 2363 1202 2402 tur,
1212 2362 1250 2391 ut
1266 2368 1308 2391 ne
1320 2362 1446 2392 ventus
1456 2368 1475 2390 a
1486 2354 1604 2391 verbis
1618 2354 1812 2392 adversarii
1826 2354 1930 2392 facile
1937 2355 2114 2403 adveniat,

1132 2415 1194 2453 sed
1212 2429 1231 2452 a
1249 2415 1350 2453 nobis
1377 2414 1590 2466 suscipiatur
1616 2424 1762 2461 ventus,
1791 2416 1982 2453 scientibus
2012 2417 2115 2454 illum

1133 2485 1323 2529 temperate
1342 2486 1372 2514 et
1389 2485 1466 2514 tuto
1485 2490 1637 2514 movere.
1654 2476 1692 2514 Si
1713 2476 1845 2514 deforis
1862 2486 2008 2515 ventum
2022 2478 2114 2516 acci-

1133 2537 1227 2589 piat,
1255 2538 1365 2575 nescit
1393 2536 1554 2583 modum,
1574 2535 1634 2573 sed
1667 2537 1785 2574 omnia
1813 2536 2004 2574 accendet:
2023 2551 2115 2589 saepe

1133 2598 1235 2636 nobis
1259 2597 1520 2636 dormientibus
1548 2605 1674 2635 ventus
1703 2596 1764 2634 ille
1792 2596 1922 2634 incidet
1942 2605 1974 2633 et
1994 2598 2112 2635 omnia

1134 2658 1325 2696 comburet.
1358 2657 1412 2695 Sit
1436 2671 1518 2708 ergo
1543 2656 1644 2693 nobis
1670 2665 1820 2705 tantum,
1842 2665 1881 2694 ut
1907 2656 2023 2694 lucem
2058 2672 2113 2694 ac-

1133 2718 1257 2756 cendat
1277 2734 1284 2753 :
1304 2718 1420 2755 lucem
1439 2718 1533 2754 enim
1558 2716 1718 2754 accendit
1746 2717 1812 2766 ira,
1833 2717 1974 2767 quando
1989 2717 2113 2755 decen-

1134 2787 1186 2815 ter
1211 2787 1397 2816 movetur:
1415 2786 1447 2814 et
1469 2777 1561 2814 faces
1589 2776 1783 2813 habeamus
1810 2786 1930 2814 contra
1957 2791 2026 2825 eos,
2051 2778 2113 2828 qui

1134 2839 1221 2877 alios
1246 2838 1392 2886 laedunt,
1412 2846 1533 2875 eontra
1549 2836 1744 2874 diabolum.
1766 2837 1818 2874 Ne
1837 2837 1969 2888 ubique
1980 2839 2111 2889 jaceat,

1134 2914 1197 2938 nce
1220 2899 1428 2952 projiciatur
1450 2897 1614 2947 scintilla,
1629 2897 1689 2934 sed
1719 2897 1753 2934 in
1770 2897 1886 2935 cinere
1905 2912 2083 2937 servemus
2103 2914 2109 2934 ε

1255 280 1408 311 1103111„
1447 281 1489 310 L.

1076 436 1098 465 B

1077 1084 1101 1114 C

1080 2421 1105 2450 E

46 2952 149 2987 αὐτοῦ
167 2949 330 2999 δεόμεθα,
354 2953 430 2989 ἀλλ’
447 2951 526 2989 ὅταν
545 2951 827 3003 κατεργάσασθαί
846 2968 880 2990 τι
901 2952 981 3004 δέῃ,
1001 2953 1060 2991 καὶ
1072 2984 1119 3007 377
1135 2961 1170 2998 in
1192 2959 1392 2997 humilibus
1417 2958 1689 3009 cogitationibus
1705 2958 1883 3009 sopiamus
1905 2959 2014 2996 illam.
2035 2960 2113 2996 Non

46 3012 187 3054 ποι-ἧσαι
204 3010 335 3047 ἁπαλόν
346 3026 353 3034 ·
370 3011 450 3048 ὅταν
464 3011 625 3063 πώρωσιν
646 3012 795 3061 μαλάξαι
810 3012 868 3065 δέῃ
880 3043 890 3063 ,
906 3011 986 3051 ὅταν
1000 3017 1063 3061 τῆς

47 3072 160 3119 ψυχῆς
178 3072 406 3120 καταγνῶναι.

93 3260 104 3273 ³
122 3251 215 3290 llaec,
230 3256 277 3284 καὶ
295 3255 346 3294 οὐχ
365 3256 464 3290 ἁπλῶς
484 3259 578 3297 μέγαν
591 3282 599 3297 ,
616 3259 712 3295 ἀλλὰ,
725 3255 844 3290 desunt
860 3258 891 3289 in
906 3256 1045 3300 quibus-

50 3300 139 3333 dam.

94 3355 109 3367 ⁸¹
128 3355 137 3395 [
154 3355 245 3393 Haec,
266 3360 312 3388 καὶ
336 3360 366 3389 οὐ
393 3371 423 3390 π.
441 3357 651 3402 ἐῤῥ.,ι165υι]ῑ
673 3361 705 3393 in
732 3362 771 3395 D.
791 3361 891 3395 Paulo
917 3368 993 3395 ante
1017 3362 1048 3395 in

54 3403 167 3437 codem
182 3414 214 3438 et
230 3405 393 3438 Commel.
412 3412 458 3440 ἵνα
476 3407 596 3451 abest]

1082 3021 1107 3049 Λ
1134 3034 1270 3071 semper
1298 3019 1362 3056 illa·
1387 3032 1475 3070 opus
1502 3018 1690 3066 habemus,
1715 3017 1777 3054 sed
1806 3017 1947 3068 quando
1975 3018 2112 3070 operari

1132 3080 1221 3131 quid
1235 3087 1370 3131 oportet
1386 3087 1418 3117 et
1434 3077 1605 3127 emollire,
1622 3077 1763 3127 quando
1785 3078 2014 3129 pertinaciam
2032 3078 2112 3116 vin-

1135 3156 1222 3191 cere,
1239 3141 1380 3192 quando
1401 3140 1553 3178 animam
1574 3139 1794 3189 redarguere.

1155 3259 1171 3282 ¹·
1189 3267 1246 3301 φῶς
1260 3256 1351 3288 deest
1368 3256 1399 3287 in
1418 3252 1627 3298 quibusdam.

1155 3320 1167 3333 ⁰
1186 3310 1363 3354 [ἡμετέροις
1379 3309 1419 3339 D.
1438 3317 1499 3349 pro
1521 3312 1678 3343 ταπεινοῖς.
1697 3305 1783 3337 'rum
1809 3311 1978 3349 κομζωμεν
1995 3306 2113 3338 Menti.

1114 3372 1131 3392 e
1151 3359 1379 3400 Commehno,
1407 3359 1553 3400 neglecta
1579 3356 1720 3397 eleganti
1747 3355 1907 3398 lectione,
1932 3368 2030 3400 quam
2056 3359 2118 3399 ipsi

1117 3410 1398 3445 consentientibus
1415 3410 1491 3441 Mss.
1511 3407 1746 3451 suppeditabat
1761 3407 1879 3452 Savil.]
