2502 3810
712 326 754 354 IN
794 323 933 354 131‘15'1'.

55 411 177 454 αὐτῶν,
197 406 328 450 δεικνὺς
347 406 480 457 μωρίαν
500 401 617 452 οὖσαν,
638 406 696 442 καὶ
721 404 915 449 ἀλαζονείας
935 403 1064 440 ἐπίδει-

55 471 103 514 ξιν
123 469 235 519 μόνον.
252 461 340 505 Εἶτα
357 467 413 505 ἵνα
429 467 540 518 μάθῃς
552 497 560 513 ,
575 467 629 506 ὅτι
645 466 779 518 ἔχοντες
797 465 858 511 τὴν
878 464 956 515 περὶ
973 466 1064 500 Θεοῦ

54 532 192 581 γνῶσιν,
229 529 333 571 οὕτως
366 528 472 574 αὐτὴν
494 527 712 577 προῦδωκαν,
739 525 930 572 ’Ήλλαξαν,
954 519 1064 562 εἶπεν·

54 590 122 629 ὁδε
138 591 324 628 ἀλλάσσων
351 592 396 632 ὡς
423 589 546 627 ἄλλο”
528 604 616 640 εχων
636 587 815 626 ἀλλάσσει.
833 586 1011 623 ἼΙθελον·
1000 584 1066 635 γάρ

56 667 88 688 τι
121 650 224 688 πλεον
253 653 381 724 εὑρεῖν,
407 665 464 687 και
495 651 557 687 οὐκ
578 648 766 699 ἠνέσχοντο
798 650 866 684 τῶν
903 645 1066 683 δοθέντων

55 710 160 761 ὅρων·
179 710 230 748 διο
245 710 302 747 καὶ
324 725 450 747 τουτων
469 708 644 752 ἐξέπεσον·
662 707 882 757 καινοτομίας
897 706 964 757 γὰρ
978 709 1067 751 ἦσαν

56 771 280 821 ἐπιθυμηταί.
297 770 446 821 Καιγὰρ
472 771 644 808 *romanet
669 768 782 806 πάντα
800 767 843 805 τὰ
863 765 1067 812 Ελληνικά.

58 832 123 869 Διὰ
142 836 240 869 τοῦτο
262 831 321 869 καὶ
342 834 418 868 κατ’
442 830 601 875 ἀλλήλων
621 829 782 874 ἔστησαν,
798 823 856 864 καὶ
875 825 1068 877 Ἀριστοτέ-

58 896 118 938 λης
134 892 194 942 μὲν
210 892 379 939 ἐπανέστη
398 892 580 938 Πλάτωνι,
594 893 625 928 οἱ
638 888 787 927 Στωϊκοὶ
806 887 840 925 δὲ
852 887 937 939 πρὸς
949 890 1068 923 τοῦτον

60 961 72 974 ³⁸
84 954 293 1006 ἐφρυοίξαντο
304 985 313 1001 ,
333 954 391 991 καὶ
407 954 508 995 ἄλλος
525 952 620 1002 ἄλλῳ
633 949 798 999 πολέμιος
810 948 945 998 γέγονεν
957 962 964 970 ·
979 946 1070 984 ὥστε

59 1018 123 1066 οὐχ
137 1015 242 1057 οὕτως
260 1014 380 1057 αὐτοὺς
398 1013 466 1065 χρὴ
488 1012 673 1061 θαυμάζειν
697 1010 754 1047 διὰ
775 1008 841 1054 τὴν
855 1007 975 1058 σοφίαν
991 1037 999 1053 ,
1024 1009 1070 1049 ὡς

60 1075 333 1125 ἀποστρέφεσθαι
347 1074 403 1110 καὶ
420 1079 544 1123 μισεῖν,
560 1071 613 1110 ὅτι
628 1072 670 1109 δι’
687 1070 770 1107 αὐτὸ
783 1073 882 1106 τοῦτο
891 1067 1000 1118 μωροὶ
1017 1082 1070 1116 γε·

57 1133 206 1183 γόνασιν.
227 1135 271 1170 Εἰ
299 1132 365 1183 γὰρ
392 1132 439 1181 μὴ
458 1134 635 1183 λογισμοῖς
657 1129 848 1181 ἐπέτρεψαν
868 1129 926 1167 καὶ
948 1129 1072 1165 συλλο-

55 1198 191 1243 γισμοῖς
218 1192 276 1229 καὶ
295 1192 484 1243 σοφίσμασι
503 1191 546 1229 τὰ
565 1192 640 1228 καθ’
661 1189 815 1237 ἑαυτοὺς,
847 1191 907 1227 οὐκ
929 1188 968 1225 ἂν
986 1188 1070 1226 ἔπα-

56 1257 123 1300 θον,
139 1252 224 1304 ὅπερ
243 1251 379 1290 ἔπαθον.
400 1246 488 1290 Εἶτα
509 1250 685 1290 ἐπιτείνων
708 1253 820 1289 αὐτῶν
840 1249 902 1296 τὴν
923 1265 1071 1300 κατηγο-

58 1314 146 1365 ρίαν,
181 1314 343 1366 κωμῳδεῖ
367 1313 430 1360 τὴν
461 1312 743 1366 εἷδωλολατρείαν
777 1313 888 1349 αὐτῶν
919 1312 1092 1349 ἅπασαν.”

59 1375 222 1412 Μάλιστα
243 1373 322 1424 ι’μὲν
344 1368 399 1411 οὖν
421 1374 532 1411 καὶτὸ
546 1372 713 1419 ἀλλάξαι,
734 1372 991 1424 καταγέλαστον
1006 1388 1013 1395 ·
1033 1372 1072 1410 τὸ

60 1436 94 1473 δὲ
109 1436 167 1473 καὶ
177 1438 222 1479 εἷς
237 1440 377 1473 τοιαῦτα
390 1434 547 1482 ἀλλάξαι,
560 1435 674 1481 πάσης
691 1433 878 1485 ἀπολογίας
894 1433 1002 1475 ἐκτός.
1012 1434 1073 1475 Εἷς

58 1497 134 1534 τίνα
149 1499 203 1534 οὐν
223 1495 388 1543 ἤλλαξαν,
404 1495 463 1533 καὶ
476 1494 545 1533 τίσι
559 1495 766 1548 περιέθηκαν
783 1494 844 1541 τὴν
864 1493 976 1542 δόξαν,
994 1493 1073 1532 σκό-

88 1576 127 1597 ε.1
154 1560 404 1603 ‹bavuco-“dvm
423 1557 491 1595 ἔδει
509 1573 588 1609 περι
605 1557 757 1604 ἐκείνου,
784 1551 866 1604 οἷον,
892 1556 946 1595 δ’τι
963 1557 1050 1599 Θεὸς
1063 1587 1072 1604 ,

59 1620 112 1657 ὅτι
133 1619 270 1656 πάντων
291 1618 427 1669 κύριος,
447 1616 499 1654 ὅτι
524 1618 586 1654 οὐκ
605 1618 703 1660 ὄντας
717 1616 890 1664 ἐποίησεν,
912 1616 963 1655 ὅτι
984 1633 1073 1669 προ-

62 1686 151 1726 νοεῖ,
171 1679 223 1716 ὅτι
253 1680 416 1725 κήδεται·
439 1694 548 1715 ταυτα
579 1678 644 1729 γὰρ
668 1678 748 1721 δόξα
769 1680 871 1716 Οεου.
894 1677 996 1716 Τίσιν
1017 1681 1072 1715 οὐν

62 1740 190 1785 ταύτην
210 1739 398 1786 ἀνέθηκαν,
425 1740 502 1777 Οὐκ
530 1738 740 1790 ἀνθρώποις,
775 1740 850 1776 ἀλλ’
879 1737 1074 1788 ὁμοιώματι

63 1801 189 1842 εἰκόνος
205 1799 563 1852 φθαρτοῧνάνθρώπου.
580 1800 650 1837 Καὶ
665 1798 739 1837 οὐδὲ
752 1802 897 1837 ἐνταῦθα
913 1799 1075 1845 ἔστησαν,

64 1862 152 1899 ἀλλὰ
171 1862 229 1899 καὶ
257 1863 302 1904 εἷς
321 1860 481 1898 κνώδαλα
508 1860 785 1912 κατηνέχθησαν,
804 1861 934 1910 μᾶλλον
954 1859 989 1898 δὲ
1018 1860 1077 1898 καὶ

63 1925 109 1965 εἷς
124 1922 183 1964 τὰς
199 1922 326 1960 τούτων
344 1921 485 1965 εἰκόνας.
511 1921 561 1959 Σὺ
585 1921 622 1959 δέ
650 1938 707 1972 μοι
730 1921 851 1959 σκόπει
870 1920 933 1968 τὴν
955 1921 1075 1972 σοφίαν

63 1987 120 2019 τοῦ
144 1982 285 2020 Παύλου
302 2013 311 2029 ,
340 1986 414 2025 πῶς
438 1981 482 2019 τὰ
515 1982 572 2020 δύο
592 1982 680 2035 ἄκρα
710 1982 861 2029 τέθεικε,
897 1982 985 2021 Θεὸν
1018 1982 1075 2020 τὸν

64 2043 248 2089 ἀνωτάτω,
281 2042 401 2080 καὶτὰ
429 2043 557 2096 ἑρπετὰ
590 2042 634 2080 τὰ
653 2042 861 2080 κατωτάτω·
886 2044 1016 2093 μᾶλλον
1041 2041 1076 2080 δὲ

62 2103 137 2140 οὐδὲ
157 2101 200 2139 τὰ
216 2102 363 2153 ἑρπετὰ,
382 2103 471 2140 ἀλλὰ
491 2102 619 2141 τούτων
644 2102 872 2153 ὁμοιώματα,
887 2101 943 2140 ἵνα
960 2105 1076 2154 σαφῶς

64 2162 154 2213 δείξῃ
177 2162 236 2209 τὴν
265 2163 429 2216 λαμπρὰν
457 2166 569 2216 αὐτῷν
591 2164 727 2215 μανίαν.
750 2164 826 2211 Τὴν
845 2163 911 2215 γὰρ
932 2166 1074 2214 γνῶσιν,

62 2225 102 2269 ἢν
118 2224 184 2261 ἔδει
197 2224 346 2276 περὶτοῦ
356 2224 494 2262 πάντων
506 2225 720 2278 ἀσυγκρίτως
731 2225 956 2278 ὑπερέχοντος
971 2225 1077 2276 ἔχειν,

62 2284 189 2330 ταύτην
210 2287 258 2335 τῷ
281 2285 419 2322 πάντων
438 2285 653 2338 ἀσυγκρίτως
675 2285 903 2337 εὐτελεστέρῳ
919 2285 1079 2338 περιέθη-

63 2361 138 2383 καν.
154 2346 222 2383 Καὶ
234 2345 268 2382 τί
280 2349 390 2383 ταῦτα
408 2346 493 2398 πρὸς
505 2345 583 2389 τοὺς
597 2346 802 2398 φιλοσόφους
812 2376 823 2392 ,
839 2346 945 2398 φησί,
963 2352 976 2367 ‘
986 2346 1078 2397 Πρὸς

64 2405 183 2448 αὐτους
205 2421 265 2455 μεν
281 2399 338 2443 οῧν
359 2406 512 2456 μάλιστα
529 2406 642 2444 πάντα
660 2406 703 2444 τὰ
723 2407 900 2460 εἰρημένα.
918 2407 988 2445 Καὶ
1009 2406 1078 2459 γαρ

64 2469 156 2503 οὑτοι
175 2481 251 2510 τους
271 2470 381 2504 ταῦτα
400 2467 603 2519 εφευρόντας
621 2467 832 2518 Αἰγυπτίους
852 2468 1079 2512 διδασκάλους

65 2527 204 2577 ἔχουσι·
225 2527 283 2564 καὶ
306 2527 481 2565 Πλάτων’
469 2545 486 2566 ο
503 2529 611 2566 δοκων
630 2533 716 2567 εἶναι
733 2531 801 2566 τῶν
821 2528 938 2567 ἄλλων
957 2529 1080 2579 σεμνό-

65 2602 159 2639 τερος
170 2616 179 2632 ,
195 2589 226 2624 ἐπ
221 2588 491 2638 καλλωπίζεται
504 2589 653 2637 τούτοις,
671 2605 730 2627 και
747 2593 764 2627 ὃ
779 2589 898 2627 τούτου
915 2589 1079 2628 διδάσκα-

65 2650 121 2691 λος
137 2648 215 2699 περὶ
234 2648 277 2686 τὰ
294 2648 419 2687 εἴδωλα
446 2655 553 2688 ταῦτα
572 2649 588 2669 ‘¹
603 2650 791 2698 ἐπτόηται·
813 2651 870 2688 τὸν
886 2655 965 2702 γοῦν
994 2653 1077 2689 ἀλε-

66 2708 210 2759 κτρυόνα
238 2712 255 2747 ὁ
284 2709 428 2748 κελεύων
448 2713 497 2763 τῷ
514 2710 712 2763 Ἀσκληπιῷ
728 2711 834 2758 θύειν,
852 2705 948 2756 οῧτός
969 2714 1075 2750 ἐστιν.

65 2769 174 2807 Ἔνθα
188 2772 255 2807 τῶν
273 2773 286 2789 θ’
297 2771 482 2809 κνωδάλων
494 2771 624 2809 τούτων
641 2771 700 2809 καὶ
723 2774 790 2810 τῶν
805 2774 958 2824 ἑρπετῶν
984 2771 1078 2810 εἰκό-

66 2846 124 2872 νας
134 2859 142 2875 ,
157 2829 215 2867 καὶ
232 2830 290 2868 τὸν
306 2830 505 2869 Ἀπόλλωνα
520 2831 555 2869 δὲ
569 2831 628 2870 καὶ
641 2831 697 2869 τὸν
714 2833 878 2871 Διόνυσον
890 2832 978 2884 μετὰ
998 2834 1079 2872 τού-

68 2905 134 2926 των
148 2890 438 2940 θεραπευομένους
454 2894 522 2930 τῶν
540 2894 691 2943 ἑρπετῶν
707 2893 773 2931 ἴδοι
790 2909 842 2937 τις
862 2893 914 2931 ἄν.
928 2893 1030 2937 Τινὲς
1045 2893 1079 2931 δὲ
1116 2910 1121 2917 ·

68 2952 135 2987 τῶν
156 2950 346 3002 φιλοσόφων
369 2952 428 2990 καὶ
446 2954 492 2995 εἷς
509 2952 565 2989 τὸν
588 2953 728 3005 οὐρανὸν
746 2955 919 3005 ἀνήγαγον
936 2954 1081 3006 ταύρους

70 3010 126 3044 καὶ
152 3010 332 3061 σκορπίους
353 3010 411 3048 καὶ
428 3012 616 3064 δράκοντας
646 3014 704 3051 καὶ
724 3014 781 3052 τὸν
811 3014 914 3052 ἄλλον
943 3015 1082 3052 ἅπαντα

70 3070 172 3118 λῆρον
191 3085 197 3091 ·
230 3075 408 3123 πανταχοῦ
425 3071 492 3126 γὰρ
511 3076 529 3111 ὁ
551 3073 707 3118 &adeonae
736 3074 946 3114 ἐσπούδασεν
974 3077 1021 3117 εἷς
1039 3074 1082 3112 τὰ

118 3232 131 3245 ““
159 3232 232 3271 [Sic
250 3234 285 3266 A.
306 3233 393 3266 Editi
409 3241 447 3268 τὰ
463 3244 586 3271 τοιαῦτα
602 3253 634 3273 π.
653 3237 829 3283 ἑλληνικὼ]

116 3293 127 3306 ³
154 3284 225 3314 Duo
243 3284 319 3317 MSS.
336 3290 518 3329 ἐφράξαντο,
537 3289 632 3321 male.

118 3337 132 3358 Ι»
159 3333 187 3375 [
188 3339 221 3367 οὲ
225 3352 237 3366 ν
254 3341 310 3379 γάρ
331 3338 367 3369 A.
393 3345 425 3369 et
441 3350 544 3381 marg.
561 3340 680 3383 SaxiL]

116 3396 127 3409 f
153 3384 214 3429 [πε
219 3392 247 3424 ὸ,-
277 3391 392 3425 iro->rom
410 3390 446 3420 A.
464 3398 496 3422 et
512 3402 589 3423 mox
607 3404 623 3423 a
641 3399 866 3431 5.1ῖ1,πάντως
884 3404 944 3436 pro
962 3399 1071 3428 πάντα

74 3439 269 3481 53112111011111
289 3452 329 3471 111
333 3452 379 3481 u·
387 3441 526 3483 .Saxil.]

974 321 1031 350 AD
1068 322 1173 351 ROM.

1214 320 1367 351 HOMiL.
1409 321 1470 350 [Π.

2023 306 2115 363 491

1138 402 1224 439 tiam
1242 415 1363 439 eorum
1379 401 1414 439 in
1431 400 1542 452 seipsa
1558 398 1913 448 traducit‚ostendens
1931 397 2120 436 stultitiam

1140 477 1211 500 esse
1222 472 1255 500 et
1268 462 1478 513 arrogantiae
1492 471 1630 499 tantum
1639 460 1913 499 ostentationem.
1928 458 2067 497 Deinde
2081 468 2119 496 ut

1139 522 1255 560 discas
1274 522 1353 559 illos
1372 521 1439 559 Dei
1459 521 1621 559 notitiam
1638 520 1820 570 hahentes,
1839 519 1889 557 sic
1915 519 2014 556 illam
2031 532 2119 570 pro-

1140 582 1286 632 didisse,
1312 582 1414 628 dicit,
1444 584 1694 619 Mutaverunc
1709 586 1722 617 ,·’
1734 581 1795 632 qui
1826 593 1910 617 vero
1932 587 2058 625 mutat,
2082 588 2120 615 ut

1142 642 1240 680 akiud
1258 643 1394 680 habens
1409 642 1740 681 mutat.Voluerunt
1756 642 1848 679 enim
1866 641 1952 691 quid
1966 640 2122 692 amplius

1142 704 1312 751 invenire,
1320 703 1414 741 datis
1425 704 1582 741 terminis
1595 717 1663 741 non
1675 703 1826 740 contenti
1834 718 1843 751 3
1856 702 2004 753 ideoque
2016 701 2123 740 etiam

1142 766 1199 803 his
1214 766 1422 803 exciderunt
1437 780 1444 801 ε
1461 766 1654 803 novitatem
1673 765 1765 802 enim
1781 764 2040 802 desiderabant.
2057 763 2123 802 Et—

1142 826 1236 864 enim
1269 825 1476 877 hujusmodi
1506 825 1623 862 omnia
1661 825 1869 862 Graecmum
1903 826 2010 862 fuere.
2041 824 2124 863 Ideo

2221 815 2324 842 Philo-

2165 857 2324 894 sophorum

1142 886 1247 924 etiam
1263 885 1331 923 sibi
1350 894 1473 922 mutuo
1488 883 1558 922 adv
1550 898 1596 921 ei
1598 893 1663 921 sati
1679 893 1777 921 sunt:
1792 884 2020 922 Alistoteles
2011 899 2125 922 1115111·-
2127 898 2272 926 dissidia.

1142 946 1234 983 iexit
1249 954 1369 983 contra
1388 945 1586 989 Platonem,
1606 944 1741 982 Stoici
1733 958 1767 980 in
1787 944 1882 981 hune
1898 944 2122 989 infremueie,

1143 1015 1176 1043 et
1194 1006 1282 1042 alter
1299 1005 1401 1042 alteri
1419 1004 1531 1042 hostis
1548 1004 1627 1042 fuit.
1648 1005 1771 1054 Itaque
1789 1018 1858 1041 non
1879 1004 1925 1041 ita
1946 1004 2128 1041 admiran-

1143 1066 1180 1103 di
1195 1075 1276 1103 sunt
1295 1065 1341 1103 ob
1360 1065 1570 1116 sapientiam
1589 1074 1625 1102 ut
1644 1064 1833 1102 aversandi
1850 1073 1882 1101 et
1897 1064 1978 1102 odio
1994 1064 2128 1101 hahen-

1143 1125 1193 1175 di,
1211 1126 1293 1176 quia
1316 1126 1363 1163 ob
1380 1126 1447 1163 hoc
1467 1125 1586 1177 ipsum
1602 1125 1700 1163 stulti
1716 1125 1797 1162 facti
1820 1133 1914 1162 sunt.
1940 1125 2016 1162 Nisi
2033 1124 2127 1162 enim

1144 1186 1338 1224 ratiociniis
1354 1195 1386 1223 et
1405 1184 1623 1238 syllogismis
1642 1194 1749 1236 atque
1774 1185 2052 1237 sophismatibus
2067 1199 2128 1223 sua

1145 1248 1415 1299 commisissent,
1434 1261 1502 1286 non
1520 1247 1554 1285 in
1571 1247 1654 1285 talia
1671 1246 1888 1284 incidissent.
1908 1246 2046 1284 Deinde
2061 1247 2132 1284 cri-

1144 1309 1373 1347 minationem
1404 1322 1535 1361 augens
1567 1308 1726 1353 illorum,
1751 1307 1991 1345 idololatriam
2019 1316 2129 1345 totam

1144 1371 1312 1409 traducit.
1336 1372 1437 1409 Certe
1466 1371 1524 1409 vel
1557 1370 1652 1420 quod
1684 1371 1914 1420 mutaverint,
1937 1369 2130 1407 ridiculum

1145 1441 1214 1470 est:
1228 1432 1324 1483 quod
1340 1440 1457 1469 autem
1476 1431 1510 1469 in
1526 1431 1611 1468 talia
1626 1431 1856 1479 mutaverint,
1874 1431 1969 1468 omni
1983 1444 2131 1468 excusa-

1146 1493 1239 1539 tione
1268 1501 1373 1531 caret.
1400 1493 1442 1530 In
1464 1506 1627 1542 quaenam
1647 1506 1730 1542 ergo
1750 1491 1986 1540 mutaverint,
2009 1499 2043 1528 et
2063 1505 2132 1541 qua

1114 1564 1119 1572 ’
1147 1554 1182 1591 111
1199 1568 1237 1591 re
1251 1552 1398 1605 gloiiam
1420 1552 1614 1603 posueiint‚
1633 1551 1822 1604 perpende.
1838 1550 2076 1603 Cogitandum
2089 1551 2134 1587 [te

1147 1614 1209 1651 illo
1227 1623 1313 1663 erat,
1334 1613 1431 1664 qnod
1449 1622 1535 1650 esset
1555 1614 1667 1673 Deus,
1701 1612 1796 1663 quod
1828 1612 1987 1650 omnium
2015 1611 2131 1649 domi-

1150 1690 1227 1723 nus,
1246 1675 1342 1726 quod
1361 1688 1433 1724 eos,
1447 1673 1509 1724 qui
1530 1687 1597 1711 non
1617 1683 1728 1721 erant,
1748 1673 1881 1721 fecerit,
1900 1673 1994 1723 qnod
2012 1672 2134 1724 proxi-

1150 1737 1230 1775 deat
1247 1746 1279 1774 et
1293 1749 1414 1774 curam
1431 1749 1492 1787 ger
1494 1745 1549 1773 at.
1543 1735 1636 1772 -haec
1653 1734 1765 1785 gloria
1782 1735 1848 1771 Dei
1869 1744 1960 1772 sunt
1978 1734 2135 1780 Quibus-

1150 1812 1231 1835 nam
1252 1797 1318 1849 ipsi
1338 1764 1451 1834 illam²>
1456 1796 1722 1834 attribuerunt?
1738 1796 1815 1832 Non
1838 1795 2056 1841 hominibus,
2073 1795 2136 1832 sed

1151 1858 1378 1896 similitudini
1393 1857 1557 1909 imaginis
1574 1855 1818 1908 corruptibilis
1834 1856 2000 1894 hominis.
2014 1857 2136 1906 Neque

1150 1920 1210 1957 hic
1238 1928 1420 1966 steterunt,
1453 1918 1513 1956 sed
1542 1927 1575 1955 et
1607 1917 1652 1955 ad
1683 1917 1787 1954 bruta
1810 1917 1977 1954 animalia
1999 1916 2141 1968 delapsi

1151 1990 1246 2030 sunt,
1269 1981 1340 2018 imo
1359 1990 1392 2018 et
1411 1979 1457 2017 ad
1475 1979 1622 2016 illorum
1649 1978 1833 2029 imagines
1865 1979 1922 2014 Tu
1944 1993 1985 2016 v
1971 1992 2027 2015 “ro
2047 1977 2142 2015 milil‘

1151 2042 1253 2079 Pauli
1269 2041 1478 2094 sapientiam
1498 2039 1697 2092 perpendas
1724 2039 1852 2095 velimz
1867 2038 2044 2089 quomodo
2065 2038 2141 2077 duo

1151 2111 1307 2140 extrema
1332 2100 1490 2153 posuerit
1499 2115 1509 2148 3
1534 2101 1652 2137 Deum
1683 2113 1889 2150 supremum
1909 2099 2084 2149 omnium,
2105 2108 2141 2136 et

1150 2163 1291 2214 reptilia
1321 2162 1463 2209 infima;
1500 2160 1572 2197 imo
1595 2173 1662 2197 non
1691 2159 1849 2211 reptilia,
1871 2159 1931 2196 sed
1955 2160 2138 2211 reptilium

1152 2222 1416 2270 similitudines,
1438 2230 1477 2258 ut
1502 2230 1660 2272 apertam
1688 2220 1832 2257 illorum
1854 2220 2027 2257 insaniam
2046 2220 2140 2258 clare

1151 2283 1358 2322 ostenderet.
1380 2282 1627 2333 Cognitionem
1647 2281 1742 2319 enim
1757 2271 1867 2330 illam,
1883 2296 1990 2332 quam
2009 2281 2140 2319 hahere

1152 2344 1335 2396 oportebat
1345 2343 1436 2380 circa
1446 2356 1539 2390 eum,
1548 2341 1609 2392 qui
1624 2341 1699 2378 sine
1709 2341 1969 2393 comparatione
1980 2342 2100 2379 omniu
2106 2357 2147 2379 111

1151 2403 1469 2444 excellentissimus
1485 2411 1551 2451 est,
1566 2402 1657 2439 lianc
1674 2401 1834 2439 omnium
1849 2401 1945 2438 haud
1965 2402 2074 2440 dubie
2086 2403 2141 2446 vif

1151 2466 1288 2504 lis-simo
1320 2464 1581 2516 applicuerunt.
1616 2463 1662 2500 Et
1685 2462 1772 2512 quid
1802 2463 1898 2510 haec,
1919 2463 2070 2513 inquies,
2094 2463 2140 2500 ad

1152 2526 1406 2579 philosophos?
1426 2524 1478 2561 Ad
1502 2524 1566 2561 hos
1588 2523 1745 2560 maxime
1769 2524 1885 2560 omnia
1911 2538 2018 2574 supra
2044 2523 2140 2561 dicta

1153 2595 1321 2639 spectant.
1335 2586 1426 2622 Nam
1441 2584 1479 2621 hi
1496 2583 1687 2635 AEgyptios
1707 2583 1835 2620 horum
1851 2583 2051 2622 inventores
2067 2598 2141 2620 ma-

1154 2648 1280 2698 gistros
1299 2646 1431 2683 habent
1448 2660 1455 2680 :
1473 2653 1505 2681 et
1528 2644 1642 2692 Plato,
1674 2643 1735 2693 qui
1760 2643 1895 2681 caeteris
1920 2644 2141 2695 praestantior

1153 2723 1226 2746 esse
1254 2706 1414 2752 videtur,
1436 2705 1480 2742 de
1512 2704 1608 2741 hisce
1639 2703 1830 2754 gloriatur3
1853 2704 1999 2755 ejusque
2016 2703 2141 2741 doctor

1154 2769 1259 2807 idolis
1278 2767 1354 2805 istis
1370 2765 1534 2803 addictus
1552 2765 1635 2812 fuit,
1654 2765 1715 2814 qui
1735 2765 1870 2815 gallum
1889 2766 1991 2816 jubet
2012 2765 2138 2803 AEscu-

1154 2829 1247 2881 lapio
1264 2826 1467 2865 sacrificari.
1481 2824 1548 2863 Hie
1566 2824 1688 2862 videas
1704 2825 1890 2862 brutorum
1905 2834 1939 2862 et
1957 2824 2139 2877 reptilium

1154 2889 1337 2940 imagines,
1360 2896 1393 2925 et
1412 2901 1492 2923 cum
1512 2886 1568 2923 his
1591 2885 1793 2936 Apollinem
1808 2895 1841 2923 et
1859 2886 2040 2923 Bacchum
2058 2886 2139 2937 pari

1155 2951 1252 2990 cultu
1268 2950 1443 3001 dignatos.
1464 2947 1622 2995 Quidam
1637 2960 1721 2984 vero
1736 2947 1938 2999 philosophi
1958 2947 1992 2984 in
2013 2947 2141 2985 caelum

1155 3013 1322 3050 invexere
1340 3019 1474 3057 tauros,
1497 3006 1668 3059 scorpi05‚
1689 3006 1859 3045 dracones
1880 3016 1913 3045 et
1932 3007 2140 3059 hujusmodi

1155 3070 1387 3123 quisquilias:
1403 3067 1534 3119 ubique
1554 3067 1647 3108 enim
1675 3065 1840 3105 diabolus
1861 3067 1998 3106 curavit
2016 3066 2060 3104 ad
2083 3080 2140 3104 re-

1182 3241 1198 3265 d
1224 3241 1296 3272 Duo
1310 3239 1387 3270 Mss.
1410 3243 1550 3274 ἐπτόητο.
1569 3234 1715 3269 Platonis
1731 3233 1851 3267 doctor
1868 3235 2021 3267 Socrates
2039 3238 2143 3268 mori-

1140 3299 1230 3323 turus
1252 3289 1375 3333 gallum
1395 3288 1490 3331 jubet
1514 3286 1705 3329 AEscuiapio
1728 3286 1916 3318 sacrificari.
1937 3286 2020 3319 Vide
2034 3287 2145 3320 Plato-

1139 3354 1213 3374 nem
1239 3339 1270 3372 in
1295 3337 1459 3371 Phaedone
1485 3337 1527 3369 de
1551 3346 1659 3370 morte
1691 3338 1849 3370 Socratis.
1875 3339 1954 3370 ssaec
1976 3346 2144 3380 postrema

1141 3404 1203 3425 vox
1222 3391 1283 3423 fuit
1299 3390 1502 3422 celeberrimi
1525 3387 1727 3431 philosophi.

1182 3451 1192 3463 θ
1218 3444 1227 3485 [
1244 3445 1278 3475 A.
1299 3445 1453 3477 κνωδάλων
1468 3444 1578 3476 τούτων
1593 3446 1621 3475 αἱ
1636 3446 1740 3479 εἰκόνες
1756 3446 1803 3475 καὶ
1819 3450 1875 3476 τῶν
1893 3447 2034 3487 ἑρπετῶν.
2054 3448 2119 3477 Καὶ.
2134 3444 2144 3484 J
