2502 3810
154 954 267 982 ῘΙῙαΗῘι.
289 954 318 982 5.

154 1004 204 1023 20.

154 1820 183 1839 2.
208 1811 276 1839 Cor.
304 1812 335 1841 3.

153 1851 183 1879 6,

361 258 453 303 588

357 359 502 402 propter
523 362 592 386 non
610 346 715 384 valde
730 345 934 397 expeditum
953 354 1028 384 erat
1046 343 1092 382 ad
1105 343 1249 383 virtutis
1264 357 1341 381 cur·

356 424 436 447 sum
465 406 739 458 suscipiendum.
770 406 894 455 Neque
915 404 1009 443 enim
1036 404 1156 441 aderat
1181 403 1341 455 Spiritus

357 469 419 519 qui
429 470 584 520 juvaret,
598 480 711 516 neque
721 466 935 518 baptismus,
952 464 1012 515 qui
1027 464 1242 502 mortificare
1255 477 1339 515 pos-

357 538 406 567 set
418 544 429 577 3
448 528 511 565 sed
528 527 626 566 velut
642 526 782 564 effrenis
795 539 905 576 equus
921 525 1086 562 currebat
1100 523 1258 574 quidem,
1277 522 1339 560 sed

356 603 448 640 saepe
465 588 663 636 aberrabat,
682 585 969 637 quandoquidem
983 585 1043 623 lex
1064 599 1143 636 quae
1157 583 1292 635 agenda
1306 593 1340 622 et

356 663 434 699 quae
453 662 522 686 non
537 647 673 699 agenda
695 656 809 685 essent
840 646 1000 684 edicebat
1019 645 1177 697 quidem,
1199 644 1262 682 sed
1281 644 1337 682 ni-

356 709 405 746 hil
425 719 553 762 praeter
569 709 760 748 verborum
780 707 914 745 monita
932 706 1148 745 certantibus
1163 704 1338 757 suppedi-

356 771 472 807 tabat:
491 778 674 822 postquam
689 777 806 806 autem
823 767 985 806 Christus
999 766 1159 816 advenit,
1177 765 1340 804 certami-

355 843 399 866 na
423 828 551 866 deinde
571 827 730 865 faciliora
763 827 916 864 fuerunt.
944 826 1172 877 Quapropter
1204 825 1339 876 majora

354 889 456 927 nobis
473 888 654 941 proposita
672 897 753 926 sunt
772 886 979 936 certamina,
1001 894 1124 938 utpote
1137 884 1199 936 qui
1213 885 1339 936 majori

354 950 562 988 fulciremur
572 949 720 987 auxilio.
735 947 875 987 Idcirco
890 947 1032 985 dicebat
1045 947 1209 985 Christus
1226 961 1234 982 ε
1254 947 1341 984 Nisi

356 1012 609 1049 abundaverit
625 1012 781 1064 justitia
795 1017 927 1047 vestra
944 1008 1035 1059 plus
1054 1021 1173 1060 quam
1190 1008 1340 1044 scriba-

354 1086 439 1109 rum
460 1081 495 1108 et
508 1073 810 1118 Pharisaeorum,
829 1082 907 1106 non
918 1070 1110 1106 intrabitis
1126 1070 1166 1105 in
1179 1080 1341 1119 regnum

353 1133 695 1171 coelorum.Verum
715 1130 783 1168 hoc
803 1129 995 1180 quidemin
1020 1127 1249 1178 sequentibus
1263 1127 1340 1165 cla-

352 1192 428 1230 rius
451 1191 624 1244 explicat,
647 1190 790 1229 interim
809 1204 894 1228 vero
916 1189 977 1227 hic
999 1188 1092 1226 illud
1114 1189 1236 1240 paucis
1254 1188 1340 1227 sub-

353 1252 498 1301 indicat,
525 1251 721 1301 ostendens,
751 1251 781 1290 si
813 1264 877 1289 nos
915 1250 1010 1301 ipsos
1042 1263 1113 1287 non
1142 1249 1337 1288 admodum

352 1313 596 1365 dejecerimus,
609 1321 792 1365 peccatum
807 1325 869 1349 nos
890 1325 960 1349 non
978 1319 1228 1363 superaturum
1247 1324 1333 1348 esse.

351 1375 473 1425 Neque
496 1373 589 1411 enim
616 1382 754 1410 tantum
778 1372 838 1410 lex
864 1380 916 1409 est
937 1385 1015 1421 quae
1043 1370 1240 1422 praecipiat,
1274 1370 1336 1408 sed
1362 1385 1387 1414 A

351 1434 458 1472 etiam
474 1433 602 1485 gratia,
622 1448 699 1484 quae
718 1442 750 1471 et
765 1432 940 1485 praeterita
961 1431 1148 1477 condonet,
1168 1440 1201 1468 et
1219 1431 1267 1468 ad
1279 1431 1335 1468 fu-

351 1504 431 1532 tura
446 1495 582 1532 muniat
597 1503 630 1531 et
649 1493 844 1531 confirmet.
860 1491 1003 1530 Etenim
1014 1491 1074 1528 lex
1093 1499 1173 1542 post
1197 1490 1336 1528 labores

352 1569 496 1593 coronas
517 1553 773 1607 pollicebatur,
793 1551 905 1603 gratia
919 1564 1002 1590 vero
1021 1551 1121 1602 prius
1141 1550 1335 1600 coronavit,

350 1632 391 1655 ac
404 1617 532 1655 deinde
546 1617 591 1654 ad
607 1615 795 1654 certamina
810 1614 932 1652 traxit.
953 1613 1048 1651 Mihi
1062 1622 1181 1650 autem
1194 1613 1337 1651 videtur

350 1694 419 1717 non
439 1689 511 1717 tota
526 1679 584 1715 hic
601 1677 717 1714 fidelis
733 1676 802 1715 viri
821 1676 895 1714 vita
912 1674 1142 1723 subindicari,
1163 1673 1224 1712 sed
1240 1688 1336 1712 com—

349 1740 567 1792 parationem
587 1738 663 1775 fieri
676 1736 846 1788 baptismi
864 1750 944 1773 cum
961 1735 1039 1786 lege
1056 1750 1063 1771 ε
1082 1734 1121 1772 id
1139 1734 1234 1785 quod
1248 1734 1337 1774 alibi

349 1815 489 1852 quoque
518 1799 631 1837 dicit:
664 1800 796 1836 Litera
816 1798 970 1849 quidem
991 1796 1147 1842 occidit,
1181 1798 1336 1848 spiritus

350 1874 441 1899 vero
453 1861 648 1912 vivificat.
664 1860 740 1896 Lex
753 1857 846 1895 enim
859 1856 1189 1908 praevaricationem
1205 1855 1336 1907 arguit,

351 1921 464 1973 gratia
481 1935 564 1959 vero
592 1918 921 1972 praevaricationem
944 1917 1047 1955 tollit.
1068 1917 1119 1955 Ut
1140 1915 1253 1968 igitur
1273 1917 1335 1954 illa

350 1979 580 2030 redarguens,
608 1986 793 2030 peccatum
813 1976 996 2015 constituit
1017 1991 1025 2011 :
1049 1975 1097 2013 ita
1117 1975 1229 2026 gratia
1251 1988 1336 2012 con-

350 2041 485 2078 donans
504 2054 574 2078 non
593 2039 676 2077 sinit
694 2053 767 2077 esse
788 2038 855 2076 sub
874 2046 1039 2090 peccat03
1061 2037 1111 2075 ita
1137 2046 1177 2074 ut
1196 2036 1336 2088 duplici

351 2103 459 2141 modo
479 2102 526 2141 sis
551 2102 595 2139 ab
615 2101 684 2139 hac
702 2099 890 2152 tyrannide
906 2099 1091 2148 liberatus,
1111 2107 1144 2136 et
1157 2097 1255 2148 quod
1268 2097 1336 2148 sub

351 2164 428 2215 lege
448 2177 516 2201 non
537 2163 629 2199 ultra
652 2161 712 2208 sis,
741 2170 775 2198 et
792 2159 889 2211 quod
904 2159 1016 2210 gratia
1035 2158 1179 2197 fruaris.

808 267 845 296 S.
883 264 1067 297 JOANNIS

1360 1987 1383 2017 B

407 2285 446 2322 A.
478 2285 671 2333 Postquam
685 2296 767 2321 vero
785 2296 847 2334 per
864 2281 941 2319 haec
957 2281 1050 2329 fecit,
1065 2289 1105 2318 ut
1122 2280 1263 2318 auditor
1282 2293 1335 2317 re-

355 2344 517 2397 spiraret,
534 2357 656 2380 rursus
679 2342 784 2379 illum
807 2341 966 2390 roborat,
987 2355 1032 2378 ex
1050 2340 1245 2391 objectione
1271 2338 1336 2376 ad-

356 2404 585 2443 monitionem
602 2402 770 2439 inducens
788 2401 844 2438 his
861 2400 979 2440 verbis
994 2415 1002 2435 z
1019 2400 1081 2437 15.
1105 2400 1209 2449 Quid
1223 2412 1310 2450 ergo
1321 2402 1338 2435 Ρ

355 2466 611 2517 peccabimus,
628 2465 722 2514 quia
743 2475 818 2498 non
837 2474 966 2498 sumus
983 2461 1050 2498 sub
1070 2460 1164 2511 lege,
1183 2460 1249 2496 sed
1265 2460 1336 2496 sub

356 2529 511 2575 grictia?
525 2524 658 2561 Absit.
677 2523 797 2561 Primo
819 2521 1017 2572 negatione,
1035 2520 1132 2571 quod
1149 2520 1254 2558 valde
1270 2520 1338 2557 ab—

358 2586 505 2624 surdum
531 2585 575 2622 sit
596 2584 701 2633 illud,
716 2597 801 2621 usus
817 2591 868 2620 est
888 2598 895 2618 :
915 2581 1046 2619 deinde
1064 2581 1101 2618 in
1116 2580 1339 2618 admonitio-

357 2661 437 2685 nem
458 2659 653 2684 sermonem
673 2644 856 2692 convertit,
873 2642 1057 2681 ostendens
1077 2640 1271 2679 admodum
1288 2641 1339 2679 fa-

357 2708 439 2745 cilia
471 2720 544 2744 esse
575 2705 777 2753 certamina,
804 2704 853 2741 ita
877 2703 1023 2754 loquens
1039 2703 1128 2740 .·16.
1156 2703 1336 2748 Nescitis,

359 2771 546 2820 quoniam
569 2769 632 2804 cni
646 2767 833 2803 exhibetis
849 2777 921 2802 ‘vos
937 2777 1067 2802 servos
1082 2764 1134 2800 ad
1160 2763 1340 2800 obedien-

359 2831 463 2874 dum,
482 2831 582 2866 servi
597 2830 686 2865 estis
703 2828 799 2878 ejus,
823 2828 885 2863 cui
901 2825 1079 2872 obeditis,
1097 2827 1178 2861 sive
1192 2826 1343 2875 peccati

359 2890 413 2926 ad
426 2897 597 2932 mortem,
611 2890 691 2925 sive
707 2886 932 2923 obedientioe
947 2885 1202 2936 adjustitiam
1213 2887 1229 2919 Ρ
1245 2885 1342 2921 Non-

358 2949 446 2987 dum
477 2948 672 2999 gehennam
700 2946 796 2994 dico,
818 2945 946 2996 inquit,
962 2959 1076 2995 neque
1094 2944 1229 2995 grande
1250 2941 1344 2982 illud

358 3009 592 3061 supplicium,
610 3007 671 3045 sed
687 3016 894 3058 praesentem
909 3005 1185 3058 turpitudinem,
1203 3004 1344 3056 quando

360 3079 393 3107 et
416 3069 510 3108 servi
528 3068 625 3119 estis,
647 3077 680 3106 et
702 3076 824 3119 sponte
840 3066 949 3117 servi,
971 3074 1004 3103 et
1021 3066 1155 3118 peccati
1167 3065 1259 3104 servi
1266 3080 1277 3115 3
1292 3065 1345 3103 id-

361 3146 428 3181 que
450 3130 512 3168 tali
532 3145 613 3167 cum
639 3128 814 3178 mercede,
834 3136 874 3165 ut
904 3141 1047 3165 rursum
1073 3126 1288 3164 moriamini.
1304 3126 1344 3165 Si

1350 1348 1396 1373 535

1102 262 1342 293 CHRYSOST.
1381 261 1589 292 ARCHIEP.
1628 259 1983 290 CONSTANTmOP.

1412 342 1556 380 θάνατον
1577 342 1637 379 καὶ
1659 340 1766 385 πολὺς
1794 343 1914 379 παθῶν
1941 341 2144 385 ἐπεισῆλθεν
2173 337 2293 389 ἕσμός·
2314 338 2434 391 διόπερ

1412 401 1488 441 οὐδὲ
1505 402 1636 454 σφόδρα
1654 405 1778 453 κοῦφον
1793 395 1834 448 ἦν
1851 400 1935 454 πρὸς
1952 400 2010 438 τὸν
2027 399 2115 452 ὑπὲρ
2130 402 2192 446 τῆς
2211 401 2335 452 ἀρετῆς
2355 399 2436 451 δρό·

1414 479 1488 514 μον.
1509 461 1602 500 Οὔτε
1623 461 1691 514 γὰρ
1711 463 1858 511 Πνεῦμα
1873 464 1988 512 παρ’ῆν
2018 460 2057 499 τὸ
2086 463 2244 511 βοηθοῦν,
2273 459 2351 498 οὔτε
2372 460 2436 510 βά-

1412 538 1550 574 πτισμα
1568 522 1607 561 τὸ
1621 525 1794 576 νεκρῶσαι
1810 520 2008 570 δυνάμενον,
2027 522 2102 559 ἀλλ’
2119 521 2245 571 ’ὥσπερ
2259 536 2311 562 τις
2330 519 2436 563 ἵππος

1415 583 1590 629 δυσήνιος,
1610 583 1730 634 ἔτρεχε
1758 581 1834 632 μὲν,
1860 581 2078 632 διημάρτανε
2107 580 2143 619 δὲ
2167 580 2351 628 πολλάκις,
2374 584 2434 618 τοῦ

1413 642 1518 693 νόμου
1535 642 1579 681 τὰ
1600 642 1760 694 πρακτέα
1781 641 1841 680 καὶ
1866 641 1911 680 τὰ
1931 640 1980 691 μὴ
2008 645 2153 679 τοιαῦτα
2179 641 2437 694 διαγορεύοντος

1412 703 1489 754 μὲν,
1510 703 1613 742 πλέον
1636 703 1672 741 δὲ
1699 702 1794 742 οὐδὲν
1813 705 1875 749 τῆς
1900 701 1957 740 διὰ
1985 703 2054 740 τῶν
2077 702 2241 755 ῥημάτων
2262 702 2434 753 παραινέ-

1412 780 1498 809 σεως
1511 770 1581 808 τοῖς
1599 763 1861 815 ἀγωνιζομένοις
1877 761 2106 815 εἰσφέροντος·
2123 761 2242 808 ἐπειδὴ
2262 761 2297 799 δὲ
2314 765 2331 800 ὃ
2347 763 2435 815 Χρι-

1413 826 1492 869 στὸς
1507 825 1724 878 παραγέγονε
1736 855 1746 874 ,
1768 823 1813 862 τὰ
1831 823 2062 874 παλαίσματα
2078 823 2199 862 λοιπὸν
2219 822 2436 875 εὖκολώτερα

1412 887 1543 938 γέγονε.
1560 887 1624 925 Διὸ
1641 886 1701 924 καὶ
1720 885 1861 936 μείζονα
1875 887 1960 935 ἡμῖν
1979 882 2148 937 προετέθη
2164 883 2208 921 τὰ
2223 883 2437 934 σκάμματα,

1414 946 1474 984 ἅτε
1506 946 1659 997 μείζονος
1687 945 1921 998 μετεσχηκόσι
1947 947 2010 990 τῆς
2043 943 2215 995 βοηθείας.
2234 943 2297 982 Διὸ
2325 943 2385 981 καὶ
2419 947 2437 981 ὃ

1413 1007 1564 1059 Χριστὸς
1591 1007 1724 1059 ἔλεγεν·
1747 1006 1833 1045 Ἐὰν
1874 1006 1923 1057 μὴ
1956 1004 2168 1058 περισσεύσῃ
2188 1009 2209 1052 ἠ
2235 1005 2436 1051 δικαιοσύνη

1414 1071 1515 1119 ἡμῶν
1535 1067 1639 1106 πλέον
1655 1071 1724 1106 τῶν
1744 1066 1980 1121 γραμματέων
2003 1065 2063 1104 καὶ
2085 1065 2307 1119 Φαρισαίων,
2327 1067 2363 1103 οὐ
2385 1065 2434 1115 μὴ

1415 1129 1590 1175 εἰσέλθητε
1611 1131 1656 1172 εἰς
1671 1127 1734 1175 τὴν
1754 1127 1932 1180 βασιλείαν
1948 1129 2016 1165 τῶν
2036 1128 2200 1179 οὐρανῶν.
2215 1125 2321 1163 Ἀλλὰ
2335 1130 2437 1164 τοῦτο

1414 1189 1476 1240 μὲν
1497 1192 1531 1228 ἐν
1552 1196 1623 1234 τοῖς
1634 1189 1711 1236 ἑξῆς
1725 1189 1933 1241 σαφέστερον
1952 1187 2162 1240 λέγει,τέως
2183 1185 2218 1224 δὲ
2232 1186 2314 1224 αὐτὸ
2333 1185 2437 1224 αἰνίτ-

1411 1267 1509 1289 τεται
1526 1251 1582 1289 διὰ
1603 1250 1762 1303 βραχέων
1783 1251 1948 1296 ἐνταῦθα,
1967 1247 2115 1294 δεικνὺς,
2131 1247 2185 1286 ὅτι
2205 1247 2262 1285 ἐὰν
2285 1246 2332 1297 μὴ
2351 1247 2437 1298 σφό-

1413 1312 1477 1362 δρα
1500 1311 1642 1354 ἑαυτοὺς
1660 1308 2002 1359 ὃποκατακλίνωμεν,
2025 1309 2063 1347 οὗ
2084 1309 2265 1360 περιέσται
2291 1308 2392 1357 ἡμῶν
2412 1310 2434 1352 ἡ

1411 1372 1580 1425 ἁμαρτία.
1599 1373 1653 1411 Οὐ
1676 1371 1744 1424 γάρ
1766 1374 1839 1409 ἐστι
1857 1369 1960 1419 νόμος
1985 1372 2002 1406 ὃ
2032 1368 2178 1407 κελεύων
2202 1368 2317 1418 μόνον,
2345 1368 2436 1406 ἀλλὰ

1410 1432 1468 1470 καὶ
1487 1432 1589 1485 χάρις
1613 1435 1635 1477 ἡ
1669 1431 1729 1468 καὶ
1763 1430 1809 1468 τὰ
1837 1429 1990 1482 πρότερα
2014 1431 2162 1481 ἀφεῖσα,
2185 1427 2246 1465 καὶ
2274 1428 2360 1480 πρὸς
2391 1427 2437 1466 τὰ

1411 1492 1582 1541 μέλλοντα
1603 1489 1875 1544 ἀσφαλιζομένη.
1893 1489 2047 1532 Ἐκεῖνος
2068 1487 2130 1539 μὲν
2149 1487 2216 1540 γὰρ
2244 1487 2332 1538 μετὰ
2356 1486 2436 1530 τοὺς

1410 1552 1533 1595 πόνους
1551 1552 1628 1595 τοὺς
1647 1551 1835 1604 στεφάνους
1863 1549 2073 1601 ἕπήγγελτο,
2093 1548 2182 1596 αὕτη
2212 1547 2248 1588 δὲ
2267 1549 2434 1602 πρότερον

1410 1613 1626 1666 ἐστεφάνωσε
1637 1643 1646 1661 ,
1667 1613 1727 1651 καὶ
1744 1612 1822 1650 τότε
1841 1613 1888 1654 εἷς
1907 1610 1983 1654 τοὺς
1999 1614 2133 1662 ἀγῶνας
2150 1609 2318 1648 εἵλκυσεν.
2329 1609 2437 1660 Ἐμοὶ

1410 1673 1446 1711 δὲ
1482 1674 1575 1711 δοκεῖ
1605 1673 1680 1712 οὐδὲ
1711 1672 1826 1711 πάντα
1854 1671 1911 1710 τὸν
1943 1671 2015 1722 βίον
2046 1674 2106 1710 τοῦ
2133 1675 2257 1710 πιστοῦ
2287 1671 2435 1708 ἐνταῦθα

1411 1733 1643 1782 αἰνίττεσθαι,
1674 1733 1765 1771 ἀλλὰ
1788 1733 1967 1784 σύγκρισιν
1999 1731 2242 1782 βαπτίσματος
2260 1735 2435 1770 ποιεῖσθαι

1410 1794 1468 1833 καὶ
1487 1798 1546 1833 τοῦ
1576 1795 1699 1845 νόμου·
1719 1793 1803 1846 ὅπερ
1823 1793 1882 1832 καὶ
1903 1794 2057 1845 ἀλλαχοῦ
2077 1808 2194 1845 φησιν,
2211 1792 2263 1831 ὅτι
2291 1793 2344 1831 Τὸ
2372 1793 2435 1844 μὲν

1408 1856 1557 1908 γράμμα
1578 1854 1794 1903 ἀποκτείνει,
1817 1852 1857 1892 τὸ
1887 1853 1923 1893 δὲ
1942 1857 2081 1904 πνεῦμα
2108 1855 2280 1898 ζωοποιεῖ.
2297 1853 2341 1892 Ὁ
2372 1853 2436 1905 μὲν

1408 1916 1476 1968 γὰρ
1498 1915 1601 1967 νόμος
1634 1915 1771 1967 ἐλέγχει
1796 1915 1860 1961 τὴν
1890 1914 2103 1965 παράέασιν,
2123 1917 2144 1961 ἡ
2167 1913 2202 1951 δὲ
2233 1913 2336 1966 χάρις
2361 1913 2436 1952 λύει

1408 1977 1471 2024 τὴν
1504 1977 1719 2030 παράδασιν.
1738 1975 1879 2027 σΩσπερ
1911 1969 1969 2014 οὖν
2001 1978 2127 2018 ἐκεῖνος
2155 1974 2307 2027 ἐλέγχων
2338 1975 2435 2013 συνί-

1409 2055 1513 2084 στησι
1543 2038 1605 2085 τὴν
1639 2037 1827 2090 ἁμαρτίαν,
1850 2035 1959 2080 οὕτως
1991 2035 2080 2082 αὕτη
2113 2040 2341 2088 συγχωροῦσα
2373 2038 2436 2074 οὐκ

1410 2099 1551 2152 ἀφίησιν
1569 2092 1657 2137 εἶναι
1675 2098 1741 2137 ὑπὸ
1768 2097 1943 2151 ἁμαρτίαν
1956 2112 1964 2120 ·
1981 2096 2073 2135 ὥστε
2091 2098 2196 2149 διπλῇ
2228 2100 2290 2144 τῆς
2307 2112 2436 2148 τυραν-

1409 2159 1497 2202 νίδος
1517 2152 1548 2196 εἰ
1564 2159 1691 2206 ταύτης
1708 2157 1994 2210 ἀπηλλαγμένος,
2014 2159 2064 2210 τῷ
2091 2172 2130 2195 τε
2157 2156 2205 2208 μὴ
2237 2157 2303 2195 ὑπὸ
2330 2156 2435 2208 νόμον

1410 2214 1515 2268 εἶναι,
1536 2220 1595 2258 καὶ
1615 2222 1665 2272 τῷ
1684 2219 1827 2272 χάριτος
1847 2217 2134 2257 ἀπολελαυκέναι.

1463 2280 1611 2327 Ἐπειδὴ
1638 2280 1751 2318 τοίνυν
1782 2279 1916 2321 τούτοις
1942 2280 2155 2316 ἀναπνεῦσαι
2181 2277 2352 2324 πεποίηκε
2371 2277 2433 2316 τὸν

1411 2340 1607 2391 ἀκροατὴν,
1641 2339 1868 2391 ἀσφαλίζεται
1889 2338 1995 2376 πάλιν
2022 2337 2142 2385 αὐτὸν,
2172 2337 2205 2382 ἐξ
2231 2337 2435 2381 ἀντιθέσεως

1411 2400 1615 2451 παραίνεσιν
1635 2399 1782 2450 εἰσάγων
1795 2428 1805 2446 ,
1825 2397 1885 2436 καὶ
1899 2398 2009 2449 λέγων
2027 2396 2116 2436 οὕτω
2129 2413 2136 2421 ·
2157 2397 2205 2435 Τί
2221 2392 2298 2446 οῧνς
2321 2399 2435 2451 ἁμαρ-

1410 2461 1575 2511 τήσομεν,
1600 2459 1651 2497 ὅτι
1673 2461 1734 2497 οὐκ
1762 2458 1865 2509 ἐσμὲν
1892 2459 1959 2497 ὑπὸ
1985 2457 2103 2509 νόμον,
2125 2459 2201 2496 ἀλλ’
2222 2459 2288 2497 ὑπὸ
2306 2459 2435 2511 χάριν;

1412 2520 1473 2568 Μὴ
1505 2520 1651 2571 γένοιτο.
1685 2521 1833 2571 Πρῶτον
1857 2518 1920 2569 μὲν
1945 2518 2013 2570 γὰρ
2033 2522 2075 2570 τῇ
2097 2518 2350 2570 ἀπαγορεύσει,
2379 2519 2436 2557 διὰ

1412 2581 1451 2620 τὸ
1467 2581 1599 2633 σφόδρα
1617 2580 1744 2618 ἄτοπον
1762 2573 1849 2618 εἶναι
1867 2580 1907 2618 τὸ
1921 2579 2120 2630 λεγόμενον,
2136 2579 2329 2632 κέχρηται·
2344 2579 2436 2619 ἔπει-

1412 2657 1456 2679 τα
1478 2642 1513 2679 δὲ
1530 2642 1590 2679 καὶ
1610 2643 1656 2684 εἰς
1674 2640 1880 2693 παραίνεσιν
1900 2642 1918 2660 *
1931 2639 2045 2691 ἐξάγει
2065 2638 2122 2676 τὸν
2149 2639 2264 2690 λόγον,
2286 2640 2345 2678 καὶ
2368 2640 2435 2678 δεί-

1413 2719 1512 2741 κνυσι
1531 2701 1663 2748 πολλὴν
1693 2695 1797 2741 οὖσαν
1816 2701 1880 2747 τὴν
1901 2700 2060 2739 εὐκολίαν
2079 2703 2147 2738 τῶν
2165 2699 2321 2751 ἀγώνων,
2344 2699 2437 2738 οὕτω

1412 2764 1523 2813 λέγων
1538 2780 1545 2787 ·
1566 2766 1642 2802 Οὐκ
1660 2763 1775 2802 οἴδατε
1788 2793 1798 2811 ,
1817 2762 1870 2800 ὅτι
1889 2757 1917 2815 ᾧ
1936 2761 2169 2814 παριστάνετε
2190 2761 2331 2805 ἑαυτοὺς
2351 2761 2434 2799 δού-

1413 2826 1493 2867 λους
1521 2826 1566 2867 εἷς
1594 2823 1774 2871 ὑπακοὴν,
1803 2823 1916 2862 δοῦλοί
1937 2824 2033 2870 ἐστε,
2070 2815 2098 2873 ᾧ
2117 2821 2331 2870 ὑπακούετε,
2358 2822 2439 2868 ἤτοι

1416 2883 1588 2935 ἁμαρτίας
1618 2886 1665 2927 εἰς
1692 2884 1856 2931 θάνατον,
1882 2883 1906 2930 ἢ
1931 2885 2087 2928 ὑπακοῆς
2113 2885 2159 2925 εἰς
2192 2882 2436 2929 δικαιοσύνην;

1416 2944 1527 2983 Οὔπω
1553 2944 1646 2996 λέγω
1677 2944 1740 2990 τὴν
1772 2943 1926 2996 γέενναν,
1960 2943 2077 2995 φησὶν,
2110 2943 2187 2981 οὐδὲ
2213 2942 2276 2989 τὴν
2305 2942 2438 2989 πολλὴν

1417 3004 1550 3052 ἐκείνην
1579 3004 1736 3052 κόλασιν,
1764 3004 1853 3042 ἀλλὰ
1873 3003 1936 3050 τὴν
1967 3006 2116 3042 ἐνταῦθα
2145 3003 2325 3055 αἰσχύνην,
2357 3004 2438 3040 ὅταν

1417 3067 1530 3105 δοῦλοι
1545 3064 1704 3117 γίνησθε,
1723 3065 1783 3103 καὶ
1799 3064 1934 3108 ἑκόντες
1948 3065 2083 3112 δοῦλοι,
2095 3063 2154 3102 καὶ
2171 3063 2345 3116 ἁμαρτίας
2361 3064 2439 3101 δοῦ-

1415 3129 1492 3175 λοι,
1514 3126 1574 3164 καὶ
1596 3125 1652 3165 ἐπὶ
1675 3125 1820 3179 τοιούτῳ
1841 3128 1973 3178 μισθῷ,
2004 3124 2095 3162 ὥστε
2113 3124 2217 3162 πάλιν
2239 3127 2437 3162 ἀποθανεῖν.

361 3194 454 3231 enim
470 3202 550 3231 ante
568 3193 788 3244 baptismum
807 3199 955 3228 mortem
981 3189 1101 3227 intulit
1122 3202 1342 3241 corpoream,
1367 3198 1391 3227 D
1416 3191 1459 3228 lit
1479 3187 1546 3240 γὰρ
1564 3187 1631 3239 πρὸ
1649 3191 1709 3226 τοῦ
1735 3186 1978 3237 βαπτίσματος
2001 3185 2144 3224 θάνατον
2162 3185 2347 3238 εἰργάσατο
2368 3201 2437 3222 σω-

361 3254 561 3303 vulnusque
578 3261 673 3290 tanta
693 3250 830 3290 medela
847 3265 935 3303 opus
952 3249 1093 3297 habuit,
1110 3259 1149 3288 ut
1168 3249 1344 3288 Dominus

405 3388 419 3403 '⁴
446 3387 502 3430 {250
524 3389 656 3429 εἰσάγει.)

1418 3248 1574 3299 ματικὸν,
1592 3247 1651 3286 καὶ
1666 3246 1836 3295 τοσαύτης
1852 3246 1976 3294 ἐδεήθη
1992 3248 2055 3293 τῆς
2071 3246 2255 3299 θεραπείας
2269 3246 2308 3284 τὸ
2325 3245 2436 3291 ἕλκος,
