2466 3805
643 223 684 251 IN
724 223 839 252 ACTA
875 221 1219 253 APOSTOLORUM.
1260 221 1413 252 HOMlL.
1450 221 1560 252 XXV.
2064 225 2148 253 221

86 307 288 360 ἀνθρώπων·
318 308 508 360 παρεκάλει
533 308 655 352 αὐτοὺς
680 308 885 359 προσμένειν
902 311 951 361 τῷ
973 307 1101 362 Κυρίῳ.

1176 309 1406 346 hortabatur
1427 308 1515 345 illos
1537 319 1761 360 permanere
1780 309 1821 343 in
1850 307 2031 343 Domino.
2053 305 2157 344 Forte

86 369 192 420 Τάχα
210 371 259 420 τῷ
277 370 428 406 ἐπαινεῖν
442 369 500 407 τὸν
519 369 621 421 ὄχλον
641 370 699 407 καὶ
719 370 970 421 ἀποδέχεσθαι,
990 370 1101 421 τούτῳ
1115 399 1161 426 204
1176 368 1271 419 quod
1285 369 1447 406 laudaret
1464 368 1607 406 turbam
1626 377 1658 406 et
1676 367 1909 420 approbaret,
1935 366 2015 404 ideo
2035 367 2156 418 plures

84 428 220 471 πλείους
239 428 443 482 ἐπέστρεψε.
464 430 533 467 Καὶ
552 430 608 468 διὰ
624 430 658 467 τί
677 430 724 481 μὴ
746 431 879 483 Παύλῳ
900 431 1100 483 γράφουσιν,
1127 437 1152 464 Λ
1175 430 1358 468 convertit.
1382 428 1431 467 Et
1447 443 1556 479 quare
1579 443 1647 466 non
1667 429 1778 466 Paulo
1797 428 1969 478 scribunt,
1991 428 2052 466 sed
2069 428 2155 465 Bar-

85 489 173 527 ἀλλὰ
192 489 377 540 Βαρνάὲαν
398 490 614 541 πέμπουσιν,
633 490 744 528 Οὔπω
759 494 818 528 τοῦ
838 491 955 542 ἀνδρὸς
974 490 1101 542 ᾔδεσαν

82 550 143 597 τὴν
172 550 318 604 ἀρετήν·
354 552 404 590 διὸ
437 552 495 589 καὶ
529 552 629 603 μόνον
659 554 889 601 οἰκονομεῖται
916 551 1102 602 Βαρνάδαν

82 613 350 663 παραγενέσθαι.
374 613 474 651 Ἐπεὶ
499 613 534 650 δὲ
560 613 618 651 καὶ
639 615 768 659 πλῆθος
796 607 850 659 ῆν,
878 612 937 650 καὶ
962 611 1069 654 οὐδεὶς
1085 614 1102 649 ὃ

81 673 237 719 κωλύων,
259 673 399 717 εἰκότως
416 674 626 719 ἐβλάστησεν
641 677 663 719 ἧ
684 673 815 718 πίστις,
845 672 903 711 καὶ
925 672 1076 723 μάλιστα
1091 701 1100 719 ,

82 732 134 770 ὅτι
166 733 286 771 οὐδένα
314 736 459 772 ἐνταῦθα
488 735 674 784 ὑπέμειναν
712 734 919 783 πειρασμὸν,
955 732 1014 770 καὶ
1046 732 1098 770 ὅτι

82 796 221 837 Παῦλος
241 796 423 848 κηρύττει,
450 796 509 834 καὶ
534 797 595 833 οὐκ
620 795 670 832 ἔτι
699 794 930 844 ἀναγκάζεται
949 793 1098 845 φεύγειν.

82 857 208 899 Καλῶς
225 856 260 894 δὲ
286 859 346 894 οὐκ
364 856 460 894 αὐτοὶ
476 857 555 908 περὶ
570 861 629 893 τοῦ
648 858 752 905 λιμοῦ
771 855 942 905 λέγουσιν,
968 856 1043 891 ἀλλ’
1068 857 1099 891 οἱ

81 920 277 968 προφῆται,
297 916 352 954 ἵνα
370 917 417 967 μὴ
442 916 598 969 φορτικοί
616 932 704 959 τινες
725 915 859 958 δόξωσι.
875 915 944 953 Καὶ
959 914 1098 964 θαυμά-

82 980 149 1021 ζειν
176 978 280 1022 ἅξιον,
309 982 381 1020 πῶς
408 979 468 1016 οὐκ
497 977 745 1029 ἠγανάκτησαν
773 978 819 1019 ὡς
853 975 1100 1027 ὑπεροφθέντες

81 1038 284 1090 Ἀντιοχεῖς,
314 1040 389 1076 ἀλλ’
419 1041 604 1090 ἀρκοῦνται
636 1042 706 1080 τοῖς
736 1037 974 1079 διδασκάλοις·
1008 1036 1099 1073 οὕτω

81 1099 205 1142 πάντες
222 1099 312 1143 ἔζεον
336 1099 419 1151 πρὸς
438 1098 494 1135 τὸν
516 1099 535 1118 *
548 1097 660 1149 λόγον.
678 1096 725 1134 Οἳ
751 1096 810 1134 καὶ
827 1096 901 1134 οὐδὲ
922 1096 1098 1147 περιέμει-

80 1174 139 1196 ναν
165 1157 321 1209 γενέσθαι
350 1158 407 1195 τὸν
435 1158 549 1208 λιμὸν,
579 1157 668 1196 ἀλλὰ
696 1158 764 1210 πρὸ
789 1157 909 1196 τούτου
937 1156 1098 1209 ἔπεμψαν

79 1218 203 1261 Καθὼς
222 1219 406 1271 ηὐπορεῖτό
423 1235 486 1262 τις.

131 1280 201 1318 Καὶ
222 1280 304 1332 ὅρα,
323 1281 376 1319 ὅτι
399 1283 432 1318 ἐν
465 1281 526 1331 μὲν
546 1286 616 1323 τοῖς
636 1280 840 1324 ἀποστόλοις
862 1279 971 1332 ἕτεροι
997 1285 1098 1320 τοῦτο

81 1340 342 1393 ἐπιτρέπονται·
364 1343 507 1379 ἐνταῦθα
530 1340 566 1379 δὲ
585 1343 723 1384 Παῦλος
749 1341 808 1379 καὶ
826 1341 1022 1394 Βαρνοίῧας.
1043 1344 1096 1381 Οὐ

82 1402 190 1455 μικρὰ
206 1403 241 1440 δὲ
263 1403 320 1440 καὶ
340 1407 438 1441 τοῦτο
458 1403 635 1454 οἰκονομία
661 1397 722 1450 ῆν·
743 1402 856 1446 ἄλλως
876 1402 985 1440 δὲκαὶ
1006 1403 1096 1455 ἀρχὴ

79 1458 134 1511 ῆν,
155 1463 214 1501 καὶ
233 1463 317 1506 τέως
337 1466 399 1502 οὐκ
419 1463 486 1502 ἔδει
508 1465 813 1509 σκανδαλισθῆναι.
836 1463 940 1501 Ἀλλὰ
961 1468 1020 1501 νῦν
1040 1467 1098 1502 οὗ-

81 1524 147 1567 δεὶς
164 1530 262 1562 τοῦτο
282 1525 517 1573 ποιεῖ,καίτοι
532 1525 634 1575 λιμός
651 1528 724 1564 ἐστι
744 1524 989 1578 χαλεπώτερος
1012 1525 1096 1563 ἐκεί-

80 1601 149 1623 νου.
170 1587 222 1623 Οὐ
249 1585 316 1638 γάρ
346 1588 436 1624 ἐστιν
456 1586 527 1624 ἴσον
554 1590 651 1637 ,κοινῆ
673 1586 786 1637 φέρειν
816 1585 878 1632 τὴν
904 1586 1096 1637 συμφορὰν,

81 1646 139 1684 καὶ
160 1646 297 1684 πάντων
319 1649 352 1684 ἐν
377 1647 522 1699 ἀφθονία
538 1647 657 1694 ὄντων,
674 1646 752 1689 τοὺς
771 1646 994 1698 πενεστέρους
1010 1640 1096 1684 εἶναι

81 1709 114 1744 ἐν
138 1709 244 1758 λιμῷ.
266 1706 357 1745 Τότε
382 1706 483 1757 μόνον
504 1706 604 1758 λιμὸς
622 1701 677 1753 ῆν,
696 1706 755 1744 καὶ
775 1708 806 1744 οἱ
826 1706 1011 1751 δεδωκότες
1032 1706 1098 1744 πέ-

81 1784 177 1815 νητες
208 1768 352 1814 (Καθὼς
375 1770 559 1819 ηὐπορεῖτο
585 1768 652 1819 γάρ
677 1784 728 1811 τις
756 1770 881 1815 αὐτῶν,
901 1767 1017 1820 φησί)
1039 1773 1097 1806 νῦν

81 1827 116 1865 δὲ
145 1828 245 1877 λιμὸς
277 1829 433 1875 διπλοῦς,
461 1828 619 1880 καθάπερ
635 1832 656 1874 ἡ
677 1827 820 1880 ἀφθονία
849 1828 972 1874 διπλῆ,
996 1827 1098 1878 λιμὸς

77 1889 246 1940 χαλεπὸς,
265 1890 365 1939 λιμὸς
384 1891 421 1928 οὐ
446 1895 505 1928 τοῦ
532 1889 631 1941 λόγον
662 1892 808 1927 ἀκοῦσαι
827 1889 975 1942 Κυρίου,
1007 1889 1096 1927 ἀλλὰ

76 1953 135 1988 τσῦ
156 1955 329 2003 τραφῆναι
343 1952 385 1989 δι’
407 1951 651 2002 ἓλεημοσύνης.
668 1951 758 1989 Τότε
771 1950 829 1988 καὶ
850 1953 880 1988 οἱ
896 1953 929 1989 ἐν
943 1951 1096 2004 Ἰουδαία

76 2010 221 2057 πένητες
248 2011 462 2058 ἀπέλαυσαν,
488 2012 545 2050 καὶ
579 2014 610 2050 οἱ
629 2013 663 2050 ἐν
684 2010 875 2064 Ἀντιοχείᾳ
908 2011 1021 2056 δόντες
1053 2011 1096 2049 τὰ

76 2072 264 2123 χρήματα,
297 2072 356 2109 καὶ
387 2066 478 2110 οῦτοι
512 2074 641 2123 μᾶλλον
672 2072 832 2110 ἐκείνων·
861 2071 935 2110 νυνὶ
966 2071 1002 2110 δὲ
1037 2072 1095 2109 καὶ

74 2135 176 2182 ἡμεῖς
197 2133 257 2170 καὶ
276 2135 306 2171 οἱ
325 2132 469 2180 πένητες
488 2136 520 2172 ἐν
541 2136 633 2185 λιμῷ
648 2149 655 2156 ·
678 2135 709 2171 οἳ
731 2132 792 2183 μὲν
815 2135 877 2178 τῆς
904 2132 1094 2184 ἀναγκαίας

74 2196 280 2244 ἀποροῦντες
306 2198 452 2247 τροφῆς,
478 2197 579 2245 ἡμεῖς
606 2194 642 2232 δὲ
675 2196 709 2232 ἓν
744 2194 868 2232 σποίνει
899 2197 957 2232 τοῦ
979 2192 1094 2237 ἐλέους

72 2255 164 2298 ὄντες
186 2260 244 2293 τοῦ
264 2257 366 2294 Θεοῦ.
398 2255 539 2303 Ταύτης
568 2256 603 2294 δὲ
623 2258 685 2302 τῆς
716 2259 844 2308 τροφῆς
871 2255 968 2294 οὐδὲν
989 2258 1093 2305 ἀναγ-

72 2315 247 2368 καιότερον
273 2315 399 2367 γένοιτ’
427 2316 482 2353 ἄν.
512 2318 589 2354 Οὐκ
610 2316 701 2354 ἔστιν
730 2318 923 2361 ὃποστῆναι
945 2316 989 2354 τὰ
1023 2315 1093 2353 ἀπὸ

69 2380 131 2423 τῆς
150 2378 353 2427 πλησμονῆς
372 2376 464 2414 κακοί
478 2392 486 2400 ·
506 2379 568 2414 οὐκ
590 2377 681 2415 ἔστιν
705 2379 752 2421 εἷς
772 2378 978 2429 ὃάφεδρῶνα
999 2394 1090 2430 προ-

70 2441 232 2491 χωρῆσαι
250 2438 289 2476 τὸ
307 2437 411 2476 πλέον
429 2438 556 2485 ταύτης
574 2441 636 2485 τῆς
660 2441 801 2491 τροφῆς.
831 2438 943 2476 Οὐδὲν
963 2440 1091 2490 ὡραιό-

71 2514 181 2550 τερον,
213 2499 306 2537 οὐδὲν
335 2499 561 2553 ὑγιεινότερον
597 2501 711 2552 ψυχῆς
743 2500 832 2537 οὕτω
858 2501 1090 2552 τρεφομένης·

73 2560 186 2607 πάσης
207 2560 360 2612 ἀνωτέρα
381 2559 505 2607 ἕστηκε
534 2560 652 2608 νόσου,
675 2561 803 2603 παντὸς
821 2562 924 2611 λιμοῦ
939 2590 949 2609 ,
977 2561 1092 2609 πάσης

73 2621 273 2671 ἀνωμαλίας
300 2620 359 2659 καὶ
376 2621 600 2674 δυσκρασίας·
633 2621 741 2664 οὐδεὶς
773 2621 877 2669 αὐτὴν
910 2622 1092 2669 δυνήσεται

75 2683 173 2728 ἑλεῖν,
203 2682 293 2720 ἀλλὰ
320 2682 477 2734 καθάπερ
500 2683 730 2733 ἀδαμάντινον
752 2686 855 2734 σῶμα
883 2686 920 2721 οὔ
954 2683 1093 2736 σίδηρος

73 2742 201 2789 πλῆξαι
222 2743 384 2791 δύναται,
401 2745 462 2781 οὐκ
479 2743 564 2782 ἄλλο
578 2743 686 2791 οὐδὲν,
701 2743 791 2781 οὕτω
811 2744 870 2782 καὶ
889 2744 1004 2797 ψυχὴν
1024 2746 1093 2784 ἀπὸ

75 2804 305 2853 ἐλεημοσύνης
340 2811 607 2856 συμπεπηγυῖαν
644 2804 739 2843 οὐδὲν
780 2804 867 2848 ὅλως
907 2805 1092 2852 δυνήσεται

78 2863 176 2901 ἑλεῖν.
195 2864 241 2901 Τί
271 2864 362 2916 γὰρ,
393 2864 469 2903 εἶπέ
495 2881 571 2915 μοι,
599 2865 727 2913 ταύτην
757 2865 965 2918 χειρώσεταί
990 2883 1091 2916 ποτε,

78 2922 197 2969 πενία;
215 2926 292 2961 Οὐκ
319 2924 409 2963 ἔστιν
424 2941 431 2948 ·
454 2928 487 2963 ἐν
512 2925 578 2978 γὰρ
599 2932 670 2969 τοῖς
693 2928 886 2977 βασιλικοῖς
910 2927 1092 2965 ἀπόκειται

79 2983 242 3032 ταμείοις.
256 2984 359 3023 Ἀλλὰ
369 2987 500 3038 λῃστὴς
515 2987 574 3025 καὶ
588 2987 801 3039 τοιχωρύχος
814 3004 822 3034 ;
841 2987 930 3026 Ἀλλ’
945 2988 1095 3032 ἐκείνους

80 3042 188 3086 οὐδεὶς
215 3045 362 3097 διορύξαι
389 3047 466 3090 τοὺς
484 3049 620 3101 τοίχους
637 3043 703 3091 οἷός
728 3064 779 3086 τε.
801 3048 904 3086 Ἀλλὰ
934 3049 1092 3097 σκώληξ,

81 3103 185 3141 Ἀλλὰ
207 3104 266 3141 καὶ
280 3106 405 3153 ταύτης
428 3109 594 3160 ἀνώτερος
613 3112 674 3155 τῆς
688 3109 800 3159 λύμης
818 3103 913 3152 οὗτος
931 3113 949 3147 ὃ
969 3113 1094 3156 θησαυ-

85 3163 149 3214 ρός.
171 3163 273 3202 ’Ἀλλὰ
294 3168 464 3216 βασκανία
492 3169 551 3207 καὶ
580 3169 716 3221 φθόνος,
742 3171 831 3207 Ἀλλ’
860 3169 937 3207 οὐδὲ
965 3169 1095 3213 τούτοις

1174 490 1302 527 nabam
1335 489 1515 527 mittunt?
1545 489 1712 527 Nondum
1742 489 1814 527 viri
1846 490 2016 528 virtutem
2052 502 2156 525 nove-

1175 561 1253 588 rant
1266 566 1277 600 3
1307 551 1456 602 ideoque
1472 552 1640 589 statuitur
1659 561 1698 589 ut
1714 550 1894 589 Barnabas
1913 558 2050 587 tantum
2071 563 2155 601 pro-

1174 612 1404 651 ficisceretur.
1434 613 1529 660 Quia
1569 627 1651 652 vero
1686 622 1720 650 et
1752 611 1947 649 multitudo
1989 620 2091 659 erat,
2121 619 2155 647 et

1173 687 1274 710 nemo
1294 674 1414 711 oberat
1430 703 1440 723 ,
1466 674 1543 711 ideo
1562 673 1664 711 facile
1682 673 1770 712 fides
1796 673 2019 724 germinavit,
2039 671 2155 709 maxi-

1174 748 1228 771 me
1246 734 1327 784 quia
1346 735 1482 771 nullam
1504 735 1563 771 hic
1578 735 1734 772 ferebant
1760 734 1998 781 tentationem,
2018 742 2052 770 et
2070 732 2155 783 quia

1174 795 1305 832 Paulus
1339 794 1569 846 praedicabat,
1604 808 1668 832 nec
1692 795 1768 846 jam
1801 795 1921 845 fugere
1952 794 2153 845 cogebatur.

1173 857 1280 892 Recte
1292 864 1410 892 autem
1418 869 1486 892 non
1500 854 1555 891 illi
1566 855 1694 892 famem
1709 855 1920 906 praedicunt,
1928 855 1987 892 sed
2002 855 2154 906 prophe-

1172 923 1230 961 tae,
1259 928 1303 951 ne
1330 914 1466 952 onerosi
1489 914 1544 951 illi
1576 928 1648 952 esse
1677 915 1894 953 viderentur.
1917 915 2046 952 Mirari
2072 929 2155 952 vero

1172 974 1282 1024 subit,
1304 989 1367 1011 cur
1383 974 1597 1012 Antiocheni
1613 976 1713 1025 quasi
1732 975 1886 1026 despecti
1899 989 1969 1012 non
1989 974 2154 1025 indigna-

1172 1045 1308 1081 rentur,
1330 1035 1392 1073 sed
1415 1036 1568 1089 contenti
1591 1046 1704 1074 essent
1730 1036 1936 1074 doctoribus
1951 1036 2017 1072 :ita
2037 1051 2156 1074 omnes

1171 1098 1355 1136 fervebant
1388 1112 1469 1149 erga
1504 1112 1712 1136 sermonem.
1750 1099 1820 1146 Qui
1849 1112 1919 1135 non
1954 1107 2156 1149 exspectato

1172 1159 1275 1197 famis
1293 1169 1464 1213 tempore,
1483 1160 1614 1211 singuli
1630 1174 1694 1212 pro
1708 1160 1873 1197 facultate
1893 1159 2075 1197 miserunt.

1224 1272 1260 1308 5.
1289 1271 1335 1309 Et
1359 1271 1520 1319 observa,
1540 1272 1637 1322 quod
1660 1272 1750 1309 inter
1776 1271 1953 1323 apostolos
1978 1270 2058 1307 aliis
2088 1269 2156 1308 hoc

1172 1332 1424 1382 committitur3
1443 1332 1502 1370 hic
1518 1347 1602 1371 vero
1624 1333 1756 1370 Paulus
1781 1341 1813 1369 et
1832 1332 2012 1369 Barnabas
2043 1331 2154 1382 depu-

1170 1400 1301 1430 tantur.
1323 1395 1395 1431 Nec
1418 1393 1493 1430 sine
1527 1394 1629 1444 gravi
1663 1408 1769 1431 causa
1795 1393 1834 1430 id
1867 1392 2053 1444 provisum
2081 1401 2152 1429 est:

1170 1453 1327 1504 alioquin
1343 1469 1426 1494 vero
1442 1454 1586 1491 initium
1601 1463 1688 1504 erat,
1709 1463 1866 1504 tuncque
1885 1468 1953 1491 non
1971 1453 2155 1505 oportebat

1170 1515 1313 1553 offendi.
1332 1518 1378 1553 At
1398 1530 1491 1553 nunc
1507 1530 1607 1553 nemo
1627 1516 1665 1553 id
1683 1516 1779 1564 facit,
1798 1515 1880 1552 licet
1899 1516 2009 1552 fames
2028 1515 2073 1552 sit
2093 1515 2155 1552 illa

1171 1576 1411 1626 gravior.N0n
1427 1576 1520 1613 enim
1536 1590 1602 1628 par
1615 1591 1669 1614 res
1686 1586 1736 1613 est
1751 1590 1973 1613 communem
1993 1576 2082 1613 ferre
2099 1590 2154 1612 ca-

1169 1637 1375 1686 lamitatem,
1384 1647 1416 1675 et
1426 1637 1515 1674 dum
1526 1652 1645 1675 omnes
1656 1637 1873 1674 abundantia
1886 1638 2062 1684 fruuntur,
2062 1651 2155 1689 pau-

1169 1698 1323 1749 periores
1344 1707 1481 1735 tantum
1500 1699 1593 1735 fame
1612 1698 1785 1736 laborare.
1811 1699 1914 1735 Tunc
1932 1698 2041 1735 fames
2064 1707 2153 1748 erat,

1170 1759 1279 1808 etqui
1299 1758 1432 1796 dabant
1452 1773 1622 1810 pauperes
1642 1762 1654 1807 (
1670 1761 1751 1796 Pro
1767 1760 1964 1811 facultate
1982 1773 2053 1796 sua
2072 1762 2153 1796 sin—

1167 1820 1265 1870 guli,
1287 1819 1427 1870 inquit)
1445 1835 1452 1855 :
1470 1833 1563 1856 nunc
1583 1833 1665 1857 vero
1687 1819 1823 1871 duplex
1846 1828 1897 1856 est
1919 1820 2041 1868 fames,
2063 1819 2155 1856 sicut

1135 1901 1142 1910 =
1169 1889 1203 1917 et
1229 1879 1369 1932 duplex
1395 1879 1614 1917 abundantia
1634 1896 1641 1916 :
1658 1881 1767 1917 fames
1791 1880 1925 1931 gravis,
1944 1881 2064 1928 fames,
2084 1893 2155 1917 non

1169 1940 1337 1978 audiendi
1352 1941 1501 1979 verbum
1514 1941 1671 1988 Domini,
1681 1940 1741 1978 sed
1756 1955 1818 1993 per
1833 1942 2093 1994 eleemosynam
2105 1941 2154 1978 ci—

1167 2002 1255 2040 bum
1275 2002 1482 2054 accipiendi.
1505 2004 1609 2041 Tunc
1629 2011 1661 2040 et
1686 2002 1747 2053 qui
1774 2003 1810 2040 in
1838 2003 1962 2042 Judaea
1982 2016 2155 2054 pauperes

1167 2073 1277 2111 erant,
1296 2073 1329 2101 et
1345 2064 1408 2114 qui
1422 2063 1620 2101 Antiochia}
1644 2063 1812 2116 pecunias
1838 2064 2045 2115 erogabant,
2061 2064 2154 2101 bono

1166 2125 1375 2162 fruebantur
1384 2140 1394 2174 3
1415 2133 1447 2161 et
1471 2124 1510 2161 bi
1538 2124 1651 2175 magis
1680 2139 1787 2175 quam
1814 2124 1868 2162 illi
1885 2141 1891 2161 :
1908 2139 2001 2162 nunc
2036 2135 2155 2163 autem

1166 2195 1199 2223 et
1219 2201 1280 2224 nos
1302 2195 1334 2224 et
1357 2200 1530 2238 pauperes
1555 2186 1592 2223 in
1620 2185 1712 2223 fame
1729 2202 1736 2221 :
1755 2186 1809 2223 illi
1831 2186 1929 2237 quod
1956 2188 2151 2225 necessario

1166 2248 1246 2285 cibo
1262 2257 1396 2299 egeant,
1413 2261 1476 2285 nos
1496 2247 1592 2298 quod
1608 2247 1644 2284 in
1660 2247 1809 2300 penuria
1823 2247 2073 2286 misericordiae
2087 2249 2154 2287 Dei

1165 2308 1287 2346 simus.
1313 2309 1389 2345 Hoc
1415 2308 1494 2346 cibo
1523 2308 1614 2345 nihil
1641 2308 1755 2360 magis
1780 2308 2016 2346 necessarium
2037 2310 2153 2348 fuerit.

1164 2369 1232 2408 Hic
1250 2384 1320 2408 non
1340 2370 1535 2408 subeuntur
1555 2370 1662 2418 mala,
1679 2384 1757 2420 quae
1773 2384 1817 2407 ex
1836 2370 2019 2408 saturitate
2033 2371 2155 2408 oriun-

1165 2442 1225 2471 tur
1236 2433 1360 2485 :hujus
1371 2433 1519 2471 cibinon
1531 2432 1568 2470 in
1580 2447 1754 2471 secessum
1768 2433 1942 2471 emittitur
1952 2448 2034 2486 pars
2044 2434 2155 2471 maxi-

1166 2510 1234 2533 ma.
1250 2495 1351 2533 Nihil
1361 2494 1561 2543 formosius,
1570 2494 1663 2532 nihil
1675 2494 1794 2532 sanius
1808 2495 1925 2532 anima
1939 2509 2017 2546 quae
2029 2495 2078 2533 sic
2089 2496 2154 2533 ali-

1166 2555 1224 2594 tur
1234 2571 1247 2607 3
1266 2555 1362 2593 omni
1376 2555 1533 2607 superior
1549 2564 1599 2593 est
1613 2555 1749 2603 morbo,
1766 2555 1861 2592 omni
1873 2557 1976 2603 fame,
1992 2556 2088 2593 omni
2102 2556 2154 2594 in-

1165 2617 1336 2670 temperie
1349 2626 1382 2654 et
1396 2616 1609 2668 aegritudine
1620 2631 1741 2654 :nemo
1753 2616 1853 2654 illam
1870 2631 1993 2668 capere
2005 2618 2152 2669 poterit:

1164 2679 1228 2717 sed
1241 2679 1332 2716 sicut
1345 2677 1613 2715 adamantinum
1634 2691 1760 2729 corpus
1784 2692 1853 2714 uon
1873 2678 2006 2715 ferrum
2021 2678 2153 2716 caedere

1164 2739 1269 2787 valet,
1278 2752 1347 2776 non
1359 2737 1458 2775 aliud
1473 2737 1616 2788 quidvis
1631 2737 1701 2774 :sic
1717 2751 1779 2774 nec
1793 2737 1948 2774 animam
1963 2737 2152 2791 eleemosy-

1165 2813 1210 2836 na
1232 2799 1408 2836 firmatam
1423 2797 1566 2848 quidvis
1585 2812 1707 2849 capere
1728 2797 1869 2849 poterit.
1890 2798 2001 2846 Quid,
2020 2813 2151 2848 quaeso,

1165 2861 1265 2898 illam
1277 2874 1398 2912 capere
1411 2859 1521 2911 possit
1532 2873 1700 2910 umquam
1711 2859 1728 2896 ?
1740 2859 1956 2911 paupertas?
1974 2860 2125 2897 Minime
2136 2875 2147 2910 3

1165 2925 1201 2961 in
1213 2924 1321 2974 regiis
1339 2923 1434 2960 enim
1448 2922 1627 2975 penuariis
1645 2923 1759 2975 posita
1772 2932 1834 2960 est.
1845 2925 1899 2960 An
1911 2923 1969 2960 fur
1982 2932 2014 2960 ct
2028 2923 2117 2961 latro
2133 2924 2150 2961 't'

1165 2985 1238 3024 Sed
1263 2985 1342 3022 illos
1362 2984 1544 3036 perfodere
1562 2984 1712 3036 parietes
1733 2997 1834 3020 nemo
1858 2983 1963 3022 valet.
1985 2986 2038 3021 An
2064 2998 2151 3022 ver-

1165 3045 1257 3083 mis?
1277 3045 1349 3083 Sed
1369 3046 1436 3082 hac
1454 3044 1560 3082 etiam
1578 3043 1732 3096 pernicie
1750 3043 1909 3095 superior
1922 3052 1973 3080 est
1987 3043 2047 3080 hic
2067 3044 2148 3080 the-

1165 3121 1301 3145 saurus.
1325 3109 1381 3144 An
1395 3106 1501 3143 timor
1521 3114 1553 3142 et
1582 3104 1742 3143 invidia?
1760 3108 1807 3141 At
1824 3118 1892 3141 non
1909 3104 1966 3141 his
1993 3103 2145 3156 capitur.

1165 3166 1415 3220 Sycophantiae
1443 3176 1476 3204 et
1501 3165 1665 3203 insidiae?
1696 3166 1816 3215 Neque
1850 3165 1942 3213 illae,
1963 3164 2150 3203 thesaurus

83 3223 272 3262 ἁλίσκεται.
306 3227 409 3265 Ἀλλὰ
436 3229 662 3282 συκοφαντίαι
689 3228 748 3267 καὶ
773 3229 976 3277 ἐπιδουλαί5
1003 3229 1093 3268 Οὐδὲ
1116 3238 1140 3268 E
1167 3229 1300 3281 quippe
1320 3237 1370 3266 est
1385 3228 1594 3266 inaccessus.
1616 3226 1687 3265 Sed
1705 3236 1807 3278 turpe
1823 3226 1943 3277 fuerit,
1958 3227 1987 3264 si
2004 3226 2081 3264 haec
2095 3241 2149 3264 so-

128 3365 142 3379 *
163 3366 217 3405 [A
236 3367 270 3400 Β.
289 3368 325 3400 C.
347 3373 440 3411 λόγον.
460 3375 491 3404 οὐ
507 3378 705 3416 περιέμειναν.
724 3371 801 3403 Mox
817 3370 857 3402 D.
877 3371 1035 3414 ἑ’πεμψεν.]

1191 3384 1203 3398 ⁸
1222 3371 1367 3412 Quidam
1385 3375 1539 3418 ἀφεδρῶνα
1555 3375 1730 3408 τελευτῆσαι
1747 3375 1780 3405 τὸ
1797 3373 1895 3403 πλέον.
