2466 3805
670 264 713 292 IN
751 263 867 293 ACTA
902 262 1250 292 APOSTOLORUM.
1290 262 1445 293 nomn..
1484 264 1610 294 XXVI.
2086 271 2176 317 229

107 343 218 396 τούτῳ
236 343 362 381 πείθων
381 342 496 390 αὐτὸν,
517 342 571 382 ὅτι
592 345 654 381 οὐκ
675 343 748 381 ἔστι
767 342 970 395 φάντασμα·
992 343 1051 381 καὶ
1071 343 1126 381 ἵνα
1195 342 1256 380 tici
1278 343 1295 379 Ξ)
1320 343 1507 390 Quomodo
1539 345 1780 396 pertransierit
1811 346 1932 384 dicant
1967 348 2068 386 nobis
2090 364 2097 384 :
2116 351 2178 388 sed

107 403 357 450 ἀποτινάξηται
385 404 441 442 τὸν
473 404 589 452 ὕπνον,
619 404 677 442 καὶ
703 407 797 456 γνῷ,
818 404 870 442 ὅτι
891 403 1015 451 ἀληθές
1040 406 1125 442 ἐστι.
1194 418 1263 442 non
1293 413 1468 457 poterunt.
1504 407 1611 457 Atqui
1641 417 1785 459 propter
1817 409 1886 447 hoc
1914 409 2019 448 illum
2041 412 2177 463 accingi

107 464 176 503 Διὰ
192 468 292 503 τοῦτο
310 465 369 502 καὶ
389 464 511 507 εὐθέως
531 464 704 503 ἀπέπεσον
727 467 828 503 αὐτοῦ
849 466 883 502 αἱ
903 464 1038 507 ἁλύσεις
1057 464 1126 502 ἀπὸ
1147 469 1171 498 Ε
1190 464 1291 516 jubet
1315 475 1350 503 et
1373 466 1544 516 calceari,
1560 475 1600 504 ut
1625 477 1657 505 et
1682 468 1765 506 hinc
1779 469 1834 507 illi
1855 471 2079 522 persuadeat,
2111 473 2178 510 hoe

105 527 174 562 τῶν
189 527 329 576 χειρῶν,
349 525 428 570 καὶ,
450 524 599 563 Ἀνάστα
611 528 644 564 ἓν
662 525 788 577 τάχει,
810 525 938 564 ἀκούει.
957 525 1009 562 Οὐ
1025 528 1126 575 θορυ-
1195 539 1264 562 non
1295 539 1368 564 esse
1387 526 1610 578 phantasma,
1639 537 1748 579 utque
1786 544 1950 568 somnum
1970 541 2176 582 excuteret,

106 585 246 628 δοῦντος
270 585 307 622 δέ
334 587 407 624 ἐστι
426 589 543 631 τοῦτο,
566 585 656 624 ἀλλὰ
674 586 848 629 πείθοντος
866 585 915 636 μὴ
932 585 1127 623 ἀναὸάλλε-
1194 585 1367 636 sciretque
1382 600 1456 623 rem
1472 601 1545 625 esse
1559 602 1692 626 veram.
1718 590 1801 629 Ideo
1831 591 1949 629 statim
1973 593 2178 632 ceciderunt

106 649 198 684 σθαι.
226 646 297 684 Καὶ
316 649 377 684 οὐκ
399 646 494 698 ᾔδει,
514 646 630 698 φησὶν,
658 646 709 684 ὅτι
732 646 854 693 ἀληθές
883 648 956 683 ἐστι
974 645 1014 683 τὸ
1035 644 1126 694 γινό-
1194 654 1322 683 catenae
1336 646 1379 684 de
1397 647 1562 685 manibus
1577 649 1663 700 ejus,
1678 659 1710 687 et
1732 651 1885 702 audivit,
1899 653 2016 705 Surge
2031 655 2176 692 veloci—

108 721 209 755 μενον
226 705 282 744 διὰ
304 710 363 745 τοῦ
384 707 528 758 ἀγγέλου
542 723 549 730 ·
568 706 678 746 ἐδόκει
698 706 733 746 δὲ
751 707 868 758 ὅραμα
889 706 1039 757 βλέπειν.
1057 705 1124 742 Εἰ-
1195 715 1264 746 ter.
1282 707 1358 745 Hoc
1375 721 1458 745 vero
1474 722 1543 746 non
1561 711 1801 760 perturbantis
1826 722 1891 759 est,
1916 714 1976 751 sed
2004 717 2176 754 monentis

108 767 234 816 χότως,
251 768 306 806 διὰ
325 767 388 815 τὴν
408 767 602 819 ὑπερὸολὴν
622 771 690 805 τῶν
710 766 910 818 γινομένων.
1194 781 1237 804 ne
1255 768 1424 806 differret.
1444 771 1497 806 Ec
1525 773 1718 809 nesciebat
1734 803 1745 818 ,
1776 773 1901 823 inquit,
1923 779 2015 827 quia
2042 792 2178 815 verum

1193 829 1318 874 estid,
1348 829 1585 880 qzcodfiebat
1601 844 1669 880 per
1696 833 1876 883 angelum
1899 850 1908 869 :
1931 839 2179 875 existimabat

1195 896 1323 925 autem
1337 902 1377 926 se
1395 892 1523 927 ‘visum
1543 891 1686 930 videre.
1698 893 1852 942 Jure,ob
1867 909 1984 932 rerum
2004 907 2180 947 gestarum

1196 948 1466 986 sublimitatem.

161 1016 270 1070 Ὁρᾷς
288 1015 392 1054 πόσον
408 1013 499 1052 ἐστὶν
516 1012 690 1065 ὃπερςολὴ
708 1011 872 1063 σημείοῃ
887 1014 961 1054 πῶς
975 1011 1127 1053 ἐκπλήτ-
1247 1009 1283 1046 5.
1310 1008 1440 1047 Viden'
1453 1039 1463 1057 ,
1481 1018 1613 1060 quanta
1636 1011 1680 1048 sit
1707 1012 1798 1063 signi
1818 1013 2054 1064 magnitudo?
2077 1031 2183 1066 quam

108 1093 160 1115 τει
173 1078 231 1115 τὸν
247 1078 380 1127 ὁρῶντα
392 1091 402 1122 ;
415 1077 490 1117 πῶς
509 1077 570 1112 οὐκ
591 1073 712 1125 ἀφίησι
728 1076 973 1120 πιστευθῆναι5
993 1073 1037 1110 Εἰ
1059 1072 1126 1124 γὰρ
1193 1069 1362 1121 percellat
1376 1069 1586 1108 videntem?
1602 1085 1710 1121 quam
1726 1072 1936 1112 incredibile
1952 1074 2046 1113 illud
2061 1077 2184 1115 videa-

109 1137 241 1189 Πέτρος
256 1136 366 1174 ἐδόκει
379 1134 495 1188 ὅραμα
512 1134 649 1185 βλέπειν
670 1135 705 1171 ἐν
723 1132 877 1185 τοσούτῳ
893 1133 1007 1185 χρόνῳ
1023 1162 1032 1180 ,
1048 1132 1128 1171 καί-
1193 1130 1279 1167 tur?
1293 1132 1386 1168 Nam
1403 1130 1432 1168 si
1449 1132 1573 1169 Petrus
1593 1141 1689 1170 tanto
1709 1142 1867 1186 tempore
1880 1149 1915 1173 se
1929 1136 2049 1174 visum
2060 1138 2183 1176 videre

106 1212 159 1234 τοι
179 1196 278 1238 αὐτὸς
299 1195 494 1246 ζωσάμενος
515 1194 575 1233 καὶ
597 1193 873 1244 ὑποδησάμενος·
891 1194 925 1231 τί
944 1193 1058 1246 ἔτερος
1079 1193 1126 1244 μὴ
1195 1191 1501 1241 existimabat,etsi
1519 1194 1728 1244 praecinctus
1741 1204 1774 1232 et
1789 1195 1978 1236 calceatus:
1992 1198 2078 1249 quid
2094 1200 2184 1236 alius

1138 1266 1264 1314 21¹non
1283 1267 1404 1304 passus
1421 1254 1534 1291 esset?
1556 1256 1832 1306 Transeuntes,
1855 1257 1994 1308 inquit,
2015 1262 2184 1310 primam

107 1318 166 1355 χαὶ
188 1317 361 1371 δευτέραν,
378 1311 516 1363 ἦλθον
502 1316 559 1355 επὶ
575 1315 673 1363 τὴν
662 1315 775 1363 πύλην
797 1315 859 1362 τὴν
882 1317 1047 1367 σιδηρᾶν·
1069 1331 1129 1353 και
1151 1328 1174 1356 Α
1197 1323 1234 1352 et
1250 1316 1459 1353 secundam
1480 1318 1721 1368 custodiam,
1741 1329 1932 1357 venerunt
1949 1321 2002 1357 ad
2031 1330 2185 1385 portam

107 1378 298 1423 ἐξελθόντες
314 1380 428 1430 προῆ)
430 1381 485 1416 θον
505 1378 616 1430 ῥύμην
637 1376 733 1428 μίαν,
764 1377 823 1415 καὶ
851 1377 974 1420 εὐθέως
993 1376 1127 1423 ἀπέστη
1193 1377 1387 1427 ferream:
1400 1384 1435 1413 et
1452 1386 1631 1415 exeuntes
1642 1347 1910 1429 processerunt
1922 1371 2184 1420 vicumunmn

108 1442 126 1477 5
148 1439 327 1491 ἄγγελος’
309 1455 359 1477 απ
396 1454 509 1477 αυτου.
530 1438 587 1477 Τὰ
608 1437 724 1488 μέντοι
745 1438 838 1476 ἔνδον
860 1438 1028 1489 γενόμενα
1045 1442 1129 1475 θαυ-
1196 1445 1233 1474 et
1251 1439 1434 1474 continuo
1448 1438 1621 1476 discessit
1645 1440 1808 1491 angelus
1829 1443 1879 1478 ab
1900 1455 1955 1479 eo.
1979 1443 2068 1490 Quae
2088 1443 2183 1480 intus

106 1257 233 1295 ἔπαθεν
261 1256 320 1304 ἅν;
348 1255 546 1299 Διελθόντες
575 1254 629 1303 δὲ,
661 1255 764 1307 φησὶ,
797 1254 938 1331 πρώτην
969 1255 1127 1307 φυλακην

108 1499 313 1553 μασιώτερα
332 1494 390 1546 ἦν·
406 1503 506 1538 τοῦτο
521 1499 555 1537 δὲ
573 1498 693 1537 λοιπὸν
711 1498 1129 1552 ἀνθρωπινώτερον.“’οτε
1194 1498 1286 1535 facta
1305 1507 1399 1546 sunt,
1418 1498 1640 1537 mirabiliora
1665 1510 1763 1538 erant
1773 1516 1783 1550 3
1810 1501 1879 1539 hoc
1901 1516 1985 1541 vero
2015 1503 2182 1556 deinceps

107 1560 202 1599 οὐδὲν
218 1560 364 1611 κώλυμα
382 1555 438 1608 ἦν,
456 1560 534 1599 τότε
555 1560 688 1607 ἀπέστη
711 1560 899 1612 ὃᾶγγελος.
922 1562 975 1599 Οὐ
995 1559 1063 1612 γὰρ
1088 1559 1127 1598 ἂν
1193 1557 1397 1596 humanius.
1416 1559 1509 1596 Cum
1529 1559 1620 1597 nihil
1640 1570 1714 1598 erat
1738 1561 2006 1614 impedimenti,
2024 1563 2187 1601 discessit

109 1624 280 1675 προῆλθεν
312 1625 329 1660 5
365 1622 498 1672 Πέτρος
535 1622 707 1660 τοσούτων
747 1621 855 1659 ὄντων
891 1622 1107 1672 κωλυμάτων
1120 1638 1128 1645 ·
1194 1619 1351 1671 angelus.
1367 1620 1489 1670 Neque
1504 1621 1597 1658 enim
1612 1623 1861 1673 pertransisset
1878 1625 2018 1675 Petrus,
2036 1640 2117 1663 cuni
2134 1634 2185 1663 tot

108 1683 215 1726 ὄντως
245 1682 336 1734 γὰρ,
366 1682 471 1725 ὄντως
495 1682 659 1728 ἔκπληξις
691 1686 748 1729 ἠν.
774 1684 846 1720 Νῦν
871 1682 989 1734 ἔγνων,
1012 1682 1129 1734 φησὶν,
1194 1689 1307 1717 essent
1328 1679 1470 1717 obices:
1490 1695 1574 1719 vere
1596 1696 1747 1733 namque
1767 1693 1892 1736 stupor
1918 1685 2051 1723 aderat.
2070 1688 2185 1724 Nunc

108 1743 161 1781 ὅτι
179 1746 314 1791 ἀληθῶς
340 1743 542 1783 ἀπέστειλεν
562 1748 580 1782 5
605 1744 731 1796 Κύριος
755 1743 812 1782 τὸν
836 1744 980 1796 ἄγγελον
1002 1747 1104 1782 αὐτοῦ
1119 1774 1129 1792 ,
1193 1743 1286 1787 scio,
1302 1741 1431 1792 inquit,
1450 1745 1544 1793 quia
1564 1757 1656 1781 vere
1678 1747 1781 1782 misit
1793 1747 1985 1784 Dominus
2001 1748 2185 1799 angelum

108 1804 168 1841 καὶ
182 1804 328 1848 ἐξείλετό
344 1821 387 1855 με
401 1807 440 1843 ἐκ
453 1805 568 1857 χειρὸς
581 1804 740 1857 Ἡρώδου
754 1804 814 1843 καὶ
823 1805 938 1853 πάσης
949 1808 1011 1851 τῆς
1022 1821 1130 1858 προσ-
1194 1814 1319 1849 suum,
1338 1809 1374 1838 et
1401 1804 1540 1853 eripuit
1561 1817 1620 1840 me
1640 1804 1688 1841 de
1721 1818 1841 1842 manu
1876 1807 2058 1853 Herodis,
2083 1816 2118 1844 et
2138 1809 2186 1844 de

109 1863 225 1907 δοχίας
244 1868 304 1902 τοῦ
329 1867 415 1903 λαοῦ·
435 1868 503 1903 τῶν
523 1864 713 1904 Ἰουδαίων,
734 1866 819 1914 Νῦν,
839 1866 917 1918 οὐχὶ
944 1866 1041 1915 τότε,
1072 1866 1128 1904 ὅτε
1197 1865 1303 1899 omni
1333 1866 1620 1913 exspectatione
1636 1864 1762 1916 plebis
1792 1867 2030 1904 Judoeorum.
2052 1869 2155 1905 Nunc
2176 1884 2183 1903 :

108 1928 142 1964 ἐν
157 1928 206 1978 τῷ
229 1927 346 1979 δεσμῷ
363 1926 470 1977 ἤμην,
489 1926 644 1965 Συνιδών
660 1943 698 1965 τε
719 1921 821 1973 ἦλθεν
852 1927 908 1966 ἐπὶ
930 1927 993 1974 τὴν
1016 1927 1127 1967 Οἷχίαν
1196 1936 1264 1960 non
1282 1932 1379 1973 tunc,
1397 1923 1540 1973 quando
1559 1924 1595 1962 in
1609 1925 1761 1964 vinculis
1776 1940 1884 1964 eram.
1900 1929 2179 1967 Considerans-

108 1986 250 2040 Μαρίας
268 1991 330 2033 τ’ῆς
350 1988 482 2039 μητρὸς
504 1988 713 2036 δἸωάννσυ,
733 1988 831 2039 φησί.
847 1988 895 2026 Τί
914 1992 987 2028 ἐστι
1000 2019 1010 2036 ,
1033 1991 1127 2028 Συν-
1149 2006 1172 2035 Β
1197 1995 1271 2035 que
1292 1986 1403 2021 venit
1421 1986 1463 2021 in
1482 1985 1638 2024 domum
1672 1988 1813 2024 Maria?
1833 1992 1968 2027 matris
2000 1990 2180 2031 Joanm‘s,

110 2046 208 2096 ιδών;
222 2048 460 2099 Λογισοίμενος
478 2048 562 2087 ὅπου
585 2048 747 2087 ἐστὶν.Ἢ
762 2049 875 2087 τοίνυν
896 2054 995 2088 τοῦτο
1015 2056 1128 2089 συνεῖ-
1195 2045 1293 2093 Quid
1312 2046 1380 2083 sibi
1396 2046 1476 2084 vult
1495 2045 1602 2095 illud,
1622 2049 1883 2087 Considerans
1897 2055 1912 2086 Ρ
1933 2051 2101 2102 Cogitans
2124 2052 2186 2089 ubi

107 2108 218 2154 δεψῆ
240 2108 294 2147 ὅτι
314 2111 378 2161 οὐχ
398 2110 517 2153 ἁπλῶς
537 2111 696 2148 ἀπελθεῖν
717 2112 785 2157 δεῖ,
809 2112 884 2148 ἀλλ’
912 2110 1128 2163 ἀμείψασθαι
1193 2115 1292 2144 6556ῐ.
1314 2106 1382 2145 Vel
1406 2106 1474 2144 hoc
1492 2107 1603 2158 igitur
1626 2108 1891 2158 consideravit3
1912 2110 1970 2147 vel
1990 2111 2087 2161 quod
2116 2124 2183 2149 non

106 2168 164 2206 τὸν
184 2168 384 2221 εὐεργέτην·
405 2170 423 2208 ὃ
441 2171 500 2207 καὶ
529 2170 674 2209 συνιδὼν
707 2165 809 2217 ἦλθεν
837 2170 894 2209 ἐπὶ
921 2170 983 2218 τὴν
1015 2170 1126 2209 οἰκίαν
1194 2177 1368 2220 oporteret
1387 2177 1578 2219 utcumque
1593 2170 1703 2219 abire,
1732 2170 1794 2208 sed
1820 2172 2038 2210 benefactori
2070 2174 2184 2212 vicem

106 2229 258 2281 Μαρίας.
280 2229 344 2273 Τίς
367 2232 459 2268 ἔστιν
486 2224 582 2273 οὗτος
597 2234 614 2269 ὁ
629 2231 813 2279 Ἰωάννης,
837 2230 939 2275 Ἴσως
965 2233 1093 2275 ἐκεῖνος
1110 2235 1128 2270 ὃ
1194 2228 1408 2281 rependere:
1428 2229 1526 2279 quod
1539 2230 1600 2267 ille
1615 2230 1855 2280 considerans,
1869 2233 1967 2270 venit
1981 2234 2016 2271 in
2035 2233 2184 2272 domum

107 2290 159 2328 ἀεὶ
180 2293 292 2333 αὐτοῖς
321 2290 429 2329 συνών
443 2306 451 2314 ·
480 2291 536 2328 διὰ
554 2290 621 2344 γὰρ
638 2295 738 2329 τοῦτο
764 2291 822 2330 καὶ
851 2292 890 2330 τὸ
917 2293 1127 2345 παράσημον
1193 2289 1329 2328 Mariae.
1350 2290 1441 2338 Quis
1458 2299 1509 2328 est
1529 2290 1589 2329 hic
1605 2292 1786 2330 Joannes?
1807 2293 1912 2331 Forte
1930 2294 1973 2344 is,
1994 2295 2056 2345 qui
2086 2309 2182 2332 sem-

106 2352 208 2389 αὐτοῦ
229 2351 361 2399 ἔθηκεν.
379 2351 477 2404 ‘'Opot
496 2352 574 2391 ὅσον
597 2352 690 2392 ἐστὶν
707 2352 834 2404 ἀγαθὸν
855 2356 876 2400 ἡ
893 2355 1030 2406 eit-424,
1059 2355 1126 2393 πό-
1193 2366 1256 2404 per
1277 2367 1359 2390 cum
1377 2353 1451 2391 illis
1472 2362 1568 2402 erat3
1597 2353 1749 2404 ideoque
1768 2369 1961 2406 cognomen
1981 2358 2086 2396 etiam
2107 2359 2182 2411 ejus

103 2428 163 2451 σον
193 2412 375 2464 εὐχόμενοι
409 2414 443 2451 ἓν
467 2413 563 2451 νυκτὶ
587 2413 702 2461 ἤνυον,
736 2430 811 2457 πως
842 2415 980 2467 διεγηγε
966 2414 1127 2468 ρμένους
1193 2415 1326 2466 posuit.
1346 2414 1441 2454 Vide
1462 2423 1636 2466 quantum
1653 2416 1698 2454 sit
1723 2416 1857 2455 bonum
1877 2419 2039 2467 afflictio,
2062 2434 2180 2470 quan-

2247 2449 2383 2485 Magnum

105 2472 228 2516 αὐτοὺς
248 2474 443 2524 εἰργάσατο.
465 2468 567 2517 Εἶδες
585 2478 644 2512 τοῦ
665 2474 766 2526 φόνου
790 2474 1014 2527 Στεφάνου”
993 2491 1071 2513 οσον
1088 2475 1127 2514 τὸ
1193 2484 1271 2513 tum
1305 2485 1412 2514 noctu
1448 2486 1629 2527 precantes
1661 2478 1884 2529 plolieeient,
1920 2494 2026 2531 quam
2055 2473 2309 2533 vigilesbonnni’
2340 2490 2384 2517 af-

104 2533 240 2586 κέρδος;
260 2529 345 2578 εἶδες
363 2549 423 2572 του
440 2534 678 2587 δεσμωτηρίου
693 2535 812 2574 τούτου
835 2535 899 2581 ὅση
919 2539 940 2583 ἡ
961 2536 1127 2588 ὠφέλεια;
1193 2536 1279 2575 hinc
1311 2537 1547 2574 efficelentur.
1571 2538 1742 2577 Vidistin’
1746 2549 1948 2590 ,quantum
1975 2541 2115 2580 lucrum
2138 2532 2298 2582 exf¹⁰¹¹⁰

104 2596 158 2633 Οὐ
182 2594 248 2646 γὰρ
282 2594 322 2641 δὴ
353 2594 496 2639 ἐπεξιὼν
523 2599 540 2633 ὃ
565 2595 654 2640 Θεὸς
683 2603 754 2640 τοῖς
774 2597 949 2634 ἀδικουσιν
982 2599 1124 2645 αυτους,
1194 2598 1289 2637 caede
1326 2598 1524 2650 Stephani?
1555 2599 1715 2637 vidistin'
1750 2610 1881 2651 quanta
1913 2616 1958 2640 ex
1996 2603 2064 2641 hoc
2099 2618 2180 2642 cai-

106 2655 196 2708 μέγα
214 2655 382 2694 δείκνυσιν
401 2655 440 2693 τὸ
456 2656 652 2708 εὐαγγέλιον
665 2672 672 2679 ·
690 2659 765 2695 ἀλλ’
786 2660 819 2695 ἐν
839 2660 951 2702 αὐτοῖς
963 2664 1033 2701 τοῖς
1053 2660 1126 2697 ἀδι-
1147 2659 1170 2690 C
1194 2674 1271 2698 cere
1307 2660 1472 2698 utilitas?
1514 2660 1593 2697 Non
1630 2661 1724 2698 enim
1750 2661 1923 2699 ulciscens
1954 2664 2052 2701 Deus
2086 2664 2181 2717 inju-

104 2721 234 2766 κοῦσιν,
254 2717 350 2756 οὐδὲν
375 2718 513 2756 ἐκείνων
541 2717 748 2770 πασχόντων
771 2719 892 2766 δεινὸν,
914 2720 1020 2764 αὐτὰς
1047 2723 1124 2758 καθ’
1195 2729 1246 2758 ste
1272 2720 1452 2770 laedentes,
1480 2720 1530 2758 sic
1553 2733 1722 2771 magnum
1751 2721 1903 2759 ostendit
1928 2724 2178 2775 evangelium3

105 2778 230 2821 ἑαυτὰς
249 2779 311 2822 τὰς
334 2778 464 2831 θλίψεις
484 2778 635 2817 δείκνυσι
652 2779 743 2831 μέγα
760 2779 880 2827 οὔσας,
911 2779 966 2818 ἵνα
987 2780 1034 2831 μὴ
1064 2781 1127 2827 τὴν
1197 2781 1261 2819 sed.
1285 2781 1321 2819 in
1356 2781 1443 2834 ipsis
1476 2781 1689 2820 laedentibus
1720 2782 1813 2820 nihil
1850 2783 1935 2821 mali
1967 2785 2182 2836 patientibus

108 2839 311 2891 ἀπαλλαγὴν
329 2842 438 2877 αὐτῶν
453 2839 591 2883 πάντως
601 2841 760 2891 ζητῶμεν
776 2840 864 2890 μηδὲ
879 2840 943 2887 τὴν
961 2841 1127 2879 ἐκδικίαν.
1196 2842 1289 2894 ipsas
1303 2841 1548 2881 tribulationes
1562 2856 1625 2895 per
1644 2856 1680 2880 se
1699 2844 1964 2894 magnumquid
1981 2859 2055 2883 esse
2071 2856 2182 2885 osten-

108 2898 239 2937 Σκόπει
255 2900 290 2938 δὲ
308 2903 381 2944 πῶς
401 2901 461 2939 καὶ
479 2902 514 2939 αἱ
533 2900 717 2940 παιδίσκαι
743 2904 854 2940 αὐτῶν
873 2902 992 2941 λοιπὸν
1009 2903 1130 2953 ὁμότι-
1197 2902 1262 2953 dit,
1283 2917 1326 2941 ne
1345 2904 1405 2941 vel
1423 2904 1468 2941 ab
1487 2904 1558 2942 illis
1578 2903 1682 2956 eripi,
1705 2905 1760 2943 vel
1787 2905 1958 2943 ultionem
1979 2907 2070 2944 sumi
2090 2923 2184 2959 quee-

111 2973 169 3006 μοι
187 2962 298 3004 αὐτοῖς
317 2956 419 3009 ἦσαν.
440 2962 523 3001 Ἀπὸ
546 2965 608 3008 τ’ῆς
627 2971 760 3015 χαρᾶς,
783 2962 899 3015 φησὶν,
916 2965 977 3002 οὐκ
997 2963 1124 3010 ἤνοιξε.
1198 2978 1329 3002 ramus.
1358 2965 1542 3017 Perpende
1554 2994 1564 3014 ,
1584 2965 1762 3015 quomodo
1783 2966 1922 3004 ancillae
1942 2967 2038 3019 apud
2063 2983 2121 3007 eos
2148 2969 2185 3007 in

109 3019 235 3062 Καλῶς
253 3021 311 3058 καὶ
330 3019 429 3062 τὸὗτο
446 3023 585 3075 γέγονε,
608 3023 663 3062 ἵνα
684 3024 732 3075 μὴ
764 3024 823 3062 καὶ
850 3025 973 3062 ἐκεῖνοι
998 3026 1129 3063 ἓκπλα-
1201 3026 1281 3079 pari
1297 3026 1411 3079 pretio
1433 3036 1556 3065 essent.
1574 3029 1662 3064 Proe
1680 3028 1837 3079 gaudio,
1857 3028 1986 3079 inquit,
2006 3044 2083 3067 non
2097 3046 2185 3083 ape-

109 3080 215 3129 Υῶσῑν
235 3081 355 3125 εὐθέως
374 3083 520 3131 ἰδόντες,
546 3084 605 3122 καὶ
634 3085 890 3133 ἀπιστήσωσιν,
923 3086 998 3123 ἀλλ’
1023 3086 1127 3137 ἐγγυ-
1203 3091 1293 3126 ruit.
1316 3087 1347 3124 E
1368 3101 1406 3125 re
1421 3096 1539 3125 autem
1555 3087 1604 3124 ita
1629 3087 1761 3125 factum
1787 3097 1858 3136 est,
1884 3102 1927 3126 ne
1946 3099 1978 3127 et
1995 3090 2048 3128 illi
2066 3092 2186 3130 statim

111 3142 247 3191 μνασθῇ
268 3142 380 3179 αὐτῶν
400 3146 422 3190 ἡ
441 3143 587 3183 διάνοια.
614 3145 683 3184 Καὶ
707 3145 793 3195 ὅπερ
813 3145 885 3189 ἔθος
902 3149 986 3196 ἡμῖν
1006 3152 1129 3193 ποιεῖν,
1205 3148 1365 3186 videntes
1399 3149 1704 3200 obstupescerent,
1725 3157 1757 3186 et
1786 3162 1854 3186 non
1889 3149 2093 3201 crederent,
2127 3153 2187 3190 sed

111 3205 231 3256 εὑρέθη
260 3206 458 3257 πράττουσα
476 3210 535 3248 καὶ
555 3211 660 3258 αὐτή·
699 3212 755 3250 ἵνα
775 3212 841 3265 γὰρ
861 3212 948 3259 αὐτὴ
970 3213 1013 3251 τὰ
1033 3214 1132 3265 εὐαγ-
1207 3223 1306 3248 mens
1329 3210 1475 3248 illorum
1489 3217 1720 3249 exerceretur.
1741 3210 1787 3248 Et
1807 3210 1904 3260 quod
1922 3225 1985 3249 nos
2003 3212 2111 3254 facere
2133 3228 2186 3251 so-

156 3347 169 3362 *
186 3335 320 3371 imi-mu.
340 3342 465 3380 συνιδὼν,
484 3347 579 3386 φησὶν,
598 3348 669 3378 ὅπου
686 3349 774 3383 ἐστὶν,
795 3348 813 3381 ἣ
836 3349 881 3379 ἔτι
897 3349 964 3387 οὐκ,
981 3347 1028 3377 sic
1044 3347 1119 3388 qui·
1183 3348 1219 3379 B.
1243 3352 1271 3380 ἐν
1288 3344 1510 3389 δεσμωτηρίῳ]

113 3388 204 3421 dam.
221 3389 349 3432 [Supra
376 3389 528 3425 dedimus
546 3400 574 3428 ἐν
590 3403 630 3438 τῷ
648 3397 745 3440 ῖεςμῷ
762 3406 801 3426 ex
818 3397 853 3427 Α.
867 3396 905 3428 C.
921 3397 961 3431 D.
978 3396 1069 3430 Editi
1087 3407 1118 3430 et

1934 3453 1992 3488 17.
