2502 3810
338 273 429 318 512
822 286 858 313 s.
898 285 1081 314 JOANMS

1118 286 1170 314 Cll
1179 285 1357 314 uYSOST.
1398 284 1584 315 ARCHIEP
1594 306 1602 314 .
1642 286 1724 315 CON
1732 286 1977 318 STANTffiOP
1987 307 1996 316 .

336 367 512 418 probavit,
530 365 650 403 diceus
673 379 679 400 :
705 365 736 401 T
736 365 961 403 hesaurizas
989 367 1058 403 tibi
1076 367 1175 403 iram
1196 368 1237 402 in
1257 366 1318 402 die
1339 368 1362 397 B
1386 365 1557 417 σαυρίζεις
1576 368 1710 417 σεαυτῷ
1729 365 1835 417 ὀργὴν
1857 368 1891 404 ἓν
1910 367 2026 420 ἡμέρα
2041 370 2162 420 ὀργῆς,
2180 369 2236 406 καὶ
2256 369 2402 408 ἐνταῦθα

335 430 415 472 iroe,
437 436 469 464 et
481 427 540 462 hic
555 438 710 469 rursum,
731 425 933 462 Judicabit
948 426 1058 463 Deus
1076 427 1228 463 occulta
1243 427 1316 463 1ιο-

334 489 491 523 minnm.
511 484 761 535 Unusquisque
778 484 888 535 igitur
900 485 936 522 in
948 499 1051 523 suam
1067 486 1317 524 conscientiam

332 545 485 594 veniens,
502 554 536 582 et
562 553 702 597 peccata
729 545 941 596 recogitans,
958 546 1129 584 rationem
1154 555 1317 584 accurate

331 605 377 641 ab
404 620 441 642 se
464 613 614 656 repetat,
633 619 676 642 ne
706 613 790 642 tunc
811 619 893 642 cum
926 606 1059 643 mundo
1090 606 1312 646 damnemur.

168 671 318 698 Judicium
330 665 556 703 Horrendum
569 665 702 717 quippe
716 674 766 703 est
776 665 955 717 judicium
972 666 1076 713 illud,
1094 666 1317 704 tremendum

131 713 502 789 {3²:1¹a‘2'1u¹¹¹m-tribunal,
521 727 665 763 terroris
686 726 809 781 ’plenae
838 728 989 764 rationes
1015 726 1223 776 reddendae,
1250 728 1318 764 ssu—

134 794 284 820 mendum·
331 787 410 825 vius
433 787 525 838 ignis
546 796 676 825 manat.
693 789 837 824 Frater
865 801 943 824 non
969 788 1138 837 redimit,
1157 789 1319 825 redimet

132 833 681 885 I'sal·48-8-homopRecofflare
711 861 833 884 eorum
866 862 942 898 quae
978 847 1015 885 in
1047 848 1231 899 evangelio
1263 847 1319 885 di-

330 919 458 948 cuntur
474 940 485 960 ,
527 909 734 961 angelorum
774 909 1131 947 circumcursantium
1148 939 1160 960 ,
1206 909 1319 946 clausi

330 971 501 1019 thalami,
529 970 736 1023 lampadum
764 984 832 1008 non
857 971 1113 1008 exstinctarum
1130 1000 1141 1020 ,
1167 978 1320 1022 potesta-

330 1041 406 1069 tum
431 1032 466 1069 in
491 1032 648 1069 fornaces
677 1031 908 1069 trahentium.
930 1032 977 1069 Et
1005 1030 1098 1069 illud
1129 1040 1246 1068 tecum
1265 1044 1319 1068 re-

330 1100 414 1143 puta
431 1122 440 1139 ,
467 1092 495 1129 si
522 1101 683 1129 nostrum
723 1091 923 1143 cujuspiam
962 1092 1142 1129 occultum
1183 1092 1320 1129 facinus

329 1151 474 1202 aliquod
498 1152 535 1189 in
563 1151 725 1189 medium
754 1151 861 1189 hodie
891 1153 1077 1190 afferretur
1106 1152 1142 1190 in
1174 1152 1319 1190 ecclesia

328 1222 480 1262 tantum,
502 1227 618 1250 annon
652 1213 774 1250 mallet
793 1213 938 1250 interire
958 1222 992 1251 et
1010 1222 1140 1251 terram
1160 1213 1228 1251 sibi
1250 1213 1316 1251 de-

328 1273 464 1310 hiscere
481 1273 610 1325 potius,
629 1288 736 1324 quam
755 1282 806 1310 tot
834 1273 999 1324 nequitiae
1025 1283 1129 1311 testes
1155 1274 1285 1311 habere
1297 1274 1315 1311 Ρ

330 1333 428 1380 Quid
470 1347 552 1385 ergo
592 1343 678 1371 tunc
708 1334 908 1385 patiemur,
949 1348 1031 1372 cum
1076 1348 1196 1372 coram
1232 1335 1317 1371 orbe

330 1405 403 1433 toto
416 1396 532 1432 onmia
546 1396 738 1433 afferentur
751 1396 787 1432 in
800 1405 912 1444 tanto,
928 1405 1001 1433 tam
1015 1396 1202 1448 splendido
1220 1396 1318 1433 thea-

329 1467 398 1508 tro,
422 1468 455 1495 et
476 1459 568 1496 notis
590 1468 623 1496 et
641 1458 771 1510 ignotis
791 1458 908 1496 omnia
926 1459 1254 1511 conspicientibus?
1272 1461 1318 1496 At

329 1534 381 1557 vae
402 1519 504 1568 mihi,
524 1519 702 1557 undenam
722 1520 884 1557 territare
904 1534 968 1557 vos
986 1520 1119 1571 cogor?
1135 1521 1179 1557 ab
1198 1518 1317 1556 homi-

329 1596 416 1618 num
444 1580 716 1629 existimatione,
741 1594 820 1617 cum
843 1594 862 1616 a
882 1580 1008 1617 timore
1028 1581 1094 1618 Dei
1123 1588 1315 1631 oporteret,

331 1651 363 1678 et
378 1643 423 1679 ab
442 1643 516 1693 ejus
536 1640 848 1678 condemnatione?
865 1640 1036 1685 Quinam,
1052 1654 1169 1691 quaeso
1190 1649 1234 1687 te,
1249 1639 1318 1676 eri-

331 1717 425 1752 mus,
444 1716 524 1740 cum
543 1701 669 1751 vincti,
694 1700 860 1738 dentibus
882 1700 1081 1749 stridentes,
1103 1701 1139 1739 in
1159 1701 1317 1739 exterio-

331 1780 385 1803 res
410 1766 571 1803 tenebras
597 1764 794 1801 ducemur?
814 1763 887 1802 imo
905 1764 992 1815 quid
1021 1764 1204 1816 faciemus,
1224 1765 1320 1816 quod

331 1826 492 1864 omnium
519 1824 822 1863 terribilissimum
851 1834 916 1874 est,
940 1840 1021 1863 cum
1046 1827 1123 1863 Deo
1154 1840 1318 1864 occurre-

332 1890 438 1927 mus?
457 1889 496 1928 Si
526 1889 606 1940 quis
632 1888 725 1926 enim
761 1902 903 1926 sensum
933 1897 966 1926 et
994 1898 1147 1927 mentem
1176 1889 1319 1937 habeat,

334 1960 426 1987 certe
456 1952 531 2001 jam
551 1950 748 2000 gehennam
770 1949 990 1997 sustinuerit,
1007 1964 1088 1987 cum
1107 1965 1126 1987 a
1150 1950 1239 1988 facie
1258 1949 1325 1992 Dei
1345 1961 1370 1990 D

333 2011 504 2063 expulsus
531 2011 598 2048 erit
618 2027 626 2047 ε
650 2011 734 2061 quia
761 2024 846 2048 vero
878 2010 918 2048 id
949 2011 1003 2049 illi
1027 2026 1137 2063 grave
1161 2027 1232 2050 non
1258 2021 1323 2062 est,

334 2072 415 2110 ideo
447 2072 563 2124 ignem
590 2072 825 2109 comminatus
850 2081 913 2109 est.
949 2071 1094 2110 Etenim
1134 2082 1324 2125 oporteret,

334 2147 408 2171 non
437 2147 517 2170 cum
552 2133 738 2185 punimur,
773 2132 835 2170 sed
869 2147 948 2170 cum
980 2148 1180 2185 peccamus,
1196 2133 1325 2172 dolere-

336 2194 430 2232 Audi
450 2208 531 2245 ergo
551 2194 706 2231 Paulum
725 2193 905 2231 dolentem
926 2203 959 2231 et
979 2195 1120 2232 flentem
1145 2194 1190 2232 de
1205 2210 1328 2247 pecca-

139 2281 163 2299 ,,
184 2271 252 2301 cOp,
274 2270 320 2299 χῖ),
339 2254 396 2301 tis,
410 2269 475 2306 pro
492 2255 622 2304 quibus
639 2267 760 2305 poenas
775 2252 924 2291 daturus
938 2267 1007 2291 non
1021 2265 1106 2292 erat.
1120 2257 1209 2293 Non
1225 2259 1328 2293 enim

134 2321 164 2350 9.-
338 2330 418 2353 sum
439 2317 592 2366 dignus,
610 2314 739 2364 inquit,
752 2317 888 2351 vocari
903 2317 1115 2366 apostolus,
1133 2319 1227 2368 quia
1239 2331 1329 2367 per-

340 2384 521 2428 sequutus
549 2389 633 2412 sum
656 2374 886 2412 Ecclesiam.
907 2373 1003 2411 Audi
1029 2376 1133 2413 etiam
1157 2385 1189 2413 et
1214 2377 1326 2414 Davi-

339 2435 431 2484 dem,
442 2451 460 2473 a
477 2435 652 2487 supplicio
668 2434 814 2484 quidem
830 2443 1021 2483 exemtum,
1036 2435 1096 2473 sed
1111 2436 1193 2486 quia
1211 2450 1245 2473 se
1258 2451 1325 2488 pu-

138 2545 154 2562 2
184 2535 249 2562 Rea
274 2532 310 2572 ⁰4
339 2498 438 2535 tabat
472 2498 585 2534 Deum
605 2495 804 2541 offendisse,
821 2495 992 2533 ultionem
1013 2496 1047 2534 in
1069 2511 1103 2534 se
1123 2506 1326 2535 evocantem

163 2558 166 2561 .
228 2556 289 2569 „m
318 2555 323 2560 .

141 2584 147 2603 Ι

137 2595 326 2683 020&qu
338 2622 462 2671 patris
484 2621 572 2656 mei.
597 2617 754 2656 Gravius
780 2616 912 2668 quippe
931 2625 981 2654 est
1000 2617 1177 2655 offendere
1196 2620 1326 2669 Deum,

135 2668 322 2735 «μζζυῗϊιᾚὲι,
340 2694 446 2731 quam
470 2678 601 2732 puniri.
619 2679 723 2716 Nunc
746 2686 864 2714 autem
886 2686 959 2714 tam
981 2678 1108 2716 misere
1126 2679 1243 2716 affecti
1269 2693 1328 2716 su-

339 2755 434 2790 mus,
451 2750 490 2778 ut
510 2740 577 2778 nisi
599 2739 766 2791 gehennoe
785 2738 893 2776 timor
922 2738 1030 2789 adsit,
1061 2739 1148 2790 quid
1170 2740 1255 2778 boni
1278 2740 1329 2778 fa-

338 2818 415 2842 cere
439 2804 504 2841 vix
524 2803 708 2853 eligamus.
732 2802 970 2852 Quapropter,
1007 2802 1071 2839 etsi
1091 2816 1160 2840 non
1188 2802 1260 2840 alia
1287 2802 1330 2840 dc

339 2879 457 2912 causa,
478 2864 557 2902 ideo
580 2863 737 2914 gehenna
757 2861 859 2913 digni
885 2861 1076 2911 fuerimus,
1099 2863 1197 2914 quod
1228 2863 1329 2901 illam

340 2926 452 2977 magis
468 2939 577 2976 quam
597 2924 781 2962 Christum
804 2923 1004 2961 timeamus.
1021 2925 1160 2963 Verum
1184 2939 1253 2962 non
1281 2925 1330 2963 ita

338 2988 463 3024 beatus
482 2986 631 3033 Paulus,
649 2983 710 3021 sed
730 2984 906 3022 contrario
921 2982 1038 3021 modo.
1056 2984 1150 3029 Quia
1163 2999 1247 3023 vero
1261 2999 1324 3023 nos

339 3048 442 3086 aliter
455 3046 570 3084 affecti
584 3059 720 3092 sumus,
735 3044 814 3082 idco
830 3044 877 3082 ad
892 3044 1086 3096 gehennam
1099 3044 1322 3084 damnamur.

341 3112 384 3145 At
414 3108 442 3145 si
474 3107 656 3145 Christum
688 3114 727 3143 ut
752 3120 814 3157 par
844 3114 894 3143 est
919 3119 1132 3155 amaremus,
1157 3106 1327 3144 sciremus

341 3169 463 3219 utique
487 3168 643 3219 gebenna
675 3166 819 3218 gravius
843 3180 914 3204 esse
935 3175 1093 3204 amatum
1117 3166 1294 3205 offendere
1317 3183 1324 3202 ε

385 3328 396 3340 v
412 3318 469 3356 ῙᾹ.
504 3320 648 3353 εἰσελθών,
668 3322 699 3347 et
717 3326 793 3346 mox
811 3321 849 3349 τὰ
880 3319 1177 3358 πεπ).ημ,υ.ε),·κ,,ι,ιεύα,
1206 3323 1238 3346 et
1264 3315 1348 3346 iufra

342 3381 415 3399 eum
436 3379 539 3409 marg.
561 3367 662 3399 Savil.
681 3367 843 3411 unionem]

384 3422 399 3445 d
425 3422 479 3461 [A.
497 3428 527 3451 et
543 3431 646 3460 marg.
667 3418 768 3451 Savil.
790 3423 937 3453 ἀπώλετο.
953 3444 958 3450 .
974 3445 978 3452 .
994 3447 998 3451 .
1015 3446 1020 3452 .
1037 3422 1151 3461 ‘'mido-2
1169 3425 1213 3452 νῖν.
1229 3444 1234 3450 .
1249 3443 1273 3450 ..
1294 3435 1346 3452 να-

340 2569 373 2597 et
388 2559 564 2597 dicentem
579 2574 586 2594 ε
603 2558 659 2596 Sit
677 2571 815 2594 manus
832 2565 900 2594 tua
917 2570 1029 2609 super
1043 2572 1102 2595 me
1122 2567 1158 2596 et
1174 2560 1328 2596 domum
1349 2563 1373 2593 E

1384 426 1505 475 πάλιν,
1526 428 1645 480 Κρινεῖ
1671 430 1689 465 ὃ
1720 426 1810 470 Θεὸς
1844 427 1888 465 τὰ
1921 428 2058 479 κρυπτὰ
2094 433 2160 467 τῶν
2194 430 2398 481 ἀνθρώπων.

1383 486 1559 530 Ἕκαστος
1584 486 1697 525 τοίνυν
1724 489 1771 530 εἷς
1792 487 1831 525 τὸ
1861 490 1982 525 ἑαυτοῦ
2004 491 2155 534 συνειδὸς
2175 490 2323 537 (ἐλθὼν,
2343 490 2402 528 καὶ

1385 547 1667 599 ἀναλογιζόμενος
1698 546 1742 585 τὰ
1775 547 2093 598 πλημμελήματα,
2123 550 2313 588 ἀπαιτείτω
2342 550 2404 593 τὰς

1384 607 1526 650 εὐθύνας
1554 607 1673 646 ἑαυτὸν
1695 608 1866 660 ἀκριὸῶς,
1884 607 1941 646 ἵνα
1961 608 2038 646 τότε
2067 610 2114 660 μὴ
2137 615 2402 664 κατακριθῶμεν

1385 667 1474 718 μετὰ
1507 671 1570 714 τῆς
1608 668 1820 719 οἰκουμένης.
1855 668 2013 722 Φοὸερὸν
2043 669 2109 722 γὰρ
2143 673 2251 709 ἐκεῖνο
2282 672 2320 710 τὸ
2350 673 2404 709 δι-

1385 728 1585 780 καστήριον,
1618 729 1759 781 φρικτὸν
1785 729 1824 767 τὸ
1854 732 1972 780 βῆμα,
2011 730 2139 782 τρόμου
2177 731 2340 783 γέμουσιν
2369 735 2404 770 αἱ

1387 792 1543 836 εὖθῦναι,
1581 790 1688 842 πυρὸς
1723 789 1864 830 ἕλκεται
1900 790 2079 841 ποταμός,
2100 791 2256 844 Ἀδελφὸς
2282 795 2319 831 οὐ
2343 795 2405 830 λυ-

1385 854 1549 902 τροῦται,
1579 850 1792 904 λυτρώσεται
1822 851 2022 903 ἅνθρωπος,
2053 851 2310 903 Ἀναμνήσθητι
2338 852 2405 904 γὰρ

1386 914 1454 949 τῶν
1467 914 1500 950 ἐν
1515 914 1564 963 τῷ
1577 912 1766 965 εὐαγγελίῳ
1779 910 1990 962 λεγομένων,
2004 915 2072 949 τῶν
2090 912 2245 964 ἀγγέλων
2256 916 2324 951 τῶν
2343 929 2406 950 πε-

1388 971 1627 1025 ριτρεχόντων,
1644 976 1703 1009 τοῦ
1736 975 1916 1024 νυμφῶνος
1946 976 2005 1010 τοῦ
2025 973 2314 1024 ἀποκλειομένου,
2337 976 2404 1011 τῶν

1385 1033 1580 1082 λαμπάδων
1608 1035 1678 1070 τῶν
1706 1031 1754 1082 μὴ
1784 1032 2034 1083 σὸεννυμένων,
2053 1036 2121 1070 τῶν
2142 1034 2320 1085 δυνάμεων
2338 1036 2405 1071 τῶν

1387 1094 1433 1137 εἷς
1452 1093 1512 1136 τὰς
1532 1093 1696 1143 καμίνους
1724 1095 1909 1132 ἑλκουσῶν.
1938 1096 2088 1132 Κάκεῖνο
2115 1094 2274 1145 λόγισαι,
2297 1094 2350 1133 ὅτι
2379 1094 2410 1131 εἷ’

1387 1170 1475 1198 τινος
1496 1158 1596 1204 ἡμῶν
1613 1161 1761 1206 πρᾶγμα
1786 1155 1937 1207 κρυπτὸν
1959 1157 2005 1198 εἷς
2025 1155 2129 1205 μέσον
2150 1156 2276 1207 ἓνήχθη
2299 1154 2408 1205 τήμε-

1388 1230 1443 1266 ρον
1463 1215 1520 1252 ἓπὶ
1548 1218 1611 1261 τῆς
1643 1215 1828 1261 ἐκκλησίας
1863 1215 1988 1265 μόνης,
2017 1218 2090 1258 πῶς
2121 1215 2159 1253 ἂν
2188 1215 2408 1254 ἀάπολέσθαι

1386 1276 1444 1314 καὶ
1463 1276 1524 1322 τὴν
1542 1279 1605 1326 γῆν
1627 1278 1718 1328 αὐτῷ
1739 1276 1921 1322 διαστῆναι
1939 1275 2068 1321 ηὔξατο
2085 1278 2228 1325 μᾶλλον,
2248 1275 2268 1321 ἢ
2285 1275 2409 1313 τοσού-

1385 1352 1461 1380 τους
1482 1335 1658 1388 μάρτυρας
1682 1338 1743 1381 τῆς
1763 1335 1888 1378 κακίας
1923 1342 2045 1387 σχεῖν,
2071 1336 2119 1373 Τι’
2145 1330 2201 1373 οῦν
2228 1336 2306 1374 τότε
2330 1350 2409 1372 πει-

1387 1397 1539 1446 σόμεθα,
1560 1399 1641 1434 ὅταν
1663 1396 1721 1433 ἐπὶ
1750 1398 1813 1441 τῆς
1839 1395 2041 1445 οἰκουμένης
2071 1397 2117 1437 εἷς
2146 1396 2248 1446 μέσον
2272 1396 2409 1434 ἅπαντα

1386 1456 1534 1508 φέρηται
1557 1458 1590 1493 ἐν
1613 1455 1757 1507 τοιούτῳ
1778 1455 1910 1507 θεάτρῳ
1937 1456 2090 1508 λαμπρῷ
2118 1456 2178 1494 καὶ
2207 1461 2408 1508 περιφανεῖ,

1386 1517 1444 1553 καὶ
1478 1519 1546 1553 τῶν
1574 1515 1758 1568 γνωρίμων
1778 1515 1838 1553 καὶ
1869 1518 1937 1553 τῶν
1956 1515 2142 1567 ἀγνώστων
2162 1520 2247 1567 ἡμῖν
2272 1517 2410 1554 ἅπαντα

1385 1577 1685 1624 κατοπτευόντων,
1707 1576 1798 1614 Ἀλλ’
1832 1577 1924 1627 οἴμοι
1950 1577 2051 1614 πόθεν
2075 1578 2315 1628 ἀναγκάζομαι
2351 1593 2411 1630 φο-

1387 1638 1458 1675 Εεῖν
1477 1630 1585 1688 ὗμᾶς;
1605 1638 1674 1676 ἀπὸ
1703 1641 1765 1684 τῆς
1788 1640 1856 1675 τῶν
1880 1636 2071 1689 ἀνθρώπων
2091 1639 2312 1690 ὑπολήψεως,
2336 1639 2409 1677 δέον

1388 1700 1456 1737 ἀπὸ
1472 1704 1531 1737 τοῦ
1550 1699 1655 1751 φόὸου
1670 1702 1730 1738 τοῦ
1746 1701 1837 1738 Θεοῦ
1850 1729 1859 1746 ,
1880 1699 1937 1737 καὶ
1950 1702 2013 1745 τῆς
2027 1702 2149 1739 ἑαυτοῦ
2162 1700 2411 1751 καταγνώσεως

1389 1764 1489 1798 τοῦτο
1507 1765 1638 1808 ποιεῖν,
1668 1759 1771 1803 Τίνες
1801 1759 1869 1812 γὰρ
1905 1760 2071 1811 ἐσόμεθα,
2107 1760 2184 1799 εἶπέ
2214 1777 2290 1812 μοι,
2310 1761 2411 1809 τότε,

1390 1821 1471 1859 ὅταν
1492 1821 1661 1870 δεθέντες,
1681 1823 1749 1858 τῶν
1771 1820 1918 1858 ὀδόντων
1937 1821 2147 1873 βρυχόντων,
2169 1824 2215 1865 εἷς
2234 1823 2274 1860 τὸ
2293 1822 2412 1866 ἐξώτε-

1391 1897 1488 1934 τερον
1518 1880 1685 1932 ἀγώμεθα
1719 1880 1857 1928 σκότος,
1897 1884 2027 1932 μᾶλλον
2063 1881 2097 1920 δὲ
2131 1882 2165 1920 τί
2205 1883 2411 1933 ποιήσομεν,

1393 1944 1410 1982 ὃ
1445 1942 1584 1980 πάντων
1621 1943 1695 1980 ἐστὶ
1717 1942 1967 1995 φοὸερώτερον,
2004 1942 2087 1981 ὅταν
2107 1947 2156 1996 τῷ
2195 1945 2278 1996 Θεῷ
2300 1959 2409 1995 προσ-

1392 2003 1615 2057 κρούσωμεν,
1632 2005 1677 2041 Εἰ
1695 2003 1762 2055 γάρ
1793 2019 1844 2047 τις
1865 2003 2023 2051 αἴσθησιν
2045 2003 2115 2056 ἔχει
2148 2004 2207 2042 καὶ
2234 2007 2325 2052 νοῦν,
2346 2004 2412 2052 ἤδη

1393 2064 1454 2103 καὶ
1471 2064 1534 2111 τὴν
1550 2064 1688 2116 γέενναν
1709 2063 1903 2114 ὑπέμεινεν,
1916 2064 1996 2102 ὅταν
2017 2064 2050 2108 ἐξ
2070 2065 2179 2116 ὄψεως
2195 2064 2336 2116 γένηται
2354 2071 2414 2104 τοῦ

1395 2127 1504 2164 Θεοῦ·
1525 2126 1601 2162 ἀλλ’
1622 2124 1739 2172 ἐπειδὴ
1757 2129 1858 2163 τοῦτο
1874 2126 1935 2163 οὐκ
1954 2126 2056 2177 ὂδυνᾷ
2069 2155 2078 2171 ,
2101 2125 2157 2163 διὰ
2171 2129 2270 2164 τοῦτο
2288 2126 2414 2172 Εήπεί·

1394 2188 1447 2224 λει
1467 2190 1551 2239 πῦρ.
1576 2186 1645 2224 Καὶ
1666 2186 1734 2239 γὰρ
1754 2188 1872 2237 ἐχρῆν,
1898 2188 1962 2237 οὐχ
1981 2187 2062 2224 ὅταν
2084 2186 2310 2237 κολαζώμεθα
2323 2217 2332 2233 ,
2353 2188 2414 2224 ἀλ-

1395 2254 1479 2298 γεῖν,
1495 2249 1570 2285 ἀλλ’
1586 2247 1667 2284 ὅταν
1684 2247 1955 2298 ἁμαρτάνωμεν.
1974 2246 2137 2285 Ἄκουσον
2151 2251 2231 2299 γοῦν
2245 2251 2304 2284 τοῦ
2319 2246 2414 2284 Παύ-

1396 2310 1455 2344 λου
1471 2311 1672 2358 θρηνοῦντος
1688 2307 1747 2344 καὶ
1763 2307 2017 2357 ἀποδυρομένου
2034 2307 2120 2358 ὑπὲρ
2137 2307 2415 2359 ἁμαρτημάτων,

1395 2361 1442 2403 ῶν
1477 2369 1538 2404 οὐκ
1572 2367 1695 2416 ἔμελλε
1728 2365 1850 2404 δώσειν
1869 2366 1979 2412 δίκην.
2003 2369 2055 2404 Οὐ
2078 2367 2144 2418 γάρ
2178 2371 2249 2418 εἰμι
2277 2368 2414 2413 ἱκανὸς,

1396 2427 1498 2477 φησὶ,
1517 2429 1698 2465 καλεῖσθαι
1732 2426 1937 2473 ἀπόστολος,
1957 2426 2009 2464 ὅτι
2030 2427 2150 2472 ἐδίωξα
2172 2428 2234 2475 τὴν
2255 2429 2412 2475 Ἐκκλη-

1396 2488 1484 2527 σίαν.
1506 2488 1670 2526 Ἄκουσον
1693 2491 1773 2539 γοῦν
1793 2488 1853 2526 καὶ
1875 2492 1934 2526 τοῦ
1953 2488 2062 2526 Δαυὶδ
2080 2493 2142 2535 τῆς
2165 2489 2226 2539 μὲν
2243 2491 2416 2534 κολάσεως

1397 2549 1688 2599 ἀπηλλαγμένου,
1718 2548 1886 2594 ἐπειδὴδὲ
1907 2548 2045 2599 ἐνόμισε
2077 2552 2128 2601 τῷ
2160 2552 2242 2602 Θεῷ
2268 2566 2417 2602 προσκε-

1397 2610 1595 2664 κρουκέναι,
1614 2609 1676 2656 τὴν
1699 2609 1869 2662 τιμωρίαν
1897 2611 1974 2648 καθ’
1995 2612 2116 2648 ἑαυτοῦ
2146 2613 2331 2656 καλοῦντος
2357 2614 2416 2651 καὶ

1396 2671 1556 2723 λέγοντος
1568 2686 1576 2693 ·
1593 2670 1750 2708 Γενέσθω
1771 2674 1793 2716 ἦ
1813 2670 1891 2722 χείρ
1908 2685 1966 2708 σου
1982 2673 2016 2709 ἐν
2031 2671 2128 2721 ἐμοὶ,
2149 2672 2208 2709 καὶ
2223 2673 2256 2710 ἓν
2270 2675 2320 2724 τῷ
2333 2673 2416 2725 οἴκῳ

1396 2737 1455 2770 τοῦ
1465 2730 1595 2783 πατρός
1611 2730 1822 2783 {musso-(³19
1833 2735 2071 2784 προσκροῦσαι
2085 2735 2134 2783 τῷ
2145 2734 2239 2783 Θεῷ,
2248 2738 2307 2771 τοῦ
2319 2736 2418 2772 κολα-

1398 2796 1522 2839 σθῆναι
1535 2792 1793 2843 χαλεπώτερον.
1808 2794 1879 2830 Νῦν
1891 2791 1926 2830 δὲ
1937 2792 2045 2836 οὕτως
2059 2792 2184 2835 ἀθλίως
2199 2793 2398 2844 διακείμεθα
2409 2825 2417 2840 ,

1398 2856 1445 2896 ὡς
1476 2855 1505 2890 εἷ
1538 2853 1585 2903 μὴ
1605 2853 1742 2903 γεέννης
1762 2852 1865 2905 φόέος
1886 2847 1941 2899 ἦν,
1963 2851 2049 2902 μηδὲ
2071 2853 2110 2890 ἂν
2130 2853 2269 2891 ἑλέσθαι
2284 2854 2419 2906 ταχέως

1400 2913 1545 2960 ποιῆσαί
1561 2930 1595 2951 τι
1614 2914 1730 2952 καλόν.
1752 2914 1883 2966 Διόπερ
1914 2915 1943 2951 εἷ
1975 2914 2034 2951 καὶ
2058 2915 2202 2964 μηδενὸς
2220 2915 2333 2954 ἕνεκεν
2348 2917 2419 2955 ἐτέ-

1405 2991 1462 3028 ρου
1476 3004 1485 3022 ,
1504 2974 1624 3012 τούτου
1643 2989 1681 3025 γε
1700 2973 1812 3012 ἕνεκεν
1832 2973 1970 3025 γεέννης
1990 2974 2030 3011 ἂν
2046 2969 2135 3025 ἦμεν
2156 2975 2261 3025 ἄξιοι,
2284 2976 2346 3023 τὴν
2367 2976 2422 3028 γε’-

1405 3052 1500 3074 ενναν
1519 3036 1650 3086 μᾶλλον
1664 3036 1888 3086 τοῦΧριστοῦ
1904 3034 2120 3086 φοὸούμενοι.
2137 3035 2226 3076 Ἀλλ’
2245 3038 2308 3088 οὐχ
2319 3041 2336 3075 ὃ
2354 3054 2420 3088 μα-

1403 3098 1519 3151 κάριος
1546 3098 1686 3139 Παῦλος
1707 3095 1828 3141 οὕτως,
1855 3095 1933 3133 ἀλλ’
1955 3096 2199 3149 ἀντιστρόφιικ.
2220 3097 2365 3144 Ἐπειδὴ
2386 3097 2421 3134 δὲ

1400 3170 1500 3215 ἡμεῖς
1529 3164 1673 3216 ἑτέρως,
1698 3162 1753 3202 διὰ
1772 3166 1872 3201 τοῦτο
1893 3166 1933 3213 τῇ
1957 3163 2075 3215 γεέννῃ
2098 3164 2399 3216 καταδικαζόμεθα
2414 3180 2421 3186 ·

1417 3319 1478 3352 κάς
1495 3318 1583 3356 ἔχεεν.
1604 3311 1695 3344 Infra
1713 3313 1749 3343 A.
1769 3318 1797 3345 έν
1812 3314 1887 3344 οὕτω
1906 3314 2056 3356 varlar]

1458 3373 1468 3385 ε
1493 3364 1553 3397 Alii
1569 3369 1725 3403 ἠπείληται
1742 3368 1812 3407 πῦρ.
1830 3363 1889 3404 [Α.
1905 3368 2016 3400 ’ἡπεὶλες
2035 3369 2081 3397 καὶ
2101 3365 2194 3407 7122]
