2466 3805
677 260 719 290 IN
758 260 872 291 ACTA
909 260 1253 292 APOSTOLORUM.
1295 263 1451 292 HOMIL.
1491 263 1570 293 XII.
2074 269 2149 295 111

79 343 279 393 κατορθωθῇ
300 342 339 379 τὸ
353 341 443 390 ἔθος,
460 341 600 393 μυρίους
620 343 822 389 νενικήκατε
835 344 1025 395 πολέμους,
1040 345 1100 382 καὶ
1167 345 1194 382 si
1219 345 1285 384 hoc
1311 346 1514 398 perficiatis.
1538 346 1659 384 Primo
1686 359 1832 397 gravem
1861 346 2159 384 consuetudinem

78 403 197 453 πολλῷ
224 401 488 453 χαλεπωτέρους
515 402 667 440 ἐκείνου·
688 404 771 455 πρὸς
798 404 964 455 δαίμονας
990 420 1100 452 πονη-
1166 405 1373 457 excidisti53
1405 407 1558 445 secundo
1592 407 1724 444 malam
1762 406 2035 457 cogitationem,
2067 407 2161 444 unde

79 461 153 514 ροὺς
166 491 175 507 ,
194 462 279 513 πρὸς
300 462 493 514 ἀλάστορας
508 462 742 507 παλαίσαντες
765 464 824 502 καὶ
840 465 1098 516 μαχεσάμενοι,
1167 465 1282 504 omnia
1303 467 1410 516 mala,
1426 481 1550 519 nempe
1572 466 1670 517 quod
1691 467 1820 518 putetis
1837 481 1912 505 rem
1931 480 2004 504 esse
2019 466 2160 504 indiffe-

79 524 116 559 οὐ
137 521 192 559 διὰ
215 521 392 575 μαχαίρας
403 552 412 569 ,
428 522 519 561 ἀλλὰ
534 523 590 561 διὰ
603 522 762 574 γλώττης
779 525 838 563 καὶ
852 525 1099 576 προαιρέσεως.
1121 536 1145 565 Ε
1168 534 1302 563 rentem
1319 540 1382 564 nec
1397 527 1563 576 noxiam,
1585 527 1688 565 tertio
1700 528 1869 576 furorem,
1895 536 2022 578 quarto
2040 527 2157 565 avari-

77 580 174 634 ‘'Opa
193 581 260 633 γὰρ
274 611 283 628 ,
303 582 369 620 ὅσα
395 587 644 635 κατορθοῦται,
667 583 726 621 ἐὰν
747 584 815 636 ἄρα
839 584 897 622 καὶ
924 584 1101 635 κατορθώ-
1169 585 1257 623 tiam
1280 601 1288 622 :
1307 587 1385 624 haec
1403 587 1535 639 quippe
1550 587 1669 625 omnia
1687 587 1801 639 gignit
1812 589 2067 640 juramentum.
2082 588 2159 626 Imo

79 657 177 688 σητε.
195 643 356 693 Πρῶτον,
367 641 419 679 ὅτι
433 643 614 689 συνήθειαν
633 643 791 695 χαλεπὴν
807 643 995 682 ἐκκόπτετε
1007 660 1014 667 ·
1031 643 1103 681 δεύ-
1172 659 1217 682 ex
1228 646 1296 683 hoc
1310 646 1355 683 ad
1370 647 1440 684 alia
1458 648 1550 684 bona
1567 661 1672 699 opera
1686 662 1852 700 magnam
1872 647 2092 686 occasionem
2104 662 2161 686 ac-

86 717 196 753 τερον,
214 702 380 753 λογισμὸν
409 703 572 754 πονηρὸν,
592 704 650 741 καὶ
676 703 751 742 ὅθεν
772 703 887 741 πάντα
908 703 953 741 τὰ
984 702 1077 741 κακὰ
1090 732 1099 749 ,
1171 703 1417 755 cipietis.Nam
1429 706 1837 756 sicutilli‚quielementa
1847 707 1997 759 puerilia
2006 707 2160 755 discunt,

85 760 159 813 ᾱτῷ
179 762 330 812 νομίζειν
355 762 540 815 ἀδιάφορον
562 756 646 801 εἶναι
675 763 715 801 τὸ
733 770 881 815 πρᾶγμα
908 761 968 801 καὶ
995 762 1102 813 μηδὲν
1170 777 1238 801 non
1255 764 1317 801 illa
1329 765 1402 802 sola
1415 765 1635 813 diseunt‚sed
1648 781 1711 817 per
1726 767 1788 804 illa
1798 767 1971 818 paulatim
1984 766 2029 804 ad
2042 767 2160 818 legen-

85 822 250 872 βλάπτειν
266 838 272 845 ·
293 822 425 873 τρίτον,
443 823 500 861 τὸν
522 822 641 872 θυμὸν,
656 822 833 875 τέταρτον,
851 822 915 869 τὴν
931 824 1101 874 φιλοχρη-
1171 823 1260 860 dum
1276 823 1510 862 instituuntur
1534 841 1541 860 :
1557 825 1608 862 sic
1629 835 1662 862 et
1677 826 1780 864 vobis
1799 827 1936 864 accidet
1955 843 1962 863 :
1981 841 2051 865 non
2068 827 2162 864 ultra

84 881 210 931 ματίαν
225 898 231 905 ·
251 883 366 920 πάντα
384 883 451 934 γὰρ
471 886 581 920 ταῦτα
600 885 618 919 ὁ
645 881 748 932 ὅρκος
765 881 890 919 τίκτει.
915 881 1018 919 Ἀλλὰ
1035 881 1104 918 ἀπὸ
1170 896 1233 921 vos
1247 882 1400 934 decipiet
1416 884 1507 921 mala
1523 884 1707 935 cogitatio,
1727 899 1837 934 neque
1855 885 1979 923 dicetis
1998 900 2073 923 rem
2088 901 2163 924 esse

80 941 201 979 τούτου
216 942 275 980 καὶ
292 945 338 985 εἰς
354 942 398 979 τὰ
418 943 507 980 ἄλλα
526 940 781 992 κατορθώματα
799 941 951 993 λήψεσθε
968 940 1102 987 πολλὴν
1170 941 1451 993 indifferentem,
1483 957 1552 981 non
1582 944 1675 981 ultra
1695 958 1740 981 ex
1758 944 2010 982 consuetudine
2040 946 2163 995 loque-

82 1003 255 1053 ἀφορμήν.
275 1003 443 1054 Καθάπερ
471 1002 537 1052 γὰρ
564 1004 595 1039 οἱ
618 1001 662 1038 τὰ
694 1007 849 1052 στοιχεῖα
874 1001 1103 1051 μανθάνοντες
1171 1001 1279 1049 mini,
1297 1002 1358 1040 sed
1376 1002 1549 1042 adversus
1570 1003 1689 1041 omnia
1705 1004 1842 1041 fortiter
1862 1004 2022 1054 stabitis,
2043 1014 2082 1042 ut
2100 1019 2163 1056 per

82 1065 150 1098 τῶν
167 1062 322 1109 παίδων,
342 1064 404 1099 οὐκ
423 1064 536 1099 ἐκεῖνα
568 1060 656 1111 μόνα
686 1061 938 1111 μανθάνουσιν,
967 1061 1046 1099 ἀλλ’
1066 1062 1101 1098 ἐν
1172 1062 1290 1100 omnia
1317 1063 1487 1101 virtutem
1513 1064 1710 1102 secundum
1737 1065 1855 1102 Deum
1881 1064 1996 1113 nacti,
2025 1065 2164 1102 aeternis

83 1121 222 1164 ἐκείνοις
243 1121 465 1159 παιδεύονται
481 1120 572 1158 κατὰ
589 1120 711 1172 μικρὸν
727 1121 974 1171 ἀναγινώσκειν
990 1136 997 1144 ·
1012 1120 1101 1158 οὕτω
1172 1124 1274 1162 bonis
1306 1124 1491 1174 fruamini,
1518 1125 1632 1176 gratia
1666 1134 1700 1163 et
1735 1125 1953 1175 benignitate
1988 1125 2163 1176 unigeniti

82 1181 122 1228 δὴ
140 1182 196 1219 καὶ
218 1185 327 1232 ὑμεῖς·
348 1185 409 1220 οὐκ
430 1182 481 1219 ἔτι
495 1182 615 1220 λοιπὸν
636 1185 725 1232 ὑμᾶς
739 1186 756 1220 ὁ
775 1183 923 1234 πονηρὸς
934 1183 1102 1233 λογισμὸς
1125 1198 1151 1226 Α
1174 1183 1258 1222 Filii
1276 1184 1366 1235 ejus,
1387 1185 1532 1235 quicum
1553 1184 1649 1223 Patri
1668 1194 1701 1222 et
1720 1185 1871 1237 Spiritui
1891 1194 2008 1223 sancto
2031 1184 2159 1236 gloria,

82 1241 275 1289 ἀπατήσει,
295 1241 370 1280 οὐδὲ
399 1244 526 1293 ἐρεῖτε,
548 1241 601 1279 ὅτι
621 1241 804 1294 ἀδιάφορόν
826 1244 899 1281 ἐστι
923 1242 1020 1291 τόδε,
1041 1245 1103 1281 οὐκ
1172 1244 1378 1296 imperium,
1409 1246 1543 1295 honor,
1572 1260 1665 1284 nunc
1687 1254 1719 1284 et
1739 1259 1893 1298 semper,
1913 1255 1944 1284 et
1972 1246 2007 1283 in
2035 1245 2161 1284 saecula

81 1302 133 1339 ἔτι
146 1305 189 1352 τῇ
211 1302 376 1354 συνηθείᾳ
391 1302 596 1354 φθέγξεσθε,
620 1302 711 1341 ἀλλὰ
728 1308 743 1324 ²¹
755 1303 840 1355 πρὸς
862 1305 1000 1341 ἅπαντα
1020 1305 1103 1351 στή-
1174 1305 1399 1344 saeculorum.
1420 1308 1542 1345 Amen.

83 1366 185 1400 σεσθε
201 1362 365 1411 γενναίως
380 1392 389 1410 ,
414 1361 470 1400 ἵνα
492 1362 548 1399 διὰ
563 1362 704 1400 πάντων
725 1364 788 1410 τὴν
809 1363 899 1401 κατὰ
916 1364 1005 1402 Θεὸν
1027 1366 1105 1415 ἀρε-

82 1421 145 1468 τὴν
166 1422 408 1471 διανύσαντες,
436 1426 504 1461 τῶν
527 1422 675 1461 αἰωνίων
711 1424 934 1471 ἀπολαύσητε
954 1426 1106 1473 ἀγαθῶν,

83 1483 202 1536 χάριτι
221 1483 280 1520 καὶ
306 1482 549 1537 φιλανθρωπίᾳ
567 1488 626 1521 τοῦ
656 1489 857 1535 μονογενοῦς
877 1487 981 1523 αὐτοῦ
1002 1486 1105 1532 Υἱοῧ,

85 1546 160 1594 μεθ’
180 1540 218 1583 οἷ
237 1548 287 1596 τῷ
307 1545 424 1597 Πατρὶ
440 1545 514 1595 ἅμα
528 1547 577 1596 τῷ
601 1544 690 1597 ἁγίῳ
710 1545 892 1595 Πνεύματι
907 1545 1005 1593 δόξα,
1024 1545 1107 1597 κρά-

85 1621 162 1653 τος,
181 1605 285 1655 τιμὴ,
304 1611 362 1644 νῦν
382 1607 440 1644 καὶ
465 1605 540 1654 ἀεὶ,
557 1605 616 1644 καὶ
633 1607 680 1649 εἰς
695 1606 774 1650 τοὺς
799 1609 924 1650 αἰῶνας
940 1610 1009 1645 τῶν
1025 1606 1105 1645 αἰώ-

83 1681 164 1703 νων.
183 1665 302 1715 Ἀμήν.

128 1786 140 1804 ‘¹
157 1786 249 1818 Unus
266 1795 307 1830 τῷ
323 1792 366 1830 μὴ
383 1792 522 1830 νομίζειν.
1194 1798 1207 1813 ‘¹
1224 1787 1317 1820 Idem
1336 1793 1408 1834 πρὸς
1430 1793 1550 1824 ἅπαντα
1566 1794 1720 1834 φθέγξεσθε
1742 1798 1886 1833 γενναίως.

464 2022 644 2060 ΟΜΙΛΙΑ
675 2020 731 2059 ιδ’.
1041 2026 1045 2029 ’
1509 2024 1719 2062 HOMILIA
1737 2025 1821 2063 XII.

84 2138 238 2191 biom->¹32
260 2139 296 2178 δὲ
316 2143 333 2178 ὃ
355 2140 552 2187 ἐπικληθεὶς
571 2141 758 2192 Βαρνάὸας
778 2142 846 2179 ὑπὸ
865 2144 932 2179 τῶν
951 2143 1102 2181 ἀποστό-
1127 2150 1148 2179 Β
1174 2146 1265 2183 CAP.
1287 2146 1355 2184 IV.
1379 2160 1415 2183 v.
1439 2146 1503 2183 56.
1533 2147 1676 2198 Joseph
1701 2156 1845 2194 autem,
1875 2151 1943 2200 qui
1963 2153 2158 2201 cognomi-

137 2203 205 2238 λων
222 2200 264 2247 (ὅ
278 2203 350 2238 ἐστι
363 2200 714 2253 μεθερμηνευόμενον,
726 2202 795 2245 υἱὸς
809 2202 1101 2254 παρακλήσεως),
1227 2214 1341 2242 natus
1357 2214 1412 2243 est
1426 2207 1633 2243 Barnabas
1657 2209 1706 2244 ab
1738 2209 1924 2259 apostolis
1950 2211 2068 2261 (quod
2103 2219 2159 2248 est

137 2260 284 2305 Λευίτης
295 2290 305 2307 ,
344 2260 496 2313 Κύπριος
524 2263 574 2311 τῷ
607 2260 718 2311 γένει,
759 2261 974 2313 ὑπάρχοντος
1008 2265 1102 2316 αὐτῷ
1226 2268 1536 2317 interpretatum,
1548 2267 1666 2318 filius
1703 2269 2010 2320 consolationis),
2044 2273 2156 2309 Levi-

135 2324 259 2373 ἀγροῦ,
273 2320 439 2366 πωλήσας
454 2320 578 2371 ἤνεγκε
604 2321 644 2358 τὸ
658 2323 784 2374 χρῆμα
803 2322 862 2360 καὶ
884 2321 987 2369 ἔθηκε
1005 2323 1102 2375 παρὰ
1225 2334 1293 2374 tes,
1309 2328 1476 2378 Cyprius
1487 2341 1638 2379 genere,
1653 2328 1716 2366 57.
1730 2342 1814 2366 oum
1829 2330 1987 2368 haberet
2003 2345 2152 2382 agrum,

135 2380 212 2424 τοὺς
229 2380 336 2424 πόδας
351 2382 420 2417 τῶν
437 2379 652 2419 ἀποστόλων.
1225 2389 1405 2425 vendidit
1424 2402 1525 2438 eum,
1549 2397 1586 2425 et
1603 2389 1736 2426 attulit
1749 2393 1929 2441 pretium,
1961 2400 1999 2429 et
2030 2395 2158 2443 posuit

1224 2456 1317 2486 ante
1332 2449 1447 2499 pedes
1474 2449 1751 2500 apostolorum.

133 2565 265 2604 Μέλλει
296 2567 490 2618 διηγεῖσθαι
518 2566 559 2605 τὸ
589 2566 680 2605 κατὰ
708 2567 865 2607 Ἀνανίαν
891 2570 1011 2609 λοιπὸν
1041 2571 1100 2609 καὶ
1225 2572 1263 2607 1.
1310 2570 1527 2608 Narraturus
1551 2569 1596 2608 de
1631 2571 1770 2608 Anania
1803 2580 1837 2609 et
1874 2573 2076 2625 Sapphira,
2119 2584 2158 2612 ut

81 2626 302 2679 Σάπφειραν,
339 2627 398 2665 καὶ
431 2627 535 2665 θέλων
575 2626 682 2671 δεῖξαι
716 2630 773 2667 τὸν
804 2629 914 2683 ἄνδρα
940 2631 1101 2684 χείριστα
1170 2630 1331 2669 ostendat
1347 2631 1451 2667 illum
1470 2629 1506 2668 in
1532 2630 1730 2668 maximum
1751 2641 1935 2683 peccatum
1972 2634 2154 2686 incidisse,

80 2686 330 2738 ἡμαρτηκότα,
355 2687 495 2740 πρώτου
530 2687 707 2738 μέμνηται
726 2692 785 2727 τοῦ
816 2692 1100 2743 κατωρθωκότος·
1169 2692 1271 2743 prius
1285 2700 1456 2729 memorat
1475 2705 1571 2741 eum,
1595 2690 1659 2741 qui
1678 2700 1770 2729 recte
1789 2706 1825 2729 se
1870 2703 2024 2743 gesserat
2046 2710 2054 2730 ε
2074 2697 2158 2745 quia

78 2748 131 2786 ὅτι
146 2747 308 2785 τοσούτου
328 2748 478 2794 πλήθους
498 2749 592 2791 ὄντος
617 2753 677 2787 τοῦ
693 2753 805 2788 ταῦτα
821 2755 1019 2801 ποιοῦντος,
1040 2770 1099 2792 το·
1123 2764 1146 2794 C
1170 2766 1250 2790 cum
1271 2761 1388 2790 tantus
1417 2760 1505 2789 esset
1529 2765 1696 2788 numerus
1731 2765 1868 2800 eorum,
1900 2753 1962 2803 qui
1999 2754 2048 2791 ita
2066 2755 2157 2794 fece-

80 2807 207 2854 σαύτης
225 2808 387 2860 χάριτος,
408 2808 581 2847 τοσούτων
605 2809 772 2860 σημείων,
798 2812 862 2863 οὐχ
879 2814 938 2850 ὑπ’
966 2816 1101 2859 οὐδενὸς
1168 2822 1262 2863 rant,
1302 2821 1398 2850 tanta
1434 2811 1560 2863 gratia,
1585 2820 1681 2848 tanta
1714 2812 1829 2863 signa,
1860 2826 1880 2849 a
1906 2814 2005 2851 nullo
2027 2815 2158 2854 horum

77 2867 207 2906 τούτων
224 2868 431 2920 *διωρθώθη
445 2898 455 2916 ,
476 2869 567 2907 ἀλλὰ
584 2870 745 2915 καθάπαξ
765 2872 834 2911 ὑπὸ
850 2875 912 2919 τῆς
931 2875 1099 2927 φιλοχρη-
1168 2874 1392 2925 emendatus,
1415 2873 1477 2911 sed
1495 2873 1604 2911 semel
1619 2873 1665 2910 ab
1680 2874 1832 2912 avaritia
1853 2884 2062 2924 excaecatus,
2076 2891 2156 2929 per-

79 2929 204 2979 ματίας
218 2930 427 2981 τυφλωθεὶς,
444 2929 501 2968 τὸν
517 2930 655 2982 ὄλεθρον
671 2934 798 2971 ἐκεῖνον
814 2934 1039 2974 ἐπεσπάσατο
1053 2940 1098 2989 τῇ
1168 2936 1296 2974 niciem
1318 2935 1425 2987 capiti
1445 2949 1508 2972 suo
1526 2933 1687 2972 attraxit.
1706 2935 1803 2972 Cum
1817 2936 1978 2974 haberet
1998 2951 2131 2989 agrum
2139 2956 2156 2984 ,-

80 2991 201 3027 ἑαυτοῦ
225 2991 371 3042 κεφαλῇ.
394 2989 635 3042 Ὑπάρχοντος
660 2993 754 3045 αὖτῷ
770 2996 895 3045 ἀγροῦ·
916 2993 1026 3038 οὕτως
1045 2991 1098 3034 εἷ-
1167 2995 1218 3032 sic
1236 2994 1369 3044 inquit,
1392 3002 1430 3030 ut
1466 2993 1664 3031 ostenderet
1678 2993 1776 3030 hunc
1810 2994 1926 3031 solum
1940 2994 2010 3046 ipsi
2025 2996 2153 3047 fuisse3

79 3063 153 3095 πεν,
186 3050 318 3098 δηλῶν,
343 3050 395 3088 ὅτι
427 3055 548 3089 τοῦτον
580 3051 682 3102 μόνον
716 3053 900 3100 ἐκέκτητο·
928 3055 1097 3102 πωλήσας
1167 3055 1347 3092 vendidit
1362 3062 1399 3091 et
1414 3054 1548 3091 attulit
1558 3055 1736 3104 pretium,
1751 3060 1788 3090 et
1796 3056 1923 3104 posuit
1939 3063 2031 3093 ante
2041 3059 2156 3108 pedes

78 3108 201 3160 ἤνεγκε
218 3109 257 3147 τὸ
287 3114 430 3162 χρῆμα,
450 3111 510 3149 καὶ
540 3111 642 3159 ἔθηκε
667 3112 764 3164 παρὰ
791 3113 870 3157 τοὺς
901 3115 1009 3158 πόδας
1028 3119 1095 3154 τῶν
1168 3116 1440 3169 apostolorum.
1470 3116 1505 3152 1.
1541 3116 1609 3153 Vir
1647 3123 1776 3152 autem
1811 3116 1970 3166 quidam
2002 3107 2242 3161 nominecffl*
2260 3146 2287 3162 v,

80 3168 292 3207 ἀποστόλων.
308 3170 409 3222 Ἀνὴρ
430 3171 466 3209 δέ
485 3187 536 3215 τις
557 3173 702 3223 ὀνόματι
718 3173 882 3218 Ἀνανίας
909 3174 969 3213 σὺν
990 3177 1095 3215 Σαπ-
1168 3179 1369 3224 Ananias,
1392 3190 1478 3214 eam
1499 3175 1690 3226 Sapphira
1709 3188 1829 3213 uxore
1852 3189 1943 3224 sua,
1978 3181 2154 3218 vendidit

124 3310 140 3333 b
156 3308 268 3341 Codex
283 3321 365 3343 unus
380 3311 481 3352 Ῐωσῆς.
1148 3325 1354 3363 ἐπεσπάσατο,
1371 3328 1405 3353 et
1420 3331 1518 3363 supra
1534 3320 1743 3362 negationem
1759 3326 1836 3354 ante
1861 3322 1909 3355 ὑπ’
1925 3323 2036 3360 οὐδενὸς
2052 3324 2153 3356 omit-

127 3361 141 3375 *
160 3360 342 3401 [παιδευθείς
368 3366 405 3395 Α.
429 3365 466 3396 Β.
491 3364 546 3407 C.;
572 3364 736 3410 iidemque
765 3379 842 3401 mox
867 3374 996 3414 ἐπήγαγε
1022 3383 1083 3414 pro
1150 3374 1255 3415 tunt.]
