2502 3810
132 301 233 328 Στοά.
246 299 297 328 32
328 293 491 342 dicente,
509 293 671 329 Di'mctte
691 304 804 336 me‚e

139 350 183 367 10.
211 339 261 369 32.

874 211 1057 240 JOANMS

333 197 424 261 795
799 211 834 240 S·

785 300 821 328 et
843 294 966 328 iratus
993 299 1190 327 conteram
1206 289 1308 334 illos,

332 368 400 393 non
415 352 568 403 potuerit
582 351 662 388 illos
677 364 855 402 respuere,
873 350 933 400 qui
948 350 1052 387 illum
1070 363 1161 401 saepe
1178 363 1314 387 aversa·

331 414 357 450 ti
375 413 530 456 fuerant3
548 409 606 447 sed
633 409 839 448 dicebat:Si
853 411 1009 462 quidem
1029 412 1102 448 hoc
1113 418 1315 462 peccatum

331 473 411 510 illis
435 473 608 516 dimittis,
632 471 806 518 dimitte;
822 473 883 508 sin
913 473 1052 518 minus,
1073 480 1109 509 et
1127 486 1189 509 me
1213 471 1311 508 dele.

332 531 396 569 Dei
416 530 510 568 enim
532 530 665 568 amicus
684 540 717 568 et
737 531 893 568 imitator
912 540 996 570 erat.
1025 533 1076 569 Ne
1106 532 1223 581 itaque
1242 531 1316 582 glo-

331 593 462 629 riemur
490 591 524 628 in
542 591 597 640 iis,
614 592 659 628 ob
684 606 761 642 quae
778 606 840 630 nos
858 592 992 644 pudere
1018 592 1162 630 deberet
1173 608 1184 642 ς
1204 606 1317 643 neque

331 652 491 689 dicamus
507 666 559 701 ea,
579 666 656 702 quae
673 652 796 690 dicunt
822 654 975 690 forenses
995 661 1027 691 et
1046 653 1212 690 infimum
1230 653 1315 692 vul-

331 727 410 765 gus,
419 714 628 751 Innumeros
642 713 797 751 aversari
811 714 896 752 scio:
909 714 969 752 sed
981 714 1118 752 etiamsi
1133 714 1213 764 quis
1224 715 1316 751 alius

331 774 399 811 hoc
419 773 566 823 dixerit,
588 773 804 813 irrideamus
823 774 928 811 illum
959 783 992 812 et
1014 789 1054 812 os
1081 774 1136 811 illi
1154 774 1317 812 obstrua-

332 849 426 884 mus,
448 834 531 885 quia
544 835 580 872 in
593 835 636 872 iis
653 835 838 886 gloriatur,
858 835 902 873 de
915 836 1046 885 quibus
1064 835 1198 888 pudere
1212 836 1318 874 illum

333 907 520 949 oporteret.
543 898 660 948 Quid,
693 913 832 948 quaeso,
865 898 982 936 dicis?
999 899 1173 937 aversaris
1202 899 1317 937 homi-

334 973 412 996 nem
429 959 584 1006 fidelem,
606 973 722 1009 quem,
737 959 892 997 infidelis
923 974 1003 997 cum
1024 969 1134 1008 esset,
1155 960 1318 998 Christus

335 1033 403 1057 non
423 1020 587 1072 respuit?
605 1019 704 1067 Quid
723 1019 818 1070 dico,
837 1034 906 1058 non
935 1021 1095 1072 respuit?
1111 1022 1166 1059 Ita
1196 1021 1314 1067 illum,

333 1081 500 1119 inimicus
519 1090 553 1118 et
571 1080 738 1119 deformis
759 1096 839 1119 cum
857 1090 956 1130 esset,
979 1081 1122 1127 dilexit,
1145 1091 1184 1119 ut
1212 1082 1318 1119 etiam

334 1158 399 1195 pro
425 1144 487 1181 illo
515 1153 724 1182 moreretur.
756 1144 844 1193 llle,
865 1144 1034 1194 inquam,
1054 1159 1135 1182 eum
1155 1145 1215 1194 qui
1237 1144 1318 1182 talis

335 1213 421 1252 erat,
432 1203 480 1241 ita
499 1203 648 1253 dilexit;
668 1213 706 1241 tu
725 1217 808 1242 vero
827 1218 935 1250 nunc,
949 1204 1008 1242 dic
1029 1204 1132 1251 mihi,
1148 1219 1228 1242 cum
1241 1219 1318 1257 spe-

335 1265 450 1302 ciosus
480 1275 513 1302 et
537 1265 713 1302 mirabilis
740 1266 854 1302 factus
882 1274 946 1315 est,
966 1265 1069 1302 illum
1088 1266 1237 1317 respuis,
1255 1266 1318 1316 qui

334 1327 535 1364 membrum
565 1327 697 1365 Christi
724 1336 757 1364 et
781 1341 908 1378 corpus
942 1327 1171 1364 Dominicum
1205 1327 1318 1365 factus

333 1389 409 1426 est?
426 1402 541 1426 annon
559 1390 693 1440 cogitas
708 1388 792 1439 quid
810 1387 935 1425 dicas?
955 1402 1068 1425 annon
1085 1387 1192 1425 sentis
1205 1402 1318 1438 quan-

332 1458 368 1486 ta
387 1448 543 1486 audeas?
565 1450 681 1501 Caput
699 1449 806 1486 habet
837 1448 1022 1485 Christum
1054 1458 1087 1485 et
1108 1461 1265 1486 mensam
1285 1458 1318 1485 et

331 1509 602 1556 vestimentum,
631 1518 664 1547 et
683 1509 795 1546 vitam
815 1518 848 1546 et
867 1508 984 1546 lucem
1014 1518 1047 1546 et
1078 1523 1262 1561 sponsum,
1285 1518 1318 1547 et

331 1570 449 1607 omnia
467 1570 538 1621 ipsi
557 1570 617 1607 ille
635 1578 700 1617 est,
718 1579 751 1607 et
767 1569 884 1607 dicere
896 1569 1017 1617 audes,
1035 1569 1143 1607 Illum
1160 1570 1317 1622 respuo?

330 1645 444 1681 neque
463 1631 567 1668 illum
588 1639 741 1680 tantum,
763 1629 823 1667 sed
843 1639 876 1667 et
895 1630 1098 1669 innumeros
1117 1631 1205 1669 alios
1235 1646 1318 1669 cum

329 1691 419 1729 illo?
435 1691 573 1729 Cohibe
595 1700 638 1739 te,
657 1705 677 1729 o
697 1691 817 1736 homo,
833 1700 866 1728 et
885 1690 967 1728 seda
981 1692 1154 1729 furorem:
1169 1706 1317 1743 agnosce

329 1753 484 1801 fratrem,
501 1751 598 1790 disce
610 1752 684 1790 haec
699 1753 807 1790 verba
823 1752 923 1789 stulti
939 1766 1012 1790 esse
1025 1762 1130 1803 atque
1148 1753 1317 1806 lympha-

331 1813 372 1859 ti,
402 1822 436 1850 et
465 1813 639 1851 contraria
665 1813 794 1851 dicito:
811 1813 888 1850 Etsi
913 1813 1043 1851 millies
1073 1828 1129 1852 me
1156 1824 1313 1866 respuat,

329 1887 394 1925 ego
416 1889 485 1912 non
503 1874 700 1912 discedam:
714 1874 765 1912 sic
781 1883 813 1912 et
829 1875 975 1912 fratrem
993 1874 1202 1925 lucraberis,
1222 1885 1255 1914 et
1270 1877 1315 1914 ad

329 1935 478 1986 gloriam
501 1936 568 1973 Dei
589 1935 700 1972 vitam
719 1935 840 1981 duces,
864 1945 968 1986 atque
988 1936 1104 1973 futura
1125 1950 1313 1988 conseque-

329 1996 377 2033 ris
395 1996 595 2047 bonazquae
612 1996 748 2035 utinam
780 2010 899 2034 omnes
925 1996 1179 2050 adipiscamur,
1201 1998 1312 2050 gratia

329 2065 361 2093 et
377 2056 606 2107 benignitate,
630 2065 694 2094 etc.

373 2281 385 2295 ¹
402 2270 455 2302 Sic
473 2272 547 2303 uss.
561 2270 651 2303 Editi
669 2271 751 2303 male
767 2277 855 2314 μηδὲ.
850 2272 987 2315 [.Supra
1006 2274 1041 2304 A.
1060 2281 1091 2305 et
1109 2284 1213 2317 marg.
1232 2275 1295 2308 Sar
1300 2275 1334 2307 11

328 2328 408 2367 iis-5·
425 2324 609 2364 ἔνιαι]

606 2559 819 2597 HOMILIA
849 2560 1028 2599 XXVIII.

327 2689 414 2726 CAP.
441 2686 526 2727 XV.
547 2701 582 2726 v,
601 2686 636 2725 8.
667 2689 766 2725 Dico
792 2697 922 2725 autem
953 2689 1153 2727 Christum
1181 2692 1315 2729 Jesum

378 2749 732 2800 ministrumfuisse
748 2751 1051 2787 circumcisionis
1065 2764 1136 2801 pro
1150 2755 1317 2789 veritate

381 2810 471 2856 Dei,
489 2810 542 2847 ad
557 2810 850 2861 confirmandas
859 2812 1130 2860 promissiones
1139 2820 1313 2865 patrum.

379 2932 417 2970 1.
432 2932 570 2969 Rursus
590 2931 634 2969 de
658 2931 791 2969 Christi
811 2945 893 2969 cura
925 2941 958 2969 et
977 2932 1219 2971 sollieitudine
1235 2933 1314 2972 dis-

325 2992 419 3041 serit,
441 2992 557 3030 eidem
579 2992 696 3031 adhuc
724 2993 832 3045 capiti
858 2993 1031 3031 inhaerens
1046 3023 1056 3043 ,
1075 2998 1108 3031 et
1127 2995 1314 3033 ostendens

323 3067 553 3104 quaecumque
574 3053 636 3091 ille
666 3063 810 3105 propter
829 3067 892 3091 nos
911 3054 1048 3101 feeerit,
1074 3063 1106 3091 et
1134 3055 1313 3105 quomodo

323 3114 392 3151 sibi
413 3114 481 3165 ipsi
503 3128 572 3151 non
586 3114 771 3166 placuerit.
791 3114 847 3151 Ad
866 3114 942 3152 haec
961 3114 1054 3152 illud
1069 3130 1212 3166 quoque
1228 3130 1314 3168 pro·

1093 209 1328 239 CHRYSOST.

1340 1580 1364 1610 C

1373 207 1575 237 ARCfflEP.
1618 211 1972 241 CONSTANTINOP-

1385 288 1507 326 διαέόλ
1509 304 1563 325 ου·
1582 305 1640 327 τοο
1645 305 1683 327 1ο
1700 291 1881 342 λαμπρους
1909 291 2017 328 ἐποίει
2036 307 2095 329 και
2115 291 2281 337 ἐνδόξους,
2300 292 2344 334 ὡς
2366 289 2406 328 τό

1384 364 1467 399 γει
1451 349 1503 386 ἔτ·
1491 365 1565 401 ερον
1602 351 1766 403 αἷσχρους
1794 367 1854 389 και
1878 351 2170 402 καταγελάστους.
2203 352 2271 389 Διὰ
2302 366 2406 389 τουτο

1387 410 1606 460 θαυμάζομεν
1639 411 1812 459 Μωϋσεά,
1843 411 1897 450 ὅτι
1932 411 1992 448 καὶ
2019 414 2078 448 τοῦ
2107 413 2197 449 Θεοῦ
2222 411 2405 462 λέγοντος,

1385 469 1516 507 Ἔασόν
1539 486 1599 520 με,
1620 471 1679 509 καὶ
1704 472 1873 522 θυμωθεὶς
1889 470 2041 522 ἐκτρίψω
2071 470 2214 518 αὐτοὺς,
2236 473 2298 509 οὒκ
2315 473 2404 517 ἠδυ-

1386 530 1471 577 νήθί·Ι
1496 531 1684 569 διαπτύσαι
1699 531 1777 575 τοὺς
1793 531 1963 574 πολλάκις
1981 531 2082 569 αὐτὸν
2105 531 2407 606 ἀποστραφέντας,

1388 590 1466 628 ἀλλ
1491 591 1619 643 ἔλεγεν,
1634 593 1678 630 Ei
1705 609 1766 643 μεν
1788 595 1877 644 ἀφῇς
1897 594 2011 634 αὐτοῖς
2028 607 2093 638 την
2109 591 2294 642 ἁμαρτίαν,
2311 591 2411 634 ἄφες·

1387 651 1460 687 εἷ
1442 651 1477 688 οὲ
1499 651 1571 701 μὴ,
1594 651 1686 702 κάμὲ
1716 651 1814 695 ἐξαλε
1821 654 1907 690 ι·14ον
1937 653 2030 690 Θεου
2062 651 2130 703 γὰρ
2151 651 2247 703 φίλος
2281 655 2323 698 ἦν
2351 651 2412 690 καὶ

1389 727 1502 762 μιμητ
1507 712 1559 757 τ’ς.
1579 712 1699 759 3Μὴ
1681 713 1722 760 οὴ
1745 712 2029 763 σεμνυνώμεθα
2015 729 2048 750 εν
2073 707 2412 764 οῖςέγκαλύπτεσθαι

1388 773 1458 819 δεῖ,
1481 774 1569 823 μηέε
1556 773 1758 824 λέγωμεν
1777 774 1822 812 τα
1848 777 1918 813 τῶν
1938 773 2109 826 ἀγοραίων
2128 773 2258 812 τούτων
2278 774 2338 811 και
2357 789 2412 812 σε·

1388 833 1565 884 συρμένων
1579 834 1783 887 ἀνθρώπων,
1805 829 1882 872 οἶδα
1904 833 2128 872 καταπτύσαι
2146 834 2299 909 μυρίων·
2322 834 2412 872 ἀλλὰ

1389 893 1453 930 κᾶν
1475 893 1515 930 ἔτ
1504 909 1591 945 1ερος
1618 910 1719 933 τουτο
1744 895 1851 946 λέγῃ,
1871 896 2120 945 καταγελωμεν
2149 911 2208 933 και
2228 894 2412 944 ἐπιστομί-

1390 956 1516 1004 ζωμεν,
1537 971 1589 992 οτι
1604 955 1894 999 καλ)1ωπίζεται’
1880 957 1931 1007 ezp’
1953 959 2002 998 οις
2023 954 2286 1007 αἷσχύνεσθαι”
2269 956 2348 993 εδει.
2348 954 2413 1036 1’Τί

1389 1014 1518 1065 λέγεις,
1536 1015 1612 1053 εἰπέ
1632 1031 1711 1065 μοι,
1737 1016 1949 1058 καταπτύεις
1978 1014 2159 1068 ἀνθρώπου
2180 1018 2323 1063 πιστοῧ,
2348 1009 2413 1055 1ὀὑ

1392 1075 1539 1113 ἀπίστου
1559 1076 1654 1119 ὄντος
1683 1092 1721 1115 ου
1753 1076 1969 1115 κατέπτυσεν
1999 1080 2016 1114 ὃ
2035 1077 2201 1129 Χριστός,
2225 1076 2273 1114 Τί
2299 1076 2412 1127 λεγω,

1392 1139 1428 1175 οὔ
1450 1136 1683 1184 κατέπτυσεν,
1701 1138 1807 1176 Ουτω
1828 1137 1892 1188 μὲν
1911 1142 1967 1175 οὖν
1990 1137 2122 1175 αὗτὸν5
2109 1140 2186 1189 ἕφίλ
2187 1153 2269 1184 ησεν
2292 1138 2412 1188 εχθρὸν

1390 1198 1470 1235 ὄντα
1486 1213 1544 1234 και
1565 1198 1725 1245 δυσειὸἦ,
1742 1201 1788 1241 ὡς
1807 1198 1866 1236 καὶ
1885 1200 2096 1236 ἀποθανεῖν
2085 1197 2170 1250 υπὲρ
2191 1200 2306 1236 αὐτοῦ.
2323 1191 2413 1236 Εἶτα

1390 1259 1490 1303 αὐτος
1510 1259 1551 1310 μὲ
1557 1275 1571 1296 ν
1592 1259 1700 1302 οὕτως
1730 1259 1856 1310 {coil-m,
1840 1275 1874 1296 ε
1910 1274 1969 1295 και
1995 1273 2148 1296 τοιουτον
2171 1259 2273 1306 ὄντα,
2306 1274 2346 1296 συ
2378 1258 2413 1297 δὲ

1389 1323 1458 1366 νῦν,
1485 1320 1542 1357 ὅτε
1566 1322 1691 1371 ὡραῖος
1721 1319 1856 1370 ἐγένετο
1880 1318 1940 1357 καὶ
1971 1319 2191 1368 θαυμαστὸς,
2214 1318 2413 1365 διαπτύεις,

1390 1379 1465 1417 εἶπέ
1493 1395 1577 1429 μοι,
1597 1379 1699 1429 μέλος
1719 1380 1802 1417 ὄντα
1823 1383 1881 1417 τοῦ
1904 1381 2056 1431 Χριστοῦ
2074 1408 2084 1426 ,
2112 1378 2172 1416 καὶ
2201 1382 2305 1428 σῶμα
2320 1379 2415 1430 γενό-

1390 1455 1489 1489 μενον
1517 1439 1745 1486 δεσποτικόν,
1775 1442 1836 1477 οὐκ
1872 1442 2017 1485 ἐννοεῖς,
2048 1439 2081 1476 τί
2102 1438 2255 1491 φθέγγῃ,
2273 1441 2334 1477 οὐκ
2363 1441 2415 1477 αἶ·

1389 1499 1497 1551 σ-Οοίνῃ
1526 1495 1581 1538 οἷα
1601 1501 1750 1551 τολμᾷς,
1775 1499 1938 1552 Κεφαλὴν
1969 1499 2042 1551 ἔχει
2073 1500 2131 1537 τὸν
2162 1500 2326 1553 Χριστὸν,
2353 1499 2413 1538 καὶ

1388 1561 1562 1613 τράπεζαν
1581 1560 1640 1598 καὶ
1663 1560 1802 1611 ἱμάτιον
1831 1561 1890 1598 καὶ
1910 1560 2000 1606 ζωὴν
2020 1561 2080 1598 καὶ
2102 1563 2172 1612 φῶς
2193 1560 2252 1598 καὶ
2271 1560 2414 1612 νυμφίον

1388 1622 1448 1659 καὶ
1469 1622 1586 1660 πάντα
1607 1622 1697 1659 ἐστὶν
1714 1623 1839 1664 ἐκεῖνος
1862 1624 1954 1674 αὐτῷ
1968 1653 1977 1669 ,
1998 1622 2057 1659 καὶ
2076 1624 2208 1673 τολμᾷς
2224 1624 2346 1669 εἰπεῖν,
2363 1621 2416 1660 ὅτι

1389 1683 1547 1721 διαπτύω
1566 1687 1705 1730 τοῦτον;
1727 1683 1786 1722 καὶ
1806 1685 1843 1721 οὐ
1864 1688 1983 1721 τοῦτον
2008 1683 2123 1734 μόνον,
2145 1683 2237 1721 ἀλλὰ
2259 1683 2319 1721 καὶ
2347 1699 2416 1734 μυ-

1391 1744 1482 1795 ρίους
1513 1744 1648 1797 ἑτέρους
1683 1747 1757 1795 μετ’
1787 1747 1914 1791 ‹zoa-033
1937 1744 2128 1796 Ἐπίσχες,
2150 1744 2331 1795 ἄνθρωπε,
2353 1745 2416 1782 καὶ

1388 1798 1586 1835 ἀνάπαυσαι
1606 1800 1667 1843 τῆς
1696 1797 1838 1846 μανίας·
1861 1797 2028 1849 ἐπίγνωθι
2058 1797 2114 1835 τὸν
2136 1797 2296 1849 ἀδελφὸν,
2328 1797 2415 1845 μάθε

1387 1856 1440 1895 ὅτι
1465 1857 1582 1900 ἀνοίας
1602 1862 1712 1895 ταῦτα
1731 1857 1773 1895 τὰ
1807 1858 1949 1909 ῥήματα
1978 1858 2035 1895 καὶ
2067 1857 2334 1910 παραπληξίας,
2355 1858 2417 1896 καὶ

1386 1918 1465 1969 λέγε
1480 1917 1668 1965 τάναντία,
1685 1918 1738 1955 ὅτι
1757 1918 1823 1955 κᾶν
1836 1918 2000 1989 μυριάκις
2018 1934 2061 1968 με
2080 1917 2230 1968 ὃιαπτύῃ
2242 1949 2251 1966 ,
2269 1917 2336 1967 ἐγὼ
2354 1920 2414 1956 οὐκ

1386 1976 1653 2027 ἀποστήσομαι·
1678 1992 1769 2013 ουτω
1789 1992 1848 2014 και
1875 1993 1931 2014 τον
1962 1978 2042 2015 ἇοελ
2046 1992 2105 2015 ,ιον
2132 1978 2329 2029 κερδανεῖς,
2353 1980 2414 2014 καὶ

1386 2037 1434 2078 εἷς
1456 2035 1510 2079 οοξ
1514 2051 1553 2071 αν
1575 2050 1633 2072 του
1651 2036 1775 2073 Θεου
1762 2033 1893 2086 ῐἀιώσῃ,
1913 2035 1973 2072 καὶ
1999 2037 2066 2072 τῶν
2098 2051 2140 2084 με
2143 2034 2293 2072 λὶόντων
2314 2034 2413 2083 μεθέ-

1386 2092 1451 2136 ξεις
1479 2095 1642 2144 ἀγαθῶν·
1659 2097 1706 2130 ὡν
1729 2093 1861 2144 γένοιτο
1886 2108 2019 2135 παντας
2038 2109 2132 2143 ημας
2156 2094 2332 2144 ἐπιτυχεῖν
2347 2092 2412 2144 χά-

1385 2167 1438 2202 ρι·
1427 2168 1530 2190 ικαι
1551 2150 1816 2203 φιλανθρωπία,
1836 2167 1897 2189 και
1918 2151 1961 2188 τὰ
1979 2150 2069 2196 ἑξῆς.

1448 2278 1461 2299 1’
1480 2275 1568 2308 Alius
1586 2277 1618 2310 οὗ
1636 2283 1828 2315 ἀπιστοῦντος
1844 2280 1874 2309 οὐ
1892 2281 2085 2309 κατέπτυσεν.

1770 2567 1950 2613 ΟΜΙΑΙᾹ
1970 2564 2039 2611 κη’.

1390 2689 1491 2740 Λέγω
1510 2689 1545 2726 δὲ
1565 2689 1717 2740 Χριστὸν
1737 2688 1873 2736 Ἰησοῦν
1902 2687 2058 2726 διάκονον
2077 2687 2284 2737 γεγενῆσθαι
2313 2700 2411 2736 περι-

1441 2749 1666 2801 τομῆς-ὑπὲρ
1682 2748 1846 2794 ἀληθείας
1864 2750 1977 2795 Θεοῦ,
2000 2749 2046 2791 εἷς
2074 2747 2113 2785 τὸ
2139 2746 2331 2797 βεὸαιῶσαι
2350 2745 2411 2788 τὰς

1442 2809 1652 2860 ἐπαγγελίας
1671 2811 1738 2847 τῶν
1755 2808 1928 2860 πατέρων.

1439 2932 1555 2970 Παλιν
1574 2948 1654 2984 περι
1672 2935 1734 2978 τῆς
1753 2947 1812 2970 του
1828 2933 1981 2983 Χριστοῦ
2000 2928 2208 2979 κηδεμονιας
2232 2927 2410 2978 οδιαλέγε-

1386 3009 1463 3042 ται,
1483 2993 1534 3030 ἔτι
1561 3008 1620 3030 του
1644 2994 1747 3030 αὐτου
1774 2990 1964 3043 κεφαλαίου
1991 2990 2156 3041 ἐχόμενος
2171 3018 2180 3035 ,
2198 2988 2257 3026 καὶ
2277 2988 2410 3031 δεικνυς

1386 3055 1450 3093 ὅσα
1466 3053 1626 3100 ἐποίτσεν
1646 3052 1733 3105 ὑπερ
1759 3055 1874 3102 ἡμων,
1896 3067 1956 3089 και
1976 3067 2050 3093 πως
2067 3053 2131 3102 οὐχ
2159 3052 2272 3087 ἓαυτω
2293 3049 2407 3100 ἤρεσε.

1386 3116 1457 3154 Και
1477 3114 1576 3190 μετὰγ
1585 3113 1707 3152 τούτου
1723 3115 1863 3151 κάκεῖνο
1883 3112 2155 3158 κατασκευάζει,
2168 3127 2222 3149 οτι
2243 3110 2407 3160 μειζόνων

321 3175 394 3223 bat,
416 3189 474 3213 eos
496 3189 541 3213 ex
562 3175 727 3227 gentibus
747 3175 807 3226 qui
830 3175 1020 3214 credebant
1036 3177 1150 3228 magis
1172 3177 1311 3216 debito·
1335 3191 1359 3221 Ε
1386 3177 1470 3215 εἰσιν
1489 3191 1520 3213 οι
1543 3175 1577 3219 εξ
1597 3176 1701 3212 ἐθνων
1721 3172 1854 3233 ὄρειλέ1
1839 3187 1896 3210 ται
1916 3188 1965 3223 τῳ
1990 3174 2085 3223 Θεῷ.
2103 3173 2147 3209 Εἰ
2177 3172 2211 3208 δὲ
2243 3170 2407 3221 μειζόνων

324 3249 376 3273 res
393 3249 464 3273 esse
481 3237 567 3274 Deo.
585 3235 623 3274 Si
643 3249 725 3287 ergo
744 3235 858 3286 magis
878 3235 1055 3275 debitores
1074 3248 1167 3288 sunt,
1187 3247 1307 3277 tenen-

375 3375 386 3388 5
404 3363 461 3403 [Α,
481 3373 511 3397 ct
530 3377 632 3408 marg.
652 3366 752 3401 Savil.
772 3365 899 3400 addunt
916 3367 1021 3410 ipim]

1384 3237 1472 3285 εἶσὶ,
1491 3236 1617 3275 δίκαιοι
1650 3234 1688 3272 ἂν
1722 3228 1786 3272 ε’ἰεν
1806 3235 1919 3285 φέρειν
1948 3233 2025 3276 τοὺς
2047 3232 2082 3277 ἐξ
2106 3231 2281 3271 Ἰουδαίων
2302 3233 2406 3268 ἀσθε-
