2502 3810
690 227 770 256 ,IN

101 306 271 350 ἀπόῗειξιν
303 305 494 358 παρέχεται
523 305 562 342 τὸ
590 306 728 355 ἀλγεῖν·
753 309 770 344 ὁ
791 306 826 344 δὲ
856 305 1117 357 καταγελάσας,

100 368 193 418 αὐτῷ
221 366 330 418 τούτῳ
350 365 446 417 παρὰ
463 371 533 408 τοῖς
549 369 698 417 παροῦσι
726 366 840 412 πάσης
861 365 981 403 ἑαυτὸν
1001 365 1117 411 ἀπήλ-

97 426 196 470 λαξεν
213 427 374 478 ὑποψίας.
395 425 527 464 Σκόπει
551 426 662 463 τοίνυν
683 426 774 464 πόσα
793 429 831 464 ἐκ
849 426 969 464 τούτου
989 425 1117 463 συλλέ-

97 503 167 537 γεις
198 487 310 524 καλά·
340 487 504 538 πρότερον
539 487 772 530 ἀπαλλάττεις
803 487 944 524 σεαυτὸν
972 485 1114 537 θορύὸου

364 546 378 566 b

389 541 463 584 εἶτα
479 547 531 595 δὲ,
552 549 682 597 μᾶλλον

97 606 160 644 κᾶν
177 607 414 658 ἁμαρτήματα
429 606 511 658 ἔχῃς
524 636 532 652 ,
553 607 612 644 καὶ
629 612 739 645 ταῦτα
756 606 909 658 ἀποδύσῃ
927 635 937 653 ,
957 605 1114 657 καθάπερ

97 547 155 588 χαὶ
173 549 344 599 ταραχῆς·
704 551 804 585 τοῦτο
818 547 944 584 κείσθω
963 547 1113 597 πρῶτον,

97 669 115 703 ὁ
144 666 294 714 τελώνης
330 667 392 713 τὴν
426 672 484 704 τοῦ
521 667 719 720 Φαρισαίου
754 665 964 717 κατηγορίαν
995 665 1115 716 πράως

97 727 256 778 ἐνεγκών.
277 728 371 779 Πρὸς
390 727 540 775 τούτοις,
561 727 742 779 φιλόσοφον
765 726 1034 769 κατασκευάζεις
1053 740 1113 762 σου

97 787 159 834 τὴν
191 788 304 839 ψυχὴν
337 792 379 839 τῇ
405 788 549 839 τοιαύτῃ
609 788 707 838 ελέτῃ
720 819 730 835 ,
759 787 818 824 καὶ
852 787 984 839 μυρίων
1017 785 1114 835 παρὰ

98 848 236 886 πάντων
260 849 466 891 ἀπολαύσεις
494 848 656 893 ἐπαίνων,
684 847 743 885 καὶ
769 846 831 892 τὴν
851 847 908 884 ἐπὶ
926 852 996 888 τοῖς
1015 847 1114 896 εἰρη-

99 909 212 958 μένοις
235 909 382 961 ὑποψίαν
407 908 564 959 ἀποδύσῃ
595 914 723 945 πᾶσαν.
757 909 802 944 Ei.
835 906 870 943 δὲ
897 906 957 944 καὶ
985 908 1113 943 ἐκεῖνον

98 970 295 1019 ἀμύνασθαι
308 972 502 1019 ἐπιθυμεῖς,
520 968 578 1006 καὶ
598 971 696 1006 τοῦτο
709 969 748 1004 ἐκ
762 966 962 1017 περιουσίας
979 966 1112 1016 ἕψεται,

96 1031 155 1066 καὶ
177 1035 235 1067 τοῦ
262 1033 353 1068 Θεοῦ
383 1030 585 1072 κολάζοντος
609 1028 709 1065 αὐτὸν
731 1029 803 1065 ἀνθ’
821 1021 867 1064 ὧν
890 1026 1027 1077 εἴρηκε,
1053 1026 1112 1063 καὶ

96 1090 162 1140 πρὸ
181 1094 242 1136 τῆς
269 1090 442 1132 κολάσεως
471 1089 602 1135 ἐκείνης
632 1092 693 1134 τῆς
724 1091 786 1133 σῆς
814 1086 1016 1138 φιλοσοφίας
1036 1086 1111 1124 ἀντὶ

95 1150 232 1202 καιρίας
266 1151 358 1200 αὐτῷ
388 1149 568 1200 γινομένης
601 1150 751 1199 πληγῆς.
784 1148 896 1186 Οὐδὲν
924 1147 991 1200 γὰρ
1023 1146 1112 1185 οὕτω

95 1209 172 1253 τοὺς
199 1210 398 1261 ὑδρίζοντας
432 1214 526 1259 ἡμᾶς
556 1209 690 1247 δάκνειν
726 1209 855 1256 εἴωθεν,
885 1211 931 1252 ὡς
965 1208 1003 1246 τὸ
1033 1206 1112 1250 τοὺς

95 1269 335 1321 ὑὲριζομένους
366 1273 458 1320 ἡμᾶς
477 1272 543 1307 τῶν
573 1269 717 1322 ὕῧρεων·
735 1271 943 1319 καταγελᾷν.
969 1266 1112 1320 αΩσπερ

96 1325 152 1369 οὖν
170 1334 207 1369 ἐκ
223 1337 281 1369 τοῦ
300 1333 495 1383 φιλοσοφεῖν
512 1335 665 1368 τοσαῦτα
694 1330 792 1368 ἔσται
820 1329 911 1367 καλά
925 1345 932 1352 ·
949 1328 1056 1371 οὕτως
1075 1330 1115 1366 ἐκ

96 1396 155 1430 τοῦ
172 1391 408 1443 μικροψύχους
429 1385 515 1429 εἶναι
533 1391 576 1429 τὰ
598 1390 738 1428 ἐναντία
759 1389 979 1440 συμὸήσεται
1000 1389 1115 1427 ἅπαν-

96 1468 153 1490 τα.
172 1453 240 1496 Καὶ
265 1452 332 1504 γὰρ
359 1450 497 1494 ἑαυτοὺς
525 1450 815 1501 καταισχύνομεν,
847 1449 905 1487 καὶ
932 1449 1116 1487 ὑπεύθυνοι

97 1512 193 1564 παρὰ
229 1520 299 1555 τοῖς
328 1517 476 1565 παροῦσι
497 1513 660 1561 δοκοῦμεν
687 1505 774 1548 εἶναι
799 1516 869 1554 τοῖς
897 1510 1114 1561 λεγομένοις,

98 1573 156 1610 καὶ
175 1573 236 1619 τὴν
252 1573 368 1624 ψυχὴν
388 1572 532 1624 θορύὲου
545 1574 758 1622 πληροῧμεν,
773 1571 833 1609 καὶ
847 1571 903 1609 τὸν
920 1571 1041 1623 ἐχθρὸν
1063 1572 1117 1608 εὐ-

98 1634 298 1685 φραίνομεν,
316 1634 372 1671 καὶ
388 1634 445 1672 τὸν
461 1633 551 1671 Θεὸν
573 1631 820 1683 παροξύνομεν,
836 1631 895 1670 καὶ
914 1637 984 1674 τοῖς
1000 1632 1116 1683 ἆμαρ-

99 1695 231 1745 τῆμασι
249 1694 475 1747 προστίθεμεν
497 1699 566 1736 τοῖς
583 1693 775 1744 ἡμετέροις.
794 1695 916 1731 Ταῦτα
933 1686 990 1731 οὖν
1006 1692 1116 1730 ἅπαν-

98 1770 141 1791 τα
161 1754 402 1801 ἐννοήσαντες,
423 1754 585 1806 φύγωμεν
610 1757 672 1799 τῆς
693 1753 926 1805 μικροψυχίας
947 1753 986 1791 τὸ
1007 1753 1116 1804 βάρα-

99 1819 189 1866 θρον,
206 1816 363 1867 καὶπρὸς
382 1815 438 1852 τὸν
452 1814 578 1865 λιμένα
592 1816 653 1859 τῆς
674 1814 914 1867 μακροθυμίας
933 1814 1115 1865 καταδρά-

99 1892 232 1926 μωμεν,
265 1876 320 1913 ἵνα
354 1875 411 1913 καὶ
448 1878 593 1913 ἐνταῦθα
623 1874 774 1926 εὕρωμεν
815 1875 1006 1913 ἀνάπαυσιν
1042 1880 1117 1917 ταῖς

806 227 946 256 EPIST.
985 226 1043 254 AD
1081 224 1190 255 Rom.

1138 795 1162 823 D

1230 223 1384 259 nomm.
1426 224 1524 253 xlii.
2077 207 2167 252 015

1187 312 1226 340 ut
1245 303 1365 340 futilia
1387 302 1558 340 exhibere
1577 301 1720 354 poteris.
1741 301 1883 339 Etenim
1905 301 1964 351 qui
1988 301 2171 339 mordetur

1187 363 1217 401 si
1230 363 1360 413 doleat,
1379 363 1491 401 oblati
1511 363 1668 401 criminis
1679 377 1716 400 se
1733 363 1801 400 sibi
1815 362 1994 401 conscium
2011 377 2084 401 esse
2103 362 2169 400 de-

1187 424 1297 461 clarat
1314 439 1321 460 :
1342 424 1403 474 qui
1425 433 1542 461 autem
1561 424 1638 460 baec
1655 422 1814 473 deridet,
1834 423 1903 460 hoc
1920 423 1997 475 ipso
2017 438 2052 461 se
2071 438 2167 475 prae-

1187 484 1344 521 sentibus
1362 484 1417 523 vel
1440 484 1638 535 suspicione
1660 484 1813 521 liberum
1837 483 2064 521 demonstrat.
2082 485 2169 521 Per-

1185 545 1299 597 pende
1321 545 1430 596 igitur
1454 554 1539 595 quot
1564 546 1656 583 bona
1688 544 1770 582 inde
1795 545 1962 596 colligas:
1994 545 2112 597 primo
2135 555 2169 582 te

1186 605 1304 656 ipsum
1335 620 1354 642 a
1383 606 1650 656 perturbatione
1683 614 1717 642 et
1745 606 1978 643 commotione
2010 606 2166 653 liberas3

1185 665 1335 712 deinde(
1352 667 1417 703 hoc
1434 680 1518 704 vero
1537 666 1693 717 primum
1706 666 1836 703 censeri
1855 666 2019 713 debet)si
2040 666 2075 703 in
2089 680 2168 717 pec-

1186 727 1271 763 catis
1285 726 1343 775 sis,
1355 727 1415 764 illa
1432 726 1619 776 abstergis,
1630 735 1669 762 ut
1685 726 1896 776 publicanus
1913 726 1986 775 ille,
2003 727 2064 777 qui
2075 726 2171 763 Pha-

1186 786 1277 823 risaei
1291 786 1547 823 accusationem
1561 786 1735 837 patienter
1747 786 1902 823 tulit.Ad
1920 787 2009 833 haec,
2026 801 2088 838 per
2101 788 2169 824 hu-

1182 846 1342 897 jusmodi
1375 846 1662 884 exercitationem
1690 846 1850 882 animum
1869 855 1971 883 tuum
2007 848 2169 898 philoso—

1185 907 1298 957 phum
1315 907 1449 955 reddis,
1471 915 1503 943 et
1524 906 1622 942 mille
1641 906 1808 943 laudibus
1827 907 1923 958 apud
1942 921 2062 944 omnes
2076 909 2170 945 frue-

1185 965 1249 1014 ris,
1266 974 1298 1002 et
1315 965 1493 1002 dictorum
1511 966 1568 1003 vel
1587 965 1824 1016 suspicionem
1844 980 1997 1005 amoves,
2014 968 2123 1012 Quod
2142 968 2171 1004 si

1184 1024 1288 1061 illum
1307 1024 1431 1062 ulcisci
1454 1024 1588 1076 cupias,
1610 1025 1679 1062 hoc
1698 1039 1743 1062 ex
1762 1025 1960 1063 abundanti
1985 1036 2170 1076 sequetur,

1185 1087 1258 1124 Deo
1275 1085 1530 1123 criminationis
1545 1086 1590 1123 ab
1608 1086 1669 1123 illo
1691 1100 1808 1137 poenas
1822 1087 1999 1138 exigente,
2017 1088 2173 1139 philoso-

1184 1146 1340 1198 phiaque
1362 1156 1422 1184 tua
1442 1156 1522 1184 ante
1539 1161 1659 1199 poenas
1676 1148 1756 1185 illas
1772 1148 1916 1199 plagam
1939 1149 2007 1200 ipsi
2028 1163 2173 1199 gravem

1184 1206 1365 1246 inferente.
1382 1207 1485 1245 Nihil
1511 1208 1605 1245 enim
1635 1208 1685 1246 ita
1705 1223 1776 1258 eos,
1798 1209 1860 1259 qui
1875 1209 1977 1246 nobis
2005 1210 2174 1261 iujuriam

1184 1266 1353 1316 inferunt,
1374 1267 1537 1305 mordere
1555 1268 1666 1314 solet,
1690 1278 1728 1305 ut
1749 1283 1830 1305 cum
1849 1283 1912 1306 nos
1925 1269 2024 1318 illas,
2042 1271 2173 1320 quibus

1185 1328 1303 1365 affecti
1321 1343 1456 1376 sumus,
1471 1329 1620 1380 injurias
1635 1329 1849 1367 deridemus.
1872 1332 1915 1367 At
1929 1331 2018 1368 sicut
2040 1331 2067 1368 si
2088 1332 2171 1383 phi-

1185 1388 1365 1440 losophice
1385 1403 1546 1440 agamus,
1564 1399 1616 1427 tot
1634 1399 1802 1440 tantaque
1819 1391 1913 1428 bona
1935 1391 2105 1429 aderunt:
2125 1393 2176 1430 sic

1188 1450 1215 1487 si
1256 1451 1354 1488 rixas
1384 1461 1417 1488 et
1450 1451 1669 1489 simultatem
1705 1466 1930 1491 exerceamus
1953 1483 1963 1501 ,
1999 1455 2174 1492 contraria

1189 1513 1304 1548 omnia
1325 1512 1542 1563 contingent.
1564 1512 1707 1550 Etenim
1728 1527 1791 1551 nos
1807 1514 1902 1565 ipsos
1923 1513 2095 1552 dedecore
2117 1516 2171 1552 af-

1189 1572 1343 1620 ficimus,
1362 1586 1403 1610 ac
1418 1587 1481 1610 nos
1497 1573 1553 1622 iis,
1570 1587 1647 1623 quae
1660 1573 1757 1611 dicta
1771 1584 1864 1622 sunt,
1879 1575 2052 1613 obnoxios
2065 1589 2138 1613 esse
2153 1591 2173 1614 a

1189 1634 1420 1685 praesentibus
1434 1634 1702 1685 existimamur,
1716 1635 1873 1673 animam
1885 1636 2042 1674 tumultu
2056 1637 2171 1688 reple-

1189 1708 1279 1742 mus,
1299 1704 1331 1732 et
1352 1695 1538 1733 inimicum
1562 1695 1692 1746 gaudio
1711 1696 1898 1745 afficimus,
1918 1699 2034 1735 Deum
2053 1699 2174 1736 irrita-

1189 1768 1285 1803 mus,
1308 1764 1341 1792 et
1360 1756 1512 1807 peccatis
1530 1755 1712 1807 prioribus
1724 1756 1791 1793 hoc
1809 1756 1988 1796 addimus.
2008 1758 2093 1796 Haee
2108 1759 2173 1796 ita-

1189 1829 1256 1865 que
1295 1815 1411 1852 omnia
1450 1815 1660 1866 cogitantes,
1699 1817 1925 1855 simultatum
1958 1818 2169 1857 barathrum

1188 1875 1362 1921 vitemus,
1386 1885 1418 1913 et
1439 1875 1485 1912 ad
1509 1886 1654 1928 portum
1686 1877 1878 1915 tolerantiae
1909 1879 2170 1930 confugiamus,

98 1939 225 1988 ψυχαῖς
243 1941 356 1986 ἡμῶν,
381 1936 493 1979 καθὼς
520 1935 578 1973 καὶ
596 1938 612 1972 ὁ
631 1936 779 1987 Χριστὸς
806 1935 1026 1987 ἀπεφήνατο,
1056 1935 1116 1973 καὶ
1128 1956 1175 1979 557
1189 1944 1228 1972 ut
1243 1936 1346 1973 ethic
1367 1936 1590 1975 inveniamus
1606 1938 1762 1987 requiem
1779 1938 1964 1976 animabus
1980 1941 2122 1988 nostris,
2134 1950 2174 1978 ut

98 2001 166 2035 τῶν
188 1998 382 2048 μελλόντων
409 1996 628 2048 ἐπιτύχιιψιεν
657 1999 806 2046 ἀγαθῶν,
827 1996 946 2047 χάριτι
971 1996 1030 2033 καὶ
1054 2012 1114 2047 <pt—
1140 1993 1165 2020 A
1191 1996 1354 2034 Christus
1373 1997 1634 2050 pronuntiavit,
1652 2007 1685 2034 et
1698 1999 1816 2035 sutura
1832 2013 2088 2049 consequamur
2107 2001 2167 2038 bo-

98 2058 301 2111 λανθρωπία
320 2061 378 2095 τοῦ
392 2057 519 2108 Κυρίου
536 2059 634 2107 ἡμῶν
659 2057 774 2102 Ἰησοῦ
790 2057 941 2108 Χριστοῦ
957 2087 966 2104 ,
987 2059 1060 2107 μεθ’
1077 2060 1114 2094 οὐ

99 2121 148 2168 τῷ
168 2119 296 2169 Πατρὶ,
312 2118 385 2168 ἅμα
403 2120 451 2168 τῷ
471 2118 559 2169 ἁγίῳ
576 2116 769 2167 Πνεύματι,
791 2116 884 2162 δόξα,
905 2117 1044 2170 κράτος,
1065 2134 1115 2155 τι·

100 2178 167 2228 μὴ,
197 2183 253 2216 νῧν
283 2179 342 2216 καὶ
369 2178 444 2226 ἀεὶ,
464 2178 521 2216 καὶ
543 2180 589 2221 εἷς
610 2177 686 2220 τοὺς
715 2180 842 2220 αἰῶνας
867 2181 935 2216 τῶν
967 2178 1122 2216 αἰώνωνξ

100 2243 132 2276 Ἀ
139 2239 207 2289 μήν
213 2270 220 2277 .

1189 2071 1245 2104 na,
1264 2057 1376 2107 gratia
1390 2066 1423 2094 et
1436 2057 1654 2108 benignitate
1670 2059 1815 2096 Domini
1833 2060 1944 2097 nostri
1962 2062 2046 2099 Jesu
2069 2061 2173 2099 Chri-

1189 2117 1246 2163 sti,
1279 2118 1423 2168 quicum
1444 2119 1540 2155 Patri
1564 2133 1707 2169 unaque
1729 2120 1881 2172 Spiritui
1906 2131 2024 2159 sancto
2043 2122 2170 2173 gloria,

1188 2178 1391 2229 imperium,
1416 2179 1543 2229 honor,
1572 2193 1665 2217 nune
1684 2189 1717 2218 et
1742 2195 1901 2233 semper,
1925 2191 1959 2219 et
1982 2183 2019 2219 in
2046 2183 2172 2220 saecula

1187 2241 1411 2278 saeculorum.
1426 2243 1550 2280 Amen.

140 2362 156 2386 b
180 2362 230 2403 [A.
246 2365 324 2403 εἶτα,
336 2366 454 2404 μᾶλλον
467 2364 513 2401 δέ,
528 2361 618 2404 quod
632 2361 753 2404 placet.
771 2363 846 2394 Mox
864 2361 951 2394 idem
964 2365 1077 2409 ἀποῑύῃ
1088 2390 1096 2405 ,
1116 2371 1149 2395 et
1167 2363 1285 2396 iterum
1301 2363 1417 2407 infra.]

466 2579 645 2615 ouum
687 2578 742 2629 ιγ’.

99 2699 254 2748 Οἴδαμεν
275 2699 355 2750 γὰρ,
377 2698 428 2736 ὅτι
465 2702 482 2736 ὁ
512 2699 614 2750 νόμος
648 2701 881 2751 πνευματικός
902 2703 1014 2739 ἐστιν·
1049 2702 1117 2754 ἐγὼ

139 2760 173 2798 δὲ
192 2759 354 2811 σαρκικός
373 2762 446 2810 εἶμι
460 2789 470 2808 ,
489 2760 711 2812 πεπραμένος
730 2763 797 2800 ὑπὸ
815 2762 877 2809 τὴν
899 2763 1087 2815 ἁμαρτίαν.

152 2953 297 2999 Ἐπειδὴ
322 2949 428 3000 εἶπεν,
463 2954 515 2992 ὅτι
551 2956 686 3007 μεγάλα
717 2955 835 3006 γέγονε
870 2955 980 3003 κακὰ,
1008 2955 1066 2993 καὶ
1094 2958 1115 3000 ἡ

101 3014 255 3064 ἁμαρτία
274 3017 493 3067 δυνατωτέρα
521 3017 672 3064 κατέστη
700 3021 761 3064 τῆς
781 3018 921 3063 ἓντολῆς
953 3016 1116 3054 {mma-

717 3079 790 3097 Ικγ
847 3083 856 3094 e
903 3079 911 3091 Ι

103 3074 201 3123 με’νη,
217 3075 275 3113 καὶ
291 3077 484 3115 τούναντίον
503 3074 607 3130 οἷπερ
623 3081 827 3123 ἕσπουοαςεν
845 3096 861 3117 ο
873 3095 975 3128 νομος
995 3078 1094 3124 ἐξέὲη
1106 3108 1115 3125 ,

102 3134 159 3170 καὶ
176 3137 221 3178 εἰς
242 3136 372 3182 πολλὴν
393 3136 449 3174 τὸν
470 3138 642 3189 ἀκροατὴν
663 3139 821 3177 ἐνέέαλεν
840 3138 1001 3191 ἀπορίαν,
1023 3138 1116 3189 λέγει

102 3194 160 3231 καί
174 3196 229 3232 τὸν
251 3196 413 3246 λογισμὸν
433 3199 564 3245 λοιπὸν,
584 3201 659 3236 καθ’
682 3200 717 3236 ὃν
734 3203 841 3236 ταῦτα
869 3199 1008 3249 γέγονε,
1033 3198 1117 3249 πρό-

62 3256 71 3260 ’
101 3271 197 3308 τερον
219 3255 418 3299 ἀπαλλάξας
431 3256 486 3295 τὸν
507 3258 609 3308 νόμον
630 3261 691 3304 τῆς
705 3266 856 3310 πονηρᾶς
868 3259 1026 3311 ὑποψίας.
1040 3258 1118 3296 Ἵνα

102 3315 169 3366 γὰρ
190 3315 238 3365 μὴ
264 3316 408 3364 ἀκούων,
427 3316 479 3354 ὅτι
494 3317 550 3354 διὰ
560 3322 621 3364 τῆς
642 3321 779 3365 ἐντολῆς
798 3322 819 3365 ἡ
837 3318 993 3370 ἁμαρτία
1010 3321 1119 3370 ἀφορ-

106 3376 172 3421 μὴν
198 3376 316 3425 ἔλαὸε,
331 3376 389 3414 καὶ
403 3376 454 3414 ὅτι
468 3377 628 3424 ἐλθούσης
651 3381 756 3424 αὐτῆς
776 3382 797 3425 ἧ
820 3379 974 3431 ἁμαρτία
995 3378 1119 3425 &viz-q*

1142 2958 1163 2986 B

1507 2582 1716 2621 HOMILIA
1746 2582 1849 2620 XIII.

1191 2703 1283 2739 CAP.
1306 2703 1390 2742 VII.
1415 2717 1453 2739 ν.
1479 2705 1540 2740 14.
1560 2704 1707 2739 Scimus
1725 2711 1868 2748 alitem,
1897 2706 1990 2754 quia
2016 2705 2078 2741 lex
2095 2707 2167 2755 spi-

1241 2763 1395 2800 ritualis
1419 2771 1583 2813 est:ego
1615 2771 1744 2799 autem
1774 2763 1946 2800 carnalis
1971 2777 2069 2810 suni,
2102 2779 2169 2802 ve-

1243 2825 1452 2861 numdatus
1481 2826 1550 2861 sub
1567 2832 1740 2874 peccato.

1242 2950 1278 2985 1.
1311 2949 1503 2999 Postquam
1531 2947 1671 2985 dixerat
1698 2961 1824 2999 magna
1852 2948 1960 2986 fuisse
1993 2950 2099 2997 mala,
2136 2960 2169 2988 et

1187 3020 1371 3063 peccatum
1404 3010 1599 3048 admissum
1638 3010 1816 3061 potentius
1854 3011 1962 3048 fuisse
2003 3011 2093 3063 lege,
2136 3021 2169 3050 et

1188 3081 1307 3110 contra
1335 3086 1441 3122 quam
1467 3072 1525 3109 lex
1551 3071 1731 3121 satagebat
1759 3071 1938 3121 accidisse,
1965 3081 1997 3109 ct
2024 3087 2104 3110 cum
2133 3073 2168 3111 in

1188 3147 1353 3184 magnam
1395 3132 1655 3170 dubitationem
1693 3131 1891 3169 auditorem
1933 3133 2166 3184 conjecisset;

1188 3194 1359 3230 rationem
1385 3201 1503 3244 postea
1531 3191 1631 3238 dicit,
1666 3205 1727 3242 per
1752 3206 1858 3242 quam
1883 3191 1957 3229 haze
1976 3193 2166 3243 advenere,

1191 3265 1271 3288 cum
1291 3250 1390 3302 prius
1415 3250 1528 3301 legem
1549 3263 1569 3286 a
1588 3263 1697 3301 prava
1716 3250 1916 3302 suspicione
1935 3251 2165 3290 vindicasset.

1191 3313 1332 3350 Etenim
1363 3325 1404 3349 ne
1435 3311 1512 3361 quis
1553 3311 1713 3361 audiens,
1746 3321 1928 3363 peccatum
1952 3314 2169 3352 occasionem

1189 3389 1253 3427 per
1275 3373 1482 3412 mandatum
1510 3372 1697 3424 accepisse,
1737 3381 1770 3411 et
1797 3373 1893 3424 quod
1914 3374 2038 3413 eodem
2066 3390 2168 3413 man-
