2502 3810
711 241 752 269 lx
793 240 817 269 A
823 240 905 270 CTA
944 239 1223 271 APOSTOLORU
1230 241 1279 270 Μ.

121 325 140 367 ἡ
170 319 288 357 εἰκών·
318 319 566 370 εὐπροσήγοροι
589 313 682 369 ὦμεν
698 335 705 342 ·
727 320 775 369 μὴ
796 320 1035 371 περιμένωμεν
1055 319 1133 364 τοὺς

118 379 277 426 πλησίον.
294 379 354 426 Μὴ
376 379 493 428 εἴπῃς,
511 379 570 417 ἐὰν
594 380 656 417 ἴδω
682 380 757 417 τινὰ
782 380 1032 431 περιμένοντα,
1052 379 1132 430 χεί-

119 457 184 491 ρων
200 441 304 477 αὐτοῦ
323 439 462 490 γίνομαι
476 455 484 462 ·
503 439 592 477 ἀλλὰ
609 441 740 489 μᾶλλον
768 440 849 477 ὅταν
869 439 957 491 ἴδῃς,
977 440 1132 491 πρόλαὸε

117 501 174 537 καὶ
196 499 317 537 σὸέσον
333 500 436 535 αὐτοῦ
452 498 490 535 τὸ
509 498 628 540 πάθος.
646 497 754 549 (Ορᾷς
770 498 944 548 κάμνοντα
956 526 965 544 ,
984 498 1043 534 καὶ
1060 499 1134 534 ε’πι·

2092 226 2181 270 5.ίὸ

1203 320 1232 357 si
1261 320 1407 371 videris,
1423 336 1643 374 praeoccupa,
1658 330 1692 360 et
1720 323 1795 374 ejus
1823 321 1954 361 vitium
1984 321 2181 372 exstingue.

1204 381 1352 433 AEgrum
1370 382 1483 432 vides,
1499 392 1532 420 et
1547 383 1713 421 morbum
1730 383 1865 434 auges?
1878 382 1955 420 Hoc
1974 381 2131 419 maxime
2149 390 2183 418 et

1321 241 1457 272 11031111,
1466 261 1474 271 .
1514 243 1604 273 XLI.

1202 450 1281 479 ante
1298 442 1414 480 omnia
1434 451 1652 494 praestemus,
1667 452 1706 480 ut
1723 443 1855 481 honore
1872 457 1935 481 nos
1954 451 2078 480 mutuo
2092 456 2182 494 prae-
2196 461 2282 490 Rom,
2303 472 2348 492 12,

1201 502 1397 550 veniamus,
1411 516 1473 540 nec
1498 512 1598 554 putes
1616 511 1650 540 te
1668 502 1797 553 minui,
1814 517 1895 540 cum
1919 512 2023 554 putas
2041 502 2131 540 alios
2149 511 2184 540 te
2202 512 2247 531 ¹0·

116 560 237 601 τείνεις
252 558 315 605 τὴν
334 558 449 605 νόσῡνὶ
465 560 497 596 T
501 562 560 595 Οῧῒ
563 573 579 595 0
598 558 751 608 μάλιστα
768 559 835 610 πρὸ
850 557 988 596 πάντων
1007 573 1133 609 κατορ-
1145 597 1192 619 303
1203 562 1480 600 excellentiores.
1490 563 1528 600 Si
1541 564 1657 615 ipsum
1672 563 1804 601 honore
1812 563 2018 615 praevenias,
2031 563 2185 615 teipsum

119 620 283 669 θώσθΨΞν
298 648 308 665 7
343 619 382 657 τὸ
416 622 643 670 πρῡηγῖῖσθαῑ
674 622 716 668 τῇ
746 621 832 668 τῑμῇ
867 619 1035 664 ἀλλήλους
1050 633 1058 641 ‘
1094 618 1133 655 τὸ
1157 633 1182 661 Α
1205 625 1317 675 magis
1333 625 1527 675 honorasti,
1542 626 1680 676 tibique
1693 626 1864 664 honorem
1884 626 2074 664 attraxisti.
2092 626 2185 664 Ubi-

117 684 277 730 ἦγεῖσθαι
297 679 467 725 ἀλλήλους
495 678 725 730 ὑπερέχοντας
753 680 901 725 ἑαυτῶν,
923 677 971 728 μὴ
991 677 1135 728 νομίσῃς

118 743 353 778 ἐλαττοῦσθαι.
373 738 435 776 Ἂν
458 739 525 790 ἄρα
542 739 726 790 προηγήσῃ
746 742 788 789 τῇ
805 741 910 789 τιμῇ,
926 737 1050 775 σαυτὸν
1067 737 1136 775 ἐτί·

121 817 235 851 μησας
263 801 386 847 πλέον,
415 802 463 843 εἷς
483 800 522 837 τὸ
543 800 645 837 πλέον
673 801 863 848 τιμηθῆναι
882 796 1135 846 ἐπισπώμενος.

119 864 308 913 Πανταχοῦ
327 865 394 899 τῶν
410 859 588 912 πρωτείων
612 859 739 911 ἑτέροις
755 860 1035 908 παρα-χωρῶμεν.
1051 859 1136 903 Μη-

120 922 174 960 δὲν
198 924 267 959 τῶν
284 924 331 964 εἰς
349 925 441 971 ἡμᾶς
462 919 694 971 εἰργασμένων
711 920 828 956 δεινῶν
845 916 1136 966 μνημονεύωμεν,

120 984 196 1020 ἀλλ’
213 982 243 1020 εἴ
257 998 290 1019 τι
306 981 444 1031 ἀγαθόν.
460 979 569 1018 Οὐδὲν
587 978 676 1016 οὕτω
694 982 785 1014 ποιεῖ
804 977 915 1028 φίλον,
930 978 975 1018 ὡς
995 977 1138 1026 γλῶσσα

120 1042 343 1093 εὐχάριστος,
366 1040 478 1090 στόμα
499 1039 650 1090 εὔφημον
668 1067 677 1084 ,
706 1036 800 1088 ψυχὴ
833 1035 974 1086 ἄτυφος,
996 1036 1136 1073 κενοδο-

120 1103 191 1145 ξίας
209 1100 396 1153 ὑπεροψία,
412 1103 516 1149 τιμῆς
536 1096 800 1149 καταφρόνησις.
814 1095 874 1133 Ἂν
890 1099 1000 1133 ταῦτα
1014 1111 1138 1147 κατορ-

120 1161 298 1211 θώσωμεν,
317 1160 533 1208 δυνησόμεθα
548 1158 705 1209 γενέσθαι
724 1156 908 1208 ἀχείρωτοι
922 1161 998 1199 ταῖς
1013 1155 1138 1207 παγίσι

118 1225 178 1258 τοῦ
195 1221 373 1268 διαὸόλου,
395 1219 453 1255 καὶ
473 1218 562 1269 μετὰ
585 1216 762 1269 ἀκριὸείας
786 1217 850 1262 τὴν
871 1215 996 1268 ἀρετὴν
1021 1215 1139 1254 διανύ-

118 1297 239 1323 σαντες
272 1283 340 1318 τῶν
374 1278 640 1330 ἐπηγγελμένων
682 1280 820 1328 ἀγαθῶν
849 1283 920 1321 τοῖς
957 1279 1139 1328 ἀγαπῶσιν

121 1342 222 1380 αὐτὸν
242 1343 440 1392 ἐπιτυχεῖν,
459 1338 577 1390 χάριτι
595 1338 655 1376 καὶ
674 1336 914 1390 φιλανθρωπίᾳ
935 1340 990 1374 τοῦ
1010 1337 1138 1389 Κυρίου
1162 1347 1186 1378 Β

121 1406 221 1453 ἡμῶν
247 1401 362 1448 Ἰησοῦ
381 1402 547 1453 Χριστοῦ,
570 1401 643 1450 μεθ’
672 1393 710 1438 οὗ
734 1401 784 1451 τῷ
818 1398 955 1452 Πατρὶ,
985 1397 1060 1448 ἅμα
1087 1401 1138 1450 τῷ

122 1463 210 1515 ἁγίῳ
226 1462 418 1512 Πνεύματι,
436 1460 515 1505 δόξα
528 1491 538 1508 ,
555 1460 697 1512 κράτος,
717 1459 818 1510 τιμὴ,
836 1462 895 1497 νῦν
912 1458 971 1498 καὶ
987 1458 1040 1499 ἀεὶ
1053 1488 1064 1508 ,
1081 1459 1141 1499 καὶ

122 1527 169 1569 εἷς
188 1523 264 1567 τοὺς
280 1525 407 1566 αἰῶνας
425 1525 493 1560 τῶν
511 1521 659 1560 αἰώνων,
678 1520 799 1571 Ἀμήν.

491 1776 669 1814 οΜιΛιΑ
696 1773 768 1825 μα’.

121 1896 297 1936 Εἰσελθὼν
318 1896 353 1935 δὲ
380 1897 427 1939 εἰς
449 1896 513 1943 τὴν
533 1896 750 1948 συναγωγὴν,
778 1895 1052 1949 ἐπαρρησιάζετο
1083 1896 1141 1935 ἐπὶ

175 1959 286 2007 μῆνας
301 1963 409 2009 τρεῖς,
430 1957 669 2007 διαλεγόμενος
696 1956 754 1994 καὶ
779 1956 905 1995 πείθων
921 1955 965 1994 τὰ
983 1955 1062 2009 περὶ
1079 1959 1141 2003 τ’ῆς

178 2018 355 2069 βασιλείας
370 2022 429 2056 τοῦ
444 2019 548 2056 Θεοῦ.

173 2140 269 2192 ’Όρα
287 2144 465 2192 πανταχοῦ
493 2142 618 2180 ’ἑαυτὸν
649 2143 855 2180 εἰσωθοῦντα
877 2141 923 2183 εἰς
949 2139 1011 2183 τὰς
1031 2155 1139 2178 συνα-

121 2200 257 2252 γωγὰς,
271 2201 330 2239 καὶ
349 2200 456 2243 οὕτως
471 2200 621 2244 ἐξιόντα·
640 2205 821 2252 πανταχοῦ
839 2199 906 2250 γὰρ
924 2202 1006 2251 παρ’
1027 2201 1139 2237 αὐτῶν

122 2261 281 2300 ἐδούλετο
298 2262 418 2298 λαὸεῖν
438 2261 610 2314 ἀφορμὴν,
629 2260 714 2313 ὅπερ
734 2260 829 2312 ἔφην.
845 2259 903 2298 Τά
916 2275 952 2297 τε
971 2259 1040 2312 γὰρ
1058 2260 1138 2306 ἔθνη

121 2322 314 2373 παρεζήλου
340 2326 353 2341 ³
365 2321 498 2366 λοιπὸν,
516 2322 575 2358 καὶ
593 2321 777 2372 προθύμως
797 2320 1006 2372 ἀπεδέχοντο
1022 2321 1138 2369 αὐτὸν,

119 2381 154 2420 οἵ
180 2398 217 2420 τε
245 2382 426 2428 Ἰουδαῖοι,
456 2384 525 2419 τῶν
561 2383 666 2420 ἐθνῶν
697 2381 908 2433 δεχομένων,
944 2380 1138 2432 μετενόουν.

117 2443 306 2481 Ἔὸούλετο
327 2445 524 2488 ἀποστ-’ἧσαι
541 2442 620 2486 τοὺς
642 2442 800 2492 μαθητὰς
819 2444 948 2479 ἐκεῖθεν
967 2441 1027 2479 καὶ
1053 2444 1136 2495 παρ’

118 2505 231 2541 αὐτῶν
246 2504 367 2541 λαδεῖν
386 2502 448 2549 τὴν
475 2502 599 2555 ἀρχὴν,
619 2501 710 2540 ὥστε
740 2501 788 2552 μὴ
820 2501 1048 2553 συνάγεσθαι·
1078 2501 1138 2540 καὶ

117 2565 182 2615 οὐχ
201 2564 318 2606 ἁπλῶς
339 2568 438 2601 τοῦτο
460 2562 582 2601 ἐποίει.
609 2561 678 2600 Διὰ
702 2566 803 2600 τοῦτο
829 2561 1000 2612 διελέγετο
1026 2564 1140 2605 αὐτοῖς

118 2626 269 2675 συνεχῶς
282 2654 291 2671 ,
308 2622 360 2661 ὅτι
380 2624 506 2661 ἔπειθε.
527 2621 588 2668 Μὴ
608 2617 664 2660 οῧν
685 2621 803 2669 ἐπειδὴ
820 2622 1018 2674 παρρησίαν
1038 2622 1139 2668 ἤκου-

119 2700 200 2728 σας,
221 2683 426 2735 τραχύτητα
447 2682 610 2735 νομίσῃς·
630 2682 710 2736 περὶ
736 2684 899 2734 χρηστῶν
921 2682 1138 2735 πραγμάτων

117 2744 309 2795 διελέγετο,
338 2744 419 2796 περὶ
440 2742 637 2794 βασιλείας·
656 2742 708 2785 τίς
733 2744 793 2780 οὐκ
820 2742 860 2779 ἂν
892 2741 1056 2790 ἤκουσεν;
1077 2742 1139 2785 Ὡς

1165 2148 1189 2179 C

119 2804 156 2842 δέ
184 2820 272 2847 τινες
297 2803 547 2856 ἐσκληρύνοντο
575 2802 635 2841 καὶ
665 2801 841 2850 ἠπείθουν,
869 2803 1138 2853 κακολογοῦντες
1160 2816 1185 2846 D

118 2865 180 2912 τὴν
200 2865 275 2903 ὁδὸν
294 2864 438 2903 ἐνώπιον
458 2867 518 2902 τοῦ
539 2864 689 2910 πλήθους
703 2894 713 2912 ,
744 2863 899 2906 ἀποστὰς
923 2865 984 2902 ἀπ’
1013 2866 1141 2912 αὐτῶν,

120 2924 272 2977 ἀφώρισε
293 2923 372 2967 τοὺς
392 2923 570 2974 μαθητὰς,
593 2926 670 2961 καθ’
691 2923 825 2976 ἡμέραν
845 2924 1085 2975 διαλεγόμενος
1104 2928 1138 2963 ἐν

118 2989 162 3036 τῇ
189 2987 299 3037 σχολῇ
321 2984 499 3037 Τυράννου
517 2983 619 3028 τινός.
639 2986 754 3022 Τοῦτο
783 2983 818 3022 δὲ
850 2983 984 3035 ἐγένετο
1002 2985 1058 3023 ἐπὶ
1078 2984 1139 3031 ἔτη

122 3047 198 3091 δύο,
216 3045 306 3084 ὥστε
324 3045 458 3088 πάντας
471 3044 548 3089 τοὺς
566 3050 811 3088 κατοικοῦντας
824 3044 888 3091 τὴν
904 3044 1020 3084 Ἀσίαν
1038 3047 1140 3084 ἀκοῦ-

123 3121 182 3142 σαι
199 3105 256 3143 τὸν
275 3105 377 3156 λόγον
403 3109 462 3143 τοῦ
491 3105 619 3156 Κυρίου
644 3108 779 3153 Ἰησοῦ,
799 3105 984 3149 Ἰουδαίους
1012 3122 1048 3144 τε
1081 3106 1141 3145 καὶ

120 3165 311 3212 υΕλληνας.
322 3165 426 3204 ‘oab-2
441 3166 481 3204 τὸ
498 3166 663 3217 κη’ρυγμα
679 3166 818 3209 εἰκότως
834 3167 988 3206 ἐκάλουν.
1005 3167 1143 3211 Ὄντως

124 3226 191 3278 γὰρ
217 3225 303 3272 αὕτη
330 3229 351 3272 ἡ
381 3226 455 3269 ὁδὸς
478 3220 519 3272 ἦν
538 3229 559 3272 ἡ
583 3225 766 3277 ἀπάγουσα
798 3228 846 3270 εἷς
874 3226 936 3274 τὴν
963 3227 1141 3279 βασιλείαν

170 3361 182 3375 ³
208 3349 266 3382 Alii
294 3355 392 3385 >om-,bv
422 3356 470 3385 καὶ
494 3355 599 3397 ῥᾳδίως
622 3357 709 3389 αὐτὸν
732 3357 914 3394 ἑπεῧέξττντο.

1203 699 1272 735 que
1288 685 1421 736 primas
1439 686 1519 722 aliis
1550 686 1796 723 concedamus.
1826 686 1927 723 Nihil
1948 700 2087 736 eorum,
2106 700 2184 736 qua>

1204 744 1307 782 nobis
1324 745 1424 782 illata
1442 754 1537 793 sunt,
1554 746 1729 782 malorum
1743 745 1978 795 recordemur,
1994 746 2057 783 sed
2074 746 2184 784 bono-

1205 819 1286 842 rum
1304 813 1457 842 tantum.
1473 805 1574 842 Nihil
1592 805 1643 842 sic
1661 805 1744 843 facit
1761 806 1916 843 amicum
1937 815 1976 843 ut
1993 816 2091 857 grata
2109 807 2185 844 lin-

1206 877 1292 914 gua,
1318 878 1357 901 os
1384 865 1473 901 bene
1499 865 1664 914 loquens,
1691 865 1809 901 anima
1842 865 1916 902 sine
1946 866 2061 914 fastu,
2089 880 2187 905 vanae

1207 924 1330 974 gloriae
1351 932 1384 960 et
1412 923 1555 960 honoris
1582 932 1792 961 contemtus.
1819 924 1859 962 Si
1888 924 1964 961 haec
1984 923 2187 974 fecerimus,

1207 983 1402 1034 poterimus
1417 982 1555 1020 diaboli
1573 984 1707 1034 laqueis
1727 984 1892 1022 inaccessi
1914 999 2003 1033 esse;
2024 994 2057 1022 et
2075 986 2189 1023 vimu-

1206 1053 1279 1081 tem
1297 1051 1460 1082 accurate
1477 1044 1614 1093 sectati,
1631 1044 1803 1095 promissa
1824 1044 2056 1095 diligentibus
2075 1046 2191 1083 Deum

1207 1103 1300 1141 bona
1320 1104 1498 1154 consequi,
1516 1104 1628 1155 gratia
1643 1113 1676 1142 et
1688 1105 1906 1156 benignitate
1922 1106 2064 1143 Domini
2082 1106 2191 1144 nostri

1208 1168 1292 1206 Jesu
1312 1166 1459 1212 Christi,
1476 1166 1622 1216 quicum
1636 1167 1734 1204 Patri
1750 1177 1782 1205 et
1801 1168 1953 1219 Spiritui
1974 1178 2093 1206 sancto
2117 1169 2193 1219 glo-

1208 1228 1276 1278 ria,
1290 1227 1492 1278 imperium,
1507 1227 1635 1279 honor,
1650 1242 1742 1266 nunc
1755 1238 1789 1266 et
1802 1242 1950 1281 semper,
1965 1237 1998 1268 et
2019 1229 2054 1267 in
2069 1230 2195 1268 saecula

1210 1288 1432 1328 saeculorum.
1454 1289 1576 1327 Amen.

1516 1775 1726 1814 HOMILIA
1755 1776 1852 1815 XLI.

1210 1898 1302 1934 CAP.
1325 1897 1428 1934 XIX.
1447 1911 1483 1935 v.
1503 1897 1540 1935 8.
1555 1901 1753 1948 Ingressus
1781 1902 1823 1937 in
1838 1913 2092 1950 synagogam,
2109 1913 2196 1937 cum

1251 1957 1408 2008 fiducia
1440 1957 1670 2008 loquebatur
1698 1971 1768 2008 per
1786 1966 1861 1995 tres
1881 1972 2041 2006 menses,
2067 1961 2195 2011 dispu-

1263 2024 1351 2054 tans
1369 2024 1406 2055 et
1416 2017 1583 2055 suadens
1602 2017 1649 2054 de
1667 2030 1783 2069 regno
1799 2019 1887 2056 Dei.

1265 2141 1300 2176 1.
1319 2139 1416 2178 Vide
1432 2139 1575 2189 ubique,
1595 2148 1635 2177 ut
1648 2153 1684 2177 se
1702 2139 1738 2176 in
1757 2153 1957 2192 synagogas
1970 2140 2144 2191 immittit,
2160 2150 2193 2179 et
2238 2157 2397 2195 synagogas

2229 2198 2397 2234 frequenter

1209 2263 1342 2301 sionem
1362 2276 1553 2311 assumere,
1584 2271 1624 2299 ut
1652 2262 1744 2300 dixi.
1766 2263 1858 2300 Nam
1885 2273 2004 2314 gentes
2023 2265 2100 2316 jam
2121 2265 2194 2302 zelo
2209 2238 2393 2316 slantiz-nulus,

1209 2201 1261 2239 sic
1277 2200 1451 2252 demigrat
1468 2216 1476 2237 ε
1498 2201 1632 2251 ubique
1653 2201 1748 2238 enim
1763 2202 1809 2239 ab
1837 2202 1909 2239 illis
1927 2203 2069 2242 volebat
2089 2217 2193 2241 occa—

1207 2323 1402 2370 fervebant,
1418 2332 1451 2361 et
1468 2323 1618 2360 libenter
1629 2337 1710 2360 eum
1724 2323 1945 2375 accipiebant
1957 2340 1968 2374 3
1979 2326 2000 2363 J
2005 2324 2097 2362 udaei
2110 2339 2195 2363 vero

1208 2384 1372 2434 gentibus
1391 2384 1500 2421 fidem
1528 2383 1824 2435 suscipientibus,
1848 2385 2089 2436 poenitentiam
2106 2400 2193 2437 age—

1205 2444 1303 2482 bant.
1323 2444 1478 2483 Volebat
1498 2443 1696 2494 discipulos
1724 2443 1825 2481 illinc
1851 2445 2067 2494 abstrahere,
2094 2455 2128 2483 et
2148 2446 2194 2483 ab

1205 2504 1279 2542 illis
1297 2505 1466 2556 incipere,
1489 2513 1528 2541 ut
1545 2517 1588 2541 ne
1604 2518 1686 2541 cum
1704 2503 1777 2541 illis
1795 2515 2112 2556 congregarentur:
2134 2521 2192 2545 ne-

1207 2578 1276 2614 que
1296 2564 1372 2602 sine
1390 2578 1494 2601 causa
1514 2564 1581 2600 hoc
1599 2563 1759 2600 faciebat.
1781 2563 1864 2601 Ideo
1882 2565 2082 2613 frequenter
2110 2579 2192 2604 cum

1205 2625 1277 2662 illis
1291 2624 1512 2675 disputabat,
1527 2623 1610 2673 quia
1628 2623 1876 2674 persuadebat.
1894 2625 1947 2661 Ne
1963 2624 2088 2675 igitur,
2107 2626 2191 2676 quia

1206 2684 1348 2722 dicendi
1366 2683 1567 2721 libertatem
1584 2682 1730 2728 audisti,
1752 2683 1976 2734 asperitatem
1997 2693 2100 2735 putes
2119 2701 2126 2721 :
2146 2685 2191 2724 de

1207 2744 1357 2782 utilibus
1370 2744 1475 2781 rebus
1493 2742 1710 2794 disputabat,
1731 2742 1775 2780 de
1795 2756 1903 2793 regno
1918 2759 1926 2780 ε
1943 2745 2022 2794 quis
2041 2759 2111 2783 non
2128 2760 2191 2783 au-

1206 2804 1344 2842 disset?
1358 2804 1394 2842 9.
1409 2804 1503 2841 Cum
1522 2811 1651 2840 autem
1671 2804 1829 2855 quidam
1849 2804 2137 2853 indurarentur,
2153 2815 2189 2844 et

1208 2879 1286 2903 non
1306 2864 1517 2909 crederent,
1537 2863 1809 2901 maledicentes
1830 2866 1938 2901 viam
1947 2866 2110 2903 Domini
2127 2880 2188 2904 co-

1208 2940 1293 2964 ram
1315 2924 1575 2969 multitudine,
1600 2924 1798 2961 discedens
1818 2925 1866 2960 ab
1885 2927 1952 2971 eis,
1976 2929 2189 2977 segregavit

1209 2986 1430 3038 discipulos,
1443 2985 1614 3037 quotidie
1625 2985 1826 3035 disputans
1839 2986 1880 3021 in
1893 2986 2026 3023 schola
2039 2988 2190 3034 Tyran-

1211 3049 1254 3085 ni
1281 3047 1495 3098 cujusdam.
1518 3047 1578 3083 10.
1597 3046 1683 3082 Hoc
1711 3053 1841 3082 autem
1851 3046 2012 3097 sactum
2039 3055 2095 3085 est
2124 3061 2193 3098 per

1212 3110 1421 3157 biennium,
1435 3109 1491 3144 ita
1504 3115 1544 3145 ut
1555 3119 1696 3154 omnes,
1706 3108 1772 3157 qui
1785 3107 2019 3145 habitabant
2029 3109 2069 3144 in
2077 3108 2192 3157 Asia,

1211 3170 1391 3206 audirent
1422 3169 1583 3205 verbum
1613 3167 1773 3203 Domini
1801 3167 1907 3213 Jesu,
1952 3176 2032 3205 tam
2066 3168 2194 3206 Judoei

1212 3242 1330 3280 quam
1352 3228 1490 3266 Groeci.
1504 3225 1611 3265 Viam
1635 3225 1759 3263 merito
1778 3226 1952 3267 vocabant
1975 3227 2195 3280 praedicatio-
