2502 3810
653 263 694 291 IN
732 261 846 291 ACTA

64 346 318 393 λυπηθήσεται,
335 350 352 384 6
370 347 514 396 μηδενὸς
532 349 643 386 αὐτῶν
663 348 861 399 φροντίζων,
887 347 909 394 ἢ
930 352 947 386 ὃ
968 364 1073 400 φρον-

63 405 161 449 τίζων
177 422 186 452 ;
205 409 222 443 6
244 406 453 457 φοὲούμενος
472 407 532 450 τὰς
553 408 746 458 μεταέολὰς
764 438 773 455 ,
794 409 815 455 ἢ
832 413 850 447 6
873 408 921 460 μὴ
946 409 1074 460 φοὸού-

61 481 160 515 μενος
177 481 186 511 ;
217 469 234 503 6
256 466 444 517 βασκανίαν
459 496 468 513 ,
489 471 506 505 6
525 468 657 519 φθόνον,
678 471 694 505 6
713 470 953 520 συκοφαντίας,
970 474 987 508 6
1001 471 1076 508 ἐπι-

62 527 203 572 ὅουλὰς,
231 529 249 564 6
280 527 455 565 ἀπώλειαν
480 529 661 576 δεδοικὼς,
690 529 711 575 ἢ
733 533 750 567 6
770 529 898 567 τούτων
920 530 1038 576 ἐκτός;
1059 533 1076 567 6

61 587 228 626 πλειόνων
247 588 403 638 δεόμενος
420 619 428 635 ,
449 588 470 634 ἢ
486 593 503 627 6
526 590 694 639 μηδενός,
715 593 732 627 ὃ
749 589 880 640 μυρίοις
897 590 1076 637 δουλεύων,

62 649 83 694 ἢ
104 652 121 686 6
147 649 288 699 μηδενί,
318 652 335 686 6
358 650 488 702 μυρίων
508 651 630 702 χρείαν
651 650 738 702 ἔχων
754 681 763 697 ,
793 650 815 695 ἢ
839 653 855 688 6
877 650 1072 701 ἐλεύθερος;

61 714 78 747 6
100 709 158 746 ἕνα
181 710 350 756 δεσπότην
368 710 529 753 δεδοικὼς
544 741 553 757 ,
583 710 604 756 ἢ
621 715 638 749 6
658 711 816 763 μυρίους;
847 713 982 749 Οὐκοῦν
1000 727 1074 760 μει-

60 771 124 813 ζων
145 773 166 815 ἡ
186 770 290 816 ἡδονὴ
311 771 471 808 ἐνταῦθα.
497 771 638 817 Ταύτην
658 771 769 809 τοίνυν
789 770 988 820 διώκωμεν,
1014 771 1074 808 καὶ

59 848 107 880 μη
136 831 214 883 περὶ
242 830 285 868 τα
313 831 466 882 παρόντα
485 825 613 881 diusv'
599 832 830 881 επτοηυ.ένοι·
857 831 946 869 ἀλλὰ
961 845 1073 868 κατα-

57 895 211 942 γε)()μεν
229 892 345 937 ποίσης
366 895 428 937 τῆς
447 909 505 930 του
528 892 600 942 βίου
620 892 811 943 φαντασίας
826 920 835 936 ,
858 907 916 928 και
933 906 1071 927 παντα-

55 956 119 1003 χοῧ
139 956 199 998 της
215 952 430 1003 συμμετρίας
448 955 554 1001 ‹Bu-ev,
572 952 627 989 ἵνα
653 953 849 999 δυνηθωμεν
866 951 910 987 ἄ)
912 951 995 987 υπον
1011 949 1068 987 τὸν

55 1013 126 1061 Ι[ΐίον
144 1028 261 1050 τουτον
283 1013 471 1062 διαγαγεῖν
485 1012 544 1048 καὶ
559 1027 626 1048 των
643 1013 708 1056 ἐπη
713 1010 909 1061 (γελιιένων
931 1012 1068 1059 ἀγαθῶν

53 1075 241 1123 ἐπιτυχεῖν,
260 1072 379 1123 χάριτι
400 1071 458 1108 καὶ
488 1070 727 1122 φιλανθρωπία
743 1086 802 1107 του
822 1068 950 1119 Κυρίου
966 1072 1067 1144 ἧς’ῑμων

52 1133 165 1177 Ἰησοῦ
194 1133 345 1183 Χριστου
363 1161 372 1178 ,
409 1131 484 1181 μεθ
516 1147 554 1168 ου
583 1147 632 1168 τι)
660 1130 776 1182 Πατρι
801 1130 875 1179 ἅμα
901 1146 952 1166 τω
980 1129 1066 1180 ἁγίῳ

50 1189 265 1240 Πνεύματι
247 1191 301 1227 οόῖ
287 1207 346 1237 α,
373 1191 522 1242 κράτος,
542 1190 628 1240 τιμὴ
645 1219 654 1236 ,
681 1205 740 1227 νυν
762 1189 857 1227 καὶ
840 1189 916 1237 αεὶ,
940 1205 999 1227 και
1019 1191 1067 1233 εἷς

49 1249 124 1292 τοὺς
145 1253 269 1293 αἰῶνας
284 1253 352 1288 τῶν
367 1251 511 1288 αἰώνων.
538 1251 656 1300 Ἀμήν.

884 263 1204 293 APOSTOLORUM
1213 283 1222 294 .

1050 711 1058 725 ¹
1097 705 1120 734 E

1262 266 1416 296 HOMIL.
1456 270 1547 299 Lm.

2033 262 2122 320 447

1147 364 1191 387 an
1224 350 1254 388 is
1301 353 1363 402 qui
1384 355 1507 392 curat?
1532 354 1594 404 qui
1616 355 1877 394 vicissitudines
1901 357 2050 407 metuit,
2083 372 2127 395 an

1147 412 1208 461 qui
1239 427 1308 450 non
1340 415 1490 452 metuit?
1524 416 1585 465 qui
1608 417 1777 465 livorem,
1811 417 2000 468 invidiam,
2020 432 2126 470 syco-

1149 471 1325 522 phantias,
1353 474 1498 512 insidias
1512 505 1523 526 ,
1544 476 1738 528 perniciem
1760 477 1884 527 timet,
1911 492 1955 515 an
1974 479 2036 528 qui
2055 493 2125 516 non

1149 532 1272 569 timet?
1296 534 1357 583 qui
1381 535 1517 583 multis,
1546 550 1590 573 an
1615 537 1675 586 qui
1694 537 1794 574 nullo
1814 537 1971 606 indiget?
1987 539 2048 589 qui
2065 539 2122 576 in-

1148 593 1325 639 numeris⁷
1354 609 1397 632 an
1429 596 1490 645 qui
1522 597 1613 634 nulli
1643 598 1778 635 servit?
1807 600 1868 648 qui
1894 600 2016 637 multis
2035 615 2124 652 opus

1147 651 1266 701 habet,
1282 668 1327 691 an
1340 655 1505 704 (1111111101-
1516 658 1590 694 ess,
1608 658 1668 707 qui
1685 673 1795 696 unum
1811 659 1911 697 timet
1924 660 2121 709 dominum,

1146 726 1189 749 an
1212 713 1271 762 qui
1292 725 1494 753 sexcentos
1487 716 1504 742 9
1532 716 1627 767 E1g0
1646 719 1758 769 major
1782 719 1841 757 hic
1868 721 2033 772 voluptas
2057 731 2120 759 est

1144 773 1243 810 Hanc
1262 774 1382 824 itaque
1402 785 1589 826 sectemur,
1611 791 1722 829 neque
1740 781 1972 830 praesentibus
2003 782 2121 820 inhie-

1144 847 1179 868 m
1185 847 1223 869 us
1233 848 1243 880 3
1256 834 1316 870 sed
1323 834 1503 872 derideam
1510 850 1549 872 us
1561 849 1699 874 omnem
1708 839 1789 876 vitae
1798 840 1943 886 fastum,
1950 851 1983 879 et
1990 842 2121 892 ubique

1143 892 1290 928 modum
1310 907 1489 931 servemus
1502 923 1511 939 ‚
1532 903 1569 931 ut
1597 897 1772 946 possimus
1791 899 1882 936 hanc
1911 901 2024 938 vitam
2047 903 2120 940 sine

1142 966 1290 989 moerore
1318 954 1532 1004 transigere,
1567 964 1599 992 et
1625 958 1796 1006 promissa
1826 962 1990 1010 consequi
2009 962 2117 1011 hona,

1140 1012 1254 1062 gratia
1273 1021 1305 1049 et
1326 1013 1543 1064 benignitate
1562 1017 1707 1053 Domini
1723 1019 1834 1056 nostri
1855 1022 1939 1058 Jesu
1968 1022 2118 1070 Christi,

1140 1072 1283 1122 quicum
1306 1074 1402 1111 Patri
1424 1084 1457 1111 et
1475 1076 1627 1127 Spiritui
1642 1087 1761 1116 sancto
1782 1079 1909 1130 gloria,
1928 1081 2119 1133 imperium

1138 1133 1265 1182 honor,
1297 1149 1389 1173 nunc
1413 1145 1446 1173 et
1465 1151 1622 1189 semper,
1643 1147 1676 1175 et
1695 1138 1729 1176 in
1750 1141 1878 1178 saecula
1895 1142 2114 1182 saeculorum.

1138 1196 1262 1232 Amen.

420 1489 598 1525 ΟΜΙΛΙΑ
626 1487 689 1539 νγ’.

44 1608 184 1655 Ἀνέστη
206 1608 241 1647 δὲ
269 1612 286 1646 6
315 1609 474 1659 βασιλεὺς
497 1610 555 1647 καὶ
575 1613 592 1648 6
608 1610 763 1660 ἡγεμὼν,
781 1610 804 1656 ἥ
823 1627 860 1648 τε
879 1611 1026 1661 Βερνίκη
1046 1642 1056 1660 ,

95 1669 154 1706 καὶ
183 1672 213 1707 οἱ
246 1670 501 1721 συγκαθήμενοι
524 1673 654 1714 αὐτοῖς·
686 1672 745 1709 καὶ
770 1673 1057 1724 ἀναχωρήσαντες

94 1730 235 1768 ἐλάλουν
260 1731 345 1781 πρὸς
366 1731 554 1777 ἀλλήλους,
568 1730 746 1782 λέγοντες·
763 1732 814 1769 ὅτι
834 1732 927 1770 οὐδὲν
949 1733 1056 1771 Θανά-

41 1796 44 1798 ’
92 1806 150 1827 του
180 1790 270 1834 ἄξιον
293 1791 314 1836 ἢ
335 1792 470 1840 δεσμῶν
503 1791 651 1842 πράσσει
683 1795 700 1829 6
732 1792 910 1843 ἅνθρωπος
943 1786 1052 1835 οἶτος.

92 1850 283 1902 Ἀγρίππας
309 1851 342 1888 δὲ
375 1854 423 1902 τῷ
452 1851 587 1903 Φήστῳ
619 1852 705 1903 ἔφη·
729 1852 959 1892 ἀπολελύσθαι
981 1851 1056 1889 ἐδύ-

91 1926 173 1948 νατο
192 1916 209 1949 6
229 1912 406 1962 ἅνθρωπος
439 1906 553 1958 οὗτος,
577 1914 606 1949 εἷ
639 1912 686 1962 μὴ
719 1913 930 1958 ἐπεκέκλητο
961 1912 1054 1951 Καί-

91 1987 193 2022 σαρα.

86 2093 182 2145 τὈρα
215 2098 287 2138 πῶς
310 2095 369 2132 καὶ
397 2095 501 2133 πάλιν
521 2096 608 2148 ὑπὲρ
628 2099 730 2136 αὐτοῦ
750 2099 974 2150 ψηφίζονται·
994 2101 1052 2138 καὶ

36 2155 124 2203 μετὰ
147 2156 185 2192 τὸ
204 2158 324 2202 εἰπεῖν,
345 2157 462 2208 Μαίνῃ
483 2187 491 2201 ,
518 2161 658 2209 ἀφιᾶσιν
679 2159 791 2204 αὐτὸν,
812 2162 848 2197 οὐ
873 2165 931 2198 τοῦ
948 2161 1051 2199 θανά-

32 2231 109 2261 του,
128 2216 215 2252 ἀλλὰ
234 2216 292 2253 καὶ
312 2219 379 2253 τῶν
396 2218 552 2267 δεσμῶν·
570 2218 629 2255 καὶ
652 2219 766 2256 τέλεον
789 2218 827 2255 ἂν
853 2223 1000 2271 ἀφῆκαν,
1021 2225 1049 2259 εἴ

33 2275 80 2324 μὴ
97 2276 260 2327 Καίσαρα
279 2277 501 2323 ἐπεκέκλητο.
517 2278 621 2315 Ἀλλὰ
637 2282 737 2316 τοῦτο
751 2280 975 2329 οἰκονομικῶς
990 2282 1049 2332 γε’-

29 2350 124 2386 γονεν
142 2352 148 2358 ·
169 2337 206 2372 οὐ
227 2336 328 2385 μόνον
352 2336 387 2373 δὲ
412 2341 524 2383 τοῦτο,
543 2338 633 2374 ἀλλὰ
659 2338 718 2374 καὶ
741 2338 778 2375 τὸ
804 2339 892 2388 μετὰ
911 2341 1047 2391 δεσμῶν

29 2397 200 2434 ἀπελθεῖν.
232 2396 326 2433 ’ἸΔιὰ
348 2400 448 2434 τοῦτο
475 2397 571 2448 ἔλεγε
587 2430 596 2444 ,
616 2398 734 2451 Μέχρι
756 2400 892 2449 δεσμῶν
918 2404 964 2443 ὡς
985 2417 1046 2438 κα-

28 2459 180 2509 κοῦργος.
203 2459 246 2495 1Ξῖ
265 2456 332 2509 γὰρ
351 2461 367 2495 6
388 2458 511 2509 Κύριος
529 2461 632 2496 αὐτοῦ
656 2459 744 2508 μετὰ
769 2462 906 2510 ἀνόμων
927 2462 1043 2513 ἐλογί-

27 2520 90 2564 σθη
106 2547 114 2562 ,
148 2519 268 2569 πολλῷ
298 2519 428 2568 μᾶλλον
455 2513 551 2562 οὗτος
566 2535 573 2542 ·
596 2522 671 2558 ἀλλ’
697 2520 815 2574 ὥσπερ
835 2524 962 2566 ἐκεῖνος
981 2525 1043 2561 οὐκ

25 2576 230 2622 ἐκοινώνησε
247 2580 308 2623 τῆς
325 2577 441 2626 δόξης,
464 2578 570 2622 οὕτως
590 2580 664 2618 οὐδὲ
681 2575 788 2624 οὗτος.
805 2581 857 2620 Τὸ
875 2582 942 2635 γὰρ
962 2587 1043 2621 oau-

25 2637 155 2685 μαστὸν
175 2637 252 2675 τότε
275 2638 453 2690 φαίνεται,
473 2639 513 2677 τὸ
533 2641 813 2691 ἀναμεμιγμένον
826 2642 959 2686 τούτοις
974 2661 1041 2694 μη-

24 2696 78 2735 δὲν
95 2701 177 2751 παρ’
201 2700 312 2735 αὐτῶν
334 2699 561 2749 βλάπτεσθαι.
581 2700 645 2743 (Ως
667 2701 701 2738 δὲ
722 2702 839 2755 ἐκρίθη
861 2707 920 2740 τοῦ
952 2706 1038 2743 ἀπο-

23 2759 121 2796 πλεῖν
138 2763 231 2809 ἡμᾶς
252 2762 297 2802 εἷς
317 2759 379 2806 τὴν
400 2759 565 2808 Ἰταλίαν,
586 2762 787 2814 παρεδίδουν
805 2764 862 2801 τόν
884 2780 921 2801 τε
938 2766 1040 2804 Παῦ-

21 2820 77 2856 λον
93 2819 151 2856 καί
165 2835 259 2863 τινας
275 2820 409 2873 ἑτέρους
423 2820 601 2871 δεσμώτας
618 2824 856 2875 ἑκατοντάρχῃ
870 2855 879 2871 ,
895 2825 1038 2875 ὀνόματι

23 2877 177 2931 Ἰουλίῳ,
210 2880 353 2932 σπείρας
391 2881 575 2928 σεέαστῆς.
609 2882 818 2927 Ἐπιέαντες
854 2885 889 2923 δὲ
926 2887 1037 2938 πλοίῳ

20 2939 283 2994 Ἀδραμυτηνῷ,
308 2943 489 2993 μέλλοντες
509 2945 608 2981 πλεῖν
625 2943 703 2988 τοὺς
728 2946 818 2983 κατὰ
838 2945 900 2993 τὴν
921 2947 1036 2985 Ἀσίαν

17 3000 141 3045 τόπους
154 3033 163 3049 ,
181 3003 393 3054 ἀνήχθημεν,
413 3004 508 3047 ὄντος
526 3004 585 3042 σὺν
607 3008 692 3055 ἡμῖν
708 3006 934 3060 Ἀριστάρχου
952 3010 1035 3047 Μα-

16 3063 150 3106 κεδόνος
168 3064 465 3107 Θεσσαλονικεως.
485 3067 580 3116 Γη
563 3066 597 3104 οὲ
616 3066 718 3119 ἑτέρα
738 3068 962 3120 κατηγΟημεν
988 3073 1033 3112 εἰς

15 3123 166 3160 Σιδῶνα.

15 3181 251 3234 Αρίσταρχ.ος
274 3186 396 3226 Καλῶς
424 3185 482 3221 καὶ
513 3186 696 3238 χρησίμως
717 3188 884 3240 πάρεστιν
903 3194 920 3228 6
946 3189 1033 3241 Ἀρί-

16 3259 181 3295 σταρχος
221 3242 355 3293 μέλλων
388 3246 525 3282 ἅπαντα
548 3247 778 3298 ἀπαγγελλειν
808 3251 855 3293 εἷς
875 3251 911 3287 Μ
916 3265 1032 3289 ακεοο

188 3123 284 3175 “Ορα
305 3139 409 3175 μεχρι
429 3140 495 3162 που
522 3141 728 3199 συνερχεται
746 3144 794 3179 τῳ
821 3129 954 3167 Παυλω
974 3130 1034 3168 καὶ

62 3375 73 3389 ³
90 3369 137 3398 διὰ
155 3371 241 3398 τοῦτο
258 3368 338 3407 ἔλεγε
355 3364 446 3397 deest
462 3365 493 3396 111
511 3365 639 3400 codem.

1073 1487 1120 1512 397

1457 1490 1667 1529 HOMILIA
1698 1494 1792 1533 LIII.

1133 1607 1220 1644 CAP.
1246 1608 1387 1648 XXVI.
1408 1625 1444 1648 v.
1468 1612 1529 1649 50.
1551 1615 1605 1650 Et
1627 1619 1841 1653 exsurrexit
1859 1631 1927 1654 rex
1950 1633 2113 1669 ,proeses

1185 1676 1220 1704 et
1232 1670 1407 1716 Bernice,
1425 1680 1460 1708 et
1475 1675 1541 1722 qui
1557 1675 1781 1712 assidebant
1794 1679 1847 1713 eis
1867 1693 1877 1712 :
1899 1678 1960 1714 51.
1978 1688 2015 1716 et
2027 1694 2112 1717 cum

1183 1732 1450 1776 secessissent,
1482 1732 1741 1783 loquebantur
1759 1737 1844 1772 ad
1830 1740 2021 1785 invicem,
2047 1742 2112 1776 di—

1183 1797 1341 1826 centes:
1365 1760 1480 1827 ΛΊίΙίίΖ
1503 1801 1623 1829 morte
1652 1803 1720 1831 aut
1751 1798 1922 1834 vinculis
1950 1799 2110 1849 dignum

1170 1850 1275 1901 fecit
1301 1851 1362 1887 lzzc
1384 1853 1510 1889 homo.
1542 1855 1604 1891 52.
1627 1854 1806 1907 Agrippa
1834 1867 1962 1895 autem
1990 1862 2107 1897 Festo

1181 1913 1280 1950 dixit
1298 1928 1305 1949 ε
1326 1915 1484 1951 Dimitti
1498 1925 1650 1966 poterat
1669 1919 1782 1956 homo
1803 1921 1880 1967 liic,
1903 1924 1936 1958 si
1952 1935 2030 1959 non
2041 1937 2109 1974 ap-

1176 1975 1363 2024 pellasset
1395 1977 1601 2015 Caesarem.

1178 2098 1212 2135 ’1,
1244 2096 1334 2136 Vide
1361 2099 1540 2148 quomodo
1577 2115 1719 2139 rursum
1748 2118 1812 2155 pro
1839 2106 1902 2143 illo
1928 2107 2105 2146 calculum

1076 2159 1098 2187 B
1121 2157 1238 2194 ferunt
1256 2173 1263 2193 :
1285 2159 1390 2196 etiam
1412 2170 1601 2211 postquam
1624 2164 1746 2201 Festus
1765 2164 1917 2216 dixerat,
1934 2171 2104 2218 Insanis,

1122 2219 1311 2257 absolvunt
1331 2221 1434 2258 illum
1454 2251 1465 2269 ,
1484 2236 1553 2260 non
1568 2224 1684 2261 solum
1700 2239 1719 2261 a
1735 2235 1846 2263 morte
1863 2257 1872 2273 ,
1890 2228 1949 2265 sed
1964 2230 2069 2267 etiam
2084 2245 2105 2268 a

1120 2280 1301 2330 vinculis;
1338 2296 1378 2318 ae
1408 2282 1554 2320 demum
1589 2284 1808 2323 dimisissent
1834 2287 1901 2325 nisi
1931 2290 2105 2328 Caesarem

1119 2340 1341 2391 appellasset.
1356 2344 1493 2380 Verum
1503 2344 1569 2381 hoc
1585 2359 1629 2382 ex
1646 2346 1868 2397 providentia
1880 2349 2012 2387 factum
2026 2360 2076 2388 est
2088 2367 2100 2401 3

1118 2413 1187 2437 non
1210 2402 1325 2438 solum
1348 2411 1467 2440 autem
1492 2404 1571 2453 hoc,
1598 2405 1660 2442 sed
1680 2407 1785 2444 etiam
1804 2408 1897 2458 quod
1924 2424 2004 2447 eum
2023 2411 2101 2448 vin-

1118 2462 1207 2500 culis
1239 2463 1363 2502 abiret
1384 2464 1468 2502 Ideo
1498 2465 1665 2515 dicebat,

1121 2527 1235 2573 quasi
1252 2526 1354 2562 male
1371 2539 1543 2576 operans.
1565 2527 1603 2565 Si
1620 2527 1714 2564 enim
1733 2529 1907 2567 Dominus
1924 2532 1997 2583 ejus
2020 2547 2101 2570 cum

1113 2582 1245 2633 iniquis
1262 2593 1446 2636 leputatus
1465 2595 1530 2633 est,
1556 2588 1669 2624 multo
1690 2588 1802 2638 magis
1822 2590 1908 2639 hic;
1931 2592 1992 2628 sed
2010 2593 2099 2630 sicut
2115 2606 2166 2635 28.

1113 2642 1173 2680 ille
1188 2644 1337 2694 gloriam
1358 2659 1425 2682 11011
1452 2647 1590 2685 culavit
1611 2677 1622 2696 ,
1646 2648 1694 2685 ita
1718 2663 1830 2699 neque
1846 2650 1914 2689 hic.
1933 2652 2099 2691 Admira-

1112 2704 1184 2741 bile
1203 2706 1296 2741 enim
1316 2715 1378 2753 est,
1401 2707 1498 2756 quod
1520 2707 1611 2744 inter
1630 2707 1710 2746 illos
1735 2710 1883 2757 mixtus,
1904 2712 1996 2749 nihil
2014 2713 2097 2751 inde

1112 2764 1233 2802 damni
1250 2766 1435 2817 acceperit.
1456 2769 1490 2803 1.
1517 2769 1567 2803 Ut
1586 2777 1715 2805 autern
1732 2771 2035 2824 clec7·etumsnit,
2053 2783 2094 2812 ut
2110 2772 2184 2802 CAP.
2197 2782 2300 2803 Hm»

1112 2839 1181 2862 nos
1194 2828 1463 2876 navigaremus
1481 2829 1521 2863 in
1537 2830 1562 2864 I
1561 2828 1711 2874 taliam,
1733 2831 1974 2869 tradiderunt
1987 2835 2093 2871 Pau-

1112 2889 1192 2924 lum
1212 2897 1247 2924 et
1271 2891 1458 2939 quosdam
1476 2891 1575 2927 alios
1595 2893 1747 2929 vinctos
1772 2897 1999 2943 centurioni,
2025 2911 2092 2933 no-

1110 2951 1212 2985 mine
1231 2950 1366 2996 lulio,
1390 2952 1558 2988 cohortis
1584 2952 1786 3002 Augustce.
1809 2957 1846 2991 9.
1873 2956 2092 2995 conscensa

1110 3012 1202 3046 navi
1217 3010 1495 3057 Adrumetina,
1517 3014 1738 3062 navigaturi
1754 3016 1859 3051 circa
1877 3015 1988 3053 Asiae
2004 3018 2092 3055 loca

1108 3074 1293 3111 solvimus
1307 3103 1320 3121 ,
1341 3083 1610 3124 perseverante
1632 3077 1827 3112 nobiscum
1855 3077 2089 3116 Aristarcho

1107 3136 1325 3172 Macedone
1343 3136 1684 3173 leessalonicensi.
1703 3138 1740 3173 5.
1763 3137 1944 3188 Sequenti
1959 3149 2088 3177 autem

1108 3192 1170 3229 die
1198 3193 1417 3243 appulimus
1440 3194 1629 3231 Sidonem.
1657 3193 1752 3231 Vide
1771 3209 1952 3246 quousque
1978 3198 2090 3235 comi—

1108 3261 1202 3291 tatur
1221 3254 1373 3291 Paulum
1398 3254 1635 3292 Aristarchus.
1659 3255 1751 3293 Bene
1779 3256 1883 3295 etiam
1904 3267 1936 3296 et
1956 3258 2090 3296 utiliter

1698 2469 1826 2520 Usque
1857 2471 1911 2507 ad
1938 2473 2149 2510 vzncula2·
2169 2471 2247 2498 Tim.
2272 2479 2303 2498 2·

2115 2566 2215 2593 Marc.
2238 2566 2283 2595 15,
