2502 3810
737 251 779 280 IN
817 249 958 279 Et‘tST.

108 342 202 385 θους,
219 338 277 375 καὶ
297 336 365 375 ἀπὸ
386 337 446 381 τῆς
467 333 684 380 δυναστείας,
708 335 766 371 καὶ
791 333 859 371 ἀπὸ
878 337 936 370 τοῦ
957 331 1124 378 πλούτου,

106 398 164 434 καὶ
187 397 255 435 ἀπὸ
280 399 347 434 τῶν
379 394 660 448 κατορθωμάτων
683 395 749 431 τῶν
781 396 814 431 ἐν
839 393 1002 444 πολέμῳ·
1037 391 1126 429 ἀλλὰ

73 475 85 481 ’
109 457 222 495 πάντα
239 456 308 494 ι’τόι
333 456 422 494 ἄλλα
455 455 568 507 ἀφεὶς,
596 454 653 492 διὰ
679 458 778 492 τοῦτο
798 454 902 499 αὐτὴν
925 452 1126 505 μακαρίζω,

106 518 158 555 ὅτι
176 517 234 555 καὶ
254 519 319 561 ζῶν
341 519 455 558 αὐτοῖς
475 516 603 566 ἔγραφε
620 544 630 561 ,
659 514 718 552 καὶ
736 513 843 557 οὕτως
861 513 982 556 αὐτοὺς
1001 512 1128 563 ἐφίλει,

107 577 166 615 καὶ
191 577 310 629 παρὼν
333 578 447 620 αὐτοῖς
466 576 648 627 διελέχθη,
668 575 802 612 καὶτὸν
832 573 904 624 βίον
932 576 1003 611 ἐκεῖ
1029 572 1131 610 κατέ-

106 639 199 675 λυσε.
229 638 293 675 Διὸ
319 637 378 675 καὶ
407 636 575 685 ἐπίσημος
594 638 615 681 ἢ
636 635 734 678 πόλις
758 636 909 671 ἐντεῦθεν
932 635 1076 683 μᾶλλον,
1107 630 1129 676 ἢ

108 698 177 735 ἀπὸ
193 701 260 735 τῶν
281 698 394 735 ἄλλων
428 697 591 734 ἁπάντων
604 711 612 719 ·
634 695 693 733 nat
725 694 882 747 καθάπερ
916 696 1019 743 σῶμα
1039 692 1130 744 μέγα

108 758 167 796 καὶ
207 759 361 810 ἰσχυρὸν,
393 756 590 809 ὀφθαλμοὺς
619 757 692 807 ἔχει
712 755 772 793 δύο
804 755 1032 804 λάμποντας,
1061 756 1129 791 τῶν

109 817 215 868 ἁγίων
231 818 360 855 ”cod-„mv
378 817 421 855 τὰ
441 816 602 867 σώματα.
616 818 695 869 Οὐχ
713 815 826 857 οὕτως
846 815 938 852 ἐστὶν
956 818 973 852 ὅ
989 813 1131 866 οὐρανὸς

110 879 270 931 λαμπρὸς
286 908 295 926 ,
315 879 395 916 ὅταν
424 881 494 929 ἀφῇ
514 877 575 920 τὰς
595 880 737 918 ἀκτῖνας
751 879 768 913 ὁ
783 876 878 921 ἥλιος
892 907 902 922 ,
923 878 969 918 ὡς
990 879 1011 921 ἦ
1035 874 1130 912 Ῥω-

114 938 224 989 μαίων
244 939 343 982 πόλις
359 939 420 982 τὰς
445 938 503 976 δύο
517 937 646 980 ταύτας
661 936 848 987 λαμπάδας
866 940 1047 987 πανταχοῦ
1070 938 1133 981 τῆς

111 1000 314 1050 οἰκουμένης
348 1003 499 1051 ἀφιεῖσα.
523 998 676 1035 Ἐκεῖθεν
703 996 944 1048 ἇρπαγήσεται
972 997 1110 1038 Παῦλος
1127 1026 1136 1041 ,

112 1064 239 1099 ἐκεῖθεν
261 1061 403 1112 Πέτρος.
420 1059 631 1105 Ἐννοήσατε
650 1058 709 1095 καὶ
728 1056 867 1108 φρίξατε
883 1086 892 1101 ,
917 1051 984 1094 οἷον
1011 1057 1134 1107 ὄψεται

112 1120 224 1170 θέαμα
240 1119 363 1169 ξΡώμη
377 1149 386 1166 ,
404 1120 461 1156 τὸν
481 1120 619 1156 Παῦλον
637 1117 799 1171 ἐξαίφνης
819 1115 1046 1165 ἀνιστάμενον
1065 1116 1134 1152 ἀπὸ

112 1182 173 1225 τῆς
202 1180 309 1226 θήκης
343 1180 474 1225 ἐκείνης
496 1177 584 1228 μετὰ
613 1177 773 1230 Πέτρου,
794 1176 852 1214 καὶ
883 1175 1063 1227 αἰρόμενον
1086 1177 1134 1219 εἷς

114 1240 308 1286 ἀπάντησιν
328 1243 387 1277 τοῦ
409 1238 538 1290 Κυρίου
555 1253 563 1261 ·
586 1232 654 1276 οἷον
675 1237 882 1276 ἀποστέλλει
914 1239 963 1288 τῷ
992 1238 1135 1288 Χριστῷ

110 1308 123 1324 ⁶
136 1303 231 1355 ῥόδον
250 1306 272 1349 ἡ
293 1300 417 1352 εΡώμη
431 1333 440 1349 ,
465 1301 554 1345 οῗους
574 1300 760 1352 στεφάνους
779 1303 800 1346 ἢ
821 1299 920 1343 πόλις
939 1300 1134 1350 περίκειται

112 1364 170 1402 δύο
181 1394 190 1411 ,
207 1363 279 1406 οἵας
297 1369 428 1414 χρυσᾶς
448 1362 584 1405 ἁλύσεις
601 1361 783 1405 διέζωσται
796 1393 807 1407 ,
828 1360 900 1403 οἵας
915 1361 987 1412 ἔχει
1002 1359 1131 1411 πηγάς.

110 1425 177 1462 Δια
199 1429 307 1462 ταῦτα
344 1423 510 1473 θαυμάζω
529 1422 591 1469 τὴν
626 1421 739 1468 πόλιν,
769 1423 806 1459 οὔ
839 1421 895 1459 διὰ
916 1421 972 1458 τὸν
1003 1420 1133 1472 χρυσὸν

110 1484 168 1521 τὸν
188 1483 308 1530 πολὺν,
326 1485 363 1521 οὐ
383 1483 439 1520 διὰ
454 1482 532 1525 τοὺς
547 1482 662 1525 κίονας
676 1511 685 1527 ,
708 1483 746 1520 οὐ
763 1480 819 1518 διὰ
835 1480 898 1526 τὴν
919 1481 1030 1526 ἄλλην
1050 1496 1133 1532 φαν-

112 1543 248 1590 τασίαν,
269 1543 357 1582 ἀλλὰ
379 1544 435 1581 διὰ
452 1542 530 1586 τοὺς
560 1543 702 1585 στύλους
724 1545 786 1588 τῆς
814 1541 1029 1588 Ἔκκλησίας
1049 1541 1132 1579 τού-

113 1620 204 1648 τους.

166 1671 230 1714 Τίς
264 1687 322 1721 μοι
352 1673 410 1708 νῦν
430 1669 536 1708 ἔδωκε
557 1674 786 1722 περιχυθῆναι
804 1672 854 1722 τῷ
881 1669 1019 1720 σώματι
1038 1670 1136 1708 Παύ-

111 1733 193 1779 λου,
222 1732 280 1770 καὶ
312 1733 580 1784 προσηλωθῆναι
612 1734 662 1782 τῷ
699 1731 822 1784 τάφῳ,
857 1730 916 1768 καὶ
945 1730 1006 1778 τὴν
1043 1732 1136 1769 κόνιν

113 1793 196 1829 ἰδεῖν
214 1797 273 1830 τοῦ
292 1791 451 1842 σώματος
481 1790 608 1829 ἐκείνου
628 1796 687 1829 τοῦ
718 1791 762 1829 τὰ
793 1791 1019 1843 ὑστερήματα
1048 1794 1136 1829 ἀνα-

113 1853 362 1905 πληρώσαντος
381 1857 440 1889 τοῦ
465 1854 618 1904 Χριστοῦ
631 1883 641 1901 ,
660 1856 718 1890 τοῦ
739 1852 783 1890 τὰ
803 1853 978 1904 στίγματα
1003 1855 1138 1904 βαστά-

114 1930 254 1962 σαντος,
282 1919 341 1952 τοῦ
373 1916 553 1964 πανταχοῦ
575 1914 614 1950 τὸ
640 1913 804 1965 κήρυγμα
824 1914 1137 1967 κατασπείραντος,

113 1975 176 2022 τὴν
206 1975 298 2014 κόνιν
322 1975 451 2013 ἐκείνου
470 1980 529 2013 τοῦ
550 1974 710 2026 σώματος
723 2006 732 2023 ,
754 1976 794 2012 δι’
813 1969 851 2012 οὗ
871 1981 1053 2027 πανταχοῦ
1075 1977 1139 2015 διέ-

115 2037 226 2088 δραμε
239 2052 246 2059 ·
262 2034 323 2082 τὴν
343 2035 435 2073 κόνιν
452 2039 510 2073 τοῦ
526 2035 714 2086 στόματος,
734 2037 776 2073 δι’
799 2030 837 2073 οἷ
854 2036 1002 2087 Χριστος
1021 2025 1139 2089 ἐφθέγ-

114 2112 193 2147 γετο
207 2126 217 2144 ,
235 2097 295 2134 καὶ
310 2096 349 2134 τὸ
367 2099 438 2147 φῶς
459 2096 630 2148 ἐξέλαμψε
647 2096 686 2133 τὸ
704 2096 820 2143 πάσης
842 2099 1022 2150 ἀστραπῆς
1041 2101 1139 2148 λαμ-

114 2157 293 2209 πρότερον,
316 2157 375 2194 καὶ
397 2156 492 2208 φωνὴ
516 2157 708 2204 ἐξεπήδησε
728 2157 844 2203 πάσης
865 2160 1010 2209 βροντῆς
1030 2159 1138 2211 <poge-

116 2218 249 2269 ρωτέρα
289 2223 359 2260 τοῖς
393 2217 557 2267 δαίμοσι,
590 2219 631 2255 δι’
665 2212 703 2255 οὗ
744 2219 783 2256 τὸ
823 2219 994 2271 μακάριον
1029 2222 1139 2259 ἐκεῖνο

113 2277 298 2329 ἐφθέγξατο
340 2280 436 2329 ῥῆμα
466 2279 574 2329 λέγων
590 2293 597 2301 ·
654 2278 825 2330 Ηῦχόμην
863 2279 1020 2330 ἀνάθεμα
1051 2275 1138 2319 εἶναι

110 2337 198 2390 ὑπὲρ
217 2341 284 2375 τῶν
304 2338 460 2388 ἀδελφῶν
488 2353 570 2388 μου,
595 2339 638 2376 δι’
660 2333 697 2375 οῦ
719 2338 835 2376 ἐλάλει
863 2340 1013 2378 ἐναντίον
1038 2344 1138 2391 βασι-

113 2397 218 2446 λέων,
243 2398 302 2436 καὶ
325 2399 387 2436 οὐκ
405 2397 600 2450 ᾐσχύνετο,
631 2399 674 2436 δι’
699 2392 736 2437 οὗ
767 2400 907 2436 Παῦλον
942 2401 1138 2451 ἐμάθομεν,

114 2460 157 2496 δι’
180 2453 217 2496 οῦ
237 2458 293 2496 τὸν
326 2457 468 2496 Παύλου
493 2458 694 2506 Δεσπότην,
716 2461 796 2510 Οὐχ
830 2459 937 2503 οὕτως
969 2464 1054 2511 ἡμῖν
1071 2461 1087 2481 ‘¹
1115 2465 1136 2508 ἡ

114 2518 238 2571 βροντὴ
261 2518 418 2570 φοὸερὸν,
437 2521 483 2561 ὥς
514 2519 628 2564 ἐκείνη
653 2526 724 2563 τοῖς
740 2519 900 2570 δαίμοσιν
921 2524 942 2567 ἡ
965 2522 1073 2573 φωνή.
1094 2524 1138 2560 Εἰ

112 2578 179 2632 γὰρ
207 2578 251 2616 τὰ
284 2579 408 2629 ἱμάτια
441 2581 542 2617 αὐτοῦ
574 2579 748 2632 ἔφριττον,
768 2582 888 2632 πολλῷ
925 2584 1056 2631 μᾶλλον
1075 2583 1138 2629 τὴν

113 2639 241 2691 φωνήν.
275 2637 371 2685 Αὕτη
402 2638 600 2688 δεδεμένους
629 2639 752 2682 αὐτοὺς
781 2640 930 2692 ἤγαγεν,
964 2641 1049 2689 αὕτη
1075 2641 1138 2690 τὴν

114 2700 318 2750 οἰκουμένην
355 2699 579 2752 ἐξεκάθηρεν,
606 2699 692 2745 αὕτη
727 2699 770 2737 τὰ
803 2700 986 2751 νοσήματα
1019 2702 1138 2751 ἔλυσε,

114 2764 238 2800 κακίαν
271 2761 449 2809 ἐξέοαλεν,
477 2761 640 2807 ἀλήθειαν
661 2761 879 2813 ἐπανήγαγε,
897 2763 954 2801 τὸν
988 2765 1139 2816 Χριστὸν

115 2817 206 2875 εἶχεν
224 2822 474 2874 ἐγκαθήμενον,
495 2822 554 2859 καὶ
571 2824 644 2872 μετ’
664 2824 766 2860 αὐτοῦ
787 2828 968 2874 πανταχοῦ
994 2824 1119 2876 προῄει
1132 2841 1139 2848 ·

117 2944 229 2996 θάπερ
247 2943 315 2995 γὰρ
335 2943 393 2981 ἐπὶ
422 2945 490 2980 τῶν
511 2944 688 2994 δυνάμεων
709 2943 848 2981 ἐκείνων
869 2944 1035 2992 ἐκάθητο,
1054 2945 1143 2983 οὕτω

116 3003 176 3040 καὶ
197 3003 256 3040 ἐπὶ
273 3004 336 3047 τ’ἧς
356 3007 414 3040 τοῦ
433 3003 578 3040 Παύλου
597 3002 769 3053 γλώττης.
794 3003 864 3041 Καὶ
882 3003 948 3056 γὰρ
981 3004 1060 3048 ἀξία
1084 3010 1144 3043 τοῦ

119 3061 282 3105 δέςασθαι
295 3061 352 3099 τὸν
367 3062 519 3114 Χριστὸν
531 3063 676 3113 ἐγένετο,
691 3064 805 3100 ἐκεῖνα
818 3063 1032 3116 φθεγγομένη
1053 3066 1071 3085 *
1082 3065 1144 3115 μό-

119 3137 190 3169 νον,
211 3122 232 3158 a
251 3123 299 3173 τῷ
335 3122 477 3174 Χριστῷ
506 3123 589 3174 φίλα
607 3118 663 3171 ἦν,
691 3124 751 3161 καὶ
787 3124 873 3177 πρὸς
902 3125 986 3177 ὕψος
1016 3126 1146 3177 ἄφατον

121 3182 296 3231 ἱπταμένη
317 3181 474 3232 καθάπερ
504 3183 547 3221 τὰ
578 3183 752 3236 Σεραφίμ.
773 3185 820 3224 Τι’
843 3185 909 3238 γὰρ
935 3186 1146 3238 ὑψηλότερον

166 3317 183 3341 b
208 3314 287 3357 [Sic
302 3317 341 3348 A.
361 3315 457 3359 Vulg.
476 3321 584 3350 ταῦτα.
599 3317 677 3348 Mox
695 3325 770 3360 post
786 3323 928 3353 κατέλυσε
944 3319 1074 3354 addunt
1090 3322 1128 3353 A.

123 3374 155 3398 et
172 3376 276 3408 marg.
296 3365 398 3398 Savil.
414 3368 463 3400 καὶ
479 3372 513 3401 τὸ
530 3371 611 3409 ἅγιον
627 3376 714 3410 σῶμα
733 3370 922 3412 κατέχουσ;.]

169 3428 181 3441 0
206 3418 323 3462 [δῶρον
343 3419 380 3450 Α.
397 3425 429 3449 et.
447 3427 549 3461 marg.
569 3418 687 3460 savit]

999 249 1057 278 AD
1092 247 1201 277 ROM.

114 2884 175 2922 καὶ
195 2883 279 2935 ὅπερ
294 2877 336 2929 ἦν
349 2882 393 2920 τὰ
407 2882 606 2933 Χερουὸὶμ,
619 2886 718 2921 τοῦτο
736 2886 757 2929 ἡ
780 2884 922 2922 Παύλου
938 2885 1048 2936 φωνή.
1065 2888 1142 2923 Κα-
1150 2865 1201 2931 7Ἆὸ
1213 2882 1308 2919 enim
1332 2881 1369 2919 in
1385 2878 1580 2919 virtutibus
1600 2877 1686 2928 illis,

2159 226 2179 238 ,δ’

1242 247 1398 277 nomn„
1438 246 1579 275 xxxu.
2088 227 2179 272 833

1201 345 1219 367 a
1240 329 1521 382 pulchritudine,
1543 344 1560 367 a
1581 328 1704 380 populi
1721 326 1931 377 frequentia,
1950 323 2148 377 apotentia,
2165 338 2183 360 a

1201 390 1386 438 divitiis,a
1408 390 1513 427 rebus
1533 389 1673 426 inbello
1687 388 1826 427 fortiter
1839 385 1957 437 gestis.
1977 383 2045 423 Sed
2066 383 2185 421 missis

1203 450 1335 488 caeteris
1353 450 1530 497 omnibus,
1548 449 1628 487 ideo
1648 449 1746 486 illam
1763 448 1903 485 beatam
1925 443 2184 497 praedico,quia

1204 511 1335 548 Paulus
1349 520 1382 548 et
1394 510 1482 548 dum
1500 510 1637 549 viveret
1650 510 1722 547 illis
1739 507 1890 560 scripsit,
1908 516 2013 557 atque
2029 506 2124 557 ipsos
2136 505 2184 541 ita

1203 571 1393 620 dilexit,ac
1413 585 1563 622 praesens
1583 570 1678 622 ipsos
1699 570 1901 619 alloquutus
1919 576 1982 614 est,
2005 567 2187 616 vitamque

1203 632 1337 670 ibidem
1345 631 1638 680 clausit.Ideoque
1648 631 1731 668 hinc
1743 631 1870 667 clarior
1878 637 1927 666 est
1936 628 2071 676 civitas,
2079 641 2186 677 quam

1205 707 1248 730 ex
1271 692 1351 729 aliis
1375 691 1561 728 omnibus:
1581 704 1622 727 ac
1642 688 1943 740 quemadmodum
1970 702 2098 739 corpus
2114 702 2187 724 mn-

1205 766 1315 803 gnum
1327 760 1360 789 et
1367 751 1554 788 robustum
1564 749 1654 787 duos
1665 749 1726 785 illa
1737 749 1822 785 urbs
1831 748 2063 784 habetoculos
2074 748 2169 797 splen
2178 769 2187 774 -

1205 812 1337 860 dentes,
1348 813 1476 850 horum
1490 810 1654 849 videlicet
1669 809 2042 859 sanctorum'corpora.
2053 809 2130 845 Non
2140 808 2188 844 ita

1206 872 1364 925 splendet
1384 872 1524 921 eaelum,
1549 884 1629 907 cum
1642 869 1762 907 radios
1781 868 1832 905 sol
1850 867 1990 914 emittit,
2010 876 2049 904 ut
2062 868 2190 904 Roma-

1208 948 1334 971 norum
1351 933 1436 970 urbs
1457 932 1546 969 (luas
1568 931 1648 967 illas
1667 930 1828 966 lucernas
1850 928 1982 964 habens
1999 942 2059 978 per
2078 937 2190 964 totum

1207 995 1331 1032 orbem
1356 994 1471 1031 lucem
1499 993 1706 1030 emittentes.
1736 991 1828 1027 Hinc
1854 989 2010 1041 rapietur
2036 990 2191 1037 Paulus,

1206 1055 1290 1091 hinc
1299 1056 1435 1092 Petrus.
1448 1053 1608 1103 Cogitate
1626 1061 1659 1089 et
1676 1049 1925 1096 exhorrescite,
1944 1048 2039 1099 quod
2058 1058 2192 1100 specta-

1208 1115 1327 1152 culum
1347 1114 1468 1153 visura
1488 1114 1533 1150 sit
1548 1115 1672 1161 Roma,
1685 1112 1838 1150 Paulum
1863 1109 2030 1148 videlicet
2052 1119 2193 1160 repente

1208 1191 1253 1214 ex
1272 1176 1335 1213 illa
1348 1176 1447 1213 theca
1465 1189 1547 1212 cum
1561 1176 1665 1212 Petro
1682 1182 1937 1224 resurgentem,
1960 1180 1993 1209 et
2012 1171 2193 1208 sublatum

1207 1238 1243 1275 in
1265 1251 1451 1275 occursum
1463 1235 1610 1274 Domini
1628 1251 1636 1271 z
1657 1235 1799 1285 qualem
1818 1248 1933 1271 rosam
1952 1232 2093 1270 Christo
2114 1232 2195 1269 mit-

1207 1299 1250 1336 tit
1275 1297 1550 1348 Roma,quibus
1576 1296 1714 1334 coronis
1737 1295 1823 1332 urbs
1851 1294 1911 1331 illa
1931 1291 2190 1339 circumdatur,

1208 1359 1339 1410 quibus
1357 1358 1472 1395 aureis
1491 1357 1620 1394 catenis
1640 1356 1809 1406 cingitur,
1833 1369 1920 1405 quos
1939 1354 2044 1391 habet
2062 1351 2192 1390 fontes!

1208 1422 1396 1472 Propterea
1424 1419 1548 1456 urbem
1575 1417 1756 1462 admiror,
1776 1430 1845 1453 non
1867 1424 2012 1467 propter
2030 1415 2106 1451 auri
2126 1428 2189 1452 co—

1206 1480 1315 1533 piam,
1336 1479 1393 1517 vel
1412 1488 1553 1530 propter
1568 1478 1749 1516 columnas
1768 1476 1949 1527 aliumque
1967 1476 2109 1523 fastum,
2131 1475 2193 1514 sed

1207 1552 1352 1596 propter
1365 1542 1430 1580 has
1447 1540 1609 1579 Eeclesiae
1628 1540 1823 1578 columnas.

1262 1665 1301 1703 5.
1335 1665 1426 1712 Quis
1444 1664 1533 1701 mihi
1569 1677 1665 1700 nunc
1684 1661 1837 1711 dederit,
1865 1669 1905 1698 ut
1927 1674 2054 1713 corpus
2088 1660 2192 1698 Pauli

1210 1727 1492 1778 circumplectar,
1522 1734 1561 1762 ut
1599 1724 1761 1775 sepulcro
1792 1723 1958 1772 liaeream,
1991 1731 2031 1758 ut
2069 1721 2194 1773 pulve-

1211 1800 1285 1823 rem
1315 1784 1459 1822 videam
1487 1783 1644 1835 corporis
1664 1783 1760 1820 illius
1781 1796 1859 1832 quae
1888 1781 2030 1820 Christo
2048 1780 2194 1818 deerant

1211 1846 1453 1898 adimplentis,
1486 1845 1649 1895 stigmata
1685 1844 1783 1881 illius
1817 1844 1998 1895 gestantis,
2019 1843 2194 1895 przedica-

1210 1908 1342 1945 tionem
1362 1906 1496 1956 ubique
1511 1904 1801 1943 disseminantis?
1822 1904 2020 1955 pulverem,
2035 1903 2194 1953 inquam,

1211 1971 1308 2008 illius
1321 1970 1491 2022 corporis,
1508 1983 1570 2021 per
1586 1969 1684 2019 quod
1699 1968 1830 2018 ubique
1843 1967 2066 2005 discurrebat
2086 1983 2093 2003 :
2113 1966 2195 2018 pul-

1210 2046 1331 2070 verem
1363 2030 1535 2082 corporis,
1567 2044 1630 2081 per
1651 2029 1746 2080 quod
1773 2028 1936 2067 Christus
1966 2027 2191 2078 loquebatur,

1212 2102 1245 2130 et
1266 2093 1330 2130 lux
1346 2091 1551 2144 splendebat
1563 2090 1658 2128 omni
1677 2090 1818 2141 fulgure
1833 2089 1976 2138 clarior,
1997 2097 2030 2125 et
2045 2102 2118 2127 vox
2133 2102 2194 2125 ex-

1212 2153 1351 2191 siliebat
1366 2153 1494 2204 quovis
1512 2152 1646 2190 tonitru
1668 2150 1891 2188 daemonihus
1911 2149 2120 2198 terribilior,
2133 2161 2196 2200 per

1212 2214 1308 2265 quod
1320 2214 1463 2252 beatum
1475 2212 1565 2250 illud
1577 2211 1714 2249 dictum
1736 2210 1916 2249 emittebat
1932 2226 1939 2246 ε
1964 2211 2084 2261 Cupio
2099 2223 2196 2246 ana-

1213 2275 1343 2312 thema
1363 2288 1443 2311 esse
1450 2287 1521 2325 pro
1534 2274 1736 2326 fratribus
1756 2274 1848 2308 meis
1865 2275 1880 2307 Ρ
1896 2284 1960 2322 per
1972 2269 2068 2320 quod
2076 2269 2197 2319 loque-

1210 2336 1316 2374 batur
1335 2348 1455 2372 coram
1486 2333 1643 2383 regibus,
1661 2345 1724 2369 nec
1739 2330 1967 2368 erubescebat
1989 2345 1996 2365 :
2020 2344 2083 2381 per
2102 2329 2198 2380 quod

1211 2397 1364 2435 Paulum
1383 2394 1588 2442 didicimus,
1620 2402 1653 2430 et
1672 2392 1775 2430 Pauli
1802 2392 2024 2430 Dominum?
2049 2393 2129 2429 Non
2149 2392 2198 2429 ita

1210 2457 1344 2496 tonitru
1367 2455 1468 2493 nobis
1479 2453 1706 2492 formidabile
1724 2462 1790 2502 est,
1806 2462 1846 2490 ut
1862 2467 1931 2491 vox
1952 2452 2013 2490 illa
2028 2452 2198 2489 daemoni-

1209 2519 1291 2557 bus.
1312 2519 1404 2556 Nam
1439 2516 1469 2554 si
1505 2515 1716 2554 vestimenta
1747 2515 1822 2565 ejus
1850 2514 2055 2563 horrebant,
2083 2514 2199 2551 multo

1210 2579 1325 2630 magis
1338 2591 1474 2617 vocem.
1487 2577 1572 2613 Haec
1591 2575 1730 2613 vinctos
1749 2574 1830 2612 illos
1847 2574 1966 2622 duxit,
1987 2574 2063 2611 haec
2078 2574 2199 2612 orbem

1210 2638 1440 2692 expurgavit,
1460 2637 1534 2674 haec
1567 2636 1710 2673 morbos
1729 2635 1851 2685 solvit,
1873 2634 2068 2685 nequitiam
2087 2648 2198 2686 expu-

1209 2700 1266 2749 lit,
1283 2699 1470 2738 veritatem
1502 2695 1661 2744 reduxit,
1700 2695 1884 2733 Christum
1904 2694 2113 2732 insidentem
2131 2696 2199 2732 ha-

1210 2759 1301 2809 buit,
1313 2768 1347 2797 et
1361 2773 1442 2796 cum
1459 2757 1522 2794 illo
1537 2769 1827 2807 quoquoversum
1842 2755 2009 2807 prodibat
2029 2771 2037 2791 :
2054 2764 2086 2792 ct
2103 2755 2199 2805 quod

1212 2821 1281 2873 ipsi
1302 2818 1497 2858 Cherubini
1530 2826 1643 2865 erant,
1664 2816 1733 2854 hoc
1758 2825 1830 2853 erat
1852 2825 1885 2853 et
1907 2816 2013 2853 Pauli
2042 2829 2129 2854 vox.
2148 2817 2199 2854 Ut

1711 2877 1760 2914 ita
1775 2885 1809 2914 et
1830 2876 1866 2914 in
1886 2876 1989 2931 Pauli
2008 2890 2094 2915 voce
2115 2876 2200 2914 insi-

1212 2943 1333 2981 debat.
1353 2943 1446 2980 Nam
1464 2940 1570 2991 digna
1597 2938 1664 2976 fuit
1693 2951 1771 2988 quae
1798 2937 1981 2975 Christum
2007 2937 2199 2989 exciperet,

1214 3003 1278 3040 illa
1297 3011 1436 3040 tantum
1456 3002 1614 3051 loquens,
1629 3012 1709 3048 quae
1723 2998 1886 3035 Christus
1905 2997 2082 3049 diligeret,
2099 3007 2133 3035 et
2154 2996 2200 3035 ad

1215 3063 1434 3102 ineffabilem
1479 3061 1604 3099 volans
1645 3057 1885 3106 altitudinem,
1925 3068 1964 3095 ut
1997 3058 2198 3110 Seraphini.

1216 3124 1314 3172 Quid
1345 3124 1441 3162 enim
1469 3119 1660 3160 sublinnus
1678 3119 1740 3157 illa
1775 3133 1857 3159 voce
1873 3119 2040 3158 dicente:
2066 3121 2200 3159 Certus

1218 3200 1318 3237 sum,
1341 3186 1448 3237 quod
1462 3196 1584 3236 neque
1615 3181 1760 3234 angeli,
1799 3196 1922 3233 neque
1942 3185 2196 3235 principatus,

1235 3317 1250 3335 Α
1281 3312 1377 3346 Idem
1393 3313 1440 3355 [et
1457 3311 1513 3353 A.]
1529 3315 1545 3348 ἡ
1561 3315 1676 3354 βροντὴ
1689 3313 1811 3356 poa-poi.

1241 3365 1256 3380 ⁷⁶
1281 3368 1393 3409 [μόνον
1409 3367 1497 3398 abest
1516 3363 1550 3395 in
1571 3361 1626 3402 A.]

2244 1371 2326 1399 Pauli
2344 1382 2392 1399 eu<

2205 1414 2308 1440 comia.

2209 2232 2297 2261 Rom,
2314 2240 2343 2270 9.
2362 2230 2392 2259 3.

2214 3128 2395 3161 Rom-838.
