2466 3805
140 396 211 423 Luc.
244 404 286 424 12.

141 443 186 463 11.
211 444 255 465 12.

135 1798 242 1825 stianit.
269 1807 313 1827 10.

130 1846 180 1875 27.

127 2282 287 2322 psal-115.

127 2331 176 2350 22.

127 2467 239 2494 Jsulllt.
262 2475 292 2496 21

303 2489 307 2495 .
326 2463 421 2513 quod
440 2473 567 2502 terrere
594 2463 675 2500 illos
696 2471 821 2514 posset.
846 2462 938 2499 Nam
960 2461 1009 2498 ait
1028 2476 1034 2497 :

338 234 398 294 Oi
788 249 826 279 s.
864 248 1051 279 soimuls
1090 245 1333 276 cum'sosr.

337 332 529 369 verborum
551 332 681 370 Christi
697 363 707 381 ,
732 342 763 370 et
782 333 958 384 quomodo
977 330 1131 370 evenerit
1157 329 1195 366 id
1222 327 1318 379 quod

337 391 495 430 dicebat:
515 394 609 431 Cum
629 402 756 430 autem
779 395 932 430 tradent
946 406 1016 429 ‘vos
1035 395 1076 428 in
1091 392 1313 441 synagogis,

339 466 386 489 ne
401 453 557 489 solliciti
575 455 658 489 sitis
676 453 865 502 quomodo
882 461 949 488 aut
965 452 1059 503 quid
1075 451 1313 507 loquamiui:

335 512 494 564 Spiritus
518 515 617 549 enim
648 514 779 548 Patris
803 515 924 549 vestri
951 520 1026 560 est,
1049 513 1115 562 qui
1148 511 1318 561 loquitur

335 578 376 610 in
404 575 522 610 vobis.
556 573 651 623 Ergo
680 586 846 623 magnam
874 582 1079 625 acceperant
1106 572 1312 610 efficaciam.

336 633 434 680 Quid
453 647 537 671 vero
556 633 666 682 dicat,
684 633 793 671 audi:
817 635 1018 685 Principes
1043 634 1176 685 populi
1204 641 1239 671 et
1261 647 1315 671 se-

335 696 458 730 niores
486 694 624 730 Israel.
650 693 744 733 Vide
768 694 1036 747 philosophiam
1062 694 1151 743 viri,
1171 703 1204 731 et
1228 708 1315 745 quo—

335 752 439 790 modo
471 752 602 791 fiducia
634 754 761 806 plenus
792 755 882 793 nihil
915 755 1167 793 contumeliose
1197 753 1314 804 dicat,

332 813 394 852 sed
425 828 506 852 cum
530 815 663 852 honore
684 831 691 851 :
714 817 913 867 Principes
931 818 1087 868 populi,
1111 815 1251 867 inquit,
1279 824 1315 853 et

331 878 497 913 seniores
512 876 638 913 Israel
650 892 660 911 .-
682 876 718 914 9.
735 879 768 914 si
791 890 858 914 nos
874 878 988 914 hodie
1002 878 1263 929 dijudicamur
1274 879 1316 913 in
1338 877 1360 907 E

333 938 535 989 benefacto
561 939 726 975 hominis
749 939 908 990 infirmi,
931 941 971 975 in
992 952 1066 990 quo
1085 941 1156 976 iste
1185 938 1315 975 salvus

327 1000 461 1050 factus
484 1008 552 1045 est,
574 1000 637 1036 10.
661 1008 789 1037 notum
807 1003 856 1037 sit
878 1002 1009 1048 vobis,
1030 1009 1066 1037 et
1085 1002 1190 1036 omni
1212 999 1316 1050 plebi

337 1061 468 1099 [srael.
486 1062 633 1099 Strenue
647 1061 728 1098 illos
745 1076 764 1098 a
782 1061 958 1113 principio
975 1061 1180 1113 perstringit
1195 1069 1228 1098 et
1241 1075 1315 1098 car—

333 1122 409 1173 pit;
426 1123 497 1159 imo
516 1122 588 1160 illis
605 1122 723 1174 priora
753 1122 789 1159 in
809 1122 1015 1160 memoriam
1034 1130 1198 1169 revocat,
1220 1121 1317 1172 quod

334 1183 414 1220 illos
442 1182 487 1220 de
517 1182 688 1220 beneficio
708 1182 818 1233 injus
848 1191 996 1230 vocent,
1026 1196 1066 1219 ac
1096 1182 1125 1219 si
1151 1181 1282 1219 diceret
1306 1196 1312 1217 :

335 1244 468 1294 Utique
487 1243 669 1294 oportebat
700 1257 762 1280 nos
786 1243 853 1280 hac
872 1242 916 1280 de
945 1257 982 1280 re
1002 1243 1182 1289 coronari,
1214 1251 1317 1293 atque

334 1317 372 1345 ut
401 1306 575 1344 beneficos
591 1306 833 1358 promulgari3
855 1320 948 1343 nunc
976 1315 1093 1343 autem
1113 1306 1148 1343 in
1171 1306 1230 1357 jus
1251 1319 1317 1343 vo-

335 1380 477 1414 camur,
498 1364 579 1415 quia
609 1365 697 1402 bene
715 1364 865 1402 fecimus
895 1364 1030 1402 homini
1052 1364 1196 1401 infirmo
1211 1394 1222 1414 ,
1246 1377 1316 1401 non

334 1425 491 1478 potenti,
522 1439 590 1463 non
617 1424 750 1475 nobili3
770 1439 987 1476 quamqualn
1013 1433 1046 1462 et
1076 1424 1113 1463 in
1138 1424 1206 1462 hoc
1234 1425 1316 1475 quis

333 1486 516 1524 invidisset
530 1486 546 1523 ‚⁰

383 1551 420 1586 9,
433 1549 563 1599 Magna
584 1548 756 1600 gravitate
771 1547 959 1586 exordium
979 1549 1123 1600 plenum
1141 1557 1202 1585 est.
1222 1548 1315 1586 Hinc

331 1622 414 1646 vero
437 1608 634 1646 ostenditur
655 1608 748 1660 ipsos
775 1623 847 1647 sese.
871 1609 973 1646 malis
992 1608 1187 1660 implicare.
1213 1610 1314 1659 Quia

331 1673 371 1707 in
398 1672 550 1707 nomine
577 1671 670 1708 Jesu
692 1671 837 1708 Christi
855 1672 1068 1708 Nazareni.
1095 1669 1203 1717 Quod
1230 1670 1312 1708 illos

330 1730 485 1767 maxime
504 1730 752 1779 contristabat5
777 1729 911 1782 adjicit.
932 1730 1007 1767 Hoc
1026 1738 1099 1767 erat
1109 1759 1120 1778 ,
1138 1729 1235 1780 quod
1256 1730 1359 1769 (li-A

330 1790 430 1828 cebat
457 1791 527 1828 illis
557 1790 747 1828 Christus:
773 1791 884 1841 Quod
917 1793 958 1826 in
991 1803 1086 1827 aure
1119 1791 1308 1842 audistis,

325 1854 533 1904 pr(edieate
552 1867 663 1904 super
681 1861 793 1890 tecta.
810 1854 859 1889 In
882 1854 1035 1888 nomine
1052 1852 1146 1889 Jesu
1166 1851 1312 1889 Christi

328 1915 544 1959 Nazareni‚
567 1927 677 1963 quem
698 1927 769 1951 ‘vos
787 1912 1055 1964 crucifixistis,
1076 1926 1188 1964 quem
1204 1913 1310 1950 Deus

325 1978 526 2012 suscitavit
539 1990 585 2012 er
602 1977 781 2021 mortuis,
803 1977 843 2011 in
861 1975 930 2011 Ιιοε
947 1976 1017 2011 iste
1033 1974 1165 2010 adstat
1179 1987 1310 2011 eoram

325 2037 435 2073 vobis
466 2049 596 2073 sanus.
618 2035 672 2072 Ne
699 2034 852 2086 putetis,
882 2034 1019 2084 inquit,
1049 2047 1111 2070 uos
1136 2034 1311 2071 occultare

325 2096 478 2147 patriam
495 2097 552 2133 vel
572 2095 782 2147 passionem.
803 2096 923 2145 Quem
943 2108 1013 2131 vos
1033 2093 1282 2145 crucifixistis
1299 2123 1310 2143 ‚

327 2171 437 2208 quem
459 2159 565 2194 Deus
584 2160 786 2195 suscitavit
806 2171 852 2193 eir
878 2158 1059 2201 mortuis,
1083 2158 1125 2192 in
1144 2156 1216 2192 hoc
1243 2156 1311 2192 ille

326 2218 457 2255 adstat
483 2231 612 2255 coram
634 2219 745 2255 vobis
764 2230 895 2254 sanus.
917 2216 1051 2253 Iterum
1070 2215 1189 2267 passio
1207 2245 1218 2265 ,
1241 2216 1307 2253 ite-

325 2293 405 2316 rum
421 2279 640 2317 resurrectio.
660 2280 701 2316 ’11
717 2309 723 2315 .
738 2280 814 2316 Hie
835 2287 890 2316 est
908 2278 1027 2329 lapis,
1053 2280 1119 2329 qui
1134 2280 1311 2328 reproba-

326 2348 384 2376 tus
400 2348 454 2377 est
470 2354 495 2377 a
510 2342 620 2377 vohis
638 2339 935 2391 testificantibus,
959 2339 1174 2390 quifactus
1192 2346 1247 2375 est
1268 2341 1310 2375 in

324 2410 438 2452 caput
449 2402 593 2453 anguli.
610 2402 651 2438 In
665 2400 871 2437 memoriam
887 2399 972 2450 ipsis
988 2407 1129 2436 revocat
1144 2398 1307 2442 verbum,

1064 2462 1138 2511 Qui
1164 2461 1310 2499 cecide-

325 2528 375 2562 rit
402 2539 514 2577 super
538 2526 705 2576 lapidera
736 2525 856 2569 hune,
878 2523 1145 2575 confringetur
1161 2538 1174 2566 ‚·
1195 2536 1308 2574 super

326 2600 433 2636 quem
451 2600 543 2623 vero
562 2586 759 2632 ceciderit,
774 2592 942 2621 conteret
958 2597 1054 2620 eum.
1077 2584 1137 2620 12.
1156 2584 1210 2620 Et
1231 2596 1308 2620 non

325 2656 381 2684 est
407 2650 448 2684 iu
476 2648 555 2684 alio
585 2647 718 2699 aliquo
741 2646 859 2683 salus.
884 2643 1015 2690 Quales
1042 2652 1147 2695 putas
1179 2657 1224 2681 ex
1251 2643 1309 2680 his

323 2708 442 2745 verbis
463 2708 543 2745 illos
572 2707 695 2760 plagas
727 2706 930 2758 accepisse?
956 2707 1037 2743 Nec
1071 2708 1173 2743 enim
1199 2706 1311 2743 aliud

326 2782 463 2805 nomen
481 2776 538 2805 est
559 2770 628 2806 sub
642 2768 736 2805 coelo
758 2768 893 2804 datum
911 2768 1129 2804 hominibus
1145 2795 1154 2813 ‚
1172 2768 1213 2803 in
1234 2779 1308 2818 quo

325 2837 495 2879 oporteat
517 2842 583 2865 nos
602 2829 731 2866 salvos
740 2828 846 2880 fieri.
866 2827 933 2864 Hic
953 2835 986 2864 et
1007 2826 1172 2865 sublimia
1194 2826 1309 2877 loqui-

327 2899 392 2926 tur.
413 2889 567 2936 Quando
585 2888 679 2925 euim
698 2902 765 2925 non
786 2897 837 2925 est
857 2887 996 2937 aliquid
1014 2887 1182 2939 praeclare
1201 2901 1308 2939 agen—

326 2950 411 2987 dum
426 2950 511 2997 ‚sed
533 2958 668 2987 tantum
690 2963 770 2986 cum
797 2948 959 2985 libertate
980 2947 1218 2998 loquendum,
1239 2962 1308 2986 non

326 3012 470 3062 paicit:
488 3025 557 3049 nou
578 3010 673 3048 enim
693 3010 861 3057 timebat,
887 3023 930 3046 ne
954 3009 1309 3060 pe1··st1ingeret.Nec

328 3072 420 3109 ‹tixit
452 3071 675 3124 simpliciter,
712 3072 777 3109 Pe1
807 3069 941 3117 alium·
963 3068 1041 3117 sed,
1074 3070 1162 3107 Non
1183 3077 1238 3107 est
1269 3072 1309 3106 in
1334 3075 1357 3106 C

1332 1703 1362 1727 82

1333 2408 1356 2437 Β

372 3202 384 3215 *
405 3202 414 3241 [
430 3206 477 3233 xxi
500 3201 625 3232 omittit
642 3201 696 3239 D„
722 3198 854 3230 inclusit
871 3197 1031 3241 Com-mel.
1049 3209 1173 3240 nosque
1200 3197 1332 3239 secuti,]

373 3259 382 3271 ²
400 3252 462 3284 llic
479 3251 629 3294 quaedam
650 3251 745 3283 addit
770 3250 924 3283 Morellus
936 3273 942 3284 ,
959 3260 1029 3292 quae
1047 3250 1080 3282 in
1102 3249 1173 3282 aliis
1190 3261 1256 3282 non
1274 3248 1330 3280 ha-

329 3305 460 3345 buntur,
477 3312 509 3336 et
526 3305 641 3335 scriem
659 3300 896 3335 interturbant.
917 3301 1032 3343 [Panto
1046 3303 1174 3334 aumA,
1194 3303 1228 3333 Β.
1245 3302 1283 3334 C,
1300 3308 1332 3332 et

329 3358 359 3387 δ’
363 3356 427 3387 uit.
444 3370 480 3397 γε
473 3362 514 3388 '12
507 3370 537 3395 ι,
553 3358 643 3388 καὶδε
647 3360 749 3387 imunt,
759 3360 802 3388 ὅτι
819 3358 925 3387 αὐτόει
919 3353 994 3387 ‘..D
1008 3356 1037 3386 δε
1041 3358 1151 3387 ἰινυται
1168 3357 1226 3386 ἐντ.
1233 3360 1314 3393 ,etC
1322 3353 1331 3392 l

405 3406 518 3438 lltus=
509 3422 535 3440 :v
553 3411 633 3448 κ’)ὶῳ
652 3422 666 3444 η
687 3422 715 3439 σο
706 3412 826 3451 κηρία.

1374 247 1397 274 Α
1409 246 1462 275 RC
1470 247 1590 278 HIEP.
1629 249 1715 278 CON
1724 248 1804 278 STA
1813 250 1996 281 M‘INOP.

1387 332 1612 384 συναγωγὰς,
1633 334 1680 384 μὴ
1703 335 1961 385 μεριμνήσητε,
1998 339 2070 380 πῶς
2111 337 2132 382 ἢ
2163 338 2195 375 τί
2220 339 2408 385 λαλήσετε·

1389 390 1426 428 τὸ
1440 391 1506 442 γὰρ
1526 394 1673 444 Πνεῦμα
1693 398 1752 432 τοῦ
1784 395 1920 446 Πατρὸς
1942 398 2038 445 ὑμῶν
2061 399 2137 435 ἐστι
2164 397 2203 435 τὸ
2228 400 2354 436 λαλοῦν
2375 403 2407 438 ἐν

1389 454 1484 502 ὑμῖν.
1507 452 1593 505 Ἄρα
1613 454 1785 506 ἐνεργείας
1802 457 1934 502 πολλῆς
1954 457 2139 496 ἀπέλαὸον.
2158 458 2205 496 Τι’
2224 458 2258 496 δὲ
2274 460 2333 496 καὶ
2352 460 2408 497 λέ-

1387 528 1456 563 γει,
1489 513 1653 552 ἄκουσον·
1681 513 1864 568 Ἄρχοντες
1893 521 1952 554 τοῦ
1980 519 2065 555 λαοῦ
2093 519 2151 556 καὶ
2182 519 2408 572 πρεσὸύτεροι

1387 578 1446 612 τοῦ
1466 573 1622 626 Ἰσραήλ.
1637 574 1734 627 (Ὀρα
1753 576 1954 628 φιλοσοφίαν
1976 578 2114 628 ἀνδρὸς,
2133 580 2278 624 καὶπῶς
2291 581 2406 632 γέμων

1385 634 1583 687 παρρησίας
1614 635 1710 674 οὐδὲν
1746 636 1944 688 ὑδριστικὸν
1970 637 2172 689 φθέγγεται,
2193 640 2284 678 ἀλλὰ
2320 641 2408 691 μετὰ

1386 697 1506 745 τιμῆς·
1530 694 1712 748 Ἄρχοντες
1744 700 1803 734 τοῦ
1826 698 1931 745 λαοῦ,
1961 697 2067 749 φησὶ,
2095 699 2154 736 καὶ
2181 701 2407 752 πρεσέύτεροι

1385 759 1445 794 τοῦ
1467 756 1628 809 Ισραὴλ,
1649 759 1678 794 εἰ
1696 761 1797 808 ἡμεῖς
1824 757 1974 810 σήμερον
1989 759 2245 811 ἀνακρινόμεθα
2265 761 2322 799 ἐπὶ
2351 764 2408 800 εὖ-

1388 817 1525 869 εργεσία
1547 817 1728 869 ἀνθρώπου
1760 820 1959 861 ἀσθενοῦς’
1945 835 1979 856 εν
2003 819 2070 857 τίνι
2090 823 2185 863 οὗτος
2208 820 2406 871 σέσωσται,

1386 877 1538 928 γνωστὸν
1558 895 1646 916 εστιι)
1661 895 1766 918 πασιν
1783 882 1879 929 ὑμῖν,
1899 896 1958 918 και
1978 897 2082 919 παντι
2097 897 2146 918 τιι)
2159 883 2234 918 λαῶ
2249 882 2405 935 Ισραήλ.

1386 939 1526 990 Σφόδρα
1550 942 1663 978 αὐτῶν
1695 916 1858 991 γενναίως
1890 941 2072 993 καθήψατο
2105 943 2174 980 ἀπὸ
2201 946 2261 980 τοῦ
2282 959 2406 995 προοι-

1387 999 1483 1049 μίου,
1501 1000 1559 1038 καὶ
1579 1000 1821 1039 διεκωδώνισε·
1843 1002 1974 1050 μᾶλλον
1993 1001 2027 1038 δὲ
2048 1001 2168 1046 αὐτοὺς
2182 1003 2198 1021 *
2213 1003 2303 1052 [καὶ]
2325 1003 2406 1041 ἀνέ-

1388 1076 1498 1109 μνησε
1517 1064 1584 1098 τῶν
1603 1060 1794 1113 προτέρων,
1821 1062 1873 1099 ὅτι
1904 1063 1956 1099 ἐπ’
1981 1063 2157 1116 εὐεργεσία
2179 1063 2301 1107 αὐτοὺς
2331 1065 2406 1115 κρί-

1386 1136 1517 1175 νουσιν,
1543 1122 1670 1160 ὡσανεὶ
1694 1122 1808 1173 ἔλεγε·
1832 1123 1985 1173 μάλιστα
2018 1123 2078 1174 μὲν
2099 1126 2204 1177 ἐχρῆν
2223 1129 2407 1177 στεφανοῦ-

1388 1185 1468 1219 σθαι
1489 1185 1583 1233 ἡμᾶς
1605 1183 1661 1221 ἐπὶ
1679 1182 1810 1226 τούτοις
1824 1213 1833 1231 ,
1854 1183 1913 1221 καὶ
1941 1187 1986 1227 ὡς
2018 1185 2194 1236 εὐεργέτας
2214 1185 2408 1237 ἀνακηρύτ-

1386 1246 1525 1280 τεσθαι·
1544 1247 1600 1281 νῦν
1623 1242 1658 1281 δὲ
1679 1243 1738 1280 καὶ
1759 1243 1945 1295 κρινόμεθα
1960 1244 2016 1283 ἐπὶ
2036 1245 2213 1298 εὐεργεσίᾳ
2227 1245 2406 1296 ἀνθρώπου

1388 1305 1569 1350 ἀσθενοῦς,
1596 1303 1672 1355 οὐχὶ
1701 1303 1883 1349 πλουσίου,
1904 1305 1981 1356 οὐχὶ
2014 1306 2199 1352 δυνάστου,
2220 1306 2297 1357 οὐχὶ
2318 1307 2405 1344 ἐνδό-

1388 1363 1442 1407 ξου
1457 1380 1463 1387 ·
1484 1364 1597 1404 καίτοι
1618 1367 1651 1403 ἐν
1667 1364 1778 1416 τούτῳ
1797 1364 1849 1408 τίς
1866 1365 1905 1403 ἂν
1919 1365 2107 1414 ἐὸάσκηνε,

1440 1550 1579 1597 Πολλῆς
1601 1550 1792 1602 βαρύτητος
1819 1554 1840 1597 ἡ
1868 1550 2057 1603 ἐπαγγελία
2075 1550 2193 1601 γέμειῖ
2221 1550 2406 1588 Δείκνυται

1387 1608 1421 1647 δὲ
1442 1610 1596 1648 ἐντεῦθεν
1610 1639 1619 1656 ,
1634 1609 1686 1647 ὅτι
1707 1609 1802 1647 αὐτοὶ
1821 1609 1962 1653 ἑαυτοὺς
1977 1608 2239 1661 ρπεριπείρουσι
2258 1615 2327 1651 τοῖς
2343 1624 2406 1646 κα·

1385 1676 1468 1713 κοῖς.

1337 1730 1494 1782 Αραίου.
1509 1730 1557 1769 Ο
1579 1730 1732 1782 μάλιστα
1755 1730 1874 1775 αὐτους
1899 1731 2030 1778 ἐλυπει,
2050 1730 2269 1784 προστίθησι
2292 1731 2407 1767 Τοῦτο

1495 1669 1581 1708 Ὀτι
1610 1673 1643 1709 ἐν
1665 1673 1713 1722 τῷ
1734 1670 1878 1721 ὀνόματι
1898 1671 2015 1717 Ἰησοῦ
2031 1671 2183 1722 Χριστοῦ
2203 1673 2262 1708 τοῦ
2284 1671 2407 1712 Ναζω-

1383 1796 1424 1839 ἠν
1443 1792 1522 1844 ἄρα,
1538 1791 1556 1829 ὃ
1574 1792 1687 1843 ἔλεγεν
1708 1794 1821 1835 αὐτοῖς
1835 1796 1852 1830 ὃ
1868 1791 2035 1844 Χριστός·
2051 1790 2133 1829 *Ὀ
2116 1790 2288 1838 ηκούσατε
2307 1791 2352 1832 εἰς
2369 1790 2407 1828 τὸ

1384 1857 1456 1900 οὓς,
1474 1851 1643 1905 κηρυξατε
1672 1853 1727 1890 ἐπὶ
1745 1855 1811 1890 τῶν
1834 1853 1933 1903 δωμ
1913 1868 2018 1891 σιτων.
2034 1851 2154 1890 “’ἐΟτι
2139 1868 2172 1889 εν
2192 1853 2242 1887 τῶ
2261 1849 2405 1901 ὀνόματι

1384 1913 1498 1960 Ἰησοῦ
1514 1914 1666 1966 Χριστου
1680 1929 1738 1951 του
1717 1912 2001 1964 ΝΝαζωραίου,
1985 1929 2019 1950 ον
2035 1914 2133 1961 υμεῖς
2149 1910 2405 1961 ἐσταυρώσατε,

1383 1974 1418 2011 ὃν
1436 1977 1453 2012 ὃ
1473 1973 1599 2017 Θεὸς”
1577 1989 1714 2025 ηγειρεν
1730 1976 1769 2012 ἐκ
1784 1988 1926 2024 νεκρων,
1941 1974 1975 2010 ἐν
1995 1973 2107 2023 τούτω
2126 1975 2222 2013 οὗτος
2230 1971 2404 2022 παρέστη-

1383 2052 1419 2073 κε
1423 2052 1440 2073 ν
1458 2034 1600 2074 ενώπιον
1616 2039 1711 2086 υμων
1732 2035 1841 2085 ὑγιής.
1854 2034 1914 2081 Μὴ
1931 2033 2108 2083 νομίσητε,
2121 2047 2239 2083 φησιν,
2251 2031 2304 2070 ὅτι
2319 2033 2404 2083 κρύ-

1382 2113 1511 2146 πτομεν
1520 2096 1582 2144 τὴν
1595 2095 1780 2147 πατρίδαῆ
1794 2096 1832 2133 τὸ
1841 2093 2030 2138 πάθοςῘῸν
2044 2096 2141 2144 ὑμεῖς
2149 2091 2404 2144 ἐσταυρώσατε,

1382 2158 1416 2196 ὃν
1431 2157 1544 2200 ὁΘεὸς
1554 2158 1690 2209 ἤγειρεν
1701 2159 1739 2195 ἐκ
1750 2159 1891 2208 νεκρῶν,
1905 2157 1939 2193 ἐν
1954 2154 2063 2205 τούτῳ
2080 2153 2180 2195 αὐτὸς
2189 2152 2403 2204 παρέστηκεν

1383 2218 1526 2257 ἐνώπιον
1550 2220 1645 2268 ὑμῶν
1673 2218 1782 2269 ὑγιής.
1809 2217 1926 2255 Πάλιν
1944 2215 1982 2253 τὸ
2005 2216 2134 2261 πάθος,
2156 2214 2260 2252 πάλιν
2279 2216 2300 2259 ἡ
2319 2214 2401 2252 ἀνοί-

1383 2292 1512 2320 στασις.
1539 2276 1649 2319 Αὐτός
1682 2278 1774 2313 ἐστιν
1792 2279 1809 2313 ὃ
1827 2275 1919 2316 λίθος
1938 2278 1955 2312 ὁ
1975 2272 2207 2317 ἐξουθενωθεὶς
2223 2273 2279 2322 ὑφ’
2307 2273 2403 2321 ὑμῶν

1382 2340 1450 2375 τῶν
1470 2336 1740 2386 οἷκοδομούντων
1754 2366 1765 2382 ,
1784 2339 1801 2373 ὁ
1819 2334 2000 2385 γενόμενος
2026 2331 2243 2383 εἷς“κεφαλὴν
2263 2330 2402 2381 γωνίας.

1382 2397 1586 2448 Ἀνέμνησεν
1609 2396 1732 2438 αὐτοὺς
1761 2395 1820 2434 καὶ
1854 2394 2005 2446 ῥήματος
2035 2395 2153 2431 ἱκανοῦ
2175 2391 2339 2442 <poe-Rem·
2358 2390 2402 2429 ‘O

1380 2458 1495 2497 πεσὼν
1517 2457 1606 2511 γὰρ,
1624 2456 1740 2509 φησὶν,
1758 2456 1815 2494 ἐπὶ
1841 2455 1898 2492 τὸν
1924 2453 2016 2492 λίθον
2036 2456 2167 2499 τοῦτον,
2190 2451 2402 2498 συνθλασθή-

1382 2535 1500 2558 σεται·
1524 2521 1575 2570 ἐφ’
1600 2518 1635 2556 ὃν
1658 2519 1685 2554 δ’
1711 2516 1750 2554 ἂν
1770 2515 1884 2566 πέσῃ,
1904 2514 2068 2565 λικμήσει
2101 2512 2213 2550 αὐτόν.
2241 2511 2310 2549 Καὶ
2341 2512 2402 2549 οὐκ

1382 2580 1474 2618 ἔστιν
1504 2582 1561 2617 ῧέν
1583 2579 1678 2629 ἄλλῳ
1696 2577 1806 2615 οὐδενὶ
1820 2581 1841 2623 ἡ
1860 2575 2029 2626 σωτηρία.
2052 2573 2162 2616 Ποίας
2182 2572 2245 2610 οἴει
2265 2572 2403 2623 πληγὰς

1384 2641 1503 2685 αὐτοὺς
1518 2640 1708 2690 λαμὲάνειν
1724 2641 1762 2677 ἐκ
1779 2637 1908 2675 τούτων
1928 2640 1995 2674 τῶν
2019 2635 2182 2688 ῥημάτιον
2196 2649 2205 2682 ;
2226 2633 2320 2672 Οὔτε
2334 2632 2401 2685 γὰρ

1382 2704 1490 2754 ὄνομα
1517 2701 1632 2752 ἕτερόν
1652 2702 1747 2746 ἐστι,
1768 2715 1835 2737 υπο
1862 2714 1920 2736 τον
1940 2712 2081 2748 ουρανον
2106 2711 2145 2733 το
2166 2694 2344 2744 δεδομένον
2367 2696 2400 2732 ἐν

1383 2764 1575 2816 ἀνθρώποις
1588 2791 1597 2808 ,
1633 2764 1665 2800 ἐν
1697 2764 1725 2813 ᾦ
1756 2761 1805 2797 δεῖ
1829 2761 1979 2804 σωθηναι
2011 2760 2116 2807 ἧυας.
2138 2755 2180 2792 Ἐ
2183 2757 2311 2792 νταῦθα
2342 2754 2401 2792 καὶ

1383 2825 1499 2877 υψηλὰ
1528 2824 1721 2876 φθέγγεται.
1752 2820 1866 2858 σΟταν
1885 2817 2029 2870 *[γὰρ]
2049 2816 2097 2867 τιὴ
2117 2820 2139 2867 ἠ
2161 2832 2195 2853 τι
2220 2817 2402 2866 κατορθῶ-

1384 2902 1463 2934 σαι,
1492 2884 1583 2924 ἀλλα
1601 2882 1799 2935 παρρησίαν
1825 2879 2058 2923 ἐπιδείξασθαι
2089 2876 2208 2927 μόνον,
2228 2877 2266 2913 οὐ
2289 2875 2403 2927 φειδε-

1383 2963 1459 2986 ται·
1497 2962 1534 2983 ου
1557 2944 1624 2997 γὰρ
1658 2942 1840 2989 ἐδεδοίκει,
1876 2940 1924 2991 μὴ
1958 2938 2092 2989 πλήξῃ·
2123 2937 2181 2975 καὶ
2212 2938 2274 2974 οὐκ
2308 2939 2401 2974 εἶπεν

1385 3008 1520 3054 ἅπλῶς,
1541 3007 1582 3043 δι’
1604 3005 1728 3042 ἄλλου·
1752 3002 1849 3064 ἀλλ’ἶ,
1870 2999 1980 3038 Ουκ”
1963 3015 2053 3037 εστιν
2073 3001 2105 3036 ἐν
2127 2998 2221 3035 ἄλλιι)
2245 2995 2352 3034 οὐδενὶ
2379 2999 2401 3042 ἡ

1387 3066 1556 3118 σωτηρία
1569 3066 1584 3086 ¹³
1599 3066 1723 3112 δηλιι,)ν
1736 3079 1786 3100 οτι
1798 3066 1893 3103 οὗτος
1908 3064 2002 3111 ἧυας
2022 3075 2132 3098 σιοσαι
2147 3058 2300 3107 δύναται,
2318 3060 2403 3108 ὁμοῦ

1443 3197 1457 3212 “
1480 3197 1561 3241 [γάρ
1579 3195 1669 3226 abest
1689 3204 1706 3224 a
1726 3193 1765 3225 D.
1785 3190 1881 3224 Unde
1899 3188 2118 3230 inclusimus]

1443 3249 1552 3290 b[Ita
1571 3248 1611 3279 D
1638 3253 1669 3277 ct
1695 3245 1867 3276 Erasmus
1887 3241 1940 3272 illc
1970 3249 2077 3272 tamen
2102 3241 2134 3270 iu
2161 3242 2266 3277 οὕτως,
2292 3237 2344 3269 hic
2370 3239 2402 3269 in

1400 3306 1475 3343 ουᾶς
1502 3299 1705 3331 alienantes.
1730 3296 1846 3328 Cicteri
1871 3293 1960 3325 Editi
1988 3300 2019 3324 ct
2044 3289 2154 3324 Codd.
2175 3293 2333 3330 τουτέστιν,
2350 3303 2400 3322 ου*

1399 3369 1529 3392 τος....
1528 3366 1652 3386 wara!-
1670 3351 1766 3384 Tau-rr,
1784 3353 1833 3381 τὸν
1851 3354 1903 3383 σου
1890 3350 1935 3380 ’ἦν
1952 3349 2002 3379 αὐτ
2010 3354 2045 3378 ῶν
2063 3349 2184 3377 mrim-2
2189 3346 2230 3376 ιλε
2237 3342 2259 3383 ]
