2502 3810
686 267 729 296 IN
767 266 879 296 ACTA
918 265 1238 296 APOSTOLORUM
1247 286 1255 295 .

84 347 222 399 ιὨσπερ
238 346 305 400 γὰρ
321 346 412 390 εἴτις
428 345 533 393 σκεύη
550 346 730 399 ἀκάθαρτα
746 347 904 385 κλέπτων
923 347 956 391 ἐξ
971 347 1100 395 οἰκίας,

83 409 141 446 καὶ
159 409 287 459 ἐξάγων
315 408 454 446 πάντων
478 407 683 459 ἔμπροσθεν,
712 409 791 460 οὐχὶ
812 409 855 446 τὰ
875 409 1100 460 ὑφαιρεθέντα

82 469 210 520 ᾔσχυνε
229 472 405 515 τοσοῦτον,
426 467 503 505 ὅσον
525 468 625 512 αὐτὸς
645 469 778 516 ἑαυτὸν,
794 473 903 507 ταῦτα
929 469 1099 521 ὑφελόμε-

82 545 136 572 νος
155 529 213 566 καὶ
233 529 382 580 ἐξάγων·
406 529 494 567 οὕτω
519 529 559 576 δὴ
581 530 640 567 καὶ
659 525 773 576 οὗτος,
794 529 951 568 ἐκέαλὼν
969 530 1100 583 ἔμπρο-

82 595 159 628 σθεν
180 590 319 628 πάντων
340 590 521 642 ἀκάθαρτα
543 590 704 642 ῥήματα,
731 591 808 642 οὐχὶ
837 591 972 642 ἑτέρους
991 591 1116 642 5⁶79--

82 667 150 698 νεν,
166 652 241 688 ἀλλ’
261 652 380 689 ἑαυτὸν
396 651 452 689 διὰ
471 655 539 689 τῶν
562 651 739 703 ῥημάτων,
760 651 970 702 προαγαγὼν
986 655 1101 688 τοιαῦ-

82 728 125 749 τα
140 712 199 749 καὶ
222 712 490 763 καταρρυπάνας
507 715 610 750 αὐτοῦ
633 712 690 749 καὶ
708 712 769 758 τὴν
782 714 940 761 γλῶτταν
960 711 1019 749 καὶ
1037 711 1100 758 τὴν

83 772 248 810 διάνοιαν.
269 773 406 810 Toto-:bv
428 772 494 823 γὰρ
514 772 663 823 γίνεται,
681 772 764 810 ὅταν
783 771 867 823 πρὸς
887 771 964 814 τοὺς
992 787 1101 817 πονη-

84 833 161 883 ρους
179 831 389 884 μαχώμεθα,
409 832 528 883 ὥσπερ
544 832 583 868 ἂν
601 832 632 869 εἴ
648 848 696 875 τις
717 832 896 884 ἅνθρωπος
914 832 971 869 τὸν
988 834 1022 869 ἐν
1037 847 1101 876 ⁶⁷2-

82 894 199 929 πεδόνι
218 893 299 930 ὄντα
316 893 403 944 ὑπὲρ
426 897 485 930 τοῦ
513 891 641 937 πλῆξαι
662 891 790 942 μολύνῃ
824 892 957 938 ἑαυτὸν,
985 891 1101 934 καθεὶς

83 955 186 990 αὐτοῦ
209 953 269 995 τὰς
283 959 401 1003 χεῖρας
420 955 466 995 εἷς
480 952 537 990 τὸν
558 952 733 1004 βόρὸορον.
755 953 878 988 Ταῦτα
907 950 968 997 δὴ,
986 966 1100 1002 παρα-

83 1016 192 1060 καλῶ,
213 1013 327 1051 πάντα
348 1011 646 1062 ἀναλογιζόμενοι,
666 1010 847 1062 φεύγωμεν
863 1010 925 1056 τὴν
945 1012 1099 1047 ἐντεῦθεν

82 1073 230 1123 [stig-m,
246 1073 304 1110 καὶ
320 1073 469 1124 εὔφημον
487 1071 625 1121 ἔχωμεν
639 1073 809 1122 γλῶτταν,
826 1069 880 1107 ἵνα
896 1070 1099 1121 καθαρεύον-

79 1149 135 1176 τες
163 1135 278 1179 πάσης
309 1132 459 1183 ῧὸρεως,
482 1133 679 1180 δυνηθῶμεν
713 1130 801 1181 μετὰ
830 1130 1008 1183 ἀκριῧείας
1040 1130 1098 1168 τὸν

78 1193 232 1244 παρόντα
254 1193 326 1243 βίον
347 1191 522 1238 διανύσαι,
544 1191 603 1229 καὶ
618 1194 685 1229 τῶν
712 1191 981 1242 ἐπηγγελμένων
1009 1194 1095 1244 ἀγα-

79 1257 146 1292 θῶν
165 1260 235 1296 τοῖς
255 1256 437 1304 ἀγαπῶσιν
468 1253 567 1290 αὐτὸν
593 1253 782 1304 ἐπιτυχεῖν,
810 1252 930 1304 χάριτι
955 1253 1014 1289 καὶ
1046 1269 1099 1304 φι-

77 1313 278 1368 λανθρωπία
297 1316 356 1351 τοῦ
379 1314 504 1366 Κυρίου
523 1317 624 1363 ἡμῶν
644 1315 759 1360 Ἰησοῦ
778 1315 947 1366 Χριστοῦ,
969 1313 1045 1364 μεθ’
1060 1308 1098 1351 οῧ

77 1379 126 1427 τῷ
153 1375 268 1427 Πατρὶ
298 1375 371 1424 ἅμα
399 1377 448 1426 τῷ
483 1375 570 1426 ἁγίῳ
602 1373 785 1425 Πνεύματι
822 1374 920 1421 δόξα,
955 1375 1098 1426 κράτος,

76 1436 181 1486 τιμὴ,
201 1441 257 1474 νῦν
279 1435 337 1473 καὶ
352 1435 422 1484 ἀεὶ,
443 1435 502 1473 καὶ
523 1437 569 1479 εἷς
584 1434 661 1478 τοὺς
692 1437 820 1479 αἰῶνας
852 1437 920 1473 τῶν
950 1434 1098 1474 αἰώνων.

78 1497 198 1548 Ἀμήν.

451 1861 629 1899 omma
653 1859 704 1911 μ’.

74 1982 120 2022 ‘O
149 1982 184 2021 δὲ
212 1984 351 2027 Παῧλος
382 1983 432 2021 ἔτι
467 1982 680 2035 προσμείνας
709 1980 844 2034 ἡμέρας
868 1980 1001 2028 ἱκανὰς,
1024 1986 1095 2026 τοῖς

126 2046 284 2095 ἀδελφοῖς
314 2042 596 2093 ἀποταξάμενος,
627 2042 762 2086 ἐξέπλει
787 2045 834 2085 εἷς
865 2042 928 2089 τὴν
948 2041 1093 2093 Συρίαν,

126 2104 183 2140 καὶ
207 2103 267 2140 σὺν
289 2105 382 2154 αὐτῷ
404 2102 602 2154 Πρίσκιλλα
622 2102 680 2140 καὶ
701 2102 864 2150 Ἀκύλας,
889 2103 1094 2154 κειράμενος

125 2163 187 2211 τὴν
207 2163 359 2215 κεφαλὴν
381 2165 416 2201 ἐν
432 2165 626 2215 ΚεγᾸρεαῖς
640 2179 647 2186 ·
671 2157 743 2215 εἶχε
764 2163 832 2216 γὰρ
852 2163 969 2214 εὐχήν.

120 2347 220 2398 ςὈρα
260 2348 335 2389 πῶς
361 2349 378 2384 ὃ
403 2345 507 2396 νόμος
529 2344 812 2394 “καταλε’λυται,
847 2345 911 2399 ὅρα
939 2348 1014 2391 πῶς
1043 2349 1092 2400 τῷ

71 2407 240 2445 συνειδότι
261 2406 478 2458 κατείχοντο.
511 2408 624 2444 Τοῦτο
644 2406 834 2444 Ἰουδαϊκὸν
857 2401 899 2453 ἦν
918 2407 957 2445 τὸ
976 2407 1092 2459 κείρα-
1116 2411 1141 2441 D

69 2473 149 2507 σθαι
170 2467 232 2511 τὰς
249 2468 402 2520 κεφαλὰς
420 2467 498 2505 κατ’
518 2467 635 2519 εὐχήν.
657 2467 758 2514 Πλὴν
779 2467 847 2505 ἔδει
878 2468 938 2506 καὶ
970 2468 1092 2506 θυσίαν

69 2529 249 2579 γενέσθαι,
285 2528 360 2574 ἥτις
387 2529 448 2566 οὐκ
475 2528 609 2578 ἐγένετο
630 2528 719 2578 μετὰ
738 2529 777 2566 τὸ
796 2532 1013 2575 τυπτηθῆναι
1032 2529 1090 2567 τὸν

70 2589 267 2635 Σωσθένην.
296 2588 396 2625 Ἔδει
417 2589 578 2626 ἀπελθεῖν
600 2588 715 2627 αὐτόν.
746 2588 809 2626 Διὸ
826 2588 885 2626 καὶ
903 2588 1089 2640 ἐπείγεται.

69 2650 139 2687 Καὶ
166 2648 476 2702 παρακαλούμενος
503 2654 617 2698 μεῖναι
639 2649 724 2702 παρ’
747 2651 864 2693 αὐτοῖς
885 2651 917 2687 ἐν
936 2649 1089 2701 Ἐφέσῳ,

69 2712 131 2748 οὐκ
154 2710 326 2762 ἀνέχεται.
353 2712 456 2753 Τίνος
472 2703 529 2746 οἶν
545 2709 658 2747 ἕνεκεν
674 2710 779 2748 πάλιν
796 2710 858 2756 τὴν
878 2710 1090 2762 Ἀντιόχειαν

68 2771 356 2822 καταλαμὸάνει,
375 2769 521 2813 Ἀναὲὰς
539 2770 618 2821 γὰρ,
639 2771 739 2822 φησὶ,
764 2770 824 2808 καὶ
843 2771 1090 2820 ἀσπασάμενος

67 2831 129 2878 τὴν
149 2831 376 2880 Ἐκκλησίαν,
401 2831 531 2877 xci-..45⁷1
553 2834 600 2874 εἷς
622 2831 847 2883 Ἀντιόχειαν.
871 2831 1088 2881 Ἐπιθυμίαν

68 2887 140 2943 εἶχε
164 2896 226 2938 τῆς
247 2893 390 2938 πόλεως,
412 2892 531 2930 παθών
550 2909 584 2930 τι
617 2892 833 2944 ἀνθρώπινον
857 2893 943 2945 πρὸς
969 2893 1088 2939 αὐτήν·

67 2954 212 2990 ἐνταῦθα
237 2952 304 3005 γὰρ
324 2953 634 3004 ἐχρηματίσθησαν
665 2956 696 2991 οἱ
733 2954 888 3004 μαθηταὶ
906 2956 1089 2992 καλεῖσθαι

67 3014 290 3065 Χριστιανοὶ,
318 3016 463 3052 ἐνταῦθα
485 3016 661 3068 παρεδόθη
689 3019 732 3067 τῇ
762 3016 884 3067 χάριτι
904 3021 963 3054 τοῦ
982 3018 1088 3062 Θεοῦ,

66 3076 211 3111 ἐνταῦθα
239 3074 342 3119 ἤνυσε
370 3075 561 3126 πράγματα
591 3076 635 3114 τὰ
655 3076 744 3114 κατὰ
764 3077 803 3114 τὸ
826 3076 950 3128 δόγμα.
982 3076 1052 3114 Καὶ
1071 3079 1088 3114 ὃ

71 3134 132 3184 μὲν
152 3136 199 3176 εἷς
217 3133 345 3185 Συρίαν
360 3134 516 3178 ἐξέπλει·
543 3136 682 3180 τούτους
703 3136 738 3174 δὲ
762 3139 893 3189 ἀφῆκεν
912 3140 959 3180 εἷς
973 3137 1086 3189 Ἔφε-
1110 3139 1135 3170 Ε

65 3209 137 3240 σον,
154 3194 306 3238 εἰκότως,
327 3197 371 3237 ὡς
391 3194 599 3240 διδάξοντας.
620 3199 793 3235 Τοσοῦτον
813 3199 908 3249 αὐτῷ
929 3197 1090 3248 συγγενό-

73 3269 168 3304 μενοι
187 3254 325 3305 χρόνον,
343 3254 455 3292 πολλὰ
470 3255 596 3305 ἔμαθον
611 3271 618 3279 ·
646 3257 706 3294 καὶ
721 3256 815 3308 ὅμως
829 3261 892 3304 τῆς
910 3258 1089 3305 συνηθείας

73 3320 194 3364 αὐτοὺς
216 3321 279 3358 οὐκ
312 3322 490 3373 ἀπήγαγεν
524 3324 658 3363 οὐδέπω
688 3328 750 3372 τῆς
771 3325 975 3373 Ἰουδαϊκῆς.
998 3324 1088 3364 Ἰδοὺ

115 3457 128 3472 ⁰
153 3448 245 3481 L'uus
262 3451 454 3483 καταλύεται.

2098 254 2119 264 Π

1296 265 1451 295 ΗοΜιι..
1491 265 1564 295 Χι..
2066 251 2153 295 5³5

1176 361 1252 397 quse
1268 361 1322 385 res
1341 347 1477 384 domini
1494 346 1623 399 raptim
1640 345 1809 398 subripit:
1823 346 1904 384 talis
1919 354 1968 384 est
1981 355 2013 384 et
2033 356 2155 384 contu-

1174 408 1299 445 melia:
1317 417 1351 445 et
1386 417 1426 445 ut
1445 409 1525 459 quis
1555 407 1697 455 dixerit,
1716 408 1773 445 sur
1794 407 1972 459 ingressus
2001 408 2156 445 studiose

1174 468 1306 519 ubique
1324 469 1499 517 observat,
1524 468 1663 519 aliquid.
1698 469 1835 506 auferre
1870 483 1996 506 curans
2017 484 2025 505 :
2045 469 2095 506 sic
2123 478 2156 506 et

1173 528 1238 567 iste
1257 529 1373 566 omnia
1404 530 1644 581 circumspicit
1661 559 1670 576 ,
1690 539 1730 567 ut
1752 529 1890 580 aliquid
1909 530 2047 582 eripiat.
2075 530 2154 567 Alio

1173 590 1262 627 forte
1275 590 1438 641 exemplo
1454 590 1569 642 ipsum
1581 589 1825 642 depingemus.
1843 590 2154 638 Quemadmodum

1174 649 1203 687 si
1233 650 1314 700 quis
1345 664 1429 688 vasa
1451 650 1632 687 immunda
1668 650 1765 687 domi
1798 651 1950 701 furetur,
1976 661 2009 689 et
2036 665 2155 689 coram

1175 710 1339 747 omnihus
1359 710 1508 758 educat,
1528 725 1597 747 non
1618 719 1689 747 tam
1713 710 1816 747 illum
1833 710 1996 762 deturpat
2008 712 2154 757 furtum,

1173 783 1280 820 quam
1312 769 1387 820 ipse
1403 770 1644 821 semetipsum,
1677 770 1764 807 (lum
1783 771 1858 807 haec
1891 772 2003 808 aufert
2024 787 2031 807 :
2055 772 2104 809 sic
2123 782 2156 810 et

1172 829 1249 877 iste,
1269 829 1408 880 impura
1422 830 1530 867 verba
1554 843 1672 866 coram
1694 830 1858 867 omnibus
1877 832 2066 882 proferens,
2086 847 2155 870 non

1171 889 1259 925 alios
1273 889 1392 925 verbis
1407 889 1587 940 deturpat,
1609 889 1669 926 sed
1686 889 1856 940 seipsum,
1879 891 1962 927 talia
1977 893 2156 942 proferens

1172 947 1376 997 soedansque
1389 957 1422 985 et
1443 962 1478 985 se
1505 957 1538 985 et
1556 948 1715 998 linguam
1735 957 1768 985 et
1790 958 1957 986 mentem.
1995 950 2157 1001 ldipsum

1172 1006 1265 1043 enim
1284 1008 1337 1056 fit,
1356 1007 1498 1057 quando
1518 1008 1688 1046 adversus
1707 1009 1817 1046 malos
1835 1022 2047 1060 pugnamus,
2064 1024 2105 1047 ae
2129 1012 2156 1047 si

1170 1068 1250 1117 quis
1270 1068 1306 1105 in
1342 1069 1528 1120 putredine
1548 1079 1745 1108 versantem
1784 1078 1823 1106 ut
1850 1070 1966 1119 feriat,
2001 1071 2156 1122 seipsum

1171 1129 1393 1179 coinquinet,
1423 1144 1549 1167 manus
1597 1130 1634 1167 in
1676 1144 1815 1168 eoenum
1843 1130 2040 1168 demittens.
2074 1132 2158 1169 Haec

1171 1191 1304 1240 omnia,
1327 1205 1457 1241 quaeso,
1476 1191 1680 1243 cogitantes,
1696 1192 1874 1243 fugiamus
1885 1192 1953 1229 hoc
1968 1191 2155 1242 damnum,

1172 1261 1205 1289 et
1223 1253 1353 1289 bonam
1379 1253 1574 1291 habeamus
1605 1254 1778 1305 linguam,
1809 1263 1848 1290 ut
1871 1254 1951 1305 puri
1976 1254 2021 1291 ab
2061 1255 2158 1291 omni

1171 1314 1382 1351 contumelia
1398 1343 1407 1362 ,
1440 1315 1617 1366 possimus
1627 1315 1737 1353 vitam
1753 1323 1957 1366 praesentem
1971 1314 2159 1366 diligenter

1170 1373 1375 1425 transigere,
1399 1383 1432 1411 et
1452 1375 1624 1426 promissa
1654 1375 1887 1426 diligentibus
1909 1376 2024 1411 Deum
2065 1376 2157 1413 bona

1171 1435 1352 1485 consequi,
1372 1436 1484 1487 gratia
1499 1446 1532 1473 et
1554 1436 1771 1487 benignitate
1784 1435 1931 1473 Domini
1946 1436 2055 1473 nostri
2073 1438 2157 1475 Jesu

1173 1496 1321 1547 Christi,
1357 1497 1502 1547 quicum
1524 1498 1621 1535 Patri
1651 1506 1683 1535 et
1700 1497 1851 1549 Spiritui
1869 1507 2003 1546 sancto,
2027 1498 2155 1548 gloria,

1172 1558 1377 1610 imperium,
1396 1559 1531 1608 honor,
1552 1571 1646 1597 nunc
1662 1568 1695 1597 et
1722 1573 1874 1611 semper,
1898 1568 1932 1597 et
1966 1559 2001 1597 in
2031 1559 2156 1597 saeeula

1171 1619 1394 1657 saeeulorum.
1420 1622 1543 1657 Amen.

1507 1861 1717 1899 HOMILIA
1746 1860 1824 1900 XL.

1169 1982 1259 2021 CAP.
1284 1982 1421 2022 XVIII.
1445 1997 1480 2021 v.
1503 1982 1564 2022 18.
1581 1983 1730 2022 Paulus
1756 1992 1885 2021 autem
1914 1998 2000 2022 oum
2029 1986 2157 2023 adhuc·

1221 2046 1426 2081 mansisset
1447 2044 1527 2081 dies
1543 2044 1683 2080 multos
1700 2045 1892 2095 fratribus
1913 2045 2155 2092 valedicens,

1222 2106 1421 2155 navigavit
1440 2106 1482 2140 in
1503 2104 1660 2151 Syriam
1671 2133 1684 2150 ,
1715 2112 1752 2141 et
1773 2118 1859 2141 cum
1880 2105 1949 2141 illo
1969 2106 2157 2142 Priscilla

1219 2173 1256 2202 et
1279 2165 1434 2215 Aquila
1454 2167 1521 2215 qui
1543 2167 1615 2202 sibi
1636 2166 1855 2202 totonderat
1881 2168 1922 2202 in
1950 2167 2156 2204 Cenchreis

1219 2233 1335 2276 caput
1347 2240 1363 2269 ,-
1380 2226 1547 2263 habebat
1563 2227 1666 2262 enim
1685 2234 1835 2262 votum.

1220 2349 1256 2385 ’1.
1272 2345 1368 2387 Vide
1381 2346 1558 2398 quomodo
1575 2347 1635 2385 lex
1650 2346 1763 2385 soluta
1784 2355 1834 2385 est
1848 2362 1858 2397 3
1875 2347 1958 2386 vide
1978 2350 2157 2399 quomodo

1166 2410 1382 2450 conscientia
1401 2410 1868 2449 detinebantur:Judaicum
1883 2412 1976 2448 enim
1999 2422 2073 2450 erat
2092 2427 2156 2450 ca-

1165 2481 1230 2525 put
1242 2472 1387 2509 tondere
1405 2486 1450 2509 ex
1469 2473 1828 2511 voto.Verumtamen
1849 2473 2034 2523 oportebat
2050 2473 2157 2510 etiam

1164 2533 1381 2571 sacrificium
1393 2532 1469 2570 sieri
1484 2548 1491 2568 :
1510 2532 1605 2582 quod
1622 2546 1690 2569 non
1705 2541 1755 2569 cst
1771 2533 1929 2570 oblatum
1942 2543 2019 2584 post
2032 2535 2157 2571 verbe-

1164 2603 1283 2631 ratum
1302 2593 1520 2632 Sosthenem.
1540 2593 1736 2644 Oportebat
1752 2593 1850 2630 abire
1870 2593 1972 2630 illum
1988 2609 1999 2643 ,
2025 2594 2105 2631 ideo
2121 2604 2155 2631 et

1162 2654 1369 2692 festinat.Et
1391 2664 1534 2705 rogatus
1550 2653 1648 2705 apud
1664 2653 1743 2691 illos
1757 2653 1891 2705 Ephesi
1913 2668 2065 2702 manere,
2084 2669 2153 2693 non

1163 2713 1298 2751 annuit.
1310 2713 1383 2749 Cur
1396 2726 1479 2763 ergo
1494 2726 1616 2749 rursus
1626 2711 1851 2748 Antiochiam
1865 2712 2023 2750 concedit
2035 2713 2052 2750 Ξ)
2060 2714 2091 2750 Ν
2094 2728 2153 2750 am

1163 2774 1407 2819 Ascendms,
1431 2773 1556 2823 inquit,
1577 2786 1663 2810 cnm
1684 2773 1892 2810 salutasset
1911 2774 2149 2820 Ecclesiam,

1162 2835 1360 2872 descendit
1376 2834 1646 2871 Antiochiam.
1668 2833 1833 2870 Humano
1852 2833 2010 2882 quodam
2024 2834 2152 2872 affectu

1158 2896 1340 2935 civitatem
1354 2895 1454 2932 illam
1473 2894 1752 2947 prosequebatur
1777 2909 1784 2929 :
1804 2894 1852 2930 ibi
1870 2895 1963 2931 enim
1982 2896 2152 2946 appellati

1159 2969 1240 2998 sunt
1258 2958 1427 3011 discipuli
1456 2957 1663 3004 Christiani,
1692 2957 1743 2994 ibi
1778 2957 1930 2994 traditus
1951 2967 2002 2994 est
2031 2959 2153 3008 gratia:

1158 3022 1237 3069 Dei,
1248 3021 1300 3058 ibi
1314 3019 1489 3071 dogmatis
1505 3019 1645 3069 negotia
1657 3018 1814 3071 perfecit.
1827 3018 1874 3055 Et
1885 3018 1945 3055 ille
1959 3019 2105 3069 quidem
2117 3020 2152 3058 in

1157 3083 1300 3135 Syriam
1319 3080 1502 3131 navigavit
1518 3095 1527 3128 3
1557 3081 1636 3117 illos
1659 3094 1744 3117 vero
1761 3079 1898 3130 Ephesi
1918 3079 2063 3130 reliquit
2081 3096 2089 3117 :
2119 3091 2153 3119 et

1157 3144 1283 3182 merito
1297 3143 1454 3194 quidem,
1471 3150 1593 3193 utpote
1606 3139 1865 3185 doctu1·0s.Qui
1882 3149 1979 3177 tanto
1995 3150 2153 3193 tempore

1159 3220 1240 3243 curn
1255 3205 1317 3242 illo
1329 3211 1522 3250 versantes,
1537 3202 1648 3238 multa
1664 3200 1881 3238 didicerant:
1897 3210 2049 3238 attamen
2064 3216 2151 3239 non-

1156 3264 1245 3301 dum
1261 3263 1342 3300 illos
1356 3277 1374 3299 a
1393 3259 1650 3299 consuetudine
1668 3258 1817 3297 Judaiea
1837 3258 2048 3297 abduxerat.
2060 3260 2152 3297 Ecce

1158 3324 1288 3363 mulier
1308 3323 1401 3362 idem
1430 3320 1527 3372 quod
1558 3320 1628 3359 viri
1654 3320 1752 3369 facit,
1777 3328 1810 3357 et
1835 3320 1946 3359 docet.
1965 3321 2152 3374 Propterea
