<?xml version="1.0" encoding="UTF-8"?>
<!DOCTYPE html PUBLIC "-//W3C//DTD XHTML 1.0 Transitional//EN"
    "http://www.w3.org/TR/xhtml1/DTD/xhtml1-transitional.dtd">
<html xmlns="http://www.w3.org/1999/xhtml" xml:lang="en" lang="en">
 <head>
  <title>
</title>
<meta http-equiv="Content-Type" content="text/html;charset=utf-8" />
  <meta name='ocr-system' content='tesseract 3.04.00' />
  <meta name='ocr-capabilities' content='ocr_page ocr_carea ocr_par ocr_line ocrx_word'/>
</head>
<body>
  <div class='ocr_page' id='page_1' title='image "./operaomniaquaeex09johnuoft/operaomniaquaeex09johnuoft_0737.png"; bbox 0 0 2502 3810; ppageno 0'>
   <div class='ocr_carea' id='block_1_1' title="bbox 737 278 958 309">
    <p class='ocr_par' dir='ltr' id='par_1_1' title="bbox 737 278 958 309">
     <span class='ocr_line' id='line_1_1' title="bbox 737 278 958 309; baseline -0.009 0"><span class='ocrx_word' id='word_1_1' title='bbox 737 280 780 309; x_wconf 77' lang='lat' dir='ltr'>IN</span> <span class='ocrx_word' id='word_1_2' title='bbox 817 278 958 308; x_wconf 80' lang='lat' dir='ltr'>EPIST-</span> 
     </span>
    </p>
   </div>
   <div class='ocr_carea' id='block_1_2' title="bbox 124 355 1136 472">
    <p class='ocr_par' dir='ltr' id='par_1_2' title="bbox 124 355 1136 472">
     <span class='ocr_line' id='line_1_2' title="bbox 124 355 1136 417; baseline -0.01 -14"><span class='ocrx_word' id='word_1_3' title='bbox 124 368 214 417; x_wconf 76' lang='grc' dir='ltr'>αὐτῷ</span> <span class='ocrx_word' id='word_1_4' title='bbox 232 364 342 411; x_wconf 74' lang='grc' dir='ltr'>δόξαν,</span> <span class='ocrx_word' id='word_1_5' title='bbox 366 362 417 400; x_wconf 75' lang='grc' dir='ltr'>ὅτι</span> <span class='ocrx_word' id='word_1_6' title='bbox 439 363 539 399; x_wconf 72' lang='grc' dir='ltr'>αὐτοῦ</span> <span class='ocrx_word' id='word_1_7' title='bbox 555 364 576 406; x_wconf 79' lang='grc' dir='ltr'>ἡ</span> <span class='ocrx_word' id='word_1_8' title='bbox 600 359 759 411; x_wconf 84' lang='grc' dir='ltr'>βασιλεία</span> <span class='ocrx_word' id='word_1_9' title='bbox 787 360 845 398; x_wconf 83' lang='grc' dir='ltr'>καὶ</span> <span class='ocrx_word' id='word_1_10' title='bbox 866 363 886 405; x_wconf 82' lang='grc' dir='ltr'>ἡ</span> <span class='ocrx_word' id='word_1_11' title='bbox 915 358 1059 408; x_wconf 82' lang='grc' dir='ltr'>δύναμις</span> <span class='ocrx_word' id='word_1_12' title='bbox 1075 355 1136 394; x_wconf 80' lang='grc' dir='ltr'>καὶ</span> 
     </span>
     <span class='ocr_line' id='line_1_3' title="bbox 124 419 695 472; baseline -0.012 -8"><span class='ocrx_word' id='word_1_13' title='bbox 124 429 144 472; x_wconf 77' lang='grc' dir='ltr'>ἦ</span> <span class='ocrx_word' id='word_1_14' title='bbox 163 424 241 468; x_wconf 81' lang='grc' dir='ltr'>δόξα</span> <span class='ocrx_word' id='word_1_15' title='bbox 260 425 306 466; x_wconf 87' lang='grc' dir='ltr'>εἷς</span> <span class='ocrx_word' id='word_1_16' title='bbox 327 422 403 466; x_wconf 67' lang='grc' dir='ltr'>τοὺς</span> <span class='ocrx_word' id='word_1_17' title='bbox 423 424 559 464; x_wconf 81' lang='grc' dir='ltr'>αἰῶνας.</span> <span class='ocrx_word' id='word_1_18' title='bbox 576 419 695 470; x_wconf 79' lang='grc' dir='ltr'>Ἀμήν.</span> 
     </span>
    </p>
   </div>
   <div class='ocr_carea' id='block_1_3' title="bbox 498 657 756 702">
    <p class='ocr_par' dir='ltr' id='par_1_3' title="bbox 498 657 756 702">
     <span class='ocr_line' id='line_1_4' title="bbox 498 657 756 702; baseline -0.008 -5"><span class='ocrx_word' id='word_1_19' title='bbox 498 660 675 697; x_wconf 67' lang='lat' dir='ltr'>OMIAIA</span> <span class='ocrx_word' id='word_1_20' title='bbox 705 657 756 702; x_wconf 83' lang='grc' dir='ltr'>ιζ’.</span> 
     </span>
    </p>
   </div>
   <div class='ocr_carea' id='block_1_4' title="bbox 124 778 1143 893">
    <p class='ocr_par' dir='ltr' id='par_1_4' title="bbox 124 778 1143 893">
     <span class='ocr_line' id='line_1_5' title="bbox 124 778 1088 820; baseline -0.005 -23"><span class='ocrx_word' id='word_1_21' title='bbox 124 783 240 820; x_wconf 33' lang='grc' dir='ltr'>’λέχθη</span> <span class='ocrx_word' id='word_1_22' title='bbox 266 783 273 797; x_wconf 71' lang='grc' dir='ltr'>ι</span> <span class='ocrx_word' id='word_1_23' title='bbox 325 786 342 804; x_wconf 44' lang='lat' dir='ltr'>‚e</span> <span class='ocrx_word' id='word_1_24' title='bbox 411 782 423 804; x_wconf 50' lang='grc' dir='ltr'>Σ</span> <span class='ocrx_word' id='word_1_25' title='bbox 502 782 538 795; x_wconf 61' lang='lat' dir='ltr'>ax</span> <span class='ocrx_word' id='word_1_26' title='bbox 559 797 566 804; x_wconf 72' lang='lat'>,</span> <span class='ocrx_word' id='word_1_27' title='bbox 585 781 594 795; x_wconf 82' lang='grc' dir='ltr'>Γ</span> <span class='ocrx_word' id='word_1_28' title='bbox 658 784 679 803; x_wconf 63' lang='lat'>2»</span> <span class='ocrx_word' id='word_1_29' title='bbox 735 782 744 794; x_wconf 71' lang='lat'><strong>³</strong></span> <span class='ocrx_word' id='word_1_30' title='bbox 776 783 817 806; x_wconf 68' lang='lat'>¹⁹,-</span> <span class='ocrx_word' id='word_1_31' title='bbox 911 778 943 807; x_wconf 41' lang='grc' dir='ltr'><em>»Γ</em></span> <span class='ocrx_word' id='word_1_32' title='bbox 1081 778 1088 792; x_wconf 76' lang='grc' dir='ltr'>ι</span> 
     </span>
     <span class='ocr_line' id='line_1_6' title="bbox 132 783 1141 834; baseline -0.005 -14"><span class='ocrx_word' id='word_1_33' title='bbox 132 813 138 820; x_wconf 47' lang='lat' dir='ltr'>i</span> <span class='ocrx_word' id='word_1_34' title='bbox 166 799 294 834; x_wconf 56' lang='grc' dir='ltr'>κιιροι,</span> <span class='ocrx_word' id='word_1_35' title='bbox 329 799 346 828; x_wconf 79' lang='grc' dir='ltr'><em>Γ]</em></span> <span class='ocrx_word' id='word_1_36' title='bbox 383 798 444 832; x_wconf 62' lang='grc' dir='ltr'>μέν</span> <span class='ocrx_word' id='word_1_37' title='bbox 482 796 616 820; x_wconf 61' lang='lat' dir='ltr'>sueonia</span> <span class='ocrx_word' id='word_1_38' title='bbox 637 797 699 827; x_wconf 85' lang='grc' dir='ltr'>τΓ,ς</span> <span class='ocrx_word' id='word_1_39' title='bbox 730 796 816 830; x_wconf 64' lang='grc' dir='ltr'>εμης</span> <span class='ocrx_word' id='word_1_40' title='bbox 841 794 984 830; x_wconf 68' lang='grc' dir='ltr'>καρ3ιας</span> <span class='ocrx_word' id='word_1_41' title='bbox 1003 809 1012 827; x_wconf 82' lang='lat'>‚</span> <span class='ocrx_word' id='word_1_42' title='bbox 1035 795 1093 816; x_wconf 86' lang='grc' dir='ltr'>και</span> <span class='ocrx_word' id='word_1_43' title='bbox 1120 783 1141 825; x_wconf 78' lang='grc' dir='ltr'>ἡ</span> 
     </span>
     <span class='ocr_line' id='line_1_7' title="bbox 177 841 1143 893; baseline -0.005 -12"><span class='ocrx_word' id='word_1_44' title='bbox 177 843 293 889; x_wconf 82' lang='grc' dir='ltr'>δέησίς</span> <span class='ocrx_word' id='word_1_45' title='bbox 316 859 379 893; x_wconf 89' lang='grc' dir='ltr'>μου</span> <span class='ocrx_word' id='word_1_46' title='bbox 398 845 420 888; x_wconf 76' lang='grc' dir='ltr'><strong>ἢ</strong></span> <span class='ocrx_word' id='word_1_47' title='bbox 437 842 522 893; x_wconf 80' lang='grc' dir='ltr'>πρὸς</span> <span class='ocrx_word' id='word_1_48' title='bbox 540 841 646 888; x_wconf 81' lang='grc' dir='ltr'>Θεὸν,</span> <span class='ocrx_word' id='word_1_49' title='bbox 663 841 751 892; x_wconf 79' lang='grc' dir='ltr'>ὑπὲρ</span> <span class='ocrx_word' id='word_1_50' title='bbox 770 842 881 877; x_wconf 78' lang='grc' dir='ltr'>αὐτῶν</span> <span class='ocrx_word' id='word_1_51' title='bbox 900 842 992 878; x_wconf 82' lang='grc' dir='ltr'>ἐστιν</span> <span class='ocrx_word' id='word_1_52' title='bbox 1010 841 1056 882; x_wconf 89' lang='grc' dir='ltr'>εἰς</span> <span class='ocrx_word' id='word_1_53' title='bbox 1077 854 1143 877; x_wconf 83' lang='grc' dir='ltr'>σω-</span> 
     </span>
    </p>
   </div>
   <div class='ocr_carea' id='block_1_5' title="bbox 176 903 311 956">
    <p class='ocr_par' dir='ltr' id='par_1_5' title="bbox 176 903 311 956">
     <span class='ocr_line' id='line_1_8' title="bbox 176 903 311 956; baseline -0.007 -15"><span class='ocrx_word' id='word_1_54' title='bbox 176 903 311 956; x_wconf 87' lang='grc' dir='ltr'>τηρίαν.</span> 
     </span>
    </p>
   </div>
   <div class='ocr_carea' id='block_1_6' title="bbox 122 1026 1142 1262">
    <p class='ocr_par' dir='ltr' id='par_1_6' title="bbox 122 1026 1142 1262">
     <span class='ocr_line' id='line_1_9' title="bbox 177 1026 1141 1080; baseline -0.004 -12"><span class='ocrx_word' id='word_1_55' title='bbox 177 1030 309 1068; x_wconf 81' lang='grc' dir='ltr'>Μέλλει</span> <span class='ocrx_word' id='word_1_56' title='bbox 338 1029 441 1068; x_wconf 81' lang='grc' dir='ltr'>πάλιν</span> <span class='ocrx_word' id='word_1_57' title='bbox 460 1031 572 1066; x_wconf 80' lang='grc' dir='ltr'>αὐτῶν</span> <span class='ocrx_word' id='word_1_58' title='bbox 598 1027 838 1066; x_wconf 76' lang='grc' dir='ltr'>καθάπτεσθαι</span> <span class='ocrx_word' id='word_1_59' title='bbox 857 1027 1097 1080; x_wconf 75' lang='grc' dir='ltr'>σφοδρότερον,</span> <span class='ocrx_word' id='word_1_60' title='bbox 1119 1026 1141 1072; x_wconf 81' lang='grc' dir='ltr'>ἢ</span> 
     </span>
     <span class='ocr_line' id='line_1_10' title="bbox 124 1086 1141 1143; baseline -0.003 -14"><span class='ocrx_word' id='word_1_61' title='bbox 124 1091 306 1143; x_wconf 86' lang='grc' dir='ltr'>πρότερον·</span> <span class='ocrx_word' id='word_1_62' title='bbox 328 1090 379 1127; x_wconf 83' lang='grc' dir='ltr'>διὸ</span> <span class='ocrx_word' id='word_1_63' title='bbox 399 1090 506 1127; x_wconf 84' lang='grc' dir='ltr'>πάλιν</span> <span class='ocrx_word' id='word_1_64' title='bbox 532 1089 666 1139; x_wconf 83' lang='grc' dir='ltr'>ἀναιρεῖ</span> <span class='ocrx_word' id='word_1_65' title='bbox 699 1087 814 1134; x_wconf 82' lang='grc' dir='ltr'>πάσης</span> <span class='ocrx_word' id='word_1_66' title='bbox 841 1087 1028 1140; x_wconf 78' lang='grc' dir='ltr'>ἀπεχθείας</span> <span class='ocrx_word' id='word_1_67' title='bbox 1051 1086 1141 1126; x_wconf 77' lang='grc' dir='ltr'>ὑπό-</span> 
     </span>
     <span class='ocr_line' id='line_1_11' title="bbox 123 1146 1142 1200; baseline -0.003 -13"><span class='ocrx_word' id='word_1_68' title='bbox 123 1165 229 1195; x_wconf 88' lang='grc' dir='ltr'>νοιαν,</span> <span class='ocrx_word' id='word_1_69' title='bbox 257 1149 316 1186; x_wconf 82' lang='grc' dir='ltr'>καὶ</span> <span class='ocrx_word' id='word_1_70' title='bbox 331 1150 442 1199; x_wconf 76' lang='grc' dir='ltr'>πολλῇ</span> <span class='ocrx_word' id='word_1_71' title='bbox 463 1147 633 1200; x_wconf 80' lang='grc' dir='ltr'>κέχρηται</span> <span class='ocrx_word' id='word_1_72' title='bbox 653 1150 696 1199; x_wconf 75' lang='grc' dir='ltr'>τῇ</span> <span class='ocrx_word' id='word_1_73' title='bbox 715 1147 976 1199; x_wconf 76' lang='grc' dir='ltr'>προδιορθώσει.</span> <span class='ocrx_word' id='word_1_74' title='bbox 995 1146 1057 1194; x_wconf 83' lang='grc' dir='ltr'>Μὴ</span> <span class='ocrx_word' id='word_1_75' title='bbox 1075 1146 1142 1198; x_wconf 84' lang='grc' dir='ltr'>γὰρ</span> 
     </span>
     <span class='ocr_line' id='line_1_12' title="bbox 122 1207 1142 1262; baseline -0.002 -14"><span class='ocrx_word' id='word_1_76' title='bbox 122 1209 312 1262; x_wconf 78' lang='grc' dir='ltr'>προσέχετε</span> <span class='ocrx_word' id='word_1_77' title='bbox 329 1215 400 1252; x_wconf 85' lang='grc' dir='ltr'>τοῖς</span> <span class='ocrx_word' id='word_1_78' title='bbox 413 1208 528 1259; x_wconf 80' lang='grc' dir='ltr'>λόγοις</span> <span class='ocrx_word' id='word_1_79' title='bbox 542 1238 551 1256; x_wconf 89' lang='grc'>,</span> <span class='ocrx_word' id='word_1_80' title='bbox 571 1207 655 1260; x_wconf 77' lang='grc' dir='ltr'>φησὶ</span> <span class='ocrx_word' id='word_1_81' title='bbox 668 1238 678 1255; x_wconf 89' lang='grc'>,</span> <span class='ocrx_word' id='word_1_82' title='bbox 700 1208 787 1258; x_wconf 79' lang='grc' dir='ltr'>μηδὲ</span> <span class='ocrx_word' id='word_1_83' title='bbox 801 1213 876 1251; x_wconf 85' lang='grc' dir='ltr'>ταῖς</span> <span class='ocrx_word' id='word_1_84' title='bbox 897 1207 1121 1259; x_wconf 78' lang='grc' dir='ltr'>κατηγορίαις</span> <span class='ocrx_word' id='word_1_85' title='bbox 1132 1238 1142 1255; x_wconf 94' lang='grc'>,</span> 
     </span>
    </p>
   </div>
   <div class='ocr_carea' id='block_1_7' title="bbox 123 1267 1187 1320">
    <p class='ocr_par' dir='ltr' id='par_1_7' title="bbox 123 1267 1187 1320">
     <span class='ocr_line' id='line_1_13' title="bbox 123 1267 1187 1320; baseline -0.001 -13"><span class='ocrx_word' id='word_1_86' title='bbox 123 1271 200 1308; x_wconf 88' lang='grc' dir='ltr'>ἀλλ’</span> <span class='ocrx_word' id='word_1_87' title='bbox 223 1269 276 1307; x_wconf 80' lang='grc' dir='ltr'>ὅτι</span> <span class='ocrx_word' id='word_1_88' title='bbox 295 1271 356 1307; x_wconf 78' lang='grc' dir='ltr'>οὐκ</span> <span class='ocrx_word' id='word_1_89' title='bbox 390 1269 458 1307; x_wconf 78' lang='grc' dir='ltr'>ἀπὸ</span> <span class='ocrx_word' id='word_1_90' title='bbox 483 1267 633 1310; x_wconf 76' lang='grc' dir='ltr'>διανοίας</span> <span class='ocrx_word' id='word_1_91' title='bbox 661 1269 787 1320; x_wconf 77' lang='grc' dir='ltr'>ἐχθρᾶς</span> <span class='ocrx_word' id='word_1_92' title='bbox 806 1269 916 1306; x_wconf 74' lang='grc' dir='ltr'>ταῦτα</span> <span class='ocrx_word' id='word_1_93' title='bbox 937 1268 1141 1320; x_wconf 68' lang='grc' dir='ltr'>φθέγγομαι.</span> <span class='ocrx_word' id='word_1_94' title='bbox 1162 1277 1187 1306; x_wconf 87' lang='grc' dir='ltr'>Β</span> 
     </span>
    </p>
   </div>
   <div class='ocr_carea' id='block_1_8' title="bbox 109 1328 1145 3432">
    <p class='ocr_par' dir='ltr' id='par_1_8' title="bbox 109 1328 1145 3431">
     <span class='ocr_line' id='line_1_14' title="bbox 123 1328 1143 1381; baseline -0.002 -13"><span class='ocrx_word' id='word_1_95' title='bbox 123 1332 176 1368; x_wconf 80' lang='grc' dir='ltr'>Οὐ</span> <span class='ocrx_word' id='word_1_96' title='bbox 198 1330 265 1381; x_wconf 81' lang='grc' dir='ltr'>γάρ</span> <span class='ocrx_word' id='word_1_97' title='bbox 285 1331 359 1367; x_wconf 80' lang='grc' dir='ltr'>ἐστι</span> <span class='ocrx_word' id='word_1_98' title='bbox 376 1333 437 1367; x_wconf 72' lang='grc' dir='ltr'>τοῦ</span> <span class='ocrx_word' id='word_1_99' title='bbox 458 1330 561 1367; x_wconf 76' lang='grc' dir='ltr'>αὐτοῦ</span> <span class='ocrx_word' id='word_1_100' title='bbox 582 1329 736 1374; x_wconf 66' lang='grc' dir='ltr'>σωθῆναί</span> <span class='ocrx_word' id='word_1_101' title='bbox 753 1344 790 1366; x_wconf 84' lang='grc' dir='ltr'>τε</span> <span class='ocrx_word' id='word_1_102' title='bbox 812 1328 933 1372; x_wconf 75' lang='grc' dir='ltr'>αὐτοὺς</span> <span class='ocrx_word' id='word_1_103' title='bbox 952 1330 1143 1380; x_wconf 76' lang='grc' dir='ltr'>ἐπιθυμεῖν,</span> 
     </span>
     <span class='ocr_line' id='line_1_15' title="bbox 123 1389 1142 1441; baseline -0.001 -13"><span class='ocrx_word' id='word_1_104' title='bbox 123 1391 182 1428; x_wconf 81' lang='grc' dir='ltr'>καὶ</span> <span class='ocrx_word' id='word_1_105' title='bbox 203 1390 250 1441; x_wconf 82' lang='grc' dir='ltr'>μὴ</span> <span class='ocrx_word' id='word_1_106' title='bbox 274 1390 376 1441; x_wconf 83' lang='grc' dir='ltr'>μόνον</span> <span class='ocrx_word' id='word_1_107' title='bbox 396 1392 589 1440; x_wconf 76' lang='grc' dir='ltr'>ἐπιθυμεῖν,</span> <span class='ocrx_word' id='word_1_108' title='bbox 609 1389 698 1427; x_wconf 76' lang='grc' dir='ltr'>ἀλλὰ</span> <span class='ocrx_word' id='word_1_109' title='bbox 714 1389 774 1427; x_wconf 84' lang='grc' dir='ltr'>καὶ</span> <span class='ocrx_word' id='word_1_110' title='bbox 789 1389 971 1441; x_wconf 75' lang='grc' dir='ltr'>εὔχεσθαι,</span> <span class='ocrx_word' id='word_1_111' title='bbox 991 1389 1050 1427; x_wconf 87' lang='grc' dir='ltr'>καὶ</span> <span class='ocrx_word' id='word_1_112' title='bbox 1071 1390 1142 1427; x_wconf 85' lang='grc' dir='ltr'>πά-</span> 
     </span>
     <span class='ocr_line' id='line_1_16' title="bbox 121 1449 1145 1502; baseline -0.001 -14"><span class='ocrx_word' id='word_1_113' title='bbox 121 1453 176 1489; x_wconf 86' lang='grc' dir='ltr'>λιν</span> <span class='ocrx_word' id='word_1_114' title='bbox 199 1457 312 1501; x_wconf 82' lang='grc' dir='ltr'>μισεῖν</span> <span class='ocrx_word' id='word_1_115' title='bbox 337 1451 396 1488; x_wconf 81' lang='grc' dir='ltr'>καὶ</span> <span class='ocrx_word' id='word_1_116' title='bbox 425 1449 722 1502; x_wconf 60' lang='grc' dir='ltr'>ἀποστρέφεσθαι·</span> <span class='ocrx_word' id='word_1_117' title='bbox 751 1450 810 1487; x_wconf 80' lang='grc' dir='ltr'>καὶ</span> <span class='ocrx_word' id='word_1_118' title='bbox 829 1449 895 1501; x_wconf 87' lang='grc' dir='ltr'>γὰρ</span> <span class='ocrx_word' id='word_1_119' title='bbox 916 1449 1072 1488; x_wconf 78' lang='grc' dir='ltr'>εὐδοκίαν</span> <span class='ocrx_word' id='word_1_120' title='bbox 1091 1453 1145 1488; x_wconf 77' lang='grc' dir='ltr'>ἐν·</span> 
     </span>
     <span class='ocr_line' id='line_1_17' title="bbox 123 1510 1142 1563; baseline 0.001 -15"><span class='ocrx_word' id='word_1_121' title='bbox 123 1515 232 1550; x_wconf 76' lang='grc' dir='ltr'>ταῧθα</span> <span class='ocrx_word' id='word_1_122' title='bbox 254 1511 317 1558; x_wconf 78' lang='grc' dir='ltr'>τὴν</span> <span class='ocrx_word' id='word_1_123' title='bbox 337 1510 487 1563; x_wconf 71' lang='grc' dir='ltr'>σφοδρὰν</span> <span class='ocrx_word' id='word_1_124' title='bbox 506 1510 688 1561; x_wconf 79' lang='grc' dir='ltr'>ἐπιθυμίαν</span> <span class='ocrx_word' id='word_1_125' title='bbox 710 1510 808 1562; x_wconf 79' lang='grc' dir='ltr'>φησί.</span> <span class='ocrx_word' id='word_1_126' title='bbox 831 1511 901 1548; x_wconf 78' lang='grc' dir='ltr'>Καὶ</span> <span class='ocrx_word' id='word_1_127' title='bbox 920 1511 984 1562; x_wconf 78' lang='grc' dir='ltr'>ὅρα</span> <span class='ocrx_word' id='word_1_128' title='bbox 1001 1510 1060 1548; x_wconf 84' lang='grc' dir='ltr'>καὶ</span> <span class='ocrx_word' id='word_1_129' title='bbox 1081 1510 1142 1558; x_wconf 70' lang='grc' dir='ltr'>τὴν</span> 
     </span>
     <span class='ocr_line' id='line_1_18' title="bbox 125 1570 1143 1623; baseline -0.001 -13"><span class='ocrx_word' id='word_1_130' title='bbox 125 1572 240 1619; x_wconf 78' lang='grc' dir='ltr'>δέησιν</span> <span class='ocrx_word' id='word_1_131' title='bbox 256 1575 330 1615; x_wconf 79' lang='grc' dir='ltr'>πῶς</span> <span class='ocrx_word' id='word_1_132' title='bbox 348 1577 498 1609; x_wconf 82' lang='grc' dir='ltr'>ποιεῖται</span> <span class='ocrx_word' id='word_1_133' title='bbox 514 1571 582 1609; x_wconf 79' lang='grc' dir='ltr'>ἀπὸ</span> <span class='ocrx_word' id='word_1_134' title='bbox 599 1570 760 1614; x_wconf 81' lang='grc' dir='ltr'>διανοίας.</span> <span class='ocrx_word' id='word_1_135' title='bbox 780 1571 832 1609; x_wconf 78' lang='grc' dir='ltr'>Οὔ</span> <span class='ocrx_word' id='word_1_136' title='bbox 847 1570 914 1623; x_wconf 79' lang='grc' dir='ltr'>γὰρ</span> <span class='ocrx_word' id='word_1_137' title='bbox 928 1571 1018 1608; x_wconf 81' lang='grc' dir='ltr'>ὥστε</span> <span class='ocrx_word' id='word_1_138' title='bbox 1034 1573 1143 1609; x_wconf 86' lang='grc' dir='ltr'>ἀπαλ-</span> 
     </span>
     <span class='ocr_line' id='line_1_19' title="bbox 124 1630 1142 1683; baseline -0.001 -13"><span class='ocrx_word' id='word_1_139' title='bbox 124 1634 273 1683; x_wconf 65' lang='grc' dir='ltr'>λαγῆναι</span> <span class='ocrx_word' id='word_1_140' title='bbox 287 1632 462 1674; x_wconf 75' lang='grc' dir='ltr'>κολάσεως</span> <span class='ocrx_word' id='word_1_141' title='bbox 482 1631 598 1682; x_wconf 79' lang='grc' dir='ltr'>μόνον,</span> <span class='ocrx_word' id='word_1_142' title='bbox 620 1632 696 1669; x_wconf 87' lang='grc' dir='ltr'>ἀλλ’</span> <span class='ocrx_word' id='word_1_143' title='bbox 718 1630 806 1669; x_wconf 79' lang='grc' dir='ltr'>ὥστε</span> <span class='ocrx_word' id='word_1_144' title='bbox 823 1631 880 1669; x_wconf 73' lang='grc' dir='ltr'>καὶ</span> <span class='ocrx_word' id='word_1_145' title='bbox 902 1633 1055 1676; x_wconf 66' lang='grc' dir='ltr'>σωθῆναι</span> <span class='ocrx_word' id='word_1_146' title='bbox 1075 1632 1142 1669; x_wconf 82' lang='grc' dir='ltr'>αὖ-</span> 
     </span>
     <span class='ocr_line' id='line_1_20' title="bbox 124 1691 1141 1739; baseline 0 -9"><span class='ocrx_word' id='word_1_147' title='bbox 124 1692 219 1739; x_wconf 63' lang='grc' dir='ltr'>τοὺς,</span> <span class='ocrx_word' id='word_1_148' title='bbox 240 1692 371 1738; x_wconf 79' lang='grc' dir='ltr'>πολλὴν</span> <span class='ocrx_word' id='word_1_149' title='bbox 395 1692 453 1729; x_wconf 73' lang='grc' dir='ltr'>καὶ</span> <span class='ocrx_word' id='word_1_150' title='bbox 481 1691 542 1739; x_wconf 76' lang='grc' dir='ltr'>τὴν</span> <span class='ocrx_word' id='word_1_151' title='bbox 575 1691 730 1738; x_wconf 75' lang='grc' dir='ltr'>σπουδὴν</span> <span class='ocrx_word' id='word_1_152' title='bbox 749 1697 901 1729; x_wconf 86' lang='grc' dir='ltr'>ποιεῖται</span> <span class='ocrx_word' id='word_1_153' title='bbox 920 1691 978 1729; x_wconf 81' lang='grc' dir='ltr'>καὶ</span> <span class='ocrx_word' id='word_1_154' title='bbox 997 1691 1059 1739; x_wconf 77' lang='grc' dir='ltr'>τὴν</span> <span class='ocrx_word' id='word_1_155' title='bbox 1084 1694 1141 1730; x_wconf 78' lang='grc' dir='ltr'>εὖ-</span> 
     </span>
     <span class='ocr_line' id='line_1_21' title="bbox 123 1751 1142 1803; baseline 0.001 -14"><span class='ocrx_word' id='word_1_156' title='bbox 123 1752 202 1803; x_wconf 80' lang='grc' dir='ltr'><em>χ·Γ’,ν.</em></span> <span class='ocrx_word' id='word_1_157' title='bbox 221 1752 289 1790; x_wconf 89' lang='grc' dir='ltr'>Και</span> <span class='ocrx_word' id='word_1_158' title='bbox 310 1754 369 1790; x_wconf 92' lang='grc' dir='ltr'>ουκ</span> <span class='ocrx_word' id='word_1_159' title='bbox 389 1755 541 1790; x_wconf 77' lang='grc' dir='ltr'>ἐντευθεν</span> <span class='ocrx_word' id='word_1_160' title='bbox 563 1751 597 1789; x_wconf 83' lang='grc' dir='ltr'>δε</span> <span class='ocrx_word' id='word_1_161' title='bbox 611 1751 725 1801; x_wconf 82' lang='grc' dir='ltr'>μόνον,</span> <span class='ocrx_word' id='word_1_162' title='bbox 747 1751 836 1789; x_wconf 78' lang='grc' dir='ltr'>ἀλλὰ</span> <span class='ocrx_word' id='word_1_163' title='bbox 850 1768 909 1789; x_wconf 89' lang='grc' dir='ltr'>και</span> <span class='ocrx_word' id='word_1_164' title='bbox 925 1754 963 1789; x_wconf 81' lang='grc' dir='ltr'>ἐκ</span> <span class='ocrx_word' id='word_1_165' title='bbox 983 1755 1050 1790; x_wconf 81' lang='grc' dir='ltr'>τῶν</span> <span class='ocrx_word' id='word_1_166' title='bbox 1065 1751 1142 1799; x_wconf 76' lang='grc' dir='ltr'>ἑξῆς</span> 
     </span>
     <span class='ocr_line' id='line_1_22' title="bbox 123 1811 1141 1865; baseline 0.002 -16"><span class='ocrx_word' id='word_1_167' title='bbox 123 1812 272 1850; x_wconf 74' lang='grc' dir='ltr'>δείκνυσι</span> <span class='ocrx_word' id='word_1_168' title='bbox 292 1829 354 1859; x_wconf 86' lang='grc' dir='ltr'>την</span> <span class='ocrx_word' id='word_1_169' title='bbox 376 1811 524 1860; x_wconf 81' lang='grc' dir='ltr'>εὔνοιαν,</span> <span class='ocrx_word' id='word_1_170' title='bbox 545 1811 586 1857; x_wconf 80' lang='grc' dir='ltr'>ἣν</span> <span class='ocrx_word' id='word_1_171' title='bbox 610 1811 681 1863; x_wconf 78' lang='grc' dir='ltr'>ἔγει</span> <span class='ocrx_word' id='word_1_172' title='bbox 703 1811 788 1864; x_wconf 77' lang='grc' dir='ltr'>πρὸς</span> <span class='ocrx_word' id='word_1_173' title='bbox 810 1813 945 1855; x_wconf 85' lang='grc' dir='ltr'>αυτούς.</span> <span class='ocrx_word' id='word_1_174' title='bbox 971 1812 1055 1850; x_wconf 82' lang='grc' dir='ltr'>Απὸ</span> <span class='ocrx_word' id='word_1_175' title='bbox 1074 1812 1141 1865; x_wconf 87' lang='grc' dir='ltr'>γαρ</span> 
     </span>
     <span class='ocr_line' id='line_1_23' title="bbox 121 1867 1141 1925; baseline 0.002 -15.044"><span class='ocrx_word' id='word_1_176' title='bbox 121 1889 189 1910; x_wconf 88' lang='grc' dir='ltr'>τιι)ν</span> <span class='ocrx_word' id='word_1_177' title='bbox 212 1873 470 1925; x_wconf 66' lang='grc' dir='ltr'>ἐγγωρούντων,</span> <span class='ocrx_word' id='word_1_178' title='bbox 493 1876 539 1916; x_wconf 81' lang='grc' dir='ltr'>ὡς</span> <span class='ocrx_word' id='word_1_179' title='bbox 561 1867 628 1915; x_wconf 78' lang='grc' dir='ltr'>οἰός</span> <span class='ocrx_word' id='word_1_180' title='bbox 643 1889 680 1910; x_wconf 90' lang='grc' dir='ltr'>τε</span> <span class='ocrx_word' id='word_1_181' title='bbox 708 1877 762 1920; x_wconf 83' lang='grc' dir='ltr'>ἠν,</span> <span class='ocrx_word' id='word_1_182' title='bbox 780 1873 938 1923; x_wconf 79' lang='grc' dir='ltr'>βιάζεται</span> <span class='ocrx_word' id='word_1_183' title='bbox 957 1873 1016 1911; x_wconf 81' lang='grc' dir='ltr'>καὶ</span> <span class='ocrx_word' id='word_1_184' title='bbox 1044 1875 1141 1925; x_wconf 81' lang='grc' dir='ltr'>φιλο-</span> 
     </span>
     <span class='ocr_line' id='line_1_24' title="bbox 119 1933 1138 1984; baseline 0.002 -14"><span class='ocrx_word' id='word_1_185' title='bbox 119 1938 246 1979; x_wconf 84' lang='grc' dir='ltr'>νεικεῖ,</span> <span class='ocrx_word' id='word_1_186' title='bbox 270 1936 380 1980; x_wconf 75' lang='grc' dir='ltr'>ζητῶν</span> <span class='ocrx_word' id='word_1_187' title='bbox 402 1933 502 1972; x_wconf 79' lang='grc' dir='ltr'>σκιὰν</span> <span class='ocrx_word' id='word_1_188' title='bbox 531 1938 612 1983; x_wconf 79' lang='grc' dir='ltr'>γουν</span> <span class='ocrx_word' id='word_1_189' title='bbox 632 1949 709 1971; x_wconf 86' lang='grc' dir='ltr'>τινα</span> <span class='ocrx_word' id='word_1_190' title='bbox 730 1933 918 1984; x_wconf 84' lang='grc' dir='ltr'>ἀπολογίας</span> <span class='ocrx_word' id='word_1_191' title='bbox 946 1936 1060 1977; x_wconf 88' lang='grc' dir='ltr'>αυτοῖς</span> <span class='ocrx_word' id='word_1_192' title='bbox 1079 1950 1138 1972; x_wconf 89' lang='grc' dir='ltr'>ευ-</span> 
     </span>
     <span class='ocr_line' id='line_1_25' title="bbox 123 1994 1139 2046; baseline 0.001 -15"><span class='ocrx_word' id='word_1_193' title='bbox 123 2000 190 2044; x_wconf 83' lang='grc' dir='ltr'>ρεῖν</span> <span class='ocrx_word' id='word_1_194' title='bbox 205 2010 212 2016; x_wconf 94' lang='grc'><em>·</em></span> <span class='ocrx_word' id='word_1_195' title='bbox 232 1994 290 2031; x_wconf 75' lang='grc' dir='ltr'>καὶ</span> <span class='ocrx_word' id='word_1_196' title='bbox 307 1996 369 2031; x_wconf 81' lang='grc' dir='ltr'>οὐκ</span> <span class='ocrx_word' id='word_1_197' title='bbox 392 1994 504 2045; x_wconf 69' lang='grc' dir='ltr'>ἰσχύει</span> <span class='ocrx_word' id='word_1_198' title='bbox 517 2022 526 2039; x_wconf 82' lang='grc'>,</span> <span class='ocrx_word' id='word_1_199' title='bbox 545 1994 611 2032; x_wconf 76' lang='grc' dir='ltr'>ὑπὸ</span> <span class='ocrx_word' id='word_1_200' title='bbox 631 1997 693 2040; x_wconf 76' lang='grc' dir='ltr'>τ’ἧς</span> <span class='ocrx_word' id='word_1_201' title='bbox 712 1997 779 2031; x_wconf 80' lang='grc' dir='ltr'>τῶν</span> <span class='ocrx_word' id='word_1_202' title='bbox 802 1994 1020 2046; x_wconf 74' lang='grc' dir='ltr'>πραγμάτων</span> <span class='ocrx_word' id='word_1_203' title='bbox 1036 1995 1139 2033; x_wconf 80' lang='grc' dir='ltr'>νικώ-</span> 
     </span>
     <span class='ocr_line' id='line_1_26' title="bbox 119 2054 1137 2107; baseline 0.003 -17"><span class='ocrx_word' id='word_1_204' title='bbox 119 2069 218 2101; x_wconf 83' lang='grc' dir='ltr'>μενος</span> <span class='ocrx_word' id='word_1_205' title='bbox 238 2054 382 2104; x_wconf 70' lang='grc' dir='ltr'>φύσεως.</span> <span class='ocrx_word' id='word_1_206' title='bbox 400 2056 580 2106; x_wconf 80' lang='grc' dir='ltr'>Μαρτυρῶ</span> <span class='ocrx_word' id='word_1_207' title='bbox 595 2054 663 2106; x_wconf 77' lang='grc' dir='ltr'>γὰρ</span> <span class='ocrx_word' id='word_1_208' title='bbox 683 2055 815 2102; x_wconf 77' lang='grc' dir='ltr'>αὐτοῖς,</span> <span class='ocrx_word' id='word_1_209' title='bbox 831 2055 949 2107; x_wconf 72' lang='grc' dir='ltr'>φησὶν,</span> <span class='ocrx_word' id='word_1_210' title='bbox 965 2055 1018 2093; x_wconf 77' lang='grc' dir='ltr'>ὅτι</span> <span class='ocrx_word' id='word_1_211' title='bbox 1037 2058 1137 2102; x_wconf 73' lang='grc' dir='ltr'>ζῆλον</span> 
     </span>
     <span class='ocr_line' id='line_1_27' title="bbox 119 2113 1135 2167; baseline 0.004 -17"><span class='ocrx_word' id='word_1_212' title='bbox 119 2116 169 2151; x_wconf 66' lang='lat' dir='ltr'>Os</span> <span class='ocrx_word' id='word_1_213' title='bbox 174 2129 209 2151; x_wconf 86' lang='grc' dir='ltr'>ου</span> <span class='ocrx_word' id='word_1_214' title='bbox 229 2114 376 2165; x_wconf 63' lang='grc' dir='ltr'>ἔχουσιν,</span> <span class='ocrx_word' id='word_1_215' title='bbox 401 2115 478 2151; x_wconf 88' lang='grc' dir='ltr'>ἀλλ’</span> <span class='ocrx_word' id='word_1_216' title='bbox 497 2130 535 2152; x_wconf 90' lang='grc' dir='ltr'>ου</span> <span class='ocrx_word' id='word_1_217' title='bbox 555 2130 622 2151; x_wconf 85' lang='grc' dir='ltr'>κατ</span> <span class='ocrx_word' id='word_1_218' title='bbox 655 2113 856 2164; x_wconf 82' lang='grc' dir='ltr'>επίγνο)σιν.</span> <span class='ocrx_word' id='word_1_219' title='bbox 888 2116 1022 2154; x_wconf 75' lang='grc' dir='ltr'>Οὔκουν</span> <span class='ocrx_word' id='word_1_220' title='bbox 1049 2132 1135 2167; x_wconf 81' lang='grc' dir='ltr'>συγ-</span> 
     </span>
     <span class='ocr_line' id='line_1_28' title="bbox 116 2173 1136 2249; baseline 0.004 -38"><span class='ocrx_word' id='word_1_221' title='bbox 116 2173 258 2224; x_wconf 64' lang='grc' dir='ltr'>γνώμης</span> <span class='ocrx_word' id='word_1_222' title='bbox 289 2190 424 2223; x_wconf 86' lang='grc' dir='ltr'>ταυτα,</span> <span class='ocrx_word' id='word_1_223' title='bbox 449 2177 485 2213; x_wconf 81' lang='grc' dir='ltr'>οὐ</span> <span class='ocrx_word' id='word_1_224' title='bbox 506 2174 717 2249; x_wconf 49' lang='grc' dir='ltr'>κατηγορίας</span> <span class='ocrx_word' id='word_1_225' title='bbox 736 2174 776 2218; x_wconf 79' lang='grc' dir='ltr'>ἅξ</span> <span class='ocrx_word' id='word_1_226' title='bbox 781 2191 826 2213; x_wconf 87' lang='grc' dir='ltr'>ια.</span> <span class='ocrx_word' id='word_1_227' title='bbox 857 2177 901 2213; x_wconf 86' lang='grc' dir='ltr'>Εἰ</span> <span class='ocrx_word' id='word_1_228' title='bbox 922 2176 970 2226; x_wconf 84' lang='grc' dir='ltr'>μὴ</span> <span class='ocrx_word' id='word_1_229' title='bbox 1003 2176 1071 2230; x_wconf 86' lang='grc' dir='ltr'>γαρ</span> <span class='ocrx_word' id='word_1_230' title='bbox 1094 2178 1136 2215; x_wconf 82' lang='grc' dir='ltr'>δι’</span> 
     </span>
     <span class='ocr_line' id='line_1_29' title="bbox 115 2234 1139 2287; baseline 0.004 -16"><span class='ocrx_word' id='word_1_231' title='bbox 115 2234 296 2284; x_wconf 77' lang='grc' dir='ltr'>ἄνθρωπόν</span> <span class='ocrx_word' id='word_1_232' title='bbox 317 2237 401 2272; x_wconf 83' lang='grc' dir='ltr'>εἰσιν</span> <span class='ocrx_word' id='word_1_233' title='bbox 419 2235 670 2287; x_wconf 79' lang='grc' dir='ltr'>ἀπεσγισυ.ε’νοι</span> <span class='ocrx_word' id='word_1_234' title='bbox 685 2263 694 2281; x_wconf 90' lang='grc'>,</span> <span class='ocrx_word' id='word_1_235' title='bbox 715 2236 845 2274; x_wconf 87' lang='grc' dir='ltr'>ἀλλα</span> <span class='ocrx_word' id='word_1_236' title='bbox 826 2236 882 2273; x_wconf 83' lang='grc' dir='ltr'>οιὰ</span> <span class='ocrx_word' id='word_1_237' title='bbox 898 2238 955 2283; x_wconf 71' lang='grc' dir='ltr'>ζῆ)</span> <span class='ocrx_word' id='word_1_238' title='bbox 943 2249 1012 2283; x_wconf 82' lang='grc' dir='ltr'>οΛν,</span> <span class='ocrx_word' id='word_1_239' title='bbox 1033 2240 1139 2276; x_wconf 79' lang='grc' dir='ltr'>ἐλεεῖ-</span> 
     </span>
     <span class='ocr_line' id='line_1_30' title="bbox 114 2294 1137 2349; baseline 0.005 -19"><span class='ocrx_word' id='word_1_240' title='bbox 114 2297 193 2331; x_wconf 81' lang='grc' dir='ltr'>σθαι</span> <span class='ocrx_word' id='word_1_241' title='bbox 211 2297 340 2344; x_wconf 79' lang='grc' dir='ltr'>μᾶλλον</span> <span class='ocrx_word' id='word_1_242' title='bbox 361 2294 500 2342; x_wconf 82' lang='grc' dir='ltr'>αὐτους,</span> <span class='ocrx_word' id='word_1_243' title='bbox 519 2295 540 2341; x_wconf 80' lang='grc' dir='ltr'>ἢ</span> <span class='ocrx_word' id='word_1_244' title='bbox 562 2294 768 2338; x_wconf 82' lang='grc' dir='ltr'>κολάζεσθαι</span> <span class='ocrx_word' id='word_1_245' title='bbox 794 2295 938 2334; x_wconf 81' lang='grc' dir='ltr'>δίκαιον.</span> <span class='ocrx_word' id='word_1_246' title='bbox 960 2296 1052 2335; x_wconf 79' lang='grc' dir='ltr'>Ἀλλ’</span> <span class='ocrx_word' id='word_1_247' title='bbox 1073 2313 1137 2349; x_wconf 90' lang='grc' dir='ltr'>ορα</span> 
     </span>
     <span class='ocr_line' id='line_1_31' title="bbox 113 2355 1135 2408; baseline 0.005 -17"><span class='ocrx_word' id='word_1_248' title='bbox 113 2357 187 2398; x_wconf 82' lang='grc' dir='ltr'>πῶς</span> <span class='ocrx_word' id='word_1_249' title='bbox 212 2357 324 2406; x_wconf 75' lang='grc' dir='ltr'>σοφῶς</span> <span class='ocrx_word' id='word_1_250' title='bbox 358 2355 417 2393; x_wconf 81' lang='grc' dir='ltr'>καὶ</span> <span class='ocrx_word' id='word_1_251' title='bbox 441 2355 629 2408; x_wconf 69' lang='grc' dir='ltr'>ἐχαρίσατο</span> <span class='ocrx_word' id='word_1_252' title='bbox 661 2359 710 2408; x_wconf 75' lang='grc' dir='ltr'>τῷ</span> <span class='ocrx_word' id='word_1_253' title='bbox 745 2358 897 2407; x_wconf 75' lang='grc' dir='ltr'>ῥήματι,</span> <span class='ocrx_word' id='word_1_254' title='bbox 917 2357 977 2396; x_wconf 87' lang='grc' dir='ltr'>καὶ</span> <span class='ocrx_word' id='word_1_255' title='bbox 1011 2357 1135 2403; x_wconf 78' lang='grc' dir='ltr'>ἔδειξεν</span> 
     </span>
     <span class='ocr_line' id='line_1_32' title="bbox 114 2415 1133 2472; baseline 0.005 -20"><span class='ocrx_word' id='word_1_256' title='bbox 114 2416 224 2453; x_wconf 78' lang='grc' dir='ltr'>αὐτῶν</span> <span class='ocrx_word' id='word_1_257' title='bbox 261 2415 324 2462; x_wconf 79' lang='grc' dir='ltr'>τὴν</span> <span class='ocrx_word' id='word_1_258' title='bbox 369 2415 513 2468; x_wconf 83' lang='grc' dir='ltr'>ἄκαιρον</span> <span class='ocrx_word' id='word_1_259' title='bbox 550 2417 777 2469; x_wconf 77' lang='grc' dir='ltr'>φιλονεικίαν.</span> <span class='ocrx_word' id='word_1_260' title='bbox 806 2418 1022 2469; x_wconf 75' lang='grc' dir='ltr'>Ἀγνοοῧντες</span> <span class='ocrx_word' id='word_1_261' title='bbox 1047 2419 1133 2472; x_wconf 77' lang='grc' dir='ltr'>γὰρ,</span> 
     </span>
     <span class='ocr_line' id='line_1_33' title="bbox 113 2476 1134 2531; baseline 0.006 -19"><span class='ocrx_word' id='word_1_262' title='bbox 113 2477 217 2526; x_wconf 78' lang='grc' dir='ltr'>φησὶ,</span> <span class='ocrx_word' id='word_1_263' title='bbox 236 2476 298 2523; x_wconf 80' lang='grc' dir='ltr'>τὴν</span> <span class='ocrx_word' id='word_1_264' title='bbox 319 2480 378 2513; x_wconf 70' lang='grc' dir='ltr'>τοῧ</span> <span class='ocrx_word' id='word_1_265' title='bbox 398 2479 489 2515; x_wconf 79' lang='grc' dir='ltr'>Θεοῦ</span> <span class='ocrx_word' id='word_1_266' title='bbox 505 2479 737 2526; x_wconf 82' lang='grc' dir='ltr'>δικαιοσύνην.</span> <span class='ocrx_word' id='word_1_267' title='bbox 756 2479 868 2517; x_wconf 85' lang='grc' dir='ltr'>Ποίλιν</span> <span class='ocrx_word' id='word_1_268' title='bbox 885 2480 925 2518; x_wconf 80' lang='grc' dir='ltr'>τὸ</span> <span class='ocrx_word' id='word_1_269' title='bbox 942 2482 1036 2531; x_wconf 65' lang='grc' dir='ltr'>ῥῆμα</span> <span class='ocrx_word' id='word_1_270' title='bbox 1053 2497 1134 2530; x_wconf 84' lang='grc' dir='ltr'>συγ-</span> 
     </span>
     <span class='ocr_line' id='line_1_34' title="bbox 112 2535 1133 2591; baseline 0.007 -19"><span class='ocrx_word' id='word_1_271' title='bbox 112 2535 267 2586; x_wconf 79' lang='grc' dir='ltr'>γνώμης·</span> <span class='ocrx_word' id='word_1_272' title='bbox 291 2537 379 2574; x_wconf 82' lang='grc' dir='ltr'>ἀλλὰ</span> <span class='ocrx_word' id='word_1_273' title='bbox 394 2537 433 2574; x_wconf 80' lang='grc' dir='ltr'>τὸ</span> <span class='ocrx_word' id='word_1_274' title='bbox 451 2537 527 2583; x_wconf 74' lang='grc' dir='ltr'>ἑξῆς</span> <span class='ocrx_word' id='word_1_275' title='bbox 549 2538 762 2590; x_wconf 85' lang='grc' dir='ltr'>κατηγορίας</span> <span class='ocrx_word' id='word_1_276' title='bbox 783 2540 1034 2591; x_wconf 78' lang='grc' dir='ltr'>ἓπιτεταμένης</span> <span class='ocrx_word' id='word_1_277' title='bbox 1048 2570 1057 2587; x_wconf 89' lang='grc'>,</span> <span class='ocrx_word' id='word_1_278' title='bbox 1074 2541 1133 2579; x_wconf 77' lang='grc' dir='ltr'>καὶ</span> 
     </span>
     <span class='ocr_line' id='line_1_35' title="bbox 111 2597 1131 2652; baseline 0.005 -19"><span class='ocrx_word' id='word_1_279' title='bbox 111 2602 228 2634; x_wconf 61' lang='grc' dir='ltr'>πᾶσαν</span> <span class='ocrx_word' id='word_1_280' title='bbox 260 2597 465 2649; x_wconf 76' lang='grc' dir='ltr'>ἀναιρούσης</span> <span class='ocrx_word' id='word_1_281' title='bbox 495 2598 697 2649; x_wconf 86' lang='grc' dir='ltr'>ἀπολογίαν.</span> <span class='ocrx_word' id='word_1_282' title='bbox 729 2599 799 2636; x_wconf 84' lang='grc' dir='ltr'>Καὶ</span> <span class='ocrx_word' id='word_1_283' title='bbox 831 2599 893 2647; x_wconf 75' lang='grc' dir='ltr'>τὴν</span> <span class='ocrx_word' id='word_1_284' title='bbox 923 2600 1012 2638; x_wconf 79' lang='grc' dir='ltr'>ἰδίαν</span> <span class='ocrx_word' id='word_1_285' title='bbox 1041 2601 1131 2652; x_wconf 81' lang='grc' dir='ltr'>γὰρ,</span> 
     </span>
     <span class='ocr_line' id='line_1_36' title="bbox 111 2656 1130 2713; baseline 0.004 -20"><span class='ocrx_word' id='word_1_286' title='bbox 111 2656 216 2706; x_wconf 72' lang='grc' dir='ltr'>φησὶ,</span> <span class='ocrx_word' id='word_1_287' title='bbox 249 2657 467 2702; x_wconf 80' lang='grc' dir='ltr'>δικαιοσύνην</span> <span class='ocrx_word' id='word_1_288' title='bbox 490 2660 670 2704; x_wconf 77' lang='grc' dir='ltr'>ζητοῦντες</span> <span class='ocrx_word' id='word_1_289' title='bbox 688 2662 837 2706; x_wconf 71' lang='grc' dir='ltr'>στῆσαι,</span> <span class='ocrx_word' id='word_1_290' title='bbox 864 2663 906 2711; x_wconf 77' lang='grc' dir='ltr'>τῇ</span> <span class='ocrx_word' id='word_1_291' title='bbox 930 2661 1130 2713; x_wconf 78' lang='grc' dir='ltr'>δικαιοσύνῃ</span> 
     </span>
     <span class='ocr_line' id='line_1_37' title="bbox 110 2717 1132 2771; baseline 0.007 -20"><span class='ocrx_word' id='word_1_292' title='bbox 110 2720 169 2753; x_wconf 68' lang='grc' dir='ltr'>τοῦ</span> <span class='ocrx_word' id='word_1_293' title='bbox 196 2719 288 2755; x_wconf 70' lang='grc' dir='ltr'>Θεοῦ</span> <span class='ocrx_word' id='word_1_294' title='bbox 314 2718 378 2768; x_wconf 71' lang='grc' dir='ltr'>οὐχ</span> <span class='ocrx_word' id='word_1_295' title='bbox 396 2717 631 2768; x_wconf 76' lang='grc' dir='ltr'>ὑπετάγησαν.</span> <span class='ocrx_word' id='word_1_296' title='bbox 652 2720 775 2757; x_wconf 75' lang='grc' dir='ltr'>Ταῦτα</span> <span class='ocrx_word' id='word_1_297' title='bbox 795 2718 830 2756; x_wconf 79' lang='grc' dir='ltr'>δὲ</span> <span class='ocrx_word' id='word_1_298' title='bbox 861 2719 978 2771; x_wconf 82' lang='grc' dir='ltr'>ἔλεγε,</span> <span class='ocrx_word' id='word_1_299' title='bbox 1001 2720 1132 2764; x_wconf 76' lang='grc' dir='ltr'>δεικνὺς</span> 
     </span>
     <span class='ocr_line' id='line_1_38' title="bbox 110 2776 1130 2833; baseline 0.005 -19"><span class='ocrx_word' id='word_1_300' title='bbox 110 2776 162 2814; x_wconf 70' lang='grc' dir='ltr'>ὅτι</span> <span class='ocrx_word' id='word_1_301' title='bbox 178 2777 246 2815; x_wconf 78' lang='grc' dir='ltr'>ἀπὸ</span> <span class='ocrx_word' id='word_1_302' title='bbox 261 2777 469 2829; x_wconf 66' lang='grc' dir='ltr'>φιλονεικίας</span> <span class='ocrx_word' id='word_1_303' title='bbox 481 2778 540 2815; x_wconf 78' lang='grc' dir='ltr'>καὶ</span> <span class='ocrx_word' id='word_1_304' title='bbox 551 2778 737 2830; x_wconf 69' lang='grc' dir='ltr'>φιλαρχίας</span> <span class='ocrx_word' id='word_1_305' title='bbox 754 2779 930 2829; x_wconf 77' lang='grc' dir='ltr'>μᾶλλον,ἢ</span> <span class='ocrx_word' id='word_1_306' title='bbox 945 2780 978 2824; x_wconf 80' lang='grc' dir='ltr'>ἐξ</span> <span class='ocrx_word' id='word_1_307' title='bbox 991 2781 1130 2833; x_wconf 84' lang='grc' dir='ltr'>ἀγνοίας</span> 
     </span>
     <span class='ocr_line' id='line_1_39' title="bbox 109 2838 1129 2887; baseline 0.006 -13"><span class='ocrx_word' id='word_1_308' title='bbox 109 2838 365 2884; x_wconf 75' lang='grc' dir='ltr'>ἐπλανήθησαν,</span> <span class='ocrx_word' id='word_1_309' title='bbox 391 2838 450 2876; x_wconf 81' lang='grc' dir='ltr'>καὶ</span> <span class='ocrx_word' id='word_1_310' title='bbox 469 2838 521 2876; x_wconf 77' lang='grc' dir='ltr'>ὅτι</span> <span class='ocrx_word' id='word_1_311' title='bbox 540 2840 610 2876; x_wconf 72' lang='grc' dir='ltr'>οὐδ’</span> <span class='ocrx_word' id='word_1_312' title='bbox 631 2839 735 2886; x_wconf 73' lang='grc' dir='ltr'>αὐτὴν</span> <span class='ocrx_word' id='word_1_313' title='bbox 760 2841 890 2886; x_wconf 82' lang='grc' dir='ltr'>ταύτην</span> <span class='ocrx_word' id='word_1_314' title='bbox 910 2840 972 2887; x_wconf 74' lang='grc' dir='ltr'>τὴν</span> <span class='ocrx_word' id='word_1_315' title='bbox 998 2842 1129 2880; x_wconf 73' lang='grc' dir='ltr'>δικαιο-</span> 
     </span>
     <span class='ocr_line' id='line_1_40' title="bbox 110 2897 1128 2955; baseline 0.006 -21"><span class='ocrx_word' id='word_1_316' title='bbox 110 2897 211 2944; x_wconf 85' lang='grc' dir='ltr'>σύνην</span> <span class='ocrx_word' id='word_1_317' title='bbox 230 2897 292 2944; x_wconf 75' lang='grc' dir='ltr'>τὴν</span> <span class='ocrx_word' id='word_1_318' title='bbox 316 2898 384 2936; x_wconf 77' lang='grc' dir='ltr'>ἀπὸ</span> <span class='ocrx_word' id='word_1_319' title='bbox 402 2902 470 2936; x_wconf 79' lang='grc' dir='ltr'>τῶν</span> <span class='ocrx_word' id='word_1_320' title='bbox 491 2899 648 2950; x_wconf 82' lang='grc' dir='ltr'>νομίμων</span> <span class='ocrx_word' id='word_1_321' title='bbox 664 2900 834 2947; x_wconf 82' lang='grc' dir='ltr'>ἔστησαν·</span> <span class='ocrx_word' id='word_1_322' title='bbox 853 2901 893 2939; x_wconf 81' lang='grc' dir='ltr'>τὸ</span> <span class='ocrx_word' id='word_1_323' title='bbox 919 2901 987 2955; x_wconf 82' lang='grc' dir='ltr'>γὰρ</span> <span class='ocrx_word' id='word_1_324' title='bbox 1007 2904 1128 2950; x_wconf 75' lang='grc' dir='ltr'>εἰπεῖν,</span> 
     </span>
     <span class='ocr_line' id='line_1_41' title="bbox 111 2958 1129 3012; baseline 0.006 -18"><span class='ocrx_word' id='word_1_325' title='bbox 111 2958 299 3002; x_wconf 77' lang='grc' dir='ltr'>Ζητοῧντες</span> <span class='ocrx_word' id='word_1_326' title='bbox 313 2962 439 3005; x_wconf 66' lang='grc' dir='ltr'>στῆσαι</span> <span class='ocrx_word' id='word_1_327' title='bbox 451 2990 461 3007; x_wconf 94' lang='grc'>,</span> <span class='ocrx_word' id='word_1_328' title='bbox 481 2959 582 2997; x_wconf 75' lang='grc' dir='ltr'>τοῦτο’</span> <span class='ocrx_word' id='word_1_329' title='bbox 611 2961 703 2998; x_wconf 83' lang='grc' dir='ltr'>ἐστιν</span> <span class='ocrx_word' id='word_1_330' title='bbox 720 2961 959 3012; x_wconf 60' lang='grc' dir='ltr'>ἐμφαίνοντος.</span> <span class='ocrx_word' id='word_1_331' title='bbox 983 2963 1051 3000; x_wconf 80' lang='grc' dir='ltr'>Καὶ</span> <span class='ocrx_word' id='word_1_332' title='bbox 1067 2979 1129 3001; x_wconf 91' lang='grc' dir='ltr'>σα-</span> 
     </span>
     <span class='ocr_line' id='line_1_42' title="bbox 111 3015 1129 3071; baseline 0.007 -18"><span class='ocrx_word' id='word_1_333' title='bbox 111 3019 180 3065; x_wconf 64' lang='grc' dir='ltr'>ςιῶς</span> <span class='ocrx_word' id='word_1_334' title='bbox 202 3017 262 3066; x_wconf 81' lang='grc' dir='ltr'>μὲν</span> <span class='ocrx_word' id='word_1_335' title='bbox 281 3019 365 3056; x_wconf 77' lang='grc' dir='ltr'>αὐτὸ</span> <span class='ocrx_word' id='word_1_336' title='bbox 385 3021 422 3056; x_wconf 80' lang='grc' dir='ltr'>οὔ</span> <span class='ocrx_word' id='word_1_337' title='bbox 442 3019 610 3057; x_wconf 78' lang='grc' dir='ltr'>τέθεικεν·</span> <span class='ocrx_word' id='word_1_338' title='bbox 631 3020 706 3058; x_wconf 77' lang='grc' dir='ltr'>οὐδὲ</span> <span class='ocrx_word' id='word_1_339' title='bbox 726 3020 793 3071; x_wconf 85' lang='grc' dir='ltr'>γὰρ</span> <span class='ocrx_word' id='word_1_340' title='bbox 810 3015 917 3068; x_wconf 65' lang='grc' dir='ltr'>εἶπεν,</span> <span class='ocrx_word' id='word_1_341' title='bbox 936 3021 989 3059; x_wconf 77' lang='grc' dir='ltr'>ὅτι</span> <span class='ocrx_word' id='word_1_342' title='bbox 1011 3022 1129 3060; x_wconf 79' lang='grc' dir='ltr'>ἑκατέ-</span> 
     </span>
     <span class='ocr_line' id='line_1_43' title="bbox 112 3081 1127 3133; baseline 0.007 -20"><span class='ocrx_word' id='word_1_343' title='bbox 112 3093 172 3128; x_wconf 80' lang='grc' dir='ltr'>ρας</span> <span class='ocrx_word' id='word_1_344' title='bbox 190 3082 250 3124; x_wconf 69' lang='grc' dir='ltr'>τῆς</span> <span class='ocrx_word' id='word_1_345' title='bbox 270 3081 486 3127; x_wconf 76' lang='grc' dir='ltr'>δικαιοσύνης</span> <span class='ocrx_word' id='word_1_346' title='bbox 515 3081 673 3125; x_wconf 79' lang='grc' dir='ltr'>ἐξέπεσον</span> <span class='ocrx_word' id='word_1_347' title='bbox 690 3098 697 3106; x_wconf 93' lang='grc'><em>·</em></span> <span class='ocrx_word' id='word_1_348' title='bbox 718 3082 859 3133; x_wconf 78' lang='grc' dir='ltr'>ᾐνίξατο</span> <span class='ocrx_word' id='word_1_349' title='bbox 892 3082 927 3121; x_wconf 79' lang='grc' dir='ltr'>δὲ</span> <span class='ocrx_word' id='word_1_350' title='bbox 948 3082 1029 3120; x_wconf 78' lang='grc' dir='ltr'>αὐτὸ</span> <span class='ocrx_word' id='word_1_351' title='bbox 1048 3098 1127 3120; x_wconf 91' lang='grc' dir='ltr'>συν-</span> 
     </span>
     <span class='ocr_line' id='line_1_44' title="bbox 111 3139 1125 3194; baseline 0.008 -21"><span class='ocrx_word' id='word_1_352' title='bbox 111 3139 194 3179; x_wconf 73' lang='grc' dir='ltr'>ετῶς</span> <span class='ocrx_word' id='word_1_353' title='bbox 209 3139 338 3191; x_wconf 61' lang='grc' dir='ltr'>σφόδρα</span> <span class='ocrx_word' id='word_1_354' title='bbox 358 3141 417 3177; x_wconf 77' lang='grc' dir='ltr'>καὶ</span> <span class='ocrx_word' id='word_1_355' title='bbox 438 3141 526 3190; x_wconf 77' lang='grc' dir='ltr'>μετὰ</span> <span class='ocrx_word' id='word_1_356' title='bbox 538 3144 599 3187; x_wconf 75' lang='grc' dir='ltr'>τῆς</span> <span class='ocrx_word' id='word_1_357' title='bbox 620 3142 864 3194; x_wconf 81' lang='grc' dir='ltr'>προσηκούσης</span> <span class='ocrx_word' id='word_1_358' title='bbox 881 3145 972 3194; x_wconf 74' lang='grc' dir='ltr'>αὐτῷ</span> <span class='ocrx_word' id='word_1_359' title='bbox 993 3142 1125 3194; x_wconf 71' lang='grc' dir='ltr'>σοφίας.</span> 
     </span>
     <span class='ocr_line' id='line_1_45' title="bbox 111 3197 1126 3275; baseline 0.008 -42"><span class='ocrx_word' id='word_1_360' title='bbox 111 3198 152 3233; x_wconf 68' lang='lat' dir='ltr'>li}</span> <span class='ocrx_word' id='word_1_361' title='bbox 181 3197 247 3248; x_wconf 78' lang='grc' dir='ltr'>γὰρ</span> <span class='ocrx_word' id='word_1_362' title='bbox 275 3199 404 3246; x_wconf 82' lang='grc' dir='ltr'>ἐκείνην</span> <span class='ocrx_word' id='word_1_363' title='bbox 428 3201 478 3237; x_wconf 79' lang='grc' dir='ltr'>ἔτι</span> <span class='ocrx_word' id='word_1_364' title='bbox 497 3203 634 3248; x_wconf 75' lang='grc' dir='ltr'>ζητοῦσι</span> <span class='ocrx_word' id='word_1_365' title='bbox 652 3206 796 3249; x_wconf 73' lang='grc' dir='ltr'>στῆσαι,</span> <span class='ocrx_word' id='word_1_366' title='bbox 817 3203 957 3275; x_wconf 69' lang='grc' dir='ltr'>εὔδηλον</span> <span class='ocrx_word' id='word_1_367' title='bbox 985 3203 1038 3241; x_wconf 70' lang='grc' dir='ltr'>ὅτι</span> <span class='ocrx_word' id='word_1_368' title='bbox 1066 3206 1126 3241; x_wconf 77' lang='grc' dir='ltr'>οὐκ</span> 
     </span>
     <span class='ocr_line' id='line_1_46' title="bbox 110 3257 1087 3313; baseline 0.008 -20"><span class='ocrx_word' id='word_1_369' title='bbox 110 3257 270 3302; x_wconf 75' lang='grc' dir='ltr'>ἔστησαν.</span> <span class='ocrx_word' id='word_1_370' title='bbox 292 3259 335 3295; x_wconf 77' lang='grc' dir='ltr'>Εἰ</span> <span class='ocrx_word' id='word_1_371' title='bbox 358 3259 463 3310; x_wconf 77' lang='grc' dir='ltr'>ταύτῃ</span> <span class='ocrx_word' id='word_1_372' title='bbox 485 3264 549 3312; x_wconf 66' lang='grc' dir='ltr'>οὐ]</span> <span class='ocrx_word' id='word_1_373' title='bbox 573 3263 808 3313; x_wconf 73' lang='grc' dir='ltr'>ὑπετάγησαν,</span> <span class='ocrx_word' id='word_1_374' title='bbox 830 3279 887 3301; x_wconf 85' lang='grc' dir='ltr'>και</span> <span class='ocrx_word' id='word_1_375' title='bbox 907 3263 1033 3310; x_wconf 86' lang='grc' dir='ltr'>ταύτης</span> <span class='ocrx_word' id='word_1_376' title='bbox 1054 3264 1087 3307; x_wconf 81' lang='grc' dir='ltr'>ἐξ</span> 
     </span>
     <span class='ocr_line' id='line_1_47' title="bbox 110 3317 1127 3370; baseline 0.009 -17"><span class='ocrx_word' id='word_1_377' title='bbox 110 3332 224 3357; x_wconf 56' lang='lat' dir='ltr'>tecet.</span> <span class='ocrx_word' id='word_1_378' title='bbox 247 3317 351 3354; x_wconf 72' lang='grc' dir='ltr'>Ἰδίαν</span> <span class='ocrx_word' id='word_1_379' title='bbox 386 3318 420 3356; x_wconf 77' lang='grc' dir='ltr'>οὲ</span> <span class='ocrx_word' id='word_1_380' title='bbox 452 3320 669 3368; x_wconf 82' lang='grc' dir='ltr'>δικαιοσύνην</span> <span class='ocrx_word' id='word_1_381' title='bbox 690 3322 795 3370; x_wconf 74' lang='grc' dir='ltr'>αὐτὴν</span> <span class='ocrx_word' id='word_1_382' title='bbox 818 3326 936 3370; x_wconf 83' lang='grc' dir='ltr'>καλεῖ,</span> <span class='ocrx_word' id='word_1_383' title='bbox 959 3324 980 3369; x_wconf 81' lang='grc' dir='ltr'>ἢ</span> <span class='ocrx_word' id='word_1_384' title='bbox 1012 3324 1068 3362; x_wconf 81' lang='grc' dir='ltr'>δια</span> <span class='ocrx_word' id='word_1_385' title='bbox 1088 3341 1127 3363; x_wconf 93' lang='grc' dir='ltr'>το</span> 
     </span>
     <span class='ocr_line' id='line_1_48' title="bbox 111 3378 1125 3432; baseline 0.01 -19.14"><span class='ocrx_word' id='word_1_386' title='bbox 111 3378 237 3425; x_wconf 79' lang='grc' dir='ltr'>ιχΓκέτι</span> <span class='ocrx_word' id='word_1_387' title='bbox 256 3394 311 3416; x_wconf 86' lang='grc' dir='ltr'>τον</span> <span class='ocrx_word' id='word_1_388' title='bbox 342 3395 443 3429; x_wconf 75' lang='grc' dir='ltr'>νομον</span> <span class='ocrx_word' id='word_1_389' title='bbox 473 3381 569 3432; x_wconf 74' lang='grc' dir='ltr'>ἶσγύε</span> <span class='ocrx_word' id='word_1_390' title='bbox 576 3398 617 3429; x_wconf 86' lang='grc' dir='ltr'>ιν,</span> <span class='ocrx_word' id='word_1_391' title='bbox 637 3400 658 3429; x_wconf 83' lang='grc' dir='ltr'>-ΓΙ</span> <span class='ocrx_word' id='word_1_392' title='bbox 684 3383 739 3420; x_wconf 76' lang='grc' dir='ltr'>διὰ</span> <span class='ocrx_word' id='word_1_393' title='bbox 762 3385 800 3422; x_wconf 78' lang='grc' dir='ltr'>τὸ</span> <span class='ocrx_word' id='word_1_394' title='bbox 818 3384 930 3423; x_wconf 80' lang='grc' dir='ltr'>πόΓι)Γ</span> <span class='ocrx_word' id='word_1_395' title='bbox 953 3389 1039 3423; x_wconf 80' lang='grc' dir='ltr'>εἶναι</span> <span class='ocrx_word' id='word_1_396' title='bbox 1067 3387 1125 3424; x_wconf 75' lang='grc' dir='ltr'>καὶ</span> 
     </span>
    </p>
   </div>
   <div class='ocr_carea' id='block_1_9' title="bbox 111 3438 1123 3491">
    <p class='ocr_par' dir='ltr' id='par_1_9' title="bbox 111 3438 1123 3491">
     <span class='ocr_line' id='line_1_49' title="bbox 111 3438 1123 3491; baseline 0.01 -18.02"><span class='ocrx_word' id='word_1_397' title='bbox 111 3438 142 3473; x_wconf 67' lang='grc' dir='ltr'>ἰἷ</span> <span class='ocrx_word' id='word_1_398' title='bbox 148 3454 263 3488; x_wconf 75' lang='grc' dir='ltr'>ιροτιι)Γ</span> <span class='ocrx_word' id='word_1_399' title='bbox 289 3439 440 3486; x_wconf 80' lang='grc' dir='ltr'>·ταύτΓ,ν</span> <span class='ocrx_word' id='word_1_400' title='bbox 456 3440 490 3479; x_wconf 68' lang='grc' dir='ltr'>δὲ</span> <span class='ocrx_word' id='word_1_401' title='bbox 508 3446 567 3480; x_wconf 65' lang='grc' dir='ltr'>τοῖ</span> <span class='ocrx_word' id='word_1_402' title='bbox 585 3446 674 3481; x_wconf 64' lang='lat'>0203·</span> <span class='ocrx_word' id='word_1_403' title='bbox 690 3445 781 3481; x_wconf 78' lang='grc' dir='ltr'>οικαι</span> <span class='ocrx_word' id='word_1_404' title='bbox 785 3445 906 3491; x_wconf 51' lang='lat' dir='ltr'>oms-ara</span> <span class='ocrx_word' id='word_1_405' title='bbox 930 3461 990 3491; x_wconf 65' lang='grc' dir='ltr'>’.ην</span> <span class='ocrx_word' id='word_1_406' title='bbox 1009 3447 1046 3483; x_wconf 79' lang='grc' dir='ltr'>ἐκ</span> <span class='ocrx_word' id='word_1_407' title='bbox 1063 3446 1123 3482; x_wconf 79' lang='grc' dir='ltr'>πί-</span> 
     </span>
    </p>
   </div>
   <div class='ocr_carea' id='block_1_10' title="bbox 999 274 1202 306">
    <p class='ocr_par' dir='ltr' id='par_1_10' title="bbox 999 274 1202 306">
     <span class='ocr_line' id='line_1_50' title="bbox 999 274 1202 306; baseline -0.025 0"><span class='ocrx_word' id='word_1_408' title='bbox 999 276 1058 306; x_wconf 69' lang='lat' dir='ltr'>AD</span> <span class='ocrx_word' id='word_1_409' title='bbox 1094 274 1202 304; x_wconf 80' lang='lat' dir='ltr'>ROM-</span> 
     </span>
    </p>
   </div>
   <div class='ocr_carea' id='block_1_11' title="bbox 2101 248 2192 311">
    <p class='ocr_par' dir='ltr' id='par_1_11' title="bbox 2101 248 2192 311">
     <span class='ocr_line' id='line_1_51' title="bbox 2101 248 2192 311; baseline 0 -17"><span class='ocrx_word' id='word_1_410' title='bbox 2101 248 2192 311; x_wconf 69' lang='lat'>(387</span> 
     </span>
    </p>
   </div>
   <div class='ocr_carea' id='block_1_12' title="bbox 1209 355 2196 473">
    <p class='ocr_par' dir='ltr' id='par_1_12' title="bbox 1209 355 2196 473">
     <span class='ocr_line' id='line_1_52' title="bbox 1209 355 2196 412; baseline -0.007 -15"><span class='ocrx_word' id='word_1_411' title='bbox 1209 359 1276 412; x_wconf 86' lang='lat' dir='ltr'>ipsi</span> <span class='ocrx_word' id='word_1_412' title='bbox 1290 359 1483 397; x_wconf 86' lang='lat' dir='ltr'>referamus</span> <span class='ocrx_word' id='word_1_413' title='bbox 1499 357 1648 409; x_wconf 84' lang='lat' dir='ltr'>gloriam</span> <span class='ocrx_word' id='word_1_414' title='bbox 1658 372 1669 407; x_wconf 78' lang='lat'>3</span> <span class='ocrx_word' id='word_1_415' title='bbox 1686 356 1768 407; x_wconf 80' lang='lat' dir='ltr'>quia</span> <span class='ocrx_word' id='word_1_416' title='bbox 1785 355 1895 408; x_wconf 85' lang='lat' dir='ltr'>ipsius</span> <span class='ocrx_word' id='word_1_417' title='bbox 1927 363 1976 393; x_wconf 84' lang='lat' dir='ltr'>est</span> <span class='ocrx_word' id='word_1_418' title='bbox 1998 368 2144 406; x_wconf 77' lang='lat' dir='ltr'>regnum</span> <span class='ocrx_word' id='word_1_419' title='bbox 2163 362 2196 391; x_wconf 83' lang='lat' dir='ltr'>et</span> 
     </span>
     <span class='ocr_line' id='line_1_53' title="bbox 1209 418 1910 473; baseline -0.006 -15"><span class='ocrx_word' id='word_1_420' title='bbox 1209 420 1364 473; x_wconf 85' lang='lat' dir='ltr'>potentia</span> <span class='ocrx_word' id='word_1_421' title='bbox 1383 428 1418 456; x_wconf 88' lang='lat' dir='ltr'>et</span> <span class='ocrx_word' id='word_1_422' title='bbox 1437 418 1546 470; x_wconf 79' lang='lat' dir='ltr'>gloria</span> <span class='ocrx_word' id='word_1_423' title='bbox 1569 418 1603 456; x_wconf 90' lang='lat' dir='ltr'>in</span> <span class='ocrx_word' id='word_1_424' title='bbox 1623 418 1764 455; x_wconf 79' lang='lat' dir='ltr'>saecula.</span> <span class='ocrx_word' id='word_1_425' title='bbox 1788 418 1910 455; x_wconf 85' lang='lat' dir='ltr'>Amen.</span> 
     </span>
    </p>
   </div>
   <div class='ocr_carea' id='block_1_13' title="bbox 1243 270 1551 300">
    <p class='ocr_par' dir='ltr' id='par_1_13' title="bbox 1243 270 1551 300">
     <span class='ocr_line' id='line_1_54' title="bbox 1243 270 1551 300; baseline -0.01 1"><span class='ocrx_word' id='word_1_426' title='bbox 1243 270 1396 300; x_wconf 85' lang='lat' dir='ltr'>HOMIL.</span> <span class='ocrx_word' id='word_1_427' title='bbox 1437 270 1551 299; x_wconf 75' lang='lat' dir='ltr'>xvii.</span> 
     </span>
    </p>
   </div>
   <div class='ocr_carea' id='block_1_14' title="bbox 1527 656 1891 695">
    <p class='ocr_par' dir='ltr' id='par_1_14' title="bbox 1527 656 1891 695">
     <span class='ocr_line' id='line_1_55' title="bbox 1527 656 1891 695; baseline -0.003 -2"><span class='ocrx_word' id='word_1_428' title='bbox 1527 656 1736 693; x_wconf 78' lang='lat' dir='ltr'><strong>HOMILIA</strong></span> <span class='ocrx_word' id='word_1_429' title='bbox 1765 656 1891 695; x_wconf 91' lang='lat' dir='ltr'>XVII.</span> 
     </span>
    </p>
   </div>
   <div class='ocr_carea' id='block_1_15' title="bbox 1219 777 2330 830">
    <p class='ocr_par' dir='ltr' id='par_1_15' title="bbox 1219 777 2330 830">
     <span class='ocr_line' id='line_1_56' title="bbox 1219 777 2330 830; baseline 0.004 -16"><span class='ocrx_word' id='word_1_430' title='bbox 1219 777 1310 814; x_wconf 73' lang='lat' dir='ltr'>CAP.</span> <span class='ocrx_word' id='word_1_431' title='bbox 1335 777 1380 815; x_wconf 89' lang='lat' dir='ltr'>X.</span> <span class='ocrx_word' id='word_1_432' title='bbox 1392 792 1427 816; x_wconf 84' lang='lat' dir='ltr'>v.</span> <span class='ocrx_word' id='word_1_433' title='bbox 1441 779 1469 816; x_wconf 87' lang='lat' dir='ltr'>I.</span> <span class='ocrx_word' id='word_1_434' title='bbox 1496 780 1668 823; x_wconf 76' lang='lat' dir='ltr'><strong><em>Fratres,</em></strong></span> <span class='ocrx_word' id='word_1_435' title='bbox 1688 778 1872 815; x_wconf 82' lang='lat' dir='ltr'>voluntas</span> <span class='ocrx_word' id='word_1_436' title='bbox 1889 779 2045 830; x_wconf 84' lang='lat' dir='ltr'>quidem</span> <span class='ocrx_word' id='word_1_437' title='bbox 2073 780 2285 819; x_wconf 60' lang='grc' dir='ltr'>οονᾱιςοιι».</span> <span class='ocrx_word' id='word_1_438' title='bbox 2303 802 2330 818; x_wconf 72' lang='grc' dir='ltr'>ιι.</span> 
     </span>
    </p>
   </div>
   <div class='ocr_carea' id='block_1_16' title="bbox 1213 839 2196 936">
    <p class='ocr_par' dir='ltr' id='par_1_16' title="bbox 1213 839 2196 936">
     <span class='ocr_line' id='line_1_57' title="bbox 1213 839 2196 890; baseline 0.004 -16"><span class='ocrx_word' id='word_1_439' title='bbox 1213 852 1299 881; x_wconf 73' lang='lat' dir='ltr'>mec,</span> <span class='ocrx_word' id='word_1_440' title='bbox 1321 847 1356 875; x_wconf 90' lang='lat' dir='ltr'>et</span> <span class='ocrx_word' id='word_1_441' title='bbox 1370 840 1583 876; x_wconf 79' lang='lat' dir='ltr'><em>obsecratio</em></span> <span class='ocrx_word' id='word_1_442' title='bbox 1613 852 1698 875; x_wconf 84' lang='lat' dir='ltr'>mea</span> <span class='ocrx_word' id='word_1_443' title='bbox 1712 839 1765 876; x_wconf 83' lang='lat' dir='ltr'>ad</span> <span class='ocrx_word' id='word_1_444' title='bbox 1783 839 1921 884; x_wconf 80' lang='lat' dir='ltr'>Deum,</span> <span class='ocrx_word' id='word_1_445' title='bbox 1942 853 2012 890; x_wconf 82' lang='lat' dir='ltr'>pro</span> <span class='ocrx_word' id='word_1_446' title='bbox 2032 842 2122 890; x_wconf 81' lang='lat' dir='ltr'>ipsis</span> <span class='ocrx_word' id='word_1_447' title='bbox 2141 849 2196 878; x_wconf 84' lang='lat' dir='ltr'>est</span> 
     </span>
     <span class='ocr_line' id='line_1_58' title="bbox 1213 899 1456 936; baseline -0.004 0"><span class='ocrx_word' id='word_1_448' title='bbox 1213 899 1267 935; x_wconf 87' lang='lat' dir='ltr'>ad</span> <span class='ocrx_word' id='word_1_449' title='bbox 1278 900 1456 936; x_wconf 83' lang='lat' dir='ltr'>salutem.</span> 
     </span>
    </p>
   </div>
   <div class='ocr_carea' id='block_1_17' title="bbox 1201 1018 2202 2590">
    <p class='ocr_par' dir='ltr' id='par_1_17' title="bbox 1201 1018 2202 2590">
     <span class='ocr_line' id='line_1_59' title="bbox 1268 1018 2197 1072; baseline 0.003 -16"><span class='ocrx_word' id='word_1_450' title='bbox 1268 1021 1302 1056; x_wconf 81' lang='grc'>1.</span> <span class='ocrx_word' id='word_1_451' title='bbox 1318 1020 1403 1058; x_wconf 86' lang='grc'>11105</span> <span class='ocrx_word' id='word_1_452' title='bbox 1418 1019 1548 1057; x_wconf 90' lang='lat' dir='ltr'>iterum</span> <span class='ocrx_word' id='word_1_453' title='bbox 1565 1018 1809 1059; x_wconf 61' lang='lat' dir='ltr'>vehementius</span> <span class='ocrx_word' id='word_1_454' title='bbox 1824 1021 2100 1072; x_wconf 83' lang='lat' dir='ltr'>reprehensurus</span> <span class='ocrx_word' id='word_1_455' title='bbox 2124 1031 2174 1059; x_wconf 83' lang='lat' dir='ltr'>est</span> <span class='ocrx_word' id='word_1_456' title='bbox 2186 1053 2197 1071; x_wconf 91' lang='lat'>,</span> 
     </span>
     <span class='ocr_line' id='line_1_60' title="bbox 1211 1077 2200 1129; baseline 0.001 -15"><span class='ocrx_word' id='word_1_457' title='bbox 1211 1092 1318 1129; x_wconf 85' lang='lat' dir='ltr'>quam</span> <span class='ocrx_word' id='word_1_458' title='bbox 1335 1077 1459 1129; x_wconf 88' lang='lat' dir='ltr'>prius&#39;:</span> <span class='ocrx_word' id='word_1_459' title='bbox 1478 1091 1587 1127; x_wconf 80' lang='lat' dir='ltr'>quare</span> <span class='ocrx_word' id='word_1_460' title='bbox 1618 1092 1759 1115; x_wconf 81' lang='lat' dir='ltr'>rursum</span> <span class='ocrx_word' id='word_1_461' title='bbox 1777 1092 1917 1116; x_wconf 89' lang='lat' dir='ltr'>omnem</span> <span class='ocrx_word' id='word_1_462' title='bbox 1932 1078 2126 1116; x_wconf 71' lang='lat' dir='ltr'>inimicitia—3·</span> <span class='ocrx_word' id='word_1_463' title='bbox 2141 1094 2200 1117; x_wconf 89' lang='lat' dir='ltr'>su-</span> 
     </span>
     <span class='ocr_line' id='line_1_61' title="bbox 1212 1140 2201 1193; baseline 0.002 -15"><span class='ocrx_word' id='word_1_464' title='bbox 1212 1140 1405 1193; x_wconf 87' lang='lat' dir='ltr'>spicionem</span> <span class='ocrx_word' id='word_1_465' title='bbox 1432 1141 1538 1188; x_wconf 86' lang='lat' dir='ltr'>tollit,</span> <span class='ocrx_word' id='word_1_466' title='bbox 1558 1141 1740 1192; x_wconf 86' lang='lat' dir='ltr'>multaque</span> <span class='ocrx_word' id='word_1_467' title='bbox 1767 1141 1879 1179; x_wconf 83' lang='lat' dir='ltr'>utitur</span> <span class='ocrx_word' id='word_1_468' title='bbox 1908 1141 2040 1193; x_wconf 79' lang='lat' dir='ltr'>praevia</span> <span class='ocrx_word' id='word_1_469' title='bbox 2080 1156 2201 1180; x_wconf 89' lang='lat' dir='ltr'>corre-</span> 
     </span>
     <span class='ocr_line' id='line_1_62' title="bbox 1212 1199 2202 1251; baseline 0.001 -14"><span class='ocrx_word' id='word_1_470' title='bbox 1212 1199 1336 1239; x_wconf 85' lang='lat' dir='ltr'>ctione.</span> <span class='ocrx_word' id='word_1_471' title='bbox 1357 1200 1436 1237; x_wconf 91' lang='lat' dir='ltr'>Non</span> <span class='ocrx_word' id='word_1_472' title='bbox 1454 1199 1647 1237; x_wconf 85' lang='lat' dir='ltr'>attendatis</span> <span class='ocrx_word' id='word_1_473' title='bbox 1673 1200 1910 1247; x_wconf 80' lang='lat' dir='ltr'>sermonibus,</span> <span class='ocrx_word' id='word_1_474' title='bbox 1930 1200 2060 1250; x_wconf 82' lang='lat' dir='ltr'>inquit,</span> <span class='ocrx_word' id='word_1_475' title='bbox 2088 1215 2202 1251; x_wconf 87' lang='lat' dir='ltr'>neque</span> 
     </span>
     <span class='ocr_line' id='line_1_63' title="bbox 1213 1260 2202 1312; baseline 0.001 -14"><span class='ocrx_word' id='word_1_476' title='bbox 1213 1260 1550 1312; x_wconf 80' lang='lat' dir='ltr'><strong>reprehensionibus</strong></span> <span class='ocrx_word' id='word_1_477' title='bbox 1564 1277 1573 1307; x_wconf 82' lang='lat'>3</span> <span class='ocrx_word' id='word_1_478' title='bbox 1589 1260 1666 1298; x_wconf 83' lang='lat' dir='ltr'>haec</span> <span class='ocrx_word' id='word_1_479' title='bbox 1679 1260 1773 1298; x_wconf 83' lang='lat' dir='ltr'>enim</span> <span class='ocrx_word' id='word_1_480' title='bbox 1784 1275 1852 1298; x_wconf 92' lang='lat' dir='ltr'>non</span> <span class='ocrx_word' id='word_1_481' title='bbox 1866 1260 2011 1298; x_wconf 86' lang='lat' dir='ltr'>inimico</span> <span class='ocrx_word' id='word_1_482' title='bbox 2026 1275 2070 1299; x_wconf 78' lang='lat' dir='ltr'>ex</span> <span class='ocrx_word' id='word_1_483' title='bbox 2083 1261 2202 1300; x_wconf 84' lang='lat' dir='ltr'>animo</span> 
     </span>
     <span class='ocr_line' id='line_1_64' title="bbox 1212 1320 2200 1373; baseline 0.002 -16"><span class='ocrx_word' id='word_1_484' title='bbox 1212 1321 1357 1372; x_wconf 87' lang='lat' dir='ltr'>protuli.</span> <span class='ocrx_word' id='word_1_485' title='bbox 1375 1323 1497 1372; x_wconf 82' lang='lat' dir='ltr'>Neque</span> <span class='ocrx_word' id='word_1_486' title='bbox 1516 1321 1611 1359; x_wconf 88' lang='lat' dir='ltr'>enim</span> <span class='ocrx_word' id='word_1_487' title='bbox 1627 1320 1785 1373; x_wconf 84' lang='lat' dir='ltr'>ejusdem</span> <span class='ocrx_word' id='word_1_488' title='bbox 1804 1331 1854 1359; x_wconf 86' lang='lat' dir='ltr'>est</span> <span class='ocrx_word' id='word_1_489' title='bbox 1872 1321 2028 1359; x_wconf 87' lang='lat' dir='ltr'>hominis</span> <span class='ocrx_word' id='word_1_490' title='bbox 2053 1323 2200 1360; x_wconf 82' lang='lat' dir='ltr'>salutem</span> 
     </span>
     <span class='ocr_line' id='line_1_65' title="bbox 1211 1381 2200 1438; baseline 0.001 -20"><span class='ocrx_word' id='word_1_491' title='bbox 1211 1394 1333 1418; x_wconf 89' lang='lat' dir='ltr'>eornm</span> <span class='ocrx_word' id='word_1_492' title='bbox 1348 1390 1528 1432; x_wconf 74' lang='lat' dir='ltr'>exoptare,</span> <span class='ocrx_word' id='word_1_493' title='bbox 1545 1390 1578 1418; x_wconf 92' lang='lat' dir='ltr'>et</span> <span class='ocrx_word' id='word_1_494' title='bbox 1602 1395 1669 1418; x_wconf 92' lang='lat' dir='ltr'>non</span> <span class='ocrx_word' id='word_1_495' title='bbox 1687 1381 1792 1419; x_wconf 88' lang='lat' dir='ltr'>modo</span> <span class='ocrx_word' id='word_1_496' title='bbox 1813 1391 1992 1438; x_wconf 75' lang='lat' dir='ltr'>exoptare,</span> <span class='ocrx_word' id='word_1_497' title='bbox 2015 1381 2076 1420; x_wconf 86' lang='lat' dir='ltr'>sed</span> <span class='ocrx_word' id='word_1_498' title='bbox 2095 1382 2200 1419; x_wconf 86' lang='lat' dir='ltr'>etiam</span> 
     </span>
     <span class='ocr_line' id='line_1_66' title="bbox 1211 1441 2201 1492; baseline 0.001 -14"><span class='ocrx_word' id='word_1_499' title='bbox 1211 1441 1360 1492; x_wconf 85' lang='lat' dir='ltr'>precari,</span> <span class='ocrx_word' id='word_1_500' title='bbox 1375 1450 1407 1479; x_wconf 91' lang='lat' dir='ltr'>et</span> <span class='ocrx_word' id='word_1_501' title='bbox 1422 1450 1539 1479; x_wconf 86' lang='lat' dir='ltr'>tamen</span> <span class='ocrx_word' id='word_1_502' title='bbox 1562 1442 1643 1479; x_wconf 87' lang='lat' dir='ltr'>illos</span> <span class='ocrx_word' id='word_1_503' title='bbox 1659 1441 1775 1479; x_wconf 91' lang='lat' dir='ltr'>odisse</span> <span class='ocrx_word' id='word_1_504' title='bbox 1790 1451 1822 1479; x_wconf 92' lang='lat' dir='ltr'>et</span> <span class='ocrx_word' id='word_1_505' title='bbox 1842 1442 1997 1480; x_wconf 78' lang='lat' dir='ltr'>aversari</span> <span class='ocrx_word' id='word_1_506' title='bbox 2015 1459 2022 1480; x_wconf 91' lang='lat'>:</span> <span class='ocrx_word' id='word_1_507' title='bbox 2042 1457 2122 1479; x_wconf 87' lang='lat' dir='ltr'>nam</span> <span class='ocrx_word' id='word_1_508' title='bbox 2140 1443 2201 1480; x_wconf 84' lang='lat' dir='ltr'>hic</span> 
     </span>
     <span class='ocr_line' id='line_1_67' title="bbox 1212 1502 2201 1543; baseline 0.001 -3"><span class='ocrx_word' id='word_1_509' title='bbox 1212 1503 1430 1540; x_wconf 85' lang='lat' dir='ltr'>voluntatem</span> <span class='ocrx_word' id='word_1_510' title='bbox 1452 1502 1638 1540; x_wconf 81' lang='lat' dir='ltr'>vehemens</span> <span class='ocrx_word' id='word_1_511' title='bbox 1668 1502 1889 1543; x_wconf 86' lang='lat' dir='ltr'>desiderium</span> <span class='ocrx_word' id='word_1_512' title='bbox 1912 1513 2029 1542; x_wconf 70' lang='lat' dir='ltr'>vocat.</span> <span class='ocrx_word' id='word_1_513' title='bbox 2052 1504 2099 1541; x_wconf 87' lang='lat' dir='ltr'>Et</span> <span class='ocrx_word' id='word_1_514' title='bbox 2118 1504 2201 1542; x_wconf 85' lang='lat' dir='ltr'>vide</span> 
     </span>
     <span class='ocr_line' id='line_1_68' title="bbox 1211 1563 2197 1613; baseline 0.001 -13"><span class='ocrx_word' id='word_1_515' title='bbox 1211 1563 1330 1610; x_wconf 85' lang='lat' dir='ltr'>etiam,</span> <span class='ocrx_word' id='word_1_516' title='bbox 1347 1563 1527 1613; x_wconf 89' lang='lat' dir='ltr'>quomodo</span> <span class='ocrx_word' id='word_1_517' title='bbox 1557 1563 1835 1602; x_wconf 78' lang='lat' dir='ltr'>obsecrationem</span> <span class='ocrx_word' id='word_1_518' title='bbox 1854 1579 1898 1602; x_wconf 79' lang='lat' dir='ltr'>ex</span> <span class='ocrx_word' id='word_1_519' title='bbox 1922 1573 2039 1603; x_wconf 86' lang='lat' dir='ltr'>mente</span> <span class='ocrx_word' id='word_1_520' title='bbox 2064 1565 2169 1602; x_wconf 82' lang='lat' dir='ltr'>faeiat</span> <span class='ocrx_word' id='word_1_521' title='bbox 2189 1581 2197 1600; x_wconf 74' lang='grc' dir='ltr'><em>τ</em></span> 
     </span>
     <span class='ocr_line' id='line_1_69' title="bbox 1210 1623 2198 1675; baseline 0 -14"><span class='ocrx_word' id='word_1_522' title='bbox 1210 1637 1280 1661; x_wconf 92' lang='lat' dir='ltr'>non</span> <span class='ocrx_word' id='word_1_523' title='bbox 1296 1632 1336 1661; x_wconf 78' lang='lat' dir='ltr'>ut</span> <span class='ocrx_word' id='word_1_524' title='bbox 1350 1624 1430 1662; x_wconf 88' lang='lat' dir='ltr'>illos</span> <span class='ocrx_word' id='word_1_525' title='bbox 1449 1623 1565 1661; x_wconf 89' lang='lat' dir='ltr'>solum</span> <span class='ocrx_word' id='word_1_526' title='bbox 1580 1638 1598 1660; x_wconf 84' lang='lat' dir='ltr'>a</span> <span class='ocrx_word' id='word_1_527' title='bbox 1614 1624 1792 1675; x_wconf 87' lang='lat' dir='ltr'>supplicio</span> <span class='ocrx_word' id='word_1_528' title='bbox 1807 1625 1944 1673; x_wconf 87' lang='lat' dir='ltr'>liberet,</span> <span class='ocrx_word' id='word_1_529' title='bbox 1962 1625 2023 1662; x_wconf 88' lang='lat' dir='ltr'>sed</span> <span class='ocrx_word' id='word_1_530' title='bbox 2039 1634 2072 1662; x_wconf 85' lang='lat' dir='ltr'>et</span> <span class='ocrx_word' id='word_1_531' title='bbox 2095 1634 2133 1662; x_wconf 89' lang='lat' dir='ltr'>ut</span> <span class='ocrx_word' id='word_1_532' title='bbox 2148 1625 2198 1661; x_wconf 94' lang='lat' dir='ltr'>il-</span> 
     </span>
     <span class='ocr_line' id='line_1_70' title="bbox 1209 1680 2199 1738; baseline 0 -15"><span class='ocrx_word' id='word_1_533' title='bbox 1209 1685 1261 1723; x_wconf 87' lang='lat' dir='ltr'>los</span> <span class='ocrx_word' id='word_1_534' title='bbox 1276 1685 1392 1723; x_wconf 84' lang='lat' dir='ltr'>salvos</span> <span class='ocrx_word' id='word_1_535' title='bbox 1406 1680 1525 1734; x_wconf 82' lang='lat' dir='ltr'>faciat,</span> <span class='ocrx_word' id='word_1_536' title='bbox 1544 1698 1709 1736; x_wconf 86' lang='lat' dir='ltr'>magnam</span> <span class='ocrx_word' id='word_1_537' title='bbox 1729 1685 1874 1723; x_wconf 81' lang='lat' dir='ltr'>adhibet</span> <span class='ocrx_word' id='word_1_538' title='bbox 1891 1700 2013 1723; x_wconf 84' lang='lat' dir='ltr'>curam</span> <span class='ocrx_word' id='word_1_539' title='bbox 2034 1696 2063 1724; x_wconf 82' lang='lat' dir='ltr'>et</span> <span class='ocrx_word' id='word_1_540' title='bbox 2076 1700 2199 1738; x_wconf 81' lang='lat' dir='ltr'>preca-</span> 
     </span>
     <span class='ocr_line' id='line_1_71' title="bbox 1211 1745 2197 1799; baseline -0.001 -15"><span class='ocrx_word' id='word_1_541' title='bbox 1211 1746 1353 1784; x_wconf 85' lang='lat' dir='ltr'>tionem.</span> <span class='ocrx_word' id='word_1_542' title='bbox 1371 1746 1495 1795; x_wconf 85' lang='lat' dir='ltr'>Neque</span> <span class='ocrx_word' id='word_1_543' title='bbox 1510 1759 1554 1783; x_wconf 83' lang='lat' dir='ltr'>ex</span> <span class='ocrx_word' id='word_1_544' title='bbox 1567 1745 1624 1782; x_wconf 88' lang='lat' dir='ltr'>his</span> <span class='ocrx_word' id='word_1_545' title='bbox 1640 1746 1770 1796; x_wconf 87' lang='lat' dir='ltr'>solum,</span> <span class='ocrx_word' id='word_1_546' title='bbox 1786 1745 1847 1783; x_wconf 87' lang='lat' dir='ltr'>sed</span> <span class='ocrx_word' id='word_1_547' title='bbox 1861 1746 1966 1783; x_wconf 89' lang='lat' dir='ltr'>etiam</span> <span class='ocrx_word' id='word_1_548' title='bbox 1984 1760 2027 1784; x_wconf 78' lang='lat' dir='ltr'>ex</span> <span class='ocrx_word' id='word_1_549' title='bbox 2044 1760 2197 1799; x_wconf 85' lang='lat' dir='ltr'>sequen-</span> 
     </span>
     <span class='ocr_line' id='line_1_72' title="bbox 1210 1806 2196 1859; baseline 0.001 -16"><span class='ocrx_word' id='word_1_550' title='bbox 1210 1806 1307 1844; x_wconf 86' lang='lat' dir='ltr'>tibus</span> <span class='ocrx_word' id='word_1_551' title='bbox 1325 1806 1606 1845; x_wconf 83' lang='lat' dir='ltr'>benevolentiam</span> <span class='ocrx_word' id='word_1_552' title='bbox 1628 1806 1795 1857; x_wconf 79' lang='lat' dir='ltr'>ostendit,</span> <span class='ocrx_word' id='word_1_553' title='bbox 1815 1821 1921 1857; x_wconf 88' lang='lat' dir='ltr'>quam</span> <span class='ocrx_word' id='word_1_554' title='bbox 1939 1821 2018 1859; x_wconf 84' lang='lat' dir='ltr'>erga</span> <span class='ocrx_word' id='word_1_555' title='bbox 2035 1807 2115 1845; x_wconf 92' lang='lat' dir='ltr'>illos</span> <span class='ocrx_word' id='word_1_556' title='bbox 2127 1807 2196 1844; x_wconf 84' lang='lat' dir='ltr'>ha-</span> 
     </span>
     <span class='ocr_line' id='line_1_73' title="bbox 1210 1867 2197 1919; baseline 0.001 -15"><span class='ocrx_word' id='word_1_557' title='bbox 1210 1867 1282 1904; x_wconf 83' lang='lat' dir='ltr'>bet.</span> <span class='ocrx_word' id='word_1_558' title='bbox 1301 1867 1355 1904; x_wconf 88' lang='lat' dir='ltr'>Ab</span> <span class='ocrx_word' id='word_1_559' title='bbox 1377 1867 1421 1904; x_wconf 91' lang='lat' dir='ltr'>iis</span> <span class='ocrx_word' id='word_1_560' title='bbox 1436 1867 1544 1917; x_wconf 84' lang='lat' dir='ltr'>enim,</span> <span class='ocrx_word' id='word_1_561' title='bbox 1566 1881 1643 1918; x_wconf 82' lang='lat' dir='ltr'>quae</span> <span class='ocrx_word' id='word_1_562' title='bbox 1658 1868 1819 1905; x_wconf 82' lang='lat' dir='ltr'>excusari</span> <span class='ocrx_word' id='word_1_563' title='bbox 1833 1877 2008 1919; x_wconf 80' lang='lat' dir='ltr'>poterant,</span> <span class='ocrx_word' id='word_1_564' title='bbox 2026 1877 2197 1918; x_wconf 79' lang='lat' dir='ltr'>quantum</span> 
     </span>
     <span class='ocr_line' id='line_1_74' title="bbox 1211 1928 2196 1980; baseline 0 -15"><span class='ocrx_word' id='word_1_565' title='bbox 1211 1928 1367 1966; x_wconf 77' lang='lat' dir='ltr'>maxime</span> <span class='ocrx_word' id='word_1_566' title='bbox 1394 1928 1510 1980; x_wconf 88' lang='lat' dir='ltr'>potuit</span> <span class='ocrx_word' id='word_1_567' title='bbox 1532 1928 1712 1966; x_wconf 85' lang='lat' dir='ltr'>contendit</span> <span class='ocrx_word' id='word_1_568' title='bbox 1737 1937 1769 1965; x_wconf 87' lang='lat' dir='ltr'>et</span> <span class='ocrx_word' id='word_1_569' title='bbox 1789 1928 1933 1966; x_wconf 85' lang='lat' dir='ltr'>molitur</span> <span class='ocrx_word' id='word_1_570' title='bbox 1952 1928 2009 1966; x_wconf 76' lang='lat' dir='ltr'>vel</span> <span class='ocrx_word' id='word_1_571' title='bbox 2032 1928 2196 1965; x_wconf 82' lang='lat' dir='ltr'>umbram</span> 
     </span>
     <span class='ocr_line' id='line_1_75' title="bbox 1210 1989 2198 2042; baseline 0.001 -15"><span class='ocrx_word' id='word_1_572' title='bbox 1210 1990 1257 2027; x_wconf 86' lang='lat' dir='ltr'>ad</span> <span class='ocrx_word' id='word_1_573' title='bbox 1285 1991 1366 2027; x_wconf 89' lang='lat' dir='ltr'>illos</span> <span class='ocrx_word' id='word_1_574' title='bbox 1379 1989 1615 2027; x_wconf 85' lang='lat' dir='ltr'>defendendos</span> <span class='ocrx_word' id='word_1_575' title='bbox 1630 1990 1802 2040; x_wconf 72' lang='lat' dir='ltr'>invenire,</span> <span class='ocrx_word' id='word_1_576' title='bbox 1824 2004 1887 2027; x_wconf 90' lang='lat' dir='ltr'>nec</span> <span class='ocrx_word' id='word_1_577' title='bbox 1918 1999 2046 2042; x_wconf 81' lang='lat' dir='ltr'>potest,</span> <span class='ocrx_word' id='word_1_578' title='bbox 2061 1991 2105 2027; x_wconf 88' lang='lat' dir='ltr'>ab</span> <span class='ocrx_word' id='word_1_579' title='bbox 2122 1991 2198 2042; x_wconf 89' lang='lat' dir='ltr'>ipsa</span> 
     </span>
     <span class='ocr_line' id='line_1_76' title="bbox 1209 2051 2199 2104; baseline 0.001 -16"><span class='ocrx_word' id='word_1_580' title='bbox 1209 2065 1357 2103; x_wconf 89' lang='lat' dir='ltr'>operum</span> <span class='ocrx_word' id='word_1_581' title='bbox 1380 2060 1507 2089; x_wconf 87' lang='lat' dir='ltr'>natura</span> <span class='ocrx_word' id='word_1_582' title='bbox 1528 2051 1654 2089; x_wconf 78' lang='lat' dir='ltr'>victus.</span> <span class='ocrx_word' id='word_1_583' title='bbox 1673 2054 1710 2089; x_wconf 72' lang='grc'>(2.</span> <span class='ocrx_word' id='word_1_584' title='bbox 1739 2052 1942 2104; x_wconf 77' lang='lat' dir='ltr'>Testzficor</span> <span class='ocrx_word' id='word_1_585' title='bbox 1968 2054 2070 2089; x_wconf 80' lang='lat' dir='ltr'>enim</span> <span class='ocrx_word' id='word_1_586' title='bbox 2099 2052 2199 2101; x_wconf 84' lang='lat' dir='ltr'>illis,</span> 
     </span>
     <span class='ocr_line' id='line_1_77' title="bbox 1209 2111 2197 2169; baseline 0.001 -21"><span class='ocrx_word' id='word_1_587' title='bbox 1209 2111 1334 2162; x_wconf 85' lang='lat' dir='ltr'>inquit,</span> <span class='ocrx_word' id='word_1_588' title='bbox 1364 2114 1456 2163; x_wconf 86' lang='lat' dir='ltr'>quia</span> <span class='ocrx_word' id='word_1_589' title='bbox 1477 2112 1603 2149; x_wconf 77' lang='lat' dir='ltr'>zelum</span> <span class='ocrx_word' id='word_1_590' title='bbox 1618 2113 1693 2149; x_wconf 86' lang='lat' dir='ltr'>Dei</span> <span class='ocrx_word' id='word_1_591' title='bbox 1713 2112 1868 2158; x_wconf 68' lang='lat' dir='ltr'>habent,</span> <span class='ocrx_word' id='word_1_592' title='bbox 1884 2113 1956 2169; x_wconf 76' lang='lat' dir='ltr'>¹sed</span> <span class='ocrx_word' id='word_1_593' title='bbox 1974 2126 2050 2149; x_wconf 87' lang='lat' dir='ltr'>non</span> <span class='ocrx_word' id='word_1_594' title='bbox 2064 2126 2197 2150; x_wconf 82' lang='lat' dir='ltr'>secun-</span> 
     </span>
     <span class='ocr_line' id='line_1_78' title="bbox 1207 2171 2198 2222; baseline 0.002 -14"><span class='ocrx_word' id='word_1_595' title='bbox 1207 2172 1299 2208; x_wconf 77' lang='lat' dir='ltr'>dum</span> <span class='ocrx_word' id='word_1_596' title='bbox 1311 2174 1526 2209; x_wconf 83' lang='lat' dir='ltr'>scientiam.</span> <span class='ocrx_word' id='word_1_597' title='bbox 1538 2171 1622 2209; x_wconf 84' lang='lat' dir='ltr'>Haec</span> <span class='ocrx_word' id='word_1_598' title='bbox 1636 2172 1757 2222; x_wconf 82' lang='lat' dir='ltr'>itaque</span> <span class='ocrx_word' id='word_1_599' title='bbox 1774 2171 1892 2219; x_wconf 66' lang='lat' dir='ltr'>venia,</span> <span class='ocrx_word' id='word_1_600' title='bbox 1911 2186 1982 2209; x_wconf 88' lang='lat' dir='ltr'>non</span> <span class='ocrx_word' id='word_1_601' title='bbox 2003 2172 2198 2210; x_wconf 82' lang='lat' dir='ltr'>accusatio-</span> 
     </span>
     <span class='ocr_line' id='line_1_79' title="bbox 1207 2231 2196 2283; baseline 0.001 -15"><span class='ocrx_word' id='word_1_602' title='bbox 1207 2245 1251 2268; x_wconf 91' lang='lat' dir='ltr'>ne</span> <span class='ocrx_word' id='word_1_603' title='bbox 1270 2231 1380 2282; x_wconf 82' lang='lat' dir='ltr'>dign&#39;a</span> <span class='ocrx_word' id='word_1_604' title='bbox 1418 2240 1512 2269; x_wconf 89' lang='lat' dir='ltr'>sunt.</span> <span class='ocrx_word' id='word_1_605' title='bbox 1531 2231 1570 2270; x_wconf 87' lang='lat' dir='ltr'>Si</span> <span class='ocrx_word' id='word_1_606' title='bbox 1599 2232 1692 2269; x_wconf 89' lang='lat' dir='ltr'>enim</span> <span class='ocrx_word' id='word_1_607' title='bbox 1729 2244 1799 2268; x_wconf 94' lang='lat' dir='ltr'>non</span> <span class='ocrx_word' id='word_1_608' title='bbox 1834 2240 1980 2283; x_wconf 89' lang='lat' dir='ltr'>propter</span> <span class='ocrx_word' id='word_1_609' title='bbox 2015 2232 2196 2269; x_wconf 87' lang='lat' dir='ltr'>hominem</span> 
     </span>
     <span class='ocr_line' id='line_1_80' title="bbox 1206 2292 2197 2344; baseline 0.001 -14"><span class='ocrx_word' id='word_1_610' title='bbox 1206 2292 1320 2331; x_wconf 81' lang='lat' dir='ltr'>avulsi</span> <span class='ocrx_word' id='word_1_611' title='bbox 1379 2302 1477 2343; x_wconf 90' lang='lat' dir='ltr'>sunt,</span> <span class='ocrx_word' id='word_1_612' title='bbox 1514 2292 1576 2330; x_wconf 86' lang='lat' dir='ltr'>sed</span> <span class='ocrx_word' id='word_1_613' title='bbox 1606 2301 1750 2344; x_wconf 86' lang='lat' dir='ltr'>propter</span> <span class='ocrx_word' id='word_1_614' title='bbox 1777 2293 1889 2330; x_wconf 88' lang='lat' dir='ltr'>zelum</span> <span class='ocrx_word' id='word_1_615' title='bbox 1899 2308 1911 2342; x_wconf 77' lang='lat'>3</span> <span class='ocrx_word' id='word_1_616' title='bbox 1955 2293 2197 2331; x_wconf 82' lang='lat' dir='ltr'>misericordia</span> 
     </span>
     <span class='ocr_line' id='line_1_81' title="bbox 1206 2354 2198 2407; baseline 0.004 -16"><span class='ocrx_word' id='word_1_617' title='bbox 1206 2354 1340 2405; x_wconf 83' lang='lat' dir='ltr'>magis,</span> <span class='ocrx_word' id='word_1_618' title='bbox 1373 2369 1484 2405; x_wconf 84' lang='lat' dir='ltr'>quam</span> <span class='ocrx_word' id='word_1_619' title='bbox 1519 2355 1696 2407; x_wconf 87' lang='lat' dir='ltr'>supplicio</span> <span class='ocrx_word' id='word_1_620' title='bbox 1737 2354 1840 2406; x_wconf 78' lang='lat' dir='ltr'>digni</span> <span class='ocrx_word' id='word_1_621' title='bbox 1879 2363 1973 2395; x_wconf 86' lang='lat' dir='ltr'>sunt.</span> <span class='ocrx_word' id='word_1_622' title='bbox 2009 2355 2080 2394; x_wconf 88' lang='lat' dir='ltr'>Sed</span> <span class='ocrx_word' id='word_1_623' title='bbox 2114 2357 2198 2395; x_wconf 86' lang='lat' dir='ltr'>vide</span> 
     </span>
     <span class='ocr_line' id='line_1_82' title="bbox 1205 2415 2198 2469; baseline 0.001 -16"><span class='ocrx_word' id='word_1_624' title='bbox 1205 2430 1314 2467; x_wconf 87' lang='lat' dir='ltr'>quam</span> <span class='ocrx_word' id='word_1_625' title='bbox 1351 2417 1532 2469; x_wconf 79' lang='lat' dir='ltr'>sapienter</span> <span class='ocrx_word' id='word_1_626' title='bbox 1564 2416 1673 2455; x_wconf 81' lang='lat' dir='ltr'>verbo</span> <span class='ocrx_word' id='word_1_627' title='bbox 1698 2416 1844 2466; x_wconf 89' lang='lat' dir='ltr'>quidem</span> <span class='ocrx_word' id='word_1_628' title='bbox 1864 2415 1935 2454; x_wconf 87' lang='lat' dir='ltr'>illis</span> <span class='ocrx_word' id='word_1_629' title='bbox 1964 2417 2198 2467; x_wconf 81' lang='lat' dir='ltr'>gratificatur,</span> 
     </span>
     <span class='ocr_line' id='line_1_83' title="bbox 1203 2476 2197 2529; baseline 0.001 -15"><span class='ocrx_word' id='word_1_630' title='bbox 1203 2486 1236 2515; x_wconf 89' lang='lat' dir='ltr'>et</span> <span class='ocrx_word' id='word_1_631' title='bbox 1257 2476 1541 2529; x_wconf 83' lang='lat' dir='ltr'>intempestivam</span> <span class='ocrx_word' id='word_1_632' title='bbox 1579 2476 1725 2514; x_wconf 89' lang='lat' dir='ltr'>illorum</span> <span class='ocrx_word' id='word_1_633' title='bbox 1760 2476 2016 2514; x_wconf 86' lang='lat' dir='ltr'>contentionem</span> <span class='ocrx_word' id='word_1_634' title='bbox 2049 2477 2197 2515; x_wconf 87' lang='lat' dir='ltr'>demon-</span> 
     </span>
     <span class='ocr_line' id='line_1_84' title="bbox 1201 2537 2198 2590; baseline 0.002 -16"><span class='ocrx_word' id='word_1_635' title='bbox 1201 2546 1301 2574; x_wconf 86' lang='lat' dir='ltr'>strat.</span> <span class='ocrx_word' id='word_1_636' title='bbox 1331 2538 1367 2575; x_wconf 83' lang='lat'>5.</span> <span class='ocrx_word' id='word_1_637' title='bbox 1433 2539 1664 2588; x_wconf 81' lang='lat' dir='ltr'>Ignorantes</span> <span class='ocrx_word' id='word_1_638' title='bbox 1699 2539 1815 2583; x_wconf 80' lang='lat' dir='ltr'>enim,</span> <span class='ocrx_word' id='word_1_639' title='bbox 1852 2537 1981 2586; x_wconf 90' lang='lat' dir='ltr'>inquit,</span> <span class='ocrx_word' id='word_1_640' title='bbox 2026 2539 2102 2575; x_wconf 82' lang='lat' dir='ltr'>Dei</span> <span class='ocrx_word' id='word_1_641' title='bbox 2132 2541 2198 2590; x_wconf 80' lang='grc' dir='ltr'>]”ῑι-</span> 
     </span>
    </p>
   </div>
   <div class='ocr_carea' id='block_1_18' title="bbox 1154 2597 2198 2647">
    <p class='ocr_par' dir='ltr' id='par_1_18' title="bbox 1154 2597 2198 2647">
     <span class='ocr_line' id='line_1_85' title="bbox 1154 2597 2198 2647; baseline 0.001 -12"><span class='ocrx_word' id='word_1_642' title='bbox 1154 2606 1179 2635; x_wconf 90' lang='lat' dir='ltr'>D</span> <span class='ocrx_word' id='word_1_643' title='bbox 1203 2600 1362 2636; x_wconf 83' lang='lat' dir='ltr'>stitiam.</span> <span class='ocrx_word' id='word_1_644' title='bbox 1391 2598 1530 2634; x_wconf 86' lang='lat' dir='ltr'>Rursus</span> <span class='ocrx_word' id='word_1_645' title='bbox 1559 2597 1627 2634; x_wconf 88' lang='lat' dir='ltr'>hoc</span> <span class='ocrx_word' id='word_1_646' title='bbox 1647 2597 1799 2635; x_wconf 84' lang='lat' dir='ltr'>verbum</span> <span class='ocrx_word' id='word_1_647' title='bbox 1814 2597 1957 2647; x_wconf 80' lang='lat' dir='ltr'>veniam</span> <span class='ocrx_word' id='word_1_648' title='bbox 1978 2598 2132 2635; x_wconf 88' lang='lat' dir='ltr'>indicat:</span> <span class='ocrx_word' id='word_1_649' title='bbox 2163 2608 2198 2636; x_wconf 83' lang='lat' dir='ltr'>at</span> 
     </span>
    </p>
   </div>
   <div class='ocr_carea' id='block_1_19' title="bbox 1198 2657 2199 3256">
    <p class='ocr_par' dir='ltr' id='par_1_19' title="bbox 1198 2657 2199 3256">
     <span class='ocr_line' id='line_1_86' title="bbox 1202 2657 2197 2710; baseline 0.004 -17"><span class='ocrx_word' id='word_1_650' title='bbox 1202 2657 1299 2707; x_wconf 89' lang='lat' dir='ltr'>quod</span> <span class='ocrx_word' id='word_1_651' title='bbox 1315 2657 1474 2708; x_wconf 88' lang='lat' dir='ltr'>sequitur</span> <span class='ocrx_word' id='word_1_652' title='bbox 1488 2657 1731 2695; x_wconf 86' lang='lat' dir='ltr'>vehementem</span> <span class='ocrx_word' id='word_1_653' title='bbox 1742 2657 2003 2694; x_wconf 88' lang='lat' dir='ltr'>accusationem</span> <span class='ocrx_word' id='word_1_654' title='bbox 2016 2659 2197 2710; x_wconf 75' lang='lat' dir='ltr'>exprimit,</span> 
     </span>
     <span class='ocr_line' id='line_1_87' title="bbox 1201 2717 2196 2770; baseline 0.003 -17"><span class='ocrx_word' id='word_1_655' title='bbox 1201 2732 1277 2767; x_wconf 85' lang='lat' dir='ltr'>quae</span> <span class='ocrx_word' id='word_1_656' title='bbox 1294 2731 1434 2755; x_wconf 90' lang='lat' dir='ltr'>omnem</span> <span class='ocrx_word' id='word_1_657' title='bbox 1454 2717 1556 2754; x_wconf 84' lang='lat' dir='ltr'>tollat</span> <span class='ocrx_word' id='word_1_658' title='bbox 1575 2717 1812 2755; x_wconf 87' lang='lat' dir='ltr'>defensionem</span> <span class='ocrx_word' id='word_1_659' title='bbox 1824 2733 1836 2767; x_wconf 77' lang='lat'>3</span> <span class='ocrx_word' id='word_1_660' title='bbox 1852 2731 1935 2754; x_wconf 91' lang='lat' dir='ltr'>nam</span> <span class='ocrx_word' id='word_1_661' title='bbox 1949 2718 1998 2755; x_wconf 84' lang='lat' dir='ltr'>ait</span> <span class='ocrx_word' id='word_1_662' title='bbox 2015 2733 2023 2754; x_wconf 76' lang='grc' dir='ltr'>ε</span> <span class='ocrx_word' id='word_1_663' title='bbox 2044 2720 2098 2755; x_wconf 86' lang='lat' dir='ltr'>Et</span> <span class='ocrx_word' id='word_1_664' title='bbox 2108 2733 2196 2770; x_wconf 84' lang='lat' dir='ltr'>pro-</span> 
     </span>
     <span class='ocr_line' id='line_1_88' title="bbox 1198 2780 2197 2831; baseline 0.002 -17"><span class='ocrx_word' id='word_1_665' title='bbox 1198 2780 1325 2828; x_wconf 85' lang='lat' dir='ltr'>priam</span> <span class='ocrx_word' id='word_1_666' title='bbox 1327 2793 1346 2829; x_wconf 89' lang='lat' dir='ltr'><strong><em>J</em></strong></span> <span class='ocrx_word' id='word_1_667' title='bbox 1352 2780 1526 2815; x_wconf 83' lang='lat' dir='ltr'>ustitiam</span> <span class='ocrx_word' id='word_1_668' title='bbox 1537 2786 1705 2815; x_wconf 81' lang='lat' dir='ltr'>statuere</span> <span class='ocrx_word' id='word_1_669' title='bbox 1718 2786 1944 2829; x_wconf 69' lang='lat' dir='ltr'>quaerentes,</span> <span class='ocrx_word' id='word_1_670' title='bbox 1950 2780 2112 2831; x_wconf 69' lang='lat' dir='ltr'>justitiae</span> <span class='ocrx_word' id='word_1_671' title='bbox 2122 2780 2197 2816; x_wconf 85' lang='lat' dir='ltr'>Dei</span> 
     </span>
     <span class='ocr_line' id='line_1_89' title="bbox 1202 2837 2196 2890; baseline 0.003 -16"><span class='ocrx_word' id='word_1_672' title='bbox 1202 2851 1280 2874; x_wconf 85' lang='lat' dir='ltr'>non</span> <span class='ocrx_word' id='word_1_673' title='bbox 1316 2838 1460 2876; x_wconf 82' lang='lat' dir='ltr'>subditi</span> <span class='ocrx_word' id='word_1_674' title='bbox 1475 2838 1660 2890; x_wconf 79' lang='lat' dir='ltr'>ficerunt.</span> <span class='ocrx_word' id='word_1_675' title='bbox 1680 2837 1764 2875; x_wconf 89' lang='lat' dir='ltr'>Haec</span> <span class='ocrx_word' id='word_1_676' title='bbox 1782 2851 1865 2876; x_wconf 76' lang='lat' dir='ltr'>vero</span> <span class='ocrx_word' id='word_1_677' title='bbox 1885 2837 1988 2888; x_wconf 85' lang='lat' dir='ltr'>dicit,</span> <span class='ocrx_word' id='word_1_678' title='bbox 2012 2839 2196 2877; x_wconf 86' lang='lat' dir='ltr'>ostendens</span> 
     </span>
     <span class='ocr_line' id='line_1_90' title="bbox 1200 2898 2194 2952; baseline 0.001 -16"><span class='ocrx_word' id='word_1_679' title='bbox 1200 2899 1280 2937; x_wconf 88' lang='lat' dir='ltr'>illos</span> <span class='ocrx_word' id='word_1_680' title='bbox 1314 2913 1359 2937; x_wconf 81' lang='lat' dir='ltr'>ex</span> <span class='ocrx_word' id='word_1_681' title='bbox 1387 2899 1609 2937; x_wconf 90' lang='lat' dir='ltr'>contentione</span> <span class='ocrx_word' id='word_1_682' title='bbox 1625 2907 1658 2936; x_wconf 85' lang='lat' dir='ltr'>et</span> <span class='ocrx_word' id='word_1_683' title='bbox 1673 2898 1894 2951; x_wconf 85' lang='lat' dir='ltr'>principatus</span> <span class='ocrx_word' id='word_1_684' title='bbox 1923 2914 2042 2938; x_wconf 86' lang='lat' dir='ltr'>amore</span> <span class='ocrx_word' id='word_1_685' title='bbox 2069 2901 2194 2952; x_wconf 84' lang='lat' dir='ltr'>magis,</span> 
     </span>
     <span class='ocr_line' id='line_1_91' title="bbox 1201 2960 2197 3015; baseline 0.002 -17"><span class='ocrx_word' id='word_1_686' title='bbox 1201 2975 1307 3011; x_wconf 89' lang='lat' dir='ltr'>quam</span> <span class='ocrx_word' id='word_1_687' title='bbox 1339 2975 1385 2998; x_wconf 80' lang='lat' dir='ltr'>ex</span> <span class='ocrx_word' id='word_1_688' title='bbox 1400 2960 1600 3012; x_wconf 82' lang='lat' dir='ltr'>ignorantia</span> <span class='ocrx_word' id='word_1_689' title='bbox 1614 2974 1760 3009; x_wconf 88' lang='lat' dir='ltr'>errasse,</span> <span class='ocrx_word' id='word_1_690' title='bbox 1782 2970 1815 2998; x_wconf 91' lang='lat' dir='ltr'>et</span> <span class='ocrx_word' id='word_1_691' title='bbox 1835 2975 1948 3012; x_wconf 87' lang='lat' dir='ltr'>neque</span> <span class='ocrx_word' id='word_1_692' title='bbox 1962 2962 2062 3000; x_wconf 85' lang='lat' dir='ltr'>illam</span> <span class='ocrx_word' id='word_1_693' title='bbox 2081 2963 2197 3015; x_wconf 88' lang='lat' dir='ltr'>ipsam</span> 
     </span>
     <span class='ocr_line' id='line_1_92' title="bbox 1198 3020 2197 3072; baseline 0.002 -14"><span class='ocrx_word' id='word_1_694' title='bbox 1198 3022 1370 3072; x_wconf 86' lang='lat' dir='ltr'>legalium</span> <span class='ocrx_word' id='word_1_695' title='bbox 1409 3034 1527 3058; x_wconf 88' lang='lat' dir='ltr'>rerum</span> <span class='ocrx_word' id='word_1_696' title='bbox 1565 3020 1743 3072; x_wconf 88' lang='lat' dir='ltr'>justitiam</span> <span class='ocrx_word' id='word_1_697' title='bbox 1775 3021 1948 3059; x_wconf 88' lang='lat' dir='ltr'>statuisse.</span> <span class='ocrx_word' id='word_1_698' title='bbox 1984 3023 2076 3059; x_wconf 87' lang='lat' dir='ltr'>Cum</span> <span class='ocrx_word' id='word_1_699' title='bbox 2104 3022 2197 3060; x_wconf 90' lang='lat' dir='ltr'>enim</span> 
     </span>
     <span class='ocr_line' id='line_1_93' title="bbox 1199 3081 2198 3133; baseline 0.002 -14"><span class='ocrx_word' id='word_1_700' title='bbox 1199 3082 1262 3131; x_wconf 88' lang='lat' dir='ltr'>ait,</span> <span class='ocrx_word' id='word_1_701' title='bbox 1286 3083 1505 3132; x_wconf 79' lang='lat' dir='ltr'>Qaoerentes</span> <span class='ocrx_word' id='word_1_702' title='bbox 1527 3089 1709 3128; x_wconf 79' lang='lat' dir='ltr'>statuere,</span> <span class='ocrx_word' id='word_1_703' title='bbox 1736 3081 1803 3118; x_wconf 89' lang='lat' dir='ltr'>hoc</span> <span class='ocrx_word' id='word_1_704' title='bbox 1831 3081 2019 3133; x_wconf 85' lang='lat' dir='ltr'>significat.</span> <span class='ocrx_word' id='word_1_705' title='bbox 2041 3083 2087 3120; x_wconf 90' lang='lat' dir='ltr'>Et</span> <span class='ocrx_word' id='word_1_706' title='bbox 2106 3083 2198 3121; x_wconf 88' lang='lat' dir='ltr'>illud</span> 
     </span>
     <span class='ocr_line' id='line_1_94' title="bbox 1198 3143 2199 3194; baseline 0.004 -14"><span class='ocrx_word' id='word_1_707' title='bbox 1198 3144 1292 3181; x_wconf 85' lang='lat' dir='ltr'>clare</span> <span class='ocrx_word' id='word_1_708' title='bbox 1310 3144 1455 3193; x_wconf 86' lang='lat' dir='ltr'>quidem</span> <span class='ocrx_word' id='word_1_709' title='bbox 1478 3157 1546 3180; x_wconf 90' lang='lat' dir='ltr'>non</span> <span class='ocrx_word' id='word_1_710' title='bbox 1567 3143 1708 3194; x_wconf 89' lang='lat' dir='ltr'>posuit:</span> <span class='ocrx_word' id='word_1_711' title='bbox 1724 3157 1793 3181; x_wconf 92' lang='lat' dir='ltr'>non</span> <span class='ocrx_word' id='word_1_712' title='bbox 1813 3144 1907 3181; x_wconf 88' lang='lat' dir='ltr'>enim</span> <span class='ocrx_word' id='word_1_713' title='bbox 1928 3144 2025 3182; x_wconf 86' lang='lat' dir='ltr'>dixit</span> <span class='ocrx_word' id='word_1_714' title='bbox 2043 3145 2123 3183; x_wconf 90' lang='lat' dir='ltr'>illos</span> <span class='ocrx_word' id='word_1_715' title='bbox 2149 3161 2199 3184; x_wconf 86' lang='lat' dir='ltr'>ex</span> 
     </span>
     <span class='ocr_line' id='line_1_95' title="bbox 1199 3203 2196 3256; baseline 0.004 -15"><span class='ocrx_word' id='word_1_716' title='bbox 1199 3214 1348 3256; x_wconf 78' lang='lat' dir='ltr'>utraque</span> <span class='ocrx_word' id='word_1_717' title='bbox 1372 3205 1513 3256; x_wconf 85' lang='lat' dir='ltr'>justitia</span> <span class='ocrx_word' id='word_1_718' title='bbox 1550 3203 1743 3254; x_wconf 80' lang='lat' dir='ltr'>excidisse3</span> <span class='ocrx_word' id='word_1_719' title='bbox 1782 3204 1844 3241; x_wconf 87' lang='lat' dir='ltr'>sed</span> <span class='ocrx_word' id='word_1_720' title='bbox 1875 3204 1967 3242; x_wconf 83' lang='lat' dir='ltr'>illud</span> <span class='ocrx_word' id='word_1_721' title='bbox 1985 3205 2196 3245; x_wconf 87' lang='lat' dir='ltr'>subindica—</span> 
     </span>
    </p>
   </div>
   <div class='ocr_carea' id='block_1_20' title="bbox 1161 3264 2196 3318">
    <p class='ocr_par' dir='ltr' id='par_1_20' title="bbox 1161 3264 2196 3318">
     <span class='ocr_line' id='line_1_96' title="bbox 1161 3264 2196 3318; baseline 0.004 -17"><span class='ocrx_word' id='word_1_722' title='bbox 1161 3286 1165 3294; x_wconf 74' lang='grc'><strong>«</strong></span> <span class='ocrx_word' id='word_1_723' title='bbox 1198 3264 1250 3302; x_wconf 85' lang='lat' dir='ltr'>vit</span> <span class='ocrx_word' id='word_1_724' title='bbox 1265 3264 1459 3302; x_wconf 86' lang='lat' dir='ltr'>admodum</span> <span class='ocrx_word' id='word_1_725' title='bbox 1468 3264 1552 3302; x_wconf 86' lang='lat' dir='ltr'>scite</span> <span class='ocrx_word' id='word_1_726' title='bbox 1562 3273 1690 3301; x_wconf 88' lang='lat' dir='ltr'>etcum</span> <span class='ocrx_word' id='word_1_727' title='bbox 1707 3264 1876 3316; x_wconf 87' lang='lat' dir='ltr'>sapientia</span> <span class='ocrx_word' id='word_1_728' title='bbox 1891 3265 1960 3302; x_wconf 87' lang='lat' dir='ltr'>sibi</span> <span class='ocrx_word' id='word_1_729' title='bbox 1972 3267 2196 3318; x_wconf 81' lang='lat' dir='ltr'>competenti.</span> 
     </span>
    </p>
   </div>
   <div class='ocr_carea' id='block_1_21' title="bbox 1197 3324 2197 3500">
    <p class='ocr_par' dir='ltr' id='par_1_21' title="bbox 1197 3324 2197 3500">
     <span class='ocr_line' id='line_1_97' title="bbox 1199 3324 2197 3378; baseline 0.003 -16"><span class='ocrx_word' id='word_1_730' title='bbox 1199 3325 1289 3362; x_wconf 79' lang='lat' dir='ltr'>Nam</span> <span class='ocrx_word' id='word_1_731' title='bbox 1305 3325 1334 3362; x_wconf 88' lang='lat' dir='ltr'>si</span> <span class='ocrx_word' id='word_1_732' title='bbox 1349 3325 1445 3362; x_wconf 84' lang='lat' dir='ltr'>illam</span> <span class='ocrx_word' id='word_1_733' title='bbox 1457 3324 1576 3362; x_wconf 86' lang='lat' dir='ltr'>adhue</span> <span class='ocrx_word' id='word_1_734' title='bbox 1587 3333 1749 3375; x_wconf 75' lang='lat' dir='ltr'>quaerunt</span> <span class='ocrx_word' id='word_1_735' title='bbox 1764 3333 1927 3375; x_wconf 88' lang='lat' dir='ltr'>statuere,</span> <span class='ocrx_word' id='word_1_736' title='bbox 1943 3327 2060 3378; x_wconf 79' lang='lat' dir='ltr'>palam</span> <span class='ocrx_word' id='word_1_737' title='bbox 2079 3336 2127 3365; x_wconf 86' lang='lat' dir='ltr'>est</span> <span class='ocrx_word' id='word_1_738' title='bbox 2139 3342 2197 3365; x_wconf 81' lang='lat' dir='ltr'>eos</span> 
     </span>
     <span class='ocr_line' id='line_1_98' title="bbox 1198 3386 2191 3436; baseline 0.002 -12"><span class='ocrx_word' id='word_1_739' title='bbox 1198 3400 1266 3424; x_wconf 92' lang='lat' dir='ltr'>non</span> <span class='ocrx_word' id='word_1_740' title='bbox 1276 3386 1436 3424; x_wconf 79' lang='lat' dir='ltr'>statuisse</span> <span class='ocrx_word' id='word_1_741' title='bbox 1451 3386 1496 3424; x_wconf 89' lang='lat' dir='ltr'>:si</span> <span class='ocrx_word' id='word_1_742' title='bbox 1506 3386 1591 3423; x_wconf 88' lang='lat' dir='ltr'>huic</span> <span class='ocrx_word' id='word_1_743' title='bbox 1606 3400 1672 3423; x_wconf 92' lang='lat' dir='ltr'>non</span> <span class='ocrx_word' id='word_1_744' title='bbox 1685 3386 1821 3424; x_wconf 86' lang='lat' dir='ltr'>subditi</span> <span class='ocrx_word' id='word_1_745' title='bbox 1831 3387 1984 3436; x_wconf 86' lang='lat' dir='ltr'>fuerunt,</span> <span class='ocrx_word' id='word_1_746' title='bbox 2001 3388 2045 3425; x_wconf 81' lang='lat' dir='ltr'>ab</span> <span class='ocrx_word' id='word_1_747' title='bbox 2060 3388 2119 3426; x_wconf 83' lang='lat' dir='ltr'>illa</span> <span class='ocrx_word' id='word_1_748' title='bbox 2134 3404 2191 3426; x_wconf 61' lang='lat' dir='ltr'>ex&lt;</span> 
     </span>
     <span class='ocr_line' id='line_1_99' title="bbox 1197 3446 2195 3500; baseline 0.003 -16"><span class='ocrx_word' id='word_1_749' title='bbox 1197 3446 1369 3486; x_wconf 72' lang='lat' dir='ltr'>ciderunt.</span> <span class='ocrx_word' id='word_1_750' title='bbox 1387 3448 1570 3500; x_wconf 70' lang='lat' dir='ltr'>Propriam</span> <span class='ocrx_word' id='word_1_751' title='bbox 1592 3462 1675 3485; x_wconf 69' lang='lat' dir='ltr'>vcro</span> <span class='ocrx_word' id='word_1_752' title='bbox 1686 3447 1862 3499; x_wconf 83' lang='lat' dir='ltr'>justitiam</span> <span class='ocrx_word' id='word_1_753' title='bbox 1883 3448 1981 3487; x_wconf 79' lang='lat' dir='ltr'>illam</span> <span class='ocrx_word' id='word_1_754' title='bbox 1999 3459 2120 3499; x_wconf 68' lang='lat' dir='ltr'>vocat,</span> <span class='ocrx_word' id='word_1_755' title='bbox 2141 3451 2195 3488; x_wconf 76' lang='lat' dir='ltr'>vel</span> 
     </span>
    </p>
   </div>
  </div>
 </body>
</html>
