2466 3805
84 770 161 787 smus

83 812 152 836 pore
179 801 267 838 Ciny-

294 207 344 235 12
750 206 787 235 S.

285 285 506 333 haeserimus,
534 285 745 322 beneficium
763 299 832 323 non
860 286 963 323 valde
987 285 1187 322 sentiemus.
1206 284 1265 321 Sic

287 356 319 385 et
339 347 451 384 Paulo
469 361 538 385 nou
557 346 675 384 statim
697 346 779 383 data
798 355 850 383 est
871 346 1001 396 gratia,
1023 344 1084 382 sed
1104 343 1264 380 triduum

287 407 479 445 intercessit
508 421 577 457 quo
608 420 719 444 caecus
748 414 846 453 erat,
873 414 978 454 atque
1006 403 1145 441 interim
1170 412 1266 440 metu

288 469 507 520 purgabatur
520 477 552 504 et
560 466 833 518 praeparabatur.
848 463 1161 512 Quemadmodum
1175 464 1269 501 enim

287 530 347 580 qui
382 541 577 581 purpuram
609 527 779 576 tingunt,
815 525 912 577 prius
944 523 1158 575 quibusdam
1187 524 1267 562 aliis

286 597 485 640 praeparant
504 587 564 635 id,
595 586 690 636 quod
720 585 911 622 tincturam
937 593 1165 636 accepturum
1191 595 1263 635 est,

287 664 328 687 ue
348 650 410 686 flos
440 646 611 685 evanidus
640 646 702 683 sit:
722 646 772 683 ita
801 646 860 683 hic
879 660 1019 696 quoque
1040 647 1138 684 Deus
1166 645 1266 698 prius

100 720 161 747 Car
179 720 270 755 mpii-
283 709 470 747 sollicitam
481 708 830 759 animampraeparat,
844 715 877 744 et
891 716 975 744 tunc
988 707 1137 758 gratiam
1148 706 1266 744 infun-

199 767 270 786 tein-

283 771 349 808 dit.
385 769 523 807 Idcirco
550 782 619 806 non
648 768 768 806 statim
796 768 973 820 Spiritum
1004 768 1118 816 misit,
1141 768 1201 805 sed
1229 769 1264 806 in

82 844 203 869 sostomi
239 842 266 866 in
282 834 494 870 Pentecoste.
509 830 617 877 Quod
631 830 660 868 si
674 830 753 881 quis
771 830 905 868 dixerit
919 846 927 866 τ
943 831 1016 868 Cur
1032 844 1094 868 nos
1109 844 1177 867 non
1197 830 1264 868 hoc

79 883 249 908 Penii-cocto

81 933 137 949 non
178 924 262 949 ‹lare-

80 969 138 990 tur.

67 2724 158 2749 Jmilz.
185 2723 229 2751 [5.

66 2772 101 2783 η’»

280 903 435 945 tempore
469 892 718 944 baptizamus?
762 891 1053 944 respondebimus
1068 921 1079 940 ,
1113 891 1262 942 gratiam

277 954 438 992 eamdem
454 963 539 992 tunc
563 953 670 991 fuisse
688 967 765 1004 quae
795 966 889 990 nunc
915 961 988 1001 est3
1019 952 1080 990 sed
1110 961 1261 990 mentem

277 1015 521 1053 sublimiorem
539 1027 633 1051 nunc
651 1027 744 1061 esse,
765 1013 859 1064 quod
878 1013 1013 1065 jejunio
1033 1022 1258 1065 praeparetur.

277 1079 494 1116 Pentecostes
522 1090 605 1116 vero
626 1085 766 1128 tempus
789 1076 896 1113 habet
917 1075 1074 1125 aliquam
1090 1076 1259 1113 rationem

276 1153 345 1177 non
368 1139 535 1191 ineptam.
556 1138 728 1184 Quaenam
752 1137 813 1174 illa
849 1137 930 1174 est?
954 1136 1260 1175 Existimaverunt

275 1209 392 1252 patres
429 1199 538 1237 nostri
556 1229 568 1249 ,
603 1198 780 1250 baptisma
818 1211 890 1235 esse
919 1198 1059 1235 frenum
1092 1197 1258 1235 idoneum

275 1260 376 1297 malae
393 1259 702 1312 concupiscentiae,
717 1272 951 1310 magnamque
965 1257 1162 1296 doctrinam
1180 1272 1260 1296 con-

273 1319 402 1368 tinere,
435 1329 473 1357 ut
503 1319 558 1358 vel
593 1328 749 1371 tempore
780 1318 990 1356 deliciarum
1026 1326 1259 1369 temperantes

274 1380 395 1418 simus.
416 1383 466 1418 Ac
485 1380 514 1418 si
531 1393 614 1431 ergo
631 1393 712 1417 cum
732 1379 874 1416 Christo
900 1378 1085 1430 epulemur
1101 1409 1110 1426 ,
1132 1393 1258 1417 mensae

275 1442 348 1492 ejus
376 1448 574 1488 consortes,
593 1453 636 1477 ne
651 1438 739 1490 quid
764 1448 892 1476 temere
911 1438 1103 1488 faciamus,
1135 1439 1195 1477 sed
1221 1440 1257 1478 in

268 1502 432 1554 jejuniis,
451 1501 615 1554 precibus
635 1510 668 1538 et
692 1501 920 1553 temperantia
939 1501 1048 1537 multa
1072 1501 1252 1552 degamus.

270 1565 363 1601 Nam
399 1563 427 1600 si
454 1563 503 1611 is,
540 1562 601 1612 qui
636 1562 837 1599 saecularem
856 1561 1047 1612 quamdam
1068 1563 1256 1613 praefectu-

270 1637 344 1662 ram
372 1623 534 1660 aditurus
555 1630 624 1669 est,
649 1621 718 1659 sibi
744 1630 846 1673 parat
861 1620 1038 1672 quidquid
1068 1621 1112 1660 ad
1143 1622 1255 1661 vitam

269 1684 420 1735 pertinet
432 1699 442 1732 3
466 1692 499 1720 et
519 1692 557 1719 ut
575 1681 784 1732 dignitatem
807 1681 997 1732 quamdam
1023 1693 1229 1734 assequatur
1243 1715 1252 1729 ‚

268 1743 434 1795 pecunias
456 1742 642 1794 impendit,
656 1751 796 1793 tempus
816 1741 1004 1792 consumit,
1025 1751 1057 1780 et
1077 1753 1257 1783 sexcentos

269 1804 365 1842 subit
376 1804 512 1841 labores
524 1818 536 1853 ;
548 1817 617 1853 quo
631 1816 694 1840 nos
706 1802 808 1853 digni
818 1802 989 1840 fuerimus
1005 1804 1180 1855 supplicio
1195 1807 1256 1856 qui

275 1878 354 1901 cum
372 1872 466 1902 tanta
479 1862 636 1901 socordia
646 1876 796 1913 regnum
809 1863 977 1899 caelorum
990 1863 1257 1915 adimus,neque

267 1935 454 1976 antequam
481 1938 708 1974 assequamur
727 1923 888 1972 solliciti,
908 1933 940 1960 et
967 1933 1047 1976 post
1072 1935 1254 1977 acceptum

268 1987 276 2022 i
282 1986 387 2037 gnavi
397 1986 414 2023 .⁹
424 1985 509 2023 Ideo
529 1985 622 2022 enim
634 1994 820 2036 postquam
833 1985 1044 2036 accepimus,
1063 1999 1182 2037 segnes
1196 2002 1254 2025 su—

267 2059 356 2093 mus,
378 2045 458 2095 quia
467 2054 655 2094 antequam
669 2044 920 2095 acciperemus,
934 2058 1002 2081 uon
1013 2044 1252 2096 vigilavimus.

268 2105 405 2143 Idcirco
427 2104 533 2144 multi
557 2113 748 2156 postquam
766 2113 995 2155 acceperunt,
1019 2106 1182 2156 protinus
1209 2101 1261 2145 ad·

268 2166 422 2217 priorem
445 2165 620 2203 vomitum
636 2164 836 2211 redierunt,
861 2165 994 2215 pejores
1017 2175 1098 2203 sunt
1113 2166 1251 2217 {effecti,

268 2235 299 2263 et
317 2226 462 2278 gravius
490 2224 559 2262 sibi
581 2223 798 2275 supplicium
817 2233 1057 2274 attraxerunt,
1079 2239 1098 2262 a
1117 2226 1250 2277 priori—

266 2288 333 2325 bus
353 2286 495 2324 liberati
519 2285 671 2337 peccatis
693 2300 700 2320 :
719 2284 872 2335 hincque
894 2285 1007 2336 magis
1030 2285 1188 2337 judicem
1207 2289 1252 2326 ad

267 2349 356 2385 iram
383 2346 618 2394 concitarunt,
642 2345 738 2396 quod
764 2360 784 2382 a
802 2354 899 2383 tanto
919 2346 1022 2383 soluti
1045 2348 1189 2397 morbo,
1210 2364 1252 2387 ne

268 2409 316 2445 sic
329 2407 474 2458 quidem
492 2405 722 2458 resipuerint,
745 2405 805 2443 sed
825 2405 915 2442 illud
932 2407 1023 2457 passi
1045 2407 1133 2452 sint,
1155 2409 1250 2458 quod

268 2468 464 2520 paralytico
509 2466 741 2505 comminatus
780 2475 829 2504 est
870 2466 1033 2505 Christus
1053 2497 1063 2515 ,
1104 2468 1224 2507 dicens
1246 2487 1252 2506 z

207 2539 249 2579 ιγ’.
268 2531 369 2566 Ecce
387 2541 505 2566 sanus
527 2528 660 2578 factus
689 2540 727 2564 es
741 2543 755 2571 ;
778 2527 858 2563 noli
881 2527 1047 2578 amplius
1067 2543 1246 2579 peccare.

269 2606 314 2629 ne
331 2592 424 2642 quid
439 2592 509 2627 tibi
522 2590 688 2626 deterius
706 2591 906 2640 contingat
920 2604 929 2624 .·
945 2588 1109 2640 quodque
1124 2590 1169 2628 de
1187 2594 1209 2631 J
1212 2607 1250 2629 u-

267 2651 352 2689 daeis
383 2649 578 2702 praedixit,
615 2648 800 2687 ostendens
841 2648 935 2699 ipsos
977 2649 1108 2700 ingrati
1140 2651 1249 2689 animi
1273 2679 1280 2683 Α

269 2726 371 2750 causa
391 2709 629 2748 intolerabilia
654 2723 818 2762 passuros
838 2723 911 2746 esse
932 2724 939 2744 :
960 2709 1000 2747 Si
1019 2723 1096 2746 non
1115 2715 1249 2750 venis—

267 2787 345 2811 sem
361 2781 397 2810 et
414 2772 592 2822 loquutus
597 2771 768 2822 fuissem
783 2772 850 2815 eis,
868 2778 1068 2819 peccatum
1089 2785 1166 2808 non
1181 2774 1250 2810 Ιιιι-

269 2836 410 2870 herent.
431 2832 555 2880 Itaque
585 2830 730 2882 posthac
749 2829 857 2880 dupla
877 2838 910 2867 et
939 2830 1140 2883 quadrupla
1169 2844 1250 2872 sunt

267 2902 421 2945 peccata.
440 2892 520 2937 Quo
539 2891 670 2942 pacto?
686 2890 780 2936 Quia
796 2899 875 2941 post
893 2890 1062 2929 collatum
1082 2893 1249 2933 honorem

267 2953 397 3004 ingrati
413 2965 536 2990 sumus
563 2960 597 2988 et
615 2949 781 3002 improbi.
799 2950 1024 3001 Quapropter
1042 2952 1133 2989 nihil
1150 2955 1250 2992 nobis

265 3014 406 3067 proficit
427 3013 629 3058 lavacrum,
655 3021 694 3049 ut
710 3011 832 3049 mitius
852 3011 1056 3062 puniamur.
1078 3014 1247 3054 Animad-

267 3083 363 3112 verte
376 3087 480 3125 porro
494 3089 501 3109 :
519 3073 554 3110 in
572 3071 693 3123 gravia
707 3080 848 3123 peccata
862 3071 942 3122 quis
956 3072 1097 3120 incidit;
1111 3075 1166 3112 vel
1184 3090 1246 3114 cce-

267 3136 346 3173 ‹lem
362 3165 370 3179 ‚
386 3134 443 3172 vel
456 3133 691 3179 adulterium,
707 3133 765 3171 vel
784 3131 884 3170 aliud
896 3132 1082 3184 quidpiam
1094 3134 1247 3176 deterius

309 3268 320 3281 e
346 3253 441 3287 Idem
457 3253 570 3286 Codex
593 3258 637 3295 ἐπ]
657 3257 777 3296 Παύλῳ.
793 3253 886 3295 [Mox
912 3252 1010 3285 Saxil.
1028 3261 1059 3284 et
1076 3255 1113 3286 C.
1139 3262 1266 3297 τωμῑ-

266 3325 308 3347 νος
324 3319 383 3349 pro
402 3306 611 3349 σμηχόμενς-]

309 3361 321 3379 *¹
345 3359 437 3391 Unus
452 3356 566 3390 Codex
583 3364 615 3389 ct
640 3356 739 3389 savit.
760 3357 792 3388 in
811 3368 913 3399 marg.
934 3359 1104 3401 προύὲεγευ,
1121 3363 1165 3392 ἔτι
1182 3364 1263 3392 im:

825 206 1010 236 JOANNIS
1047 206 1287 235 CHRYSOST.

1330 207 1532 235 ARCHIEP.
1573 206 1916 238 CONSTANTINOP
1925 229 1932 237 .

1340 285 1415 322 οὐδὲ
1446 287 1506 330 τῆς
1537 286 1732 336 εὐεργεσίας
1759 287 1889 339 σφόδρα
1909 289 2150 338 αἰσθανόμεθα.
2172 288 2277 326 Οὕτω
2300 288 2360 326 καὶ

1339 344 1416 381 ςέπὶ
1436 344 1577 382 Παύλου
1590 361 1597 368 ·
1627 348 1688 384 οὐκ
1712 348 1832 390 εὐθέως
1851 351 1871 393 ἡ
1897 348 2000 401 χάρις
2018 343 2134 395 ἦλθεν,
2160 348 2249 386 ἀλλὰ
2267 355 2358 400 τρεῖς

1337 404 1466 455 ἡμέραι
1492 405 1648 455 ἐγένοντο
1678 407 1828 457 μεταξὺ,
1859 409 1894 444 ἐν
1914 402 1967 451 αἶς
1985 403 2027 455 ἦν
2052 409 2192 461 τυφλὸς,
2213 409 2279 447 ὑπὸ
2299 414 2359 447 τοῦ

1338 464 1443 515 φόὸου
1465 466 1686 517 σμηχόμενος
1706 467 1766 504 καὶ
1785 469 2208 520 προπαρασκευαζόμενος.
2233 468 2357 506 Καθά-

1336 541 1402 578 περ
1418 526 1486 578 γὰρ
1500 527 1530 564 οἱ
1544 526 1607 572 τὴν
1623 527 1808 579 ἁλουργίδα
1826 529 2029 579 βάπτοντες,
2043 531 2209 582 πρότερον
2229 530 2359 582 ἑτέροις

1337 586 1408 624 τισὶ
1426 588 1466 625 τὸ
1493 587 1676 639 δεχόμενον
1707 588 1770 636 τὴν
1806 589 1918 640 βαφὴν
1951 591 2356 644 προπαρασκευάζουσιν,

1337 648 1392 685 ἵνα
1426 649 1474 698 μὴ
1496 648 1647 696 ἐξίτηλον
1667 650 1811 700 γένηται
1829 651 1869 689 τὸ
1894 651 1993 694 ἄνθος
2009 667 2016 675 ·
2044 651 2133 689 οὕτω
2159 652 2199 698 δὴ
2220 652 2280 697 καὶ
2300 654 2356 690 ἓν-

1337 713 1446 748 ταῧθα
1473 710 1637 763 πρότερον
1674 712 1980 764 μεμεριμνημένην
2012 714 2264 756 κατασκευάζει
2292 711 2355 758 τὴν

1337 770 1452 822 ψυχὴν
1473 775 1490 809 ὃ
1511 771 1619 816 Θεὸς,
1645 772 1704 809 καὶ
1730 772 1808 810 τότε
1826 772 1890 820 τὴν
1908 773 2011 826 χάριν
2039 774 2150 825 ἐκχεῖ.
2172 773 2241 811 Διὰ
2256 776 2356 811 τοῦτο

1336 831 1394 869 καὶ
1410 832 1487 871 οὐδὲ
1506 831 1630 875 εὐθέως
1649 832 1689 870 τὸ
1709 834 1854 883 Πνεῦμα
1873 833 2042 886 ἔπεμψεν,
2061 837 2137 873 ἀλλ’
2159 836 2194 872 ἐν
2213 836 2257 885 τῇ
2274 850 2355 872 πεν-

1335 896 1499 944 τηκοστῇ.
1521 894 1564 931 Εἰ
1590 892 1626 930 δὲ
1647 893 1743 945 λέγοι
1765 910 1817 937 τις
1830 922 1840 939 ,
1857 894 1946 937 τίνος
1965 895 2078 933 ἕνεκεν
2097 896 2155 932 καὶ
2174 899 2275 945 ἡμεῖς
2293 897 2355 932 οὐκ

1335 957 1368 992 ἐν
1387 957 1436 1006 τῷ
1455 957 1566 1006 καιρῷ
1589 954 1698 1006 τούτῳ
1720 954 1951 1005 βαπτίζομεν;
1980 958 2088 994 ἐκεῖνο
2116 955 2154 993 ἂν
2183 955 2353 1006 εἴποιμεν,

1331 1015 1384 1054 ὅτι
1416 1019 1437 1062 ἦ
1469 1015 1530 1064 μὲν
1557 1015 1658 1066 χάρις
1683 1019 1703 1061 ἦ
1734 1014 1820 1061 αὐτὴ
1856 1016 1915 1054 καὶ
1941 1016 2020 1055 τότε
2052 1016 2111 1054 καὶ
2138 1020 2195 1053 νῦν
2214 1032 2222 1039 ·
2257 1021 2278 1064 ἡ
2317 1018 2354 1055 δὲ

1332 1075 1465 1114 διάνοια
1506 1076 1700 1127 ὑψηλοτέρα
1740 1076 1872 1126 γίνεται
1904 1082 1976 1123 νῦν,
2003 1077 2146 1129 νηστείᾳ
2169 1093 2353 1131 προπαρα-

1331 1136 1578 1187 σκευαζομένη.
1598 1136 1669 1174 Καὶ
1687 1140 1705 1174 ὃ
1728 1140 1790 1183 τῆς
1818 1141 2055 1184 πεντηκοστῆς
2082 1138 2118 1176 δὲ
2138 1139 2256 1191 καιρὸς
2280 1138 2353 1191 ἔχει

1330 1196 1407 1235 τινὰ
1421 1196 1520 1248 λόγον
1540 1198 1602 1234 οὐκ
1618 1197 1802 1235 ἀπεικότα.
1826 1199 1931 1236 Ποῖον
1953 1198 1994 1244 δὴ
2010 1202 2150 1246 τοῦτον,
2167 1199 2352 1251 Ἀρκοῦντα

1331 1258 1495 1308 ἐνόμισαν
1515 1259 1545 1296 οἵ
1564 1257 1713 1311 πατέρες
1732 1252 1820 1296 εἶναι
1838 1258 1981 1310 χαλινὸν
1998 1260 2182 1311 ἐπιθυμίας
2199 1267 2352 1313 πονηρᾶς

1330 1319 1388 1357 καὶ
1411 1319 1566 1371 μεγάλην
1583 1319 1810 1357 διδασκαλίαν
1828 1320 1867 1357 τὸ
1889 1319 2092 1371 βάπτισμα,
2115 1322 2162 1364 εἷς
2179 1321 2218 1358 τὸ
2236 1320 2296 1358 καὶ
2315 1323 2349 1358 ἐν

1329 1382 1440 1433 καιρῷ
1468 1384 1597 1432 τρυφῆς
1617 1386 1815 1432 σωφρονεῖν.
1832 1380 2000 1434 Καθάπερ
2018 1375 2076 1418 οῧν
2096 1381 2190 1433 αὐτῷ
2210 1383 2350 1419 συναλι-

1330 1440 1464 1491 ζόμενοι
1480 1444 1529 1493 τῷ
1551 1443 1692 1493 Χριστῷ
1704 1471 1713 1489 ,
1729 1441 1787 1478 καὶ
1804 1441 1977 1493 τραπέζης
2001 1445 2259 1486 κοινωνοῦντες,
2275 1459 2346 1492 μη-

1329 1503 1382 1540 δὲν
1400 1505 1517 1546 ἁπλῶς
1531 1502 1752 1555 πράττωμεν,
1770 1502 1846 1540 ἀλλ’
1874 1505 1907 1541 ἓν
1928 1503 2101 1549 νηστείαις
2127 1503 2186 1541 καὶ
2205 1505 2324 1555 εὐχαῖς
2338 1535 2347 1552 ,

1327 1564 1385 1602 καὶ
1403 1563 1607 1615 σωφροσύνῃ
1635 1565 1747 1614 πολλῇ
1768 1563 1959 1614 διάγωμεν.
1982 1565 2026 1602 Εἰ
2050 1564 2118 1616 γὰρ
2148 1565 2205 1602 ἐπὶ
2235 1567 2348 1617 ἀρχὴν

1327 1625 1462 1674 μέλλων
1499 1623 1586 1661 ἰέναι
1619 1639 1671 1666 τις
1714 1624 1900 1674 βιωτικὴν,
1934 1625 2192 1677 παρασκευάζει
2235 1628 2348 1678 ἑαυτῷ

1327 1685 1463 1723 ἅπαντα
1486 1686 1542 1723 τὸν
1563 1684 1649 1736 βίον,
1671 1684 1731 1722 καὶ
1750 1684 1806 1722 ἵνα
1824 1684 1912 1736 τύχῃ
1938 1686 2028 1729 τινὸς
2046 1685 2240 1736 ἀξιώματος
2256 1717 2265 1735 ,
2289 1688 2349 1725 καὶ

1325 1747 1493 1798 χρήματα
1513 1745 1710 1793 ἀναλίσκει,
1730 1746 1788 1783 καὶ
1810 1745 1933 1797 χρόνον
1955 1747 2109 1798 δαπανᾷ,
2130 1748 2188 1785 καὶ
2207 1747 2348 1801 μυρίους

1326 1807 1489 1857 ὑπομένει
1505 1807 1625 1850 πόνους
1639 1823 1646 1830 ·
1663 1807 1753 1850 τίνος
1766 1806 1804 1844 ἂν
1825 1807 1944 1857 εἴημεν
1960 1811 2060 1857 ἡμεῖς
2080 1809 2168 1853 ἄξιοι
2187 1809 2275 1859 μετὰ
2291 1826 2347 1848 το-

1326 1867 1454 1912 σαύτης
1476 1868 1642 1920 ῥᾳθυμίας
1671 1870 1712 1919 τῇ
1744 1867 1902 1919 βασιλείᾳ
1922 1872 1989 1906 τῶν
2009 1871 2160 1921 οὐρανῶν
2186 1870 2347 1921 προσιόν-

1324 1943 1379 1971 τες
1391 1957 1400 1972 ,
1421 1929 1479 1965 καὶ
1506 1929 1582 1966 οὔτε
1600 1929 1680 1981 πρὶν
1702 1928 1724 1973 ἢ
1741 1928 1860 1966 λαὸεῖν
1883 1929 2131 1974 σπουδάζοντες
2147 1961 2156 1978 ,
2175 1931 2235 1968 καὶ
2257 1932 2345 1981 μετὰ

1324 1988 1362 2026 τὸ
1376 1988 1494 2025 λαὸεῖν
1511 1991 1761 2040 ῥᾳθυμοῦντες,
1782 1988 1850 2025 Διὰ
1864 1988 1931 2040 γὰρ
1950 1994 2050 2028 τοῦτο
2065 1990 2153 2040 μετὰ
2171 1991 2210 2029 τὸ
2225 1992 2345 2030 λαοεῖν

1327 2052 1554 2100 ῥαθυμοῧμεν,
1575 2048 1695 2095 ἐπειδὴ
1719 2048 1799 2100 πρὶν
1819 2048 1840 2094 ἢ
1861 2049 1978 2087 λαὸεῖν
2007 2052 2069 2088 οὐκ
2095 2052 2345 2103 ἐγρηγόραμεν.

1325 2107 1393 2145 Διὰ
1425 2113 1525 2147 τοῦτο
1555 2109 1676 2147 πολλοὶ
1704 2109 1792 2159 μετὰ
1827 2109 1866 2146 τὸ
1892 2110 2012 2148 λαὸεῖν
2045 2111 2168 2156 εὐθέως
2197 2113 2254 2151 ἐπὶ
2288 2113 2345 2151 τὸν

1324 2169 1489 2220 πρότερον
1510 2171 1699 2214 εἶπαν-ἦλθον
1721 2168 1854 2218 ἔμετον,
1871 2170 1929 2207 καὶ
1943 2171 2078 2222 χείρους
2099 2172 2266 2222 ἐγένοντο,
2287 2175 2346 2212 καὶ

1323 2229 1571 2281 χαλεπωτέραν
1599 2229 1840 2266 ἐπεσπάσαντο
1872 2230 2026 2278 κόλασιν,
2048 2235 2115 2269 τῶν
2137 2232 2198 2281 μὲν
2219 2234 2346 2286 προτέ-

1325 2305 1390 2340 ρων
1417 2289 1674 2340 ἀπαλλαγέντες
1703 2290 1981 2340 ἁμαρτημάτων,
1998 2291 2105 2342 ταύτῃ
2128 2293 2163 2330 δὲ
2184 2294 2346 2343 μειζόνως

1322 2350 1378 2387 τὸν
1399 2349 1519 2402 κριτὴν
1540 2348 1813 2401 παροξυναντες,
1831 2350 1885 2388 ὅτι
1900 2351 2070 2398 τοσαύτης
2087 2354 2345 2406 ἀπαλλαγέντες

1323 2411 1539 2461 ἀρρωστίας,
1558 2409 1633 2448 οὐδὲ
1653 2409 1761 2453 Οὕτως
1778 2411 2093 2463 ἐσωφρονίσθησαν,
2118 2414 2195 2451 ἀλλ’
2217 2413 2343 2454 ἔπαθον

1320 2470 1403 2522 ὅπερ
1439 2471 1607 2518 ἠπείλησε
1642 2473 1691 2522 τῷ
1721 2474 1949 2524 παραλυτικῷ
1977 2475 1994 2510 ὃ
2017 2474 2186 2526 Χριστὸς,
2213 2476 2343 2528 λέγων·

1321 2532 1390 2569 Ἴδε
1409 2533 1507 2583 ὑγιὴς
1526 2533 1685 2583 γέγονας·
1710 2533 1835 2582 μηκέτι
1856 2534 2056 2587 ἁμάρτανε,
2074 2535 2130 2572 ἵνα
2157 2536 2204 2587 μὴ
2226 2538 2342 2592 χεῖρόν

1834 2597 1855 2604 ω

1289 2621 1294 2627 .
1320 2592 1353 2629 τί
1368 2609 1421 2630 σοι
1439 2593 1596 2642 γένηται·
1613 2593 1671 2629 καὶ
1686 2592 1704 2630 ὃ
1719 2593 1798 2643 περὶ
1811 2609 1876 2630 των
1893 2594 2067 2633 Ἰουδαίων
2084 2595 2119 2633 δὲ
2135 2596 2339 2651 ὒπρούλεγε,

1322 2654 1452 2696 δεικνὺς
1484 2653 1535 2691 ὅτι
1564 2653 1607 2691 τὰ
1638 2653 1810 2698 ἀνήκεστα
1834 2654 2013 2693 πείσονται
2040 2659 2343 2707 ἀγνωμονοῦντες·

1324 2716 1363 2752 Εἰ
1381 2713 1428 2764 μὴ
1441 2716 1544 2758 ἦλθον
1561 2714 1619 2751 καὶ
1634 2713 1788 2757 ἐλάλησα
1806 2716 1940 2762 αὐτοῖς,
1958 2716 2074 2766 φησὶν,
2090 2716 2262 2769 ἁμαρτίαν
2275 2720 2342 2758 οὐκ

1451 2773 1558 2802 ΊΟν--ς

1318 2768 1424 2826 εἶχον.
1465 2797 1517 2811 ..ο
1530 2801 1559 2811 ,ε
1595 2774 1700 2810 διπλᾶ
1739 2774 1797 2810 καὶ
1836 2776 2015 2826 τετραπλᾶ
2039 2776 2082 2813 τὰ
2114 2777 2201 2824 μετὰ
2231 2783 2340 2817 ταῦτα

1320 2835 1555 2888 ἁμαρτήματα
1589 2835 1732 2885 γίνεται.
1768 2836 1871 2881 Πῶς;
1905 2835 1987 2873 εὈτι
2021 2837 2110 2885 μετὰ
2144 2837 2205 2884 τὴν
2235 2840 2340 2889 τιμὴν

1319 2896 1514 2947 ἀγνώμονες
1536 2896 1699 2946 γινόμεθα
1721 2897 1780 2934 καὶ
1796 2896 1952 2948 πονηροί.
1971 2897 2040 2934 Καὶ
2060 2897 2116 2935 διὰ
2129 2902 2229 2938 τοῦτο
2244 2901 2340 2939 οὐδὲν

1319 2961 1403 3007 ἡμῖν
1427 2960 1544 3008 βοηθεῖ
1572 2958 1691 2995 λοιπὸν
1712 2958 1750 2994 τὸ
1768 2956 1910 3007 λουτρὸν
1932 2959 1978 3000 εἷς
2006 2958 2044 2996 τὸ
2063 2959 2257 3013 πραοτέρας
2277 2979 2339 3000 τυ-

1319 3025 1391 3069 χεῖν
1410 3017 1590 3068 τιμωρίας.
1611 3017 1742 3055 Σκόπει
1761 3017 1817 3055 δέ·
1838 3017 1918 3068 ἔσχε
1939 3033 1990 3060 τις
2010 3019 2250 3072 ἁμαρτήματα
2269 3040 2338 3075 79²-

1318 3079 1427 3126 λεπὰ,
1456 3078 1477 3123 ἢ
1500 3077 1682 3129 φονεύσας,
1702 3078 1723 3123 ἢ
1745 3078 1934 3129 μοιχεύσας
1948 3108 1957 3125 ,
1977 3078 1998 3124 ἢ
2020 3079 2133 3131 ἕτερόν
2151 3098 2183 3119 τι
2204 3085 2220 3102 *
2233 3086 2339 3134 χαλε-

1320 3139 1470 3189 πώτερον
1492 3138 1725 3189 ἐργασάμενος
1738 3169 1746 3185 ,
1771 3139 1879 3189 αφέθη
1899 3139 1953 3176 διὰ
1969 3143 2027 3177 τοῦ
2047 3141 2191 3194 λουτροῦ
2211 3148 2334 3182 ταῦτα.

1334 3262 1370 3289 τὰ
1388 3262 1498 3299 ἔσχατα
1516 3266 1636 3303 χείρονα
1655 3269 1712 3292 τῶν
1730 3267 1866 3302 πρώτων.
1886 3265 1909 3292 εἰ
1925 3267 1979 3301 μή.

1377 3309 1389 3321 ‘
1416 3310 1647 3354 [χηλῑπώτεροι
1675 3308 1763 3352 apud
1790 3309 1890 3343 savit.
1912 3313 2002 3343 uncis
2022 3310 2184 3342 inclusum
2207 3309 2301 3343 abest
2319 3323 2335 3342 a

1329 3360 1364 3391 C.
1383 3361 1410 3391 D
1436 3365 1439 3398 Ι
