2502 3810
144 654 223 681 Pauli
241 653 286 679 fir-

101 708 127 723 m
134 699 139 723 i
146 703 194 723 tas.

105 1217 177 1242 Gen.
193 1212 244 1250 39.

305 263 401 319 414
755 269 792 298 5.
830 266 1012 296 Joxxxls
1048 263 1286 292 eum'sosr.

303 355 487 407 quseritis.D
514 355 566 391 Ita
595 350 686 387 nihil
708 347 926 394 metuebant,
961 359 1030 382 non
1059 343 1276 392 tribunalia,

303 431 371 454 non
392 417 509 464 leges:
536 412 583 448 ita
604 408 693 446 nihil
717 406 813 458 apud
843 405 922 442 illos
952 404 1166 441 intentatum
1193 411 1278 440 ciat.

302 476 348 512 Et
361 473 567 511 sententiam
582 468 781 518 inducunt,
807 475 840 504 et
858 465 1031 503 actionem
1051 463 1275 501 denuntiant.

303 536 333 571 C
336 547 398 570 mn
418 532 588 568 audisset
607 537 735 566 autem
749 527 866 578 szlizts
887 527 1028 563 sororis
1047 524 1168 561 Pauli
1187 525 1279 559 insi-

301 595 398 630 dias.
425 591 501 628 Hoc
532 603 577 627 ex
603 588 729 626 divina
750 585 1029 638 dispensatione,
1052 582 1148 634 quod
1169 583 1280 620 nesci-

300 662 375 690 rent
392 650 488 702 quod
507 649 703 688 audiretur.
725 646 822 693 Quid
837 660 918 697 ergo
936 645 1096 682 Paulus?
1111 644 1142 681 N
1145 658 1188 681 on
1207 653 1281 681 tur-

301 713 403 750 batus
435 720 509 757 est,
533 710 594 748 sed
621 708 795 746 intellexit
816 707 981 746 divinum
1002 719 1092 757 opus
1122 718 1194 742 esse
1221 719 1228 740 :
1249 712 1282 742 et

301 783 412 810 totum
428 773 461 809 in
477 772 580 809 illum
596 769 803 822 conjiciens,
819 784 864 807 ex
882 783 919 805 ea
939 782 975 805 re
992 767 1142 804 salutem
1160 774 1282 803 nactus

300 844 361 871 est.
383 834 429 870 Et
442 833 544 880 vide,
558 831 735 882 quomodo
751 831 850 867 Deus
865 828 983 866 omnia
1000 828 1035 864 in
1048 827 1182 864 bonum
1200 840 1282 878 pro-

300 895 432 934 videat.
455 894 607 932 Insidias
626 892 764 930 nuntiat
785 890 988 928 adolescens
1002 919 1013 938 ,
1036 887 1211 926 creditum
1232 896 1281 924 est

300 956 349 1003 ei,
375 965 407 992 et
438 955 486 992 sic
507 962 627 1006 postea
660 960 822 989 servatur
844 950 989 986 Paulus.
1017 948 1064 985 Et
1086 947 1115 985 si
1136 962 1153 984 a
1176 961 1282 984 causa

301 1017 362 1054 illa
374 1047 384 1065 ,
401 1016 556 1067 inquies,
574 1015 756 1052 absolutus
771 1021 843 1060 est,
865 1026 928 1049 cur
947 1011 1119 1048 miserunt
1139 1022 1282 1046 3001153-

302 1079 423 1116 tores?
444 1079 492 1116 [t
511 1076 710 1114 accuratius
727 1087 874 1111 examen
893 1073 1015 1121 fieret,
1032 1080 1072 1108 ut
1090 1071 1203 1121 magis
1223 1070 1283 1107 ille

302 1148 524 1191 purgaretur.
549 1137 654 1174 Tales
685 1144 766 1173 sunt
801 1134 869 1171 Dei
905 1132 1183 1184 dispensationes
1210 1145 1281 1168 :ex

302 1201 431 1250 quibus
460 1199 638 1246 laedimur,
673 1212 718 1234 ex
750 1197 793 1233 iis
814 1196 993 1247 juvamur.
1017 1194 1076 1232 Sic
1098 1202 1130 1230 et
1151 1193 1284 1243 ,Ioseph

301 1260 439 1297 insidiis
457 1259 691 1312 impetebatur
710 1272 728 1294 a
745 1256 888 1293 domina
904 1271 914 1303 3
937 1263 969 1291 et
992 1254 1079 1290 dum
1101 1253 1162 1290 illa
1182 1252 1283 1290 vide-

301 1331 398 1358 retur
425 1321 477 1358 illi
508 1319 692 1364 insidiari,
716 1317 752 1354 in
773 1316 959 1354 securitate
981 1314 1161 1352 constituit
1180 1329 1187 1349 τ
1209 1328 1283 1350 car-

302 1397 357 1419 cer
376 1382 469 1419 enim
486 1382 589 1431 longe
612 1379 731 1417 mitior
749 1387 821 1415 erat
840 1377 945 1414 domo
961 1407 968 1423 ‚
989 1377 1024 1413 iu
1045 1390 1113 1426 qua
1132 1375 1205 1412 fera
1222 1374 1283 1411 illa

302 1442 536 1479 nutriebatur.
554 1441 632 1477 lllic
651 1439 745 1477 enim
764 1452 845 1475 cum
864 1445 972 1485 esset,
990 1436 1051 1473 etsi
1067 1435 1285 1472 ministrare-

302 1513 360 1540 tur
378 1503 465 1554 ipsi,
489 1512 523 1539 at
554 1502 589 1538 in
611 1510 705 1538 metu
727 1513 863 1551 semper
886 1507 982 1545 erat,
1009 1511 1051 1533 110
1081 1495 1226 1533 domina
1247 1509 1283 1532 se

302 1563 566 1613 aggrederetur,
595 1570 627 1598 et
661 1573 798 1597 carcere
830 1558 975 1609 gravior
1003 1556 1057 1592 illi
1088 1564 1202 1591 metus
1232 1554 1285 1590 in-

303 1625 417 1662 stabat
441 1641 448 1660 :
480 1633 558 1675 post
589 1622 847 1660 accusationem
882 1628 1000 1655 autem
1031 1617 1066 1653 in
1100 1616 1286 1653 securitate

302 1687 446 1724 demum
463 1695 495 1722 et
510 1685 625 1735 quiete
643 1683 812 1732 degebat,
834 1680 879 1717 ab
897 1680 993 1716 illius
1012 1679 1092 1714 ferte
1116 1686 1149 1714 et
1167 1677 1286 1728 turpi-

303 1747 426 1784 tudine
445 1755 476 1782 et
503 1744 643 1781 insidiis
673 1744 844 1779 liberatus
863 1756 870 1777 z
892 1738 1087 1791 jucundius
1104 1737 1198 1775 enim
1218 1737 1287 1788 ipsi

303 1816 375 1844 crat
411 1820 491 1842 cum
531 1803 738 1841 ae1·u1nnosis
770 1800 975 1838 hominibus
1005 1798 1150 1849 degere,
1179 1811 1287 1847 quam

302 1883 382 1905 cum
401 1868 537 1904 furente
559 1865 715 1903 domina.
747 1863 857 1901 Isthic
883 1876 964 1913 ergo
987 1861 1143 1912 seipsum
1163 1873 1285 1897 conso-

302 1930 453 1973 labatur,
473 1927 570 1978 quod
606 1934 749 1978 propter
780 1923 975 1961 castitatem
1013 1935 1051 1958 00
1085 1920 1285 1969 incidisset;

303 1991 377 2028 illic
394 2005 477 2027 vcro
498 1989 666 2036 timebat,
682 2001 725 2024 ne
744 1986 780 2023 in
800 1985 917 2022 anima
929 1984 1071 2036 plagam
1091 1983 1285 2034 acciperet.

304 2052 451 2089 muliere
472 2051 602 2102 quippe
636 2057 775 2086 amante
794 2046 884 2084 nihil
915 2044 1046 2082 nolenti
1069 2045 1194 2096 juveni
1212 2058 1286 2081 1110-

303 2113 445 2161 lestius,
466 2111 557 2149 nihil
586 2109 764 2148 scelestius
778 2139 787 2157 ,
814 2107 906 2144 nihil
927 2106 1073 2157 gravius
1092 2121 1099 2141 :
1122 2104 1288 2142 omnibus

304 2175 370 2211 1100
405 2173 560 2211 vinculis
588 2170 875 2208 onerosissimum
911 2177 972 2204 est.
1006 2168 1130 2217 Itaque
1152 2180 1222 2203 non
1251 2165 1287 2203 in

305 2248 479 2271 carcerem
500 2231 644 2276 incidit,
666 2230 755 2267 seda
768 2242 904 2266 carcere
926 2227 1093 2264 liberatus
1118 2235 1168 2263 est
1186 2242 1193 2261 :
1215 2226 1288 2262 ini—

306 2294 438 2331 micum
458 2293 511 2329 illi
532 2290 689 2328 reddidit
701 2290 841 2334 herum,
857 2287 919 2324 sed
933 2286 1141 2324 conciliavit
1152 2287 1288 2322 Deum:

305 2353 572 2391 familiariorem
600 2352 716 2402 ipsum
746 2347 903 2386 reddidit
926 2361 1009 2384 vero
1028 2346 1197 2383 domino:
1223 2346 1290 2396 eje-

305 2415 351 2452 cit
372 2414 475 2451 illum
498 2427 542 2450 ex
564 2411 772 2463 [η’-1010011113
791 2409 919 2445 domus
942 2421 1013 2444 suae
1027 2438 1035 2454 ‚
1059 2406 1118 2443 sed
1147 2406 1291 2443 domino

305 2474 537 2512 domesticum
577 2470 745 2509 reddidit.
774 2470 931 2506 Rursum
966 2467 1093 2504 fratres
1123 2465 1291 2503 vendide-

307 2544 400 2583 runt,
421 2533 481 2571 sed
497 2534 693 2570 liberarunt
713 2544 793 2568 eum
806 2544 825 2566 a
839 2527 1154 2566 contubernalibus
1175 2526 1292 2564 inimi—

307 2596 373 2642 cis,
391 2595 436 2631 ab
455 2592 590 2631 invidia
612 2601 645 2629 et
664 2591 777 2629 livore
795 2589 908 2627 multo
921 2619 930 2637 ,
948 2603 966 2625 a
988 2587 1204 2638 quotidianis
1231 2587 1290 2623 in-

307 2657 430 2705 sidiis,
452 2656 557 2693 illum
570 2655 695 2706 procul
715 2654 758 2690 ab
771 2652 972 2690 odientibus
989 2664 1025 2688 se
1044 2649 1293 2687 amandarunt.

1350 343 1446 381 οὐδὲν
1475 345 1590 387 αὐτοῖς
1624 344 1819 393 ἀτόλμητον
1839 338 1880 389 ἦν

1355 1010 1514 1061 γενέσθαι
1546 1009 1609 1055 τὴν
1644 1009 1821 1053 ἐξέτασιν·

1359 1130 1606 1182 βλαπτόμεθα,
1647 1131 1704 1169 διὰ
1738 1131 1868 1168 τούτων
1902 1130 2139 1182 ὠφελούμεθα.

1357 1191 1487 1243 Ἰωσὴφ

1359 1737 1421 1779 τῆς
1438 1734 1640 1779 ἐπιοουλῆς·

1361 1934 1422 1963 νην
1443 1918 1623 1956 ἐνέπεσεν·

1364 2114 1440 2150 ρΟν·
1461 2115 1602 2137 ‘nota-not
1624 2115 1658 2136 ΟΞ
1663 2115 1759 2149 ῦμων
1779 2115 1858 2137 τουτ
1862 2114 1878 2136 0
1897 2098 2065 2150 χαλὶπωῗ
2054 2115 2155 2151 ιΞρΟν.

1326 263 1534 292 ARCHIEP.
1572 263 1906 294 CONSTANTINOP
1916 283 1924 293 .

1885 373 1893 381 .
1916 343 1986 381 Καὶ
2012 344 2076 389 τὴν
2100 344 2241 395 γνώμην
2266 347 2365 391 εἰση-

1349 407 1490 454 γοῦνται
1505 434 1514 450 ,
1539 405 1598 442 καὶ
1617 405 1679 451 τὴν
1705 405 1827 455 πρᾶξιν
1845 404 2128 456 ἐπαγγέλλονται.
2149 405 2313 449 Ἀκούσας
2333 405 2368 444 δὲ

1355 467 1372 502 ὃ
1391 465 1461 507 υἱὸς
1481 468 1543 511 τῆς
1559 465 1707 516 ἀδελφῆς
1722 464 1864 502 Παύλου
1883 465 1922 502 τὸ
1936 465 2081 516 ἔνεδρον.
2099 467 2211 503 Τοῦτο
2230 468 2292 510 τ’ῆς
2309 469 2370 503 τοῦ

1354 527 1446 563 Θεοῦ
1464 525 1660 575 οἰκονομίας
1675 519 1715 571 ἦν
1731 524 1864 570 λοιπὸν,
1880 525 1918 562 τὸ
1935 524 1982 574 μὴ
2004 526 2150 562 συνιδεῖν
2166 525 2299 572 αὐτοὺς,
2313 525 2372 563 ’ὅτι

1355 584 1552 623 ἀκούσεται.
1580 585 1627 622 Τί
1646 578 1703 622 οῦν
1723 587 1739 622 ὁ
1760 586 1916 632 Παῦλος;
1947 586 2023 622 Οὐκ
2042 585 2233 636 ε’θορυὸήθη
2246 615 2255 633 ,
2283 584 2374 622 ἀλλὰ

1304 661 1329 690 D
1355 648 1517 694 συνεῖδεν,
1531 646 1585 685 ὅτι
1603 649 1694 685 Θεοῦ
1718 649 1809 685 ἐστιν
1830 646 1926 699 ἔργον
1944 650 2045 684 τοῦτο
2061 662 2068 669 ·
2090 647 2150 684 καὶ
2171 647 2209 684 τὸ
2229 653 2297 683 πᾶν
2319 645 2374 683 ἐπ’

1356 709 1456 746 αὐτὸν
1474 707 1591 759 ῥίψας,
1610 702 1700 759 εἶχεν
1716 707 1750 751 ἐξ
1766 708 1865 759 ἔργου
1882 707 1944 754 τὴν
1961 707 2149 758 σωτηρίαν.
2166 707 2234 745 Καὶ
2251 707 2374 744 σκόπει

1356 771 1429 811 πῶς
1450 770 1497 812 εἷς
1517 768 1643 818 ἀγαθὸν
1670 768 1786 805 πάντα
1805 771 1822 805 ὃ
1846 767 1936 810 Θεὸς
1958 768 2194 818 ᾠκονόμησεν.
2222 760 2331 804 Εἰπεν
2357 770 2374 804 ὁ

1356 828 1491 871 νεανίας
1509 827 1572 873 τὴν
1589 827 1789 873 ἐπιδουλὴν,
1815 827 2020 875 ἐπιστεύθη,
2051 828 2110 865 καὶ
2140 827 2228 865 οὕτω
2254 826 2374 865 λοιπὸν

1357 888 1563 932 διασώζεται
1579 890 1729 930 Παῦλος.
1746 888 1817 926 Καὶ
1838 890 1867 925 εἰ
1887 887 1996 940 ἀφέθη
2012 917 2021 933 ,
2043 888 2146 939 φησὶ,
2163 892 2225 934 τῆς
2243 887 2354 930 αἰτίας
2366 918 2376 935 ,

1357 949 1414 987 διὰ
1428 949 1461 986 τί
1477 948 1553 992 τοὺς
1567 948 1781 999 κατηγόρους
1797 947 1975 1000 ἔπεμψαν,
1993 947 2103 986 εὩστε
2126 948 2376 1000 ἀκριέεστέραν

1850 1008 1939 1046 ὥστε
1972 1010 2103 1058 μᾶλλον
2137 1008 2378 1060 1’καθαρθῆναι

1356 1071 1413 1108 τὸν
1435 1070 1554 1123 ἄνδρα.
1575 1072 1748 1108 Τοιαῦται
1767 1072 1801 1107 αἱ
1822 1076 1880 1108 τοῦ
1899 1072 1990 1108 Θεοῦ
2020 1070 2229 1120 οἰκονομίαι·
2261 1070 2305 1107 δι’
2330 1064 2377 1107 ὧν

2178 1131 2283 1169 Οὕτω
2319 1130 2378 1168 καὶ

1517 1191 1764 1230 ἐπεὲουλεύετο
1790 1191 1856 1229 ὑπὸ
1880 1194 1939 1237 τῆς
1959 1191 2160 1237 δεσποίνης·
2180 1191 2239 1228 καὶ
2268 1191 2379 1228 ἐδόκει

1358 1253 1419 1303 μὲν
1438 1252 1684 1298 ἐπιὲουλεύειν,
1704 1252 1972 1290 ἐπιὲουλεύουσα
1989 1252 2023 1290 δὲ
2040 1253 2073 1288 ἐν
2091 1251 2260 1303 ἀσφαλείᾳ
2279 1251 2380 1289 κατέ-

1358 1328 1482 1358 στησεν
1507 1312 1627 1350 αὐτόν·
1649 1317 1711 1359 τῆς
1727 1313 1794 1364 γὰρ
1814 1313 1944 1359 οἰκίας,
1966 1313 2046 1350 ἔνθα
2072 1312 2111 1349 τὸ
2132 1312 2248 1364 Θηρίον
2270 1312 2380 1349 ἐκεῖνο

1308 1382 1332 1411 Ε
1358 1374 1517 1426 ἐτρέφετο
1531 1403 1540 1420 ,
1575 1375 1694 1425 πολλῷ
1722 1375 1762 1412 τὸ
1801 1373 2038 1424 δεσμωτήριον
2069 1372 2292 1424 ἡμερώτερον
2323 1367 2379 1418 ἦν.

1357 1434 1455 1471 Ἐκεῖ
1474 1433 1535 1483 μὲν
1549 1434 1616 1486 γὰρ
1632 1433 1692 1480 ὢν,
1708 1436 1737 1472 εἰ
1756 1434 1814 1472 καὶ
1831 1437 1864 1472 ἐν
1880 1434 2048 1485 Θεραπεία
2066 1428 2121 1480 ἦν,
2140 1435 2215 1471 ἀλλ’
2231 1435 2266 1470 ἐν
2284 1433 2380 1485 φόέῳ

1359 1494 1530 1540 διηνεκεῖ,
1555 1494 1602 1542 μή
1622 1509 1707 1531 ποτε
1731 1495 1892 1540 ἐπίθηται
1911 1498 1932 1540 ἡ
1955 1495 2118 1533 δέσποινα
2134 1524 2143 1541 ,
2163 1494 2222 1532 καὶ
2243 1495 2382 1543 δεσμω-

1358 1554 1478 1604 τηρίου
1497 1553 1740 1605 χαλεπώτερον
1760 1558 1776 1591 ὁ
1793 1555 1897 1605 φόέος
1922 1557 2014 1605 αὐτῷ
2039 1555 2218 1592 ἐπέκειτο·
2241 1554 2328 1604 μετὰ
2345 1554 2381 1592 δὲ

1358 1629 1422 1659 την
1439 1629 1504 1650 κατ
1494 1630 1528 1659 η
1533 1612 1650 1664 ,sopiant
1667 1615 1700 1650 ἐν
1721 1613 1951 1664 ἀνείαλοιπον
1972 1630 2030 1651 και
2046 1615 2177 1686 ησυχία
2195 1609 2250 1660 ἦν,
2270 1616 2383 1652 ἀπαλ-

1359 1673 1453 1723 λακε
1450 1690 1478 1716 ις
1496 1673 1627 1711 ἐκείνου
1647 1678 1707 1711 τοῦ
1728 1673 1846 1726 θηρίου
1871 1674 1930 1711 καὶ
1960 1691 2022 1719 της
2046 1674 2295 1726 οἰσγημοσύνης
2323 1691 2383 1712 και

1661 1733 1793 1785 βέλτιον
1813 1734 1880 1786 γὰρ
1902 1737 1963 1772 αὐτ
1966 1752 1992 1772 ι)
2010 1751 2051 1781 ην
2068 1735 2384 1788 τεταλαιπωρημε-

1360 1811 1429 1838 νοις
1447 1795 1639 1847 ἀνθρώποις
1658 1802 1825 1842 συνεῖναι,
1842 1813 1864 1842 η
1884 1811 2075 1847 μαινομενη
2101 1797 2136 1833 δε
2141 1796 2221 1834 σποί
2224 1812 2277 1847 νη.
2295 1797 2381 1834 Ἐν-

1360 1859 1471 1894 ταῦθα
1491 1855 1553 1907 μὲν
1573 1860 1629 1893 οὖν
1649 1859 1879 1907 παρεμυθεῖτο
1896 1857 2028 1904 ἑαυτὸν,
2052 1856 2103 1894 ὅτι
2121 1857 2176 1894 διὰ
2197 1857 2380 1908 σωφροσύ-

1749 1918 1776 1931 ΝῚ
1808 1917 1911 1933 ’'N'xl

1654 1920 1709 1956 ε’κ-
1697 1925 1724 1956 εἰ
1746 1931 1779 1955 οε
1803 1921 1966 1956 ἐοεοοικει
1975 1917 2054 1968 ,μὴ
2075 1919 2156 1968 περὶ
2182 1917 2242 1964 τὴν
2265 1917 2381 1969 ψυχὴν

1361 1978 1452 2029 λοίοη
1471 1995 1533 2025 την
1549 1981 1620 2024 πλη
1624 1995 1709 2031 γην·
1729 1978 1824 2017 ουδεν
1847 1978 1914 2030 γαρ
1931 1978 2185 2030 ἔπαχθεστερον
2206 1981 2320 2030 ἓρωμε
2313 1979 2384 2025 ’νης

1312 2051 1337 2079 1,
1361 2038 1427 2075 νέι)
1450 2037 1526 2089 μὴ
1522 2041 1604 2076 βουλ
1606 2055 1736 2091 ομενῳ,
1757 2037 1852 2076 οὐδὲν
1870 2038 2104 2090 ἑναγέστερον,
2125 2038 2220 2076 οὐδὲν
2239 2037 2384 2089 βαρύτε-

2181 2097 2293 2136 εὨιτ-,ε
2321 2099 2384 2136 οὐκ

1363 2162 1409 2203 εἰς
1427 2160 1663 2211 δεσμωτήριον
1683 2160 1853 2207 ἐνέπεσεν,
1882 2160 1970 2197 ἀλλὰ
2002 2159 2240 2211 δεσμωτηρίου
2268 2161 2385 2207 ἀπηλ-

1362 2221 1453 2272 λάγη
1473 2237 1481 2244 ·

1363 2281 1512 2324 τηλλαξε
1543 2297 1601 2318 τον
1629 2282 1732 2327 Θεὸν,
1762 2281 1965 2332 οἰκειότερον
1996 2297 2060 2318 αυτ
2063 2298 2097 2320 ον
2118 2281 2312 2328 κατέστησε
2335 2284 2385 2333 τῷ

1511 2221 1767 2270 ἐξεπολέμωσεν
1791 2222 1884 2272 αὐτῷ
1906 2221 1963 2258 τὸν
1987 2221 2169 2268 δεσπότην,
2195 2221 2285 2258 ἀλλὰ
2317 2237 2386 2259 κα,

1961 2340 2018 2368 resp

1364 2357 1469 2383 οντως
1486 2340 1625 2378 Δεσπότ
1627 2357 1647 2390 ῃ
1668 2343 1914 2392 τι·1ἇληθινι1·
1942 2344 2080 2384 εςεοαλε
2101 2344 2163 2387 τῆς
2182 2341 2386 2385 ἐπιστασίας

1364 2417 1426 2447 της
1446 2418 1479 2439 εν
1501 2405 1542 2452 τῇ
1563 2401 1666 2452 οἰκία,
1687 2403 1763 2439 ἀλλ’
1784 2404 1852 2439 ιὀκε
1857 2401 1936 2440 ίωσε
1956 2417 2004 2438 τι)
2025 2405 2070 2439 Δε
2058 2403 2199 2453 σπότῃ.
2222 2402 2335 2440 Πάλιν
2355 2404 2386 2440 οἱ

1365 2461 1505 2513 ἀδελφοὶ
1521 2460 1720 2508 ἐττώλησαν,
1739 2442 1817 2500 ἀλλ’
1835 2462 2037 2508 ἀπήλλαξαν
2064 2464 2163 2501 αὐτὸν
2184 2462 2385 2502 συνοικούν-

1365 2538 1433 2559 των
1453 2525 1597 2574 ἐχθρῶν,
1618 2522 1739 2574 φθόνου
1759 2522 1818 2559 καὶ
1834 2522 2023 2572 βασκανίας
2036 2526 2178 2570 πολλῆς,
2200 2524 2386 2570 ἐπιὸουλῆς

1364 2587 1599 2634 καθημερινῆς
1612 2612 1620 2628 ,
1639 2583 1776 2635 μακρὰν
1793 2583 2014 2629 κατέστησαν
2036 2585 2137 2622 αὐτὸν
2157 2588 2226 2622 τῶν
2245 2584 2387 2635 μισούν-

1365 2661 1446 2682 των.
1467 2644 1514 2681 Τί
1530 2644 1596 2696 γὰρ
1611 2644 1731 2682 τούτου
1745 2650 1875 2697 χεῖρον,
1897 2644 1978 2682 ὅταν
1997 2661 2047 2687 τις
2067 2647 2227 2697 ἀδελφοῖς
2244 2648 2389 2696 φθονοῦ-

307 2719 406 2765 Quid
424 2719 518 2756 enim
538 2718 604 2754 1130
621 2730 659 2754 re
676 2714 853 2761 deterius,
871 2712 1014 2764 quando
1031 2711 1109 2762 quis
1124 2725 1204 2748 cum
1223 2711 1294 2747 fra-
1318 2720 1341 2749 B
1368 2722 1402 2743 σι
1420 2711 1587 2743 (ῖυνΟῑΥ-Ξῖν
1608 2705 1846 2757 ἀναγκάζηται
1862 2735 1870 2751 7
1892 2704 1973 2742 ὅταν
1999 2707 2041 2743 δι’
2062 2705 2211 2756 ὓπθψίας
2231 2701 2274 2756 ἦ,
2305 2705 2386 2743 ὅταν

309 2780 421 2816 tribus
443 2777 576 2816 invidis
594 2776 756 2814 habitare
778 2774 930 2825 cogitur,
949 2771 1090 2823 quando
1111 2779 1295 2823 suspectus

309 2850 379 2885 est,
401 2850 434 2878 et
455 2838 594 2877 insidiis
614 2836 823 2889 appetitur?
842 2836 966 2884 Itaque
980 2833 1049 2870 alia
1068 2832 1246 2870 faciebant
1263 2839 1297 2868 et

310 2901 362 2937 illi
383 2910 415 2937 et
433 2900 493 2937 illa
508 2929 518 2949 ,
537 2899 606 2936 alia
629 2907 660 2935 et
678 2910 804 2947 inagna
826 2909 890 2947 pro
903 2895 999 2945 justo
1015 2892 1295 2944 apparabantur.

311 2964 400 2999 Cum
421 2962 457 2999 in
480 2962 614 2998 honore
648 2959 818 3010 degebat,
838 2966 923 2993 tunc
943 2955 978 2992 in
1009 2954 1169 3006 periculo
1200 2962 1295 3001 erat;

312 3037 393 3060 cum
411 3022 445 3059 in
460 3020 674 3072 ignominia,
692 3029 776 3056 tune
794 3018 830 3054 in
851 3015 1034 3054 securitate
1050 3030 1057 3050 :
1075 3028 1144 3051 non
1164 3027 1290 3050 memo-

314 3098 367 3121 res
385 3084 459 3134 cjus
488 3091 585 3119 erant
610 3079 762 3118 eunuchi
781 3095 791 3128 3
820 3087 854 3115 et
871 3077 959 3114 bene
980 3092 987 3112 :
1010 3085 1047 3113 ut
1075 3074 1299 3127 splendidior

318 3146 414 3181 {ieret
435 3143 551 3180 exitus
573 3155 698 3188 causa,
732 3148 841 3189 utque
870 3151 938 3175 11011
966 3137 1130 3173 humanae
1149 3134 1269 3186 gratiae
1285 3164 1296 3183 ,

320 3206 379 3243 sed
407 3203 536 3243 dix²inae
569 3201 798 3255 providentice
830 3208 943 3237 totum
963 3197 1242 3244 adscriberetur3
1261 3203 1299 3231 ut

322 3268 525 3319 tempestive
555 3266 656 3303 illum
678 3264 722 3301 ad
744 3277 844 3301 11511111
874 3261 1086 3300 constituens
1115 3259 1300 3301 educeret;

364 3408 378 3431 l*
403 3404 515 3437 Morcl.
537 3410 718 3447 nabaaz,
739 3402 832 3435 male.

1369 2766 1653 2813 επιοου)εύηται;
1681 2766 1795 2804 ὨΑ-τε
1826 2767 1926 2819 ἕτερα
1948 2767 1989 2817 μὲ
1993 2783 2010 2803 ν
2037 2766 2170 2805 ἐποίουν
2204 2767 2263 2804 καὶ
2295 2770 2387 2804 οὗτοι

1368 2827 1533 2873 κακείνη,
1554 2826 1697 2878 ε’τερα
1680 2843 1713 2865 οε
1738 2828 1949 2878 ᾠκονομεῖτο
1969 2826 2055 2878 υπὲρ
2075 2831 2134 2864 τοῦ
2162 2826 2296 2864 δικαίου
2323 2843 2386 2877 με-

1369 2889 1472 2939 γάλα.
1495 2887 1581 2925 εὈτε
1601 2891 1641 2933 ἠν
1663 2899 1696 2924 εν
1718 2891 1802 2938 τιμῆ
1818 2917 1827 2934 ,
1849 2887 1926 2925 τότε
1950 2891 1990 2933 ἠν
2013 2890 2045 2925 ἐν
2073 2888 2241 2939 κινούνῳ·
2269 2888 2325 2926 ὅτε
2347 2892 2389 2935 ἠν

1369 2951 1430 2986 ἢέν
1462 2948 1603 3000 ἀτιμία,
1629 2948 1707 2985 τότε
1731 2951 1773 2993 ἠν
1794 2951 1827 2986 ἐν
1860 2948 2050 3001 ἀσραλεία·
2074 2951 2135 2986 οὐκ
2157 2964 2390 2999 εμνημονευον

1372 3013 1476 3049 αὐτοῦ
1498 3012 1528 3047 οἱ
1545 3012 1718 3060 εὐνοῦχοι·
1740 3009 1798 3046 καὶ
1818 3010 1932 3052 καλῶς
1945 3039 1954 3056 ,
1971 3008 2028 3046 ἵνα
2045 3010 2273 3064 λαμπροτέρα
2288 3010 2391 3062 γένη-

1373 3088 1430 3110 ται
1449 3074 1511 3116 τῆς
1527 3069 1639 3113 ἐξόδου
1659 3072 1680 3115 ἡ
1701 3069 1861 3111 ὑπόθεσις
1877 3085 1884 3091 ·
1902 3069 1957 3107 ἵνα
1975 3070 2022 3119 μὴ
2042 3070 2161 3123 χάριτι
2179 3070 2390 3123 ἀνθρωπίνῃ,

1376 3134 1450 3172 ἀλλ’
1470 3130 1648 3181 οἰκονομία
1668 3130 1743 3183 θεία
1768 3129 1805 3168 τὸ
1830 3138 1898 3168 πᾶν
1924 3130 2103 3181 λογίζηται
2117 3146 2124 3154 ·
2147 3130 2201 3168 ἵνα
2223 3131 2392 3184 εὐκαίρως

1375 3197 1422 3236 εἰς
1436 3192 1556 3245 γρείαν
1573 3207 1748 3233 καταστας
1766 3191 1835 3234 ἐξα
1834 3207 1934 3242 ίαγη·
1956 3190 2012 3229 ι’να
2031 3209 2078 3242 μη
2095 3195 2294 3243 εὐεργετῢν,
2313 3194 2389 3230 αλλ’

1378 3270 1469 3307 ευερ·
1466 3252 1654 3303 ἐτούμενος
1671 3267 1772 3290 αυτον
1789 3253 1897 3290 εκὲα)
1900 3269 1920 3303 η
1942 3257 2000 3290 τοῦ
2021 3253 2255 3305 Ξεσμ--ωτηρίου
2277 3268 2294 3291 ο
2314 3254 2391 3291 Φα-

1432 3405 1443 3419 fl
1470 3392 1584 3425 Morcl.
1598 3399 1627 3427 εν
1642 3398 1764 3436 atstaig.
