2502 3810
281 257 375 302 626

281 349 543 396 dominabatur,
561 360 613 383 res
631 344 834 381 mortalium
846 357 881 380 se
898 343 1089 392 haberent,
1107 355 1259 391 quomo-

281 412 326 448 do
347 410 452 447 etiam
467 420 573 455 nunc,
598 419 677 442 cum
692 403 804 454 gratia
818 403 961 440 effulsit.
982 402 1069 447 Quae
1090 402 1183 438 enim
1199 416 1262 439 an-

281 480 315 507 te
333 468 463 506 nemini
482 465 665 518 possibilia
687 463 914 511 videbantur,
939 462 1139 512 virginitas,
1162 475 1260 499 mor-

281 530 325 566 tis
339 536 549 572 contemtus,
560 524 829 576 compluresque
846 522 907 559 alii
926 523 1078 567 labores,
1097 521 1172 558 haec
1185 522 1263 558 ubi-

281 603 348 639 que
359 587 616 638 terrarumjam
644 593 868 638 praestantur,
898 596 967 619 non
982 582 1079 633 apud
1104 595 1166 619 nos
1182 591 1264 619 tan-

281 660 371 697 tum,
384 648 445 687 sed
463 648 568 685 etiam
583 645 678 697 apud
693 644 1040 696 Scythas,Thraces,
1051 643 1170 691 Indos,
1180 645 1262 680 Per-

283 723 350 759 sas,
366 709 523 758 aliosque
547 706 718 743 baibaios
734 704 884 753 multos,
902 713 935 741 et
954 703 1137 753 virginum
1153 702 1264 751 choii,
1285 704 1309 733 E

747 266 766 295 S
776 288 784 295 .
822 265 896 294 JoA
907 263 1005 292 NNIS
1041 261 1275 291 CHRYSOST.

115 777 399 825 virginumfflfflt}
402 781 482 805 rum
506 766 653 817 populi,
682 733 937 801 monachoiilm
963 762 1164 799 sodalitates
1191 762 1265 813 jam

85 832 129 857 εἴ)
125 841 167 857 ³¹¹
203 829 270 855 “1³¹⁶
284 830 365 881 phu
367 842 402 866 es
418 836 499 865 sunt
510 840 615 877 quam
627 839 685 862 e01
689 839 762 870 um
780 824 839 874 qui
855 822 1031 860 connubio
1045 823 1264 874 junguntur·
1254 851 1265 871 ,

85 881 141 907 que
183 876 270 898 terra-

86 921 163 940 rum.

105 2473 177 2501 Gen.
191 2472 220 2500 6.
237 2470 266 2501 3,

285 899 317 927 et
339 887 466 940 jejunii
495 885 685 935 siequentis
721 892 753 921 et
780 882 996 935 paupertatis
1026 881 1185 919 studium
1214 881 1267 919 in-

285 963 368 1001 gens
385 964 392 985 z
410 962 487 998 quae
514 956 629 984 tamen
649 945 738 996 ipsa,
754 958 823 981 uno
842 952 904 980 aut
934 943 1073 980 duobus
1097 942 1267 994 exceptis,

285 1023 328 1047 ne
342 1009 379 1046 in
401 1007 545 1046 somniis
564 1005 708 1056 quidem
737 1003 925 1054 imaginari
949 1002 1186 1055 potueruntii,
1207 1002 1269 1052 qui

287 1071 323 1107 in
341 1070 418 1119 lege
443 1068 621 1106 vivebant.
638 1065 774 1105 Videns
802 1065 919 1114 itaque
946 1064 1031 1101 tuba
1052 1063 1180 1100 clarius
1195 1063 1270 1100 cla-

287 1138 440 1166 mantem
480 1141 600 1164 rerum
632 1126 829 1173 veritatem,
868 1137 911 1161 ne
943 1123 1148 1172 emolliaris,
1182 1137 1270 1161 neve

287 1198 420 1226 tantam
434 1187 563 1240 prodas
587 1186 749 1238 gratiam.
777 1187 830 1223 Ne
848 1185 920 1222 fide
954 1184 1100 1234 quidem
1128 1193 1270 1235 accepta

286 1249 436 1286 salutem
451 1247 615 1297 consequi
634 1255 745 1298 potest
761 1246 802 1294 is,
818 1245 878 1295 qui
893 1245 1046 1296 segniter
1066 1245 1151 1295 agit.
1168 1244 1270 1281 Faci-

1279 1279 1326 1302 568

1320 262 1523 294 ARCHIEI‘·
1565 266 1919 297 CONSTANTINOP-

1331 344 1541 418 πρά,ματα,
1572 348 1646 390 πῶς
1665 346 1700 385 δὲ
1720 349 1791 393 νῦν,
1819 346 1936 393 ἐπειδὴ
1956 347 2097 398 ἡχάρις
2119 346 2285 397 ἔλαμψεν.
2307 345 2349 385 Ἃ

1330 403 1398 476 γὰρ
1431 405 1552 454 μηδενὶ
1569 405 1733 458 πρότερον
1755 401 1970 444 ἐδόκειεῖναι
1998 406 2124 444 δυνατὰ
2137 406 2348 456 ,παρθενῖα,

1331 463 1392 499 καὶ
1406 464 1581 502 θανάτου
1570 481 1675 517 υπερο
1677 466 1759 517 ψία,
1786 467 1846 504 καὶ
1865 483 1933 503 των
1961 466 2072 504 ἄλλων
2089 469 2156 504 τῶν
2180 465 2349 503 πλειόνων

1331 527 1464 572 παθῶν,
1483 529 1596 563 ταῦτα
1623 531 1803 578 πανταχοῦ
1823 529 1884 572 τῆς
1900 527 2102 577 οἰκουμένης
2122 526 2351 578 κατώρθωται

1331 587 1402 622 νῦν.
1419 585 1488 622 Καὶ
1505 589 1542 623 οὐ
1563 589 1646 639 παρ’
1662 590 1746 637 ἡμῖν
1770 587 1884 661 μόνρν,
1905 587 1993 625 ἀλλὰ
2013 587 2071 624 καὶ
2090 587 2186 638 παρὰ
2202 586 2352 628 Σκύθαις

1333 660 1391 681 και
1410 645 1518 697 Θραξ
1513 662 1523 683 ι
1551 663 1610 684 και
1640 646 1759 689 Ινδοῖς
1788 647 1847 685 καὶ
1866 648 2039 698 Πέρσαις,
2071 647 2130 684 καὶ
2160 645 2287 696 ἑτέροις
2316 644 2352 682 δε

1335 705 1523 756 βαρὸάροις
1542 707 1696 752 πλείοσι,
1713 723 1772 745 γαι
1786 707 1966 759 -αρθενιη
1981 722 2080 759 χοροι
2096 722 2155 743 και
2170 705 2353 756 υαρτύριι)ν

1334 765 1438 814 δῆμοι
1457 766 1516 804 καὶ
1537 782 1698 818 μονα-[ων
1715 767 1926 818 συμμορίαι,
1947 782 2006 804 και
2021 766 2158 809 πλείους
2173 769 2264 803 ουτοι
2279 767 2355 802 λοι-

1334 839 1397 861 πον
1414 826 1482 862 τῶν
1497 825 1747 876 (εγαμηκότιιψ
1765 825 1852 871 εἶσι,
1875 825 1934 862 καὶ
1947 824 2105 871 νηστείας
2125 823 2280 865 ἐπίτασις
2294 838 2354 859 και

1336 884 1423 930 ἀκτη
1430 886 1579 934 μοσύνης
1604 885 1780 938 ὑπερὸολή
1792 901 1799 909 ·
1829 886 1938 936 ἅπερ,
1957 884 2047 932 πλὴν
2065 885 2136 926 ἑνὸς
2149 884 2171 929 ἢ
2187 885 2286 930 δυεῖν,
2318 884 2356 920 οὗ

1336 949 1574 995 φαντασθῆναι
1595 946 1676 996 ὄναρ
1697 949 1727 984 οἱ
1744 945 1834 983 κατὰ
1855 946 1912 983 τὸν
1931 945 2035 994 νόμον
2057 944 2276 990 ἠδυνήθησαν
2293 958 2355 980 πο-

1336 1005 1562 1082 λιτευόμενριι.
1593 1006 1708 1059 εΟρῶν
1739 1006 1851 1044 τοίνυν
1880 1006 2069 1057 σάλπιγγος
2093 1003 2355 1055 ὓλαμπξῑιότερον

1340 1067 1474 1114 βοῶσαν
1492 1066 1554 1113 την
1589 1082 1656 1104 των
1677 1067 1893 1117 πραγμάτων
1916 1066 2093 1113 ἀληθειαν,
2124 1082 2171 1115 μη
2189 1079 2355 1112 καταμα-

1337 1126 1496 1173 λακίζου,
1527 1126 1613 1176 μηοε
1645 1151 1665 1164 π
1641 1127 1803 1178 -ροδίόου
1826 1143 1887 1173 την
1914 1126 2085 1171 τοσαύτην
2115 1126 2234 1176 χάριν.
2266 1121 2357 1161 Οὐδὲ

1338 1202 1406 1238 γαρ
1425 1203 1463 1223 ου
1468 1203 1582 1233 ιιι-οι,
1612 1186 1687 1224 οῧοὲ
1705 1187 1792 1224 μετὰ
1813 1203 1874 1232 τΓ,ν
1902 1186 2031 1233 πίστιν,
2050 1189 2266 1237 ραθυυουντα
2283 1198 2358 1220 σο)-

1341 1249 1450 1291 θῆναι.
1472 1245 1610 1284 Εὕκολα
1627 1246 1693 1298 γὰρ
1707 1246 1751 1284 τὰ
1767 1247 1998 1297 παλαίσματα
2010 1277 2019 1293 ,
2037 1245 2094 1283 ἵνα
2107 1245 2250 1295 νικήσῃς
2269 1245 2359 1293 ἄγω·

287 1309 337 1346 lia
360 1310 490 1360 quippe
521 1316 603 1345 sunt
632 1307 836 1352 certamina,
865 1315 904 1342 ut
932 1306 1114 1343 decertans
1131 1305 1267 1353 vincas,
1291 1316 1316 1344 A
1339 1305 1532 1355 νιζόμενος,
1552 1309 1616 1357 οὐχ
1633 1306 1688 1343 ἵνα
1708 1306 1896 1357 καθεύδῃς,
1914 1308 1982 1343 οὐδ’
1998 1305 2055 1343 ἵνα
2073 1308 2122 1356 τῷ
2144 1304 2280 1355 μεγέθει
2299 1305 2360 1347 τῆς

287 1383 357 1406 non
378 1378 417 1405 ut
435 1367 602 1415 dormias,
629 1381 698 1404 non
723 1376 761 1403 ut
792 1365 1037 1416 magnitudine
1065 1364 1188 1414 gratiae
1224 1364 1269 1400 ad

287 1430 438 1479 ignaviae
455 1428 671 1465 occasionem
687 1426 856 1473 abutaris,
881 1426 918 1462 in
937 1425 1087 1477 pristino
1100 1425 1174 1461 luto
1190 1439 1272 1461 rur-

288 1503 367 1527 sum
385 1489 575 1527 volutatus.
605 1488 689 1524 Ideo
723 1485 907 1537 subjungit
926 1501 933 1521 :
950 1486 985 1523 8.
1008 1486 1080 1534 Qui
1114 1498 1200 1521 vero
1231 1487 1273 1520 in

289 1564 404 1586 carne
419 1557 522 1596 sunt,
544 1549 629 1585 Deo
640 1548 794 1598 placere
810 1559 886 1582 non
898 1553 1071 1596 possunt.
1095 1543 1193 1590 Quid
1219 1557 1273 1580 er-

289 1612 360 1661 go?
385 1625 428 1649 an
460 1624 587 1661 corpus
607 1609 861 1659 discerpemus,
891 1616 930 1643 ut
964 1608 1039 1643 Deo
1056 1606 1272 1656 placeamus,

287 1681 391 1721 atque
405 1686 425 1708 a
442 1684 544 1707 carne
561 1682 741 1717 exeamus,
760 1680 893 1716 nosque
915 1665 1114 1703 homicidas
1130 1665 1270 1716 esseju-

285 1731 360 1779 Les,
381 1731 466 1768 dum
486 1730 532 1766 ad
544 1729 713 1766 virtutem
725 1727 826 1764 ducis
840 1726 993 1765 PViden’
1015 1735 1099 1776 quot
1120 1724 1275 1762 absurda

286 1801 488 1840 nascantur,
510 1790 539 1827 si
554 1788 763 1840 simpliciter
795 1786 891 1824 dicta
910 1785 1276 1837 excepei·imus?Car-

286 1866 366 1890 nem
381 1850 438 1888 hic
457 1864 527 1888 non
547 1863 675 1900 corpus
691 1847 790 1895 dicit,
808 1861 919 1897 neque
927 1855 1089 1883 naturam
1101 1847 1273 1896 corporis,

287 1913 348 1951 sed
365 1912 543 1950 carnalem
552 1910 675 1957 vitam,
691 1907 921 1956 mundanam,
934 1906 1117 1958 voluptate
1134 1914 1167 1942 et
1186 1905 1276 1942 luxu

286 1974 440 2025 plenam,
471 1985 548 2022 quae
571 1979 683 2007 totum
700 1968 882 2006 hominem
909 1981 1048 2004 carnem
1069 1980 1141 2003 esse
1174 1965 1273 2003 facit.

289 2034 388 2071 Sicut
405 2032 497 2070 enim
511 2031 552 2080 ii,
568 2030 629 2081 qui
645 2029 773 2081 spiritu
796 2042 859 2066 ceu
875 2028 941 2065 alis
962 2027 1186 2075 attolluntur,
1202 2040 1278 2063 cor-

290 2110 357 2147 pus
376 2095 482 2132 etiam
503 2092 687 2144 spirituale
706 2090 865 2128 efficiunt
886 2106 893 2126 :
915 2090 965 2126 sic
986 2089 1052 2138 illi,
1067 2089 1128 2139 qui
1145 2088 1190 2125 ab
1217 2088 1279 2125 illo

291 2155 434 2206 quidem
450 2153 626 2202 resiliunt,
659 2151 773 2190 ventri
799 2161 916 2188 autem
936 2159 969 2187 ct
1002 2149 1179 2200 voluptati
1207 2163 1280 2187 ser-

295 2217 411 2265 viunt,
431 2214 585 2252 animam
600 2226 739 2250 carnem
760 2211 931 2259 efficium,
955 2224 1024 2247 non
1043 2210 1280 2247 substantiam

297 2285 483 2323 mutantes,
497 2275 556 2312 sed
574 2274 798 2311 nobilitatem
812 2273 887 2323 ejus
901 2272 1096 2323 perdentes.
1119 2271 1217 2308 Talis
1228 2271 1281 2308 di-

299 2336 425 2374 ctionis
445 2334 570 2372 modus
598 2348 687 2385 saepe
711 2335 747 2369 in
775 2332 898 2370 Veteri
928 2332 1153 2368 Testamento
1173 2332 1280 2382 jacet,

302 2410 441 2433 carnem
456 2408 584 2432 vocans
601 2406 754 2430 crassam
773 2401 806 2428 et
824 2391 956 2428 luteam
980 2391 1106 2437 vitam,
1120 2390 1284 2427 absurdis

305 2458 547 2510 voluptatibus
565 2453 847 2507 repletam.Na1n
858 2455 943 2491 Noae
960 2453 1053 2490 dixit
1069 2468 1075 2488 :
1093 2454 1183 2490 [Yon
1193 2467 1283 2504 per-

303 2521 472 2557 manebit
501 2522 656 2568 spiritus
676 2529 779 2552 meus
807 2518 848 2551 in
868 2517 1086 2552 hominibus
1107 2515 1178 2561 his,
1193 2518 1285 2566 quia

304 2594 391 2617 caro
418 2587 518 2617 sunt.
532 2577 637 2628 Atqui
654 2577 727 2628 ipse
749 2589 889 2626 quoque
906 2577 980 2613 Noe
999 2590 1102 2614 carne
1132 2575 1286 2622 circum-

303 2640 406 2678 datus
425 2649 515 2687 erat;
529 2638 591 2676 sed
605 2652 674 2675 non
685 2638 815 2674 crimen
827 2646 899 2674 erat
921 2651 1023 2674 carne
1041 2636 1253 2675 circumdari
1274 2652 1281 2673 ε

303 2703 370 2740 boc
389 2702 483 2740 enim
499 2710 630 2738 naturae
651 2709 720 2749 est,
740 2699 800 2737 sed
817 2700 990 2737 carnalem
1004 2699 1152 2751 diligere
1163 2700 1286 2737 vitam.

303 2764 388 2801 Ideo
409 2762 497 2800 dicit
526 2761 686 2799 Paulus.
716 2762 790 2811 Qui
813 2761 850 2797 in
875 2774 993 2798 carne
1015 2763 1169 2807 vivunt,
1204 2761 1289 2796 Deo

302 2827 454 2877 placere
469 2838 545 2860 non
555 2830 741 2873 possunt
763 2830 796 2858 et
816 2821 968 2872 adjicit:
988 2823 1025 2860 9.
1062 2823 1134 2860 Vos
1160 2830 1290 2859 autem

307 2901 384 2924 non
402 2888 490 2923 estis
506 2887 548 2921 in
576 2898 706 2931 carne,
727 2884 843 2920 sedin
859 2885 1021 2934 spiritu;
1042 2898 1111 2921 non
1142 2883 1288 2935 simpli-

306 2947 392 2984 citer
410 2958 550 2982 carnem
568 2943 701 2992 dicens,
723 2942 784 2980 sed
816 2942 922 2980 talem
941 2957 1081 2981 earnem
1112 2957 1132 2980 a
1151 2943 1287 2995 passio-

307 3008 410 3045 nibus
441 3013 629 3057 raptatam,
661 3003 850 3055 tyrannide
886 3018 1100 3055 oppressam.
1136 3004 1182 3041 Et
1214 3019 1288 3052 cur,

307 3068 456 3119 inquies,
469 3080 537 3104 non
553 3066 600 3103 ita
614 3065 721 3113 dixit,
739 3078 801 3102 nec
815 3064 1050 3102 differentiam
1068 3065 1204 3116 posuit?
1212 3068 1289 3101 Au-

308 3130 458 3167 ditorem
495 3127 646 3178 erigens,
673 3135 706 3163 et
728 3125 910 3162 ostendens
930 3139 1044 3175 neque
1069 3126 1104 3162 in
1143 3138 1289 3176 corpore

309 3190 466 3225 futurum
497 3200 569 3224 esse
605 3199 697 3231 eum,
723 3184 784 3234 qui
804 3193 895 3221 recte
921 3185 1026 3223 vivit.
1062 3185 1156 3231 Quia
1176 3185 1284 3233 enim,

1308 2632 1331 2662 C

352 3316 364 3331 e
390 3305 400 3343 [
418 3305 500 3338 Edd.
521 3308 746 3350 λαμπροτέραν.
761 3305 908 3336 Alterum
926 3316 964 3336 ex
982 3307 1018 3336 A.
1038 3304 1263 3346 adscivimus]

358 3358 365 3366 “
391 3357 560 3400 [βαράθρῳ
580 3358 618 3387 Α.
638 3363 671 3386 et
687 3368 790 3398 marg.
809 3355 929 3399 Savil.]

355 3419 367 3432 ¹¹
392 3406 610 3450 [Inclusimus
626 3406 818 3446 articulum,
836 3409 891 3450 qui
908 3407 1000 3440 abest
1017 3407 1058 3440 ab
1075 3410 1126 3449 A.]

1340 1366 1479 1418 χάριτος
1496 1367 1580 1418 πρὸς
1598 1366 1766 1417 ῥᾳθυμίας
1783 1367 1941 1405 ὑπόθεσιν
1960 1365 2144 1417 ἀποχρησζ)
2158 1395 2167 1411 ,
2186 1367 2236 1415 τῷ
2251 1364 2270 1382 *
2282 1366 2361 1414 βορ-

1342 1426 1434 1478 ὃόριι)
1452 1427 1556 1463 πάλιν
1587 1426 1892 1476 ἓγκαλινοούαενος
1920 1442 1970 1462 τιι)
2002 1425 2174 1476 προτέριι.)
2206 1424 2269 1461 Διὸ
2301 1422 2362 1460 καὶ

1342 1486 1465 1537 ἐπάγει
1494 1486 1533 1524 λέ
1535 1502 1625 1536 γων-
1645 1488 1692 1523 Οἱ
1717 1485 1752 1523 δὲ
1769 1489 1803 1523 ἐν
1825 1501 1927 1537 σαρκι
1943 1486 2000 1523 ὅντ
2003 1501 2035 1528 ες
2050 1515 2059 1531 ,
2085 1487 2165 1536 Θεῳ
2185 1483 2306 1535 ἀρέσαι
2326 1484 2364 1521 οὐ

1343 1544 1516 1582 δύν.ανται
1542 1545 1588 1583 Τί
1610 1561 1683 1592 ουν,
1702 1545 1927 1597 κατακόὼομε
1914 1561 1945 1582 εν
1967 1546 2006 1583 τὸ
2028 1561 2148 1595 σωμα,
2175 1543 2291 1596 φησὶν,
2306 1542 2363 1580 ἵνα

1345 1606 1523 1656 ἀρέσωυ,εν
1544 1623 1592 1643 τι)
1613 1609 1718 1658 Θει),
1739 1606 1799 1644 καὶ
1823 1606 2013 1657 ἐξέλθωμεν
2033 1607 2100 1644 ἀπὸ
2132 1621 2194 1651 της
2215 1603 2364 1657 σαρκὸς,

1346 1666 1404 1704 καὶ
1442 1666 1667 1719 ἀνδροφόνους
1688 1670 1780 1717 ἡμᾶς
1809 1661 1897 1704 εἶναι
1935 1666 2102 1714 κελεύεις,
2139 1668 2193 1704 ἐπ’
2237 1663 2363 1716 ἀρετὴν

1347 1727 1460 1778 ἄγων,
1480 1727 1588 1778 εΟρόῑὶς
1619 1727 1711 1765 πόσα
1743 1727 1856 1765 ἄτοπα
1890 1727 2062 1774 τίκτεται,
2092 1725 2149 1763 ἐὰν
2176 1726 2294 1767 ἁπλῶς
2320 1723 2364 1762 τὰ

1345 1787 1516 1838 λεγόμενα
1535 1787 1773 1837 ἐκδεξώμεθα,
1795 1787 1918 1838 Σάρκα
1937 1787 1996 1824 καὶ
2021 1788 2168 1824 ἐνταῦθα
2185 1786 2222 1822 οὗ
2238 1785 2277 1822 τὸ
2295 1787 2364 1822 σῶ-

1349 1848 1398 1900 μά
1429 1864 1548 1900 φησιν,
1577 1847 1653 1886 οὐδὲ
1683 1847 1745 1894 τὴν
1769 1847 1886 1885 οὐσίαν
1905 1850 1964 1884 τοῦ
1987 1845 2164 1896 σώματος,
2187 1845 2275 1883 ἀλλὰ
2306 1844 2364 1881 τὸν

1348 1909 1511 1960 σαρκικὸν
1530 1908 1602 1960 βίον
1623 1908 1682 1946 καὶ
1702 1908 1881 1957 κοσμικὸν,
1906 1907 1965 1945 καὶ
1986 1909 2116 1958 τρυφῆς
2136 1906 2193 1943 καὶ
2215 1904 2367 1948 ἀσωτίας

1348 1968 1521 2019 γέμοντα,
1542 1970 1554 1985 ³
1575 1966 1667 2015 [τὸν]
1688 1966 1766 2004 ὅλον
1784 1966 1898 2017 σάρκα
1917 1969 2083 2003 ποιοῖντα
2098 1964 2154 2001 τὸν
2176 1965 2366 2015 ἄνθρωπον.

1350 2028 1487 2078 ε’.(..ὶσπερ
1502 2027 1568 2078 γὰρ
1588 2028 1619 2064 οἱ
1635 2029 1683 2078 τῷ
1702 2025 1876 2076 πνεύματι
1889 2025 2115 2076 πτερούμενοι
2133 2025 2191 2062 καί
2210 2024 2249 2061 τὸ
2265 2027 2368 2073 σῶμα

1349 2088 1582 2139 πνευματικὸν
1600 2088 1820 2139 ἐργάζονται·
1837 2086 1944 2129 οὕτως
1963 2090 1993 2124 οἱ
2011 2086 2131 2124 τούτου
2150 2085 2212 2135 μὲν
2232 2088 2369 2131 ἀποπη-

1638 2148 1646 2161 N
1688 2149 1703 2163 ’δ

1352 2151 1495 2195 δῶντες,
1525 2164 1652 2200 γαστρι
1684 2148 1719 2186 οὲ
1741 2147 1800 2185 καὶ
1821 2148 1926 2198 ἡδονῇ
1961 2147 2193 2193 δουλεύοντες,
2221 2146 2282 2183 καὶ
2301 2144 2364 2191 τὴν

1351 2209 1465 2262 ψυχὴν
1486 2209 1625 2261 ι”σάρκα
1658 2212 1826 2255 ποιοῦσιν,
1853 2211 1890 2245 οὐ
1918 2207 1979 2254 τὴν
1997 2207 2114 2246 οὐσίαν
2138 2208 2242 2253 αὖτ’-ἧς
2265 2221 2371 2256 μετα-

1353 2270 1538 2311 ὅάλλοντες
1551 2298 1561 2316 ,
1588 2268 1678 2306 ἀλλὰ
1714 2267 1775 2314 τὴν
1810 2267 1979 2318 εὐγένειαν
2017 2269 2121 2313 αὐτῆς
2151 2266 2368 2308 ἀπολλύντες.

1353 2330 1423 2367 Καὶ
1441 2324 1537 2371 οἶτος
1553 2332 1613 2374 τῆς
1628 2327 1749 2371 λέξεως
1765 2331 1782 2365 ὃ
1795 2328 1922 2379 τρόπος
1940 2328 1998 2365 καὶ
2018 2330 2050 2365 ἐν
2068 2331 2110 2378 τῇ
2129 2328 2274 2377 Παλαιᾷ
2288 2327 2371 2363 πολ-

1353 2393 1463 2442 λαχοῦ
1480 2395 1612 2436 κεῖται,
1633 2388 1745 2438 σάρκα
1761 2387 1939 2437 σημαίνων
1951 2388 2006 2425 τὸν
2022 2386 2137 2460 παγὲὺν
2151 2387 2210 2423 καὶ
2224 2385 2371 2432 πηλώδη

1358 2451 1407 2501 βίΓ
1383 2467 1442 2495 ὀν,
1474 2465 1534 2487 και
1564 2450 1700 2495 ηοοναῖς
1729 2447 2011 2497 ἐμπεπλεγμένον
2035 2448 2186 2489 ατόποις.
2218 2446 2287 2484 Καὶ
2304 2444 2371 2496 γαρ

1354 2528 1404 2549 70)
1424 2510 1505 2548 Χωέ
1536 2525 1618 2561 φησι
1621 2525 1652 2555 ν,
1671 2509 1723 2545 Ου
1744 2507 1792 2558 μὴ
1813 2507 2006 2558 καταμείνῃ
2026 2523 2065 2544 το
2094 2506 2231 2555 πνευμά
2252 2521 2316 2555 μου
2337 2507 2372 2542 ἓν

1356 2578 1427 2613 τοῖς
1446 2569 1637 2622 ἀνθρωποις
1655 2568 1809 2613 τούτοις,
1843 2568 1899 2605 διὰ
1927 2567 1966 2605 τὸ
1985 2572 2071 2605 εἶναι
2090 2583 2212 2609 αυτους
2229 2566 2372 2617 σάρκας.

1358 2631 1481 2670 Καίτοι
1498 2647 1558 2668 και
1581 2646 1644 2667 αυτ
1647 2629 1807 2670 οςὸλίοεν
1835 2628 1948 2680 σάρκα
1970 2627 2191 2678 περιέκειτο·
2212 2628 2289 2664 ἀλλ’
2311 2628 2373 2664 οὒκ

1358 2687 1400 2738 ἦν
1427 2695 1526 2729 τοῦτο
1545 2690 1705 2741 ἔγκλημα
1724 2689 1762 2727 τὸ
1781 2691 1996 2739 περικεῖσθαι
2027 2688 2159 2739 σάρκα·
2178 2691 2279 2724 τοῦτο
2306 2686 2373 2736 γὰρ

1360 2756 1421 2798 τῆς
1442 2750 1594 2802 φύσεως·
1616 2749 1704 2787 ἀλλὰ
1720 2749 1758 2786 τὸ
1788 2749 1952 2799 σαρκικὸν
1972 2750 2164 2799 ἀνῃρῆσθαι
2189 2746 2272 2798 βίον.
2303 2746 2373 2784 Διὰ

1360 2815 1460 2849 τοῦτο
1475 2810 1534 2847 καὶ
1550 2814 1567 2848 ὃ
1579 2808 1715 2851 Παῦλός
1736 2823 1855 2859 φησιν·
1876 2811 1922 2846 Οἱ
1942 2807 1977 2845 δὲ
1992 2809 2025 2845 ἐν
2043 2808 2145 2859 σαρκὶ
2161 2807 2253 2850 ὄντες
2265 2837 2274 2854 ,
2291 2808 2373 2857 Θεῷ

1362 2872 1483 2924 ἀρέσαι
1500 2872 1536 2908 οὐ
1556 2870 1716 2907 δύνανται
1731 2884 1737 2891 ·
1756 2869 1815 2906 καί
1834 2868 2019 2918 ἐπήγαγεν,
2035 2867 2156 2917 εΥμεῖς
2172 2868 2207 2905 δὲ
2224 2869 2284 2905 οὐκ
2299 2866 2375 2904 ἐστὲ

1363 2935 1395 2970 ἐν
1415 2931 1537 2984 σαρκὶ,
1556 2932 1632 2968 ἀλλ’
1652 2932 1686 2967 ἐν
1703 2928 1898 2978 πνεύματι,
1917 2930 1982 2979 οὐχ
1995 2929 2114 2970 ἁπλῶς
2132 2928 2245 2978 σάρκα
2264 2926 2375 2977 λέγων

1362 2994 1507 3039 cutim,
1535 2990 1625 3030 ἀλλὰ
1657 2990 1718 3036 τὴν
1744 2989 1905 3035 τοιαύτην
1937 2988 2073 3039 σάρκα,
2099 2988 2160 3033 τὴν
2184 2987 2376 3038 συρομένην

1361 3053 1428 3091 ὑπὸ
1447 3056 1515 3090 τῶν
1534 3054 1666 3097 παθῶν,
1685 3049 1749 3094 τὴν
1763 3047 2125 3100 τυραννουμένηνΚαὶ
2141 3047 2230 3090 τίνος
2250 3047 2377 3091 ἕνεκεν,

1362 3114 1476 3165 φησὶν,
1494 3114 1560 3163 οὐχ
1579 3110 1685 3152 οὕτως
1705 3103 1810 3155 εἶπεν,
1830 3107 1906 3146 οὐδὲ
1938 3108 2000 3154 τὴν
2026 3107 2191 3160 διαφορὰν
2208 3107 2374 3153 τέθεικεν,

1362 3179 1539 3231 Ἐπαίρων
1553 3178 1608 3216 τὸν
1621 3174 1808 3228 ἀκροατὴν,
1820 3175 1879 3212 καὶ
1893 3173 2023 3217 δεικνὺς
2037 3173 2089 3211 ὅτι
2103 3173 2178 3212 οὐδὲ
2192 3175 2225 3210 ἐν
2239 3172 2378 3223 σώματι

1419 3310 1434 3333 b
1460 3309 1503 3350 [f
1492 3322 1539 3351 :po
1544 3310 1593 3350 32²⁰
1600 3309 1741 3339 οποιοῦιιν
1763 3300 1913 3336 A.Paulo
1930 3308 2005 3342 post
2021 3312 2057 3333 ex
2083 3301 2199 3333 eodem
2216 3308 2247 3332 et
2263 3291 2378 3334 Savilii

1378 3361 1565 3403 (onjictuia
1592 3362 1646 3390 v.)-
1650 3366 1679 3394 ἧς
1694 3372 1732 3397 μ,-
1724 3358 1793 3389 ταέ
1816 3352 2028 3385 correximus.
2045 3351 2229 3397 Legebatur
2255 3352 2378 3393 αὖτοῖς.]
