2502 3810
727 254 770 284 IN
807 255 949 285 EPIST·
989 255 1048 284 AD
1085 256 1193 285 ROM.

112 330 250 374 Παῦλος
279 332 397 380 ἐπειδὴ
431 333 535 381 αὐτὴν
563 335 905 386 ἐπροσωποποίησεν,
934 336 1044 374 οὐδενὶ
1073 336 1128 374 κέ-

2089 247 2182 307 (345

1204 350 1285 374 rum
1303 338 1435 376 Paulus
1463 349 1647 390 postquam
1673 340 1772 378 illam
1798 350 1836 379 ut
1865 355 2049 392 pexsonam
2080 343 2186 381 indu-

1233 256 1524 289 HOMIL.X1V.

110 407 239 442 χρηται
257 393 385 431 τούτων
403 398 449 432 ὡν
483 399 592 443 εἷπον,
609 397 686 433 ἀλλ’
707 396 812 449 ἑτέρῳ
844 397 912 434 τινὶ
938 396 1050 448 λόγῳ,
1069 397 1126 435 τὸν
1152 402 1177 432 Ε
1204 398 1269 447 xit,
1293 399 1389 437 nulla
1409 400 1600 450 rationum,
1621 415 1709 451 quas
1727 401 1817 448 dixi,
1843 416 1926 440 usus
1947 413 2022 453 est3
2037 404 2097 441 sed
2116 405 2183 442 alia

108 453 282 503 ἀκροατὴν
304 470 343 492 εκ
369 455 566 506 περιουσίας
598 457 918 508 παραμυθησασθαι
951 458 1122 495 σπεύδων.

107 512 206 565 Ποίῳ
232 514 273 560 δὴ
295 514 425 566 τούτῳ,
445 516 491 553 Τί
509 516 639 566 λέγεις,
663 516 768 568 φησί,
795 520 911 559 κακῶς
929 517 1035 555 ἔπαθε
1068 517 1125 555 διὰ

107 571 144 610 σὲ
163 573 222 610 καὶ
237 574 369 626 φθαρτὴ
388 576 545 626 γέγονεν,
560 576 648 614 Ἀλλ’
670 577 764 615 οὐδὲν
783 577 963 624 ἠδίκηται·
984 577 1042 615 καὶ
1057 578 1123 629 γὰρ

106 632 315 686 ἅφθαρτος”
297 652 395 675 εσται
415 636 471 673 διὰ
490 636 527 675 σὲ
543 637 670 675 πάλιν·
683 642 783 675 τοῦτο
792 638 859 713 γάρ
875 640 948 676 ἐστι
962 639 1022 686 τὸ,
1039 638 1121 676 Ἐπ’

106 695 232 734 ἐλπίδι.
253 696 366 735 “O-cuv
385 697 473 736 δελὲ
475 715 538 749 γη,
558 700 667 750 Οὐχ
654 702 780 737 εκοῦσα
798 698 951 749 ὑπετάγη
965 729 974 746 ,
990 701 1053 750 οὐχ
1066 698 1122 736 ἵνα

105 755 227 808 κυρίαν
256 757 354 809 γνώυ
356 774 396 804 ης
431 763 534 797 οὖσαν
555 759 645 810 δείςῃ
658 789 667 806 ,
689 764 789 797 τοῦτο
820 759 936 809 λέγει,
957 761 1033 797 ἀλλ’
1070 775 1122 796 ινα

107 816 276 867 μάθῃς,“’
256 834 294 855 οτ
299 834 308 855 ι
327 822 389 864 τῆς
417 823 476 857 τοῦ
496 821 647 871 Χριστοῦ
671 819 877 868 κηδεμονίας
895 819 934 856 τὸ
953 835 1022 856 παν
1042 819 1121 869 ἐγέ-

106 892 198 924 νετο,
217 881 277 916 οὐκ
310 879 442 925 ἐκείνης
463 879 675 931 κατόρθωμα
704 883 814 917 τοῦτο.
842 879 934 916 Εἰπὲ
965 879 1029 925 δὴ,
1063 879 1122 916 καὶ

105 939 186 990 ποίᾳ
203 940 334 985 ἐλπίδι;
353 940 438 978 “Ort
458 941 516 978 καὶ
536 940 621 986 αὐτὴ
635 944 656 985 ἡ
670 939 781 982 κτίσις
797 939 1120 989 ἐλευθερωθήσεται.

294 1000 363 1038 Καὶ
384 1000 487 1046 αὐτή,
508 999 599 1050 Οὐχὶ
620 999 660 1037 σὺ
688 999 807 1048 μόνος,
836 998 926 1036 ἀλλὰ
947 999 1006 1036 καὶ
1023 998 1044 1035 ὅ
1061 997 1120 1036 σού

102 1058 176 1095 ἐστι
203 1060 485 1111 καταδεέστερον,
503 1059 562 1096 καὶ
584 1059 600 1096 δ
620 1061 657 1096 οὐ
679 1059 820 1110 μετέχει
847 1060 1015 1108 λογισμοῦ
1046 1058 1121 1096 οὐδὲ

105 999 153 1035 Τί
180 1001 252 1037 ε’στι
265 1030 274 1047 ,

1202 429 1399 497 auditeiem
1426 460 1620 497 admodum
1647 462 1819 499 consolali
1844 463 1972 500 studet.
1992 464 2183 510 Quanam?

1199 521 1300 575 Quid
1311 522 1414 571 dicis,
1435 523 1576 573 inquit?
1589 524 1679 560 male
1691 525 1816 562 affecta
1833 535 2035 577 propterte,
2053 536 2085 564 et
2108 541 2183 564 cor-

1199 583 1382 633 mptibilis
1401 585 1490 621 faeta
1511 585 1587 621 est?
1606 585 1647 621 In
1665 585 1764 622 nullo
1785 595 1876 623 certe
1897 586 1977 624 laesa
1996 597 2047 625 est
2070 603 2079 624 ε
2101 602 2183 625 nam

1196 652 1341 694 propter
1360 652 1394 680 tc
1411 644 1693 696 incorruptibilis
1713 659 1855 682 rursum
1875 647 1993 684 futura
2027 657 2094 685 est:
2115 648 2183 685 hoc

1195 704 1290 742 enim
1303 705 1371 742 sibi
1388 707 1466 744 vult
1484 707 1589 756 illud,
1604 710 1652 743 In
1666 721 1743 758 spe.
1760 708 1850 745 Cum
1864 723 1948 746 vero
1971 709 2082 759 dicit,
2094 712 2183 748 Non

1196 764 1316 802 libens
1336 768 1507 817 subjecta
1527 775 1597 812 est,
1608 780 1677 803 non
1697 767 1763 803 hoe
1782 767 1893 815 dicit,
1913 778 1952 805 ut
1968 770 2058 808 illud
2077 785 2183 822 penes

1194 823 1414 863 voluntatem
1425 826 1499 876 ejus
1515 839 1587 862 esse
1601 825 1776 875 ostendat,
1799 827 1861 864 sed
1876 836 1914 864 ut
1932 828 2046 866 discas
2066 839 2181 867 totum

1194 898 1239 921 ex
1261 886 1396 923 Clnisti
1423 900 1506 923 cuia
1534 888 1669 923 factum
1693 887 1812 936 fuisse,
1844 903 1914 927 non
1939 890 2036 929 illius
2063 907 2181 944 oper.a

1193 943 1328 989 Dicito,
1351 959 1421 994 qua
1439 946 1529 996 spe?
1550 947 1650 995 Quia
1670 955 1707 982 et
1731 948 1814 996 ipsa
1837 958 2015 987 creatura
2035 952 2181 989 libera-

1136 1031 1184 1055 533
1196 1005 1308 1041 bitur.
1337 1005 1435 1050 Quid
1455 1014 1506 1042 est
1534 1005 1638 1055 illud,
1665 1008 1719 1044 Et
1738 1020 1844 1057 ipsa.
1840 1012 1853 1030 ³
1872 1010 1950 1046 Non
1971 1019 2010 1046 tu
2039 1012 2175 1058 solum,

1147 1070 1172 1097 Α
1194 1064 1256 1102 sed
1275 1073 1306 1102 et
1325 1065 1422 1115 quod
1443 1075 1475 1103 te
1491 1066 1638 1103 inferius
1656 1075 1729 1116 est,
1747 1075 1780 1103 et
1798 1068 1894 1117 quod
1918 1082 1980 1106 nec
1998 1070 2183 1120 cogitatio-

1192 1139 1274 1163 nem
1290 1140 1352 1164 nec
1367 1141 1507 1164 sensum
1521 1127 1628 1165 habet
1646 1143 1653 1163 :
1669 1128 1736 1166 hoc
1754 1130 1859 1166 etiam
1875 1129 2051 1168 bonorum
2066 1140 2181 1170 tecum

102 1118 310 1167 αἰσθήσεως,
330 1120 389 1157 καὶ
409 1119 508 1157 τοῦτό
538 1135 592 1157 σοι
629 1119 832 1165 κοινωνήσει
865 1121 933 1156 τῶν
965 1121 1118 1167 ἀγαθῶν.

99 1176 438 1230 Ἔλευθερωθήσεται
466 1179 552 1231 γὰρ,
571 1179 687 1231 φησὶν,
711 1179 780 1217 ἀπὸ
798 1181 861 1225 τῆς
886 1179 1041 1222 δουλείας
1059 1182 1121 1225 τῆς

100 1242 243 1290 φθορᾶς·
266 1239 456 1288 τουτέστιν,
477 1240 591 1278 οὐκέτι
614 1239 712 1277 ἔσται
741 1239 899 1291 φθαρτὴ,
921 1239 1011 1277 ἀλλὰ
1036 1241 1118 1278 ἀκο-

98 1299 259 1346 λουθήσει
277 1304 320 1352 τῇ
340 1304 400 1338 τοῦ
421 1300 584 1351 σώματος
610 1300 783 1353 εὐμορφίᾳ
807 1304 866 1338 τοῦ
893 1305 964 1338 σοῦ.
979 1299 1120 1352 “Ώσπερ

98 1359 166 1413 γὰρ
192 1361 374 1412 γενομένου
401 1366 566 1414 φθαρτοῦ,
587 1362 605 1381 *
620 1361 739 1412 γε’γονε
761 1361 896 1413 φθαρτὴ
917 1360 976 1398 καὶ
1008 1361 1095 1408 αὕτη
1110 1376 1118 1384 ·

98 1420 203 1464 οὕτως
231 1423 403 1474 ἀφθάρτου
425 1423 682 1470 καταστάντος,
712 1422 770 1460 καὶ
790 1421 875 1468 αὐτὴ
894 1422 1119 1468 ἀκολουθήσει

98 1482 158 1519 καὶ
179 1482 299 1534 ἕψεται
324 1484 447 1521 πάλιν·
475 1483 559 1536 ὅπερ
584 1477 642 1521 οῦν
670 1482 729 1520 καὶ
764 1482 895 1525 δεικνὺς
927 1483 1117 1533 ἐπήγαγεν·

98 1543 161 1586 Εἷς
178 1543 241 1589 τὴν
261 1543 454 1596 ἐλευθερίαν
477 1546 538 1589 τῆς
558 1543 654 1589 δόξης
677 1545 745 1580 τῶν
767 1542 896 1580 τέκνων
923 1546 981 1580 τοῦ
1009 1545 1117 1581 Θεοῦ·

97 1603 274 1650 τουτέστι,
310 1604 366 1642 διὰ
392 1603 454 1649 τὴν
489 1603 695 1656 ἐλευθερίαν.
713 1604 880 1655 Καθάπερ
900 1602 966 1655 γὰρ
985 1604 1120 1650 τιθηνὸς

97 1663 233 1701 παιδίον
251 1663 423 1715 τρέφουσα
435 1664 626 1715 βασιλικὸν,
638 1664 695 1701 ἐπὶ
714 1666 776 1709 τῆς
793 1665 904 1715 ἀρχῆς
916 1663 1045 1701 ἐκείνου
1060 1680 1120 1714 γε-

1192 1186 1407 1225 consortium
1431 1187 1591 1225 habebit.
1614 1189 1861 1227 Liber-abitur
1874 1193 1988 1239 enim,
2003 1191 2133 1241 inquit,
2157 1207 2183 1230 a

1190 1250 1374 1286 servitute
1401 1251 1657 1300 corruptionis
1671 1266 1687 1294 ;
1709 1249 1749 1287 id
1772 1259 1842 1297 est,
1875 1265 1944 1288 non
1975 1251 2069 1289 ultra
2102 1266 2182 1291 cor-

1189 1308 1374 1358 ruptibilis
1394 1309 1471 1357 erit,
1490 1308 1551 1346 sed
1568 1309 1727 1360 corporis
1743 1311 1795 1347 tui
1811 1310 2116 1362 pulchritudinem
2126 1327 2182 1350 se—

1190 1377 1329 1417 quetur.
1365 1369 1466 1407 Sicut
1497 1369 1590 1406 enim
1625 1379 1658 1407 te
1692 1371 1918 1423 corruptibili
1946 1373 2080 1421 effecto,
2105 1373 2183 1425 ipsa

1190 1443 1329 1480 quoque
1361 1430 1645 1482 incorruptibilis
1678 1432 1769 1468 facta
1798 1441 1851 1469 est
1875 1448 1883 1468 ε
1902 1433 1953 1470 sic
1983 1447 2064 1470 cum
2098 1448 2180 1471 cor-

1189 1490 1372 1542 ruptibilis
1395 1491 1464 1537 eris
1473 1521 1486 1539 ,
1521 1491 1598 1542 ipsa
1622 1506 1765 1542 quoque
1786 1503 1975 1544 sequentur
1994 1510 2001 1530 :
2030 1495 2124 1544 quod
2143 1504 2183 1532 ut

1190 1551 1349 1589 ostendat
1360 1552 1544 1603 subjungit
1554 1567 1561 1588 :
1571 1555 1597 1589 I
1596 1568 1621 1589 η
1634 1554 1851 1591 libertatem
1862 1555 2180 1607 glorioefiliorum

1190 1614 1266 1650 Dei
1281 1628 1298 1660 ;
1318 1612 1356 1649 id
1375 1621 1440 1663 est7
1463 1622 1607 1664 propter
1629 1613 1843 1653 libertatem.
1866 1617 1916 1653 Ut
1932 1616 2027 1653 enim
2053 1617 2180 1655 nutrix

1190 1672 1360 1710 infantem
1369 1673 1464 1709 alens
1472 1672 1623 1723 regium,
1633 1687 1715 1710 cum
1726 1673 1788 1710 ille
1806 1673 1851 1710 ad
1867 1684 2054 1726 paternum
2068 1676 2179 1727 impe-

1189 1731 1284 1771 rium
1302 1733 1512 1785 pervenerit,
1523 1733 1600 1785 ipsa
1618 1748 1757 1784 quoque
1780 1734 1884 1772 simul
1909 1735 2011 1773 bonis
2029 1737 2177 1785 fruetur,

95 1786 175 1831 θῶν,
190 1784 375 1831 &mmai-5
390 1784 640 1836 Usfflffiss'sssffi·
654 1784 762 1836 Ὁρᾷς
772 1785 829 1823 τὸν
842 1785 1020 1837 ἄνθρωπον
1033 1801 1119 1823 παν·
1144 1794 1167 1824 Β
1189 1795 1239 1833 ita
1262 1804 1295 1833 et
1328 1804 1500 1843 creatura,
1526 1795 1654 1845 inquit.
1683 1795 1815 1835 Viden’
1831 1796 2011 1834 hominem
2045 1798 2179 1849 ubique

93 1851 202 1898 ταχοῦ
222 1846 495 1898 πρΟῪιΥΟύμῑνΟν,
509 1846 568 1884 καὶ
585 1847 628 1883 δι’
645 1847 746 1884 αὐτὸν
770 1846 911 1884 ἅπαντα
930 1845 1118 1896 ’ίῑνόμὲναέ
1189 1856 1400 1909 praecedere,
1420 1865 1452 1893 et
1476 1865 1620 1908 propter
1637 1870 1719 1894 eum
1737 1856 1855 1894 omnia
1875 1856 1953 1894 fieri
1971 1857 1988 1894 Ξ)
2003 1858 2176 1897 Vidistin’

92 1900 194 1950 Εἶδες
214 1909 288 1950 πῶς
311 1911 568 1958 παραμυθεῖται
587 1907 644 1945 τὸν
671 1907 938 1958 ἀγωνιζόμενον,
958 1907 1016 1944 καὶ
1048 1907 1118 1944 &ei-
1187 1917 1365 1968 quomodo
1375 1917 1610 1954 decertantem
1623 1917 1834 1965 consoletur,
1845 1917 2077 1968 ostendatque
2091 1919 2177 1957 inef-

92 1983 191 2006 χνυσῑ
208 1967 270 2014 τὴν
288 1968 418 2020 ἄφατον
434 1973 494 2006 ’ΐθῧ
511 1970 602 2006 Θεοῦ
616 1971 736 2019 φῑλῑχνθ
743 1968 891 2020 ρωπῖανὶ
909 1970 941 2006 T
946 1967 956 2005 ί
973 1967 1039 2019 γὰρ
1053 1969 1117 2006 ἀλ·-
1189 1977 1333 2015 fabilem
1347 1977 1411 2015 Dei
1423 1991 1505 2028 erga
1518 1977 1681 2014 homines
1694 1992 1850 2015 amorem
1864 1978 1989 2024 PQuid
2002 1978 2097 2016 enim
2112 1978 2175 2016 do-

91 2035 181 2077 Ὺεῖς,
199 2029 314 2081 φησὶν,
336 2028 392 2068 ἐπὶ
411 2035 480 2072 τοῖς
495 2034 702 2081 πειρασμοῖς
709 2044 718 2075 3
740 2029 791 2067 Σὺ
812 2029 869 2066 διὰ
885 2029 1026 2067 σεαυτὸν
1047 2028 1115 2066 πά-
1185 2036 1250 2082 les,
1266 2036 1395 2086 inquit,
1408 2035 1444 2072 in
1460 2036 1738 2073 tentationibus?
1757 2038 1813 2074 Tu
1826 2045 1970 2088 propter
1984 2046 2017 2074 te
2033 2038 2176 2089 pateris,

1187 2107 1344 2136 creatura
1361 2099 1445 2135 item
1463 2108 1608 2149 propter
1626 2108 1670 2136 te.
1692 2100 1765 2136 Nec
1781 2108 1814 2136 te
1833 2099 1940 2136 modo
1961 2100 2173 2149 consolatur,

1185 2160 1248 2198 sed
1273 2169 1305 2198 et
1325 2160 1420 2198 dicta
1441 2160 1512 2197 fide
1531 2159 1638 2210 digna
1661 2159 1827 2197 ostendit.
1848 2160 1995 2198 sienim
2017 2170 2175 2199 creatura

1184 2231 1328 2273 propter
1343 2230 1375 2258 te
1386 2221 1528 2258 omnino
1540 2221 1629 2257 facta
1647 2221 1891 2272 sperat7multo
1901 2221 2016 2271 magis
2027 2230 2077 2269 tu,
2093 2236 2175 2274 pro-

1184 2291 1262 2334 pter
1280 2297 1387 2332 quem
1406 2291 1532 2320 natura
1553 2281 1656 2318 bonis
1675 2281 1746 2319 illis
1766 2282 1931 2319 omnibus
1947 2283 2096 2320 fruetur.
2116 2283 2175 2320 Sic

1183 2353 1217 2381 et
1241 2343 1416 2391 homines,
1440 2341 1582 2393 quando
1610 2342 1708 2379 filius
1737 2356 1819 2380 eum
1853 2342 2027 2394 dignitate
2055 2343 2177 2393 aliqua

1184 2403 1394 2455 proditurus
1415 2412 1481 2453 est⁷
1504 2416 1622 2440 servos
1644 2402 1886 2454 splendidiore
1904 2403 2058 2441 induunt
2078 2413 2176 2442 veste

1184 2465 1220 2502 in
1240 2465 1309 2502 filii
1325 2465 1379 2502 sui
1402 2463 1553 2515 gloriam
1574 2480 1580 2499 :
1601 2463 1904 2513 quemadmodum
1919 2473 1951 2501 et
1963 2466 2060 2502 Deus
2079 2478 2174 2502 crea-

1181 2534 1299 2563 turam
1334 2524 1600 2576 incorruptione
1648 2523 1846 2561 circumdat
1860 2553 1871 2572 ‚
1906 2524 1943 2561 in
1974 2525 2172 2563 libertatem

1181 2586 1302 2637 gloriae
1322 2586 1495 2623 filiorum.
1527 2588 1592 2623 5232.
1615 2584 1764 2622 Scimus
1788 2587 1904 2629 enim,
1925 2587 2030 2636 quod
2048 2589 2171 2623 omnis

1179 2653 1360 2682 creatura
1378 2644 1496 2682 simul
1505 2644 1718 2694 ingemiscit
1734 2650 1769 2689 et
1789 2643 1906 2679 simul
1918 2646 2089 2693 parturit
2103 2658 2167 2681 us—

1181 2719 1254 2756 que
1274 2719 1388 2742 nunc.

1230 2766 1267 2803 6.
1296 2764 1428 2803 Viden'
1458 2761 1634 2813 quomodo
1679 2761 1879 2799 auditorem
1918 2762 1953 2799 in
1992 2763 2169 2814 pudorem

1178 2825 1352 2878 conjiciat,
1372 2839 1412 2862 ac
1429 2824 1457 2861 si
1478 2823 1611 2860 diceret
1629 2838 1636 2858 ε
1661 2821 1772 2859 Nesis
1790 2822 1867 2873 ipsa
1891 2832 2050 2861 creatura
2068 2824 2167 2862 dete-

1175 2889 1261 2935 rior,
1289 2901 1351 2924 nec
1370 2885 1604 2938 praesentibus
1620 2893 1653 2921 te
1674 2883 1811 2921 dedas?
1827 2885 1907 2922 Non
1931 2885 2038 2923 modo
2070 2887 2165 2924 enim

1175 2950 1247 2987 illis
1267 2949 1400 2986 haerere
1419 2960 1489 2984 non
1525 2954 1680 2998 oportet,
1703 2944 1764 2982 sed
1798 2945 1906 2982 etiam
1931 2945 2165 2997 ingemiscen-

1175 3012 1262 3050 dum
1282 3019 1344 3058 est,
1360 3008 1456 3060 quod
1472 3008 1557 3045 hinc
1573 3006 1711 3044 tardius
1731 3006 1776 3043 sit
1791 3007 2051 3057 emigrandum.
2067 3010 2160 3046 Nam

1176 3072 1205 3110 si
1222 3072 1289 3109 hoc
1301 3079 1462 3109 creatura
1488 3068 1584 3115 facit,
1620 3067 1732 3104 multo
1755 3067 1869 3118 magis
1886 3076 1920 3105 te
1945 3068 2078 3106 ratione
2108 3084 2163 3107 or-

1175 3145 1298 3173 natum
1330 3133 1369 3171 id
1388 3140 1524 3184 oportet
1551 3131 1676 3167 facere.
1697 3129 1770 3168 Sed
1801 3130 1879 3166 haec
1899 3131 2059 3168 nondum
2078 3140 2162 3169 tan-

97 1724 238 1773 νομένου
252 1728 312 1770 τῆς
323 1727 494 1776 πατρικῆς
504 1755 514 1772 ,
531 1725 590 1762 καὶ
605 1725 690 1770 αὐτὴ
707 1723 938 1762 συναπολαύει
951 1727 1020 1761 τῶν
1033 1727 1120 1775 ἀγα-

91 2106 204 2142 σχεις,
222 2093 243 2136 ἡ
270 2090 382 2133 κτίσις
415 2090 471 2128 διὰ
494 2090 546 2128 σέ.
570 2092 624 2129 Οὐ
654 2093 911 2142 παραμυθεῖται
935 2089 970 2126 δὲ
998 2089 1113 2139 μόνον,

91 2151 182 2189 ἀλλὰ
204 2151 263 2189 καὶ
283 2150 486 2197 ἀξιόπιστα,
516 2150 668 2189 δείκνυσι
688 2151 732 2189 τὰ
747 2151 930 2203 λεγόμενα.
948 2153 993 2189 Εἰ
1007 2150 1073 2202 γὰρ
1093 2154 1113 2197 ἡ

87 2212 199 2256 κτίσις
220 2213 350 2256 ἐλπίζει
371 2211 426 2250 διὰ
443 2211 480 2250 σὲ
499 2212 615 2250 πάντα
633 2212 813 2264 γινομένη,
835 2213 954 2264 πολλῷ
980 2214 1112 2262 μᾶλλον

89 2273 150 2320 σὺ,
173 2275 216 2311 δι’
243 2274 279 2312 ὃν
308 2277 329 2320 ἡ
359 2273 469 2316 κτίσις
500 2273 685 2312 ἀπολαύειν
719 2273 840 2323 μέλλει
878 2265 946 2310 τῶν
974 2274 1111 2324 ἀγαθῶν

87 2335 226 2372 πάντων
242 2334 392 2372 ἐκείνων.
409 2334 513 2373 Οὕτω
526 2335 585 2372 καὶ
600 2337 631 2372 οἱ
647 2335 821 2386 ἄνθρωποι
834 2363 843 2381 ,
861 2338 920 2371 τοῦ
938 2336 1012 2371 υἱοῦ
1028 2334 1111 2384 μέλ-

86 2397 204 2439 λοντος
235 2396 292 2434 ἐπ
323 2395 518 2447 ἀξιώματος
544 2395 746 2447 φαίνεσθαι,
782 2394 842 2433 καὶ
869 2394 949 2438 τους
971 2395 1111 2439 δούλους

84 2457 328 2509 λαμπροτέραν
338 2456 489 2495 ἐνδυουσι
507 2455 632 2502 στολὴν
644 2458 692 2500 εἷς
702 2455 764 2503 τὴν
778 2471 837 2493 του
816 2455 971 2499 Νπαιδὸς
989 2455 1109 2499 δόξαν·
1137 2464 1160 2494 C

86 2515 205 2567 ωσπερ
224 2521 279 2554 οὖν
296 2532 355 2554 και
375 2518 391 2553 ὃ
407 2517 495 2560 Θεὸς
514 2516 576 2562 τὴν
597 2516 708 2555 κτίσιν
730 2515 923 2569 ἀφθαρσίαν
939 2516 1111 2567 περιὸοίλ-

84 2578 136 2614 λει
153 2578 200 2619 εἷς
217 2577 278 2623 τὴν
302 2576 492 2627 ἐλευθερίαν
511 2580 573 2623 τῆς
590 2576 689 2622 δόξης
703 2592 772 2614 των
788 2592 849 2614 τεν
851 2592 930 2613 κων
950 2576 1107 2626 Οἴδαμεν

84 2637 172 2688 γὰρ,
191 2636 242 2675 ὅτι
256 2643 352 2675 πᾶσα
366 2641 387 2683 ἡ
407 2637 516 2680 κτίσις
536 2637 734 2682 συστενάζει
748 2637 808 2674 καὶ
829 2635 1009 2674 συνωδίνει
1025 2636 1109 2688 ἄχρι

86 2702 146 2735 τοῦ
165 2703 236 2736 νῦν.

136 2759 239 2809 Εἶδες
266 2767 340 2808 πῶς
367 2764 524 2816 ἐντρέπει
548 2765 605 2803 τὸν
637 2758 826 2817 ἀκροατὴν,
847 2764 1031 2816 μονονουχὶ
1050 2764 1106 2802 λε’-

83 2841 151 2877 γων
165 2840 172 2848 ·
193 2824 241 2875 ,μὴ
257 2825 338 2877 γε’νῃ
359 2829 420 2871 τῆς
441 2824 586 2868 κτίσεως
603 2824 745 2877 χείρων,
765 2825 824 2863 καὶ
843 2830 914 2868 τοῖς
935 2830 1104 2876 παροῦσιν

83 2886 394 2938 ἐμφιλοχιι)ρήσῃς;
414 2887 466 2924 Οὐ
493 2885 561 2938 γὰρ
579 2885 680 2936 μόνον
710 2889 823 2924 αὐτῶν
842 2886 1050 2938 ἀντέχεσθαι
1065 2887 1102 2922 οὗ

82 2947 153 2993 δεῖ,
172 2946 262 2984 ἀλλὰ
278 2946 338 2984 καὶ
357 2946 530 2990 στενάζειν
551 2946 609 2984 ἐπὶ
625 2950 668 2998 τῇ
683 2951 698 2967 ³
710 2946 855 2996 μελήσει
870 2949 933 2992 τῆς
949 2948 1102 2983 ἐντεῦθεν

82 3007 290 3058 ἀποδημίας.
308 3009 352 3045 Εἰ
370 3007 438 3060 γὰρ
457 3011 478 3054 ἡ
498 3007 609 3050 κτίσις
634 3012 735 3045 τοῦτο
749 3013 858 3055 ποιεῖ,
876 3009 996 3058 πολλῷ
1017 3009 1103 3057 μᾶλ-

81 3067 140 3106 λόν
160 3084 198 3106 σε
218 3069 349 3106 δίκαιον
373 3072 474 3106 τοῦτο
491 3068 749 3107 ἐπιδείκνυσθαι
768 3069 826 3106 τὸν
845 3068 937 3121 λόγῳ
956 3084 1102 3118 τετιμη-

85 3129 198 3179 μένον.
214 3128 312 3167 'AM’
338 3128 434 3167 οὔπω
457 3132 558 3167 τοῦτο
584 3129 674 3181 μέγα
694 3131 742 3173 εἷς
770 3128 943 3180 ἐντροπῆν
957 3144 965 3151 ·
986 3128 1105 3180 διόπερ

83 3195 274 3246 ἐπήγαγεν·
297 3197 350 3233 Οὐ
380 3196 481 3246 μόνον
513 3196 568 3244 δὲ,
600 3196 688 3234 ἀλλὰ
709 3196 767 3234 καὶ
787 3195 885 3233 αὐτοὶ
904 3194 967 3241 τὴν
989 3197 1103 3248 ἀπαρ-
1125 3209 1150 3238 D
1174 3207 1251 3235 tum
1275 3196 1428 3232 inferunt
1459 3191 1657 3244 pudorem3
1696 3204 1803 3253 quare
1838 3189 1937 3228 addit
1956 3193 2041 3229 2525.
2072 3193 2164 3230 Νοη

83 3261 150 3314 χὴν
170 3265 228 3300 τοῦ
242 3262 446 3313 Πνεύματος
465 3263 623 3314 ἔχοντες,
649 3263 708 3300 καὶ
726 3265 826 3313 ἡμεῖς
846 3263 944 3301 αὐτοὶ
964 3264 997 3300 ἐν
1018 3264 1102 3299 ἑαυ-
1173 3259 1296 3298 solum
1312 3265 1454 3300 autem,
1475 3254 1543 3292 sed
1557 3262 1594 3291 et
1610 3254 1681 3303 ipsi
1693 3253 1887 3304 primitias
1913 3253 2076 3304 Spiritus
2093 3254 2162 3291 ha-

129 3378 139 3388 '
163 3374 223 3415 [A.
239 3381 271 3405 et
287 3385 392 3416 marg.
410 3373 512 3408 Savil.
529 3380 628 3416 γέγονε
644 3379 736 3413 ἐκείνη
753 3376 906 3417 τοιαύτη]
1153 3373 1225 3416 jie'xt
1242 3368 1393 3404 Sav'lllUS·

130 3435 143 3450 ι
164 3426 220 3459 Sic
233 3436 358 3468 omnes,
373 3424 431 3458 sed
447 3425 620 3470 legendum
637 3425 766 3460 videtur
779 3431 939 3471 μελλήσει,
958 3433 995 3459 ιιι
1011 3437 1092 3459 con—
