2466 3805
734 228 778 257 IN

147 315 236 355 Κάϊν
261 312 552 365 κακουργότερον5
572 312 616 351 Ὁ
634 312 762 364 Ἰωσὴφ
784 312 818 350 δὲ
838 313 943 351 πάλιν
964 314 1024 350 οὐκ
1044 312 1161 350 ἀπλά-

145 392 233 419 στως
255 374 423 428 ἐκέχρητο
439 379 509 417 τοῖς
526 376 706 425 ἀδελφοῖς5
726 375 763 412 οὐ
781 373 837 411 διὰ
857 378 956 412 τοῦτο
976 372 1161 435 εὐδοκίμη-

143 453 214 483 σεν,
233 436 286 474 ὅτι
302 439 320 474 ὅ
337 436 398 487 μὲν
417 435 622 478 ἀνυπόπτως
648 434 762 473 πάντα
781 433 963 487 ἐφθέγγετο
975 465 984 482 ,
1003 438 1096 472 οὑτοι
1123 434 1158 471 δὲ

142 497 343 549 κακούργως
357 496 531 548 ἐδέχοντο5
547 495 617 534 Καὶ
638 494 729 539 ἅπαξ
748 488 822 532 εἷπε
838 494 881 532 τὰ
899 494 1059 547 ὀνείρατα
1072 525 1081 542 ,
1098 494 1157 532 καὶ

141 558 245 596 πάλιν
269 552 361 606 εἷπε,
386 557 445 594 καὶ
473 559 532 595 οὐκ
557 556 766 609 ἐφυλάξατο·
792 555 852 593 καὶ
873 555 976 593 πάλιν
994 556 1078 609 πρὸς
1093 558 1154 594 αὐ-

141 617 219 662 τοὺς
234 618 340 670 ἀπῄει
355 618 482 670 τροφὰς
502 617 669 662 ἀποίσων,
685 617 744 654 καὶ
763 615 858 654 οὐδὲν
877 616 1103 668 ἐφυλάττετο,
1117 617 1156 654 τὸ

141 685 209 716 πᾶν
230 678 422 731 ἐπιτρέπων
439 681 488 729 τῷ
505 680 587 729 Θεῷ
601 693 608 701 ·
623 679 699 715 ἀλλ’
715 676 786 729 ὅσῳ
802 679 925 714 ἐκεῖνοι
945 676 1031 728 πρὸς
1054 676 1156 714 <zo—„bv

140 738 229 777 οὕτω
247 739 412 778 διέκειντο
437 742 482 782 ὡς
506 738 591 789 πρὸς
613 737 792 788 πολέμιον,
821 736 927 779 οὕτως
957 739 1082 780 ἐκεῖνος
1111 739 1156 779 ὡς

138 800 223 850 πρὸς
239 800 417 851 ἀδελφούς.
437 799 506 837 Καὶ
525 798 673 844 ἠδύνατο
692 801 709 835 ὁ
722 798 810 839 Θεὸς
830 796 878 846 μὴ
897 798 1032 848 ἀφεῖναι
1052 797 1154 834 αὐτὸν

138 862 312 909 ἐμπεσεῖν,
333 861 407 898 ἀλλ’
426 863 570 911 ἀφῆκεν,
590 859 646 896 ἵνα
663 859 781 908 δειχθῇ
809 856 848 893 τὸ
864 860 980 906 θαῦμα
994 886 1004 903 ,
1024 857 1082 894 καὶ
1102 856 1154 894 ὅτι

137 919 200 957 κᾶν
217 920 261 958 τὰ
281 922 393 958 αὐτῶν
414 919 671 964 ἐπιδείξωνται,
701 920 829 959 ἐκεῖνος
850 915 1018 968 ἀνώτερος
1042 916 1152 955 ἔσται.

134 977 245 1017 ςΏστε
264 979 327 1017 κᾶν
343 979 435 1030 λάὸῃ
456 978 609 1030 πληγὴν,
632 979 670 1015 οὐ
690 979 772 1029 παρ’
796 979 936 1023 ἑαυτοῦ,
958 975 1048 1014 ἀλλὰ
1067 978 1152 1027 παρ’

133 1037 250 1091 ἑτέρου
266 1039 448 1089 λαμὸάνει.
467 1039 537 1077 ³‘O
553 1038 588 1076 δὲ
619 1037 767 1090 πονηρὸς
793 1037 909 1074 ἑαυτὸν
927 1035 987 1086 μὲν
1007 1036 1151 1083 πλήττει

132 1099 310 1153 πρότερον,
339 1100 454 1153 ἕτερον
480 1100 515 1137 δὲ
535 1099 676 1137 οὐδένα·
707 1097 814 1141 οὕτως
842 1097 914 1135 ἐστὶ
946 1097 1004 1135 καὶ
1038 1099 1150 1149 ἑαυτῷ

131 1159 306 1210 πολέμιος.
336 1163 407 1199 Τοῦ
439 1160 591 1199 τοιούτου
615 1159 668 1197 ἀεὶ
692 1158 839 1209 ἀθυμίας
857 1161 878 1204 ἦ
895 1157 989 1210 ψυχὴ
1020 1157 1150 1208 μεστὴ,

130 1223 199 1258 &iv
216 1221 474 1272 Xoytouffiv‘go'oei.
509 1219 780 1271 συνδεδεμένων·
809 1218 872 1257 κᾶν
898 1222 1064 1267 ἀκοῦσαι,
1085 1218 1148 1256 κᾶν

131 1283 239 1320 εἰπεῖν
257 1299 291 1320 τι
315 1281 374 1334 δέῃ
389 1313 398 1329 ,
416 1281 531 1320 πάντα
549 1281 636 1333 μετὰ
657 1280 885 1332 ἐγκλημάτων
902 1286 1014 1326 ποιεῖ,
1034 1280 1149 1318 πάντα

133 1343 221 1393 μετὰ
236 1343 359 1387 αἰτίας.
379 1343 490 1382 Φιλία
514 1345 581 1380 τῶν
605 1342 768 1381 τοιούτων
788 1342 846 1379 καὶ
867 1342 1008 1393 ὁμόνοια
1030 1341 1149 1394 πόρρω

131 1404 190 1442 καὶ
219 1404 355 1456 μακρὰν
387 1405 621 1451 ε’σκήνωνται·
651 1404 764 1455 μάχαι
787 1403 821 1440 δὲ
842 1405 925 1455 παρ’
945 1405 1060 1447 αὐταῖς
1090 1404 1149 1441 καὶ

131 1464 253 1516 ἔχθραι
271 1465 329 1503 καὶ
349 1466 487 1512 ἀηδίαι,
508 1465 567 1503 καὶ
586 1463 726 1507 ἑαυτοὺς
745 1464 996 1502 ὑποπτεύουσιν
1019 1466 1049 1503 οἱ
1074 1481 1148 1503 τοι-

130 1510 233 1565 οῧθτοι.
251 1526 395 1570 Τούτοις
415 1526 490 1565 οὐδὲ
510 1526 614 1569 ὕπνος
636 1525 738 1574 ἡδὺς,
757 1525 833 1564 οὔτε
860 1525 945 1563 ἄλλο
963 1526 1071 1565 οὐδέν.
1087 1526 1147 1564 Ἂν

131 1586 165 1626 δὲ
181 1587 240 1625 καὶ
254 1593 400 1638 γυναῖκα
418 1588 543 1640 ἔχωσι,
562 1587 668 1639 βαὸαὶ
680 1616 689 1634 ,
707 1586 792 1639 πρὸς
811 1587 944 1630 πάντας
958 1588 1076 1639 ἐχθροὶ
1092 1588 1147 1639 γί-

129 1664 242 1687 νονται
262 1649 321 1687 καὶ
342 1650 522 1701 πολέμιοι·
549 1648 754 1696 ζηλοτυπίαι
772 1649 916 1700 μυρίαι,
939 1649 1042 1701 φόέος
1067 1651 1144 1697 διη-

129 1710 247 1756 νεκής·
281 1710 428 1761 πονηρὸς
460 1710 495 1748 δὲ
524 1709 621 1762 παρὰ
649 1710 689 1748 τὸ
715 1714 830 1748 πονεῖν
862 1709 1008 1760 εἴρηται.
1039 1711 1144 1750 Οὕτω

128 1775 208 1822 γοῦν
230 1772 288 1809 καὶ
307 1776 328 1818 ἡ
348 1771 471 1824 Γραφὴ
491 1771 593 1810 πόνον
614 1772 666 1809 ἀεὶ
685 1772 748 1818 τὴν
769 1772 938 1822 πονηρίαν
958 1774 1077 1820 καλεῖ,
1099 1776 1145 1818 ὡς

126 1831 208 1870 ὅταν
229 1832 312 1884 λέγῃ
323 1863 332 1880 ,
347 1832 438 1871 Ὑπὸ
454 1833 516 1879 τὴν
533 1835 693 1885 γλῶσσαν
712 1835 814 1870 αὐτοῦ
833 1831 938 1876 κόπος
951 1833 1010 1870 καὶ
1030 1834 1143 1879 πόνος·

125 1892 186 1930 καὶ
208 1895 362 1945 ἀλλαχοῦ
389 1895 507 1939 πάλιν,
527 1893 597 1932 Καὶ
616 1894 656 1932 τὸ
679 1895 797 1930 πλεῖον
818 1895 931 1930 αὐτῶν
960 1893 1066 1938 κόπος
1085 1896 1143 1933 καὶ

125 1954 237 1998 πόνος.
258 1957 298 1993 Ei
319 1955 354 1993 δὲ
371 1955 540 2004 θαυμάζοι
555 1971 624 2002 τις,
641 1954 743 1992 πόθεν
762 1953 823 2003 μὲν
839 1953 934 2006 παρὰ
952 1955 1014 2001 τὴν
1032 1956 1142 2008 ἀρχὴν

125 2019 272 2053 τοιοῦτοι
300 2015 478 2065 γεγόνασι,
506 2019 563 2052 νῦν
594 2014 627 2052 δὲ
652 2016 688 2052 οὔ
721 2019 884 2062 τοιοῦτοι,
914 2015 1052 2065 μαθέτω
1079 2017 1142 2064 τὴν

125 2077 239 2126 θλῖψιν
261 2075 386 2121 αἰτίαν,
416 2075 478 2121 τὴν
511 2075 716 2113 διδάσκαλον
742 2077 804 2120 τῆς
828 2076 1050 2127 φιλοσοφίας,
1077 2077 1140 2124 τὴν

125 2138 259 2189 μητέρα
279 2140 340 2183 τῆς
359 2136 549 2179 εὖλαὸείας.
568 2135 656 2174 t'Ore
671 2135 863 2187 χρημάτων
892 2137 1066 2187 ἀναίρεσις
1084 2133 1138 2186 ἦν,

124 2197 199 2234 τότε
218 2196 292 2236 οὐδὲ
311 2197 459 2249 πονηρία
481 2192 535 2244 ἦν.
562 2197 652 2243 Ναὶ,
682 2195 806 2248 φησίν·
834 2197 918 2234 αὐτὸ
943 2197 1010 2249 γὰρ
1038 2204 1139 2237 τοῦτο

121 2261 259 2309 ἐρωτῶ·
276 2262 334 2295 νῦν
354 2259 389 2296 δὲ
411 2259 514 2296 πόθεν
531 2261 552 2304 ἡ
568 2257 719 2304 τοσαύτη
740 2257 910 2311 πονηρία5
930 2260 1032 2297 πόθεν
1049 2260 1137 2298 ἐκεί-

118 2335 186 2362 νοις
203 2318 264 2368 μὲν
293 2321 422 2366 ἐπῆλθε
444 2325 512 2362 τοῖς
530 2318 734 2371 τρισχιλίοις
761 2320 820 2357 καὶ
840 2321 1136 2373 πεντακισχιλίοις

118 2379 238 2423 εὐθέως
259 2380 396 2418 ἑλέσθαι
414 2379 475 2426 τὴν
496 2380 634 2431 ἀρετὴν,
657 2380 716 2418 καὶ
739 2383 825 2432 ὁμοῦ
849 2380 956 2425 οὕτως
981 2383 1136 2433 ἐγένοντο

116 2442 313 2494 φιλόσοφοι,
334 2446 389 2480 νῦν
414 2441 448 2479 δὲ
469 2441 568 2492 μόλις
591 2436 637 2485 εἷς
657 2442 850 2493 εὑρίσκεται
861 2459 873 2493 5
895 2444 973 2482 τότε
992 2444 1027 2481 δὲ
1047 2444 1135 2482 οὕτω

116 2502 350 2554 συνεφώνουν5
368 2502 402 2540 τί
421 2502 460 2540 τὸ
475 2505 624 2549 ποι-ἦσαν
653 2502 774 2546 αὐτοὺς
794 2504 959 2557 σφοδροὺς
987 2505 1046 2543 καὶ
1067 2507 1133 2544 διε-

115 2562 365 2614 γηγερμένους5
403 2562 437 2600 τί
467 2562 587 2606 αὐτοὺς
619 2563 716 2615 ἄφνω
750 2564 946 2616 ἐπύρωσεν5
985 2565 1132 2613 Ἐπειδὴ

115 2623 203 2673 μετὰ
236 2626 367 2671 πολλῆς
397 2627 590 2676 προσ-’ἦλθον
619 2627 681 2671 τ’ἧς
714 2626 892 2670 εὐλαὸείας
908 2642 915 2650 ·
937 2627 1055 2674 ἐπειδὴ
1087 2628 1131 2666 τὰ

113 2687 180 2722 τῶν
201 2688 310 2736 τιμῶν
331 2680 391 2723 οῧκ
409 2679 450 2731 ἦν
470 2685 627 2737 καθάπερ
647 2689 723 2723 νῦν·
743 2686 861 2734 ἐπειδὴ
885 2687 970 2739 πρὸς
986 2687 1029 2726 τὰ
1049 2690 1130 2739 μέλ-

111 2747 211 2784 λοντα
231 2746 446 2796 μετέστησαν
468 2747 578 2784 αὐτῶν
599 2747 660 2793 τὴν
679 2747 844 2796 διάνοιαν,
864 2748 923 2786 καὶ
942 2749 1038 2788 οὐδὲν
1060 2753 1127 2788 τῶν

110 2806 288 2858 παρόν-κον
330 2806 561 2859 προσεδόκων.
605 2810 636 2845 Τ
640 2808 717 2845 οῧτό
760 2811 833 2847 ἐστι
873 2811 1128 2863 πεπυρωμένης

109 2868 222 2918 ψυχῆς
235 2897 245 2915 ,
266 2868 305 2906 τὸ
323 2875 392 2911 τοῖς
412 2870 531 2912 δεινοῖς
550 2868 837 2922 ι’ἐνστρέφεσθαι·
858 2876 957 2910 τοῦτο
972 2872 1126 2923 ἐνόμιζον

112 2929 232 2965 ἐκεῖνοι
246 2929 508 2980 χριστιανισμὸν
528 2923 626 2968 εἶναι.
650 2930 741 2969 Ἀλλ’
761 2933 825 2982 οὐχ
840 2934 960 2982 ἡμεῖς·
987 2937 1042 2972 νῦν
1059 2935 1125 2986 γὰρ

110 2987 169 3030 τὰς
186 2989 316 3033 ἀνέσεις
335 2992 483 3028 ἐνταῦθα
499 2992 678 3042 ζητοῦμεν.
705 2991 773 3028 Διὰ
792 2997 892 3031 τοῦτο
913 2994 988 3032 οὐδὲ
1007 3025 1015 3040 ,
1044 2995 1124 3033 ὅταν

112 3047 191 3098 δέῃ,
217 3048 345 3087 τούτων
373 3050 627 3102 ἐπιτευξόμεθοι.
659 3051 706 3090 Τί
725 3052 944 3105 ποιήσωμεν,
981 3055 1127 3107 ἠρώτων

112 3111 251 3157 ἐκεῖνοι,
278 3111 570 3161 ἀπογινώσκοντες
596 3115 748 3161 ἑαυτῶν5
769 3113 888 3165 ‘Ty-832
908 3116 942 3153 δὲ
967 3117 1006 3154 τὸ
1026 3119 1125 3156 ἐναν-

111 3168 194 3216 τίον,
216 3170 248 3206 τί
267 3171 469 3221 ποιήσομεν5
488 3172 646 3224 λέγομεν,
664 3174 934 3225 ἐπιδεικνύμενοι
948 3175 1033 3229 πρὸς
1048 3177 1126 3221 τοὺς

155 3307 166 3320 ³
191 3298 282 3330 Unus
295 3303 309 3333 ὁ
323 3305 380 3345 γὰρ
397 3308 528 3346 πονηρὸς.
548 3303 625 3334 Mox
639 3302 725 3335 idem
744 3306 855 3337 οὐδένα..
873 3312 962 3347 μόνος
978 3312 1036 3350 γάρ
1055 3322 1111 3352 ps,-

113 3365 162 3388 σιν,
188 3354 321 3389 ἀντλήσει
340 3358 378 3385 τὸ.
402 3360 487 3387 κακά.
506 3359 549 3388 ἀεὶ
568 3359 645 3398 αὐτῷ
665 3360 792 3398 ἀθυμίας
810 3364 904 3399 μεστὴ
924 3364 939 3396 ἡ
958 3365 1033 3401 ψυχὴ
1054 3368 1111 3392 τῶν

815 229 930 260 ACTA
967 233 989 259 Α
998 231 1225 262 POSTOLOR
1234 233 1291 262 ΗΜ
1301 254 1309 263 .

1348 235 1504 265 IIOMIL.
1547 237 1622 267 Vll.

1232 314 1333 365 seph,
1356 329 1469 353 nonne
1485 316 1702 368 simplicitur
1724 319 1991 357 cumfratribus
2012 322 2107 372 egit?
2131 338 2219 362 non⁹¹

1231 387 1273 410 ne
1294 374 1372 412 ideo
1403 376 1546 426 claruit,
1577 376 1658 427 quia
1681 377 1755 415 sine
1788 379 1986 430 suspicione
2016 383 2133 420 omnia
2157 385 2214 422 lo—

1230 444 1363 484 quutus
1385 446 1450 486 est,
1475 437 1513 474 hi
1540 452 1623 476 rero
1643 438 1795 490 maligne
1829 439 1946 491 ipsum
1968 446 2212 494 exceperunt?

1230 495 1347 532 Semel
1370 497 1521 547 somnia,
1544 498 1670 535 iterum
1694 499 1829 536 somnia
1851 499 1958 548 dixit,
1979 510 2012 538 et
2032 502 2103 540 sine
2124 518 2208 542 cau-

1228 556 1322 595 tione
1341 557 1422 596 illos
1435 559 1629 598 acliiteibos
1648 562 1808 611 afferens,
1821 563 1939 600 omnia
1958 565 2033 602 Deo
2048 568 2210 605 commit-

1228 624 1321 665 tens;
1342 618 1402 655 sed
1427 629 1557 669 quanto
1575 622 1687 672 magis
1714 621 1768 659 illi
1799 631 1837 659 ut
1871 623 2055 662 inimicum
2089 626 2208 678 ipsum

1226 676 1416 727 habebant,
1435 689 1532 717 tanto
1554 682 1667 732 magis
1682 682 1742 719 ille
1762 692 1799 720 ut
1810 684 1935 722 fratres
1948 687 2209 726 tractabam-Po-

1225 745 1385 787 teratque
1403 740 1496 777 Deus
1521 754 1589 778 non
1601 742 1818 793 permittere,
1834 745 2050 784 utincideret
2064 747 2099 785 in
2114 749 2205 799 illos;

1226 796 1287 833 sed
1295 798 1469 848 permisit,
1478 808 1516 835 ut
1527 799 1741 839 miraculum
1752 814 1948 854 appareret,
1963 815 1995 842 et
2009 808 2205 847 ostendere-

1225 864 1295 904 tur,
1315 859 1544 907 quantumvis
1570 860 1626 897 illi
1647 871 1766 899 contra
1789 864 1982 914 tenderent,
1998 867 2101 905 illum
2134 872 2207 909 fore

1223 918 1456 969 superiorem.
1480 920 1526 957 Et
1543 921 1592 959 sic
1611 923 1774 972 quamvis
1796 925 1939 975 plagam
1958 930 2121 980 accipiat,
2138 947 2204 970 non

1224 991 1243 1014 a
1260 992 1308 1026 se,
1328 979 1389 1016 sed
1407 980 1453 1017 ab
1475 980 1545 1017 alio
1572 982 1711 1034 accipit.
1733 984 1915 1035 Malignus
1941 1001 2024 1025 vero
2052 991 2205 1042 seipsum

1222 1038 1338 1090 primo
1358 1040 1526 1091 percutit,
1547 1042 1757 1093 nullumque
1775 1044 1909 1094 alium,
1930 1047 2050 1098 sicque
2082 1060 2131 1088 est
2151 1055 2205 1091 sui

1222 1098 1333 1151 ipsius
1348 1100 1526 1140 inimicus.
1540 1103 1654 1155 Hujus
1666 1104 1783 1141 anima
1798 1120 1946 1145 moerore
1957 1122 2093 1161 semper
2102 1113 2204 1164 plena

1220 1169 1286 1210 est,
1317 1161 1404 1198 dum
1424 1163 1651 1213 cogitationes
1677 1175 1846 1217 perpetuo
1870 1168 2042 1220 colligatae
2064 1181 2096 1209 et
2118 1188 2203 1225 per-

1219 1220 1333 1271 plexae
1354 1232 1436 1259 sunt
1454 1238 1461 1258 :
1483 1224 1511 1261 si
1540 1225 1673 1274 audire,
1697 1226 1725 1263 si
1749 1226 1865 1266 dicere
1886 1230 2072 1283 quidpiam
2100 1248 2204 1286 opor-

1219 1288 1302 1327 teat,
1314 1282 1433 1320 omnia
1455 1284 1564 1322 trahit
1582 1285 1627 1322 ad
1642 1285 1787 1335 crimen,
1807 1289 1923 1326 omnia
1939 1303 2090 1330 accusat.
2117 1295 2205 1333 Pro-

1219 1341 1275 1378 cul
1287 1343 1333 1380 ab
1356 1343 1428 1381 illis
1442 1345 1599 1383 amicitia
1613 1356 1645 1384 et
1664 1348 1873 1398 concordia,
1896 1351 1992 1403 apud
2021 1353 2101 1391 illos
2129 1371 2201 1407 pu—

1219 1416 1317 1454 gnae,
1363 1405 1571 1455 inimicitiae,
1607 1409 1775 1446 molestia]
1793 1425 1804 1459 5
1830 1411 1967 1463 sibique
1997 1414 2083 1466 ipsis
2123 1428 2204 1455 sunt

1217 1465 1381 1516 suspecti.
1405 1466 1469 1504 His
1503 1482 1615 1519 neque
1647 1483 1803 1520 somnus,
1827 1486 1937 1523 neque
1970 1475 2069 1512 aliud
2099 1478 2203 1527 quid-

1215 1524 1314 1576 piam
1331 1541 1438 1565 suave
1456 1538 1520 1566 est.
1544 1529 1583 1568 Si
1605 1545 1733 1569 uxores
1754 1532 1919 1582 habeant,
1937 1536 2061 1588 papse!
2084 1540 2203 1576 omni-

1173 1589 1198 1618 D
1216 1585 1283 1623 bus
1297 1597 1378 1625 sunt
1393 1588 1510 1626 hostes
1523 1598 1556 1627 et
1571 1589 1707 1628 inimici
1723 1607 1733 1641 5
1749 1592 1933 1646 zelotypia}
1949 1595 2111 1648 infinitae,
2130 1614 2202 1637 me-

1216 1656 1272 1685 tus
1290 1659 1504 1701 perpetuus:
1524 1651 1640 1689 malus
1657 1652 1751 1690 enim
1774 1669 1793 1691 a
1817 1655 1910 1693 malo
1930 1656 2052 1695 labore
2070 1659 2120 1696 sic
2140 1675 2202 1699 vo-

1215 1717 1323 1746 catur.
1339 1710 1399 1748 Sic
1414 1711 1537 1762 utique
1556 1712 1741 1764 Scriptura
1759 1714 1917 1753 laborem
1933 1730 2071 1770 semper
2099 1731 2201 1759 vocat

1215 1769 1387 1808 malitiam
1396 1787 1407 1821 5
1427 1780 1465 1809 ut
1479 1786 1559 1809 eum
1573 1772 1660 1810 dicit
1676 1790 1683 1809 z
1703 1774 1779 1812 Sub
1795 1776 1930 1828 lingua
1943 1792 2073 1817 eorum
2090 1782 2201 1819 labor

1214 1838 1248 1866 el
1259 1832 1470 1883 fatigatio;
1487 1842 1519 1870 et
1533 1834 1622 1871 alibi
1642 1849 1800 1883 rursum,
1817 1838 1854 1874 E
1858 1846 1871 1874 t
1884 1841 2051 1891 amplius
2068 1856 2198 1882 eorum

1215 1890 1372 1929 laboret
1390 1894 1514 1931 dolor.
1534 1895 1572 1932 Si
1584 1909 1667 1933 vero
1684 1896 1834 1934 miretur
1851 1898 1944 1948 quis,
1962 1901 2056 1939 unde
2067 1903 2112 1940 ab
2126 1904 2198 1942 ini-

1214 1951 1264 1988 tio
1283 1952 1368 1990 tales
1383 1954 1468 1991 facti
1490 1955 1572 2004 sint,
1588 1965 1620 1993 et
1639 1970 1732 1994 nune
1748 1958 1834 1996 tales
1854 1973 1922 1998 non
1939 1961 2009 1999 sint
2022 1979 2033 2012 5
2047 1963 2196 2011 discant,

1212 2026 1355 2050 causam
1388 2028 1462 2052 esse
1490 2030 1695 2065 aerumnam,
1722 2019 1926 2070 magistram
1946 2022 2195 2078 philosophiae,

1213 2082 1361 2111 matrem
1380 2074 1533 2126 pietatis.
1555 2076 1707 2122 Quando
1718 2080 1876 2130 pecuniae
1892 2080 1936 2119 de
1957 2084 2074 2122 medio
2095 2087 2195 2125 tolle-

1211 2134 1352 2183 bantur,
1363 2145 1447 2174 tune
1466 2138 1622 2188 nequitia
1642 2153 1710 2177 non
1729 2150 1814 2178 erat.
1836 2142 1968 2191 Etiam,
1990 2146 2119 2197 inquit,
2134 2150 2192 2187 sed

1210 2194 1302 2232 illud
1331 2195 1452 2247 ipsum
1478 2197 1671 2250 interrogo,
1694 2200 1785 2238 unde
1802 2216 1896 2240 nunc
1915 2213 2010 2243 tanta
2030 2208 2192 2248 malitia?

1210 2256 1388 2306 quomodo
1403 2257 1457 2294 illi
1476 2267 1530 2296 ter
1548 2260 1647 2297 mille
1680 2269 1713 2298 et
1742 2262 1930 2313 quinquies
1958 2265 2055 2305 mille
2074 2271 2192 2308 statim

1208 2317 1378 2355 virtutem
1395 2317 1660 2370 delegerunt‚et
1674 2336 1759 2359 mox
1777 2324 1910 2375 pariter
1922 2327 2126 2382 philosophi
2141 2332 2192 2370 fa-

1209 2377 1254 2414 cti
1270 2387 1363 2427 sunt,
1372 2387 1406 2416 et
1425 2392 1519 2417 nunc
1541 2380 1606 2418 vix
1622 2396 1714 2419 unus
1731 2384 1936 2435 reperitur?
1958 2401 2020 2425 cur
2038 2398 2123 2428 tunc
2143 2392 2192 2430 ita

1206 2439 1395 2477 concordes
1409 2442 1535 2479 erant?
1554 2442 1644 2492 quid
1662 2443 1741 2481 illos
1757 2453 1830 2482 tam
1843 2446 1954 2498 agiles
1969 2458 2001 2486 et
2020 2452 2190 2491 excitato-s

1204 2503 1402 2542 reddebat?
1416 2505 1506 2555 quid
1532 2506 1612 2543 illos
1646 2508 1695 2545 ita
1714 2508 1895 2548 incendit?
1909 2512 2002 2558 Quia
2017 2528 2099 2553 cum
2114 2530 2189 2554 ma-

1203 2578 1272 2616 gna
1291 2565 1420 2617 pietate
1454 2566 1665 2606 accedebant
1673 2584 1683 2617 5
1703 2570 1787 2620 quia
1806 2572 1955 2611 honores
1981 2588 2049 2613 non
2076 2588 2186 2623 erant,

1202 2626 1293 2664 sicut
1311 2627 1416 2665 hodic
1426 2643 1436 2677 5
1459 2628 1541 2678 quia
1558 2629 1606 2666 ad
1620 2630 1739 2668 futura
1752 2642 1905 2671 mentem
1920 2649 2021 2673 suam
2036 2646 2186 2677 transtu-

1201 2687 1331 2736 lerunt,
1354 2698 1388 2726 et
1413 2689 1502 2726 nihil
1519 2691 1744 2741 praesentium
1759 2695 2020 2745 exspectabant.
2042 2698 2116 2736 Hoc
2135 2710 2183 2738 est

1202 2749 1311 2800 igneae
1330 2750 1468 2798 animae,
1498 2751 1533 2787 in
1559 2753 1728 2791 aerumnis
1744 2755 1874 2792 versari
1896 2772 1904 2792 ε
1926 2756 1992 2795 hoc
2013 2761 2183 2810 putabant

1199 2811 1254 2848 illi
1273 2811 1584 2849 Christianismum
1601 2828 1690 2863 esse,
1706 2814 1764 2852 sed
1787 2829 1854 2853 non
1872 2831 1933 2855 nos
1952 2834 1959 2854 :
1980 2833 2074 2858 nunc
2088 2824 2182 2860 enim

1199 2872 1352 2910 solutam
1370 2873 1481 2911 vitam
1507 2873 1708 2923 quaerimus.
1730 2875 1814 2913 Ideo
1835 2891 1896 2915 nec
1913 2878 1986 2928 illa,
2007 2894 2089 2919 cum
2117 2897 2182 2934 par

1199 2934 1278 2984 erit,
1295 2948 1533 2984 assequemur.
1563 2935 1667 2984 Quid
1675 2937 1868 2988 faciemus
1881 2943 1897 2975 Ρ
1917 2940 2180 2993 interrogabant

1197 2995 1251 3032 illi
1271 2994 1404 3047 seipsos
1425 2994 1644 3034 damnantes
1662 2998 1735 3035 Nos
1752 3012 1834 3035 vero
1851 3009 1993 3038 contra:
2014 3002 2112 3049 Quid
2128 3006 2180 3043 fa-

1196 3056 1354 3094 ciemus?
1373 3055 1539 3104 dicimus,
1559 3070 1620 3093 nos
1640 3059 1872 3109 prcesentibus
1891 3061 2124 3115 venditantes,
2147 3077 2179 3105 et

1195 3118 1307 3155 altum
1327 3116 1372 3154 de
1391 3117 1493 3154 nobis
1505 3118 1688 3169 sapientes.
1705 3119 1763 3157 llli
1783 3120 1957 3160 faciehant
1968 3138 2045 3174 quae
2067 3126 2179 3165 facere

1196 3178 1379 3230 oportebat
1390 3193 1400 3227 5
1418 3192 1478 3215 nos
1494 3192 1576 3216 vcro
1597 3193 1708 3217 secus.
1728 3181 1951 3221 Damnabant
1964 3184 2016 3222 illi
2033 3187 2175 3239 seipsos,

1151 2911 1180 2935 61

1154 2948 1177 2977 Α

1178 3312 1334 3350 >ommam-

1221 3362 1235 3384 ὓ
1261 3359 1318 3391 Alii
1330 3363 1528 3392 ἒντςεύ-ῖτῦιτε.

2255 1007 2410 1044 Improhus

2222 1050 2263 1075 sui
2317 1052 2408 1086 ipsius

2271 1092 2310 1118 ini
2319 1096 2408 1122 micus

2221 1137 2272 1159 est.

2216 1796 2303 1824 Psal.
2319 1806 2349 1835 9.
2371 1808 2399 1836 7.

2214 1844 2239 1865 et
2271 1837 2322 1876 89.
2355 1849 2397 1867 ιο.
