<?xml version="1.0" encoding="UTF-8"?>
<!DOCTYPE html PUBLIC "-//W3C//DTD XHTML 1.0 Transitional//EN"
    "http://www.w3.org/TR/xhtml1/DTD/xhtml1-transitional.dtd">
<html xmlns="http://www.w3.org/1999/xhtml" xml:lang="en" lang="en">
 <head>
  <title>
</title>
<meta http-equiv="Content-Type" content="text/html;charset=utf-8" />
  <meta name='ocr-system' content='tesseract 3.04.00' />
  <meta name='ocr-capabilities' content='ocr_page ocr_carea ocr_par ocr_line ocrx_word'/>
</head>
<body>
  <div class='ocr_page' id='page_1' title='image "./operaomniaquaeex09johnuoft_0709.png"; bbox 0 0 2502 3810; ppageno 0'>
   <div class='ocr_carea' id='block_1_1' title="bbox 723 220 944 250">
    <p class='ocr_par' dir='ltr' id='par_1_1' title="bbox 723 220 944 250">
     <span class='ocr_line' id='line_1_1' title="bbox 723 220 944 250; baseline -0.005 -1"><span class='ocrx_word' id='word_1_1' title='bbox 723 220 765 250; x_wconf 86' lang='lat' dir='ltr'>IN</span> <span class='ocrx_word' id='word_1_2' title='bbox 803 220 944 250; x_wconf 79' lang='lat' dir='ltr'>EPIST.</span> 
     </span>
    </p>
   </div>
   <div class='ocr_carea' id='block_1_2' title="bbox 80 302 1107 1801">
    <p class='ocr_par' dir='ltr' id='par_1_2' title="bbox 80 302 1107 1801">
     <span class='ocr_line' id='line_1_2' title="bbox 84 302 1100 355; baseline -0.003 -13"><span class='ocrx_word' id='word_1_3' title='bbox 84 306 182 355; x_wconf 75' lang='grc' dir='ltr'>Θεῷ·</span> <span class='ocrx_word' id='word_1_4' title='bbox 201 304 241 342; x_wconf 81' lang='grc' dir='ltr'>ἄν</span> <span class='ocrx_word' id='word_1_5' title='bbox 271 319 307 340; x_wconf 91' lang='grc' dir='ltr'>τε</span> <span class='ocrx_word' id='word_1_6' title='bbox 329 305 376 346; x_wconf 84' lang='grc' dir='ltr'>εἷς</span> <span class='ocrx_word' id='word_1_7' title='bbox 395 303 496 354; x_wconf 78' lang='grc' dir='ltr'>λιμὸν</span> <span class='ocrx_word' id='word_1_8' title='bbox 518 302 691 355; x_wconf 67' lang='grc' dir='ltr'>ἐμὸάλῃς,</span> <span class='ocrx_word' id='word_1_9' title='bbox 709 303 838 342; x_wconf 87' lang='grc' dir='ltr'>πλείων</span> <span class='ocrx_word' id='word_1_10' title='bbox 854 307 875 350; x_wconf 83' lang='grc' dir='ltr'>ἡ</span> <span class='ocrx_word' id='word_1_11' title='bbox 898 303 977 346; x_wconf 80' lang='grc' dir='ltr'>δόξα</span> <span class='ocrx_word' id='word_1_12' title='bbox 1003 302 1063 340; x_wconf 72' lang='grc' dir='ltr'>καὶ</span> <span class='ocrx_word' id='word_1_13' title='bbox 1077 304 1100 348; x_wconf 82' lang='grc' dir='ltr'>ἡ</span> 
     </span>
     <span class='ocr_line' id='line_1_3' title="bbox 83 358 1101 416; baseline -0.003 -14"><span class='ocrx_word' id='word_1_14' title='bbox 83 363 273 407; x_wconf 79' lang='grc' dir='ltr'>ἀντίδοσις“</span> <span class='ocrx_word' id='word_1_15' title='bbox 295 363 335 401; x_wconf 84' lang='grc' dir='ltr'>ἄν</span> <span class='ocrx_word' id='word_1_16' title='bbox 351 379 408 412; x_wconf 86' lang='grc' dir='ltr'>τε,</span> <span class='ocrx_word' id='word_1_17' title='bbox 427 363 445 401; x_wconf 79' lang='grc' dir='ltr'>ὃ</span> <span class='ocrx_word' id='word_1_18' title='bbox 461 364 599 402; x_wconf 81' lang='grc' dir='ltr'>πάντων</span> <span class='ocrx_word' id='word_1_19' title='bbox 613 363 857 416; x_wconf 77' lang='grc' dir='ltr'>χαλεπώτερον</span> <span class='ocrx_word' id='word_1_20' title='bbox 882 358 968 401; x_wconf 68' lang='grc' dir='ltr'>εἶναι</span> <span class='ocrx_word' id='word_1_21' title='bbox 992 363 1101 410; x_wconf 85' lang='grc' dir='ltr'>δοκεῖ,</span> 
     </span>
     <span class='ocr_line' id='line_1_4' title="bbox 83 422 1103 475; baseline 0 -15"><span class='ocrx_word' id='word_1_22' title='bbox 83 424 220 475; x_wconf 73' lang='grc' dir='ltr'>θανάτῳ</span> <span class='ocrx_word' id='word_1_23' title='bbox 236 424 421 475; x_wconf 81' lang='grc' dir='ltr'>παραδῷς,</span> <span class='ocrx_word' id='word_1_24' title='bbox 450 423 639 475; x_wconf 77' lang='grc' dir='ltr'>μαρτυρίου</span> <span class='ocrx_word' id='word_1_25' title='bbox 668 423 834 475; x_wconf 70' lang='grc' dir='ltr'>στέφανον</span> <span class='ocrx_word' id='word_1_26' title='bbox 864 423 1024 467; x_wconf 80' lang='grc' dir='ltr'>ἔπλεξας.</span> <span class='ocrx_word' id='word_1_27' title='bbox 1055 422 1103 460; x_wconf 84' lang='grc' dir='ltr'>Τι’</span> 
     </span>
     <span class='ocr_line' id='line_1_5' title="bbox 81 481 1102 534; baseline -0.002 -13"><span class='ocrx_word' id='word_1_28' title='bbox 81 483 194 521; x_wconf 86' lang='grc' dir='ltr'>τοίνυν</span> <span class='ocrx_word' id='word_1_29' title='bbox 216 483 287 521; x_wconf 83' lang='grc' dir='ltr'>ἴσον</span> <span class='ocrx_word' id='word_1_30' title='bbox 315 488 375 521; x_wconf 83' lang='grc' dir='ltr'>τοῦ</span> <span class='ocrx_word' id='word_1_31' title='bbox 408 484 481 534; x_wconf 87' lang='grc' dir='ltr'>βίου</span> <span class='ocrx_word' id='word_1_32' title='bbox 513 483 634 522; x_wconf 81' lang='grc' dir='ltr'>τούτου</span> <span class='ocrx_word' id='word_1_33' title='bbox 652 483 775 534; x_wconf 87' lang='grc' dir='ltr'>γένοιτ’</span> <span class='ocrx_word' id='word_1_34' title='bbox 809 483 863 528; x_wconf 83' lang='grc' dir='ltr'>ἂν,</span> <span class='ocrx_word' id='word_1_35' title='bbox 891 483 974 521; x_wconf 72' lang='grc' dir='ltr'>ὅταν</span> <span class='ocrx_word' id='word_1_36' title='bbox 995 481 1102 533; x_wconf 78' lang='grc' dir='ltr'>μηδὲν</span> 
     </span>
     <span class='ocr_line' id='line_1_6' title="bbox 82 543 1105 594; baseline -0.002 -13"><span class='ocrx_word' id='word_1_37' title='bbox 82 545 158 581; x_wconf 86' lang='grc' dir='ltr'>κατ’</span> <span class='ocrx_word' id='word_1_38' title='bbox 179 545 283 581; x_wconf 74' lang='grc' dir='ltr'>αὐτοῦ</span> <span class='ocrx_word' id='word_1_39' title='bbox 297 543 456 594; x_wconf 83' lang='grc' dir='ltr'>γενέσθαι</span> <span class='ocrx_word' id='word_1_40' title='bbox 476 543 637 590; x_wconf 76' lang='grc' dir='ltr'>δύνηται,</span> <span class='ocrx_word' id='word_1_41' title='bbox 664 543 754 581; x_wconf 77' lang='grc' dir='ltr'>ἀλλὰ</span> <span class='ocrx_word' id='word_1_42' title='bbox 781 543 840 581; x_wconf 81' lang='grc' dir='ltr'>καὶ</span> <span class='ocrx_word' id='word_1_43' title='bbox 872 543 969 580; x_wconf 78' lang='grc' dir='ltr'>αὐτοὶ</span> <span class='ocrx_word' id='word_1_44' title='bbox 995 546 1026 580; x_wconf 80' lang='grc' dir='ltr'>οἱ</span> <span class='ocrx_word' id='word_1_45' title='bbox 1047 543 1105 579; x_wconf 87' lang='grc' dir='ltr'>δο-</span> 
     </span>
     <span class='ocr_line' id='line_1_7' title="bbox 81 602 1106 656; baseline -0.003 -15"><span class='ocrx_word' id='word_1_46' title='bbox 81 608 219 647; x_wconf 83' lang='grc' dir='ltr'>κοῦντες</span> <span class='ocrx_word' id='word_1_47' title='bbox 240 603 483 650; x_wconf 61' lang='grc' dir='ltr'>ἐπιδουλεόειν,</span> <span class='ocrx_word' id='word_1_48' title='bbox 512 607 579 641; x_wconf 82' lang='grc' dir='ltr'>τῶν</span> <span class='ocrx_word' id='word_1_49' title='bbox 611 604 878 656; x_wconf 81' lang='grc' dir='ltr'>εὖεργετούντων</span> <span class='ocrx_word' id='word_1_50' title='bbox 905 605 1015 640; x_wconf 80' lang='grc' dir='ltr'>αὐτῶν</span> <span class='ocrx_word' id='word_1_51' title='bbox 1044 602 1106 639; x_wconf 80' lang='grc' dir='ltr'>οὐκ</span> 
     </span>
     <span class='ocr_line' id='line_1_8' title="bbox 82 661 1106 714; baseline -0.002 -13"><span class='ocrx_word' id='word_1_52' title='bbox 82 663 223 702; x_wconf 82' lang='grc' dir='ltr'>ἔλαττον</span> <span class='ocrx_word' id='word_1_53' title='bbox 240 663 341 701; x_wconf 71' lang='grc' dir='ltr'>αὐτὸν</span> <span class='ocrx_word' id='word_1_54' title='bbox 359 664 541 714; x_wconf 69' lang='grc' dir='ltr'>ὠφελῶσι;</span> <span class='ocrx_word' id='word_1_55' title='bbox 560 664 627 701; x_wconf 81' lang='grc' dir='ltr'>Διὰ</span> <span class='ocrx_word' id='word_1_56' title='bbox 648 662 749 701; x_wconf 81' lang='grc' dir='ltr'>τοῦτο’</span> <span class='ocrx_word' id='word_1_57' title='bbox 776 678 879 714; x_wconf 77' lang='grc' dir='ltr'>φησιν</span> <span class='ocrx_word' id='word_1_58' title='bbox 895 677 903 685; x_wconf 86' lang='grc'><em>·</em></span> <span class='ocrx_word' id='word_1_59' title='bbox 919 663 964 700; x_wconf 79' lang='grc' dir='ltr'>Εἰ</span> <span class='ocrx_word' id='word_1_60' title='bbox 980 666 997 700; x_wconf 83' lang='grc' dir='ltr'><em>ὃ</em></span> <span class='ocrx_word' id='word_1_61' title='bbox 1016 661 1106 704; x_wconf 78' lang='grc' dir='ltr'>Θεὸς</span> 
     </span>
     <span class='ocr_line' id='line_1_9' title="bbox 82 718 1106 775; baseline -0.002 -15"><span class='ocrx_word' id='word_1_62' title='bbox 82 725 168 775; x_wconf 80' lang='grc' dir='ltr'>ὑπὲρ</span> <span class='ocrx_word' id='word_1_63' title='bbox 184 726 297 775; x_wconf 77' lang='grc' dir='ltr'>ἡμῶν,</span> <span class='ocrx_word' id='word_1_64' title='bbox 316 724 367 767; x_wconf 83' lang='grc' dir='ltr'>τίς</span> <span class='ocrx_word' id='word_1_65' title='bbox 384 727 460 762; x_wconf 68' lang='grc' dir='ltr'>καθ’</span> <span class='ocrx_word' id='word_1_66' title='bbox 483 726 595 774; x_wconf 74' lang='grc' dir='ltr'>ἡμῶν,</span> <span class='ocrx_word' id='word_1_67' title='bbox 613 718 725 771; x_wconf 66' lang='grc' dir='ltr'>Εἶτα,</span> <span class='ocrx_word' id='word_1_68' title='bbox 745 725 806 760; x_wconf 81' lang='grc' dir='ltr'>οὐκ</span> <span class='ocrx_word' id='word_1_69' title='bbox 831 722 1008 774; x_wconf 79' lang='grc' dir='ltr'>ἀρκεσθεὶς</span> <span class='ocrx_word' id='word_1_70' title='bbox 1033 728 1106 764; x_wconf 82' lang='grc' dir='ltr'>τοῖς</span> 
     </span>
     <span class='ocr_line' id='line_1_10' title="bbox 84 781 1098 836; baseline -0.004 -14"><span class='ocrx_word' id='word_1_71' title='bbox 84 785 297 836; x_wconf 77' lang='grc' dir='ltr'>εἰρημένοις,</span> <span class='ocrx_word' id='word_1_72' title='bbox 315 785 353 822; x_wconf 79' lang='grc' dir='ltr'>τὸ</span> <span class='ocrx_word' id='word_1_73' title='bbox 371 784 530 835; x_wconf 79' lang='grc' dir='ltr'>μέγιστον</span> <span class='ocrx_word' id='word_1_74' title='bbox 548 789 689 834; x_wconf 87' lang='grc' dir='ltr'>σημεῖον</span> <span class='ocrx_word' id='word_1_75' title='bbox 710 787 771 829; x_wconf 70' lang='grc' dir='ltr'>τῆς</span> <span class='ocrx_word' id='word_1_76' title='bbox 791 783 872 833; x_wconf 84' lang='grc' dir='ltr'>περὶ</span> <span class='ocrx_word' id='word_1_77' title='bbox 893 785 987 832; x_wconf 76' lang='grc' dir='ltr'>ἡμᾶς</span> <span class='ocrx_word' id='word_1_78' title='bbox 1015 781 1098 832; x_wconf 75' lang='grc' dir='ltr'>ἀγά·</span> 
     </span>
     <span class='ocr_line' id='line_1_11' title="bbox 82 842 1104 896; baseline -0.003 -15"><span class='ocrx_word' id='word_1_79' title='bbox 82 860 150 890; x_wconf 84' lang='grc' dir='ltr'>πης</span> <span class='ocrx_word' id='word_1_80' title='bbox 162 874 170 890; x_wconf 87' lang='grc'>,</span> <span class='ocrx_word' id='word_1_81' title='bbox 185 844 274 882; x_wconf 73' lang='grc' dir='ltr'>καὶδ</span> <span class='ocrx_word' id='word_1_82' title='bbox 298 846 450 895; x_wconf 70' lang='grc' dir='ltr'>συνεχῶς</span> <span class='ocrx_word' id='word_1_83' title='bbox 466 844 519 881; x_wconf 75' lang='grc' dir='ltr'>ἀεὶ</span> <span class='ocrx_word' id='word_1_84' title='bbox 542 843 780 896; x_wconf 67' lang='grc' dir='ltr'>περιστρέφει,</span> <span class='ocrx_word' id='word_1_85' title='bbox 795 847 896 879; x_wconf 87' lang='grc' dir='ltr'>τοῦτο</span> <span class='ocrx_word' id='word_1_86' title='bbox 910 842 969 879; x_wconf 85' lang='grc' dir='ltr'>καὶ</span> <span class='ocrx_word' id='word_1_87' title='bbox 985 843 1104 878; x_wconf 85' lang='grc' dir='ltr'>ἐνταῦ-</span> 
     </span>
     <span class='ocr_line' id='line_1_12' title="bbox 83 902 1102 956; baseline -0.004 -14"><span class='ocrx_word' id='word_1_88' title='bbox 83 907 125 942; x_wconf 88' lang='grc' dir='ltr'>θα</span> <span class='ocrx_word' id='word_1_89' title='bbox 140 905 277 950; x_wconf 78' lang='grc' dir='ltr'>τίθησι,</span> <span class='ocrx_word' id='word_1_90' title='bbox 292 904 354 951; x_wconf 80' lang='grc' dir='ltr'>τὴν</span> <span class='ocrx_word' id='word_1_91' title='bbox 370 904 505 956; x_wconf 62' lang='grc' dir='ltr'>σφαγὴν</span> <span class='ocrx_word' id='word_1_92' title='bbox 522 909 581 942; x_wconf 90' lang='grc' dir='ltr'>τοῦ</span> <span class='ocrx_word' id='word_1_93' title='bbox 597 903 738 947; x_wconf 83' lang='grc' dir='ltr'>Παιδός.</span> <span class='ocrx_word' id='word_1_94' title='bbox 757 903 809 941; x_wconf 77' lang='grc' dir='ltr'>Οὐ</span> <span class='ocrx_word' id='word_1_95' title='bbox 822 903 889 954; x_wconf 85' lang='grc' dir='ltr'>γὰρ</span> <span class='ocrx_word' id='word_1_96' title='bbox 905 902 1102 948; x_wconf 76' lang='grc' dir='ltr'>ἐδικαίωσε,</span> 
     </span>
     <span class='ocr_line' id='line_1_13' title="bbox 82 962 1104 1016; baseline -0.005 -13"><span class='ocrx_word' id='word_1_97' title='bbox 82 966 186 1016; x_wconf 80' lang='grc' dir='ltr'>φησὶ,</span> <span class='ocrx_word' id='word_1_98' title='bbox 209 966 310 1016; x_wconf 86' lang='grc' dir='ltr'>μόνον</span> <span class='ocrx_word' id='word_1_99' title='bbox 332 965 390 1002; x_wconf 84' lang='grc' dir='ltr'>καὶ</span> <span class='ocrx_word' id='word_1_100' title='bbox 411 964 550 1008; x_wconf 80' lang='grc' dir='ltr'>ἐδόξασε</span> <span class='ocrx_word' id='word_1_101' title='bbox 570 964 628 1002; x_wconf 83' lang='grc' dir='ltr'>καὶ</span> <span class='ocrx_word' id='word_1_102' title='bbox 646 963 868 1015; x_wconf 67' lang='grc' dir='ltr'>συμμόρφους</span> <span class='ocrx_word' id='word_1_103' title='bbox 883 962 1026 1008; x_wconf 79' lang='grc' dir='ltr'>ἐποίησε</span> <span class='ocrx_word' id='word_1_104' title='bbox 1041 964 1104 1007; x_wconf 71' lang='grc' dir='ltr'>τῆς</span> 
     </span>
     <span class='ocr_line' id='line_1_14' title="bbox 82 1020 1103 1074; baseline -0.005 -11"><span class='ocrx_word' id='word_1_105' title='bbox 82 1025 209 1069; x_wconf 82' lang='grc' dir='ltr'>εἰκόνος</span> <span class='ocrx_word' id='word_1_106' title='bbox 229 1026 382 1071; x_wconf 82' lang='grc' dir='ltr'>ἐκείνης,</span> <span class='ocrx_word' id='word_1_107' title='bbox 405 1027 481 1062; x_wconf 85' lang='grc' dir='ltr'>ἀλλ’</span> <span class='ocrx_word' id='word_1_108' title='bbox 504 1024 579 1063; x_wconf 78' lang='grc' dir='ltr'>οὐδὲ</span> <span class='ocrx_word' id='word_1_109' title='bbox 607 1030 667 1063; x_wconf 86' lang='grc' dir='ltr'>τοῦ</span> <span class='ocrx_word' id='word_1_110' title='bbox 696 1024 827 1066; x_wconf 78' lang='grc' dir='ltr'>Παιδὸς</span> <span class='ocrx_word' id='word_1_111' title='bbox 858 1022 1019 1074; x_wconf 74' lang='grc' dir='ltr'>ἐφείσατο</span> <span class='ocrx_word' id='word_1_112' title='bbox 1048 1020 1103 1058; x_wconf 85' lang='grc' dir='ltr'>διὰ</span> 
     </span>
     <span class='ocr_line' id='line_1_15' title="bbox 82 1082 1103 1135; baseline -0.004 -12"><span class='ocrx_word' id='word_1_113' title='bbox 82 1087 132 1123; x_wconf 85' lang='grc' dir='ltr'>σέ.</span> <span class='ocrx_word' id='word_1_114' title='bbox 155 1086 218 1123; x_wconf 76' lang='grc' dir='ltr'>Διὸ</span> <span class='ocrx_word' id='word_1_115' title='bbox 237 1086 296 1123; x_wconf 77' lang='grc' dir='ltr'>καὶ</span> <span class='ocrx_word' id='word_1_116' title='bbox 325 1085 481 1134; x_wconf 75' lang='grc' dir='ltr'>ἐπήγαγε</span> <span class='ocrx_word' id='word_1_117' title='bbox 495 1114 504 1131; x_wconf 93' lang='grc'>,</span> <span class='ocrx_word' id='word_1_118' title='bbox 525 1084 634 1135; x_wconf 85' lang='grc' dir='ltr'>λέγων</span> <span class='ocrx_word' id='word_1_119' title='bbox 649 1101 656 1108; x_wconf 91' lang='grc'><em>·</em></span> <span class='ocrx_word' id='word_1_120' title='bbox 678 1085 747 1127; x_wconf 60' lang='lat' dir='ltr'>“Oq</span> <span class='ocrx_word' id='word_1_121' title='bbox 777 1100 816 1135; x_wconf 88' lang='grc' dir='ltr'>γε</span> <span class='ocrx_word' id='word_1_122' title='bbox 834 1088 892 1121; x_wconf 90' lang='grc' dir='ltr'>τοῦ</span> <span class='ocrx_word' id='word_1_123' title='bbox 915 1082 997 1120; x_wconf 80' lang='grc' dir='ltr'>ἰδίου</span> <span class='ocrx_word' id='word_1_124' title='bbox 1018 1083 1103 1120; x_wconf 79' lang='grc' dir='ltr'>Υἱοῦ</span> 
     </span>
     <span class='ocr_line' id='line_1_16' title="bbox 81 1142 1105 1198; baseline -0.005 -14"><span class='ocrx_word' id='word_1_125' title='bbox 81 1148 143 1184; x_wconf 79' lang='grc' dir='ltr'>οὐκ</span> <span class='ocrx_word' id='word_1_126' title='bbox 162 1145 341 1198; x_wconf 65' lang='grc' dir='ltr'>ἐφείσατο,</span> <span class='ocrx_word' id='word_1_127' title='bbox 363 1145 439 1182; x_wconf 85' lang='grc' dir='ltr'>ἀλλ’</span> <span class='ocrx_word' id='word_1_128' title='bbox 455 1144 541 1195; x_wconf 77' lang='grc' dir='ltr'>ὑπὲρ</span> <span class='ocrx_word' id='word_1_129' title='bbox 558 1146 659 1194; x_wconf 78' lang='grc' dir='ltr'>ἡμῶν</span> <span class='ocrx_word' id='word_1_130' title='bbox 677 1145 817 1183; x_wconf 82' lang='grc' dir='ltr'>πάντων</span> <span class='ocrx_word' id='word_1_131' title='bbox 831 1142 1030 1194; x_wconf 86' lang='grc' dir='ltr'>παρέδωκεν</span> <span class='ocrx_word' id='word_1_132' title='bbox 1047 1143 1105 1179; x_wconf 72' lang='grc' dir='ltr'>αὐ-</span> 
     </span>
     <span class='ocr_line' id='line_1_17' title="bbox 81 1202 1104 1257; baseline -0.005 -13"><span class='ocrx_word' id='word_1_133' title='bbox 81 1207 153 1251; x_wconf 80' lang='grc' dir='ltr'>τὸν,</span> <span class='ocrx_word' id='word_1_134' title='bbox 169 1209 242 1249; x_wconf 77' lang='grc' dir='ltr'>πῶς</span> <span class='ocrx_word' id='word_1_135' title='bbox 264 1205 341 1257; x_wconf 71' lang='grc' dir='ltr'>οὐχὶ</span> <span class='ocrx_word' id='word_1_136' title='bbox 360 1205 419 1242; x_wconf 76' lang='grc' dir='ltr'>καὶ</span> <span class='ocrx_word' id='word_1_137' title='bbox 445 1204 504 1242; x_wconf 70' lang='grc' dir='ltr'>σὺν</span> <span class='ocrx_word' id='word_1_138' title='bbox 530 1206 623 1255; x_wconf 77' lang='grc' dir='ltr'>αὐτῷ</span> <span class='ocrx_word' id='word_1_139' title='bbox 649 1204 693 1242; x_wconf 86' lang='grc' dir='ltr'>τὰ</span> <span class='ocrx_word' id='word_1_140' title='bbox 711 1204 826 1242; x_wconf 80' lang='grc' dir='ltr'>πάντα</span> <span class='ocrx_word' id='word_1_141' title='bbox 845 1206 928 1253; x_wconf 73' lang='grc' dir='ltr'>ἡμῖν</span> <span class='ocrx_word' id='word_1_142' title='bbox 961 1202 1104 1255; x_wconf 76' lang='grc' dir='ltr'>χαρίσε-</span> 
     </span>
     <span class='ocr_line' id='line_1_18' title="bbox 80 1263 1104 1316; baseline -0.005 -11"><span class='ocrx_word' id='word_1_143' title='bbox 80 1283 157 1314; x_wconf 70' lang='grc' dir='ltr'>ται,</span> <span class='ocrx_word' id='word_1_144' title='bbox 182 1266 252 1304; x_wconf 78' lang='grc' dir='ltr'>Καὶ</span> <span class='ocrx_word' id='word_1_145' title='bbox 273 1267 346 1316; x_wconf 66' lang='grc' dir='ltr'>μεθ’</span> <span class='ocrx_word' id='word_1_146' title='bbox 370 1265 563 1316; x_wconf 66' lang='grc' dir='ltr'>ὑπερὸολῆς</span> <span class='ocrx_word' id='word_1_147' title='bbox 588 1265 647 1302; x_wconf 80' lang='grc' dir='ltr'>καὶ</span> <span class='ocrx_word' id='word_1_148' title='bbox 680 1266 812 1309; x_wconf 67' lang='grc' dir='ltr'>πολλῆς</span> <span class='ocrx_word' id='word_1_149' title='bbox 840 1267 902 1310; x_wconf 74' lang='grc' dir='ltr'>τῆς</span> <span class='ocrx_word' id='word_1_150' title='bbox 935 1263 1104 1314; x_wconf 64' lang='grc' dir='ltr'>θερμότη-</span> 
     </span>
     <span class='ocr_line' id='line_1_19' title="bbox 80 1323 1104 1378; baseline -0.005 -13"><span class='ocrx_word' id='word_1_151' title='bbox 80 1343 137 1371; x_wconf 82' lang='grc' dir='ltr'>τος</span> <span class='ocrx_word' id='word_1_152' title='bbox 155 1333 230 1370; x_wconf 85' lang='grc' dir='ltr'>ταῖς</span> <span class='ocrx_word' id='word_1_153' title='bbox 247 1326 359 1370; x_wconf 79' lang='grc' dir='ltr'>λέξεσι</span> <span class='ocrx_word' id='word_1_154' title='bbox 388 1325 579 1378; x_wconf 73' lang='grc' dir='ltr'>κέχρηται,</span> <span class='ocrx_word' id='word_1_155' title='bbox 600 1325 656 1362; x_wconf 82' lang='grc' dir='ltr'>ἵνα</span> <span class='ocrx_word' id='word_1_156' title='bbox 687 1327 790 1363; x_wconf 81' lang='grc' dir='ltr'>αὐτοῦ</span> <span class='ocrx_word' id='word_1_157' title='bbox 821 1324 1013 1371; x_wconf 79' lang='grc' dir='ltr'>ἐνδείξηται</span> <span class='ocrx_word' id='word_1_158' title='bbox 1041 1323 1104 1370; x_wconf 76' lang='grc' dir='ltr'>τὴν</span> 
     </span>
     <span class='ocr_line' id='line_1_20' title="bbox 83 1379 1104 1438; baseline -0.005 -12"><span class='ocrx_word' id='word_1_159' title='bbox 83 1388 235 1438; x_wconf 83' lang='grc' dir='ltr'>ἀγάπην.</span> <span class='ocrx_word' id='word_1_160' title='bbox 264 1389 348 1430; x_wconf 74' lang='grc' dir='ltr'>Πῶς</span> <span class='ocrx_word' id='word_1_161' title='bbox 377 1381 434 1423; x_wconf 70' lang='grc' dir='ltr'>οῧν</span> <span class='ocrx_word' id='word_1_162' title='bbox 470 1388 563 1436; x_wconf 74' lang='grc' dir='ltr'>ἡμᾶς</span> <span class='ocrx_word' id='word_1_163' title='bbox 594 1385 807 1437; x_wconf 73' lang='grc' dir='ltr'>προήσεται,</span> <span class='ocrx_word' id='word_1_164' title='bbox 841 1384 927 1437; x_wconf 76' lang='grc' dir='ltr'>ὑπὲρ</span> <span class='ocrx_word' id='word_1_165' title='bbox 961 1379 1008 1421; x_wconf 60' lang='grc' dir='ltr'>ὧν</span> <span class='ocrx_word' id='word_1_166' title='bbox 1045 1388 1104 1421; x_wconf 85' lang='grc' dir='ltr'>τοῦ</span> 
     </span>
     <span class='ocr_line' id='line_1_21' title="bbox 84 1445 1105 1499; baseline -0.004 -13"><span class='ocrx_word' id='word_1_167' title='bbox 84 1448 170 1486; x_wconf 80' lang='grc' dir='ltr'>ἰδίου</span> <span class='ocrx_word' id='word_1_168' title='bbox 186 1449 272 1486; x_wconf 73' lang='grc' dir='ltr'>Υἰοῦ</span> <span class='ocrx_word' id='word_1_169' title='bbox 294 1449 355 1485; x_wconf 75' lang='grc' dir='ltr'>οὐκ</span> <span class='ocrx_word' id='word_1_170' title='bbox 382 1446 560 1498; x_wconf 72' lang='grc' dir='ltr'>ἐφείσατο,</span> <span class='ocrx_word' id='word_1_171' title='bbox 577 1448 652 1484; x_wconf 82' lang='grc' dir='ltr'>ἀλλ’</span> <span class='ocrx_word' id='word_1_172' title='bbox 679 1446 767 1498; x_wconf 76' lang='grc' dir='ltr'>ὑπὲρ</span> <span class='ocrx_word' id='word_1_173' title='bbox 784 1449 884 1497; x_wconf 74' lang='grc' dir='ltr'>ἡμῶν</span> <span class='ocrx_word' id='word_1_174' title='bbox 905 1445 1105 1499; x_wconf 77' lang='grc' dir='ltr'>παρέδωκεν</span> 
     </span>
     <span class='ocr_line' id='line_1_22' title="bbox 83 1505 1107 1558; baseline -0.004 -11"><span class='ocrx_word' id='word_1_175' title='bbox 83 1509 183 1547; x_wconf 80' lang='grc' dir='ltr'>αὐτὸν</span> <span class='ocrx_word' id='word_1_176' title='bbox 202 1508 363 1555; x_wconf 79' lang='grc' dir='ltr'>ποίντων;</span> <span class='ocrx_word' id='word_1_177' title='bbox 381 1507 566 1553; x_wconf 70' lang='grc' dir='ltr'>Ἐννόησον</span> <span class='ocrx_word' id='word_1_178' title='bbox 594 1506 661 1558; x_wconf 75' lang='grc' dir='ltr'>γὰρ</span> <span class='ocrx_word' id='word_1_179' title='bbox 686 1506 796 1552; x_wconf 87' lang='grc' dir='ltr'>πόσης</span> <span class='ocrx_word' id='word_1_180' title='bbox 829 1506 1041 1557; x_wconf 79' lang='grc' dir='ltr'>ἀγαθότητος</span> <span class='ocrx_word' id='word_1_181' title='bbox 1068 1505 1107 1543; x_wconf 83' lang='grc' dir='ltr'>τὸ</span> 
     </span>
     <span class='ocr_line' id='line_1_23' title="bbox 81 1566 1105 1619; baseline -0.005 -12"><span class='ocrx_word' id='word_1_182' title='bbox 81 1569 141 1608; x_wconf 76' lang='grc' dir='ltr'>καὶ</span> <span class='ocrx_word' id='word_1_183' title='bbox 160 1574 219 1607; x_wconf 81' lang='grc' dir='ltr'>τοῦ</span> <span class='ocrx_word' id='word_1_184' title='bbox 241 1569 326 1606; x_wconf 76' lang='grc' dir='ltr'>ἰδίου</span> <span class='ocrx_word' id='word_1_185' title='bbox 342 1571 414 1606; x_wconf 83' lang='grc' dir='ltr'>υἱοῦ</span> <span class='ocrx_word' id='word_1_186' title='bbox 435 1567 482 1618; x_wconf 87' lang='grc' dir='ltr'>μὴ</span> <span class='ocrx_word' id='word_1_187' title='bbox 500 1567 706 1619; x_wconf 71' lang='grc' dir='ltr'>φείσασθαι,</span> <span class='ocrx_word' id='word_1_188' title='bbox 730 1566 820 1604; x_wconf 80' lang='grc' dir='ltr'>ἀλλὰ</span> <span class='ocrx_word' id='word_1_189' title='bbox 845 1566 904 1604; x_wconf 79' lang='grc' dir='ltr'>καὶ</span> <span class='ocrx_word' id='word_1_190' title='bbox 929 1567 1105 1612; x_wconf 84' lang='grc' dir='ltr'>ἐκδοῦναι,</span> 
     </span>
     <span class='ocr_line' id='line_1_24' title="bbox 81 1626 1106 1682; baseline -0.004 -15"><span class='ocrx_word' id='word_1_191' title='bbox 81 1630 141 1667; x_wconf 83' lang='grc' dir='ltr'>καὶ</span> <span class='ocrx_word' id='word_1_192' title='bbox 163 1630 250 1682; x_wconf 76' lang='grc' dir='ltr'>ὑπὲρ</span> <span class='ocrx_word' id='word_1_193' title='bbox 271 1628 411 1666; x_wconf 78' lang='grc' dir='ltr'>πάντων</span> <span class='ocrx_word' id='word_1_194' title='bbox 437 1629 615 1675; x_wconf 72' lang='grc' dir='ltr'>ἐκδοῦναι,</span> <span class='ocrx_word' id='word_1_195' title='bbox 636 1627 696 1664; x_wconf 85' lang='grc' dir='ltr'>καὶ</span> <span class='ocrx_word' id='word_1_196' title='bbox 725 1628 870 1664; x_wconf 76' lang='grc' dir='ltr'>εὐτελῶν</span> <span class='ocrx_word' id='word_1_197' title='bbox 902 1626 960 1664; x_wconf 85' lang='grc' dir='ltr'>καὶ</span> <span class='ocrx_word' id='word_1_198' title='bbox 994 1628 1106 1676; x_wconf 80' lang='grc' dir='ltr'>ἀγνω-</span> 
     </span>
     <span class='ocr_line' id='line_1_25' title="bbox 85 1680 1105 1741; baseline -0.004 -14"><span class='ocrx_word' id='word_1_199' title='bbox 85 1690 198 1741; x_wconf 81' lang='grc' dir='ltr'>μόνων</span> <span class='ocrx_word' id='word_1_200' title='bbox 228 1690 288 1728; x_wconf 80' lang='grc' dir='ltr'>καὶ</span> <span class='ocrx_word' id='word_1_201' title='bbox 317 1691 449 1740; x_wconf 72' lang='grc' dir='ltr'>ἐχθρῶν</span> <span class='ocrx_word' id='word_1_202' title='bbox 484 1688 543 1726; x_wconf 77' lang='grc' dir='ltr'>καὶ</span> <span class='ocrx_word' id='word_1_203' title='bbox 575 1687 805 1739; x_wconf 77' lang='grc' dir='ltr'>βλασφήμων.</span> <span class='ocrx_word' id='word_1_204' title='bbox 832 1689 915 1730; x_wconf 76' lang='grc' dir='ltr'>Πῶς</span> <span class='ocrx_word' id='word_1_205' title='bbox 944 1680 1001 1725; x_wconf 61' lang='grc' dir='ltr'>οὖν</span> <span class='ocrx_word' id='word_1_206' title='bbox 1029 1686 1105 1738; x_wconf 76' lang='grc' dir='ltr'>οὐχὶ</span> 
     </span>
     <span class='ocr_line' id='line_1_26' title="bbox 83 1746 1105 1801; baseline -0.004 -13"><span class='ocrx_word' id='word_1_207' title='bbox 83 1751 143 1789; x_wconf 77' lang='grc' dir='ltr'>καὶ</span> <span class='ocrx_word' id='word_1_208' title='bbox 163 1750 221 1788; x_wconf 80' lang='grc' dir='ltr'>σὺν</span> <span class='ocrx_word' id='word_1_209' title='bbox 244 1752 338 1801; x_wconf 78' lang='grc' dir='ltr'>αὐτῷ</span> <span class='ocrx_word' id='word_1_210' title='bbox 356 1749 401 1787; x_wconf 74' lang='grc' dir='ltr'>τὰ</span> <span class='ocrx_word' id='word_1_211' title='bbox 434 1748 549 1786; x_wconf 83' lang='grc' dir='ltr'>πάντα</span> <span class='ocrx_word' id='word_1_212' title='bbox 571 1752 655 1798; x_wconf 77' lang='grc' dir='ltr'>ἡμῖν</span> <span class='ocrx_word' id='word_1_213' title='bbox 681 1748 888 1800; x_wconf 67' lang='grc' dir='ltr'>χαρίσεται5</span> <span class='ocrx_word' id='word_1_214' title='bbox 908 1747 958 1785; x_wconf 54' lang='grc' dir='ltr'>ιχΟ</span> <span class='ocrx_word' id='word_1_215' title='bbox 989 1746 1024 1785; x_wconf 73' lang='grc' dir='ltr'>δὲ</span> <span class='ocrx_word' id='word_1_216' title='bbox 1043 1747 1105 1784; x_wconf 81' lang='grc' dir='ltr'>λέ-</span> 
     </span>
    </p>
   </div>
   <div class='ocr_carea' id='block_1_3' title="bbox 984 218 1188 248">
    <p class='ocr_par' dir='ltr' id='par_1_3' title="bbox 984 218 1188 248">
     <span class='ocr_line' id='line_1_27' title="bbox 984 218 1188 248; baseline -0.005 -1"><span class='ocrx_word' id='word_1_217' title='bbox 984 218 1042 247; x_wconf 71' lang='lat' dir='ltr'>AD</span> <span class='ocrx_word' id='word_1_218' title='bbox 1080 218 1188 248; x_wconf 72' lang='lat' dir='ltr'>ROM.</span> 
     </span>
    </p>
   </div>
   <div class='ocr_carea' id='block_1_4' title="bbox 1228 214 1500 247">
    <p class='ocr_par' dir='ltr' id='par_1_4' title="bbox 1228 214 1500 247">
     <span class='ocr_line' id='line_1_28' title="bbox 1228 214 1500 247; baseline -0.011 0"><span class='ocrx_word' id='word_1_219' title='bbox 1228 217 1382 247; x_wconf 81' lang='lat' dir='ltr'>HOMIL.</span> <span class='ocrx_word' id='word_1_220' title='bbox 1421 214 1500 246; x_wconf 77' lang='lat' dir='ltr'>XV.</span> 
     </span>
    </p>
   </div>
   <div class='ocr_carea' id='block_1_5' title="bbox 2059 198 2153 260">
    <p class='ocr_par' dir='ltr' id='par_1_5' title="bbox 2059 198 2153 260">
     <span class='ocr_line' id='line_1_29' title="bbox 2059 198 2153 260; baseline 0 -17"><span class='ocrx_word' id='word_1_221' title='bbox 2059 198 2153 260; x_wconf 68' lang='lat'>659</span> 
     </span>
    </p>
   </div>
   <div class='ocr_carea' id='block_1_6' title="bbox 1125 296 2161 1808">
    <p class='ocr_par' dir='ltr' id='par_1_6' title="bbox 1125 296 2161 1808">
     <span class='ocr_line' id='line_1_30' title="bbox 1170 296 2154 350; baseline -0.006 -11"><span class='ocrx_word' id='word_1_222' title='bbox 1170 302 1274 339; x_wconf 90' lang='lat' dir='ltr'>morti</span> <span class='ocrx_word' id='word_1_223' title='bbox 1289 300 1492 350; x_wconf 82' lang='lat' dir='ltr'>tradideris,</span> <span class='ocrx_word' id='word_1_224' title='bbox 1508 297 1671 350; x_wconf 81' lang='lat' dir='ltr'>martyrii</span> <span class='ocrx_word' id='word_1_225' title='bbox 1686 309 1852 335; x_wconf 89' lang='lat' dir='ltr'>coronam</span> <span class='ocrx_word' id='word_1_226' title='bbox 1869 296 2037 334; x_wconf 80' lang='lat' dir='ltr'>nexuisti.</span> <span class='ocrx_word' id='word_1_227' title='bbox 2053 296 2154 344; x_wconf 85' lang='lat' dir='ltr'><strong>Quid</strong></span> 
     </span>
     <span class='ocr_line' id='line_1_31' title="bbox 1125 357 2154 412; baseline -0.005 -13"><span class='ocrx_word' id='word_1_228' title='bbox 1125 370 1150 399; x_wconf 92' lang='lat' dir='ltr'>D</span> <span class='ocrx_word' id='word_1_229' title='bbox 1171 375 1254 412; x_wconf 84' lang='lat' dir='ltr'>ergo</span> <span class='ocrx_word' id='word_1_230' title='bbox 1273 361 1359 399; x_wconf 88' lang='lat' dir='ltr'>huic</span> <span class='ocrx_word' id='word_1_231' title='bbox 1374 361 1456 400; x_wconf 74' lang='lat' dir='ltr'>vitae</span> <span class='ocrx_word' id='word_1_232' title='bbox 1471 374 1536 411; x_wconf 83' lang='lat' dir='ltr'>par</span> <span class='ocrx_word' id='word_1_233' title='bbox 1551 360 1669 408; x_wconf 86' lang='lat' dir='ltr'>fuerit,</span> <span class='ocrx_word' id='word_1_234' title='bbox 1689 372 1769 395; x_wconf 88' lang='lat' dir='ltr'>cum</span> <span class='ocrx_word' id='word_1_235' title='bbox 1787 357 1876 395; x_wconf 89' lang='lat' dir='ltr'>nihil</span> <span class='ocrx_word' id='word_1_236' title='bbox 1897 366 2016 399; x_wconf 75' lang='lat' dir='ltr'>contra</span> <span class='ocrx_word' id='word_1_237' title='bbox 2036 357 2154 409; x_wconf 85' lang='lat' dir='ltr'>ipsum</span> 
     </span>
     <span class='ocr_line' id='line_1_32' title="bbox 1172 417 2154 473; baseline -0.005 -14"><span class='ocrx_word' id='word_1_238' title='bbox 1172 421 1251 459; x_wconf 85' lang='lat' dir='ltr'>fieri</span> <span class='ocrx_word' id='word_1_239' title='bbox 1278 421 1410 473; x_wconf 82' lang='lat' dir='ltr'>possit,</span> <span class='ocrx_word' id='word_1_240' title='bbox 1431 420 1492 458; x_wconf 88' lang='lat' dir='ltr'>sed</span> <span class='ocrx_word' id='word_1_241' title='bbox 1511 420 1618 457; x_wconf 83' lang='lat' dir='ltr'>etiam</span> <span class='ocrx_word' id='word_1_242' title='bbox 1638 418 1678 468; x_wconf 90' lang='lat' dir='ltr'>ii,</span> <span class='ocrx_word' id='word_1_243' title='bbox 1699 418 1760 469; x_wconf 87' lang='lat' dir='ltr'>qui</span> <span class='ocrx_word' id='word_1_244' title='bbox 1783 417 1945 456; x_wconf 86' lang='lat' dir='ltr'>insidiari</span> <span class='ocrx_word' id='word_1_245' title='bbox 1969 417 2154 465; x_wconf 77' lang='lat' dir='ltr'>videntur,</span> 
     </span>
     <span class='ocr_line' id='line_1_33' title="bbox 1172 478 2153 533; baseline -0.006 -13"><span class='ocrx_word' id='word_1_246' title='bbox 1172 496 1241 520; x_wconf 89' lang='lat' dir='ltr'>non</span> <span class='ocrx_word' id='word_1_247' title='bbox 1268 483 1385 520; x_wconf 88' lang='lat' dir='ltr'>minus</span> <span class='ocrx_word' id='word_1_248' title='bbox 1403 496 1509 533; x_wconf 86' lang='lat' dir='ltr'>quam</span> <span class='ocrx_word' id='word_1_249' title='bbox 1531 481 1570 530; x_wconf 88' lang='lat' dir='ltr'>ii,</span> <span class='ocrx_word' id='word_1_250' title='bbox 1594 480 1654 531; x_wconf 88' lang='lat' dir='ltr'>qui</span> <span class='ocrx_word' id='word_1_251' title='bbox 1674 481 1792 531; x_wconf 88' lang='lat' dir='ltr'>ipsum</span> <span class='ocrx_word' id='word_1_252' title='bbox 1811 478 1991 517; x_wconf 80' lang='lat' dir='ltr'>beneficiis</span> <span class='ocrx_word' id='word_1_253' title='bbox 2012 486 2153 524; x_wconf 87' lang='lat' dir='ltr'>ornant,</span> 
     </span>
     <span class='ocr_line' id='line_1_34' title="bbox 1172 541 2155 594; baseline -0.006 -14"><span class='ocrx_word' id='word_1_254' title='bbox 1172 543 1242 594; x_wconf 85' lang='lat' dir='ltr'>ipsi</span> <span class='ocrx_word' id='word_1_255' title='bbox 1263 543 1366 581; x_wconf 87' lang='lat' dir='ltr'>utiles</span> <span class='ocrx_word' id='word_1_256' title='bbox 1378 543 1471 581; x_wconf 73' lang='lat' dir='ltr'>sint?</span> <span class='ocrx_word' id='word_1_257' title='bbox 1487 542 1570 580; x_wconf 82' lang='lat' dir='ltr'>Ideo</span> <span class='ocrx_word' id='word_1_258' title='bbox 1586 542 1633 579; x_wconf 83' lang='lat' dir='ltr'>ait</span> <span class='ocrx_word' id='word_1_259' title='bbox 1651 555 1658 577; x_wconf 91' lang='lat'><strong>:</strong></span> <span class='ocrx_word' id='word_1_260' title='bbox 1674 542 1714 579; x_wconf 86' lang='lat' dir='ltr'>Si</span> <span class='ocrx_word' id='word_1_261' title='bbox 1728 542 1834 577; x_wconf 79' lang='lat' dir='ltr'>Deus</span> <span class='ocrx_word' id='word_1_262' title='bbox 1851 553 1921 591; x_wconf 81' lang='lat' dir='ltr'>pro</span> <span class='ocrx_word' id='word_1_263' title='bbox 1937 541 2056 587; x_wconf 71' lang='lat' dir='ltr'>nobis,</span> <span class='ocrx_word' id='word_1_264' title='bbox 2069 541 2155 590; x_wconf 77' lang='lat' dir='ltr'>quis</span> 
     </span>
     <span class='ocr_line' id='line_1_35' title="bbox 1174 599 2157 651; baseline -0.006 -10"><span class='ocrx_word' id='word_1_265' title='bbox 1174 612 1309 641; x_wconf 83' lang='lat' dir='ltr'>contra</span> <span class='ocrx_word' id='word_1_266' title='bbox 1325 608 1418 641; x_wconf 80' lang='lat' dir='ltr'>nos?</span> <span class='ocrx_word' id='word_1_267' title='bbox 1437 602 1589 651; x_wconf 81' lang='lat' dir='ltr'>Deinde,</span> <span class='ocrx_word' id='word_1_268' title='bbox 1609 615 1678 639; x_wconf 82' lang='lat' dir='ltr'>non</span> <span class='ocrx_word' id='word_1_269' title='bbox 1699 610 1881 638; x_wconf 83' lang='lat' dir='ltr'>contentus</span> <span class='ocrx_word' id='word_1_270' title='bbox 1900 600 1943 637; x_wconf 89' lang='lat' dir='ltr'>iis</span> <span class='ocrx_word' id='word_1_271' title='bbox 1959 613 2036 650; x_wconf 83' lang='lat' dir='ltr'>quae</span> <span class='ocrx_word' id='word_1_272' title='bbox 2054 599 2157 636; x_wconf 79' lang='lat' dir='ltr'>dixe-</span> 
     </span>
     <span class='ocr_line' id='line_1_36' title="bbox 1174 661 2156 715; baseline -0.005 -14"><span class='ocrx_word' id='word_1_273' title='bbox 1174 673 1240 712; x_wconf 88' lang='lat' dir='ltr'>rat,</span> <span class='ocrx_word' id='word_1_274' title='bbox 1257 665 1457 701; x_wconf 73' lang='lat' dir='ltr'>maximum</span> <span class='ocrx_word' id='word_1_275' title='bbox 1472 663 1584 715; x_wconf 85' lang='lat' dir='ltr'>ipsius</span> <span class='ocrx_word' id='word_1_276' title='bbox 1607 676 1685 713; x_wconf 81' lang='lat' dir='ltr'>erga</span> <span class='ocrx_word' id='word_1_277' title='bbox 1705 675 1767 698; x_wconf 90' lang='lat' dir='ltr'>nos</span> <span class='ocrx_word' id='word_1_278' title='bbox 1790 661 1919 698; x_wconf 86' lang='lat' dir='ltr'>amoris</span> <span class='ocrx_word' id='word_1_279' title='bbox 1938 661 2095 712; x_wconf 76' lang='lat' dir='ltr'>signum,</span> <span class='ocrx_word' id='word_1_280' title='bbox 2123 668 2156 696; x_wconf 91' lang='lat' dir='ltr'>et</span> 
     </span>
     <span class='ocr_line' id='line_1_37' title="bbox 1175 720 2154 776; baseline -0.005 -14"><span class='ocrx_word' id='word_1_281' title='bbox 1175 725 1271 775; x_wconf 90' lang='lat' dir='ltr'>quod</span> <span class='ocrx_word' id='word_1_282' title='bbox 1291 739 1381 776; x_wconf 79' lang='lat' dir='ltr'>saepe</span> <span class='ocrx_word' id='word_1_283' title='bbox 1398 733 1529 773; x_wconf 82' lang='lat' dir='ltr'>versat,</span> <span class='ocrx_word' id='word_1_284' title='bbox 1551 724 1656 761; x_wconf 83' lang='lat' dir='ltr'>etiam</span> <span class='ocrx_word' id='word_1_285' title='bbox 1680 722 1739 759; x_wconf 91' lang='lat' dir='ltr'>hic</span> <span class='ocrx_word' id='word_1_286' title='bbox 1756 721 1889 773; x_wconf 82' lang='lat' dir='ltr'>adjicit,</span> <span class='ocrx_word' id='word_1_287' title='bbox 1909 721 1995 759; x_wconf 81' lang='lat' dir='ltr'>Filii</span> <span class='ocrx_word' id='word_1_288' title='bbox 2013 720 2154 758; x_wconf 84' lang='lat' dir='ltr'>caedem.</span> 
     </span>
     <span class='ocr_line' id='line_1_38' title="bbox 1174 782 2156 834; baseline -0.006 -10"><span class='ocrx_word' id='word_1_289' title='bbox 1174 788 1253 824; x_wconf 88' lang='lat' dir='ltr'>Non</span> <span class='ocrx_word' id='word_1_290' title='bbox 1281 785 1400 834; x_wconf 90' lang='lat' dir='ltr'>modo,</span> <span class='ocrx_word' id='word_1_291' title='bbox 1429 785 1559 834; x_wconf 80' lang='lat' dir='ltr'>inquit,</span> <span class='ocrx_word' id='word_1_292' title='bbox 1575 783 1787 834; x_wconf 82' lang='lat' dir='ltr'>justificavit</span> <span class='ocrx_word' id='word_1_293' title='bbox 1813 791 1846 819; x_wconf 86' lang='lat' dir='ltr'>et</span> <span class='ocrx_word' id='word_1_294' title='bbox 1874 782 2089 832; x_wconf 80' lang='lat' dir='ltr'>glorificavit</span> <span class='ocrx_word' id='word_1_295' title='bbox 2116 795 2156 818; x_wconf 87' lang='lat' dir='ltr'>ac</span> 
     </span>
     <span class='ocr_line' id='line_1_39' title="bbox 1173 843 2156 895; baseline -0.005 -10"><span class='ocrx_word' id='word_1_296' title='bbox 1173 848 1367 885; x_wconf 79' lang='lat' dir='ltr'>conformes</span> <span class='ocrx_word' id='word_1_297' title='bbox 1383 846 1463 883; x_wconf 89' lang='lat' dir='ltr'>fecit</span> <span class='ocrx_word' id='word_1_298' title='bbox 1478 845 1624 895; x_wconf 80' lang='lat' dir='ltr'>imagini</span> <span class='ocrx_word' id='word_1_299' title='bbox 1641 844 1707 891; x_wconf 88' lang='lat' dir='ltr'>illi,</span> <span class='ocrx_word' id='word_1_300' title='bbox 1723 843 1785 880; x_wconf 87' lang='lat' dir='ltr'>sed</span> <span class='ocrx_word' id='word_1_301' title='bbox 1803 857 1914 892; x_wconf 84' lang='lat' dir='ltr'>neque</span> <span class='ocrx_word' id='word_1_302' title='bbox 1927 843 2019 880; x_wconf 85' lang='lat' dir='ltr'>Filio</span> <span class='ocrx_word' id='word_1_303' title='bbox 2032 857 2156 895; x_wconf 84' lang='lat' dir='ltr'>peper-</span> 
     </span>
     <span class='ocr_line' id='line_1_40' title="bbox 1173 902 2155 957; baseline -0.005 -14"><span class='ocrx_word' id='word_1_304' title='bbox 1173 907 1221 943; x_wconf 85' lang='lat' dir='ltr'>cit</span> <span class='ocrx_word' id='word_1_305' title='bbox 1238 915 1382 957; x_wconf 83' lang='lat' dir='ltr'>propter</span> <span class='ocrx_word' id='word_1_306' title='bbox 1403 914 1454 941; x_wconf 89' lang='lat' dir='ltr'>te.</span> <span class='ocrx_word' id='word_1_307' title='bbox 1478 904 1705 955; x_wconf 75' lang='lat' dir='ltr'>Quapropter</span> <span class='ocrx_word' id='word_1_308' title='bbox 1726 902 1845 939; x_wconf 81' lang='lat' dir='ltr'>intulit</span> <span class='ocrx_word' id='word_1_309' title='bbox 1866 919 1873 938; x_wconf 94' lang='lat'>:</span> <span class='ocrx_word' id='word_1_310' title='bbox 1893 903 1958 939; x_wconf 69' lang='lat'>52.</span> <span class='ocrx_word' id='word_1_311' title='bbox 1983 903 2055 952; x_wconf 78' lang='lat' dir='ltr'>Qui</span> <span class='ocrx_word' id='word_1_312' title='bbox 2071 917 2155 953; x_wconf 86' lang='lat' dir='ltr'>pro-</span> 
     </span>
     <span class='ocr_line' id='line_1_41' title="bbox 1170 963 2156 1016; baseline -0.003 -14"><span class='ocrx_word' id='word_1_313' title='bbox 1170 968 1255 1016; x_wconf 84' lang='lat' dir='ltr'>prio</span> <span class='ocrx_word' id='word_1_314' title='bbox 1275 966 1381 1001; x_wconf 84' lang='lat' dir='ltr'>Filio</span> <span class='ocrx_word' id='word_1_315' title='bbox 1400 978 1477 1001; x_wconf 86' lang='lat' dir='ltr'>non</span> <span class='ocrx_word' id='word_1_316' title='bbox 1489 965 1670 1015; x_wconf 81' lang='lat' dir='ltr'><em>pepercit,</em></span> <span class='ocrx_word' id='word_1_317' title='bbox 1690 963 1758 999; x_wconf 79' lang='lat' dir='ltr'>sed</span> <span class='ocrx_word' id='word_1_318' title='bbox 1772 976 1841 1013; x_wconf 82' lang='lat' dir='ltr'>pro</span> <span class='ocrx_word' id='word_1_319' title='bbox 1859 965 1966 1000; x_wconf 83' lang='lat' dir='ltr'>nobis</span> <span class='ocrx_word' id='word_1_320' title='bbox 1981 965 2156 1000; x_wconf 80' lang='lat' dir='ltr'>omnibus</span> 
     </span>
     <span class='ocr_line' id='line_1_42' title="bbox 1128 1023 2155 1075; baseline -0.004 -13"><span class='ocrx_word' id='word_1_321' title='bbox 1128 1032 1152 1062; x_wconf 86' lang='lat' dir='ltr'>E</span> <span class='ocrx_word' id='word_1_322' title='bbox 1174 1025 1335 1062; x_wconf 74' lang='lat' dir='ltr'>tradidit</span> <span class='ocrx_word' id='word_1_323' title='bbox 1362 1025 1493 1070; x_wconf 79' lang='lat' dir='ltr'>illum,</span> <span class='ocrx_word' id='word_1_324' title='bbox 1522 1023 1712 1075; x_wconf 81' lang='lat' dir='ltr'>quomodo</span> <span class='ocrx_word' id='word_1_325' title='bbox 1738 1037 1812 1059; x_wconf 85' lang='lat' dir='ltr'>non</span> <span class='ocrx_word' id='word_1_326' title='bbox 1833 1025 1951 1059; x_wconf 78' lang='lat' dir='ltr'>etiam</span> <span class='ocrx_word' id='word_1_327' title='bbox 1977 1036 2062 1059; x_wconf 82' lang='lat' dir='ltr'>cum</span> <span class='ocrx_word' id='word_1_328' title='bbox 2086 1023 2155 1059; x_wconf 84' lang='lat' dir='ltr'>illo</span> 
     </span>
     <span class='ocr_line' id='line_1_43' title="bbox 1174 1083 2156 1135; baseline -0.003 -13"><span class='ocrx_word' id='word_1_329' title='bbox 1174 1088 1305 1122; x_wconf 84' lang='lat' dir='ltr'>omnia</span> <span class='ocrx_word' id='word_1_330' title='bbox 1335 1087 1444 1123; x_wconf 81' lang='lat' dir='ltr'>nohis</span> <span class='ocrx_word' id='word_1_331' title='bbox 1477 1086 1669 1122; x_wconf 80' lang='lat' dir='ltr'>donabit?</span> <span class='ocrx_word' id='word_1_332' title='bbox 1698 1084 1789 1121; x_wconf 89' lang='lat' dir='ltr'>Cum</span> <span class='ocrx_word' id='word_1_333' title='bbox 1816 1083 2015 1135; x_wconf 81' lang='lat' dir='ltr'><strong>hyperbole</strong></span> <span class='ocrx_word' id='word_1_334' title='bbox 2043 1083 2156 1120; x_wconf 82' lang='lat' dir='ltr'>multa</span> 
     </span>
     <span class='ocr_line' id='line_1_44' title="bbox 1172 1143 2155 1195; baseline -0.002 -13"><span class='ocrx_word' id='word_1_335' title='bbox 1172 1155 1278 1195; x_wconf 88' lang='lat' dir='ltr'>atque</span> <span class='ocrx_word' id='word_1_336' title='bbox 1297 1146 1434 1184; x_wconf 81' lang='lat' dir='ltr'>fervore</span> <span class='ocrx_word' id='word_1_337' title='bbox 1449 1145 1506 1183; x_wconf 85' lang='lat' dir='ltr'>his</span> <span class='ocrx_word' id='word_1_338' title='bbox 1531 1144 1650 1183; x_wconf 83' lang='lat' dir='ltr'>verbis</span> <span class='ocrx_word' id='word_1_339' title='bbox 1666 1153 1716 1182; x_wconf 87' lang='lat' dir='ltr'>est</span> <span class='ocrx_word' id='word_1_340' title='bbox 1734 1157 1833 1190; x_wconf 85' lang='lat' dir='ltr'>usus,</span> <span class='ocrx_word' id='word_1_341' title='bbox 1854 1153 1892 1181; x_wconf 87' lang='lat' dir='ltr'>ut</span> <span class='ocrx_word' id='word_1_342' title='bbox 1908 1143 1984 1195; x_wconf 88' lang='lat' dir='ltr'>ejus</span> <span class='ocrx_word' id='word_1_343' title='bbox 2000 1157 2155 1180; x_wconf 85' lang='lat' dir='ltr'>amorem</span> 
     </span>
     <span class='ocr_line' id='line_1_45' title="bbox 1172 1205 2157 1258; baseline -0.002 -13"><span class='ocrx_word' id='word_1_344' title='bbox 1172 1207 1439 1246; x_wconf 81' lang='lat' dir='ltr'>demonstraret.</span> <span class='ocrx_word' id='word_1_345' title='bbox 1460 1207 1650 1254; x_wconf 87' lang='lat' dir='ltr'>Quomodo</span> <span class='ocrx_word' id='word_1_346' title='bbox 1670 1206 1782 1258; x_wconf 79' lang='lat' dir='ltr'>igitur</span> <span class='ocrx_word' id='word_1_347' title='bbox 1801 1220 1863 1244; x_wconf 88' lang='lat' dir='ltr'>nos</span> <span class='ocrx_word' id='word_1_348' title='bbox 1881 1205 2071 1255; x_wconf 85' lang='lat' dir='ltr'>destituet,</span> <span class='ocrx_word' id='word_1_349' title='bbox 2092 1219 2157 1257; x_wconf 82' lang='lat' dir='ltr'>pro</span> 
     </span>
     <span class='ocr_line' id='line_1_46' title="bbox 1172 1266 2159 1320; baseline -0.002 -15"><span class='ocrx_word' id='word_1_350' title='bbox 1172 1268 1304 1319; x_wconf 89' lang='lat' dir='ltr'>quibus</span> <span class='ocrx_word' id='word_1_351' title='bbox 1320 1269 1466 1320; x_wconf 85' lang='lat' dir='ltr'>proprio</span> <span class='ocrx_word' id='word_1_352' title='bbox 1488 1268 1580 1305; x_wconf 89' lang='lat' dir='ltr'>Filio</span> <span class='ocrx_word' id='word_1_353' title='bbox 1598 1282 1666 1306; x_wconf 89' lang='lat' dir='ltr'>non</span> <span class='ocrx_word' id='word_1_354' title='bbox 1684 1267 1872 1319; x_wconf 82' lang='lat' dir='ltr'>perpercit,</span> <span class='ocrx_word' id='word_1_355' title='bbox 1897 1266 1959 1304; x_wconf 90' lang='lat' dir='ltr'>sed</span> <span class='ocrx_word' id='word_1_356' title='bbox 1977 1281 2042 1319; x_wconf 88' lang='lat' dir='ltr'>pro</span> <span class='ocrx_word' id='word_1_357' title='bbox 2055 1266 2159 1304; x_wconf 90' lang='lat' dir='ltr'>nobis</span> 
     </span>
     <span class='ocr_line' id='line_1_47' title="bbox 1174 1328 2159 1380; baseline 0 -14"><span class='ocrx_word' id='word_1_358' title='bbox 1174 1330 1340 1367; x_wconf 80' lang='lat' dir='ltr'>omnibus</span> <span class='ocrx_word' id='word_1_359' title='bbox 1354 1330 1502 1368; x_wconf 81' lang='lat' dir='ltr'>tradidit</span> <span class='ocrx_word' id='word_1_360' title='bbox 1515 1330 1646 1367; x_wconf 75' lang='lat' dir='ltr'>illum?</span> <span class='ocrx_word' id='word_1_361' title='bbox 1661 1330 1785 1380; x_wconf 85' lang='lat' dir='ltr'>Cogita</span> <span class='ocrx_word' id='word_1_362' title='bbox 1800 1329 1893 1367; x_wconf 89' lang='lat' dir='ltr'>enim</span> <span class='ocrx_word' id='word_1_363' title='bbox 1908 1338 2047 1380; x_wconf 80' lang='lat' dir='ltr'>quantae</span> <span class='ocrx_word' id='word_1_364' title='bbox 2060 1328 2159 1366; x_wconf 85' lang='lat' dir='ltr'>boni-</span> 
     </span>
     <span class='ocr_line' id='line_1_48' title="bbox 1173 1390 2159 1445; baseline -0.001 -17"><span class='ocrx_word' id='word_1_365' title='bbox 1173 1391 1256 1429; x_wconf 81' lang='lat' dir='ltr'>tatis</span> <span class='ocrx_word' id='word_1_366' title='bbox 1279 1392 1385 1430; x_wconf 85' lang='lat' dir='ltr'>fuerit</span> <span class='ocrx_word' id='word_1_367' title='bbox 1406 1392 1552 1445; x_wconf 87' lang='lat' dir='ltr'>proprio</span> <span class='ocrx_word' id='word_1_368' title='bbox 1572 1392 1646 1429; x_wconf 86' lang='lat' dir='ltr'>filio</span> <span class='ocrx_word' id='word_1_369' title='bbox 1665 1405 1734 1429; x_wconf 89' lang='lat' dir='ltr'>non</span> <span class='ocrx_word' id='word_1_370' title='bbox 1758 1405 1914 1443; x_wconf 76' lang='lat' dir='ltr'>parcere,</span> <span class='ocrx_word' id='word_1_371' title='bbox 1935 1390 1997 1428; x_wconf 87' lang='lat' dir='ltr'>sed</span> <span class='ocrx_word' id='word_1_372' title='bbox 2019 1390 2159 1428; x_wconf 82' lang='lat' dir='ltr'>tradere</span> 
     </span>
     <span class='ocr_line' id='line_1_49' title="bbox 1174 1451 2158 1504; baseline 0 -16"><span class='ocrx_word' id='word_1_373' title='bbox 1174 1452 1292 1502; x_wconf 90' lang='lat' dir='ltr'>illum,</span> <span class='ocrx_word' id='word_1_374' title='bbox 1320 1462 1352 1490; x_wconf 83' lang='lat' dir='ltr'>et</span> <span class='ocrx_word' id='word_1_375' title='bbox 1370 1467 1436 1504; x_wconf 87' lang='lat' dir='ltr'>pro</span> <span class='ocrx_word' id='word_1_376' title='bbox 1457 1453 1622 1490; x_wconf 83' lang='lat' dir='ltr'>omnihus</span> <span class='ocrx_word' id='word_1_377' title='bbox 1649 1452 1802 1500; x_wconf 81' lang='lat' dir='ltr'>tradere,</span> <span class='ocrx_word' id='word_1_378' title='bbox 1829 1466 1895 1504; x_wconf 85' lang='lat' dir='ltr'>pro</span> <span class='ocrx_word' id='word_1_379' title='bbox 1925 1451 2076 1501; x_wconf 75' lang='lat' dir='ltr'>vilibus,</span> <span class='ocrx_word' id='word_1_380' title='bbox 2098 1451 2158 1488; x_wconf 91' lang='lat' dir='ltr'>in-</span> 
     </span>
     <span class='ocr_line' id='line_1_50' title="bbox 1176 1513 2161 1565; baseline -0.002 -15"><span class='ocrx_word' id='word_1_381' title='bbox 1176 1513 1299 1563; x_wconf 81' lang='lat' dir='ltr'>gratiS,</span> <span class='ocrx_word' id='word_1_382' title='bbox 1313 1513 1477 1562; x_wconf 87' lang='lat' dir='ltr'>inimicis,</span> <span class='ocrx_word' id='word_1_383' title='bbox 1489 1513 1720 1565; x_wconf 82' lang='lat' dir='ltr'>blasphemis.</span> <span class='ocrx_word' id='word_1_384' title='bbox 1741 1514 1938 1564; x_wconf 83' lang='lat' dir='ltr'>Quomodo</span> <span class='ocrx_word' id='word_1_385' title='bbox 1952 1515 2068 1564; x_wconf 79' lang='lat' dir='ltr'>igitur</span> <span class='ocrx_word' id='word_1_386' title='bbox 2084 1526 2161 1549; x_wconf 83' lang='lat' dir='ltr'>non</span> 
     </span>
     <span class='ocr_line' id='line_1_51' title="bbox 1175 1573 2159 1626; baseline -0.001 -15"><span class='ocrx_word' id='word_1_387' title='bbox 1175 1577 1293 1611; x_wconf 76' lang='lat' dir='ltr'>etiam</span> <span class='ocrx_word' id='word_1_388' title='bbox 1307 1589 1393 1612; x_wconf 82' lang='lat' dir='ltr'>cum</span> <span class='ocrx_word' id='word_1_389' title='bbox 1407 1576 1478 1612; x_wconf 81' lang='lat' dir='ltr'>illo</span> <span class='ocrx_word' id='word_1_390' title='bbox 1498 1578 1629 1612; x_wconf 81' lang='lat' dir='ltr'>omnia</span> <span class='ocrx_word' id='word_1_391' title='bbox 1647 1577 1756 1612; x_wconf 75' lang='lat' dir='ltr'>nobis</span> <span class='ocrx_word' id='word_1_392' title='bbox 1778 1574 1993 1626; x_wconf 68' lang='lat' dir='ltr'>largietur?</span> <span class='ocrx_word' id='word_1_393' title='bbox 2014 1573 2055 1610; x_wconf 86' lang='lat' dir='ltr'>Id</span> <span class='ocrx_word' id='word_1_394' title='bbox 2083 1582 2132 1611; x_wconf 87' lang='lat' dir='ltr'>est</span> <span class='ocrx_word' id='word_1_395' title='bbox 2152 1589 2159 1609; x_wconf 70' lang='grc' dir='ltr'>ι</span> 
     </span>
     <span class='ocr_line' id='line_1_52' title="bbox 1176 1635 2160 1686; baseline -0.001 -14"><span class='ocrx_word' id='word_1_396' title='bbox 1176 1635 1207 1673; x_wconf 91' lang='lat' dir='ltr'>si</span> <span class='ocrx_word' id='word_1_397' title='bbox 1222 1636 1355 1673; x_wconf 83' lang='lat' dir='ltr'>Filium</span> <span class='ocrx_word' id='word_1_398' title='bbox 1373 1650 1477 1673; x_wconf 85' lang='lat' dir='ltr'>suum</span> <span class='ocrx_word' id='word_1_399' title='bbox 1491 1635 1640 1686; x_wconf 80' lang='lat' dir='ltr'>largitus</span> <span class='ocrx_word' id='word_1_400' title='bbox 1655 1644 1720 1685; x_wconf 84' lang='lat' dir='ltr'>est,</span> <span class='ocrx_word' id='word_1_401' title='bbox 1737 1649 1799 1672; x_wconf 88' lang='lat' dir='ltr'>nee</span> <span class='ocrx_word' id='word_1_402' title='bbox 1814 1635 1919 1672; x_wconf 85' lang='lat' dir='ltr'>modo</span> <span class='ocrx_word' id='word_1_403' title='bbox 1935 1635 2084 1686; x_wconf 82' lang='lat' dir='ltr'>largitus</span> <span class='ocrx_word' id='word_1_404' title='bbox 2097 1643 2160 1683; x_wconf 87' lang='lat' dir='ltr'>est,</span> 
     </span>
     <span class='ocr_line' id='line_1_53' title="bbox 1176 1695 2159 1747; baseline -0.001 -14"><span class='ocrx_word' id='word_1_405' title='bbox 1176 1695 1236 1733; x_wconf 79' lang='lat' dir='ltr'>scd</span> <span class='ocrx_word' id='word_1_406' title='bbox 1261 1705 1294 1733; x_wconf 87' lang='lat' dir='ltr'>et</span> <span class='ocrx_word' id='word_1_407' title='bbox 1313 1697 1388 1733; x_wconf 88' lang='lat' dir='ltr'>neci</span> <span class='ocrx_word' id='word_1_408' title='bbox 1416 1695 1577 1742; x_wconf 79' lang='lat' dir='ltr'>tradidit,</span> <span class='ocrx_word' id='word_1_409' title='bbox 1601 1695 1688 1746; x_wconf 86' lang='lat' dir='ltr'>quid</span> <span class='ocrx_word' id='word_1_410' title='bbox 1707 1705 1825 1747; x_wconf 88' lang='lat' dir='ltr'>postea</span> <span class='ocrx_word' id='word_1_411' title='bbox 1844 1695 1887 1732; x_wconf 85' lang='lat' dir='ltr'>de</span> <span class='ocrx_word' id='word_1_412' title='bbox 1906 1695 2057 1745; x_wconf 83' lang='lat' dir='ltr'>reliquis</span> <span class='ocrx_word' id='word_1_413' title='bbox 2078 1709 2159 1732; x_wconf 88' lang='lat' dir='ltr'>am—</span> 
     </span>
     <span class='ocr_line' id='line_1_54' title="bbox 1174 1754 2161 1808; baseline -0.004 -12"><span class='ocrx_word' id='word_1_414' title='bbox 1174 1756 1282 1807; x_wconf 75' lang='lat' dir='ltr'>hig-is,</span> <span class='ocrx_word' id='word_1_415' title='bbox 1303 1771 1383 1794; x_wconf 89' lang='lat' dir='ltr'>cum</span> <span class='ocrx_word' id='word_1_416' title='bbox 1403 1756 1600 1794; x_wconf 86' lang='lat' dir='ltr'>Dominum</span> <span class='ocrx_word' id='word_1_417' title='bbox 1619 1755 1821 1808; x_wconf 72' lang='lat' dir='ltr'>acceperis?</span> <span class='ocrx_word' id='word_1_418' title='bbox 1844 1755 1933 1806; x_wconf 86' lang='lat' dir='ltr'>quid</span> <span class='ocrx_word' id='word_1_419' title='bbox 1949 1755 2092 1793; x_wconf 80' lang='lat' dir='ltr'>dubitas</span> <span class='ocrx_word' id='word_1_420' title='bbox 2116 1754 2161 1792; x_wconf 88' lang='lat' dir='ltr'>de</span> 
     </span>
    </p>
   </div>
   <div class='ocr_carea' id='block_1_7' title="bbox 83 1807 2181 1870">
    <p class='ocr_par' dir='ltr' id='par_1_7' title="bbox 83 1807 2181 1870">
     <span class='ocr_line' id='line_1_55' title="bbox 83 1807 2181 1870; baseline -0.003 -12"><span class='ocrx_word' id='word_1_421' title='bbox 83 1827 155 1862; x_wconf 66' lang='grc' dir='ltr'>Υὲῑ,</span> <span class='ocrx_word' id='word_1_422' title='bbox 185 1810 337 1849; x_wconf 64' lang='grc' dir='ltr'>τῡῑθῧῖόν</span> <span class='ocrx_word' id='word_1_423' title='bbox 370 1812 462 1848; x_wconf 66' lang='grc' dir='ltr'>ἕστῑν</span> <span class='ocrx_word' id='word_1_424' title='bbox 479 1824 486 1832; x_wconf 85' lang='lat'><strong><em>‘</em></strong></span> <span class='ocrx_word' id='word_1_425' title='bbox 515 1811 544 1846; x_wconf 67' lang='lat' dir='ltr'>s?</span> <span class='ocrx_word' id='word_1_426' title='bbox 569 1809 626 1845; x_wconf 65' lang='grc' dir='ltr'>τὸν</span> <span class='ocrx_word' id='word_1_427' title='bbox 655 1808 739 1846; x_wconf 62' lang='grc' dir='ltr'>Υἷὸν</span> <span class='ocrx_word' id='word_1_428' title='bbox 768 1810 869 1846; x_wconf 65' lang='grc' dir='ltr'>αὐτοῦ</span> <span class='ocrx_word' id='word_1_429' title='bbox 893 1807 1468 1870; x_wconf 48' lang='grc' dir='ltr'>ἕχαρίσῑιτῡ)5971)055655ἰοι]ἰ1)ι15,</span> <span class='ocrx_word' id='word_1_430' title='bbox 1494 1817 1690 1855; x_wconf 85' lang='lat' dir='ltr'>Dominum</span> <span class='ocrx_word' id='word_1_431' title='bbox 1710 1817 1872 1854; x_wconf 77' lang='lat' dir='ltr'>liabens?</span> <span class='ocrx_word' id='word_1_432' title='bbox 1898 1815 1970 1862; x_wconf 83' lang='lat' dir='ltr'>Qui</span> <span class='ocrx_word' id='word_1_433' title='bbox 1991 1816 2085 1853; x_wconf 84' lang='lat' dir='ltr'>enim</span> <span class='ocrx_word' id='word_1_434' title='bbox 2108 1815 2181 1861; x_wconf 67' lang='lat' dir='ltr'>id,‹</span> 
     </span>
    </p>
   </div>
   <div class='ocr_carea' id='block_1_8' title="bbox 81 1869 1109 3200">
    <p class='ocr_par' dir='ltr' id='par_1_8' title="bbox 82 1869 1104 2222">
     <span class='ocr_line' id='line_1_56' title="bbox 83 1869 1104 1924; baseline -0.006 -13"><span class='ocrx_word' id='word_1_435' title='bbox 83 1872 143 1911; x_wconf 83' lang='grc' dir='ltr'>καὶ</span> <span class='ocrx_word' id='word_1_436' title='bbox 157 1874 221 1924; x_wconf 66' lang='grc' dir='ltr'>οὐχ</span> <span class='ocrx_word' id='word_1_437' title='bbox 234 1873 352 1915; x_wconf 79' lang='grc' dir='ltr'>ἁπλῶς</span> <span class='ocrx_word' id='word_1_438' title='bbox 369 1869 557 1922; x_wconf 66' lang='grc' dir='ltr'>ἐχαρίσατο</span> <span class='ocrx_word' id='word_1_439' title='bbox 568 1900 578 1917; x_wconf 91' lang='grc'>,</span> <span class='ocrx_word' id='word_1_440' title='bbox 594 1869 683 1907; x_wconf 82' lang='grc' dir='ltr'>ἀλλὰ</span> <span class='ocrx_word' id='word_1_441' title='bbox 695 1869 754 1907; x_wconf 79' lang='grc' dir='ltr'>καὶ</span> <span class='ocrx_word' id='word_1_442' title='bbox 770 1873 885 1921; x_wconf 59' lang='grc' dir='ltr'>σφαγῇ</span> <span class='ocrx_word' id='word_1_443' title='bbox 903 1869 1084 1922; x_wconf 76' lang='grc' dir='ltr'>παρέδωκε</span> <span class='ocrx_word' id='word_1_444' title='bbox 1095 1899 1104 1917; x_wconf 85' lang='grc'>,</span> 
     </span>
     <span class='ocr_line' id='line_1_57' title="bbox 83 1928 1104 1984; baseline -0.005 -13"><span class='ocrx_word' id='word_1_445' title='bbox 83 1933 118 1971; x_wconf 81' lang='grc' dir='ltr'>τί</span> <span class='ocrx_word' id='word_1_446' title='bbox 143 1932 263 1970; x_wconf 81' lang='grc' dir='ltr'>λοιπὸν</span> <span class='ocrx_word' id='word_1_447' title='bbox 293 1930 373 1984; x_wconf 83' lang='grc' dir='ltr'>περὶ</span> <span class='ocrx_word' id='word_1_448' title='bbox 391 1932 458 1967; x_wconf 81' lang='grc' dir='ltr'>τῶν</span> <span class='ocrx_word' id='word_1_449' title='bbox 483 1930 597 1968; x_wconf 80' lang='grc' dir='ltr'>ἄλλων</span> <span class='ocrx_word' id='word_1_450' title='bbox 618 1928 868 1980; x_wconf 62' lang='grc' dir='ltr'>ἀμφιὲάλλεις,</span> <span class='ocrx_word' id='word_1_451' title='bbox 887 1929 945 1967; x_wconf 85' lang='grc' dir='ltr'>τὸν</span> <span class='ocrx_word' id='word_1_452' title='bbox 966 1929 1104 1967; x_wconf 73' lang='grc' dir='ltr'>Δεσπό-</span> 
     </span>
     <span class='ocr_line' id='line_1_58' title="bbox 83 1990 1104 2041; baseline -0.005 -10"><span class='ocrx_word' id='word_1_453' title='bbox 83 2010 147 2040; x_wconf 88' lang='grc' dir='ltr'>την</span> <span class='ocrx_word' id='word_1_454' title='bbox 179 1992 316 2039; x_wconf 63' lang='grc' dir='ltr'>λαὲών,</span> <span class='ocrx_word' id='word_1_455' title='bbox 346 1992 378 2029; x_wconf 88' lang='grc' dir='ltr'>τί</span> <span class='ocrx_word' id='word_1_456' title='bbox 411 1991 579 2035; x_wconf 84' lang='grc' dir='ltr'>διστάζεις</span> <span class='ocrx_word' id='word_1_457' title='bbox 611 1990 691 2041; x_wconf 78' lang='grc' dir='ltr'>περὶ</span> <span class='ocrx_word' id='word_1_458' title='bbox 721 1992 789 2028; x_wconf 80' lang='grc' dir='ltr'>τῶν</span> <span class='ocrx_word' id='word_1_459' title='bbox 817 1990 1022 2041; x_wconf 71' lang='grc' dir='ltr'>κτημάτων,</span> <span class='ocrx_word' id='word_1_460' title='bbox 1046 1990 1104 2028; x_wconf 81' lang='grc' dir='ltr'>τὸν</span> 
     </span>
     <span class='ocr_line' id='line_1_59' title="bbox 82 2050 1102 2107; baseline -0.004 -15"><span class='ocrx_word' id='word_1_461' title='bbox 82 2053 211 2107; x_wconf 83' lang='grc' dir='ltr'>Κύριον</span> <span class='ocrx_word' id='word_1_462' title='bbox 227 2053 337 2105; x_wconf 66' lang='grc' dir='ltr'>ἔχων,</span> <span class='ocrx_word' id='word_1_463' title='bbox 354 2051 398 2090; x_wconf 73' lang='lat' dir='ltr'>‘O</span> <span class='ocrx_word' id='word_1_464' title='bbox 414 2052 482 2103; x_wconf 73' lang='grc' dir='ltr'>γὰρ</span> <span class='ocrx_word' id='word_1_465' title='bbox 501 2052 540 2089; x_wconf 81' lang='grc' dir='ltr'>τὸ</span> <span class='ocrx_word' id='word_1_466' title='bbox 557 2054 669 2102; x_wconf 85' lang='grc' dir='ltr'>μεῖζον</span> <span class='ocrx_word' id='word_1_467' title='bbox 687 2056 758 2094; x_wconf 89' lang='grc' dir='ltr'>τοῖς</span> <span class='ocrx_word' id='word_1_468' title='bbox 771 2053 906 2104; x_wconf 62' lang='grc' dir='ltr'>ἐχθροῖς</span> <span class='ocrx_word' id='word_1_469' title='bbox 927 2050 1102 2098; x_wconf 78' lang='grc' dir='ltr'>δεδωκὼς,</span> 
     </span>
     <span class='ocr_line' id='line_1_60' title="bbox 83 2111 1103 2164; baseline -0.002 -11"><span class='ocrx_word' id='word_1_470' title='bbox 83 2118 156 2159; x_wconf 84' lang='grc' dir='ltr'>πῶς</span> <span class='ocrx_word' id='word_1_471' title='bbox 172 2114 214 2153; x_wconf 84' lang='grc' dir='ltr'>τὰ</span> <span class='ocrx_word' id='word_1_472' title='bbox 233 2114 399 2153; x_wconf 71' lang='grc' dir='ltr'>ἐλάττονα</span> <span class='ocrx_word' id='word_1_473' title='bbox 417 2115 454 2151; x_wconf 81' lang='grc' dir='ltr'>οὐ</span> <span class='ocrx_word' id='word_1_474' title='bbox 475 2112 578 2151; x_wconf 80' lang='grc' dir='ltr'>δώσει</span> <span class='ocrx_word' id='word_1_475' title='bbox 597 2119 667 2156; x_wconf 89' lang='grc' dir='ltr'>τοῖς</span> <span class='ocrx_word' id='word_1_476' title='bbox 688 2111 818 2164; x_wconf 69' lang='grc' dir='ltr'>φίλοις,</span> <span class='ocrx_word' id='word_1_477' title='bbox 836 2112 901 2157; x_wconf 89' lang='grc' dir='ltr'>Τίς</span> <span class='ocrx_word' id='word_1_478' title='bbox 920 2112 1103 2164; x_wconf 82' lang='grc' dir='ltr'>ἐγκαλέσει</span> 
     </span>
     <span class='ocr_line' id='line_1_61' title="bbox 83 2176 488 2222; baseline -0.005 -7"><span class='ocrx_word' id='word_1_479' title='bbox 83 2176 173 2215; x_wconf 77' lang='grc' dir='ltr'>κατὰ</span> <span class='ocrx_word' id='word_1_480' title='bbox 190 2179 361 2215; x_wconf 79' lang='grc' dir='ltr'>ἐκλεκτῶν</span> <span class='ocrx_word' id='word_1_481' title='bbox 377 2177 488 2222; x_wconf 84' lang='grc' dir='ltr'>Θεοῦ;</span> 
     </span>
    </p>

    <p class='ocr_par' dir='ltr' id='par_1_9' title="bbox 81 2235 1109 3200">
     <span class='ocr_line' id='line_1_62' title="bbox 135 2235 1105 2289; baseline -0.001 -13"><span class='ocrx_word' id='word_1_482' title='bbox 135 2237 311 2276; x_wconf 78' lang='grc' dir='ltr'>Ἐνταῦθα</span> <span class='ocrx_word' id='word_1_483' title='bbox 329 2236 414 2289; x_wconf 79' lang='grc' dir='ltr'>πρὸς</span> <span class='ocrx_word' id='word_1_484' title='bbox 441 2235 520 2278; x_wconf 74' lang='grc' dir='ltr'>τοὺς</span> <span class='ocrx_word' id='word_1_485' title='bbox 537 2235 721 2286; x_wconf 85' lang='grc' dir='ltr'>λέγοντας,</span> <span class='ocrx_word' id='word_1_486' title='bbox 741 2237 793 2274; x_wconf 80' lang='grc' dir='ltr'>ὅτι</span> <span class='ocrx_word' id='word_1_487' title='bbox 819 2235 914 2275; x_wconf 73' lang='grc' dir='ltr'>οὐδὲν</span> <span class='ocrx_word' id='word_1_488' title='bbox 940 2237 961 2282; x_wconf 81' lang='grc' dir='ltr'>ἡ</span> <span class='ocrx_word' id='word_1_489' title='bbox 988 2235 1105 2281; x_wconf 86' lang='grc' dir='ltr'>πίστις</span> 
     </span>
     <span class='ocr_line' id='line_1_63' title="bbox 82 2296 1104 2352; baseline -0.003 -14"><span class='ocrx_word' id='word_1_490' title='bbox 82 2301 230 2352; x_wconf 71' lang='grc' dir='ltr'>ὠφελεῖ,</span> <span class='ocrx_word' id='word_1_491' title='bbox 265 2298 323 2336; x_wconf 80' lang='grc' dir='ltr'>καὶ</span> <span class='ocrx_word' id='word_1_492' title='bbox 346 2299 577 2339; x_wconf 79' lang='grc' dir='ltr'>ἀπιστοῦντας</span> <span class='ocrx_word' id='word_1_493' title='bbox 599 2300 641 2348; x_wconf 73' lang='grc' dir='ltr'>τῇ</span> <span class='ocrx_word' id='word_1_494' title='bbox 678 2297 786 2351; x_wconf 71' lang='grc' dir='ltr'>ἀθρόα</span> <span class='ocrx_word' id='word_1_495' title='bbox 808 2296 1001 2348; x_wconf 67' lang='grc' dir='ltr'>μεταὸολῇ.</span> <span class='ocrx_word' id='word_1_496' title='bbox 1035 2298 1104 2335; x_wconf 79' lang='grc' dir='ltr'>Καὶ</span> 
     </span>
     <span class='ocr_line' id='line_1_64' title="bbox 81 2357 1105 2412; baseline -0.005 -12"><span class='ocrx_word' id='word_1_497' title='bbox 81 2361 146 2412; x_wconf 75' lang='grc' dir='ltr'>ὅρα</span> <span class='ocrx_word' id='word_1_498' title='bbox 164 2362 238 2404; x_wconf 79' lang='grc' dir='ltr'>πῶς</span> <span class='ocrx_word' id='word_1_499' title='bbox 266 2358 402 2410; x_wconf 73' lang='grc' dir='ltr'>ταχέως</span> <span class='ocrx_word' id='word_1_500' title='bbox 427 2357 548 2400; x_wconf 72' lang='grc' dir='ltr'>αὐτοὺς</span> <span class='ocrx_word' id='word_1_501' title='bbox 568 2357 794 2408; x_wconf 76' lang='grc' dir='ltr'>ἐπεστόμισεν</span> <span class='ocrx_word' id='word_1_502' title='bbox 818 2357 885 2395; x_wconf 81' lang='grc' dir='ltr'>ἀπὸ</span> <span class='ocrx_word' id='word_1_503' title='bbox 906 2361 964 2395; x_wconf 83' lang='grc' dir='ltr'>τοῦ</span> <span class='ocrx_word' id='word_1_504' title='bbox 997 2357 1105 2402; x_wconf 75' lang='grc' dir='ltr'>ἀξιώ-</span> 
     </span>
     <span class='ocr_line' id='line_1_65' title="bbox 83 2412 1104 2472; baseline -0.001 -14"><span class='ocrx_word' id='word_1_505' title='bbox 83 2437 191 2472; x_wconf 85' lang='grc' dir='ltr'>ματος</span> <span class='ocrx_word' id='word_1_506' title='bbox 208 2425 267 2459; x_wconf 82' lang='grc' dir='ltr'>τοῦ</span> <span class='ocrx_word' id='word_1_507' title='bbox 287 2417 528 2468; x_wconf 81' lang='grc' dir='ltr'>ἐκλεξαμένου.</span> <span class='ocrx_word' id='word_1_508' title='bbox 550 2418 619 2455; x_wconf 85' lang='grc' dir='ltr'>Καὶ</span> <span class='ocrx_word' id='word_1_509' title='bbox 639 2420 701 2456; x_wconf 80' lang='grc' dir='ltr'>οὐκ</span> <span class='ocrx_word' id='word_1_510' title='bbox 731 2412 825 2466; x_wconf 68' lang='grc' dir='ltr'>εἶπε,</span> <span class='ocrx_word' id='word_1_511' title='bbox 851 2418 903 2461; x_wconf 88' lang='grc' dir='ltr'>τίς</span> <span class='ocrx_word' id='word_1_512' title='bbox 922 2418 1104 2469; x_wconf 80' lang='grc' dir='ltr'>ἐγκαλέσει</span> 
     </span>
     <span class='ocr_line' id='line_1_66' title="bbox 82 2478 1103 2527; baseline -0.002 -7"><span class='ocrx_word' id='word_1_513' title='bbox 82 2482 174 2520; x_wconf 75' lang='grc' dir='ltr'>κατὰ</span> <span class='ocrx_word' id='word_1_514' title='bbox 191 2483 260 2518; x_wconf 80' lang='grc' dir='ltr'>τῶν</span> <span class='ocrx_word' id='word_1_515' title='bbox 281 2480 410 2517; x_wconf 81' lang='grc' dir='ltr'>δούλων</span> <span class='ocrx_word' id='word_1_516' title='bbox 434 2483 492 2516; x_wconf 90' lang='grc' dir='ltr'>τοῦ</span> <span class='ocrx_word' id='word_1_517' title='bbox 517 2480 630 2525; x_wconf 87' lang='grc' dir='ltr'>Θεοῦ,</span> <span class='ocrx_word' id='word_1_518' title='bbox 650 2478 744 2527; x_wconf 75' lang='grc' dir='ltr'>οὐδὲ,</span> <span class='ocrx_word' id='word_1_519' title='bbox 763 2479 855 2518; x_wconf 74' lang='grc' dir='ltr'>κατὰ</span> <span class='ocrx_word' id='word_1_520' title='bbox 881 2483 949 2517; x_wconf 85' lang='grc' dir='ltr'>τῶν</span> <span class='ocrx_word' id='word_1_521' title='bbox 970 2483 1103 2518; x_wconf 77' lang='grc' dir='ltr'>πιστῶν</span> 
     </span>
     <span class='ocr_line' id='line_1_67' title="bbox 83 2539 1104 2592; baseline -0.002 -12"><span class='ocrx_word' id='word_1_522' title='bbox 83 2547 142 2580; x_wconf 85' lang='grc' dir='ltr'>τοῦ</span> <span class='ocrx_word' id='word_1_523' title='bbox 154 2545 245 2580; x_wconf 88' lang='grc' dir='ltr'>Θεοῦ</span> <span class='ocrx_word' id='word_1_524' title='bbox 257 2570 266 2586; x_wconf 94' lang='grc'>,</span> <span class='ocrx_word' id='word_1_525' title='bbox 285 2540 374 2578; x_wconf 79' lang='grc' dir='ltr'>ἀλλὰ</span> <span class='ocrx_word' id='word_1_526' title='bbox 385 2569 394 2587; x_wconf 90' lang='grc'>,</span> <span class='ocrx_word' id='word_1_527' title='bbox 412 2539 511 2578; x_wconf 75' lang='grc' dir='ltr'>Κατὰ</span> <span class='ocrx_word' id='word_1_528' title='bbox 522 2542 589 2577; x_wconf 80' lang='grc' dir='ltr'>τῶν</span> <span class='ocrx_word' id='word_1_529' title='bbox 609 2541 781 2578; x_wconf 79' lang='grc' dir='ltr'>ἐκλεκτῶν</span> <span class='ocrx_word' id='word_1_530' title='bbox 797 2545 857 2578; x_wconf 80' lang='grc' dir='ltr'>τοῦ</span> <span class='ocrx_word' id='word_1_531' title='bbox 872 2543 964 2579; x_wconf 83' lang='grc' dir='ltr'>Θεοῦ</span> <span class='ocrx_word' id='word_1_532' title='bbox 979 2557 986 2564; x_wconf 89' lang='grc'><em>·</em></span> <span class='ocrx_word' id='word_1_533' title='bbox 1001 2545 1022 2588; x_wconf 83' lang='grc' dir='ltr'>ἡ</span> <span class='ocrx_word' id='word_1_534' title='bbox 1038 2541 1104 2592; x_wconf 76' lang='grc' dir='ltr'>γὰρ</span> 
     </span>
     <span class='ocr_line' id='line_1_68' title="bbox 84 2600 1105 2654; baseline -0.002 -13"><span class='ocrx_word' id='word_1_535' title='bbox 84 2602 208 2653; x_wconf 85' lang='grc' dir='ltr'>ἐκλογὴ</span> <span class='ocrx_word' id='word_1_536' title='bbox 224 2604 348 2654; x_wconf 76' lang='grc' dir='ltr'>ἀρετῆς</span> <span class='ocrx_word' id='word_1_537' title='bbox 361 2600 503 2650; x_wconf 83' lang='grc' dir='ltr'>σημεῖόν</span> <span class='ocrx_word' id='word_1_538' title='bbox 514 2602 620 2637; x_wconf 84' lang='grc' dir='ltr'>ἐστιν.</span> <span class='ocrx_word' id='word_1_539' title='bbox 640 2602 683 2638; x_wconf 83' lang='grc' dir='ltr'>Εἰ</span> <span class='ocrx_word' id='word_1_540' title='bbox 699 2600 766 2653; x_wconf 79' lang='grc' dir='ltr'>γὰρ</span> <span class='ocrx_word' id='word_1_541' title='bbox 790 2601 928 2638; x_wconf 78' lang='grc' dir='ltr'>ἐπειδὰν</span> <span class='ocrx_word' id='word_1_542' title='bbox 945 2602 1105 2639; x_wconf 67' lang='grc' dir='ltr'>πωλοδα-</span> 
     </span>
     <span class='ocr_line' id='line_1_69' title="bbox 86 2660 1104 2714; baseline -0.004 -13"><span class='ocrx_word' id='word_1_543' title='bbox 86 2680 174 2714; x_wconf 84' lang='grc' dir='ltr'>μνης</span> <span class='ocrx_word' id='word_1_544' title='bbox 191 2662 326 2703; x_wconf 82' lang='grc' dir='ltr'>πώλους</span> <span class='ocrx_word' id='word_1_545' title='bbox 342 2660 524 2707; x_wconf 74' lang='grc' dir='ltr'>ἐκλέξηται</span> <span class='ocrx_word' id='word_1_546' title='bbox 544 2660 758 2707; x_wconf 76' lang='grc' dir='ltr'>ἐπιτηδείους</span> <span class='ocrx_word' id='word_1_547' title='bbox 777 2661 862 2712; x_wconf 79' lang='grc' dir='ltr'>πρὸς</span> <span class='ocrx_word' id='word_1_548' title='bbox 881 2661 937 2698; x_wconf 80' lang='grc' dir='ltr'>τὸν</span> <span class='ocrx_word' id='word_1_549' title='bbox 965 2660 1104 2712; x_wconf 81' lang='grc' dir='ltr'>δρόμον,</span> 
     </span>
     <span class='ocr_line' id='line_1_70' title="bbox 85 2720 1106 2773; baseline -0.005 -11"><span class='ocrx_word' id='word_1_550' title='bbox 85 2724 194 2767; x_wconf 76' lang='grc' dir='ltr'>οὐδεὶς</span> <span class='ocrx_word' id='word_1_551' title='bbox 205 2723 398 2773; x_wconf 61' lang='grc' dir='ltr'>ἐπισκῆψαι</span> <span class='ocrx_word' id='word_1_552' title='bbox 412 2720 616 2768; x_wconf 78' lang='grc' dir='ltr'>δυνήσεται,</span> <span class='ocrx_word' id='word_1_553' title='bbox 629 2720 719 2758; x_wconf 80' lang='grc' dir='ltr'>ἀλλὰ</span> <span class='ocrx_word' id='word_1_554' title='bbox 737 2720 996 2771; x_wconf 85' lang='grc' dir='ltr'>καταγέλαστος</span> <span class='ocrx_word' id='word_1_555' title='bbox 1010 2721 1106 2772; x_wconf 85' lang='grc' dir='ltr'>γίνε-</span> 
     </span>
     <span class='ocr_line' id='line_1_71' title="bbox 84 2780 1106 2833; baseline -0.004 -10"><span class='ocrx_word' id='word_1_556' title='bbox 84 2801 166 2831; x_wconf 86' lang='grc' dir='ltr'>ται,</span> <span class='ocrx_word' id='word_1_557' title='bbox 196 2783 260 2821; x_wconf 75' lang='grc' dir='ltr'>κᾶν</span> <span class='ocrx_word' id='word_1_558' title='bbox 281 2781 452 2833; x_wconf 81' lang='grc' dir='ltr'>ἐγκαλέσῃ</span> <span class='ocrx_word' id='word_1_559' title='bbox 473 2796 524 2824; x_wconf 91' lang='grc' dir='ltr'>τις</span> <span class='ocrx_word' id='word_1_560' title='bbox 538 2797 545 2804; x_wconf 91' lang='grc'><em>·</em></span> <span class='ocrx_word' id='word_1_561' title='bbox 575 2782 694 2832; x_wconf 82' lang='grc' dir='ltr'>πολλῷ</span> <span class='ocrx_word' id='word_1_562' title='bbox 723 2783 853 2831; x_wconf 73' lang='grc' dir='ltr'>μᾶλλον</span> <span class='ocrx_word' id='word_1_563' title='bbox 877 2780 957 2818; x_wconf 77' lang='grc' dir='ltr'>ὅταν</span> <span class='ocrx_word' id='word_1_564' title='bbox 979 2784 996 2818; x_wconf 85' lang='grc' dir='ltr'>ὁ</span> <span class='ocrx_word' id='word_1_565' title='bbox 1018 2782 1106 2824; x_wconf 76' lang='grc' dir='ltr'>Θεὸς</span> 
     </span>
     <span class='ocr_line' id='line_1_72' title="bbox 84 2841 1108 2897; baseline -0.005 -12"><span class='ocrx_word' id='word_1_566' title='bbox 84 2845 269 2897; x_wconf 80' lang='grc' dir='ltr'>ἐκλέγηται</span> <span class='ocrx_word' id='word_1_567' title='bbox 316 2842 429 2895; x_wconf 70' lang='grc' dir='ltr'>ψυχὰς</span> <span class='ocrx_word' id='word_1_568' title='bbox 449 2873 459 2890; x_wconf 87' lang='grc'>,</span> <span class='ocrx_word' id='word_1_569' title='bbox 512 2841 767 2893; x_wconf 79' lang='grc' dir='ltr'>καταγέλαστοι</span> <span class='ocrx_word' id='word_1_570' title='bbox 800 2845 831 2880; x_wconf 86' lang='grc' dir='ltr'>οἱ</span> <span class='ocrx_word' id='word_1_571' title='bbox 871 2845 1108 2893; x_wconf 80' lang='grc' dir='ltr'>ἐγκαλοῦντες.</span> 
     </span>
     <span class='ocr_line' id='line_1_73' title="bbox 84 2898 1108 2955; baseline -0.003 -10"><span class='ocrx_word' id='word_1_572' title='bbox 84 2907 173 2951; x_wconf 77' lang='grc' dir='ltr'>Θεὸς</span> <span class='ocrx_word' id='word_1_573' title='bbox 198 2909 215 2943; x_wconf 84' lang='grc' dir='ltr'>ὁ</span> <span class='ocrx_word' id='word_1_574' title='bbox 250 2907 403 2951; x_wconf 79' lang='grc' dir='ltr'>δικαιῶν,</span> <span class='ocrx_word' id='word_1_575' title='bbox 423 2903 474 2947; x_wconf 86' lang='grc' dir='ltr'>τίς</span> <span class='ocrx_word' id='word_1_576' title='bbox 499 2906 516 2941; x_wconf 84' lang='grc' dir='ltr'><strong><em>ὃ</em></strong></span> <span class='ocrx_word' id='word_1_577' title='bbox 534 2902 773 2955; x_wconf 67' lang='grc' dir='ltr'>κατακρίνων,</span> <span class='ocrx_word' id='word_1_578' title='bbox 803 2904 881 2941; x_wconf 80' lang='grc' dir='ltr'>Οὐκ</span> <span class='ocrx_word' id='word_1_579' title='bbox 905 2898 979 2941; x_wconf 66' lang='grc' dir='ltr'>εἶπε</span> <span class='ocrx_word' id='word_1_580' title='bbox 996 2934 1004 2951; x_wconf 90' lang='grc'>,</span> <span class='ocrx_word' id='word_1_581' title='bbox 1019 2904 1108 2946; x_wconf 78' lang='grc' dir='ltr'>Θεὸς</span> 
     </span>
     <span class='ocr_line' id='line_1_74' title="bbox 83 2959 1107 3019; baseline -0.005 -14"><span class='ocrx_word' id='word_1_582' title='bbox 83 2972 102 3007; x_wconf 85' lang='grc' dir='ltr'><strong><em>ὃ</em></strong></span> <span class='ocrx_word' id='word_1_583' title='bbox 130 2967 226 3019; x_wconf 72' lang='grc' dir='ltr'>ἀφεὶς</span> <span class='ocrx_word' id='word_1_584' title='bbox 260 2964 522 3018; x_wconf 78' lang='grc' dir='ltr'>ἁμαρτήματα,</span> <span class='ocrx_word' id='word_1_585' title='bbox 558 2965 655 3012; x_wconf 80' lang='grc' dir='ltr'>ἀλλ’,</span> <span class='ocrx_word' id='word_1_586' title='bbox 694 2963 711 3001; x_wconf 81' lang='grc' dir='ltr'>ὃ</span> <span class='ocrx_word' id='word_1_587' title='bbox 742 2965 861 3016; x_wconf 84' lang='grc' dir='ltr'>πολλῷ</span> <span class='ocrx_word' id='word_1_588' title='bbox 903 2967 1017 3014; x_wconf 81' lang='grc' dir='ltr'>μεῖζον</span> <span class='ocrx_word' id='word_1_589' title='bbox 1052 2959 1107 3012; x_wconf 61' lang='grc' dir='ltr'>ἦν,</span> 
     </span>
     <span class='ocr_line' id='line_1_75' title="bbox 84 3025 1107 3077; baseline -0.006 -9"><span class='ocrx_word' id='word_1_590' title='bbox 84 3030 173 3072; x_wconf 79' lang='grc' dir='ltr'>Θεὸς</span> <span class='ocrx_word' id='word_1_591' title='bbox 200 3031 218 3066; x_wconf 78' lang='grc' dir='ltr'><em>ὃ</em></span> <span class='ocrx_word' id='word_1_592' title='bbox 243 3028 400 3065; x_wconf 80' lang='grc' dir='ltr'>δικαιῶν.</span> <span class='ocrx_word' id='word_1_593' title='bbox 422 3025 534 3063; x_wconf 64' lang='grc' dir='ltr'>εὈταν</span> <span class='ocrx_word' id='word_1_594' title='bbox 568 3025 636 3077; x_wconf 81' lang='grc' dir='ltr'>γὰρ</span> <span class='ocrx_word' id='word_1_595' title='bbox 668 3028 690 3071; x_wconf 76' lang='grc' dir='ltr'><strong>ἡ</strong></span> <span class='ocrx_word' id='word_1_596' title='bbox 723 3029 782 3063; x_wconf 90' lang='grc' dir='ltr'>τοῦ</span> <span class='ocrx_word' id='word_1_597' title='bbox 813 3027 976 3063; x_wconf 82' lang='grc' dir='ltr'>δικαστοῦ</span> <span class='ocrx_word' id='word_1_598' title='bbox 996 3027 1107 3077; x_wconf 65' lang='grc' dir='ltr'>ψῆφος</span> 
     </span>
     <span class='ocr_line' id='line_1_76' title="bbox 85 3085 1109 3138; baseline -0.003 -11"><span class='ocrx_word' id='word_1_599' title='bbox 85 3090 216 3127; x_wconf 79' lang='grc' dir='ltr'>δίκαιον</span> <span class='ocrx_word' id='word_1_600' title='bbox 237 3086 396 3138; x_wconf 66' lang='grc' dir='ltr'>ἀποφήνῃ</span> <span class='ocrx_word' id='word_1_601' title='bbox 410 3116 419 3133; x_wconf 82' lang='grc'>,</span> <span class='ocrx_word' id='word_1_602' title='bbox 442 3086 501 3123; x_wconf 82' lang='grc' dir='ltr'>καὶ</span> <span class='ocrx_word' id='word_1_603' title='bbox 521 3087 684 3124; x_wconf 81' lang='grc' dir='ltr'>δικαστοῦ</span> <span class='ocrx_word' id='word_1_604' title='bbox 710 3085 887 3131; x_wconf 79' lang='grc' dir='ltr'>τοιούτου,</span> <span class='ocrx_word' id='word_1_605' title='bbox 904 3085 994 3128; x_wconf 85' lang='grc' dir='ltr'>τίνος</span> <span class='ocrx_word' id='word_1_606' title='bbox 1017 3085 1109 3129; x_wconf 76' lang='grc' dir='ltr'>ἄξιος</span> 
     </span>
     <span class='ocr_line' id='line_1_77' title="bbox 88 3146 1108 3200; baseline -0.005 -11"><span class='ocrx_word' id='word_1_607' title='bbox 88 3155 106 3189; x_wconf 84' lang='grc' dir='ltr'><em>ὃ</em></span> <span class='ocrx_word' id='word_1_608' title='bbox 120 3150 344 3200; x_wconf 79' lang='grc' dir='ltr'>κατηγορῶν;</span> <span class='ocrx_word' id='word_1_609' title='bbox 362 3149 496 3185; x_wconf 84' lang='grc' dir='ltr'>Οὐκοῦν</span> <span class='ocrx_word' id='word_1_610' title='bbox 513 3146 591 3184; x_wconf 78' lang='grc' dir='ltr'>οὔτε</span> <span class='ocrx_word' id='word_1_611' title='bbox 606 3146 683 3190; x_wconf 76' lang='grc' dir='ltr'>τοὺς</span> <span class='ocrx_word' id='word_1_612' title='bbox 697 3147 912 3199; x_wconf 70' lang='grc' dir='ltr'>πειρασμοὺς</span> <span class='ocrx_word' id='word_1_613' title='bbox 928 3147 1108 3198; x_wconf 60' lang='grc' dir='ltr'>φοέεῐσῡαι</span> 
     </span>
    </p>
   </div>
   <div class='ocr_carea' id='block_1_9' title="bbox 86 3205 1133 3260">
    <p class='ocr_par' dir='ltr' id='par_1_10' title="bbox 86 3205 1133 3260">
     <span class='ocr_line' id='line_1_78' title="bbox 86 3205 1133 3260; baseline -0.005 -11"><span class='ocrx_word' id='word_1_614' title='bbox 86 3211 236 3250; x_wconf 82' lang='grc' dir='ltr'>δίκαιον·</span> <span class='ocrx_word' id='word_1_615' title='bbox 257 3207 342 3259; x_wconf 76' lang='grc' dir='ltr'>ὑπὲρ</span> <span class='ocrx_word' id='word_1_616' title='bbox 369 3207 436 3260; x_wconf 70' lang='grc' dir='ltr'>γὰρ</span> <span class='ocrx_word' id='word_1_617' title='bbox 452 3210 552 3258; x_wconf 78' lang='grc' dir='ltr'>ἡμῶν</span> <span class='ocrx_word' id='word_1_618' title='bbox 573 3209 664 3245; x_wconf 87' lang='grc' dir='ltr'>ἐστιν</span> <span class='ocrx_word' id='word_1_619' title='bbox 683 3211 700 3245; x_wconf 83' lang='grc' dir='ltr'>ὃ</span> <span class='ocrx_word' id='word_1_620' title='bbox 721 3208 809 3251; x_wconf 78' lang='grc' dir='ltr'>Θεὸς</span> <span class='ocrx_word' id='word_1_621' title='bbox 824 3237 833 3253; x_wconf 93' lang='grc'>,</span> <span class='ocrx_word' id='word_1_622' title='bbox 855 3207 914 3245; x_wconf 80' lang='grc' dir='ltr'>καὶ</span> <span class='ocrx_word' id='word_1_623' title='bbox 934 3207 1107 3253; x_wconf 78' lang='grc' dir='ltr'>ἐδήλωσεν</span> <span class='ocrx_word' id='word_1_624' title='bbox 1127 3205 1133 3208; x_wconf 24' lang='lat' dir='ltr'><em>l</em></span> 
     </span>
    </p>
   </div>
   <div class='ocr_carea' id='block_1_10' title="bbox 89 3265 1108 3441">
    <p class='ocr_par' dir='ltr' id='par_1_11' title="bbox 89 3265 1108 3441">
     <span class='ocr_line' id='line_1_79' title="bbox 89 3265 1107 3320; baseline -0.005 -10"><span class='ocrx_word' id='word_1_625' title='bbox 89 3271 122 3316; x_wconf 79' lang='grc' dir='ltr'>ἐξ</span> <span class='ocrx_word' id='word_1_626' title='bbox 147 3265 193 3308; x_wconf 61' lang='grc' dir='ltr'>ὧν</span> <span class='ocrx_word' id='word_1_627' title='bbox 221 3268 380 3315; x_wconf 83' lang='grc' dir='ltr'>ἐποίησεν</span> <span class='ocrx_word' id='word_1_628' title='bbox 400 3283 407 3291; x_wconf 84' lang='lat'><strong>·</strong></span> <span class='ocrx_word' id='word_1_629' title='bbox 429 3268 506 3305; x_wconf 81' lang='grc' dir='ltr'>οὔτε</span> <span class='ocrx_word' id='word_1_630' title='bbox 534 3268 596 3310; x_wconf 80' lang='grc' dir='ltr'>τὰς</span> <span class='ocrx_word' id='word_1_631' title='bbox 624 3267 790 3320; x_wconf 78' lang='grc' dir='ltr'>φλυαρίας</span> <span class='ocrx_word' id='word_1_632' title='bbox 813 3267 874 3311; x_wconf 81' lang='grc' dir='ltr'>τὰς</span> <span class='ocrx_word' id='word_1_633' title='bbox 890 3268 1082 3312; x_wconf 63' lang='grc' dir='ltr'>Ἰουδαϊκοῖς</span> <span class='ocrx_word' id='word_1_634' title='bbox 1101 3284 1107 3292; x_wconf 93' lang='grc'><em>·</em></span> 
     </span>
     <span class='ocr_line' id='line_1_80' title="bbox 89 3329 1108 3383; baseline -0.002 -13"><span class='ocrx_word' id='word_1_635' title='bbox 89 3333 148 3370; x_wconf 83' lang='grc' dir='ltr'>καὶ</span> <span class='ocrx_word' id='word_1_636' title='bbox 179 3331 246 3383; x_wconf 71' lang='grc' dir='ltr'>γὰρ</span> <span class='ocrx_word' id='word_1_637' title='bbox 279 3330 339 3367; x_wconf 81' lang='grc' dir='ltr'>καὶ</span> <span class='ocrx_word' id='word_1_638' title='bbox 370 3329 546 3374; x_wconf 80' lang='grc' dir='ltr'>ἐξελέξατο</span> <span class='ocrx_word' id='word_1_639' title='bbox 581 3333 674 3380; x_wconf 75' lang='grc' dir='ltr'>ἡμᾶς</span> <span class='ocrx_word' id='word_1_640' title='bbox 705 3329 763 3367; x_wconf 79' lang='grc' dir='ltr'>καὶ</span> <span class='ocrx_word' id='word_1_641' title='bbox 797 3330 977 3368; x_wconf 82' lang='grc' dir='ltr'>ἐδικαίωσε</span> <span class='ocrx_word' id='word_1_642' title='bbox 997 3360 1006 3377; x_wconf 94' lang='grc'>,</span> <span class='ocrx_word' id='word_1_643' title='bbox 1049 3330 1108 3368; x_wconf 76' lang='grc' dir='ltr'>καὶ</span> 
     </span>
     <span class='ocr_line' id='line_1_81' title="bbox 91 3389 1108 3441; baseline -0.001 -11"><span class='ocrx_word' id='word_1_644' title='bbox 91 3393 130 3431; x_wconf 74' lang='grc' dir='ltr'>τὸ</span> <span class='ocrx_word' id='word_1_645' title='bbox 162 3391 201 3439; x_wconf 71' lang='grc' dir='ltr'>δὴ</span> <span class='ocrx_word' id='word_1_646' title='bbox 239 3389 447 3441; x_wconf 73' lang='grc' dir='ltr'>Θαυμαστὸν,</span> <span class='ocrx_word' id='word_1_647' title='bbox 485 3389 536 3427; x_wconf 79' lang='grc' dir='ltr'>ὅτι</span> <span class='ocrx_word' id='word_1_648' title='bbox 557 3390 612 3427; x_wconf 79' lang='grc' dir='ltr'>διὰ</span> <span class='ocrx_word' id='word_1_649' title='bbox 633 3391 693 3434; x_wconf 74' lang='grc' dir='ltr'>τῆς</span> <span class='ocrx_word' id='word_1_650' title='bbox 727 3393 860 3441; x_wconf 65' lang='grc' dir='ltr'>σφαγῆς</span> <span class='ocrx_word' id='word_1_651' title='bbox 881 3394 938 3427; x_wconf 81' lang='grc' dir='ltr'>τοῦ</span> <span class='ocrx_word' id='word_1_652' title='bbox 978 3392 1108 3435; x_wconf 76' lang='grc' dir='ltr'>Παιδὸς</span> 
     </span>
    </p>
   </div>
   <div class='ocr_carea' id='block_1_11' title="bbox 1175 1876 2159 1930">
    <p class='ocr_par' dir='ltr' id='par_1_12' title="bbox 1175 1876 2159 1930">
     <span class='ocr_line' id='line_1_82' title="bbox 1175 1876 2159 1930; baseline -0.002 -15"><span class='ocrx_word' id='word_1_653' title='bbox 1175 1879 1272 1928; x_wconf 85' lang='lat' dir='ltr'>quod</span> <span class='ocrx_word' id='word_1_654' title='bbox 1300 1879 1415 1930; x_wconf 84' lang='lat' dir='ltr'>majus</span> <span class='ocrx_word' id='word_1_655' title='bbox 1439 1887 1527 1927; x_wconf 86' lang='lat' dir='ltr'>erat,</span> <span class='ocrx_word' id='word_1_656' title='bbox 1550 1877 1704 1914; x_wconf 84' lang='lat' dir='ltr'>inimicis</span> <span class='ocrx_word' id='word_1_657' title='bbox 1729 1877 1853 1926; x_wconf 84' lang='lat' dir='ltr'>dedit,</span> <span class='ocrx_word' id='word_1_658' title='bbox 1881 1876 2057 1927; x_wconf 83' lang='lat' dir='ltr'>quomodo</span> <span class='ocrx_word' id='word_1_659' title='bbox 2089 1890 2159 1913; x_wconf 88' lang='lat' dir='ltr'>non</span> 
     </span>
    </p>
   </div>
   <div class='ocr_carea' id='block_1_12' title="bbox 1174 1937 2159 2038">
    <p class='ocr_par' dir='ltr' id='par_1_13' title="bbox 1174 1937 2159 2038">
     <span class='ocr_line' id='line_1_83' title="bbox 1174 1937 2159 1989; baseline -0.001 -13"><span class='ocrx_word' id='word_1_660' title='bbox 1174 1939 1310 1977; x_wconf 86' lang='lat' dir='ltr'>minora</span> <span class='ocrx_word' id='word_1_661' title='bbox 1328 1939 1428 1978; x_wconf 86' lang='lat' dir='ltr'>dabit</span> <span class='ocrx_word' id='word_1_662' title='bbox 1447 1939 1599 1976; x_wconf 75' lang='lat' dir='ltr'>amieis?</span> <span class='ocrx_word' id='word_1_663' title='bbox 1614 1939 1677 1977; x_wconf 80' lang='lat'>55.</span> <span class='ocrx_word' id='word_1_664' title='bbox 1696 1938 1789 1989; x_wconf 82' lang='lat' dir='ltr'>Quis</span> <span class='ocrx_word' id='word_1_665' title='bbox 1804 1940 2003 1976; x_wconf 78' lang='lat' dir='ltr'>accusabit</span> <span class='ocrx_word' id='word_1_666' title='bbox 2019 1937 2159 1976; x_wconf 82' lang='lat' dir='ltr'>electos</span> 
     </span>
     <span class='ocr_line' id='line_1_84' title="bbox 1174 2001 1279 2038; baseline 0 0"><span class='ocrx_word' id='word_1_667' title='bbox 1174 2001 1250 2038; x_wconf 76' lang='lat' dir='ltr'>Dei</span> <span class='ocrx_word' id='word_1_668' title='bbox 1264 2005 1279 2037; x_wconf 78' lang='lat' dir='ltr'>P</span> 
     </span>
    </p>
   </div>
   <div class='ocr_carea' id='block_1_13' title="bbox 1175 2228 2166 3441">
    <p class='ocr_par' dir='ltr' id='par_1_14' title="bbox 1175 2228 2166 3441">
     <span class='ocr_line' id='line_1_85' title="bbox 1229 2228 2160 2284; baseline -0.005 -13"><span class='ocrx_word' id='word_1_669' title='bbox 1229 2233 1267 2272; x_wconf 81' lang='lat'>5.</span> <span class='ocrx_word' id='word_1_670' title='bbox 1295 2233 1363 2270; x_wconf 88' lang='lat' dir='ltr'>Hic</span> <span class='ocrx_word' id='word_1_671' title='bbox 1377 2231 1452 2284; x_wconf 83' lang='lat' dir='ltr'>agit</span> <span class='ocrx_word' id='word_1_672' title='bbox 1471 2239 1591 2269; x_wconf 84' lang='lat' dir='ltr'>contra</span> <span class='ocrx_word' id='word_1_673' title='bbox 1616 2244 1673 2268; x_wconf 89' lang='lat' dir='ltr'>eos</span> <span class='ocrx_word' id='word_1_674' title='bbox 1693 2230 1753 2281; x_wconf 88' lang='lat' dir='ltr'>qui</span> <span class='ocrx_word' id='word_1_675' title='bbox 1784 2229 1964 2280; x_wconf 82' lang='lat' dir='ltr'>dicebant,</span> <span class='ocrx_word' id='word_1_676' title='bbox 1988 2228 2096 2266; x_wconf 81' lang='lat' dir='ltr'>fidem</span> <span class='ocrx_word' id='word_1_677' title='bbox 2115 2228 2160 2266; x_wconf 89' lang='lat' dir='ltr'>ad</span> 
     </span>
     <span class='ocr_line' id='line_1_86' title="bbox 1175 2289 2162 2341; baseline -0.005 -10"><span class='ocrx_word' id='word_1_678' title='bbox 1175 2293 1268 2331; x_wconf 87' lang='lat' dir='ltr'>nihil</span> <span class='ocrx_word' id='word_1_679' title='bbox 1287 2293 1412 2331; x_wconf 87' lang='lat' dir='ltr'>utilem</span> <span class='ocrx_word' id='word_1_680' title='bbox 1443 2306 1528 2339; x_wconf 82' lang='lat' dir='ltr'>esse,</span> <span class='ocrx_word' id='word_1_681' title='bbox 1543 2300 1575 2328; x_wconf 91' lang='lat' dir='ltr'>et</span> <span class='ocrx_word' id='word_1_682' title='bbox 1597 2290 1659 2341; x_wconf 87' lang='lat' dir='ltr'>qui</span> <span class='ocrx_word' id='word_1_683' title='bbox 1678 2290 1869 2341; x_wconf 66' lang='lat' dir='ltr'>repentina³</span> <span class='ocrx_word' id='word_1_684' title='bbox 1884 2289 2072 2327; x_wconf 84' lang='lat' dir='ltr'>mutationi</span> <span class='ocrx_word' id='word_1_685' title='bbox 2092 2303 2162 2326; x_wconf 89' lang='lat' dir='ltr'>non</span> 
     </span>
     <span class='ocr_line' id='line_1_87' title="bbox 1176 2350 2163 2402; baseline -0.005 -10"><span class='ocrx_word' id='word_1_686' title='bbox 1176 2353 1374 2392; x_wconf 80' lang='lat' dir='ltr'>credebant.</span> <span class='ocrx_word' id='word_1_687' title='bbox 1394 2353 1442 2391; x_wconf 90' lang='lat' dir='ltr'>Et</span> <span class='ocrx_word' id='word_1_688' title='bbox 1456 2352 1539 2390; x_wconf 66' lang='lat' dir='ltr'>vide</span> <span class='ocrx_word' id='word_1_689' title='bbox 1558 2366 1667 2402; x_wconf 84' lang='lat' dir='ltr'>quam</span> <span class='ocrx_word' id='word_1_690' title='bbox 1697 2351 1766 2388; x_wconf 92' lang='lat' dir='ltr'>cito</span> <span class='ocrx_word' id='word_1_691' title='bbox 1799 2351 1871 2388; x_wconf 89' lang='lat' dir='ltr'>illis</span> <span class='ocrx_word' id='word_1_692' title='bbox 1892 2365 1928 2388; x_wconf 90' lang='lat' dir='ltr'>os</span> <span class='ocrx_word' id='word_1_693' title='bbox 1945 2350 2105 2388; x_wconf 84' lang='lat' dir='ltr'>obstruat</span> <span class='ocrx_word' id='word_1_694' title='bbox 2117 2350 2163 2387; x_wconf 86' lang='lat' dir='ltr'>ab</span> 
     </span>
     <span class='ocr_line' id='line_1_88' title="bbox 1176 2410 2163 2467; baseline -0.005 -15"><span class='ocrx_word' id='word_1_695' title='bbox 1176 2415 1251 2467; x_wconf 82' lang='lat' dir='ltr'>ejus</span> <span class='ocrx_word' id='word_1_696' title='bbox 1273 2414 1334 2465; x_wconf 89' lang='lat' dir='ltr'>qui</span> <span class='ocrx_word' id='word_1_697' title='bbox 1348 2413 1454 2465; x_wconf 77' lang='lat' dir='ltr'>elegit</span> <span class='ocrx_word' id='word_1_698' title='bbox 1464 2412 1650 2464; x_wconf 79' lang='lat' dir='ltr'>dignitate.</span> <span class='ocrx_word' id='word_1_699' title='bbox 1662 2412 1741 2450; x_wconf 89' lang='lat' dir='ltr'>Non</span> <span class='ocrx_word' id='word_1_700' title='bbox 1753 2411 1859 2455; x_wconf 80' lang='lat' dir='ltr'>dixit,</span> <span class='ocrx_word' id='word_1_701' title='bbox 1872 2411 1962 2456; x_wconf 83' lang='lat' dir='ltr'>Quis</span> <span class='ocrx_word' id='word_1_702' title='bbox 1983 2410 2163 2448; x_wconf 83' lang='lat' dir='ltr'>accusabit</span> 
     </span>
     <span class='ocr_line' id='line_1_89' title="bbox 1177 2471 2158 2525; baseline -0.006 -11"><span class='ocrx_word' id='word_1_703' title='bbox 1177 2490 1296 2513; x_wconf 86' lang='lat' dir='ltr'>servos</span> <span class='ocrx_word' id='word_1_704' title='bbox 1314 2474 1395 2525; x_wconf 89' lang='lat' dir='ltr'>Dei,</span> <span class='ocrx_word' id='word_1_705' title='bbox 1409 2488 1534 2524; x_wconf 84' lang='lat' dir='ltr'>neque,</span> <span class='ocrx_word' id='word_1_706' title='bbox 1557 2472 1678 2510; x_wconf 84' lang='lat' dir='ltr'>fideles</span> <span class='ocrx_word' id='word_1_707' title='bbox 1697 2472 1776 2521; x_wconf 89' lang='lat' dir='ltr'>Dei,</span> <span class='ocrx_word' id='word_1_708' title='bbox 1796 2471 1868 2520; x_wconf 87' lang='lat' dir='ltr'>sed,</span> <span class='ocrx_word' id='word_1_709' title='bbox 1890 2473 2047 2509; x_wconf 66' lang='grc' dir='ltr'>Εἰσί-τος</span> <span class='ocrx_word' id='word_1_710' title='bbox 2058 2473 2134 2508; x_wconf 82' lang='lat' dir='ltr'>Dei</span> <span class='ocrx_word' id='word_1_711' title='bbox 2149 2487 2158 2506; x_wconf 89' lang='grc'>.·</span> 
     </span>
     <span class='ocr_line' id='line_1_90' title="bbox 1178 2530 2161 2582; baseline -0.007 -10"><span class='ocrx_word' id='word_1_712' title='bbox 1178 2534 1301 2572; x_wconf 81' lang='lat' dir='ltr'>electio</span> <span class='ocrx_word' id='word_1_713' title='bbox 1314 2533 1409 2571; x_wconf 84' lang='lat' dir='ltr'>enim</span> <span class='ocrx_word' id='word_1_714' title='bbox 1423 2532 1568 2572; x_wconf 72' lang='lat' dir='ltr'>virtutis</span> <span class='ocrx_word' id='word_1_715' title='bbox 1588 2531 1729 2582; x_wconf 80' lang='lat' dir='ltr'>signum</span> <span class='ocrx_word' id='word_1_716' title='bbox 1743 2540 1806 2569; x_wconf 88' lang='lat' dir='ltr'>est.</span> <span class='ocrx_word' id='word_1_717' title='bbox 1820 2530 1858 2568; x_wconf 90' lang='lat' dir='ltr'>Si</span> <span class='ocrx_word' id='word_1_718' title='bbox 1871 2530 1966 2567; x_wconf 91' lang='lat' dir='ltr'>enim</span> <span class='ocrx_word' id='word_1_719' title='bbox 1990 2543 2161 2580; x_wconf 81' lang='lat' dir='ltr'>equorum</span> 
     </span>
     <span class='ocr_line' id='line_1_91' title="bbox 1177 2591 2159 2646; baseline -0.007 -13"><span class='ocrx_word' id='word_1_720' title='bbox 1177 2595 1333 2633; x_wconf 86' lang='lat' dir='ltr'>domitor</span> <span class='ocrx_word' id='word_1_721' title='bbox 1348 2603 1538 2646; x_wconf 83' lang='lat' dir='ltr'>postquam</span> <span class='ocrx_word' id='word_1_722' title='bbox 1550 2592 1667 2644; x_wconf 86' lang='lat' dir='ltr'>pullos</span> <span class='ocrx_word' id='word_1_723' title='bbox 1682 2591 1785 2641; x_wconf 83' lang='lat' dir='ltr'>elegit</span> <span class='ocrx_word' id='word_1_724' title='bbox 1799 2591 1846 2628; x_wconf 83' lang='lat' dir='ltr'>ad</span> <span class='ocrx_word' id='word_1_725' title='bbox 1855 2605 1999 2628; x_wconf 87' lang='lat' dir='ltr'>cursum</span> <span class='ocrx_word' id='word_1_726' title='bbox 2011 2599 2126 2641; x_wconf 85' lang='lat' dir='ltr'>aptos,</span> <span class='ocrx_word' id='word_1_727' title='bbox 2141 2604 2159 2626; x_wconf 84' lang='lat' dir='ltr'>a</span> 
     </span>
     <span class='ocr_line' id='line_1_92' title="bbox 1176 2651 2163 2707; baseline -0.006 -14"><span class='ocrx_word' id='word_1_728' title='bbox 1176 2656 1275 2693; x_wconf 86' lang='lat' dir='ltr'>nullo</span> <span class='ocrx_word' id='word_1_729' title='bbox 1284 2654 1494 2707; x_wconf 83' lang='lat' dir='ltr'>reprehendi</span> <span class='ocrx_word' id='word_1_730' title='bbox 1506 2653 1632 2706; x_wconf 83' lang='lat' dir='ltr'>possit,</span> <span class='ocrx_word' id='word_1_731' title='bbox 1650 2652 1708 2689; x_wconf 78' lang='lat' dir='ltr'>sed</span> <span class='ocrx_word' id='word_1_732' title='bbox 1719 2651 1891 2688; x_wconf 82' lang='lat' dir='ltr'>ridiculus</span> <span class='ocrx_word' id='word_1_733' title='bbox 1901 2651 1982 2699; x_wconf 88' lang='lat' dir='ltr'>erit,</span> <span class='ocrx_word' id='word_1_734' title='bbox 2001 2651 2163 2701; x_wconf 84' lang='lat' dir='ltr'>quisquis</span> 
     </span>
     <span class='ocr_line' id='line_1_93' title="bbox 1177 2711 2160 2762; baseline -0.004 -11"><span class='ocrx_word' id='word_1_735' title='bbox 1177 2715 1391 2754; x_wconf 74' lang='lat' dir='ltr'>incusaverit</span> <span class='ocrx_word' id='word_1_736' title='bbox 1409 2730 1415 2750; x_wconf 94' lang='lat'>:</span> <span class='ocrx_word' id='word_1_737' title='bbox 1436 2714 1548 2751; x_wconf 89' lang='lat' dir='ltr'>multo</span> <span class='ocrx_word' id='word_1_738' title='bbox 1568 2712 1681 2762; x_wconf 81' lang='lat' dir='ltr'>magis</span> <span class='ocrx_word' id='word_1_739' title='bbox 1700 2726 1781 2749; x_wconf 88' lang='lat' dir='ltr'>cum</span> <span class='ocrx_word' id='word_1_740' title='bbox 1806 2713 1903 2749; x_wconf 89' lang='lat' dir='ltr'>Deus</span> <span class='ocrx_word' id='word_1_741' title='bbox 1922 2711 2064 2761; x_wconf 80' lang='lat' dir='ltr'>elegerit</span> <span class='ocrx_word' id='word_1_742' title='bbox 2082 2711 2160 2748; x_wconf 88' lang='lat' dir='ltr'>ani-</span> 
     </span>
     <span class='ocr_line' id='line_1_94' title="bbox 1178 2772 2160 2824; baseline -0.004 -11"><span class='ocrx_word' id='word_1_743' title='bbox 1178 2790 1266 2823; x_wconf 83' lang='lat' dir='ltr'>mas,</span> <span class='ocrx_word' id='word_1_744' title='bbox 1282 2775 1429 2813; x_wconf 87' lang='lat' dir='ltr'>ridiculi</span> <span class='ocrx_word' id='word_1_745' title='bbox 1450 2782 1551 2811; x_wconf 88' lang='lat' dir='ltr'>erunt</span> <span class='ocrx_word' id='word_1_746' title='bbox 1564 2772 1625 2823; x_wconf 87' lang='lat' dir='ltr'>qui</span> <span class='ocrx_word' id='word_1_747' title='bbox 1644 2772 1870 2809; x_wconf 84' lang='lat' dir='ltr'>incusabunt.</span> <span class='ocrx_word' id='word_1_748' title='bbox 1894 2773 2001 2809; x_wconf 79' lang='lat' dir='ltr'>Deus</span> <span class='ocrx_word' id='word_1_749' title='bbox 2022 2774 2160 2824; x_wconf 80' lang='lat' dir='ltr'>quiju-</span> 
     </span>
     <span class='ocr_line' id='line_1_95' title="bbox 1180 2831 2160 2886; baseline -0.006 -12"><span class='ocrx_word' id='word_1_750' title='bbox 1180 2839 1230 2874; x_wconf 86' lang='lat' dir='ltr'>sti</span> <span class='ocrx_word' id='word_1_751' title='bbox 1247 2844 1324 2873; x_wconf 68' lang='lat' dir='ltr'>icat</span> <span class='ocrx_word' id='word_1_752' title='bbox 1342 2852 1351 2871; x_wconf 92' lang='grc'>.·</span> <span class='ocrx_word' id='word_1_753' title='bbox 1372 2836 1434 2872; x_wconf 70' lang='grc'>54.</span> <span class='ocrx_word' id='word_1_754' title='bbox 1455 2837 1540 2886; x_wconf 78' lang='lat' dir='ltr'>quis</span> <span class='ocrx_word' id='word_1_755' title='bbox 1571 2841 1627 2870; x_wconf 78' lang='lat' dir='ltr'>est</span> <span class='ocrx_word' id='word_1_756' title='bbox 1643 2836 1708 2884; x_wconf 80' lang='lat' dir='ltr'>qui</span> <span class='ocrx_word' id='word_1_757' title='bbox 1735 2833 1990 2870; x_wconf 77' lang='lat' dir='ltr'>condenmet?</span> <span class='ocrx_word' id='word_1_758' title='bbox 2011 2834 2088 2870; x_wconf 87' lang='lat' dir='ltr'>Non</span> <span class='ocrx_word' id='word_1_759' title='bbox 2104 2831 2160 2869; x_wconf 87' lang='lat' dir='ltr'>di-</span> 
     </span>
     <span class='ocr_line' id='line_1_96' title="bbox 1179 2893 2163 2947; baseline -0.005 -12"><span class='ocrx_word' id='word_1_760' title='bbox 1179 2898 1244 2946; x_wconf 80' lang='lat' dir='ltr'>xit,</span> <span class='ocrx_word' id='word_1_761' title='bbox 1282 2899 1378 2934; x_wconf 89' lang='lat' dir='ltr'>Deus</span> <span class='ocrx_word' id='word_1_762' title='bbox 1407 2896 1467 2947; x_wconf 92' lang='lat' dir='ltr'>qui</span> <span class='ocrx_word' id='word_1_763' title='bbox 1493 2903 1632 2947; x_wconf 84' lang='lat' dir='ltr'>peccata</span> <span class='ocrx_word' id='word_1_764' title='bbox 1664 2893 1823 2940; x_wconf 87' lang='lat' dir='ltr'>remittit,</span> <span class='ocrx_word' id='word_1_765' title='bbox 1852 2893 1912 2931; x_wconf 87' lang='lat' dir='ltr'>sed</span> <span class='ocrx_word' id='word_1_766' title='bbox 1938 2893 2037 2944; x_wconf 87' lang='lat' dir='ltr'>quod</span> <span class='ocrx_word' id='word_1_767' title='bbox 2059 2894 2163 2944; x_wconf 81' lang='lat' dir='ltr'>longe</span> 
     </span>
     <span class='ocr_line' id='line_1_97' title="bbox 1179 2956 2162 3012; baseline -0.004 -14"><span class='ocrx_word' id='word_1_768' title='bbox 1179 2961 1293 3012; x_wconf 86' lang='lat' dir='ltr'>majus</span> <span class='ocrx_word' id='word_1_769' title='bbox 1306 2969 1371 3009; x_wconf 86' lang='lat' dir='ltr'>est,</span> <span class='ocrx_word' id='word_1_770' title='bbox 1399 2962 1475 3006; x_wconf 83' lang='lat' dir='ltr'>Qui</span> <span class='ocrx_word' id='word_1_771' title='bbox 1487 2958 1693 3010; x_wconf 79' lang='lat' dir='ltr'>justificat.</span> <span class='ocrx_word' id='word_1_772' title='bbox 1717 2957 1809 2994; x_wconf 81' lang='lat' dir='ltr'>Cum</span> <span class='ocrx_word' id='word_1_773' title='bbox 1837 2957 1930 2994; x_wconf 87' lang='lat' dir='ltr'>enim</span> <span class='ocrx_word' id='word_1_774' title='bbox 1944 2956 2077 3008; x_wconf 84' lang='lat' dir='ltr'>judicis</span> <span class='ocrx_word' id='word_1_775' title='bbox 2092 2958 2162 2994; x_wconf 83' lang='lat' dir='ltr'>eal-</span> 
     </span>
     <span class='ocr_line' id='line_1_98' title="bbox 1181 3017 2162 3073; baseline -0.002 -14"><span class='ocrx_word' id='word_1_776' title='bbox 1181 3022 1281 3059; x_wconf 86' lang='lat' dir='ltr'>culus</span> <span class='ocrx_word' id='word_1_777' title='bbox 1300 3021 1438 3073; x_wconf 87' lang='lat' dir='ltr'>justum</span> <span class='ocrx_word' id='word_1_778' title='bbox 1460 3018 1706 3067; x_wconf 69' lang='lat' dir='ltr'>declaraverit,</span> <span class='ocrx_word' id='word_1_779' title='bbox 1737 3026 1769 3055; x_wconf 90' lang='lat' dir='ltr'>et</span> <span class='ocrx_word' id='word_1_780' title='bbox 1798 3017 1877 3055; x_wconf 82' lang='lat' dir='ltr'>talis</span> <span class='ocrx_word' id='word_1_781' title='bbox 1895 3018 2043 3069; x_wconf 80' lang='lat' dir='ltr'>judicis,</span> <span class='ocrx_word' id='word_1_782' title='bbox 2073 3019 2162 3069; x_wconf 88' lang='lat' dir='ltr'>quid</span> 
     </span>
     <span class='ocr_line' id='line_1_99' title="bbox 1181 3079 2162 3130; baseline -0.001 -11"><span class='ocrx_word' id='word_1_783' title='bbox 1181 3091 1357 3120; x_wconf 86' lang='lat' dir='ltr'>mereatur</span> <span class='ocrx_word' id='word_1_784' title='bbox 1370 3079 1576 3118; x_wconf 70' lang='lat' dir='ltr'>accusator?</span> <span class='ocrx_word' id='word_1_785' title='bbox 1592 3080 1714 3130; x_wconf 83' lang='lat' dir='ltr'>Itaque</span> <span class='ocrx_word' id='word_1_786' title='bbox 1734 3093 1796 3116; x_wconf 92' lang='lat' dir='ltr'>ncc</span> <span class='ocrx_word' id='word_1_787' title='bbox 1814 3079 2021 3117; x_wconf 84' lang='lat' dir='ltr'>tentationes</span> <span class='ocrx_word' id='word_1_788' title='bbox 2036 3080 2162 3126; x_wconf 87' lang='lat' dir='ltr'>timen-</span> 
     </span>
     <span class='ocr_line' id='line_1_100' title="bbox 1181 3141 2162 3194; baseline -0.001 -12"><span class='ocrx_word' id='word_1_789' title='bbox 1181 3145 1234 3182; x_wconf 83' lang='lat' dir='ltr'>dae</span> <span class='ocrx_word' id='word_1_790' title='bbox 1254 3153 1334 3181; x_wconf 88' lang='lat' dir='ltr'>sunt</span> <span class='ocrx_word' id='word_1_791' title='bbox 1353 3159 1360 3179; x_wconf 73' lang='grc' dir='ltr'>ε</span> <span class='ocrx_word' id='word_1_792' title='bbox 1381 3157 1463 3180; x_wconf 88' lang='lat' dir='ltr'>nam</span> <span class='ocrx_word' id='word_1_793' title='bbox 1489 3155 1554 3194; x_wconf 82' lang='lat' dir='ltr'>pro</span> <span class='ocrx_word' id='word_1_794' title='bbox 1586 3142 1688 3178; x_wconf 88' lang='lat' dir='ltr'>nobis</span> <span class='ocrx_word' id='word_1_795' title='bbox 1703 3149 1753 3178; x_wconf 90' lang='lat' dir='ltr'>est</span> <span class='ocrx_word' id='word_1_796' title='bbox 1774 3142 1885 3190; x_wconf 79' lang='lat' dir='ltr'>Deus,</span> <span class='ocrx_word' id='word_1_797' title='bbox 1909 3141 2004 3191; x_wconf 87' lang='lat' dir='ltr'>quod</span> <span class='ocrx_word' id='word_1_798' title='bbox 2028 3156 2073 3180; x_wconf 77' lang='lat' dir='ltr'>ex</span> <span class='ocrx_word' id='word_1_799' title='bbox 2101 3157 2162 3194; x_wconf 82' lang='lat' dir='ltr'>ge—</span> 
     </span>
     <span class='ocr_line' id='line_1_101' title="bbox 1181 3203 2164 3255; baseline -0.002 -11"><span class='ocrx_word' id='word_1_800' title='bbox 1181 3207 1244 3245; x_wconf 86' lang='lat' dir='ltr'>stis</span> <span class='ocrx_word' id='word_1_801' title='bbox 1264 3207 1334 3243; x_wconf 87' lang='lat' dir='ltr'>suis</span> <span class='ocrx_word' id='word_1_802' title='bbox 1370 3204 1582 3254; x_wconf 76' lang='lat' dir='ltr'>declaravit3</span> <span class='ocrx_word' id='word_1_803' title='bbox 1614 3218 1724 3254; x_wconf 87' lang='lat' dir='ltr'>neque</span> <span class='ocrx_word' id='word_1_804' title='bbox 1741 3203 1900 3243; x_wconf 86' lang='lat' dir='ltr'>Judaicae</span> <span class='ocrx_word' id='word_1_805' title='bbox 1934 3218 2037 3255; x_wconf 82' lang='lat' dir='ltr'>nugae</span> <span class='ocrx_word' id='word_1_806' title='bbox 2053 3220 2062 3241; x_wconf 77' lang='lat' dir='ltr'><strong><em>z</em></strong></span> <span class='ocrx_word' id='word_1_807' title='bbox 2081 3220 2164 3244; x_wconf 82' lang='lat' dir='ltr'>nam</span> 
     </span>
     <span class='ocr_line' id='line_1_102' title="bbox 1181 3265 2163 3319; baseline 0 -13"><span class='ocrx_word' id='word_1_808' title='bbox 1181 3279 1215 3310; x_wconf 82' lang='lat' dir='ltr'>et</span> <span class='ocrx_word' id='word_1_809' title='bbox 1227 3269 1332 3319; x_wconf 81' lang='lat' dir='ltr'>elegit</span> <span class='ocrx_word' id='word_1_810' title='bbox 1362 3282 1424 3306; x_wconf 87' lang='lat' dir='ltr'>nos</span> <span class='ocrx_word' id='word_1_811' title='bbox 1445 3276 1479 3305; x_wconf 92' lang='lat' dir='ltr'>et</span> <span class='ocrx_word' id='word_1_812' title='bbox 1499 3266 1724 3318; x_wconf 84' lang='lat' dir='ltr'>justificavit,</span> <span class='ocrx_word' id='word_1_813' title='bbox 1750 3265 1914 3317; x_wconf 86' lang='lat' dir='ltr'>quodque</span> <span class='ocrx_word' id='word_1_814' title='bbox 1943 3267 2076 3305; x_wconf 84' lang='lat' dir='ltr'>mirum</span> <span class='ocrx_word' id='word_1_815' title='bbox 2102 3279 2163 3314; x_wconf 83' lang='lat' dir='ltr'>est,</span> 
     </span>
     <span class='ocr_line' id='line_1_103' title="bbox 1182 3326 2164 3381; baseline 0 -14"><span class='ocrx_word' id='word_1_816' title='bbox 1182 3343 1244 3381; x_wconf 87' lang='lat' dir='ltr'>per</span> <span class='ocrx_word' id='word_1_817' title='bbox 1264 3329 1349 3366; x_wconf 86' lang='lat' dir='ltr'>Filii</span> <span class='ocrx_word' id='word_1_818' title='bbox 1379 3328 1433 3366; x_wconf 87' lang='lat' dir='ltr'>sui</span> <span class='ocrx_word' id='word_1_819' title='bbox 1466 3340 1584 3365; x_wconf 88' lang='lat' dir='ltr'>necem</span> <span class='ocrx_word' id='word_1_820' title='bbox 1611 3326 1837 3378; x_wconf 85' lang='lat' dir='ltr'>justificavit.</span> <span class='ocrx_word' id='word_1_821' title='bbox 1873 3326 1964 3372; x_wconf 86' lang='lat' dir='ltr'>Quis</span> <span class='ocrx_word' id='word_1_822' title='bbox 1997 3341 2080 3378; x_wconf 81' lang='lat' dir='ltr'>ergo</span> <span class='ocrx_word' id='word_1_823' title='bbox 2102 3343 2164 3367; x_wconf 89' lang='lat' dir='ltr'>nos</span> 
     </span>
     <span class='ocr_line' id='line_1_104' title="bbox 1183 3387 2166 3441; baseline -0.001 -12"><span class='ocrx_word' id='word_1_824' title='bbox 1183 3390 1441 3438; x_wconf 79' lang='lat' dir='ltr'>condemnabit,</span> <span class='ocrx_word' id='word_1_825' title='bbox 1454 3390 1527 3427; x_wconf 91' lang='lat' dir='ltr'>Deo</span> <span class='ocrx_word' id='word_1_826' title='bbox 1543 3397 1740 3438; x_wconf 81' lang='lat' dir='ltr'>coronante,</span> <span class='ocrx_word' id='word_1_827' title='bbox 1755 3387 1898 3427; x_wconf 78' lang='lat' dir='ltr'>Christo</span> <span class='ocrx_word' id='word_1_828' title='bbox 1909 3404 1972 3441; x_wconf 85' lang='lat' dir='ltr'>pro</span> <span class='ocrx_word' id='word_1_829' title='bbox 1988 3390 2090 3428; x_wconf 86' lang='lat' dir='ltr'>nobis</span> <span class='ocrx_word' id='word_1_830' title='bbox 2109 3404 2166 3428; x_wconf 75' lang='lat' dir='ltr'>ec-</span> 
     </span>
    </p>
   </div>
   <div class='ocr_carea' id='block_1_14' title="bbox 2177 3090 2367 3202">
    <p class='ocr_par' dir='ltr' id='par_1_15' title="bbox 2177 3090 2367 3202">
     <span class='ocr_line' id='line_1_105' title="bbox 2211 3090 2367 3118; baseline 0 0"><span class='ocrx_word' id='word_1_831' title='bbox 2211 3090 2367 3118; x_wconf 70' lang='lat' dir='ltr'>Tenvau&#39;o-</span> 
     </span>
     <span class='ocr_line' id='line_1_106' title="bbox 2177 3134 2361 3161; baseline -0.011 0"><span class='ocrx_word' id='word_1_832' title='bbox 2177 3143 2229 3161; x_wconf 85' lang='lat' dir='ltr'>nes</span> <span class='ocrx_word' id='word_1_833' title='bbox 2249 3144 2304 3159; x_wconf 72' lang='lat' dir='ltr'>nnn</span> <span class='ocrx_word' id='word_1_834' title='bbox 2330 3134 2361 3160; x_wconf 81' lang='lat' dir='ltr'>ti-</span> 
     </span>
     <span class='ocr_line' id='line_1_107' title="bbox 2178 3176 2300 3202; baseline -0.008 0"><span class='ocrx_word' id='word_1_835' title='bbox 2178 3176 2300 3202; x_wconf 62' lang='lat' dir='ltr'>mendaess</span> 
     </span>
    </p>
   </div>
  </div>
 </body>
</html>
