2502 3810
280 245 306 299 s}
312 243 338 286 8
342 258 368 285 (1

276 336 442 373 habentes
455 364 465 383 ,
493 332 614 370 orbem
640 339 812 367 terrarum
833 328 931 379 quasi
951 337 1157 365 extraneum
1185 328 1254 365 sibi

277 397 476 442 incolentes7
496 393 567 430 imo
586 390 739 441 graviori
760 389 795 426 in
815 397 908 426 statu
927 397 1125 436 versantes,
1147 402 1254 438 quam

277 459 301 495 ii
316 488 326 505 ‚
347 457 409 506 qui
426 456 463 492 in
481 455 594 491 aliena
612 461 704 490 terra
722 451 866 502 degunt.
888 451 971 489 Ideo
991 451 1039 488 ait
1056 466 1064 487 ε
1080 450 1152 488 Ad
1165 465 1251 488 con-

268 516 492 568 firmandos
519 527 591 551 vos
609 527 679 564 per
710 521 885 550 mutuam
901 512 1041 564 fidem.
1076 512 1152 549 Hoc
1170 526 1255 550 vero

274 576 425 623 dicebat,
454 588 523 611 non
547 573 647 624 quasi
666 573 742 626 ipse
762 573 907 610 illorum
933 572 1141 610 commilitio
1168 586 1256 624 opus

277 637 420 674 liaberet
435 652 442 671 ε
459 635 550 672 absit
564 650 575 684 3
593 634 770 685 quomodo
787 633 881 671 enim
898 633 1066 670 Ecclesiae
1083 634 1257 682 columna,
1281 636 1306 665 D

276 698 367 735 ferro
387 705 419 734 et
436 705 534 748 petra
550 696 687 745 fortior,
710 693 905 746 spiritualis
924 694 984 731 ille
1003 693 1148 731 adamas
1162 723 1172 742 ‚
1198 692 1260 742 qui

278 757 472 795 innumeris
491 756 688 794 sufficiebat
705 755 910 793 civitatibus
926 785 936 804 ,
959 754 1032 792 11115
1050 769 1139 806 011115
1154 754 1259 791 habe-

278 819 357 856 ret?
379 817 440 856 sed
458 827 498 855 ut
516 831 559 855 ne
574 817 742 855 molestus
761 830 888 862 sermo,
910 830 997 853 neve
1017 816 1185 853 correctio
1204 829 1259 854 ve-

278 878 473 916 hementior
493 886 593 926 esset,
616 892 654 914 se
674 877 818 914 illorum
837 876 1073 913 consolatione
1092 890 1179 928 opus
1196 876 1263 913 ha—

278 940 361 977 here
387 939 539 976 dicebat.
561 938 666 984 Quod
685 938 714 975 si
740 937 819 988 quis
846 938 905 975 1110
927 937 1199 975 consolationem
1230 945 1263 974 et

743 251 779 280 S.

230 1012 235 1017 ·
280 1000 439 1037 laetitiam
488 1013 532 1037 ex
566 998 637 1036 fide
665 1008 697 1036 et
728 998 942 1035 incremento
973 998 1118 1035 illorum
1148 1006 1262 1035 ortam

104 2711 189 2738 Rom.
200 2716 285 2750 9.20.

281 1075 370 1112 opus
400 1060 564 1097 habuisse
595 1059 750 1096 Paulum
783 1058 940 1106 dixerit,
980 1059 1040 1096 hic
1071 1067 1162 1096 certe
1194 1072 1263 1096 non

282 1121 509 1159 aberraverit.
524 1121 561 1158 Si
578 1134 673 1171 ergo,
688 1119 839 1170 inquies,
858 1119 897 1157 id
911 1119 1087 1157 desideras
1104 1128 1137 1156 et
1151 1128 1262 1171 optas,

283 1191 317 1219 et
343 1181 617 1218 consolationem
639 1189 846 1231 accepturus
865 1180 1082 1230 daturusque
1107 1194 1153 1228 es,
1178 1180 1265 1230 quid

284 1241 434 1293 impedit
453 1241 641 1291 quominus
655 1240 803 1277 venias?
833 1240 933 1277 Hanc
950 1254 1033 1291 crgo
1050 1241 1189 1278 solvens
1206 1254 1264 1277 su-

282 1302 489 1353 511101011οω,
498 1300 636 1352 adjicit:
651 1301 823 1338 15.N0l0
838 1309 966 1338 antem
984 1315 1054 1337 vos
1071 1304 1262 1352 ignorare,
1289 1309 1313 1338 E

279 1366 437 1415 fratres,
474 1364 577 1414 quod
601 1376 698 1414 soepe
728 1363 1025 1400 desideraverim
1054 1366 1187 1400 venire
1216 1363 1270 1400 ad

283 1439 368 1470 vos,
396 1433 432 1461 et
459 1422 661 1474 impeditus
693 1425 764 1460 sim
797 1437 914 1475 usque
936 1424 990 1460 ad
1017 1425 1120 1461 hunc
1149 1425 1264 1460 diem.

283 1484 378 1523 Vide
407 1484 546 1522 servilis
574 1483 783 1520 obedientiae
812 1483 983 1533 modum,
1015 1493 1049 1521 et
1073 1483 1269 1521 admodum

285 1546 376 1597 grati
395 1546 506 1583 animi
524 1544 830 1596 significationem.
846 1545 954 1590 Quod
972 1545 1189 1596 praepeditus
1209 1545 1268 1593 sit,

285 1608 358 1657 ait3
384 1622 452 1658 qua
471 1606 515 1644 de
540 1621 669 1654 causa,
703 1619 773 1642 non
791 1606 886 1643 item.
915 1607 1038 1655 Neque
1058 1606 1151 1642 enim
1181 1619 1268 1642 exa-

286 1669 396 1706 minat
411 1667 555 1704 Domini
571 1665 791 1714 mandatum,
808 1665 869 1703 sed
884 1666 1093 1716 obsequitur
1108 1675 1266 1703 tantum:

285 1743 499 1780 quamquam
518 1742 582 1779 par
597 1736 671 1764 erat
690 1726 867 1775 dubitare,
891 1741 953 1764 cur
974 1735 1107 1764 tantam
1128 1736 1271 1777 tamque

285 1789 510 1842 splendidam
541 1788 680 1838 urbem,
715 1788 760 1825 ad
789 1802 896 1839 quam
920 1788 1028 1826 totius
1049 1789 1144 1826 orbis
1173 1789 1272 1826 oculi

285 1851 595 1897 convertebantur,
613 1850 802 1900 quominus
818 1849 960 1887 doctore
975 1859 1071 1888 tanto
1085 1851 1272 1900 frueretur,

287 1912 423 1950 tamdiu
457 1910 643 1963 impediret
678 1912 789 1948 Deus.
824 1911 915 1947 Nam
951 1910 1012 1960 qui
1041 1910 1274 1962 imperantem
1285 1947 1331 1972 Lm

289 1974 411 2011 urbem
444 1972 544 2019 vicit,
582 1971 742 2009 subditos
773 1972 848 2022 ejus
874 1971 977 2009 facile
1006 1971 1165 2021 invadit3
1213 1972 1275 2023 qui
1298 1984 1324 2012 Α

288 2042 405 2071 autem
433 2032 493 2069 illa
513 2030 672 2077 dimissa,
704 2030 858 2068 subditis
877 2031 1066 2081 incumbit,
1090 2032 1150 2069 1110
1171 2042 1276 2085 caput

290 2094 448 2145 negligit.
471 2096 515 2130 At
541 2093 632 2130 nihil
651 2092 780 2129 horum
798 2092 931 2130 Paulus
952 2092 1087 2134 curiose
1105 2093 1249 2145 indagat
1265 2123 1274 2141 ‚

290 2155 351 2192 sed
384 2153 737 2205 incomprehensibili
776 2153 1009 2204 providentiae
1050 2154 1156 2202 cedit,
1200 2164 1275 2192 tum

291 2217 399 2254 animi
419 2216 472 2253 sui
492 2215 769 2252 moderationem
791 2215 991 2265 ostendens,
1016 2225 1093 2253 tum
1113 2216 1277 2254 erudiens

293 2291 355 2314 nos
369 2289 503 2324 omnes,
525 2289 568 2311 ne
585 2288 755 2324 umquam
773 2288 793 2310 a
813 2275 886 2311 Deo
906 2284 1086 2324 gestorum
1106 2275 1278 2314 rationem

293 2345 493 2388 repetamus
510 2365 520 2379 ,
568 2333 706 2371 etiamsi
742 2333 803 2370 illa
849 2334 981 2370 multos
1024 2335 1169 2372 turbare
1216 2336 1277 2374 vi-

293 2397 457 2434 deantur.
499 2395 592 2432 Nam
635 2394 770 2432 domini
813 2402 949 2431 tantum
993 2404 1043 2432 est
1073 2395 1247 2448 imperare
1265 2427 1276 2447 ,
1301 2403 1325 2432 B

296 2471 480 2496 servorum
495 2455 653 2506 obsequi.
667 2455 753 2492 Ideo
769 2455 857 2492 dicit
873 2469 908 2492 se
927 2455 1140 2507 impeditum
1157 2457 1277 2508 fuisse3

296 2533 365 2569 qua
381 2532 466 2556 vero
482 2517 526 2555 de
542 2531 656 2563 eausa,
676 2515 823 2552 minime
839 2517 978 2566 :Neque
993 2517 1085 2554 enim
1103 2531 1166 2568 ego
1182 2518 1279 2568 novi,

297 2579 422 2630 inquit.
449 2580 500 2616 Ne
519 2592 574 2615 me
601 2577 709 2628 igitur
727 2577 934 2627 interroges,
959 2591 1035 2627 quae
1057 2577 1101 2615 sit
1119 2579 1282 2616 voluntas

299 2649 360 2678 aut
379 2639 548 2677 sententia
569 2638 647 2676 Dei.
669 2638 794 2688 Neque
813 2637 906 2674 enim
935 2638 1144 2689 figmentum
1163 2639 1284 2691 opifici

300 2702 392 2740 dicet
412 2717 419 2737 ε
440 2702 520 2739 Cur
538 2715 597 2737 me
615 2702 670 2738 sic
686 2701 844 2751 fecisti?
864 2699 957 2747 Cur,
978 2713 1113 2749 qmeso,
1144 2700 1183 2737 id
1211 2700 1284 2738 edi-

301 2778 394 2802 scere
416 2762 548 2815 cupis?
581 2776 626 2799 an
645 2761 757 2798 nescis
775 2760 878 2797 illum
896 2761 1056 2797 omnium
1076 2775 1195 2799 euram
1215 2762 1284 2799 ha—

301 2827 383 2864 bere
396 2856 408 2871 ,
433 2823 625 2875 sapientem
645 2835 729 2868 esse,
748 2821 840 2858 nihil
861 2820 935 2858 sine
955 2835 1057 2858 causa
1078 2831 1139 2859 aut
1158 2830 1286 2860 temere

300 2886 433 2933 secisse,
449 2882 545 2934 quod
562 2891 594 2919 te
611 2881 690 2933 plus
707 2895 813 2931 quam
829 2890 988 2932 parentes
1003 2881 1053 2918 tui
1069 2888 1173 2931 amet,
1191 2882 1287 2933 quod

304 2945 414 2997 patris
443 2957 525 2993 erga
551 2952 584 2979 te
612 2942 779 2979 affectum
813 2941 1005 2992 matrisque
1035 2955 1155 2979 curam
1183 2942 1288 2994 longe

307 3006 465 3059 superet?
495 3003 597 3042 Nihil
622 3016 704 3054 ergo
724 3002 816 3040 ultra
835 3016 988 3052 quaeras,
1009 3016 1122 3053 neque
1140 3003 1289 3042 ulterius

306 3066 475 3119 procedas
491 3081 498 3100 τ
515 3065 591 3101 haee
612 3064 743 3115 quippe
760 3063 828 3100 tibi
846 3062 893 3100 ad
913 3063 1185 3101 consolationem
1205 3065 1288 3102 satis

307 3137 387 3165 sunt
403 3125 598 3176 :siquidem
621 3133 653 3161 ct
672 3133 756 3161 tunc
776 3138 830 3161 res
850 3125 1090 3162 Romanorum
1115 3124 1288 3177 sapienter

309 3188 532 3239 regebantur.
559 3184 666 3231 Quod
684 3184 711 3222 si
731 3184 877 3222 modum
897 3184 1059 3236 ignoras,
1081 3199 1124 3223 110
1144 3186 1180 3223 id
1198 3200 1290 3238 segre

356 3324 369 3345 ¹*
399 3320 457 3352 Alii
484 3326 661 3365 προεθέμην.
681 3320 730 3361 [Α
753 3325 868 3362 ἐθέμην.
888 3319 978 3352 Infra
996 3319 1082 3353 idem
1103 3325 1233 3362 {nst-137>-
1251 3333 1309 3364 pro

314 3374 483 3413 ’ὶτὲῗεῑξιν1

819 249 1001 279 ,ΙΟΛΝΝΙΞ
1037 248 1271 278 CHRYSOST.
1311 249 1513 278 ARCHIEP.
1550 237 1910 280 (ΞΟΝΞΤΑΝΤΙΝΟΡ.4

1327 328 1484 381 μερινοὺς
1505 328 1670 373 θανάτους
1694 330 1901 380 τρέμοντες,
1918 331 1977 368 καὶ
2008 330 2256 373 ὑποπτεύοντες
2286 331 2346 368 καὶ

1327 389 1443 440 φίλους
1465 389 1523 427 καὶ
1542 388 1685 433 οἰκείους
1703 390 1763 427 καὶ
1783 398 1973 441 συγγενεῖς,
1993 391 2051 430 καὶ
2073 391 2230 442 καθάπερ
2249 390 2342 437 ξένην

1327 448 1389 495 τὴν
1418 448 1620 499 οἰκουμένην
1641 451 1829 497 οἰκοῦντες,
1858 453 1988 500 μᾶλλον
2008 451 2043 490 δὲ
2073 452 2192 502 πολλῷ
2222 453 2290 487 τῶν
2311 451 2344 487 ἐν

1329 509 1494 562 ἀλλοτρίᾳ
1522 509 1766 560 διατριὸόντων
1783 510 2040 562 χαλεπώτερον.
2076 511 2145 549 Διά
2173 526 2226 548 τοι
2247 509 2346 548 τοῦτό

1330 585 1434 622 φησιν
1447 585 1454 593 ·
1475 571 1537 612 Εἷς
1556 570 1595 608 τὸ
1615 573 1844 622 στηριχθῆναι
1864 574 1954 620 ὑμᾶς
1967 603 1977 620 ,
2007 572 2066 610 καὶ
2096 573 2347 624 συμπαρακλη-

1331 633 1432 676 θῆναι
1457 630 1514 667 διὰ
1529 634 1590 676 τῆς
1610 631 1644 668 ἐν
1666 631 1828 677 ἀλλήλοις
1848 630 2008 675 πίστεως.
2025 633 2137 670 Τοῦτο
2162 631 2197 669 δὲ
2217 631 2346 681 ἔλεγεν,

1332 693 1397 742 οὐχ
1427 693 1473 733 ὡς
1503 691 1603 733 αὐτὸς
1622 691 1762 743 χρῄζων
1786 694 1847 737 τῆς
1866 694 1949 744 παρ’
1970 692 2107 730 ἐκείνων
2124 691 2350 743 συμμαχίας,

1332 751 1446 801 ἄπαγε
1458 766 1465 774 ·
1487 753 1561 794 πῶς
1579 751 1646 803 γὰρ
1665 754 1682 789 ὁ
1706 755 1767 798 τῆς
1789 752 2003 799 Ἔκκλησίας
2017 753 2155 800 στῦλος,
2172 755 2188 789 ὃ
2208 752 2349 802 σιδήρου

1332 810 1391 849 καὶ
1409 812 1537 863 πέτρας
1559 812 1794 864 στερρότερος,
1825 817 1842 851 ὃ
1870 813 2103 863 πνευματικὸς
2127 812 2263 863 ἀδάμας
2292 811 2351 849 καὶ

1336 872 1474 925 μυρίαις
1511 875 1625 924 ἀρκῶν
1651 873 1818 923 πόλεσιν,
1847 876 1922 912 ἀλλ’
1947 874 2004 912 ἵνα
2037 873 2085 925 μὴ
2120 873 2352 926 καταφορικὸν

1336 934 1465 986 ποιήσγΙ
1485 934 1541 971 τὸν
1562 935 1662 985 λόγον
1680 934 1767 985 μηδὲ
1799 935 1950 989 σφοδρὰν
1969 936 2031 982 ’τὴν
2058 935 2273 986 ἐπιτίμησιν,
2293 934 2353 971 καὶ

1337 995 1437 1038 αὐτὸς
1451 996 1583 1033 δεῖσθαι
1598 998 1660 1041 τῆς
1678 997 1932 1048 παρακλήσεως
1951 996 2047 1047 ἔλεγε
2058 1000 2120 1042 τῆς
2135 995 2286 1035 ἐκείνων.
2308 996 2354 1033 Εἰ

1338 1056 1374 1093 δέ
1403 1071 1455 1098 τις
1474 1058 1620 1094 ἐνταῦθα
1654 1056 1875 1109 παράκλησιν
1898 1057 1957 1094 καὶ
1986 1056 2195 1108 εὐφροσύνην
2216 1055 2278 1103 τὴν
2297 1055 2353 1093 ἐπὶ

1337 1121 1398 1164 τῆς
1417 1116 1565 1159 πίστεως
1593 1118 1705 1154 αὐτῶν
1729 1117 1882 1156 ἐπίδοσιν
1900 1118 2015 1168 λέγοι,
2045 1117 2103 1155 καὶ
2130 1116 2256 1162 ταύτης
2285 1117 2355 1153 δεῖ-

1338 1183 1416 1217 σΟαι
1435 1179 1491 1216 τὸν
1507 1180 1660 1223 Παῦλον,
1679 1180 1739 1216 οὐκ
1759 1178 1799 1215 ἂν
1819 1177 1894 1216 οὐδὲ
1915 1177 2022 1220 οὕτως
2042 1177 2193 1228 ἁμάρτοι
2220 1181 2279 1214 τοῦ
2297 1174 2356 1213 λό-

1339 1256 1411 1289 γου.
1438 1241 1482 1278 Εἰ
1498 1233 1555 1277 οὖν
1583 1238 1641 1276 καὶ
1659 1240 1857 1288 ἐπιθυμεῖς,
1877 1238 1978 1290 φησὶ,
2000 1237 2059 1275 καὶ
2074 1237 2158 1288 εὔχῃ
2171 1267 2180 1284 ,
2196 1237 2254 1274 καὶ
2276 1235 2357 1286 μέλ-

1339 1303 1409 1343 λεις
1427 1299 1679 1351 παρακλήσεως
1696 1299 1898 1343 ἀπολαύειν,
1914 1299 1972 1336 καὶ
1985 1298 2239 1350 παρακλήσεως
2254 1312 2357 1347 μετοι-

1341 1360 1487 1408 διδόναι,
1507 1360 1541 1398 τί
1559 1360 1598 1398 τὸ
1615 1359 1748 1397 κωλύον
1763 1361 1888 1407 ἐλθεῖν;
1905 1358 2047 1404 Ταύτην
2065 1357 2177 1395 τοίνυν
2191 1357 2281 1395 λύων
2296 1355 2357 1402 τὴν

1341 1422 1516 1469 ὑπόνοιαν,
1537 1420 1710 1472 ἐπήγαγεν
1726 1435 1733 1443 ·
1755 1422 1808 1458 Οὐ
1822 1419 1909 1457 θέλω
1930 1419 1964 1456 δὲ
1985 1422 2073 1468 ὑμᾶς
2088 1419 2234 1470 ἀγνοεῖν,
2254 1418 2359 1454 ἀδελ-

1343 1483 1419 1534 φοὶ,
1435 1482 1487 1520 ὅτι
1511 1481 1679 1524 πολλάκις
1707 1480 1723 1500 ¹³

1737 1481 1979 1533 προεθυμήθην
2002 1482 2110 1518 ἐλθεῖν
2131 1478 2217 1531 πρὸς
2246 1480 2337 1528 ὑμᾶς
2350 1508 2359 1525 ,

1343 1543 1401 1582 καὶ
1423 1542 1596 1589 ἐκωλύθην
1620 1542 1704 1594 ἄχρι
1722 1545 1784 1587 τῆς
1810 1543 1921 1593 δεῦρο.
1938 1540 2034 1594 υΟρα
2067 1540 2177 1592 μέτρα
2201 1541 2360 1585 δουλικῆς

1342 1606 1519 1650 ὑπακοῆς,
1539 1602 1599 1640 καὶ
1631 1603 1762 1648 πολλῆς
1792 1601 2052 1653 εὐγνωμοσύνης
2078 1599 2261 1643 ἀπόδειξιν.
2274 1598 2361 1636 “Ort

1345 1664 1405 1715 μὲν
1426 1664 1494 1716 γὰρ
1525 1662 1700 1711 ἐκωλύθη,
1721 1662 1816 1715 λέγει
1831 1679 1838 1686 ·
1859 1662 1915 1700 διὰ
1932 1662 1966 1700 τί
1990 1661 2044 1709 δὲ,
2065 1661 2192 1699 οὐκέτι.
2214 1661 2267 1698 Οὐ
2295 1659 2362 1712 γὰρ

1343 1726 1492 1771 ἐξετάζει
1504 1730 1563 1763 τοῦ
1582 1724 1758 1763 Δεσπότου
1779 1725 1817 1762 τὸ
1848 1724 2077 1775 πρόσταγμα,
2098 1721 2187 1760 ἀλλὰ
2206 1720 2362 1759 πείθεται

1347 1788 1467 1839 μόνον·
1489 1786 1602 1824 καίτοι
1634 1801 1673 1836 γε
1698 1786 1788 1830 εἰκὸς
1819 1780 1861 1832 ῆν
1887 1786 2116 1837 διαπορῆσαι,
2135 1783 2224 1827 τίνος
2248 1782 2362 1820 ἕνεκεν

1344 1849 1444 1887 πόλιν
1466 1848 1554 1887 οὕτω
1572 1846 1737 1900 λαμπρὰν
1749 1847 1807 1885 καὶ
1826 1846 1997 1898 μεγάλην,
2009 1845 2067 1883 καὶ
2083 1845 2168 1898 πρὸς
2183 1845 2224 1891 ἣν
2244 1844 2364 1881 ἅπασα

1347 1909 1524 1954 ἔδλεπενὴ
1545 1908 1727 1958 οἰκουμένη
1739 1938 1749 1956 ,
1769 1906 1940 1945 ἐκώλυσεν
1959 1910 1976 1944 ὁ
1991 1905 2079 1948 Θεὸς
2098 1907 2295 1943 ἀπολαῦσαι
2314 1904 2364 1941 δι-

1348 1970 1521 2008 δασκάλου
1540 1968 1693 2007 τοιούτου
1706 1998 1715 2015 ,
1735 1968 1794 2006 καὶ
1813 1967 1871 2006 ἐπὶ
1902 1967 2024 2019 χρόνον
2043 1969 2216 2005 τοσοῦτον.
2235 1964 2279 2003 Ὁ
2303 1963 2364 2015 μὲν

1346 2031 1413 2083 γὰρ
1434 2033 1495 2076 τῆς
1511 2029 1702 2082 κρατούσης
1734 2028 1867 2073 πόλεως
1902 2027 2183 2080 περιγενόμενος,
2212 2026 2272 2064 καὶ
2296 2031 2366 2068 τοῖς

1348 2090 1555 2144 ἀρχομένοις
1589 2090 1714 2142 ῥαδίως
1741 2089 1863 2141 ἐπῄει·
1889 2093 1906 2127 ὁ
1939 2089 1973 2126 δὲ
2000 2089 2064 2135 τὴν
2091 2086 2365 2140 βασιλικωτέραν

1348 2153 1463 2205 ἀφεὶς,
1491 2158 1560 2195 τοῖς
1586 2152 1621 2189 δὲ
1649 2151 1815 2197 ὑπηκόοις
1833 2150 2037 2204 ἐφεδρεύων,
2055 2151 2094 2188 τὸ
2109 2149 2295 2202 κεφάλαιον
2317 2141 2368 2185 εἶ-

1347 2230 1408 2266 χεν
1426 2212 1659 2263 ἠμελημένον.
1681 2211 1771 2249 Ἀλλ’
1787 2211 1882 2262 ὅμως
1909 2212 2004 2250 οὐδὲν
2026 2210 2157 2249 τούτων
2177 2208 2367 2261 περιεργά-

1348 2276 1459 2318 ζεται,
1481 2272 1571 2310 ἀλλὰ
1602 2278 1810 2323 παραχωρεῖ
1841 2274 1891 2322 τῷ
1920 2275 1981 2317 τῆς
2002 2270 2163 2322 προνοίας
2189 2268 2368 2315 ἀκαταλή-

1348 2350 1425 2385 πτῳ
1438 2364 1446 2379 ,
1467 2332 1506 2370 τό
1531 2348 1569 2369 τε
1591 2332 1738 2381 ἐμμελὲς
1757 2332 2033 2381 ἐπιδεικνύμενος
2066 2333 2128 2375 τῆς
2163 2333 2285 2368 ἑαυτοῦ
2305 2332 2368 2381 ψυ-

1349 2398 1432 2446 χῆς,
1449 2394 1508 2431 καὶ
1526 2392 1698 2430 παιδεύων
1724 2392 1858 2434 πάντας
1893 2395 1986 2441 ἡμᾶς
2006 2391 2178 2442 μηδέποτε
2202 2390 2260 2428 τὸν
2277 2391 2366 2428 Θεὸν

1353 2458 1511 2493 ἀπαιτεῖν
1531 2452 1667 2496 εὐθύνας
1680 2454 1746 2490 τῶν
1762 2452 2033 2504 γινομένων,κᾶν
2052 2454 2134 2503 δοκῇ
2152 2450 2300 2494 πολλοὺς
2317 2455 2369 2488 θο-

1355 2517 1466 2568 ρυέεῖν
1486 2514 1530 2552 τὰ
1549 2513 1783 2567 πραττόμενα.
1805 2512 1982 2552 Δεσπότου
2001 2512 2062 2563 μὲν
2084 2513 2149 2564 γάρ
2173 2516 2247 2551 ἐστι
2268 2511 2369 2562 μόνον

1669 2573 1734 2587 sl*

1638 2579 1651 2594 ²¹
1666 2585 1792 2612 δουλων
1822 2573 1857 2612 δὲ
1878 2574 1915 2611 τὸ
1945 2574 2135 2611 πείθεσθαι.
2162 2574 2230 2612 Διὰ
2249 2577 2369 2619 τοῦτο,

1354 2578 1393 2615 τὸ
1409 2576 1618 2620 ἐπιτάττειν,

1355 2639 1408 2677 ὅτι
1425 2637 1487 2688 μὲν
1502 2636 1676 2683 ἐκωλύθη,
1702 2635 1815 2686 λέγει·
1836 2635 1924 2678 τίνος
1948 2635 1983 2672 δὲ
2004 2634 2128 2682 ἕνεκεν,
2149 2635 2278 2673 οὐκέτι·
2295 2633 2372 2673 οὐδὲ

1355 2699 1423 2751 γὰρ
1442 2697 1509 2749 ἐγὼ
1534 2692 1609 2735 οἶδα
1625 2726 1633 2742 ,
1653 2696 1749 2748 φησί.
1782 2696 1841 2742 Μὴ
1869 2695 1980 2733 τοίνυν
2000 2695 2110 2745 ἐρώτα
2133 2711 2176 2746 με
2196 2700 2271 2733 θεοῦ
2295 2699 2373 2746 βου-

1357 2759 1419 2806 λὴν
1439 2758 1460 2804 ἢ
1477 2758 1631 2810 γνώμην.
1652 2756 1744 2795 Οὐδὲ
1761 2757 1827 2809 γὰρ
1850 2759 1918 2808 ἐρεῖ
1932 2757 1971 2795 τὸ
1989 2756 2136 2806 πλάσμα
2154 2759 2203 2808 τῷ
2219 2757 2374 2795 πλάσαν-

1358 2839 1408 2870 τι,
1437 2821 1484 2858 Τί
1505 2836 1548 2870 με
1581 2818 1746 2863 ἐποίησας
1767 2818 1879 2863 οὔτ-(ιη
1903 2818 2007 2861 Τίνος
2037 2816 2108 2869 γὰρ
2142 2817 2254 2855 ἕνεκεν
2269 2845 2278 2862 ‚
2299 2818 2374 2856 εἰπέ

1362 2899 1440 2934 μοι,
1457 2882 1516 2919 καὶ
1536 2883 1647 2927 ζητεῖς
1669 2883 1812 2928 μαθεῖν,
1832 2881 1894 2916 οὐκ
1913 2873 2030 2925 οἶσθα,
2050 2877 2102 2915 ὅτι
2121 2877 2219 2928 μέλει
2235 2878 2374 2916 πάντων

1362 2946 1453 2996 αὐτῷ
1466 2973 1475 2990 ,
1490 2942 1542 2980 ὅτι
1557 2940 1658 2992 σοφός
1677 2942 1783 2986 ἐστιν,
1803 2938 1855 2976 ὅτι
1876 2938 1969 2976 οὐδὲν
1984 2939 2102 2982 ἁπλῶς
2119 2939 2300 2990 ἐργάζεται
2316 2939 2375 2977 καὶ

1363 3007 1456 3056 εἰκῆ,
1481 3003 1533 3041 ὅτι
1562 3003 1630 3039 τῶν
1661 2999 1913 3051 γεγεννηκότων
1943 3015 1981 3037 σε
2015 3001 2145 3049 μᾶλλον
2175 3001 2288 3051 φιλεῖ,
2315 3000 2374 3037 καὶ

1361 3065 1490 3116 πατρὸς
1511 3065 1550 3101 ἐκ
1569 3063 1698 3100 πολλοῦ
1712 3064 1771 3098 τοῦ
1785 3060 1959 3111 περιόντος
1980 3061 2180 3112 ὑπερὸαίνει
2196 3062 2375 3112 φιλοστορ-

1359 3125 1451 3177 γίαν,
1464 3124 1522 3162 καὶ
1538 3122 1666 3174 μητρὸς
1689 3120 1895 3171 κηδεμονίαν
1909 3137 1918 3167 3
1940 3121 2059 3167 Μηδὲν
2074 3115 2130 3158 οὖν
2146 3121 2249 3159 πλέον
2262 3120 2375 3168 ζήτει,

1363 3185 1450 3236 μηδὲ
1481 3183 1647 3235 πρόὲαινε
1669 3180 1883 3233 περαιτέρω·
1904 3181 1962 3219 καὶ
1981 3181 2048 3233 γὰρ
2068 3183 2166 3235 ἀρκεῖ
2191 3197 2245 3219 σοι
2265 3185 2373 3218 ταῦτα

1419 3331 1431 3345 a
1458 3319 1518 3350 Alii
1537 3318 1604 3362 [Α]
1620 3324 1748 3352 οἰκετῶν.
1769 3316 1897 3349 Ibidem
1924 3316 2013 3349 Edit}
2038 3322 2161 3356 ἐκώ-,3,
2183 3315 2267 3348 male
2298 3315 2372 3347 M<s,

1378 3383 1490 3404 omnes
1508 3375 1649 3407 §mn-'ssa
