2502 3810
342 234 439 294 454

340 329 475 382 lapides
511 328 644 366 habens
680 327 864 378 pretiosos,
911 338 974 361 nec
1013 338 1224 375 purpuram,
1254 325 1316 361 sed

341 391 446 441 longe
469 391 524 426 his
549 389 708 426 meliora.
731 387 804 432 Qui
823 386 902 424 vult
924 386 960 422 in
981 385 1048 422 hoc
1079 384 1225 436 pelagus
1249 383 1314 421 de-

341 449 523 497 scendere,
545 462 613 485 non
636 461 724 499 opus
745 446 852 483 habet
879 444 1122 482 urinatoribus
1141 444 1197 482 vel
1224 444 1320 492 oleo,

339 510 403 547 sed
425 507 650 560 philosophia
679 507 821 544 multa:
842 505 997 543 inveniet
1030 505 1067 542 in
1099 504 1176 556 ipso
1203 504 1320 541 omnia

339 571 444 616 bona,
467 583 545 618 quae
572 577 653 605 sunt
672 568 708 605 in
728 581 836 618 regno
857 567 1037 604 caelorum.
1056 565 1130 613 Qui
1150 565 1232 602 talis
1253 574 1376 623 est„⁴16

340 629 467 680 poterit
497 643 562 666 rex
593 643 682 676 esse,
716 637 749 666 et
783 637 896 665 totum
929 626 1106 664 mundum
1143 626 1319 677 accipere,
1345 635 1370 664 A

340 702 481 738 esseque
498 689 535 725 in
561 688 694 725 honore
716 687 874 725 maximo
895 702 902 723 :
920 686 982 737 qui
1007 686 1043 723 in
1060 686 1127 723 hoc
1147 685 1237 722 mari
1259 699 1322 722 na-

339 749 460 800 vigat,
489 762 684 798 numquam
711 747 941 798 naufragium
969 746 1088 795 faciet,
1120 746 1180 783 sed
1203 746 1322 783 onmia

339 810 428 847 bene
447 810 544 847 sciet.
567 812 706 849 Verum
725 809 817 847 sicut
836 808 878 854 ii,
897 808 957 859 qui
977 807 1012 845 in
1029 807 1097 844 hoc
1109 807 1201 844 mari
1219 806 1324 844 navi-

339 880 436 922 gant,
458 871 487 908 si
507 870 665 923 imperiti
685 871 775 919 sint,
796 870 1017 907 suffocantur
1038 884 1046 905 :
1067 868 1118 906 sic
1143 877 1176 905 et
1197 867 1233 905 in
1261 868 1323 906 illo

338 932 430 969 mari
450 947 457 968 :
478 931 516 969 id
543 931 640 983 quod
660 931 788 969 accidit
807 930 1005 976 haereticis,
1028 929 1090 979 qui
1118 929 1201 981 plus
1215 944 1324 979 quam

339 993 453 1030 ferant
464 993 568 1040 vires,
580 1001 763 1032 attentant.
777 993 927 1044 Oportet
944 1004 1026 1042 ergo
1042 990 1324 1042 profunditatem

341 1054 417 1104 ejus
431 1053 520 1091 scire
532 1083 542 1101 ,
564 1053 621 1091 vel
640 1067 710 1090 non
726 1061 907 1090 attentare.
923 1050 1138 1102 Navigaturi
1157 1064 1240 1101 ergo
1257 1051 1326 1088 hoc

148 1123 327 1153 1.Cor.3.t.
341 1114 500 1165 pelagus,
522 1113 611 1150 bene
633 1113 780 1150 accincti
801 1112 922 1149 simus.
939 1112 1029 1149 Non
1046 1113 1167 1162 potui,
1192 1110 1323 1161 inquit,

144 1673 235 1701 Hebr.
260 1670 288 1699 5.

150 1724 195 1743 12.
214 1722 258 1742 ιι,

342 1176 454 1211 vobis
475 1175 581 1225 loqui
595 1182 635 1210 ut
649 1173 929 1224 spiritualibus,
946 1172 1014 1208 sed
1032 1180 1073 1208 ut
1087 1172 1324 1210 carnalibus.

341 1235 471 1273 Nullus
489 1235 677 1286 impatiens
697 1235 735 1272 in
760 1235 828 1271 hoc
846 1234 972 1286 pelago
982 1232 1134 1283 naviget.
1155 1234 1326 1271 Paremus

342 1295 445 1333 nobis
457 1309 581 1344 naves,
603 1295 640 1333 id
664 1304 727 1342 est,
748 1294 918 1342 studium,
937 1293 1168 1339 alacritatem,
1189 1307 1323 1344 preces,
1346 1304 1369 1334 B

343 1365 382 1393 ut
398 1370 480 1393 cum
494 1356 610 1406 quiete
621 1355 715 1393 illud
732 1355 971 1407 trajiciamus:
998 1353 1125 1391 etenim
1137 1353 1213 1391 haec
1236 1368 1328 1405 aqua

342 1416 466 1454 vivens
485 1425 547 1454 est.
574 1419 626 1454 Ac
655 1417 683 1454 si
712 1416 791 1466 quis
818 1415 1008 1467 chalybem
1036 1415 1178 1465 igneum
1202 1416 1328 1466 capiat,

344 1477 394 1514 sic
431 1476 490 1526 qui
524 1477 679 1514 Paulum
703 1476 821 1523 novit,
857 1485 896 1513 ut
934 1475 1083 1527 chalybs
1111 1475 1298 1513 roboratur
1319 1491 1327 1512 ι

344 1551 384 1574 ac
400 1537 429 1574 si
442 1536 522 1587 quis
548 1537 709 1588 gladium
729 1546 873 1574 acutum
887 1536 1035 1584 habeat,
1053 1536 1103 1573 sic
1122 1536 1204 1572 talis
1222 1536 1330 1573 homo

346 1598 425 1650 capi
441 1612 509 1635 non
523 1599 664 1650 poterit.
683 1598 806 1635 Etiam
829 1597 873 1634 ad
889 1595 1118 1646 intelligenda
1135 1596 1237 1633 Pauli
1253 1610 1330 1633 sen-

345 1673 382 1696 sa
418 1660 492 1697 vita
528 1673 618 1710 pura
643 1668 693 1696 est
721 1672 822 1710 opus.
844 1658 927 1694 Ideo
946 1656 1087 1693 dicebat
1115 1671 1122 1692 :
1149 1659 1199 1693 In
1219 1657 1330 1693 lactis

341 1724 570 1758 necessitate
588 1722 677 1757 estis
692 1749 701 1767 ,
719 1722 812 1771 quia
833 1718 1041 1755 imbecilles
1054 1719 1213 1754 auribus
1228 1718 1331 1768 facti

344 1786 446 1821 estis.
468 1783 532 1820 Est
557 1782 662 1830 enim,
689 1791 754 1831 est,
777 1782 937 1832 inquam,
958 1779 1148 1818 infirmitas
1170 1779 1330 1817 auditus.

345 1844 445 1882 Sicut
461 1844 556 1881 enim
575 1843 781 1881 stomachus
803 1856 905 1880 sanos
924 1851 958 1879 et
982 1840 1143 1879 difficilis
1163 1841 1332 1879 coctionis

347 1904 445 1942 cibos
474 1918 544 1942 non
567 1904 733 1956 suscipit,
754 1903 783 1941 si
806 1903 852 1941 sit
870 1903 1036 1940 infirmus
1057 1918 1065 1938 τ
1087 1902 1138 1939 sic
1162 1910 1195 1939 et
1214 1902 1332 1940 anima

345 1976 486 2004 tumens
510 1976 544 2004 et
563 1967 698 2015 inflata,
719 1967 856 2004 enervis
873 1966 965 2003 facta
986 1973 1019 2003 et
1043 1963 1229 2011 dissoluta,
1261 1978 1330 2002 non
1352 1973 1376 2004 C

346 2035 463 2078 potest
481 2026 703 2078 spiritualem
723 2040 919 2064 sermonem
938 2025 1109 2077 accipere.
1148 2023 1244 2061 Audi
1276 2024 1332 2062 di-

147 2101 332 2134 Jonn.6.61.
348 2087 502 2139 scipulos
526 2086 681 2124 dicentes
701 2102 709 2123 :
730 2088 864 2124 Durus
895 2095 951 2124 est
978 2087 1041 2123 hic
1077 2098 1221 2130 sermo;
1244 2089 1332 2136 quis

347 2151 487 2200 poterit
508 2162 594 2186 eum
617 2150 777 2186 audire?
797 2148 836 2186 Si
863 2162 947 2186 vero
976 2147 1079 2185 fortis
1103 2156 1136 2183 et
1166 2161 1249 2185 sana
1274 2149 1330 2198 sit,

350 2208 468 2246 omnia
485 2209 592 2256 levia,
617 2209 735 2245 omnia
755 2209 874 2246 facilia
900 2217 999 2257 sunt;
1026 2207 1199 2245 excelsior
1218 2209 1280 2247 illa
1299 2219 1332 2248 et

350 2270 466 2307 levior
487 2270 601 2319 magis
625 2269 790 2306 sublimis
816 2269 983 2316 efficitur,
1010 2278 1043 2306 et
1065 2269 1101 2306 in
1121 2267 1234 2306 altum
1259 2271 1332 2307 tol-

351 2331 452 2368 litur.
478 2330 562 2367 Haec
582 2344 665 2381 ergo
685 2344 767 2367 cum
785 2330 938 2367 sciamus
953 2360 962 2377 ,
990 2344 1112 2368 sanam
1143 2331 1335 2368 constitua-

354 2406 434 2429 mus
450 2391 604 2428 animam
619 2400 775 2428 nostram
794 2406 801 2426 z
820 2390 1026 2428 aemulemur
1050 2392 1225 2440 Paulum,
1248 2390 1332 2428 imi-

353 2463 472 2491 temur
494 2453 620 2489 fortem
639 2452 739 2489 illam
762 2460 794 2489 et
815 2451 1079 2490 adamantinam
1100 2453 1256 2490 animam
1267 2467 1278 2501 5
1295 2460 1336 2488 ut

356 2514 430 2565 ejus
457 2512 541 2550 vitae
559 2511 708 2561 vestigia
728 2520 924 2561 sequentes,
956 2512 1131 2563 possimus
1154 2511 1336 2565 praesentis

357 2574 436 2612 vitae
458 2572 604 2624 pelagus
630 2571 808 2623 trajicere,
825 2580 858 2609 et
873 2571 917 2608 ad
937 2573 1170 2623 tranquillum
1192 2581 1336 2624 portum

354 2633 544 2686 appellere,
572 2646 612 2669 ac
630 2632 805 2684 promissa
831 2632 974 2669 Christo
999 2632 1106 2684 digne
1130 2633 1336 2672 viventibus
1357 2638 1382 2667 D

352 2692 445 2730 bona
460 2692 637 2741 consequi,
652 2691 763 2742 gratia
777 2699 810 2728 et
821 2691 1040 2742 benignitate
1060 2692 1207 2730 Domini
1225 2691 1335 2729 nostri

354 2752 437 2789 Jesu
452 2749 595 2797 Christi,
615 2750 760 2800 quicum
772 2749 868 2787 Patri
887 2749 994 2786 simul
1016 2759 1050 2787 et
1082 2750 1235 2802 Spiritui
1255 2763 1336 2787 san-

355 2820 409 2849 cto
428 2810 551 2861 gloria,
570 2809 774 2861 imperium,
795 2810 923 2860 honor,
944 2824 1039 2849 nunc
1071 2821 1104 2850 et
1132 2825 1280 2864 semper,
1303 2820 1336 2849 et

354 2870 530 2909 insaecula
551 2870 773 2908 saeculorum.
797 2873 921 2909 Amen.

397 3056 414 3073 *
438 3057 523 3098 [Hic
545 3055 665 3088 desinit
679 3055 791 3089 Codex
814 3057 975 3099 726=B.]

398 3117 410 3132 a
435 3109 556 3139 Omnes
579 3107 646 3139 fere
672 3108 748 3139 Mss.
770 3111 860 3145 οὕτως
882 3113 896 3141 ὸ
922 3111 1039 3141 Παῦλον
1071 3111 1152 3146 εἰδὼς
1179 3113 1351 3151 στομοῦται.

350 3159 421 3202 [Sic
433 3160 473 3191 D.
489 3166 522 3190 et
537 3158 626 3192 A.C.
653 3159 715 3208 nisi
736 3158 826 3201 quod
845 3158 879 3190 hi
904 3157 971 3190 duo
993 3163 1110 3197 Παῦλος
1131 3170 1191 3201 pro
1209 3160 1356 3202 naamam]

355 3208 443 3248 Edit]
460 3214 474 3243 ὁ
490 3213 607 3247 Παῦλος
624 3211 696 3247 εἶδος
712 3216 893 3251 στομοῦται,
911 3207 1053 3241 Obscura
1069 3209 1187 3242 dictio.

398 3261 414 3285 b
438 3261 522 3303 [τοῖς
545 3267 696 3304 ἀγαπῶσιν
721 3265 809 3295 αὐτὸν
832 3267 978 3305 ἐπιτυχεῖν
992 3259 1083 3294 Editi
1097 3273 1174 3294 cum
1184 3263 1222 3295 A.
1236 3263 1275 3296 C.
1290 3262 1354 3295 De-

786 248 824 278 S.
862 243 1045 277 JOANNIS
1079 243 1318 274 CHRYSOST.
1357 244 1563 275 ARCHIEP.
1603 245 1957 278 CONSTANTINOP-

1391 325 1525 376 τιμίους
1536 355 1545 373 ,
1561 325 1638 364 οὐδὲ
1649 327 1835 378 ἁλουργίδα
1851 328 2028 376 τοιαύτην,
2045 327 2135 367 ἀλλὰ
2146 326 2211 373 κτῆ
2215 343 2309 377 ματα
2324 328 2407 366 πολ-

1391 388 1442 437 λῷ
1457 386 1585 424 τούτων
1598 386 1783 437 βελτίω.Ὁ
1799 387 2003 438 βουλόμενος
2023 391 2069 432 εἷς
2081 394 2181 427 τοῦτο
2199 391 2354 425 καθεῖναι
2369 388 2409 426 τὸ

1392 446 1541 497 πέλαγος
1561 446 1694 494 ἑαυτὸν,
1720 448 1758 483 οὔ
1778 449 2007 498 κολυμὸητῶν
2041 450 2166 496 δεῖται,
2187 450 2248 487 οὒκ
2273 447 2387 486 ἐλαίου
2400 477 2410 495 ,

1394 506 1484 544 ἀλλὰ
1504 506 1705 558 φιλοσοφίας
1725 508 1876 554 πολλῆς·
1900 508 2035 557 εὑρήσει
2054 511 2087 546 ἐν
2115 511 2207 560 αὐτῷ
2226 507 2341 546 πάντα
2365 507 2410 546 τὰ

1394 568 1506 618 ἀγαθὰ
1526 567 1569 604 τὰ
1589 570 1622 605 ἐν
1650 570 1693 619 τῇ
1725 567 1885 618 βασιλείᾳ
1909 570 1976 605 τῶν
2005 571 2170 620 οὐρανῶν.
2187 569 2231 607 ‘O
2258 573 2410 612 τοιοῦτος

1393 628 1452 665 καὶ
1475 627 1659 673 δυνήσεται
1683 629 1841 679 γενέσθαι
1861 628 2040 679 βασιλεὺς,
2059 630 2118 667 καὶ
2138 630 2253 668 πάντα
2280 630 2336 668 τὸν
2352 629 2410 668 κό-

1395 704 1480 739 σμον
1499 688 1634 735 λαὸεῖν,
1657 688 1716 726 καὶ
1743 691 1777 726 ἐν
1807 692 1893 740 τιμῇ
1914 682 2000 726 εῖναι
2017 689 2036 708 *
2052 688 2197 742 μεγίστῃ
2212 705 2220 713 ·
2243 693 2260 728 ὃ
2278 690 2409 734 ταύτην

1393 749 1508 787 πλέων
1523 749 1585 796 τὴν
1605 748 1781 787 θάλασσαν
1800 749 1961 787 οὐδέποτε
1976 749 2137 800 ναυάγιον
2157 749 2410 797 ὑποστήσεται,

1394 810 1484 848 ἀλλὰ
1515 809 1629 847 πάντα
1664 809 1794 847 εἴσεται
1823 811 1950 853 καλῶς.
1970 810 2060 847 Ἀλλ’
2089 809 2206 861 ὥσπερ
2226 813 2256 848 οἱ
2284 811 2412 857 ταύτης

1394 871 1530 922 ἄπειροι
1564 874 1626 917 τῆς
1657 870 1833 917 θαλάσσης
1864 870 2136 921 ἀποπνίγονται,
2162 870 2251 908 οὕτω
2279 870 2320 916 δὴ
2352 870 2412 908 καὶ

1395 933 1557 970 ἐνταῦθα·
1580 932 1664 983 ὅπερ
1685 931 1726 977 δὴ
1738 931 1913 983 πάσχουσι
1934 931 1992 969 καὶ
2012 933 2043 968 οἱ
2063 932 2229 983 αἱρετικοὶ
2243 937 2313 973 τοῖς
2328 930 2413 982 ὗπὲρ

1396 992 1539 1043 δύναμιν
1558 995 1802 1043 ἐγχειροῦντες.
1822 994 1884 1029 Δεῖ
1900 991 1941 1038 δὴ
1962 992 2000 1029 τὸ
2021 992 2124 1043 βάθος
2139 991 2252 1029 τοίνυν
2268 991 2414 1038 εἰδέναι,

1395 1053 1417 1099 ἢ
1449 1053 1496 1104 μὴ
1518 1054 1757 1104 κατατολμᾷν.
1776 1050 1835 1090 Ἂν
1865 1051 2047 1103 μέλλωμεν
2075 1054 2171 1091 πλεῖν
2195 1052 2235 1090 τὸ
2264 1052 2416 1103 πέλαγος

1394 1119 1513 1160 τοῦτο,
1535 1114 1673 1157 εὔζωνοι
1691 1112 1880 1163 γενώμεθα.
1897 1115 1974 1151 Οὐκ
1998 1113 2169 1159 ἠδυνήθην
2197 1116 2289 1163 ὑμῖν,
2306 1112 2412 1163 φησὶ,

1394 1174 1547 1221 λαλῆσαι
1561 1176 1606 1217 ὡς
1625 1178 1873 1223 πνευματικοῖς
1886 1203 1895 1220 ,
1911 1172 1987 1211 ἀλλ>
2007 1177 2053 1216 ὡς
2070 1179 2257 1224 σαρκικοῖς.
2281 1173 2414 1219 Μηδεὶς

1397 1235 1629 1287 ἀκαρτέρητος
1639 1237 1739 1272 τοῦτο
1753 1233 1885 1284 πλείτω
1898 1234 1938 1272 τὸ
1948 1233 2109 1284 πέλαγος.
2126 1234 2413 1271 Κατασκευάσω-

1399 1312 1461 1347 μεν
1484 1298 1616 1338 ἑαυτοῖς
1644 1296 1749 1332 πλοῖα
1764 1324 1773 1342 ,
1800 1294 1990 1341 τουτέστιν,
2010 1294 2175 1341 σπουδὴν,
2204 1293 2413 1345 προθυμίαν,

1399 1357 1523 1409 εὐχὰς,
1539 1357 1630 1394 ὥστε
1646 1355 1803 1394 διανύσαι
1821 1355 1860 1392 τὸ
1879 1355 2028 1407 πέλαγος
2044 1358 2076 1393 ἐν
2097 1353 2227 1407 ἡσυχία
2239 1370 2247 1377 ·
2268 1355 2326 1391 καὶ
2345 1354 2415 1408 γὰρ

1397 1418 1438 1456 τὸ
1456 1417 1547 1469 ὕδωρ
1561 1420 1662 1454 τοῦτο
1680 1418 1745 1460 ζῶν
1772 1419 1857 1454 ἐστι.
1878 1417 2045 1468 Καθάπερ
2066 1416 2098 1453 εἴ
2115 1431 2168 1460 τις
2189 1415 2296 1467 πυρὸς
2313 1415 2415 1453 λάὸοι

1400 1478 1514 1528 στόμα
1526 1507 1535 1525 ,
1554 1477 1662 1519 οὕτως
1680 1480 1694 1496 ³
1705 1480 1722 1514 ὁ
1738 1478 1878 1514 Παῦλον
1905 1476 2002 1519 εἰδὼς
2019 1481 2208 1527 στομοῦται
2224 1492 2231 1499 ·
2258 1476 2415 1527 καθάπερ

1401 1539 1432 1576 εἴ
1454 1554 1505 1581 τις
1523 1538 1702 1589 μάχαιραν
1721 1537 1833 1581 ὀξεῖαν
1863 1538 1952 1588 ἔχοι,
1972 1537 2079 1581 οὕτως
2106 1541 2123 1575 ὃ
2142 1541 2292 1580 τοιοῦτος
2309 1537 2414 1575 πάλιν

1401 1597 1588 1639 ἀκάθεκτος
1606 1597 1750 1648 γίνεται.
1772 1597 1846 1635 Καὶ
1862 1596 1947 1649 πρὸς
1959 1597 1998 1634 τὸ
2017 1600 2139 1642 νοῆσαι
2156 1597 2191 1634 δὲ
2210 1597 2254 1634 τὰ
2274 1596 2417 1635 Παύλου

1404 1657 1479 1708 βίου
1505 1660 1657 1708 καθαροῦ
1682 1657 1802 1694 δεῖται.
1817 1656 1885 1694 Δια
1899 1661 1999 1694 τοῦτο
2014 1656 2073 1693 καὶ
2093 1656 2189 1706 ἔλεγε
2202 1672 2209 1678 ·
2238 1657 2417 1699 Γάλακτος

1401 1720 1434 1756 ἐν
1453 1718 1556 1770 χρείᾳ
1566 1717 1758 1763 κατέστητε
1771 1748 1780 1765 ,
1793 1718 1867 1756 ε’πεί
1880 1717 2003 1770 νωθροὶ
2022 1716 2185 1768 γεγόνατε
2194 1723 2270 1760 ταῖς
2287 1719 2417 1760 ἀκοαῖς.

1399 1777 1504 1817 Ἔστι
1524 1778 1610 1832 γὰρ,
1629 1778 1721 1816 ἔστιν
1753 1778 1911 1817 ἀσθένεια
1930 1783 1992 1825 τῆς
2021 1780 2138 1824 ἀκοῆς.
2164 1778 2332 1830 Καθάπερ
2351 1778 2418 1830 γὰρ

1402 1840 1577 1892 στόμαχος
1596 1843 1656 1878 οὐκ
1677 1840 1716 1878 ἂν
1737 1839 1871 1884 δέξαιτο
1885 1840 2016 1891 ὑγιεινὰ
2036 1839 2129 1877 σιτία
2150 1839 2208 1877 καὶ
2232 1839 2419 1892 δυσκατέρ-

1400 1916 1531 1951 γαστα,
1553 1900 1697 1947 ἀσθενὴς
1710 1900 1771 1949 ὢν,
1788 1900 1875 1939 οὕτω
1904 1902 1963 1939 καὶ
1987 1900 2082 1953 ψυχὴ
2105 1903 2297 1951 ὃγκωθεῖσα
2309 1931 2319 1948 ,
2337 1901 2419 1952 φλε-

1402 1962 1611 2014 γμαίνουσα,
1627 1962 1743 2005 ἄτονος
1757 1963 1924 2012 γενομένη
1944 1962 2004 2000 καὶ
2019 1962 2170 2009 ἔκλυτος,
2183 1964 2244 2000 οὔκ
2262 1963 2302 1999 ἂν
2320 1963 2419 2007 δυνη-

1403 2023 1476 2070 θείη
1493 2023 1654 2068 δέξασθαι
1672 2023 1729 2061 τὸν
1749 2023 1982 2073 πνευματικὸν
2003 2024 2116 2074 λόγον.
2132 2022 2254 2061 Ἄκουε
2268 2025 2336 2060 τῶν
2355 2038 2420 2073 μα-

1404 2086 1517 2131 θητῶν
1545 2083 1733 2135 λεγόντων·
1756 2083 1915 2135 Σκληρός
1934 2087 2026 2122 ἐστιν
2057 2086 2075 2120 ὃ
2107 2082 2206 2134 λόγος
2227 2077 2339 2127 οὗτος·
2369 2082 2421 2124 τίς

1405 2144 1547 2183 δύναται
1572 2148 1673 2183 αὐτοῦ
1690 2145 1843 2193 ἀκούειν,
1859 2145 1920 2184 Ἂν
1948 2146 1983 2183 δὲ
2003 2144 2132 2198 ἰσχυρὰ
2149 2139 2171 2195 ἦ
2188 2144 2247 2182 καὶ
2265 2144 2396 2196 ὑγιεινὴ
2410 2174 2420 2191 ,

1403 2207 1519 2244 πάντα
1543 2210 1672 2258 ῥᾷστα,
1690 2207 1805 2244 πάντα
1826 2207 1949 2244 εὔκολα
1962 2237 1971 2253 ,
1998 2204 2195 2258 ὑψηλοτέρα
2212 2205 2344 2256 γίνεται
2363 2205 2422 2242 καὶ

1404 2267 1607 2318 κουφοτέρα,
1625 2268 1755 2316 μᾶλλον
1772 2267 2014 2318 μετεωρίζεται
2034 2266 2093 2304 καὶ
2114 2268 2159 2309 εἷς
2174 2265 2256 2318 ὕψος
2272 2265 2420 2317 αἴρεται.

1405 2328 1529 2364 Ταῦτα
1548 2320 1604 2363 οῦν
1635 2326 1761 2369 εἰδότες
1791 2326 1941 2377 ὑγιεινὴν
1971 2330 2071 2376 ἡμῶν
2105 2326 2422 2375 κατασκευάσωμεν

1406 2386 1468 2433 τὴν
1483 2386 1611 2438 ψυχὴν,
1631 2387 1690 2423 καὶ
1709 2385 1920 2436 ζηλώσωμεν
1937 2386 1994 2424 τὸν
2016 2387 2168 2431 Παῦλον,
2184 2385 2243 2422 καὶ
2260 2384 2424 2435 μιμησώ-

1409 2451 1497 2497 μεθα
1525 2447 1588 2493 τὴν
1606 2445 1763 2496 γενναίαν
1785 2445 1918 2492 ἐκείνην
1944 2446 2002 2483 καὶ
2032 2445 2265 2495 ἀδαμαντίνην
2284 2445 2401 2496 ψυχήν
2415 2461 2422 2468 ·

1407 2508 1464 2546 ἵνα
1483 2507 1562 2545 κατ’
1579 2507 1670 2559 ἴχνος
1689 2509 1757 2544 τῶν
1784 2506 1903 2557 ἐκείνῳ
1922 2505 2145 2556 βεὸιωμένων
2173 2506 2422 2557 πορευόμενοι,

1409 2569 1608 2618 δυνηθῶμεν
1623 2568 1662 2605 τὸ
1678 2567 1827 2618 πέλαγος
1841 2570 1900 2604 τοῦ
1915 2566 2083 2617 παρόντος
2105 2566 2178 2616 βίου
2200 2567 2425 2613 διαπλεῦσαι,

1407 2630 1466 2668 καὶ
1497 2631 1542 2672 εἷς
1560 2629 1616 2666 τὸν
1642 2627 1839 2678 ἀκύμαντον
1871 2627 1997 2677 λιμένα
2016 2627 2330 2673 καταντῆσαι,κα“ι
2357 2629 2425 2664 τῶν

1409 2688 1675 2741 ἐπηγγελμένων
1696 2689 1833 2739 ἀγαθῶν
1853 2686 1948 2731 -ὴτοῖς
1964 2687 2066 2731 ἀξίως
2085 2691 2143 2725 τοῦ
2162 2688 2316 2738 Χριστοῦ
2334 2689 2426 2737 βιοῦ-

1409 2767 1461 2789 σιν
1495 2753 1683 2802 ἐπιτυχεῖν,
1703 2749 1822 2802 χάριτι
1845 2750 1904 2787 καὶ
1936 2748 2177 2801 φιλανθρωπία
2203 2751 2262 2786 τοῦ
2286 2748 2427 2799 Κυρίου,

1408 2814 1508 2862 ἡμῶν
1523 2811 1640 2858 Ἰησοῦ
1656 2812 1823 2862 Χριστοῦ,
1845 2813 1919 2860 μεθ’
1938 2805 1976 2847 σῧ
1995 2811 2044 2860 τῷ
2060 2808 2176 2860 Πατρὶ
2189 2808 2262 2857 ἅμα
2275 2810 2324 2859 τῷ
2340 2807 2428 2860 ἁγίῳ

1407 2872 1589 2922 Πνεύματι
1616 2871 1708 2917 δόξα,
1736 2871 1880 2923 κράτος,
1897 2869 2001 2920 τιμὴ,
2031 2874 2088 2907 νῦν
2109 2869 2169 2906 καὶ
2195 2868 2274 2915 ἀεὶ,
2301 2868 2360 2906 καὶ
2381 2871 2427 2912 εἷς

1406 2933 1483 2975 τοὺς
1499 2935 1625 2975 αἰῶνας
1644 2934 1711 2969 τῶν
1733 2930 1878 2968 αἰώνων.
1902 2929 2021 2980 Ἀμήν.

1424 3053 1534 3087 dimus
1554 3060 1590 3086 ut
1615 3050 1716 3084 habet
1739 3053 1780 3086 D.
1799 3052 1895 3083 Hunc
1924 3062 2006 3084 vero
2030 3050 2188 3083 Codicem
2204 3061 2315 3084 errore
2331 3062 2429 3094 supra

1423 3106 1567 3139 diximus
1583 3104 1730 3136 desinere
1748 3103 1780 3135 in
1797 3103 1889 3135 hom.
1907 3103 2190 3146 quinquagesima.
2210 3104 2292 3143 Quae
2313 3103 2373 3135 suh
2392 3102 2432 3134 fi-

1421 3170 1496 3190 nem
1512 3156 1695 3199 doxologiae
1710 3154 1912 3195 addidimus,
1925 3155 2050 3188 habent
2065 3155 2162 3187 simul
2175 3163 2240 3187 tres
2256 3154 2314 3187 illi.
2325 3156 2432 3188 Caeie-

1421 3221 1494 3242 rum
1513 3208 1555 3241 de
1570 3207 1697 3240 ratione
1716 3209 1815 3239 totius
1831 3218 1938 3248 operae
1955 3219 1969 3238 a
1986 3206 2080 3239 nobis
2095 3206 2127 3238 in
2142 3205 2201 3238 hos
2217 3207 2431 3239 Commenta-

1419 3263 1485 3294 rios
1499 3260 1654 3303 impensae
1667 3258 1949 3302 videEpimeti-um
1959 3260 1991 3291 iu
2004 3258 2093 3291 calce
2109 3257 2206 3302 hujus
2217 3258 2430 3299 Voluminis]

715 3405 748 3437 S.
774 3405 958 3438 JOANNIS
981 3406 1295 3441 CHRYSOSTOMI
1319 3409 1366 3441 IN
1389 3408 1500 3441 ACTA
1525 3406 1675 3439 APOST.
1701 3406 1931 3439 COMMENT.
1956 3404 2090 3437 FINIS.
