2502 3810
748 296 788 324 IN
829 294 970 323 EPIST-

96 378 207 428 σάρκα
228 377 309 427 μίαν
327 393 332 399 ·
355 379 371 413 ὃ
395 376 428 413 δὲ
449 375 509 421 τὴν
535 375 617 425 μίαν
637 377 683 419 εἷς
702 375 760 413 δύο
784 377 918 413 διεῖλεν.
942 372 1031 411 Ἰδοὺ
1050 372 1112 411 πό*

93 441 195 488 λεμος
215 432 272 480 εἷς.
291 436 405 474 Πάλιν
437 436 525 474 αὐτὰ
551 436 594 474 τὰ
621 436 678 474 δύο
707 436 796 487 μέρη
825 439 936 473 ταῦτα
952 433 1114 484 καὶπρὸς

93 499 215 542 αὐτοὺς
233 498 291 536 καὶ
322 498 405 550 πρὸς
436 496 607 543 ἀλλήλους
628 496 884 547 ἐξεπολέμωσεν
904 512 911 519 ·
934 495 972 533 αῗ
991 509 1027 532 τε
1047 495 1114 544 γὰρ

92 565 250 610 γυναῖκες
278 563 442 609 γυναῖκας
462 558 598 610 ὕῧριζον
621 558 750 605 πάλιν,
771 560 830 596 οὐκ
850 557 975 631 ἄνδρας
996 554 1113 605 μόνον,

91 620 126 659 οἵ
138 636 174 658 τε
192 620 310 671 ἄνδρες
337 619 428 657 κατά
454 635 492 656 τε
512 619 701 666 ἀλλτ-λοΜ
696 618 846 666 ι’σταντο,
869 634 929 655 και
944 616 1035 654 κατὰ
1054 619 1114 653 ‘tosa'

91 680 283 730 γυναικείου
300 680 428 730 γένους,
457 679 648 731 καθάπερ’
634 695 667 716 εν
682 677 900 729 νυκτομαχίᾳ
919 676 1008 714 τινί·
1029 669 1115 717 εἶδες

91 740 245 793 δεύτερον
268 740 328 778 καὶ
344 739 457 792 τρίτον
483 739 652 790 πόλεμον,
679 739 738 776 καὶ
764 738 926 789 τέταρτον
943 751 1003 774 και
1018 735 1113 785 πέμ-

91 818 195 849 πτον;
227 802 357 840 ίι’Ἐστι
385 801 444 838 καὶ
478 800 592 852 ἕτερος
608 816 615 823 ·
638 799 725 850 μετὰ
744 799 812 852 γὰρ
830 801 899 836 τῶν
921 796 1111 849 εἰρημένων

91 863 149 900 καὶ
168 865 215 906 εἷς
233 862 296 909 τὴν
323 861 424 914 φύσιν
454 861 560 908 αὐτὴν
588 859 853 911 παρηνόμησαν.
876 857 1023 902 Ἐπειδὴ
1045 856 1112 907 γὰρ

92 918 176 961 εἶδεν
200 926 217 961 ὃ
236 922 405 969 διάὸολος,
427 922 479 959 ὅτι
499 920 586 967 αὕτη
610 919 763 970 μάλιστα
791 917 932 969 συνάγει
961 917 1005 953 τὰ
1029 916 1110 967 γένη

90 987 110 1028 ἦ
132 983 311 1034 ἐπιθυμία,
329 983 387 1020 τὸν
403 981 526 1031 δεσμὸν
548 979 738 1018 ἐσπούδασε
765 977 948 1028 διακόψαι,
963 975 1054 1014 ὥστε
1074 978 1110 1013 οὔ

89 1046 137 1095 τῷ
159 1043 206 1092 μὴ
223 1042 422 1093 σπείρεσθαι
443 1040 543 1091 μόνον
563 1038 654 1077 κατὰ
673 1038 777 1088 νόμον
804 1037 844 1075 τὸ
864 1037 959 1087 γένος
991 1037 1111 1073 διαλῦ-

90 1118 167 1150 σαι,
189 1102 279 1141 ἀλλὰ
303 1102 362 1139 καὶ
382 1103 431 1151 τῷ
451 1100 536 1151 πρὸς
556 1099 725 1145 ἀλλήλους
743 1098 1054 1146 ἐκπεπολεμῶσθαι
1072 1097 1112 1134 τὸ

87 1163 180 1212 γένος
209 1162 268 1200 καὶ
297 1160 506 1204 στασιάζειν.
528 1158 599 1196 Καὶ
623 1158 686 1205 τὴν
709 1157 929 1209 ἀντιμισθίαν
943 1186 952 1204 ,
971 1156 1011 1202 ἢν
1030 1155 1109 1204 ἔδει,

87 1225 148 1268 τῆς
171 1221 305 1267 πλάνης
325 1222 438 1258 αὐτῶν
459 1222 492 1257 ἐν
522 1221 656 1262 ἑαυτοῖς
680 1217 998 1269 ἀπολαμὸάνοντες.
1017 1215 1112 1268 (Όροι

87 1285 160 1325 πῶς
189 1281 294 1319 πάλιν
324 1280 381 1318 ἐπὶ
408 1279 472 1326 τὴν
501 1279 617 1329 πηγὴν
649 1279 788 1331 ἔρχεται
811 1281 870 1316 τοῦ
899 1282 1025 1324 κακοῦ,
1047 1276 1111 1324 τὴν

89 1341 249 1380 ἀσέὸειαν
268 1340 330 1388 τὴν
351 1340 420 1378 ἀπὸ
437 1342 505 1377 τῶν
533 1339 737 1390 δογμάτων,
754 1338 814 1377 καὶ
840 1337 961 1389 μισῡὸν
990 1341 1109 1375 τοῦτον

87 1396 174 1440 εἶναί
194 1417 280 1454 φησι
297 1405 359 1448 τῆς
378 1399 599 1452 παρανομίας
618 1400 762 1447 ἐκείνης
783 1398 931 1446 Επειδὴ
949 1398 1014 1450 γαρ
1031 1414 1110 1472 περι

87 1463 225 1514 γ;ε’ννης
252 1479 310 1500 και
333 1462 509 1503 κολάσεως
528 1461 661 1512 >dyc-,w
683 1477 741 1499 νυν
771 1462 831 1499 οὒκ
856 1461 966 1498 εδόκει
991 1460 1112 1503 πιστὸς

90 1527 174 1561 εἶναι
194 1530 265 1566 τοῖς
281 1523 424 1562 ἀσεὸέσι
443 1538 502 1559 και
522 1521 611 1559 οὕτω
628 1525 688 1573 ζῇν
705 1521 1005 1574 προαιρουμένοις,
1022 1520 1112 1559 ἀλλὰ

90 1601 148 1622 και
167 1583 472 1634 καταγέλαστος,
455 1582 624 1621 δείκνυσιν
641 1584 674 1620 ἐν
697 1583 782 1633 αὒτῃ
799 1585 842 1633 τῆ
859 1583 964 1633 ηδονῃ
982 1582 1112 1628 ταύτην

89 1645 152 1691 τὴν
168 1645 310 1683 κόλασιν
327 1638 444 1681 οὖσαν.
461 1645 506 1682 Εἰ
524 1642 559 1680 δὲ
579 1645 641 1681 οὖν.
657 1642 877 1681 αἰσθάνονται
889 1672 899 1689 ,
915 1644 992 1680 ἀλλ’
1009 1642 1113 1688 ἥδον-

94 1721 170 1753 ται,
189 1704 236 1755 μὴ
261 1704 442 1755 θαυμάσῃς
458 1721 465 1728 ·
486 1703 544 1742 καὶ
568 1703 635 1755 γὰρ
656 1703 714 1740 καὶ
734 1705 764 1740 οἱ
782 1702 983 1753 μαινόμενοι
1002 1702 1061 1739 καὶ
1083 1704 1113 1739 οἱ

94 1765 260 1818 φρενίτιδι
278 1766 506 1816 κατεχόμενοι
536 1764 626 1816 νόσῳ
653 1763 768 1802 πολλὰ
795 1763 935 1806 ἑαυτοὺς
954 1764 1113 1801 ἀδικοῦν-

93 1842 164 1873 τες,
185 1826 243 1863 καὶ
261 1826 391 1864 ἐλεεινὰ
408 1826 630 1877 πράσσοντες,
652 1826 703 1876 ἐφ’
719 1819 767 1868 οἷς
788 1823 908 1867 αὐτοὺς
921 1823 1033 1877 ἕτεροι
1049 1825 1111 1862 δα-

92 1887 251 1938 κρύουσι,
267 1889 396 1937 γελῶσι
415 1886 473 1925 καὶ
491 1889 683 1939 ἐντρυφῶσι
702 1891 771 1929 τοῖς
790 1884 982 1936 γινομένοις
1002 1884 1111 1922 αὐτοί.

91 1947 183 1985 Ἀλλ’
205 1951 242 1985 οὐ
271 1947 327 1986 διὰ
346 1948 447 1985 τοῦτό
473 1963 585 2000 φαμεν
612 1945 733 1990 αὐτοὺς
754 1946 979 1998 ἀπηλλάχθαι
1003 1945 1112 1984 κολά-

92 2024 190 2052 σεως,
207 2008 295 2046 ἀλλὰ
311 2008 370 2046 καὶ
390 2010 433 2045 δι’
453 2009 535 2045 αὐτὸ
551 2007 612 2057 μὲν
632 2001 689 2044 οὖν
708 2011 809 2046 τοῦτο
828 2008 862 2044 ἐν
882 2005 1114 2058 χαλεπωτέρα

93 2063 179 2105 εἶναι
201 2067 372 2121 τιμωρία,
389 2068 443 2107 ὅτι
473 2068 550 2106 οὐδὲ
570 2068 682 2107 ἴσασιν
711 2070 745 2106 ἐν
771 2062 819 2111 οἷς
849 2069 947 2105 εἰσιν.
967 2069 1020 2105 Οὐ
1046 2065 1114 2119 γὰρ

94 2130 162 2167 ἀπὸ
191 2132 259 2166 τῶν
291 2129 496 2177 νοσούντων,
525 2131 600 2167 ἀλλ’
627 2130 696 2168 ἀπὸ
721 2133 789 2167 τῶν
811 2128 1032 2181 ὑγιαινόντων
1064 2129 1113 2164 δεῖ

92 2190 204 2242 φέρειν
226 2189 287 2233 τὰς
306 2189 437 2242 ψήφους
457 2206 464 2214 ·
482 2191 556 2228 ἐπεὶ
575 2189 615 2227 τό
629 2206 668 2241 γε
687 2190 835 2229 παλαιὸν
854 2188 914 2226 καὶ
939 2188 1042 2238 νόμος
1062 2181 1111 2225 εἷ-

90 2266 146 2288 ναι
165 2251 204 2288 τὸ
221 2257 370 2302 πρᾶγμα
387 2251 516 2298 ἐδόκει,
536 2251 594 2288 καὶ
617 2250 803 2300 νομοθέτης
817 2266 868 2293 τις
891 2250 973 2300 παρ’
997 2250 1113 2291 αὐτοῖς

90 2311 223 2355 οἰκέτας
253 2312 412 2349 ἐκέλευσε
437 2312 525 2362 μήτε
543 2310 788 2364 1’ξηραλοιφεῖν
826 2311 914 2361 μήτε
947 2310 1112 2362 παιδερα-

90 2377 198 2418 στεῖν,
228 2377 300 2416 τοῖς
319 2372 508 2422 ἐλευθέροις
533 2374 595 2417 τῆς
621 2371 824 2423 προεδρείας
849 2369 1112 2423 παραχωρήσας

89 2431 231 2479 ταύτης
255 2433 385 2483 μᾶλλον
407 2432 442 2470 δε
461 2448 524 2479 της
542 2431 802 2484 ἀσχημοσύνης.
826 2432 917 2469 Ἀλλ’
935 2430 1029 2481 ὅμως
1051 2446 1112 2468 ουκ

308 2493 556 2545 ἀσχημοσύνην
585 2497 672 2532 εἶναι
699 2508 739 2531 το
765 2498 937 2544 πρᾶγμα,
969 2490 1045 2529 ἀλλ’
1066 2494 1112 2535 ὡς

90 2553 213 2602 σεμνὸν
233 2553 292 2591 και
313 2552 465 2604 μεῖζον
446 2570 468 2599 η
492 2555 569 2591 κατ’
590 2555 732 2591 οἰκετων
756 2553 906 2603 ἀξίωμα,
926 2557 998 2595 τοῖς
1017 2553 1112 2590 ἐλευ-

90 2491 293 2542 ἐνόμισαν*

91 2613 198 2664 θέροις
215 2613 405 2665 ἐπέτρεψαν
425 2629 432 2636 ·
449 2618 468 2634 ‘⁰
479 2614 539 2651 καὶ
557 2617 658 2652 τοῦτο
674 2617 691 2652 ὃ
708 2613 907 2666 σοφώτατος
922 2616 990 2651 τῶν
1009 2612 1111 2661 Ἀθη-

90 2673 194 2711 ναίων
223 2675 345 2724 δῆμος,
375 2674 435 2711 καὶ
452 2677 469 2712 ὃ
492 2674 600 2725 μέγας
629 2677 712 2726 παρ’
736 2676 851 2717 αὐτοῖς
878 2674 1013 2713 Σόλων.
1042 2674 1113 2711 Καὶ

90 2733 190 2786 ἑτερα
211 2734 246 2773 δὲ
266 2736 378 2773 πολλὰ
398 2751 467 2773 των
487 2736 682 2787 φιλοσόφων
706 2735 825 2810 βιῗλία
842 2735 972 2782 ταύτης
994 2737 1035 2774 ἅν
1059 2752 1112 2778 τις

89 2793 182 2847 εὖροι
207 2795 358 2846 γέμοντα
384 2798 446 2841 τῆς
475 2795 595 2834 νόσου·
619 2798 696 2834 ἀλλ’
718 2798 755 2834 οὒ
776 2796 833 2833 διὰ
852 2812 952 2835 τουτο
972 2812 1111 2847 νενομι-

91 2855 212 2904 σμένον
241 2860 328 2894 εἶναι
346 2872 386 2894 το
406 2872 478 2908 πρα
481 2856 555 2907 γμά
584 2871 720 2907 φαμεν,
741 2856 830 2894 ἀλλὰ
862 2856 922 2894 καὶ
951 2855 1028 2900 τους
1052 2872 1110 2894 τον

90 2915 193 2965 νόμον
215 2916 416 2966 δεξαμένους
431 2922 550 2956 τοῦτον
566 2915 733 2960 ἐλεεινους
750 2933 809 2955 και
825 2917 981 2969 δακρύων
1000 2916 1112 2961 ἀξίους

90 2953 177 3012 εἶναι
196 2978 344 3014 πολλῶν.
363 2977 405 3015 Ἃ
430 2978 498 3030 γὰρ
528 2979 563 3015 αἱ
583 2978 833 3031 πορνευόμεναι
857 2977 1033 3030 πάσχουσι
1049 2992 1112 3028 γυ-

93 3048 203 3085 ναῖκες
217 3073 226 3089 ,
245 3047 354 3081 ταῦτα
380 3044 439 3082 καὶ
460 3039 552 3083 οὗτοι
569 3060 576 3068 ·
604 3046 735 3094 μᾶλλον
759 3045 795 3084 δὲ
823 3043 962 3082 ἐκείνων
983 3043 1113 3082 ἀθλιώ-

99 3122 184 3157 .ερα.

93 3173 189 3222 φύσιν
209 3177 230 3219 ἦ
256 3174 344 3224 μίξις
364 3191 370 3198 ·
394 3175 481 3223 αὕτη
514 3177 548 3215 δὲ
577 3177 635 3215 καὶ
655 3178 905 3229 ἠπαράνομος,
928 3177 986 3215 καὶ
1016 3176 1111 3226 παρὰ

217 3109 305 3152 Ταῖς
334 3109 395 3159 μὲν
424 3109 491 3161 γὰρ
521 3111 629 3148 εἶκαὶ
660 3111 880 3163 παράνομος,
902 3110 991 3149 ἀλλὰ
1022 3109 1112 3148 κατὰ

135 3314 146 3326 ‘¹
175 3309 234 3337 ε”ττι
251 3310 307 3348 γὰρ
325 3309 372 3337 καὶ
389 3309 504 3349 ἕτερος,
523 3307 569 3338 sic
588 3317 681 3338 unus.

135 3356 150 3379 ¹*
176 3359 361 3400 ξηραλοιῗεῖν
379 3358 532 3389 unctione
548 3359 634 3390 sicca
652 3360 697 3390 uti
709 3385 716 3398 ‚
736 3358 840 3400 qualis
866 3366 960 3390 extra
978 3357 1093 3389 balnea

90 3406 278 3438 sumebatur
306 3407 348 3439 ab
378 3407 510 3441 athletis
528 3417 559 3441 et
576 3411 607 3442 in
625 3409 787 3452 palzcstra.
808 3412 884 3443 Hace
902 3422 978 3442 vero
995 3411 1093 3442 servis

89 3457 341 3499 prohibebatur.

1013 292 1069 320 AD
1106 290 1212 320 ROM.

1253 290 1407 320 uomit.
1448 290 1511 319 ιν.
2079 279 2170 340 497

1184 371 1272 408 duas
1282 370 1513 410 divisit.Ecce
1520 371 1654 409 bellum
1665 372 1999 422 11n11n2.Rursusque
2010 373 2073 411 has
2080 374 2169 413 duas

1185 441 1313 484 partes,
1329 441 1369 470 ut
1388 433 1525 470 bellum
1546 442 1578 471 et
1597 432 1666 470 sihi
1685 433 1771 486 ipsis
1790 442 1822 471 et
1843 443 1968 472 mutuo
1984 435 2168 485 inferrent,

1140 502 1162 531 Β
1185 492 1319 530 effecit:
1338 493 1501 531 mulieres
1519 492 1613 530 enim
1625 493 1875 531 contumeliam
1886 494 2080 533 inferebant
2096 510 2169 533 mu-

1184 554 1342 603 lieribus,
1356 568 1419 592 nec
1434 554 1538 592 modo
1557 554 1663 604 viris;
1685 555 1754 593 viri
1774 569 1913 606 quoque
1931 565 2051 594 contra
2073 557 2169 595 viros

1184 614 1466 660 insurrexerunt,
1477 624 1511 652 et
1537 625 1657 653 contra
1673 616 1884 653 muliebrem
1906 630 2045 667 sexum,
2065 617 2168 667 quasi

1184 676 1221 713 in
1243 675 1399 726 quadam
1424 685 1594 714 nocturna
1619 690 1752 729 pugna.
1776 677 1949 716 Vidistin'
1972 678 2167 717 seeundum

1185 744 1217 772 ct
1234 735 1379 772 tertium
1400 736 1558 785 bellum3
1580 736 1652 774 imo
1674 745 1707 773 et
1730 746 1897 786 quartum
1917 746 1950 774 et
1971 738 2166 788 quintum?

1185 795 1249 832 Est
1268 796 1361 833 enim
1382 805 1415 833 et
1433 795 1529 833 aliud
1546 810 1648 833 :nam
1661 811 1742 833 cum
1762 797 1991 848 supradictis,
2006 798 2040 835 in
2055 799 2168 850 ipsam

1185 869 1326 906 quoque
1354 864 1516 892 naturam
1544 855 1664 905 iniqu'e
1689 865 1846 906 egerunt.
1862 857 1936 894 Ubi
1959 857 2052 896 vidit
2073 859 2167 896 enim

1185 917 1351 954 diabolus
1367 917 1459 953 hanc
1476 916 1795 968 concupiscentiam
1813 932 1917 955 sexus
1938 920 2092 957 maxime
2110 934 2167 958 co-

1181 977 1317 1028 pulare,
1352 976 1420 1014 hoc
1455 976 1642 1015 vinculum
1666 976 1864 1015 discindere
1900 978 1998 1015 nisus
2027 989 2098 1017 est:
2120 981 2169 1018 ita

1182 1046 1217 1074 ut
1236 1050 1305 1073 non
1325 1045 1463 1074 tantum
1482 1051 1528 1074 ex
1545 1036 1682 1074 defectu
1702 1037 1845 1074 seminis
1862 1051 1972 1088 genus
1991 1038 2167 1078 dissolve-

1180 1106 1290 1147 retur,
1310 1097 1371 1135 sed
1396 1098 1504 1135 etiam
1528 1112 1572 1136 ex
1595 1112 1649 1148 eo,
1671 1098 1768 1148 quod
1788 1098 1923 1135 bellum
1950 1099 2018 1137 sibi
2044 1109 2168 1138 mutuo

1135 1166 1159 1196 C
1180 1158 1347 1197 inferrent
1373 1169 1406 1197 et
1432 1160 1696 1197 altercarentur.
1717 1161 1772 1198 Et
1797 1162 2026 1208 mercedem,
2051 1177 2168 1214 quam

1181 1223 1361 1272 oportuit,
1375 1223 1515 1258 erroris
1542 1223 1602 1258 sui
1623 1223 1664 1257 in
1694 1223 1904 1273 semetipsis
1932 1225 2166 1274 recipientes.

1180 1281 1277 1320 Vide
1309 1281 1488 1332 quomodo
1518 1295 1658 1319 rursum
1681 1281 1728 1319 ad
1754 1281 1886 1319 fontem
1914 1282 1999 1319 mali
2031 1283 2166 1329 veniat,

1180 1342 1397 1395 impietatem
1418 1357 1544 1394 nempe
1563 1357 1605 1380 ex
1619 1341 1846 1393 dogmatibus
1856 1358 1868 1392 3
1888 1352 1921 1380 et
1932 1343 2022 1381 hanc
2036 1358 2168 1382 merce-

1181 1404 1262 1442 dem
1291 1418 1365 1442 esse
1387 1404 1476 1442 dicit
1506 1404 1706 1454 iniquitatis
1735 1403 1843 1441 illius.
1876 1404 1971 1450 Quia
2001 1405 2095 1443 enim
2123 1405 2168 1442 de

1181 1468 1338 1519 gehenna
1356 1477 1390 1506 et
1409 1467 1584 1520 supplicio
1604 1467 1764 1517 loquens,
1784 1467 1904 1519 impiis
1922 1477 1955 1506 et
1979 1468 2027 1505 ita
2046 1469 2168 1507 vivere

1183 1530 1382 1568 volentibus
1402 1543 1472 1567 non
1499 1528 1688 1567 videbatur
1709 1543 1803 1567 nunc
1829 1529 1900 1566 fide
1926 1529 2056 1581 dignus
2079 1545 2166 1577 esse,

1182 1591 1254 1628 imo
1267 1591 1387 1643 potius
1401 1590 1587 1640 ridiculus,
1605 1590 1759 1628 ostendit
1772 1590 1807 1628 in
1819 1590 1895 1642 ipsa
1906 1591 2089 1658 volup-tate
2103 1591 2169 1629 hoc

1183 1651 1401 1703 supplicium
1415 1664 1498 1689 esse
1519 1650 1626 1697 Quod
1642 1651 1671 1688 si
1690 1651 1729 1688 id
1746 1665 1815 1689 non
1830 1652 1992 1700 sentiant,
2012 1652 2083 1689 imo
2101 1653 2169 1689 sibi

1183 1712 1358 1764 placeant,
1382 1725 1425 1749 ne
1441 1711 1600 1770 mireris:
1622 1724 1704 1748 nam
1719 1712 1875 1748 furentes
1890 1721 1925 1749 et
1944 1712 2004 1762 qui
2019 1712 2168 1763 phreni-

1183 1771 1256 1808 tide
1272 1773 1365 1823 capti
1385 1781 1479 1819 sunt,
1496 1785 1531 1808 se
1549 1771 1703 1808 multum
1720 1770 1886 1808 laedentes
1901 1780 1934 1808 et
1954 1771 2169 1809 miserabilia

1182 1831 1347 1869 facientes
1351 1831 1809 1883 ,dumalimumlaciymas
1825 1831 1994 1881 excitant,
2005 1831 2169 1869 ridentae

1180 1891 1225 1929 de
1241 1892 1347 1943 gestis
1363 1906 1381 1928 a
1399 1906 1435 1929 se
1452 1891 1630 1929 laetantur.
1655 1890 1726 1929 Sed
1737 1905 1806 1928 non
1827 1891 1907 1929 ideo
1922 1861 2073 1929 dicimus
2090 1892 2170 1930 illos

1182 1966 1202 1989 a
1227 1952 1402 2004 supplicio
1432 1960 1599 2000 exemtos,
1622 1950 1683 1989 sed
1694 1951 1775 1989 ideo
1802 1951 1839 1988 in
1862 1951 2025 2002 graviore
2038 1951 2170 1991 damno

1182 2022 1216 2051 et
1246 2027 1349 2064 poena
1376 2013 1520 2062 versari,
1533 2012 1617 2064 quia
1648 2026 1717 2063 quo
1739 2012 1776 2050 in
1793 2021 1885 2050 statu
1908 2013 1977 2050 sint
1992 2013 2164 2053 nesciunt.

1182 2075 1261 2112 Non
1276 2076 1369 2111 enim
1385 2074 1430 2111 ab
1446 2074 1564 2125 aegris,
1586 2073 1647 2111 sed
1659 2088 1678 2110 a
1689 2073 1980 2112 benevalentibus
1993 2075 2169 2113 calculum

1181 2137 1263 2174 ferri
1280 2145 1442 2188 oportet:
1462 2135 1753 2186 quandoquidem
1777 2135 1972 2186 antiquitus
2005 2151 2059 2174 res
2080 2146 2113 2174 et
2133 2137 2168 2174 in

1181 2197 1296 2248 legem
1313 2211 1413 2235 versa
1434 2196 1636 2245 videbatur,
1657 2206 1690 2233 et
1708 2196 1856 2246 quidam
1873 2196 2053 2247 legislator
2070 2199 2169 2250 apud

1182 2258 1261 2295 illos
1272 2258 1438 2309 jusserat,
1451 2272 1494 2295 ne
1511 2258 1591 2308 quis
1611 2271 1736 2295 servus
1749 2257 1848 2309 apud
1864 2257 1944 2295 illos
1958 2258 2016 2295 vel
2031 2259 2168 2297 unctio-

1182 2333 1225 2356 ne
1243 2318 1335 2356 sicea
1348 2327 1518 2368 uteretur,
1543 2318 1601 2356 vel
1615 2332 1742 2370 pueros
1760 2327 1894 2356 amaret
1909 2334 1920 2368 5
1943 2319 2065 2357 liberis
2084 2329 2168 2357 tan—

1181 2390 1258 2419 tum
1276 2381 1367 2418 banc
1387 2379 1674 2432 praerogativam,
1692 2379 1749 2417 vel
1764 2379 1883 2431 potius
1903 2380 1994 2418 hanc
2010 2381 2169 2432 turpitu-

1182 2442 1301 2480 dinem
1322 2441 1528 2480 concedens,
1549 2443 1713 2479 Attamen
1739 2441 1795 2478 illi
1820 2455 1889 2479 non
1908 2441 2171 2494 turpitudinem

1183 2518 1255 2542 esse
1280 2504 1453 2556 putabant
1468 2519 1479 2553 3
1512 2502 1571 2540 sed
1606 2517 1681 2540 rem
1711 2503 1895 2541 honestam
1922 2513 1954 2541 et
1981 2504 2170 2556 majorem,

1183 2578 1291 2615 quam
1310 2564 1417 2601 ferret
1437 2577 1620 2602 servorum
1641 2562 1811 2613 conditio,
1831 2563 1955 2601 liberis
1969 2564 2067 2601 illam
2083 2578 2171 2602 con-

1183 2634 1362 2664 cesserunt
1376 2640 1383 2660 :
1400 2633 1433 2662 et
1446 2624 1513 2662 hoc
1534 2623 1819 2676 sapientissimus
1827 2624 2095 2662 Atheniensium
2112 2639 2172 2677 po-

1183 2687 1303 2738 pulus,
1321 2695 1355 2723 et
1366 2699 1515 2736 magnus
1529 2683 1625 2736 apud
1641 2683 1721 2721 illos
1737 2684 1855 2722 Solon.
1866 2684 1914 2721 Et
1929 2684 2017 2722 alios
2030 2699 2171 2736 quoque

1183 2747 1312 2785 multos
1340 2746 1637 2798 philosophorum
1662 2745 1773 2782 libros
1799 2745 1867 2782 hoc
1897 2746 2023 2783 morbo
2049 2746 2170 2797 plenos

1183 2806 1337 2859 reperias
1354 2822 1361 2843 ε
1377 2819 1489 2856 neque
1508 2814 1623 2842 tamen
1642 2804 1722 2842 ideo
1744 2819 1819 2842 rem
1837 2819 1910 2843 esse
1925 2814 2092 2843 statutam
2108 2805 2168 2843 di-

1185 2868 1311 2918 cimus,
1329 2866 1390 2905 sed
1410 2880 1482 2915 eos,
1503 2866 1565 2916 qui
1581 2865 1674 2903 hanc
1695 2879 1859 2917 accepere
1879 2866 2004 2917 legem,
2022 2866 2168 2912 miseros

1186 2938 1219 2967 et
1248 2927 1418 2980 lacrymis
1440 2926 1568 2978 dignos
1594 2939 1667 2964 esse
1694 2926 1829 2965 multis.
1848 2926 1983 2964 Eadem
2007 2928 2102 2965 enim
2130 2928 2168 2964 hi

1129 3005 1176 3032 [⁴57
1187 2990 1389 3043 patiuntur,
1422 3003 1499 3040 quae
1526 2986 1692 3025 mulieres
1712 2987 1945 3037 fornicante83
1960 2988 2032 3026 imo
2051 2997 2084 3026 et
2101 2989 2168 3027 mi-

1139 3042 1164 3070 Λ
1187 3051 1405 3089 serabiliora.
1417 3050 1564 3087 Illarum
1580 3048 1673 3086 enim
1688 3047 1883 3097 coitus,etsi
1898 3048 2168 3100 illegitimus,se-

1188 3111 1346 3150 cundum
1371 3120 1535 3148 naturam
1553 3119 1668 3147 tamen
1688 3118 1738 3146 est
1750 3124 1761 3157 3
1780 3109 1840 3147 hic
1861 3123 1946 3147 vero
1965 3119 1998 3147 et
2018 3109 2166 3161 illegiti-

1188 3187 1266 3211 mus
1289 3181 1320 3210 ct
1340 3180 1460 3210 eontra
1477 3180 1648 3208 naturam.
1663 3169 1813 3208 Etiamsi
1832 3171 1924 3208 enim
1937 3184 1998 3208 nec
2011 3171 2169 3222 gebenna

1205 3306 1217 3321 ⁴
1245 3304 1254 3344 [
1274 3304 1308 3333 Α.
1329 3301 1494 3345 αἰσχύνη-4.]

1206 3369 1218 3382 0
1244 3356 1330 3389 Alius
1348 3360 1499 3388 καὶτοῦτο
1518 3359 1677 3399 ἐπέφερεν
1691 3357 1704 3388 ὁ
1720 3362 1827 3399 πορώτ.
1849 3355 1904 3395 [A.
1927 3358 2087 3398 ἐλευθέροις
2104 3359 2170 3388 ἔπε’-

1163 3415 1295 3453 *122'2'22'5
1313 3423 1375 3452 my.
1394 3408 1404 3448 ]

1207 3465 1219 3477 ¹*
1247 3463 1353 3504 [παρὰ
1370 3467 1455 3502 νόμω

1475 3460 1535 3495 A]
