2466 3805
722 198 768 228 ΙΝ

117 274 185 327 γὰρ
219 276 319 313 αὐτὸν
349 281 529 329 πανταχοῦ
558 278 617 315 καὶ
648 279 835 331 ἐπαίροντα
872 281 916 319 τὰ
948 282 1135 322 Ἰουδαϊκά.

114 334 248 370 Οὐκοῦν
277 333 350 371 ἔστι
367 334 425 372 καὶ
452 335 592 386 γέεννα,
612 337 672 374 καὶ
703 338 831 388 ἀγαθός
861 342 953 378 ἐστιν
985 344 1002 378 ὃ
1028 341 1132 384 Θεός.

111 382 198 440 Ἆρα
231 391 390 444 ἐφρίξατε
416 398 526 431 ταῦτα
559 394 786 443 ἀκούσαντες,
814 396 920 435 Ἀλλὰ
938 401 1050 436 ταῦτα
1082 400 1136 436 ε’ν-

112 452 221 487 ταῦθα
239 450 405 501 γινόμενα
422 452 518 490 οὐδέν
539 454 613 491 ἐστι
633 454 718 507 πρὸς
739 454 782 492 τὰ
798 458 880 494 ἐκεῖ.
897 457 1011 494 Πάλιν
1029 459 1135 509 ἀναγ-

112 507 263 558 κάζομαι
291 510 400 556 ἀηδὴς
425 511 606 562 φαίνεσθαι
635 512 694 550 καὶ
716 514 875 566 φορτικὸς
908 515 968 553 καὶ
1003 516 1130 567 βαρύς·

112 567 203 604 ἀλλὰ
219 567 252 605 τί
273 570 391 616 πάθω,
410 572 472 614 Εἰς
490 576 590 610 τοῦτο
605 577 736 622 κεῖμαι.
763 575 932 627 Καθάπερ
952 577 1130 626 παιδαγω-

111 626 170 678 γὸς
185 630 337 679 χαλεπὸς
357 632 404 673 εἷς
424 635 524 669 τοῦτο
543 637 676 680 κεῖται,
701 635 748 675 εἷς
766 634 805 671 τὸ
836 639 1013 684 μισεῖσθαι
1034 636 1130 688 παρὰ

110 689 177 725 τῶν
197 689 554 740 παιδαγωγουμένων·
575 689 664 728 οὕτω
687 690 728 737 δὴ
748 690 807 728 καὶ
829 694 943 742 ἡμεῖς.
962 694 1045 736 Πῶς
1064 693 1130 745 γὰρ

111 749 174 785 οὐκ
207 748 346 797 ἄτοπον,
376 749 454 793 τοὺς
495 749 555 800 μὲν
589 750 685 801 παρὰ
720 751 891 801 βασιλέων
921 751 1015 795 τάξιν
1053 752 1131 790 τινὰ

110 809 316 859 ταχθέντας,
336 809 400 846 κᾶν
430 810 531 856 ἀηδὲς
548 804 571 860 ἦ
589 815 605 831 ³
624 809 663 847 τὸ
680 810 979 862 προσταττόμενον
999 818 1109 849 ποιεῖν
1122 829 1129 835 ·

110 873 204 919 ἡμᾶς
222 870 257 907 δὲ
275 870 330 907 διὰ
345 869 407 916 τὴν
427 871 510 921 παρ’
527 871 624 919 ὑμῶν
639 869 770 921 μέμψιν
789 870 961 908 ἐλλείπειν
982 870 1044 917 τὴν
1065 872 1129 909 τά·

109 925 171 973 ξιν,
185 927 226 973 ἣν
242 927 438 979 ἐτάχθημεν
445 942 455 975 3
474 926 595 969 Ἄλλος
610 927 707 978 ἔργον
724 926 797 978 ἔχει
815 926 932 979 ἕτερον
949 943 956 950 ·
977 930 1074 978 ὑμῶν
1093 928 1128 967 δὲ

109 985 231 1022 πολλοὶ
247 985 342 1038 ἔργον
362 986 500 1036 ἔχουσι,
514 985 553 1022 τὸ
567 986 686 1031 ἐλεεῖν,
707 985 747 1023 τὸ
766 985 1128 1036 φιλανθρωπεύεσθαι,

108 1044 201 1088 ἡδεῖς
214 1036 300 1079 εἶναι
320 1043 379 1079 καὶ
396 1047 581 1093 προσηνεῖς
594 1047 664 1086 τοῖς
680 1043 987 1095 εὖεργετουμένοις.
1005 1042 1129 1094 εΗμεῖς

107 1099 144 1138 δὲ
164 1106 234 1143 τοῖς
257 1099 508 1151 ὠφελουμένοις
530 1103 647 1153 βαρεῖς
666 1100 859 1160 φαινόμεθα
876 1101 936 1139 καὶ
963 1102 1130 1153 χαλεποὶ,

106 1156 167 1194 καὶ
182 1157 338 1210 φορτικοὶ
353 1158 413 1196 καὶ
429 1159 544 1204 ἀηδεῖς
557 1174 564 1181 ·
586 1160 622 1196 οὐ
639 1158 707 1211 γὰρ
726 1160 769 1196 δι’
792 1162 839 1196 ὧν
855 1159 1026 1212 τέρπομεν
1043 1161 1130 1210 ὠφε-

104 1215 243 1266 λοῦμεν,
265 1215 355 1254 ἀλλὰ
385 1216 429 1254 δι’
448 1211 495 1254 ὧν
527 1216 706 1267 δάκνομεν.
728 1217 893 1260 Τοιοῦτός
923 1220 996 1255 ἐστι
1022 1218 1082 1256 καὶ
1115 1221 1131 1256 ὃ

105 1272 232 1326 ἰατρός.
252 1274 344 1312 Ἀλλ’
372 1277 498 1318 ἐκεῖνος
531 1274 594 1326 μὲν
624 1278 661 1312 οὐ
693 1275 826 1327 σφόδρα
848 1275 977 1322 ἀηδής·
1007 1276 1130 1320 εὐθέως

103 1331 171 1384 γὰρ
189 1335 251 1378 τῆς
274 1334 375 1372 αὐτοῦ
386 1333 511 1385 τέχνης
527 1333 590 1380 τὴν
609 1333 778 1385 ὠφέλειαν
799 1333 1012 1386 παρέχεται·
1029 1338 1130 1384 ἡμεῖς

105 1389 141 1427 δὲ
162 1393 196 1428 ἐν
212 1393 262 1442 τῷ
282 1390 454 1441 μέλλοντι.
471 1391 635 1434 Τοιοῦτός
655 1391 801 1429 ἐστικαὶ
821 1394 838 1429 ὃ
857 1391 1023 1454 δικαστὴς
1037 1422 1046 1439 ,
1063 1394 1128 1430 λυ-

104 1448 214 1500 πηρὸς
237 1454 306 1492 τοῖς
334 1455 469 1488 νοσοῦσι
495 1450 554 1488 καὶ
584 1450 809 1495 στασιάζουσι
825 1465 832 1473 ·
853 1453 1007 1494 τοιοῦτος
1031 1453 1048 1488 ὁ
1070 1467 1126 1489 νο-

104 1507 268 1556 μοθέτης,
290 1509 444 1560 λυπηρὸς
471 1515 541 1552 τοῖς
561 1508 879 1560 νομοθετουμένοις.
906 1508 998 1547 Ἀλλ’
1025 1512 1090 1562 οὐχ
1109 1514 1126 1548 ὃ

101 1567 216 1603 καλῶν
245 1566 302 1604 ἐπὶ
330 1567 473 1620 τρυφὴν,
493 1566 569 1605 οὐδὲ
594 1570 611 1605 ὃ
640 1568 841 1617 δημοτελεῖς
869 1571 978 1606 ποιῶν
1005 1568 1126 1621 ἑορτὰς

101 1624 160 1661 καὶ
194 1625 423 1678 πανηγύρεις,
444 1625 520 1664 οὐδὲ
540 1628 557 1663 ὃ
591 1628 768 1677 στεφανῶν
793 1625 850 1663 τὸν
880 1627 989 1677 δῆμον
1004 1642 1011 1649 ·
1033 1627 1122 1665 ἀλλὰ

101 1689 285 1735 προσηνεῖς
302 1678 394 1722 οῦτοι
408 1713 418 1731 ,
434 1686 642 1736 εὐωχοῦντες
654 1683 716 1727 τὰς
731 1683 850 1728 πόλεις
871 1685 1024 1736 θεάμασι
1039 1702 1126 1724 παν·

101 1742 281 1789 τοδαποῖς,
307 1742 540 1795 εἰσφέροντες,
559 1742 815 1785 ἀναλίσκοντες.
836 1742 905 1781 Διὰ
927 1748 1031 1804 τοῦτο
1062 1745 1123 1783 καὶ

100 1799 116 1819 ¹'
129 1801 314 1852 εὐφημίαις
328 1801 450 1845 αὐτοὺς
465 1801 668 1852 ἀμείὸονται
682 1805 713 1840 οἱ
727 1802 894 1846 παθόντες
910 1807 946 1840 εὖ
960 1833 970 1851 ,
981 1804 1041 1841 καὶ
1055 1820 1122 1842 πα-

101 1859 347 1910 ραπετάσμασι
359 1890 369 1908 ,
383 1860 442 1897 καὶ
460 1860 654 1910 λαμπάδων
674 1860 821 1907 πλήθει,
838 1861 898 1898 καὶ
919 1861 1118 1912 στέμμασι,

98 1916 159 1954 καὶ
177 1917 340 1963 κλάδοις,
369 1917 427 1956 καὶ
447 1919 567 1964 ἐσθῆτι
585 1920 746 1968 λαμπρᾷ.
763 1916 823 1955 Ἂν
855 1917 891 1955 δὲ
917 1917 973 1956 τὸν
1000 1920 1117 1971 ἰατρὸν

97 1976 217 2015 ἴδωσιν
239 1980 269 2015 οἱ
288 1977 497 2028 κάμνοντες,
519 1978 655 2028 στυγνοὶ
674 1978 733 2015 καὶ
753 1984 918 2030 κατηφεῖς
944 1978 1098 2030 γίνονται
1113 1996 1120 2003 ·

99 2036 139 2073 ἂν
166 2038 223 2075 τὸν
243 2038 407 2084 δικαστὴν
441 2037 568 2088 ὁμοίως
597 2040 628 2075 οἱ
650 2038 909 2086 στασιάζοντες,
932 2041 1121 2077 συνεσταλ-

62 2131 71 2134 -
100 2097 195 2146 μένοι
227 2098 400 2149 γίνονται,
436 2099 514 2150 οὐχὶ
548 2098 745 2150 διαχέονται
761 2127 770 2144 ,
802 2098 878 2137 οὐδὲ
917 2101 1098 2152 ὀρχοῦνται
1111 2128 1120 2145 ,

97 2156 188 2203 πλὴν
208 2157 290 2196 ὅταν
313 2160 470 2201 κάκεῖνος
500 2160 547 2201 εἰς
579 2157 713 2205 ἐκείνην
748 2161 903 2210 μεταστῇ
926 2159 989 2205 τὴν
1010 2160 1117 2204 τάξιν.

96 2216 244 2268 Ἴδωμεν
275 2213 332 2255 οὖν
351 2218 440 2261 τίνες
461 2218 615 2269 μάλιστα
635 2217 697 2261 τὰς
721 2218 838 2262 πόλεις
859 2220 1061 2271 ὠφελοῦσιν,
1087 2224 1118 2259 οἱ

94 2274 156 2318 τὰς
182 2275 302 2327 ἑορτὰς
321 2276 448 2319 ταύτας
472 2277 633 2327 ἄγοντες,
655 2276 714 2314 καὶ
734 2276 796 2320 τὰς
815 2277 956 2325 θαλίας,
978 2279 1038 2316 καὶ
1056 2279 1117 2323 τὰς

92 2336 265 2386 τραπέζας
282 2336 344 2381 τὰς
363 2338 581 2385 πολυτελεῖς,
597 2337 656 2375 καὶ
680 2336 743 2380 τὰς
761 2336 899 2390 τέρψεις
917 2339 978 2381 τὰς
994 2339 1114 2377 ποικί-

91 2396 170 2438 λας·
199 2394 220 2441 ἢ
245 2398 276 2433 οἱ
291 2395 406 2433 πάντα
430 2397 545 2433 ἐκεῖνα
570 2395 821 2442 συστείλαντες,
853 2396 912 2434 καὶ
945 2395 984 2433 τὸ
1017 2397 1112 2441 ξύλον

90 2453 352 2506 ἐπιφερόμενοι,
371 2454 431 2492 καὶ
452 2454 643 2506 μάστιγας,
663 2455 722 2493 καὶ
743 2454 905 2505 δημίους,
927 2455 987 2492 καὶ
1010 2471 1113 2508 στρα-

90 2511 216 2555 τιώτας
233 2511 397 2565 φοὸεροὺς
409 2543 418 2561 ,
437 2512 496 2550 καὶ
522 2512 636 2564 φωνὴν
663 2513 863 2565 προϊέμενοι
885 2515 1013 2552 πολλοῦ
1028 2515 1108 2568 τρό-

91 2585 155 2618 μου
190 2570 363 2620 γέμουσαν
375 2600 384 2618 ,
422 2570 482 2608 καὶ
517 2571 788 2617 ἐπισκήπτοντες
800 2602 809 2619 ,
843 2571 903 2610 καὶ
941 2579 1108 2625 κατηφεῖν

89 2632 285 2675 ποιοῦντες,
301 2630 360 2667 καὶ
378 2629 495 2682 ῥάῧδῳ
512 2630 762 2673 ἀποσοέοῦντες
773 2629 852 2674 τοὺς
873 2631 932 2669 ἐπὶ
940 2634 1009 2692 Ῑῆς
1027 2635 1108 2683 ἀγο-

89 2693 160 2739 ρᾶς.
179 2686 327 2738 Ἴδωμεν
342 2688 454 2726 τοίνυν
481 2692 547 2727 ποῦ
571 2689 610 2727 τὸ
637 2689 755 2741 κε’ρδος
775 2689 895 2751 λήγειὲ,
907 2692 1016 2729 Οὗτοι
1045 2692 1106 2742 μὲν

85 2745 152 2798 γάρ
170 2748 253 2785 εἰσιν
274 2748 407 2795 ἀηδεῖς,
422 2749 545 2786 ἐκεῖνοι
565 2747 600 2786 δὲ
616 2748 776 2786 ποθεινοί.
790 2748 838 2786 Τί
857 2753 913 2787 οὖν
935 2751 995 2787 ἀπ’
1014 2751 1104 2788 ἐκεί-

85 2819 151 2842 νων
176 2805 307 2856 γίνεται
327 2808 394 2843 τῶν
417 2807 634 2858 τερπόντων,
654 2805 782 2855 Ἡδονή
811 2824 862 2852 τις
881 2808 1020 2861 ψυχρὰ,
1043 2811 1103 2860 με’-

83 2879 143 2914 χρι
160 2868 222 2911 τῆς
243 2864 391 2917 ἑσπέρας
407 2864 558 2915 μένουσα
577 2865 636 2902 καὶ
649 2868 692 2916 τῇ
712 2866 858 2918 ἐπιούσῃ
875 2867 1081 2919 διαρρέουσα
1092 2900 1102 2917 ,

82 2920 190 2969 γέλως
207 2922 355 2965 ἄτακτος
366 2951 375 2968 ,
396 2922 539 2975 ῥήματα
556 2925 696 2975 ἀπρεπῆ
714 2924 774 2962 καὶ
786 2925 1032 2977 διακεχυμένα.
1054 2928 1101 2965 Τί

83 2977 139 3014 δαὶ
159 2979 228 3017 ἀπὸ
253 2979 405 3028 τούτων,
421 2981 559 3029 ‹1›0'60;‚
578 2982 780 3033 σωφροσύνη
797 3012 806 3030 ,
823 2983 989 3034 λογισμὸς
1017 3000 1097 3023 συν-

83 3039 309 3089 εσταλμένος,
338 3043 453 3093 ψυχῆς
485 3042 671 3091 ἐπιείκεια,
706 3043 875 3095 ῥᾳθυμίας
907 3043 1096 3099 ἀναίρεσις,

82 3099 244 3149 εχαλινὸς
263 3103 329 3139 τῶν
359 3101 452 3140 ἔνδον
477 3102 584 3141 ὄντων
602 3106 736 3152 παθῶν,
756 3110 871 3157 τεῖχος
887 3108 957 3143 τῶν
977 3104 1099 3149 ἔξωθεν

127 3238 140 3253 ²
165 3228 257 3260 Unus
273 3235 307 3264 τὸ
323 3239 503 3276 πρόσταγμα
518 3242 619 3269 ποιεῖν.

130 3282 146 3304 b
168 3280 284 3314 Morel.
303 3283 387 3315 male
403 3288 557 3330 εὐφημίας.

133 3343 144 3356 C
171 3332 283 3364 Morel.
315 3334 362 3375 [et
374 3335 430 3376 D.]
458 3341 575 3379 χαλινὸς
597 3341 686 3376 ὅντως
702 3348 759 3372 τῶν
770 3342 861 3373 ἔνδον.
876 3338 990 3373 Codex
1006 3352 1087 3373 ttn‘ts

273 3401 366 3424 TOM.
401 3402 452 3425 lx.

805 200 919 230 ACTA
956 202 1126 233 APOSTO
1134 204 1215 234 LOR
1225 205 1286 234 ΗΜ
1296 226 1304 234 .

1152 791 1183 817 [³5

1152 829 1177 856 A

1140 2170 1163 2200 C

1124 2824 1149 2853 D

2132 207 2182 222 7*ss

1344 207 1501 238 nomn„
1542 210 1586 239 V.
2124 220 2181 252 33

1211 285 1342 336 ubique
1371 301 1424 326 res
1446 289 1613 328 Judaicas
1633 292 1871 332 extollentem.
1908 297 1972 335 Est
1992 299 2109 350 itaque
2128 316 2185 353 ge-

1208 346 1334 395 henna,
1353 357 1388 385 et
1401 349 1514 387 bonus
1528 360 1578 389 est
1596 353 1702 390 Deus.
1721 355 1844 392 Annon
1862 357 2096 398 exhorruistis
2111 361 2187 400 haec

1206 407 1415 447 audientes?
1436 413 1572 450 Verum
1601 428 1679 464 quae
1706 414 1766 453 hic
1790 416 1882 454 fiunt
1900 448 1908 463 ,
1928 419 2018 456 nihil
2048 431 2129 459 sunt
2150 424 2184 460 in

1207 471 1468 521 comparatione
1486 473 1640 511 illorum.
1663 477 1798 515 Rursus
1825 492 1931 530 cogor
1950 480 2108 532 ingratus
2131 484 2185 521 vi-

1204 527 1281 566 deri
1303 539 1336 567 et
1352 532 1519 570 molestus
1531 549 1543 583 ,
1565 534 1625 572 sed
1639 536 1729 586 quid
1741 537 1895 576 faciam?
1914 540 1953 577 In
1970 541 2036 579 hoc
2050 543 2185 594 positus

1204 602 1293 626 sum.
1326 591 1426 630 Sicut
1452 594 1668 647 paedagogus
1686 611 1788 649 asper
1818 599 2076 652 discipulorum
2104 605 2185 642 odio

1202 650 1382 700 expositus
1399 662 1461 701 est,
1481 654 1530 691 sic
1545 664 1576 692 et
1596 671 1669 694 nos.
1679 658 1864 703 Quomodo
1880 661 1974 698 enim
1990 662 2184 702 absurdum

1203 722 1271 746 non
1290 710 1408 759 fuerit,
1425 713 1454 750 si
1470 714 1556 752 dun]
1572 716 1611 765 ii,
1628 718 1718 767 quia
1732 720 1875 770 regibus
1890 732 1970 760 sunt
1985 725 2181 774 constituti,

1205 783 1259 806 res
1285 774 1514 820 quantumvis
1539 775 1749 828 injucundas
1768 782 1976 831 perficiunt,
2001 799 2084 835 nos,
2104 801 2146 824 ne
2166 802 2184 824 a

1202 830 1304 867 vobis
1337 834 1652 887 reprehendamur,
1683 840 1842 878 officium
1868 843 2015 895 implere
2047 847 2185 886 desina-

1202 889 1309 926 mus?
1331 891 1431 929 Alius
1450 893 1548 932 aliud
1569 895 1674 934 habet
1706 912 1820 950 opus:
1843 903 2038 942 multorum
2068 918 2184 946 autem

1201 963 1247 986 ex
1263 951 1365 989 vobis
1380 952 1447 990 hoc
1466 955 1624 994 officium
1645 967 1707 1006 est,
1728 969 1766 996 ut
1788 961 2033 1015 misereantur,
2056 966 2183 1006 liuma-

1201 1010 1251 1057 ni,
1269 1025 1408 1058 suaves,
1420 1014 1591 1066 mitesque
1609 1018 1679 1055 sint
1693 1019 1749 1069 iis,
1767 1021 2078 1070 quibuslieneficia
2096 1041 2186 1078 prae-

1200 1072 1346 1108 stant.N
1349 1085 1386 1109 os
1399 1086 1483 1111 vero
1504 1084 1543 1112 ut
1562 1076 1714 1115 subditis
1733 1080 1926 1131 prosimus,
1947 1097 2070 1134 graves
2090 1086 2187 1124 vide·

1200 1143 1300 1179 mur,
1321 1131 1416 1180 duri,
1441 1136 1601 1183 onerosi,
1619 1137 1805 1190 injucundi
1821 1156 1831 1191 3
1854 1156 1966 1193 neque
1987 1145 2080 1183 enini
2102 1162 2184 1199 pro-

1202 1253 1302 1290 Talis
1326 1268 1467 1306 quoque
1494 1266 1545 1295 est
1572 1259 1755 1298 medicus:
1775 1276 1898 1301 verum
1924 1265 1985 1303 ille
2012 1282 2080 1306 non
2112 1278 2184 1308 tam

1202 1376 1358 1426 praebet:
1382 1392 1445 1416 nos
1461 1389 1579 1419 autem
1599 1381 1634 1420 in
1654 1383 1786 1422 futuro.
1814 1386 1914 1424 Talis
1934 1398 1985 1426 cst
2010 1399 2043 1427 et
2054 1391 2184 1442 judex,

1200 1435 1337 1475 invisus
1366 1440 1539 1479 morbidis
1567 1458 1607 1480 ac
1634 1443 1838 1483 seditiosis:
1868 1448 1949 1486 talis
1978 1450 2185 1501 legislator,

1199 1499 1367 1538 molestus
1383 1502 1450 1539 sub
1469 1503 1546 1554 lege
1568 1505 1706 1556 positis.
1730 1509 1775 1544 At
1794 1522 1863 1546 non
1885 1510 1914 1547 is
1933 1512 1996 1561 qui
2017 1523 2122 1551 vocat
2141 1515 2185 1552 ad

1198 1559 1344 1599 delicias
1358 1592 1367 1609 ,
1384 1576 1447 1600 nec
1467 1564 1529 1614 qui
1553 1566 1638 1604 festa
1665 1567 1953 1620 celebritatesque
1976 1584 2098 1624 parat,
2126 1589 2188 1613 nec

1199 1620 1259 1671 qui
1286 1623 1461 1674 populum
1489 1636 1657 1664 coronat:
1683 1628 1720 1665 hi
1753 1639 1845 1667 certe
1873 1632 1965 1681 grati
1997 1633 2184 1687 habentur,

1196 1681 1258 1732 qui
1279 1682 1441 1722 civitates
1459 1688 1651 1726 sumtuosis
1673 1691 1880 1741 spectaculis
1899 1693 2104 1746 excipiunt,
2122 1713 2183 1750 pe-

1196 1743 1308 1780 cuniae
1329 1758 1398 1782 non
1423 1755 1616 1796 parcentes.
1640 1748 1794 1800 Ideoque
1825 1753 2046 1794 celebrantur
2074 1772 2093 1795 a
2118 1774 2182 1810 po-

1194 1802 1280 1854 pulo
1295 1803 1383 1841 bene
1401 1815 1559 1857 excepto,
1576 1822 1657 1845 cum
1676 1811 1867 1862 tapetibus,
1889 1813 2056 1865 lucernis,
2078 1832 2179 1856 coro—

1194 1863 1248 1901 nis
1260 1893 1272 1914 ,
1305 1865 1412 1903 ramis
1448 1876 1481 1904 et
1515 1868 1702 1919 splendida
1729 1881 1836 1910 veste.
1866 1875 2004 1914 Infirmi
2033 1892 2118 1917 vero
2151 1883 2177 1918 si

1193 1924 1372 1963 medicum
1391 1926 1570 1978 viderint,
1589 1931 1704 1968 moesti
1725 1943 1830 1983 sunt,
1850 1944 1883 1972 et
1903 1936 1931 1974 si
1945 1938 2106 1988 judicem
2125 1956 2180 1979 sc-

1192 1984 1328 2033 ditiosi,
1357 1986 1484 2039 dejecti
1511 1988 1614 2037 fiunt,
1629 2004 1703 2028 ‘non
1726 1993 1842 2044 effusi,
1862 2009 1926 2033 nec
1944 2000 2176 2052 exsultantes,

1193 2047 1287 2097 quod
1307 2048 1367 2086 ille
1385 2049 1431 2086 ad
1450 2049 1517 2088 hoc
1542 2052 1703 2090 officium
1722 2055 1767 2091 sit
1792 2057 2020 2097 constitutus.
2043 2062 2179 2101 Videa-

1192 2122 1272 2146 mus
1291 2123 1374 2161 ergo
1392 2111 1539 2160 quinam
1560 2113 1715 2152 maxime
1732 2115 1938 2156 civitatibus
1957 2123 2092 2172 prosint
2103 2140 2113 2173 ;
2133 2140 2177 2164 an

1191 2169 1242 2219 ii,
1267 2171 1329 2221 qui
1361 2172 1446 2209 tales
1468 2173 1685 2212 celebritates
1708 2187 1856 2227 parant,
1887 2181 2036 2233 thalias,
2063 2186 2177 2225 lautas

1189 2244 1327 2269 mensas
1343 2240 1377 2269 et
1395 2232 1565 2282 delicias;
1584 2248 1628 2271 an
1648 2235 1671 2272 ii
1687 2265 1697 2283 ,
1719 2237 1779 2287 qui
1791 2268 1801 2287 ,
1821 2239 1876 2277 his
1892 2242 2041 2282 sublatis
2059 2248 2175 2284 omni—

1187 2291 1269 2339 bus,
1292 2293 1430 2344 lignum
1450 2295 1627 2345 inferunt,
1647 2297 1804 2349 flagella,
1827 2303 2022 2353 carnifices,
2044 2308 2173 2347 milites

1186 2354 1375 2404 terribiles,
1395 2356 1593 2394 tremendas
1612 2372 1727 2409 voces,
1745 2362 1924 2413 mandata,
1945 2369 2147 2408 moestitiam
2161 2402 2170 2419 ,

1184 2415 1246 2465 qui
1264 2415 1368 2468 virga
1386 2431 1457 2465 eos,
1477 2417 1538 2468 qui
1558 2418 1594 2456 in
1611 2419 1686 2457 foro
1702 2431 1798 2470 sunt,
1814 2437 2006 2465 semoveat.
2030 2431 2167 2469 Videa—

1182 2490 1276 2526 mus,
1297 2477 1442 2528 inquam
1456 2508 1467 2527 ,
1498 2488 1579 2516 utra
1613 2495 1667 2518 res
1697 2481 1733 2519 in
1768 2483 1910 2523 lucrum
1941 2488 2088 2528 desinat.
2121 2493 2165 2530 Hi

1181 2550 1333 2588 namque
1351 2539 1490 2577 molesti
1515 2549 1596 2578 sunt
1611 2570 1621 2589 ‚
1649 2541 1704 2579 illi
1731 2545 1913 2584 amabiles.
1935 2548 2034 2595 Quid
2055 2553 2166 2604 igitur

1179 2599 1296 2638 evenit
1312 2613 1357 2636 ex
1374 2599 1417 2636 iis
1437 2599 1498 2649 qui
1518 2600 1720 2639 oblectant?
1735 2605 1909 2657 Voluptas
1927 2609 2070 2661 frigida,
2086 2628 2163 2663 quae

1180 2674 1290 2711 usque
1302 2659 1347 2697 ad
1359 2674 1541 2712 vesperam
1556 2671 1685 2709 manet,
1698 2673 1732 2701 et
1746 2664 1941 2715 insequenti
1952 2670 2010 2708 die
2028 2673 2084 2710 eft]
2091 2674 2141 2712 uit
2150 2705 2160 2723 ,

1178 2722 1269 2760 risus
1295 2721 1562 2773 incompositus,
1587 2723 1695 2761 verba
1716 2724 1879 2764 indecora
1905 2739 1938 2766 et
1969 2731 2155 2773 dissoluta.

1179 2783 1278 2832 Quid
1297 2797 1342 2821 cx
1356 2783 1462 2821 aliis?
1490 2784 1630 2835 Timor,
1650 2789 1893 2838 temperantia,
1913 2793 2080 2843 cogitatio
2098 2796 2158 2834 dc-

1176 2849 1339 2898 missior,
1359 2848 1469 2886 animi
1500 2849 1689 2898 modestia,
1712 2851 1857 2890 desidiae
1882 2855 1964 2907 fuga
1980 2887 1990 2905 ,
2017 2859 2158 2899 frenum

1173 2913 1385 2952 interiorum
1421 2913 1636 2963 affectuum,
1673 2929 1796 2954 murus
1820 2918 1989 2958 adversus
2010 2936 2049 2960 ea
2078 2939 2156 2974 qua),

1171 2977 1257 3016 foris
1276 2977 1456 3028 ingruunt.
1467 2978 1533 3014 Per
1549 2978 1612 3015 hos
1627 2979 1777 3030 quisque
1791 2983 1972 3022 facultates
1986 3000 2066 3026 suas
2080 3004 2155 3041 pos-

1173 3042 1263 3082 sidet
1275 3057 1286 3092 ,
1306 3056 1370 3094 per
1390 3042 1451 3079 illa
1471 3051 1587 3080 autem
1605 3043 1691 3081 festa
1710 3058 1767 3082 eas
1786 3046 1878 3098 ipsas
1900 3047 2154 3102 dilapidamus,

1174 3121 1244 3145 non
1273 3105 1527 3145 invadentibus
1554 3108 1768 3159 latronibus,
1791 3111 1849 3149 sed
1870 3126 1961 3151 vana
1983 3116 2096 3167 gloria
2123 3128 2157 3156 et

1152 3241 1269 3281 χαλινός
1284 3243 1345 3272 ἐστι
1356 3247 1413 3272 τῶν
1429 3238 1631 3272 &Bou-Savil.
1657 3244 1774 3283 χαλινὸς
1790 3252 1848 3276 τῶν
1866 3247 1955 3278 ἔιδον.
1968 3247 2069 3280 Paulo
2082 3260 2158 3291 post

1155 3301 1236 3321 unus
1250 3288 1364 3321 Codex
1382 3288 1417 3323 δι’
1446 3295 1553 3327 ἐκείνας
1573 3295 1628 3332 μὲν
1644 3297 1701 3337 γὰρ
1723 3299 1776 3326 τὰς
1787 3297 1893 3339 ἑορτὰς
1910 3301 2073 3338 ἐπιδλαθεῖς
2092 3318 2157 3336 στε-

1154 3346 1267 3384 νοῦμεν.
1287 3342 1445 3374 Praestare
1462 3341 1591 3373 videtur
1608 3343 1781 3377 Editorum
1799 3345 1908 3378 lectio*

1966 3409 1982 3419 ,s

1961 3422 1982 3443 ζ)

2226 1125 2386 1162 Episcopus

2197 1175 2269 1202 smpt-
2328 1177 2386 1192 non

1201 1205 1323 1230 sumus
1336 1208 1400 1245 per
1413 1208 1452 1232 ea
1469 1210 1488 1246 q
1495 1211 1546 1234 uae
1559 1198 1710 1249 placent,
1719 1200 1777 1237 sed
1792 1216 1855 1253 per
1865 1217 1903 1240 ea
1917 1219 1996 1254 quae
2009 1218 2182 1259 pungunt.
2198 1208 2314 1281 &03³5ss
2325 1218 2387 1285 Tffi‘

2199 1296 2263 1315 cent
2277 1311 2282 1319 ,
2337 1291 2384 1316 sed

1202 1313 1449 1366 injucundus,
1480 1319 1597 1357 statim
1636 1321 1768 1374 quippe
1799 1334 1874 1362 arte
1902 1341 1963 1364 sua
1996 1329 2185 1369 utilitatem
2200 1340 2251 1407 ξζῑ
2274 1342 2308 1398 Ἦ
2325 1342 2387 1399 {1⁰²2

2244 1383 2289 1408 1131
2312 1385 2317 1398 Ι
2339 1394 2343 1398 .
