2466 3805
712 295 749 323 S.

294 284 378 331 182

286 379 439 418 riculum
457 384 519 425 est,
537 374 595 411 hic
609 373 719 421 adest,
731 379 763 407 et
776 370 838 406 ubi
852 368 1012 418 quaedam
1025 360 1259 414 dispensanda

285 447 366 475 sunt
384 453 391 473 ι
409 436 470 473 ubi
492 447 575 472 vero
604 429 802 480 tranquillae
831 442 884 464 res
904 435 998 474 sunt,
1023 424 1058 460 in
1078 421 1258 460 communi

285 509 420 544 omnes;
439 494 525 531 adeo
544 505 612 529 non
627 489 759 540 appetit
775 487 942 538 majorem
962 484 1145 521 honorem.
1165 483 1258 518 Rur-

284 571 361 594 sum
376 568 455 592 cum
464 550 633 589 miracula
645 548 746 585 edere
757 547 951 598 oportebat,
964 545 1023 581 ille
1033 542 1256 595 prosiliebat:

284 624 316 652 et
337 614 395 650 hie
426 612 553 648 iterum
586 608 660 659 ipse
692 622 754 659 per
780 621 816 644 se
833 607 985 655 laborat,
1015 613 1049 641 et
1075 604 1142 640 iter
1171 601 1256 653 agit.

282 675 342 711 55.
363 674 516 709 Invenit
530 678 657 707 autem
675 671 727 705 ibi
748 669 940 705 hominem
964 665 1168 718 quemdam
1189 676 1255 700 no-

283 735 384 770 mine
403 733 451 768 AE'
455 743 580 776 neam,
603 731 652 766 ab
667 731 781 766 arinis
801 736 884 765 octo
896 729 1091 779 jacentem
1110 726 1150 761 in
1167 737 1256 775 gra-

282 795 394 837 bato,
431 793 498 842 qui
528 798 611 827 erat
639 789 884 840 paralyticus
915 803 925 821 .-
955 787 1016 824 54.
1050 793 1087 822 et
1114 787 1171 822 ait
1195 784 1257 820 illi

280 854 418 890 Petrus
431 867 441 887 .-
457 853 505 888 AE
509 864 582 888 nea
597 858 713 888 sanat
727 858 763 886 te
776 850 805 886 J
805 861 889 886 esus
909 848 1083 885 Christus
1100 861 1111 881 .-
1129 858 1252 896 surge,

279 921 316 949 et
328 921 454 950 sterne
473 913 554 949 tibi.
569 912 623 948 Et
637 912 769 948 statim
785 910 962 947 surrexit.
979 907 1026 944 Et
1039 920 1103 944 cur
1116 919 1184 943 non
1198 919 1257 942 ex-

279 972 449 1025 spectavit
477 971 549 1011 viri
576 971 697 1018 fidem,
717 984 780 1008 nec
810 967 1043 1019 interrogavit
1069 981 1113 1004 an
1141 965 1258 1004 curari

279 1034 412 1071 vellet?
429 1035 520 1072 Sane
539 1033 621 1082 quia
641 1031 686 1069 ad
704 1031 901 1069 multorum
917 1028 1189 1066 consolationem
1208 1027 1258 1064 fa-

278 1103 374 1131 ctum
404 1102 456 1131 est
487 1092 713 1130 miraculum.
730 1093 853 1142 ltaque
883 1089 968 1128 audi
1003 1097 1175 1139 quantum
1202 1087 1258 1124 lu-

277 1167 378 1191 crum
398 1168 405 1189 ε
424 1152 608 1204 subjungit
633 1152 727 1189 enim
749 1151 870 1188 dicens
887 1163 895 1183 ε
914 1150 975 1187 55.
992 1151 1046 1187 Et
1073 1149 1256 1186 viderunt

278 1226 420 1259 omnes,
446 1215 512 1265 qui
537 1214 767 1250 habitabant
803 1211 951 1258 Lydda?
985 1218 1022 1246 et
1046 1209 1254 1255 Assaroni,

277 1277 343 1324 qui
359 1276 533 1311 conversi
545 1281 636 1311 sunt
652 1273 705 1309 ad
722 1273 944 1309 Dominum.
965 1270 1058 1308 Bene
1076 1269 1125 1307 sic
1138 1269 1234 1306 dixit
1249 1284 1257 1306 :

275 1334 425 1385 insignis
442 1334 536 1372 enim
549 1343 622 1371 erat
638 1333 696 1371 vir
710 1348 719 1379 ;
738 1341 1052 1383 argumentumque
1069 1330 1130 1367 dat
1148 1329 1255 1381 signi,

276 1394 372 1444 quod
391 1395 491 1432 tollat
516 1394 716 1445 grabatum.
739 1395 819 1431 Non
843 1393 957 1430 solum
978 1393 1071 1429 enim
1086 1406 1106 1429 a
1122 1392 1257 1430 morbis

274 1455 529 1503 liberaverunt,
547 1454 607 1492 sed
626 1454 732 1491 etiam
749 1468 829 1491 cum
847 1453 994 1490 sanitate
1007 1452 1101 1490 vires
1117 1452 1254 1504 praesti-
1270 1482 1316 1507 17¹1

273 1523 401 1552 terunt.
421 1515 590 1565 Alioquin
610 1523 727 1551 autem
743 1513 899 1551 nondum
930 1512 1073 1551 virtutis
1105 1527 1176 1549 suae
1209 1513 1255 1549 si-
1282 1519 1307 1547 A

273 1588 341 1624 gna
358 1575 552 1624 dederant;
567 1575 616 1612 ita
630 1583 670 1612 ut
688 1574 813 1612 merito
836 1588 904 1611 non
925 1574 1126 1624 exigeretur
1145 1587 1165 1610 a
1178 1573 1255 1611 viro

273 1634 373 1683 fides,
413 1634 698 1685 quandoquidem
734 1648 802 1671 non
838 1643 1027 1684 exegerunt
1060 1648 1080 1670 a
1110 1633 1249 1672 claudo.

276 1694 587 1740 Quemadmodum
599 1695 711 1745 igitur
724 1704 756 1732 et
770 1694 932 1732 Christus
950 1694 1051 1731 initio
1070 1694 1252 1746 signorum

272 1753 379 1791 fidem
412 1769 480 1792 non
511 1755 674 1805 exigebat
706 1770 713 1790 ε
746 1754 795 1791 sie
833 1768 946 1804 neque
972 1754 1043 1791 isti.
1072 1756 1252 1807 Jerosoly-

271 1814 338 1851 mis
365 1815 459 1851 enim
488 1815 575 1851 fides
611 1814 736 1851 merito
766 1815 866 1865 prius
901 1814 1109 1864 exigebatur
1129 1830 1137 1850 τ
1157 1815 1252 1852 unde

270 1883 303 1911 et
335 1884 477 1926 propter
514 1875 640 1923 fidem,
675 1883 845 1924 quotquot
883 1875 1016 1912 morbis
1048 1875 1254 1913 detineban-

270 1944 342 1985 tur,
374 1935 410 1972 in
450 1935 518 1972 viis
553 1935 819 1987 exponebantur
836 1965 846 1983 ‚
882 1944 921 1972 ut
949 1936 1137 1974 venientis
1157 1938 1253 1976 Petri

270 1994 394 2031 saltem
429 1994 556 2031 umbra
595 1994 797 2046 quempiam
835 1995 977 2033 illorum
1013 1996 1250 2036 obumbraret.

270 2055 384 2091 Multa
409 2055 503 2092 enim
525 2055 599 2092 illie
620 2055 720 2105 signa
741 2055 954 2104 edebantur;
974 2056 1034 2094 hie
1049 2066 1166 2094 autem
1185 2058 1253 2096 hoc

270 2114 425 2164 primum
434 2114 591 2165 contigit.
608 2115 700 2152 Nam
718 2115 816 2165 signa
837 2116 906 2153 alia
925 2116 972 2154 ad
990 2117 1078 2154 alios
1094 2118 1254 2155 allicien-

270 2174 333 2210 dos
347 2173 553 2220 edebantur,
575 2174 641 2210 alia
660 2174 707 2211 ad
725 2174 944 2212 credentium
965 2177 1249 2215 consolationem.

272 2236 334 2271 56.
347 2236 395 2270 In
411 2236 441 2271 J
440 2248 532 2284 oppe
547 2243 675 2271 autem
683 2236 764 2285 fuit
779 2236 956 2285 quoedam
972 2237 1162 2288 discipula
1180 2251 1251 2274 no-

273 2297 374 2330 mine
417 2295 595 2339 Tabitlza,
637 2308 722 2345 quse
744 2297 777 2331 si
804 2297 1084 2346 interpretetur,
1113 2298 1254 2334 dicitur

274 2355 420 2391 dorcas.
440 2356 533 2390 Ilaec
547 2362 629 2390 erat
642 2354 761 2404 plena
775 2357 945 2404 operibus
963 2358 1084 2401 bonis,
1104 2365 1140 2393 et
1158 2358 1253 2394 elee-

274 2417 461 2462 mosynis,
487 2427 582 2465 quas
595 2414 791 2465 faciebat.
815 2415 877 2452 57.
903 2417 1067 2452 Factum
1097 2425 1153 2453 est
1184 2431 1253 2454 aa-

274 2482 348 2510 tem
381 2476 421 2510 in
452 2474 583 2511 diebus
617 2475 696 2511 illis
729 2482 769 2511 ut
801 2475 1002 2526 infirmata
1032 2485 1250 2514 moreretur.

277 2535 401 2583 Quam
418 2547 504 2570 cum
527 2534 723 2579 lavissent,
741 2543 948 2584 posuerunt
961 2549 1047 2573 eam
1067 2538 1107 2573 in
1125 2551 1251 2574 coena-

271 2594 371 2630 culo.
397 2594 460 2631 55.
485 2594 581 2630 Cum
608 2602 738 2630 autem
762 2607 878 2644 prope
903 2603 999 2632 esset
1028 2597 1170 2644 Lydda
1199 2599 1253 2634 ad

271 2654 433 2704 Joppen,
457 2653 636 2704 discipuli
659 2654 872 2700 audientes,
897 2656 1000 2706 quod
1023 2657 1161 2694 Petras
1186 2671 1248 2695 es-

271 2722 325 2750 set
352 2716 393 2750 in
418 2727 476 2759 ea,
503 2716 686 2750 miserunt
709 2715 804 2751 duos
829 2716 955 2760 viros,
978 2726 1178 2768 rogantes,
1203 2733 1250 2755 ne

271 2774 311 2824 ᾱξ
312 2775 448 2825 [ferret
459 2776 593 2810 venire
604 2787 723 2825 usque
736 2776 788 2810 ad
797 2777 907 2825 ipsos.
920 2776 992 2813 Cur
1003 2787 1250 2828 exspectarunt

271 2834 380 2871 donec
406 2834 630 2871 moreretur?
651 2848 714 2871 cur
743 2848 810 2871 nou
832 2844 911 2872 ante
929 2846 1071 2887 rogatus
1092 2838 1159 2876 fuit
1178 2841 1248 2876 Pe-

273 2895 368 2931 trus?
390 2894 584 2944 Indignum
610 2904 773 2945 putantes
800 2904 894 2942 tunc,
915 2910 995 2933 cum
1016 2898 1249 2950 philosopha-

272 2963 402 3000 rentur,
426 2954 621 3005 discipulos
653 2953 698 2990 ad
726 2968 780 2991 res
811 2954 1016 3006 hujusmodi
1042 2970 1198 3007 gravare,
1220 2969 1253 2997 et

269 3028 288 3050 a
308 3015 556 3065 praedicatione
584 3014 800 3052 abstrahere.
827 3017 915 3053 Nam
938 3017 1016 3054 ideo
1039 3018 1125 3055 dicit
1144 3034 1253 3072 prope

269 3074 388 3122 fuisse,
401 3084 440 3112 ut
455 3074 615 3112 ostendat
631 3075 712 3112 illos
731 3075 831 3125 quasi
847 3091 922 3113 rem
939 3078 1119 3116 occasione
1133 3080 1250 3118 oblata

269 3134 408 3184 petiisse
424 3135 623 3186 (discipula
651 3136 744 3172 enim
771 3145 845 3173 crat
859 3140 885 3184 )‚
909 3151 977 3174 non
1007 3148 1123 3176 autem
1155 3155 1249 3192 prce—

270 3195 372 3245 ripuo
393 3195 481 3231 loco.
502 3196 563 3232 59.
588 3197 811 3246 Essurgens
832 3206 961 3235 autem
982 3199 1120 3237 Petrus
1142 3205 1251 3239 venit

312 3326 327 3347 1’
344 3324 436 3354 Iden]
463 3325 542 3362 οὗτος
559 3330 601 3362 ἦν
629 3332 677 3359 καὶ
695 3332 767 3365 θέα,
795 3332 863 3360 ἔνθα
890 3330 956 3369 μὲν.
982 3329 1072 3370 [Mox
1097 3341 1158 3372 pro
1184 3334 1273 3372 οὗτος

271 3379 316 3406 ;;,<
334 3373 485 3405 dedimus
504 3379 594 3413 οὕτως
609 3381 658 3410 03³<
672 3389 688 3408 e
704 3377 813 3409 Codd.
831 3386 863 3409 et
878 3379 1012 3414 Savilio.

311 3435 323 3449 ³
341 3425 451 3457 Mor-el.
472 3430 635 3466 συμΕάἕ-νει,
657 3427 737 3459 allus
754 3434 903 3463 ἐπ.ίαὶνε;.

786 287 978 322 maurus
1012 283 1253 316 cflnvsos'r.
1292 282 1503 311 ARCHIEP.
1542 282 1911 313 CONSTANTmoP.

1332 359 1410 404 τοὺς
1429 360 1611 413 ἄρχοντας,
1625 356 1735 409 οἶτος,
1756 361 1812 400 ὅτε
1831 362 1916 412 πρὸς
1927 361 2084 399 Ἀνανίαν
2101 377 2108 385 ·
2129 362 2187 400 ὅτε
2203 361 2272 399 ἀπὸ
2286 362 2348 406 τ’ῆς

1334 426 1433 463 σκιᾶς
1462 421 1570 464 ἰάσεις
1605 421 1755 473 ἐγίνοντο
1769 452 1779 469 ,
1806 416 1930 465 ”ebroe
1947 417 2002 468 ἦν.
2031 422 2101 459 Καὶ
2123 422 2201 460 ἔνθα
2223 419 2283 471 μὲν
2305 414 2346 465 ἦν

1333 479 1497 526 κίνδυνος,
1519 475 1628 528 οὗτος,
1646 481 1705 519 καὶ
1727 482 1806 519 ἔνθα
1824 482 2002 532 οἰκονομία
2018 498 2026 505 ·
2047 482 2126 519 ἔνθα
2145 481 2179 519 δὲ
2195 480 2347 531 γαλήνης

1331 541 1375 580 τὰ
1397 542 1590 594 πράγματα
1608 542 1721 594 γέμει,
1741 546 1837 593 κοινῇ
1858 543 2002 587 πάντες·
2020 542 2125 586 οὕτως
2140 545 2201 580 οὐκ
2220 541 2349 592 ἀπῄτει

1329 601 1435 652 τιμὴν
1460 602 1612 652 μείζονα.
1646 603 1761 640 Πάλιν
1779 602 1836 640 δ’τε
1855 605 2161 653 θαυματουργῆσαι
2181 601 2266 646 ἔδει,
2285 603 2348 638 αὐ-

1329 661 1386 704 τὸς
1401 663 1582 715 προπηδᾷ·
1608 662 1668 700 καὶ
1687 664 1833 699 ἐνταῦθα
1851 663 1956 700 πάλιν
1978 657 2073 705 οὗτος
2092 668 2189 699 πονεῖ
2209 661 2252 698 δι’
2271 664 2348 698 ἑαυ-

1329 727 1389 760 τοῦ
1405 754 1414 771 ,
1435 724 1493 761 καὶ
1513 725 1699 775 ὁδοιπορεῖ.
1731 718 1824 774 Εῧρε
1843 723 1879 761 δὲ
1900 726 1970 761 ἐκεῖ
1989 722 2166 774 ἄνθρωπόν
2186 738 2264 759 τινα
2279 723 2347 758 Αἷ-

1331 783 1410 822 νέαν
1430 785 1590 834 ὀνόματι,
1623 784 1658 827 ἐξ
1678 787 1763 822 ἐτῶν
1783 783 1874 821 ὀκτὼ
1893 783 2142 834 κατακείμενον
2161 782 2217 821 ἐπὶ
2235 782 2344 833 κραδ-

1333 845 1450 893 &ota-ou,
1471 846 1505 888 ὃς
1526 840 1567 891 ἦν
1595 845 1877 898 παραλελυμένος
1891 860 1898 867 ·
1919 844 1977 882 καὶ
2014 839 2107 882 εἶπεν
2124 846 2216 896 αὐτῷ
2236 847 2253 881 ὃ
2272 842 2348 880 Πέ-

1331 922 1427 958 τρος·
1450 906 1571 954 Αἰνέα,
1590 906 1686 944 ἰᾶταί
1721 922 1759 944 σε
1781 907 1914 952 Ἰησοῦς
1931 909 1948 943 ὁ
1967 905 2118 957 Χριστός
2132 920 2140 927 ·
2166 903 2347 949 ἀνάστηθι,

1331 967 1390 1005 καὶ
1405 970 1556 1018 στρῶσον
1574 969 1718 1018 σεαυτῷ.
1749 967 1817 1004 Καὶ
1836 967 1957 1009 εὐθέως
1976 966 2118 1011 ἀνέστη.
2150 964 2220 1003 Καὶ
2238 964 2293 1001 διὰ
2315 964 2348 1002 τί

2011 1030 2081 1078 μηδ
2084 1027 2098 1065 ὲ
2113 1030 2134 1072 ἦ
2141 1026 2294 1079 ρώτησεν
2319 1029 2348 1064 εἰ

1334 1087 1490 1139 βούλοιτο
1519 1092 1794 1141 θεραπευθῆναι;
1820 1089 1985 1126 Μάλιστα
2012 1088 2073 1138 μὲν
2102 1083 2160 1125 οὖν
2187 1087 2245 1125 καὶ
2264 1087 2350 1140 πρὸς

1333 1027 1381 1078 μὴ
1402 1028 1558 1078 ἀνέμεινε
1570 1028 1632 1075 τὴν
1647 1029 1764 1066 πίστιν
1779 1032 1837 1065 τοῦ
1859 1028 1990 1080 ἀνδρὸς,

1331 1150 1468 1186 πολλῶν
1496 1149 1718 1201 παράκλησιν
1753 1148 1887 1199 ἐγένετο
1906 1149 1944 1187 τὸ
1972 1152 2098 1199 θαῦμα.
2119 1147 2239 1186 Ἄκουε
2266 1151 2347 1197 γοῦν

1334 1209 1392 1247 καὶ
1421 1207 1460 1245 τὸ
1490 1208 1610 1260 κέρδος
1635 1208 1712 1247 ὅσον
1734 1224 1741 1231 ·
1764 1209 1885 1259 ἐπάγει
1904 1209 1970 1261 γὰρ
1996 1209 2106 1261 λέγων
2123 1225 2130 1232 ·
2161 1209 2230 1247 Καὶ
2257 1203 2347 1246 εἶδον

1332 1269 1458 1311 πάντες
1487 1271 1517 1307 οἱ
1537 1275 1775 1311 κατοικοῦντες
1798 1269 1935 1307 Λύδδαν
1963 1270 2021 1307 καὶ
2052 1269 2109 1307 τὸν
2131 1269 2349 1321 Ἀσσάρωνα,

1331 1329 1450 1372 οἵτινες
1471 1330 1685 1382 ἐπέστρεψαν
1704 1330 1760 1368 ἐπὶ
1781 1331 1838 1369 τὸν
1860 1330 1999 1383 Κύριον.
2022 1332 2146 1373 Καλῶς
2163 1330 2268 1373 οὕτως
2296 1323 2348 1368 εἷ-

1332 1407 1394 1429 πεν
1413 1406 1420 1413 ’
1443 1391 1612 1441 ἐπίσημος
1633 1391 1699 1443 γὰρ
1720 1386 1761 1437 ἦν
1782 1394 1798 1429 ὅ
1822 1390 1928 1443 ἀνήρ·
1949 1391 2024 1429 ὅθεν
2043 1390 2102 1428 καὶ
2129 1390 2270 1442 ἔλεγχον
2298 1389 2348 1428 δί-

1333 1453 1417 1489 δωσι
1441 1456 1499 1489 τοῦ
1531 1467 1585 1501 σηι
1607 1452 1675 1489 είου
1690 1481 1699 1498 ,
1718 1452 1756 1489 τὸ
1779 1447 1859 1503 ἆραι
1879 1452 1936 1489 τὸν
1959 1451 2169 1502 κράὸἕατον.
2201 1453 2253 1488 Οὐ
2281 1450 2348 1501 γὰρ

1333 1512 1374 1559 δὴ
1400 1515 1467 1550 τῶν
1495 1513 1702 1563 νοσημάτων
1732 1513 1952 1558 ἀπήλλαττον
1982 1512 2105 1562 μόνον,
2139 1511 2228 1550 ἀλλὰ
2260 1511 2349 1563 μετὰ

1330 1576 1392 1619 τῆς
1420 1573 1534 1624 ὑγείας
1559 1580 1726 1625 παρεῖχον
1758 1573 1808 1611 ἔτι
1830 1574 1889 1611 καὶ
1919 1573 2029 1625 {crs-ov.
2060 1573 2191 1617 Ἄλλως
2220 1574 2254 1611 δὲ
2288 1573 2348 1610 καὶ

1329 1634 1406 1672 τότε
1430 1634 1525 1671 οὔπω
1544 1629 1633 1680 ἦσαν
1664 1634 1838 1685 τεκμήρια
1866 1637 1928 1679 τ’ἦς
1954 1634 2082 1676 οἰκείας
2109 1634 2348 1687 παρασχόντες

1330 1693 1517 1743 δυνάμεως,
1545 1692 1636 1731 ὥστε
1667 1695 1806 1736 εἰκότως
1828 1696 1890 1732 οὐκ
1923 1695 2090 1742 ἀπῃτεῖτο
2108 1694 2171 1741 τὴν
2192 1694 2309 1732 πίστιν
2330 1697 2347 1732 ὃ

1327 1754 1432 1805 ἀνὴρ,
1461 1753 1580 1799 ἐπειδὴ
1610 1755 1685 1792 οὐδὲ
1713 1754 1769 1791 τὸν
1803 1754 1917 1805 χωλὸν
1946 1755 2143 1806 ἀπήτησαν.
2177 1755 2347 1807 Καθάπερ

1329 1809 1385 1852 οῧν
1406 1819 1423 1853 ὃ
1444 1815 1595 1868 Χριστὸς
1622 1814 1812 1867 ἀρχόμενος
1839 1814 1906 1852 τῶν
1938 1816 2091 1866 σημείων
2126 1818 2188 1853 οὐκ
2218 1816 2347 1867 ἀπῄτει

1328 1875 1444 1914 πίστιν
1461 1891 1468 1898 ·
1490 1875 1595 1918 οὕτως
1621 1876 1695 1913 οὐδὲ
1716 1870 1818 1913 οὗτοι.
1839 1877 1898 1913 Ἐν
1927 1875 2178 1927 Ἱεροσολύμοις
2198 1875 2258 1926 μὲν
2279 1876 2346 1930 γὰρ

1330 1936 1469 1978 εἰκότως
1487 1940 1508 1982 ἡ
1531 1935 1647 1978 πίστις
1666 1938 1777 1973 αὐτῶν
1797 1935 1960 1989 πρότερον
1982 1939 2148 1987 ἀπῃτεῖτο
2163 1952 2170 1959 ·
2190 1936 2263 1974 ὅθεν
2286 1937 2346 1974 καὶ

1331 1996 1385 2034 διὰ
1421 1996 1550 2044 πίστιν,
1581 1996 1654 2034 ὅσοι
1677 1995 1873 2047 συνείχοντο
1907 1996 2108 2042 ἀσθενείαις,
2144 2003 2219 2040 ταῖς
2258 1998 2348 2040 ὁδοῖς

1329 2056 1533 2103 ἐξετίθεντο,
1554 2056 1631 2104 ἵνα,
1651 2057 1838 2109 ἐρχομένου
1861 2056 1901 2102 δὴ
1933 2056 2091 2108 Πέτρου,
2123 2056 2186 2094 κᾶν
2216 2060 2238 2102 ἡ
2265 2057 2347 2094 σκιὰ

1329 2117 1514 2168 ἐπισκιάσῃ
1544 2118 1610 2155 τινὶ
1637 2120 1763 2155 αὐτῶν.
1795 2117 1917 2155 Πολλὰ
1937 2117 2004 2170 γὰρ
2026 2117 2158 2168 ἐγίνετο
2184 2120 2254 2156 ἐκεῖ
2279 2134 2348 2164 ση-

1330 2182 1431 2225 μεῖα,
1452 2179 1596 2214 ἐνταῦθα
1617 2177 1653 2215 δὲ
1672 2182 1772 2215 τοῦτο
1803 2181 1940 2229 πρῶτον
1965 2178 2170 2228 ᾶσυμὲαίνει
2205 2178 2263 2217 Τὰ
2285 2177 2346 2229 μὲν

1328 2235 1394 2286 γὰρ
1415 2239 1482 2273 τῶν
1501 2237 1654 2286 σημείων
1673 2237 1760 2288 ὑπὲρ
1778 2240 1838 2273 τοῦ
1857 2236 1935 2279 τοὺς
1949 2238 2070 2281 ἄλλους
2086 2239 2347 2277 ἐπισπάσασθαι

1329 2295 1474 2346 ἐγίνετο,
1502 2296 1547 2334 τὰ
1574 2297 1608 2333 δὲ
1632 2296 1718 2348 ὑπὲρ
1737 2300 1797 2341 τῆς
1821 2299 1889 2333 τῶν
1909 2298 2140 2350 πιστευόντων
2160 2299 2346 2353 παρακλήῖ

1328 2370 1423 2397 σεως.
1444 2357 1503 2392 Ἐν
1529 2355 1657 2406 Ἰόππῃ
1688 2355 1724 2393 δέ
1749 2371 1800 2398 τις
1819 2351 1861 2401 ἦν
1889 2357 2062 2408 μαθήτρια
2092 2358 2236 2408 ὀνόματι
2264 2362 2345 2397 Τα-

1328 2414 1441 2461 ὅηθὰ,
1471 2416 1492 2461 ἢ
1526 2415 1816 2466 διερμηνευομένη
1849 2415 1987 2466 λέγεται
2015 2418 2150 2469 δορκάς.
2171 2418 2269 2465 Αὕτη
2300 2414 2342 2465 ἦν

1326 2476 1462 2525 πλήρης
1489 2478 1625 2527 ἀγαθῶν
1652 2476 1760 2527 ἔργων
1789 2477 1847 2514 καὶ
1873 2478 2112 2527 ἐλεημοσυνῶν
2139 2473 2185 2516 ῶν
2217 2479 2339 2517 ἐποίει.

1326 2535 1486 2586 Ἐγένετο
1515 2536 1550 2573 δὲ
1579 2539 1612 2573 ἐν
1644 2543 1719 2579 ταῖς
1751 2536 1899 2589 ἧμέραις
1929 2537 2074 2581 ἐκείναις
2103 2539 2340 2585 ἀσθενήσασαν

1327 2596 1432 2642 αὐτὴν
1462 2599 1658 2634 ἀποθανεῖν.
1691 2596 1885 2641 Λούσαντες
1920 2598 1955 2636 δὲ
1989 2599 2109 2644 αὐτὴν,
2142 2599 2268 2646 ἔθηκαν
2303 2602 2339 2638 ἓν

1325 2657 1482 2709 ὑπερῴῳ.
1505 2656 1630 2708 Ἐγγὺς
1651 2657 1685 2695 δὲ
1706 2658 1808 2703 οὔσης
1833 2658 1969 2705 Λύδδης
1987 2663 2029 2710 τῇ
2052 2660 2192 2711 Ἰόππῃ,
2218 2664 2250 2699 οἱ
2271 2677 2338 2712 μα-

1290 2726 1298 2754 :
1326 2718 1426 2763 θηταὶ
1457 2719 1680 2764 ἀκούσαντες,
1701 2717 1754 2755 ὅτι
1780 2718 1912 2770 Πέτρος
1942 2720 2034 2757 ἐστὶν
2063 2723 2096 2758 ἐν
2125 2723 2229 2771 αὐτῇ,
2251 2721 2340 2760 ἀπέ-

1326 2779 1463 2814 στειλαν
1491 2776 1550 2814 δύο
1573 2777 1697 2829 ἄνδρας
1715 2781 1996 2829 παρακαλοῦντες
2012 2779 2060 2830 μὴ
2083 2783 2230 2826 ὀκνῆσαι
2249 2782 2340 2819 διελ-

1326 2840 1394 2874 θεῖν
1415 2837 1477 2879 ἕως
1509 2839 1632 2875 αὐτῶν.
1663 2838 1730 2876 Διὰ
1755 2839 1790 2875 τί
1809 2839 2028 2891 περιέμειναν
2057 2844 2259 2889 ἀποθανεῖν,
2283 2842 2339 2879 διὰ

1324 2897 1358 2934 τί
1387 2897 1436 2947 μὴ
1476 2898 1600 2943 ἐσκύλη
1645 2899 1778 2950 Πέτρος
1807 2901 1865 2937 καὶ
1900 2902 1967 2952 πρὸ
2004 2900 2146 2947 τούτου;
2189 2903 2339 2947 Ἀνάξιον

1324 2960 1469 3008 ἡγοῦντο
1505 2959 1624 2996 λοιπὸν
1661 2961 1923 3011 φιλοσοφοῦντες
1956 2961 2042 3013 ὑπὲρ
2074 2965 2140 2998 τῶν
2177 2963 2337 3002 τοιούτων

1323 3016 1401 3061 τοὺς
1421 3017 1577 3068 μαθητὰς
1605 3019 1776 3064 σκύλλειν,
1797 3021 1856 3057 καὶ
1876 3024 1935 3058 τοῦ
1968 3021 2188 3074 κηρύγματος
2219 3039 2338 3074 παρα·-

1323 3085 1413 3130 σπᾷν
1427 3093 1435 3101 ·
1453 3078 1527 3115 ἐπεὶ
1545 3079 1604 3115 καὶ
1621 3079 1678 3116 διὰ
1696 3083 1796 3118 τοῦτο
1815 3080 1908 3130 λέγει
1925 3110 1934 3128 ,
1954 3081 2006 3119 ὅτι
2031 3082 2046 3102 ¹³
2058 3082 2157 3134 ἐγγὺς
2176 3079 2231 3131 ἦν,
2249 3084 2340 3122 ὥστε

1323 3139 1447 3185 δεῖξαι,
1468 3139 1520 3175 ὅτι
1539 3141 1573 3176 ἐν
1592 3139 1686 3183 τάξει
1706 3140 1879 3196 παρέργου
1905 3145 2006 3179 τοῦτο
2020 3143 2122 3194 ᾔτουν
2146 3144 2339 3196 (μαθήτρια

1322 3199 1387 3250 γὰρ
1417 3194 1496 3249 ἦν),
1515 3200 1782 3251 προηγουμένως
1801 3200 1836 3239 δὲ
1856 3203 1917 3239 οὐκ
1936 3201 1996 3240 ἔτι.
2018 3203 2183 3247 Ἀναστὰς
2203 3204 2239 3243 δὲ
2268 3205 2339 3243 Πέ-

1384 3333 1398 3356 1³
1413 3334 1477 3364 Hic
1492 3345 1572 3366 unus
1597 3334 1717 3366 multas
1733 3334 1866 3366 exhibet
1883 3336 1915 3368 in
1932 3337 2013 3368 serie
2028 3344 2061 3368 et
2083 3338 2117 3370 in
2138 3336 2201 3369 situ
2219 3348 2339 3371 vocum

1339 3385 1528 3426 varietates,
1545 3398 1626 3428 quas
1643 3385 1763 3419 referre
1786 3386 1912 3430 longius
1927 3396 2021 3420 esset.
2042 3390 2083 3421 At
2105 3389 2167 3423 111ae
2189 3388 2272 3423 nihil
2288 3399 2337 3420 se-

1340 3437 1418 3467 rien]
1437 3436 1585 3473 turbant,
