2466 3805
326 265 339 292 1
361 250 412 306 ¹4
754 261 790 290 s.
828 258 1014 290 somnis
1051 257 1292 288 cumsosr.

317 343 438 392 quitur
455 342 558 391 ultio,
577 340 651 379 haec
670 341 815 391 impune
831 340 915 375 fore.
937 337 1067 376 'Viden'
1087 337 1154 372 hoc
1173 336 1210 372 in
1226 335 1294 372 cri-

316 416 395 439 men
409 402 543 449 vocari,
568 400 663 450 quod
682 413 763 436 cum
781 398 860 434 illas
878 397 1044 447 pecunias
1058 409 1173 432 sacras
1187 394 1293 431 fecis-

316 472 378 511 set,
397 463 441 500 de
467 463 540 499 illis
570 459 773 510 subripiat?
814 460 954 506 Annon,
993 455 1124 506 inquit,
1158 464 1296 507 poteras

315 523 387 560 illis
406 521 568 568 venditis,
591 528 631 556 ut
644 517 798 570 propriis
820 517 897 554 uti?
914 530 1001 554 num
1019 516 1222 568 prohibitus
1235 516 1295 553 es?

317 596 380 618 cur
393 581 560 631 subripis,
575 588 761 630 postquam
782 576 1006 628 promisisti?
1025 576 1132 625 Vide,
1151 589 1298 627 quomo—

314 641 360 679 do
380 642 503 678 statim
515 639 723 691 aprincipio
739 651 811 676 sese
826 637 997 675 immittat
1014 637 1180 675 diabolus
1204 637 1297 674 inter

315 700 414 750 signa
429 709 462 737 et
480 699 652 737 miracula
666 708 762 736 tanta
774 714 785 748 3
811 698 883 735 imo
899 698 1076 748 quomodo
1090 698 1148 735 hic
1172 697 1217 734 ab
1234 696 1296 734 illo

118 771 181 797 Jos.
201 778 229 806 7.
250 777 278 796 2.
316 769 509 797 excaecatus
527 759 585 797 sit.
609 759 698 797 Tale
713 758 900 810 quidpiam
918 768 951 797 et
970 759 1006 796 in
1027 758 1136 797 veteri
1152 757 1229 809 leg'e
1244 758 1295 795 fa-

116 817 143 837 ffl
160 819 208 838 ²⁰¹
230 818 278 838 ²²·
314 829 409 858 ctum
429 829 493 869 est,
515 819 655 871 quando
683 819 829 857 Charmi
862 819 1049 857 anathema
1069 820 1206 856 furatus
1234 819 1296 856 de-

313 881 507 932 prehensus
546 890 620 918 est:
637 889 792 917 attamen
827 879 931 928 nosti,
969 889 1099 929 quanta
1128 879 1218 917 ultio
1251 879 1297 917 de

312 941 466 979 facinore
485 950 601 979 sumta
617 941 675 978 sit.
698 941 889 978 Sacrorum
902 939 996 977 enim
1026 939 1198 992 expilatio
1225 940 1293 978 ad—

312 1003 458 1040 modum
491 1002 609 1054 gravis
643 1011 709 1051 est,
731 1001 870 1049 dilecte,
896 1010 930 1038 et
956 1015 1084 1052 magno
1116 1010 1294 1039 contemtu

313 1063 431 1115 plena.
446 1065 569 1113 Neque
585 1062 736 1100 vendere
752 1061 947 1113 coegimus,
966 1061 1096 1112 inquit,
1107 1075 1220 1112 neque
1238 1076 1296 1113 pe-

313 1124 434 1161 cunias
451 1139 496 1162 ex
508 1123 663 1162 venditis
680 1132 839 1174 acceptas
860 1121 944 1160 dare
960 1138 967 1158 ε
983 1131 1021 1159 tu
1038 1121 1077 1158 id
1094 1136 1139 1160 ex
1156 1136 1294 1173 propo-

313 1184 380 1222 sito
395 1194 456 1222 tuo
473 1184 586 1222 fecisti
605 1199 612 1220 :
635 1197 696 1222 cur
715 1197 797 1234 ergo
811 1197 854 1220 ex
873 1183 981 1219 sacris
1007 1182 1168 1234 pecuniis
1197 1182 1294 1219 fura-

312 1253 369 1281 tus
384 1245 446 1282 es?
466 1246 544 1282 Cur
560 1245 743 1295 implevit,
759 1242 888 1293 iuquit,
905 1251 1067 1280 satanas
1081 1256 1147 1280 cor
1167 1247 1295 1279 tuum?

312 1305 360 1342 Et
378 1306 407 1342 si
427 1315 565 1343 satanas
585 1306 652 1342 hoc
687 1305 784 1353 fecit,
821 1318 884 1341 cur
915 1303 969 1341 illi
1004 1299 1289 1356 imputatur?'ln

313 1380 417 1404 causa
431 1376 495 1417 est,
530 1367 614 1417 quia
633 1367 706 1418 ejus
726 1365 965 1417 operationem
995 1365 1143 1417 accepit,
1179 1374 1212 1402 et
1231 1364 1293 1402 illa

312 1427 480 1479 impletus
493 1437 554 1465 est.
570 1430 617 1464 At
630 1427 825 1479 oportebat,
843 1425 994 1476 inquies,
1012 1426 1201 1477 corrigere.
1222 1425 1292 1464 Sed

311 1503 379 1526 non
397 1497 572 1526 correctus
590 1488 730 1537 fuisset,
747 1502 828 1525 nam
845 1487 905 1537 qui
928 1487 1012 1524 talia
1028 1487 1180 1537 viderat,
1210 1487 1293 1524 nul—

310 1550 457 1600 lumque
474 1549 555 1586 inde
569 1549 712 1586 lucrum
727 1548 871 1595 tulerat,
891 1548 1004 1585 multo
1019 1547 1138 1585 minus
1159 1557 1296 1599 poterat

312 1611 382 1649 alio
401 1610 509 1648 modo
540 1610 682 1647 lucrum
712 1609 879 1661 accipere.
916 1609 995 1646 Non
1024 1609 1183 1661 oportuit
1211 1622 1294 1660 ergo

311 1684 387 1707 rem
408 1670 690 1721 praetermittere3
710 1669 770 1706 sed
805 1669 907 1718 quasi
936 1669 1069 1706 saniem
1102 1669 1295 1719 quamdam

310 1730 484 1777 exscindi,
529 1743 573 1767 ne
604 1729 784 1779 reliquum
819 1742 948 1780 corpus
987 1728 1156 1767 inficeret.
1190 1729 1222 1765 N
1227 1742 1296 1766 unc

310 1790 405 1828 enim
427 1790 530 1827 ethic
544 1789 735 1827 utilitatem
749 1788 890 1840 accipit,
911 1803 953 1826 ne
973 1789 1123 1826 ulterius
1139 1788 1175 1825 in
1190 1789 1293 1826 mali-

309 1851 359 1888 tia
374 1851 634 1903 progrediatur,
645 1859 677 1888 et
687 1850 749 1887 alii
766 1850 878 1900 magis
905 1849 1055 1887 studiosi
1071 1848 1269 1887 redduntur
1284 1866 1291 1885 :

309 1911 467 1961 alioquin
500 1919 618 1947 autem
642 1909 858 1947 contrarium
881 1908 1077 1947 accidisset.
1107 1908 1192 1946 Ideo
1219 1910 1294 1961 pri-

309 1986 410 2010 mum
424 1970 621 2023 redarguit,
642 1980 675 2008 et
693 1971 847 2009 ostendit
875 1985 950 2008 rem
981 1984 1017 2008 se
1038 1985 1107 2008 non
1125 1970 1289 2022 latuisse,

309 2042 464 2083 tuncque
480 2032 692 2070 condemnat
705 2032 821 2069 illum.
844 2033 923 2069 Cur
942 2031 1048 2080 enim,
1064 2032 1194 2082 inquit,
1221 2032 1292 2070 hoe

298 2096 463 2146 fecisti?
499 2093 628 2130 habere
669 2092 842 2131 voluisti?
869 2094 898 2129 A
934 2092 1109 2144 principio
1146 2092 1295 2130 retinere

310 2155 483 2206 oportuit,
514 2164 548 2191 et
573 2168 643 2192 non
683 2154 890 2205 promittere
911 2167 918 2189 :
939 2167 1032 2191 nunc
1055 2163 1173 2190 autem
1194 2160 1292 2205 post-

310 2229 417 2266 quam
457 2228 723 2252 consecraveras
754 2214 968 2265 subripiens,
1007 2214 1121 2265 majus
1155 2214 1296 2251 sacrile-

309 2276 410 2327 gium
425 2274 614 2313 admisisti.
634 2276 728 2312 Nam
749 2274 811 2324 qui
848 2274 961 2311 aliena
995 2274 1101 2325 rapit,
1130 2274 1220 2310 forte
1252 2288 1296 2311 ex

309 2336 507 2373 alienarum
532 2349 651 2372 rerum
667 2333 860 2385 cupiditate
884 2334 978 2385 rapit
997 2333 1086 2370 :tihi
1116 2348 1197 2371 vero
1211 2334 1295 2372 lice-

308 2396 371 2434 bat
400 2406 460 2434 tua
492 2396 632 2433 babere.
659 2395 731 2432 Cur
757 2408 839 2445 ergo
872 2394 934 2430 illa
962 2408 1059 2431 sacra
1083 2394 1292 2444 reddidisti,

310 2465 344 2494 et
362 2466 483 2508 postea
504 2455 684 2507 rapuisti?
703 2454 763 2491 Ex
781 2468 911 2505 magno
934 2463 1111 2492 contemtu
1137 2454 1175 2491 id
1211 2455 1295 2492 feci-

312 2516 369 2554 sti.
394 2516 545 2554 Facinus
560 2514 703 2554 veniam
721 2528 791 2551 non
806 2514 927 2561 habet,
940 2514 1164 2551 excusatione
1185 2523 1291 2552 caret.

143 2592 298 2618 Sacrorum
312 2576 454 2614 heminl
467 2585 583 2614 autem
602 2573 815 2612 offendiculo
835 2573 893 2622 sit,
913 2573 942 2611 si
960 2573 1021 2623 qui
1041 2574 1117 2625 jam
1142 2573 1211 2611 sint
1241 2588 1294 2612 sa-

110 2632 286 2699 fss'lgtrzm
313 2651 455 2674 clorum
476 2636 699 2688 expilatores
717 2636 809 2672 Nam
825 2648 855 2671 51
870 2643 955 2671 tunc
987 2635 1144 2684 fuerunt,
1181 2635 1294 2673 multo

109 2683 282 2759 Clirgsosto-
313 2698 427 2749 magis
440 2711 546 2746 nunc,
567 2710 648 2734 cum
667 2695 781 2733 multa
800 2703 881 2732 sunt
892 2694 996 2732 mala.
1015 2694 1086 2732 Sed
1104 2709 1186 2747 rep1
1188 2695 1294 2733 eben-

110 2764 162 2781 ¹¹¹¹·
311 2760 438 2798 damus
452 2759 531 2797 illos
547 2772 667 2796 coram
686 2756 865 2805 omnibus,
885 2765 925 2793 ut
954 2764 986 2793 et
1006 2755 1122 2793 caeteri
1158 2765 1292 2794 metum

311 2820 477 2858 habeant.
500 2818 612 2858 Judas
631 2817 820 2867 sacrilegus
847 2825 942 2864 erat,
962 2828 1087 2853 verum
1120 2815 1160 2854 id
1183 2816 1293 2854 disci-

310 2881 408 2933 pulis
422 2895 492 2918 non
509 2879 726 2918 offendiculo
736 2875 957 2915 f11it.Viden’
976 2886 1107 2927 quanta
1123 2878 1215 2915 mala
1235 2892 1294 2930 pe·

312 2942 497 2982 cuniarum
514 2939 690 2992 cupiditas
708 2937 850 2990 pariat?
865 2939 919 2974 Et
929 2938 1062 2988 faetus
1078 2946 1147 2983 est,
1162 2938 1291 2988 inquit,

313 3005 428 3039 timor
441 3013 604 3053 magnus
619 3012 733 3050 super
746 3011 890 3043 omnes,
907 2999 1060 3049 quihoec
1074 2999 1290 3036 audierunt.

310 3062 377 3100 Ille
396 3061 543 3113 punitus
559 3068 624 3109 est,
646 3067 679 3096 et
704 3058 767 3095 alii
793 3057 923 3094 lucrati
942 3066 1046 3094 sunt:
1080 3057 1198 3107 itaque
1224 3072 1292 3095 non

312 3122 385 3160 sine
401 3135 504 3159 causa
514 3122 562 3158 ita
572 3120 815 3171 dispensatum
829 3126 891 3155 est.
908 3117 986 3155 Etsi
999 3117 1067 3154 alia
1082 3117 1181 3169 signa
1195 3119 1294 3170 prius

311 3185 402 3221 facta
414 3185 567 3233 fuerant,
602 3191 755 3220 attamen
774 3194 844 3218 non
866 3181 947 3218 talis
975 3190 1048 3218 erat
1078 3191 1206 3219 metus.
1235 3182 1294 3220 Sic

356 3329 369 3343 ι
386 3318 478 3349 Unus
495 3318 547 3359 [A.
559 3319 595 3349 Β.
613 3318 667 3359 C.]
682 3321 797 3354 συυέὸη.
815 3320 950 3362 δεύτερον
968 3321 1080 3361 ἐλέγχει
1100 3325 1159 3351 καὶ.

358 3372 373 3394 1)
391 3368 522 3411 [Iidem
537 3373 638 3407 ἕλαὲες
655 3373 730 3402 αὑτά
745 3385 752 3411 ;
769 3370 856 3410 ὀπτὰ]

1333 257 1538 286 ARCHIEP.
1578 258 1940 288 CONSTANTINOP-

1367 334 1493 387 εΟρδιῐς,
1513 336 1564 374 ὅτι
1591 341 1690 375 τοῦτο
1715 339 1931 387 ἐγκαλεῖται,
1956 339 2009 375 ὅτι
2029 339 2176 385 ποιήσας
2210 339 2296 377 αὐτὰ
2318 339 2393 390 ἱερὰ

1366 395 1553 445 χρήματα,
1571 395 1649 433 τότε
1677 397 1797 443 ἔλαὸε;
1819 397 1880 443 Μὴ
1909 397 1976 449 γὰρ
2005 401 2066 436 οὐκ
2094 399 2266 446 ἦδύνασο,
2283 399 2392 450 φησὶ,

1367 456 1427 493 καὶ
1449 457 1537 506 μετὰ
1559 457 1598 495 τὸ
1614 460 1714 495 πωλ’”
1685 473 1778 503 ιησαι
1793 457 1882 495 αὐτὰ
1909 462 1956 501 ὡς
1989 460 2086 503 ἰδίοις
2105 459 2391 511 ἀποχρήσασθαις

1369 517 1417 566 μὴ
1438 517 1506 569 γὰρ
1523 517 1718 564 ἓκωλυθης;
1735 517 1792 556 διὰ
1805 517 1839 555 τί
1859 519 1947 568 μετὰ
1964 535 2003 557 το
2017 520 2233 571 υποσγέσθαι
2247 519 2390 569 huffl-

1368 592 1455 624 νεις;
1469 577 1585 631 ”Ορα,
1601 593 1675 621 πως
1705 577 1826 620 εὐθέως
1846 577 1917 621 ἐξ
1899 582 2010 629 αρχῆς
2039 580 2179 618 επέθετο
2194 583 2211 617 ὃ
2232 581 2264 617 δ’.
2255 579 2391 621 άὸολος

1370 637 1496 687 μεταξὺ
1521 636 1674 688 σημείων
1699 637 1892 687 γενομένων
1907 638 1965 675 καὶ
1994 639 2182 688 θαυμάτων
2201 639 2389 678 τοσούτων·

1369 700 1500 748 μᾶλλον
1522 697 1556 736 δὲ
1577 700 1652 741 πῶς
1672 697 1731 734 καὶ
1752 691 1849 740 οὗτος
1865 697 1925 735 ὑπ’
1943 700 2048 736 αὐτοῦ
2064 698 2248 750 ἐπωρώθη.
2260 701 2390 737 Τοιοῦ-

1367 759 1424 796 τόν
1449 774 1483 795 τι
1502 758 1561 795 καὶ
1577 760 1609 796 ἐν
1626 761 1669 810 τῇ
1686 759 1830 810 Παλαιᾷ
1848 758 2001 809 γέγονεν,
2017 758 2073 797 ὅτε
2087 762 2104 797 ὁ
2121 760 2242 811 Χαρμὶ
2258 759 2298 797 τ”ο
2314 760 2391 797 ἀνά·

1367 822 1463 868 θημα
1482 818 1612 870 κλέψας
1638 818 1750 856 ἑάλω·
1772 820 1847 856 ἀλλ’
1873 817 1968 868 ὅμως
1989 818 2094 870 ἔγνως
2126 819 2185 856 καὶ
2216 822 2285 857 ἐκεῖ
2315 822 2390 870 μεθ’

1320 886 1344 916 C
1366 880 1449 926 ὅσης
1479 879 1632 922 ἐκδικίας
1667 878 1844 932 διωρθώθη
1865 880 1904 918 τὸ
1927 887 2088 932 πρᾶγμα.
2110 879 2301 931 Ἱεροσυλία
2323 880 2389 932 γὰρ

1367 940 1498 992 σφόδρα
1524 940 1692 991 χαλεπὸν,
1715 939 1891 990 ἀγαπητὲ,
1917 940 1976 978 καὶ
1996 941 2129 986 πολλῆς
2152 941 2256 991 γε’μον
2282 957 2390 979 κατα-

1366 1000 1574 1052 φρονήσεως.
1595 1000 1687 1038 Οὔτε
1715 1001 1880 1045 πωλῆσαι
1899 1001 2161 1052 ἠναγκάσαμεν,
2177 1001 2293 1053 φησὶν,
2313 1001 2390 1039 οὔτε

1365 1060 1580 1106 πωλήσαντα
1600 1062 1717 1098 δοῦναι
1745 1060 1786 1098 τὰ
1811 1061 2000 1112 χρήματα·
2024 1061 2065 1099 σὺ
2090 1061 2180 1100 εἵλου
2203 1061 2237 1106 ἐξ
2261 1061 2390 1104 οἰκείας

1365 1121 1599 1172 προαιρέσεως
1612 1137 1619 1143 ·
1642 1121 1675 1158 τί
1691 1121 1802 1159 τοίνυν
1823 1122 1970 1173 ἔκλεψας
1996 1123 2064 1160 ἀπὸ
2089 1125 2157 1160 τῶν
2177 1126 2278 1174 ἱερῶν
2298 1138 2389 1174 χρη-

1366 1181 1505 1231 μάτων,
1526 1182 1593 1220 Διὰ
1607 1181 1642 1219 τί
1661 1182 1862 1233 ἐπλήρωσε,
1880 1183 1983 1234 φησιν
1996 1212 2006 1231 ,
2027 1185 2044 1220 ὃ
2060 1191 2212 1228 σατανᾶς
2226 1183 2288 1231 τὴν
2302 1199 2388 1237 καρ-

1366 1241 1440 1280 δίαν
1458 1257 1537 1289 σου;
1561 1243 1630 1280 Καὶ
1649 1245 1678 1280 εἰ
1698 1246 1715 1280 ὃ
1737 1249 1886 1285 σατανᾶς
1905 1248 2003 1281 τοῦτο
2034 1244 2175 1291 ἐποίησε
2190 1273 2200 1291 ,
2227 1244 2261 1281 τί
2290 1245 2388 1287 αὐτὸς

1365 1301 1585 1353 ἐγκαλεῖται;
1608 1302 1726 1346 Αἴτιος
1746 1302 1864 1354 γέγονε
1889 1303 2070 1353 δεξάμενος
2095 1307 2199 1343 αὐτοῦ
2212 1303 2275 1350 τὴν
2292 1304 2388 1356 ἐνέρ-

1363 1379 1473 1414 γειαν,
1509 1363 1568 1402 καὶ
1589 1363 1795 1417 πληρωθείς.
1823 1363 1915 1402 Ἀλλ’
1946 1364 2013 1402 ἔδει
2046 1365 2252 1417 διορθῶσαι,
2272 1365 2386 1417 φησίν.

1364 1423 1457 1462 Ἀλλ’
1479 1426 1540 1462 οὐκ
1567 1424 1605 1461 ἂν
1627 1423 1807 1476 διωρθώθη
1821 1439 1828 1447 ·
1856 1428 1874 1462 ὃ
1899 1424 1966 1476 γὰρ
1986 1429 2130 1462 τοιαῦτα
2152 1429 2240 1478 ὁρῶν
2260 1425 2318 1463 καὶ
2339 1425 2386 1475 μὴ

1368 1485 1536 1536 κερδάνας
1574 1487 1693 1536 πολλῷ
1722 1486 1853 1534 μᾶλλον
1873 1487 1934 1522 οὐκ
1964 1485 2158 1538 ἃνὲτέρως
2191 1485 2385 1538 ἐκέρδανεν.

1317 1556 1342 1586 D
1365 1547 1442 1583 Οὐκ
1461 1545 1529 1584 ἔδει
1551 1546 1662 1584 τοίνυν
1677 1546 1795 1588 ἁπλῶς
1813 1547 1995 1598 παρελθεῖν
2012 1547 2051 1584 τὸ
2069 1547 2224 1598 γεγονὸς,
2248 1549 2325 1585 ἀλλ’
2341 1550 2387 1589 ὡς

1365 1606 1540 1653 σηπεῖόνα
1562 1606 1639 1644 τινὰ
1663 1608 1902 1656 ἐκτμηθῆναι,
1926 1605 1982 1644 ἵνα
2005 1606 2053 1657 μὴ
2077 1610 2125 1659 τῷ
2143 1609 2255 1659 λοιπῷ
2275 1607 2386 1657 λυμή-

1364 1683 1463 1714 νηται
1493 1667 1641 1717 σώματι.
1664 1669 1736 1704 Χῧν
1755 1666 1816 1716 μὲν
1840 1666 1906 1718 γὰρ
1926 1666 1985 1705 καὶ
2005 1662 2102 1710 οὗτος
2129 1667 2307 1718 ὠφέληται
2335 1666 2383 1716 μὴ

1363 1726 1538 1779 προελθὼν
1555 1726 1749 1779 περαιτέρω
1763 1726 1886 1769 κακίας
1899 1756 1908 1773 ,
1923 1727 1982 1764 καὶ
2004 1730 2034 1765 οἳ
2054 1727 2169 1765 λοιποί
2197 1726 2384 1765 σπουδαιό-

1362 1803 1454 1840 τεροι
1471 1787 1669 1838 γενόμενον
1690 1788 1768 1825 τότε
1785 1787 1820 1825 δὲ
1836 1787 1875 1825 ἂν
1901 1788 2096 1826 τούναντίον
2122 1788 2285 1835 ῦσυνέὸη.
2319 1788 2386 1826 Διὰ

1361 1850 1462 1885 τοῦτο
1483 1851 1618 1899 πρῶτον
1639 1849 1794 1900 ἐλέγχει,
1825 1849 1884 1886 καὶ
1901 1848 2069 1887 δείκνυσιν
2081 1877 2091 1896 ,
2115 1848 2168 1886 ὅτι
2187 1850 2247 1887 οὒκ
2262 1849 2382 1887 ἔλαθεν

1363 1907 1464 1945 αὐτὸν
1491 1908 1529 1946 τὸ
1549 1908 1705 1959 γεγονὸς,
1725 1909 1785 1946 καὶ
1806 1908 1883 1947 τότε
1905 1909 2140 1952 καταδικάζει.
2161 1908 2229 1946 Διὰ
2244 1908 2279 1946 τί
2296 1908 2382 1960 γὰρ,

1362 1968 1456 2019 φησὶ,
1469 1973 1571 2006 τοῦτο
1581 1969 1794 2016 πεποίηκας;
1807 1969 1923 2015 ἤθελες
1939 1969 2045 2021 ἔχειν;
2057 1969 2157 2008 ’Έδει
2168 1969 2258 2021 ἔχειν
2268 1969 2303 2013 ἐξ
2317 1971 2383 2021 ἀρ-

1360 2033 1446 2081 χῆς,
1464 2030 1522 2067 καὶ
1539 2030 1588 2080 μὴ
1604 2029 1816 2081 ὑποσχέσθαι
1828 2046 1835 2053 ·
1852 2033 1909 2067 νῦν
1925 2029 1959 2068 δὲ
1970 2029 2088 2067 λαὲὼν
2101 2029 2190 2080 μετὰ
2204 2030 2244 2067 τὸ
2262 2029 2382 2068 ἀναθέ-

1362 2094 1459 2135 σθαι,
1480 2091 1617 2141 μείζονα
1632 2091 1694 2138 τὴν
1714 2089 1908 2142 ἱεροσυλίαν
1930 2089 2092 2143 εἰργάσω.
2112 2089 2156 2128 Ὁ
2177 2089 2238 2140 μὲν
2259 2089 2326 2142 γὰρ
2341 2089 2384 2126 τὰ

1361 2153 1429 2188 τῶν
1458 2151 1572 2188 ἄλλων
1599 2151 1804 2201 λαμὸάνων,
1832 2150 1913 2193 ἴσως
1947 2150 2138 2201 ἀλλοτρίων
2170 2150 2386 2200 ἐπιθυμήσας

1318 2227 1342 2256 Ε
1362 2211 1551 2261 λαμῧάνει·
1571 2211 1623 2248 σοί
1640 2211 1674 2248 δὲ
1691 2211 1767 2257 ἐξῆν
1788 2210 1879 2262 ἔχειν
1894 2211 1938 2249 τὰ
1956 2210 2011 2249 σοί.
2029 2210 2076 2248 Τί
2092 2210 2204 2248 τοίνυν
2220 2210 2386 2256 ἐποίησας

1364 2271 1451 2310 αὐτὰ
1470 2271 1567 2322 ἱερὰ,
1588 2271 1647 2308 καὶ
1666 2271 1742 2308 τότε
1761 2269 1928 2317 Βέλαὸες,
1947 2270 2032 2308 Ἀπὸ
2052 2273 2184 2316 πολλῆς
2204 2285 2384 2322 καταφρο-

1362 2332 1492 2378 νήσεως
1504 2334 1605 2368 τοῦτο
1626 2330 1831 2375 πεποίηκας.
1852 2332 1928 2368 Οὔκ
1951 2330 2023 2381 ἔχει
2048 2330 2087 2367 τὸ
2101 2330 2284 2380 γενόμενον
2301 2344 2385 2379 συγ-

1361 2393 1526 2443 γνώμην,
1550 2391 1644 2434 ἐκτός
1672 2392 1764 2429 ἐστιν
1794 2390 1991 2441 ἀπολογίας.
2021 2389 2155 2436 Μηδεὶς
2176 2390 2211 2428 ’δὲ
2236 2391 2384 2427 σκανδα-

1362 2452 1527 2499 λιζέσθω,
1551 2452 1583 2489 εἴ
1599 2467 1686 2494 τινες
1705 2451 1764 2488 καὶ
1780 2454 1837 2487 νῦν
1858 2452 1942 2488 εἰσιν
1963 2450 2144 2501 ἱερόσυλοι.
2165 2452 2209 2488 Εἰ
2224 2449 2291 2500 γὰρ
2305 2450 2382 2488 τότε

1362 2509 1465 2561 ἦσαν,
1475 2515 1592 2564 πολλω
1607 2514 1737 2550 μαλλον
1752 2527 1822 2559 νυν,
1832 2510 1886 2548 οτε
1897 2511 2010 2549 πολλα
2020 2510 2064 2549 τὰ
2078 2511 2181 2549 κακά.
2187 2511 2278 2549 Ἀλλ’
2295 2511 2385 2560 ἐλέγ-

1361 2591 1479 2627 χωμεν
1501 2590 1621 2616 αυτους
1652 2572 1709 2610 ἐπι
1739 2572 1891 2619 παντων,
1919 2588 1973 2609 ινα
1994 2587 2052 2608 και
2083 2588 2113 2609 οι
2143 2571 2258 2609 λοιποὶ
2278 2571 2382 2623 φόόον

1363 2636 1500 2687 ἔχωσιν.
1519 2634 1563 2673 ‘O
1575 2633 1746 2676 Ιουοαςὶε
1751 2631 1922 2684 ροσυλος
1905 2646 1963 2678 ην
1986 2633 2060 2669 ἀλ’λ
2081 2633 2141 2669 οὐκ
2156 2631 2383 2669 ἐσκανδάλισε

1362 2710 1463 2734 τουτο
1487 2695 1565 2737 τους
1585 2694 1754 2744 μαθητάς.
1779 2692 1949 2744 εΟρας,”
1929 2708 1993 2730 οσα
2015 2691 2107 2730 κακὰ
2123 2695 2144 2738 ἡ
2159 2708 2226 2729 των
2242 2693 2384 2744 χρημά-

1314 2784 1344 2810 99
1362 2771 1430 2794 των
1447 2754 1613 2805 ἐπιθυμία
1631 2758 1740 2799 ποιεῖ;
1769 2752 1839 2790 Καὶ
1859 2751 2010 2803 ἐγένετο,
2030 2750 2133 2802 φησὶ,
2151 2751 2254 2801 φόὸος
2275 2751 2384 2802 μέγας

1317 2821 1344 2850 Α
1363 2817 1420 2855 ἐπὶ
1440 2815 1571 2856 πάντας
1593 2813 1669 2856 τοὺς
1698 2811 1884 2855 ἀκούοντας
1914 2815 2036 2848 ταῦτα.
2065 2810 2219 2853 Ἐκεῖνος
2253 2812 2383 2861 ἓτιμω-
2420 2827 2429 2831 “

1364 2878 1467 2929 ρηθη,
1497 2875 1555 2913 καὶ
1586 2873 1685 2911 ἄλλοι
1712 2872 1908 2953 ἐκέᾶρδαναν.
1928 2870 2039 2909 ’Ὠστε
2061 2871 2127 2921 οὐχ
2148 2870 2266 2913 ἁπλῶς
2287 2876 2386 2909 τοῦτο

1363 2941 1612 2987 οικονομεῖται·
1633 2932 1746 2971 καίτοι
1762 2931 1822 2969 ἃὸὲ
1842 2930 1995 2980 σημείων
2015 2930 2128 2967 ἄλλων
2148 2930 2314 2982 πρότερον
2333 2947 2387 2982 γε-

1366 2996 1536 3048 νομένων,
1563 2995 1655 3044 ὅμως
1682 2995 1744 3030 οὐκ
1763 2996 1804 3038 ἦν
1820 2991 1922 3043 φόοος
1941 3005 2106 3032 τοιουτος.
2122 2989 2244 3034 Ου’τως
2265 2991 2387 3037 ἀληθές

1367 3060 1459 3096 ἐστιν
1489 3058 1617 3101 ἐκεῖνο,
1638 3052 1691 3092 ὅτι
1710 3054 1739 3090 l
1745 3050 1927 3088 ινώσκεται
1942 3049 2069 3100 Κύριος
2095 3049 2250 3101 κρίματα
2264 3054 2383 3088 ποιῶν.

1367 3118 1470 3157 Οὕτω
1489 3115 1549 3154 καὶ
1563 3114 1620 3152 ἐπὶ
1639 3115 1700 3158 τῆς
1715 3111 1863 3150 κιῧωτοῧ
1877 3110 2026 3161 γέγονεν·
2043 3110 2148 3155 Ὀζᾶν
2164 3110 2363 3162 ἐτιμωρήθη
2376 3140 2384 3156 ,

1368 3178 1426 3217 καὶ
1452 3176 1584 3228 ἐγένετο
1611 3179 1680 3216 τοῖς
1708 3173 1823 3214 ἄλλοις
1850 3170 1963 3222 φόέος.
1990 3172 2081 3209 Ἀλλ’
2100 3173 2169 3209 ἐκεῖ
2192 3169 2254 3220 μὲν
2275 3169 2384 3221 (903⁷,-

1430 3324 1441 3338 θ
1460 3314 1515 3355 [δέ
1531 3311 1622 3344 abest
1639 3310 1680 3342 ab
1698 3309 1780 3341 A.B.
1794 3307 1849 3351 Q]
