2502 3810
76 646 155 673 [bid.
179 652 204 671 1.
229 652 259 681 9.

81 840 109 859 2.
132 829 200 858 Cor.
217 836 263 856 ιι.

79 873 111 901 3.

82 951 215 989 Philipp.
236 948 265 978 3.

81 1001 111 1021 2·

99 2281 173 2308 cal.
189 2280 218 2308 5.
235 2278 265 2318 4.

749 254 769 282 S
779 272 787 282 .
826 250 932 281 JOAN
941 246 1008 277 NJs
1045 244 1283 274 CIIRYSOST.

277 268 301 310 7
310 264 332 306 7
345 265 367 293 2

274 340 495 381 accuratione
513 333 625 385 exigit
648 333 694 371 ab
714 331 785 368 illis
804 330 841 367 in
861 327 992 366 talibus
1014 325 1119 362 rebus
1137 323 1256 375 philo-

275 401 437 453 sophiam
459 406 491 433 et
511 393 776 446 perfectionem.
809 389 876 426 Hic
895 395 1012 424 autem
1040 398 1109 422 non
1135 382 1259 421 eadem

275 461 387 498 utitur
406 456 606 504 severitate,
630 452 724 503 quod
745 464 863 488 recens
881 448 935 486 illi
955 446 1001 484 ad
1021 445 1129 484 fidem
1147 457 1260 481 acces-

276 524 414 562 sissent.
458 520 512 556 Ne
541 518 660 567 itaque
700 514 744 552 ad
776 511 896 551 omnia
932 509 1114 548 trahamus
1150 505 1257 555 illud,

283 583 552 633 Unusquisque
574 581 616 615 in
635 566 703 615 suo
726 588 839 614 sensu
859 572 1044 610 abundet.
1066 570 1160 607 Nam
1179 580 1261 604 cum

275 643 318 681 de
337 639 564 692 dogmatibus
591 636 725 688 agitur,
754 634 840 672 audi
868 632 956 684 quid
976 630 1071 668 dicat
1089 629 1152 666 :Si
1177 629 1262 678 quis

276 705 387 741 vohis
406 699 735 751 evangelizaverit
751 703 1010 747 praeterquam
1028 689 1132 741 quod
1154 700 1262 724 acce-

275 768 399 818 pistis,
432 764 585 800 etiamsi
611 760 772 811 angelus
789 759 927 810 fuerit,
955 754 1168 792 anatliema
1187 751 1259 799 sit5

279 836 311 863 et
330 826 459 863 iterum
477 838 484 858 :
509 824 652 870 Timeo,
685 834 732 857 ne
750 821 848 856 sieut
869 828 1022 867 serpens
1049 814 1178 850 Evam
1198 811 1262 847 de-
1285 811 1311 842 E

283 890 396 939 cepit,
413 888 466 923 sic
487 890 785 934 corrumpantur
800 891 933 917 sensus
955 877 1090 913 vestri.
1114 873 1160 910 Et
1178 871 1266 908 Phi-

280 946 500 999 lippensibus
528 944 683 982 scribens
710 940 875 978 dicebat:
896 938 1028 975 Videte
1048 947 1178 980 canes,
1203 935 1266 969 vi-

280 1009 365 1046 dete
379 1007 502 1044 malos
513 1004 717 1056 operarios,
737 1001 867 1038 ‘videte
879 999 1147 1036 concisionem.
1161 991 1265 1044 Apud

281 1069 458 1106 Romanos
476 1075 609 1114 autem,
639 1063 723 1114 quia
749 1060 910 1098 nondum
936 1067 1077 1108 tempus
1096 1063 1170 1092 erat
1189 1053 1267 1090 haec

282 1127 507 1175 emendandi,
536 1126 820 1176 Unusquisque,
845 1120 974 1171 inquit,
1003 1121 1044 1155 in
1062 1130 1131 1155 suo
1153 1127 1266 1152 sensu

284 1190 467 1228 abundet.
490 1189 583 1226 Nam
603 1186 647 1223 de
662 1184 796 1237 jejunio
822 1195 936 1219 sermo
955 1188 1041 1228 erat,
1066 1187 1100 1215 et
1121 1177 1268 1214 illorum

284 1252 403 1301 itaque
430 1248 668 1300 arrogantiam
689 1245 897 1297 reprimens,
926 1251 959 1279 et
981 1241 1112 1278 horum
1133 1247 1269 1275 metum

284 1312 430 1362 abigens
451 1311 501 1348 sic
518 1308 742 1359 loquebatur.
766 1307 804 1343 6.
833 1304 909 1353 Qui
924 1304 1025 1353 sapit
1046 1301 1161 1345 diem,
1189 1300 1271 1336 Do-

286 1375 390 1410 mino
411 1374 512 1422 sapit
531 1386 541 1405 .·
560 1378 597 1406 et
625 1370 690 1420 qui
720 1380 797 1402 non
825 1366 925 1414 sapit
953 1364 1068 1409 diem,
1101 1360 1270 1396 Domino

1323 243 1346 271 A
1355 242 1511 271 RCHIEP
1520 261 1530 271 .
1569 240 1651 270 CON
1659 240 1905 271 STANTiNOP
1914 261 1924 270 .

1332 323 1447 364 αὐτοῖς
1465 321 1528 367 τὴν
1562 320 1691 359 πίστιν.
1712 320 1774 365 Μὴ
1791 319 1902 357 τοίνυν
1921 322 1966 362 εἷς
1985 320 2100 358 πάντα
2122 320 2280 369 ἕλκωμεν
2298 319 2351 363 τὸ,

1331 380 1506 423 1Ἕκαστος
1520 382 1569 432 τῷ
1588 379 1664 433 ἰδίῳ
1677 377 1730 417 νοῒ
1747 381 1817 426 πλτΙ
1825 378 2042 431 ροιρορείσθω.
2063 380 2173 418 ‘'Oi-ow
2185 379 2252 430 γὰρ
2272 379 2352 429 περὶ

1331 441 1512 492 δογμάτων
1530 444 1547 479 ὃ
1559 440 1658 490 λόγος
1674 434 1711 491 ᾗ,
1730 440 1875 477 ἄκουσον
1890 439 1926 476 τί
1941 455 2057 491 φησιν·
2071 440 2117 478 Εἴ
2132 457 2184 484 τις
2196 443 2276 490 ὒμῖν
2295 441 2352 477 εὖ·

1332 500 1548 553 αγγελίζεται
1561 502 1643 553 παρ’
1665 499 1682 536 ὃ
1701 500 1933 550 παρελάὲετε,
1955 499 2019 536 κᾶν
2031 500 2173 551 ἄγγελος
2183 495 2218 546 ἦ,
2233 499 2355 537 ἀνάθε-

1333 577 1382 612 μα
1404 561 1505 599 ἔστω·
1528 561 1587 599 καὶ
1615 561 1733 607 πάλιν,
1753 559 1942 610 Φοὲοῦμαι
1971 560 2019 606 δὲ,
2049 560 2097 610 μή
2120 544 2194 603 πως
2214 564 2260 603 ὡς
2279 560 2355 611 ὄφις

1331 622 1427 661 Εὔαν
1447 621 1641 668 ἠπάτησεν,
1658 620 1748 659 οὕτω
1779 624 1892 672 φθαρῇ
1911 620 1954 657 τὰ
1971 621 2132 670 νοήματα
2151 623 2262 670 ὑμῶν.
2282 620 2355 658 Καὶ

1333 682 1590 730 Φιλιππησίοις
1607 681 1643 720 δὲ
1661 681 1874 719 ἐπιστέλλων
1892 681 2005 732 ἔλεγε·
2027 681 2180 719 Βλέπετε
2198 681 2276 724 τοὺς
2296 681 2358 718 κύ-

1334 760 1404 789 νας,
1424 744 1570 795 βλέπετε
1584 741 1662 785 τοὺς
1677 741 1804 784 κακοὺς
1821 741 1985 793 ἐργάτας,
2002 741 2147 792 βλέπετε
2167 741 2229 788 τὴν
2248 756 2358 779 κατα-

1334 805 1459 855 τομήν.
1475 804 1582 855 Παρὰ
1610 803 1645 841 δὲ
1659 801 1850 853 Ῥωμαίοις
1872 802 1990 848 ἐπειδὴ
2008 803 2069 839 οὒκ
2085 797 2126 849 ἦν
2145 803 2230 846 τέως
2242 801 2360 853 καιρὸς

1335 865 1379 905 τὰ
1398 868 1543 903 τοιαῦτα
1558 866 1726 916 διορθοῦν,
1739 862 1930 910 εἘκαστος,
1949 862 2069 914 φησὶν,
2091 865 2124 900 ἐν
2144 865 2193 914 τῷ
2210 862 2286 914 ’ἰδίῳ
2308 860 2360 899 νοῒ

1335 924 1635 976 πληροφορείσθω.
1660 922 1730 961 Καὶ
1749 922 1817 974 γὰρ
1845 922 1925 975 περὶ
1944 921 2105 969 νηστείας
2135 925 2152 960 ὃ
2178 922 2278 972 λόγος
2307 915 2363 968 ἦν,

1337 986 1396 1024 καὶ
1409 985 1471 1032 τὴν
1492 985 1632 1022 ἐκείνων
1648 983 1762 1021 τοίνυν
1786 982 1987 1026 ἀλαζονείαν
2008 986 2197 1035 καθαιρῶν,
2214 982 2274 1019 καὶ
2292 981 2366 1019 *toxi-

1337 1062 1405 1084 των
1423 1045 1552 1084 ἐκλύων
1573 1045 1630 1082 τὸν
1647 1044 1765 1096 φόὸον,
1788 1048 1898 1081 ταῦτα
1924 1043 2054 1094 ἔλεγεν.
2085 1043 2129 1081 ‘O
2153 1045 2286 1096 φρονῶν
2301 1041 2364 1088 τὴν

1338 1107 1487 1159 ἡμέραν,
1505 1106 1624 1157 Κυρίῳ
1644 1111 1783 1156 φρονεῖ·
1805 1104 1864 1142 καὶ
1880 1107 1897 1142 ὃ
1916 1103 1964 1154 μὴ
1982 1107 2116 1157 φρονῶν
2135 1105 2196 1152 τὴν
2216 1104 2365 1155 ἡμέραν,

1338 1167 1459 1219 Κυρίῳ
1484 1169 1521 1204 οὔ
1539 1171 1666 1217 φρονεῖ.
1686 1165 1756 1202 Καὶ
1777 1167 1794 1201 ὃ
1811 1164 1947 1212 ἐσθίων,
1973 1165 2091 1217 Κυρίῳ
2117 1164 2242 1202 ἐσθίει·
2264 1166 2367 1215 εὔχα-

1342 1232 1450 1278 ριστεῖ
1477 1227 1544 1278 γὰρ
1577 1229 1625 1277 τῷ
1653 1227 1755 1277 Θεῷ·
1786 1225 1845 1262 καὶ
1880 1228 1897 1263 ὃ
1930 1224 1977 1274 μὴ
2003 1224 2137 1272 ἐσθίων,
2159 1224 2275 1276 Κυρίῳ
2305 1226 2367 1261 οὐκ

1342 1286 1470 1333 ἐσθίει,
1491 1287 1550 1324 καὶ
1570 1288 1767 1337 εὐχαριστεῖ
1786 1287 1836 1337 τῶ
1860 1287 1953 1336 Θεῷ.
1969 1284 2050 1322 ’‘E-:t
2072 1288 2140 1322 τῶν
2159 1286 2270 1321 αὐτῶν
2291 1284 2368 1334 ἔχε-

1342 1363 1412 1385 ται.
1432 1347 1481 1385 οΟ
1503 1346 1538 1384 δὲ
1557 1346 1671 1397 λέγει,
1690 1345 1842 1383 τοιοῦτόν
1864 1347 1956 1382 ἐστιν
1970 1360 1978 1368 ·
2010 1347 2047 1382 οὐ
2075 1344 2156 1396 περὶ
2176 1345 2220 1382 τὰ
2248 1342 2368 1396 καίρια

287 1446 366 1471 non
384 1433 496 1480 sapic.
514 1431 568 1466 Et
584 1431 649 1480 qui
669 1426 892 1469 manducat,
916 1424 1086 1459 Domino
1107 1420 1270 1456 mandu-
1283 1427 1331 1452 70¹⁴
1343 1407 1382 1444 τὸ
1411 1406 1559 1458 πρᾶγμά
1576 1409 1648 1444 ἔστι
1661 1421 1668 1428 ·
1687 1405 1725 1442 τὸ
1752 1405 1819 1455 γὰρ
1835 1404 2054 1454 ζητούμενον,
2077 1407 2107 1442 εἷ
2127 1404 2183 1442 διὰ
2203 1404 2260 1441 τὸν
2278 1404 2368 1442 Θεὸν

286 1502 376 1537 cat;
397 1493 546 1543 gratias
563 1491 663 1525 enlm
685 1488 764 1537 agit
784 1486 868 1521 Deo
887 1496 896 1518 .·
917 1491 953 1519 et
972 1484 1037 1532 qui
1061 1494 1137 1516 non
1161 1493 1272 1516 man-

287 1555 419 1601 ducat,
437 1552 605 1588 Domino
627 1561 705 1585 non
721 1546 947 1589 manducat,
973 1550 1008 1579 et
1028 1543 1177 1592 gratias
1192 1541 1274 1590 agit

288 1615 385 1651 Deo.
416 1611 544 1649 Adhuc
565 1610 602 1647 in
627 1607 755 1646 iisdem
784 1604 925 1643 insistit.
956 1604 1031 1640 Hoc
1057 1611 1175 1639 autem
1194 1599 1274 1638 vult

288 1672 600 1725 significarezNon
619 1669 663 1706 de
679 1666 892 1719 capitalibus
914 1664 1032 1715 agitur
1053 1679 1059 1698 :
1079 1673 1161 1699 nam
1179 1659 1274 1711 quod

290 1734 461 1784 quaeritur
473 1741 535 1779 est,
551 1739 673 1768 utrum
685 1728 786 1766 ethic
798 1736 830 1764 et
840 1726 901 1763 ille
916 1733 1060 1777 propter
1069 1724 1188 1760 Deum
1199 1735 1280 1772 ope-

290 1804 427 1843 rentur7
462 1793 491 1830 si
510 1792 614 1829 ambo
635 1791 671 1828 in
691 1788 887 1840 gratiarum
913 1785 1086 1822 actionem
1106 1782 1281 1820 desinant.

290 1856 383 1893 Nam
402 1863 435 1891 et
452 1854 512 1890 hic
532 1861 565 1889 et
585 1852 644 1889 ille
662 1850 793 1902 gratias
812 1848 885 1899 agit
904 1848 990 1884 Deo.
1011 1846 1150 1895 Si'ergo
1170 1843 1275 1880 ambo

292 1917 422 1968 gratias
441 1923 563 1966 agunt,
582 1927 651 1950 non
669 1924 839 1962 magnum
853 1918 904 1946 est
917 1907 1118 1944 discrimen.
1141 1906 1198 1942 Tu
1217 1918 1276 1942 ve-

292 1992 331 2015 ro
352 1977 440 2014 mihi
461 1974 658 2013 consideres
678 1972 801 2020 Velim,
826 1970 931 2006 illum
949 1968 1008 2005 hie
1028 1968 1132 2004 etiam
1149 1965 1274 2018 judai·-

293 2045 430 2073 zantem
459 2034 550 2072 clam
581 2031 830 2084 perstringere.
864 2028 903 2065 Si
932 2027 1025 2064 enim
1059 2024 1152 2062 illud
1181 2023 1278 2074 quod

293 2095 463 2146 quaeritur
489 2103 552 2141 cst,
580 2102 619 2129 ut
648 2091 769 2142 gratiae
789 2097 952 2140 agantur,
986 2087 1104 2138 palam
1127 2094 1177 2122 est
1197 2098 1278 2121 eum

294 2157 355 2207 qui
375 2154 529 2193 comedit
546 2153 677 2205 gratias
693 2164 809 2202 agere,
832 2163 900 2186 non
924 2162 1005 2186 vero
1025 2161 1104 2184 eum
1126 2146 1186 2196 qui
1209 2158 1278 2182 non

295 2213 458 2252 comedit.
491 2210 680 2258 Quomodo
707 2209 802 2247 enim
820 2208 888 2245 hoc
910 2207 1031 2254 faciat,
1057 2219 1138 2242 cum
1162 2203 1280 2240 adhuc

295 2274 365 2325 legi
385 2273 589 2310 adhaereat?
611 2270 719 2318 Quod
735 2278 768 2307 et
784 2268 828 2305 ad
846 2268 993 2306 Galatas
1011 2266 1101 2303 dicit
1117 2281 1125 2301 :
1147 2266 1220 2314 Qui
1239 2267 1281 2301 in

298 2336 378 2386 lege
392 2333 680 2385 justificamini,
714 2344 738 2367 a
756 2332 886 2381 gratia
905 2329 1112 2365 excidistis.
1133 2325 1203 2363 Sed
1222 2325 1281 2361 hic

297 2395 335 2433 id
354 2394 499 2445 quidem
518 2392 734 2440 subindicat,
764 2389 825 2427 scd
842 2402 911 2426 non
935 2388 1004 2425 hoc
1029 2387 1077 2424 ita
1095 2385 1251 2423 declarat
1272 2400 1279 2420 :

298 2455 458 2493 nondum
484 2453 579 2490 enim
601 2461 741 2503 tempus
760 2458 844 2487 erat.
867 2451 911 2486 At
931 2448 1073 2485 interim
1093 2446 1171 2483 illos
1195 2444 1283 2482 tole-

299 2525 366 2565 rat,
383 2525 417 2553 et
432 2529 495 2567 per
509 2512 686 2564 sequentia
704 2510 794 2549 illud
811 2509 924 2560 magis
941 2508 1054 2560 aperit
1072 2523 1079 2543 ε
1099 2510 1135 2544 7.
1160 2508 1283 2544 Nemo

300 2581 403 2617 enim
423 2585 594 2614 nostrum
611 2576 684 2612 sibi
698 2575 813 2617 vivit,
840 2579 875 2608 et
898 2584 1007 2608 nemo
1022 2571 1096 2608 sihi
1112 2571 1283 2606 moritur.

302 2639 338 2678 8.
369 2639 455 2676 Sive
493 2638 595 2674 enim
632 2636 814 2678 vivimus,
853 2633 937 2669 Deo
970 2633 1166 2675 vivimus;
1207 2632 1286 2667 sive

303 2701 503 2746 morimur,
539 2698 624 2734 Deo
650 2697 846 2731 morimur.
872 2691 915 2730 Id
935 2691 1065 2728 clarius
1085 2691 1142 2728 his
1169 2689 1289 2728 verbis

303 2759 491 2811 significat.
511 2758 618 2796 ‘Nam
643 2755 706 2806 qui
736 2754 806 2806 legi
838 2752 943 2801 vivit,
974 2750 1152 2802 quomodo
1176 2759 1291 2803 potest

307 2821 449 2859 Christo
479 2817 629 2857 vivere?
671 2817 793 2866 Neque
825 2815 892 2852 hoc
921 2822 1061 2851 tantum
1090 2812 1147 2850 his
1171 2811 1290 2849 verbis

305 2879 443 2931 probat,
468 2876 529 2916 sed
549 2889 643 2920 eum,
676 2873 737 2924 qui
760 2873 808 2911 ad
834 2872 982 2910 illorum
1013 2869 1293 2907 emendationem

304 2937 529 2992 properabat,
548 2936 688 2983 retinet,
710 2943 743 2971 et
759 2934 932 2986 patienter
948 2945 1051 2982 agere
1067 2930 1137 2983 ipsi
1156 2930 1294 2980 suadet,

309 2999 494 3038 ostendens
513 2995 735 3049 impossibile
760 3009 833 3032 esse
853 2992 949 3044 quod
977 2994 1073 3029 Deus
1100 2991 1179 3028 illos
1206 3005 1294 3028 con-

308 3070 453 3109 temnat,
486 3058 545 3097 sed
566 3072 623 3096 eos
645 3057 763 3109 ipsum
781 3064 981 3108 opportuno
1000 3063 1158 3105 tempore
1177 3066 1296 3091 emen—

311 3124 480 3161 daturum
500 3134 584 3159 esse.

364 3186 400 3221 5.
431 3182 530 3231 Quid
551 3194 633 3233 ergo
649 3180 743 3218 illud
774 3188 836 3228 est,
866 3178 989 3216 Nemo
1026 3185 1197 3214 nostrum
1222 3178 1296 3214 sihi

1295 1464 1320 1492 Α
1344 1468 1403 1504 καὶ
1422 1470 1518 1508 οὗτος
1531 1469 1688 1507 κάκεῖνος
1703 1465 1909 1517 ςέργοίζεται
1923 1493 1932 1509 ,
1953 1467 1981 1501 εἰ
2000 1464 2189 1516 ἀμφότεροι
2206 1466 2253 1506 εἷς
2266 1465 2370 1515 εὐγα-

1347 1526 1479 1579 ριστίαν
1498 1529 1697 1564 τελευτῶσι.
1720 1525 1788 1562 Καὶ
1809 1524 1876 1577 γὰρ
1899 1524 1958 1562 καὶ
1984 1526 2110 1569 ἐκεῖνος
2130 1525 2189 1562 καὶ
2207 1520 2303 1567 οὗτος
2318 1527 2371 1562 εὖ·

1344 1591 1550 1640 χαριστοῧσι
1566 1589 1614 1639 τῷ
1633 1589 1727 1639 Θεῷ.
1748 1588 1792 1624 Ei
1809 1585 1922 1623 τοίνυν
1943 1585 2130 1637 ἀμφότεροι
2147 1588 2373 1637 εὐχαριστοῦ-

1801 1646 1850 1684 Σὺ
1872 1645 1908 1683 δέ
1930 1661 1988 1696 μοι
2009 1645 2132 1683 σκόπει
2151 1649 2224 1688 πῶς
2244 1645 2303 1683 καὶ
2320 1647 2372 1683 ἐν·

1347 1663 1399 1685 σιν
1408 1678 1416 1694 ‚
1434 1650 1470 1686 οὔ
1492 1647 1579 1685 πολὺ
1595 1648 1634 1685 τὸ
1655 1647 1772 1697 μέσον.

1345 1712 1453 1746 ταῧθα
1471 1708 1642 1754 διπλήττει
1660 1706 1899 1749 λανθανόντως
1919 1707 1976 1744 τὸν
1998 1703 2222 1749 ἷουδαίζοντα.
2246 1707 2290 1743 Εἰ
2305 1705 2372 1757 γὰρ

1347 1770 1385 1807 τὸ
1402 1769 1608 1818 ζητούμενον
1629 1768 1729 1807 τοῦτο’
1757 1771 1830 1806 ἐστι
1850 1767 1889 1804 τὸ
1909 1770 2139 1818 εὐχαριστεῖν,
2159 1766 2300 1813 εὔδηλον
2319 1766 2372 1804 ὅτι

1351 1833 1367 1867 ὃ
1389 1829 1509 1868 ἐσθίων
1532 1824 1628 1872 οὗτός
1649 1831 1741 1867 ἐστιν
1760 1831 1777 1865 ὁ
1798 1828 2027 1879 εὐχαριστῶν,
2047 1828 2113 1878 οὔχ
2136 1830 2153 1864 ὃ
2170 1826 2217 1877 μὴ
2239 1826 2372 1864 ἐσθίων.

1351 1892 1433 1934 Πῶς
1454 1890 1542 1942 γὰρ,
1570 1890 1621 1927 ἔτι
1649 1894 1707 1928 τοῦ
1726 1889 1831 1939 ν’όμου
1862 1888 2049 1940 ἐχόμενος,
2076 1887 2194 1939 ‘'Oi-:ep
2225 1882 2282 1926 οὖν
2315 1886 2374 1925 καὶ

1350 1951 1435 2002 πρὸς
1451 1950 1610 1993 Γαλάτας
1625 1950 1740 2001 ἔλεγεν
1754 1965 1761 1972 ·
1780 1949 1920 1991 Οἵτινες
1937 1950 1971 1986 ἐν
1982 1949 2077 2001 νόμῳ
2091 1949 2298 1995 δικαιοῦσθε,
2313 1951 2376 1993 τῆς

1350 2012 1491 2063 χάριτος
1508 2011 1699 2054 ἐξεπέσετε.
1712 2010 1802 2048 Ἀλλ’
1821 2012 1967 2047 ἐνταῦθα
1991 2009 2181 2047 αἰνίττεται
2202 2008 2262 2058 μὲν
2278 2007 2375 2054 αὐτὸ,

1352 2074 1412 2110 οὐκ
1431 2071 1668 2110 ἀνα-καλύπτει
1682 2071 1717 2110 δὲ
1739 2071 1821 2109 αὐτὸ
1843 2070 1951 2112 οὕτως
1963 2085 1970 2092 ·
1987 2070 2083 2107 οὔπω
2098 2069 2164 2121 γὰρ
2179 2064 2219 2116 ἦν
2237 2068 2355 2121 καιρός
2367 2083 2374 2091 ·

1351 2134 1441 2171 ἀλλὰ
1459 2133 1543 2176 τέως
1569 2132 1794 2175 διαὸαστάζει
1806 2163 1814 2179 ,
1831 2131 1890 2169 καὶ
1911 2130 1967 2168 διὰ
1984 2132 2051 2167 τῶν
2071 2130 2147 2176 ἑξῆς
2168 2129 2249 2167 αὐτὸ
2263 2144 2377 2179 παρα-

1352 2192 1456 2244 νοίγει
1475 2195 1620 2244 μᾶλλον.
1651 2193 1770 2231 Εἰπὼν
1790 2193 1875 2244 γάρ·
1896 2191 2020 2235 Οὐδεὶς
2047 2190 2115 2244 γὰρ
2135 2193 2236 2241 ἡμῶν
2264 2192 2377 2241 ἑαυτῷ

1353 2258 1414 2306 ζῇ,
1434 2256 1492 2292 καὶ
1513 2255 1620 2297 οὐδεὶς
1641 2257 1753 2305 ἑαυτῷ
1772 2254 2006 2299 ἀποθνήσκει·
2029 2252 2088 2290 ἐάν
2109 2268 2146 2289 τε
2167 2252 2234 2303 γὰρ
2253 2253 2377 2300 ζῶμεν,

1353 2318 1402 2366 τῷ
1423 2314 1542 2366 Κυρίῳ
1563 2317 1694 2364 ζῶμεν·
1717 2314 1774 2351 ἐάν
1806 2329 1843 2350 τε
1865 2312 2154 2361 ἀποθνήσκωμεν,
2182 2313 2231 2362 τῷ
2261 2308 2378 2360 Κυρίῳ

1355 2375 1621 2424 ἀποθνήσκομεν
1637 2389 1645 2396 ·
1663 2373 1870 2424 σαφέστερον
1887 2373 1946 2409 καὶ
1963 2372 2019 2410 διὰ
2031 2370 2162 2408 τούτων
2179 2369 2260 2407 αὐτὸ
2276 2384 2381 2420 παρε-

1357 2435 1522 2481 δήλωσεν.
1543 2433 1587 2471 ‘O
1623 2433 1690 2484 γὰρ
1728 2436 1778 2485 τῷ
1811 2433 1906 2485 νόμῳ
1942 2436 2020 2478 ζῶν,
2051 2435 2125 2474 πῶς
2156 2430 2297 2468 δύναται
2330 2431 2380 2480 τῷ

1356 2498 1498 2548 Χριστῷ
1516 2498 1599 2546 ζῇν;
1622 2494 1701 2532 ιὈὐ
1727 2500 1826 2533 τοῦτο
1856 2494 1890 2531 δὲ
1913 2493 2014 2544 μόνον
2047 2493 2102 2531 διὰ
2121 2492 2249 2530 τούτων
2269 2507 2382 2529 κατα-

1358 2556 1515 2600 σκευάζει
1532 2585 1540 2603 ,
1573 2555 1662 2593 ἀλλὰ
1683 2555 1742 2593 καὶ
1762 2555 1818 2592 τὸν
1839 2554 2059 2605 ἐπειγόμενον
2093 2555 2140 2596 εἷς
2160 2552 2221 2598 τὴν
2243 2550 2380 2589 ἐκείνων

1360 2617 1538 2669 διόρθωσιν
1571 2615 1732 2667 κατέχει,
1763 2615 1822 2654 καὶ
1842 2614 1952 2653 πείθει
1984 2617 2233 2665 μακροθυμεῖν,
2253 2610 2383 2654 δεικνὺς

1360 2678 1412 2716 ὅτι
1433 2677 1613 2729 ἀμήχανον
1632 2677 1689 2714 τὸν
1706 2676 1796 2715 Θεὸν
1811 2678 2071 2727 καταφρονῆσαι
2088 2676 2212 2720 αὐτῶν,
2228 2671 2317 2710 ἀλλὰ
2332 2674 2382 2723 τῷ

1362 2739 1575 2791 προσήκοντι
1595 2739 1706 2790 καιρῷ
1729 2736 1967 2789 διορθώσεται.

1424 3173 1471 3212 Τί
1491 3166 1547 3210 οὖν
1568 3174 1675 3221 ἐστιν,
1697 3168 1819 3212 Οὐδεὶς
1844 3169 1944 3219 ἡμῶν
1965 3168 2078 3220 ἑαυτῷ
2109 3169 2171 3219 ζῇ;
2192 3166 2270 3205 Οὐκ
2287 3164 2388 3216 ἐσμὲν

313 3248 440 3283 vivit?
470 3243 592 3282 Liberi
625 3256 694 3280 non
722 3254 857 3286 sumus,
895 3238 1090 3277 Dominum
1123 3238 1295 3276 habemus
1321 3247 1344 3278 c
1370 3235 1565 3286 ἐλεύθεροι,
1581 3231 1761 3278 Δεσπότην
1782 3229 1905 3282 ἔχομεν
1927 3229 1983 3268 τὸν
2004 3229 2062 3267 καὶ
2082 3232 2141 3280 ζῇν
2157 3233 2251 3279 ἡμᾶς
2273 3225 2390 3278 βουλό-

359 3359 370 3372 0
395 3349 488 3381 Unus
503 3346 618 3380 Codex
642 3353 801 3392 ἐργάζεται
826 3350 861 3379 τὸ
885 3348 1075 3388 ζητούμενον,
1096 3349 1118 3377 εἰ
1140 3349 1315 3389 &fija-bretew-

362 3409 374 3423 ὃ
399 3399 511 3431 ἉΙΟΥΕῙ.
531 3403 655 3437 πλήττει
673 3402 820 3431 λανθάνων
836 3404 896 3431 τὸν·

1430 3343 1446 3366 b
1470 3336 1586 3371 Morel.
1599 3335 1704 3375 male,
1720 3338 1750 3369 οὐ
1770 3339 1872 3369 τοῦτον
1890 3337 1918 3367 δὲ
1937 3341 2035 3377 μόνον.
2050 3333 2141 3375 [Mox
2155 3334 2191 3365 A.
2207 3336 2394 3375 παρασκευαῖ-

1390 3400 1449 3432 ςει,
1468 3388 1582 3429 male]
