2502 3810
770 233 813 262 IN
852 232 994 262 EPIST-

126 312 236 360 ὑμῶν,
260 310 556 363 ἀνεπαχθέστερον
579 314 687 349 ποιῶν
715 312 772 350 τὸν
799 313 911 365 λόγον.
950 311 1073 350 Καίτοι
1101 309 1140 348 τὸ

125 370 187 420 μὲν
208 370 416 421 ἀκαθαρσία,
443 371 483 409 τὸ
508 371 543 409 δὲ
573 371 762 422 ἁγιασμός·
789 373 828 411 τὸ
849 373 909 423 μὲν
931 371 1057 422 ἀνομία
1072 401 1081 419 ,
1101 370 1140 408 τὸ

124 429 159 467 δὲ
179 429 393 476 δικαιοσύνη.
424 431 493 469 Καὶ
510 431 561 476 τίς
580 431 687 475 οὕτως
703 432 818 476 ἅθλιος
834 432 892 470 καὶ
907 432 1139 484 ταλαίπωρος,

122 492 168 532 ὡς
184 489 270 540 μηδὲ
286 490 453 538 τοσαύτην
471 494 672 544 εἰσενεγκεῖν
688 493 838 540 σπουδὴν
855 496 897 544 τῇ
913 497 971 530 τοῦ
984 491 1140 543 Χριστοῦ

125 550 260 602 δουλεία
277 581 286 598 ,
318 550 400 597 ὅσην
430 556 472 603 τῇ
504 556 565 599 τῆς
597 553 770 604 ἁμαρτίας
791 553 928 590 καὶτοῦ
954 551 1140 599 διαὸόλου5

124 613 257 649 Οὐκοῦν
279 612 426 650 ἄκουσον
443 615 511 657 τῶν
534 613 631 661 ἑξῆς,
657 614 716 652 καὶ
733 614 808 665 ε’ίσῃ
825 617 943 666 σαφῶς
959 643 969 661 ,
993 612 1046 651 ὅτι
1066 610 1141 650 οὐδὲ

123 671 162 709 τὸ
182 672 304 724 μικρὸν
320 677 421 711 τοῦτο
435 674 649 725 εἷο-φέρομεν.
669 673 816 720 Ἐπειδὴ
836 673 903 725 γὰρ
917 673 1037 714 ἁπλῶς
1052 670 1141 708 οὕτω

122 732 304 783 λεγόμενον
325 735 385 771 οὐκ
401 733 511 772 ἐδόκει
536 734 655 772 πιστὸν
678 729 764 772 εἶναι
780 733 855 772 οὐδὲ
874 732 1140 784 εὐπαράδεκτον,

410 810 462 837 τις
487 795 650 840 ἀκοῦσαι,
678 794 731 832 ὅτι
755 796 791 832 οὐ
815 793 1141 831 δουλεύειτοσοῧτον

125 854 173 902 τῷ
198 853 338 904 Χριστῷ
355 882 364 900 ,
399 852 477 891 ὅσον
510 853 688 892 ἐδούλευσε
716 856 765 904 τῷ
793 853 961 904 διαὸόλῳ,
990 853 1045 889 ’διὰ
1072 854 1141 889 τῶν

125 912 201 958 ἓξῆς
223 913 307 950 αὐτὸ
330 914 579 956 κατασκευάζει
608 913 667 951 καὶ
695 919 786 950 ποιεῖ
812 912 950 959 πιστὸν,
976 911 1040 958 τὴν
1065 913 1142 948 δου-

124 972 249 1010 λείαν
234 972 368 1019 εκείνην
389 972 479 1023 ἄγων
501 974 548 1015 εἰς
564 987 683 1023 μεσον,
703 971 761 1010 καὶ
776 971 886 1022 λέγων
901 988 976 1014 πως
989 971 1141 1008 ἐδούλευ-

124 791 199 829 οὖῗὲ
225 792 384 844 ἠνείχετό

125 1047 201 1069 σαν.
231 1032 320 1093 ‘LO-ce
335 1032 401 1083 γὰρ
416 1037 459 1079 ἠτ
462 1048 477 1070 ε
493 1034 624 1080 δοῦλοι,
642 1032 744 1083 φησὶ,
764 1048 826 1078 της
841 1031 1026 1082 ἁμαρτίας,
1045 1029 1142 1068 ἐλεύ-

123 1093 213 1142 θεροι
229 1107 290 1136 ητε
309 1094 352 1141 τῇ
369 1093 582 1142 δικαιοσύνῃ.
613 1091 698 1129 o“O
680 1091 716 1129 οὲ
732 1090 843 1142 λέγει,
863 1090 1016 1128 τοιουτόν
1035 1105 1140 1127 εστιν·

122 1153 176 1188 ὅτε
201 1166 233 1187 εν
250 1151 397 1202 πονηρίᾳ
414 1153 512 1197 εζῆτε
526 1151 585 1188 καὶ
600 1150 741 1189 ἇσεὸεία
758 1151 817 1188 καὶ
833 1150 993 1202 ἐσχάτοις
1007 1155 1139 1198 κακοῖς,

123 1210 211 1260 μετὰ
229 1209 398 1257 τοσαύτης
420 1212 518 1257 ἐζῆτε
535 1226 598 1256 της
613 1212 785 1257 ὑπακοης,
805 1213 851 1254 ὡς
867 1209 955 1261 μηδὲ
957 1226 974 1247 ν
992 1209 1139 1248 καθόλου

122 1270 286 1323 πράττειν
308 1271 426 1309 καλόν.
451 1273 565 1309 Τουτο
586 1270 653 1323 γάρ
668 1272 773 1319 ἐστιν,
791 1270 989 1322 Ἐλεύθεροι
1008 1275 1070 1317 ἠτε
1096 1287 1139 1321 τῃ

123 1330 345 1382 δικαιοσύνῃ
365 1346 563 1379 τουτεστιν,
586 1346 648 1370 ουκ
670 1335 732 1378 ἠτε
747 1331 1020 1383 υποτεταγμένοι
1036 1346 1140 1382 αυτῃ,

123 1393 198 1429 ἀλλ’
222 1391 494 1442 ἠλλοτριωμένοι
511 1391 674 1430 καθόλου.
697 1391 789 1431 Ουδὲ
804 1391 871 1444 γὰρ
889 1391 1063 1442 διενέμετε
1078 1408 1141 1438 της

123 1451 277 1494 δουλείας
300 1452 356 1490 τὸν
385 1451 510 1502 τρόπον
533 1455 576 1502 τῇ
597 1451 795 1503 δικαιοσύνῃ
819 1452 879 1490 καὶ
901 1456 943 1503 τῇ
965 1451 1140 1504 ἁμαρτίᾳ,

124 1514 199 1550 ἀλλ’
220 1510 319 1555 ὅλους
341 1511 480 1556 ἑαυτοὺς
497 1512 662 1556 ἐξεδίδοτε
675 1515 718 1562 τῆ
736 1512 897 1564 πονηρία.
931 1515 1066 1550 Οὐκοῦν
1082 1511 1141 1549 καὶ

122 1577 192 1618 νυν,
222 1572 341 1619 ἐπειδὴ
375 1573 565 1623 υ.ετε’στητε
589 1588 676 1624 προς
704 1573 766 1620 τὴν
791 1572 1023 1621 δικαιοσύνην,
1044 1571 1141 1615 ὅλους

125 1632 262 1676 ἑαυτούς
285 1633 401 1671 ἔκδοτε
429 1637 470 1685 τ7]
499 1635 626 1685 ἀρετῃ,
646 1633 752 1684 μηδὲν
777 1634 924 1671 καθόλου
939 1649 1001 1679 της
1017 1632 1142 1675 κακίας

124 1692 333 1743 πράττοντες
346 1723 356 1741 ,
387 1709 441 1731 ινα
461 1693 524 1731 κᾶν
540 1693 612 1732 ἰ’σον
630 1693 821 1739 ἐπιδείξητε
840 1694 879 1732 τὸ
896 1693 1033 1744 μέτρον.
1053 1692 1141 1731 Καί-

123 1768 176 1790 τοι
196 1769 232 1804 γε
251 1754 326 1805 οὐχὶ
341 1757 403 1800 τῆς
420 1753 619 1797 δεσποτείας
635 1754 722 1792 πολὺ
739 1754 778 1792 τὸ
795 1754 898 1805 μέσον
917 1754 1032 1804 μόνον,
1051 1752 1142 1792 ἀλλὰ

124 1814 183 1851 καὶ
211 1819 272 1861 τῆς
298 1815 452 1859 δουλείας
481 1817 587 1862 αὐτῆς
605 1814 692 1854 πολὺ
714 1816 754 1854 τὸ
773 1816 953 1868 διάφορον·
976 1816 1061 1867 ὅπερ
1082 1814 1142 1853 καὶ

124 1875 205 1912 αὐτὸ
235 1875 322 1926 μετὰ
353 1878 485 1922 πολλῆς
506 1878 654 1914 ἀναπλοῖ
673 1880 735 1923 τῆς
755 1877 963 1928 σαφηνείας,
991 1876 1047 1914 καὶ
1071 1875 1141 1913 δεί-

123 1952 240 1974 κνυσιν
263 1937 320 1975 ἐπὶ
346 1937 416 1975 τίσι
443 1937 521 1975 τότε
540 1936 728 1984 ἐδούλευον,
749 1938 806 1976 ἐπὶ
821 1937 892 1975 τίσι
912 1937 946 1975 δὲ
967 1942 1037 1975 νῦν.
1070 1936 1141 1975 Καὶ

123 1996 219 2034 οὔπω
237 1997 330 2047 λέγει
349 1996 412 2043 τὴν
435 1997 568 2048 βλάὸην
587 1997 650 2044 τὴν
670 1998 812 2036 ἀπὸτοῦ
828 1998 1033 2051 πράγματος
1047 2013 1141 2050 γινο-

125 2056 245 2106 μένην,
277 2058 366 2096 ἀλλὰ
388 2059 472 2102 τέως
502 2058 565 2105 τὴν
595 2058 774 2111 αἰσχύνην.
807 2059 898 2097 Τίνα
924 2059 1013 2112 γὰρ,
1043 2059 1140 2112 φησὶ,

125 2134 168 2154 κα
174 2119 256 2169 ρπὸν
269 2118 379 2170 εἴχετε
394 2119 472 2156 τότε
487 2118 541 2171 ἐφ’
556 2113 604 2163 οἷς
619 2123 677 2157 νῦν
694 2120 943 2172 ἐπαισχύνεσθε
958 2137 967 2167 ;
984 2120 1139 2168 Τοιαύτη

124 2179 190 2231 γὰρ
212 2174 252 2226 ἦν
272 2183 293 2226 ἡ
316 2179 469 2227 δουλεία,
489 2182 535 2224 ὡς
556 2180 615 2218 καὶ
635 2180 697 2228 τὴν
715 2182 908 2231 ἀνάμνησιν
927 2186 942 2202 ‘¹
955 2182 1061 2229 αὐτὴν
1081 2186 1139 2220 ν’ὗν

125 2240 292 2291 αἰσχύνην
325 2240 451 2293 φέρειν.
494 2242 539 2279 Εἰ
572 2241 607 2280 δὲ
637 2246 658 2288 ἡ
681 2242 874 2293 ἀναμνησις
900 2243 1140 2296 καταισχύνει,

122 2302 240 2351 πολλῳ
259 2303 426 2350 μᾶλλον
409 2317 429 2346 η
446 2300 579 2352 πρᾶξις.
599 2301 710 2340 ussere
728 2304 833 2353 διπλῆ
849 2319 907 2341 νυν
924 2304 1138 2356 ἐκεροάνετε,

123 2367 181 2398 καὶ
205 2362 358 2399 ἀπαλλα
347 2377 462 2412 γεντες
479 2378 542 2408 της
565 2362 752 2414 αἷσγύνης,
772 2363 831 2401 καὶ
853 2363 1050 2413 μαθόντες’
1036 2381 1070 2402 εν
1092 2370 1140 2409 οἷς

122 2424 205 2467 ἠτε·
227 2421 344 2473 ὠσπερ
366 2438 423 2460 ουν
443 2423 520 2461 τότε
541 2425 645 2475 διπλῇ
671 2441 759 2476 παρε
746 2424 980 2474 εολαπτεσθε,
1001 2427 1060 2464 καὶ
1081 2429 1140 2465 αἷ-

123 2480 251 2532 σχύνης
267 2481 346 2525 ἄξια
360 2482 581 2534 πράττοντες,
596 2484 656 2522 καὶ
671 2485 746 2524 οὐδὲ
762 2485 888 2529 εἰδότες
904 2487 1138 2539 αἰσχύνεσθαι,

124 2541 209 2593 ὅπερ
227 2546 285 2579 τοῦ
301 2543 468 2594 προτέρου
488 2546 601 2593 μεῖζον
616 2539 657 2591 ἦν
672 2560 680 2568 ·
701 2548 777 2583 ἀλλ’
794 2546 890 2597 ὅμως
905 2547 1043 2598 ἐμένετε
1063 2551 1139 2588 δου-

123 2600 290 2644 λεύοντες.
338 2603 461 2646 Δείξας
489 2603 601 2643 τοίνυν
627 2607 666 2643 ἐκ
694 2607 893 2657 περιουσίας
922 2607 984 2656 τὴν
1007 2610 1140 2661 βλάὸην

124 2677 193 2698 των
213 2662 288 2699 τότε
307 2662 498 2713 γενομένων
524 2664 592 2703 ἀπὸ
607 2681 669 2711 της
690 2666 877 2718 αἰσχύνης,
899 2669 959 2706 καὶ
980 2671 1034 2708 ἐπ’
1058 2671 1142 2709 αὐτο

124 2722 164 2760 τὸ
194 2729 341 2774 πρᾶγμα
369 2730 488 2776 χωρεῖ.
518 2725 566 2764 Τί
593 2729 650 2764 ουν
679 2731 721 2773 ἠν
743 2727 783 2765 τὸ
813 2735 981 2780 πρᾶγμα,
1003 2731 1055 2768 Τὸ
1073 2731 1141 2783 γὰρ

124 2782 218 2825 τέλος
247 2784 386 2822 ἐκείνων
412 2786 568 2830 θάνατος.
608 2786 755 2850 ’ΝΕπειδὴ
782 2788 848 2841 γὰρ
874 2793 895 2836 ἡ
926 2791 1074 2843 αἰσχύνη
1103 2794 1140 2831 οὐ

125 2843 257 2894 σφόδρα
290 2846 381 2884 δοκεῖ
412 2846 571 2899 φορτικὸν
596 2852 700 2897 εἷναι,
734 2849 790 2888 ἐπὶ
820 2850 859 2888 τὸ
883 2851 973 2889 πάνυ
998 2853 1142 2905 φοέερον

125 2903 286 2954 ἔρχεται,
314 2921 372 2943 τον
403 2907 548 2945 θάνατον
574 2908 685 2960 λέγω·
715 2910 830 2949 καίτοι
850 2928 889 2988 γε
909 2912 1008 2964 ἤρκει
1028 2929 1088 2952 και
1104 2914 1143 2952 τὸ

125 2963 316 3015 ἔμπροσθεν
342 2968 534 3019 εἰρημένον.
570 2969 757 3018 Ἐννόησον
776 2972 843 3024 γαρ
858 2973 922 3053 &obn
940 2977 1001 3021 τῆς
1018 2976 1143 3018 κακίας

125 3026 178 3068 4,‘
167 3040 230 3061 υπε
236 3025 399 3075 ροολὴ,’
381 3044 465 3066 οπου
489 3045 527 3080 γε
558 3029 617 3068 καὶ
632 3033 694 3076 τ’ῆς
710 3048 881 3085 τιαωριας
896 3033 1142 3087 δάπαλλαγέν·

126 3098 196 3129 τες,
217 3100 278 3130 της
301 3087 466 3138 αἰσχύνης
488 3089 737 3141 ἅπαλλαγηναι
753 3096 813 3131 οὐκ
833 3098 936 3146 εἰγον.
959 3097 1066 3133 Ποῖον
1086 3112 1142 3134 ουν

128 3157 235 3192 προσο
223 3144 319 3195 ἶοκας
346 3147 485 3196 αισθον,
513 3166 640 3201 φησιν,
671 3153 740 3190 ἀπο
764 3170 826 3200 της
855 3155 1033 3207 πράξεως,
1062 3155 1143 3195 ὅταν

130 3203 197 3240 ἀπο
231 3208 292 3250 τῆς
323 3221 464 3257 μνηαης
491 3210 617 3258 μόνης,
649 3212 708 3250 καὶ
739 3229 849 3253 ταυτα
882 3220 944 3263 τ7]ς
973 3216 1145 3270 τιμωρίας

174 3354 185 3367 2
213 3344 222 3384 [
246 3346 280 3376 Α.
298 3353 330 3377 et
345 3357 449 3391 marg.
467 3348 567 3382 sax-il.
586 3353 702 3394 αᾶτῆς.]

1034 230 1092 259 ΑΙ)
1129 229 1237 259 ROM.

1156 1668 1203 1695 5113

2109 210 2199 274 597

1213 322 1396 347 onerosam
1419 309 1584 347 reddens.
1609 308 1717 360 Atqui
1744 307 1836 346 illud
1861 306 2006 358 quidem
2039 307 2201 345 immun-

1212 368 1301 406 ditia
1316 399 1330 416 7
1362 369 1430 408 hoc
1448 384 1532 409 vero
1551 368 1782 407 sanctificatio
1798 384 1810 419 5
1829 367 1922 406 illud
1938 367 2120 418 iniquitas,
2134 367 2202 406 hoc

1212 443 1296 469 vero
1310 431 1462 482 justitia.
1484 430 1617 481 Ecquis
1642 430 1690 468 ita
1718 430 1823 467 miser
1852 439 1885 468 et
1913 430 2039 467 infelix
2066 438 2129 477 est,
2161 437 2202 466 ut

1213 503 1283 527 nen
1303 498 1437 527 tantam
1464 490 1499 527 in
1520 490 1653 528 Christi
1676 490 1846 529 servitute
1868 504 1991 528 curam
2017 489 2200 540 adhibeat,

1213 558 1383 598 quantam
1402 549 1438 587 in
1457 550 1627 589 servitute
1645 551 1779 602 pcccati
1818 559 1851 588 et
1884 550 2047 588 diaboli?
2080 551 2202 600 Itaque

1214 609 1300 647 audi
1315 610 1511 660 sequentia,
1529 620 1563 648 ct
1585 612 1678 648 clare
1693 611 1823 661 disces,
1837 625 1898 649 nos
1913 625 1955 649 ne
1970 612 2038 649 hoc
2055 610 2201 661 quidem

1213 669 1387 720 pusillum
1406 670 1546 708 afferre.
1569 671 1663 717 Quia
1686 671 1776 708 enim
1807 671 1899 708 illud
1923 671 1972 708 ita
1990 671 2202 723 simpliciter

1213 725 1350 764 dictum
1366 740 1436 764 non
1446 727 1638 765 videbatur
1652 728 1822 766 credibile
1836 742 1908 766 esse
1921 743 2031 779 neque
2044 738 2202 780 accepta-

1213 785 1308 833 bile,
1331 800 1394 824 nec
1421 787 1547 825 audire
1578 788 1769 838 quisquam
1799 789 2044 840 sustinuisset,
2067 805 2104 828 se
2132 804 2203 827 non

1214 855 1353 884 tantum
1374 848 1516 885 Christo
1531 849 1663 888 servire
1672 878 1682 897 7
1699 858 1872 899 quantum
1887 851 2033 889 servivit
2045 851 2202 899 diabolo,

1215 921 1261 944 ex
1279 908 1508 957 sequentibus
1524 909 1591 946 hoc
1604 909 1723 961 ipsum
1737 911 1865 962 probat
1882 921 1916 949 et
1936 912 2107 951 credibile
2122 913 2202 951 red-

1214 966 1283 1016 dit,
1303 967 1513 1005 servitutem
1526 967 1626 1005 illam
1645 968 1682 1005 in
1697 969 1857 1007 medium
1869 971 2017 1008 afferens
2028 1001 2041 1020 7
2062 982 2097 1009 et
2109 987 2202 1023 quo-

1213 1026 1321 1064 modo
1337 1026 1535 1076 servierint,
1557 1027 1691 1066 dicens.
1720 1031 1784 1067 20.
1807 1031 1904 1067 Cum
1925 1034 2027 1068 enim
2046 1036 2177 1070 essetis
2191 1062 2200 1080 ,

1214 1087 1332 1138 inquit
1342 1117 1354 1136 7
1373 1090 1475 1126 servi
1484 1092 1634 1139 peccati
1652 1119 1664 1136 ,
1688 1090 1798 1128 liberi
1814 1094 1932 1128 eratis
1936 1094 2101 1144 justitiae
2115 1108 2130 1138 ;
2163 1092 2203 1130 id

1214 1156 1287 1198 est,
1306 1161 1388 1185 cum
1407 1147 1444 1185 in
1465 1149 1624 1198 nequitia
1643 1149 1813 1189 viveretis
1827 1180 1838 1200 7
1870 1151 1907 1188 in
1927 1151 2109 1203 impietate
2124 1181 2135 1202 7
2165 1152 2203 1190 in

1213 1208 1453 1259 extremisque
1472 1209 1575 1247 malis
1586 1239 1596 1259 7
1617 1219 1714 1248 tanta
1730 1226 1812 1249 cum
1831 1211 2033 1250 ohedientia
2050 1213 2202 1252 viveba-

1213 1266 1260 1304 tis
1273 1296 1284 1316 7
1304 1276 1344 1304 ut
1360 1267 1453 1304 nihil
1469 1268 1612 1306 omnino
1631 1269 1716 1307 boni
1731 1270 1882 1321 ageretis
1899 1286 1907 1307 :
1937 1270 2003 1308 hoc
2023 1270 2119 1308 enim
2133 1271 2203 1309 sibi

1214 1327 1293 1367 vult
1311 1327 1402 1365 illud
1417 1357 1430 1378 7
1452 1330 1582 1366 Liberi
1609 1333 1727 1368 eratis
1739 1333 1905 1383 justitiae
1919 1347 1934 1376 ;
1963 1330 2004 1368 id
2022 1340 2094 1380 est,
2132 1345 2202 1370 non

1214 1387 1319 1425 eratis
1338 1387 1407 1440 ipsi
1426 1388 1576 1440 subjecti
1588 1419 1597 1439 7
1619 1390 1682 1428 sed
1704 1391 1848 1428 alienati
1871 1391 1916 1428 ab
1935 1391 1998 1429 illa
2023 1406 2168 1444 prorsus
2186 1408 2198 1442 5

1214 1463 1326 1500 neque
1342 1449 1437 1487 enim
1461 1450 1642 1490 servitutis
1669 1452 1816 1490 modum
1835 1452 2051 1491 dividebatis
2071 1453 2202 1505 partim

1210 1511 1380 1562 justitiae,
1405 1511 1537 1562 partim
1567 1522 1732 1564 peccato,
1770 1513 1831 1551 sed
1856 1527 1920 1552 vos
1948 1523 2039 1552 totos
2058 1514 2203 1551 malitiae

1213 1569 1409 1608 dedebatis.
1430 1572 1558 1622 Itaque
1571 1581 1604 1610 et
1622 1587 1717 1610 nunc
1728 1603 1741 1624 7
1763 1573 1847 1624 quia
1872 1574 1919 1612 ad
1935 1574 2114 1626 justitiam
2139 1588 2202 1613 vos

1215 1630 1471 1677 transtulistis
1489 1646 1553 1671 vos
1567 1641 1658 1670 totos
1678 1633 1806 1672 virtuti
1822 1633 1973 1685 tradite,
1994 1635 2087 1672 nihil
2105 1649 2203 1686 pror-

1167 1706 1192 1735 Α
1215 1706 1275 1730 sus
1294 1693 1438 1731 malitiae
1458 1703 1538 1745 pati
1540 1703 1660 1745 antes
1681 1704 1721 1732 ut
1742 1696 1867 1733 saltem
1881 1710 2002 1747 parem
2024 1696 2202 1734 exhibea-

1213 1753 1259 1790 tis
1281 1767 1493 1791 mensuram.
1511 1755 1622 1805 Atqui
1641 1769 1710 1793 non
1725 1764 1865 1793 tantum
1880 1755 2031 1794 dominii
2046 1757 2201 1794 multum

1214 1823 1265 1851 est
1279 1813 1468 1852 discrimen
1480 1844 1490 1863 7
1509 1815 1569 1852 sed
1588 1816 1695 1853 etiam
1718 1816 1901 1856 servitutis
1928 1817 2042 1868 ipsius
2072 1831 2202 1869 magna

1214 1883 1264 1911 est
1290 1874 1504 1912 differentia.
1530 1876 1638 1923 Quod
1671 1886 1704 1914 et
1735 1877 1854 1928 ipsum
1884 1877 2080 1916 admodum
2109 1878 2202 1915 clare

1215 1934 1390 1986 explicat,
1421 1936 1645 1987 ostenditque
1672 1936 1708 1974 in
1735 1937 1951 1988 quibusnam
1972 1947 2055 1976 tunc
2075 1938 2202 1976 obedi-

1214 2005 1312 2043 rent,
1334 1996 1373 2034 in
1392 1997 1524 2047 quibus
1540 1998 1648 2035 etiam
1662 2012 1768 2036 nune.
1790 1999 1954 2037 Necdum
1977 2009 2095 2037 tamen
2112 2000 2202 2038 dicit

1214 2055 1386 2095 damnum
1401 2057 1484 2095 inde
1500 2067 1644 2110 partum
1658 2089 1669 2108 7
1700 2060 1761 2098 sed
1779 2060 1922 2098 interim
1940 2061 2201 2113 turpitudinem

1214 2118 1385 2156 enuntiat.
1420 2120 1483 2157 21.
1517 2120 1637 2169 Quem
1667 2123 1770 2157 enim
1791 2122 1975 2173 fructum
2009 2124 2201 2160 habuistis

1215 2187 1306 2216 tunc
1328 2182 1369 2216 in
1386 2180 1484 2226 illis,
1506 2183 1645 2231 quihus
1678 2195 1780 2219 nunc
1812 2185 2033 2221 erubescitis
2052 2188 2068 2220 Ρ
2102 2184 2203 2221 Talis

1213 2239 1308 2277 enim
1327 2249 1402 2278 erat
1428 2241 1579 2279 servitus
1594 2271 1604 2290 7
1627 2251 1664 2279 ut
1691 2243 1799 2280 etiam
1817 2244 1894 2295 ejus
1914 2245 2201 2282 commemoratio

1212 2301 1385 2353 pudorem
1405 2303 1540 2340 afferat.
1567 2303 1675 2350 Quod
1695 2304 1724 2342 si
1739 2304 1814 2356 ejus
1834 2305 2121 2343 commemoratio
2136 2321 2201 2358 pu-

1212 2362 1297 2400 dore
1315 2363 1439 2412 afficit,
1460 2364 1573 2402 multo
1592 2365 1706 2415 magis
1727 2379 1816 2417 opus
1838 2366 1968 2417 ipsum.
1989 2367 2112 2417 Itaque
2126 2367 2202 2405 du-

1211 2423 1297 2474 plici
1317 2423 1422 2461 modo
1441 2438 1536 2461 nunc
1556 2425 1685 2462 lucrati
1704 2425 1788 2464 estis
1806 2455 1814 2469 ‚
1838 2439 1920 2464 cum
1948 2435 1981 2464 et
2013 2441 2033 2464 a
2067 2427 2202 2478 pudore

1211 2484 1352 2522 liberati
1366 2485 1458 2535 sitis,
1473 2494 1505 2523 et
1522 2485 1719 2523 didiceritis
1731 2486 1767 2523 in
1785 2487 1915 2537 quibus
1930 2487 2036 2524 eratis
2053 2503 2060 2524 :
2079 2502 2202 2538 quem-

1213 2545 1407 2583 admodum
1456 2546 1564 2583 etiam
1600 2554 1685 2583 tunc
1721 2546 1861 2598 duplici
1907 2547 2038 2585 damno
2084 2549 2203 2586 affecti

1212 2606 1354 2655 fuistis,
1387 2615 1420 2643 et
1439 2607 1536 2656 quod
1560 2606 1699 2658 pudore
1727 2606 1835 2657 digna
1856 2607 2027 2656 feceritis,
2054 2617 2088 2646 et
2106 2609 2203 2659 quod

1214 2682 1256 2706 ne
1268 2667 1473 2705 erubescere
1492 2667 1636 2718 quidem
1664 2667 1799 2705 sciretis
1814 2682 1826 2717 5
1857 2669 1956 2718 quod
1980 2669 2099 2720 priore
2117 2684 2202 2721 gra-

1214 2729 1296 2768 vius
1333 2738 1384 2766 est
1407 2743 1415 2765 :
1444 2737 1598 2766 attamen
1635 2729 1825 2767 servientes
1865 2730 2072 2767 manebatis.
2109 2732 2203 2770 Cum

1214 2788 1420 2828 ostendisset
1438 2803 1522 2840 ergo
1540 2788 1712 2827 damnum
1731 2789 1865 2840 grande
1876 2804 1920 2827 ex
1929 2791 2035 2842 gestis
2053 2801 2201 2830 ortuma

1214 2848 1349 2901 pudore
1361 2878 1372 2897 7
1395 2849 1440 2886 ad
1456 2849 1571 2900 ipsam
1586 2862 1660 2886 rem
1679 2849 1788 2887 venit.
1809 2849 1985 2894 Quaenam
2002 2850 2064 2887 illa
2091 2860 2165 2888 erat
2182 2852 2199 2889 ἱ)

1213 2912 1317 2949 Nam
1326 2910 1428 2962 finis
1450 2911 1608 2948 illorum
1627 2923 1728 2948 mors
1754 2920 1824 2948 est.
1850 2910 1943 2956 Quia
1971 2911 2066 2949 enim
2086 2911 2202 2964 pudor

1215 2986 1283 3010 non
1302 2971 1497 3009 admodum
1523 2986 1690 3010 onerosus
1717 2985 1790 3009 csse
1809 2972 1964 3021 videtur,
1984 2972 2030 3009 ad
2049 2972 2088 3010 id
2107 2972 2203 3023 quod

1215 3032 1323 3072 valde
1353 3033 1512 3071 terribile
1545 3043 1595 3071 est
1626 3033 1763 3070 accedit
1780 3063 1790 3083 7
1828 3034 1875 3071 ad
1909 3044 2060 3072 mortem
2091 3034 2171 3072 dico
2193 3051 2202 3071 :

1216 3093 1382 3145 quamvis
1401 3094 1484 3131 satis
1498 3103 1587 3131 esset
1605 3093 1642 3131 id
1653 3123 1662 3142 7
1683 3093 1780 3144 quod
1802 3094 1902 3145 prius
1918 3094 2055 3132 dictum
2071 3095 2200 3134 fuerat.

1219 3156 1343 3207 Cogita
1359 3156 1452 3194 enim
1465 3165 1637 3206 quantum
1654 3165 1741 3193 esset
1757 3155 1900 3193 malitiae
1918 3156 2074 3205 culmen,
2092 3171 2204 3207 quan-

1220 3216 1267 3255 do
1286 3232 1306 3255 a
1325 3217 1501 3269 supplicio
1520 3216 1680 3266 liberati,
1700 3231 1719 3254 a
1735 3216 1870 3268 pudore
1890 3217 2034 3265 libcrari
2051 3232 2118 3257 non
2142 3233 2204 3270 po-

1276 228 1429 261 HOMlL·
1473 230 1552 260 XII.

1247 3360 1261 3382 b
1287 3358 1341 3398 [A.
1363 3357 1618 3400 ἀπηλλαγμ.ε’νοι.]
