2466 3805
306 194 397 249 244
758 204 795 233 s.
829 202 1005 233 sommis
1042 199 1281 230 cunrsosr.
1322 197 1523 226 metune.
1561 198 1910 231 CONSTANTINOP.

302 287 397 337 quod
418 284 620 323 credidisset
639 283 909 335 gpraedicantem
928 294 1012 317 vero
1026 293 1095 317 non
1117 279 1278 316 tulissent

301 358 444 400 propter
479 347 603 384 odium
621 361 627 381 :
649 354 682 382 et
701 344 824 395 procul
854 343 984 393 migrat
1002 341 1064 379 uhi
1083 350 1187 378 notus
1208 353 1276 376 non

300 419 383 448 erat.
406 409 525 446 Primo
559 419 701 456 magum
734 403 915 453 redarguit
934 432 946 452 ,
983 411 1017 439 et
1046 401 1161 452 qualis
1190 409 1277 438 esset

300 470 461 521 aperuit:
485 466 649 517 quodque
689 465 769 502 talis
789 473 890 513 esset,
928 463 1070 514 signum
1096 462 1274 515 probavit.

300 531 374 567 Hoc
395 529 534 579 signum
548 535 620 564 erat
635 526 709 577 ejus
725 524 849 562 animae
868 524 1046 563 caecitatis.
1063 523 1120 561 Ad
1137 533 1276 576 tempus

298 590 444 640 patitur,
466 597 504 624 ut
526 585 766 638 poenitentiam
787 594 879 636 agat.
897 585 990 623 Bene
1009 594 1127 622 autem
1141 584 1178 622 in
1195 584 1275 622 sab-

296 651 378 687 bato
392 647 523 686 Paulus
534 646 680 684 intravit
693 646 729 683 in
749 659 981 698 synagogam,
999 645 1141 696 quando
1157 660 1276 683 omnes

298 706 497 757 congregati
521 715 630 743 erant.
652 706 713 744 15.
733 707 786 742 Et
796 714 882 757 post
897 706 1113 755 lectionem,
1147 704 1273 756 inquit,

298 765 390 815 Iegis
403 773 439 801 et
449 765 738 815 prophetarum,
757 766 941 801 miserunt
950 766 1140 815 principes
1155 777 1276 812 syna-

295 838 412 875 gogoe,
441 825 634 861 dicentes:
662 825 743 861 Viri
766 827 934 876 fratres,
959 826 992 862 si
1020 833 1076 862 est
1101 827 1142 861 in
1164 826 1276 862 vobis

294 896 417 920 sermo
433 885 714 921 exhortationis
735 884 788 920 ad
799 884 982 934 populum
1000 912 1011 932 ,
1044 883 1170 920 dicite.
1181 882 1277 921 Vide

294 945 373 983 illos
390 955 471 983 tunc
489 945 562 983 sine
588 944 725 983 invidia
745 945 883 996 copiam
900 945 1026 993 facere;
1047 953 1167 995 postea
1191 957 1276 982 vero

294 1020 364 1044 non
390 1007 488 1044 item.
517 1007 554 1044 Si
583 1006 651 1044 hoc
685 1005 885 1043 voluissetis
905 1035 914 1053 ,
948 1005 1060 1055 magis
1091 1005 1275 1057 oportebat

294 1068 486 1105 exhortari.
505 1068 590 1111 Sed,
609 1082 628 1105 o
656 1067 877 1119 principatus
892 1081 1047 1104 amorem
1065 1065 1074 1105 ἔ
1097 1081 1117 1104 o
1146 1080 1275 1104 vanam

295 1129 443 1179 gloriam
473 1129 481 1168 I
513 1128 689 1178 quomodo
720 1128 837 1166 omnia
871 1127 1048 1165 subvertit
1066 1137 1099 1165 et
1127 1127 1273 1179 perdit:

295 1198 413 1226 contra
436 1189 638 1241 propriam,
676 1198 794 1226 contra
816 1198 977 1225 mutuam
1014 1188 1163 1225 salutem
1184 1197 1275 1226 stare

294 1249 416 1286 suadet
431 1265 438 1285 :
456 1250 505 1287 ita
525 1263 634 1287 caecos
650 1249 770 1296 efficit,
803 1258 842 1286 ut
859 1249 1023 1286 ductores
1056 1258 1270 1299 quaerantur.

294 1310 440 1348 Utinam
460 1310 584 1348 saltem
598 1310 679 1360 hoc,
703 1310 839 1347 utinam
858 1310 981 1347 saltem
1000 1309 1163 1347 ductores
1178 1324 1274 1359 quae-

292 1379 406 1407 rerent
431 1386 437 1406 :
462 1384 586 1408 verum
612 1370 681 1408 hoc
699 1384 767 1407 non
783 1378 944 1420 quaerunt
959 1399 969 1418 ,
1003 1369 1065 1407 sed
1096 1369 1165 1407 sibi
1186 1369 1272 1421 ipsis

292 1440 407 1469 totum
437 1432 672 1469 committunt.
712 1431 896 1469 Neminem
923 1431 984 1468 ille
1008 1431 1092 1468 sinit
1125 1430 1270 1468 videre:

291 1492 383 1529 sicut
408 1492 521 1543 caligo
543 1501 577 1529 et
600 1492 727 1530 nebula
743 1492 890 1543 ingruit,
908 1505 970 1529 nec
985 1491 1067 1528 sinit
1087 1491 1268 1543 inspicere.

164 1569 279 1597 Vitium
293 1554 408 1600 Quam
437 1552 675 1590 defensionem
706 1552 937 1601 habebimus,
965 1552 1023 1602 qui
1045 1566 1106 1604 per
1141 1552 1268 1590 vitium

92 1609 247 1646 atiquando
290 1613 381 1651 illud
396 1629 419 1651 x
425 1614 525 1651 itium
544 1613 641 1650 aliud
661 1627 879 1665 superamus,
900 1613 959 1650 sed
984 1627 1057 1651 non
1088 1627 1152 1664 per
1165 1613 1269 1651 timo—

91 1650 170 1679 aliud

91 1694 162 1719 ,ium
193 1703 276 1730 supe
291 1689 366 1712 lem
393 1675 486 1712 Dei.
478 1675 494 1700 ³
515 1675 626 1714 Υε1111
649 1674 776 1741 glatia,
802 1675 907 1712 multi
938 1674 998 1724 qui
1023 1674 1130 1711 simul
1146 1675 1271 1713 lascixi

90 1738 144 1760 rat.

291 1745 325 1773 et
343 1751 386 1774 ax
389 1737 440 1774 aii
459 1745 570 1784 erant,
596 1750 658 1787 per
682 1736 936 1787 pa1simoniam
952 1735 1134 1772 lasciviam
1163 1750 1269 1787 supe-

289 1807 437 1845 rarunt;
466 1796 527 1833 alii
548 1805 667 1833 contra
698 1810 742 1833 ex
766 1795 909 1834 lascivia
929 1796 1096 1847 pecunias
1115 1805 1270 1834 contem-

287 1867 420 1895 serunt.
446 1859 603 1895 Rursum
621 1857 683 1893 alii
704 1871 795 1895 vana
810 1857 921 1907 gloria
941 1857 1050 1909 capti,
1083 1857 1188 1895 ambo
1208 1858 1270 1895 illa

288 1918 375 1955 vitia
386 1927 620 1970 prostravere,
646 1917 811 1969 pecunias
828 1917 902 1954 sinc
920 1916 1025 1954 modo
1038 1917 1267 1969 insumentes,

287 1988 319 2016 et
338 1980 468 2016 frustra
496 1978 711 2016 continentes
733 1978 819 2015 :alii
849 1993 992 2016 rursum
1021 1993 1120 2016 vanae
1149 1980 1269 2031 gloriae

286 2038 480 2077 admodum
494 2038 630 2092 cupidi,
645 2039 712 2077 hoc
724 2039 853 2077 vitium
869 2048 1140 2090 contemserunt,
1156 2040 1269 2077 multa

285 2099 379 2137 foeda
396 2101 491 2153 passi
512 2110 545 2137 et
563 2109 706 2152 propter
719 2113 852 2137 amores
871 2109 904 2138 et
924 2109 1069 2152 propter
1087 2101 1265 2152 pecunias:
1310 2113 1315 2120 ·

288 2161 348 2198 alii
367 2177 511 2199 rursum
529 2171 568 2198 ut
604 2162 693 2198 iram
714 2161 895 2212 explerent
933 2175 1048 2211 suam,
1082 2162 1267 2199 innumera

287 2222 418 2259 damna
437 2222 589 2271 subiere,
617 2231 650 2258 et
676 2222 766 2258 nihil
784 2221 883 2258 aliud
916 2231 1142 2272 curaverunt,
1161 2237 1269 2272 quam

289 2292 327 2319 ut
342 2284 561 2320 voluntatem
582 2296 682 2319 suam
706 2281 750 2319 ad
775 2282 937 2318 effectum
971 2281 1194 2320 deducerent.
1221 2284 1269 2321 Et

288 2343 383 2394 quod
413 2344 528 2395 passio
550 2343 681 2395 potuit,
703 2357 771 2380 11011
793 2343 908 2394 potuit
931 2342 1028 2394 apud
1053 2358 1115 2381 nos
1135 2345 1200 2382 Dei
1219 2345 1267 2382 ti-

288 2418 378 2442 mor.
404 2405 451 2442 Et
469 2405 556 2455 quid
584 2405 782 2456 passionem
801 2404 879 2441 dico
896 2404 912 2440 Ρ
932 2403 1038 2450 Quod
1056 2405 1171 2456 pudor
1198 2406 1267 2442 hu-

287 2479 412 2503 manus
428 2474 553 2517 potest,
569 2479 637 2502 non
654 2474 766 2516 potest
783 2465 848 2502 Dei
867 2465 982 2503 timor.
997 2467 1110 2504 Multa
1130 2476 1162 2505 et
1180 2479 1270 2507 recte

287 2527 437 2564 facimus
456 2535 488 2563 et
503 2541 688 2578 peccamus
699 2541 770 2578 prae
787 2527 971 2564 hominum
990 2527 1136 2579 pudore3
1155 2531 1269 2568 Deum

286 2601 368 2624 vero
385 2602 453 2624 non
475 2587 650 2625 timemus.
675 2589 771 2634 Quot
790 2602 860 2639 prae
879 2589 1014 2640 pudore
1034 2603 1117 2641 opes
1136 2591 1272 2629 effude—

286 2658 369 2686 runt
386 2648 402 2685 {³
421 2657 507 2698 quot
530 2648 661 2685 frustra
677 2648 876 2685 ambierunt
897 2649 978 2686 ami‹
992 2650 1020 2687 is
1039 2651 1074 2687 in
1089 2651 1183 2687 malo
1197 2666 1268 2689 ser-

285 2710 418 2746 vientes
434 2709 450 2746 9

285 2770 540 2821 peccaverunt?

479 2718 564 2758 quot
598 2709 633 2746 in
670 2709 864 2747 amicorum
895 2711 1046 2762 gratiam
1077 2712 1268 2764 saepissime

337 2831 372 2866 5.
403 2829 441 2868 Si
457 2843 540 2880 ergo
565 2838 598 2866 et
626 2829 771 2867 affectus
785 2838 818 2866 et
834 2830 949 2881 pudor
964 2830 1142 2870 humanus
1160 2842 1193 2870 et
1219 2834 1265 2872 ad
1289 2866 1298 2871 -

283 2901 424 2943 peccata
452 2900 484 2928 et
506 2890 551 2928 ad
568 2891 661 2928 bona
690 2904 793 2942 opera
811 2904 873 2928 nos
898 2902 1042 2943 possunt
1064 2893 1230 2932 inducere
1248 2926 1260 2945 ,

281 2946 411 2989 frustra
429 2952 583 2989 dicimus
601 2965 664 2989 nos
684 2965 751 2988 non
768 2965 869 3003 posse
884 2967 892 2988 ε
907 2966 1094 3003 possumus
1112 2955 1216 3004 enim,
1232 2956 1260 2994 si

282 3013 447 3051 volumus
458 3029 469 3063 3
492 3013 584 3051 velle
602 3021 734 3063 autem,
750 3027 869 3050 omnes
889 3023 1038 3066 oportet.
1058 3016 1126 3053 Dic
1141 3018 1229 3055 1111111
1252 3035 1259 3054 :

281 3088 344 3110 cur
360 3088 428 3111 non
445 3082 544 3125 potes
561 3074 710 3125 gloriam
728 3074 887 3123 vincere,
916 3089 998 3112 cum
1024 3076 1083 3113 alii
1100 3078 1260 3116 camdem

278 3135 446 3185 animam,
463 3135 558 3172 idem
581 3149 722 3187 corpus,
740 3135 899 3173 eamdem
919 3136 1084 3187 formffln,
1099 3139 1260 3178 eamdem

318 3264 334 3286 b
358 3262 418 3294 Alii
436 3268 554 3306 ἤλεγχε.

315 3321 327 3333 ⁰
351 3313 495 3354 Quidam
514 3318 624 3358 πῆραι),-

651 3319 740 3352 Eum,-
765 3321 825 3348 καί.
854 3316 976 3357 [Paulo
1001 3326 1078 3350 unte
1108 3321 1288 3361 recepimus

271 3370 401 3404 οἱιείαςε
412 3365 511 3398 savit.
531 3372 563 3396 et
574 3367 609 3396 Α.
623 3367 658 3398 Β.
671 3367 708 3398 C.
720 3366 906 3410 Legebatur
921 3374 1022 3409 οῑιίας,
1035 3369 1236 3413 quodhabet
1247 3372 1286 3403 D·

1350 275 1578 328 κηρύτῖῦντος
1600 278 1635 316 85
1655 283 1717 317 Οὐκ
1742 280 1782 318 ἂν
1813 281 2045 333 ηνέσγΟΨῑὋ
2027 282 2082 320 Gt&
2109 298 2148 320 ’ΞΟ
2176 298 2287 333 μ’σῡς“
2313 299 2372 320 και

2196 343 2372 395 ΠρΟῗΞρΟν

1349 394 1448 442 ῧῆλέ
1438 397 1495 446 Ιξε
1514 414 1571 436 τον
1590 415 1698 451 μαγον
1722 417 1814 444 Οσῖῐς
1829 405 1892 448 ἣν·
1919 417 1978 439 και
2004 418 2056 439 (ἔτι
2077 418 2226 446 ’nominoe
2253 407 2308 451 ἦν,
2334 419 2374 441 ΤΟ

1350 336 1469 388 πῡρρω
1510 353 1672 387 animust,
1698 339 1779 378 ἔνθα
1811 357 1984 394 γνωρῑμθς
2017 358 2078 380 ΟυΥ.
2111 346 2163 389 ἠν.

1350 464 1493 507 σημεῖον
1523 460 1576 497 ἕδε
1582 460 1670 498 ίκνυ.
1697 463 1752 499 Γ
1731 477 1772 508 νς
1801 464 1834 500 ἐν
1855 465 1897 513 τῇ
1927 465 2022 514 ψυχῇ
2041 463 2250 514 τυφλότητος
2274 468 2374 502 τοῦτο

1349 525 1492 569 σημεῖον
1509 514 1563 566 ἦν.
1580 519 1680 573 Ἄχρι
1701 521 1737 559 δὲ
1768 527 1887 575 καιροῦ
1908 523 2058 574 πάσχει,
2084 522 2173 560 ὥστε
2202 526 2373 572 μετανοῆ-

1350 595 1419 617 σαι,
1442 582 1566 623 Καλῶς
1582 581 1617 620 δὲ
1635 585 1684 635 τῷ
1704 582 1870 635 σαὸὅάτῳ
1891 585 2048 628 εἰσῆλθον
2068 585 2115 626 εἷς
2129 583 2193 629 τὴν
2212 599 2372 634 συναγω-

1349 640 1426 692 γὴν,
1445 641 1503 680 ὅτε
1525 642 1651 686 πάντες
1677 638 1766 690 ἦσαν
1800 644 2067 695 συνειλεγμένοι.
2099 645 2169 682 Καὶ
2198 644 2286 695 μετὰ
2309 644 2371 692 τὴν

1350 703 1544 754 ἀνάγνωσιν
1559 709 1617 743 τοῦ
1632 705 1737 754 νόμου
1753 706 1812 744 καὶ
1828 708 1896 743 τῶν
1917 709 2117 758 προφητῶν,
2138 706 2255 758 φησὶν,
2277 706 2371 744 ἀπέ-

1350 766 1488 802 στειλαν
1503 767 1533 803 οἱ
1552 767 1849 818 ἀρχισυνάγωγοι,
1865 767 2022 817 λέγοντες
2034 782 2041 789 ·
2063 767 2183 818 ἄνδρες
2207 767 2369 819 ἀδελφοὶ,

1350 826 1380 862 εἷ
1399 824 1458 863 ἔστ
1463 825 1614 876 ιλόμρς
1600 842 1634 863 εν
1654 830 1734 877 υμῖν
1751 827 2007 878 παρακλήσεως
2022 827 2107 880 πρὸς
2125 827 2181 865 τὸν
2198 828 2295 875 λαὸν,
2314 828 2371 865 λέ-

1350 902 1439 963 γετε.
1455 886 1550 938 υΟρα
1566 903 1687 931 αυτους
1699 888 1852 940 ἀφθόνως
1864 888 1941 926 τότε
1958 894 2082 927 τοῦτο
2072 893 2288 939 ποιοῦντας,
2284 888 2370 927 μετὰ

1350 946 1385 985 δε
1398 952 1456 986 τοῦ
1459 963 1497 985 το
1510 950 1570 985 οὐκ
1585 950 1646 986 ἔτι.
1660 951 1702 987 Εἰ
1712 955 1812 988 τοῦτο
1824 949 1926 988 ἐοούλ
1929 953 2018 997 εσθε,
2034 951 2128 1000 μᾶλλ
2130 966 2164 987 ον
2177 950 2268 987 ἔδει
2257 965 2371 1002 παρα-

1349 1008 1434 1046 καλ’
1419 1024 1507 1047 εσαι.
1518 1009 1610 1047 Am?
1612 1026 1658 1057 ,ω
1672 1013 1734 1056 τῆς
1748 1012 1807 1062 φιλ
1800 1011 1946 1064 αργίας
1962 1011 1989 1047 ὢ
2003 1027 2064 1057 της
2077 1009 2281 1057 κενοδοξίας,
2297 1013 2372 1054 πῶς

1349 1070 1464 1108 πάντα
1477 1070 1664 1123 ἀνατρεπει
1680 1087 1738 1109 και
1751 1072 1932 1110 &andnum-
1946 1072 2037 1110 κατὰ
2048 1089 2110 1119 της
2126 1071 2266 1120 οἰκείας,
2280 1072 2371 1110 κατὰ

1349 1135 1410 1177 τῆς
1422 1132 1580 1179 ἀλλήλων
1595 1133 1767 1186 σωτηρίας
1778 1133 1919 1172 ἑστάναι
1931 1134 2201 1186 παρασκευάζει·
2218 1138 2287 1180 οπη
2295 1132 2370 1185 ροὺς

1349 1192 1438 1230 οὕτω
1458 1193 1516 1231 καὶ
1534 1193 1682 1246 τυφλοὺς
1705 1194 1910 1245 ἐργάζεται,
1939 1193 2028 1232 ὥστε
2048 1195 2107 1232 καὶ
2132 1193 2370 1247 χειραγωγοὺς

1348 1256 1478 1300 ζητεῖν.
1497 1255 1580 1293 Εἴθε
1599 1254 1662 1293 κᾶν
1682 1259 1783 1293 τοῦτο
1796 1286 1805 1303 ,
1827 1255 1894 1293 εἴθε
1926 1255 1989 1293 κᾶν
2018 1255 2253 1307 χειραγωγοὺς
2284 1256 2368 1301 ἐζή-

1347 1329 1444 1351 τουν·
1479 1317 1554 1353 ἀλλ’
1577 1318 1639 1353 οὐκ
1659 1315 1709 1353 ἔτι
1731 1315 1851 1354 τούτου
1881 1315 2089 1367 ἀνέχονται,
2123 1317 2198 1353 ἀλλ’
2236 1318 2369 1358 ἑαυτοῖς

1347 1376 1570 1428 ἐπιτρέπουσι
1596 1377 1634 1414 τὸ
1661 1384 1742 1415 πᾶν.
1759 1377 1896 1415 Οὐδένα
1922 1376 2062 1429 ἀφίησιν
2087 1378 2189 1415 ἷδεῐν·
2210 1377 2368 1429 καθάπερ

1347 1435 1454 1489 ἀχλὺς
1482 1437 1673 1476 ἐπιτίθεται
1701 1438 1761 1476 καὶ
1790 1438 1906 1489 ζόφος,
1938 1441 1998 1476 οὐκ
2031 1438 2141 1490 ἀφιεὶς
2161 1438 2362 1490 ὃιαὸλέψαι.

1346 1498 1455 1536 Ποίαν
1477 1499 1594 1549 ἕξομεν
1615 1499 1803 1550 ἀπολογίαν
1831 1499 1887 1537 διὰ
1914 1500 2022 1544 πάθος
2041 1500 2172 1541 πάθους
2195 1504 2365 1552 κρατοῦν-

1344 1574 1417 1602 τες·
1439 1559 1495 1597 διὰ
1512 1560 1547 1598 δὲ
1561 1560 1617 1597 τὸν
1638 1563 1697 1597 τοῦ
1718 1562 1810 1599 Θεοῦ
1826 1560 1928 1612 φόὸον
1949 1562 2009 1598 οὐκ
2035 1561 2106 1607 ἔτι,
2122 1555 2222 1606 Οἷον,
2241 1559 2364 1598 πολλοὶ

1345 1621 1501 1670 ἀσελγεῖς
1519 1621 1611 1664 ὄντες
1629 1621 1688 1658 καὶ
1708 1621 1979 1672 φιλοχρήματοι,
1996 1621 2052 1658 διὰ
2071 1621 2133 1667 τὴν
2149 1624 2216 1658 τῶν
2227 1619 2367 1672 χρημά-

1344 1696 1411 1717 των
1428 1681 1611 1732 ’ρειδωλίαν
1628 1681 1845 1732 ἐχαλίνωσαν
1863 1681 1926 1727 τὴν
1945 1681 2088 1727 ἡδονήν·
2110 1682 2208 1719 ἄλλοι
2228 1684 2366 1719 τούναν-

1344 1741 1430 1788 τίον,
1459 1742 1515 1779 διὰ
1542 1741 1605 1788 τὴν
1625 1741 1750 1789 ἡδονὴν
1776 1743 1953 1794 ὑπερεῖδον
1973 1741 2180 1794 χρημάτων.
2200 1742 2315 1780 Πάλιν
2334 1745 2366 1780 οἱ

1343 1803 1539 1854 ’ἡττώμενοι
1573 1803 1673 1851 δόξης
1707 1807 1807 1850 κενῆς
1845 1804 2047 1856 ἀμφοτέρων
2097 1803 2365 1857 περιγεγόνασι,

1342 1865 1509 1917 χρήματα
1541 1864 1782 1908 ἀναλίσκοντες
1816 1867 1984 1917 ἀφειδῶς,
2018 1865 2077 1904 καὶ
2110 1868 2365 1917 σωφρονοῦντες

1345 1929 1419 1979 εἰκῇ
1436 1944 1443 1950 ·
1468 1927 1565 1965 ἄλλοι
1585 1926 1690 1964 πάλιν
1709 1926 1879 1971 κενόδοξοι
1899 1927 2032 1980 σφόδρα
2059 1927 2171 1974 ὄντες,
2192 1925 2362 1979 κατεφρό-

1342 2003 1451 2034 νησαν
1479 1993 1538 2026 τοῦ
1564 1988 1711 2035 πάθους,
1732 1988 1845 2026 πολλὰ
1863 1988 2110 2039 ὑπομείναντες
2131 1986 2280 2039 αἰσχρὰ,
2304 1987 2364 2024 καὶ

1344 2050 1386 2085 δι’
1412 2049 1543 2100 ἔρωτας
1570 2049 1628 2087 καὶ
1658 2048 1715 2086 διὰ
1745 2049 1931 2101 χρήματα·
1961 2049 2069 2101 ἕτεροι
2089 2048 2208 2095 πάλιν,
2228 2046 2284 2085 ἵνα
2304 2047 2362 2085 τὸν

1344 2110 1448 2159 θυμὸν
1478 2110 1686 2160 ἐμπλησωσι
1715 2111 1773 2149 τὸν
1807 2111 1933 2157 αὐτῶν,
1968 2108 2098 2147 εἵλοντο
2145 2110 2362 2158 ζημιωθῆναι

1344 2170 1468 2222 μυρία,
1496 2171 1554 2208 καὶ
1569 2171 1700 2214 οὐδενὸς
1718 2174 1832 2214 αὐτοῖς
1847 2170 1976 2208 τούτων
1994 2169 2174 2221 ἐμέλησεν,
2188 2168 2244 2206 ἵνα
2261 2168 2362 2219 μόνον

1341 2228 1380 2266 τὸ
1395 2228 1529 2278 θέλημα
1546 2229 1720 2274 ποιήσωσι
1731 2230 1769 2267 τὸ
1786 2232 1911 2267 αὐτῶν.
1931 2230 2000 2267 Καὶ
2016 2229 2100 2281 ὅπερ
2116 2227 2230 2280 ἰσχύει
2241 2227 2361 2274 πάθος,

1343 2290 1404 2325 οὐκ
1423 2288 1544 2339 ἴσχυσε
1560 2290 1642 2341 παρ’
1662 2292 1746 2338 ἡμῖν
1766 2293 1783 2326 ὁ
1804 2295 1863 2327 τοῦ
1882 2292 1973 2327 Θεοῦ
1989 2290 2103 2340 ‘pigog-
2129 2289 2198 2326 Καὶ
2215 2287 2250 2325 τί
2270 2287 2362 2338 λέγω

1342 2349 1470 2396 πάθος,
1492 2348 1609 2400 ίΌπερ
1640 2349 1743 2393 αἰδὼς
1762 2349 1950 2400 ἀνθρώπων
1980 2350 2103 2401 {ers-uei,
2129 2352 2190 2386 οὐκ
2212 2349 2323 2400 ἰσχύει
2345 2353 2362 2387 ὃ

1342 2415 1401 2448 τοῦ
1419 2412 1509 2448 Θεοῦ
1541 2409 1654 2461 φόὸος.
1675 2410 1796 2448 Πολλὰ
1815 2411 1872 2448 καὶ
1897 2413 2144 2461 κατορθοῦμεν,
2171 2410 2230 2447 καὶ
2250 2411 2362 2461 ἁμαρ-

2131 2471 2165 2508 δὲ
2199 2471 2289 2509 Θεὸν
2323 2471 2361 2508 οὔ

1343 2532 1556 2581 δεδοίκαμεν.
1576 2532 1686 2570 Πόσοι
1705 2531 1749 2569 δι’
1768 2532 1935 2584 αἷσχῦνην
1956 2532 2156 2584 προήκαντο
2170 2530 2360 2584 χρήματα,

1342 2471 1489 2520 τάνομεν
1524 2470 1724 2521 ἀνθρώπους
1774 2471 1987 2522 αἰδούμενοι·
2030 2471 2089 2508 τὸν

1342 2593 1442 2631 πόσοι
1459 2593 1750 2643 ἐφιλοτιμησαντο
1774 2596 1848 2644 εἰκῇ
1866 2592 2138 2646 ὒπηρετούμενοι
2157 2599 2227 2635 τοῖς
2245 2593 2358 2631 αὐτῶν

1342 2653 1452 2705 φίλοις
1484 2654 1541 2690 ἐπὶ
1572 2656 1691 2705 κακῷ,
1727 2654 1829 2692 πόσοι
1864 2654 1978 2705 φιλίας
2006 2652 2219 2695 αἰδεσθέντες
2251 2651 2358 2705 μυρία

1340 2714 1497 2767 ἥμαρτον
1512 2730 1521 2759 ;

1391 2839 1435 2876 Ei
1451 2837 1560 2875 τοίνυν
1579 2853 1637 2875 και
1657 2837 1763 2880 πάθος
1783 2837 1841 2874 καὶ
1868 2837 1971 2879 αἷοὼς
2001 2834 2198 2887 ἀνθρωπίνη
2219 2834 2360 2873 δύναται

1336 2900 1499 2950 ἐμὸαλεῖν
1518 2902 1610 2948 ἧμας
1630 2914 1688 2936 και
1716 2901 1762 2941 εἷς
1783 2900 1899 2949 ἁμαρτ
1888 2913 1998 2948 ηματ
2001 2912 2021 2933 α
2037 2913 2096 2935 και
2116 2899 2163 2939 εἰς
2179 2895 2362 2947 κατορθώ-

1336 2976 1448 3010 ματα,
1467 2961 1575 3010 εἰκῇ]
1560 2959 1727 3010 ε’γομεν,
1747 2959 1800 2997 οτι
1827 2974 1864 2996 ου
1887 2958 2079 3008 δυνάμεθα·
2101 2958 2276 3007 δυνάμεθα
2294 2956 2361 3009 γὰρ

1335 3021 1374 3058 ἂν
1396 3020 1570 3071 θέλωμεν·
1592 3023 1735 3066 θελῆσαι
1770 3019 1806 3058 δὲ
1835 3019 1967 3062 πάντας
1998 3019 2080 3071 χρή.
2109 3019 2196 3057 Εἰπὲ
2219 3018 2260 3064 δή
2283 3034 2361 3068 μοι,

1333 3081 1388 3119 διὰ
1416 3081 1450 3119 τί
1475 3083 1512 3119 οὐ
1542 3080 1686 3118 δύνασαι
1718 3080 1815 3127 δόξης
1853 3085 2010 3132 κρατεῖν,
2031 3081 2110 3117 ὅταν
2131 3079 2266 3132 ἱ’ἕτεροι
2296 3071 2361 3116 ὦσι

1331 3146 1535 3193 κρατοῦντες
1554 3140 1616 3187 τὴν
1642 3141 1745 3188 αὐτὴν
1765 3141 1899 3192 ἔχοντες
1919 3140 2047 3192 ψυχὴν,
2073 3141 2112 3178 τὸ
2133 3140 2214 3178 αὐτὸ
2236 3143 2359 3190 σῶμα,

1351 3278 1383 3301 ct
1398 3272 1496 3302 vertit
1513 3269 1695 3313 Erasmus]

1400 3332 1411 3346 ἢ
1435 3321 1537 3353 Morel
1563 3326 1656 3366 ἕτεροι
1673 3327 1860 3367 κρατοῦντες.
1875 3321 1964 3362 [Mox
1976 3331 1992 3351 e
2006 3319 2115 3352 Codd.
2135 3328 2167 3352 et
2180 3318 2280 3352 Savil.
2300 3319 2360 3351 ad-

1352 3374 1488 3414 Jrciinus
1512 3370 1628 3413 rerba,
1645 3377 1760 3415 ἔχοντες
1777 3378 1881 3415 ψυχὴν,
1902 3377 1936 3406 τὸ
1954 3376 2025 3406 αὐτὸ
2044 3382 2146 3414 σῶμα,
2166 3377 2220 3410 τὴν
2237 3375 2327 3409 αὐτήν
2345 3370 2356 3411 ]
