2466 3805
91 328 168 354 Petri
199 328 251 354 hu-

73 369 187 396 militas.

273 217 333 263 58
734 237 771 264 s.

271 314 361 350 Cum
381 327 549 365 magnum
568 314 753 365 quidpiam
774 314 935 351 dicturus
955 322 1028 360 est,
1047 312 1114 348 hoc
1133 310 1244 347 utitur

271 374 462 425 prooemio,
483 383 522 411 ut
542 371 621 411 illos
643 374 769 410 excitet
792 382 825 409 et
852 372 997 408 alliciat.
1020 373 1175 417 Liceat,
1192 369 1243 405 in-

271 434 360 484 quit,
378 435 563 471 audenter
585 435 710 470 dicere
733 435 842 469 vobis
858 433 905 468 de
915 431 1143 482 patriarcha
1160 430 1245 466 Da-

275 495 349 530 vid.
382 495 512 544 Magna
540 493 722 529 humilitas
747 508 754 527 :
788 491 850 528 uhi
883 491 973 527 nihil
1009 499 1059 527 est
1091 489 1213 527 damni
1230 519 1240 537 ,

271 553 456 591 demissius
488 552 652 601 loquitur.
683 551 836 601 Ideoque
859 565 927 588 non
958 550 1077 598 dixit,
1103 550 1179 587 haec
1200 549 1245 587 de

275 612 413 650 Christo
429 642 438 658 ‚
460 625 529 648 non
550 611 594 649 de
615 611 754 649 Dax-ide
771 611 867 648 dieta
889 611 1019 660 fuisse3
1046 611 1156 662 idque
1183 610 1245 648 ad-

272 672 413 709 modum
429 672 633 723 prudenter,
649 681 688 709 ut
706 672 785 710 illos
802 687 845 710 ex
862 686 988 724 magno
1003 686 1084 723 erga
1102 673 1245 710 beatum

270 732 444 770 Davidem
464 732 595 769 honore
610 731 655 769 ad
673 733 903 770 reverentiam
920 732 1122 780 deduceret,
1139 733 1246 770 simul

270 791 360 829 circa
384 792 478 830 illud
504 793 598 844 quod
629 793 666 830 in
696 794 851 831 confesso
871 803 957 841 erat,
980 803 1013 830 et
1037 793 1129 831 illud
1149 793 1246 844 quod

268 854 438 892 audacius
456 855 592 893 dictum
611 855 813 905 videbatur,
834 855 1037 893 demulcens
1066 855 1145 893 illos
1168 855 1245 893 lau-

269 916 330 954 des
347 915 560 954 adhibendo.
580 916 663 954 Ideo
688 931 758 954 non
771 947 782 967 ,
802 918 856 954 De
871 916 1006 964 David,
1033 925 1169 953 tantum
1190 916 1245 954 di-

268 978 325 1015 xit
336 993 348 1027 ,
369 977 442 1027 sed,
458 979 518 1015 De
536 979 763 1030 patriarcha
777 978 920 1025 David,
932 980 1026 1029 quia
1042 978 1246 1030 defunctus

269 1047 323 1076 est
345 1047 381 1076 et
400 1039 582 1090 sepultus.
602 1039 680 1076 Non
707 1039 781 1090 jam
801 1038 906 1086 dicit,
936 1037 983 1074 Et
1003 1051 1072 1074 non
1090 1051 1244 1074 resurre-

268 1099 346 1148 xit3
367 1099 428 1137 sed
457 1099 527 1137 alio
554 1098 659 1136 modo
682 1108 775 1136 recte
791 1099 859 1136 hoc
878 1098 995 1150 ipsum
1024 1097 1179 1135 declarat
1205 1112 1246 1135 ac

269 1160 379 1198 dicit:
399 1162 455 1198 Et
471 1161 687 1212 sepulcrum
708 1161 816 1197 illius
836 1168 892 1196 est
913 1159 1019 1210 apud
1037 1172 1105 1196 nos
1127 1172 1246 1210 usque

268 1223 309 1257 in
330 1222 558 1258 hodiernam
582 1222 693 1258 diem.
720 1219 878 1267 Deinde,
904 1229 944 1256 ut
965 1218 1060 1269 quod
1087 1220 1245 1257 voluerat

267 1282 466 1334 apparavit,
485 1295 596 1331 neque
615 1281 666 1318 sic
683 1280 779 1319 venit
798 1280 845 1318 ad
864 1279 1060 1329 Christum,
1081 1279 1139 1317 sed
1162 1295 1244 1317 rur-

267 1356 325 1380 sus
352 1341 529 1380 Davidem
553 1341 685 1378 laudat.
707 1343 768 1379 50.
797 1341 994 1392 Propheta
1015 1343 1131 1391 igitur
1157 1354 1243 1378 cum

266 1412 386 1450 esset,
406 1412 441 1441 et
461 1405 573 1441 sciret
602 1405 695 1454 quia
720 1402 974 1454 jurejurando
997 1403 1168 1452 jurasset
1197 1403 1242 1439 il-

265 1465 295 1502 li
314 1465 430 1504 Deus,

313 1528 350 1563 Ξ.
370 1526 452 1562 Haec
488 1538 593 1576 porro
629 1523 735 1574 dicit,
755 1532 794 1561 ut
813 1523 935 1561 saltem
955 1524 1000 1562 ob
1019 1524 1188 1562 honorem
1211 1534 1242 1562 et

260 1599 369 1637 genus
385 1586 509 1638 ipsiuS,
519 1585 668 1624 verbum
683 1585 727 1623 de
739 1585 990 1622 resurrectione
1002 1586 1217 1637 susciperent
1227 1602 1238 1635 3

260 1648 361 1697 quasi
381 1647 564 1699 prophetia
585 1646 771 1684 laederetur
790 1646 859 1683 nisi
880 1646 946 1683 hoc
967 1655 1067 1694 esset,
1089 1655 1121 1684 et
1141 1648 1240 1697 quasi

258 1708 418 1760 ipsorum
448 1708 573 1745 honori
600 1707 841 1758 derogaretur.
865 1709 918 1744 Et
948 1710 1084 1753 sciens,
1107 1708 1238 1758 inquit,

259 1772 352 1820 quia
366 1769 622 1821 jurejurando
637 1770 810 1820 jurasset
832 1768 894 1804 illi
914 1769 1034 1805 Deus.
1057 1770 1136 1806 Non
1155 1770 1240 1806 sim-

258 1829 399 1881 pliciter
412 1829 520 1879 dixit,
537 1829 706 1866 Promisit
717 1843 728 1877 ,
750 1827 810 1865 sed
829 1828 926 1878 quod
944 1829 1058 1879 majus
1073 1839 1160 1878 erat,
1176 1832 1239 1869 Ju-

257 1900 415 1929 ramento
428 1890 577 1942 juravit,
592 1891 800 1942 Defructu
816 1890 936 1927 lumbi
951 1893 1031 1942 ejus
1051 1894 1240 1930 oriturum

259 1953 454 1989 Christum
473 1952 683 1989 seeundum
704 1964 876 1994 carnem;
899 1959 940 1988 ut
959 1952 1104 1989 sederet
1129 1966 1242 2005 super

258 2014 438 2050 thronum
460 2015 594 2063 ipsius.
615 2011 729 2060 Vide,
750 2021 789 2049 ut
808 2012 944 2049 excelsa
963 2012 1092 2050 iterum
1109 2015 1238 2053 subin-

256 2074 363 2112 dicet.
381 2075 575 2123 Postquam
593 2073 686 2110 enim
705 2073 786 2110 illos
803 2073 923 2111 verbis
941 2074 1110 2126 placavit,
1126 2076 1239 2114 fiden-

258 2145 310 2173 ter
323 2136 391 2173 hoc
406 2134 588 2187 prophetae
607 2134 745 2171 dictum
760 2134 892 2183 attulit,
906 2143 940 2171 et
953 2134 997 2172 de
1012 2138 1240 2175 resurrectio-

259 2210 303 2234 ne
321 2196 489 2246 loquitur.
510 2196 574 2231 51.
602 2195 702 2244 Quia
722 2208 844 2245 neque
866 2198 1000 2232 anima
1021 2198 1102 2248 ejus
1129 2199 1238 2235 dere—

261 2259 356 2296 licta
373 2266 429 2295 est
447 2260 487 2294 in
507 2258 675 2309 inferno,
694 2269 816 2307 neque
833 2269 924 2293 caro
944 2259 1025 2308 ejus
1040 2259 1143 2295 vidit
1158 2273 1239 2297 cor-

261 2322 486 2371 ruptionem.
498 2318 573 2356 Hoc
591 2331 713 2355 rursus
732 2317 863 2354 mirum
882 2326 950 2354 est:
967 2318 1119 2356 ostendit
1134 2320 1241 2367 enim,

261 2395 331 2419 non
361 2380 514 2418 similem
542 2378 622 2416 aliis
652 2392 724 2416 esse
755 2379 1057 2417 resurrectionem.
1080 2381 1241 2420 Detinuit

261 2443 354 2480 enim
373 2442 476 2479 illum
494 2454 604 2490 mors,
622 2453 685 2477 nec
700 2453 762 2477 sua
783 2439 819 2476 in
838 2453 920 2477 eum
941 2450 1083 2492 operata
1103 2452 1163 2480 est.
1194 2443 1240 2481 Et

257 2513 442 2556 peccatum
458 2502 603 2553 quidem
622 2501 688 2539 suh
706 2501 830 2538 umbra
844 2501 952 2549 dixit,
968 2516 1107 2554 poenam
1123 2514 1240 2543 autem

259 2579 328 2603 non
345 2564 498 2613 addidit,
514 2563 575 2601 sed
587 2562 684 2614 quod
701 2562 894 2600 occiderint
913 2562 1105 2603 declaravit
1120 2581 1126 2601 :
1142 2565 1239 2603 dein-

258 2625 302 2664 de
321 2625 366 2663 ad
386 2625 528 2676 signum
548 2623 614 2661 Dei
634 2622 743 2661 venit.
769 2622 920 2668 Quando
950 2633 1068 2662 autem
1089 2625 1238 2664 demon—

258 2696 408 2725 stratum
425 2694 496 2734 est,
512 2685 651 2737 justum
673 2697 748 2721 esse
770 2698 851 2721 eum
869 2683 928 2734 qui
951 2685 1086 2723 occisus
1104 2687 1185 2736 fuit,
1207 2697 1239 2725 et

257 2749 324 2786 Dei
343 2747 512 2797 amicum,
531 2745 667 2784 etiamsi
686 2759 825 2796 poenam
845 2754 972 2793 taceas,
991 2746 1021 2784 is
1039 2747 1099 2798 qui
1115 2763 1239 2800 pecca-

257 2812 331 2861 xit,
364 2825 438 2849 sese
464 2809 577 2860 magis
598 2822 705 2859 quam
735 2816 771 2845 tu
795 2808 938 2858 faceres,
976 2809 1235 2850 condemnabit.

257 2873 387 2910 Omnia
405 2872 525 2921 itaque
525 2839 587 2907 bad
603 2871 686 2907 Pati
689 2882 742 2906 em
759 2869 933 2917 1·efe1t,ut
946 2868 1040 2907 dicta
1056 2871 1238 2923 recipiant.

811 235 994 265 JOANMS
1030 231 1270 263 CHRYSOST.
1310 230 1512 259 ARCHIEP.
1550 231 1904 262 CONSTANTINOP-

1319 309 1547 359 οἰκειούμενος
1567 313 1731 349 ἐντεῦθεν.
1751 311 1851 357 Ἐξὸν
1867 315 1987 362 εἰπεῖν,
2007 313 2110 366 φησὶ,
2131 312 2220 363 μετὰ
2242 316 2336 365 παῤ-

1320 369 1441 419 ῥησίας
1457 371 1542 422 πρὸς
1556 374 1645 420 ὑμᾶς
1663 372 1743 423 περὶ
1761 377 1821 410 τοῦ
1842 373 2059 426 πατριάρχου
2076 374 2198 412 Δαυίδ.
2213 374 2333 419 Πολλὴ

1319 433 1340 475 ἡ
1372 430 1669 482 ταπεινοφροσύνῃ
1681 448 1688 454 ·
1717 433 1797 471 ἔνθα
1826 433 1920 472 οὐδὲν
1952 434 2124 482 ἔὸλαπτε,
2157 450 2337 485 συγκατα-

1322 490 1444 529 emim.
1465 492 1534 530 Διά
1549 508 1602 530 τοι
1629 496 1731 531 τοῦτο
1749 493 1808 530 καὶ
1834 496 1896 532 οὐκ
1928 489 2037 542 εἶπεν,
2058 495 2111 533 ὅτι
2129 499 2238 533 ταῦτα
2257 494 2338 545 περὶ

1320 556 1380 589 τοῦ
1414 553 1565 604 Χριστοῦ
1602 553 1754 605 εἴρηται,
1775 557 1812 591 οὐ
1840 555 1921 605 περὶ
1952 559 2010 593 τοῦ
2044 556 2154 593 Δαυίδ
2165 571 2173 578 ·
2205 554 2338 606 σφόδρα

1321 615 1490 660 συνετῶς,
1521 617 1563 664 τῇ
1593 615 1706 663 πολλῆ
1731 614 1811 666 περὶ
1840 614 1898 652 τὸν
1919 615 2088 667 μακάριον
2108 616 2218 653 Δαυὶδ
2250 618 2335 666 τιμῇ

1321 674 1492 726 ἐντρέπων
1509 674 1631 718 αὐτους
1643 704 1652 721 ,
1670 675 1730 712 καὶ
1750 675 1830 728 περὶ
1849 680 1908 713 τοῦ
1930 676 2199 749 ὣμολογτ,μένου
2214 676 2273 714 καὶ
2291 679 2337 719 ὡς

1320 737 1536 787 τολυςηρου
1517 751 1696 780 οοκουντος
1721 739 1880 789 εἶρησθαι
1895 766 1905 785 ,
1926 737 2201 788 παραιτούμενος
2216 736 2338 780 αὐτους

1320 799 1368 838 οἷς
1387 796 1595 847 ἐγκωμιάζει
1623 797 1752 849 ἤρεμα.
1784 797 1846 836 Διὸ
1867 814 1926 835 και
1944 800 1981 835 οὗ
1991 814 2100 849 ,περι
2119 814 2178 836 του
2205 798 2313 835 Δαυὶδ
2326 827 2336 845 ,

1320 873 1422 909 φησιν
1445 858 1543 895 ἁπλ
1518 875 1581 905 ως,
1599 859 1680 896 ἀλλ
1658 876 1702 906 α,
1716 859 1807 911 Περι
1826 863 1886 897 τοῦ
1905 858 2123 912 πατριάρχου
2142 857 2306 906 Δαυιδ,“
2285 874 2336 896 οτι

1320 918 1378 956 καὶ
1395 920 1530 958 ετελεύτ
1518 935 1594 995 ·Γ,σε
1612 921 1670 958 καὶ
1686 920 1807 972 ετάφη.
1827 920 1958 959 Οὐκέτι
1974 921 2025 958 λε’
2015 937 2088 971 (ει,
2103 920 2162 958 καὶ
2184 922 2244 959 οὐκ
2257 920 2336 958 ἀνέ-

1321 996 1384 1027 στη
1400 1011 1408 1027 ,
1436 982 1512 1018 ἀλλ’
1532 980 1574 1008 ¹²2
1561 997 1575 1018 3
1578 997 1685 1033 τερως
1713 982 1746 1026 ἐξ
1765 981 1897 1025 εὐθείας
1916 981 1954 1018 τὸ
1983 982 2067 1019 αὐτὸ
2085 997 2264 1034 παριστων
2278 981 2338 1019 καὶ

1319 1040 1358 1078 λε’
1360 1057 1448 1093 γων·
1471 1042 1540 1079 Καὶ
1559 1043 1598 1081 τὸ
1625 1058 1746 1092 μνῆμα
1766 1044 1829 1080 αὐτ
1832 1059 1869 1080 ου
1902 1044 1993 1080 ε’στιν
2014 1044 2047 1080 ἐν
2067 1045 2150 1093 ἡμῖν
2178 1042 2338 1094 ἅχριτῆς

1319 1103 1452 1153 ἡμέρας
1473 1103 1610 1149 ταύτης.
1633 1097 1722 1141 Εἶτα
1742 1103 1760 1141 ὂ
1779 1103 1939 1141 ἓὸούλετο
1954 1102 2235 1151 κατασκευάσας,
2261 1103 2337 1141 οὐδὲ

1319 1161 1426 1206 οὕτως
1441 1158 1544 1209 ἦλθεν
1562 1164 1619 1201 ἐπὶ
1636 1163 1693 1201 τὸν
1713 1165 1880 1215 Χριστὸν,
1901 1163 1991 1202 ἀλλὰ
2009 1164 2114 1202 πάλιν
2132 1166 2206 1215 μετ’
2223 1166 2334 1216 ἐγκω-

1319 1223 1406 1274 μίων
1427 1227 1494 1262 τῶν
1511 1228 1570 1264 τοῦ
1590 1225 1718 1263 Aninio·
1734 1225 1927 1277 Προφήτης
1941 1221 1998 1264 οὖν
2017 1226 2197 1278 ὑπάρχων,
2212 1226 2271 1264 καὶ
2289 1228 2336 1264 εἷ-

1319 1284 1407 1333 ὃὼς,
1428 1285 1480 1323 ὅτι
1499 1286 1590 1340 ὅρκῳ
1604 1286 1749 1338 ὤμωσεν
1771 1289 1865 1338 αὐτῷ
1881 1290 1898 1324 ὃ
1918 1286 2018 1331 Θεός.

1369 1523 1493 1560 Ταῦτα
1509 1521 1544 1560 δὲ
1565 1521 1658 1572 λέγει
1675 1552 1684 1566 ,
1704 1520 1760 1559 ῗνα
1776 1521 1839 1559 κᾶν
1860 1521 1917 1559 διὰ
1937 1521 1999 1568 τὴν
2017 1524 2064 1565 εἷς
2080 1524 2209 1560 ἐκεῖνον
2229 1523 2333 1573 τιμὴν

1316 1583 1374 1620 καὶ
1396 1582 1435 1620 τὸ
1463 1583 1558 1634 γένος
1585 1582 1749 1627 δέξωνται
1767 1582 1824 1620 τὸν
1843 1583 1923 1635 περὶ
1945 1586 2007 1629 τῆς
2035 1583 2256 1628 ἀναστάσεως
2273 1585 2333 1623 λό-

1268 1655 1292 1684 D
1315 1659 1373 1694 γον
1387 1659 1394 1666 ·
1411 1646 1456 1687 ὡς
1473 1644 1533 1681 καὶ
1552 1646 1613 1689 τῆς
1632 1643 1843 1695 προφητείας
1861 1645 2102 1695 βλαπτομένης
2122 1647 2152 1682 εἷ
2169 1644 2217 1695 μὴ
2234 1650 2333 1683 τοῦτο

1316 1704 1390 1752 εἴη,
1419 1704 1479 1741 καὶ
1513 1708 1575 1750 τῆς
1594 1707 1640 1747 εἷς
1670 1704 1790 1748 αὐτοὺς
1809 1709 1925 1755 τιμῆς.
1965 1706 2033 1744 Καὶ
2057 1705 2176 1754 εἰδὼς,
2215 1705 2332 1758 φησὶν,

1313 1766 1365 1803 ὅτι
1386 1765 1478 1817 ὅρκῳ
1500 1765 1645 1816 ὤμωσεν
1669 1767 1766 1818 αὐτῷ
1785 1770 1802 1804 ὃ
1822 1767 1922 1809 Θεός.
1944 1768 2022 1804 Οὔκ
2041 1761 2147 1815 εἶπεν,
2166 1767 2330 1818 ἐπηγγεί-

1313 1828 1399 1864 λατο
1413 1828 1543 1873 ἁπλῶς,
1558 1828 1633 1865 ἀλλ’
1647 1826 1665 1864 ὃ
1678 1826 1781 1864 πλέον
1795 1822 1850 1874 ἦν,
1869 1827 1990 1879 ”Ορκῳ
2009 1828 2137 1878 ὤμοσε,
2148 1829 2187 1866 ἐκ
2197 1831 2332 1880 καρποῦ

1313 1889 1375 1932 τῆς
1391 1886 1512 1939 ὀσφύος
1530 1890 1630 1925 αὐτοῦ
1647 1887 1686 1925 τὸ
1702 1887 1791 1925 κατὰ
1811 1887 1922 1941 σάρκα
1941 1888 2148 1935 ἀναστήσειν
2167 1889 2225 1927 τὸν
2246 1890 2333 1941 Χρι-

1315 1948 1406 1994 στὸν,
1429 1949 1572 1986 καθίσαι
1591 1949 1648 1986 ἐπὶ
1665 1952 1724 1986 τοῦ
1747 1948 1864 2000 θρόνου
1886 1951 2001 1988 αὐτοῦ.
2018 1949 2112 2002 εὈρα
2140 1950 2179 1988 τὸ
2200 1951 2330 2002 ὑψηλὸν

1314 2014 1386 2053 πῶς
1403 2010 1506 2048 πάλιν
1526 2010 1677 2061 ᾐνίξατο.
1694 2010 1840 2057 Ἐπειδὴ
1872 2010 1939 2063 γὰρ
1967 2010 2088 2054 αὐτοὺς
2112 2011 2329 2064 κατεπράϋνε

1313 2077 1382 2115 τοῖς
1400 2071 1528 2122 λόγοις,
1546 2074 1679 2124 θαρρῶν
1697 2077 1796 2110 τοῦτο
1809 2070 2040 2123 παρενέθηκεν
2056 2077 2119 2110 τοῦ
2134 2071 2326 2124 προφήτου,

2123 2131 2208 2171 “Ort
2251 2134 2310 2172 οὔτ
2315 2150 2329 2171 ε

1315 2196 1335 2239 ἡ
1363 2192 1457 2244 ὺυχὴ
1482 2196 1584 2231 αὐτου
1615 2193 1861 2245 ἐγκατελείφθη
1886 2195 1932 2237 εἷς
1962 2194 2064 2246 ἅδου,
2084 2194 2161 2232 οὔτε
2188 2199 2209 2241 ἡ
2245 2194 2330 2246 σαρξ

1314 2148 1372 2170 nott
1408 2149 1487 2183 7²30·
1525 2149 1586 2178 τἸς
1618 2134 1838 2176 αναστάσεὺ)ς
1883 2133 2089 2185 Οῑαλξγὶ”“αῑ.

1316 2270 1418 2292 α’.)’ΐνυ
1456 2270 1523 2292 3203
1574 2254 1770 2305 02200020211.
1806 2256 1918 2292 TOUTO
1958 2254 2062 2292 παὶῑν
2109 2255 2328 2305 θαυμαστον’

1276 2332 1288 2360 5
1315 2314 1463 2354 δείκνυσι
1481 2332 1605 2368 γαρ,ο
1588 2314 1641 2353 ὅτι
1661 2316 1726 2368 οὐχ
1743 2314 1845 2365 ὁμοία
1864 2320 1933 2358 τοῖς
1953 2315 2018 2353 αλλ
2020 2331 2068 2359 οις
2087 2318 2108 2361 ἦ
2130 2315 2330 2358 ἀνάστασις.

1313 2376 1474 2428 Κατέσχε
1503 2377 1564 2427 μὲν
1596 2376 1662 2428 γὰρ
1685 2377 1800 2424 αὐτὸν,
1822 2378 1884 2414 οὔκ
1916 2376 2103 2427 εἰργάσατο
2136 2376 2171 2415 δὲ
2194 2378 2234 2416 τὸ
2270 2380 2329 2416 αὖ·

1313 2442 1373 2476 τοῦ
1408 2439 1486 2477 τότε
1524 2442 1541 2476 ὃ
1574 2438 1728 2481 Θάνατος.
1760 2438 1831 2475 Καὶ
1860 2437 1899 2475 τὸ
1930 2436 1991 2487 μὲν
2025 2437 2222 2490 ἁμάρτημα
2254 2432 2330 2477 εἷπε

1313 2499 1520 2547 συσκιάσας,
1542 2498 1604 2546 τὴν
1628 2498 1663 2537 δὲ
1682 2497 1854 2550 τιμωρίαν
1873 2500 1934 2535 οὒκ
1953 2498 2125 2550 ἐπήγαγεν
2140 2514 2147 2521 ·
2182 2500 2258 2536 ἀλλ’
2277 2498 2329 2537 ὅτι

1314 2578 1374 2611 αεν
1392 2561 1568 2607 ἀνεῖλον,
1554 2560 1725 2607 εοῆλωσε·
1748 2559 1907 2596 Jowtov
1889 2574 1924 2596 τε
1941 2558 1993 2597 ἐπ
1989 2575 1997 2596 ι
2015 2558 2053 2596 τὸ
2073 2565 2215 2609 σημεῖον
2234 2559 2330 2612 ἔρχε-

1789 2619 1816 2634 Μ

1312 2637 1368 2658 ται
1386 2638 1424 2660 το
1438 2637 1496 2659 του
1519 2623 1622 2659 Θεου.
1639 2620 1801 2658 εὀΟταν
1806 2620 2030 2671 εάποδειχθῇ
2045 2649 2053 2665 ,
2082 2620 2120 2658 ὅτ
2125 2636 2133 2657 ι
2165 2620 2294 2665 δίκαιος
2312 2624 2330 2659 ὃ

1313 2683 1518 2734 ἀναιρεθεις,
1535 2698 1595 2721 και
1613 2698 1666 2721 οτι
1685 2683 1766 2733 Θεῳ
1783 2680 1878 2733 φίλος
1894 2711 1904 2728 ,
1919 2696 1982 2718 καν
1999 2696 2180 2731 σιωπησῃς
2194 2681 2257 2728 τὴν
2272 2682 2330 2720 κό-

1311 2745 1427 2791 λασιν,
1451 2743 1581 2793 μαλλόν
1610 2759 1669 2782 σου
1703 2741 1967 2792 καταγνώσεται
1994 2743 2148 2779 ἑαυτοῧὸ
2168 2745 2328 2794 ἡμαρτη-

1312 2804 1392 2848 κώς.
1410 2805 1486 2842 Πάν
1490 2821 1534 2842 τα
1548 2804 1658 2842 τοίνυν
1678 2802 1860 2847 ἀνατίθησι
1876 2804 1926 2853 τῷ
1938 2801 2077 2876 Πατρὶ,
2092 2801 2148 2839 ἵνα
2163 2800 2328 2845 δέξωνται

1311 2882 1353 2904 τα
1373 2866 1553 2918 ὶεγόμενα.
1575 2859 1664 2902 Fiw
1682 2880 1742 2911 το,
1758 2863 1850 2901 Οὔ
1832 2878 1987 2909 ουνατον,
2014 2862 2083 2899 ἀπὸ
2099 2865 2161 2908 τῆς
2186 2878 2326 2915 προφη-

255 2934 390 2972 Deinde
408 2932 498 2971 illud
502 2931 768 2983 ,Impossibile
786 2939 883 2977 erat,
907 2944 952 2968 ex
968 2932 1189 2984 piophetia'
1180 2949 1237 2973 1n-
1260 2943 1330 2990 50‘
1319 2943 1362 2965 3-
1353 2943 1404 2970 ἀς
1425 2926 1532 2977 ἓπᾶγε
1538 2941 1565 2963 ι·
1585 2925 1713 2975 ἷῡωμῑν
1744 2923 1856 2961 ὈίΙυν
1878 2922 2004 2960 ἄνωθεν
2036 2922 2141 2960 ⁷2·de
2171 2922 2215 2959 τὰ
2234 2925 2328 2975 εἴρη-

253 2997 367 3035 duxit.
389 2998 525 3034 Ruisus
541 3009 624 3033 xero
642 2993 762 3046 piiora
781 3002 991 3045 repetamus.
1009 2996 1159 3042 Jesum,
1184 2998 1237 3035 in-
1263 2996 1283 3023 ³
1314 3003 1410 3025 uem.
1429 2986 1574 3034 I·r,oan‚
1590 3001 1694 3037 φησι
1711 3000 1768 3022 ’ον
1790 2982 2046 3035 Ναζωραῖῡν,”
2024 2998 2131 3034 ανῡρα
2151 2984 2327 3021 &work-052-

251 3060 343 3109 quit,
379 3061 643 3101 Nazarenum,
667 3069 797 3092 virum
831 3057 1086 3106 approbatum
1108 3072 1131 3094 α
1154 3060 1238 3096 Deo

251 3124 292 3157 in
312 3119 498 3158 vobis:id
520 3128 584 3163 est,
618 3117 662 3154 de
693 3131 762 3167 quo
783 3116 873 3154 nihil
905 3116 1058 3155 dubium
1087 3128 1151 3166 est,
1174 3120 1233 3158 sed

251 3196 294 3219 ex
315 3181 480 3233 operibus
499 3178 700 3231 probatum.
716 3177 776 3215 Sic
792 3186 825 3214 et
840 3176 1054 3215 Nicodemus
1068 3177 1230 3217 dicebat:

51 3257 181 3285 .],ιαιι.34
205 3243 364 3294 2,Signa
396 3243 475 3278 haee
506 3252 615 3278 nemo
643 3246 765 3289 potest
780 3239 921 3290 facere
940 3252 1024 3289 quoe
1052 3247 1091 3276 tu
1114 3240 1230 3291 sacis.

294 3387 307 3408 ¹³
333 3383 426 3416 Iden]
446 3387 561 3426 ἑτέρως,
578 3388 670 3414 καὶτσς
689 3383 735 3414 9ὐῦ

740 3384 750 3413 ὲ
767 3387 851 3414 τοῦτο
864 3386 943 3421 μέγα
960 3384 1009 3417 ἦν·
1031 3387 1077 3413 καὶ
1092 3387 1124 3414 τὸ
1136 3390 1253 3423 μνῆμα-

1309 3064 1434 3099 *saiwa
1453 3048 1521 3086 ἇΤῗΟ
1536 3062 1595 3084 ‘100
1614 3047 1705 3084 Oion
1727 3047 1775 3087 Εἷς
1794 3047 1902 3094 υμᾶς·
1923 3059 2003 3081 TOU‘
2006 3059 2065 3081 Ξσῗ
2071 3059 2112 3089 Η,
2132 3060 2192 3082 ow.
2215 3048 2324 3096 ἀμφι·-

1308 3108 1556 3159 σοητούμενον,
1583 3108 1658 3145 ἅλ’)

1307 3173 1411 3212 Οὕτω
1428 3174 1486 3211 καὶ
1507 3176 1523 3210 ὁ
1542 3171 1742 3221 ΊΝικόδημος
1763 3169 1878 3220 ἔλεγε·
1899 3168 1956 3207 Τὰ
1982 3176 2112 3220 σημεῖα
2134 3175 2243 3208 ταῦτα
2270 3172 2324 3208 οὐ·

1697 3106 1803 3144 ἀποδε
1807 3104 1982 3156 δειγμενον
2011 3104 2066 3142 δια
2103 3108 2170 3142 τῶν
2202 3106 2325 3159 ἔργων.

1306 3241 1372 3283 δεὶς
1388 3240 1527 3278 δύναται
1543 3244 1665 3285 ποιεῖν,
1682 3236 1703 3274 ἃ
1722 3236 1762 3275 σὺ
1777 3241 1897 3279 ποιεῖς.
1918 3236 2116 3286 Δυνάμεσι,
2141 3236 2243 3289 φησὶ,
2264 3252 2326 3276 κα-
