2502 3810
178 1266 288 1295 Manli.
313 1276 342 1306 9.

180 1315 228 1334 22.

835 291 854 309 J

388 274 481 318 556
835 286 872 314 c.

385 382 489 418 gnam
508 367 620 415 novit,
634 365 694 403 sed
710 373 888 413 tamquam
903 377 1044 414 serpens
1063 363 1099 399 in
1118 362 1228 414 spinis
1247 361 1364 399 occul-

384 436 493 475 tatur,
512 426 547 462 in
568 424 774 462 divitiarum
792 423 931 460 fallacia
949 423 1148 473 frequenter
1167 420 1363 459 latitans.Si

384 487 502 538 spinas
535 484 729 529 excideris,
766 483 1015 521 formidolosus
1041 482 1144 519 facile
1181 481 1308 533 fugiet3
1335 480 1364 518 si

384 546 560 582 incantare
591 545 626 582 in
645 545 749 582 illum
785 544 874 581 scias
913 543 1055 581 dix-inas
1092 543 1170 581 illas
1206 543 1364 580 incanta-

381 607 505 656 tiones,
536 606 656 643 statim
686 605 944 643 vulnerabitur.
982 606 1073 643 Sunt
1117 603 1211 641 enim
1246 602 1362 649 nobis,

382 676 476 713 sunt,
497 667 656 717 inquam,
690 666 943 704 incantationes
973 665 1199 717 spirituales,
1236 677 1363 702 nomen

380 727 526 764 Domini
551 726 660 764 nostri
689 729 772 766 Jesu
791 726 938 775 Christi,
958 726 1072 764 crucis
1093 725 1259 777 potentia.
1279 725 1364 761 Haec

381 787 570 825 incantatio
597 801 666 825 non
698 788 804 824 modo
831 786 1018 824 draconem
1039 800 1057 823 a
1081 785 1232 823 latibulo
1266 785 1361 836 ejicit

379 857 412 886 et
431 849 467 886 in
487 849 607 901 ignem
638 849 802 901 conjicit,
822 848 885 887 sed
904 851 1009 887 etiam
1036 846 1247 888 Vulneribus
1284 860 1361 884 me-

381 907 494 947 detur.

431 1084 583 1131 7.Quod
596 1085 624 1122 si
636 1085 739 1122 multi
751 1086 818 1123 hoc
833 1085 988 1124 dicentes
1002 1085 1114 1123 sanati
1131 1099 1200 1123 non
1215 1094 1311 1135 sunt,
1324 1085 1362 1123 id

377 1157 420 1181 ex
430 1143 573 1183 illorum
588 1145 724 1183 modica
738 1146 820 1195 fide,
829 1160 897 1183 non
906 1161 950 1183 ex
958 1145 1044 1184 dicti
1058 1146 1264 1184 infirmitate
1273 1160 1360 1197 pro—

379 1204 487 1241 venit.
501 1206 592 1243 Nam
609 1206 726 1257 ipsum
739 1208 860 1245 Jesum
870 1206 974 1243 multi
986 1207 1163 1258 pellebant
1182 1215 1214 1244 et
1227 1220 1360 1257 preme-

378 1265 476 1314 bant,
488 1280 550 1303 nec
565 1265 749 1318 quidpiam
769 1267 1018 1304 lucrabantur:
1037 1276 1073 1304 at
1087 1281 1164 1317 quae
1179 1267 1360 1317 sanguinis

377 1326 479 1364 fluxu
492 1327 688 1372 laborabat,
700 1341 762 1364 nec
775 1335 865 1365 tacto
881 1327 1027 1377 quidem
1041 1341 1199 1378 corpore,
1209 1326 1269 1364 sed
1284 1336 1360 1364 tan·

376 1394 451 1423 tum
470 1387 632 1437 fimbria,
652 1387 837 1425 diuturnos
853 1388 1037 1439 sanguinis
1054 1388 1164 1424 fontes
1180 1387 1354 1425 cohibuit.

376 1446 453 1485 Hoc
466 1462 593 1486 nomen
611 1458 644 1486 et
662 1448 881 1486 daemonibus
897 1458 928 1486 et
940 1448 1163 1500 passionibus
1177 1457 1209 1484 et
1223 1447 1358 1485 morbis

375 1517 425 1545 est
444 1510 612 1547 terribile.
632 1509 708 1546 Hoc
727 1509 838 1560 igitur
853 1510 993 1547 nomine
1010 1524 1176 1547 ornemur
1188 1539 1197 1555 ,
1213 1509 1280 1546 hoe
1296 1523 1357 1547 nos

375 1571 589 1608 muniamus.
600 1571 659 1609 Sic
673 1571 808 1609 Paulus
822 1584 971 1621 magnus
985 1570 1129 1607 effectus
1146 1578 1207 1616 est,
1221 1569 1284 1606 etsi
1303 1583 1357 1606 ea-

373 1632 453 1668 dem
464 1647 532 1682 qua
546 1647 607 1669 nos
619 1642 744 1670 natura
756 1641 920 1670 constans
931 1647 941 1679 3
954 1634 1015 1668 sed
1031 1631 1121 1668 fides
1134 1631 1238 1667 illum
1247 1632 1358 1669 alium

373 1706 417 1728 ex
438 1693 507 1729 alio
527 1693 620 1739 fecit,
643 1702 675 1730 et
692 1702 787 1730 tanta
802 1702 874 1730 erat
887 1701 1073 1744 potestate,
1092 1700 1131 1728 ut
1148 1692 1356 1731 vestimenta

372 1752 477 1789 etiam
494 1753 568 1804 ejus
587 1767 751 1804 magnam
770 1753 939 1791 haberent
955 1752 1136 1789 virtutem.
1155 1752 1234 1798 Qua
1247 1753 1356 1804 igitur

371 1814 596 1851 excusatione
611 1814 710 1865 digni
726 1814 909 1861 fuerimus,
925 1814 953 1851 si
972 1828 1053 1850 cum
1069 1813 1212 1850 illorum
1229 1815 1355 1852 umbra

370 1882 403 1910 et
432 1873 640 1911 vestimenta
669 1883 816 1911 mortem
835 1873 1062 1926 depellerent,
1090 1887 1152 1910 nec
1182 1874 1355 1913 orationes

371 1933 516 1983 quidem
535 1943 661 1971 nostrae
684 1935 862 1986 passiones
884 1934 1105 1986 reprimant?
1128 1933 1227 1980 Quid
1245 1935 1356 1985 igitur

372 1995 407 2031 iu
427 2009 531 2032 causa
546 1996 624 2033 est?
648 1998 778 2047 Magna
805 1995 915 2033 animi
940 1995 1155 2041 differentia,
1174 1995 1255 2032 licet
1275 2010 1353 2046 quae

371 2055 415 2092 ad
432 2065 595 2093 naturam
619 2066 790 2108 spectant,
811 2055 959 2106 aequalia
981 2065 1015 2092 et
1040 2056 1240 2092 communia
1259 2056 1351 2093 sint:

372 2130 453 2154 nam
472 2116 594 2154 eodem
619 2117 679 2154 ille
693 2131 762 2167 quo
783 2131 847 2154 nos
871 2116 978 2154 modo
1003 2124 1105 2153 natus
1124 2125 1157 2153 et
1183 2115 1353 2155 educatus

372 2185 433 2223 est,
449 2186 481 2213 et
501 2178 534 2214 in
557 2187 649 2214 terra
666 2177 843 2215 habitavit
861 2190 1048 2227 aeremque
1067 2177 1274 2228 respiravit:
1293 2177 1352 2215 sed

372 2238 406 2273 iu
437 2238 499 2274 illo
526 2239 594 2275 alia
626 2238 730 2288 longe
752 2238 899 2275 meliora
927 2247 960 2274 et
988 2237 1229 2288 praestantiora
1254 2247 1352 2275 erant

371 2311 477 2346 quam
499 2306 631 2344 nostra,
651 2298 758 2346 zelus,
781 2297 882 2345 fides,
905 2297 1042 2334 caritas.
1061 2298 1247 2334 Imitemur
1269 2313 1351 2349 ergo

370 2357 474 2394 illum
495 2373 502 2393 z
527 2358 565 2395 id
585 2372 741 2408 agamus,
762 2367 799 2394 ut
820 2372 883 2409 per
899 2372 961 2395 nos
977 2358 1143 2407 loquatur
1165 2359 1349 2396 Christus:

370 2417 408 2454 id
429 2418 490 2455 ille
506 2418 662 2456 maxime
682 2433 700 2455 a
721 2418 822 2455 nobis
843 2417 1032 2467 desiderat,
1053 2427 1158 2468 atque
1185 2417 1263 2455 ideo
1283 2418 1350 2456 hoc

371 2492 544 2529 organum
561 2479 759 2531 apparavit,
773 2493 836 2516 nec
853 2479 932 2517 vult
945 2488 983 2516 ut
995 2478 1118 2516 inutile
1129 2488 1278 2526 maneat,
1290 2479 1352 2517 sed

370 2553 507 2590 semper
523 2540 686 2577 manibus
709 2549 858 2577 tractare
877 2540 988 2591 cupit.
1007 2540 1079 2577 Cur
1094 2554 1176 2590 ergo
1195 2554 1262 2578 non
1281 2555 1349 2593 ap—

368 2614 471 2650 paras
483 2600 575 2638 illud
589 2600 635 2637 ad
654 2614 797 2637 manum
813 2600 974 2647 artificis,
994 2601 1055 2638 sed
1073 2601 1178 2638 etiam
1199 2601 1348 2640 chordas

366 2658 536 2707 demittis,
552 2668 585 2697 et
600 2660 782 2711 voluptate
796 2660 973 2698 molliores
988 2661 1112 2709 efficis,
1123 2669 1227 2710 atque
1241 2661 1348 2699 inuti-

366 2720 437 2756 lem
450 2720 518 2771 ipsi
529 2735 631 2772 paras
646 2730 756 2758 totam
770 2721 955 2768 citharam,
968 2735 1049 2758 cum
1063 2730 1236 2773 oporteret
1250 2722 1349 2760 illam

365 2780 536 2831 stringere
555 2791 587 2818 et
614 2782 795 2819 adcantus
819 2781 972 2830 tendere,
1000 2796 1040 2819 ac
1073 2782 1250 2834 spirituali
1277 2783 1349 2821 sale

365 2842 638 2893 constipare?Si
659 2843 753 2881 enim
774 2844 839 2881 hac
858 2843 992 2881 ratione
1013 2852 1168 2895 aptatam
1185 2844 1347 2883 Christus

365 2901 509 2951 viderit,
524 2917 588 2953 per
606 2912 761 2940 nostram
784 2903 938 2940 animam
953 2904 1125 2955 pulsabit.
1142 2906 1223 2951 Quo
1238 2905 1344 2952 facto,

366 2963 506 3013 angelos
522 2964 660 3002 videbis
677 2965 855 3015 saltantes,
875 2974 907 3002 et
922 2965 1149 3015 archangelos
1167 2975 1199 3003 et
1213 2966 1344 3003 Cheru-

363 3024 450 3062 bim.
478 3026 587 3076 Digni
616 3040 697 3077 ergo
725 3026 913 3078 inculpatis
939 3026 1102 3064 manibus
1127 3027 1344 3066 efficiamur:

364 3099 528 3136 rogemus
548 3100 640 3133 eum,
664 3087 700 3123 in
721 3086 823 3124 corde
843 3095 960 3124 nostro
979 3087 1093 3138 pulset
1111 3103 1118 3122 :
1141 3087 1212 3125 imo
1234 3102 1346 3139 neque

366 3156 488 3197 rogatu
516 3161 602 3198 opus
629 3147 747 3196 habet,
775 3155 871 3184 tactu
901 3147 1016 3184 solum
1038 3147 1187 3199 (lignum
1215 3149 1344 3187 efficito

408 3289 425 3308 *
449 3287 549 3328 [Vul
554 3291 685 3321 atum&
688 3296 763 3326 ⁷1:51„-
779 3289 979 3320 correximus
995 3299 1030 3320 ex
1045 3290 1081 3320 A.
1087 3288 1162 3320 tid.
1181 3288 1222 3320 id
1239 3301 1270 3331 1.
1287 3291 1360 3327 452

366 3340 402 3367 ij..
424 3340 434 3378 j

409 3391 652 3434 [·1Α.ι3;,γο·;γ,
683 3400 713 3423 ct
747 3403 820 3423 mox
853 3395 1012 3430 ἑπετήιῖεῃν
1044 3403 1104 3433 pro
1137 3398 1263 3435 ἔταμον.
1297 3394 1360 3425 Eo-

910 284 1093 314 JOANMS
1129 282 1369 312 CHRYSOST.
1408 280 1613 311 ARCfflEP.
1653 282 2005 314 CONSTANTINOP-

1440 361 1488 410 μὴ
1510 361 1645 413 δείσῃς·
1667 362 1724 400 ε’πὶ
1748 366 1810 408 τῆς
1828 366 1892 413 γῆς
1921 364 2080 416 σύρεται,
2111 365 2169 401 καὶ
2193 370 2262 407 τοῖς
2287 366 2321 401 ἐν
2342 367 2383 415 τῇ
2409 369 2454 417 (ᾖ

1438 421 1635 472 πράγμασι.
1651 421 1772 469 Μηδὲν
1792 417 1848 460 οῧν
1867 439 1920 460 σοι
1948 425 2031 475 πρὸς
2046 423 2108 471 τὴν
2131 428 2196 474 γῆν
2216 423 2304 461 ἔστω
2332 425 2456 472 κοινὸν,

1931 484 2021 524 Οὐδὲ
2040 485 2106 537 γὰρ
2128 479 2198 522 οἶδε
2220 484 2282 531 τὴν
2303 484 2337 528 ἐξ
2356 486 2456 522 ἐναν-

1438 543 1513 586 τίας
1533 544 1663 595 μάχην,
1680 545 1756 581 ἀλλ’
1776 542 1893 596 ὥσπερ
1912 544 1985 596 ὄφις
2003 550 2078 589 ταῖς
2094 545 2257 588 ἀκάνθαις
2274 545 2458 597 ἐγκρύπτε-

1438 482 1498 519 καὶ
1521 482 1596 521 οὐδὲ
1613 482 1717 520 πόνου
1745 482 1899 528 *δε-ἥσει.

1438 619 1496 641 ται
1515 607 1558 655 τῇ
1575 604 1692 655 ἀπάτη
1717 608 1777 641 τοῦ
1805 603 1953 642 πλούτου
1972 608 2123 657 συνεχῶς
2142 605 2364 657 ἐμφωλεύων.
2382 605 2458 643 Κᾶν

1437 663 1585 716 ἐκτέμῃς
1612 664 1674 708 τὰς
1691 665 1860 710 ἀκάνθας,
1878 664 2036 716 φεύξεται
2055 666 2178 716 ῥᾳδίως
2193 666 2302 709 δειλὸς
2316 665 2456 717 γενόμε-

1437 739 1508 771 νος,
1528 725 1592 761 κᾶν
1611 725 1748 777 ἐπᾴδειν
1776 727 1868 777 εἰδῇς
1892 726 1985 777 αὐτῷ
2002 725 2064 769 τὰς
2079 725 2170 768 θείας
2195 727 2349 777 ἐπῳδὰς,
2366 743 2455 780 τρω-

1437 785 1579 831 θήσεται
1596 787 1728 828 εὐθέως.
1748 787 1828 824 Εἰσὶ
1847 785 1913 836 γὰρ
1933 789 2030 836 ἡμῖν,
2051 786 2135 823 εἰσὶν
2152 787 2283 838 ἐπῳδαὶ
2301 803 2456 837 πνευμα-

1435 862 1554 893 τικαι,
1584 862 1623 884 το
1644 846 1752 896 ὄνομα
1777 850 1836 884 τοῦ
1867 846 1994 897 Κυρίου
2023 850 2124 896 ημιιᾷν
2152 847 2268 892 Ἰησοῦ
2287 848 2454 898 Χριστου,

1437 923 1496 944 και
1521 910 1542 953 ἱ,
1562 923 1620 945 του
1640 911 1787 958 σταυροῦ
1808 906 1919 944 δύναυ
1924 923 1962 950 ις
1984 906 2081 953 Αὕτη
2108 910 2129 952 ἡ
2151 907 2266 958 ἐπωδὴ
2287 907 2364 958 οὐχὶ
2386 910 2455 944 τῧν

1436 970 1608 1018 χηραμῶν
1629 967 1740 1018 ἐξάγει
1756 967 1870 1018 μόνον,
1891 983 1950 1006 και
1964 969 2008 1009 εἷς
2023 971 2091 1019 π’ὔρ
2111 967 2279 1017 ἐυοάλλει
2298 968 2362 1006 τὸνΙ
2372 968 2455 1019 δροίν

1436 1043 1554 1073 κοντα,
1578 1029 1665 1065 ἀλλὰ
1681 1029 1739 1066 καὶ
1754 1028 1937 1081 τραύματα
1952 1030 2057 1065 ἰᾶται.

1489 1091 1534 1127 Εἰ
1555 1088 1589 1126 δὲ
1610 1089 1669 1126 καὶ
1696 1089 1819 1127 πολλοὶ
1840 1089 1995 1139 λέγοντες
2023 1089 2082 1126 οὒκ
2100 1088 2257 1135 ἷάθησαν,
2277 1088 2373 1140 παρὰ
2391 1089 2455 1136 την

1436 1151 1551 1188 αὐτῶν
1571 1149 1823 1200 ὀλιγοπιστίαν,
1848 1152 1884 1186 οὗ
1908 1149 2004 1201 παρὰ
2031 1149 2094 1195 τὴν
2122 1148 2299 1186 ἀσθένειαν
2317 1155 2376 1188 τοῦ
2393 1151 2454 1188 λε-

1433 1212 1589 1262 χθέντος·
1604 1210 1678 1249 ἐπεὶ
1698 1210 1756 1248 καὶ
1774 1211 1830 1249 τὸν
1855 1210 1988 1256 Ἰησοῦν
2017 1212 2047 1248 οἳ
2069 1210 2130 1261 μὲν
2150 1210 2256 1248 ὤθουν
2283 1211 2341 1248 καὶ
2358 1211 2454 1248 ἔθλι-

1434 1272 1507 1316 ὅον,
1537 1270 1596 1309 καὶ
1615 1270 1708 1307 οὐδὲν
1729 1270 1935 1322 ἐκέρδαινον·
1954 1274 1976 1316 ἡ
1997 1270 2032 1308 δὲ
2051 1274 2283 1323 αἱμορροοῦσα
2301 1270 2376 1307 οὐδὲ
2394 1275 2454 1308 τοῦ

1434 1331 1597 1380 σώματος
1616 1330 1797 1382 ἁψαμένη,
1821 1332 1896 1367 ἀλλ’
1919 1333 2022 1368 αὐτοῦ
2042 1334 2100 1368 τοῦ
2121 1329 2318 1382 κρασπέδου
2338 1329 2458 1379 μόνον,

1431 1392 1587 1444 χρονίους
1603 1391 1745 1437 ἔστησεν
1761 1391 1919 1441 αἱμάτων
1938 1391 2066 1441 πηγάς.
2086 1392 2199 1428 Τοῦτο
2217 1390 2256 1428 τὸ
2270 1390 2378 1440 ὄνομα
2392 1390 2453 1428 καὶ

1431 1452 1573 1502 δαίμοσι
1588 1452 1730 1503 φοὸερὸν
1746 1451 1804 1489 καὶ
1821 1451 1945 1489 πάθεσι
1960 1452 2020 1488 καὶ
2035 1451 2221 1502 νοσήμασι.
2241 1450 2363 1502 Τούτῳ
2377 1451 2451 1488 τοί-

1430 1528 1486 1550 νυν
1531 1512 1850 1562 καλλιι)πιζιι’>υεθα,
1897 1512 2007 1564 τούτῳ
2057 1513 2261 1565 τειγίζωμεν
2297 1513 2451 1556 ἑαυτούς.

1431 1576 1535 1612 Οὕτω
1560 1590 1618 1612 και
1635 1578 1652 1612 ὃ
1669 1576 1808 1617 Παῦλος
1831 1574 1965 1625 ἐγένετο
1984 1574 2089 1626 μέγας
2102 1605 2111 1622 ,
2137 1574 2251 1613 καίτοι
2267 1591 2329 1620 της
2346 1578 2452 1621 αὖτης

1430 1634 1564 1686 φύσεως
1589 1638 1674 1685 ἡμῖν
1700 1638 1786 1672 κάκε
1788 1640 1858 1678 ἷνος
1872 1639 1934 1681 ἠν·
1956 1636 2031 1673 ἅλ’),
2053 1638 2074 1681 ἡ
2094 1634 2209 1677 πίστις
2227 1635 2328 1673 αὐτον
2345 1635 2450 1674 ἄλλον

1429 1698 1501 1734 ἀντ’
1528 1696 1632 1733 ἄλλου
1658 1696 1848 1743 πεποίηκε,
1879 1695 1938 1733 καὶ
1965 1695 2116 1742 τοσαύτη
2143 1699 2184 1741 ἠν
2204 1698 2226 1741 ἡ
2247 1695 2450 1746 περιουσία,

1428 1759 1473 1798 ὡς
1494 1756 1552 1794 καὶ
1577 1755 1621 1793 τὰ
1650 1755 1773 1806 ἱμάτια
1799 1758 1901 1794 αὐτοῦ
1929 1755 2062 1801 πολλὴν
2085 1755 2175 1807 ἔχειν
2200 1755 2312 1807 ἰσχύν.
2340 1755 2451 1799 Ποίας

1427 1812 1484 1855 οἶν
1507 1815 1547 1853 ἂν
1565 1816 1684 1867 εἴημεν
1705 1816 1892 1867 ἀπολογίας
1913 1816 2018 1863 ἄξιοι,
2040 1816 2071 1853 εἴ
2088 1832 2127 1867 γε
2147 1815 2285 1854 ἐκείνων
2307 1815 2368 1866 μὲν
2389 1817 2449 1854 καὶ

1429 1881 1463 1916 αἱ
1477 1877 1573 1915 σκιαὶ
1590 1877 1649 1915 καὶ
1663 1877 1707 1915 τὰ
1721 1877 1844 1927 ἱμάτια
1860 1878 2003 1915 θάνατον
2021 1878 2180 1924 ἤλαυνον,
2194 1878 2299 1926 γ’ἥρ-(ΤΗ
2317 1876 2351 1914 δὲ
2371 1877 2447 1915 οὐδὲ

1429 1943 1462 1977 αἳ
1489 1940 1588 1991 εὐχαὶ
1607 1939 1650 1977 τὰ
1669 1939 1763 1985 πάθη
1783 1939 2081 1984 καταστέλλουσι,
2102 1937 2149 1975 Τί
2177 1932 2234 1975 οῧν
2254 1938 2293 1975 τὸ
2314 1937 2445 1978 αἴτιον;

1426 2000 1548 2046 Πολλὴ
1571 2004 1632 2047 τῆς
1653 1999 1831 2051 γνώμηςὴ
1855 1999 2020 2052 διαφορά·
2041 2001 2086 2041 ὡς
2114 1998 2158 2035 τά
2175 2014 2214 2048 γε
2229 2001 2290 2044 τῆς
2313 1998 2448 2049 φύσεως
2488 2040 2494 2043 .

1426 2060 1485 2099 ἴσα
1507 2061 1564 2099 καὶ
1585 2061 1699 2099 κοινά·
1720 2060 1778 2098 καὶ
1798 2060 1863 2112 γὰρ
1881 2060 2008 2111 ὁμοίως
2035 2063 2119 2110 ἡμῖν
2145 2059 2204 2096 καὶ
2232 2059 2355 2110 ἐτέχθη
2387 2060 2447 2097 καὶ

1426 2121 1576 2174 ἐτράφη,
1606 2122 1664 2160 καὶ
1695 2122 1757 2168 τὴν
1774 2126 1837 2172 γῆν
1858 2121 1999 2204 ιέκησε,
2024 2120 2083 2158 καὶ

1427 2183 1515 2220 ἀλλα
1529 2199 1571 2220 τα
1589 2183 1654 2220 ἄλλ
1658 2199 1679 2220 α
1700 2181 1786 2220 πολυ
1809 2183 1933 2233 μείζων
1958 2185 2058 2232 ἡμῶν
2074 2176 2115 2227 ἦν
2136 2181 2196 2218 καὶ
2215 2180 2371 2231 βελτίων,
2388 2180 2445 2219 τὸν

1427 2245 1539 2290 ζῆλον,
1565 2260 1627 2289 ττν
1650 2242 1779 2290 πίστιν,
1796 2259 1858 2289 την
1877 2242 2028 2293 ἀγάπην.
2056 2240 2305 2290 Μιμησώμεθα
2333 2241 2446 2279 τοίνυν

2109 2119 2193 2170 ἀέρα
2217 2119 2420 2158 ἀνέπνευσεν
2437 2135 2445 2143 ·

1426 2320 1539 2351 αυτον,
1565 2306 1677 2355 ἕωμεν
1706 2320 1765 2342 και
1786 2305 1830 2341 δι’
1850 2305 1950 2353 ημῶν
1971 2302 2179 2354 φθέγξασθαι
2205 2304 2254 2353 τῷ
2279 2303 2444 2353 Χριστῷ·

1426 2367 1586 2414 ἐπιθυμεῖ
1607 2365 1738 2413 μᾶλλον
1760 2367 1859 2400 τοῦτο
1878 2366 1978 2412 ἡμῶν
1996 2363 2112 2409 αὐτὸς,
2133 2362 2191 2398 καὶ
2214 2361 2270 2398 διὰ
2285 2366 2385 2399 τοῦτο
2405 2363 2445 2400 τὸ

1425 2424 1567 2475 ὄργανον
1603 2423 1832 2461 κατεσκεύασε
1872 2428 1991 2468 τοῦτο,
2030 2422 2088 2460 καὶ
2128 2424 2164 2460 οὗ
2207 2422 2296 2460 θέλει
2330 2422 2443 2472 μένειν

1835 2482 1980 2536 Βάργὸν,
2015 2485 2090 2521 ἀλλ’
2126 2483 2178 2521 ἀεὶ
2205 2483 2293 2534 μετὰ
2324 2489 2444 2534 χεῖρας

1870 2544 1917 2581 'li'
1949 2560 2001 2582 τοι
1995 2544 2061 2581 ’νυν
2098 2557 2135 2582 ου
2170 2545 2444 2597 παρασκευάζεις

1425 2484 1598 2536 ἄχρηστον
1634 2483 1714 2521 αυτὸ
1750 2500 1808 2521 και

1424 2545 1514 2619 εἔγειν
1544 2545 1627 2583 αὐτο
1662 2544 1760 2596 βουλ-
1748 2561 1834 2582 ται.

1422 2604 1559 2644 ἕτοιμον
1586 2606 1667 2643 αὗτο
1687 2622 1728 2657 τη
1750 2621 1807 2643 του
1827 2605 1983 2657 τεγνίτου
2003 2621 2043 2657 75
2049 2622 2113 2658 ιρι,
2141 2605 2230 2644 ἀλλα
2249 2607 2362 2657 χαλᾷς
2380 2606 2443 2650 τὰς

1422 2682 1558 2718 νευρας,
1576 2682 1635 2703 και
1652 2667 1724 2716 μα)
1717 2666 1902 2718 ακωτέρας
1918 2672 2027 2708 ποιεῖς
2043 2669 2085 2717 τῇ
2102 2668 2213 2717 τρυφῇ
2227 2696 2236 2712 ,
2250 2665 2308 2703 καὶ
2328 2682 2440 2718 αχρη-

1423 2741 1502 2763 στον
1535 2725 1619 2771 ὅλην
1652 2727 1922 2769 κατασκευάζεις
1955 2728 2048 2778 αὐτῷ
2079 2725 2142 2772 τὴν
2176 2726 2335 2778 κιθάραν,
2364 2726 2439 2764 δέον

1423 2786 1637 2838 ἕπισφίγγειν
1657 2786 1714 2824 καὶ
1737 2789 1876 2837 νευροῧν
1899 2786 1942 2824 τὰ
1963 2785 2070 2836 μέλη,
2092 2785 2151 2823 καὶ
2168 2785 2366 2838 ἐπιστύφειν
2389 2790 2438 2838 τῷ

1421 2849 1523 2885 ἅλατι
1552 2851 1600 2899 τῷ
1625 2850 1868 2899 πνευματικῷ;
1895 2847 1955 2885 Ἂν
1988 2846 2054 2898 γὰρ
2080 2847 2186 2889 οὕτως
2214 2847 2439 2899 ἡρμοσμένην

1422 2908 1527 2954 αὐτὴν
1556 2909 1632 2959 ἴδη,
1661 2908 1787 2959 ἦχήσει
1816 2908 1876 2945 καὶ
1911 2907 1967 2946 διὰ
1995 2910 2055 2953 τῆς
2080 2907 2254 2960 ἡμετέρας
2279 2911 2394 2960 ψυχῆς
2421 2913 2439 2947 ὁ

1419 2968 1581 3019 Χριστός.
1610 2968 1776 3006 Τοιούτου
1799 2967 1834 3006 δὲ
1853 2968 2057 3018 γενομένου,
2084 2968 2144 3005 καὶ
2173 2968 2336 3019 ἀγγέλους
2362 2969 2438 3021 ὄψει

1420 3031 1634 3080 σκιρτῶντας
1648 3028 1706 3065 καὶ
1725 3029 1961 3079 ἀρχαγγέλους
1980 3029 2039 3066 καὶ
2057 3028 2101 3067 τὰ
2114 3028 2306 3080 Χερουὸίμ.
2327 3027 2438 3066 Γενώ-

1421 3093 1507 3139 μεθα
1527 3088 1638 3126 τοίνυν
1659 3088 1747 3132 ἄξιοι
1766 3092 1833 3125 τῶν
1852 3091 1978 3140 χειρῶν
1993 3092 2060 3126 τῶν
2082 3088 2236 3140 ἀμώμων
2250 3105 2257 3112 ·
2273 3104 2436 3140 παρακα-

1417 3150 1571 3200 λέσωμεν
1587 3150 1687 3187 αὐτὸν
1704 3148 1763 3186 καὶ
1779 3151 1825 3191 εἷς
1844 3149 1906 3194 τὴν
1921 3149 2094 3201 ἡμετέραν
2114 3153 2258 3202 κροῦσαι
2279 3148 2434 3200 καρδίαν·

1429 3290 1502 3321 deni
1533 3297 1667 3322 auctore
1699 3289 1876 3322 deleximus
1902 3297 2004 3334 :cf—sm,
2024 3290 2112 3334 quod
2144 3289 2312 3334 legebatur
2336 3301 2433 3332 supra

1430 3350 1501 3383 [¹0³1
1517 3346 1622 3384 Ῑὼμεν.
1643 3344 1652 3383 l
