2502 3810
294 270 388 328 546
740 278 777 307 s.

294 373 363 412 cat,
381 371 522 412 totaque
542 358 650 411 ipsius
666 365 729 394 est.
753 355 939 394 Gloriatur
960 353 1068 401 enim,
1081 351 1176 403 quod
1197 366 1275 389 ma-

292 437 360 474 gua
375 422 419 459 de
439 421 499 458 illo
520 417 706 468 concipiat,
721 414 817 466 quod
831 415 866 451 111
882 413 980 451 illius
996 413 1147 464 gloriam
1161 421 1275 449 trans-

291 481 431 520 it.Ideo
459 480 508 516 ait
542 478 646 514 illum
675 476 805 513 babere
835 474 1082 526 gloriationem
1109 473 1144 510 in
1172 474 1275 510 Deo:

292 556 362 579 uon
380 542 447 578 hae
466 552 547 577 vero
569 537 695 585 solum,
716 535 775 574 sed
796 544 829 573 et
847 535 916 572 alia
936 534 979 572 de
994 549 1111 573 causa.
1128 533 1277 572 Gloria-

292 613 351 639 tur
376 601 469 638 enim
493 612 634 637 rursum
661 597 789 646 fidelis,
809 610 877 634 non
904 595 1008 633 modo
1038 594 1134 646 quod
1161 596 1278 632 Deum

293 665 426 702 sincere
441 671 548 711 amet,
561 660 621 699 sed
639 660 731 711 quod
747 674 878 712 magno
895 660 970 711 ejus
987 659 1118 696 honore
1134 667 1167 696 et
1182 671 1279 695 amo-

292 740 331 763 re
352 726 501 762 fruatur.
523 723 622 762 Sicut
642 722 735 760 enim
762 722 836 773 ipse
860 721 966 759 illum
985 719 1130 768 amavit,
1152 732 1279 770 magna

293 788 337 825 de
351 788 412 825 illo
428 787 640 838 imaginatus
663 789 674 833 (
693 785 760 823 1106
776 784 869 822 6111111
885 784 1014 822 amoris
1030 791 1279 834 argumentum

293 859 343 886 est
363 854 375 897 )
399 865 407 886 z
431 849 481 886 sic
499 857 531 885 et
550 849 647 885 Deus
664 847 766 883 11111111
788 845 921 884 amavit
941 844 1114 882 sexcentIS
1130 843 1280 895 peccatis
1301 853 1325 883 Ε

292 910 502 958 obnoxium,
532 923 596 946 nec
625 907 732 946 modo
757 922 777 945 a
805 907 981 959 supplicio
1012 905 1195 952 liberavit,
1222 904 1282 942 sed

292 971 399 1009 etiam
415 971 553 1023 justum
578 969 704 1008 effecit.
728 969 842 1006 Habet
862 968 970 1018 igitur
993 966 1168 1018 gloriandi
1194 979 1281 1002 eau-

295 1047 382 1081 sam,
398 1041 519 1084 utpote
550 1031 611 1082 qui
647 1045 776 1082 magna
804 1029 992 1067 dilectione
1025 1028 1192 1079 dignatus
1225 1027 1282 1065 sit.

298 1096 335 1131 5.
362 1096 466 1145 Quid
478 1097 580 1131 enim
603 1095 697 1131 dicit
722 1093 938 1144 Scriptura?
957 1092 1131 1129 Credidit
1148 1090 1282 1127 Abra-

297 1156 391 1192 ham
414 1157 512 1202 Deo,
539 1164 575 1192 et
601 1162 818 1205 reputatum
842 1161 898 1191 est
921 1153 984 1189 illi
1010 1152 1284 1202 adjustitiam.

297 1216 334 1252 A..
351 1217 404 1253 Ei
421 1224 550 1252 autem
566 1217 632 1266 qui
649 1222 840 1265 operatur,
859 1226 1000 1249 merces
1017 1225 1094 1248 non
1111 1213 1288 1262 imputa-

300 1285 362 1313 tur
374 1277 583 1313 secundum
598 1277 779 1326 gratiam,
789 1274 856 1311 sed
870 1273 1078 1310 secundum
1095 1274 1284 1309 meritum.

300 1336 408 1388 Ergo,
426 1337 574 1387 inquies,
588 1336 657 1373 1106
681 1336 795 1387 majus
817 1335 894 1372 est?
921 1335 1155 1384 Nequaquam
1175 1347 1182 1368 ι
1204 1346 1287 1369 nam

299 1407 331 1434 et
365 1397 517 1435 credenti
548 1397 764 1448 imputatur,
789 1409 857 1434 non
885 1395 1118 1447 imputaretur
1151 1402 1283 1437 antem,

300 1457 367 1494 nisi
385 1458 460 1510 ipse
478 1457 616 1508 aliquid
632 1457 820 1495 attulisset.

353 1528 390 1563 9,
423 1526 548 1576 Itaque
574 1525 634 1562 hic
660 1525 766 1562 etiam
793 1523 990 1560 debitorem
1019 1520 1124 1558 habet
1154 1521 1284 1565 Deum,

301 1599 363 1622 uec
385 1585 589 1636 vulgarium
621 1599 740 1622 rerum
764 1583 975 1631 debitorem,
997 1581 1056 1618 sed
1076 1593 1288 1630 magnarum

300 1655 333 1682 et
352 1646 575 1683 sublimium.
599 1647 791 1696 Postquam
808 1644 901 1681 enim
917 1641 1069 1679 ostendit
1086 1641 1186 1678 illius
1205 1640 1285 1677 ani—

301 1707 349 1743 mi
367 1707 626 1744 sublimitatem
641 1715 673 1743 et
689 1704 911 1757 spiritualem
931 1712 1098 1752 mentem,
1114 1716 1183 1739 non
1202 1702 1288 1739 sim-

299 1767 440 1818 pliciter
456 1766 563 1815 dixit,
583 1765 763 1815 Credenti,
784 1764 857 1812 sed,
880 1765 915 1802 5.
938 1765 1120 1802 credenti
1138 1766 1180 1800 in
1201 1777 1286 1800 eum

816 274 998 306 JOANMS
1035 272 1272 302 CHRYSOST.
1312 270 1516 300 ARCHIEP.
1557 270 1911 302 CONSTANTINOP.

1344 350 1389 389 δι’
1402 350 1529 403 ἕτερον.
1553 353 1740 403 Καυχᾶται
1753 352 1820 404 γὰρ
1839 352 1944 390 πάλιν
1964 355 1980 390 ὃ
2000 352 2120 396 πιστὸς
2134 382 2143 399 ,
2159 353 2221 404 οὐχ
2236 352 2288 391 ὅτι
2303 353 2360 392 τὸν

1344 412 1433 451 Θεὸν
1446 412 1588 464 ἐφίλησε
1605 413 1707 462 μόνον
1722 413 1887 463 γνησίως,
1901 415 1976 451 ἀλλ’
1992 414 2044 452 ὅτι
2054 414 2113 451 καὶ
2132 416 2263 459 πολλῆς
2278 417 2360 466 παρ’

1347 475 1448 511 αὐτοῦ
1461 476 1565 524 τιμῆς
1586 472 1766 519 ἀπήλαυσε
1783 473 1841 510 καὶ
1859 473 2009 524 ἀγάπης.
2022 474 2164 527 υΩσπερ
2180 474 2246 525 γὰρ
2264 475 2364 517 αὐτὸς

1348 534 1447 572 αὐτὸν
1462 535 1625 585 ἠγάπησε
1654 534 1789 586 μεγάλα
1813 534 1894 585 περὶ
1914 536 2015 572 αὐτοῦ
2033 536 2366 587 φαντασθείς·τοῦτο

1347 595 1415 648 γὰρ
1430 595 1568 646 ἀγάπης
1589 596 1731 646 δεῖγμα·
1752 594 1840 633 οὕτω
1859 594 1919 632 καὶ
1953 598 1970 632 ὃ
2000 597 2088 639 Θεὸς
2107 597 2206 634 αὐτὸν
2224 596 2366 648 ἐφίλησε

1350 655 1483 707 μυρίοις
1509 656 1696 694 ὑπεύθυνον
1733 656 1834 702 ὄντα,
1862 655 1939 707 οὐχὶ
1964 656 2137 700 κολάσεως
2166 657 2368 701 ἀπαλλάξας

1349 717 1464 767 μόνον,
1485 717 1573 755 ἀλλὰ
1599 717 1657 754 καὶ
1692 717 1822 755 δίκαιον
1854 717 2099 768 ἐργασάμενος.
2120 717 2222 770 ’Έχει
2254 718 2366 756 τοίνυν

1350 782 1548 829 καυχᾶσθαι
1566 781 1612 821 ὡς
1635 777 1788 830 μεγάλης
1806 778 2025 822 καταξιωθεὶς
2052 778 2201 829 ἀγάπης.
2232 779 2280 817 Τί
2302 779 2368 831 γὰρ

1350 842 1371 885 ἦ
1393 839 1516 892 Γραφὴ
1538 839 1649 891 λέγει,
1670 837 1898 877 Ἐπίστευσεν
1919 838 2078 892 Ἀέραὰμ
2115 842 2164 891 τῷ
2187 842 2290 893 Θεῷ,
2309 840 2369 878 καὶ

1351 900 1509 951 ἐλογίσθη
1528 901 1621 951 αὐτῷ
1650 902 1696 943 εἷς
1726 898 1956 946 δικαιοσύνην.
1975 902 2038 952 Τῷ
2058 899 2091 938 δὲ
2116 900 2334 953 ἐργαζομένῳ
2353 904 2370 938 ὁ

1353 962 1472 1012 μισθὸς
1486 964 1522 1000 οὖ
1540 961 1712 1012 λογίζεται
1729 961 1819 1000 κατὰ
1838 961 1955 1012 χάριν,
1975 961 2064 999 ἀλλὰ
2079 961 2169 999 κατὰ
2184 962 2369 1013 ὀφείλημα.

1353 1025 1489 1061 Οὐκοῦν
1505 1027 1604 1060 τοῦτο
1627 1025 1739 1073 μεῖζον
1755 1053 1764 1069 ,
1790 1022 1912 1074 φησίν,
1934 1023 2125 1072 Οὐδαμῶς·
2149 1022 2208 1060 καὶ
2227 1023 2294 1075 γὰρ
2321 1026 2371 1075 τῷ

1353 1083 1549 1122 πιστεύοντι
1569 1082 1763 1134 λογίζεται·
1784 1084 1845 1121 οὐκ
1873 1081 1912 1120 ἂν
1934 1082 1968 1121 δὲ
1995 1083 2176 1135 ἐλογίσθη,
2197 1086 2225 1121 εἷ
2246 1083 2293 1134 μὴ
2312 1084 2370 1121 καὶ

1355 1144 1454 1188 αὐτός
1472 1161 1505 1182 τι
1521 1144 1728 1196 εἰσήνεγκεν.
2241 1136 2244 1139 .

1410 1515 1523 1553 εὨ-στε
1543 1515 1601 1553 καὶ
1625 1508 1721 1558 οὗτος
1747 1513 1925 1566 ὀφειλέτην
1946 1514 2019 1566 ἔχει
2049 1514 2106 1552 τὸν
2121 1514 2222 1561 Θεὸν,
2246 1514 2304 1552 καὶ
2337 1518 2374 1552 οὐ

1357 1579 1425 1613 τῶν
1450 1576 1624 1627 τυχόντων
1657 1575 1850 1628 ὀφειλέτην,
1871 1575 1960 1614 ἀλλὰ
1980 1575 2139 1627 μεγάλων
2159 1575 2217 1613 καὶ
2234 1577 2375 1627 ὑψηλῶν

1357 1637 1586 1689 πραγμάτων.
1607 1636 1748 1680 Δεικνὺς
1767 1636 1834 1689 γὰρ
1860 1639 1962 1676 αὐτοῦ
1989 1636 2051 1684 τὴν
2072 1637 2296 1688 μεγαλόνοιαν
2317 1637 2375 1674 καὶ

1356 1698 1418 1745 τὴν
1439 1698 1673 1749 πνευματικὴν
1703 1699 1868 1746 διάνοιαν,
1897 1700 1963 1752 οὐχ
1984 1700 2102 1742 ἁπλῶς
2120 1693 2216 1746 εἶπε,
2245 1701 2294 1751 τῷ
2314 1714 2376 1736 πι-

1357 1758 1533 1806 στεύοντι,
1566 1759 1678 1806 ἀλλὰ,
1703 1761 1735 1797 Τ
1738 1763 1765 1812 ῷ
1793 1760 1988 1803 πιστεύοντι
2017 1760 2073 1798 ἐπὶ
2094 1760 2152 1798 τὸν
2179 1761 2376 1797 δικαιοῦντα

299 1830 367 1878 qui
377 1828 573 1880 justificat
593 1829 764 1878 impium.
787 1826 990 1877 Imputatur
1010 1823 1099 1862 fides
1118 1823 1230 1876 ipsius
1251 1824 1285 1861 in
1296 1855 1343 1880 499
1356 1820 1414 1857 τὸν
1434 1820 1556 1867 ἀσεὸῆ.
1573 1821 1758 1872 Αογίζεται
1776 1824 1798 1867 ἡ
1816 1821 1932 1865 πίστις
1950 1823 2052 1860 αὐτοῦ
2079 1823 2125 1864 εἷς
2144 1821 2373 1868 δικαιοσύνην.

294 1890 308 1939 j
317 1889 485 1927 ustitiam.
507 1888 630 1939 Cogita
660 1887 753 1924 enim
781 1895 953 1938 quantum
982 1886 1047 1924 hoc
1071 1886 1130 1935 sit,
1147 1885 1285 1923 eredere
1308 1892 1335 1921 A
1357 1881 1541 1928 Ἐννόησον
1555 1882 1621 1934 γὰρ
1646 1881 1765 1929 ἡλίκον
1786 1882 1858 1920 ἐστὶ
1877 1885 2057 1928 πεισθῆναι
2075 1882 2133 1919 καὶ
2149 1883 2375 1934 πληροφορη-

299 1959 331 1987 et
351 1950 536 1988 certiorem
566 1949 658 1999 fieri,
680 1948 776 1999 quod
801 1948 912 2000 possit
933 1949 1028 1985 Deus
1048 1962 1141 1993 euni,
1160 1947 1220 1997 qui
1249 1947 1287 1984 111

301 2012 483 2064 impietate
501 2011 646 2059 vixerit,
662 2019 803 2062 repente
823 2024 891 2047 non
914 2024 933 2047 a
956 2008 1131 2061 supplicio
1148 2017 1287 2046 tautum

299 2073 462 2121 liberare,
481 2072 542 2110 sed
560 2072 666 2109 etiam
681 2073 820 2124 justum
834 2072 959 2120 facere,
979 2080 1012 2108 et
1027 2069 1287 2108 immortalibus

301 2135 372 2173 illis
392 2136 534 2187 dignari
548 2135 758 2173 honoribus.
779 2136 832 2172 Ne
851 2134 970 2184 itaque
986 2143 1088 2185 putes
1105 2134 1201 2170 huuc
1220 2133 1287 2170 mi-

301 2211 424 2234 norem
448 2211 534 2244 esse,
551 2196 719 2246 quoniam
744 2195 799 2232 illi
821 2209 890 2232 non
915 2194 1109 2232 secundum
1137 2194 1288 2245 gratiam

303 2257 511 2308 imputatur.
539 2257 614 2293 Hoc
646 2256 739 2293 enim
764 2256 883 2306 ipsum
914 2255 996 2292 facit
1027 2264 1065 2291 ut
1094 2255 1212 2292 fidelis
1244 2254 1290 2291 sit

304 2317 526 2369 splendidus,
547 2316 639 2367 quod
662 2326 759 2353 tauta
779 2317 917 2353 fruatur
938 2315 1064 2366 gratia,
1086 2315 1181 2365 quod
1204 2324 1288 2351 tau-

303 2385 375 2413 tam
394 2376 562 2413 exhibeat
580 2375 702 2413 fidem.
727 2375 774 2412 Et
793 2373 877 2412 vide
890 2375 1059 2426 majorem
1077 2388 1218 2423 quoque
1236 2387 1289 2411 re-

1311 2377 1334 2406 &J

303 2437 545 2475 tributionem.
576 2436 635 2473 llli
665 2436 759 2474 enim
788 2450 918 2473 merces
947 2435 1067 2485 datur,
1094 2435 1180 2472 huic
1206 2449 1288 2472 vero

299 2497 439 2549 justitia
460 2514 468 2534 ε
489 2497 601 2534 multo
618 2505 735 2534 autem
750 2497 862 2548 major
879 2505 928 2533 est
941 2495 1079 2547 justitia
1096 2495 1256 2532 mercede
1277 2510 1284 2530 :

304 2559 433 2596 inultas
448 2558 578 2610 quippe
593 2557 984 2609 complectiturjustitia
996 2556 1186 2594 mercedes.
1197 2557 1288 2594 Cum

303 2634 385 2671 ergo
400 2635 444 2658 ex
460 2620 660 2657 Abrahamo
676 2619 744 2656 hoc
757 2618 976 2668 ostendisset,
994 2618 1172 2655 Davidem
1190 2617 1290 2656 dein-

303 2681 348 2718 ‹le
367 2681 504 2718 iudueit
526 2680 632 2718 dictis
660 2679 948 2731 adstipulantem.
972 2678 1070 2726 Quid
1101 2692 1183 2729 ergo
1202 2678 1289 2716 dicit

304 2742 438 2792 David,
465 2751 497 2780 et
529 2756 632 2792 quem
659 2741 803 2778 beatum
821 2739 1016 2792 praedicat?
1031 2754 1157 2777 eumue
1173 2739 1235 2790 qui
1253 2740 1289 2777 in

304 2804 470 2855 operibus
485 2802 670 2854 gloriatur,
688 2815 732 2839 an
749 2815 830 2839 eum
845 2800 905 2851 qui
920 2800 1072 2852 gratiam
1088 2801 1234 2853 accepit,
1251 2814 1291 2837 ac

304 2864 365 2914 qui
381 2864 622 2901 remissionem
637 2872 669 2900 et
687 2862 822 2900 donum
839 2861 982 2899 sortitus
996 2862 1073 2899 est?
1091 2860 1291 2899 Beatitudi-

305 2939 383 2962 11611]
413 2939 493 2962 611111
525 2923 618 2972 dico,
639 2923 780 2960 eulmen
811 2923 988 2960 bonorum
1013 2922 1173 2960 omnium
1197 2922 1291 2961 dico.

307 2986 406 3023 Sicut
421 2985 515 3022 enim
535 2983 695 3021 mercede
714 2984 828 3035 major
847 2991 898 3020 est
913 2982 1067 3034 justitia,
1090 2983 1140 3020 sic
1156 2982 1293 3034 justitia

307 3047 419 3098 major
438 3055 488 3084 est
521 3045 716 3083 beatitudo.
738 3045 828 3082 Cum
845 3043 1053 3082 ostendisset
1080 3057 1163 3094 ergo
1181 3044 1292 3095 justi-
1315 3059 1338 3089 C

306 3108 391 3144 tiam
412 3108 580 3159 majorem
594 3120 677 3154 esse,
698 3120 766 3143 non
789 3105 885 3156 quod
906 3104 1088 3142 Abraham
1108 3105 1209 3141 illam
1229 3119 1291 3142 ac-

308 3169 438 3219 ceperit
470 3177 618 3214 tantum,
642 3167 703 3205 sed
733 3167 839 3205 etiam
869 3181 890 3204 a
918 3165 1114 3205 ratiociniis
1134 3170 1145 3213 (
1162 3167 1293 3204 Habet

354 3311 366 3323 ³
390 3302 483 3333 Unus
499 3300 610 3333 Codex
628 3307 676 3335 τὸν
692 3308 720 3335 ἐν
739 3307 830 3347 {jo-sos
847 3309 994 3344 καμόντα,
1010 3305 1026 3337 τ’,
1042 3307 1090 3335 τον
1106 3307 1226 3346 χάριτος
1238 3306 1308 3334 αἶπο-

312 3356 497 3393 .λελα·αι;’τα,
519 3356 636 3390 effraim
663 3358 708 3387 ὅτι
740 3359 788 3386 τὸν
804 3360 942 3397 ἀφέσεως.
962 3354 1077 3386 Lectio
1095 3352 1148 3384 illa
1175 3361 1311 3396 καμόντα.

313 3416 377 3436 11011
402 3403 583 3445 spernenda
601 3421 607 3439 ς
627 3406 691 3436 imo
711 3403 798 3436 illam
817 3403 1010 3446 adoptarem
1027 3431 1034 3446 ,-
1061 3404 1119 3436 nisi
1139 3404 1240 3436 attera
1260 3420 1310 3438 ις·

1356 1946 1476 1990 θῆναι,
1496 1942 1549 1981 ὅτι
1571 1943 1709 1981 δύναται
1725 1947 1741 1981 ὃ
1758 1944 1846 1986 Θεὸς
1874 1944 1931 1982 τὸν
1953 1945 1987 1980 ἐν
2012 1943 2153 1995 ἀσεὲεία
2182 1941 2373 1993 βεὸιωκότα

1355 2007 1471 2040 τοῦτον
1505 2002 1663 2056 ἐξαίφνης
1686 2004 1761 2056 οὐχὶ
1789 2004 1963 2046 κολάσεως
1996 2006 2222 2056 ἐλευθερῶσαι
2256 2001 2373 2052 μόνον,

1357 2063 1445 2102 ἀλλὰ
1468 2064 1528 2102 καὶ
1545 2064 1675 2104 δίκαιον
1696 2069 1860 2112 ποιῆσαι,
1877 2066 1936 2103 καὶ
1956 2068 2023 2103 τῶν
2041 2064 2220 2102 ἀθανάτων
2239 2063 2376 2100 ἐκείνων

1357 2124 1502 2168 ἀξιῶσαι
1523 2128 1647 2175 τιμῶν.
1683 2126 1743 2173 Μὴ
1775 2126 1886 2165 τοίνυν
1907 2126 2053 2178 νομίσῃς
2078 2130 2194 2164 τοῦτον
2217 2126 2377 2163 ἐλαττοῦ-

1358 2189 1455 2233 σθαι,
1487 2187 1606 2232 ἐπειδὴ
1633 2186 1753 2240 ἐκείνῳ
1780 2191 1816 2226 οὐ
1847 2187 1938 2226 κατὰ
1959 2188 2060 2239 χάριν
2079 2187 2263 2238 λογίζεται.
2284 2185 2378 2223 Αὐτὸ

1358 2246 1424 2297 γὰρ
1443 2251 1544 2285 τοῦτο
1574 2248 1726 2298 μάλιστα
1748 2255 1839 2286 ποιεῖ
1871 2249 1928 2286 τὸν
1948 2247 2070 2285 πιστὸν
2094 2242 2180 2284 εἶναι
2202 2246 2376 2298 λαμπρὸν,

1358 2306 1397 2343 τὸ
1416 2308 1586 2353 τοσαύτης
1611 2310 1807 2346 ἀπολαῦσαι
1837 2307 1994 2359 χάριτος,
2014 2307 2053 2344 τὸ
2081 2307 2243 2354 τοιαύτην
2259 2306 2374 2344 πίστιν

1359 2366 1604 2410 ἐπιδείξασθαι.
1640 2367 1708 2404 Καὶ
1741 2367 1805 2419 ὅρα
1843 2368 1900 2405 καὶ
1931 2367 1995 2413 τὴν
2026 2367 2196 2421 ἀντίδοσιν
2225 2368 2374 2418 μείζονα.

1360 2426 1506 2478 Ἔκείνῳ
1526 2427 1586 2477 μὲν
1605 2427 1672 2480 γὰρ
1692 2428 1810 2478 μισθὸς
1825 2428 1973 2476 δίδοται,
1989 2429 2097 2480 τούτῳ
2113 2430 2148 2467 δὲ
2165 2429 2375 2475 δικαιοσύνη·

1359 2487 1446 2525 πολὺ
1476 2487 1510 2526 δὲ
1527 2488 1653 2539 μείζων
1675 2493 1798 2539 μισθοῦ
1825 2489 2022 2535 δικαιοσύνη
2035 2505 2043 2512 ·
2066 2491 2203 2527 πολλῶν
2221 2490 2286 2541 γάρ
2303 2491 2377 2527 ἔστι

1361 2552 1491 2599 μισθῶν
1513 2552 1809 2602 περιεκτικωτάτη
1831 2551 2001 2594 ἀντίδοσις
2021 2555 2042 2597 ἡ
2067 2551 2278 2598 δικαιοσύνη.
2299 2551 2378 2589 Δεί-

1361 2609 1418 2654 ξας
1433 2610 1544 2649 τοίνυν
1566 2612 1633 2649 ἀπὸ
1662 2617 1721 2650 τοῦ
1758 2612 1918 2664 Ἀέραὰμ
1948 2618 2068 2661 τοῦτο,
2101 2612 2160 2650 καὶ
2187 2612 2243 2650 τὸν
2270 2611 2379 2649 Δαυὶδ

1361 2674 1483 2725 ἐπάγει
1512 2673 1630 2711 λοιπὸν
1661 2673 1892 2725 ψηφιζόμενον
1918 2680 1989 2716 τοῖς
2024 2673 2229 2725 εἰρημένοις.
2249 2673 2296 2711 Τί
2321 2668 2378 2711 οὖν

1363 2750 1464 2786 φησιν
1485 2736 1501 2771 ὁ
1522 2734 1647 2782 Δαυὶδ,
1679 2734 1738 2772 καὶ
1762 2734 1839 2772 τίνα
1872 2735 2075 2786 μακαρίζει,
2095 2735 2177 2772 εἰτὸν
2206 2737 2238 2772 ἐν
2269 2734 2379 2786 ἔργοις

1363 2799 1544 2847 κομῶντα,
1564 2796 1586 2841 ἢ
1606 2797 1662 2835 τὸν
1682 2797 1825 2847 χάριτος
1844 2795 2124 2842 ἀπολελαυκότα,
2152 2795 2208 2833 τὸν
2228 2794 2380 2847 ἀφέσεως

1363 2858 1421 2896 καὶ
1440 2858 1569 2908 δωρεᾶς
1588 2857 1804 2908 τετυχηκότα
1820 2874 1829 2904 3
1850 2856 2105 2909 Μακαριότητα
2125 2855 2158 2894 δὲ
2174 2856 2254 2893 ὅταν
2275 2855 2380 2904 εἴπω,

1363 2919 1425 2966 την
1446 2918 1599 2971 κορυφὴν
1622 2917 1714 2969 λέγω
1729 2921 1797 2955 τῶν
1817 2920 1954 2968 ἀγαθῶν
1973 2917 2143 2955 ἁπάντων.
2161 2916 2300 2969 (Ὠσπερ
2313 2917 2380 2968 γὰρ

1366 2984 1487 3031 μισθοῦ
1507 2980 1610 3017 πλέον
1629 2983 1650 3025 ἦ
1669 2979 1887 3026 δικαιοσύνη,
1914 2978 2002 3016 οὕτω
2030 2978 2248 3024 δικαιοσύνης
2277 2979 2380 3017 πλέον

1365 3045 1382 3080 ὃ
1401 3040 1632 3092 μακαρισμός.
1656 3040 1777 3084 Δείξας
1799 3039 1909 3077 τοίνυν
1926 3039 1989 3085 τὴν
2007 3040 2224 3087 δικαιοσύνην
2243 3039 2381 3091 βελτίω,

1365 3104 1401 3141 οὐ
1421 3104 1470 3153 τῷ
1494 3102 1551 3140 τὸν
1570 3100 1729 3152 Ἀδραὰμ
1750 3100 1857 3146 αὐτὴν
1877 3099 2052 3151 εἰληφέναι
2078 3100 2194 3150 μόνον,
2214 3100 2303 3139 ἀλλὰ
2322 3100 2382 3138 καὶ

1366 3164 1433 3202 ἀπὸ
1445 3165 1620 3214 λογισμῶν
1644 3162 1769 3214 (Ἔχει
1796 3160 1862 3213 γὰρ
1893 3160 2060 3213 καύχημα
2074 3191 2083 3209 ,
2099 3161 2218 3213 φησὶν,
2241 3162 2316 3199 ἀλλ’
2345 3163 2382 3198 οὐ

1376 3310 1480 3341 ,urnam
1497 3300 1528 3330 in
1555 3297 1707 3330 omnibus
1724 3295 1835 3327 Editis
1862 3303 1893 3327 et
1911 3297 1983 3327 fils-5.
2004 3296 2066 3329 hoc
2086 3308 2148 3329 uuo
2167 3303 2305 3339 excepto
2323 3294 2382 3327 ba-

1378 3351 1508 3383 lueretur
1537 3352 1582 3392 [A
1617 3359 1746 3391 quoquc
1764 3355 1910 3390 κγμέντα.
1932 3348 1940 3380 1
