<?xml version="1.0" encoding="UTF-8"?>
<!DOCTYPE html PUBLIC "-//W3C//DTD XHTML 1.0 Transitional//EN"
    "http://www.w3.org/TR/xhtml1/DTD/xhtml1-transitional.dtd">
<html xmlns="http://www.w3.org/1999/xhtml" xml:lang="en" lang="en">
 <head>
  <title>
</title>
<meta http-equiv="Content-Type" content="text/html;charset=utf-8" />
  <meta name='ocr-system' content='tesseract 3.04.00' />
  <meta name='ocr-capabilities' content='ocr_page ocr_carea ocr_par ocr_line ocrx_word'/>
</head>
<body>
  <div class='ocr_page' id='page_1' title='image "./operaomniaquaeex09johnuoft/operaomniaquaeex09johnuoft_0552.png"; bbox 0 0 2502 3810; ppageno 0'>
   <div class='ocr_carea' id='block_1_1' title="bbox 127 1514 286 1546">
    <p class='ocr_par' dir='ltr' id='par_1_1' title="bbox 127 1514 286 1546">
     <span class='ocr_line' id='line_1_1' title="bbox 127 1514 286 1546; baseline 0 -3"><span class='ocrx_word' id='word_1_1' title='bbox 127 1524 152 1543; x_wconf 82' lang='grc'><strong>1.</strong></span> <span class='ocrx_word' id='word_1_2' title='bbox 173 1514 240 1543; x_wconf 79' lang='lat' dir='ltr'><strong>Cor.</strong></span> <span class='ocrx_word' id='word_1_3' title='bbox 255 1515 286 1546; x_wconf 83' lang='grc'>5,</span> 
     </span>
    </p>
   </div>
   <div class='ocr_carea' id='block_1_2' title="bbox 127 2383 310 2424">
    <p class='ocr_par' dir='ltr' id='par_1_2' title="bbox 127 2383 310 2424">
     <span class='ocr_line' id='line_1_2' title="bbox 127 2383 310 2424; baseline 0 -12"><span class='ocrx_word' id='word_1_4' title='bbox 127 2385 243 2413; x_wconf 67' lang='lat' dir='ltr'><strong>mem.</strong></span> <span class='ocrx_word' id='word_1_5' title='bbox 262 2383 310 2424; x_wconf 75' lang='lat'><strong>24.</strong></span> 
     </span>
    </p>
   </div>
   <div class='ocr_carea' id='block_1_3' title="bbox 130 2434 178 2453">
    <p class='ocr_par' dir='ltr' id='par_1_3' title="bbox 130 2434 178 2453">
     <span class='ocr_line' id='line_1_3' title="bbox 130 2434 178 2453; baseline 0 -1"><span class='ocrx_word' id='word_1_6' title='bbox 130 2434 178 2453; x_wconf 76' lang='lat'><strong>12.</strong></span> 
     </span>
    </p>
   </div>
   <div class='ocr_carea' id='block_1_4' title="bbox 124 2743 221 2820">
    <p class='ocr_par' dir='ltr' id='par_1_4' title="bbox 124 2743 221 2820">
     <span class='ocr_line' id='line_1_4' title="bbox 124 2743 221 2772; baseline 0.021 -2"><span class='ocrx_word' id='word_1_7' title='bbox 124 2743 221 2772; x_wconf 79' lang='lat' dir='ltr'><strong>Eccli.</strong></span> 
     </span>
     <span class='ocr_line' id='line_1_5' title="bbox 129 2791 176 2820; baseline 0 -10"><span class='ocrx_word' id='word_1_8' title='bbox 129 2791 176 2820; x_wconf 84' lang='lat'><strong>¹9·</strong></span> 
     </span>
    </p>
   </div>
   <div class='ocr_carea' id='block_1_5' title="bbox 329 215 1034 261">
    <p class='ocr_par' dir='ltr' id='par_1_5' title="bbox 329 215 1034 261">
     <span class='ocr_line' id='line_1_6' title="bbox 329 215 1034 261; baseline -0.01 0"><span class='ocrx_word' id='word_1_9' title='bbox 329 215 417 261; x_wconf 81' lang='lat'><strong>502</strong></span> <span class='ocrx_word' id='word_1_10' title='bbox 773 228 810 258; x_wconf 87' lang='grc'><strong>5.</strong></span> <span class='ocrx_word' id='word_1_11' title='bbox 850 226 1034 257; x_wconf 55' lang='lat' dir='ltr'><strong>som-ms</strong></span> 
     </span>
    </p>
   </div>
   <div class='ocr_carea' id='block_1_6' title="bbox 318 306 1355 1751">
    <p class='ocr_par' dir='ltr' id='par_1_6' title="bbox 318 306 1355 1751">
     <span class='ocr_line' id='line_1_7' title="bbox 322 306 1309 361; baseline -0.007 -13"><span class='ocrx_word' id='word_1_12' title='bbox 322 311 441 361; x_wconf 82' lang='lat' dir='ltr'><strong>potius</strong></span> <span class='ocrx_word' id='word_1_13' title='bbox 457 323 563 359; x_wconf 84' lang='lat' dir='ltr'><strong>quam</strong></span> <span class='ocrx_word' id='word_1_14' title='bbox 578 322 621 345; x_wconf 81' lang='lat' dir='ltr'><strong>ex</strong></span> <span class='ocrx_word' id='word_1_15' title='bbox 637 308 758 358; x_wconf 84' lang='lat' dir='ltr'>rapina</span> <span class='ocrx_word' id='word_1_16' title='bbox 775 306 895 343; x_wconf 86' lang='lat' dir='ltr'><strong>dicens</strong></span> <span class='ocrx_word' id='word_1_17' title='bbox 922 319 1013 343; x_wconf 87' lang='lat' dir='ltr'><strong>essse</strong></span> <span class='ocrx_word' id='word_1_18' title='bbox 1028 313 1213 356; x_wconf 87' lang='lat' dir='ltr'><strong>peccatum</strong></span> <span class='ocrx_word' id='word_1_19' title='bbox 1230 333 1242 354; x_wconf 89' lang='lat'><strong>,</strong></span> <span class='ocrx_word' id='word_1_20' title='bbox 1277 313 1309 341; x_wconf 89' lang='lat' dir='ltr'><strong>et</strong></span> 
     </span>
     <span class='ocr_line' id='line_1_8' title="bbox 322 365 1310 416; baseline -0.008 -8"><span class='ocrx_word' id='word_1_21' title='bbox 322 370 507 408; x_wconf 85' lang='lat' dir='ltr'><strong>ostendens</strong></span> <span class='ocrx_word' id='word_1_22' title='bbox 528 382 596 405; x_wconf 94' lang='lat' dir='ltr'><strong>non</strong></span> <span class='ocrx_word' id='word_1_23' title='bbox 616 381 661 403; x_wconf 76' lang='lat' dir='ltr'><strong>ex</strong></span> <span class='ocrx_word' id='word_1_24' title='bbox 677 380 803 415; x_wconf 87' lang='lat' dir='ltr'><strong>carne,</strong></span> <span class='ocrx_word' id='word_1_25' title='bbox 830 375 868 403; x_wconf 89' lang='lat' dir='ltr'><strong>ut</strong></span> <span class='ocrx_word' id='word_1_26' title='bbox 883 365 1031 416; x_wconf 83' lang='lat' dir='ltr'><strong>quidam</strong></span> <span class='ocrx_word' id='word_1_27' title='bbox 1060 365 1310 402; x_wconf 81' lang='lat' dir='ltr'><strong>haeretieorum</strong></span> 
     </span>
     <span class='ocr_line' id='line_1_9' title="bbox 324 425 1310 476; baseline -0.006 -9"><span class='ocrx_word' id='word_1_28' title='bbox 324 430 469 474; x_wconf 81' lang='lat' dir='ltr'><strong>dicunt,</strong></span> <span class='ocrx_word' id='word_1_29' title='bbox 488 427 548 465; x_wconf 91' lang='lat' dir='ltr'><strong>sed</strong></span> <span class='ocrx_word' id='word_1_30' title='bbox 563 441 609 464; x_wconf 77' lang='lat' dir='ltr'><strong>ex</strong></span> <span class='ocrx_word' id='word_1_31' title='bbox 623 426 741 463; x_wconf 84' lang='lat' dir='ltr'><strong>animo</strong></span> <span class='ocrx_word' id='word_1_32' title='bbox 757 435 790 464; x_wconf 90' lang='lat' dir='ltr'><strong>et</strong></span> <span class='ocrx_word' id='word_1_33' title='bbox 805 435 921 463; x_wconf 89' lang='lat' dir='ltr'><strong>mente</strong></span> <span class='ocrx_word' id='word_1_34' title='bbox 938 426 1039 463; x_wconf 84' lang='lat' dir='ltr'><strong>malae</strong></span> <span class='ocrx_word' id='word_1_35' title='bbox 1060 425 1310 476; x_wconf 90' lang='lat' dir='ltr'><strong>concupiscen-</strong></span> 
     </span>
     <span class='ocr_line' id='line_1_10' title="bbox 321 485 1310 540; baseline -0.005 -14"><span class='ocrx_word' id='word_1_36' title='bbox 321 490 376 526; x_wconf 79' lang='lat' dir='ltr'><strong>tiae</strong></span> <span class='ocrx_word' id='word_1_37' title='bbox 412 496 556 540; x_wconf 86' lang='lat' dir='ltr'><strong>peecata</strong></span> <span class='ocrx_word' id='word_1_38' title='bbox 594 486 792 538; x_wconf 86' lang='lat' dir='ltr'><strong>proficisci,</strong></span> <span class='ocrx_word' id='word_1_39' title='bbox 825 495 860 524; x_wconf 87' lang='lat' dir='ltr'><strong>et</strong></span> <span class='ocrx_word' id='word_1_40' title='bbox 891 486 987 523; x_wconf 88' lang='lat' dir='ltr'><strong>hunc</strong></span> <span class='ocrx_word' id='word_1_41' title='bbox 1025 499 1098 523; x_wconf 89' lang='lat' dir='ltr'><strong>esse</strong></span> <span class='ocrx_word' id='word_1_42' title='bbox 1130 485 1310 523; x_wconf 90' lang='lat' dir='ltr'><strong>malorum</strong></span> 
     </span>
     <span class='ocr_line' id='line_1_11' title="bbox 320 546 1310 599; baseline -0.003 -14"><span class='ocrx_word' id='word_1_43' title='bbox 320 549 478 586; x_wconf 87' lang='lat' dir='ltr'><strong>omnium</strong></span> <span class='ocrx_word' id='word_1_44' title='bbox 497 548 641 584; x_wconf 86' lang='lat' dir='ltr'><strong>fontem.</strong></span> <span class='ocrx_word' id='word_1_45' title='bbox 657 548 849 599; x_wconf 90' lang='lat' dir='ltr'><strong>Postquam</strong></span> <span class='ocrx_word' id='word_1_46' title='bbox 866 547 960 584; x_wconf 89' lang='lat' dir='ltr'><strong>enim</strong></span> <span class='ocrx_word' id='word_1_47' title='bbox 979 560 1076 584; x_wconf 89' lang='lat' dir='ltr'><strong>mens</strong></span> <span class='ocrx_word' id='word_1_48' title='bbox 1093 546 1243 598; x_wconf 88' lang='lat' dir='ltr'><strong>reproba</strong></span> <span class='ocrx_word' id='word_1_49' title='bbox 1252 546 1310 582; x_wconf 84' lang='lat' dir='ltr'><strong>fa-</strong></span> 
     </span>
     <span class='ocr_line' id='line_1_12' title="bbox 320 606 1310 659; baseline -0.003 -13"><span class='ocrx_word' id='word_1_50' title='bbox 320 618 373 646; x_wconf 85' lang='lat' dir='ltr'><strong>cta</strong></span> <span class='ocrx_word' id='word_1_51' title='bbox 389 617 454 658; x_wconf 86' lang='lat' dir='ltr'><strong>est,</strong></span> <span class='ocrx_word' id='word_1_52' title='bbox 473 607 597 659; x_wconf 84' lang='lat' dir='ltr'><strong>auriga</strong></span> <span class='ocrx_word' id='word_1_53' title='bbox 614 617 791 659; x_wconf 86' lang='lat' dir='ltr'><strong>corrupto,</strong></span> <span class='ocrx_word' id='word_1_54' title='bbox 807 607 925 645; x_wconf 86' lang='lat' dir='ltr'><strong>omnia</strong></span> <span class='ocrx_word' id='word_1_55' title='bbox 938 606 1083 644; x_wconf 87' lang='lat' dir='ltr'><strong>demum</strong></span> <span class='ocrx_word' id='word_1_56' title='bbox 1095 606 1310 643; x_wconf 86' lang='lat' dir='ltr'><strong>labefactan-</strong></span> 
     </span>
     <span class='ocr_line' id='line_1_13' title="bbox 319 669 1311 720; baseline -0.004 -14"><span class='ocrx_word' id='word_1_57' title='bbox 319 679 378 707; x_wconf 87' lang='lat' dir='ltr'><strong>tur</strong></span> <span class='ocrx_word' id='word_1_58' title='bbox 396 678 430 707; x_wconf 90' lang='lat' dir='ltr'><strong>et</strong></span> <span class='ocrx_word' id='word_1_59' title='bbox 449 670 716 706; x_wconf 87' lang='lat' dir='ltr'><strong>subvertuntur.</strong></span> <span class='ocrx_word' id='word_1_60' title='bbox 738 669 801 706; x_wconf 63' lang='lat'><strong>99.</strong></span> <span class='ocrx_word' id='word_1_61' title='bbox 822 669 1001 720; x_wconf 85' lang='lat' dir='ltr'><strong>Repletos</strong></span> <span class='ocrx_word' id='word_1_62' title='bbox 1029 669 1136 704; x_wconf 87' lang='lat' dir='ltr'><strong>omni</strong></span> <span class='ocrx_word' id='word_1_63' title='bbox 1162 669 1311 718; x_wconf 83' lang='lat' dir='ltr'><strong>iniqui-</strong></span> 
     </span>
     <span class='ocr_line' id='line_1_14' title="bbox 319 726 1310 781; baseline -0.003 -14"><span class='ocrx_word' id='word_1_64' title='bbox 319 738 414 775; x_wconf 83' lang='lat' dir='ltr'><em>tate,</em></span> <span class='ocrx_word' id='word_1_65' title='bbox 439 732 634 781; x_wconf 79' lang='lat' dir='ltr'><em>nequitia,</em></span> <span class='ocrx_word' id='word_1_66' title='bbox 658 732 845 775; x_wconf 75' lang='lat' dir='ltr'><strong>avaritia,</strong></span> <span class='ocrx_word' id='word_1_67' title='bbox 871 729 1040 765; x_wconf 85' lang='lat' dir='ltr'><strong>malitia.</strong></span> <span class='ocrx_word' id='word_1_68' title='bbox 1063 727 1172 775; x_wconf 84' lang='lat' dir='ltr'><strong>Vide,</strong></span> <span class='ocrx_word' id='word_1_69' title='bbox 1193 726 1310 764; x_wconf 88' lang='lat' dir='ltr'><strong>omnia</strong></span> 
     </span>
     <span class='ocr_line' id='line_1_15' title="bbox 319 788 1309 841; baseline -0.004 -14"><span class='ocrx_word' id='word_1_70' title='bbox 319 790 503 827; x_wconf 84' lang='lat' dir='ltr'><strong>confertim</strong></span> <span class='ocrx_word' id='word_1_71' title='bbox 521 806 529 826; x_wconf 91' lang='lat'>:</span> <span class='ocrx_word' id='word_1_72' title='bbox 551 804 634 827; x_wconf 82' lang='lat' dir='ltr'><strong>nam</strong></span> <span class='ocrx_word' id='word_1_73' title='bbox 649 791 826 841; x_wconf 84' lang='lat' dir='ltr'><strong>Repletos</strong></span> <span class='ocrx_word' id='word_1_74' title='bbox 843 789 923 826; x_wconf 91' lang='lat' dir='ltr'><strong>illos</strong></span> <span class='ocrx_word' id='word_1_75' title='bbox 942 788 1043 838; x_wconf 90' lang='lat' dir='ltr'><strong>dicit,</strong></span> <span class='ocrx_word' id='word_1_76' title='bbox 1061 797 1094 825; x_wconf 92' lang='lat' dir='ltr'><strong>et</strong></span> <span class='ocrx_word' id='word_1_77' title='bbox 1112 790 1228 825; x_wconf 90' lang='lat' dir='ltr'><strong>Omni</strong></span> <span class='ocrx_word' id='word_1_78' title='bbox 1241 803 1257 832; x_wconf 86' lang='lat'><em>;</em></span> <span class='ocrx_word' id='word_1_79' title='bbox 1275 796 1309 824; x_wconf 90' lang='lat' dir='ltr'><strong>et</strong></span> 
     </span>
     <span class='ocr_line' id='line_1_16' title="bbox 320 849 1306 901; baseline -0.002 -15"><span class='ocrx_word' id='word_1_80' title='bbox 320 863 401 886; x_wconf 88' lang='lat' dir='ltr'><strong>cum</strong></span> <span class='ocrx_word' id='word_1_81' title='bbox 428 850 599 887; x_wconf 82' lang='lat' dir='ltr'><strong>malitiam</strong></span> <span class='ocrx_word' id='word_1_82' title='bbox 625 850 660 887; x_wconf 90' lang='lat' dir='ltr'><strong>in</strong></span> <span class='ocrx_word' id='word_1_83' title='bbox 680 864 804 901; x_wconf 80' lang='lat' dir='ltr'>genere</span> <span class='ocrx_word' id='word_1_84' title='bbox 830 849 1067 894; x_wconf 74' lang='lat' dir='ltr'><strong>nominasset,</strong></span> <span class='ocrx_word' id='word_1_85' title='bbox 1083 849 1159 900; x_wconf 89' lang='lat' dir='ltr'><strong>jam</strong></span> <span class='ocrx_word' id='word_1_86' title='bbox 1188 856 1306 899; x_wconf 87' lang='lat' dir='ltr'><strong>partes</strong></span> 
     </span>
     <span class='ocr_line' id='line_1_17' title="bbox 318 907 1307 962; baseline -0.003 -15"><span class='ocrx_word' id='word_1_87' title='bbox 318 911 393 962; x_wconf 84' lang='lat' dir='ltr'><strong>ejus</strong></span> <span class='ocrx_word' id='word_1_88' title='bbox 412 911 652 962; x_wconf 79' lang='lat' dir='ltr'>prosequitur,</span> <span class='ocrx_word' id='word_1_89' title='bbox 675 920 707 948; x_wconf 88' lang='lat' dir='ltr'><strong>et</strong></span> <span class='ocrx_word' id='word_1_90' title='bbox 728 911 791 948; x_wconf 83' lang='lat' dir='ltr'><strong>has</strong></span> <span class='ocrx_word' id='word_1_91' title='bbox 810 924 891 947; x_wconf 86' lang='lat' dir='ltr'><strong>cnm</strong></span> <span class='ocrx_word' id='word_1_92' title='bbox 916 909 1114 961; x_wconf 82' lang='lat' dir='ltr'><strong>hyperbole</strong></span> <span class='ocrx_word' id='word_1_93' title='bbox 1131 938 1140 957; x_wconf 88' lang='lat'><strong>,</strong></span> <span class='ocrx_word' id='word_1_94' title='bbox 1160 907 1280 945; x_wconf 88' lang='lat' dir='ltr'><strong>dicens</strong></span> <span class='ocrx_word' id='word_1_95' title='bbox 1298 936 1307 953; x_wconf 93' lang='lat'><strong><em>‚</em></strong></span> 
     </span>
     <span class='ocr_line' id='line_1_18' title="bbox 320 969 1309 1019; baseline -0.004 -10"><span class='ocrx_word' id='word_1_96' title='bbox 320 973 463 1010; x_wconf 84' lang='lat' dir='ltr'><strong>Plenos</strong></span> <span class='ocrx_word' id='word_1_97' title='bbox 477 974 640 1019; x_wconf 79' lang='lat' dir='ltr'><strong>invidia,</strong></span> <span class='ocrx_word' id='word_1_98' title='bbox 663 974 777 1010; x_wconf 80' lang='lat' dir='ltr'><strong>ccede.</strong></span> <span class='ocrx_word' id='word_1_99' title='bbox 794 972 869 1010; x_wconf 85' lang='lat' dir='ltr'><strong>Hoc</strong></span> <span class='ocrx_word' id='word_1_100' title='bbox 888 971 1035 1009; x_wconf 77' lang='lat' dir='ltr'><strong>enimex</strong></span> <span class='ocrx_word' id='word_1_101' title='bbox 1053 971 1114 1007; x_wconf 90' lang='lat' dir='ltr'><strong>illo</strong></span> <span class='ocrx_word' id='word_1_102' title='bbox 1128 969 1253 1017; x_wconf 89' lang='lat' dir='ltr'><strong>oritur,</strong></span> <span class='ocrx_word' id='word_1_103' title='bbox 1270 978 1309 1006; x_wconf 88' lang='lat' dir='ltr'><strong>ut</strong></span> 
     </span>
     <span class='ocr_line' id='line_1_19' title="bbox 321 1030 1308 1085; baseline -0.002 -16"><span class='ocrx_word' id='word_1_104' title='bbox 321 1033 358 1070; x_wconf 92' lang='lat' dir='ltr'><strong>in</strong></span> <span class='ocrx_word' id='word_1_105' title='bbox 379 1033 487 1070; x_wconf 74' lang='lat' dir='ltr'><strong>Abele</strong></span> <span class='ocrx_word' id='word_1_106' title='bbox 503 1042 535 1070; x_wconf 88' lang='lat' dir='ltr'><strong>et</strong></span> <span class='ocrx_word' id='word_1_107' title='bbox 554 1033 590 1071; x_wconf 90' lang='lat' dir='ltr'><strong>in</strong></span> <span class='ocrx_word' id='word_1_108' title='bbox 600 1033 731 1085; x_wconf 81' lang='lat' dir='ltr'><strong>Joseph</strong></span> <span class='ocrx_word' id='word_1_109' title='bbox 741 1041 976 1070; x_wconf 85' lang='lat' dir='ltr'><strong>monstratum</strong></span> <span class='ocrx_word' id='word_1_110' title='bbox 994 1039 1057 1069; x_wconf 89' lang='lat' dir='ltr'><strong>est.</strong></span> <span class='ocrx_word' id='word_1_111' title='bbox 1078 1030 1215 1068; x_wconf 84' lang='lat' dir='ltr'><strong>Deinde</strong></span> <span class='ocrx_word' id='word_1_112' title='bbox 1227 1043 1308 1067; x_wconf 89' lang='lat' dir='ltr'><strong>cum</strong></span> 
     </span>
     <span class='ocr_line' id='line_1_20' title="bbox 320 1091 1305 1143; baseline -0.004 -12"><span class='ocrx_word' id='word_1_113' title='bbox 320 1093 492 1143; x_wconf 78' lang='lat' dir='ltr'><strong>dixisset,</strong></span> <span class='ocrx_word' id='word_1_114' title='bbox 517 1095 795 1139; x_wconf 83' lang='lat' dir='ltr'><strong>Contentione,</strong></span> <span class='ocrx_word' id='word_1_115' title='bbox 816 1093 924 1142; x_wconf 85' lang='lat' dir='ltr'><strong>dolo,</strong></span> <span class='ocrx_word' id='word_1_116' title='bbox 952 1093 1219 1143; x_wconf 78' lang='lat' dir='ltr'><strong>malignitate,</strong></span> <span class='ocrx_word' id='word_1_117' title='bbox 1243 1091 1305 1128; x_wconf 83' lang='lat'><strong>50.</strong></span> 
     </span>
     <span class='ocr_line' id='line_1_21' title="bbox 321 1155 1306 1205; baseline -0.004 -13"><span class='ocrx_word' id='word_1_118' title='bbox 321 1169 546 1193; x_wconf 76' lang='lat' dir='ltr'><strong>susurrones</strong></span> <span class='ocrx_word' id='word_1_119' title='bbox 564 1185 574 1200; x_wconf 90' lang='lat'><em>‚</em></span> <span class='ocrx_word' id='word_1_120' title='bbox 609 1157 842 1193; x_wconf 79' lang='lat' dir='ltr'><strong>detractores</strong></span> <span class='ocrx_word' id='word_1_121' title='bbox 856 1185 868 1201; x_wconf 83' lang='lat'><strong>,</strong></span> <span class='ocrx_word' id='word_1_122' title='bbox 899 1155 983 1191; x_wconf 90' lang='lat' dir='ltr'><strong>Deo</strong></span> <span class='ocrx_word' id='word_1_123' title='bbox 1003 1167 1158 1205; x_wconf 79' lang='lat' dir='ltr'><strong>perosos</strong></span> <span class='ocrx_word' id='word_1_124' title='bbox 1175 1183 1186 1199; x_wconf 85' lang='lat'><strong>,</strong></span> <span class='ocrx_word' id='word_1_125' title='bbox 1211 1166 1306 1190; x_wconf 83' lang='lat' dir='ltr'><strong>con—</strong></span> 
     </span>
     <span class='ocr_line' id='line_1_22' title="bbox 323 1212 1355 1266; baseline -0.002 -13"><span class='ocrx_word' id='word_1_126' title='bbox 323 1217 542 1254; x_wconf 78' lang='lat' dir='ltr'><strong>tumeliosos</strong></span> <span class='ocrx_word' id='word_1_127' title='bbox 558 1246 569 1262; x_wconf 92' lang='lat'><strong>,</strong></span> <span class='ocrx_word' id='word_1_128' title='bbox 592 1216 699 1254; x_wconf 86' lang='lat' dir='ltr'><strong>etiam</strong></span> <span class='ocrx_word' id='word_1_129' title='bbox 731 1231 771 1253; x_wconf 89' lang='lat' dir='ltr'><strong>ea</strong></span> <span class='ocrx_word' id='word_1_130' title='bbox 790 1246 798 1263; x_wconf 86' lang='lat'><strong>,</strong></span> <span class='ocrx_word' id='word_1_131' title='bbox 822 1230 898 1266; x_wconf 83' lang='lat' dir='ltr'><strong>qnae</strong></span> <span class='ocrx_word' id='word_1_132' title='bbox 922 1215 1045 1252; x_wconf 90' lang='lat' dir='ltr'><strong>multis</strong></span> <span class='ocrx_word' id='word_1_133' title='bbox 1068 1212 1307 1251; x_wconf 80' lang='lat' dir='ltr'><strong>indifferentia</strong></span> <span class='ocrx_word' id='word_1_134' title='bbox 1331 1221 1355 1251; x_wconf 87' lang='lat' dir='ltr'>E</span> 
     </span>
     <span class='ocr_line' id='line_1_23' title="bbox 322 1275 1308 1326; baseline -0.002 -14"><span class='ocrx_word' id='word_1_135' title='bbox 322 1289 396 1312; x_wconf 84' lang='lat' dir='ltr'><strong>esse</strong></span> <span class='ocrx_word' id='word_1_136' title='bbox 412 1275 594 1325; x_wconf 80' lang='lat' dir='ltr'><strong>videntur,</strong></span> <span class='ocrx_word' id='word_1_137' title='bbox 617 1275 652 1313; x_wconf 92' lang='lat' dir='ltr'><strong>in</strong></span> <span class='ocrx_word' id='word_1_138' title='bbox 675 1276 865 1312; x_wconf 88' lang='lat' dir='ltr'><strong>criminum</strong></span> <span class='ocrx_word' id='word_1_139' title='bbox 884 1275 1007 1313; x_wconf 83' lang='lat' dir='ltr'><strong>ordine</strong></span> <span class='ocrx_word' id='word_1_140' title='bbox 1028 1288 1161 1326; x_wconf 86' lang='lat' dir='ltr'><strong>ponens</strong></span> <span class='ocrx_word' id='word_1_141' title='bbox 1173 1289 1184 1323; x_wconf 75' lang='lat'><em>3</em></span> <span class='ocrx_word' id='word_1_142' title='bbox 1202 1282 1308 1324; x_wconf 84' lang='lat' dir='ltr'><strong>auget</strong></span> 
     </span>
     <span class='ocr_line' id='line_1_24' title="bbox 323 1334 1307 1387; baseline -0.003 -14"><span class='ocrx_word' id='word_1_143' title='bbox 323 1350 444 1374; x_wconf 89' lang='lat' dir='ltr'><strong>rursus</strong></span> <span class='ocrx_word' id='word_1_144' title='bbox 473 1335 752 1384; x_wconf 72' lang='lat' dir='ltr'><strong>accusationem,</strong></span> <span class='ocrx_word' id='word_1_145' title='bbox 774 1345 965 1387; x_wconf 79' lang='lat' dir='ltr'><strong>postquam</strong></span> <span class='ocrx_word' id='word_1_146' title='bbox 995 1335 1032 1372; x_wconf 89' lang='lat' dir='ltr'><strong>in</strong></span> <span class='ocrx_word' id='word_1_147' title='bbox 1054 1349 1170 1372; x_wconf 84' lang='lat' dir='ltr'><strong>arcem</strong></span> <span class='ocrx_word' id='word_1_148' title='bbox 1190 1334 1307 1371; x_wconf 85' lang='lat' dir='ltr'><strong>malo-</strong></span> 
     </span>
     <span class='ocr_line' id='line_1_25' title="bbox 323 1395 1309 1447; baseline -0.003 -14"><span class='ocrx_word' id='word_1_149' title='bbox 323 1411 405 1433; x_wconf 90' lang='lat' dir='ltr'><strong>rum</strong></span> <span class='ocrx_word' id='word_1_150' title='bbox 423 1396 579 1433; x_wconf 84' lang='lat' dir='ltr'><strong>ascendit</strong></span> <span class='ocrx_word' id='word_1_151' title='bbox 595 1425 604 1444; x_wconf 89' lang='lat'><strong>,</strong></span> <span class='ocrx_word' id='word_1_152' title='bbox 635 1405 668 1433; x_wconf 84' lang='lat' dir='ltr'><strong>et</strong></span> <span class='ocrx_word' id='word_1_153' title='bbox 687 1396 782 1433; x_wconf 83' lang='lat' dir='ltr'><strong>dixit</strong></span> <span class='ocrx_word' id='word_1_154' title='bbox 804 1396 846 1433; x_wconf 87' lang='lat' dir='ltr'><em>A</em></span> <span class='ocrx_word' id='word_1_155' title='bbox 848 1404 1058 1447; x_wconf 78' lang='lat' dir='ltr'><strong>rrogantes.</strong></span> <span class='ocrx_word' id='word_1_156' title='bbox 1081 1395 1239 1433; x_wconf 80' lang='lat' dir='ltr'><strong>Gravius</strong></span> <span class='ocrx_word' id='word_1_157' title='bbox 1257 1402 1309 1431; x_wconf 87' lang='lat' dir='ltr'><strong>est</strong></span> 
     </span>
     <span class='ocr_line' id='line_1_26' title="bbox 324 1456 1309 1508; baseline -0.004 -14"><span class='ocrx_word' id='word_1_158' title='bbox 324 1457 416 1495; x_wconf 84' lang='lat' dir='ltr'><strong>enim</strong></span> <span class='ocrx_word' id='word_1_159' title='bbox 455 1456 567 1494; x_wconf 84' lang='lat' dir='ltr'><strong>altum</strong></span> <span class='ocrx_word' id='word_1_160' title='bbox 604 1470 724 1508; x_wconf 84' lang='lat' dir='ltr'><strong>sapere</strong></span> <span class='ocrx_word' id='word_1_161' title='bbox 753 1466 831 1508; x_wconf 87' lang='lat' dir='ltr'><strong>post</strong></span> <span class='ocrx_word' id='word_1_162' title='bbox 867 1465 1073 1508; x_wconf 85' lang='lat' dir='ltr'><strong>peccatum,</strong></span> <span class='ocrx_word' id='word_1_163' title='bbox 1100 1469 1209 1505; x_wconf 84' lang='lat' dir='ltr'><strong>quam</strong></span> <span class='ocrx_word' id='word_1_164' title='bbox 1229 1467 1309 1505; x_wconf 85' lang='lat' dir='ltr'><strong>pec-</strong></span> 
     </span>
     <span class='ocr_line' id='line_1_27' title="bbox 325 1515 1309 1555; baseline -0.004 -1"><span class='ocrx_word' id='word_1_165' title='bbox 325 1532 403 1555; x_wconf 88' lang='lat' dir='ltr'><strong>care</strong></span> <span class='ocrx_word' id='word_1_166' title='bbox 423 1533 429 1553; x_wconf 72' lang='grc' dir='ltr'><em>τ</em></span> <span class='ocrx_word' id='word_1_167' title='bbox 452 1517 529 1554; x_wconf 87' lang='lat' dir='ltr'><strong>ideo</strong></span> <span class='ocrx_word' id='word_1_168' title='bbox 556 1517 757 1554; x_wconf 88' lang='lat' dir='ltr'><strong>Corinthios</strong></span> <span class='ocrx_word' id='word_1_169' title='bbox 775 1517 912 1554; x_wconf 84' lang='lat' dir='ltr'><strong>incusat</strong></span> <span class='ocrx_word' id='word_1_170' title='bbox 926 1517 983 1553; x_wconf 88' lang='lat' dir='ltr'><strong>his</strong></span> <span class='ocrx_word' id='word_1_171' title='bbox 1000 1515 1141 1553; x_wconf 80' lang='lat' dir='ltr'><strong>verbis:</strong></span> <span class='ocrx_word' id='word_1_172' title='bbox 1165 1516 1219 1551; x_wconf 81' lang='lat' dir='ltr'><strong>Et</strong></span> <span class='ocrx_word' id='word_1_173' title='bbox 1239 1527 1309 1551; x_wconf 84' lang='lat' dir='ltr'><strong>vos</strong></span> 
     </span>
     <span class='ocr_line' id='line_1_28' title="bbox 325 1575 1305 1632; baseline -0.006 -16"><span class='ocrx_word' id='word_1_174' title='bbox 325 1579 452 1632; x_wconf 78' lang='lat' dir='ltr'><strong>inflati</strong></span> <span class='ocrx_word' id='word_1_175' title='bbox 466 1582 567 1616; x_wconf 84' lang='lat' dir='ltr'><strong>estis.</strong></span> <span class='ocrx_word' id='word_1_176' title='bbox 586 1579 677 1615; x_wconf 86' lang='lat' dir='ltr'><strong>Nam</strong></span> <span class='ocrx_word' id='word_1_177' title='bbox 695 1578 723 1615; x_wconf 91' lang='lat' dir='ltr'><strong>si</strong></span> <span class='ocrx_word' id='word_1_178' title='bbox 738 1578 797 1628; x_wconf 91' lang='lat' dir='ltr'><strong>qui</strong></span> <span class='ocrx_word' id='word_1_179' title='bbox 813 1577 856 1614; x_wconf 92' lang='lat' dir='ltr'><strong>de</strong></span> <span class='ocrx_word' id='word_1_180' title='bbox 871 1586 962 1614; x_wconf 86' lang='lat' dir='ltr'><strong>recte</strong></span> <span class='ocrx_word' id='word_1_181' title='bbox 976 1577 1068 1613; x_wconf 86' lang='lat' dir='ltr'><strong>facto</strong></span> <span class='ocrx_word' id='word_1_182' title='bbox 1083 1575 1226 1612; x_wconf 87' lang='lat' dir='ltr'><strong>inflatus</strong></span> <span class='ocrx_word' id='word_1_183' title='bbox 1239 1582 1305 1622; x_wconf 88' lang='lat' dir='ltr'><strong>est,</strong></span> 
     </span>
     <span class='ocr_line' id='line_1_29' title="bbox 324 1637 1310 1691; baseline -0.007 -13"><span class='ocrx_word' id='word_1_184' title='bbox 324 1650 439 1678; x_wconf 86' lang='lat' dir='ltr'><strong>totum</strong></span> <span class='ocrx_word' id='word_1_185' title='bbox 455 1639 573 1691; x_wconf 85' lang='lat' dir='ltr'><strong>perdit</strong></span> <span class='ocrx_word' id='word_1_186' title='bbox 595 1655 602 1676; x_wconf 77' lang='lat' dir='ltr'><em>z</em></span> <span class='ocrx_word' id='word_1_187' title='bbox 625 1638 687 1689; x_wconf 84' lang='lat' dir='ltr'><strong>qui</strong></span> <span class='ocrx_word' id='word_1_188' title='bbox 705 1653 786 1675; x_wconf 88' lang='lat' dir='ltr'><strong>cum</strong></span> <span class='ocrx_word' id='word_1_189' title='bbox 806 1637 958 1689; x_wconf 84' lang='lat' dir='ltr'><strong>peccatis</strong></span> <span class='ocrx_word' id='word_1_190' title='bbox 972 1637 1130 1685; x_wconf 79' lang='lat' dir='ltr'><strong>inflatur,</strong></span> <span class='ocrx_word' id='word_1_191' title='bbox 1149 1649 1219 1685; x_wconf 86' lang='lat' dir='ltr'><strong>quo</strong></span> <span class='ocrx_word' id='word_1_192' title='bbox 1239 1648 1310 1672; x_wconf 86' lang='lat' dir='ltr'><strong>non</strong></span> 
     </span>
     <span class='ocr_line' id='line_1_30' title="bbox 322 1694 1310 1751; baseline -0.005 -14"><span class='ocrx_word' id='word_1_193' title='bbox 322 1701 452 1751; x_wconf 88' lang='lat' dir='ltr'><strong>dignus</strong></span> <span class='ocrx_word' id='word_1_194' title='bbox 472 1700 577 1736; x_wconf 82' lang='lat' dir='ltr'><strong>fuerit</strong></span> <span class='ocrx_word' id='word_1_195' title='bbox 599 1698 802 1750; x_wconf 71' lang='lat' dir='ltr'><strong>supplicio?</strong></span> <span class='ocrx_word' id='word_1_196' title='bbox 824 1697 885 1748; x_wconf 87' lang='lat' dir='ltr'><strong>qui</strong></span> <span class='ocrx_word' id='word_1_197' title='bbox 901 1697 996 1735; x_wconf 90' lang='lat' dir='ltr'><strong>enim</strong></span> <span class='ocrx_word' id='word_1_198' title='bbox 1019 1697 1100 1734; x_wconf 87' lang='lat' dir='ltr'><strong>talis</strong></span> <span class='ocrx_word' id='word_1_199' title='bbox 1121 1705 1193 1744; x_wconf 86' lang='lat' dir='ltr'><strong>est,</strong></span> <span class='ocrx_word' id='word_1_200' title='bbox 1223 1694 1310 1733; x_wconf 81' lang='lat' dir='ltr'><strong>resi-</strong></span> 
     </span>
    </p>
   </div>
   <div class='ocr_carea' id='block_1_7' title="bbox 267 1758 1309 1812">
    <p class='ocr_par' dir='ltr' id='par_1_7' title="bbox 267 1758 1309 1812">
     <span class='ocr_line' id='line_1_31' title="bbox 267 1758 1309 1812; baseline -0.006 -13"><span class='ocrx_word' id='word_1_201' title='bbox 267 1796 271 1799; x_wconf 80' lang='grc'><em>,</em></span> <span class='ocrx_word' id='word_1_202' title='bbox 321 1761 455 1812; x_wconf 86' lang='lat' dir='ltr'><strong>piscere</strong></span> <span class='ocrx_word' id='word_1_203' title='bbox 475 1774 541 1797; x_wconf 91' lang='lat' dir='ltr'><strong>non</strong></span> <span class='ocrx_word' id='word_1_204' title='bbox 562 1760 701 1811; x_wconf 88' lang='lat' dir='ltr'><strong>poterit.</strong></span> <span class='ocrx_word' id='word_1_205' title='bbox 723 1758 861 1796; x_wconf 83' lang='lat' dir='ltr'><strong>Deinde</strong></span> <span class='ocrx_word' id='word_1_206' title='bbox 882 1758 956 1807; x_wconf 87' lang='lat' dir='ltr'><strong>ait,</strong></span> <span class='ocrx_word' id='word_1_207' title='bbox 975 1760 1200 1795; x_wconf 71' lang='lat' dir='ltr'><strong>Inventores</strong></span> <span class='ocrx_word' id='word_1_208' title='bbox 1221 1770 1309 1793; x_wconf 89' lang='lat' dir='ltr'><strong>ma-</strong></span> 
     </span>
    </p>
   </div>
   <div class='ocr_carea' id='block_1_8' title="bbox 264 2743 309 2772">
    <p class='ocr_par' dir='ltr' id='par_1_8' title="bbox 264 2743 309 2772">
     <span class='ocr_line' id='line_1_32' title="bbox 264 2743 309 2772; baseline 0 0"><span class='ocrx_word' id='word_1_209' title='bbox 264 2743 309 2772; x_wconf 82' lang='lat'><strong>13.</strong></span> 
     </span>
    </p>
   </div>
   <div class='ocr_carea' id='block_1_9' title="bbox 319 1817 1310 1935">
    <p class='ocr_par' dir='ltr' id='par_1_9' title="bbox 319 1817 1310 1935">
     <span class='ocr_line' id='line_1_33' title="bbox 322 1817 1310 1872; baseline -0.007 -13"><span class='ocrx_word' id='word_1_210' title='bbox 322 1823 469 1869; x_wconf 78' lang='lat' dir='ltr'><strong>lorum,</strong></span> <span class='ocrx_word' id='word_1_211' title='bbox 491 1820 696 1872; x_wconf 80' lang='lat' dir='ltr'><strong>significans</strong></span> <span class='ocrx_word' id='word_1_212' title='bbox 718 1833 787 1856; x_wconf 92' lang='lat' dir='ltr'><strong>non</strong></span> <span class='ocrx_word' id='word_1_213' title='bbox 813 1828 865 1856; x_wconf 82' lang='lat' dir='ltr'><strong>sat</strong></span> <span class='ocrx_word' id='word_1_214' title='bbox 889 1818 974 1870; x_wconf 81' lang='lat' dir='ltr'><strong>ipsis</strong></span> <span class='ocrx_word' id='word_1_215' title='bbox 995 1818 1103 1855; x_wconf 84' lang='lat' dir='ltr'><strong>fuisse</strong></span> <span class='ocrx_word' id='word_1_216' title='bbox 1123 1817 1185 1854; x_wconf 81' lang='lat' dir='ltr'><strong>illa</strong></span> <span class='ocrx_word' id='word_1_217' title='bbox 1205 1846 1213 1863; x_wconf 92' lang='lat'><strong>,</strong></span> <span class='ocrx_word' id='word_1_218' title='bbox 1232 1830 1310 1867; x_wconf 83' lang='lat' dir='ltr'><strong>quae</strong></span> 
     </span>
     <span class='ocr_line' id='line_1_34' title="bbox 319 1877 1309 1935; baseline -0.005 -16"><span class='ocrx_word' id='word_1_219' title='bbox 319 1883 393 1935; x_wconf 81' lang='lat' dir='ltr'><strong>jam</strong></span> <span class='ocrx_word' id='word_1_220' title='bbox 412 1882 624 1931; x_wconf 74' lang='lat' dir='ltr'><strong>exstabant,</strong></span> <span class='ocrx_word' id='word_1_221' title='bbox 645 1880 705 1919; x_wconf 88' lang='lat' dir='ltr'><strong>sed</strong></span> <span class='ocrx_word' id='word_1_222' title='bbox 725 1889 757 1917; x_wconf 87' lang='lat' dir='ltr'><strong>et</strong></span> <span class='ocrx_word' id='word_1_223' title='bbox 777 1879 846 1916; x_wconf 84' lang='lat' dir='ltr'><strong>alia</strong></span> <span class='ocrx_word' id='word_1_224' title='bbox 876 1878 1052 1918; x_wconf 69' lang='lat' dir='ltr'><strong>invenisse</strong></span> <span class='ocrx_word' id='word_1_225' title='bbox 1073 1894 1080 1914; x_wconf 73' lang='grc' dir='ltr'>ε</span> <span class='ocrx_word' id='word_1_226' title='bbox 1107 1877 1204 1929; x_wconf 87' lang='lat' dir='ltr'><strong>quod</strong></span> <span class='ocrx_word' id='word_1_227' title='bbox 1235 1891 1309 1915; x_wconf 89' lang='lat' dir='ltr'><strong>me-</strong></span> 
     </span>
    </p>
   </div>
   <div class='ocr_carea' id='block_1_10' title="bbox 323 1927 1369 1992">
    <p class='ocr_par' dir='ltr' id='par_1_10' title="bbox 323 1927 1369 1992">
     <span class='ocr_line' id='line_1_35' title="bbox 323 1927 1369 1992; baseline -0.006 -11"><span class='ocrx_word' id='word_1_228' title='bbox 323 1943 514 1981; x_wconf 85' lang='lat' dir='ltr'><strong>ditantium</strong></span> <span class='ocrx_word' id='word_1_229' title='bbox 535 1952 568 1980; x_wconf 88' lang='lat' dir='ltr'><strong>et</strong></span> <span class='ocrx_word' id='word_1_230' title='bbox 585 1942 804 1980; x_wconf 82' lang='lat' dir='ltr'><strong>studentium</strong></span> <span class='ocrx_word' id='word_1_231' title='bbox 826 1949 897 1978; x_wconf 85' lang='lat' dir='ltr'><strong>erat</strong></span> <span class='ocrx_word' id='word_1_232' title='bbox 910 1971 920 1990; x_wconf 92' lang='lat'><strong>,</strong></span> <span class='ocrx_word' id='word_1_233' title='bbox 943 1941 1004 1990; x_wconf 87' lang='lat' dir='ltr'><strong>qui</strong></span> <span class='ocrx_word' id='word_1_234' title='bbox 1025 1955 1043 1977; x_wconf 87' lang='lat' dir='ltr'><strong>a</strong></span> <span class='ocrx_word' id='word_1_235' title='bbox 1064 1940 1172 1976; x_wconf 86' lang='lat' dir='ltr'><strong>nullis</strong></span> <span class='ocrx_word' id='word_1_236' title='bbox 1194 1939 1310 1976; x_wconf 89' lang='lat' dir='ltr'><strong>subri-</strong></span> <span class='ocrx_word' id='word_1_237' title='bbox 1324 1927 1369 1992; x_wconf 50' lang='lat'><strong>[⁴2¹</strong></span> 
     </span>
    </p>
   </div>
   <div class='ocr_carea' id='block_1_11' title="bbox 323 2000 1312 2421">
    <p class='ocr_par' dir='ltr' id='par_1_11' title="bbox 323 2000 1312 2421">
     <span class='ocr_line' id='line_1_36' title="bbox 324 2000 1310 2057; baseline -0.004 -16"><span class='ocrx_word' id='word_1_238' title='bbox 324 2014 490 2057; x_wconf 86' lang='lat' dir='ltr'><strong>perentur</strong></span> <span class='ocrx_word' id='word_1_239' title='bbox 514 2013 546 2041; x_wconf 90' lang='lat' dir='ltr'><strong>et</strong></span> <span class='ocrx_word' id='word_1_240' title='bbox 569 2004 839 2041; x_wconf 75' lang='lat' dir='ltr'><strong>attraherentur.</strong></span> <span class='ocrx_word' id='word_1_241' title='bbox 878 2003 970 2039; x_wconf 85' lang='lat' dir='ltr'><strong>Cum</strong></span> <span class='ocrx_word' id='word_1_242' title='bbox 988 2010 1106 2038; x_wconf 87' lang='lat' dir='ltr'><strong>autem</strong></span> <span class='ocrx_word' id='word_1_243' title='bbox 1134 2000 1310 2038; x_wconf 88' lang='lat' dir='ltr'><strong>malitiam</strong></span> 
     </span>
     <span class='ocr_line' id='line_1_37' title="bbox 325 2061 1311 2115; baseline -0.006 -12"><span class='ocrx_word' id='word_1_244' title='bbox 325 2066 528 2103; x_wconf 77' lang='lat' dir='ltr'><strong>minutatim</strong></span> <span class='ocrx_word' id='word_1_245' title='bbox 541 2064 711 2115; x_wconf 77' lang='lat' dir='ltr'><strong>dixisset,</strong></span> <span class='ocrx_word' id='word_1_246' title='bbox 733 2073 767 2101; x_wconf 88' lang='lat' dir='ltr'><strong>et</strong></span> <span class='ocrx_word' id='word_1_247' title='bbox 785 2062 995 2101; x_wconf 84' lang='lat' dir='ltr'><strong>ostendisset</strong></span> <span class='ocrx_word' id='word_1_248' title='bbox 1017 2062 1111 2114; x_wconf 82' lang='lat' dir='ltr'><strong>ipsos</strong></span> <span class='ocrx_word' id='word_1_249' title='bbox 1130 2062 1166 2099; x_wconf 91' lang='lat' dir='ltr'><strong>in</strong></span> <span class='ocrx_word' id='word_1_250' title='bbox 1186 2061 1311 2099; x_wconf 89' lang='lat' dir='ltr'><strong>eadem</strong></span> 
     </span>
     <span class='ocr_line' id='line_1_38' title="bbox 323 2124 1312 2179; baseline -0.004 -15"><span class='ocrx_word' id='word_1_251' title='bbox 323 2127 397 2179; x_wconf 86' lang='lat' dir='ltr'><strong>ipsa</strong></span> <span class='ocrx_word' id='word_1_252' title='bbox 429 2127 563 2164; x_wconf 82' lang='lat' dir='ltr'><strong>stetisse</strong></span> <span class='ocrx_word' id='word_1_253' title='bbox 588 2135 712 2163; x_wconf 85' lang='lat' dir='ltr'><strong>natura</strong></span> <span class='ocrx_word' id='word_1_254' title='bbox 743 2129 847 2173; x_wconf 82' lang='lat' dir='ltr'><strong>(nam</strong></span> <span class='ocrx_word' id='word_1_255' title='bbox 875 2124 948 2173; x_wconf 86' lang='lat' dir='ltr'><strong>ait,</strong></span> <span class='ocrx_word' id='word_1_256' title='bbox 973 2126 1209 2161; x_wconf 78' lang='lat' dir='ltr'><strong>Parentibus</strong></span> <span class='ocrx_word' id='word_1_257' title='bbox 1237 2139 1312 2161; x_wconf 88' lang='lat' dir='ltr'><strong>non</strong></span> 
     </span>
     <span class='ocr_line' id='line_1_39' title="bbox 325 2185 1311 2239; baseline -0.003 -13"><span class='ocrx_word' id='word_1_258' title='bbox 325 2190 566 2237; x_wconf 82' lang='lat' dir='ltr'><strong>obedientes),</strong></span> <span class='ocrx_word' id='word_1_259' title='bbox 586 2187 631 2225; x_wconf 87' lang='lat' dir='ltr'><strong>ad</strong></span> <span class='ocrx_word' id='word_1_260' title='bbox 651 2187 756 2239; x_wconf 84' lang='lat' dir='ltr'><strong>pestis</strong></span> <span class='ocrx_word' id='word_1_261' title='bbox 776 2196 879 2224; x_wconf 84' lang='lat' dir='ltr'><strong>tantae</strong></span> <span class='ocrx_word' id='word_1_262' title='bbox 910 2185 1063 2223; x_wconf 65' lang='lat' dir='ltr'><strong>radicem</strong></span> <span class='ocrx_word' id='word_1_263' title='bbox 1093 2185 1142 2222; x_wconf 90' lang='lat' dir='ltr'><strong>sic</strong></span> <span class='ocrx_word' id='word_1_264' title='bbox 1165 2185 1311 2223; x_wconf 85' lang='lat' dir='ltr'><strong>demum</strong></span> 
     </span>
     <span class='ocr_line' id='line_1_40' title="bbox 325 2245 1311 2300; baseline -0.002 -16"><span class='ocrx_word' id='word_1_265' title='bbox 325 2250 462 2300; x_wconf 83' lang='lat' dir='ltr'><strong>pergit,</strong></span> <span class='ocrx_word' id='word_1_266' title='bbox 479 2251 541 2285; x_wconf 78' lang='grc'>51.</span> <span class='ocrx_word' id='word_1_267' title='bbox 564 2249 653 2286; x_wconf 86' lang='lat' dir='ltr'><strong>Sine</strong></span> <span class='ocrx_word' id='word_1_268' title='bbox 667 2249 905 2300; x_wconf 69' lang='lat' dir='ltr'><strong>affectione,</strong></span> <span class='ocrx_word' id='word_1_269' title='bbox 928 2246 1232 2298; x_wconf 80' lang='lat' dir='ltr'><strong>absquefoedere</strong></span> <span class='ocrx_word' id='word_1_270' title='bbox 1253 2245 1311 2282; x_wconf 90' lang='lat' dir='ltr'><strong>di-</strong></span> 
     </span>
     <span class='ocr_line' id='line_1_41' title="bbox 326 2307 1311 2348; baseline -0.003 -1"><span class='ocrx_word' id='word_1_271' title='bbox 326 2324 407 2348; x_wconf 88' lang='lat' dir='ltr'><strong>cens</strong></span> <span class='ocrx_word' id='word_1_272' title='bbox 421 2310 512 2347; x_wconf 87' lang='lat' dir='ltr'><strong>illos.</strong></span> <span class='ocrx_word' id='word_1_273' title='bbox 535 2309 633 2346; x_wconf 86' lang='lat' dir='ltr'><strong>Hanc</strong></span> <span class='ocrx_word' id='word_1_274' title='bbox 654 2309 748 2345; x_wconf 88' lang='lat' dir='ltr'><strong>enim</strong></span> <span class='ocrx_word' id='word_1_275' title='bbox 766 2317 799 2345; x_wconf 89' lang='lat' dir='ltr'><strong>et</strong></span> <span class='ocrx_word' id='word_1_276' title='bbox 823 2307 985 2344; x_wconf 87' lang='lat' dir='ltr'><strong>Christus</strong></span> <span class='ocrx_word' id='word_1_277' title='bbox 1005 2320 1146 2343; x_wconf 88' lang='lat' dir='ltr'><strong>causam</strong></span> <span class='ocrx_word' id='word_1_278' title='bbox 1162 2320 1235 2343; x_wconf 86' lang='lat' dir='ltr'><strong>csse</strong></span> <span class='ocrx_word' id='word_1_279' title='bbox 1252 2320 1311 2344; x_wconf 84' lang='lat' dir='ltr'><strong>ne-</strong></span> 
     </span>
     <span class='ocr_line' id='line_1_42' title="bbox 328 2369 1311 2421; baseline -0.005 -14"><span class='ocrx_word' id='word_1_280' title='bbox 328 2369 448 2421; x_wconf 64' lang='lat' dir='ltr'><strong>quitiae</strong></span> <span class='ocrx_word' id='word_1_281' title='bbox 463 2370 573 2407; x_wconf 84' lang='lat' dir='ltr'><strong>dicit:</strong></span> <span class='ocrx_word' id='word_1_282' title='bbox 599 2371 693 2407; x_wconf 82' lang='lat' dir='ltr'><strong>Cum</strong></span> <span class='ocrx_word' id='word_1_283' title='bbox 722 2369 977 2405; x_wconf 72' lang='lat' dir='ltr'><strong>abundaverit</strong></span> <span class='ocrx_word' id='word_1_284' title='bbox 1004 2369 1216 2417; x_wconf 80' lang='lat' dir='ltr'><strong>iniqnitas,</strong></span> <span class='ocrx_word' id='word_1_285' title='bbox 1248 2380 1311 2403; x_wconf 91' lang='lat' dir='ltr'><strong>re-</strong></span> 
     </span>
    </p>
   </div>
   <div class='ocr_carea' id='block_1_12' title="bbox 318 2427 1362 2487">
    <p class='ocr_par' dir='ltr' id='par_1_12' title="bbox 318 2427 1362 2487">
     <span class='ocr_line' id='line_1_43' title="bbox 318 2427 1362 2487; baseline -0.005 -16"><span class='ocrx_word' id='word_1_286' title='bbox 318 2434 507 2487; x_wconf 80' lang='lat' dir='ltr'><strong>frigescet</strong></span> <span class='ocrx_word' id='word_1_287' title='bbox 525 2434 670 2469; x_wconf 84' lang='lat' dir='ltr'><strong>caritas</strong></span> <span class='ocrx_word' id='word_1_288' title='bbox 687 2431 910 2467; x_wconf 78' lang='lat' dir='ltr'><strong>multorum.</strong></span> <span class='ocrx_word' id='word_1_289' title='bbox 928 2428 1006 2465; x_wconf 89' lang='lat' dir='ltr'><strong>Hoc</strong></span> <span class='ocrx_word' id='word_1_290' title='bbox 1030 2428 1138 2478; x_wconf 83' lang='lat' dir='ltr'><strong>igitur</strong></span> <span class='ocrx_word' id='word_1_291' title='bbox 1149 2427 1209 2464; x_wconf 89' lang='lat' dir='ltr'><strong>hic.</strong></span> <span class='ocrx_word' id='word_1_292' title='bbox 1224 2427 1313 2465; x_wconf 89' lang='lat' dir='ltr'><strong>dicit</strong></span> <span class='ocrx_word' id='word_1_293' title='bbox 1339 2438 1362 2466; x_wconf 77' lang='grc' dir='ltr'>Β</span> 
     </span>
    </p>
   </div>
   <div class='ocr_carea' id='block_1_13' title="bbox 327 2492 1362 3274">
    <p class='ocr_par' dir='ltr' id='par_1_13' title="bbox 327 2492 1362 3274">
     <span class='ocr_line' id='line_1_44' title="bbox 330 2492 1309 2545; baseline -0.007 -12"><span class='ocrx_word' id='word_1_294' title='bbox 330 2496 480 2542; x_wconf 85' lang='lat' dir='ltr'><strong>Paulus,</strong></span> <span class='ocrx_word' id='word_1_295' title='bbox 508 2496 786 2545; x_wconf 84' lang='lat' dir='ltr'><strong>Incompositos</strong></span> <span class='ocrx_word' id='word_1_296' title='bbox 804 2522 816 2538; x_wconf 93' lang='lat'><strong>,</strong></span> <span class='ocrx_word' id='word_1_297' title='bbox 846 2494 929 2529; x_wconf 87' lang='lat' dir='ltr'><strong>sine</strong></span> <span class='ocrx_word' id='word_1_298' title='bbox 948 2492 1160 2543; x_wconf 67' lang='lat' dir='ltr'><strong>affectione</strong></span> <span class='ocrx_word' id='word_1_299' title='bbox 1176 2521 1187 2536; x_wconf 86' lang='lat'><strong>,</strong></span> <span class='ocrx_word' id='word_1_300' title='bbox 1219 2492 1309 2528; x_wconf 83' lang='lat' dir='ltr'><strong>abs-</strong></span> 
     </span>
     <span class='ocr_line' id='line_1_45' title="bbox 329 2553 1328 2609; baseline -0.008 -14"><span class='ocrx_word' id='word_1_301' title='bbox 329 2571 402 2609; x_wconf 81' lang='lat' dir='ltr'><strong>que</strong></span> <span class='ocrx_word' id='word_1_302' title='bbox 419 2558 561 2607; x_wconf 85' lang='lat' dir='ltr'><strong>foedere</strong></span> <span class='ocrx_word' id='word_1_303' title='bbox 577 2585 589 2602; x_wconf 91' lang='lat'><strong>,</strong></span> <span class='ocrx_word' id='word_1_304' title='bbox 620 2557 703 2592; x_wconf 86' lang='lat' dir='ltr'><strong>sine</strong></span> <span class='ocrx_word' id='word_1_305' title='bbox 723 2553 987 2590; x_wconf 85' lang='lat' dir='ltr'><strong>misericordia</strong></span> <span class='ocrx_word' id='word_1_306' title='bbox 1016 2565 1145 2589; x_wconf 72' lang='lat' dir='ltr'><strong>vocans</strong></span> <span class='ocrx_word' id='word_1_307' title='bbox 1159 2581 1169 2601; x_wconf 94' lang='lat'><strong>,</strong></span> <span class='ocrx_word' id='word_1_308' title='bbox 1195 2560 1328 2588; x_wconf 33' lang='lat' dir='ltr'><strong>osten„</strong></span> 
     </span>
     <span class='ocr_line' id='line_1_46' title="bbox 327 2612 1313 2669; baseline -0.008 -13"><span class='ocrx_word' id='word_1_309' title='bbox 327 2619 481 2668; x_wconf 87' lang='lat' dir='ltr'><strong>densque</strong></span> <span class='ocrx_word' id='word_1_310' title='bbox 504 2617 598 2669; x_wconf 73' lang='lat' dir='ltr'><strong>ipsos</strong></span> <span class='ocrx_word' id='word_1_311' title='bbox 616 2616 684 2653; x_wconf 89' lang='lat' dir='ltr'><strong>hoc</strong></span> <span class='ocrx_word' id='word_1_312' title='bbox 704 2624 837 2652; x_wconf 86' lang='lat' dir='ltr'><strong>naturae</strong></span> <span class='ocrx_word' id='word_1_313' title='bbox 859 2613 994 2652; x_wconf 90' lang='lat' dir='ltr'><strong>donum</strong></span> <span class='ocrx_word' id='word_1_314' title='bbox 1014 2612 1226 2664; x_wconf 82' lang='lat' dir='ltr'><strong>prodidisse.</strong></span> <span class='ocrx_word' id='word_1_315' title='bbox 1242 2612 1313 2649; x_wconf 85' lang='lat' dir='ltr'><strong>Ha-</strong></span> 
     </span>
     <span class='ocr_line' id='line_1_47' title="bbox 329 2672 1313 2725; baseline -0.006 -10"><span class='ocrx_word' id='word_1_316' title='bbox 329 2678 452 2716; x_wconf 86' lang='lat' dir='ltr'><strong>bemus</strong></span> <span class='ocrx_word' id='word_1_317' title='bbox 463 2678 556 2715; x_wconf 90' lang='lat' dir='ltr'><strong>cnim</strong></span> <span class='ocrx_word' id='word_1_318' title='bbox 572 2676 770 2714; x_wconf 82' lang='lat' dir='ltr'><strong>naturalem</strong></span> <span class='ocrx_word' id='word_1_319' title='bbox 785 2674 975 2725; x_wconf 79' lang='lat' dir='ltr'><strong>quemdam</strong></span> <span class='ocrx_word' id='word_1_320' title='bbox 989 2673 1035 2711; x_wconf 84' lang='lat' dir='ltr'><strong>ad</strong></span> <span class='ocrx_word' id='word_1_321' title='bbox 1056 2673 1212 2711; x_wconf 72' lang='lat' dir='ltr'><strong>invicem</strong></span> <span class='ocrx_word' id='word_1_322' title='bbox 1228 2672 1313 2709; x_wconf 87' lang='lat' dir='ltr'><strong>affe-</strong></span> 
     </span>
     <span class='ocr_line' id='line_1_48' title="bbox 327 2733 1311 2789; baseline -0.007 -12"><span class='ocrx_word' id='word_1_323' title='bbox 327 2748 435 2788; x_wconf 87' lang='lat' dir='ltr'><strong>ctum,</strong></span> <span class='ocrx_word' id='word_1_324' title='bbox 451 2748 536 2776; x_wconf 86' lang='lat' dir='ltr'><strong>utet</strong></span> <span class='ocrx_word' id='word_1_325' title='bbox 550 2738 633 2789; x_wconf 79' lang='lat' dir='ltr'><strong>ipsae</strong></span> <span class='ocrx_word' id='word_1_326' title='bbox 648 2738 727 2774; x_wconf 83' lang='lat' dir='ltr'><strong>ferae</strong></span> <span class='ocrx_word' id='word_1_327' title='bbox 739 2736 883 2773; x_wconf 86' lang='lat' dir='ltr'><strong>habent.</strong></span> <span class='ocrx_word' id='word_1_328' title='bbox 901 2736 1004 2772; x_wconf 84' lang='lat' dir='ltr'><strong>Nam</strong></span> <span class='ocrx_word' id='word_1_329' title='bbox 1022 2748 1132 2771; x_wconf 86' lang='lat' dir='ltr'><strong>omne</strong></span> <span class='ocrx_word' id='word_1_330' title='bbox 1146 2733 1311 2779; x_wconf 74' lang='lat' dir='ltr'><strong>animal5</strong></span> 
     </span>
     <span class='ocr_line' id='line_1_49' title="bbox 327 2797 1315 2852; baseline -0.008 -13"><span class='ocrx_word' id='word_1_331' title='bbox 327 2801 465 2852; x_wconf 87' lang='lat' dir='ltr'><strong>inquit,</strong></span> <span class='ocrx_word' id='word_1_332' title='bbox 486 2803 558 2838; x_wconf 82' lang='lat' dir='ltr'><strong>sibi</strong></span> <span class='ocrx_word' id='word_1_333' title='bbox 577 2799 703 2836; x_wconf 84' lang='lat' dir='ltr'><strong>simile</strong></span> <span class='ocrx_word' id='word_1_334' title='bbox 724 2798 875 2849; x_wconf 77' lang='lat' dir='ltr'><strong>diligit,</strong></span> <span class='ocrx_word' id='word_1_335' title='bbox 899 2805 934 2833; x_wconf 85' lang='lat' dir='ltr'><strong>et</strong></span> <span class='ocrx_word' id='word_1_336' title='bbox 955 2797 1068 2833; x_wconf 80' lang='lat' dir='ltr'><strong>homo</strong></span> <span class='ocrx_word' id='word_1_337' title='bbox 1096 2798 1315 2846; x_wconf 63' lang='lat' dir='ltr'><strong>proximum</strong></span> 
     </span>
     <span class='ocr_line' id='line_1_50' title="bbox 327 2855 1316 2906; baseline -0.008 -7"><span class='ocrx_word' id='word_1_338' title='bbox 327 2876 450 2900; x_wconf 78' lang='lat' dir='ltr'><strong>suam.</strong></span> <span class='ocrx_word' id='word_1_339' title='bbox 466 2860 574 2898; x_wconf 74' lang='lat' dir='ltr'><strong>Atilii</strong></span> <span class='ocrx_word' id='word_1_340' title='bbox 595 2859 677 2896; x_wconf 88' lang='lat' dir='ltr'><strong>feris</strong></span> <span class='ocrx_word' id='word_1_341' title='bbox 695 2858 881 2895; x_wconf 87' lang='lat' dir='ltr'><strong>ferociores</strong></span> <span class='ocrx_word' id='word_1_342' title='bbox 897 2857 1006 2893; x_wconf 87' lang='lat' dir='ltr'><strong>fuere.</strong></span> <span class='ocrx_word' id='word_1_343' title='bbox 1023 2856 1191 2893; x_wconf 82' lang='lat' dir='ltr'><strong>Morbum</strong></span> <span class='ocrx_word' id='word_1_344' title='bbox 1204 2855 1316 2906; x_wconf 86' lang='lat' dir='ltr'><strong>igitur</strong></span> 
     </span>
     <span class='ocr_line' id='line_1_51' title="bbox 329 2913 1315 2971; baseline -0.008 -14"><span class='ocrx_word' id='word_1_345' title='bbox 329 2921 390 2970; x_wconf 88' lang='lat' dir='ltr'><strong>qui</strong></span> <span class='ocrx_word' id='word_1_346' title='bbox 410 2934 455 2956; x_wconf 72' lang='lat' dir='ltr'><strong>ex</strong></span> <span class='ocrx_word' id='word_1_347' title='bbox 469 2918 591 2971; x_wconf 81' lang='lat' dir='ltr'><strong>pravis</strong></span> <span class='ocrx_word' id='word_1_348' title='bbox 609 2916 837 2968; x_wconf 82' lang='lat' dir='ltr'><strong>dogmatibus</strong></span> <span class='ocrx_word' id='word_1_349' title='bbox 858 2915 981 2952; x_wconf 80' lang='lat' dir='ltr'><strong>orbem</strong></span> <span class='ocrx_word' id='word_1_350' title='bbox 1002 2914 1152 2963; x_wconf 74' lang='lat' dir='ltr'><strong>invasit,</strong></span> <span class='ocrx_word' id='word_1_351' title='bbox 1173 2913 1229 2950; x_wconf 85' lang='lat' dir='ltr'><strong>his</strong></span> <span class='ocrx_word' id='word_1_352' title='bbox 1253 2926 1315 2950; x_wconf 90' lang='lat' dir='ltr'><strong>no-</strong></span> 
     </span>
     <span class='ocr_line' id='line_1_52' title="bbox 327 2974 1317 3027; baseline -0.007 -10"><span class='ocrx_word' id='word_1_353' title='bbox 327 2980 384 3018; x_wconf 86' lang='lat' dir='ltr'><strong>bis</strong></span> <span class='ocrx_word' id='word_1_354' title='bbox 400 2978 578 3027; x_wconf 90' lang='lat' dir='ltr'><strong>ostendit,</strong></span> <span class='ocrx_word' id='word_1_355' title='bbox 607 2986 640 3014; x_wconf 88' lang='lat' dir='ltr'><strong>et</strong></span> <span class='ocrx_word' id='word_1_356' title='bbox 659 2975 854 3014; x_wconf 80' lang='lat' dir='ltr'><strong>declaravit</strong></span> <span class='ocrx_word' id='word_1_357' title='bbox 874 2984 1066 3024; x_wconf 57' lang='lat' dir='ltr'><strong>utrumque</strong></span> <span class='ocrx_word' id='word_1_358' title='bbox 1086 2974 1250 3010; x_wconf 83' lang='lat' dir='ltr'><strong>morbum</strong></span> <span class='ocrx_word' id='word_1_359' title='bbox 1272 2986 1317 3010; x_wconf 77' lang='lat' dir='ltr'><strong>ex</strong></span> 
     </span>
     <span class='ocr_line' id='line_1_53' title="bbox 329 3034 1313 3091; baseline -0.007 -13"><span class='ocrx_word' id='word_1_360' title='bbox 329 3054 507 3091; x_wconf 68' lang='lat' dir='ltr'><strong>aegrorum</strong></span> <span class='ocrx_word' id='word_1_361' title='bbox 527 3038 739 3090; x_wconf 81' lang='lat' dir='ltr'><strong>negligentia</strong></span> <span class='ocrx_word' id='word_1_362' title='bbox 755 3036 908 3089; x_wconf 82' lang='lat' dir='ltr'><strong>prodire.</strong></span> <span class='ocrx_word' id='word_1_363' title='bbox 935 3036 1122 3086; x_wconf 80' lang='lat' dir='ltr'><strong>Significat</strong></span> <span class='ocrx_word' id='word_1_364' title='bbox 1145 3034 1313 3083; x_wconf 85' lang='lat' dir='ltr'><strong>demum,</strong></span> 
     </span>
     <span class='ocr_line' id='line_1_54' title="bbox 327 3096 1362 3152; baseline -0.007 -13"><span class='ocrx_word' id='word_1_365' title='bbox 327 3111 367 3139; x_wconf 87' lang='lat' dir='ltr'><strong>ut</strong></span> <span class='ocrx_word' id='word_1_366' title='bbox 385 3102 429 3139; x_wconf 91' lang='lat' dir='ltr'><strong>de</strong></span> <span class='ocrx_word' id='word_1_367' title='bbox 449 3100 675 3152; x_wconf 78' lang='lat' dir='ltr'><strong>dogmatibus</strong></span> <span class='ocrx_word' id='word_1_368' title='bbox 699 3100 774 3151; x_wconf 88' lang='lat' dir='ltr'><strong>jam</strong></span> <span class='ocrx_word' id='word_1_369' title='bbox 794 3099 943 3145; x_wconf 84' lang='lat' dir='ltr'><strong>fecerat,</strong></span> <span class='ocrx_word' id='word_1_370' title='bbox 966 3097 1072 3134; x_wconf 83' lang='lat' dir='ltr'><strong>etiam</strong></span> <span class='ocrx_word' id='word_1_371' title='bbox 1104 3097 1182 3134; x_wconf 89' lang='lat' dir='ltr'><strong>illos</strong></span> <span class='ocrx_word' id='word_1_372' title='bbox 1211 3096 1313 3138; x_wconf 83' lang='lat' dir='ltr'><strong>venia</strong></span> <span class='ocrx_word' id='word_1_373' title='bbox 1339 3109 1362 3138; x_wconf 81' lang='lat' dir='ltr'>C</span> 
     </span>
     <span class='ocr_line' id='line_1_55' title="bbox 329 3158 1313 3210; baseline -0.006 -10"><span class='ocrx_word' id='word_1_374' title='bbox 329 3176 444 3200; x_wconf 78' lang='lat' dir='ltr'><strong>carere</strong></span> <span class='ocrx_word' id='word_1_375' title='bbox 462 3178 471 3210; x_wconf 90' lang='lat'>;</span> <span class='ocrx_word' id='word_1_376' title='bbox 500 3161 578 3198; x_wconf 90' lang='lat' dir='ltr'><strong>ideo</strong></span> <span class='ocrx_word' id='word_1_377' title='bbox 599 3160 647 3198; x_wconf 86' lang='lat' dir='ltr'><strong>ait</strong></span> <span class='ocrx_word' id='word_1_378' title='bbox 670 3175 677 3196; x_wconf 91' lang='lat'>:</span> <span class='ocrx_word' id='word_1_379' title='bbox 699 3161 761 3197; x_wconf 75' lang='lat'><strong>5—2.</strong></span> <span class='ocrx_word' id='word_1_380' title='bbox 794 3160 869 3209; x_wconf 77' lang='lat' dir='ltr'><strong>Qui</strong></span> <span class='ocrx_word' id='word_1_381' title='bbox 888 3172 971 3196; x_wconf 79' lang='lat' dir='ltr'><strong>cum</strong></span> <span class='ocrx_word' id='word_1_382' title='bbox 987 3158 1313 3210; x_wconf 81' lang='lat' dir='ltr'><strong>justificationem</strong></span> 
     </span>
     <span class='ocr_line' id='line_1_56' title="bbox 331 3219 1307 3274; baseline -0.006 -14"><span class='ocrx_word' id='word_1_383' title='bbox 331 3225 406 3261; x_wconf 83' lang='lat' dir='ltr'><strong>Dei</strong></span> <span class='ocrx_word' id='word_1_384' title='bbox 428 3221 927 3274; x_wconf 75' lang='lat' dir='ltr'><strong>cognoscerent,&#39;quoniam</strong></span> <span class='ocrx_word' id='word_1_385' title='bbox 953 3221 1019 3270; x_wconf 81' lang='lat' dir='ltr'><strong>qui</strong></span> <span class='ocrx_word' id='word_1_386' title='bbox 1043 3219 1142 3256; x_wconf 84' lang='lat' dir='ltr'><strong>talia</strong></span> <span class='ocrx_word' id='word_1_387' title='bbox 1170 3226 1307 3269; x_wconf 74' lang='lat' dir='ltr'><strong>agunt,</strong></span> 
     </span>
    </p>
   </div>
   <div class='ocr_carea' id='block_1_14' title="bbox 373 3330 1147 3430">
    <p class='ocr_par' dir='ltr' id='par_1_14' title="bbox 373 3330 1147 3430">
     <span class='ocr_line' id='line_1_57' title="bbox 373 3330 1081 3376; baseline -0.003 -13"><span class='ocrx_word' id='word_1_388' title='bbox 373 3342 388 3358; x_wconf 82' lang='lat' dir='ltr'><strong>u</strong></span> <span class='ocrx_word' id='word_1_389' title='bbox 414 3333 471 3364; x_wconf 67' lang='lat' dir='ltr'><strong>Alii</strong></span> <span class='ocrx_word' id='word_1_390' title='bbox 487 3335 497 3374; x_wconf 86' lang='lat'>[</span> <span class='ocrx_word' id='word_1_391' title='bbox 514 3335 550 3364; x_wconf 79' lang='lat' dir='ltr'><strong>A,</strong></span> <span class='ocrx_word' id='word_1_392' title='bbox 568 3341 600 3365; x_wconf 88' lang='lat' dir='ltr'><strong>et</strong></span> <span class='ocrx_word' id='word_1_393' title='bbox 618 3343 720 3375; x_wconf 80' lang='lat' dir='ltr'><strong>marg.</strong></span> <span class='ocrx_word' id='word_1_394' title='bbox 740 3330 841 3364; x_wconf 82' lang='lat' dir='ltr'><strong>Savit.</strong></span> <span class='ocrx_word' id='word_1_395' title='bbox 858 3332 870 3373; x_wconf 91' lang='lat'>]</span> <span class='ocrx_word' id='word_1_396' title='bbox 887 3336 1081 3376; x_wconf 67' lang='grc' dir='ltr'>παρετράπη.</span> 
     </span>
     <span class='ocr_line' id='line_1_58' title="bbox 377 3381 1147 3430; baseline -0.004 -14"><span class='ocrx_word' id='word_1_397' title='bbox 377 3387 391 3409; x_wconf 75' lang='lat' dir='ltr'><strong>b</strong></span> <span class='ocrx_word' id='word_1_398' title='bbox 418 3384 477 3416; x_wconf 78' lang='lat' dir='ltr'><strong>Alii</strong></span> <span class='ocrx_word' id='word_1_399' title='bbox 489 3387 574 3421; x_wconf 58' lang='grc' dir='ltr'>οὖσαν</span> <span class='ocrx_word' id='word_1_400' title='bbox 593 3389 750 3430; x_wconf 57' lang='grc' dir='ltr'>ἑκατέρων,</span> <span class='ocrx_word' id='word_1_401' title='bbox 767 3395 837 3426; x_wconf 73' lang='lat' dir='ltr'>‹11:ae</span> <span class='ocrx_word' id='word_1_402' title='bbox 854 3382 951 3414; x_wconf 73' lang='lat' dir='ltr'><strong>lectio</strong></span> <span class='ocrx_word' id='word_1_403' title='bbox 969 3393 1033 3414; x_wconf 88' lang='lat' dir='ltr'><strong>non</strong></span> <span class='ocrx_word' id='word_1_404' title='bbox 1051 3381 1147 3413; x_wconf 79' lang='lat' dir='ltr'><strong>mala.</strong></span> 
     </span>
    </p>
   </div>
   <div class='ocr_carea' id='block_1_15' title="bbox 1071 223 1951 254">
    <p class='ocr_par' dir='ltr' id='par_1_15' title="bbox 1071 223 1951 254">
     <span class='ocr_line' id='line_1_59' title="bbox 1071 223 1951 254; baseline 0.001 -1"><span class='ocrx_word' id='word_1_405' title='bbox 1071 223 1310 254; x_wconf 85' lang='lat' dir='ltr'>CHRYSOST.</span> <span class='ocrx_word' id='word_1_406' title='bbox 1350 223 1538 252; x_wconf 75' lang='lat' dir='ltr'>ARCfflEP</span> <span class='ocrx_word' id='word_1_407' title='bbox 1548 243 1557 252; x_wconf 87' lang='lat'><strong><em>.</em></strong></span> <span class='ocrx_word' id='word_1_408' title='bbox 1597 224 1933 254; x_wconf 65' lang='lat' dir='ltr'>CONSTANTINOP</span> <span class='ocrx_word' id='word_1_409' title='bbox 1943 245 1951 254; x_wconf 88' lang='lat'><strong><em>.</em></strong></span> 
     </span>
    </p>
   </div>
   <div class='ocr_carea' id='block_1_16' title="bbox 1380 304 2403 478">
    <p class='ocr_par' dir='ltr' id='par_1_16' title="bbox 1380 304 2403 478">
     <span class='ocr_line' id='line_1_60' title="bbox 1381 304 2402 356; baseline 0.005 -16"><span class='ocrx_word' id='word_1_410' title='bbox 1381 319 1470 346; x_wconf 89' lang='grc' dir='ltr'>τινες</span> <span class='ocrx_word' id='word_1_411' title='bbox 1490 306 1557 340; x_wconf 86' lang='grc' dir='ltr'><strong>τῶν</strong></span> <span class='ocrx_word' id='word_1_412' title='bbox 1578 304 1761 354; x_wconf 83' lang='grc' dir='ltr'>αἷρετικῶν</span> <span class='ocrx_word' id='word_1_413' title='bbox 1782 320 1899 356; x_wconf 81' lang='grc' dir='ltr'>φασιν,</span> <span class='ocrx_word' id='word_1_414' title='bbox 1933 305 2022 344; x_wconf 76' lang='grc' dir='ltr'>ἀλλὰ</span> <span class='ocrx_word' id='word_1_415' title='bbox 2052 308 2112 352; x_wconf 77' lang='grc' dir='ltr'>τ’ἧς</span> <span class='ocrx_word' id='word_1_416' title='bbox 2144 306 2294 349; x_wconf 76' lang='grc' dir='ltr'>διανοίας</span> <span class='ocrx_word' id='word_1_417' title='bbox 2321 306 2402 345; x_wconf 78' lang='grc' dir='ltr'>ὄντα</span> 
     </span>
     <span class='ocr_line' id='line_1_61' title="bbox 1380 365 2401 419; baseline 0.003 -18"><span class='ocrx_word' id='word_1_418' title='bbox 1380 368 1443 411; x_wconf 68' lang='grc' dir='ltr'><strong>τῆς</strong></span> <span class='ocrx_word' id='word_1_419' title='bbox 1471 371 1624 416; x_wconf 79' lang='grc' dir='ltr'>πονηρᾶς</span> <span class='ocrx_word' id='word_1_420' title='bbox 1658 365 1840 414; x_wconf 80' lang='grc' dir='ltr'>ἐπιθυμίας</span> <span class='ocrx_word' id='word_1_421' title='bbox 1869 366 1912 403; x_wconf 80' lang='grc' dir='ltr'><strong>τὰ</strong></span> <span class='ocrx_word' id='word_1_422' title='bbox 1938 366 2216 419; x_wconf 65' lang='grc' dir='ltr'>ἁρμαρτιῆματα,</span> <span class='ocrx_word' id='word_1_423' title='bbox 2248 367 2307 404; x_wconf 80' lang='grc' dir='ltr'><strong>καὶ</strong></span> <span class='ocrx_word' id='word_1_424' title='bbox 2338 368 2401 413; x_wconf 80' lang='grc' dir='ltr'><strong>τὴν</strong></span> 
     </span>
     <span class='ocr_line' id='line_1_62' title="bbox 1381 420 2403 478; baseline 0.003 -16"><span class='ocrx_word' id='word_1_425' title='bbox 1381 424 1497 476; x_wconf 78' lang='grc' dir='ltr'>πηγὴν</span> <span class='ocrx_word' id='word_1_426' title='bbox 1516 427 1643 463; x_wconf 83' lang='grc' dir='ltr'>ἐκεῖθεν</span> <span class='ocrx_word' id='word_1_427' title='bbox 1664 420 1769 463; x_wconf 62' lang='grc' dir='ltr'>οὖσαν</span> <span class='ocrx_word' id='word_1_428' title='bbox 1788 428 1855 463; x_wconf 87' lang='grc' dir='ltr'><strong>τῶν</strong></span> <span class='ocrx_word' id='word_1_429' title='bbox 1885 430 2017 464; x_wconf 81' lang='grc' dir='ltr'>κακῶν.</span> <span class='ocrx_word' id='word_1_430' title='bbox 2035 426 2182 473; x_wconf 80' lang='grc' dir='ltr'>Ἐπειδὴ</span> <span class='ocrx_word' id='word_1_431' title='bbox 2201 422 2274 478; x_wconf 80' lang='grc' dir='ltr'><strong>γὰρ</strong></span> <span class='ocrx_word' id='word_1_432' title='bbox 2290 429 2308 464; x_wconf 84' lang='grc' dir='ltr'><em>ὃ</em></span> <span class='ocrx_word' id='word_1_433' title='bbox 2330 432 2403 470; x_wconf 92' lang='grc' dir='ltr'>νοῦς</span> 
     </span>
    </p>
   </div>
   <div class='ocr_carea' id='block_1_17' title="bbox 1383 485 2405 539">
    <p class='ocr_par' dir='ltr' id='par_1_17' title="bbox 1383 485 2405 539">
     <span class='ocr_line' id='line_1_63' title="bbox 1383 485 2405 539; baseline 0.001 -16"><span class='ocrx_word' id='word_1_434' title='bbox 1383 485 1547 537; x_wconf 80' lang='grc' dir='ltr'>ἀδόκιμος</span> <span class='ocrx_word' id='word_1_435' title='bbox 1568 485 1704 537; x_wconf 83' lang='grc' dir='ltr'>γέγονε,</span> <span class='ocrx_word' id='word_1_436' title='bbox 1723 485 1839 523; x_wconf 83' lang='grc' dir='ltr'>πάντα</span> <span class='ocrx_word' id='word_1_437' title='bbox 1869 487 2045 539; x_wconf 82' lang='grc' dir='ltr'>παρεσύρη</span> <span class='ocrx_word' id='word_1_438' title='bbox 2065 486 2184 525; x_wconf 75' lang='grc' dir='ltr'>λοιπὸν</span> <span class='ocrx_word' id='word_1_439' title='bbox 2215 487 2274 524; x_wconf 80' lang='grc' dir='ltr'><strong>καὶ</strong></span> <span class='ocrx_word' id='word_1_440' title='bbox 2302 492 2315 507; x_wconf 79' lang='lat'>⁰</span> <span class='ocrx_word' id='word_1_441' title='bbox 2331 489 2405 524; x_wconf 88' lang='grc' dir='ltr'>ἀνε-</span> 
     </span>
    </p>
   </div>
   <div class='ocr_carea' id='block_1_18' title="bbox 1334 545 2405 599">
    <p class='ocr_par' dir='ltr' id='par_1_18' title="bbox 1334 545 2405 599">
     <span class='ocr_line' id='line_1_64' title="bbox 1334 545 2405 599; baseline 0.001 -17"><span class='ocrx_word' id='word_1_442' title='bbox 1334 552 1359 582; x_wconf 93' lang='lat' dir='ltr'>D</span> <span class='ocrx_word' id='word_1_443' title='bbox 1382 545 1520 597; x_wconf 80' lang='grc' dir='ltr'>τράπη,</span> <span class='ocrx_word' id='word_1_444' title='bbox 1551 549 1610 582; x_wconf 90' lang='grc' dir='ltr'><strong>τοῦ</strong></span> <span class='ocrx_word' id='word_1_445' title='bbox 1642 546 1784 597; x_wconf 73' lang='grc' dir='ltr'>ἡνιόχου</span> <span class='ocrx_word' id='word_1_446' title='bbox 1817 546 2072 599; x_wconf 70' lang='grc' dir='ltr'>διαφθαρέντος.</span> <span class='ocrx_word' id='word_1_447' title='bbox 2100 546 2405 598; x_wconf 82' lang='grc' dir='ltr'>Πεπληρωμένους</span> 
     </span>
    </p>
   </div>
   <div class='ocr_carea' id='block_1_19' title="bbox 1380 605 2417 2779">
    <p class='ocr_par' dir='ltr' id='par_1_19' title="bbox 1380 605 2417 2779">
     <span class='ocr_line' id='line_1_65' title="bbox 1382 605 2405 660; baseline 0.001 -17"><span class='ocrx_word' id='word_1_448' title='bbox 1382 605 1478 657; x_wconf 77' lang='grc' dir='ltr'>πάσῃ</span> <span class='ocrx_word' id='word_1_449' title='bbox 1493 605 1630 658; x_wconf 75' lang='grc' dir='ltr'>ἀδικίᾳ,</span> <span class='ocrx_word' id='word_1_450' title='bbox 1647 606 1820 658; x_wconf 77' lang='grc' dir='ltr'>πονηρίᾳ,</span> <span class='ocrx_word' id='word_1_451' title='bbox 1832 605 2012 658; x_wconf 81' lang='grc' dir='ltr'>πλεονεξίᾳ</span> <span class='ocrx_word' id='word_1_452' title='bbox 2023 636 2032 653; x_wconf 91' lang='grc'><strong>,</strong></span> <span class='ocrx_word' id='word_1_453' title='bbox 2045 607 2163 660; x_wconf 77' lang='grc' dir='ltr'>κακία.</span> <span class='ocrx_word' id='word_1_454' title='bbox 2178 606 2275 659; x_wconf 65' lang='grc' dir='ltr'>“Όρα</span> <span class='ocrx_word' id='word_1_455' title='bbox 2290 607 2405 645; x_wconf 85' lang='grc' dir='ltr'>πάντα</span> 
     </span>
     <span class='ocr_line' id='line_1_66' title="bbox 1385 662 2404 720; baseline 0.001 -16"><span class='ocrx_word' id='word_1_456' title='bbox 1385 668 1459 716; x_wconf 86' lang='grc' dir='ltr'>μετ’</span> <span class='ocrx_word' id='word_1_457' title='bbox 1481 666 1690 709; x_wconf 82' lang='grc' dir='ltr'>ἐπιτάσεως·</span> <span class='ocrx_word' id='word_1_458' title='bbox 1711 667 1770 704; x_wconf 84' lang='grc' dir='ltr'><strong>καὶ</strong></span> <span class='ocrx_word' id='word_1_459' title='bbox 1784 666 1852 718; x_wconf 81' lang='grc' dir='ltr'><strong>γὰρ</strong></span> <span class='ocrx_word' id='word_1_460' title='bbox 1868 668 2172 719; x_wconf 82' lang='grc' dir='ltr'>Πεπληρωμένους</span> <span class='ocrx_word' id='word_1_461' title='bbox 2191 662 2279 706; x_wconf 68' lang='grc' dir='ltr'>εἷναί</span> <span class='ocrx_word' id='word_1_462' title='bbox 2298 684 2382 720; x_wconf 76' lang='grc' dir='ltr'>φησι</span> <span class='ocrx_word' id='word_1_463' title='bbox 2395 698 2404 714; x_wconf 91' lang='grc'><strong>,</strong></span> 
     </span>
     <span class='ocr_line' id='line_1_67' title="bbox 1382 726 2406 779; baseline 0.002 -15"><span class='ocrx_word' id='word_1_464' title='bbox 1382 726 1441 764; x_wconf 83' lang='grc' dir='ltr'><strong>καὶ</strong></span> <span class='ocrx_word' id='word_1_465' title='bbox 1460 727 1577 778; x_wconf 79' lang='grc' dir='ltr'>Πάσῃ.</span> <span class='ocrx_word' id='word_1_466' title='bbox 1597 727 1798 777; x_wconf 71' lang='grc' dir='ltr'>Ὀνομοίσας</span> <span class='ocrx_word' id='word_1_467' title='bbox 1817 727 1852 766; x_wconf 78' lang='grc' dir='ltr'><strong>δὲ</strong></span> <span class='ocrx_word' id='word_1_468' title='bbox 1871 730 2014 779; x_wconf 82' lang='grc' dir='ltr'>γενικῶς</span> <span class='ocrx_word' id='word_1_469' title='bbox 2027 728 2090 775; x_wconf 80' lang='grc' dir='ltr'><strong>τὴν</strong></span> <span class='ocrx_word' id='word_1_470' title='bbox 2109 729 2246 774; x_wconf 88' lang='grc' dir='ltr'>κακίαν,</span> <span class='ocrx_word' id='word_1_471' title='bbox 2260 728 2406 770; x_wconf 76' lang='grc' dir='ltr'>καὶτοῖς</span> 
     </span>
     <span class='ocr_line' id='line_1_68' title="bbox 1384 785 2417 841; baseline 0.004 -18"><span class='ocrx_word' id='word_1_472' title='bbox 1384 785 1521 837; x_wconf 81' lang='grc' dir='ltr'>μέρεσιν</span> <span class='ocrx_word' id='word_1_473' title='bbox 1542 786 1782 838; x_wconf 69' lang='grc' dir='ltr'>ἐπεξέρχεται,</span> <span class='ocrx_word' id='word_1_474' title='bbox 1802 788 1861 825; x_wconf 78' lang='grc' dir='ltr'><strong>καὶ</strong></span> <span class='ocrx_word' id='word_1_475' title='bbox 1882 787 2012 832; x_wconf 79' lang='grc' dir='ltr'>τούτοις</span> <span class='ocrx_word' id='word_1_476' title='bbox 2029 791 2103 838; x_wconf 77' lang='grc' dir='ltr'>μεθ’</span> <span class='ocrx_word' id='word_1_477' title='bbox 2119 789 2334 841; x_wconf 68' lang='grc' dir='ltr'>ὓπερὸολῆς,</span> <span class='ocrx_word' id='word_1_478' title='bbox 2373 789 2417 838; x_wconf 44' lang='grc' dir='ltr'><strong>έχ</strong></span> 
     </span>
     <span class='ocr_line' id='line_1_69' title="bbox 1381 840 2403 900; baseline 0.003 -17"><span class='ocrx_word' id='word_1_479' title='bbox 1381 862 1451 897; x_wconf 86' lang='grc' dir='ltr'><strong>γων</strong></span> <span class='ocrx_word' id='word_1_480' title='bbox 1475 846 1632 890; x_wconf 80' lang='grc' dir='ltr'>Μεστοὺς</span> <span class='ocrx_word' id='word_1_481' title='bbox 1658 847 1928 899; x_wconf 75' lang='grc' dir='ltr'>φθόνου,φο’νου.</span> <span class='ocrx_word' id='word_1_482' title='bbox 1955 850 2069 886; x_wconf 87' lang='grc' dir='ltr'>Τοῦτο</span> <span class='ocrx_word' id='word_1_483' title='bbox 2087 840 2154 900; x_wconf 66' lang='grc' dir='ltr'><strong>γαρ</strong></span> <span class='ocrx_word' id='word_1_484' title='bbox 2191 849 2226 893; x_wconf 81' lang='grc' dir='ltr'><strong>ἐξ</strong></span> <span class='ocrx_word' id='word_1_485' title='bbox 2253 849 2403 893; x_wconf 85' lang='grc' dir='ltr'>ἐκείνου,</span> 
     </span>
     <span class='ocr_line' id='line_1_70' title="bbox 1382 902 2403 961; baseline 0.003 -17"><span class='ocrx_word' id='word_1_486' title='bbox 1382 906 1500 959; x_wconf 81' lang='grc' dir='ltr'>ὥσπερ</span> <span class='ocrx_word' id='word_1_487' title='bbox 1515 907 1571 944; x_wconf 81' lang='grc' dir='ltr'><strong>ἐπὶ</strong></span> <span class='ocrx_word' id='word_1_488' title='bbox 1596 912 1653 945; x_wconf 85' lang='grc' dir='ltr'><strong>τοῦ</strong></span> <span class='ocrx_word' id='word_1_489' title='bbox 1669 907 1774 946; x_wconf 53' lang='lat' dir='ltr'><strong>”Aegi</strong></span> <span class='ocrx_word' id='word_1_490' title='bbox 1797 907 1855 945; x_wconf 88' lang='grc' dir='ltr'><strong>καὶ</strong></span> <span class='ocrx_word' id='word_1_491' title='bbox 1882 911 1941 946; x_wconf 86' lang='grc' dir='ltr'><strong>τοῦ</strong></span> <span class='ocrx_word' id='word_1_492' title='bbox 1974 902 2106 961; x_wconf 67' lang='grc' dir='ltr'>Ἰωσὴφ</span> <span class='ocrx_word' id='word_1_493' title='bbox 2137 909 2289 961; x_wconf 72' lang='grc' dir='ltr'>ἐδείχθη.</span> <span class='ocrx_word' id='word_1_494' title='bbox 2314 904 2403 947; x_wconf 68' lang='grc' dir='ltr'>Εἶτα</span> 
     </span>
     <span class='ocr_line' id='line_1_71' title="bbox 1382 967 2403 1023; baseline 0.004 -18"><span class='ocrx_word' id='word_1_495' title='bbox 1382 967 1501 1015; x_wconf 76' lang='grc' dir='ltr'>εἰπὼν,</span> <span class='ocrx_word' id='word_1_496' title='bbox 1520 969 1681 1021; x_wconf 78' lang='grc' dir='ltr'>Ἔριδος,</span> <span class='ocrx_word' id='word_1_497' title='bbox 1703 969 1801 1007; x_wconf 80' lang='grc' dir='ltr'>’δόλου</span> <span class='ocrx_word' id='word_1_498' title='bbox 1814 999 1824 1016; x_wconf 94' lang='grc'><strong>,</strong></span> <span class='ocrx_word' id='word_1_499' title='bbox 1844 969 2072 1017; x_wconf 77' lang='grc' dir='ltr'>κακοηθείας,</span> <span class='ocrx_word' id='word_1_500' title='bbox 2091 971 2312 1023; x_wconf 79' lang='grc' dir='ltr'>ψιθυριστὰς,</span> <span class='ocrx_word' id='word_1_501' title='bbox 2335 987 2403 1009; x_wconf 84' lang='grc' dir='ltr'><strong>κα-</strong></span> 
     </span>
     <span class='ocr_line' id='line_1_72' title="bbox 1380 1029 2405 1082; baseline 0.002 -15"><span class='ocrx_word' id='word_1_502' title='bbox 1380 1031 1571 1076; x_wconf 81' lang='grc' dir='ltr'>ταλάλους,</span> <span class='ocrx_word' id='word_1_503' title='bbox 1606 1034 1818 1082; x_wconf 75' lang='grc' dir='ltr'>θεοστυγεῖς,</span> <span class='ocrx_word' id='word_1_504' title='bbox 1847 1029 2033 1082; x_wconf 66' lang='grc' dir='ltr'>ὓὸριστὰς,</span> <span class='ocrx_word' id='word_1_505' title='bbox 2064 1030 2123 1068; x_wconf 86' lang='grc' dir='ltr'><strong>καὶ</strong></span> <span class='ocrx_word' id='word_1_506' title='bbox 2159 1031 2203 1068; x_wconf 87' lang='grc' dir='ltr'><strong>τὰ</strong></span> <span class='ocrx_word' id='word_1_507' title='bbox 2240 1033 2405 1070; x_wconf 80' lang='grc' dir='ltr'>δοκοῦντα</span> 
     </span>
     <span class='ocr_line' id='line_1_73' title="bbox 1381 1085 2406 1143; baseline 0.001 -15"><span class='ocrx_word' id='word_1_508' title='bbox 1381 1091 1551 1143; x_wconf 66' lang='grc' dir='ltr'>ἀδιάφορα</span> <span class='ocrx_word' id='word_1_509' title='bbox 1567 1085 1653 1129; x_wconf 64' lang='grc' dir='ltr'>εἶναι</span> <span class='ocrx_word' id='word_1_510' title='bbox 1674 1093 1815 1135; x_wconf 75' lang='grc' dir='ltr'>πολλοῖς</span> <span class='ocrx_word' id='word_1_511' title='bbox 1834 1093 1867 1129; x_wconf 86' lang='grc' dir='ltr'><strong>ἐν</strong></span> <span class='ocrx_word' id='word_1_512' title='bbox 1882 1090 1977 1135; x_wconf 75' lang='grc' dir='ltr'>τάξει</span> <span class='ocrx_word' id='word_1_513' title='bbox 1995 1091 2062 1134; x_wconf 74' lang='grc' dir='ltr'>θεὶς</span> <span class='ocrx_word' id='word_1_514' title='bbox 2082 1092 2326 1143; x_wconf 78' lang='grc' dir='ltr'>ἐγκλημάτων,</span> <span class='ocrx_word' id='word_1_515' title='bbox 2341 1092 2406 1130; x_wconf 80' lang='grc' dir='ltr'><strong>αὔ-</strong></span> 
     </span>
     <span class='ocr_line' id='line_1_74' title="bbox 1383 1150 2404 1203; baseline 0.001 -14"><span class='ocrx_word' id='word_1_516' title='bbox 1383 1150 1431 1195; x_wconf 81' lang='grc' dir='ltr'><strong>ξει</strong></span> <span class='ocrx_word' id='word_1_517' title='bbox 1450 1151 1555 1189; x_wconf 71' lang='grc' dir='ltr'>πάλιν</span> <span class='ocrx_word' id='word_1_518' title='bbox 1583 1151 1644 1198; x_wconf 76' lang='grc' dir='ltr'><strong>τὴν</strong></span> <span class='ocrx_word' id='word_1_519' title='bbox 1665 1152 1890 1203; x_wconf 80' lang='grc' dir='ltr'>κατηγορίαν,</span> <span class='ocrx_word' id='word_1_520' title='bbox 1914 1152 1969 1189; x_wconf 78' lang='grc' dir='ltr'><strong>ἐπὶ</strong></span> <span class='ocrx_word' id='word_1_521' title='bbox 1988 1151 2049 1198; x_wconf 77' lang='grc' dir='ltr'><strong>τὴν</strong></span> <span class='ocrx_word' id='word_1_522' title='bbox 2065 1152 2253 1203; x_wconf 86' lang='grc' dir='ltr'>ἀκρόπολιν</span> <span class='ocrx_word' id='word_1_523' title='bbox 2274 1152 2404 1194; x_wconf 69' lang='grc' dir='ltr'>ἀναὸὰς</span> 
     </span>
     <span class='ocr_line' id='line_1_75' title="bbox 1380 1210 2404 1266; baseline 0 -16"><span class='ocrx_word' id='word_1_524' title='bbox 1380 1214 1447 1250; x_wconf 86' lang='grc' dir='ltr'><strong>τῶν</strong></span> <span class='ocrx_word' id='word_1_525' title='bbox 1474 1215 1604 1259; x_wconf 81' lang='grc' dir='ltr'>κακῶν,</span> <span class='ocrx_word' id='word_1_526' title='bbox 1624 1210 1684 1249; x_wconf 78' lang='grc' dir='ltr'><strong>καὶ</strong></span> <span class='ocrx_word' id='word_1_527' title='bbox 1713 1211 1818 1250; x_wconf 83' lang='grc' dir='ltr'>εἰπὼν</span> <span class='ocrx_word' id='word_1_528' title='bbox 1848 1211 2041 1255; x_wconf 75' lang='grc' dir='ltr'>Ἀλαζόνας.</span> <span class='ocrx_word' id='word_1_529' title='bbox 2064 1214 2135 1249; x_wconf 89' lang='grc' dir='ltr'><strong>Τοῦ</strong></span> <span class='ocrx_word' id='word_1_530' title='bbox 2155 1212 2222 1266; x_wconf 83' lang='grc' dir='ltr'><strong>γὰρ</strong></span> <span class='ocrx_word' id='word_1_531' title='bbox 2245 1213 2404 1265; x_wconf 76' lang='grc' dir='ltr'>ἁμαρτά-</span> 
     </span>
     <span class='ocr_line' id='line_1_76' title="bbox 1380 1272 2404 1325; baseline -0.001 -15"><span class='ocrx_word' id='word_1_532' title='bbox 1380 1274 1493 1311; x_wconf 75' lang='grc' dir='ltr'>τάνειν</span> <span class='ocrx_word' id='word_1_533' title='bbox 1510 1272 1548 1309; x_wconf 83' lang='grc' dir='ltr'><strong>τὸ</strong></span> <span class='ocrx_word' id='word_1_534' title='bbox 1568 1273 1627 1311; x_wconf 78' lang='grc' dir='ltr'><strong>καὶ</strong></span> <span class='ocrx_word' id='word_1_535' title='bbox 1648 1272 1893 1325; x_wconf 80' lang='grc' dir='ltr'>ἁμαρτάνοντα</span> <span class='ocrx_word' id='word_1_536' title='bbox 1911 1279 2044 1324; x_wconf 66' lang='grc' dir='ltr'>φρονεῖν</span> <span class='ocrx_word' id='word_1_537' title='bbox 2067 1272 2157 1323; x_wconf 81' lang='grc' dir='ltr'>μέγα</span> <span class='ocrx_word' id='word_1_538' title='bbox 2169 1302 2178 1320; x_wconf 88' lang='grc'><strong>,</strong></span> <span class='ocrx_word' id='word_1_539' title='bbox 2196 1273 2404 1324; x_wconf 79' lang='grc' dir='ltr'>χαλεπώτε-</span> 
     </span>
     <span class='ocr_line' id='line_1_77' title="bbox 1384 1333 2404 1387; baseline -0.002 -14"><span class='ocrx_word' id='word_1_540' title='bbox 1384 1351 1438 1387; x_wconf 90' lang='grc' dir='ltr'><strong>ρον</strong></span> <span class='ocrx_word' id='word_1_541' title='bbox 1453 1350 1460 1357; x_wconf 86' lang='grc'><em>·</em></span> <span class='ocrx_word' id='word_1_542' title='bbox 1478 1335 1530 1372; x_wconf 73' lang='grc' dir='ltr'><strong>διὸ</strong></span> <span class='ocrx_word' id='word_1_543' title='bbox 1548 1334 1607 1372; x_wconf 72' lang='grc' dir='ltr'><strong>καὶ</strong></span> <span class='ocrx_word' id='word_1_544' title='bbox 1620 1334 1812 1385; x_wconf 82' lang='grc' dir='ltr'>Κορινθίοις</span> <span class='ocrx_word' id='word_1_545' title='bbox 1827 1333 1910 1370; x_wconf 79' lang='grc' dir='ltr'>αὐτὸ</span> <span class='ocrx_word' id='word_1_546' title='bbox 1930 1334 2070 1381; x_wconf 78' lang='grc' dir='ltr'>ἐγκαλεῖ</span> <span class='ocrx_word' id='word_1_547' title='bbox 2085 1334 2208 1384; x_wconf 82' lang='grc' dir='ltr'>λέγων,</span> <span class='ocrx_word' id='word_1_548' title='bbox 2225 1333 2294 1371; x_wconf 88' lang='grc' dir='ltr'><strong>Καὶ</strong></span> <span class='ocrx_word' id='word_1_549' title='bbox 2308 1337 2404 1384; x_wconf 79' lang='grc' dir='ltr'>ὑμεῖς</span> 
     </span>
     <span class='ocr_line' id='line_1_78' title="bbox 1381 1392 2405 1446; baseline -0.001 -14"><span class='ocrx_word' id='word_1_550' title='bbox 1381 1394 1637 1446; x_wconf 65' lang='grc' dir='ltr'>πεφυσιωμένοι</span> <span class='ocrx_word' id='word_1_551' title='bbox 1659 1393 1749 1430; x_wconf 80' lang='grc' dir='ltr'>ἐστέ.</span> <span class='ocrx_word' id='word_1_552' title='bbox 1767 1395 1811 1430; x_wconf 83' lang='grc' dir='ltr'><strong>Εἰ</strong></span> <span class='ocrx_word' id='word_1_553' title='bbox 1831 1392 1899 1444; x_wconf 79' lang='grc' dir='ltr'><strong>γὰρ</strong></span> <span class='ocrx_word' id='word_1_554' title='bbox 1927 1392 1983 1430; x_wconf 80' lang='grc' dir='ltr'><strong>ἐπὶ</strong></span> <span class='ocrx_word' id='word_1_555' title='bbox 2011 1392 2258 1444; x_wconf 82' lang='grc' dir='ltr'>κατορθώματί</span> <span class='ocrx_word' id='word_1_556' title='bbox 2272 1409 2323 1437; x_wconf 90' lang='grc' dir='ltr'><strong>τις</strong></span> <span class='ocrx_word' id='word_1_557' title='bbox 2343 1410 2405 1445; x_wconf 81' lang='grc' dir='ltr'>φυ-</span> 
     </span>
     <span class='ocr_line' id='line_1_79' title="bbox 1384 1452 2404 1506; baseline 0.001 -15"><span class='ocrx_word' id='word_1_558' title='bbox 1384 1454 1536 1503; x_wconf 84' lang='grc' dir='ltr'>σώμενος</span> <span class='ocrx_word' id='word_1_559' title='bbox 1569 1454 1608 1491; x_wconf 81' lang='grc' dir='ltr'><strong>τὸ</strong></span> <span class='ocrx_word' id='word_1_560' title='bbox 1644 1460 1712 1490; x_wconf 74' lang='grc' dir='ltr'><strong>πᾶν</strong></span> <span class='ocrx_word' id='word_1_561' title='bbox 1751 1452 1940 1500; x_wconf 83' lang='grc' dir='ltr'>ἀπώλεσεν,</span> <span class='ocrx_word' id='word_1_562' title='bbox 1973 1455 1991 1490; x_wconf 84' lang='grc' dir='ltr'><strong><em>ὃ</em></strong></span> <span class='ocrx_word' id='word_1_563' title='bbox 2021 1454 2109 1504; x_wconf 76' lang='grc' dir='ltr'>μετὰ</span> <span class='ocrx_word' id='word_1_564' title='bbox 2140 1454 2404 1506; x_wconf 83' lang='grc' dir='ltr'>ἁμαρτημάτων</span> 
     </span>
     <span class='ocr_line' id='line_1_80' title="bbox 1383 1512 2406 1567; baseline 0.001 -15"><span class='ocrx_word' id='word_1_565' title='bbox 1383 1519 1484 1552; x_wconf 82' lang='grc' dir='ltr'>τοῦτο</span> <span class='ocrx_word' id='word_1_566' title='bbox 1505 1516 1626 1558; x_wconf 87' lang='grc' dir='ltr'>ποιῶν,</span> <span class='ocrx_word' id='word_1_567' title='bbox 1646 1513 1756 1559; x_wconf 81' lang='grc' dir='ltr'>πόσης</span> <span class='ocrx_word' id='word_1_568' title='bbox 1771 1516 1832 1551; x_wconf 73' lang='grc' dir='ltr'><strong>οὐκ</strong></span> <span class='ocrx_word' id='word_1_569' title='bbox 1851 1512 1890 1550; x_wconf 76' lang='grc' dir='ltr'><strong>ἂν</strong></span> <span class='ocrx_word' id='word_1_570' title='bbox 1922 1512 1975 1558; x_wconf 84' lang='grc' dir='ltr'><strong>εἴη</strong></span> <span class='ocrx_word' id='word_1_571' title='bbox 2005 1514 2175 1567; x_wconf 82' lang='grc' dir='ltr'>τιμωρίας</span> <span class='ocrx_word' id='word_1_572' title='bbox 2203 1515 2312 1563; x_wconf 81' lang='grc' dir='ltr'>ἅξιος;</span> <span class='ocrx_word' id='word_1_573' title='bbox 2331 1514 2406 1554; x_wconf 72' lang='grc' dir='ltr'>οὐδὲ</span> 
     </span>
     <span class='ocr_line' id='line_1_81' title="bbox 1384 1570 2407 1627; baseline 0.002 -15"><span class='ocrx_word' id='word_1_574' title='bbox 1384 1574 1450 1627; x_wconf 75' lang='grc' dir='ltr'><strong>γὰρ</strong></span> <span class='ocrx_word' id='word_1_575' title='bbox 1481 1577 1699 1624; x_wconf 86' lang='grc' dir='ltr'>μεταγνῶναι</span> <span class='ocrx_word' id='word_1_576' title='bbox 1726 1573 1911 1619; x_wconf 79' lang='grc' dir='ltr'>δυνήσεται</span> <span class='ocrx_word' id='word_1_577' title='bbox 1932 1574 2051 1612; x_wconf 77' lang='grc' dir='ltr'>λοιπὸν</span> <span class='ocrx_word' id='word_1_578' title='bbox 2081 1578 2098 1612; x_wconf 83' lang='grc' dir='ltr'>ὃ</span> <span class='ocrx_word' id='word_1_579' title='bbox 2125 1579 2286 1619; x_wconf 88' lang='grc' dir='ltr'>τοιοῦτος.</span> <span class='ocrx_word' id='word_1_580' title='bbox 2317 1570 2407 1614; x_wconf 61' lang='grc' dir='ltr'>Εἶτά</span> 
     </span>
     <span class='ocr_line' id='line_1_82' title="bbox 1385 1634 2405 1687; baseline 0.002 -15"><span class='ocrx_word' id='word_1_581' title='bbox 1385 1651 1500 1686; x_wconf 71' lang='grc' dir='ltr'>φησιν,</span> <span class='ocrx_word' id='word_1_582' title='bbox 1521 1634 1732 1687; x_wconf 70' lang='grc' dir='ltr'>Ἐφευρετὰς</span> <span class='ocrx_word' id='word_1_583' title='bbox 1751 1639 1886 1673; x_wconf 66' lang='grc' dir='ltr'>κακῶν*</span> <span class='ocrx_word' id='word_1_584' title='bbox 1915 1637 2041 1682; x_wconf 86' lang='grc' dir='ltr'>δηλῶν,</span> <span class='ocrx_word' id='word_1_585' title='bbox 2059 1637 2112 1673; x_wconf 82' lang='grc' dir='ltr'><strong>ὅτι</strong></span> <span class='ocrx_word' id='word_1_586' title='bbox 2139 1636 2215 1674; x_wconf 78' lang='grc' dir='ltr'>οὐδὲ</span> <span class='ocrx_word' id='word_1_587' title='bbox 2244 1643 2315 1680; x_wconf 88' lang='grc' dir='ltr'>τοῖς</span> <span class='ocrx_word' id='word_1_588' title='bbox 2339 1637 2405 1684; x_wconf 83' lang='grc' dir='ltr'><strong>ἤδη</strong></span> 
     </span>
     <span class='ocr_line' id='line_1_83' title="bbox 1384 1691 2409 1750; baseline 0 -15"><span class='ocrx_word' id='word_1_589' title='bbox 1384 1691 1477 1735; x_wconf 69' lang='grc' dir='ltr'>οῦσιν</span> <span class='ocrx_word' id='word_1_590' title='bbox 1499 1696 1729 1749; x_wconf 78' lang='grc' dir='ltr'>ἠρκέσθησαν,</span> <span class='ocrx_word' id='word_1_591' title='bbox 1753 1696 1842 1735; x_wconf 78' lang='grc' dir='ltr'>ἀλλὰ</span> <span class='ocrx_word' id='word_1_592' title='bbox 1861 1696 1920 1734; x_wconf 77' lang='grc' dir='ltr'><strong>καὶ</strong></span> <span class='ocrx_word' id='word_1_593' title='bbox 1939 1699 2078 1749; x_wconf 70' lang='grc' dir='ltr'>ἐφεῦρον</span> <span class='ocrx_word' id='word_1_594' title='bbox 2097 1696 2214 1748; x_wconf 79' lang='grc' dir='ltr'>ἕτερα·</span> <span class='ocrx_word' id='word_1_595' title='bbox 2238 1697 2321 1750; x_wconf 79' lang='grc' dir='ltr'>ὅπερ</span> <span class='ocrx_word' id='word_1_596' title='bbox 2338 1697 2409 1735; x_wconf 84' lang='grc' dir='ltr'><strong>πά-</strong></span> 
     </span>
     <span class='ocr_line' id='line_1_84' title="bbox 1382 1752 2408 1810; baseline 0 -14"><span class='ocrx_word' id='word_1_597' title='bbox 1382 1760 1435 1796; x_wconf 85' lang='grc' dir='ltr'><strong>λιν</strong></span> <span class='ocrx_word' id='word_1_598' title='bbox 1458 1757 1681 1808; x_wconf 80' lang='grc' dir='ltr'>μελετώντων</span> <span class='ocrx_word' id='word_1_599' title='bbox 1701 1752 1742 1804; x_wconf 66' lang='grc' dir='ltr'><strong>ἦν</strong></span> <span class='ocrx_word' id='word_1_600' title='bbox 1763 1757 1821 1794; x_wconf 77' lang='grc' dir='ltr'><strong>καὶ</strong></span> <span class='ocrx_word' id='word_1_601' title='bbox 1841 1757 2114 1804; x_wconf 81' lang='grc' dir='ltr'>σπουδαζόντων,</span> <span class='ocrx_word' id='word_1_602' title='bbox 2136 1758 2212 1809; x_wconf 78' lang='grc' dir='ltr'>οὐχὶ</span> <span class='ocrx_word' id='word_1_603' title='bbox 2230 1773 2408 1810; x_wconf 83' lang='grc' dir='ltr'>συναρπα-</span> 
     </span>
     <span class='ocr_line' id='line_1_85' title="bbox 1386 1818 2408 1872; baseline 0.002 -17"><span class='ocrx_word' id='word_1_604' title='bbox 1386 1819 1538 1870; x_wconf 83' lang='grc' dir='ltr'>ζομένων</span> <span class='ocrx_word' id='word_1_605' title='bbox 1563 1819 1621 1856; x_wconf 83' lang='grc' dir='ltr'><strong>καὶ</strong></span> <span class='ocrx_word' id='word_1_606' title='bbox 1650 1818 1958 1872; x_wconf 82' lang='grc' dir='ltr'>παρασυρομένων.</span> <span class='ocrx_word' id='word_1_607' title='bbox 1982 1818 2102 1856; x_wconf 81' lang='grc' dir='ltr'>Εἰπὼν</span> <span class='ocrx_word' id='word_1_608' title='bbox 2124 1818 2160 1856; x_wconf 80' lang='grc' dir='ltr'><strong>δὲ</strong></span> <span class='ocrx_word' id='word_1_609' title='bbox 2191 1819 2282 1857; x_wconf 84' lang='grc' dir='ltr'>κατὰ</span> <span class='ocrx_word' id='word_1_610' title='bbox 2306 1819 2408 1871; x_wconf 84' lang='grc' dir='ltr'>μέρος</span> 
     </span>
     <span class='ocr_line' id='line_1_86' title="bbox 1384 1878 2408 1931; baseline -0.001 -14"><span class='ocrx_word' id='word_1_611' title='bbox 1384 1880 1445 1927; x_wconf 73' lang='grc' dir='ltr'><strong>τὴν</strong></span> <span class='ocrx_word' id='word_1_612' title='bbox 1469 1879 1606 1926; x_wconf 84' lang='grc' dir='ltr'>κακίαν,</span> <span class='ocrx_word' id='word_1_613' title='bbox 1628 1880 1686 1918; x_wconf 83' lang='grc' dir='ltr'><strong>καὶ</strong></span> <span class='ocrx_word' id='word_1_614' title='bbox 1710 1879 1837 1927; x_wconf 84' lang='grc' dir='ltr'>δείξας,</span> <span class='ocrx_word' id='word_1_615' title='bbox 1859 1878 1910 1917; x_wconf 76' lang='grc' dir='ltr'><strong>ὅτι</strong></span> <span class='ocrx_word' id='word_1_616' title='bbox 1926 1879 2086 1931; x_wconf 80' lang='grc' dir='ltr'>καὶπρὸς</span> <span class='ocrx_word' id='word_1_617' title='bbox 2101 1880 2206 1926; x_wconf 80' lang='grc' dir='ltr'>αὐτὴν</span> <span class='ocrx_word' id='word_1_618' title='bbox 2226 1880 2331 1918; x_wconf 86' lang='grc' dir='ltr'>πάλιν</span> <span class='ocrx_word' id='word_1_619' title='bbox 2345 1880 2408 1926; x_wconf 74' lang='grc' dir='ltr'><strong>τὴν</strong></span> 
     </span>
     <span class='ocr_line' id='line_1_87' title="bbox 1385 1940 2410 1993; baseline 0 -14"><span class='ocrx_word' id='word_1_620' title='bbox 1385 1941 1482 1993; x_wconf 69' lang='grc' dir='ltr'>φύσιν</span> <span class='ocrx_word' id='word_1_621' title='bbox 1505 1941 1653 1987; x_wconf 83' lang='grc' dir='ltr'>ἔστησαν</span> <span class='ocrx_word' id='word_1_622' title='bbox 1675 1942 1844 1992; x_wconf 71' lang='grc' dir='ltr'>(Γονεῦσι</span> <span class='ocrx_word' id='word_1_623' title='bbox 1877 1940 1956 1993; x_wconf 74' lang='grc' dir='ltr'>γὰρ,</span> <span class='ocrx_word' id='word_1_624' title='bbox 1988 1941 2110 1993; x_wconf 74' lang='grc' dir='ltr'>φησὶν,</span> <span class='ocrx_word' id='word_1_625' title='bbox 2136 1943 2329 1989; x_wconf 79' lang='grc' dir='ltr'>ἀπειθεῖς),</span> <span class='ocrx_word' id='word_1_626' title='bbox 2353 1942 2410 1979; x_wconf 78' lang='grc' dir='ltr'><strong>ἐπὶ</strong></span> 
     </span>
     <span class='ocr_line' id='line_1_88' title="bbox 1384 2001 2410 2054; baseline 0 -15"><span class='ocrx_word' id='word_1_627' title='bbox 1384 2002 1446 2049; x_wconf 78' lang='grc' dir='ltr'><strong>τὴν</strong></span> <span class='ocrx_word' id='word_1_628' title='bbox 1467 2002 1561 2054; x_wconf 81' lang='grc' dir='ltr'>ῥίζαν</span> <span class='ocrx_word' id='word_1_629' title='bbox 1577 2003 1696 2040; x_wconf 78' lang='grc' dir='ltr'>λοιπὸν</span> <span class='ocrx_word' id='word_1_630' title='bbox 1711 2001 1848 2053; x_wconf 82' lang='grc' dir='ltr'>πρόεισι</span> <span class='ocrx_word' id='word_1_631' title='bbox 1863 2006 1925 2048; x_wconf 81' lang='grc' dir='ltr'>τ’ἧς</span> <span class='ocrx_word' id='word_1_632' title='bbox 1938 2002 2106 2048; x_wconf 78' lang='grc' dir='ltr'>τοσαύτης</span> <span class='ocrx_word' id='word_1_633' title='bbox 2123 2001 2253 2052; x_wconf 79' lang='grc' dir='ltr'>λύμης,</span> <span class='ocrx_word' id='word_1_634' title='bbox 2271 2002 2410 2053; x_wconf 86' lang='grc' dir='ltr'>Ἀστόρ-</span> 
     </span>
     <span class='ocr_line' id='line_1_89' title="bbox 1384 2062 2410 2115; baseline 0 -15"><span class='ocrx_word' id='word_1_635' title='bbox 1384 2079 1463 2115; x_wconf 83' lang='grc' dir='ltr'>γους</span> <span class='ocrx_word' id='word_1_636' title='bbox 1483 2063 1541 2100; x_wconf 80' lang='grc' dir='ltr'><strong>καὶ</strong></span> <span class='ocrx_word' id='word_1_637' title='bbox 1575 2062 1764 2105; x_wconf 75' lang='grc' dir='ltr'>ἀσπόνδους</span> <span class='ocrx_word' id='word_1_638' title='bbox 1788 2065 1917 2100; x_wconf 82' lang='grc' dir='ltr'>καλῶν.</span> <span class='ocrx_word' id='word_1_639' title='bbox 1938 2062 2080 2109; x_wconf 77' lang='grc' dir='ltr'>Ταύτην</span> <span class='ocrx_word' id='word_1_640' title='bbox 2110 2062 2176 2114; x_wconf 74' lang='grc' dir='ltr'><strong>γὰρ</strong></span> <span class='ocrx_word' id='word_1_641' title='bbox 2196 2062 2255 2100; x_wconf 77' lang='grc' dir='ltr'><strong>καὶ</strong></span> <span class='ocrx_word' id='word_1_642' title='bbox 2274 2066 2291 2100; x_wconf 87' lang='grc' dir='ltr'><strong><em>ὃ</em></strong></span> <span class='ocrx_word' id='word_1_643' title='bbox 2318 2064 2410 2115; x_wconf 82' lang='grc' dir='ltr'>Χρι-</span> 
     </span>
     <span class='ocr_line' id='line_1_90' title="bbox 1385 2117 2410 2176; baseline -0.002 -14"><span class='ocrx_word' id='word_1_644' title='bbox 1385 2124 1463 2166; x_wconf 80' lang='grc' dir='ltr'>στὸς</span> <span class='ocrx_word' id='word_1_645' title='bbox 1493 2123 1554 2170; x_wconf 77' lang='grc' dir='ltr'><strong>τὴν</strong></span> <span class='ocrx_word' id='word_1_646' title='bbox 1586 2123 1699 2161; x_wconf 80' lang='grc' dir='ltr'>αἰτίαν</span> <span class='ocrx_word' id='word_1_647' title='bbox 1733 2117 1821 2160; x_wconf 60' lang='grc' dir='ltr'>εἷναί</span> <span class='ocrx_word' id='word_1_648' title='bbox 1852 2140 1935 2175; x_wconf 69' lang='grc' dir='ltr'>φησι</span> <span class='ocrx_word' id='word_1_649' title='bbox 1968 2126 2030 2170; x_wconf 81' lang='grc' dir='ltr'>τ’ῆς</span> <span class='ocrx_word' id='word_1_650' title='bbox 2064 2123 2250 2176; x_wconf 86' lang='grc' dir='ltr'>πονηρίας,</span> <span class='ocrx_word' id='word_1_651' title='bbox 2275 2123 2386 2175; x_wconf 84' lang='grc' dir='ltr'>λέγων</span> <span class='ocrx_word' id='word_1_652' title='bbox 2402 2140 2410 2147; x_wconf 96' lang='grc'><em>·</em></span> 
     </span>
     <span class='ocr_line' id='line_1_91' title="bbox 1386 2185 2410 2237; baseline 0.001 -14"><span class='ocrx_word' id='word_1_653' title='bbox 1386 2185 1496 2223; x_wconf 68' lang='grc' dir='ltr'><strong>ἰΌταν</strong></span> <span class='ocrx_word' id='word_1_654' title='bbox 1515 2187 1692 2236; x_wconf 73' lang='grc' dir='ltr'>πληθυνθῇ</span> <span class='ocrx_word' id='word_1_655' title='bbox 1705 2188 1725 2231; x_wconf 76' lang='grc' dir='ltr'>ἧ</span> <span class='ocrx_word' id='word_1_656' title='bbox 1741 2185 1867 2235; x_wconf 89' lang='grc' dir='ltr'>ἀνομία</span> <span class='ocrx_word' id='word_1_657' title='bbox 1880 2216 1888 2230; x_wconf 89' lang='grc'><strong>,</strong></span> <span class='ocrx_word' id='word_1_658' title='bbox 1907 2185 2131 2237; x_wconf 70' lang='grc' dir='ltr'>ψυγήσεταιὴ</span> <span class='ocrx_word' id='word_1_659' title='bbox 2154 2185 2285 2237; x_wconf 81' lang='grc' dir='ltr'>ἀγάπη.</span> <span class='ocrx_word' id='word_1_660' title='bbox 2297 2188 2410 2224; x_wconf 82' lang='grc' dir='ltr'>Τοῦτο</span> 
     </span>
     <span class='ocr_line' id='line_1_92' title="bbox 1385 2244 2411 2298; baseline 0.001 -15"><span class='ocrx_word' id='word_1_661' title='bbox 1385 2250 1464 2295; x_wconf 88' lang='grc' dir='ltr'>γοῦν</span> <span class='ocrx_word' id='word_1_662' title='bbox 1479 2245 1538 2282; x_wconf 80' lang='grc' dir='ltr'><strong>καὶ</strong></span> <span class='ocrx_word' id='word_1_663' title='bbox 1553 2247 1700 2282; x_wconf 81' lang='grc' dir='ltr'>ἐνταῦθα</span> <span class='ocrx_word' id='word_1_664' title='bbox 1716 2244 1809 2295; x_wconf 77' lang='grc' dir='ltr'>λέγει</span> <span class='ocrx_word' id='word_1_665' title='bbox 1828 2248 1845 2282; x_wconf 83' lang='grc' dir='ltr'>ὁ</span> <span class='ocrx_word' id='word_1_666' title='bbox 1860 2247 2018 2292; x_wconf 73' lang='grc' dir='ltr'>Παῦλος,</span> <span class='ocrx_word' id='word_1_667' title='bbox 2036 2245 2254 2289; x_wconf 81' lang='grc' dir='ltr'>Ἀσυνθέτους</span> <span class='ocrx_word' id='word_1_668' title='bbox 2267 2277 2276 2293; x_wconf 87' lang='grc'><strong>,</strong></span> <span class='ocrx_word' id='word_1_669' title='bbox 2288 2246 2411 2298; x_wconf 84' lang='grc' dir='ltr'>ἀστόρ-</span> 
     </span>
     <span class='ocr_line' id='line_1_93' title="bbox 1385 2305 2408 2357; baseline 0.002 -14"><span class='ocrx_word' id='word_1_670' title='bbox 1385 2321 1482 2357; x_wconf 84' lang='grc' dir='ltr'>γους,</span> <span class='ocrx_word' id='word_1_671' title='bbox 1507 2305 1713 2352; x_wconf 81' lang='grc' dir='ltr'>ἀσπόνδους,</span> <span class='ocrx_word' id='word_1_672' title='bbox 1732 2306 1962 2355; x_wconf 73' lang='grc' dir='ltr'>ἀνελεήμονας</span> <span class='ocrx_word' id='word_1_673' title='bbox 1987 2308 2114 2351; x_wconf 81' lang='grc' dir='ltr'>καλῶν,</span> <span class='ocrx_word' id='word_1_674' title='bbox 2134 2306 2192 2343; x_wconf 86' lang='grc' dir='ltr'><strong>καὶ</strong></span> <span class='ocrx_word' id='word_1_675' title='bbox 2209 2308 2335 2353; x_wconf 81' lang='grc' dir='ltr'>δηλῶν,</span> <span class='ocrx_word' id='word_1_676' title='bbox 2357 2307 2408 2345; x_wconf 78' lang='grc' dir='ltr'><strong>ὅτι</strong></span> 
     </span>
     <span class='ocr_line' id='line_1_94' title="bbox 1386 2364 2407 2418; baseline 0 -15"><span class='ocrx_word' id='word_1_677' title='bbox 1386 2366 1445 2403; x_wconf 79' lang='grc' dir='ltr'><strong>καὶ</strong></span> <span class='ocrx_word' id='word_1_678' title='bbox 1471 2365 1554 2401; x_wconf 77' lang='grc' dir='ltr'>αὐτὸ</span> <span class='ocrx_word' id='word_1_679' title='bbox 1581 2364 1620 2402; x_wconf 79' lang='grc' dir='ltr'><strong>τὸ</strong></span> <span class='ocrx_word' id='word_1_680' title='bbox 1640 2368 1701 2411; x_wconf 80' lang='grc' dir='ltr'>τ’ἧς</span> <span class='ocrx_word' id='word_1_681' title='bbox 1729 2365 1862 2416; x_wconf 75' lang='grc' dir='ltr'>φύσεως</span> <span class='ocrx_word' id='word_1_682' title='bbox 1881 2364 2086 2417; x_wconf 63' lang='grc' dir='ltr'>προῦδωκαν</span> <span class='ocrx_word' id='word_1_683' title='bbox 2107 2366 2227 2416; x_wconf 82' lang='grc' dir='ltr'>δῶρον.</span> <span class='ocrx_word' id='word_1_684' title='bbox 2252 2365 2407 2418; x_wconf 75' lang='grc' dir='ltr'>Ἔχομεν</span> 
     </span>
     <span class='ocr_line' id='line_1_95' title="bbox 1387 2424 2407 2478; baseline 0.003 -17"><span class='ocrx_word' id='word_1_685' title='bbox 1387 2424 1522 2476; x_wconf 74' lang='grc' dir='ltr'>γὰρκαὶ</span> <span class='ocrx_word' id='word_1_686' title='bbox 1543 2425 1688 2475; x_wconf 63' lang='grc' dir='ltr'>φυσικήν</span> <span class='ocrx_word' id='word_1_687' title='bbox 1705 2440 1782 2461; x_wconf 91' lang='grc' dir='ltr'>τινα</span> <span class='ocrx_word' id='word_1_688' title='bbox 1793 2425 1878 2478; x_wconf 77' lang='grc' dir='ltr'>πρὸς</span> <span class='ocrx_word' id='word_1_689' title='bbox 1896 2426 2065 2471; x_wconf 75' lang='grc' dir='ltr'>ἀλλήλους</span> <span class='ocrx_word' id='word_1_690' title='bbox 2084 2425 2268 2472; x_wconf 86' lang='grc' dir='ltr'>οἷκείωσιν,</span> <span class='ocrx_word' id='word_1_691' title='bbox 2287 2427 2327 2472; x_wconf 82' lang='grc' dir='ltr'><strong>ἣν</strong></span> <span class='ocrx_word' id='word_1_692' title='bbox 2349 2427 2407 2464; x_wconf 66' lang='grc' dir='ltr'><strong>καὶ</strong></span> 
     </span>
     <span class='ocr_line' id='line_1_96' title="bbox 1389 2485 2405 2539; baseline 0 -15"><span class='ocrx_word' id='word_1_693' title='bbox 1389 2485 1491 2539; x_wconf 86' lang='grc' dir='ltr'>θηρία</span> <span class='ocrx_word' id='word_1_694' title='bbox 1507 2486 1589 2538; x_wconf 72' lang='grc' dir='ltr'>πρὸς</span> <span class='ocrx_word' id='word_1_695' title='bbox 1611 2486 1747 2531; x_wconf 73' lang='grc' dir='ltr'>ἄλληλα</span> <span class='ocrx_word' id='word_1_696' title='bbox 1764 2485 1963 2533; x_wconf 77' lang='grc' dir='ltr'>κέκτηνται.</span> <span class='ocrx_word' id='word_1_697' title='bbox 1982 2487 2061 2523; x_wconf 82' lang='grc' dir='ltr'><strong>Πᾶν</strong></span> <span class='ocrx_word' id='word_1_698' title='bbox 2078 2485 2144 2538; x_wconf 84' lang='grc' dir='ltr'><strong>γὰρ</strong></span> <span class='ocrx_word' id='word_1_699' title='bbox 2165 2489 2264 2534; x_wconf 85' lang='grc' dir='ltr'>ζῶον,</span> <span class='ocrx_word' id='word_1_700' title='bbox 2286 2487 2405 2539; x_wconf 76' lang='grc' dir='ltr'>φησὶν,</span> 
     </span>
     <span class='ocr_line' id='line_1_97' title="bbox 1388 2546 2408 2599; baseline 0.001 -15"><span class='ocrx_word' id='word_1_701' title='bbox 1388 2549 1508 2599; x_wconf 78' lang='grc' dir='ltr'>ἀγαπᾷ</span> <span class='ocrx_word' id='word_1_702' title='bbox 1526 2548 1566 2585; x_wconf 74' lang='grc' dir='ltr'><strong>τὸ</strong></span> <span class='ocrx_word' id='word_1_703' title='bbox 1593 2546 1709 2596; x_wconf 78' lang='grc' dir='ltr'>ὅμοιον</span> <span class='ocrx_word' id='word_1_704' title='bbox 1741 2549 1862 2593; x_wconf 71' lang='grc' dir='ltr'>αὑτοῦ,</span> <span class='ocrx_word' id='word_1_705' title='bbox 1879 2546 1939 2584; x_wconf 81' lang='grc' dir='ltr'><strong>καὶ</strong></span> <span class='ocrx_word' id='word_1_706' title='bbox 1967 2547 2145 2597; x_wconf 80' lang='grc' dir='ltr'>ἅνθρωπος</span> <span class='ocrx_word' id='word_1_707' title='bbox 2173 2547 2230 2584; x_wconf 80' lang='grc' dir='ltr'><strong>τὸν</strong></span> <span class='ocrx_word' id='word_1_708' title='bbox 2261 2547 2408 2594; x_wconf 88' lang='grc' dir='ltr'>πλησίον</span> 
     </span>
     <span class='ocr_line' id='line_1_98' title="bbox 1387 2601 2408 2660; baseline 0.001 -15"><span class='ocrx_word' id='word_1_709' title='bbox 1387 2611 1500 2645; x_wconf 78' lang='grc' dir='ltr'>αὑτοῦ.</span> <span class='ocrx_word' id='word_1_710' title='bbox 1522 2607 1611 2644; x_wconf 76' lang='grc' dir='ltr'>Ἀλλ’</span> <span class='ocrx_word' id='word_1_711' title='bbox 1631 2601 1722 2645; x_wconf 65' lang='grc' dir='ltr'>οῦτοι</span> <span class='ocrx_word' id='word_1_712' title='bbox 1748 2606 1915 2644; x_wconf 86' lang='grc' dir='ltr'>κάκείνων</span> <span class='ocrx_word' id='word_1_713' title='bbox 1943 2606 2161 2653; x_wconf 79' lang='grc' dir='ltr'>κατέστησαν</span> <span class='ocrx_word' id='word_1_714' title='bbox 2193 2606 2408 2660; x_wconf 84' lang='grc' dir='ltr'>ἀγριώτεροι.</span> 
     </span>
     <span class='ocr_line' id='line_1_99' title="bbox 1386 2661 2409 2719; baseline -0.002 -13"><span class='ocrx_word' id='word_1_715' title='bbox 1386 2667 1462 2713; x_wconf 78' lang='grc' dir='ltr'><strong>Τὴν</strong></span> <span class='ocrx_word' id='word_1_716' title='bbox 1485 2667 1546 2718; x_wconf 75' lang='grc' dir='ltr'><strong>μὲν</strong></span> <span class='ocrx_word' id='word_1_717' title='bbox 1568 2661 1623 2705; x_wconf 70' lang='grc' dir='ltr'><strong>οῦν</strong></span> <span class='ocrx_word' id='word_1_718' title='bbox 1653 2667 1752 2706; x_wconf 84' lang='grc' dir='ltr'>νόσον</span> <span class='ocrx_word' id='word_1_719' title='bbox 1767 2667 1829 2714; x_wconf 76' lang='grc' dir='ltr'><strong>τὴν</strong></span> <span class='ocrx_word' id='word_1_720' title='bbox 1858 2667 1927 2705; x_wconf 74' lang='grc' dir='ltr'>ἀπὸ</span> <span class='ocrx_word' id='word_1_721' title='bbox 1947 2670 2014 2704; x_wconf 85' lang='grc' dir='ltr'><strong>τῶν</strong></span> <span class='ocrx_word' id='word_1_722' title='bbox 2035 2669 2194 2719; x_wconf 88' lang='grc' dir='ltr'>πονηρῶν</span> <span class='ocrx_word' id='word_1_723' title='bbox 2226 2668 2409 2718; x_wconf 82' lang='grc' dir='ltr'>δογμάτων</span> 
     </span>
     <span class='ocr_line' id='line_1_100' title="bbox 1387 2726 2409 2779; baseline -0.001 -13"><span class='ocrx_word' id='word_1_724' title='bbox 1387 2731 1430 2779; x_wconf 75' lang='grc' dir='ltr'><strong>τῇ</strong></span> <span class='ocrx_word' id='word_1_725' title='bbox 1447 2730 1539 2765; x_wconf 78' lang='grc' dir='ltr'>οἴκου</span> <span class='ocrx_word' id='word_1_726' title='bbox 1546 2728 1630 2779; x_wconf 77' lang='grc' dir='ltr'>με’νῃ</span> <span class='ocrx_word' id='word_1_727' title='bbox 1651 2728 1837 2778; x_wconf 80' lang='grc' dir='ltr'>γενομένην</span> <span class='ocrx_word' id='word_1_728' title='bbox 1852 2726 1908 2765; x_wconf 81' lang='grc' dir='ltr'><strong>διὰ</strong></span> <span class='ocrx_word' id='word_1_729' title='bbox 1933 2727 2060 2765; x_wconf 80' lang='grc' dir='ltr'>τούτων</span> <span class='ocrx_word' id='word_1_730' title='bbox 2078 2732 2162 2778; x_wconf 79' lang='grc' dir='ltr'>ἡμῖν</span> <span class='ocrx_word' id='word_1_731' title='bbox 2193 2727 2409 2778; x_wconf 78' lang='grc' dir='ltr'>παρέστησε,</span> 
     </span>
    </p>
   </div>
   <div class='ocr_carea' id='block_1_20' title="bbox 1539 2788 1690 2802">
    <p class='ocr_par' dir='ltr' id='par_1_20' title="bbox 1539 2788 1690 2802">
     <span class='ocr_line' id='line_1_101' title="bbox 1539 2788 1690 2802; baseline 0.013 -3"><span class='ocrx_word' id='word_1_732' title='bbox 1539 2791 1560 2799; x_wconf 64' lang='grc' dir='ltr'>Ν</span> <span class='ocrx_word' id='word_1_733' title='bbox 1608 2788 1640 2802; x_wconf 64' lang='lat' dir='ltr'><strong>&gt;lx</strong></span> <span class='ocrx_word' id='word_1_734' title='bbox 1676 2788 1690 2801; x_wconf 60' lang='grc' dir='ltr'><em>Υ</em></span> 
     </span>
    </p>
   </div>
   <div class='ocr_carea' id='block_1_21' title="bbox 1388 2786 2414 3263">
    <p class='ocr_par' dir='ltr' id='par_1_21' title="bbox 1388 2786 2414 3263">
     <span class='ocr_line' id='line_1_102' title="bbox 1389 2786 2409 2839; baseline -0.001 -14"><span class='ocrx_word' id='word_1_735' title='bbox 1389 2788 1446 2826; x_wconf 83' lang='grc' dir='ltr'><strong>καὶ</strong></span> <span class='ocrx_word' id='word_1_736' title='bbox 1464 2803 1581 2839; x_wconf 67' lang='grc' dir='ltr'>σαφως</span> <span class='ocrx_word' id='word_1_737' title='bbox 1605 2803 1710 2832; x_wconf 79' lang='grc' dir='ltr'>εσειςε</span> <span class='ocrx_word' id='word_1_738' title='bbox 1738 2791 1801 2833; x_wconf 60' lang='grc' dir='ltr'><strong>τῆς</strong></span> <span class='ocrx_word' id='word_1_739' title='bbox 1826 2791 1893 2825; x_wconf 86' lang='grc' dir='ltr'><strong>τῶν</strong></span> <span class='ocrx_word' id='word_1_740' title='bbox 1925 2787 2116 2825; x_wconf 82' lang='grc' dir='ltr'>νοσούντων</span> <span class='ocrx_word' id='word_1_741' title='bbox 2149 2787 2317 2839; x_wconf 77' lang='grc' dir='ltr'>ῥᾳθυμίας</span> <span class='ocrx_word' id='word_1_742' title='bbox 2347 2786 2409 2834; x_wconf 73' lang='grc' dir='ltr'><strong>τὴν</strong></span> 
     </span>
     <span class='ocr_line' id='line_1_103' title="bbox 1390 2842 2411 2900; baseline 0 -15"><span class='ocrx_word' id='word_1_743' title='bbox 1390 2848 1584 2900; x_wconf 70' lang='grc' dir='ltr'>ἀρρωστίαν</span> <span class='ocrx_word' id='word_1_744' title='bbox 1603 2842 1732 2886; x_wconf 69' lang='grc' dir='ltr'><strong>1ὀῦσαν</strong></span> <span class='ocrx_word' id='word_1_745' title='bbox 1754 2849 1932 2900; x_wconf 80' lang='grc' dir='ltr'>ἑκατέραν.</span> <span class='ocrx_word' id='word_1_746' title='bbox 1953 2847 2114 2885; x_wconf 74' lang='grc' dir='ltr'>Δείκνυσι</span> <span class='ocrx_word' id='word_1_747' title='bbox 2131 2847 2166 2885; x_wconf 79' lang='grc' dir='ltr'><strong>δὲ</strong></span> <span class='ocrx_word' id='word_1_748' title='bbox 2179 2848 2312 2894; x_wconf 77' lang='grc' dir='ltr'>λοιπὸν,</span> <span class='ocrx_word' id='word_1_749' title='bbox 2327 2847 2411 2898; x_wconf 77' lang='grc' dir='ltr'>ὅπερ</span> 
     </span>
     <span class='ocr_line' id='line_1_104' title="bbox 1389 2906 2414 2959; baseline -0.002 -12"><span class='ocrx_word' id='word_1_750' title='bbox 1389 2909 1446 2947; x_wconf 81' lang='grc' dir='ltr'><strong>ἐπὶ</strong></span> <span class='ocrx_word' id='word_1_751' title='bbox 1467 2912 1534 2946; x_wconf 89' lang='grc' dir='ltr'><strong>τῶν</strong></span> <span class='ocrx_word' id='word_1_752' title='bbox 1568 2908 1749 2958; x_wconf 66' lang='grc' dir='ltr'>δογμάτων</span> <span class='ocrx_word' id='word_1_753' title='bbox 1772 2908 1913 2954; x_wconf 83' lang='grc' dir='ltr'>ἐποίησε</span> <span class='ocrx_word' id='word_1_754' title='bbox 1927 2938 1935 2952; x_wconf 85' lang='grc'><strong>,</strong></span> <span class='ocrx_word' id='word_1_755' title='bbox 1954 2907 2013 2945; x_wconf 81' lang='grc' dir='ltr'><strong>καὶ</strong></span> <span class='ocrx_word' id='word_1_756' title='bbox 2039 2909 2184 2946; x_wconf 81' lang='grc' dir='ltr'>ἐνταῦθα</span> <span class='ocrx_word' id='word_1_757' title='bbox 2206 2906 2414 2959; x_wconf 83' lang='grc' dir='ltr'>συγγνώμης</span> 
     </span>
     <span class='ocr_line' id='line_1_105' title="bbox 1391 2967 2412 3019; baseline -0.002 -13"><span class='ocrx_word' id='word_1_758' title='bbox 1391 2968 1510 3011; x_wconf 70' lang='grc' dir='ltr'>αὐτοὺς</span> <span class='ocrx_word' id='word_1_759' title='bbox 1539 2968 1860 3019; x_wconf 78' lang='grc' dir='ltr'>ἀπεστερημένους·</span> <span class='ocrx_word' id='word_1_760' title='bbox 1881 2967 1934 3005; x_wconf 78' lang='grc' dir='ltr'><strong>διό</strong></span> <span class='ocrx_word' id='word_1_761' title='bbox 1968 2982 2091 3018; x_wconf 69' lang='grc' dir='ltr'>φησιν·</span> <span class='ocrx_word' id='word_1_762' title='bbox 2121 2967 2258 3011; x_wconf 83' lang='grc' dir='ltr'>Οῗτινες</span> <span class='ocrx_word' id='word_1_763' title='bbox 2286 2968 2324 3005; x_wconf 83' lang='grc' dir='ltr'><strong>τὸ</strong></span> <span class='ocrx_word' id='word_1_764' title='bbox 2360 2969 2412 3005; x_wconf 81' lang='grc' dir='ltr'><strong>δι-</strong></span> 
     </span>
     <span class='ocr_line' id='line_1_106' title="bbox 1390 3027 2412 3082; baseline -0.002 -15"><span class='ocrx_word' id='word_1_765' title='bbox 1390 3030 1531 3080; x_wconf 82' lang='grc' dir='ltr'>καίωμα</span> <span class='ocrx_word' id='word_1_766' title='bbox 1545 3034 1604 3067; x_wconf 87' lang='grc' dir='ltr'><strong>τοῦ</strong></span> <span class='ocrx_word' id='word_1_767' title='bbox 1626 3030 1717 3067; x_wconf 84' lang='grc' dir='ltr'>Θεοῦ</span> <span class='ocrx_word' id='word_1_768' title='bbox 1739 3029 1863 3070; x_wconf 77' lang='grc' dir='ltr'>εἰδότες</span> <span class='ocrx_word' id='word_1_769' title='bbox 1880 3027 1949 3075; x_wconf 71' lang='grc' dir='ltr'>,ὅτι</span> <span class='ocrx_word' id='word_1_770' title='bbox 1965 3030 1995 3066; x_wconf 81' lang='grc' dir='ltr'><strong>οἱ</strong></span> <span class='ocrx_word' id='word_1_771' title='bbox 2014 3028 2057 3065; x_wconf 75' lang='grc' dir='ltr'><strong>τὰ</strong></span> <span class='ocrx_word' id='word_1_772' title='bbox 2077 3032 2222 3066; x_wconf 85' lang='grc' dir='ltr'>τοιαῦτα</span> <span class='ocrx_word' id='word_1_773' title='bbox 2236 3029 2412 3082; x_wconf 74' lang='grc' dir='ltr'>πράσσον-</span> 
     </span>
     <span class='ocr_line' id='line_1_107' title="bbox 1389 3089 2411 3139; baseline -0.005 -9"><span class='ocrx_word' id='word_1_774' title='bbox 1389 3108 1444 3135; x_wconf 84' lang='grc' dir='ltr'><strong>τες</strong></span> <span class='ocrx_word' id='word_1_775' title='bbox 1472 3090 1560 3135; x_wconf 75' lang='grc' dir='ltr'>ἄξιοι</span> <span class='ocrx_word' id='word_1_776' title='bbox 1590 3090 1736 3128; x_wconf 74' lang='grc' dir='ltr'>θανάτου</span> <span class='ocrx_word' id='word_1_777' title='bbox 1772 3089 1868 3135; x_wconf 79' lang='grc' dir='ltr'>εἰσὶν,</span> <span class='ocrx_word' id='word_1_778' title='bbox 1901 3090 1937 3127; x_wconf 79' lang='grc' dir='ltr'><strong>οὐ</strong></span> <span class='ocrx_word' id='word_1_779' title='bbox 1970 3089 2070 3139; x_wconf 73' lang='grc' dir='ltr'>μόνον</span> <span class='ocrx_word' id='word_1_780' title='bbox 2093 3090 2214 3128; x_wconf 64' lang='grc' dir='ltr'>*αὐτοὶ</span> <span class='ocrx_word' id='word_1_781' title='bbox 2244 3095 2411 3134; x_wconf 83' lang='grc' dir='ltr'>ποιοῦσιν,</span> 
     </span>
     <span class='ocr_line' id='line_1_108' title="bbox 1390 3149 2412 3200; baseline -0.005 -8"><span class='ocrx_word' id='word_1_782' title='bbox 1390 3152 1480 3192; x_wconf 68' lang='grc' dir='ltr'>ἀλλὰ</span> <span class='ocrx_word' id='word_1_783' title='bbox 1499 3151 1557 3189; x_wconf 81' lang='grc' dir='ltr'><strong>καὶ</strong></span> <span class='ocrx_word' id='word_1_784' title='bbox 1569 3150 1808 3188; x_wconf 84' lang='grc' dir='ltr'>συνευδοκοῦσι</span> <span class='ocrx_word' id='word_1_785' title='bbox 1829 3156 1898 3191; x_wconf 85' lang='grc' dir='ltr'>τοῖς</span> <span class='ocrx_word' id='word_1_786' title='bbox 1920 3149 2123 3200; x_wconf 73' lang='grc' dir='ltr'>πράττουσι.</span> <span class='ocrx_word' id='word_1_787' title='bbox 2157 3150 2227 3188; x_wconf 77' lang='grc' dir='ltr'><strong>Δύο</strong></span> <span class='ocrx_word' id='word_1_788' title='bbox 2255 3150 2321 3193; x_wconf 80' lang='grc' dir='ltr'>θεὶς</span> <span class='ocrx_word' id='word_1_789' title='bbox 2354 3153 2412 3187; x_wconf 86' lang='grc' dir='ltr'><strong>ἀν-</strong></span> 
     </span>
     <span class='ocr_line' id='line_1_109' title="bbox 1388 3210 2410 3263; baseline -0.004 -11"><span class='ocrx_word' id='word_1_790' title='bbox 1388 3212 1551 3259; x_wconf 76' lang='grc' dir='ltr'>τιθέσεις,</span> <span class='ocrx_word' id='word_1_791' title='bbox 1572 3212 1717 3248; x_wconf 79' lang='grc' dir='ltr'>ἐνταῦθα</span> <span class='ocrx_word' id='word_1_792' title='bbox 1738 3212 1868 3248; x_wconf 86' lang='grc' dir='ltr'>ἀνεῖλεν</span> <span class='ocrx_word' id='word_1_793' title='bbox 1899 3211 2097 3262; x_wconf 60' lang='grc' dir='ltr'>ἀμφοτέρας</span> <span class='ocrx_word' id='word_1_794' title='bbox 2113 3210 2218 3254; x_wconf 71' lang='grc' dir='ltr'>αὐτὰς</span> <span class='ocrx_word' id='word_1_795' title='bbox 2237 3227 2410 3263; x_wconf 76' lang='grc' dir='ltr'>προηγου-</span> 
     </span>
    </p>
   </div>
   <div class='ocr_carea' id='block_1_22' title="bbox 1452 3323 2133 3369">
    <p class='ocr_par' dir='ltr' id='par_1_22' title="bbox 1452 3323 2133 3369">
     <span class='ocr_line' id='line_1_110' title="bbox 1452 3323 2133 3369; baseline -0.003 -10"><span class='ocrx_word' id='word_1_796' title='bbox 1452 3328 1465 3341; x_wconf 71' lang='lat'>*</span> <span class='ocrx_word' id='word_1_797' title='bbox 1492 3330 1547 3369; x_wconf 68' lang='lat' dir='ltr'><strong>[A.</strong></span> <span class='ocrx_word' id='word_1_798' title='bbox 1568 3331 1659 3365; x_wconf 56' lang='grc' dir='ltr'>αὐτὰ,</span> <span class='ocrx_word' id='word_1_799' title='bbox 1681 3334 1714 3357; x_wconf 79' lang='lat' dir='ltr'><strong>ut</strong></span> <span class='ocrx_word' id='word_1_800' title='bbox 1731 3324 1809 3357; x_wconf 64' lang='lat' dir='ltr'><strong>Edit</strong></span> <span class='ocrx_word' id='word_1_801' title='bbox 1838 3323 1919 3357; x_wconf 79' lang='lat' dir='ltr'><strong>Bibi.</strong></span> <span class='ocrx_word' id='word_1_802' title='bbox 1939 3326 2133 3367; x_wconf 75' lang='lat' dir='ltr'><strong>praestaut.]</strong></span> 
     </span>
    </p>
   </div>
  </div>
 </body>
</html>
