<?xml version="1.0" encoding="UTF-8"?>
<!DOCTYPE html PUBLIC "-//W3C//DTD XHTML 1.0 Transitional//EN"
    "http://www.w3.org/TR/xhtml1/DTD/xhtml1-transitional.dtd">
<html xmlns="http://www.w3.org/1999/xhtml" xml:lang="en" lang="en">
 <head>
  <title>
</title>
<meta http-equiv="Content-Type" content="text/html;charset=utf-8" />
  <meta name='ocr-system' content='tesseract 3.04.00' />
  <meta name='ocr-capabilities' content='ocr_page ocr_carea ocr_par ocr_line ocrx_word'/>
</head>
<body>
  <div class='ocr_page' id='page_1' title='image "./operaomniaquaeex09johnuoft/operaomniaquaeex09johnuoft_0644.png"; bbox 0 0 2502 3810; ppageno 0'>
   <div class='ocr_carea' id='block_1_1' title="bbox 286 249 1301 311">
    <p class='ocr_par' dir='ltr' id='par_1_1' title="bbox 286 249 1301 311">
     <span class='ocr_line' id='line_1_1' title="bbox 286 249 1301 311; baseline -0.016 -15"><span class='ocrx_word' id='word_1_1' title='bbox 286 249 381 311; x_wconf 72' lang='grc'>594</span> <span class='ocrx_word' id='word_1_2' title='bbox 767 258 803 288; x_wconf 81' lang='lat' dir='ltr'>s.</span> <span class='ocrx_word' id='word_1_3' title='bbox 844 255 1026 286; x_wconf 62' lang='lat' dir='ltr'>Joxxms</span> <span class='ocrx_word' id='word_1_4' title='bbox 1062 251 1301 283; x_wconf 67' lang='lat' dir='ltr'>cimrsosT.</span> 
     </span>
    </p>
   </div>
   <div class='ocr_carea' id='block_1_2' title="bbox 284 332 1269 393">
    <p class='ocr_par' dir='ltr' id='par_1_2' title="bbox 284 332 1269 393">
     <span class='ocr_line' id='line_1_2' title="bbox 284 332 1269 393; baseline -0.014 -10"><span class='ocrx_word' id='word_1_5' title='bbox 284 346 366 383; x_wconf 79' lang='lat' dir='ltr'>tatis</span> <span class='ocrx_word' id='word_1_6' title='bbox 382 340 664 393; x_wconf 68' lang='lat' dir='ltr'>magnitudinem</span> <span class='ocrx_word' id='word_1_7' title='bbox 686 337 993 382; x_wconf 82' lang='lat' dir='ltr'>exholiescamus,</span> <span class='ocrx_word' id='word_1_8' title='bbox 1013 342 1045 372; x_wconf 84' lang='lat' dir='ltr'>et</span> <span class='ocrx_word' id='word_1_9' title='bbox 1067 334 1113 371; x_wconf 77' lang='lat' dir='ltr'>ad</span> <span class='ocrx_word' id='word_1_10' title='bbox 1134 332 1269 371; x_wconf 84' lang='lat' dir='ltr'>nobili-</span> 
     </span>
    </p>
   </div>
   <div class='ocr_carea' id='block_1_3' title="bbox 1343 242 1946 280">
    <p class='ocr_par' dir='ltr' id='par_1_3' title="bbox 1343 242 1946 280">
     <span class='ocr_line' id='line_1_3' title="bbox 1343 242 1946 280; baseline 0.002 -1"><span class='ocrx_word' id='word_1_11' title='bbox 1343 249 1548 279; x_wconf 73' lang='lat' dir='ltr'><strong>ARCHIEP.</strong></span> <span class='ocrx_word' id='word_1_12' title='bbox 1587 242 1946 280; x_wconf 59' lang='lat' dir='ltr'>coxsmsrlxop:</span> 
     </span>
    </p>
   </div>
   <div class='ocr_carea' id='block_1_4' title="bbox 1346 329 2364 382">
    <p class='ocr_par' dir='ltr' id='par_1_4' title="bbox 1346 329 2364 382">
     <span class='ocr_line' id='line_1_4' title="bbox 1346 329 2364 382; baseline -0.002 -13"><span class='ocrx_word' id='word_1_13' title='bbox 1346 336 1459 376; x_wconf 88' lang='grc' dir='ltr'>ποιεῖ,</span> <span class='ocrx_word' id='word_1_14' title='bbox 1482 331 1558 368; x_wconf 81' lang='grc' dir='ltr'>ἀλλ’</span> <span class='ocrx_word' id='word_1_15' title='bbox 1588 329 1729 382; x_wconf 81' lang='grc' dir='ltr'>ἀφίησιν</span> <span class='ocrx_word' id='word_1_16' title='bbox 1754 333 1787 368; x_wconf 80' lang='grc' dir='ltr'>ἐν</span> <span class='ocrx_word' id='word_1_17' title='bbox 1823 330 1916 374; x_wconf 78' lang='grc' dir='ltr'>τάξει</span> <span class='ocrx_word' id='word_1_18' title='bbox 1935 335 2020 368; x_wconf 78' lang='grc' dir='ltr'>εἶναι</span> <span class='ocrx_word' id='word_1_19' title='bbox 2050 335 2108 367; x_wconf 81' lang='grc' dir='ltr'>και</span> <span class='ocrx_word' id='word_1_20' title='bbox 2136 330 2364 369; x_wconf 75' lang='grc' dir='ltr'>οιακονεῖσθαι</span> 
     </span>
    </p>
   </div>
   <div class='ocr_carea' id='block_1_5' title="bbox 283 389 2368 525">
    <p class='ocr_par' dir='ltr' id='par_1_5' title="bbox 283 389 2368 510">
     <span class='ocr_line' id='line_1_5' title="bbox 286 389 2367 449; baseline -0.006 -10"><span class='ocrx_word' id='word_1_21' title='bbox 286 412 391 439; x_wconf 75' lang='lat' dir='ltr'>tatem</span> <span class='ocrx_word' id='word_1_22' title='bbox 414 409 570 438; x_wconf 82' lang='lat' dir='ltr'>nostram</span> <span class='ocrx_word' id='word_1_23' title='bbox 595 397 791 435; x_wconf 80' lang='lat' dir='ltr'>ledeamus.</span> <span class='ocrx_word' id='word_1_24' title='bbox 820 397 923 433; x_wconf 84' lang='lat' dir='ltr'>Nunc</span> <span class='ocrx_word' id='word_1_25' title='bbox 943 404 1035 432; x_wconf 81' lang='lat' dir='ltr'>celte</span> <span class='ocrx_word' id='word_1_26' title='bbox 1053 407 1123 431; x_wconf 90' lang='lat' dir='ltr'>non</span> <span class='ocrx_word' id='word_1_27' title='bbox 1144 393 1271 430; x_wconf 84' lang='lat' dir='ltr'>melius</span> <span class='ocrx_word' id='word_1_28' title='bbox 1286 396 1430 449; x_wconf 55' lang='grc' dir='ltr'>540*ῗ,μῖν</span> <span class='ocrx_word' id='word_1_29' title='bbox 1448 390 1510 437; x_wconf 82' lang='grc' dir='ltr'>τὴν</span> <span class='ocrx_word' id='word_1_30' title='bbox 1526 391 1638 429; x_wconf 87' lang='grc' dir='ltr'>κτίσιν</span> <span class='ocrx_word' id='word_1_31' title='bbox 1656 391 1808 428; x_wconf 86' lang='grc' dir='ltr'>ἅπασαν.</span> <span class='ocrx_word' id='word_1_32' title='bbox 1829 392 1938 428; x_wconf 89' lang='grc' dir='ltr'>Ταυτ’</span> <span class='ocrx_word' id='word_1_33' title='bbox 1958 394 2015 429; x_wconf 84' lang='grc' dir='ltr'>οὐν</span> <span class='ocrx_word' id='word_1_34' title='bbox 2043 389 2286 441; x_wconf 78' lang='grc' dir='ltr'>λογισάμενοι,</span> <span class='ocrx_word' id='word_1_35' title='bbox 2306 405 2367 435; x_wconf 82' lang='grc' dir='ltr'>της</span> 
     </span>
     <span class='ocr_line' id='line_1_6' title="bbox 283 449 2368 525; baseline -0.005 -29"><span class='ocrx_word' id='word_1_36' title='bbox 283 474 390 510; x_wconf 79' lang='lat' dir='ltr'>quam</span> <span class='ocrx_word' id='word_1_37' title='bbox 403 460 508 496; x_wconf 82' lang='lat' dir='ltr'>bruta</span> <span class='ocrx_word' id='word_1_38' title='bbox 531 470 654 494; x_wconf 88' lang='lat' dir='ltr'>sumus</span> <span class='ocrx_word' id='word_1_39' title='bbox 674 455 804 504; x_wconf 80' lang='lat' dir='ltr'>affecti,</span> <span class='ocrx_word' id='word_1_40' title='bbox 836 454 897 492; x_wconf 88' lang='lat' dir='ltr'>sed</span> <span class='ocrx_word' id='word_1_41' title='bbox 923 453 1036 491; x_wconf 88' lang='lat' dir='ltr'>multo</span> <span class='ocrx_word' id='word_1_42' title='bbox 1057 453 1183 505; x_wconf 86' lang='lat' dir='ltr'>pejus:</span> <span class='ocrx_word' id='word_1_43' title='bbox 1210 452 1273 489; x_wconf 81' lang='lat' dir='ltr'>illa</span> <span class='ocrx_word' id='word_1_44' title='bbox 1298 460 1323 488; x_wconf 84' lang='lat' dir='ltr'>A</span> <span class='ocrx_word' id='word_1_45' title='bbox 1346 451 1608 502; x_wconf 70' lang='grc' dir='ltr'>φιλανθρωπίας</span> <span class='ocrx_word' id='word_1_46' title='bbox 1626 451 1665 488; x_wconf 85' lang='grc' dir='ltr'>τὸ</span> <span class='ocrx_word' id='word_1_47' title='bbox 1692 450 1834 501; x_wconf 84' lang='grc' dir='ltr'>μέγεθος</span> <span class='ocrx_word' id='word_1_48' title='bbox 1853 450 2039 525; x_wconf 48' lang='lat' dir='ltr'>opiimcyaev,</span> <span class='ocrx_word' id='word_1_49' title='bbox 2055 466 2114 487; x_wconf 89' lang='grc' dir='ltr'>και</span> <span class='ocrx_word' id='word_1_50' title='bbox 2136 449 2220 502; x_wconf 77' lang='grc' dir='ltr'>πρὸς</span> <span class='ocrx_word' id='word_1_51' title='bbox 2240 465 2301 494; x_wconf 88' lang='grc' dir='ltr'>την</span> <span class='ocrx_word' id='word_1_52' title='bbox 2320 451 2368 486; x_wconf 87' lang='grc' dir='ltr'>οἷ-</span> 
     </span>
    </p>
   </div>
   <div class='ocr_carea' id='block_1_6' title="bbox 283 514 1279 1531">
    <p class='ocr_par' dir='ltr' id='par_1_6' title="bbox 283 514 1279 1531">
     <span class='ocr_line' id='line_1_7' title="bbox 285 514 1272 569; baseline -0.008 -12"><span class='ocrx_word' id='word_1_53' title='bbox 285 534 437 569; x_wconf 75' lang='lat' dir='ltr'>namqne</span> <span class='ocrx_word' id='word_1_54' title='bbox 451 533 528 569; x_wconf 83' lang='lat' dir='ltr'>quae</span> <span class='ocrx_word' id='word_1_55' title='bbox 549 517 604 554; x_wconf 89' lang='lat' dir='ltr'>sui</span> <span class='ocrx_word' id='word_1_56' title='bbox 623 525 704 554; x_wconf 87' lang='lat' dir='ltr'>sunt</span> <span class='ocrx_word' id='word_1_57' title='bbox 724 515 860 567; x_wconf 82' lang='lat' dir='ltr'>generi5</span> <span class='ocrx_word' id='word_1_58' title='bbox 874 514 1044 565; x_wconf 82' lang='lat' dir='ltr'>diligunt,</span> <span class='ocrx_word' id='word_1_59' title='bbox 1060 522 1093 550; x_wconf 89' lang='lat' dir='ltr'>et</span> <span class='ocrx_word' id='word_1_60' title='bbox 1107 527 1272 550; x_wconf 88' lang='lat' dir='ltr'>commu-</span> 
     </span>
     <span class='ocr_line' id='line_1_8' title="bbox 285 575 1274 621; baseline -0.008 -5"><span class='ocrx_word' id='word_1_61' title='bbox 285 580 340 616; x_wconf 89' lang='lat' dir='ltr'>nis</span> <span class='ocrx_word' id='word_1_62' title='bbox 369 587 495 615; x_wconf 80' lang='lat' dir='ltr'>natura</span> <span class='ocrx_word' id='word_1_63' title='bbox 516 576 649 614; x_wconf 85' lang='lat' dir='ltr'>sufficit</span> <span class='ocrx_word' id='word_1_64' title='bbox 675 576 746 613; x_wconf 88' lang='lat' dir='ltr'>illis</span> <span class='ocrx_word' id='word_1_65' title='bbox 773 575 817 613; x_wconf 82' lang='lat' dir='ltr'>ad</span> <span class='ocrx_word' id='word_1_66' title='bbox 845 583 1011 612; x_wconf 86' lang='lat' dir='ltr'>mutuum</span> <span class='ocrx_word' id='word_1_67' title='bbox 1030 586 1206 621; x_wconf 73' lang='lat' dir='ltr'>amorem,</span> <span class='ocrx_word' id='word_1_68' title='bbox 1234 581 1274 609; x_wconf 85' lang='lat' dir='ltr'>tu</span> 
     </span>
     <span class='ocr_line' id='line_1_9' title="bbox 283 632 1274 689; baseline -0.008 -13"><span class='ocrx_word' id='word_1_69' title='bbox 283 653 380 686; x_wconf 66' lang='lat' dir='ltr'>vero,</span> <span class='ocrx_word' id='word_1_70' title='bbox 399 638 460 688; x_wconf 83' lang='lat' dir='ltr'>qui</span> <span class='ocrx_word' id='word_1_71' title='bbox 476 646 603 689; x_wconf 64' lang='lat' dir='ltr'>praeter</span> <span class='ocrx_word' id='word_1_72' title='bbox 618 645 782 673; x_wconf 79' lang='lat' dir='ltr'>naturam</span> <span class='ocrx_word' id='word_1_73' title='bbox 797 648 1020 673; x_wconf 85' lang='lat' dir='ltr'>communem</span> <span class='ocrx_word' id='word_1_74' title='bbox 1031 632 1188 684; x_wconf 81' lang='lat' dir='ltr'>plurima</span> <span class='ocrx_word' id='word_1_75' title='bbox 1203 632 1274 669; x_wconf 84' lang='lat' dir='ltr'>alia</span> 
     </span>
     <span class='ocr_line' id='line_1_10' title="bbox 283 694 1269 748; baseline -0.006 -13"><span class='ocrx_word' id='word_1_76' title='bbox 283 699 404 744; x_wconf 77' lang='lat' dir='ltr'>habes,</span> <span class='ocrx_word' id='word_1_77' title='bbox 440 712 520 748; x_wconf 80' lang='lat' dir='ltr'>quae</span> <span class='ocrx_word' id='word_1_78' title='bbox 550 707 583 734; x_wconf 89' lang='lat' dir='ltr'>te</span> <span class='ocrx_word' id='word_1_79' title='bbox 615 711 697 734; x_wconf 89' lang='lat' dir='ltr'>cum</span> <span class='ocrx_word' id='word_1_80' title='bbox 723 695 894 733; x_wconf 78' lang='lat' dir='ltr'>membris</span> <span class='ocrx_word' id='word_1_81' title='bbox 921 695 993 732; x_wconf 78' lang='lat' dir='ltr'>tuis</span> <span class='ocrx_word' id='word_1_82' title='bbox 1022 694 1237 745; x_wconf 75' lang='lat' dir='ltr'>conjungant</span> <span class='ocrx_word' id='word_1_83' title='bbox 1262 708 1269 728; x_wconf 74' lang='grc' dir='ltr'><strong><em>ε</em></strong></span> 
     </span>
     <span class='ocr_line' id='line_1_11' title="bbox 284 755 1273 809; baseline -0.006 -13"><span class='ocrx_word' id='word_1_84' title='bbox 284 758 379 809; x_wconf 86' lang='lat' dir='ltr'>quod</span> <span class='ocrx_word' id='word_1_85' title='bbox 397 759 530 796; x_wconf 76' lang='lat' dir='ltr'>ratione</span> <span class='ocrx_word' id='word_1_86' title='bbox 544 758 590 795; x_wconf 90' lang='lat' dir='ltr'>sis</span> <span class='ocrx_word' id='word_1_87' title='bbox 608 758 815 802; x_wconf 85' lang='lat' dir='ltr'>honoratus,</span> <span class='ocrx_word' id='word_1_88' title='bbox 831 755 926 806; x_wconf 92' lang='lat' dir='ltr'>quod</span> <span class='ocrx_word' id='word_1_89' title='bbox 936 755 1107 805; x_wconf 83' lang='lat' dir='ltr'>religione</span> <span class='ocrx_word' id='word_1_90' title='bbox 1126 755 1273 805; x_wconf 86' lang='lat' dir='ltr'>conjun-</span> 
     </span>
     <span class='ocr_line' id='line_1_12' title="bbox 283 814 1274 868; baseline -0.006 -12"><span class='ocrx_word' id='word_1_91' title='bbox 283 828 374 868; x_wconf 85' lang='lat' dir='ltr'>ctus,</span> <span class='ocrx_word' id='word_1_92' title='bbox 397 818 492 868; x_wconf 90' lang='lat' dir='ltr'>quod</span> <span class='ocrx_word' id='word_1_93' title='bbox 517 818 620 855; x_wconf 88' lang='lat' dir='ltr'>bonis</span> <span class='ocrx_word' id='word_1_94' title='bbox 650 817 722 854; x_wconf 84' lang='lat' dir='ltr'>illis</span> <span class='ocrx_word' id='word_1_95' title='bbox 742 815 939 853; x_wconf 84' lang='lat' dir='ltr'>innumeris</span> <span class='ocrx_word' id='word_1_96' title='bbox 961 815 1165 866; x_wconf 74' lang='lat' dir='ltr'>participes,</span> <span class='ocrx_word' id='word_1_97' title='bbox 1192 814 1274 851; x_wconf 80' lang='lat' dir='ltr'>feris</span> 
     </span>
     <span class='ocr_line' id='line_1_13' title="bbox 285 876 1275 927; baseline -0.005 -10"><span class='ocrx_word' id='word_1_98' title='bbox 285 880 474 917; x_wconf 77' lang='lat' dir='ltr'>immanior</span> <span class='ocrx_word' id='word_1_99' title='bbox 491 880 604 916; x_wconf 83' lang='lat' dir='ltr'>factus</span> <span class='ocrx_word' id='word_1_100' title='bbox 620 893 669 926; x_wconf 88' lang='lat' dir='ltr'>es,</span> <span class='ocrx_word' id='word_1_101' title='bbox 684 877 873 915; x_wconf 87' lang='lat' dir='ltr'>inutilibus</span> <span class='ocrx_word' id='word_1_102' title='bbox 890 877 1035 927; x_wconf 87' lang='lat' dir='ltr'>quidem</span> <span class='ocrx_word' id='word_1_103' title='bbox 1048 890 1172 913; x_wconf 81' lang='lat' dir='ltr'>curam</span> <span class='ocrx_word' id='word_1_104' title='bbox 1185 876 1275 912; x_wconf 89' lang='lat' dir='ltr'>mul·</span> 
     </span>
     <span class='ocr_line' id='line_1_14' title="bbox 284 935 1276 989; baseline -0.006 -12"><span class='ocrx_word' id='word_1_105' title='bbox 284 949 357 977; x_wconf 82' lang='lat' dir='ltr'>tam</span> <span class='ocrx_word' id='word_1_106' title='bbox 376 939 564 987; x_wconf 80' lang='lat' dir='ltr'>adhibens,</span> <span class='ocrx_word' id='word_1_107' title='bbox 585 938 718 989; x_wconf 86' lang='lat' dir='ltr'>templa</span> <span class='ocrx_word' id='word_1_108' title='bbox 743 952 825 975; x_wconf 73' lang='lat' dir='ltr'>vero</span> <span class='ocrx_word' id='word_1_109' title='bbox 855 937 923 974; x_wconf 86' lang='lat' dir='ltr'>Dei</span> <span class='ocrx_word' id='word_1_110' title='bbox 942 937 1034 973; x_wconf 81' lang='lat' dir='ltr'>fame</span> <span class='ocrx_word' id='word_1_111' title='bbox 1058 945 1091 973; x_wconf 90' lang='lat' dir='ltr'>et</span> <span class='ocrx_word' id='word_1_112' title='bbox 1116 935 1276 972; x_wconf 84' lang='lat' dir='ltr'>nuditate</span> 
     </span>
     <span class='ocr_line' id='line_1_15' title="bbox 285 997 1276 1053; baseline -0.005 -15"><span class='ocrx_word' id='word_1_113' title='bbox 285 1001 468 1053; x_wconf 75' lang='lat' dir='ltr'>pereuntia</span> <span class='ocrx_word' id='word_1_114' title='bbox 487 999 699 1051; x_wconf 83' lang='lat' dir='ltr'>despiciens,</span> <span class='ocrx_word' id='word_1_115' title='bbox 723 999 794 1036; x_wconf 89' lang='lat' dir='ltr'>imo</span> <span class='ocrx_word' id='word_1_116' title='bbox 822 1012 913 1050; x_wconf 72' lang='lat' dir='ltr'>saepe</span> <span class='ocrx_word' id='word_1_117' title='bbox 933 997 1036 1034; x_wconf 80' lang='lat' dir='ltr'>malis</span> <span class='ocrx_word' id='word_1_118' title='bbox 1057 997 1182 1034; x_wconf 82' lang='lat' dir='ltr'>multis</span> <span class='ocrx_word' id='word_1_119' title='bbox 1213 997 1276 1034; x_wconf 79' lang='lat' dir='ltr'>oh-</span> 
     </span>
     <span class='ocr_line' id='line_1_16' title="bbox 286 1057 1274 1111; baseline -0.003 -14"><span class='ocrx_word' id='word_1_120' title='bbox 286 1076 404 1098; x_wconf 87' lang='lat' dir='ltr'>ruens.</span> <span class='ocrx_word' id='word_1_121' title='bbox 425 1063 462 1100; x_wconf 73' lang='lat' dir='ltr'>Si</span> <span class='ocrx_word' id='word_1_122' title='bbox 484 1060 580 1098; x_wconf 88' lang='lat' dir='ltr'>enim</span> <span class='ocrx_word' id='word_1_123' title='bbox 605 1060 647 1097; x_wconf 79' lang='lat' dir='ltr'>ad</span> <span class='ocrx_word' id='word_1_124' title='bbox 670 1059 822 1111; x_wconf 83' lang='lat' dir='ltr'>gloriam</span> <span class='ocrx_word' id='word_1_125' title='bbox 850 1058 1040 1110; x_wconf 78' lang='lat' dir='ltr'>respiciens</span> <span class='ocrx_word' id='word_1_126' title='bbox 1065 1058 1133 1095; x_wconf 88' lang='lat' dir='ltr'>hoc</span> <span class='ocrx_word' id='word_1_127' title='bbox 1153 1057 1274 1106; x_wconf 79' lang='lat' dir='ltr'>facias,</span> 
     </span>
     <span class='ocr_line' id='line_1_17' title="bbox 289 1122 1276 1172; baseline -0.004 -13"><span class='ocrx_word' id='word_1_128' title='bbox 289 1123 403 1159; x_wconf 79' lang='lat' dir='ltr'>multo</span> <span class='ocrx_word' id='word_1_129' title='bbox 422 1122 535 1172; x_wconf 80' lang='lat' dir='ltr'>magis</span> <span class='ocrx_word' id='word_1_130' title='bbox 554 1122 699 1158; x_wconf 83' lang='lat' dir='ltr'>fratrem</span> <span class='ocrx_word' id='word_1_131' title='bbox 715 1135 822 1171; x_wconf 82' lang='lat' dir='ltr'>quam</span> <span class='ocrx_word' id='word_1_132' title='bbox 841 1134 972 1171; x_wconf 86' lang='lat' dir='ltr'>equum</span> <span class='ocrx_word' id='word_1_133' title='bbox 993 1134 1116 1156; x_wconf 82' lang='lat' dir='ltr'>curare</span> <span class='ocrx_word' id='word_1_134' title='bbox 1137 1128 1276 1170; x_wconf 85' lang='lat' dir='ltr'>oporte-</span> 
     </span>
     <span class='ocr_line' id='line_1_18' title="bbox 288 1180 1275 1233; baseline -0.004 -13"><span class='ocrx_word' id='word_1_135' title='bbox 288 1193 350 1221; x_wconf 86' lang='lat' dir='ltr'>ret.</span> <span class='ocrx_word' id='word_1_136' title='bbox 366 1185 457 1221; x_wconf 76' lang='lat' dir='ltr'>Nam</span> <span class='ocrx_word' id='word_1_137' title='bbox 471 1192 603 1233; x_wconf 79' lang='lat' dir='ltr'>quanto</span> <span class='ocrx_word' id='word_1_138' title='bbox 622 1183 735 1233; x_wconf 85' lang='lat' dir='ltr'>major</span> <span class='ocrx_word' id='word_1_139' title='bbox 755 1191 805 1219; x_wconf 87' lang='lat' dir='ltr'>est</span> <span class='ocrx_word' id='word_1_140' title='bbox 825 1181 924 1232; x_wconf 88' lang='lat' dir='ltr'>isqui</span> <span class='ocrx_word' id='word_1_141' title='bbox 941 1180 1113 1219; x_wconf 84' lang='lat' dir='ltr'>beneficio</span> <span class='ocrx_word' id='word_1_142' title='bbox 1129 1180 1275 1230; x_wconf 86' lang='lat' dir='ltr'>fruitur,</span> 
     </span>
     <span class='ocr_line' id='line_1_19' title="bbox 287 1241 1277 1296; baseline -0.004 -15"><span class='ocrx_word' id='word_1_143' title='bbox 287 1254 384 1282; x_wconf 76' lang='lat' dir='ltr'>tanto</span> <span class='ocrx_word' id='word_1_144' title='bbox 403 1243 624 1296; x_wconf 86' lang='lat' dir='ltr'>splendidior</span> <span class='ocrx_word' id='word_1_145' title='bbox 645 1243 711 1281; x_wconf 87' lang='lat' dir='ltr'>tibi</span> <span class='ocrx_word' id='word_1_146' title='bbox 733 1257 797 1295; x_wconf 89' lang='lat' dir='ltr'>pro</span> <span class='ocrx_word' id='word_1_147' title='bbox 825 1243 886 1279; x_wconf 79' lang='lat' dir='ltr'>tali</span> <span class='ocrx_word' id='word_1_148' title='bbox 915 1242 1089 1280; x_wconf 86' lang='lat' dir='ltr'>beneficio</span> <span class='ocrx_word' id='word_1_149' title='bbox 1126 1241 1277 1278; x_wconf 86' lang='lat' dir='ltr'>nectitur</span> 
     </span>
     <span class='ocr_line' id='line_1_20' title="bbox 287 1302 1278 1350; baseline -0.005 -7"><span class='ocrx_word' id='word_1_150' title='bbox 287 1319 430 1343; x_wconf 81' lang='lat' dir='ltr'>corona.</span> <span class='ocrx_word' id='word_1_151' title='bbox 454 1307 536 1344; x_wconf 84' lang='lat' dir='ltr'>Jam</span> <span class='ocrx_word' id='word_1_152' title='bbox 561 1319 645 1342; x_wconf 69' lang='lat' dir='ltr'>vero</span> <span class='ocrx_word' id='word_1_153' title='bbox 670 1319 750 1341; x_wconf 87' lang='lat' dir='ltr'>cum</span> <span class='ocrx_word' id='word_1_154' title='bbox 773 1303 809 1340; x_wconf 90' lang='lat' dir='ltr'>in</span> <span class='ocrx_word' id='word_1_155' title='bbox 830 1303 1007 1341; x_wconf 79' lang='lat' dir='ltr'>contraria</span> <span class='ocrx_word' id='word_1_156' title='bbox 1034 1302 1191 1350; x_wconf 72' lang='lat' dir='ltr'>incidas,</span> <span class='ocrx_word' id='word_1_157' title='bbox 1209 1315 1278 1339; x_wconf 89' lang='lat' dir='ltr'>non</span> 
     </span>
     <span class='ocr_line' id='line_1_21' title="bbox 288 1364 1276 1404; baseline -0.005 -1"><span class='ocrx_word' id='word_1_158' title='bbox 288 1366 445 1404; x_wconf 73' lang='lat' dir='ltr'>advertis</span> <span class='ocrx_word' id='word_1_159' title='bbox 475 1375 509 1402; x_wconf 87' lang='lat' dir='ltr'>te</span> <span class='ocrx_word' id='word_1_160' title='bbox 530 1365 732 1402; x_wconf 82' lang='lat' dir='ltr'>innumeros</span> <span class='ocrx_word' id='word_1_161' title='bbox 756 1364 821 1401; x_wconf 89' lang='lat' dir='ltr'>tibi</span> <span class='ocrx_word' id='word_1_162' title='bbox 846 1364 1020 1401; x_wconf 76' lang='lat' dir='ltr'>attrahere</span> <span class='ocrx_word' id='word_1_163' title='bbox 1046 1371 1276 1400; x_wconf 76' lang='lat' dir='ltr'>accusatores.</span> 
     </span>
     <span class='ocr_line' id='line_1_22' title="bbox 292 1423 1279 1475; baseline -0.005 -12"><span class='ocrx_word' id='word_1_164' title='bbox 292 1427 383 1472; x_wconf 85' lang='lat' dir='ltr'>Quis</span> <span class='ocrx_word' id='word_1_165' title='bbox 403 1426 496 1463; x_wconf 85' lang='lat' dir='ltr'>enim</span> <span class='ocrx_word' id='word_1_166' title='bbox 513 1435 546 1463; x_wconf 91' lang='lat' dir='ltr'>te</span> <span class='ocrx_word' id='word_1_167' title='bbox 563 1440 633 1463; x_wconf 93' lang='lat' dir='ltr'>non</span> <span class='ocrx_word' id='word_1_168' title='bbox 654 1424 853 1463; x_wconf 80' lang='lat' dir='ltr'>maledictis</span> <span class='ocrx_word' id='word_1_169' title='bbox 870 1424 1037 1475; x_wconf 74' lang='lat' dir='ltr'>impetet?</span> <span class='ocrx_word' id='word_1_170' title='bbox 1061 1423 1142 1473; x_wconf 83' lang='lat' dir='ltr'>quis</span> <span class='ocrx_word' id='word_1_171' title='bbox 1159 1432 1192 1459; x_wconf 88' lang='lat' dir='ltr'>te</span> <span class='ocrx_word' id='word_1_172' title='bbox 1210 1436 1279 1459; x_wconf 91' lang='lat' dir='ltr'>non</span> 
     </span>
     <span class='ocr_line' id='line_1_23' title="bbox 290 1483 1278 1531; baseline -0.005 -7"><span class='ocrx_word' id='word_1_173' title='bbox 290 1502 438 1526; x_wconf 82' lang='lat' dir='ltr'>suminae</span> <span class='ocrx_word' id='word_1_174' title='bbox 470 1486 688 1524; x_wconf 82' lang='lat' dir='ltr'>crudelitatis</span> <span class='ocrx_word' id='word_1_175' title='bbox 717 1496 749 1524; x_wconf 87' lang='lat' dir='ltr'>et</span> <span class='ocrx_word' id='word_1_176' title='bbox 778 1485 1049 1523; x_wconf 82' lang='lat' dir='ltr'>inhumanitatis</span> <span class='ocrx_word' id='word_1_177' title='bbox 1079 1483 1278 1531; x_wconf 77' lang='lat' dir='ltr'>accusabit,</span> 
     </span>
    </p>
   </div>
   <div class='ocr_carea' id='block_1_7' title="bbox 287 1543 1325 1655">
    <p class='ocr_par' dir='ltr' id='par_1_7' title="bbox 287 1543 1325 1655">
     <span class='ocr_line' id='line_1_24' title="bbox 287 1543 1325 1599; baseline -0.008 -13"><span class='ocrx_word' id='word_1_178' title='bbox 287 1549 454 1587; x_wconf 71' lang='lat' dir='ltr'>videnste</span> <span class='ocrx_word' id='word_1_179' title='bbox 467 1562 576 1599; x_wconf 88' lang='lat' dir='ltr'>genus</span> <span class='ocrx_word' id='word_1_180' title='bbox 586 1547 730 1597; x_wconf 86' lang='lat' dir='ltr'>quidem</span> <span class='ocrx_word' id='word_1_181' title='bbox 742 1546 928 1583; x_wconf 85' lang='lat' dir='ltr'>hominum</span> <span class='ocrx_word' id='word_1_182' title='bbox 944 1543 1180 1596; x_wconf 72' lang='lat' dir='ltr'>vilipendere,</span> <span class='ocrx_word' id='word_1_183' title='bbox 1193 1543 1279 1579; x_wconf 88' lang='lat' dir='ltr'>bru-</span> <span class='ocrx_word' id='word_1_184' title='bbox 1302 1553 1325 1582; x_wconf 81' lang='lat' dir='ltr'><strong>C</strong></span> 
     </span>
     <span class='ocr_line' id='line_1_25' title="bbox 290 1600 1280 1655; baseline -0.006 -13"><span class='ocrx_word' id='word_1_185' title='bbox 290 1615 407 1643; x_wconf 84' lang='lat' dir='ltr'>torum</span> <span class='ocrx_word' id='word_1_186' title='bbox 420 1619 505 1642; x_wconf 65' lang='lat' dir='ltr'>vero</span> <span class='ocrx_word' id='word_1_187' title='bbox 521 1618 632 1655; x_wconf 82' lang='lat' dir='ltr'>genus</span> <span class='ocrx_word' id='word_1_188' title='bbox 648 1604 854 1641; x_wconf 80' lang='lat' dir='ltr'>hominibus</span> <span class='ocrx_word' id='word_1_189' title='bbox 871 1611 1094 1653; x_wconf 79' lang='lat' dir='ltr'>anteponere,</span> <span class='ocrx_word' id='word_1_190' title='bbox 1113 1610 1145 1637; x_wconf 92' lang='lat' dir='ltr'>et</span> <span class='ocrx_word' id='word_1_191' title='bbox 1164 1600 1280 1637; x_wconf 86' lang='lat' dir='ltr'>brutis</span> 
     </span>
    </p>
   </div>
   <div class='ocr_carea' id='block_1_8' title="bbox 286 1660 1290 2927">
    <p class='ocr_par' dir='ltr' id='par_1_8' title="bbox 286 1660 1290 2927">
     <span class='ocr_line' id='line_1_26' title="bbox 287 1660 1280 1715; baseline -0.006 -11"><span class='ocrx_word' id='word_1_192' title='bbox 287 1667 434 1704; x_wconf 87' lang='lat' dir='ltr'>domum</span> <span class='ocrx_word' id='word_1_193' title='bbox 461 1674 565 1715; x_wconf 80' lang='lat' dir='ltr'>atque</span> <span class='ocrx_word' id='word_1_194' title='bbox 587 1664 842 1715; x_wconf 84' lang='lat' dir='ltr'>supellectilem</span> <span class='ocrx_word' id='word_1_195' title='bbox 859 1662 1016 1700; x_wconf 76' lang='lat' dir='ltr'>addere?</span> <span class='ocrx_word' id='word_1_196' title='bbox 1038 1664 1118 1700; x_wconf 90' lang='lat' dir='ltr'>Non</span> <span class='ocrx_word' id='word_1_197' title='bbox 1146 1660 1280 1699; x_wconf 71' lang='lat' dir='ltr'>audis-ti</span> 
     </span>
     <span class='ocr_line' id='line_1_27' title="bbox 286 1723 1279 1778; baseline -0.003 -15"><span class='ocrx_word' id='word_1_198' title='bbox 286 1726 463 1778; x_wconf 78' lang='lat' dir='ltr'>apostolos</span> <span class='ocrx_word' id='word_1_199' title='bbox 481 1725 650 1772; x_wconf 86' lang='lat' dir='ltr'>dicentes,</span> <span class='ocrx_word' id='word_1_200' title='bbox 664 1724 758 1775; x_wconf 87' lang='lat' dir='ltr'>quod</span> <span class='ocrx_word' id='word_1_201' title='bbox 775 1724 882 1776; x_wconf 86' lang='lat' dir='ltr'>primi</span> <span class='ocrx_word' id='word_1_202' title='bbox 894 1724 955 1774; x_wconf 89' lang='lat' dir='ltr'>qui</span> <span class='ocrx_word' id='word_1_203' title='bbox 971 1723 1121 1761; x_wconf 76' lang='lat' dir='ltr'>verbum</span> <span class='ocrx_word' id='word_1_204' title='bbox 1136 1737 1279 1774; x_wconf 83' lang='lat' dir='ltr'>accepe-</span> 
     </span>
     <span class='ocr_line' id='line_1_28' title="bbox 287 1783 1280 1836; baseline -0.003 -13"><span class='ocrx_word' id='word_1_205' title='bbox 287 1796 384 1836; x_wconf 84' lang='lat' dir='ltr'>runt,</span> <span class='ocrx_word' id='word_1_206' title='bbox 406 1786 530 1823; x_wconf 88' lang='lat' dir='ltr'>domos</span> <span class='ocrx_word' id='word_1_207' title='bbox 549 1794 582 1822; x_wconf 89' lang='lat' dir='ltr'>et</span> <span class='ocrx_word' id='word_1_208' title='bbox 606 1799 709 1836; x_wconf 79' lang='lat' dir='ltr'>agros</span> <span class='ocrx_word' id='word_1_209' title='bbox 723 1784 915 1823; x_wconf 82' lang='lat' dir='ltr'>venderent</span> <span class='ocrx_word' id='word_1_210' title='bbox 930 1794 968 1822; x_wconf 89' lang='lat' dir='ltr'>ut</span> <span class='ocrx_word' id='word_1_211' title='bbox 984 1785 1108 1822; x_wconf 84' lang='lat' dir='ltr'>fratres</span> <span class='ocrx_word' id='word_1_212' title='bbox 1128 1783 1280 1821; x_wconf 73' lang='lat' dir='ltr'>alerent?</span> 
     </span>
     <span class='ocr_line' id='line_1_29' title="bbox 288 1844 1281 1897; baseline -0.004 -13"><span class='ocrx_word' id='word_1_213' title='bbox 288 1847 349 1884; x_wconf 90' lang='lat' dir='ltr'>Tu</span> <span class='ocrx_word' id='word_1_214' title='bbox 363 1860 448 1885; x_wconf 67' lang='lat' dir='ltr'>vero</span> <span class='ocrx_word' id='word_1_215' title='bbox 463 1845 588 1883; x_wconf 88' lang='lat' dir='ltr'>domos</span> <span class='ocrx_word' id='word_1_216' title='bbox 608 1854 639 1882; x_wconf 87' lang='lat' dir='ltr'>et</span> <span class='ocrx_word' id='word_1_217' title='bbox 657 1859 760 1896; x_wconf 83' lang='lat' dir='ltr'>agros</span> <span class='ocrx_word' id='word_1_218' title='bbox 774 1845 927 1897; x_wconf 81' lang='lat' dir='ltr'>abripis,</span> <span class='ocrx_word' id='word_1_219' title='bbox 947 1853 986 1881; x_wconf 92' lang='lat' dir='ltr'>ut</span> <span class='ocrx_word' id='word_1_220' title='bbox 1005 1858 1150 1894; x_wconf 89' lang='lat' dir='ltr'>equum,</span> <span class='ocrx_word' id='word_1_221' title='bbox 1170 1844 1281 1894; x_wconf 82' lang='lat' dir='ltr'>ligna,</span> 
     </span>
     <span class='ocr_line' id='line_1_30' title="bbox 287 1905 1284 1959; baseline -0.001 -15"><span class='ocrx_word' id='word_1_222' title='bbox 287 1907 414 1959; x_wconf 84' lang='lat' dir='ltr'>pelles,</span> <span class='ocrx_word' id='word_1_223' title='bbox 453 1921 574 1944; x_wconf 90' lang='lat' dir='ltr'>muros</span> <span class='ocrx_word' id='word_1_224' title='bbox 595 1916 628 1944; x_wconf 87' lang='lat' dir='ltr'>et</span> <span class='ocrx_word' id='word_1_225' title='bbox 652 1907 898 1959; x_wconf 76' lang='lat' dir='ltr'>pavimentum</span> <span class='ocrx_word' id='word_1_226' title='bbox 925 1920 1086 1944; x_wconf 80' lang='lat' dir='ltr'>exornes.</span> <span class='ocrx_word' id='word_1_227' title='bbox 1107 1905 1284 1956; x_wconf 87' lang='lat' dir='ltr'>Quodque</span> 
     </span>
     <span class='ocr_line' id='line_1_31' title="bbox 287 1967 1282 2019; baseline -0.001 -14"><span class='ocrx_word' id='word_1_228' title='bbox 287 1968 434 2019; x_wconf 72' lang='lat' dir='ltr'>gravius</span> <span class='ocrx_word' id='word_1_229' title='bbox 451 1977 513 2016; x_wconf 86' lang='lat' dir='ltr'>cst,</span> <span class='ocrx_word' id='word_1_230' title='bbox 534 1981 604 2005; x_wconf 92' lang='lat' dir='ltr'>non</span> <span class='ocrx_word' id='word_1_231' title='bbox 634 1968 705 2005; x_wconf 80' lang='lat' dir='ltr'>viri</span> <span class='ocrx_word' id='word_1_232' title='bbox 726 1977 879 2015; x_wconf 82' lang='lat' dir='ltr'>tantum,</span> <span class='ocrx_word' id='word_1_233' title='bbox 909 1967 971 2005; x_wconf 88' lang='lat' dir='ltr'>sed</span> <span class='ocrx_word' id='word_1_234' title='bbox 990 1967 1096 2004; x_wconf 82' lang='lat' dir='ltr'>etiam</span> <span class='ocrx_word' id='word_1_235' title='bbox 1116 1967 1282 2004; x_wconf 83' lang='lat' dir='ltr'>mulieres</span> 
     </span>
     <span class='ocr_line' id='line_1_32' title="bbox 287 2027 1283 2079; baseline -0.002 -13"><span class='ocrx_word' id='word_1_236' title='bbox 287 2029 354 2066; x_wconf 84' lang='lat' dir='ltr'>hac</span> <span class='ocrx_word' id='word_1_237' title='bbox 374 2029 509 2066; x_wconf 80' lang='lat' dir='ltr'>insania</span> <span class='ocrx_word' id='word_1_238' title='bbox 529 2038 708 2078; x_wconf 86' lang='lat' dir='ltr'>tenentur,</span> <span class='ocrx_word' id='word_1_239' title='bbox 730 2043 807 2079; x_wconf 84' lang='lat' dir='ltr'>quae</span> <span class='ocrx_word' id='word_1_240' title='bbox 829 2028 935 2066; x_wconf 86' lang='lat' dir='ltr'>etiam</span> <span class='ocrx_word' id='word_1_241' title='bbox 952 2028 1047 2067; x_wconf 79' lang='lat' dir='ltr'>viros</span> <span class='ocrx_word' id='word_1_242' title='bbox 1064 2028 1221 2065; x_wconf 75' lang='lat' dir='ltr'>excitant</span> <span class='ocrx_word' id='word_1_243' title='bbox 1237 2027 1283 2064; x_wconf 80' lang='lat' dir='ltr'>ad</span> 
     </span>
     <span class='ocr_line' id='line_1_33' title="bbox 287 2087 1279 2141; baseline -0.001 -16"><span class='ocrx_word' id='word_1_244' title='bbox 287 2102 421 2126; x_wconf 75' lang='lat' dir='ltr'>vanum</span> <span class='ocrx_word' id='word_1_245' title='bbox 444 2088 654 2141; x_wconf 79' lang='lat' dir='ltr'>hujusmodi</span> <span class='ocrx_word' id='word_1_246' title='bbox 670 2088 844 2138; x_wconf 80' lang='lat' dir='ltr'>laborem,</span> <span class='ocrx_word' id='word_1_247' title='bbox 866 2089 946 2126; x_wconf 89' lang='lat' dir='ltr'>illos</span> <span class='ocrx_word' id='word_1_248' title='bbox 975 2088 1020 2125; x_wconf 80' lang='lat' dir='ltr'>ad</span> <span class='ocrx_word' id='word_1_249' title='bbox 1039 2088 1157 2126; x_wconf 84' lang='lat' dir='ltr'>omnia</span> <span class='ocrx_word' id='word_1_250' title='bbox 1182 2087 1279 2139; x_wconf 88' lang='lat' dir='ltr'>plus,</span> 
     </span>
     <span class='ocr_line' id='line_1_34' title="bbox 288 2148 1283 2200; baseline -0.001 -14"><span class='ocrx_word' id='word_1_251' title='bbox 288 2163 395 2200; x_wconf 80' lang='lat' dir='ltr'>quam</span> <span class='ocrx_word' id='word_1_252' title='bbox 425 2149 471 2188; x_wconf 80' lang='lat' dir='ltr'>ad</span> <span class='ocrx_word' id='word_1_253' title='bbox 501 2150 708 2195; x_wconf 81' lang='lat' dir='ltr'>necessaria,</span> <span class='ocrx_word' id='word_1_254' title='bbox 737 2158 875 2187; x_wconf 85' lang='lat' dir='ltr'>sumtus</span> <span class='ocrx_word' id='word_1_255' title='bbox 896 2150 1008 2187; x_wconf 87' lang='lat' dir='ltr'>facere</span> <span class='ocrx_word' id='word_1_256' title='bbox 1036 2158 1209 2200; x_wconf 83' lang='lat' dir='ltr'>cogentes.</span> <span class='ocrx_word' id='word_1_257' title='bbox 1244 2148 1283 2186; x_wconf 86' lang='lat' dir='ltr'>Si</span> 
     </span>
     <span class='ocr_line' id='line_1_35' title="bbox 290 2209 1284 2261; baseline 0 -15"><span class='ocrx_word' id='word_1_258' title='bbox 290 2211 369 2260; x_wconf 85' lang='lat' dir='ltr'>quis</span> <span class='ocrx_word' id='word_1_259' title='bbox 388 2225 473 2247; x_wconf 65' lang='lat' dir='ltr'>vcro</span> <span class='ocrx_word' id='word_1_260' title='bbox 493 2210 537 2247; x_wconf 92' lang='lat' dir='ltr'>de</span> <span class='ocrx_word' id='word_1_261' title='bbox 555 2211 612 2247; x_wconf 84' lang='lat' dir='ltr'>his</span> <span class='ocrx_word' id='word_1_262' title='bbox 652 2210 889 2261; x_wconf 78' lang='lat' dir='ltr'>redarguerit,</span> <span class='ocrx_word' id='word_1_263' title='bbox 906 2209 1143 2247; x_wconf 84' lang='lat' dir='ltr'>defensionem</span> <span class='ocrx_word' id='word_1_264' title='bbox 1158 2218 1284 2261; x_wconf 82' lang='lat' dir='ltr'>parant</span> 
     </span>
     <span class='ocr_line' id='line_1_36' title="bbox 295 2269 1282 2320; baseline -0.001 -13"><span class='ocrx_word' id='word_1_265' title='bbox 295 2270 542 2307; x_wconf 83' lang='lat' dir='ltr'>criminatione</span> <span class='ocrx_word' id='word_1_266' title='bbox 560 2270 706 2320; x_wconf 77' lang='lat' dir='ltr'>dignam</span> <span class='ocrx_word' id='word_1_267' title='bbox 722 2270 786 2306; x_wconf 88' lang='lat' dir='ltr'>:Et</span> <span class='ocrx_word' id='word_1_268' title='bbox 806 2270 895 2318; x_wconf 85' lang='lat' dir='ltr'>haec,</span> <span class='ocrx_word' id='word_1_269' title='bbox 912 2270 1024 2317; x_wconf 78' lang='lat' dir='ltr'>aiunt,</span> <span class='ocrx_word' id='word_1_270' title='bbox 1045 2279 1078 2306; x_wconf 88' lang='lat' dir='ltr'>et</span> <span class='ocrx_word' id='word_1_271' title='bbox 1097 2269 1158 2306; x_wconf 85' lang='lat' dir='ltr'>illa</span> <span class='ocrx_word' id='word_1_272' title='bbox 1177 2270 1282 2306; x_wconf 84' lang='lat' dir='ltr'>fiunt.</span> 
     </span>
     <span class='ocr_line' id='line_1_37' title="bbox 293 2329 1284 2381; baseline -0.001 -14"><span class='ocrx_word' id='word_1_273' title='bbox 293 2330 392 2376; x_wconf 86' lang='lat' dir='ltr'>Quid</span> <span class='ocrx_word' id='word_1_274' title='bbox 411 2329 527 2367; x_wconf 65' lang='lat' dir='ltr'>dicis?</span> <span class='ocrx_word' id='word_1_275' title='bbox 545 2344 614 2367; x_wconf 92' lang='lat' dir='ltr'>non</span> <span class='ocrx_word' id='word_1_276' title='bbox 630 2329 748 2379; x_wconf 87' lang='lat' dir='ltr'>times,</span> <span class='ocrx_word' id='word_1_277' title='bbox 759 2329 845 2367; x_wconf 87' lang='lat' dir='ltr'>dum</span> <span class='ocrx_word' id='word_1_278' title='bbox 858 2330 935 2366; x_wconf 77' lang='lat' dir='ltr'>liaec</span> <span class='ocrx_word' id='word_1_279' title='bbox 945 2330 1096 2381; x_wconf 81' lang='lat' dir='ltr'>profers,</span> <span class='ocrx_word' id='word_1_280' title='bbox 1116 2338 1148 2366; x_wconf 90' lang='lat' dir='ltr'>et</span> <span class='ocrx_word' id='word_1_281' title='bbox 1164 2343 1284 2379; x_wconf 90' lang='lat' dir='ltr'>equos,</span> 
     </span>
     <span class='ocr_line' id='line_1_38' title="bbox 294 2388 1287 2441; baseline -0.002 -14"><span class='ocrx_word' id='word_1_282' title='bbox 294 2390 426 2439; x_wconf 89' lang='lat' dir='ltr'>mulos,</span> <span class='ocrx_word' id='word_1_283' title='bbox 449 2390 570 2437; x_wconf 86' lang='lat' dir='ltr'>lectos,</span> <span class='ocrx_word' id='word_1_284' title='bbox 591 2389 815 2441; x_wconf 81' lang='lat' dir='ltr'>suppedanea</span> <span class='ocrx_word' id='word_1_285' title='bbox 836 2403 919 2426; x_wconf 88' lang='lat' dir='ltr'>cum</span> <span class='ocrx_word' id='word_1_286' title='bbox 944 2388 1085 2426; x_wconf 84' lang='lat' dir='ltr'>Christo</span> <span class='ocrx_word' id='word_1_287' title='bbox 1115 2388 1287 2425; x_wconf 85' lang='lat' dir='ltr'>esuriente</span> 
     </span>
     <span class='ocr_line' id='line_1_39' title="bbox 299 2449 1285 2502; baseline -0.003 -14"><span class='ocrx_word' id='word_1_288' title='bbox 299 2450 538 2488; x_wconf 68' lang='lat' dir='ltr'>annumeras?</span> <span class='ocrx_word' id='word_1_289' title='bbox 558 2450 629 2487; x_wconf 90' lang='lat' dir='ltr'>imo</span> <span class='ocrx_word' id='word_1_290' title='bbox 643 2450 763 2502; x_wconf 87' lang='lat' dir='ltr'>potius</span> <span class='ocrx_word' id='word_1_291' title='bbox 781 2464 825 2487; x_wconf 93' lang='lat' dir='ltr'>ne</span> <span class='ocrx_word' id='word_1_292' title='bbox 840 2464 920 2487; x_wconf 89' lang='lat' dir='ltr'>cum</span> <span class='ocrx_word' id='word_1_293' title='bbox 936 2449 993 2486; x_wconf 89' lang='lat' dir='ltr'>his</span> <span class='ocrx_word' id='word_1_294' title='bbox 1012 2449 1154 2499; x_wconf 87' lang='lat' dir='ltr'>quidem</span> <span class='ocrx_word' id='word_1_295' title='bbox 1169 2449 1285 2496; x_wconf 88' lang='lat' dir='ltr'>illum,</span> 
     </span>
     <span class='ocr_line' id='line_1_40' title="bbox 293 2508 1287 2563; baseline -0.003 -14"><span class='ocrx_word' id='word_1_296' title='bbox 293 2511 356 2549; x_wconf 88' lang='lat' dir='ltr'>sed</span> <span class='ocrx_word' id='word_1_297' title='bbox 379 2512 548 2563; x_wconf 81' lang='lat' dir='ltr'>majorem</span> <span class='ocrx_word' id='word_1_298' title='bbox 568 2519 707 2563; x_wconf 82' lang='lat' dir='ltr'>partem</span> <span class='ocrx_word' id='word_1_299' title='bbox 740 2510 851 2558; x_wconf 82' lang='lat' dir='ltr'>hisce,</span> <span class='ocrx_word' id='word_1_300' title='bbox 874 2510 943 2562; x_wconf 84' lang='lat' dir='ltr'>ipsi</span> <span class='ocrx_word' id='word_1_301' title='bbox 975 2524 1060 2548; x_wconf 65' lang='lat' dir='ltr'>vero</span> <span class='ocrx_word' id='word_1_302' title='bbox 1078 2509 1144 2547; x_wconf 66' lang='lat' dir='ltr'>vix</span> <span class='ocrx_word' id='word_1_303' title='bbox 1165 2508 1287 2547; x_wconf 79' lang='lat' dir='ltr'>tantil-</span> 
     </span>
     <span class='ocr_line' id='line_1_41' title="bbox 292 2570 1287 2624; baseline -0.002 -15"><span class='ocrx_word' id='word_1_304' title='bbox 292 2573 370 2609; x_wconf 90' lang='lat' dir='ltr'>lum</span> <span class='ocrx_word' id='word_1_305' title='bbox 402 2572 617 2624; x_wconf 85' lang='lat' dir='ltr'>impertiens.</span> <span class='ocrx_word' id='word_1_306' title='bbox 638 2571 762 2608; x_wconf 88' lang='lat' dir='ltr'>Nescis</span> <span class='ocrx_word' id='word_1_307' title='bbox 789 2570 907 2608; x_wconf 84' lang='lat' dir='ltr'>omnia</span> <span class='ocrx_word' id='word_1_308' title='bbox 927 2570 1039 2622; x_wconf 88' lang='lat' dir='ltr'>ipsius</span> <span class='ocrx_word' id='word_1_309' title='bbox 1058 2584 1130 2608; x_wconf 89' lang='lat' dir='ltr'>esse</span> <span class='ocrx_word' id='word_1_310' title='bbox 1149 2579 1183 2608; x_wconf 91' lang='lat' dir='ltr'>et</span> <span class='ocrx_word' id='word_1_311' title='bbox 1201 2579 1234 2607; x_wconf 89' lang='lat' dir='ltr'>te</span> <span class='ocrx_word' id='word_1_312' title='bbox 1252 2578 1287 2607; x_wconf 87' lang='lat' dir='ltr'>et</span> 
     </span>
     <span class='ocr_line' id='line_1_42' title="bbox 296 2630 1288 2683; baseline -0.003 -13"><span class='ocrx_word' id='word_1_313' title='bbox 296 2633 384 2670; x_wconf 74' lang='lat' dir='ltr'>tua?</span> <span class='ocrx_word' id='word_1_314' title='bbox 404 2646 447 2670; x_wconf 79' lang='lat' dir='ltr'>an</span> <span class='ocrx_word' id='word_1_315' title='bbox 464 2632 607 2683; x_wconf 80' lang='lat' dir='ltr'>ignoras</span> <span class='ocrx_word' id='word_1_316' title='bbox 637 2631 740 2668; x_wconf 86' lang='lat' dir='ltr'>illum</span> <span class='ocrx_word' id='word_1_317' title='bbox 768 2640 802 2668; x_wconf 88' lang='lat' dir='ltr'>et</span> <span class='ocrx_word' id='word_1_318' title='bbox 822 2645 950 2682; x_wconf 87' lang='lat' dir='ltr'>corpus</span> <span class='ocrx_word' id='word_1_319' title='bbox 983 2630 1223 2668; x_wconf 83' lang='lat' dir='ltr'>efformavisse</span> <span class='ocrx_word' id='word_1_320' title='bbox 1254 2639 1288 2667; x_wconf 89' lang='lat' dir='ltr'>et</span> 
     </span>
     <span class='ocr_line' id='line_1_43' title="bbox 295 2691 1288 2745; baseline -0.004 -13"><span class='ocrx_word' id='word_1_321' title='bbox 295 2695 450 2732; x_wconf 75' lang='lat' dir='ltr'>animam</span> <span class='ocrx_word' id='word_1_322' title='bbox 464 2694 637 2745; x_wconf 81' lang='lat' dir='ltr'>largitum</span> <span class='ocrx_word' id='word_1_323' title='bbox 658 2707 745 2739; x_wconf 87' lang='lat' dir='ltr'>esse,</span> <span class='ocrx_word' id='word_1_324' title='bbox 767 2702 799 2730; x_wconf 87' lang='lat' dir='ltr'>et</span> <span class='ocrx_word' id='word_1_325' title='bbox 822 2692 999 2730; x_wconf 88' lang='lat' dir='ltr'>mundum</span> <span class='ocrx_word' id='word_1_326' title='bbox 1020 2701 1135 2729; x_wconf 86' lang='lat' dir='ltr'>totum</span> <span class='ocrx_word' id='word_1_327' title='bbox 1165 2691 1288 2729; x_wconf 87' lang='lat' dir='ltr'>distri-</span> 
     </span>
     <span class='ocr_line' id='line_1_44' title="bbox 296 2752 1290 2805; baseline -0.001 -12"><span class='ocrx_word' id='word_1_328' title='bbox 296 2756 437 2793; x_wconf 72' lang='lat' dir='ltr'>buisse?</span> <span class='ocrx_word' id='word_1_329' title='bbox 453 2756 510 2793; x_wconf 87' lang='lat' dir='ltr'>Tu</span> <span class='ocrx_word' id='word_1_330' title='bbox 528 2769 613 2792; x_wconf 68' lang='lat' dir='ltr'>vero</span> <span class='ocrx_word' id='word_1_331' title='bbox 622 2768 666 2792; x_wconf 92' lang='lat' dir='ltr'>ne</span> <span class='ocrx_word' id='word_1_332' title='bbox 680 2754 863 2792; x_wconf 76' lang='lat' dir='ltr'>tantillum</span> <span class='ocrx_word' id='word_1_333' title='bbox 872 2753 1018 2804; x_wconf 87' lang='lat' dir='ltr'>quidem</span> <span class='ocrx_word' id='word_1_334' title='bbox 1031 2753 1097 2805; x_wconf 89' lang='lat' dir='ltr'>ipsi</span> <span class='ocrx_word' id='word_1_335' title='bbox 1109 2752 1290 2800; x_wconf 79' lang='lat' dir='ltr'>retribui53</span> 
     </span>
     <span class='ocr_line' id='line_1_45' title="bbox 297 2814 1290 2867; baseline -0.003 -13"><span class='ocrx_word' id='word_1_336' title='bbox 297 2816 359 2854; x_wconf 83' lang='lat' dir='ltr'>sed</span> <span class='ocrx_word' id='word_1_337' title='bbox 380 2816 408 2854; x_wconf 92' lang='lat' dir='ltr'>si</span> <span class='ocrx_word' id='word_1_338' title='bbox 423 2830 573 2867; x_wconf 65' lang='lat' dir='ltr'>parvam</span> <span class='ocrx_word' id='word_1_339' title='bbox 594 2815 850 2853; x_wconf 83' lang='lat' dir='ltr'>domunculam</span> <span class='ocrx_word' id='word_1_340' title='bbox 872 2814 1062 2860; x_wconf 77' lang='lat' dir='ltr'>locaveris,</span> <span class='ocrx_word' id='word_1_341' title='bbox 1092 2814 1290 2852; x_wconf 84' lang='lat' dir='ltr'>condictam</span> 
     </span>
     <span class='ocr_line' id='line_1_46' title="bbox 296 2875 1288 2927; baseline -0.002 -13"><span class='ocrx_word' id='word_1_342' title='bbox 296 2891 474 2914; x_wconf 82' lang='lat' dir='ltr'>summam</span> <span class='ocrx_word' id='word_1_343' title='bbox 495 2876 633 2927; x_wconf 72' lang='lat' dir='ltr'>exigis,</span> <span class='ocrx_word' id='word_1_344' title='bbox 650 2885 683 2913; x_wconf 90' lang='lat' dir='ltr'>et</span> <span class='ocrx_word' id='word_1_345' title='bbox 711 2890 792 2913; x_wconf 88' lang='lat' dir='ltr'>cum</span> <span class='ocrx_word' id='word_1_346' title='bbox 816 2875 989 2913; x_wconf 83' lang='lat' dir='ltr'>creaturis</span> <span class='ocrx_word' id='word_1_347' title='bbox 1006 2875 1103 2912; x_wconf 88' lang='lat' dir='ltr'>illius</span> <span class='ocrx_word' id='word_1_348' title='bbox 1122 2875 1288 2913; x_wconf 87' lang='lat' dir='ltr'>omnibus</span> 
     </span>
    </p>
   </div>
   <div class='ocr_carea' id='block_1_9' title="bbox 295 2936 1335 2988">
    <p class='ocr_par' dir='ltr' id='par_1_9' title="bbox 295 2936 1335 2988">
     <span class='ocr_line' id='line_1_47' title="bbox 295 2936 1335 2988; baseline -0.001 -14"><span class='ocrx_word' id='word_1_349' title='bbox 295 2937 437 2983; x_wconf 82' lang='lat' dir='ltr'>fruaris,</span> <span class='ocrx_word' id='word_1_350' title='bbox 467 2946 500 2975; x_wconf 88' lang='lat' dir='ltr'>et</span> <span class='ocrx_word' id='word_1_351' title='bbox 531 2946 669 2974; x_wconf 82' lang='lat' dir='ltr'>tantum</span> <span class='ocrx_word' id='word_1_352' title='bbox 685 2937 807 2974; x_wconf 87' lang='lat' dir='ltr'>orbem</span> <span class='ocrx_word' id='word_1_353' title='bbox 846 2936 1039 2986; x_wconf 84' lang='lat' dir='ltr'>inhabites,</span> <span class='ocrx_word' id='word_1_354' title='bbox 1065 2950 1108 2973; x_wconf 88' lang='lat' dir='ltr'>ne</span> <span class='ocrx_word' id='word_1_355' title='bbox 1135 2950 1285 2988; x_wconf 79' lang='lat' dir='ltr'>parvam</span> <span class='ocrx_word' id='word_1_356' title='bbox 1310 2956 1335 2986; x_wconf 73' lang='lat' dir='ltr'>E</span> 
     </span>
    </p>
   </div>
   <div class='ocr_carea' id='block_1_10' title="bbox 298 2996 1290 3228">
    <p class='ocr_par' dir='ltr' id='par_1_10' title="bbox 298 2996 1290 3228">
     <span class='ocr_line' id='line_1_48' title="bbox 298 2996 1286 3048; baseline 0.001 -14"><span class='ocrx_word' id='word_1_357' title='bbox 298 2997 442 3048; x_wconf 83' lang='lat' dir='ltr'>quidem</span> <span class='ocrx_word' id='word_1_358' title='bbox 470 2998 523 3035; x_wconf 89' lang='lat' dir='ltr'>illi</span> <span class='ocrx_word' id='word_1_359' title='bbox 545 2997 744 3035; x_wconf 84' lang='lat' dir='ltr'>mercedem</span> <span class='ocrx_word' id='word_1_360' title='bbox 775 2996 860 3034; x_wconf 79' lang='lat' dir='ltr'>dare</span> <span class='ocrx_word' id='word_1_361' title='bbox 880 2996 1044 3043; x_wconf 83' lang='lat' dir='ltr'>sustines,</span> <span class='ocrx_word' id='word_1_362' title='bbox 1065 2996 1126 3034; x_wconf 88' lang='lat' dir='ltr'>sed</span> <span class='ocrx_word' id='word_1_363' title='bbox 1159 2996 1204 3034; x_wconf 81' lang='lat' dir='ltr'>ad</span> <span class='ocrx_word' id='word_1_364' title='bbox 1225 3011 1286 3035; x_wconf 81' lang='lat' dir='ltr'>va-</span> 
     </span>
     <span class='ocr_line' id='line_1_49' title="bbox 300 3057 1288 3109; baseline 0 -14"><span class='ocrx_word' id='word_1_365' title='bbox 300 3073 380 3095; x_wconf 82' lang='lat' dir='ltr'>nam</span> <span class='ocrx_word' id='word_1_366' title='bbox 401 3058 549 3109; x_wconf 81' lang='lat' dir='ltr'>gloriam</span> <span class='ocrx_word' id='word_1_367' title='bbox 569 3067 600 3096; x_wconf 85' lang='lat' dir='ltr'>et</span> <span class='ocrx_word' id='word_1_368' title='bbox 616 3068 650 3096; x_wconf 77' lang='lat' dir='ltr'>te</span> <span class='ocrx_word' id='word_1_369' title='bbox 669 3067 702 3096; x_wconf 88' lang='lat' dir='ltr'>et</span> <span class='ocrx_word' id='word_1_370' title='bbox 722 3067 781 3095; x_wconf 82' lang='lat' dir='ltr'>tua</span> <span class='ocrx_word' id='word_1_371' title='bbox 801 3058 919 3095; x_wconf 87' lang='lat' dir='ltr'>omnia</span> <span class='ocrx_word' id='word_1_372' title='bbox 942 3057 1114 3109; x_wconf 84' lang='lat' dir='ltr'>expendis</span> <span class='ocrx_word' id='word_1_373' title='bbox 1135 3073 1143 3093; x_wconf 91' lang='lat'>:</span> <span class='ocrx_word' id='word_1_374' title='bbox 1164 3072 1209 3095; x_wconf 75' lang='lat' dir='ltr'>ex</span> <span class='ocrx_word' id='word_1_375' title='bbox 1225 3072 1288 3095; x_wconf 79' lang='lat' dir='ltr'>va-</span> 
     </span>
     <span class='ocr_line' id='line_1_50' title="bbox 300 3117 1289 3169; baseline -0.001 -14"><span class='ocrx_word' id='word_1_376' title='bbox 300 3133 342 3155; x_wconf 79' lang='lat' dir='ltr'>na</span> <span class='ocrx_word' id='word_1_377' title='bbox 367 3119 462 3155; x_wconf 89' lang='lat' dir='ltr'>enim</span> <span class='ocrx_word' id='word_1_378' title='bbox 475 3118 587 3169; x_wconf 82' lang='lat' dir='ltr'>gloria</span> <span class='ocrx_word' id='word_1_379' title='bbox 607 3118 726 3155; x_wconf 86' lang='lat' dir='ltr'>omnia</span> <span class='ocrx_word' id='word_1_380' title='bbox 738 3117 907 3169; x_wconf 82' lang='lat' dir='ltr'>pendent.</span> <span class='ocrx_word' id='word_1_381' title='bbox 925 3118 1048 3167; x_wconf 85' lang='lat' dir='ltr'>Neque</span> <span class='ocrx_word' id='word_1_382' title='bbox 1067 3117 1161 3154; x_wconf 85' lang='lat' dir='ltr'>enim</span> <span class='ocrx_word' id='word_1_383' title='bbox 1179 3131 1289 3168; x_wconf 88' lang='lat' dir='ltr'>equus</span> 
     </span>
     <span class='ocr_line' id='line_1_51' title="bbox 300 3178 1290 3228; baseline 0.001 -13"><span class='ocrx_word' id='word_1_384' title='bbox 300 3180 425 3217; x_wconf 82' lang='lat' dir='ltr'>melior</span> <span class='ocrx_word' id='word_1_385' title='bbox 445 3179 500 3218; x_wconf 76' lang='lat' dir='ltr'>vel</span> <span class='ocrx_word' id='word_1_386' title='bbox 527 3179 707 3217; x_wconf 84' lang='lat' dir='ltr'>robustior</span> <span class='ocrx_word' id='word_1_387' title='bbox 739 3188 790 3216; x_wconf 76' lang='lat' dir='ltr'>est</span> <span class='ocrx_word' id='word_1_388' title='bbox 816 3179 884 3216; x_wconf 88' lang='lat' dir='ltr'>hoc</span> <span class='ocrx_word' id='word_1_389' title='bbox 912 3178 1048 3216; x_wconf 81' lang='lat' dir='ltr'>cinctus</span> <span class='ocrx_word' id='word_1_390' title='bbox 1067 3187 1204 3228; x_wconf 78' lang='lat' dir='ltr'>ornam,</span> <span class='ocrx_word' id='word_1_391' title='bbox 1227 3192 1290 3216; x_wconf 86' lang='lat' dir='ltr'>nec</span> 
     </span>
    </p>
   </div>
   <div class='ocr_carea' id='block_1_11' title="bbox 300 3294 1312 3440">
    <p class='ocr_par' dir='ltr' id='par_1_11' title="bbox 300 3294 1312 3440">
     <span class='ocr_line' id='line_1_52' title="bbox 343 3294 1308 3342; baseline 0 -16"><span class='ocrx_word' id='word_1_392' title='bbox 343 3307 353 3319; x_wconf 57' lang='grc' dir='ltr'>τ·</span> <span class='ocrx_word' id='word_1_393' title='bbox 379 3297 457 3327; x_wconf 76' lang='lat' dir='ltr'>Mss.</span> <span class='ocrx_word' id='word_1_394' title='bbox 481 3296 616 3338; x_wconf 74' lang='lat' dir='ltr'>quidam</span> <span class='ocrx_word' id='word_1_395' title='bbox 642 3306 787 3342; x_wconf 65' lang='grc' dir='ltr'>περιορῶν</span> <span class='ocrx_word' id='word_1_396' title='bbox 812 3295 890 3340; x_wconf 80' lang='lat' dir='ltr'>[Sic</span> <span class='ocrx_word' id='word_1_397' title='bbox 913 3303 945 3327; x_wconf 84' lang='lat' dir='ltr'>et</span> <span class='ocrx_word' id='word_1_398' title='bbox 967 3297 1004 3327; x_wconf 81' lang='lat' dir='ltr'>A.</span> <span class='ocrx_word' id='word_1_399' title='bbox 1025 3303 1057 3327; x_wconf 76' lang='lat' dir='ltr'>et</span> <span class='ocrx_word' id='word_1_400' title='bbox 1083 3307 1186 3338; x_wconf 76' lang='lat' dir='ltr'>marg.</span> <span class='ocrx_word' id='word_1_401' title='bbox 1207 3294 1308 3329; x_wconf 70' lang='lat' dir='ltr'>Savil.</span> 
     </span>
     <span class='ocr_line' id='line_1_53' title="bbox 300 3347 1312 3389; baseline 0.006 -14"><span class='ocrx_word' id='word_1_402' title='bbox 300 3347 404 3377; x_wconf 70' lang='lat' dir='ltr'>Iidem</span> <span class='ocrx_word' id='word_1_403' title='bbox 421 3358 495 3378; x_wconf 80' lang='lat' dir='ltr'>mox</span> <span class='ocrx_word' id='word_1_404' title='bbox 514 3351 569 3381; x_wconf 39' lang='grc' dir='ltr'>ἕξειν</span> <span class='ocrx_word' id='word_1_405' title='bbox 588 3360 646 3389; x_wconf 77' lang='lat' dir='ltr'>pro</span> <span class='ocrx_word' id='word_1_406' title='bbox 665 3352 714 3381; x_wconf 70' lang='grc' dir='ltr'>δεῖ.</span> <span class='ocrx_word' id='word_1_407' title='bbox 737 3348 841 3389; x_wconf 84' lang='lat' dir='ltr'>Supra</span> <span class='ocrx_word' id='word_1_408' title='bbox 859 3349 895 3378; x_wconf 85' lang='lat' dir='ltr'>A.</span> <span class='ocrx_word' id='word_1_409' title='bbox 914 3351 1038 3386; x_wconf 66' lang='grc' dir='ltr'>σπουδήν</span> <span class='ocrx_word' id='word_1_410' title='bbox 1058 3348 1312 3389; x_wconf 40' lang='lat' dir='ltr'>{nasumque-209]</span> 
     </span>
     <span class='ocr_line' id='line_1_54' title="bbox 343 3397 794 3440; baseline 0.011 -13"><span class='ocrx_word' id='word_1_411' title='bbox 343 3400 358 3421; x_wconf 63' lang='lat'>¹1</span> <span class='ocrx_word' id='word_1_412' title='bbox 383 3398 392 3439; x_wconf 72' lang='lat'>[</span> <span class='ocrx_word' id='word_1_413' title='bbox 409 3397 510 3429; x_wconf 72' lang='lat' dir='ltr'>[idem</span> <span class='ocrx_word' id='word_1_414' title='bbox 531 3403 643 3440; x_wconf 60' lang='grc' dir='ltr'>α’.)ὀγων</span> <span class='ocrx_word' id='word_1_415' title='bbox 662 3405 699 3432; x_wconf 71' lang='grc' dir='ltr'>τα</span> <span class='ocrx_word' id='word_1_416' title='bbox 717 3406 794 3432; x_wconf 64' lang='grc' dir='ltr'>κατὰ.</span> 
     </span>
    </p>
   </div>
   <div class='ocr_carea' id='block_1_12' title="bbox 813 3399 1129 3439">
    <p class='ocr_par' dir='ltr' id='par_1_12' title="bbox 813 3399 1129 3439">
     <span class='ocr_line' id='line_1_55' title="bbox 813 3399 1129 3439; baseline -0.013 -6"><span class='ocrx_word' id='word_1_417' title='bbox 813 3406 864 3437; x_wconf 69' lang='grc' dir='ltr'>τὴν</span> <span class='ocrx_word' id='word_1_418' title='bbox 882 3405 972 3433; x_wconf 66' lang='grc' dir='ltr'>οἰκία-ι</span> <span class='ocrx_word' id='word_1_419' title='bbox 990 3399 1129 3439; x_wconf 69' lang='grc' dir='ltr'>ἑ’-.·ιττ).α.]</span> 
     </span>
    </p>
   </div>
   <div class='ocr_carea' id='block_1_13' title="bbox 1345 509 2386 3383">
    <p class='ocr_par' dir='ltr' id='par_1_13' title="bbox 1345 509 2386 3383">
     <span class='ocr_line' id='line_1_56' title="bbox 1345 509 2366 563; baseline -0.004 -13"><span class='ocrx_word' id='word_1_420' title='bbox 1345 511 1441 550; x_wconf 88' lang='grc' dir='ltr'>κείαν</span> <span class='ocrx_word' id='word_1_421' title='bbox 1465 528 1500 549; x_wconf 89' lang='grc' dir='ltr'>ευ</span> <span class='ocrx_word' id='word_1_422' title='bbox 1502 511 1635 563; x_wconf 85' lang='grc' dir='ltr'>γένειαν</span> <span class='ocrx_word' id='word_1_423' title='bbox 1657 511 1926 560; x_wconf 80' lang='grc' dir='ltr'>ἐπανέλθωμεν·</span> <span class='ocrx_word' id='word_1_424' title='bbox 1945 514 1991 553; x_wconf 84' lang='grc' dir='ltr'>ὡς</span> <span class='ocrx_word' id='word_1_425' title='bbox 2007 526 2062 548; x_wconf 90' lang='grc' dir='ltr'>νυν</span> <span class='ocrx_word' id='word_1_426' title='bbox 2083 526 2122 561; x_wconf 91' lang='grc' dir='ltr'>γε</span> <span class='ocrx_word' id='word_1_427' title='bbox 2145 526 2213 547; x_wconf 89' lang='grc' dir='ltr'>των</span> <span class='ocrx_word' id='word_1_428' title='bbox 2233 509 2366 560; x_wconf 82' lang='grc' dir='ltr'>ἀλόγων</span> 
     </span>
     <span class='ocr_line' id='line_1_57' title="bbox 1346 570 2368 622; baseline -0.004 -12"><span class='ocrx_word' id='word_1_429' title='bbox 1346 572 1440 610; x_wconf 77' lang='grc' dir='ltr'>οὐδὲν</span> <span class='ocrx_word' id='word_1_430' title='bbox 1457 573 1596 622; x_wconf 81' lang='grc' dir='ltr'>ἄμεινον</span> <span class='ocrx_word' id='word_1_431' title='bbox 1610 571 1832 622; x_wconf 82' lang='grc' dir='ltr'>διακείμεθα,</span> <span class='ocrx_word' id='word_1_432' title='bbox 1851 570 1941 608; x_wconf 76' lang='grc' dir='ltr'>ἀλλὰ</span> <span class='ocrx_word' id='word_1_433' title='bbox 1957 573 2076 622; x_wconf 82' lang='grc' dir='ltr'>πολλῶ</span> <span class='ocrx_word' id='word_1_434' title='bbox 2090 576 2217 622; x_wconf 79' lang='grc' dir='ltr'>χεῖρον.</span> <span class='ocrx_word' id='word_1_435' title='bbox 2227 570 2368 607; x_wconf 80' lang='grc' dir='ltr'>Ἐκεῖνα</span> 
     </span>
     <span class='ocr_line' id='line_1_58' title="bbox 1347 633 2369 686; baseline -0.006 -14"><span class='ocrx_word' id='word_1_436' title='bbox 1347 634 1410 685; x_wconf 74' lang='grc' dir='ltr'>μὲν</span> <span class='ocrx_word' id='word_1_437' title='bbox 1429 635 1496 686; x_wconf 78' lang='grc' dir='ltr'>γὰρ</span> <span class='ocrx_word' id='word_1_438' title='bbox 1518 637 1640 686; x_wconf 77' lang='grc' dir='ltr'>ἀγοιπᾶΙ</span> <span class='ocrx_word' id='word_1_439' title='bbox 1655 633 1699 671; x_wconf 81' lang='grc' dir='ltr'>τὰ</span> <span class='ocrx_word' id='word_1_440' title='bbox 1730 635 1896 683; x_wconf 72' lang='grc' dir='ltr'>συγγενῆ,</span> <span class='ocrx_word' id='word_1_441' title='bbox 1916 633 1975 669; x_wconf 86' lang='grc' dir='ltr'>καὶ</span> <span class='ocrx_word' id='word_1_442' title='bbox 1996 635 2153 682; x_wconf 82' lang='grc' dir='ltr'>ἀρκεῖται</span> <span class='ocrx_word' id='word_1_443' title='bbox 2172 634 2215 681; x_wconf 72' lang='grc' dir='ltr'>τῇ</span> <span class='ocrx_word' id='word_1_444' title='bbox 2244 645 2369 668; x_wconf 84' lang='grc' dir='ltr'>κοινω-</span> 
     </span>
     <span class='ocr_line' id='line_1_59' title="bbox 1346 690 2367 747; baseline -0.006 -14"><span class='ocrx_word' id='word_1_445' title='bbox 1346 696 1401 747; x_wconf 82' lang='grc' dir='ltr'>νίᾳ</span> <span class='ocrx_word' id='word_1_446' title='bbox 1420 698 1482 741; x_wconf 78' lang='grc' dir='ltr'>τῆς</span> <span class='ocrx_word' id='word_1_447' title='bbox 1496 695 1629 747; x_wconf 77' lang='grc' dir='ltr'>φύσεως</span> <span class='ocrx_word' id='word_1_448' title='bbox 1649 697 1695 737; x_wconf 85' lang='grc' dir='ltr'>εἷς</span> <span class='ocrx_word' id='word_1_449' title='bbox 1712 693 1774 740; x_wconf 79' lang='grc' dir='ltr'>τὴν</span> <span class='ocrx_word' id='word_1_450' title='bbox 1795 694 1879 745; x_wconf 82' lang='grc' dir='ltr'>πρὸς</span> <span class='ocrx_word' id='word_1_451' title='bbox 1894 694 2030 740; x_wconf 79' lang='grc' dir='ltr'>ἄλληλα</span> <span class='ocrx_word' id='word_1_452' title='bbox 2046 691 2289 744; x_wconf 79' lang='grc' dir='ltr'>φιλοστοργίαν</span> <span class='ocrx_word' id='word_1_453' title='bbox 2304 707 2310 714; x_wconf 89' lang='grc'>’</span> <span class='ocrx_word' id='word_1_454' title='bbox 2327 690 2367 728; x_wconf 79' lang='grc' dir='ltr'>σὺ</span> 
     </span>
     <span class='ocr_line' id='line_1_60' title="bbox 1347 751 2369 806; baseline -0.006 -12"><span class='ocrx_word' id='word_1_455' title='bbox 1347 755 1382 794; x_wconf 76' lang='grc' dir='ltr'>δὲ</span> <span class='ocrx_word' id='word_1_456' title='bbox 1403 755 1491 806; x_wconf 75' lang='grc' dir='ltr'>μετὰ</span> <span class='ocrx_word' id='word_1_457' title='bbox 1511 758 1572 801; x_wconf 75' lang='grc' dir='ltr'>τῆς</span> <span class='ocrx_word' id='word_1_458' title='bbox 1593 754 1726 806; x_wconf 75' lang='grc' dir='ltr'>φύσεως</span> <span class='ocrx_word' id='word_1_459' title='bbox 1748 753 1873 805; x_wconf 89' lang='grc' dir='ltr'>μυρίας</span> <span class='ocrx_word' id='word_1_460' title='bbox 1891 753 1980 805; x_wconf 75' lang='grc' dir='ltr'>ἔχων</span> <span class='ocrx_word' id='word_1_461' title='bbox 2001 752 2178 794; x_wconf 69' lang='grc' dir='ltr'>ὑποθέσεις</span> <span class='ocrx_word' id='word_1_462' title='bbox 2199 751 2369 801; x_wconf 76' lang='grc' dir='ltr'>συναγού-</span> 
     </span>
     <span class='ocr_line' id='line_1_61' title="bbox 1348 813 2370 867; baseline -0.005 -12"><span class='ocrx_word' id='word_1_463' title='bbox 1348 833 1409 860; x_wconf 88' lang='grc' dir='ltr'>σας</span> <span class='ocrx_word' id='word_1_464' title='bbox 1428 833 1466 855; x_wconf 89' lang='grc' dir='ltr'>σε</span> <span class='ocrx_word' id='word_1_465' title='bbox 1483 817 1542 854; x_wconf 78' lang='grc' dir='ltr'>καὶ</span> <span class='ocrx_word' id='word_1_466' title='bbox 1563 815 1772 867; x_wconf 72' lang='grc' dir='ltr'>σφιγγοόσας</span> <span class='ocrx_word' id='word_1_467' title='bbox 1803 815 1888 865; x_wconf 80' lang='grc' dir='ltr'>πρὸς</span> <span class='ocrx_word' id='word_1_468' title='bbox 1920 814 1964 851; x_wconf 83' lang='grc' dir='ltr'>τὰ</span> <span class='ocrx_word' id='word_1_469' title='bbox 1993 816 2102 851; x_wconf 89' lang='grc' dir='ltr'>οἷκεῖα</span> <span class='ocrx_word' id='word_1_470' title='bbox 2124 813 2212 862; x_wconf 80' lang='grc' dir='ltr'>με’λη</span> <span class='ocrx_word' id='word_1_471' title='bbox 2230 843 2239 860; x_wconf 89' lang='grc'>,</span> <span class='ocrx_word' id='word_1_472' title='bbox 2260 813 2299 851; x_wconf 82' lang='grc' dir='ltr'>τὸ</span> <span class='ocrx_word' id='word_1_473' title='bbox 2315 828 2370 850; x_wconf 86' lang='grc' dir='ltr'>τε-</span> 
     </span>
     <span class='ocr_line' id='line_1_62' title="bbox 1346 874 2368 928; baseline -0.005 -13"><span class='ocrx_word' id='word_1_474' title='bbox 1346 881 1514 927; x_wconf 55' lang='grc' dir='ltr'>τιμῆσθαι</span> <span class='ocrx_word' id='word_1_475' title='bbox 1533 876 1644 928; x_wconf 86' lang='grc' dir='ltr'>λόγῳ,</span> <span class='ocrx_word' id='word_1_476' title='bbox 1658 877 1697 913; x_wconf 75' lang='grc' dir='ltr'>τὸ</span> <span class='ocrx_word' id='word_1_477' title='bbox 1717 876 1876 927; x_wconf 78' lang='grc' dir='ltr'>μετέχειν</span> <span class='ocrx_word' id='word_1_478' title='bbox 1891 874 2065 917; x_wconf 57' lang='lat' dir='ltr'>abnegata&lt;</span> <span class='ocrx_word' id='word_1_479' title='bbox 2076 903 2086 922; x_wconf 94' lang='lat'>,</span> <span class='ocrx_word' id='word_1_480' title='bbox 2106 875 2145 912; x_wconf 80' lang='grc' dir='ltr'>τὸ</span> <span class='ocrx_word' id='word_1_481' title='bbox 2159 875 2368 918; x_wconf 60' lang='grc' dir='ltr'>κοινωνῆσαι</span> 
     </span>
     <span class='ocr_line' id='line_1_63' title="bbox 1351 933 2369 991; baseline -0.006 -15"><span class='ocrx_word' id='word_1_482' title='bbox 1351 939 1482 991; x_wconf 82' lang='grc' dir='ltr'>μυρίων</span> <span class='ocrx_word' id='word_1_483' title='bbox 1502 940 1653 988; x_wconf 81' lang='grc' dir='ltr'>ἀγαθῶν,</span> <span class='ocrx_word' id='word_1_484' title='bbox 1674 936 1812 974; x_wconf 76' lang='grc' dir='ltr'>ἐκείνων</span> <span class='ocrx_word' id='word_1_485' title='bbox 1831 935 2040 987; x_wconf 74' lang='grc' dir='ltr'>ἀγριώτερος</span> <span class='ocrx_word' id='word_1_486' title='bbox 2054 935 2197 986; x_wconf 81' lang='grc' dir='ltr'>γέγονας</span> <span class='ocrx_word' id='word_1_487' title='bbox 2210 964 2219 981; x_wconf 87' lang='grc'>,</span> <span class='ocrx_word' id='word_1_488' title='bbox 2239 935 2287 976; x_wconf 86' lang='grc' dir='ltr'>εἷς</span> <span class='ocrx_word' id='word_1_489' title='bbox 2309 933 2369 983; x_wconf 82' lang='grc' dir='ltr'>μὲν</span> 
     </span>
     <span class='ocr_line' id='line_1_64' title="bbox 1349 993 2371 1044; baseline -0.005 -8"><span class='ocrx_word' id='word_1_490' title='bbox 1349 999 1393 1037; x_wconf 76' lang='grc' dir='ltr'>τὰ</span> <span class='ocrx_word' id='word_1_491' title='bbox 1420 998 1568 1044; x_wconf 81' lang='grc' dir='ltr'>ἀνόνητα</span> <span class='ocrx_word' id='word_1_492' title='bbox 1596 996 1728 1042; x_wconf 85' lang='grc' dir='ltr'>πολλὴν</span> <span class='ocrx_word' id='word_1_493' title='bbox 1751 996 1812 1043; x_wconf 77' lang='grc' dir='ltr'>τὴν</span> <span class='ocrx_word' id='word_1_494' title='bbox 1831 996 1983 1041; x_wconf 75' lang='grc' dir='ltr'>σπουδὴν</span> <span class='ocrx_word' id='word_1_495' title='bbox 2001 994 2275 1044; x_wconf 70' lang='grc' dir='ltr'>ἐνδεικνύμενος,</span> <span class='ocrx_word' id='word_1_496' title='bbox 2294 993 2371 1036; x_wconf 76' lang='grc' dir='ltr'>τοὺς</span> 
     </span>
     <span class='ocr_line' id='line_1_65' title="bbox 1349 1055 2371 1108; baseline -0.006 -11"><span class='ocrx_word' id='word_1_497' title='bbox 1349 1059 1385 1097; x_wconf 74' lang='grc' dir='ltr'>δὲ</span> <span class='ocrx_word' id='word_1_498' title='bbox 1407 1058 1507 1102; x_wconf 76' lang='grc' dir='ltr'>ναοὺς</span> <span class='ocrx_word' id='word_1_499' title='bbox 1519 1061 1578 1096; x_wconf 76' lang='grc' dir='ltr'>τοῦ</span> <span class='ocrx_word' id='word_1_500' title='bbox 1595 1060 1686 1097; x_wconf 76' lang='grc' dir='ltr'>Θεοῦ</span> <span class='ocrx_word' id='word_1_501' title='bbox 1710 1057 1768 1094; x_wconf 84' lang='grc' dir='ltr'>καὶ</span> <span class='ocrx_word' id='word_1_502' title='bbox 1785 1059 1879 1108; x_wconf 81' lang='grc' dir='ltr'>λιμῷ</span> <span class='ocrx_word' id='word_1_503' title='bbox 1901 1056 1959 1094; x_wconf 84' lang='grc' dir='ltr'>καὶ</span> <span class='ocrx_word' id='word_1_504' title='bbox 1975 1055 2166 1108; x_wconf 79' lang='grc' dir='ltr'>γυμνότητι</span> <span class='ocrx_word' id='word_1_505' title='bbox 2182 1060 2195 1075; x_wconf 72' lang='lat'><strong>³</strong></span> <span class='ocrx_word' id='word_1_506' title='bbox 2208 1057 2371 1107; x_wconf 80' lang='grc' dir='ltr'>παρορῶν</span> 
     </span>
     <span class='ocr_line' id='line_1_66' title="bbox 1350 1115 2370 1169; baseline -0.005 -13"><span class='ocrx_word' id='word_1_507' title='bbox 1350 1118 1629 1169; x_wconf 79' lang='grc' dir='ltr'>ἀπολλυμένους,</span> <span class='ocrx_word' id='word_1_508' title='bbox 1659 1117 1828 1159; x_wconf 81' lang='grc' dir='ltr'>πολλάκις</span> <span class='ocrx_word' id='word_1_509' title='bbox 1849 1116 1884 1154; x_wconf 77' lang='grc' dir='ltr'>δὲ</span> <span class='ocrx_word' id='word_1_510' title='bbox 1904 1117 1963 1154; x_wconf 83' lang='grc' dir='ltr'>καὶ</span> <span class='ocrx_word' id='word_1_511' title='bbox 1994 1116 2126 1168; x_wconf 81' lang='grc' dir='ltr'>μυρίοις</span> <span class='ocrx_word' id='word_1_512' title='bbox 2148 1115 2370 1166; x_wconf 63' lang='grc' dir='ltr'>περιὸοίλλων</span> 
     </span>
     <span class='ocr_line' id='line_1_67' title="bbox 1349 1177 2372 1230; baseline -0.005 -12"><span class='ocrx_word' id='word_1_513' title='bbox 1349 1185 1480 1222; x_wconf 87' lang='grc' dir='ltr'>κακοῖς.</span> <span class='ocrx_word' id='word_1_514' title='bbox 1502 1181 1546 1217; x_wconf 81' lang='grc' dir='ltr'>Εἰ</span> <span class='ocrx_word' id='word_1_515' title='bbox 1565 1178 1632 1230; x_wconf 77' lang='grc' dir='ltr'>γὰρ</span> <span class='ocrx_word' id='word_1_516' title='bbox 1648 1177 1745 1224; x_wconf 75' lang='grc' dir='ltr'>δόξης</span> <span class='ocrx_word' id='word_1_517' title='bbox 1766 1180 1851 1230; x_wconf 79' lang='grc' dir='ltr'>ἐρῶν</span> <span class='ocrx_word' id='word_1_518' title='bbox 1868 1181 1977 1215; x_wconf 71' lang='grc' dir='ltr'>ταῦτα</span> <span class='ocrx_word' id='word_1_519' title='bbox 1995 1183 2104 1220; x_wconf 87' lang='grc' dir='ltr'>ποιεῖς</span> <span class='ocrx_word' id='word_1_520' title='bbox 2116 1207 2125 1223; x_wconf 92' lang='grc'>,</span> <span class='ocrx_word' id='word_1_521' title='bbox 2144 1178 2262 1226; x_wconf 73' lang='grc' dir='ltr'>πολλῷ</span> <span class='ocrx_word' id='word_1_522' title='bbox 2283 1177 2372 1225; x_wconf 80' lang='grc' dir='ltr'>μᾶλ-</span> 
     </span>
     <span class='ocr_line' id='line_1_68' title="bbox 1349 1234 2372 1290; baseline -0.007 -12"><span class='ocrx_word' id='word_1_523' title='bbox 1349 1243 1406 1278; x_wconf 87' lang='grc' dir='ltr'>λον</span> <span class='ocrx_word' id='word_1_524' title='bbox 1428 1241 1483 1278; x_wconf 76' lang='grc' dir='ltr'>τὸν</span> <span class='ocrx_word' id='word_1_525' title='bbox 1514 1238 1659 1290; x_wconf 68' lang='grc' dir='ltr'>ἀδελφὸν</span> <span class='ocrx_word' id='word_1_526' title='bbox 1679 1242 1739 1276; x_wconf 74' lang='grc' dir='ltr'>τοῦ</span> <span class='ocrx_word' id='word_1_527' title='bbox 1755 1237 1862 1275; x_wconf 77' lang='grc' dir='ltr'>ἵππου</span> <span class='ocrx_word' id='word_1_528' title='bbox 1887 1237 2085 1290; x_wconf 76' lang='grc' dir='ltr'>θεραπεύειν</span> <span class='ocrx_word' id='word_1_529' title='bbox 2104 1237 2164 1273; x_wconf 78' lang='grc' dir='ltr'>δεῖ.</span> <span class='ocrx_word' id='word_1_530' title='bbox 2184 1234 2286 1287; x_wconf 65' lang='grc' dir='ltr'>ςΌσῳ</span> <span class='ocrx_word' id='word_1_531' title='bbox 2305 1234 2372 1287; x_wconf 82' lang='grc' dir='ltr'>γὰρ</span> 
     </span>
     <span class='ocr_line' id='line_1_69' title="bbox 1352 1296 2373 1351; baseline -0.006 -13"><span class='ocrx_word' id='word_1_532' title='bbox 1352 1302 1495 1351; x_wconf 80' lang='grc' dir='ltr'>βελτίων</span> <span class='ocrx_word' id='word_1_533' title='bbox 1524 1304 1541 1338; x_wconf 85' lang='grc' dir='ltr'><strong><em>ὃ</em></strong></span> <span class='ocrx_word' id='word_1_534' title='bbox 1574 1303 1635 1345; x_wconf 78' lang='grc' dir='ltr'>τῆς</span> <span class='ocrx_word' id='word_1_535' title='bbox 1669 1298 1865 1349; x_wconf 77' lang='grc' dir='ltr'>εὐεργεσίας</span> <span class='ocrx_word' id='word_1_536' title='bbox 1894 1297 2093 1344; x_wconf 79' lang='grc' dir='ltr'>ἀπολαύων,</span> <span class='ocrx_word' id='word_1_537' title='bbox 2124 1296 2278 1346; x_wconf 80' lang='grc' dir='ltr'>τοσούτῳ</span> <span class='ocrx_word' id='word_1_538' title='bbox 2314 1296 2373 1332; x_wconf 83' lang='grc' dir='ltr'>καὶ</span> 
     </span>
     <span class='ocr_line' id='line_1_70' title="bbox 1349 1357 2373 1413; baseline -0.006 -14"><span class='ocrx_word' id='word_1_539' title='bbox 1349 1359 1589 1412; x_wconf 85' lang='grc' dir='ltr'>λαμπρότερός</span> <span class='ocrx_word' id='word_1_540' title='bbox 1621 1375 1675 1397; x_wconf 89' lang='grc' dir='ltr'>σοι</span> <span class='ocrx_word' id='word_1_541' title='bbox 1710 1358 1878 1395; x_wconf 82' lang='grc' dir='ltr'>πλέκεται</span> <span class='ocrx_word' id='word_1_542' title='bbox 1896 1360 1958 1413; x_wconf 64' lang='grc' dir='ltr'>τῆς</span> <span class='ocrx_word' id='word_1_543' title='bbox 1984 1357 2144 1403; x_wconf 79' lang='grc' dir='ltr'>τοιαύτης</span> <span class='ocrx_word' id='word_1_544' title='bbox 2179 1357 2330 1402; x_wconf 67' lang='grc' dir='ltr'>σπουδῆς</span> <span class='ocrx_word' id='word_1_545' title='bbox 2356 1360 2373 1393; x_wconf 81' lang='grc' dir='ltr'>ὁ</span> 
     </span>
     <span class='ocr_line' id='line_1_71' title="bbox 1352 1416 2374 1471; baseline -0.005 -13"><span class='ocrx_word' id='word_1_546' title='bbox 1352 1421 1516 1471; x_wconf 68' lang='grc' dir='ltr'>στέφανος</span> <span class='ocrx_word' id='word_1_547' title='bbox 1534 1435 1541 1442; x_wconf 73' lang='grc'><em>’</em></span> <span class='ocrx_word' id='word_1_548' title='bbox 1563 1422 1609 1461; x_wconf 84' lang='grc' dir='ltr'>ὥς</span> <span class='ocrx_word' id='word_1_549' title='bbox 1638 1423 1694 1456; x_wconf 76' lang='grc' dir='ltr'>νῦν</span> <span class='ocrx_word' id='word_1_550' title='bbox 1713 1433 1753 1468; x_wconf 86' lang='grc' dir='ltr'>γε</span> <span class='ocrx_word' id='word_1_551' title='bbox 1780 1423 1850 1459; x_wconf 85' lang='grc' dir='ltr'>τοῖς</span> <span class='ocrx_word' id='word_1_552' title='bbox 1878 1416 2042 1459; x_wconf 83' lang='grc' dir='ltr'>ἐναντίοις</span> <span class='ocrx_word' id='word_1_553' title='bbox 2063 1416 2296 1468; x_wconf 84' lang='grc' dir='ltr'>περιπίπτων,</span> <span class='ocrx_word' id='word_1_554' title='bbox 2316 1416 2374 1453; x_wconf 78' lang='grc' dir='ltr'>καὶ</span> 
     </span>
     <span class='ocr_line' id='line_1_72' title="bbox 1351 1477 2374 1532; baseline -0.003 -14"><span class='ocrx_word' id='word_1_555' title='bbox 1351 1481 1493 1532; x_wconf 87' lang='grc' dir='ltr'>μυρίους</span> <span class='ocrx_word' id='word_1_556' title='bbox 1522 1479 1763 1529; x_wconf 82' lang='grc' dir='ltr'>ἐπισπώμενος</span> <span class='ocrx_word' id='word_1_557' title='bbox 1785 1478 1875 1516; x_wconf 77' lang='grc' dir='ltr'>κατὰ</span> <span class='ocrx_word' id='word_1_558' title='bbox 1897 1483 2040 1516; x_wconf 73' lang='grc' dir='ltr'>σεαυτοῦ</span> <span class='ocrx_word' id='word_1_559' title='bbox 2065 1477 2298 1528; x_wconf 82' lang='grc' dir='ltr'>κατηγόρους,</span> <span class='ocrx_word' id='word_1_560' title='bbox 2314 1479 2374 1515; x_wconf 80' lang='grc' dir='ltr'>οὐκ</span> 
     </span>
     <span class='ocr_line' id='line_1_73' title="bbox 1351 1537 2374 1591; baseline -0.003 -13"><span class='ocrx_word' id='word_1_561' title='bbox 1351 1541 1511 1591; x_wconf 81' lang='grc' dir='ltr'>αἰσθάνῃ.</span> <span class='ocrx_word' id='word_1_562' title='bbox 1532 1540 1596 1582; x_wconf 87' lang='grc' dir='ltr'>Τίς</span> <span class='ocrx_word' id='word_1_563' title='bbox 1618 1539 1685 1591; x_wconf 87' lang='grc' dir='ltr'>γάρ</span> <span class='ocrx_word' id='word_1_564' title='bbox 1711 1555 1749 1576; x_wconf 90' lang='grc' dir='ltr'>σε</span> <span class='ocrx_word' id='word_1_565' title='bbox 1778 1540 1841 1577; x_wconf 76' lang='grc' dir='ltr'>οὒκ</span> <span class='ocrx_word' id='word_1_566' title='bbox 1863 1541 1932 1590; x_wconf 77' lang='grc' dir='ltr'>ἐρεῖ</span> <span class='ocrx_word' id='word_1_567' title='bbox 1948 1541 2084 1584; x_wconf 50' lang='grc' dir='ltr'>κακῶς</span> <span class='ocrx_word' id='word_1_568' title='bbox 2105 1538 2156 1580; x_wconf 89' lang='grc' dir='ltr'>τίς</span> <span class='ocrx_word' id='word_1_569' title='bbox 2175 1537 2240 1589; x_wconf 86' lang='grc' dir='ltr'>γάρ</span> <span class='ocrx_word' id='word_1_570' title='bbox 2275 1554 2313 1576; x_wconf 92' lang='grc' dir='ltr'>σε</span> <span class='ocrx_word' id='word_1_571' title='bbox 2337 1540 2374 1575; x_wconf 82' lang='grc' dir='ltr'>οὔ</span> 
     </span>
     <span class='ocr_line' id='line_1_74' title="bbox 1350 1598 2375 1652; baseline -0.003 -14"><span class='ocrx_word' id='word_1_572' title='bbox 1350 1601 1524 1652; x_wconf 71' lang='grc' dir='ltr'>γράψεται</span> <span class='ocrx_word' id='word_1_573' title='bbox 1543 1603 1604 1646; x_wconf 69' lang='grc' dir='ltr'>τ-ἧς</span> <span class='ocrx_word' id='word_1_574' title='bbox 1627 1599 1778 1651; x_wconf 70' lang='grc' dir='ltr'>ἐσχάτης</span> <span class='ocrx_word' id='word_1_575' title='bbox 1803 1599 1982 1649; x_wconf 73' lang='grc' dir='ltr'>ὠμότητος</span> <span class='ocrx_word' id='word_1_576' title='bbox 2011 1599 2070 1636; x_wconf 78' lang='grc' dir='ltr'>καὶ</span> <span class='ocrx_word' id='word_1_577' title='bbox 2091 1598 2352 1650; x_wconf 72' lang='grc' dir='ltr'>μισανθρωπίας</span> <span class='ocrx_word' id='word_1_578' title='bbox 2366 1629 2375 1645; x_wconf 93' lang='grc'>,</span> 
     </span>
     <span class='ocr_line' id='line_1_75' title="bbox 1352 1658 2377 1713; baseline -0.003 -14"><span class='ocrx_word' id='word_1_579' title='bbox 1352 1664 1438 1713; x_wconf 73' lang='grc' dir='ltr'>ὁρῶν</span> <span class='ocrx_word' id='word_1_580' title='bbox 1461 1660 1500 1698; x_wconf 78' lang='grc' dir='ltr'>τὸ</span> <span class='ocrx_word' id='word_1_581' title='bbox 1521 1659 1582 1711; x_wconf 74' lang='grc' dir='ltr'>μὲν</span> <span class='ocrx_word' id='word_1_582' title='bbox 1612 1663 1680 1697; x_wconf 81' lang='grc' dir='ltr'>τῶν</span> <span class='ocrx_word' id='word_1_583' title='bbox 1702 1659 1892 1712; x_wconf 78' lang='grc' dir='ltr'>ἀνθρώπων</span> <span class='ocrx_word' id='word_1_584' title='bbox 1911 1659 2125 1710; x_wconf 81' lang='grc' dir='ltr'>ἀτιμάζοντα</span> <span class='ocrx_word' id='word_1_585' title='bbox 2141 1658 2238 1711; x_wconf 84' lang='grc' dir='ltr'>γένος</span> <span class='ocrx_word' id='word_1_586' title='bbox 2251 1689 2261 1705; x_wconf 95' lang='grc'>,</span> <span class='ocrx_word' id='word_1_587' title='bbox 2279 1658 2320 1696; x_wconf 76' lang='grc' dir='ltr'>τὸ</span> <span class='ocrx_word' id='word_1_588' title='bbox 2341 1658 2377 1696; x_wconf 82' lang='grc' dir='ltr'>δὲ</span> 
     </span>
     <span class='ocr_line' id='line_1_76' title="bbox 1352 1718 2376 1772; baseline -0.003 -13"><span class='ocrx_word' id='word_1_589' title='bbox 1352 1724 1418 1759; x_wconf 77' lang='grc' dir='ltr'>τῶν</span> <span class='ocrx_word' id='word_1_590' title='bbox 1441 1721 1575 1772; x_wconf 84' lang='grc' dir='ltr'>ἀλόγων</span> <span class='ocrx_word' id='word_1_591' title='bbox 1595 1721 1662 1771; x_wconf 81' lang='grc' dir='ltr'>πρὸ</span> <span class='ocrx_word' id='word_1_592' title='bbox 1675 1723 1744 1758; x_wconf 80' lang='grc' dir='ltr'>τῶν</span> <span class='ocrx_word' id='word_1_593' title='bbox 1764 1719 1956 1770; x_wconf 81' lang='grc' dir='ltr'>ἀνθρώπων</span> <span class='ocrx_word' id='word_1_594' title='bbox 1975 1719 2189 1770; x_wconf 82' lang='grc' dir='ltr'>ποιούμενον,</span> <span class='ocrx_word' id='word_1_595' title='bbox 2208 1719 2266 1757; x_wconf 79' lang='grc' dir='ltr'>καὶ</span> <span class='ocrx_word' id='word_1_596' title='bbox 2287 1718 2376 1769; x_wconf 82' lang='grc' dir='ltr'>μετὰ</span> 
     </span>
     <span class='ocr_line' id='line_1_77' title="bbox 1352 1780 2376 1832; baseline -0.004 -12"><span class='ocrx_word' id='word_1_597' title='bbox 1352 1785 1419 1820; x_wconf 81' lang='grc' dir='ltr'>τῶν</span> <span class='ocrx_word' id='word_1_598' title='bbox 1442 1781 1599 1832; x_wconf 71' lang='grc' dir='ltr'>ι’ἀλόγων</span> <span class='ocrx_word' id='word_1_599' title='bbox 1615 1781 1678 1828; x_wconf 74' lang='grc' dir='ltr'>τὴν</span> <span class='ocrx_word' id='word_1_600' title='bbox 1697 1781 1808 1819; x_wconf 86' lang='grc' dir='ltr'>οἰκίαν</span> <span class='ocrx_word' id='word_1_601' title='bbox 1829 1781 1888 1818; x_wconf 84' lang='grc' dir='ltr'>καὶ</span> <span class='ocrx_word' id='word_1_602' title='bbox 1903 1780 1947 1817; x_wconf 79' lang='grc' dir='ltr'>τὰ</span> <span class='ocrx_word' id='word_1_603' title='bbox 1961 1780 2093 1818; x_wconf 82' lang='grc' dir='ltr'>ἔπιπλα</span> <span class='ocrx_word' id='word_1_604' title='bbox 2106 1795 2115 1826; x_wconf 84' lang='grc'><strong>;</strong></span> <span class='ocrx_word' id='word_1_605' title='bbox 2133 1782 2209 1817; x_wconf 79' lang='grc' dir='ltr'>Οὐκ</span> <span class='ocrx_word' id='word_1_606' title='bbox 2224 1780 2376 1826; x_wconf 85' lang='grc' dir='ltr'>ἤκουσας</span> 
     </span>
     <span class='ocr_line' id='line_1_78' title="bbox 1352 1840 2374 1893; baseline -0.003 -13"><span class='ocrx_word' id='word_1_607' title='bbox 1352 1847 1421 1881; x_wconf 82' lang='grc' dir='ltr'>τῶν</span> <span class='ocrx_word' id='word_1_608' title='bbox 1447 1843 1650 1882; x_wconf 86' lang='grc' dir='ltr'>ἀποστόλων</span> <span class='ocrx_word' id='word_1_609' title='bbox 1669 1842 1853 1893; x_wconf 82' lang='grc' dir='ltr'>λεγόντων,</span> <span class='ocrx_word' id='word_1_610' title='bbox 1874 1841 1928 1880; x_wconf 78' lang='grc' dir='ltr'>ὅτι</span> <span class='ocrx_word' id='word_1_611' title='bbox 1960 1844 1990 1879; x_wconf 83' lang='grc' dir='ltr'>οἱ</span> <span class='ocrx_word' id='word_1_612' title='bbox 2023 1843 2156 1892; x_wconf 82' lang='grc' dir='ltr'>πρῶτοι</span> <span class='ocrx_word' id='word_1_613' title='bbox 2185 1840 2242 1878; x_wconf 77' lang='grc' dir='ltr'>τὸν</span> <span class='ocrx_word' id='word_1_614' title='bbox 2274 1840 2374 1890; x_wconf 87' lang='grc' dir='ltr'>λόγον</span> 
     </span>
     <span class='ocr_line' id='line_1_79' title="bbox 1354 1900 2377 1954; baseline -0.004 -12"><span class='ocrx_word' id='word_1_615' title='bbox 1354 1904 1533 1954; x_wconf 80' lang='grc' dir='ltr'>δεξάμενοι</span> <span class='ocrx_word' id='word_1_616' title='bbox 1566 1903 1625 1941; x_wconf 78' lang='grc' dir='ltr'>καὶ</span> <span class='ocrx_word' id='word_1_617' title='bbox 1655 1903 1765 1946; x_wconf 85' lang='grc' dir='ltr'>οἰκίας</span> <span class='ocrx_word' id='word_1_618' title='bbox 1794 1902 1854 1941; x_wconf 75' lang='grc' dir='ltr'>καὶ</span> <span class='ocrx_word' id='word_1_619' title='bbox 1879 1902 1994 1954; x_wconf 76' lang='grc' dir='ltr'>χωρία</span> <span class='ocrx_word' id='word_1_620' title='bbox 2013 1900 2181 1948; x_wconf 81' lang='grc' dir='ltr'>ἐπώλουν,</span> <span class='ocrx_word' id='word_1_621' title='bbox 2214 1901 2272 1939; x_wconf 77' lang='grc' dir='ltr'>ἵνα</span> <span class='ocrx_word' id='word_1_622' title='bbox 2299 1900 2377 1943; x_wconf 79' lang='grc' dir='ltr'>τοὺς</span> 
     </span>
     <span class='ocr_line' id='line_1_80' title="bbox 1355 1961 2377 2018; baseline -0.003 -16"><span class='ocrx_word' id='word_1_623' title='bbox 1355 1965 1521 2016; x_wconf 63' lang='grc' dir='ltr'>ἀδελφοὺς</span> <span class='ocrx_word' id='word_1_624' title='bbox 1536 1965 1689 2018; x_wconf 64' lang='grc' dir='ltr'>τρέφωσι</span> <span class='ocrx_word' id='word_1_625' title='bbox 1705 1980 1714 2011; x_wconf 82' lang='lat'><em>3</em></span> <span class='ocrx_word' id='word_1_626' title='bbox 1734 1963 1784 2002; x_wconf 78' lang='grc' dir='ltr'>Σὺ</span> <span class='ocrx_word' id='word_1_627' title='bbox 1801 1963 1836 2002; x_wconf 77' lang='grc' dir='ltr'>δὲ</span> <span class='ocrx_word' id='word_1_628' title='bbox 1854 1963 1912 2001; x_wconf 83' lang='grc' dir='ltr'>καὶ</span> <span class='ocrx_word' id='word_1_629' title='bbox 1929 1962 2039 2005; x_wconf 77' lang='grc' dir='ltr'>οἰκίας</span> <span class='ocrx_word' id='word_1_630' title='bbox 2054 1961 2113 2000; x_wconf 78' lang='grc' dir='ltr'>καὶ</span> <span class='ocrx_word' id='word_1_631' title='bbox 2131 1961 2245 2013; x_wconf 79' lang='grc' dir='ltr'>χωρία</span> <span class='ocrx_word' id='word_1_632' title='bbox 2264 1961 2377 2012; x_wconf 84' lang='grc' dir='ltr'>ἁρπά-</span> 
     </span>
     <span class='ocr_line' id='line_1_81' title="bbox 1355 2022 2377 2076; baseline -0.005 -12"><span class='ocrx_word' id='word_1_633' title='bbox 1355 2028 1439 2073; x_wconf 81' lang='grc' dir='ltr'>ζεις,</span> <span class='ocrx_word' id='word_1_634' title='bbox 1460 2025 1515 2063; x_wconf 81' lang='grc' dir='ltr'>ἵνα</span> <span class='ocrx_word' id='word_1_635' title='bbox 1534 2025 1639 2064; x_wconf 76' lang='grc' dir='ltr'>ἵππον</span> <span class='ocrx_word' id='word_1_636' title='bbox 1659 2025 1841 2076; x_wconf 71' lang='grc' dir='ltr'>κοσμήσῃς</span> <span class='ocrx_word' id='word_1_637' title='bbox 1868 2024 1928 2062; x_wconf 81' lang='grc' dir='ltr'>καὶ</span> <span class='ocrx_word' id='word_1_638' title='bbox 1956 2023 2037 2068; x_wconf 80' lang='grc' dir='ltr'>ξύλα</span> <span class='ocrx_word' id='word_1_639' title='bbox 2059 2023 2118 2060; x_wconf 84' lang='grc' dir='ltr'>καὶ</span> <span class='ocrx_word' id='word_1_640' title='bbox 2141 2023 2297 2076; x_wconf 83' lang='grc' dir='ltr'>δέρματα</span> <span class='ocrx_word' id='word_1_641' title='bbox 2317 2022 2377 2060; x_wconf 81' lang='grc' dir='ltr'>καὶ</span> 
     </span>
     <span class='ocr_line' id='line_1_82' title="bbox 1354 2083 2378 2138; baseline -0.004 -14"><span class='ocrx_word' id='word_1_642' title='bbox 1354 2086 1488 2137; x_wconf 80' lang='grc' dir='ltr'>τοίχους</span> <span class='ocrx_word' id='word_1_643' title='bbox 1508 2086 1566 2123; x_wconf 77' lang='grc' dir='ltr'>καὶ</span> <span class='ocrx_word' id='word_1_644' title='bbox 1587 2086 1720 2138; x_wconf 74' lang='grc' dir='ltr'>ἔδαφος.</span> <span class='ocrx_word' id='word_1_645' title='bbox 1752 2085 1822 2123; x_wconf 79' lang='grc' dir='ltr'>Καὶ</span> <span class='ocrx_word' id='word_1_646' title='bbox 1840 2085 1880 2122; x_wconf 75' lang='grc' dir='ltr'>τὸ</span> <span class='ocrx_word' id='word_1_647' title='bbox 1905 2084 1946 2130; x_wconf 78' lang='grc' dir='ltr'>δὴ</span> <span class='ocrx_word' id='word_1_648' title='bbox 1966 2083 2225 2136; x_wconf 74' lang='grc' dir='ltr'>χαλεπώτερον,</span> <span class='ocrx_word' id='word_1_649' title='bbox 2244 2083 2295 2120; x_wconf 74' lang='grc' dir='ltr'>ὅτι</span> <span class='ocrx_word' id='word_1_650' title='bbox 2318 2085 2378 2121; x_wconf 84' lang='grc' dir='ltr'>οὐκ</span> 
     </span>
     <span class='ocr_line' id='line_1_83' title="bbox 1356 2143 2377 2198; baseline -0.004 -14"><span class='ocrx_word' id='word_1_651' title='bbox 1356 2147 1476 2198; x_wconf 81' lang='grc' dir='ltr'>ἄνδρες</span> <span class='ocrx_word' id='word_1_652' title='bbox 1506 2147 1622 2197; x_wconf 83' lang='grc' dir='ltr'>μόνον,</span> <span class='ocrx_word' id='word_1_653' title='bbox 1653 2146 1743 2184; x_wconf 80' lang='grc' dir='ltr'>ἀλλὰ</span> <span class='ocrx_word' id='word_1_654' title='bbox 1777 2146 1836 2184; x_wconf 83' lang='grc' dir='ltr'>καὶ</span> <span class='ocrx_word' id='word_1_655' title='bbox 1854 2152 2013 2196; x_wconf 84' lang='grc' dir='ltr'>γυναῖκες</span> <span class='ocrx_word' id='word_1_656' title='bbox 2045 2144 2173 2190; x_wconf 76' lang='grc' dir='ltr'>ταύτην</span> <span class='ocrx_word' id='word_1_657' title='bbox 2195 2143 2377 2194; x_wconf 87' lang='grc' dir='ltr'>μαίνονται</span> 
     </span>
     <span class='ocr_line' id='line_1_84' title="bbox 1355 2202 2378 2258; baseline -0.005 -13"><span class='ocrx_word' id='word_1_658' title='bbox 1355 2207 1416 2254; x_wconf 76' lang='grc' dir='ltr'>τὴν</span> <span class='ocrx_word' id='word_1_659' title='bbox 1441 2207 1579 2257; x_wconf 88' lang='grc' dir='ltr'>μανίαν,</span> <span class='ocrx_word' id='word_1_660' title='bbox 1595 2207 1654 2245; x_wconf 76' lang='grc' dir='ltr'>καὶ</span> <span class='ocrx_word' id='word_1_661' title='bbox 1683 2206 1761 2249; x_wconf 69' lang='grc' dir='ltr'>τοὺς</span> <span class='ocrx_word' id='word_1_662' title='bbox 1782 2207 1908 2258; x_wconf 76' lang='grc' dir='ltr'>ἄνδρας</span> <span class='ocrx_word' id='word_1_663' title='bbox 1934 2208 1980 2249; x_wconf 81' lang='grc' dir='ltr'>εἷς</span> <span class='ocrx_word' id='word_1_664' title='bbox 2009 2204 2072 2252; x_wconf 77' lang='grc' dir='ltr'>τὴν</span> <span class='ocrx_word' id='word_1_665' title='bbox 2093 2204 2254 2251; x_wconf 85' lang='grc' dir='ltr'>τοιαύτην</span> <span class='ocrx_word' id='word_1_666' title='bbox 2284 2202 2378 2241; x_wconf 85' lang='grc' dir='ltr'>ἀλεί-</span> 
     </span>
     <span class='ocr_line' id='line_1_85' title="bbox 1357 2265 2380 2318; baseline -0.005 -13"><span class='ocrx_word' id='word_1_667' title='bbox 1357 2283 1457 2318; x_wconf 74' lang='grc' dir='ltr'>φουσι</span> <span class='ocrx_word' id='word_1_668' title='bbox 1474 2267 1738 2316; x_wconf 87' lang='grc' dir='ltr'>ματαιοπονίαν,</span> <span class='ocrx_word' id='word_1_669' title='bbox 1752 2270 1931 2318; x_wconf 73' lang='grc' dir='ltr'>πανταχοῦ</span> <span class='ocrx_word' id='word_1_670' title='bbox 1954 2268 2086 2316; x_wconf 76' lang='grc' dir='ltr'>μᾶλλον</span> <span class='ocrx_word' id='word_1_671' title='bbox 2102 2265 2124 2311; x_wconf 81' lang='grc' dir='ltr'>ἢ</span> <span class='ocrx_word' id='word_1_672' title='bbox 2139 2267 2174 2302; x_wconf 81' lang='grc' dir='ltr'>ἐν</span> <span class='ocrx_word' id='word_1_673' title='bbox 2189 2270 2259 2307; x_wconf 86' lang='grc' dir='ltr'>τοῖς</span> <span class='ocrx_word' id='word_1_674' title='bbox 2274 2267 2312 2301; x_wconf 89' lang='grc' dir='ltr'>ἀν</span> <span class='ocrx_word' id='word_1_675' title='bbox 2319 2279 2380 2314; x_wconf 89' lang='grc' dir='ltr'>αγ-</span> 
     </span>
     <span class='ocr_line' id='line_1_86' title="bbox 1357 2323 2379 2378; baseline -0.005 -13"><span class='ocrx_word' id='word_1_676' title='bbox 1357 2328 1467 2370; x_wconf 86' lang='grc' dir='ltr'>καίοις</span> <span class='ocrx_word' id='word_1_677' title='bbox 1483 2329 1638 2378; x_wconf 74' lang='grc' dir='ltr'>δαπανᾷν</span> <span class='ocrx_word' id='word_1_678' title='bbox 1660 2327 1915 2374; x_wconf 81' lang='grc' dir='ltr'>ἀναγκάζουσαι</span> <span class='ocrx_word' id='word_1_679' title='bbox 1931 2341 1938 2349; x_wconf 86' lang='grc'><em>·</em></span> <span class='ocrx_word' id='word_1_680' title='bbox 1960 2327 2024 2363; x_wconf 82' lang='grc' dir='ltr'>κᾶν</span> <span class='ocrx_word' id='word_1_681' title='bbox 2039 2324 2210 2376; x_wconf 80' lang='grc' dir='ltr'>ἐγκαλέσῃ</span> <span class='ocrx_word' id='word_1_682' title='bbox 2227 2340 2278 2366; x_wconf 90' lang='grc' dir='ltr'>τις</span> <span class='ocrx_word' id='word_1_683' title='bbox 2291 2323 2379 2374; x_wconf 80' lang='grc' dir='ltr'>ὑπὲρ</span> 
     </span>
     <span class='ocr_line' id='line_1_87' title="bbox 1357 2384 2380 2437; baseline -0.005 -11"><span class='ocrx_word' id='word_1_684' title='bbox 1357 2388 1498 2435; x_wconf 80' lang='grc' dir='ltr'>τούτων,</span> <span class='ocrx_word' id='word_1_685' title='bbox 1520 2387 1797 2437; x_wconf 78' lang='grc' dir='ltr'>μεμελετήκασιν</span> <span class='ocrx_word' id='word_1_686' title='bbox 1817 2386 2006 2436; x_wconf 84' lang='grc' dir='ltr'>ἀπολογίαν</span> <span class='ocrx_word' id='word_1_687' title='bbox 2023 2388 2153 2430; x_wconf 73' lang='grc' dir='ltr'>πολλῆς</span> <span class='ocrx_word' id='word_1_688' title='bbox 2167 2384 2380 2434; x_wconf 85' lang='grc' dir='ltr'>κατηγορίας</span> 
     </span>
     <span class='ocr_line' id='line_1_88' title="bbox 1357 2443 2381 2499; baseline -0.006 -13"><span class='ocrx_word' id='word_1_689' title='bbox 1357 2449 1529 2499; x_wconf 80' lang='grc' dir='ltr'>γέμουσαν</span> <span class='ocrx_word' id='word_1_690' title='bbox 1545 2463 1552 2470; x_wconf 90' lang='grc'><em>·</em></span> <span class='ocrx_word' id='word_1_691' title='bbox 1584 2446 1642 2484; x_wconf 75' lang='grc' dir='ltr'>καὶ</span> <span class='ocrx_word' id='word_1_692' title='bbox 1663 2446 1728 2497; x_wconf 73' lang='grc' dir='ltr'>γὰρ</span> <span class='ocrx_word' id='word_1_693' title='bbox 1748 2451 1856 2484; x_wconf 77' lang='grc' dir='ltr'>ταῦτα</span> <span class='ocrx_word' id='word_1_694' title='bbox 1878 2449 2021 2483; x_wconf 81' lang='grc' dir='ltr'>κάκεῖνα</span> <span class='ocrx_word' id='word_1_695' title='bbox 2039 2445 2171 2496; x_wconf 88' lang='grc' dir='ltr'>γίνεται</span> <span class='ocrx_word' id='word_1_696' title='bbox 2185 2474 2194 2492; x_wconf 88' lang='grc'>,</span> <span class='ocrx_word' id='word_1_697' title='bbox 2217 2444 2313 2496; x_wconf 77' lang='grc' dir='ltr'>φησί.</span> <span class='ocrx_word' id='word_1_698' title='bbox 2333 2443 2381 2482; x_wconf 89' lang='grc' dir='ltr'>Τί</span> 
     </span>
     <span class='ocr_line' id='line_1_89' title="bbox 1359 2502 2379 2560; baseline -0.006 -15"><span class='ocrx_word' id='word_1_699' title='bbox 1359 2509 1444 2560; x_wconf 73' lang='grc' dir='ltr'>φῄς,</span> <span class='ocrx_word' id='word_1_700' title='bbox 1464 2510 1501 2545; x_wconf 87' lang='grc' dir='ltr'>οὐ</span> <span class='ocrx_word' id='word_1_701' title='bbox 1519 2506 1674 2549; x_wconf 72' lang='grc' dir='ltr'>δέδοικας</span> <span class='ocrx_word' id='word_1_702' title='bbox 1689 2511 1831 2544; x_wconf 75' lang='grc' dir='ltr'>τοιαῦτα</span> <span class='ocrx_word' id='word_1_703' title='bbox 1850 2506 2079 2557; x_wconf 70' lang='grc' dir='ltr'>φθεγγόμενος</span> <span class='ocrx_word' id='word_1_704' title='bbox 2093 2535 2102 2552; x_wconf 92' lang='grc'>,</span> <span class='ocrx_word' id='word_1_705' title='bbox 2123 2503 2180 2541; x_wconf 73' lang='grc' dir='ltr'>καὶ</span> <span class='ocrx_word' id='word_1_706' title='bbox 2203 2502 2292 2554; x_wconf 77' lang='grc' dir='ltr'>μετὰ</span> <span class='ocrx_word' id='word_1_707' title='bbox 2311 2504 2379 2540; x_wconf 82' lang='grc' dir='ltr'>τῶν</span> 
     </span>
     <span class='ocr_line' id='line_1_90' title="bbox 1358 2565 2382 2618; baseline -0.006 -11"><span class='ocrx_word' id='word_1_708' title='bbox 1358 2570 1472 2607; x_wconf 78' lang='grc' dir='ltr'>ἵππων</span> <span class='ocrx_word' id='word_1_709' title='bbox 1490 2568 1549 2606; x_wconf 79' lang='grc' dir='ltr'>καὶ</span> <span class='ocrx_word' id='word_1_710' title='bbox 1567 2571 1634 2605; x_wconf 78' lang='grc' dir='ltr'>τῶν</span> <span class='ocrx_word' id='word_1_711' title='bbox 1655 2567 1807 2618; x_wconf 66' lang='grc' dir='ltr'>ἡμιόνων</span> <span class='ocrx_word' id='word_1_712' title='bbox 1827 2567 1885 2604; x_wconf 82' lang='grc' dir='ltr'>καὶ</span> <span class='ocrx_word' id='word_1_713' title='bbox 1904 2570 1972 2604; x_wconf 81' lang='grc' dir='ltr'>τῶν</span> <span class='ocrx_word' id='word_1_714' title='bbox 1992 2568 2117 2604; x_wconf 80' lang='grc' dir='ltr'>κλινῶν</span> <span class='ocrx_word' id='word_1_715' title='bbox 2134 2565 2193 2602; x_wconf 77' lang='grc' dir='ltr'>καὶ</span> <span class='ocrx_word' id='word_1_716' title='bbox 2214 2567 2281 2602; x_wconf 81' lang='grc' dir='ltr'>τῶν</span> <span class='ocrx_word' id='word_1_717' title='bbox 2299 2567 2382 2602; x_wconf 81' lang='grc' dir='ltr'>ὓπο-</span> 
     </span>
     <span class='ocr_line' id='line_1_91' title="bbox 1358 2622 2382 2679; baseline -0.005 -12"><span class='ocrx_word' id='word_1_718' title='bbox 1358 2629 1487 2668; x_wconf 76' lang='grc' dir='ltr'>ποδίων</span> <span class='ocrx_word' id='word_1_719' title='bbox 1516 2629 1573 2666; x_wconf 73' lang='grc' dir='ltr'>τὸν</span> <span class='ocrx_word' id='word_1_720' title='bbox 1596 2629 1748 2679; x_wconf 73' lang='grc' dir='ltr'>Χριστὸν</span> <span class='ocrx_word' id='word_1_721' title='bbox 1785 2629 1958 2664; x_wconf 80' lang='grc' dir='ltr'>πεινῶντα</span> <span class='ocrx_word' id='word_1_722' title='bbox 1979 2629 2159 2678; x_wconf 68' lang='grc' dir='ltr'>ἀριθμῶν,</span> <span class='ocrx_word' id='word_1_723' title='bbox 2194 2626 2325 2675; x_wconf 75' lang='grc' dir='ltr'>μᾶλλον</span> <span class='ocrx_word' id='word_1_724' title='bbox 2346 2622 2382 2662; x_wconf 81' lang='grc' dir='ltr'>δὲ</span> 
     </span>
     <span class='ocr_line' id='line_1_92' title="bbox 1358 2685 2381 2740; baseline -0.006 -12"><span class='ocrx_word' id='word_1_725' title='bbox 1358 2690 1435 2729; x_wconf 79' lang='grc' dir='ltr'>ουοὲ</span> <span class='ocrx_word' id='word_1_726' title='bbox 1456 2706 1497 2740; x_wconf 86' lang='grc' dir='ltr'>με</span> <span class='ocrx_word' id='word_1_727' title='bbox 1500 2689 1544 2728; x_wconf 76' lang='grc' dir='ltr'>τὰ</span> <span class='ocrx_word' id='word_1_728' title='bbox 1562 2689 1641 2727; x_wconf 82' lang='grc' dir='ltr'>τούτ</span> <span class='ocrx_word' id='word_1_729' title='bbox 1643 2706 1704 2736; x_wconf 65' lang='lat' dir='ltr'>ma,</span> <span class='ocrx_word' id='word_1_730' title='bbox 1722 2688 1812 2726; x_wconf 85' lang='grc' dir='ltr'>ἀλλα</span> <span class='ocrx_word' id='word_1_731' title='bbox 1829 2704 1867 2726; x_wconf 86' lang='grc' dir='ltr'>το</span> <span class='ocrx_word' id='word_1_732' title='bbox 1884 2704 1927 2738; x_wconf 87' lang='grc' dir='ltr'>με</span> <span class='ocrx_word' id='word_1_733' title='bbox 1930 2703 1945 2724; x_wconf 93' lang='grc' dir='ltr'>ν</span> <span class='ocrx_word' id='word_1_734' title='bbox 1965 2687 2032 2725; x_wconf 86' lang='grc' dir='ltr'>πλ</span> <span class='ocrx_word' id='word_1_735' title='bbox 2017 2703 2068 2725; x_wconf 92' lang='grc' dir='ltr'>εον</span> <span class='ocrx_word' id='word_1_736' title='bbox 2085 2702 2187 2739; x_wconf 84' lang='grc' dir='ltr'>μερος</span> <span class='ocrx_word' id='word_1_737' title='bbox 2205 2685 2381 2732; x_wconf 54' lang='grc' dir='ltr'>οτούτοις,</span> 
     </span>
     <span class='ocr_line' id='line_1_93' title="bbox 1360 2747 2383 2821; baseline -0.006 -32"><span class='ocrx_word' id='word_1_738' title='bbox 1360 2750 1481 2789; x_wconf 80' lang='grc' dir='ltr'>ἐκείνω</span> <span class='ocrx_word' id='word_1_739' title='bbox 1503 2750 1539 2789; x_wconf 78' lang='grc' dir='ltr'>δε</span> <span class='ocrx_word' id='word_1_740' title='bbox 1562 2750 1661 2800; x_wconf 85' lang='grc' dir='ltr'>μόλις</span> <span class='ocrx_word' id='word_1_741' title='bbox 1680 2749 1794 2821; x_wconf 66' lang='grc' dir='ltr'>οὶίγρν</span> <span class='ocrx_word' id='word_1_742' title='bbox 1815 2748 1999 2786; x_wconf 70' lang='grc' dir='ltr'>ἀπονέμων</span> <span class='ocrx_word' id='word_1_743' title='bbox 2016 2747 2129 2800; x_wconf 84' lang='grc' dir='ltr'>μέρος.</span> <span class='ocrx_word' id='word_1_744' title='bbox 2157 2749 2234 2785; x_wconf 85' lang='grc' dir='ltr'>Οὐκ</span> <span class='ocrx_word' id='word_1_745' title='bbox 2261 2749 2383 2789; x_wconf 86' lang='grc' dir='ltr'>οἷσΟα,</span> 
     </span>
     <span class='ocr_line' id='line_1_94' title="bbox 1359 2808 2383 2858; baseline -0.008 -9"><span class='ocrx_word' id='word_1_746' title='bbox 1359 2811 1412 2849; x_wconf 83' lang='grc' dir='ltr'>ὅτι</span> <span class='ocrx_word' id='word_1_747' title='bbox 1431 2811 1545 2849; x_wconf 75' lang='grc' dir='ltr'>πάντα</span> <span class='ocrx_word' id='word_1_748' title='bbox 1568 2826 1692 2858; x_wconf 85' lang='grc' dir='ltr'>αυτου,</span> <span class='ocrx_word' id='word_1_749' title='bbox 1711 2809 1770 2847; x_wconf 82' lang='grc' dir='ltr'>καὶ</span> <span class='ocrx_word' id='word_1_750' title='bbox 1789 2825 1850 2854; x_wconf 90' lang='grc' dir='ltr'>συ,</span> <span class='ocrx_word' id='word_1_751' title='bbox 1878 2824 1938 2846; x_wconf 84' lang='grc' dir='ltr'>και</span> <span class='ocrx_word' id='word_1_752' title='bbox 1957 2824 2000 2845; x_wconf 88' lang='grc' dir='ltr'>τα</span> <span class='ocrx_word' id='word_1_753' title='bbox 2017 2823 2082 2855; x_wconf 73' lang='grc' dir='ltr'>σα,</span> <span class='ocrx_word' id='word_1_754' title='bbox 2104 2808 2166 2845; x_wconf 80' lang='grc' dir='ltr'>οὐκ</span> <span class='ocrx_word' id='word_1_755' title='bbox 2188 2810 2310 2853; x_wconf 80' lang='grc' dir='ltr'>οἶσθα,</span> <span class='ocrx_word' id='word_1_756' title='bbox 2330 2820 2383 2842; x_wconf 85' lang='grc' dir='ltr'>οτι</span> 
     </span>
     <span class='ocr_line' id='line_1_95' title="bbox 1359 2867 2384 2922; baseline -0.007 -12"><span class='ocrx_word' id='word_1_757' title='bbox 1359 2872 1419 2910; x_wconf 74' lang='grc' dir='ltr'>καὶ</span> <span class='ocrx_word' id='word_1_758' title='bbox 1435 2875 1538 2922; x_wconf 66' lang='grc' dir='ltr'>σῶμα</span> <span class='ocrx_word' id='word_1_759' title='bbox 1558 2871 1657 2914; x_wconf 78' lang='grc' dir='ltr'>αὐτὸς</span> <span class='ocrx_word' id='word_1_760' title='bbox 1678 2871 1779 2908; x_wconf 75' lang='grc' dir='ltr'>διέπλ</span> <span class='ocrx_word' id='word_1_761' title='bbox 1782 2885 1866 2916; x_wconf 89' lang='grc' dir='ltr'>ασε,</span> <span class='ocrx_word' id='word_1_762' title='bbox 1884 2869 1943 2907; x_wconf 86' lang='grc' dir='ltr'>καὶ</span> <span class='ocrx_word' id='word_1_763' title='bbox 1962 2868 2077 2920; x_wconf 59' lang='lat' dir='ltr'>{207qu</span> <span class='ocrx_word' id='word_1_764' title='bbox 2095 2867 2306 2920; x_wconf 73' lang='grc' dir='ltr'>ἐχαρίσατο,</span> <span class='ocrx_word' id='word_1_765' title='bbox 2323 2881 2384 2903; x_wconf 87' lang='grc' dir='ltr'>και</span> 
     </span>
     <span class='ocr_line' id='line_1_96' title="bbox 1359 2926 2382 2983; baseline -0.008 -11"><span class='ocrx_word' id='word_1_766' title='bbox 1359 2934 1418 2972; x_wconf 83' lang='grc' dir='ltr'>τὸν</span> <span class='ocrx_word' id='word_1_767' title='bbox 1450 2933 1579 2983; x_wconf 85' lang='grc' dir='ltr'>κόσμον</span> <span class='ocrx_word' id='word_1_768' title='bbox 1602 2930 1786 2981; x_wconf 85' lang='grc' dir='ltr'>ἀπένειμεν</span> <span class='ocrx_word' id='word_1_769' title='bbox 1808 2931 1969 2978; x_wconf 76' lang='grc' dir='ltr'>ἅπαντα,</span> <span class='ocrx_word' id='word_1_770' title='bbox 1991 2929 2041 2968; x_wconf 76' lang='grc' dir='ltr'>Σὺ</span> <span class='ocrx_word' id='word_1_771' title='bbox 2071 2929 2107 2967; x_wconf 79' lang='grc' dir='ltr'>δὲ</span> <span class='ocrx_word' id='word_1_772' title='bbox 2141 2927 2217 2966; x_wconf 83' lang='grc' dir='ltr'>οὐδὲ</span> <span class='ocrx_word' id='word_1_773' title='bbox 2255 2926 2382 2979; x_wconf 85' lang='grc' dir='ltr'>μικρὰν</span> 
     </span>
     <span class='ocr_line' id='line_1_97' title="bbox 1361 2988 2383 3046; baseline -0.008 -13"><span class='ocrx_word' id='word_1_774' title='bbox 1361 2995 1472 3046; x_wconf 85' lang='grc' dir='ltr'>τούτῳ</span> <span class='ocrx_word' id='word_1_775' title='bbox 1491 2992 1671 3034; x_wconf 76' lang='grc' dir='ltr'>ἀντιδίδως</span> <span class='ocrx_word' id='word_1_776' title='bbox 1699 2991 1869 3041; x_wconf 66' lang='grc' dir='ltr'>ἀμοιέήν·</span> <span class='ocrx_word' id='word_1_777' title='bbox 1891 2992 1965 3029; x_wconf 80' lang='grc' dir='ltr'>ἀλλ’</span> <span class='ocrx_word' id='word_1_778' title='bbox 1994 2990 2032 3028; x_wconf 78' lang='grc' dir='ltr'>ἂν</span> <span class='ocrx_word' id='word_1_779' title='bbox 2055 2989 2116 3040; x_wconf 82' lang='grc' dir='ltr'>μὲν</span> <span class='ocrx_word' id='word_1_780' title='bbox 2149 2988 2299 3027; x_wconf 78' lang='grc' dir='ltr'>οἰκίσκον</span> <span class='ocrx_word' id='word_1_781' title='bbox 2321 3004 2383 3038; x_wconf 89' lang='grc' dir='ltr'>μι-</span> 
     </span>
     <span class='ocr_line' id='line_1_98' title="bbox 1363 3049 2384 3107; baseline -0.007 -14"><span class='ocrx_word' id='word_1_782' title='bbox 1363 3055 1444 3107; x_wconf 76' lang='grc' dir='ltr'>κρὸν</span> <span class='ocrx_word' id='word_1_783' title='bbox 1475 3051 1712 3104; x_wconf 79' lang='grc' dir='ltr'>ἓκμισθώσῃς,</span> <span class='ocrx_word' id='word_1_784' title='bbox 1737 3052 1825 3102; x_wconf 74' lang='grc' dir='ltr'>μετὰ</span> <span class='ocrx_word' id='word_1_785' title='bbox 1859 3053 1991 3097; x_wconf 78' lang='grc' dir='ltr'>πολλῆς</span> <span class='ocrx_word' id='word_1_786' title='bbox 2026 3054 2088 3096; x_wconf 68' lang='grc' dir='ltr'>τῆς</span> <span class='ocrx_word' id='word_1_787' title='bbox 2121 3049 2296 3101; x_wconf 60' lang='grc' dir='ltr'>ἀκριὸείας</span> <span class='ocrx_word' id='word_1_788' title='bbox 2327 3049 2384 3086; x_wconf 84' lang='grc' dir='ltr'>τὸν</span> 
     </span>
     <span class='ocr_line' id='line_1_99' title="bbox 1366 3109 2386 3166; baseline -0.007 -13"><span class='ocrx_word' id='word_1_789' title='bbox 1366 3115 1488 3166; x_wconf 76' lang='grc' dir='ltr'>μισθὸν</span> <span class='ocrx_word' id='word_1_790' title='bbox 1511 3117 1690 3160; x_wconf 85' lang='grc' dir='ltr'>ἀπαιτεῖς,</span> <span class='ocrx_word' id='word_1_791' title='bbox 1708 3111 1771 3158; x_wconf 85' lang='grc' dir='ltr'>τὴν</span> <span class='ocrx_word' id='word_1_792' title='bbox 1792 3111 1826 3149; x_wconf 79' lang='grc' dir='ltr'>δὲ</span> <span class='ocrx_word' id='word_1_793' title='bbox 1848 3112 1960 3149; x_wconf 86' lang='grc' dir='ltr'>κτίσιν</span> <span class='ocrx_word' id='word_1_794' title='bbox 1979 3112 2081 3148; x_wconf 77' lang='grc' dir='ltr'>αὐτοῦ</span> <span class='ocrx_word' id='word_1_795' title='bbox 2100 3116 2215 3147; x_wconf 82' lang='grc' dir='ltr'>πᾶσαν</span> <span class='ocrx_word' id='word_1_796' title='bbox 2235 3109 2386 3161; x_wconf 84' lang='grc' dir='ltr'>καρπού-</span> 
     </span>
     <span class='ocr_line' id='line_1_100' title="bbox 1368 3169 2385 3227; baseline -0.008 -12"><span class='ocrx_word' id='word_1_797' title='bbox 1368 3193 1486 3227; x_wconf 91' lang='grc' dir='ltr'>μενος,</span> <span class='ocrx_word' id='word_1_798' title='bbox 1507 3175 1565 3213; x_wconf 76' lang='grc' dir='ltr'>καὶ</span> <span class='ocrx_word' id='word_1_799' title='bbox 1586 3173 1715 3223; x_wconf 87' lang='grc' dir='ltr'>κόσμον</span> <span class='ocrx_word' id='word_1_800' title='bbox 1736 3178 1894 3211; x_wconf 70' lang='grc' dir='ltr'>τοσοῦτον</span> <span class='ocrx_word' id='word_1_801' title='bbox 1915 3174 2029 3220; x_wconf 77' lang='grc' dir='ltr'>οἰκῶν,</span> <span class='ocrx_word' id='word_1_802' title='bbox 2050 3171 2126 3209; x_wconf 76' lang='grc' dir='ltr'>οὐδὲ</span> <span class='ocrx_word' id='word_1_803' title='bbox 2146 3170 2258 3222; x_wconf 86' lang='grc' dir='ltr'>ὀλίγον</span> <span class='ocrx_word' id='word_1_804' title='bbox 2275 3169 2385 3220; x_wconf 81' lang='grc' dir='ltr'>ἀνέχῃ</span> 
     </span>
     <span class='ocr_line' id='line_1_101' title="bbox 1424 3287 2385 3335; baseline -0.007 -11"><span class='ocrx_word' id='word_1_805' title='bbox 1424 3304 1435 3317; x_wconf 72' lang='lat'>⁰</span> <span class='ocrx_word' id='word_1_806' title='bbox 1460 3290 1588 3335; x_wconf 75' lang='lat' dir='ltr'>[Iidem</span> <span class='ocrx_word' id='word_1_807' title='bbox 1617 3296 1662 3325; x_wconf 75' lang='grc' dir='ltr'>ἐπὶ</span> <span class='ocrx_word' id='word_1_808' title='bbox 1690 3293 1817 3327; x_wconf 59' lang='lat' dir='ltr'>wionis,</span> <span class='ocrx_word' id='word_1_809' title='bbox 2335 3287 2385 3318; x_wconf 59' lang='grc' dir='ltr'>οὐκ</span> 
     </span>
     <span class='ocr_line' id='line_1_102' title="bbox 1381 3343 1817 3383; baseline -0.014 -3"><span class='ocrx_word' id='word_1_810' title='bbox 1381 3349 1474 3379; x_wconf 70' lang='grc' dir='ltr'>οἶσθα.</span> <span class='ocrx_word' id='word_1_811' title='bbox 1497 3345 1535 3378; x_wconf 90' lang='lat' dir='ltr'>A.</span> <span class='ocrx_word' id='word_1_812' title='bbox 1556 3347 1622 3377; x_wconf 64' lang='grc' dir='ltr'>ἀλλ’</span> <span class='ocrx_word' id='word_1_813' title='bbox 1642 3347 1688 3376; x_wconf 62' lang='grc' dir='ltr'>οᾷκ</span> <span class='ocrx_word' id='word_1_814' title='bbox 1708 3343 1817 3383; x_wconf 70' lang='grc' dir='ltr'>οἶσΟκ-]</span> 
     </span>
    </p>
   </div>
   <div class='ocr_carea' id='block_1_14' title="bbox 1849 3292 2308 3330">
    <p class='ocr_par' dir='ltr' id='par_1_14' title="bbox 1849 3292 2308 3330">
     <span class='ocr_line' id='line_1_103' title="bbox 1849 3292 2308 3330; baseline -0.009 -9"><span class='ocrx_word' id='word_1_815' title='bbox 1849 3298 1879 3321; x_wconf 80' lang='lat' dir='ltr'>et</span> <span class='ocrx_word' id='word_1_816' title='bbox 1908 3301 1985 3322; x_wconf 82' lang='lat' dir='ltr'>mox</span> <span class='ocrx_word' id='word_1_817' title='bbox 2009 3293 2197 3330; x_wconf 51' lang='lat' dir='ltr'>§eravimus-a</span> <span class='ocrx_word' id='word_1_818' title='bbox 2207 3292 2308 3330; x_wconf 64' lang='grc' dir='ltr'>μέρος.</span> 
     </span>
    </p>
   </div>
  </div>
 </body>
</html>
