2502 3810
684 252 728 281 ιΝ
765 251 900 282 Ειηετ.
939 250 998 280 AD
1033 248 1141 279 nom.
1178 246 1333 281 norm„
1370 247 1492 281 xxv1.
2047 234 2134 296 787

73 337 177 386 τελῇ,
198 333 256 372 καὶ
280 333 448 386 χρήματα
470 334 624 385 δαπανᾷ,
647 333 705 371 καὶ
723 333 830 371 πολὺν
851 333 1085 371 ἐπιδείκνυται
1154 331 1284 381 fundit,
1320 332 1545 382 multumque
1571 330 1734 369 timorem
1771 330 1928 380 exhibet,
1961 343 2137 382 nusquam

70 395 187 446 φόὸον,
202 394 261 432 καὶ
277 395 429 444 οὐδαμοῖ)
447 393 594 446 ῥᾴθυμος
611 394 679 432 ἀπὸ
691 396 753 439 τῆς
768 393 928 445 ἀφελείας
942 393 1085 444 γίνεται·
1154 405 1271 430 socors
1290 407 1335 430 ex
1350 392 1578 444 simplicitate
1609 400 1808 443 comparet;
1831 405 1912 429 cum
1941 401 2058 429 autem
2074 406 2137 431 ve-

70 454 151 491 ὅταν
183 454 217 492 δὲ
247 454 305 492 τὸν
339 454 443 497 ὅντως
469 454 551 491 ὄντα
573 455 662 492 Θεὸν
682 456 890 501 ἐπιζητῆσαι
910 453 989 505 δέη,
1008 452 1086 490 τότε
1153 467 1233 489 rum
1260 454 1376 490 Deum
1399 453 1575 503 requirere
1606 461 1799 504 oporteret,
1822 461 1861 489 tu
1889 452 1979 489 mihi
1995 452 2138 490 sinceri—

72 530 130 563 μοι
160 515 320 566 ἀφελείας
347 515 406 552 καὶ
441 515 634 562 ἁπλότητος
665 514 867 565 μέμνησαι,
904 515 980 552 Οὐκ
1013 513 1086 551 ἔστι
1153 521 1259 550 tatem
1273 522 1305 550 et
1333 513 1598 565 simplicitatem
1625 513 1822 550 memoras?
1838 513 1917 550 Non
1949 512 1997 550 ita
2023 527 2061 550 se
2081 527 2138 551 res

69 578 193 621 ταῦτα,
213 577 274 612 οὐκ
293 574 388 613 ἔστι·
409 575 577 626 ῥᾳθυμίας
596 575 662 627 γὰρ
684 574 788 626 μόνης
805 574 849 612 τὰ
869 573 1086 625 ἐγκλήματα.
1153 573 1281 623 habet,
1306 587 1375 610 non
1394 574 1442 610 ita
1460 587 1564 610 :nam
1596 573 1764 611 socordiae
1784 574 1851 612 hoc
1884 574 2135 626 imputandum

70 634 178 676 Τίνας
202 634 269 686 γὰρ
297 635 551 686 ἁπλουστέρους
573 635 631 673 καὶ
648 635 908 686 ἀγροικοτέρους
924 628 1011 671 εἶναι
1029 650 1086 672 νο-
1107 634 1130 665 C
1154 635 1286 672 crimen
1315 643 1377 672 est.
1403 636 1501 681 Quos
1530 634 1622 672 enim
1651 634 1882 686 simpliciores
1904 645 1937 673 et
1968 636 2139 687 agrestio-

71 693 201 744 μίζεις,
233 694 311 738 τοὺς
340 695 396 733 ἐπὶ
420 700 480 733 τοῦ
500 695 658 746 Ἀδραὰμ
680 695 701 740 ἢ
722 693 799 737 τοὺς
817 700 899 741 νῦν,
929 693 1085 739 Εὔδηλον
1153 710 1207 733 res
1245 709 1318 733 esse
1350 704 1474 746 putas,
1506 709 1608 732 eosne
1657 696 1718 745 qui
1755 696 1950 734 Abrahami
1978 707 2137 749 tempore

70 755 122 792 ὅτι
154 754 315 799 ἐκείνους.
345 755 440 794 Πότε
468 756 502 793 δὲ
526 755 755 808 εὐκολώτερον
782 747 871 792 εἶναι
895 754 958 801 τὴν
986 754 1086 792 εὐσέ-
1153 766 1265 806 erant,
1284 771 1327 793 an
1338 755 1527 793 hodiernos
1542 756 1676 793 hosce?
1694 757 1776 793 Illos
1790 757 2001 797 sinedubio.
2016 759 2140 804 Quan-

71 815 167 852 ὅειαν
185 817 294 867 εὑρεῖν
307 844 316 861 ,
336 819 394 853 νῦν
412 815 434 861 ἢ
454 816 530 853 τότε
547 832 556 863 3
578 815 733 861 Εὔδηλον
753 815 804 853 ὅτι
827 820 896 853 νῦν.
931 817 1003 853 Νῦν
1024 814 1085 865 μὲν
1153 816 1281 854 donam
1302 816 1397 868 piam
1424 816 1630 866 religionem
1657 816 1815 854 invenire
1833 817 1972 855 facilius
1991 819 2069 868 fuit,
2092 832 2137 856 an

70 875 137 927 γὰρ
151 875 248 927 παρὰ
264 883 351 914 πᾶσι
370 876 429 914 καὶ
444 881 503 914 τοῦ
520 879 611 915 Θεοῦ
626 877 665 914 τὸ
683 877 790 927 ὄνομα
809 875 974 926 βεὸόηται
991 904 1001 922 ,
1027 875 1086 912 καὶ
1153 891 1247 915 nunc
1265 892 1310 914 an
1331 886 1416 915 tunc
1430 877 1626 928 temporis?
1646 879 1750 915 Nunc
1769 877 1900 928 utique.
1919 880 2022 916 Nunc
2040 880 2138 918 enim

68 940 245 988 προφῆται
267 936 495 989 ἀνεκήρυξαν,
515 937 573 974 καὶ
597 937 640 974 τὰ
658 937 850 988 πράγματα
872 935 970 982 ἐξέέη
986 963 996 983 ,
1028 935 1087 972 καὶ
1154 938 1253 989 apud
1271 951 1391 974 omnes
1421 951 1546 974 nomen
1577 937 1642 974 Dei
1675 938 1934 988 proclamatur,
1956 940 2137 991 prophetae

69 996 114 1034 τὰ
134 996 313 1043 Ἑλλήνων
335 997 556 1047 ἐλήλεγκται·
574 996 652 1034 τότε
669 996 704 1034 δὲ
721 996 772 1033 ἔτι
787 995 980 1037 ἀδιδάκτως
997 989 1086 1046 εἶχον
1154 997 1415 1048 praedixerunt,
1435 1011 1495 1035 res
1532 997 1697 1033 effectum
1732 997 1861 1034 habuit
1874 1027 1886 1047 ,
1909 1008 1941 1035 et
1978 999 2137 1049 gentium

71 1058 102 1093 οἱ
122 1057 285 1104 πλείους,
308 1057 366 1094 καὶ
385 1060 407 1102 ἡ
427 1056 583 1109 ἁμαρτία
611 1056 773 1107 ἐκράτει,
807 1055 866 1093 καὶ
890 1055 966 1092 οὔτε
985 1054 1089 1104 νόμος
1153 1055 1278 1104 religio
1318 1055 1496 1091 confutata
1526 1053 1614 1091 fuit:
1647 1063 1732 1091 tunc
1771 1069 1855 1092 vero
1889 1056 2037 1107 plurimi
2063 1057 2139 1095 sine

70 1111 111 1163 ἦν
133 1117 318 1163 παιδεύων,
338 1117 374 1154 οὖ
395 1117 587 1167 προφήτης,
609 1119 646 1153 οὐ
663 1116 844 1165 θαύματα,
864 1118 900 1153 οὐ
920 1116 1088 1152 διδασκα-
1153 1114 1313 1151 doctrina
1326 1123 1438 1163 erant,
1459 1123 1640 1166 peccatum
1662 1115 1846 1165 regnabat,
1871 1130 1981 1166 neque
1994 1117 2053 1153 lex
2065 1126 2139 1155 erat

60 1176 119 1214 λία
133 1206 143 1223 ,
167 1179 205 1214 οὐ
224 1177 262 1214 τὸ
278 1178 409 1222 πλῆθος
426 1180 495 1214 τῶν
523 1175 539 1197 ¹'
555 1175 808 1226 γινωσκόντων,
828 1177 890 1214 οὐκ
907 1176 993 1213 ἄλλο
1009 1191 1086 1213 τοι-
1152 1189 1229 1225 quae
1252 1174 1466 1221 institueret,
1487 1189 1599 1225 neque
1623 1175 1794 1226 propheta
1810 1206 1819 1223 ,
1837 1190 1950 1227 neque
1977 1177 2136 1215 miracu-

59 1241 156 1275 οῦτον
174 1236 284 1282 οὐδὲν,
301 1238 378 1274 ἀλλ’
400 1240 446 1279 ὡς
465 1238 499 1274 ἐν
515 1236 629 1288 σκότῳ
655 1238 754 1287 βαθεῖ
772 1236 832 1274 καὶ
849 1236 1006 1287 ἀσελήνῳ
1024 1236 1086 1274 καὶ
1154 1236 1203 1283 la,
1229 1249 1300 1273 non
1322 1235 1494 1284 doctrina,
1509 1250 1578 1273 non
1595 1236 1788 1274 multitudo
1805 1238 1918 1274 Deum
1950 1252 2140 1289 agnoscen-

55 1297 225 1351 χειμερίῳ
240 1297 339 1335 νυκτὶ
355 1297 400 1335 τὰ
415 1296 613 1349 πράγματα
629 1296 796 1335 διέκειντο
812 1297 965 1335 ἅπαντα.
990 1296 1082 1335 Ἀλλ’
1107 1297 1131 1327 D
1153 1297 1266 1344 tium,
1287 1310 1356 1334 non
1377 1296 1479 1334 aliud
1508 1296 1599 1347 quid
1619 1296 1756 1345 simile,
1780 1297 1841 1335 sed
1861 1299 1962 1348 quasi
1988 1299 2025 1336 in
2052 1314 2137 1351 pro-

57 1359 151 1409 ὅμως
171 1363 189 1397 ὃ
206 1358 405 1409 θαυμαστὸς
423 1360 551 1400 ἐκεῖνος
573 1357 632 1396 καὶ
653 1363 805 1408 γενναῖος
826 1357 933 1410 ἀνὴρ,
953 1356 1012 1395 καὶ
1024 1373 1084 1395 το-
1150 1357 1274 1395 fundis
1303 1357 1477 1406 tenebris,
1496 1367 1601 1408 atque
1623 1358 1658 1395 in
1680 1367 1778 1395 nocte
1808 1358 1913 1397 illuni
1931 1369 1964 1397 et
1991 1360 2141 1398 hiemali

56 1418 187 1456 σούτων
203 1419 310 1457 ὄντων
330 1418 560 1468 κωλυμοίτων,
578 1418 638 1455 καὶ
653 1418 710 1455 τὸν
729 1418 818 1456 Θεὸν
839 1418 975 1468 ἐπέγνω
991 1447 1001 1465 ,
1022 1416 1084 1455 καὶ
1150 1433 1205 1455 res
1223 1433 1343 1456 omnes
1371 1418 1494 1471 positae
1515 1428 1626 1459 erant,
1653 1421 1815 1457 Attamen
1841 1420 2062 1458 admirabilis
2079 1421 2141 1460 ille

55 1479 120 1525 τὴν
137 1479 262 1531 ἀρετὴν
288 1479 441 1525 ἤσκησε,
458 1479 518 1516 καὶ
538 1477 686 1521 πολλοὺς
715 1480 761 1521 εἷς
780 1479 841 1516 τὸν
858 1478 932 1515 ἰ’σον
948 1478 1083 1529 Εῆγαγε
1148 1487 1181 1516 et
1201 1493 1386 1529 generosus
1406 1479 1478 1528 vir,
1500 1493 1584 1517 cum
1597 1488 1648 1516 tot
1667 1488 1780 1516 essent
1796 1479 2050 1531 impedimenta
2064 1511 2075 1530 ,
2102 1490 2137 1519 et

59 1541 177 1586 ζ’ἧλον,
193 1540 378 1578 καὶταῦτα
395 1538 471 1576 οὐδὲ
486 1541 548 1584 τῆς
564 1538 685 1582 ἔξωθεν
706 1538 825 1590 σοφίας
841 1539 1005 1590 ἔμπειρος
1020 1538 1080 1576 ὤν·
1147 1541 1265 1577 Deum
1284 1548 1427 1578 noverat
1443 1570 1452 1588 ,
1474 1549 1508 1577 et
1526 1540 1697 1579 virtutem
1724 1540 1908 1578 exercebat
1921 1571 1932 1590 ,
1953 1550 1986 1579 et
2008 1542 2140 1580 multos

57 1603 132 1644 πῶς
146 1600 232 1652 γὰρ,
260 1601 340 1638 ε’που
358 1617 396 1651 γε
412 1600 488 1638 οὐδὲ
503 1599 696 1651 γράμματα
711 1594 752 1645 ἦν
768 1601 948 1651 εὑρεθέντα
962 1600 1082 1638 πώπο-
1150 1601 1186 1638 in
1208 1600 1372 1638 eumdem
1397 1601 1511 1637 zelum
1527 1600 1671 1638 induxit
1688 1617 1695 1637 :
1717 1610 1750 1638 et
1769 1601 1846 1648 hoc,
1864 1615 1946 1639 cum
1961 1616 2029 1639 non
2051 1612 2141 1641 esset

57 1677 93 1699 τε
108 1678 118 1709 ;
136 1662 227 1699 Ἀλλ’
250 1661 342 1710 ὅμως
362 1661 481 1707 ἐπειδὴ
501 1661 544 1698 τὰ
563 1660 648 1712 παρ’
670 1663 791 1698 ἑαυτοῦ
814 1661 1002 1712 εἰσήνεγκε,
1023 1661 1083 1699 καὶ
1152 1671 1305 1700 externae
1339 1661 1436 1699 illius
1454 1661 1632 1713 sapientiae
1666 1662 1815 1714 peritus.
1832 1663 2022 1708 Quomodo
2044 1664 2138 1702 enim

59 1725 77 1760 ὃ
101 1722 190 1765 Θεὸς
218 1721 234 1742 ‘¹
248 1722 292 1759 τὰ
311 1725 433 1759 ἑαυτοῦ
451 1720 571 1759 λοιπὸν
599 1721 872 1772 συνεισήνεγκεν.
906 1720 997 1759 Οὐδὲ
1015 1721 1082 1773 γὰρ
1147 1724 1334 1777 potuisset,
1365 1737 1446 1760 cum
1465 1723 1622 1760 nondum
1639 1724 1749 1761 literae
1777 1723 1928 1763 inventae
1957 1725 2140 1763 fuissent?

60 1785 170 1821 ἐκεῖνο
193 1783 232 1821 ἂν
257 1784 349 1835 ἔχοις
367 1785 487 1829 εἰπεῖν,
503 1781 556 1819 ὅτι
569 1782 665 1834 παρὰ
681 1782 841 1834 πατέρων
861 1781 1000 1825 ἐδέξατο
1019 1782 1082 1828 τὴν
1151 1787 1316 1823 Attamen
1334 1785 1418 1835 quia
1439 1799 1516 1835 quae
1537 1799 1598 1822 sua
1626 1794 1724 1822 erant
1743 1785 1885 1834 intulit,
1914 1787 2011 1824 Deus
2032 1787 2139 1824 etiam

60 1845 238 1883 εὖσέὸειαν
254 1849 271 1883 ὁ
283 1844 462 1896 Ἀδραάμ·
480 1843 617 1894 καὶγὰρ
629 1844 879 1896 εἰδωλολάτρης
893 1838 934 1889 ἦν
946 1845 1083 1886 ἐκεῖνος·
1151 1860 1228 1897 quae
1251 1860 1313 1883 sua
1331 1854 1430 1883 erant
1450 1845 1591 1896 adjecit.
1620 1846 1742 1896 Neque
1775 1846 1868 1884 enim
1894 1846 2011 1884 dicere
2024 1849 2143 1900 possis

60 1912 136 1948 ἀλλ’
158 1908 252 1960 ὅμως
267 1909 325 1947 καὶ
341 1907 518 1960 προγόνων
534 1907 714 1957 γενόμενος
731 1906 907 1953 τοιούτων,
923 1905 980 1943 καὶ
1001 1905 1084 1957 βάρ-
1155 1907 1400 1944 Abrahamum
1425 1921 1445 1944 a
1475 1906 1638 1958 patribus
1686 1906 1758 1944 suis
1797 1907 1895 1959 piam
1933 1908 2141 1959 religionem

61 1976 165 2029 ςαρος
185 1975 232 2013 ὢν
249 1976 308 2013 καὶ
325 1978 358 2013 ἓν
379 1973 476 2026 μέσῳ
497 1973 681 2025 βαρὸάρων
707 1972 866 2024 τραφεὶς,
887 1972 945 2010 καὶ
983 1972 1083 2010 3280?-
1107 1975 1132 2004 E
1156 1966 1352 2018 accepisse:
1374 1981 1455 2005 nam
1477 1977 1510 2005 ct
1530 1967 1591 2004 ille
1625 1966 1813 2005 idololatra
1850 1978 1935 2007 erat.
1975 1971 2140 2008 Attamen

62 2045 190 2080 σχαλον
210 2042 331 2080 Οὐδένα
351 2041 444 2093 σγὼν
465 2040 637 2084 εὖσεςεζας
651 2069 660 2086 ,
677 2041 736 2078 καὶ
753 2040 810 2078 τὸν
831 2040 920 2078 Θεὸν
940 2039 1085 2091 ἐπέγνω,
1153 2042 1172 2066 a
1208 2028 1339 2065 talibus
1367 2037 1465 2066 ortus
1498 2028 1798 2080 progenitoribus,
1834 2038 1868 2067 et
1896 2030 2069 2068 barbarus
2104 2031 2141 2068 in

391 2087 397 2093 '
1155 2085 1272 2123 medio
1288 2086 1523 2123 barbarorum
1536 2086 1706 2123 educatus
1719 2116 1730 2136 ,
1749 2101 1829 2123 cum
1848 2087 1988 2124 nullum
2003 2088 2143 2139 pietatis

1155 2146 1335 2184 doctorem
1364 2146 1531 2194 haberet,
1551 2156 1584 2184 et
1613 2148 1731 2184 Deum
1763 2147 1863 2185 novit
1899 2157 1932 2185 et
1956 2149 2145 2200 nepotibus

1157 2208 1229 2245 suis
1261 2208 1442 2257 omnibus,
1465 2208 1599 2258 quihus
1627 2208 1703 2259 lege
1733 2217 1766 2245 et
1797 2208 1979 2260 prophetis
2000 2209 2145 2247 fruida-

1156 2278 1232 2306 tum
1251 2278 1320 2318 est,
1343 2283 1454 2320 usque
1489 2268 1576 2306 adeo
1596 2269 1708 2306 factus
1731 2278 1780 2306 est
1803 2269 1929 2306 clarior
1961 2279 1993 2307 et
2013 2271 2147 2321 proba-

1157 2330 1240 2379 tior,
1263 2339 1302 2367 ut
1322 2344 1384 2367 nec
1398 2343 1558 2367 sermone
1575 2329 1728 2380 exprimi
1744 2339 1860 2380 queat.
1884 2330 2033 2377 Quare?
2052 2330 2147 2376 Quia

1158 2390 1342 2429 saecularia
1386 2404 1456 2428 non
1483 2390 1639 2428 multum
1669 2390 1828 2437 curabat,
1845 2400 1878 2429 ct
1898 2391 2147 2443 spiritualibus

65 2440 307 2492 M57*7„2⁶53⁵'½3
335 2438 413 2491 Οὗλὶ
441 2438 500 2476 καὶ
528 2439 628 2482 αὐτὸς
645 2440 722 2476 κατ’
743 2439 891 2483 ἐκείνους
911 2438 990 2482 τοὺς
1004 2438 1090 2492 χρό’
1157 2465 1231 2490 sese
1257 2461 1371 2489 totum
1407 2450 1601 2488 dediderat.
1632 2451 1730 2497 Quid
1760 2465 1844 2489 vero
1872 2452 2109 2490 Melchisedec
2129 2453 2147 2490 Ξ)

65 2523 141 2550 von<
170 2507 326 2557 ἐγένετο,
363 2505 422 2543 καὶ
450 2511 610 2544 τοσοῦτον
640 2505 808 2556 ἔλαμψεν,
836 2509 882 2549 ὣς
901 2506 960 2544 καὶ
979 2506 1090 2558 ἱερεὺς
1157 2527 1272 2551 nonne
1290 2513 1413 2564 etipse
1435 2512 1562 2550 iisdem
1581 2512 1676 2549 vixit
1704 2513 1951 2564 temporibus,
1972 2523 2076 2563 atque
2097 2514 2146 2551 ita

65 2578 125 2611 τοῦ
143 2576 234 2612 Θεοῦ
248 2571 484 2624 χρηματίσαι,
505 2573 573 2609 Καὶ
587 2572 655 2624 γὰρ
670 2573 866 2624 ἀμήχανον,
882 2573 942 2611 καὶ
958 2573 1090 2624 σφόδρα
1159 2574 1299 2618 claruit,
1320 2583 1359 2610 ut
1383 2582 1416 2610 et
1430 2572 1591 2610 sacerdos
1609 2572 1754 2609 Domini
1775 2573 2016 2624 appellaretur
2031 2574 2048 2610 Ξ)
2064 2573 2147 2611 Ete-

64 2109 123 2146 καὶ
152 2110 220 2146 τῶν
245 2107 393 2158 ἐκγόνων
424 2110 493 2144 τῶν
516 2109 639 2145 ἑαυτοῦ
657 2106 797 2145 πάντων
817 2109 884 2144 τῶν
905 2106 963 2144 καὶ
980 2106 1085 2157 νόμου

64 2177 124 2214 καὶ
151 2179 337 2228 προφητῶν
371 2175 657 2212 ἀπολελαυκότιι)ν
688 2179 850 2212 τοσοῦτον
872 2175 1087 2225 ηὐδοκίμησε

67 2244 214 2293 μᾶλλον,
240 2241 317 2280 ὅσον
341 2241 418 2278 οὐδὲ
436 2241 527 2279 ἔστιν
546 2243 666 2279 εἰπεῖν.
700 2241 748 2279 Τί
767 2241 917 2288 δήποτε,
946 2241 1031 2279 εὈτι
1053 2243 1087 2279 ἐν

66 2309 127 2359 μὲν
147 2316 216 2352 τοῖς
238 2312 412 2360 βιωτικοῖς
437 2308 473 2344 οὔ
496 2307 628 2360 σφόδρα
647 2302 689 2353 ἦν
710 2307 1026 2361 μεμεριμνημένος,
1053 2310 1087 2346 ἐν

65 2373 101 2411 δὲ
120 2379 191 2417 τοῖς
209 2377 457 2423 πνευματικοῖς
481 2370 558 2409 ὅλον
583 2372 703 2409 ἑαυτὸν
732 2372 916 2410 συνέτεινε.
950 2372 997 2411 Τί
1017 2373 1052 2411 δὲ
1071 2375 1089 2410 ὃ

67 2641 264 2691 ἀμήχανον,
298 2639 356 2676 τὸν
392 2638 544 2689 νήφοντα
582 2638 811 2689 περιοφθῆναί
841 2654 939 2677 ποτε.
984 2639 1087 2686 Μηδὲ
1159 2635 1233 2672 nim
1252 2635 1329 2672 fieri
1346 2635 1481 2684 nequit,
1502 2647 1564 2670 nec
1578 2633 1652 2670 ullo
1668 2633 1774 2670 modo
1789 2633 1867 2670 fieri
1891 2635 2014 2685 possit,
2030 2634 2145 2684 utqui

66 2712 176 2746 ταῦτα
202 2710 292 2757 ὑμᾶς
322 2706 529 2759 θορυςείτω.
556 2707 632 2743 ἀλλ’
657 2707 782 2748 εἰδότες
797 2734 806 2751 ,
833 2706 887 2744 ὅτι
907 2679 1146 2758 πανταγοῦᾎῗ
1158 2696 1283 2746 vigilat
1309 2703 1562 2732 contemnatur.
1597 2694 1652 2730 Ne
1670 2707 1753 2731 vero
1778 2694 1899 2731 isthaec
1923 2709 1985 2732 vos
2003 2704 2147 2732 contur-

70 2775 133 2819 τῆς
157 2771 298 2823 γνώμης
318 2773 390 2809 ἐστι
411 2771 450 2808 τὸ
467 2774 568 2822 κῦρος
584 2800 593 2817 ‚
615 2770 660 2809 τὰ
677 2771 832 2822 ἡμέτερα
852 2773 965 2808 αὐτῶν
984 2786 1088 2823 περι,
1158 2756 1265 2804 bent3
1285 2755 1345 2792 sed
1355 2768 1456 2806 gnari
1470 2753 1567 2803 quod
1578 2752 1708 2802 ubique
1722 2762 1848 2790 mentis
1862 2753 2145 2805 praevalebitvis,

1159 2825 1277 2854 nostra
1297 2814 1635 2866 circumspiciamus,
1653 2813 1860 2851 utmeliores
1874 2813 2078 2852 evadamus.
2092 2815 2146 2852 Ne

1160 2890 1178 2915 a
1200 2879 1274 2914 Deo
1292 2877 1444 2914 rationes
1459 2884 1672 2927 repetamus,
1689 2888 1800 2925 neque
1820 2875 2065 2927 exploremus,
2083 2889 2147 2914 cur

1161 2936 1258 2975 liunc
1269 2937 1413 2987 reliquit
1431 2945 1464 2973 et
1480 2936 1575 2973 hunc
1595 2936 1747 2975 vocavit.
1771 2938 1863 2974 Nam
1879 2936 2036 2988 idipsum
2052 2936 2146 2974 faci-
2173 2968 2178 2972 .

1163 3010 1241 3033 mus
1262 3009 1302 3032 ac
1317 2995 1345 3032 si
1357 2995 1436 3045 quis
1455 2993 1689 3040 domesticus,
1710 3008 1746 3030 re
1761 2994 1851 3031 male
1867 3003 1980 3045 gesta,
1996 2995 2073 3031 heri
2087 2994 2143 3032 sui

181 3106 190 3119 Ι
323 3105 337 3128 ³
405 3108 424 3128 ’ἱ
531 3105 539 3119 Ι
640 3109 661 3117 Ν
697 3106 729 3128 ⁸„
793 3104 800 3116 Ι
901 3104 914 3117 x
1080 3103 1088 3118 x
1164 3056 1395 3094 oeconomiam
1415 3055 1550 3119 curiose
1564 3054 1776 3105 exploraret.
1794 3055 1908 3119 Miser
1931 3064 1965 3091 et
1990 3054 2143 3119 infelix,

74 3109 283 3158 Ρῑεργαζοῑτο
301 3122 364 3151 ‘tqv
385 3121 581 3155 Οῑάθνθμῑαν
602 3121 661 3143 του
694 3118 874 3142 Οὖσπθτθυ·
912 3108 1014 3142 Ᾱθλῑε
1033 3119 1093 3141 χαι
1163 3129 1245 3152 cum
1281 3123 1455 3166 oporteret
1480 3122 1632 3150 rationes
1661 3122 1740 3149 tuas
1759 3121 1929 3162 scrutari,
1944 3121 1976 3150 et
1992 3122 2146 3164 cogltare

71 3171 299 3224 ταλαίπωρε,
334 3171 407 3208 δέον
444 3171 631 3223 φροντίζειν
666 3170 753 3223 ὑπὲρ
782 3166 851 3208 τῶν
884 3173 953 3208 σῶν
991 3172 1092 3208 εὐθυ·
1164 3174 1340 3225 quomodo
1378 3174 1505 3210 herum
1528 3173 1668 3225 placare
1693 3172 1824 3224 possis,
1844 3173 1996 3211 rationes
2016 3174 2147 3225 repetis

74 3241 139 3277 νῶν
156 3269 166 3288 ,
185 3239 244 3277 καὶ
280 3241 354 3281 πῶς
385 3236 611 3281 καταλλάξεις
642 3238 699 3276 τὸν
730 3238 917 3287 δεσπότην,
948 3238 1091 3281 εὐθύνας
1163 3249 1308 3285 eorum,
1337 3234 1381 3272 de
1403 3234 1533 3284 quibus
1559 3233 1635 3285 ipse
1660 3233 1810 3272 rationes
1837 3232 1985 3272 reddere
2010 3232 2145 3284 debes3

72 2840 272 2889 σκοπῶμεν,
307 2838 398 2881 ὅπως
427 2837 610 2888 γενοίμεθα
644 2837 808 2888 βελτίους.
839 2836 900 2883 Μὴ
921 2836 978 2873 τὸν
998 2836 1088 2874 Θεὸν

74 2907 278 2955 ἀπαιτῶμεν
311 2903 468 2948 εὐθύνας,
508 2903 596 2952 μηδὲ
626 2903 851 2954 ἐξετάζωμεν,
880 2901 936 2940 διὰ
962 2900 997 2939 τί
1031 2902 1089 2939 τὸν

71 2973 165 3010 δεῖνα
186 2971 298 3019 εἴασε,
329 2971 388 3010 καὶ
407 2971 463 3009 τὸν
485 2972 579 3009 δεῖνα
603 2969 759 3008 ε’κοίλεσε.
790 2970 861 3008 Καὶ
882 2969 948 3021 γὰρ
967 2969 1091 3007 ταύτὸν

71 3042 234 3089 ποιοῦμεν
249 3068 259 3086 ,
286 3032 354 3076 οἷον
376 3037 416 3075 ἂν
436 3037 468 3075 εἴ
484 3053 536 3081 τις
556 3037 692 3083 οἰκέτης
710 3036 1000 3089 προσκεκρουκὼς
1030 3052 1092 3073 πε-

121 3361 136 3383 b
160 3359 429 3401 [ἐπιγινωσκόντων
448 3360 486 3394 A.
504 3369 537 3394 et
552 3371 658 3403 marg.
677 3360 797 3405 Savll.]
1190 3360 1206 3383 ‘¹
1224 3358 1310 3391 Alius
1326 3364 1364 3394 τὸ.
1380 3362 1452 3406 παρ’
1469 3361 1586 3393 ἑαυτοῦ.

122 3421 134 3435 ⁰
158 3411 316 3454 [εἰσήγαγε
335 3410 463 3453 iidem]
1138 3408 1144 3414 ’
