2502 3810
690 277 732 305 lx
768 275 908 306 EPIST.

79 360 324 410 διανεμόμεναι
337 359 422 411 πρὸς
440 360 515 402 τοὺς
533 360 742 402 ἀποστόλους
760 359 837 402 τοὺς
851 358 937 410 ὑπὲρ
956 360 1013 394 τοῦ
1032 373 1094 401 κη-

80 420 251 471 ρύγματος
279 418 422 462 πόνους·
454 420 511 457 διὰ
545 423 645 457 τοῦτο
664 420 722 457 καὶ
744 419 1007 468 συναπεδήμουν
1032 419 1094 454 αι’)-

78 486 169 526 τοῖς,
198 480 257 518 καὶ
282 480 326 517 τὰ
347 482 436 518 ἄλλα
464 480 580 518 πάντα
606 481 836 526 διηκονοῦντο.
868 479 939 517 Καὶ
963 478 1019 516 ἐπὶ
1035 481 1094 515 τοῦ

80 541 274 592 Χριστοῦ
256 540 291 578 οὲ
322 540 528 586 ἠκολούθουν
550 546 706 591 (υναῖκες
726 555 764 577 εκ
781 555 850 577 των
868 537 1094 589 ὃπαργόντων

936 597 1009 611 mxl

81 602 201 644 αυταῖς
217 601 501 651 ΟῐακΟνΟύμΕναῑ,
520 616 578 638 nott
594 604 629 638 ΟΞ
615 599 844 652 ραπέύουσαῑ
859 614 916 636 τον
933 614 1097 636 Οῑῡασκα-

79 662 151 698 λον.

81 726 219 772 γΕνΞῖς
214 738 291 760 [LOU.
323 724 426 759 Aona?
459 738 520 772 μεν
540 721 600 759 καὶ
620 736 720 758 τΟυτΟ
739 719 909 771 Esr-UJMJAOV
934 723 1039 756 sivest·
1060 734 1099 755 t“0

181 661 401 699 Ἀσπασασθε
425 660 639 713 Ἀνδρόνικον
670 675 729 697 και
748 659 895 697 Ἰουνίαν
916 658 993 701 τους
1014 674 1095 708 συ(-

84 781 118 819 δὲ
136 781 256 834 ἐφεξῆς
274 783 394 833 πολλῷ
416 785 541 833 μεῖζον.
577 783 683 819 Ποῖον
707 780 743 819 δὲ
768 785 888 827 τοῦτο;
906 780 1002 818 ῃΚαὶ
1021 795 1122 833 συν-ἦ

85 842 331 894 αιχμαλώτους
362 858 441 894 μου.
478 844 591 881 Τοῦτο
615 841 681 893 γὰρ
701 845 718 879 ὃ
742 842 902 892 μέγιστος
921 840 1100 892 στέφανος,

86 907 106 949 ἡ
137 904 271 955 μεγάλη
302 903 520 958 ἀνακηρυξις,
553 902 623 941 Καὶ
643 907 707 941 ποῦ
726 902 863 953 γέγονεν
882 902 1104 953 αἰχμάλωτος
1124 906 1147 934 Β

86 967 226 1009 Παῦλος
242 996 251 1013 ,
298 966 354 1004 ἵνα
398 966 477 1018 εἴπῃ
493 997 502 1014 ,
549 965 640 1008 Τοὺς
679 963 988 1016 συναιχμαλώτους
1021 978 1105 1012 μους

87 1027 321 1077 Αἷχμάλωτος
340 1027 401 1074 μὲν
422 1028 484 1064 οὐκ
502 1026 636 1076 ἐγένετο
648 1054 657 1071 ,
679 1024 915 1076 αἷχμαλιῖπων
936 1023 969 1060 δὲ
986 1024 1104 1072 πολλῷ

86 1087 316 1138 χαλεπώτερα
348 1087 512 1138 ἔπασχεν,
547 1087 585 1123 οὗ
620 1085 784 1137 πατρίδος
820 1084 1105 1133 ἀλλοτριούμενος

88 1147 189 1195 μόνον
206 1147 264 1184 καὶ
281 1146 390 1189 οἰκίας
404 1177 413 1193 ,
431 1146 520 1184 ἀλλὰ
534 1145 593 1183 καὶ
607 1147 700 1196 λιμῷ
715 1143 874 1182 παλαίων
893 1144 952 1181 καὶ
969 1143 1105 1194 θανάτῳ

88 1207 238 1252 διηνεκεῖ
257 1206 316 1244 καὶ
338 1206 472 1257 μυρίοις
492 1205 631 1257 ἑτέροις.
663 1206 736 1243 Τοῦ
754 1203 815 1255 μὲν
836 1204 902 1256 γὰρ
923 1203 1107 1255 αἰχμαλώ-

86 1282 146 1304 του
166 1271 268 1305 τοῦτο
296 1266 398 1318 μόνον
428 1267 501 1305 ἐστὶ
527 1267 567 1305 τὸ
585 1266 707 1311 δεινὸν,
728 1266 863 1304 ὅτιτῶν
884 1265 1019 1303 οἰκείων
1041 1266 1106 1302 άλ-

87 1328 349 1379 λοτριούμενος,
382 1329 498 1371 δοῦλος
528 1328 661 1379 γίνεται
685 1326 852 1370 πολλάκις
876 1330 948 1365 ἀντ’
973 1326 1108 1365 ἐλευθέ-

91 1404 168 1440 ρου·
190 1391 337 1427 ἐνταῦθα
359 1388 394 1427 δὲ
412 1389 556 1439 νιφάόας
572 1388 663 1426 ἔστιν
682 1391 789 1426 εἰπεῖν
809 1392 1029 1441 πειρασμῶν,
1054 1388 1111 1430 οὒς

90 1449 260 1499 ὑπέμενεν
275 1453 292 1487 ὁ
309 1450 479 1501 μακάριος
495 1444 608 1494 οῦτοςς
634 1450 800 1501 ἀγόμενος
820 1450 878 1486 καὶ
902 1448 1111 1500 περιαγόμε-

89 1525 168 1555 νος,
202 1511 476 1562 μαστιγούμενος
503 1511 562 1548 καὶ
594 1511 844 1562 ὃεσμούμενος,
874 1510 1108 1560 λιθαζόμενος,

91 1571 448 1621 καταποντιζόμενος,
470 1571 608 1624 μυρίους
638 1571 727 1622 ἔχων
751 1570 962 1613 ἕπιὸούλους.
996 1570 1065 1608 Καὶ
1083 1571 1112 1607 οἱ

94 1630 154 1681 μὲν
175 1631 395 1683 αἰχμάλωτοι
415 1632 538 1670 οὐδένα
558 1631 678 1669 λοιπὸν
701 1631 818 1683 ἔχουσι
836 1631 1002 1681 πολέμιον
1024 1629 1112 1680 μετὰ
1134 1637 1157 1667 C

93 1692 154 1737 τὴν
173 1692 362 1743 ἀπαγωγὴν
375 1723 384 1738 ,
401 1692 490 1730 ἀλλὰ
504 1691 562 1729 καὶ
576 1694 707 1737 πολλῆς
724 1691 937 1730 ἀπολαύουσι
953 1691 1114 1745 προνοίας

92 1752 189 1805 παρὰ
209 1756 277 1790 τῶν
299 1752 488 1804 εἰληφότων
511 1752 649 1795 αὐτούς·
677 1746 774 1795 οἶτος
792 1753 826 1791 δὲ
848 1755 882 1790 ἐν
904 1752 1022 1803 μέσοις
1047 1769 1113 1791 πε-

95 1826 229 1864 ριεστρε
232 1829 311 1864 φετο
338 1819 408 1856 τοῖς
435 1812 652 1864 πολεμιοις
635 1815 822 1861 οιηνεκῶς,
856 1814 915 1851 καὶ
934 1817 1113 1865 πανταγοῦ

94 1873 221 1926 δόρατα
241 1873 390 1920 ἔὸλεπε,
411 1890 471 1912 και
490 1874 567 1926 ξίφη
588 1874 808 1924 ἠκονημένα,
832 1875 1116 1937 καὶπαρατάξεις

94 1934 153 1972 καὶ
178 1934 305 1986 μάχας.
346 1935 450 1973 Ἐπει
474 1951 531 1972 ουν
560 1935 621 1973 καὶ
644 1934 783 1978 τούτους
813 1935 902 1979 εἰκὸς
919 1939 961 1981 ἠν
977 1938 1115 1974 πολλι)ν

95 1998 188 2033 αὐτιι)
209 1997 497 2043 κεκοινωνηκέναι
518 1996 700 2043 κινδύνων,
727 1996 1038 2049 συναιχμαλώτους
1058 2014 1118 2036 αυ-

95 2056 172 2100 τοὺς
191 2058 313 2104 καλεῖ,
350 2056 468 2109 ὥσπερ
488 2057 548 2095 καὶ
568 2059 722 2109 ἀλλαχοῦ
741 2073 844 2109 φησιν
862 2073 870 2081 ·
892 2058 1118 2112 Ἀρίσταρχος

97 2121 114 2155 ὃ
143 2118 429 2170 συναιχμάλωτός
455 2135 533 2169 μου.
563 2112 653 2157 Εἶτα
671 2119 729 2157 καὶ
745 2118 860 2172 ἕτερος
881 2119 1038 2163 ἔπαινος·
1059 2120 1120 2158 Οἵ-

96 2179 185 2222 τινές
213 2181 298 2217 εἰσιν
329 2179 497 2228 ἐπίσημοι
518 2182 551 2218 ἐν
574 2186 643 2223 τοῖς
662 2180 878 2223 ἀποστόλοις.
909 2180 1034 2219 Καίτοι
1060 2183 1119 2220 καὶ

95 2239 134 2276 τὸ
160 2240 371 2283 ἀποστόλους
391 2244 478 2278 εἶναι
500 2240 544 2290 με’
544 2256 609 2291 γ,α
640 2240 680 2278 τὸ
699 2239 734 2279 δὲ
756 2241 816 2278 καὶ
842 2242 876 2278 ἐν
893 2241 1025 2286 τούτοις
1042 2245 1119 2281 ἐπι-

97 2314 230 2350 σημους
245 2304 345 2345 εἶναι,
368 2300 529 2347 εννόησον
547 2301 699 2347 ἡλίκον
684 2300 879 2352 εγκώμιον·
900 2303 1065 2354 ἐπίσημοι
1082 2305 1117 2343 δὲ

949 274 1007 302 ΑΙ)
1043 271 1150 300 11031.

2050 254 2140 297 823

1162 355 1281 401 tiores,
1313 369 1394 391 cum
1420 355 1587 406 apostolis
1611 362 1747 406 partem
1780 353 1943 391 laborum
1964 352 1998 389 in
2018 351 2144 403 przedi-

1163 417 1299 454 catione
1320 416 1568 468 suscipientes:
1590 416 1738 466 ideoque
1760 429 1828 452 una
1847 429 1927 452 cum
1947 414 2019 452 illis
2039 427 2144 465 pere—

1163 470 1405 525 grinabantur,
1423 487 1454 514 et
1474 478 1509 514 in
1532 477 1677 527 reliquis
1698 477 1862 515 omnibus
1880 475 2142 514 ministrabant.

1166 539 1210 576 Et
1231 539 1412 575 Christum
1439 551 1579 588 quoque
1601 539 1833 588 sequebantur
1855 538 2033 584 mulieres,
2069 550 2147 586 quae

1164 613 1208 635 cx
1222 599 1294 635 suis
1308 598 1535 635 facultatibus
1550 598 1809 646 ministrabant,
1829 608 1862 635 ct
1872 598 2007 636 doctori
2020 599 2149 635 servie-

1164 662 1261 698 bant.
1275 662 1495 698 7.Salulate
1503 660 1773 697 Andronicum
1788 669 1822 697 ec
1836 662 1865 698 J
1865 664 1997 697 uniam
2013 674 2151 712 cogna-

1169 732 1227 760 tos
1243 736 1357 760 meos.
1373 722 1449 758 Hoc
1467 735 1606 771 quoquc
1627 721 1825 757 encomium
1845 721 1988 758 videtur
2001 735 2074 758 csse
2093 736 2099 756 z
2118 730 2152 757 at

1169 783 1284 821 multo
1315 783 1430 834 majus
1449 791 1501 819 est
1518 781 1615 832 quod
1633 781 1804 831 sequitur.
1832 781 1945 830 Quale
1964 781 2057 818 illud
2076 782 2154 818 cst?

1172 845 1428 896 Concaptivos
1438 856 1538 880 meos
1556 858 1565 878 .-
1583 842 1658 879 baec
1675 841 1765 879 euim
1779 841 1935 877 maxima
1953 850 2154 888 estem-ona,

1170 915 1202 943 et
1215 919 1343 957 magna
1362 903 1594 957 proclamatio
1609 913 1673 941 est.
1697 903 1743 940 Et
1760 902 1904 940 ubinam
1916 903 2076 954 captivus
2088 904 2155 940 suit

1172 967 1328 1016 Paulus,
1353 975 1393 1003 ut
1413 965 1520 1011 dicat,
1542 966 1797 1015 Concap‘sivos
1825 977 1928 1001 meos
1945 968 1961 1000 Ρ
1983 964 2155 1015 Captivus

1173 1026 1316 1077 quidem
1341 1040 1410 1064 non
1438 1027 1573 1075 suerat,
1607 1026 1669 1063 sed
1700 1025 1863 1076 graviora
1889 1039 1995 1076 quam
2026 1027 2157 1077 captivi

1172 1100 1295 1138 passus
1327 1094 1422 1133 erat,
1445 1099 1514 1122 non
1544 1085 1687 1123 modoa
1712 1086 1825 1137 patria
1863 1086 2084 1124 abalienatus
2127 1096 2159 1123 ct

1173 1147 1302 1196 domo,
1333 1146 1395 1184 sed
1425 1156 1454 1183 ct
1478 1160 1560 1183 cum
1584 1147 1675 1183 same
1694 1146 1876 1184 decertans
1892 1156 1925 1184 et
1953 1161 2034 1184 cum
2048 1157 2159 1184 morte

1173 1208 1331 1256 assidua,
1356 1216 1389 1245 et
1411 1221 1493 1244 cum
1526 1207 1721 1244 innumeris
1751 1207 1845 1244 aliis.
1881 1208 2033 1259 Captivo
2066 1208 2160 1245 enim

1174 1269 1243 1307 hoc
1271 1269 1386 1306 solum
1421 1281 1529 1320 grave
1559 1277 1632 1314 est,
1651 1268 1746 1319 quod
1763 1284 1782 1306 a
1807 1269 2012 1307 domesticis
2041 1271 2161 1321 sejun-

1175 1339 1269 1374 ctus,
1286 1343 1407 1367 servus
1423 1343 1514 1380 stepe
1530 1329 1715 1381 prolibero
1731 1329 1792 1366 ssat
1809 1329 1887 1367 :hic
1900 1339 2018 1368 autem
2032 1330 2163 1369 imbres

1189 271 1342 301 nomi„
1382 271 1507 301 XXXI.

1177 1460 1352 1503 raptatus,
1375 1451 1623 1500 circumactus,
1645 1451 1842 1502 flagellatus
1860 1483 1868 1500 ,
1886 1453 2045 1500 vinctus,
2065 1454 2163 1506 lapi-

1179 1512 1302 1561 datus,
1323 1512 1359 1549 in
1390 1526 1485 1549 mare
1513 1511 1708 1562 demersus,
1726 1513 1928 1551 innumeros
1961 1514 2091 1553 habens
2112 1516 2165 1554 in-

1179 1572 1375 1610 sidiatores.
1412 1572 1459 1610 Et·
1487 1573 1621 1624 captivi
1654 1573 1799 1624 quidem
1829 1575 2003 1612 neminem
2034 1576 2166 1614 habent

1180 1633 1424 1672 adversarium
1466 1643 1655 1686 postquam
1688 1635 1833 1673 abducti
1869 1646 1962 1686 sunt,
1996 1637 2058 1675 sed
2090 1639 2162 1676 illis

1181 1694 1375 1732 admodum
1407 1694 1618 1746 providetur
1637 1695 1681 1732 ab
1706 1695 1768 1744 iis,
1788 1696 1851 1746 qui
1870 1697 1951 1735 illos
1977 1709 2163 1750 ceperunt:

1182 1755 1242 1792 hic
1274 1769 1357 1793 vero
1378 1769 1466 1807 saepe
1482 1755 1571 1792 inter
1602 1755 1736 1793 medios
1759 1757 1968 1795 versabatur
1986 1759 2114 1808 hostes,
2134 1769 2167 1797 et

1182 1816 1313 1866 ubique
1330 1815 1450 1853 hastas
1473 1815 1620 1853 videbat
1641 1825 1674 1854 ct·
1692 1826 1811 1855 acutos
1831 1818 1988 1869 gladios,
2010 1820 2168 1871 aciesque

1182 1887 1215 1915 et
1233 1891 1383 1930 pugnas,
1407 1877 1502 1923 Quia
1535 1878 1647 1929 igitur
1678 1879 1870 1918 verisimile
1891 1891 1963 1919 erat
1978 1882 2057 1920 illos
2076 1883 2168 1920 mul-

1183 1947 1300 1976 torum
1325 1938 1436 1989 ipsius
1468 1937 1710 1990 periculorum
1740 1950 1916 1979 consortes
1940 1942 2065 1989 fuisse,
2086 1956 2169 1981 con-

1184 1998 1342 2050 captivos
1360 1998 1440 2035 illos
1472 2007 1594 2044 vocat,
1618 2008 1656 2036 ut
1688 2008 1720 2036 et
1739 2000 1825 2038 alibi
1857 2001 1963 2039 dicit:
1986 2002 2161 2042 Aristar·
2188 2021 2253 2049 Col.
2271 2020 2297 2058 4,
2320 2028 2353 2047 10

1185 2061 1279 2097 ellus
1299 2061 1550 2110 concaptivus
1570 2073 1686 2097 meus.
1709 2061 1788 2098 Alia
1814 2061 1941 2099 deinde
1959 2064 2037 2101 laus
2050 2065 2167 2115 sequi-

1186 2128 1264 2157 tur:
1293 2120 1368 2169 Qui
1386 2127 1475 2156 sunt
1505 2121 1673 2170 insignes
1705 2121 1806 2158 inter
1824 2124 2029 2173 apostolos.
2058 2126 2169 2176 Atqui

1184 2181 1240 2220 vel
1254 2179 1431 2232 apostolos
1445 2180 1554 2217 fuisse
1566 2194 1734 2231 magnum
1749 2191 1823 2220 erat
1838 2198 1850 2232 3
1873 2183 1965 2222 inter
1980 2199 2038 2223 cos
2051 2196 2168 2225 autem

1185 2242 1338 2308 insignes
1363 2255 1452 2289 esse,
1474 2241 1589 2292 cogita
1604 2251 1777 2292 quantum
1805 2243 1850 2281 sit
1869 2246 2092 2284 encomium:
2115 2249 2170 2286 in-

1182 2303 1300 2353 signes
1327 2315 1432 2354 polro
1471 2311 1570 2339 elant
1595 2302 1640 2339 ab
1677 2304 2014 2354 opeiibus,a1ecte
2052 2310 2166 2348 factis

94 2365 183 2408 ἦσαν
201 2361 270 2399 ἀπὸ
282 2377 348 2399 των
367 2360 571 2413 ἔργων,ἀπὸ
586 2365 653 2400 τῶν
671 2363 965 2415 κατορθωμάτων.
988 2364 1117 2413 Bagai,
1138 2367 1164 2397 D
1184 2361 1313 2415 Papae!
1333 2371 1466 2413 quanta
1499 2362 1660 2400 mulieris
1688 2364 1838 2415 hujusce
1863 2367 2111 2421 philosophia,
2131 2380 2170 2408 ut

96 2421 188 2467 πόση
216 2437 279 2468 της
305 2422 464 2472 γυναικὸς
489 2421 618 2470 ταύτης
644 2426 666 2468 ἡ
687 2422 888 2475 φιλοσοφία,
916 2440 963 2467 ως
980 2425 1038 2462 καὶ
1055 2441 1117 2470 της

96 2484 165 2518 τῶν
183 2482 385 2520 ἀποστόλων
407 2482 594 2529 ἀξιωθῆναι
613 2484 861 2535 προσηγορίας.
891 2485 959 2523 Καὶ
973 2486 1048 2524 οὐδὲ
1065 2488 1116 2524 ἐν·

96 2545 207 2580 ταῦθα
226 2541 367 2580 ἵσταται
385 2571 394 2589 ,
423 2544 498 2581 ἀλλ’
520 2542 636 2595 ἕτερον
662 2541 767 2582 πάλιν
784 2544 956 2595 ἐγκώμιον
973 2548 1118 2599 προστί-

99 2607 179 2650 θησι
194 2632 203 2649 ,
223 2602 333 2654 λέγων
348 2618 356 2625 ·
375 2604 421 2641 Οἱ
439 2603 498 2640 καὶ
515 2604 584 2655 πρὸ
608 2607 692 2655 ἐμοῦ
709 2604 890 2656 γεγόνασιν
905 2608 939 2644 ἐν
961 2608 1116 2659 Χριστῷ.

98 2663 169 2702 Καὶ
196 2663 264 2716 γὰρ
282 2663 342 2701 καὶ
363 2667 464 2702 τοῦτο
478 2664 617 2707 ἔπαινος
633 2664 794 2716 μέγιστος
806 2695 815 2712 ,
834 2666 874 2704 τὸ
892 2669 1118 2717 προπηδῆσαι

99 2725 158 2763 καὶ
175 2723 242 2777 πρὸ
263 2726 330 2762 τῶν
353 2724 466 2762 ἄλλων
488 2727 611 2763 ἐλθεῖν.
640 2720 773 2764 Σκόπει
797 2726 834 2765 δέ
853 2742 913 2777 μοι
930 2727 994 2774 τὴν
1017 2729 1118 2778 ἁγίαν

99 2784 214 2838 ψυχὴν
234 2787 308 2828 πῶς
330 2784 523 2829 κενοδοξίας
540 2780 582 2833 ἦν
599 2786 748 2838 καθαρά.
781 2786 883 2825 Μετὰ
902 2788 969 2841 γὰρ
984 2788 1047 2835 τὴν
1063 2805 1120 2827 το-

101 2845 229 2892 σαύτην
250 2861 308 2883 και
332 2846 546 2893 τηλικαύτην
573 2846 672 2890 δόξαν
707 2849 843 2900 ετερους
862 2850 984 2887 ἑαυτοῦ
1003 2849 1119 2900 προτί-

101 2911 202 2955 θησι,
221 2921 281 2944 και
295 2921 358 2944 ουκ
372 2906 634 2959 ἀποκρύπτεται
647 2906 685 2945 τὸ
701 2906 841 2959 ὕστερος
870 2911 981 2946 αὐτων
997 2911 1119 2956 ελθεῖν,

101 2967 177 3006 ουδὲ
206 2966 407 3018 αἰσχύνεται
425 2972 526 3005 τοῦτο
550 2969 742 3019 ὁμολόγων.
774 2968 844 3007 Καὶ
865 2968 898 3006 τί
918 2971 1119 3021 θαυμάζεις,

102 3029 131 3064 εἷ
159 3030 261 3064 τοῦτο
290 3043 351 3065 ουκ
373 3027 595 3080 αἰσχύνεται,
623 3027 708 3066 οπου
730 3044 771 3079 γε
791 3044 849 3066 και
876 3029 933 3068 τὸν
955 3031 1121 3083 πρότερον

103 3088 207 3124 αυτοῦ
240 3086 311 3137 βίον
340 3088 573 3138 ἐκπομπεύειν
593 3091 630 3126 οὐ
649 3096 888 3142 παραιτεῖται,
916 3092 1169 3163 βλάσφημονΕ

103 3145 224 3183 ἑαυτὸν
246 3161 305 3183 και
333 3146 480 3194 διώκτην
503 3150 642 3186 καλων·
634 3178 644 3196 ,
673 3148 775 3188 Ἐπεὶ
794 3154 851 3188 οὖν
871 3154 932 3189 οὐκ
959 3156 1030 3204 εἴγε
1054 3156 1122 3190 τῶν

105 3206 219 3244 ἄλλων
236 3207 387 3244 ἐντεῦθεν
405 3207 527 3252 αὐτους
544 3210 765 3260 προτιθέναι,
793 3211 941 3258 ἐζήτησε
960 3213 1017 3251 τὸν
1036 3212 1123 3263 μετὰ

105 3265 183 3309 τοὺς
212 3266 336 3310 ἄλλους
368 3267 511 3306 ἐλθόντα
543 3269 677 3319 ἑαυτὸν,
701 3270 759 3308 καὶ
779 3265 857 3324 εὗρε
885 3272 944 3310 καὶ
972 3275 1123 3313 ἐντεῦθεν

1183 2425 1289 2462 etiam
1301 2423 1542 2475 apostolorum
1559 2424 1702 2462 nomine
1716 2427 1967 2478 appellaretul.
1977 2431 2099 2481 Neque
2113 2431 2172 2469 hic

1183 2486 1335 2537 gradum
1357 2485 1470 2535 sistit,
1489 2485 1550 2523 sed
1583 2486 1690 2523 aliam
1725 2502 1847 2527 rursus
1866 2489 2010 2529 laudem
2043 2493 2166 2531 addit:

1189 2549 1262 2598 Qui
1280 2550 1397 2585 etiam
1413 2556 1504 2584 ante
1523 2561 1583 2584 me
1608 2549 1772 2599 fuerunt
1787 2552 1829 2586 in
1850 2552 1877 2588 C
1881 2553 2014 2591 bristo.
2031 2553 2172 2594 Etenim

1186 2617 1220 2645 et
1243 2608 1319 2645 haec
1343 2607 1420 2644 laus
1443 2616 1493 2644 est
1514 2608 1684 2654 maxima,
1702 2610 1907 2660 praesiliisse
1934 2621 1966 2649 et
1986 2623 2065 2651 ante
2083 2615 2171 2653 alios

1186 2667 1338 2706 venisse.
1363 2667 1547 2719 Pel-pende
1566 2676 1683 2705 autem
1702 2668 1792 2706 mihi
1810 2670 1949 2708 beatam
1974 2673 2074 2710 illam
2093 2676 2170 2712 ani-

1187 2741 1294 2776 mam,
1321 2742 1430 2778 quam
1449 2741 1468 2764 a
1484 2742 1576 2765 vana
1613 2728 1724 2779 gloria
1747 2745 1838 2781 pura
1868 2732 2050 2784 alienaque
2070 2746 2170 2774 essct.

1188 2790 1271 2828 Post
1291 2798 1426 2827 tantam
1461 2788 1555 2826 enim
1586 2789 1765 2840 talemque
1793 2792 1944 2842 gloriam
1978 2794 2064 2833 alios
2101 2796 2172 2834 sibi

1187 2850 1382 2903 praeponit,
1403 2863 1466 2887 nee
1485 2849 1637 2887 occultat
1657 2851 1756 2900 quod
1776 2852 1850 2903 ipse
1870 2862 1949 2905 post·
1965 2855 2051 2893 alios
2068 2871 2171 2895 vene—

1190 2910 1256 2958 rit,
1281 2923 1392 2960 neque
1412 2908 1521 2961 pudet
1549 2909 1668 2961 ipsum
1700 2911 1767 2948 hoc
1797 2913 1968 2952 confiteri.
2007 2916 2055 2953 Et
2085 2919 2173 2967 quid

1190 2970 1332 3008 miraris
1347 3000 1357 3019 ,
1374 2970 1402 3008 si
1422 2983 1499 3028 non*
1526 2968 1633 3021 pudet
1654 2970 1794 3021 ipsum,
1817 2973 1960 3022 quando
1981 2984 2015 3013 et
2045 2978 2173 3028 pristi—

1191 3045 1271 3068 nam
1292 3044 1393 3068 suam
1418 3029 1531 3068 vitam
1563 3030 1683 3082 palam
1714 3031 1884 3070 incessere
1913 3048 1982 3072 non
2012 3048 2172 3088 recusat,

1194 3106 1230 3130 se
1260 3092 1512 3143 blasphemum
1531 3100 1564 3128 et
1583 3101 1871 3143 persequutorem
1898 3098 2057 3135 vocans?
2081 3100 2175 3146 Quia

1194 3153 1305 3204 igitur
1340 3166 1410 3189 non
1437 3160 1574 3203 potelat
1587 3165 1645 3189 eos
1673 3152 1818 3190 aliunde
1852 3154 1919 3192 sibi
1950 3171 2177 3211 plaeponere,

1194 3212 1360 3264 quaesivit
1380 3225 1461 3249 eum
1483 3211 1546 3261 qui
1578 3220 1657 3263 post
1677 3212 1765 3250 alios
1784 3213 1953 3265 venisset,
1973 3232 2098 3272 nempe
2118 3235 2177 3259 se—

1196 3274 1328 3326 ipsum,
1349 3271 1522 3323 illicque
1512 3285 1573 3311 inv
1575 3271 1832 3312 enitlaudem
1822 3277 1908 3328 1psis
1932 3278 2177 3333 tribuendam,

152 3410 165 3423 «ι
191 3399 252 3431 Hic
269 3410 335 3432 non
351 3410 454 3441 pauca
471 3399 610 3434 deerant
635 3403 669 3436 in
693 3403 806 3435 Morel.
825 3415 895 3447 quae
925 3416 962 3436 ex
991 3405 1113 3440 Savilio
1130 3412 1214 3438 etex
1229 3404 1460 3447 Manuscriptis
1476 3404 1704 3439 restituuntur.

357 3466 451 3491 TOM.
488 3468 542 3491 1x.

2218 1341 2298 1367 Pauli
2317 1340 2361 1366 la-

1176 1391 1411 1428 tentationum
1427 1389 1543 1427 dicere
1556 1391 1686 1442 possis⁷
1702 1404 1788 1441 quas
1803 1391 1925 1429 beatus
1941 1392 2001 1429 ille
2015 1391 2162 1440 subivit,
2176 1385 2276 1411 ΜΝΞ·
