<?xml version="1.0" encoding="UTF-8"?>
<!DOCTYPE html PUBLIC "-//W3C//DTD XHTML 1.0 Transitional//EN"
    "http://www.w3.org/TR/xhtml1/DTD/xhtml1-transitional.dtd">
<html xmlns="http://www.w3.org/1999/xhtml" xml:lang="en" lang="en">
 <head>
  <title>
</title>
<meta http-equiv="Content-Type" content="text/html;charset=utf-8" />
  <meta name='ocr-system' content='tesseract 3.04.00' />
  <meta name='ocr-capabilities' content='ocr_page ocr_carea ocr_par ocr_line ocrx_word'/>
</head>
<body>
  <div class='ocr_page' id='page_1' title='image "./operaomniaquaeex09johnuoft/operaomniaquaeex09johnuoft_0548.png"; bbox 0 0 2502 3810; ppageno 0'>
   <div class='ocr_carea' id='block_1_1' title="bbox 115 1964 268 1992">
    <p class='ocr_par' dir='ltr' id='par_1_1' title="bbox 115 1964 268 1992">
     <span class='ocr_line' id='line_1_1' title="bbox 115 1964 268 1992; baseline -0.007 0"><span class='ocrx_word' id='word_1_1' title='bbox 115 1974 139 1992; x_wconf 75' lang='grc' dir='ltr'><strong>ι,</strong></span> <span class='ocrx_word' id='word_1_2' title='bbox 156 1964 226 1992; x_wconf 74' lang='lat' dir='ltr'><strong>Cor.</strong></span> <span class='ocrx_word' id='word_1_3' title='bbox 241 1964 268 1992; x_wconf 81' lang='lat'><strong>6.</strong></span> 
     </span>
    </p>
   </div>
   <div class='ocr_carea' id='block_1_2' title="bbox 851 287 1032 318">
    <p class='ocr_par' dir='ltr' id='par_1_2' title="bbox 851 287 1032 318">
     <span class='ocr_line' id='line_1_2' title="bbox 851 287 1032 318; baseline -0.011 0"><span class='ocrx_word' id='word_1_4' title='bbox 851 287 1032 318; x_wconf 66' lang='lat' dir='ltr'>JOANNIS</span> 
     </span>
    </p>
   </div>
   <div class='ocr_carea' id='block_1_3' title="bbox 302 368 1299 2616">
    <p class='ocr_par' dir='ltr' id='par_1_3' title="bbox 302 368 1286 1807">
     <span class='ocr_line' id='line_1_3' title="bbox 306 368 1282 424; baseline -0.011 -9"><span class='ocrx_word' id='word_1_5' title='bbox 306 386 406 424; x_wconf 78' lang='lat' dir='ltr'><strong>esset,</strong></span> <span class='ocrx_word' id='word_1_6' title='bbox 425 389 487 413; x_wconf 86' lang='lat' dir='ltr'><strong>nec</strong></span> <span class='ocrx_word' id='word_1_7' title='bbox 506 371 669 424; x_wconf 81' lang='lat' dir='ltr'><strong>supplicii</strong></span> <span class='ocrx_word' id='word_1_8' title='bbox 692 369 929 417; x_wconf 84' lang='lat' dir='ltr'><strong>comminatio,</strong></span> <span class='ocrx_word' id='word_1_9' title='bbox 946 368 1011 406; x_wconf 88' lang='grc'>1100</span> <span class='ocrx_word' id='word_1_10' title='bbox 1030 368 1126 406; x_wconf 86' lang='grc'>0111111</span> <span class='ocrx_word' id='word_1_11' title='bbox 1150 368 1282 420; x_wconf 85' lang='lat' dir='ltr'><strong>suppli-</strong></span> 
     </span>
     <span class='ocr_line' id='line_1_4' title="bbox 305 429 1282 487; baseline -0.009 -13"><span class='ocrx_word' id='word_1_12' title='bbox 305 437 358 475; x_wconf 78' lang='lat' dir='ltr'><strong>cio</strong></span> <span class='ocrx_word' id='word_1_13' title='bbox 373 437 469 487; x_wconf 85' lang='lat' dir='ltr'><strong>pejus</strong></span> <span class='ocrx_word' id='word_1_14' title='bbox 479 442 576 471; x_wconf 83' lang='lat' dir='ltr'><strong>esset.</strong></span> <span class='ocrx_word' id='word_1_15' title='bbox 587 430 692 478; x_wconf 87' lang='lat' dir='ltr'><strong>Quod</strong></span> <span class='ocrx_word' id='word_1_16' title='bbox 707 430 734 467; x_wconf 89' lang='lat' dir='ltr'><strong>si</strong></span> <span class='ocrx_word' id='word_1_17' title='bbox 751 429 785 466; x_wconf 87' lang='lat' dir='ltr'><strong>id</strong></span> <span class='ocrx_word' id='word_1_18' title='bbox 798 429 885 481; x_wconf 87' lang='lat' dir='ltr'><strong>ipsis</strong></span> <span class='ocrx_word' id='word_1_19' title='bbox 896 429 1041 480; x_wconf 82' lang='lat' dir='ltr'><strong>placeat,</strong></span> <span class='ocrx_word' id='word_1_20' title='bbox 1053 437 1282 479; x_wconf 85' lang='lat' dir='ltr'>augmentum</span> 
     </span>
     <span class='ocr_line' id='line_1_5' title="bbox 305 489 1283 547; baseline -0.006 -15"><span class='ocrx_word' id='word_1_21' title='bbox 305 495 471 547; x_wconf 84' lang='lat' dir='ltr'><strong>supplicii</strong></span> <span class='ocrx_word' id='word_1_22' title='bbox 490 506 610 530; x_wconf 80' lang='lat' dir='ltr'><strong>narras</strong></span> <span class='ocrx_word' id='word_1_23' title='bbox 626 491 728 531; x_wconf 80' lang='lat' dir='ltr'><strong>mihi,</strong></span> <span class='ocrx_word' id='word_1_24' title='bbox 751 491 874 540; x_wconf 78' lang='lat' dir='ltr'><strong>Neque</strong></span> <span class='ocrx_word' id='word_1_25' title='bbox 892 489 997 540; x_wconf 80' lang='lat' dir='ltr'><strong>enim,</strong></span> <span class='ocrx_word' id='word_1_26' title='bbox 1017 490 1044 527; x_wconf 89' lang='lat' dir='ltr'><strong>si</strong></span> <span class='ocrx_word' id='word_1_27' title='bbox 1066 503 1171 540; x_wconf 90' lang='lat' dir='ltr'><strong>quem</strong></span> <span class='ocrx_word' id='word_1_28' title='bbox 1185 489 1283 527; x_wconf 80' lang='lat' dir='ltr'><strong>vide—</strong></span> 
     </span>
     <span class='ocr_line' id='line_1_6' title="bbox 305 549 1283 600; baseline -0.005 -8"><span class='ocrx_word' id='word_1_29' title='bbox 305 570 379 593; x_wconf 90' lang='lat' dir='ltr'><strong>rem</strong></span> <span class='ocrx_word' id='word_1_30' title='bbox 400 553 534 591; x_wconf 84' lang='lat' dir='ltr'><strong>nudum</strong></span> <span class='ocrx_word' id='word_1_31' title='bbox 560 560 758 590; x_wconf 89' lang='lat' dir='ltr'><strong>currentem</strong></span> <span class='ocrx_word' id='word_1_32' title='bbox 786 560 857 588; x_wconf 90' lang='lat' dir='ltr'><strong>toto</strong></span> <span class='ocrx_word' id='word_1_33' title='bbox 881 564 1029 600; x_wconf 90' lang='lat' dir='ltr'><strong>corpore</strong></span> <span class='ocrx_word' id='word_1_34' title='bbox 1047 549 1219 588; x_wconf 75' lang='lat' dir='ltr'><strong>foedatum</strong></span> <span class='ocrx_word' id='word_1_35' title='bbox 1238 564 1283 587; x_wconf 77' lang='lat' dir='ltr'><strong>ex</strong></span> 
     </span>
     <span class='ocr_line' id='line_1_7' title="bbox 304 611 1279 665; baseline -0.005 -13"><span class='ocrx_word' id='word_1_36' title='bbox 304 616 398 663; x_wconf 83' lang='lat' dir='ltr'><strong>luto,</strong></span> <span class='ocrx_word' id='word_1_37' title='bbox 419 628 481 651; x_wconf 89' lang='lat' dir='ltr'><strong>nec</strong></span> <span class='ocrx_word' id='word_1_38' title='bbox 500 612 637 665; x_wconf 86' lang='lat' dir='ltr'><strong>pudore</strong></span> <span class='ocrx_word' id='word_1_39' title='bbox 655 613 837 660; x_wconf 79' lang='lat' dir='ltr'><strong>affectum,</strong></span> <span class='ocrx_word' id='word_1_40' title='bbox 857 611 918 649; x_wconf 91' lang='lat' dir='ltr'><strong>sed</strong></span> <span class='ocrx_word' id='word_1_41' title='bbox 937 611 1004 648; x_wconf 86' lang='lat' dir='ltr'><strong>sibi</strong></span> <span class='ocrx_word' id='word_1_42' title='bbox 1025 611 1279 662; x_wconf 70' lang='lat' dir='ltr'>gratulantem,</span> 
     </span>
     <span class='ocr_line' id='line_1_8' title="bbox 304 672 1282 729; baseline -0.005 -15"><span class='ocrx_word' id='word_1_43' title='bbox 304 676 500 729; x_wconf 77' lang='lat' dir='ltr'><strong>gratularer</strong></span> <span class='ocrx_word' id='word_1_44' title='bbox 519 684 551 713; x_wconf 92' lang='lat' dir='ltr'><strong>et</strong></span> <span class='ocrx_word' id='word_1_45' title='bbox 570 688 634 725; x_wconf 83' lang='lat' dir='ltr'><strong>ego</strong></span> <span class='ocrx_word' id='word_1_46' title='bbox 657 674 725 726; x_wconf 86' lang='lat' dir='ltr'><strong>ipsi</strong></span> <span class='ocrx_word' id='word_1_47' title='bbox 743 690 749 710; x_wconf 91' lang='lat'>:</span> <span class='ocrx_word' id='word_1_48' title='bbox 768 673 840 711; x_wconf 89' lang='lat' dir='ltr'><strong>imo</strong></span> <span class='ocrx_word' id='word_1_49' title='bbox 859 673 977 725; x_wconf 86' lang='lat' dir='ltr'><strong>potius</strong></span> <span class='ocrx_word' id='word_1_50' title='bbox 993 673 1097 710; x_wconf 87' lang='lat' dir='ltr'><strong>illum</strong></span> <span class='ocrx_word' id='word_1_51' title='bbox 1116 672 1282 724; x_wconf 88' lang='lat' dir='ltr'><strong>deplora-</strong></span> 
     </span>
     <span class='ocr_line' id='line_1_9' title="bbox 303 733 1284 787; baseline -0.005 -12"><span class='ocrx_word' id='word_1_52' title='bbox 303 752 389 785; x_wconf 87' lang='lat' dir='ltr'><strong>rem,</strong></span> <span class='ocrx_word' id='word_1_53' title='bbox 409 735 504 787; x_wconf 89' lang='lat' dir='ltr'><strong>quod</strong></span> <span class='ocrx_word' id='word_1_54' title='bbox 530 749 598 773; x_wconf 88' lang='lat' dir='ltr'><strong>non</strong></span> <span class='ocrx_word' id='word_1_55' title='bbox 621 735 697 787; x_wconf 86' lang='lat' dir='ltr'><strong>ipse</strong></span> <span class='ocrx_word' id='word_1_56' title='bbox 718 735 860 772; x_wconf 79' lang='lat' dir='ltr'><strong>sentiret</strong></span> <span class='ocrx_word' id='word_1_57' title='bbox 879 748 914 771; x_wconf 88' lang='lat' dir='ltr'><strong>se</strong></span> <span class='ocrx_word' id='word_1_58' title='bbox 932 733 1083 785; x_wconf 83' lang='lat' dir='ltr'><strong>turpiter</strong></span> <span class='ocrx_word' id='word_1_59' title='bbox 1106 747 1219 784; x_wconf 80' lang='lat' dir='ltr'><strong>agere.</strong></span> <span class='ocrx_word' id='word_1_60' title='bbox 1234 734 1284 771; x_wconf 93' lang='lat' dir='ltr'><strong>Ut</strong></span> 
     </span>
     <span class='ocr_line' id='line_1_10' title="bbox 302 795 1285 842; baseline -0.004 -6"><span class='ocrx_word' id='word_1_61' title='bbox 302 808 420 836; x_wconf 86' lang='lat' dir='ltr'><strong>autem</strong></span> <span class='ocrx_word' id='word_1_62' title='bbox 445 797 695 835; x_wconf 87' lang='lat' dir='ltr'><strong>contumeliam</strong></span> <span class='ocrx_word' id='word_1_63' title='bbox 713 796 966 834; x_wconf 82' lang='lat' dir='ltr'><strong>evidentiorem</strong></span> <span class='ocrx_word' id='word_1_64' title='bbox 991 795 1153 842; x_wconf 81' lang='lat' dir='ltr'><strong>reddam,</strong></span> <span class='ocrx_word' id='word_1_65' title='bbox 1181 795 1285 832; x_wconf 90' lang='lat' dir='ltr'><strong>liceat</strong></span> 
     </span>
     <span class='ocr_line' id='line_1_11' title="bbox 303 854 1283 908; baseline -0.004 -13"><span class='ocrx_word' id='word_1_66' title='bbox 303 858 392 895; x_wconf 86' lang='lat' dir='ltr'><strong>mihi</strong></span> <span class='ocrx_word' id='word_1_67' title='bbox 415 857 515 895; x_wconf 86' lang='lat' dir='ltr'><strong>aliud</strong></span> <span class='ocrx_word' id='word_1_68' title='bbox 531 857 633 895; x_wconf 69' lang='lat' dir='ltr'><strong>vobis</strong></span> <span class='ocrx_word' id='word_1_69' title='bbox 648 856 852 908; x_wconf 79' lang='lat' dir='ltr'><strong>exemplum</strong></span> <span class='ocrx_word' id='word_1_70' title='bbox 871 856 1008 893; x_wconf 77' lang='lat' dir='ltr'><strong>afferre.</strong></span> <span class='ocrx_word' id='word_1_71' title='bbox 1021 855 1059 893; x_wconf 89' lang='lat' dir='ltr'><strong>Si</strong></span> <span class='ocrx_word' id='word_1_72' title='bbox 1079 854 1158 905; x_wconf 85' lang='lat' dir='ltr'><strong>quis</strong></span> <span class='ocrx_word' id='word_1_73' title='bbox 1173 854 1283 906; x_wconf 79' lang='lat' dir='ltr'><strong>Virgi-</strong></span> 
     </span>
     <span class='ocr_line' id='line_1_12' title="bbox 303 915 1284 964; baseline -0.002 -10"><span class='ocrx_word' id='word_1_74' title='bbox 303 932 383 955; x_wconf 89' lang='lat' dir='ltr'><strong>nem</strong></span> <span class='ocrx_word' id='word_1_75' title='bbox 397 917 431 954; x_wconf 90' lang='lat' dir='ltr'><strong>in</strong></span> <span class='ocrx_word' id='word_1_76' title='bbox 444 917 599 954; x_wconf 80' lang='lat' dir='ltr'><strong>thalamo</strong></span> <span class='ocrx_word' id='word_1_77' title='bbox 615 925 811 954; x_wconf 73' lang='lat' dir='ltr'><strong>versantem</strong></span> <span class='ocrx_word' id='word_1_78' title='bbox 823 915 1021 964; x_wconf 73' lang='lat' dir='ltr'><strong>damnaret,</strong></span> <span class='ocrx_word' id='word_1_79' title='bbox 1030 924 1066 952; x_wconf 85' lang='lat' dir='ltr'><strong>ut</strong></span> <span class='ocrx_word' id='word_1_80' title='bbox 1080 929 1159 952; x_wconf 87' lang='lat' dir='ltr'><strong>cum</strong></span> <span class='ocrx_word' id='word_1_81' title='bbox 1169 915 1284 952; x_wconf 85' lang='lat' dir='ltr'><strong>brutis</strong></span> 
     </span>
     <span class='ocr_line' id='line_1_13' title="bbox 304 975 1285 1024; baseline -0.001 -9"><span class='ocrx_word' id='word_1_82' title='bbox 304 979 515 1015; x_wconf 74' lang='lat' dir='ltr'><strong>animalibus</strong></span> <span class='ocrx_word' id='word_1_83' title='bbox 535 977 838 1024; x_wconf 83' lang='lat' dir='ltr'><strong>commisceretur,</strong></span> <span class='ocrx_word' id='word_1_84' title='bbox 854 975 915 1013; x_wconf 78' lang='lat' dir='ltr'><strong>illa</strong></span> <span class='ocrx_word' id='word_1_85' title='bbox 934 989 1019 1013; x_wconf 70' lang='lat' dir='ltr'><strong>vero</strong></span> <span class='ocrx_word' id='word_1_86' title='bbox 1045 975 1080 1013; x_wconf 88' lang='lat' dir='ltr'><strong>in</strong></span> <span class='ocrx_word' id='word_1_87' title='bbox 1103 975 1169 1012; x_wconf 91' lang='lat' dir='ltr'><strong>tali</strong></span> <span class='ocrx_word' id='word_1_88' title='bbox 1189 976 1285 1014; x_wconf 89' lang='lat' dir='ltr'><strong>coitu</strong></span> 
     </span>
     <span class='ocr_line' id='line_1_14' title="bbox 304 1036 1284 1088; baseline -0.002 -12"><span class='ocrx_word' id='word_1_89' title='bbox 304 1039 556 1076; x_wconf 81' lang='lat' dir='ltr'><strong>delectaretur:</strong></span> <span class='ocrx_word' id='word_1_90' title='bbox 581 1051 696 1075; x_wconf 89' lang='lat' dir='ltr'><strong>annon</strong></span> <span class='ocrx_word' id='word_1_91' title='bbox 721 1037 800 1074; x_wconf 86' lang='lat' dir='ltr'><strong>ideo</strong></span> <span class='ocrx_word' id='word_1_92' title='bbox 824 1036 993 1088; x_wconf 79' lang='lat' dir='ltr'><strong>lacrymis</strong></span> <span class='ocrx_word' id='word_1_93' title='bbox 1011 1036 1154 1087; x_wconf 80' lang='lat' dir='ltr'><strong>dignior</strong></span> <span class='ocrx_word' id='word_1_94' title='bbox 1177 1046 1284 1086; x_wconf 82' lang='lat' dir='ltr'><strong>esset,</strong></span> 
     </span>
     <span class='ocr_line' id='line_1_15' title="bbox 306 1098 1286 1152; baseline 0 -15"><span class='ocrx_word' id='word_1_95' title='bbox 306 1100 403 1150; x_wconf 86' lang='lat' dir='ltr'><strong>quod</strong></span> <span class='ocrx_word' id='word_1_96' title='bbox 420 1114 488 1138; x_wconf 89' lang='lat' dir='ltr'><strong>non</strong></span> <span class='ocrx_word' id='word_1_97' title='bbox 514 1109 629 1152; x_wconf 89' lang='lat' dir='ltr'><strong>posset</strong></span> <span class='ocrx_word' id='word_1_98' title='bbox 651 1100 695 1136; x_wconf 87' lang='lat' dir='ltr'><strong>ab</strong></span> <span class='ocrx_word' id='word_1_99' title='bbox 716 1099 784 1136; x_wconf 89' lang='grc'>1100</span> <span class='ocrx_word' id='word_1_100' title='bbox 800 1099 923 1136; x_wconf 89' lang='lat' dir='ltr'><strong>morbo</strong></span> <span class='ocrx_word' id='word_1_101' title='bbox 949 1098 1110 1146; x_wconf 83' lang='lat' dir='ltr'><strong>liberari,</strong></span> <span class='ocrx_word' id='word_1_102' title='bbox 1131 1099 1202 1136; x_wconf 91' lang='lat' dir='ltr'><strong>imo</strong></span> <span class='ocrx_word' id='word_1_103' title='bbox 1222 1113 1286 1137; x_wconf 88' lang='lat' dir='ltr'><strong>nee</strong></span> 
     </span>
     <span class='ocr_line' id='line_1_16' title="bbox 304 1159 1285 1211; baseline -0.001 -12"><span class='ocrx_word' id='word_1_104' title='bbox 304 1162 408 1199; x_wconf 90' lang='lat' dir='ltr'><strong>illum</strong></span> <span class='ocrx_word' id='word_1_105' title='bbox 421 1162 568 1199; x_wconf 68' lang='lat' dir='ltr'><strong>sentire?</strong></span> <span class='ocrx_word' id='word_1_106' title='bbox 582 1160 623 1198; x_wconf 91' lang='lat' dir='ltr'><strong>Id</strong></span> <span class='ocrx_word' id='word_1_107' title='bbox 637 1170 727 1199; x_wconf 86' lang='lat' dir='ltr'><strong>certe</strong></span> <span class='ocrx_word' id='word_1_108' title='bbox 743 1159 875 1197; x_wconf 82' lang='lat' dir='ltr'><strong>nemini</strong></span> <span class='ocrx_word' id='word_1_109' title='bbox 890 1173 958 1197; x_wconf 91' lang='lat' dir='ltr'><strong>non</strong></span> <span class='ocrx_word' id='word_1_110' title='bbox 972 1159 1089 1211; x_wconf 84' lang='lat' dir='ltr'><strong>palam</strong></span> <span class='ocrx_word' id='word_1_111' title='bbox 1105 1160 1209 1198; x_wconf 88' lang='lat' dir='ltr'><strong>est.Si</strong></span> <span class='ocrx_word' id='word_1_112' title='bbox 1223 1175 1285 1198; x_wconf 86' lang='lat' dir='ltr'><strong>au-</strong></span> 
     </span>
     <span class='ocr_line' id='line_1_17' title="bbox 306 1222 1284 1274; baseline 0 -14"><span class='ocrx_word' id='word_1_113' title='bbox 306 1233 375 1260; x_wconf 85' lang='lat' dir='ltr'><strong>tem</strong></span> <span class='ocrx_word' id='word_1_114' title='bbox 391 1237 498 1274; x_wconf 72' lang='lat' dir='ltr'><strong>grave</strong></span> <span class='ocrx_word' id='word_1_115' title='bbox 517 1223 606 1261; x_wconf 87' lang='lat' dir='ltr'><strong>illud</strong></span> <span class='ocrx_word' id='word_1_116' title='bbox 624 1223 681 1268; x_wconf 86' lang='lat' dir='ltr'><strong>sit,</strong></span> <span class='ocrx_word' id='word_1_117' title='bbox 704 1222 771 1260; x_wconf 88' lang='grc'>1100</span> <span class='ocrx_word' id='word_1_118' title='bbox 791 1236 859 1259; x_wconf 86' lang='grc'>11011</span> <span class='ocrx_word' id='word_1_119' title='bbox 879 1222 996 1259; x_wconf 83' lang='lat' dir='ltr'><strong>minus</strong></span> <span class='ocrx_word' id='word_1_120' title='bbox 1010 1236 1117 1273; x_wconf 76' lang='lat' dir='ltr'><strong>grave</strong></span> <span class='ocrx_word' id='word_1_121' title='bbox 1139 1238 1146 1258; x_wconf 77' lang='grc' dir='ltr'>ι</span> <span class='ocrx_word' id='word_1_122' title='bbox 1166 1236 1247 1260; x_wconf 85' lang='lat' dir='ltr'><strong>nam</strong></span> <span class='ocrx_word' id='word_1_123' title='bbox 1267 1238 1284 1260; x_wconf 91' lang='lat' dir='ltr'><strong>a</strong></span> 
     </span>
     <span class='ocr_line' id='line_1_18' title="bbox 306 1282 1286 1333; baseline 0.001 -13"><span class='ocrx_word' id='word_1_124' title='bbox 306 1284 380 1321; x_wconf 85' lang='lat' dir='ltr'><strong>suis</strong></span> <span class='ocrx_word' id='word_1_125' title='bbox 400 1283 610 1322; x_wconf 82' lang='lat' dir='ltr'><strong>contumelia</strong></span> <span class='ocrx_word' id='word_1_126' title='bbox 635 1283 744 1330; x_wconf 84' lang='lat' dir='ltr'><strong>affici,</strong></span> <span class='ocrx_word' id='word_1_127' title='bbox 769 1282 1004 1320; x_wconf 78' lang='lat' dir='ltr'><strong>miserabilius</strong></span> <span class='ocrx_word' id='word_1_128' title='bbox 1025 1291 1090 1331; x_wconf 67' lang='lat' dir='ltr'><strong>est,</strong></span> <span class='ocrx_word' id='word_1_129' title='bbox 1119 1297 1226 1333; x_wconf 86' lang='lat' dir='ltr'><strong>quam</strong></span> <span class='ocrx_word' id='word_1_130' title='bbox 1242 1284 1286 1321; x_wconf 88' lang='lat' dir='ltr'><strong>ab</strong></span> 
     </span>
     <span class='ocr_line' id='line_1_19' title="bbox 306 1343 1285 1395; baseline -0.001 -13"><span class='ocrx_word' id='word_1_131' title='bbox 306 1344 440 1382; x_wconf 84' lang='lat' dir='ltr'><strong>alienis.</strong></span> <span class='ocrx_word' id='word_1_132' title='bbox 467 1345 538 1382; x_wconf 90' lang='lat' dir='ltr'><strong>Hos</strong></span> <span class='ocrx_word' id='word_1_133' title='bbox 562 1357 624 1395; x_wconf 82' lang='lat' dir='ltr'><strong>ego</strong></span> <span class='ocrx_word' id='word_1_134' title='bbox 650 1343 840 1381; x_wconf 88' lang='lat' dir='ltr'><strong>homicidis</strong></span> <span class='ocrx_word' id='word_1_135' title='bbox 868 1343 1012 1395; x_wconf 81' lang='lat' dir='ltr'><strong>pejores·</strong></span> <span class='ocrx_word' id='word_1_136' title='bbox 1031 1343 1134 1380; x_wconf 88' lang='lat' dir='ltr'><strong>dieo:</strong></span> <span class='ocrx_word' id='word_1_137' title='bbox 1160 1343 1285 1381; x_wconf 85' lang='lat' dir='ltr'><strong>melius</strong></span> 
     </span>
     <span class='ocr_line' id='line_1_20' title="bbox 308 1403 1286 1456; baseline 0 -15"><span class='ocrx_word' id='word_1_138' title='bbox 308 1405 438 1456; x_wconf 82' lang='lat' dir='ltr'><strong>quippe</strong></span> <span class='ocrx_word' id='word_1_139' title='bbox 461 1413 510 1441; x_wconf 88' lang='lat' dir='ltr'><strong>est</strong></span> <span class='ocrx_word' id='word_1_140' title='bbox 536 1404 644 1452; x_wconf 79' lang='lat' dir='ltr'><strong>mori,</strong></span> <span class='ocrx_word' id='word_1_141' title='bbox 666 1418 773 1454; x_wconf 88' lang='lat' dir='ltr'><strong>quam</strong></span> <span class='ocrx_word' id='word_1_142' title='bbox 803 1403 852 1441; x_wconf 84' lang='lat' dir='ltr'><strong>sic</strong></span> <span class='ocrx_word' id='word_1_143' title='bbox 882 1403 1093 1440; x_wconf 87' lang='lat' dir='ltr'><strong>contumelia</strong></span> <span class='ocrx_word' id='word_1_144' title='bbox 1121 1404 1286 1441; x_wconf 80' lang='lat' dir='ltr'><strong>affectum</strong></span> 
     </span>
     <span class='ocr_line' id='line_1_21' title="bbox 307 1464 1282 1516; baseline -0.002 -13"><span class='ocrx_word' id='word_1_145' title='bbox 307 1466 439 1504; x_wconf 71' lang='lat' dir='ltr'><strong>vivere.</strong></span> <span class='ocrx_word' id='word_1_146' title='bbox 453 1464 641 1503; x_wconf 87' lang='lat' dir='ltr'><strong>Homicida</strong></span> <span class='ocrx_word' id='word_1_147' title='bbox 656 1465 748 1502; x_wconf 91' lang='lat' dir='ltr'><strong>enim</strong></span> <span class='ocrx_word' id='word_1_148' title='bbox 767 1465 921 1502; x_wconf 89' lang='lat' dir='ltr'><strong>animam</strong></span> <span class='ocrx_word' id='word_1_149' title='bbox 940 1479 959 1501; x_wconf 84' lang='lat' dir='ltr'><strong>a</strong></span> <span class='ocrx_word' id='word_1_150' title='bbox 973 1478 1116 1515; x_wconf 87' lang='lat' dir='ltr'><strong>corpore</strong></span> <span class='ocrx_word' id='word_1_151' title='bbox 1131 1474 1282 1516; x_wconf 81' lang='lat' dir='ltr'><strong>separat3</strong></span> 
     </span>
     <span class='ocr_line' id='line_1_22' title="bbox 307 1524 1286 1577; baseline 0 -15"><span class='ocrx_word' id='word_1_152' title='bbox 307 1526 366 1564; x_wconf 87' lang='lat' dir='ltr'><strong>hie</strong></span> <span class='ocrx_word' id='word_1_153' title='bbox 377 1541 459 1564; x_wconf 72' lang='lat' dir='ltr'><strong>vero</strong></span> <span class='ocrx_word' id='word_1_154' title='bbox 472 1527 626 1564; x_wconf 85' lang='lat' dir='ltr'><strong>animam</strong></span> <span class='ocrx_word' id='word_1_155' title='bbox 638 1540 717 1563; x_wconf 87' lang='lat' dir='ltr'><strong>eum</strong></span> <span class='ocrx_word' id='word_1_156' title='bbox 735 1539 878 1577; x_wconf 88' lang='lat' dir='ltr'><strong>corpore</strong></span> <span class='ocrx_word' id='word_1_157' title='bbox 889 1524 1017 1577; x_wconf 84' lang='lat' dir='ltr'><strong>perdit.</strong></span> <span class='ocrx_word' id='word_1_158' title='bbox 1029 1525 1075 1562; x_wconf 91' lang='lat' dir='ltr'><strong>Et</strong></span> <span class='ocrx_word' id='word_1_159' title='bbox 1093 1525 1286 1575; x_wconf 87' lang='lat' dir='ltr'><strong>quodcum-</strong></span> 
     </span>
     <span class='ocr_line' id='line_1_23' title="bbox 307 1585 1286 1638; baseline -0.002 -15"><span class='ocrx_word' id='word_1_160' title='bbox 307 1601 374 1637; x_wconf 88' lang='lat' dir='ltr'><strong>que</strong></span> <span class='ocrx_word' id='word_1_161' title='bbox 392 1586 526 1625; x_wconf 73' lang='lat' dir='ltr'><strong>dixeris</strong></span> <span class='ocrx_word' id='word_1_162' title='bbox 551 1596 751 1638; x_wconf 86' lang='lat' dir='ltr'><strong>peccatum,</strong></span> <span class='ocrx_word' id='word_1_163' title='bbox 781 1599 848 1623; x_wconf 92' lang='lat' dir='ltr'><strong>non</strong></span> <span class='ocrx_word' id='word_1_164' title='bbox 877 1585 1009 1635; x_wconf 79' lang='lat' dir='ltr'><strong>aequale</strong></span> <span class='ocrx_word' id='word_1_165' title='bbox 1036 1585 1173 1631; x_wconf 72' lang='lat' dir='ltr'><strong>dixeris</strong></span> <span class='ocrx_word' id='word_1_166' title='bbox 1201 1585 1286 1622; x_wconf 88' lang='lat' dir='ltr'><strong>huic</strong></span> 
     </span>
     <span class='ocr_line' id='line_1_24' title="bbox 306 1644 1285 1696; baseline -0.002 -13"><span class='ocrx_word' id='word_1_167' title='bbox 306 1647 485 1696; x_wconf 83' lang='lat' dir='ltr'><strong>iniquitati</strong></span> <span class='ocrx_word' id='word_1_168' title='bbox 504 1663 511 1682; x_wconf 93' lang='lat'>:</span> <span class='ocrx_word' id='word_1_169' title='bbox 534 1656 565 1683; x_wconf 89' lang='lat' dir='ltr'><strong>et</strong></span> <span class='ocrx_word' id='word_1_170' title='bbox 585 1647 614 1683; x_wconf 89' lang='lat' dir='ltr'><strong>si</strong></span> <span class='ocrx_word' id='word_1_171' title='bbox 631 1646 670 1694; x_wconf 89' lang='grc'><strong>11,</strong></span> <span class='ocrx_word' id='word_1_172' title='bbox 691 1645 752 1695; x_wconf 88' lang='lat' dir='ltr'><strong>qui</strong></span> <span class='ocrx_word' id='word_1_173' title='bbox 771 1645 847 1682; x_wconf 80' lang='lat' dir='ltr'><strong>haec</strong></span> <span class='ocrx_word' id='word_1_174' title='bbox 864 1644 1058 1696; x_wconf 83' lang='lat' dir='ltr'><strong>patiuntur,</strong></span> <span class='ocrx_word' id='word_1_175' title='bbox 1079 1645 1130 1681; x_wconf 89' lang='lat' dir='ltr'><strong>rei</strong></span> <span class='ocrx_word' id='word_1_176' title='bbox 1145 1659 1285 1682; x_wconf 89' lang='lat' dir='ltr'><strong>sensum</strong></span> 
     </span>
     <span class='ocr_line' id='line_1_25' title="bbox 305 1706 1286 1759; baseline 0 -14"><span class='ocrx_word' id='word_1_177' title='bbox 305 1709 485 1756; x_wconf 83' lang='lat' dir='ltr'><strong>haberent,</strong></span> <span class='ocrx_word' id='word_1_178' title='bbox 512 1707 640 1745; x_wconf 88' lang='lat' dir='ltr'><strong>millies</strong></span> <span class='ocrx_word' id='word_1_179' title='bbox 662 1706 751 1744; x_wconf 88' lang='lat' dir='ltr'><strong>mori</strong></span> <span class='ocrx_word' id='word_1_180' title='bbox 768 1715 1016 1759; x_wconf 69' lang='lat' dir='ltr'><strong>praeoptarent7</strong></span> <span class='ocrx_word' id='word_1_181' title='bbox 1035 1721 1076 1745; x_wconf 90' lang='lat' dir='ltr'><strong>ne</strong></span> <span class='ocrx_word' id='word_1_182' title='bbox 1094 1707 1162 1744; x_wconf 89' lang='lat' dir='ltr'><strong>hoc</strong></span> <span class='ocrx_word' id='word_1_183' title='bbox 1183 1716 1286 1759; x_wconf 85' lang='lat' dir='ltr'><strong>pate-</strong></span> 
     </span>
     <span class='ocr_line' id='line_1_26' title="bbox 306 1779 439 1807; baseline 0.008 -2"><span class='ocrx_word' id='word_1_184' title='bbox 306 1779 439 1807; x_wconf 87' lang='lat' dir='ltr'><strong>rentur.</strong></span> 
     </span>
    </p>

    <p class='ocr_par' dir='ltr' id='par_1_4' title="bbox 306 1826 1299 2616">
     <span class='ocr_line' id='line_1_27' title="bbox 359 1826 1287 1880; baseline -0.001 -12"><span class='ocrx_word' id='word_1_185' title='bbox 359 1832 397 1868; x_wconf 80' lang='lat'><strong>5.</strong></span> <span class='ocrx_word' id='word_1_186' title='bbox 429 1830 530 1868; x_wconf 88' lang='lat' dir='ltr'><strong>Nihil</strong></span> <span class='ocrx_word' id='word_1_187' title='bbox 553 1826 733 1879; x_wconf 73' lang='lat' dir='ltr'><strong>est,&#39;niliil</strong></span> <span class='ocrx_word' id='word_1_188' title='bbox 751 1829 871 1880; x_wconf 90' lang='lat' dir='ltr'><strong>utique</strong></span> <span class='ocrx_word' id='word_1_189' title='bbox 901 1838 950 1866; x_wconf 85' lang='lat' dir='ltr'><strong>est</strong></span> <span class='ocrx_word' id='word_1_190' title='bbox 976 1828 1043 1867; x_wconf 72' lang='lat' dir='ltr'><strong>liae</strong></span> <span class='ocrx_word' id='word_1_191' title='bbox 1075 1829 1287 1867; x_wconf 83' lang='lat' dir='ltr'><strong>contumelia</strong></span> 
     </span>
     <span class='ocr_line' id='line_1_28' title="bbox 307 1890 1288 1942; baseline 0 -13"><span class='ocrx_word' id='word_1_192' title='bbox 307 1891 584 1929; x_wconf 81' lang='lat' dir='ltr'><strong>irrationabilius</strong></span> <span class='ocrx_word' id='word_1_193' title='bbox 602 1900 633 1928; x_wconf 82' lang='lat' dir='ltr'><strong>et</strong></span> <span class='ocrx_word' id='word_1_194' title='bbox 653 1891 807 1942; x_wconf 70' lang='lat' dir='ltr'><strong>gravius.</strong></span> <span class='ocrx_word' id='word_1_195' title='bbox 829 1890 867 1929; x_wconf 87' lang='lat' dir='ltr'><strong>Si</strong></span> <span class='ocrx_word' id='word_1_196' title='bbox 887 1890 983 1928; x_wconf 86' lang='lat' dir='ltr'><strong>enim</strong></span> <span class='ocrx_word' id='word_1_197' title='bbox 997 1892 1040 1928; x_wconf 91' lang='lat' dir='ltr'><strong>de</strong></span> <span class='ocrx_word' id='word_1_198' title='bbox 1059 1890 1288 1929; x_wconf 82' lang='lat' dir='ltr'><strong>fornicatione</strong></span> 
     </span>
     <span class='ocr_line' id='line_1_29' title="bbox 306 1952 1287 2004; baseline 0 -14"><span class='ocrx_word' id='word_1_199' title='bbox 306 1953 452 2003; x_wconf 86' lang='lat' dir='ltr'><strong>loquens</strong></span> <span class='ocrx_word' id='word_1_200' title='bbox 468 1953 613 2000; x_wconf 87' lang='lat' dir='ltr'><strong>Paulus,</strong></span> <span class='ocrx_word' id='word_1_201' title='bbox 627 1952 920 1989; x_wconf 75' lang='lat' dir='ltr'><strong>dicebatzomne</strong></span> <span class='ocrx_word' id='word_1_202' title='bbox 937 1961 1151 2003; x_wconf 70' lang='lat' dir='ltr'><strong>peccatum,</strong></span> <span class='ocrx_word' id='word_1_203' title='bbox 1171 1954 1287 2004; x_wconf 78' lang='lat' dir='ltr'><strong>quod-</strong></span> 
     </span>
     <span class='ocr_line' id='line_1_30' title="bbox 307 2015 1299 2067; baseline 0 -16"><span class='ocrx_word' id='word_1_204' title='bbox 307 2016 628 2067; x_wconf 79' lang='lat' dir='ltr'><strong>cumquesecerit</strong></span> <span class='ocrx_word' id='word_1_205' title='bbox 657 2015 794 2062; x_wconf 74' lang='lat' dir='ltr'><strong>thO,</strong></span> <span class='ocrx_word' id='word_1_206' title='bbox 824 2021 935 2050; x_wconf 72' lang='lat' dir='ltr'><strong>extra</strong></span> <span class='ocrx_word' id='word_1_207' title='bbox 961 2027 1096 2063; x_wconf 78' lang='lat' dir='ltr'><strong>corpus</strong></span> <span class='ocrx_word' id='word_1_208' title='bbox 1126 2023 1202 2058; x_wconf 70' lang='grc' dir='ltr'>θεῖ,-</span> <span class='ocrx_word' id='word_1_209' title='bbox 1223 2017 1299 2066; x_wconf 32' lang='lat' dir='ltr'><strong>qui(</strong></span> 
     </span>
     <span class='ocr_line' id='line_1_31' title="bbox 310 2076 1287 2128; baseline -0.001 -16"><span class='ocrx_word' id='word_1_210' title='bbox 310 2090 396 2112; x_wconf 71' lang='lat' dir='ltr'><strong>vero</strong></span> <span class='ocrx_word' id='word_1_211' title='bbox 409 2078 651 2128; x_wconf 82' lang='lat' dir='ltr'><strong>fornicatur,</strong></span> <span class='ocrx_word' id='word_1_212' title='bbox 679 2077 719 2111; x_wconf 88' lang='lat' dir='ltr'><strong>in</strong></span> <span class='ocrx_word' id='word_1_213' title='bbox 745 2076 941 2125; x_wconf 78' lang='lat' dir='ltr'><strong>proprium</strong></span> <span class='ocrx_word' id='word_1_214' title='bbox 967 2087 1103 2125; x_wconf 79' lang='lat' dir='ltr'><strong>corpus</strong></span> <span class='ocrx_word' id='word_1_215' title='bbox 1129 2083 1287 2125; x_wconf 79' lang='lat' dir='ltr'><strong>peccat,-</strong></span> 
     </span>
     <span class='ocr_line' id='line_1_32' title="bbox 306 2135 1290 2187; baseline -0.001 -13"><span class='ocrx_word' id='word_1_216' title='bbox 306 2137 394 2187; x_wconf 84' lang='lat' dir='ltr'><strong>qnid</strong></span> <span class='ocrx_word' id='word_1_217' title='bbox 408 2137 606 2174; x_wconf 74' lang='lat' dir='ltr'><strong>dixerimus</strong></span> <span class='ocrx_word' id='word_1_218' title='bbox 621 2136 664 2173; x_wconf 90' lang='lat' dir='ltr'><strong>de</strong></span> <span class='ocrx_word' id='word_1_219' title='bbox 678 2136 744 2173; x_wconf 88' lang='lat' dir='ltr'><strong>hae</strong></span> <span class='ocrx_word' id='word_1_220' title='bbox 764 2135 914 2185; x_wconf 78' lang='lat' dir='ltr'><strong>insania,</strong></span> <span class='ocrx_word' id='word_1_221' title='bbox 934 2149 1010 2185; x_wconf 84' lang='lat' dir='ltr'><strong>qnae</strong></span> <span class='ocrx_word' id='word_1_222' title='bbox 1026 2145 1123 2173; x_wconf 90' lang='lat' dir='ltr'><strong>tanto</strong></span> <span class='ocrx_word' id='word_1_223' title='bbox 1138 2135 1290 2174; x_wconf 81' lang='lat' dir='ltr'><strong>deterior</strong></span> 
     </span>
     <span class='ocr_line' id='line_1_33' title="bbox 306 2196 1290 2247; baseline 0 -12"><span class='ocrx_word' id='word_1_224' title='bbox 306 2208 356 2235; x_wconf 87' lang='lat' dir='ltr'><strong>est</strong></span> <span class='ocrx_word' id='word_1_225' title='bbox 383 2199 624 2245; x_wconf 79' lang='lat' dir='ltr'><strong>fornicatione,</strong></span> <span class='ocrx_word' id='word_1_226' title='bbox 648 2207 780 2247; x_wconf 87' lang='lat' dir='ltr'><strong>quanto</strong></span> <span class='ocrx_word' id='word_1_227' title='bbox 806 2196 876 2233; x_wconf 89' lang='lat' dir='ltr'><strong>dici</strong></span> <span class='ocrx_word' id='word_1_228' title='bbox 895 2198 1037 2247; x_wconf 72' lang='lat' dir='ltr'><strong>nequit?</strong></span> <span class='ocrx_word' id='word_1_229' title='bbox 1056 2199 1177 2247; x_wconf 73' lang='lat' dir='ltr'><strong>Neque</strong></span> <span class='ocrx_word' id='word_1_230' title='bbox 1195 2198 1290 2235; x_wconf 88' lang='lat' dir='ltr'><strong>enim</strong></span> 
     </span>
     <span class='ocr_line' id='line_1_34' title="bbox 306 2257 1290 2308; baseline 0 -12"><span class='ocrx_word' id='word_1_231' title='bbox 306 2259 372 2296; x_wconf 90' lang='lat' dir='ltr'><strong>hoc</strong></span> <span class='ocrx_word' id='word_1_232' title='bbox 391 2268 528 2296; x_wconf 83' lang='lat' dir='ltr'><strong>tantum</strong></span> <span class='ocrx_word' id='word_1_233' title='bbox 542 2259 633 2306; x_wconf 83' lang='lat' dir='ltr'><strong>dieo,</strong></span> <span class='ocrx_word' id='word_1_234' title='bbox 644 2257 741 2308; x_wconf 86' lang='lat' dir='ltr'><strong>qnod</strong></span> <span class='ocrx_word' id='word_1_235' title='bbox 759 2258 871 2294; x_wconf 86' lang='lat' dir='ltr'><strong>factus</strong></span> <span class='ocrx_word' id='word_1_236' title='bbox 887 2257 934 2295; x_wconf 88' lang='lat' dir='ltr'><strong>sis</strong></span> <span class='ocrx_word' id='word_1_237' title='bbox 953 2258 1094 2307; x_wconf 80' lang='lat' dir='ltr'><strong>mulier,</strong></span> <span class='ocrx_word' id='word_1_238' title='bbox 1108 2258 1290 2306; x_wconf 39' lang='lat' dir='ltr'><strong>sed-etiam</strong></span> 
     </span>
     <span class='ocr_line' id='line_1_35' title="bbox 306 2316 1289 2370; baseline 0 -15"><span class='ocrx_word' id='word_1_239' title='bbox 306 2319 402 2370; x_wconf 86' lang='lat' dir='ltr'><strong>quod</strong></span> <span class='ocrx_word' id='word_1_240' title='bbox 423 2333 533 2357; x_wconf 87' lang='lat' dir='ltr'><strong>cesses</strong></span> <span class='ocrx_word' id='word_1_241' title='bbox 560 2333 632 2356; x_wconf 85' lang='lat' dir='ltr'><strong>esse</strong></span> <span class='ocrx_word' id='word_1_242' title='bbox 656 2318 727 2366; x_wconf 77' lang='lat' dir='ltr'><strong>vir,</strong></span> <span class='ocrx_word' id='word_1_243' title='bbox 747 2331 860 2367; x_wconf 89' lang='lat' dir='ltr'><strong>neque</strong></span> <span class='ocrx_word' id='word_1_244' title='bbox 881 2326 1036 2354; x_wconf 87' lang='lat' dir='ltr'><strong>mutatus</strong></span> <span class='ocrx_word' id='word_1_245' title='bbox 1057 2318 1104 2355; x_wconf 88' lang='lat' dir='ltr'><strong>sis</strong></span> <span class='ocrx_word' id='word_1_246' title='bbox 1128 2318 1164 2355; x_wconf 91' lang='lat' dir='ltr'><strong>in</strong></span> <span class='ocrx_word' id='word_1_247' title='bbox 1186 2316 1289 2355; x_wconf 79' lang='lat' dir='ltr'><strong>istam</strong></span> 
     </span>
     <span class='ocr_line' id='line_1_36' title="bbox 307 2378 1289 2430; baseline -0.002 -12"><span class='ocrx_word' id='word_1_248' title='bbox 307 2390 483 2427; x_wconf 77' lang='lat' dir='ltr'><strong>naturam,</strong></span> <span class='ocrx_word' id='word_1_249' title='bbox 506 2394 617 2430; x_wconf 87' lang='lat' dir='ltr'><strong>neque</strong></span> <span class='ocrx_word' id='word_1_250' title='bbox 644 2379 742 2416; x_wconf 87' lang='lat' dir='ltr'><strong>illam</strong></span> <span class='ocrx_word' id='word_1_251' title='bbox 765 2392 880 2416; x_wconf 72' lang='lat' dir='ltr'><strong>serves</strong></span> <span class='ocrx_word' id='word_1_252' title='bbox 900 2392 1007 2428; x_wconf 88' lang='lat' dir='ltr'><strong>quam</strong></span> <span class='ocrx_word' id='word_1_253' title='bbox 1029 2378 1186 2415; x_wconf 88' lang='lat' dir='ltr'><strong>habuisti</strong></span> <span class='ocrx_word' id='word_1_254' title='bbox 1199 2394 1209 2426; x_wconf 81' lang='lat'>3</span> <span class='ocrx_word' id='word_1_255' title='bbox 1228 2378 1289 2416; x_wconf 85' lang='lat' dir='ltr'><strong>sed</strong></span> 
     </span>
     <span class='ocr_line' id='line_1_37' title="bbox 307 2439 1289 2494; baseline -0.004 -13"><span class='ocrx_word' id='word_1_256' title='bbox 307 2443 491 2494; x_wconf 87' lang='lat' dir='ltr'><strong>utriusque</strong></span> <span class='ocrx_word' id='word_1_257' title='bbox 513 2442 709 2488; x_wconf 83' lang='lat' dir='ltr'><strong>communis</strong></span> <span class='ocrx_word' id='word_1_258' title='bbox 740 2439 902 2493; x_wconf 86' lang='lat' dir='ltr'><strong>proditor</strong></span> <span class='ocrx_word' id='word_1_259' title='bbox 935 2440 1080 2477; x_wconf 86' lang='lat' dir='ltr'><strong>effectus</strong></span> <span class='ocrx_word' id='word_1_260' title='bbox 1099 2440 1158 2484; x_wconf 89' lang='lat' dir='ltr'><strong>sis,</strong></span> <span class='ocrx_word' id='word_1_261' title='bbox 1181 2449 1213 2477; x_wconf 88' lang='lat' dir='ltr'><strong>et</strong></span> <span class='ocrx_word' id='word_1_262' title='bbox 1232 2439 1289 2477; x_wconf 88' lang='lat' dir='ltr'><strong>di-</strong></span> 
     </span>
     <span class='ocr_line' id='line_1_38' title="bbox 307 2501 1286 2555; baseline -0.004 -13"><span class='ocrx_word' id='word_1_263' title='bbox 307 2518 397 2555; x_wconf 74' lang='lat' dir='ltr'><strong>gnus</strong></span> <span class='ocrx_word' id='word_1_264' title='bbox 421 2504 482 2555; x_wconf 91' lang='lat' dir='ltr'><strong>qui</strong></span> <span class='ocrx_word' id='word_1_265' title='bbox 503 2518 523 2541; x_wconf 90' lang='lat' dir='ltr'><strong>a</strong></span> <span class='ocrx_word' id='word_1_266' title='bbox 542 2503 628 2541; x_wconf 69' lang='lat' dir='ltr'><strong>viris</strong></span> <span class='ocrx_word' id='word_1_267' title='bbox 649 2512 681 2540; x_wconf 90' lang='lat' dir='ltr'><strong>et</strong></span> <span class='ocrx_word' id='word_1_268' title='bbox 701 2501 911 2539; x_wconf 86' lang='lat' dir='ltr'><strong>mulieribus</strong></span> <span class='ocrx_word' id='word_1_269' title='bbox 931 2501 1120 2553; x_wconf 76' lang='lat' dir='ltr'><strong>expellaris</strong></span> <span class='ocrx_word' id='word_1_270' title='bbox 1139 2510 1172 2538; x_wconf 92' lang='lat' dir='ltr'><strong>et</strong></span> <span class='ocrx_word' id='word_1_271' title='bbox 1193 2501 1286 2553; x_wconf 84' lang='lat' dir='ltr'><strong>lapi-</strong></span> 
     </span>
     <span class='ocr_line' id='line_1_39' title="bbox 306 2561 1289 2616; baseline -0.002 -14"><span class='ocrx_word' id='word_1_272' title='bbox 306 2565 413 2611; x_wconf 86' lang='lat' dir='ltr'><strong>deris,</strong></span> <span class='ocrx_word' id='word_1_273' title='bbox 437 2574 556 2616; x_wconf 85' lang='lat' dir='ltr'><strong>utpote</strong></span> <span class='ocrx_word' id='word_1_274' title='bbox 575 2563 636 2614; x_wconf 89' lang='lat' dir='ltr'><strong>qui</strong></span> <span class='ocrx_word' id='word_1_275' title='bbox 662 2572 851 2612; x_wconf 88' lang='lat' dir='ltr'><strong>utrumque</strong></span> <span class='ocrx_word' id='word_1_276' title='bbox 871 2575 997 2598; x_wconf 73' lang='lat' dir='ltr'><strong>sexum</strong></span> <span class='ocrx_word' id='word_1_277' title='bbox 1013 2561 1141 2613; x_wconf 66' lang='lat' dir='ltr'><strong>injmia</strong></span> <span class='ocrx_word' id='word_1_278' title='bbox 1161 2562 1289 2600; x_wconf 84' lang='lat' dir='ltr'><strong>affece-</strong></span> 
     </span>
    </p>
   </div>
   <div class='ocr_carea' id='block_1_4' title="bbox 291 2621 1289 2675">
    <p class='ocr_par' dir='ltr' id='par_1_5' title="bbox 291 2621 1289 2675">
     <span class='ocr_line' id='line_1_40' title="bbox 291 2621 1289 2675; baseline -0.002 -13"><span class='ocrx_word' id='word_1_279' title='bbox 291 2625 368 2663; x_wconf 80' lang='lat' dir='ltr'><strong>ris.</strong></span> <span class='ocrx_word' id='word_1_280' title='bbox 390 2625 436 2662; x_wconf 90' lang='lat' dir='ltr'><strong>Et</strong></span> <span class='ocrx_word' id='word_1_281' title='bbox 460 2634 498 2662; x_wconf 88' lang='lat' dir='ltr'><strong>ut</strong></span> <span class='ocrx_word' id='word_1_282' title='bbox 523 2624 656 2662; x_wconf 81' lang='lat' dir='ltr'><strong>edjscas</strong></span> <span class='ocrx_word' id='word_1_283' title='bbox 675 2631 847 2675; x_wconf 87' lang='lat' dir='ltr'><strong>quantum</strong></span> <span class='ocrx_word' id='word_1_284' title='bbox 869 2622 936 2659; x_wconf 87' lang='lat' dir='ltr'><strong>hoc</strong></span> <span class='ocrx_word' id='word_1_285' title='bbox 956 2622 1001 2660; x_wconf 89' lang='lat' dir='ltr'><strong>sit</strong></span> <span class='ocrx_word' id='word_1_286' title='bbox 1019 2638 1026 2658; x_wconf 74' lang='grc' dir='ltr'><strong><em>ε</em></strong></span> <span class='ocrx_word' id='word_1_287' title='bbox 1043 2622 1072 2659; x_wconf 89' lang='lat' dir='ltr'><strong>si</strong></span> <span class='ocrx_word' id='word_1_288' title='bbox 1094 2621 1174 2672; x_wconf 91' lang='lat' dir='ltr'><strong>quis</strong></span> <span class='ocrx_word' id='word_1_289' title='bbox 1190 2636 1289 2660; x_wconf 85' lang='lat' dir='ltr'><strong>acce-</strong></span> 
     </span>
    </p>
   </div>
   <div class='ocr_carea' id='block_1_5' title="bbox 308 2683 1295 3341">
    <p class='ocr_par' dir='ltr' id='par_1_6' title="bbox 308 2683 1295 3341">
     <span class='ocr_line' id='line_1_41' title="bbox 308 2683 1290 2730; baseline -0.003 -7"><span class='ocrx_word' id='word_1_290' title='bbox 308 2686 392 2723; x_wconf 86' lang='lat' dir='ltr'><strong>dens</strong></span> <span class='ocrx_word' id='word_1_291' title='bbox 407 2686 548 2724; x_wconf 86' lang='lat' dir='ltr'><strong>offerret</strong></span> <span class='ocrx_word' id='word_1_292' title='bbox 569 2685 649 2730; x_wconf 74' lang='lat' dir='ltr'><strong>tibi,</strong></span> <span class='ocrx_word' id='word_1_293' title='bbox 669 2698 705 2721; x_wconf 90' lang='lat' dir='ltr'><strong>se</strong></span> <span class='ocrx_word' id='word_1_294' title='bbox 723 2698 767 2721; x_wconf 77' lang='lat' dir='ltr'><strong>ex</strong></span> <span class='ocrx_word' id='word_1_295' title='bbox 788 2683 932 2721; x_wconf 88' lang='lat' dir='ltr'><strong>homine</strong></span> <span class='ocrx_word' id='word_1_296' title='bbox 953 2692 986 2720; x_wconf 89' lang='lat' dir='ltr'><strong>te</strong></span> <span class='ocrx_word' id='word_1_297' title='bbox 1005 2697 1126 2721; x_wconf 84' lang='lat' dir='ltr'><strong>canem</strong></span> <span class='ocrx_word' id='word_1_298' title='bbox 1147 2697 1220 2720; x_wconf 88' lang='lat' dir='ltr'><strong>esse</strong></span> <span class='ocrx_word' id='word_1_299' title='bbox 1240 2683 1290 2720; x_wconf 88' lang='lat' dir='ltr'><strong>fa-</strong></span> 
     </span>
     <span class='ocr_line' id='line_1_42' title="bbox 309 2742 1289 2795; baseline -0.003 -11"><span class='ocrx_word' id='word_1_300' title='bbox 309 2756 460 2794; x_wconf 84' lang='lat' dir='ltr'><strong>cturum,</strong></span> <span class='ocrx_word' id='word_1_301' title='bbox 480 2760 596 2783; x_wconf 89' lang='lat' dir='ltr'><strong>annon</strong></span> <span class='ocrx_word' id='word_1_302' title='bbox 627 2745 731 2782; x_wconf 86' lang='lat' dir='ltr'><strong>illum</strong></span> <span class='ocrx_word' id='word_1_303' title='bbox 758 2753 797 2781; x_wconf 90' lang='lat' dir='ltr'><strong>ut</strong></span> <span class='ocrx_word' id='word_1_304' title='bbox 826 2742 1063 2795; x_wconf 89' lang='lat' dir='ltr'><strong>perniciosum</strong></span> <span class='ocrx_word' id='word_1_305' title='bbox 1090 2743 1289 2794; x_wconf 66' lang='lat' dir='ltr'><strong>effugeres?</strong></span> 
     </span>
     <span class='ocr_line' id='line_1_43' title="bbox 309 2803 1291 2857; baseline -0.003 -14"><span class='ocrx_word' id='word_1_306' title='bbox 309 2807 418 2857; x_wconf 75' lang='lat' dir='ltr'><strong>Atqui</strong></span> <span class='ocrx_word' id='word_1_307' title='bbox 446 2815 479 2843; x_wconf 89' lang='lat' dir='ltr'><strong>te</strong></span> <span class='ocrx_word' id='word_1_308' title='bbox 506 2820 576 2843; x_wconf 90' lang='lat' dir='ltr'><strong>non</strong></span> <span class='ocrx_word' id='word_1_309' title='bbox 604 2819 726 2843; x_wconf 90' lang='lat' dir='ltr'><strong>canem</strong></span> <span class='ocrx_word' id='word_1_310' title='bbox 747 2819 791 2842; x_wconf 83' lang='lat' dir='ltr'><strong>ex</strong></span> <span class='ocrx_word' id='word_1_311' title='bbox 812 2804 957 2841; x_wconf 90' lang='lat' dir='ltr'><strong>homine</strong></span> <span class='ocrx_word' id='word_1_312' title='bbox 979 2803 1118 2851; x_wconf 80' lang='lat' dir='ltr'><strong>fecisti,</strong></span> <span class='ocrx_word' id='word_1_313' title='bbox 1138 2803 1199 2841; x_wconf 92' lang='lat' dir='ltr'><strong>sed</strong></span> <span class='ocrx_word' id='word_1_314' title='bbox 1215 2805 1291 2841; x_wconf 86' lang='lat' dir='ltr'><strong>ani-</strong></span> 
     </span>
     <span class='ocr_line' id='line_1_44' title="bbox 310 2865 1291 2917; baseline -0.002 -12"><span class='ocrx_word' id='word_1_315' title='bbox 310 2868 381 2905; x_wconf 88' lang='lat' dir='ltr'><strong>mal</strong></span> <span class='ocrx_word' id='word_1_316' title='bbox 408 2881 492 2904; x_wconf 87' lang='lat' dir='ltr'><strong>cane</strong></span> <span class='ocrx_word' id='word_1_317' title='bbox 520 2867 623 2917; x_wconf 82' lang='lat' dir='ltr'><strong>longe</strong></span> <span class='ocrx_word' id='word_1_318' title='bbox 657 2865 765 2904; x_wconf 73' lang='lat' dir='ltr'><strong>vilius</strong></span> <span class='ocrx_word' id='word_1_319' title='bbox 787 2881 794 2901; x_wconf 90' lang='lat'>:</span> <span class='ocrx_word' id='word_1_320' title='bbox 820 2865 915 2902; x_wconf 88' lang='lat' dir='ltr'><strong>canis</strong></span> <span class='ocrx_word' id='word_1_321' title='bbox 945 2865 1079 2917; x_wconf 88' lang='lat' dir='ltr'><strong>quippe</strong></span> <span class='ocrx_word' id='word_1_322' title='bbox 1105 2865 1204 2903; x_wconf 87' lang='lat' dir='ltr'><strong>utilis</strong></span> <span class='ocrx_word' id='word_1_323' title='bbox 1229 2874 1291 2914; x_wconf 83' lang='lat' dir='ltr'><strong>est,</strong></span> 
     </span>
     <span class='ocr_line' id='line_1_45' title="bbox 310 2924 1292 2976; baseline -0.001 -12"><span class='ocrx_word' id='word_1_324' title='bbox 310 2927 461 2964; x_wconf 83' lang='lat' dir='ltr'><strong>amasius</strong></span> <span class='ocrx_word' id='word_1_325' title='bbox 483 2940 566 2964; x_wconf 68' lang='lat' dir='ltr'><strong>vero</strong></span> <span class='ocrx_word' id='word_1_326' title='bbox 592 2925 638 2964; x_wconf 90' lang='lat' dir='ltr'><strong>ad</strong></span> <span class='ocrx_word' id='word_1_327' title='bbox 665 2925 756 2962; x_wconf 86' lang='lat' dir='ltr'><strong>nihil</strong></span> <span class='ocrx_word' id='word_1_328' title='bbox 776 2924 888 2962; x_wconf 89' lang='lat' dir='ltr'><strong>utilis.</strong></span> <span class='ocrx_word' id='word_1_329' title='bbox 906 2924 1005 2970; x_wconf 88' lang='lat' dir='ltr'><strong>Quid</strong></span> <span class='ocrx_word' id='word_1_330' title='bbox 1025 2935 1156 2973; x_wconf 81' lang='lat' dir='ltr'><strong>autem,</strong></span> <span class='ocrx_word' id='word_1_331' title='bbox 1173 2939 1292 2976; x_wconf 82' lang='lat' dir='ltr'><strong>quaeso</strong></span> 
     </span>
     <span class='ocr_line' id='line_1_46' title="bbox 310 2986 1294 3038; baseline -0.002 -13"><span class='ocrx_word' id='word_1_332' title='bbox 310 2997 356 3036; x_wconf 83' lang='lat' dir='ltr'><strong>te,</strong></span> <span class='ocrx_word' id='word_1_333' title='bbox 374 2988 403 3025; x_wconf 91' lang='lat' dir='ltr'><strong>si</strong></span> <span class='ocrx_word' id='word_1_334' title='bbox 423 2988 502 3038; x_wconf 88' lang='lat' dir='ltr'><strong>quis</strong></span> <span class='ocrx_word' id='word_1_335' title='bbox 517 2987 790 3025; x_wconf 86' lang='lat' dir='ltr'><strong>comminaretur</strong></span> <span class='ocrx_word' id='word_1_336' title='bbox 805 2986 1014 3023; x_wconf 80' lang='lat' dir='ltr'><strong>effecturum</strong></span> <span class='ocrx_word' id='word_1_337' title='bbox 1035 3000 1070 3023; x_wconf 89' lang='lat' dir='ltr'><strong>se</strong></span> <span class='ocrx_word' id='word_1_338' title='bbox 1090 2995 1128 3023; x_wconf 89' lang='lat' dir='ltr'><strong>ut</strong></span> <span class='ocrx_word' id='word_1_339' title='bbox 1146 2986 1216 3024; x_wconf 67' lang='lat' dir='ltr'><strong>viri</strong></span> <span class='ocrx_word' id='word_1_340' title='bbox 1232 3000 1294 3038; x_wconf 85' lang='lat' dir='ltr'><strong>pa-</strong></span> 
     </span>
     <span class='ocr_line' id='line_1_47' title="bbox 311 3047 1295 3099; baseline -0.003 -12"><span class='ocrx_word' id='word_1_341' title='bbox 311 3058 438 3098; x_wconf 80' lang='lat' dir='ltr'><strong>rerent,</strong></span> <span class='ocrx_word' id='word_1_342' title='bbox 454 3062 570 3086; x_wconf 84' lang='lat' dir='ltr'><strong>annon</strong></span> <span class='ocrx_word' id='word_1_343' title='bbox 590 3048 641 3085; x_wconf 88' lang='lat' dir='ltr'><strong>ira</strong></span> <span class='ocrx_word' id='word_1_344' title='bbox 661 3047 904 3099; x_wconf 74' lang='lat' dir='ltr'><strong>repleremur?</strong></span> <span class='ocrx_word' id='word_1_345' title='bbox 923 3049 967 3083; x_wconf 76' lang='lat' dir='ltr'><strong>At</strong></span> <span class='ocrx_word' id='word_1_346' title='bbox 984 3061 1078 3085; x_wconf 91' lang='lat' dir='ltr'><strong>nunc</strong></span> <span class='ocrx_word' id='word_1_347' title='bbox 1099 3061 1178 3085; x_wconf 83' lang='lat' dir='ltr'><strong>ecce</strong></span> <span class='ocrx_word' id='word_1_348' title='bbox 1190 3047 1295 3098; x_wconf 83' lang='lat' dir='ltr'><strong>longe</strong></span> 
     </span>
     <span class='ocr_line' id='line_1_48' title="bbox 312 3108 1295 3161; baseline -0.003 -13"><span class='ocrx_word' id='word_1_349' title='bbox 312 3110 474 3161; x_wconf 74' lang='lat' dir='ltr'><strong>graviora</strong></span> <span class='ocrx_word' id='word_1_350' title='bbox 489 3109 635 3155; x_wconf 85' lang='lat' dir='ltr'><strong>faciunt,</strong></span> <span class='ocrx_word' id='word_1_351' title='bbox 646 3108 707 3159; x_wconf 89' lang='lat' dir='ltr'><strong>qui</strong></span> <span class='ocrx_word' id='word_1_352' title='bbox 719 3117 899 3160; x_wconf 85' lang='lat' dir='ltr'><strong>tantopere</strong></span> <span class='ocrx_word' id='word_1_353' title='bbox 913 3108 1108 3146; x_wconf 88' lang='lat' dir='ltr'><strong>insaniunt:</strong></span> <span class='ocrx_word' id='word_1_354' title='bbox 1119 3123 1188 3146; x_wconf 94' lang='lat' dir='ltr'><strong>non</strong></span> <span class='ocrx_word' id='word_1_355' title='bbox 1200 3108 1295 3146; x_wconf 89' lang='lat' dir='ltr'><strong>enim</strong></span> 
     </span>
     <span class='ocr_line' id='line_1_49' title="bbox 313 3168 1293 3222; baseline -0.002 -14"><span class='ocrx_word' id='word_1_356' title='bbox 313 3186 376 3222; x_wconf 83' lang='lat' dir='ltr'><strong>par</strong></span> <span class='ocrx_word' id='word_1_357' title='bbox 386 3185 439 3208; x_wconf 89' lang='lat' dir='ltr'><strong>res</strong></span> <span class='ocrx_word' id='word_1_358' title='bbox 452 3170 547 3207; x_wconf 88' lang='lat' dir='ltr'><strong>estin</strong></span> <span class='ocrx_word' id='word_1_359' title='bbox 563 3169 747 3207; x_wconf 79' lang='lat' dir='ltr'><strong>mulierem</strong></span> <span class='ocrx_word' id='word_1_360' title='bbox 760 3169 902 3217; x_wconf 80' lang='lat' dir='ltr'><strong>mutari,</strong></span> <span class='ocrx_word' id='word_1_361' title='bbox 914 3178 945 3206; x_wconf 88' lang='lat' dir='ltr'><strong>et</strong></span> <span class='ocrx_word' id='word_1_362' title='bbox 964 3168 1082 3206; x_wconf 73' lang='lat' dir='ltr'><strong>virum</strong></span> <span class='ocrx_word' id='word_1_363' title='bbox 1096 3178 1293 3207; x_wconf 86' lang='lat' dir='ltr'><strong>manentem</strong></span> 
     </span>
     <span class='ocr_line' id='line_1_50' title="bbox 313 3229 1293 3281; baseline -0.002 -13"><span class='ocrx_word' id='word_1_364' title='bbox 313 3232 494 3269; x_wconf 84' lang='lat' dir='ltr'><strong>mulierem</strong></span> <span class='ocrx_word' id='word_1_365' title='bbox 514 3231 610 3277; x_wconf 79' lang='lat' dir='ltr'><strong>sieri3</strong></span> <span class='ocrx_word' id='word_1_366' title='bbox 632 3231 702 3267; x_wconf 89' lang='lat' dir='ltr'><strong>imo</strong></span> <span class='ocrx_word' id='word_1_367' title='bbox 720 3244 828 3281; x_wconf 85' lang='lat' dir='ltr'><strong>neque</strong></span> <span class='ocrx_word' id='word_1_368' title='bbox 842 3230 908 3267; x_wconf 91' lang='lat' dir='ltr'><strong>hoc</strong></span> <span class='ocrx_word' id='word_1_369' title='bbox 930 3243 1040 3279; x_wconf 86' lang='lat' dir='ltr'><strong>neque</strong></span> <span class='ocrx_word' id='word_1_370' title='bbox 1061 3230 1163 3268; x_wconf 85' lang='lat' dir='ltr'><strong>illud.</strong></span> <span class='ocrx_word' id='word_1_371' title='bbox 1187 3229 1293 3276; x_wconf 89' lang='lat' dir='ltr'><strong>Qu&#39;od</strong></span> 
     </span>
     <span class='ocr_line' id='line_1_51' title="bbox 315 3289 1291 3341; baseline 0.001 -14"><span class='ocrx_word' id='word_1_372' title='bbox 315 3293 340 3327; x_wconf 67' lang='lat' dir='ltr'><strong>si</strong></span> <span class='ocrx_word' id='word_1_373' title='bbox 367 3292 507 3329; x_wconf 84' lang='lat' dir='ltr'><strong>aliunde</strong></span> <span class='ocrx_word' id='word_1_374' title='bbox 540 3291 623 3328; x_wconf 82' lang='lat' dir='ltr'><strong>mali</strong></span> <span class='ocrx_word' id='word_1_375' title='bbox 652 3291 739 3328; x_wconf 86' lang='lat' dir='ltr'><strong>tanti</strong></span> <span class='ocrx_word' id='word_1_376' title='bbox 766 3289 1049 3341; x_wconf 78' lang='lat' dir='ltr'><strong>magnitudinem</strong></span> <span class='ocrx_word' id='word_1_377' title='bbox 1074 3291 1161 3328; x_wconf 82' lang='lat' dir='ltr'><strong>scire</strong></span> <span class='ocrx_word' id='word_1_378' title='bbox 1186 3291 1291 3340; x_wconf 71' lang='lat' dir='ltr'><strong>velis,</strong></span> 
     </span>
    </p>
   </div>
   <div class='ocr_carea' id='block_1_6' title="bbox 357 3418 901 3465">
    <p class='ocr_par' dir='ltr' id='par_1_7' title="bbox 357 3418 901 3465">
     <span class='ocr_line' id='line_1_52' title="bbox 357 3418 901 3465; baseline 0.002 -13"><span class='ocrx_word' id='word_1_379' title='bbox 357 3430 367 3443; x_wconf 69' lang='lat'>³</span> <span class='ocrx_word' id='word_1_380' title='bbox 394 3418 480 3450; x_wconf 63' lang='lat' dir='ltr'><strong>Asin&lt;</strong></span> <span class='ocrx_word' id='word_1_381' title='bbox 497 3435 633 3465; x_wconf 48' lang='lat' dir='ltr'><strong>tuleras).</strong></span> <span class='ocrx_word' id='word_1_382' title='bbox 651 3437 679 3457; x_wconf 54' lang='grc' dir='ltr'>’κς</span> <span class='ocrx_word' id='word_1_383' title='bbox 696 3426 800 3464; x_wconf 57' lang='grc' dir='ltr'>χείρων</span> <span class='ocrx_word' id='word_1_384' title='bbox 816 3427 901 3455; x_wconf 72' lang='grc' dir='ltr'>ἐςτίν.</span> 
     </span>
    </p>
   </div>
   <div class='ocr_carea' id='block_1_7' title="bbox 1069 287 1308 317">
    <p class='ocr_par' dir='ltr' id='par_1_8' title="bbox 1069 287 1308 317">
     <span class='ocr_line' id='line_1_53' title="bbox 1069 287 1308 317; baseline 0.004 -1"><span class='ocrx_word' id='word_1_385' title='bbox 1069 287 1308 317; x_wconf 75' lang='lat' dir='ltr'><strong>CHRYSOST.</strong></span> 
     </span>
    </p>
   </div>
   <div class='ocr_carea' id='block_1_8' title="bbox 1325 1640 1966 1692">
    <p class='ocr_par' dir='ltr' id='par_1_9' title="bbox 1325 1640 1966 1692">
     <span class='ocr_line' id='line_1_54' title="bbox 1325 1640 1966 1692; baseline 0.005 -15"><span class='ocrx_word' id='word_1_386' title='bbox 1325 1658 1331 1665; x_wconf 78' lang='lat'>·</span> <span class='ocrx_word' id='word_1_387' title='bbox 1359 1642 1446 1691; x_wconf 79' lang='grc' dir='ltr'>ἐρεῖς</span> <span class='ocrx_word' id='word_1_388' title='bbox 1476 1643 1537 1686; x_wconf 68' lang='grc' dir='ltr'><strong>τῆς</strong></span> <span class='ocrx_word' id='word_1_389' title='bbox 1564 1640 1785 1692; x_wconf 81' lang='grc' dir='ltr'>παρανομίας</span> <span class='ocrx_word' id='word_1_390' title='bbox 1812 1641 1940 1687; x_wconf 80' lang='grc' dir='ltr'>ταύτης</span> <span class='ocrx_word' id='word_1_391' title='bbox 1959 1657 1966 1664; x_wconf 91' lang='grc'><em>·</em></span> 
     </span>
    </p>
   </div>
   <div class='ocr_carea' id='block_1_9' title="bbox 1347 287 1948 323">
    <p class='ocr_par' dir='ltr' id='par_1_10' title="bbox 1347 287 1948 323">
     <span class='ocr_line' id='line_1_55' title="bbox 1347 287 1948 323; baseline 0.012 -7"><span class='ocrx_word' id='word_1_392' title='bbox 1347 287 1534 318; x_wconf 76' lang='lat' dir='ltr'>ARCHIEP</span> <span class='ocrx_word' id='word_1_393' title='bbox 1544 308 1552 317; x_wconf 87' lang='lat'><strong>.</strong></span> <span class='ocrx_word' id='word_1_394' title='bbox 1593 289 1928 323; x_wconf 20' lang='lat' dir='ltr'><strong>CONSTrm‘TlNOP</strong></span> <span class='ocrx_word' id='word_1_395' title='bbox 1938 313 1948 323; x_wconf 88' lang='lat'><em>.</em></span> 
     </span>
    </p>
   </div>
   <div class='ocr_carea' id='block_1_10' title="bbox 1355 366 2429 2242">
    <p class='ocr_par' dir='ltr' id='par_1_11' title="bbox 1355 366 2429 1811">
     <span class='ocr_line' id='line_1_56' title="bbox 1355 366 2370 423; baseline 0.004 -17"><span class='ocrx_word' id='word_1_396' title='bbox 1355 369 1465 420; x_wconf 75' lang='grc' dir='ltr'>φύσιν.</span> <span class='ocrx_word' id='word_1_397' title='bbox 1491 370 1535 407; x_wconf 83' lang='grc' dir='ltr'><strong>Εἰ</strong></span> <span class='ocrx_word' id='word_1_398' title='bbox 1552 369 1618 422; x_wconf 77' lang='grc' dir='ltr'><strong>γὰρ</strong></span> <span class='ocrx_word' id='word_1_399' title='bbox 1640 370 1687 420; x_wconf 85' lang='grc' dir='ltr'><strong>μὴ</strong></span> <span class='ocrx_word' id='word_1_400' title='bbox 1703 370 1821 422; x_wconf 83' lang='grc' dir='ltr'>γεέννα</span> <span class='ocrx_word' id='word_1_401' title='bbox 1838 366 1899 420; x_wconf 68' lang='grc' dir='ltr'><strong>ἧν,</strong></span> <span class='ocrx_word' id='word_1_402' title='bbox 1920 374 2007 423; x_wconf 79' lang='grc' dir='ltr'>μηδὲ</span> <span class='ocrx_word' id='word_1_403' title='bbox 2028 374 2166 417; x_wconf 83' lang='grc' dir='ltr'>κόλασις</span> <span class='ocrx_word' id='word_1_404' title='bbox 2187 373 2370 420; x_wconf 74' lang='grc' dir='ltr'>ἦπείλητο,</span> 
     </span>
     <span class='ocr_line' id='line_1_57' title="bbox 1355 427 2372 482; baseline 0.003 -16"><span class='ocrx_word' id='word_1_405' title='bbox 1355 432 1454 466; x_wconf 73' lang='grc' dir='ltr'>τοῦτο</span> <span class='ocrx_word' id='word_1_406' title='bbox 1472 430 1586 476; x_wconf 76' lang='grc' dir='ltr'>πάσης</span> <span class='ocrx_word' id='word_1_407' title='bbox 1608 430 1781 474; x_wconf 81' lang='grc' dir='ltr'>κολάσεως</span> <span class='ocrx_word' id='word_1_408' title='bbox 1795 436 1910 482; x_wconf 70' lang='grc' dir='ltr'>χεῖρον</span> <span class='ocrx_word' id='word_1_409' title='bbox 1938 427 1992 479; x_wconf 65' lang='grc' dir='ltr'><strong>ἦν.</strong></span> <span class='ocrx_word' id='word_1_410' title='bbox 2012 435 2058 472; x_wconf 84' lang='grc' dir='ltr'><strong>Εἰ</strong></span> <span class='ocrx_word' id='word_1_411' title='bbox 2076 434 2110 472; x_wconf 81' lang='grc' dir='ltr'><strong>δὲ</strong></span> <span class='ocrx_word' id='word_1_412' title='bbox 2136 434 2292 480; x_wconf 75' lang='grc' dir='ltr'>ἥδονται,</span> <span class='ocrx_word' id='word_1_413' title='bbox 2309 432 2372 478; x_wconf 77' lang='grc' dir='ltr'><strong>τὴν</strong></span> 
     </span>
     <span class='ocr_line' id='line_1_58' title="bbox 1355 489 2374 544; baseline 0.003 -18"><span class='ocrx_word' id='word_1_414' title='bbox 1355 489 1555 539; x_wconf 79' lang='grc' dir='ltr'>προσθήκην</span> <span class='ocrx_word' id='word_1_415' title='bbox 1573 505 1631 540; x_wconf 88' lang='grc' dir='ltr'><strong>μοι</strong></span> <span class='ocrx_word' id='word_1_416' title='bbox 1649 489 1759 541; x_wconf 84' lang='grc' dir='ltr'>λέγεις</span> <span class='ocrx_word' id='word_1_417' title='bbox 1780 493 1841 536; x_wconf 78' lang='grc' dir='ltr'><strong>τῆς</strong></span> <span class='ocrx_word' id='word_1_418' title='bbox 1859 492 2038 544; x_wconf 81' lang='grc' dir='ltr'>τιμωρίας.</span> <span class='ocrx_word' id='word_1_419' title='bbox 2060 494 2177 532; x_wconf 70' lang='grc' dir='ltr'><strong>Οὖέ</strong></span> <span class='ocrx_word' id='word_1_420' title='bbox 2166 493 2263 544; x_wconf 81' lang='grc' dir='ltr'>γὰρ..</span> <span class='ocrx_word' id='word_1_421' title='bbox 2250 493 2282 530; x_wconf 86' lang='grc' dir='ltr'><strong>εἴ</strong></span> <span class='ocrx_word' id='word_1_422' title='bbox 2297 507 2374 530; x_wconf 88' lang='grc' dir='ltr'>τινα</span> 
     </span>
     <span class='ocr_line' id='line_1_59' title="bbox 1355 544 2375 605; baseline 0.004 -18"><span class='ocrx_word' id='word_1_423' title='bbox 1355 544 1443 587; x_wconf 82' lang='grc' dir='ltr'>εἶδον</span> <span class='ocrx_word' id='word_1_424' title='bbox 1459 550 1588 601; x_wconf 71' lang='grc' dir='ltr'>γυμνὸν</span> <span class='ocrx_word' id='word_1_425' title='bbox 1610 550 1792 602; x_wconf 78' lang='grc' dir='ltr'>τρέχοντα,</span> <span class='ocrx_word' id='word_1_426' title='bbox 1813 552 1970 605; x_wconf 68' lang='grc' dir='ltr'>βορὸόρῳ</span> <span class='ocrx_word' id='word_1_427' title='bbox 1988 553 2026 591; x_wconf 81' lang='grc' dir='ltr'><strong>τὸ</strong></span> <span class='ocrx_word' id='word_1_428' title='bbox 2048 556 2150 605; x_wconf 85' lang='grc' dir='ltr'>σῶμα</span> <span class='ocrx_word' id='word_1_429' title='bbox 2172 556 2375 604; x_wconf 72' lang='grc' dir='ltr'>ἀνακεχρω-</span> 
     </span>
     <span class='ocr_line' id='line_1_60' title="bbox 1356 611 2376 664; baseline 0.001 -16"><span class='ocrx_word' id='word_1_430' title='bbox 1356 611 1479 661; x_wconf 77' lang='grc' dir='ltr'>σμένον</span> <span class='ocrx_word' id='word_1_431' title='bbox 1509 611 1621 658; x_wconf 79' lang='grc' dir='ltr'>ἅπαν,</span> <span class='ocrx_word' id='word_1_432' title='bbox 1657 616 1731 650; x_wconf 80' lang='grc' dir='ltr'>εἶτα</span> <span class='ocrx_word' id='word_1_433' title='bbox 1759 614 1820 650; x_wconf 80' lang='grc' dir='ltr'><strong>οὐκ</strong></span> <span class='ocrx_word' id='word_1_434' title='bbox 1848 614 2164 664; x_wconf 78' lang='grc' dir='ltr'>ἐγκαλυπτόμενον,</span> <span class='ocrx_word' id='word_1_435' title='bbox 2196 613 2285 652; x_wconf 82' lang='grc' dir='ltr'>ἀλλα</span> <span class='ocrx_word' id='word_1_436' title='bbox 2316 613 2376 651; x_wconf 87' lang='grc' dir='ltr'><strong>καὶ</strong></span> 
     </span>
     <span class='ocr_line' id='line_1_61' title="bbox 1356 671 2375 726; baseline 0.003 -17"><span class='ocrx_word' id='word_1_437' title='bbox 1356 671 1712 723; x_wconf 70' lang='grc' dir='ltr'>ἕγκαλλωπιζόαενον,</span> <span class='ocrx_word' id='word_1_438' title='bbox 1733 673 1940 720; x_wconf 78' lang='grc' dir='ltr'>συνήσθην</span> <span class='ocrx_word' id='word_1_439' title='bbox 1924 690 1963 711; x_wconf 93' lang='grc' dir='ltr'><strong>αν</strong></span> <span class='ocrx_word' id='word_1_440' title='bbox 1979 675 2085 726; x_wconf 87' lang='grc' dir='ltr'>αὖτῳ,</span> <span class='ocrx_word' id='word_1_441' title='bbox 2102 675 2190 713; x_wconf 86' lang='grc' dir='ltr'>ἀλλὰ</span> <span class='ocrx_word' id='word_1_442' title='bbox 2207 691 2266 713; x_wconf 84' lang='grc' dir='ltr'><strong>και</strong></span> <span class='ocrx_word' id='word_1_443' title='bbox 2273 676 2375 725; x_wconf 75' lang='grc' dir='ltr'>μᾶ)-</span> 
     </span>
     <span class='ocr_line' id='line_1_62' title="bbox 1356 714 2374 786; baseline 0.002 -16"><span class='ocrx_word' id='word_1_444' title='bbox 1356 735 1415 771; x_wconf 91' lang='grc' dir='ltr'><strong>λον</strong></span> <span class='ocrx_word' id='word_1_445' title='bbox 1433 733 1471 770; x_wconf 79' lang='grc' dir='ltr'><strong>ἂν</strong></span> <span class='ocrx_word' id='word_1_446' title='bbox 1493 733 1593 771; x_wconf 80' lang='grc' dir='ltr'>αὐτὸν</span> <span class='ocrx_word' id='word_1_447' title='bbox 1614 733 1806 786; x_wconf 76' lang='grc' dir='ltr'>ἐθρήνησα,</span> <span class='ocrx_word' id='word_1_448' title='bbox 1823 734 1875 772; x_wconf 80' lang='grc' dir='ltr'><strong>ὅτι</strong></span> <span class='ocrx_word' id='word_1_449' title='bbox 1893 734 1971 772; x_wconf 80' lang='grc' dir='ltr'>οὐδὲ</span> <span class='ocrx_word' id='word_1_450' title='bbox 1990 714 2188 773; x_wconf 81' lang='grc' dir='ltr'>αἰσθάνεται</span> <span class='ocrx_word' id='word_1_451' title='bbox 2215 737 2374 786; x_wconf 55' lang='lat' dir='ltr'><strong>oio-[quo-</strong></span> 
     </span>
     <span class='ocr_line' id='line_1_63' title="bbox 1357 792 2375 847; baseline 0.001 -16"><span class='ocrx_word' id='word_1_452' title='bbox 1357 796 1435 831; x_wconf 79' lang='grc' dir='ltr'>νῶν.</span> <span class='ocrx_word' id='word_1_453' title='bbox 1463 792 1541 832; x_wconf 85' lang='grc' dir='ltr'><strong>Ἵνα</strong></span> <span class='ocrx_word' id='word_1_454' title='bbox 1569 793 1602 832; x_wconf 78' lang='grc' dir='ltr'><strong>δὲ</strong></span> <span class='ocrx_word' id='word_1_455' title='bbox 1631 794 1690 832; x_wconf 84' lang='grc' dir='ltr'><strong>καὶ</strong></span> <span class='ocrx_word' id='word_1_456' title='bbox 1720 795 1936 846; x_wconf 72' lang='grc' dir='ltr'>σαφεστέραν</span> <span class='ocrx_word' id='word_1_457' title='bbox 1955 795 2054 839; x_wconf 83' lang='grc' dir='ltr'>δείξω</span> <span class='ocrx_word' id='word_1_458' title='bbox 2073 795 2136 842; x_wconf 84' lang='grc' dir='ltr'><strong>τὴν</strong></span> <span class='ocrx_word' id='word_1_459' title='bbox 2155 795 2273 847; x_wconf 56' lang='lat' dir='ltr'><strong>ssepa»,</strong></span> <span class='ocrx_word' id='word_1_460' title='bbox 2295 794 2375 833; x_wconf 80' lang='grc' dir='ltr'>ἀνοί-</span> 
     </span>
     <span class='ocr_line' id='line_1_64' title="bbox 1357 853 2429 907; baseline 0 -15"><span class='ocrx_word' id='word_1_461' title='bbox 1357 853 1484 906; x_wconf 68' lang='grc' dir='ltr'>ο-χεσθέ</span> <span class='ocrx_word' id='word_1_462' title='bbox 1505 869 1568 905; x_wconf 83' lang='grc' dir='ltr'><strong>μου</strong></span> <span class='ocrx_word' id='word_1_463' title='bbox 1597 854 1656 892; x_wconf 79' lang='grc' dir='ltr'><strong>καὶ</strong></span> <span class='ocrx_word' id='word_1_464' title='bbox 1675 854 1790 907; x_wconf 80' lang='grc' dir='ltr'>ἑτέρου</span> <span class='ocrx_word' id='word_1_465' title='bbox 1810 854 2104 907; x_wconf 75' lang='grc' dir='ltr'>παραδείγματος.</span> <span class='ocrx_word' id='word_1_466' title='bbox 2122 857 2167 894; x_wconf 81' lang='grc' dir='ltr'><strong>Εἰ</strong></span> <span class='ocrx_word' id='word_1_467' title='bbox 2186 855 2254 907; x_wconf 82' lang='grc' dir='ltr'><strong>γὰρ</strong></span> <span class='ocrx_word' id='word_1_468' title='bbox 2283 871 2375 907; x_wconf 79' lang='grc' dir='ltr'>παρ-</span> <span class='ocrx_word' id='word_1_469' title='bbox 2426 853 2429 854; x_wconf 41' lang='grc'>’</span> 
     </span>
     <span class='ocr_line' id='line_1_65' title="bbox 1359 915 2377 968; baseline 0 -15"><span class='ocrx_word' id='word_1_470' title='bbox 1359 915 1451 954; x_wconf 80' lang='grc' dir='ltr'>θένον</span> <span class='ocrx_word' id='word_1_471' title='bbox 1474 932 1524 959; x_wconf 87' lang='grc' dir='ltr'><strong>τις</strong></span> <span class='ocrx_word' id='word_1_472' title='bbox 1550 915 1754 954; x_wconf 86' lang='grc' dir='ltr'>κατεδίκασε</span> <span class='ocrx_word' id='word_1_473' title='bbox 1780 916 2062 967; x_wconf 85' lang='grc' dir='ltr'>θαλαμευομένην</span> <span class='ocrx_word' id='word_1_474' title='bbox 2080 916 2216 968; x_wconf 85' lang='grc' dir='ltr'>ἀλόγοις</span> <span class='ocrx_word' id='word_1_475' title='bbox 2233 919 2377 967; x_wconf 71' lang='grc' dir='ltr'>μιγῆναι</span> 
     </span>
     <span class='ocr_line' id='line_1_66' title="bbox 1359 970 2376 1028; baseline 0 -15"><span class='ocrx_word' id='word_1_476' title='bbox 1359 975 1469 1022; x_wconf 80' lang='grc' dir='ltr'>ζώοις,</span> <span class='ocrx_word' id='word_1_477' title='bbox 1491 970 1564 1014; x_wconf 71' lang='grc' dir='ltr'>εἶτα</span> <span class='ocrx_word' id='word_1_478' title='bbox 1585 976 1687 1022; x_wconf 74' lang='grc' dir='ltr'>ἥδετο</span> <span class='ocrx_word' id='word_1_479' title='bbox 1707 975 1884 1027; x_wconf 67' lang='grc' dir='ltr'>ἐκείνη-,ᾗ</span> <span class='ocrx_word' id='word_1_480' title='bbox 1905 976 2012 1028; x_wconf 81' lang='grc' dir='ltr'>μίξει,</span> <span class='ocrx_word' id='word_1_481' title='bbox 2031 979 2067 1016; x_wconf 81' lang='grc' dir='ltr'><strong>οὒ</strong></span> <span class='ocrx_word' id='word_1_482' title='bbox 2100 977 2157 1015; x_wconf 76' lang='grc' dir='ltr'>διὰ</span> <span class='ocrx_word' id='word_1_483' title='bbox 2185 981 2286 1015; x_wconf 74' lang='grc' dir='ltr'>τοῦτο</span> <span class='ocrx_word' id='word_1_484' title='bbox 2302 976 2376 1026; x_wconf 85' lang='grc' dir='ltr'>μοί-</span> 
     </span>
     <span class='ocr_line' id='line_1_67' title="bbox 1359 1032 2378 1089; baseline 0.001 -16"><span class='ocrx_word' id='word_1_485' title='bbox 1359 1039 1460 1074; x_wconf 88' lang='grc' dir='ltr'>λιστα</span> <span class='ocrx_word' id='word_1_486' title='bbox 1487 1036 1644 1088; x_wconf 77' lang='grc' dir='ltr'>δακρύων</span> <span class='ocrx_word' id='word_1_487' title='bbox 1676 1032 1717 1083; x_wconf 63' lang='grc' dir='ltr'><strong>ἦν</strong></span> <span class='ocrx_word' id='word_1_488' title='bbox 1747 1037 1845 1085; x_wconf 81' lang='grc' dir='ltr'>ἀξία,</span> <span class='ocrx_word' id='word_1_489' title='bbox 1866 1037 1917 1076; x_wconf 74' lang='grc' dir='ltr'><strong>ὅτι</strong></span> <span class='ocrx_word' id='word_1_490' title='bbox 1943 1037 2019 1077; x_wconf 78' lang='grc' dir='ltr'>οὐδὲ</span> <span class='ocrx_word' id='word_1_491' title='bbox 2041 1040 2289 1089; x_wconf 60' lang='grc' dir='ltr'>ἀπαλλαγῆναι</span> <span class='ocrx_word' id='word_1_492' title='bbox 2315 1039 2378 1082; x_wconf 66' lang='grc' dir='ltr'><strong>τῆς</strong></span> 
     </span>
     <span class='ocr_line' id='line_1_68' title="bbox 1360 1095 2380 1150; baseline 0.002 -18"><span class='ocrx_word' id='word_1_493' title='bbox 1360 1095 1457 1133; x_wconf 81' lang='grc' dir='ltr'>νόσου</span> <span class='ocrx_word' id='word_1_494' title='bbox 1490 1097 1619 1142; x_wconf 82' lang='grc' dir='ltr'>ταύτης</span> <span class='ocrx_word' id='word_1_495' title='bbox 1643 1097 1791 1143; x_wconf 69' lang='grc' dir='ltr'>ἠδύνατο</span> <span class='ocrx_word' id='word_1_496' title='bbox 1809 1100 1858 1150; x_wconf 82' lang='grc' dir='ltr'><strong>τῷ</strong></span> <span class='ocrx_word' id='word_1_497' title='bbox 1879 1098 1968 1148; x_wconf 79' lang='grc' dir='ltr'>μηδὲ</span> <span class='ocrx_word' id='word_1_498' title='bbox 1988 1098 2209 1137; x_wconf 74' lang='grc' dir='ltr'>αἰσθάνεσθαι</span> <span class='ocrx_word' id='word_1_499' title='bbox 2237 1101 2297 1143; x_wconf 78' lang='grc' dir='ltr'><strong>τῆς</strong></span> <span class='ocrx_word' id='word_1_500' title='bbox 2325 1096 2380 1135; x_wconf 79' lang='grc' dir='ltr'><strong>νό·</strong></span> 
     </span>
     <span class='ocr_line' id='line_1_69' title="bbox 1359 1157 2377 1210; baseline 0 -17"><span class='ocrx_word' id='word_1_501' title='bbox 1359 1171 1442 1203; x_wconf 75' lang='grc' dir='ltr'>σου,</span> <span class='ocrx_word' id='word_1_502' title='bbox 1462 1157 1578 1194; x_wconf 90' lang='grc' dir='ltr'>Παντί</span> <span class='ocrx_word' id='word_1_503' title='bbox 1601 1174 1665 1195; x_wconf 86' lang='grc' dir='ltr'><strong>που</strong></span> <span class='ocrx_word' id='word_1_504' title='bbox 1690 1157 1792 1204; x_wconf 73' lang='grc' dir='ltr'>δῆλόν</span> <span class='ocrx_word' id='word_1_505' title='bbox 1823 1159 1928 1196; x_wconf 84' lang='grc' dir='ltr'>ἐστιν.</span> <span class='ocrx_word' id='word_1_506' title='bbox 1957 1160 2000 1197; x_wconf 85' lang='grc' dir='ltr'><strong>Εἰ</strong></span> <span class='ocrx_word' id='word_1_507' title='bbox 2027 1157 2062 1197; x_wconf 76' lang='grc' dir='ltr'><strong>δὲ</strong></span> <span class='ocrx_word' id='word_1_508' title='bbox 2082 1160 2191 1196; x_wconf 80' lang='grc' dir='ltr'>ἐκεῖνο</span> <span class='ocrx_word' id='word_1_509' title='bbox 2209 1157 2377 1210; x_wconf 72' lang='grc' dir='ltr'>χαλεπὸν,</span> 
     </span>
     <span class='ocr_line' id='line_1_70' title="bbox 1359 1216 2375 1270; baseline 0 -17"><span class='ocrx_word' id='word_1_510' title='bbox 1359 1216 1434 1254; x_wconf 78' lang='grc' dir='ltr'>οὐδὲ</span> <span class='ocrx_word' id='word_1_511' title='bbox 1462 1221 1562 1255; x_wconf 78' lang='grc' dir='ltr'>τοῦτο</span> <span class='ocrx_word' id='word_1_512' title='bbox 1583 1217 1724 1255; x_wconf 87' lang='grc' dir='ltr'>ἔλαττον</span> <span class='ocrx_word' id='word_1_513' title='bbox 1750 1217 1879 1256; x_wconf 78' lang='grc' dir='ltr'>ἐκείνου</span> <span class='ocrx_word' id='word_1_514' title='bbox 1894 1235 1901 1242; x_wconf 90' lang='grc'><em>·</em></span> <span class='ocrx_word' id='word_1_515' title='bbox 1921 1219 1960 1257; x_wconf 80' lang='grc' dir='ltr'><strong>τὸ</strong></span> <span class='ocrx_word' id='word_1_516' title='bbox 1980 1219 2046 1270; x_wconf 81' lang='grc' dir='ltr'><strong>γὰρ</strong></span> <span class='ocrx_word' id='word_1_517' title='bbox 2066 1219 2131 1257; x_wconf 78' lang='grc' dir='ltr'><strong>ὑπὸ</strong></span> <span class='ocrx_word' id='word_1_518' title='bbox 2154 1222 2221 1256; x_wconf 79' lang='grc' dir='ltr'><strong>τῶν</strong></span> <span class='ocrx_word' id='word_1_519' title='bbox 2242 1217 2375 1255; x_wconf 80' lang='grc' dir='ltr'>οἰκείων</span> 
     </span>
     <span class='ocr_line' id='line_1_71' title="bbox 1359 1277 2376 1333; baseline 0 -19"><span class='ocrx_word' id='word_1_520' title='bbox 1359 1277 1555 1329; x_wconf 65' lang='grc' dir='ltr'>ὓῧρίζεσθαι</span> <span class='ocrx_word' id='word_1_521' title='bbox 1584 1278 1809 1330; x_wconf 79' lang='grc' dir='ltr'>ἐλεεινότερον</span> <span class='ocrx_word' id='word_1_522' title='bbox 1845 1283 1903 1318; x_wconf 76' lang='grc' dir='ltr'><strong>τοῦ</strong></span> <span class='ocrx_word' id='word_1_523' title='bbox 1942 1280 2038 1333; x_wconf 76' lang='grc' dir='ltr'>παρὰ</span> <span class='ocrx_word' id='word_1_524' title='bbox 2070 1282 2139 1317; x_wconf 75' lang='grc' dir='ltr'><strong>τῶν</strong></span> <span class='ocrx_word' id='word_1_525' title='bbox 2173 1277 2376 1329; x_wconf 86' lang='grc' dir='ltr'>ἀλλοτρίων.</span> 
     </span>
     <span class='ocr_line' id='line_1_72' title="bbox 1360 1334 2378 1393; baseline -0.001 -17.993"><span class='ocrx_word' id='word_1_526' title='bbox 1360 1337 1452 1376; x_wconf 85' lang='grc' dir='ltr'>Ἰούτ</span> <span class='ocrx_word' id='word_1_527' title='bbox 1454 1355 1542 1381; x_wconf 87' lang='grc' dir='ltr'>ουςε</span> <span class='ocrx_word' id='word_1_528' title='bbox 1529 1338 1596 1390; x_wconf 75' lang='grc' dir='ltr'>,ἶγὼ</span> <span class='ocrx_word' id='word_1_529' title='bbox 1616 1355 1674 1377; x_wconf 88' lang='grc' dir='ltr'><strong>και</strong></span> <span class='ocrx_word' id='word_1_530' title='bbox 1696 1340 1911 1392; x_wconf 68' lang='grc' dir='ltr'>ἀνδροφόνων</span> <span class='ocrx_word' id='word_1_531' title='bbox 1927 1340 2063 1393; x_wconf 80' lang='grc' dir='ltr'>χείρους</span> <span class='ocrx_word' id='word_1_532' title='bbox 2083 1334 2169 1377; x_wconf 62' lang='grc' dir='ltr'>εἶναί</span> <span class='ocrx_word' id='word_1_533' title='bbox 2184 1354 2299 1391; x_wconf 78' lang='grc' dir='ltr'>φημι·</span> <span class='ocrx_word' id='word_1_534' title='bbox 2318 1353 2378 1375; x_wconf 90' lang='grc' dir='ltr'><strong>και</strong></span> 
     </span>
     <span class='ocr_line' id='line_1_73' title="bbox 1358 1398 2378 1452; baseline 0.001 -17"><span class='ocrx_word' id='word_1_535' title='bbox 1358 1398 1424 1450; x_wconf 77' lang='grc' dir='ltr'><strong>γὰρ</strong></span> <span class='ocrx_word' id='word_1_536' title='bbox 1452 1398 1585 1449; x_wconf 81' lang='grc' dir='ltr'>βελτιον</span> <span class='ocrx_word' id='word_1_537' title='bbox 1609 1400 1842 1448; x_wconf 80' lang='grc' dir='ltr'>ἀποθανεῖν,</span> <span class='ocrx_word' id='word_1_538' title='bbox 1823 1418 1845 1447; x_wconf 94' lang='grc' dir='ltr'><strong>Γ,</strong></span> <span class='ocrx_word' id='word_1_539' title='bbox 1881 1418 1922 1452; x_wconf 92' lang='grc' dir='ltr'><em>Γ,ν</em></span> <span class='ocrx_word' id='word_1_540' title='bbox 1950 1400 2171 1452; x_wconf 80' lang='grc' dir='ltr'>ὓοριζόμενον</span> <span class='ocrx_word' id='word_1_541' title='bbox 2192 1399 2251 1438; x_wconf 75' lang='grc' dir='ltr'><strong>οὕ</strong></span> <span class='ocrx_word' id='word_1_542' title='bbox 2240 1416 2310 1442; x_wconf 88' lang='grc' dir='ltr'><strong>ω.ς</strong></span> <span class='ocrx_word' id='word_1_543' title='bbox 2332 1398 2378 1437; x_wconf 91' lang='grc' dir='ltr'>Ὁ</span> 
     </span>
     <span class='ocr_line' id='line_1_74' title="bbox 1360 1459 2378 1513; baseline 0 -16"><span class='ocrx_word' id='word_1_544' title='bbox 1360 1459 1401 1507; x_wconf 76' lang='grc' dir='ltr'><strong>μὲ</strong></span> <span class='ocrx_word' id='word_1_545' title='bbox 1404 1475 1420 1495; x_wconf 89' lang='grc' dir='ltr'>ν</span> <span class='ocrx_word' id='word_1_546' title='bbox 1453 1476 1520 1510; x_wconf 90' lang='grc' dir='ltr'><strong>γαρ</strong></span> <span class='ocrx_word' id='word_1_547' title='bbox 1552 1459 1755 1511; x_wconf 70' lang='grc' dir='ltr'>ἀνδροφόνος</span> <span class='ocrx_word' id='word_1_548' title='bbox 1789 1477 1850 1508; x_wconf 89' lang='grc' dir='ltr'><strong>την</strong></span> <span class='ocrx_word' id='word_1_549' title='bbox 1881 1462 1995 1513; x_wconf 72' lang='grc' dir='ltr'>ψυχην</span> <span class='ocrx_word' id='word_1_550' title='bbox 2028 1461 2096 1499; x_wconf 81' lang='grc' dir='ltr'><strong>ἀπο</strong></span> <span class='ocrx_word' id='word_1_551' title='bbox 2127 1476 2185 1499; x_wconf 89' lang='grc' dir='ltr'><strong>του</strong></span> <span class='ocrx_word' id='word_1_552' title='bbox 2218 1460 2378 1510; x_wconf 73' lang='grc' dir='ltr'>σώματος</span> 
     </span>
     <span class='ocr_line' id='line_1_75' title="bbox 1359 1519 2379 1574; baseline 0.003 -18"><span class='ocrx_word' id='word_1_553' title='bbox 1359 1519 1552 1571; x_wconf 76' lang='grc' dir='ltr'>διέρρηξεν,</span> <span class='ocrx_word' id='word_1_554' title='bbox 1583 1524 1679 1564; x_wconf 73' lang='grc' dir='ltr'>οὗτος</span> <span class='ocrx_word' id='word_1_555' title='bbox 1708 1521 1744 1558; x_wconf 76' lang='grc' dir='ltr'><strong>δὲ</strong></span> <span class='ocrx_word' id='word_1_556' title='bbox 1773 1538 1835 1567; x_wconf 85' lang='grc' dir='ltr'><strong>την</strong></span> <span class='ocrx_word' id='word_1_557' title='bbox 1865 1522 1980 1574; x_wconf 73' lang='grc' dir='ltr'>ψυχην</span> <span class='ocrx_word' id='word_1_558' title='bbox 2015 1522 2102 1572; x_wconf 84' lang='grc' dir='ltr'>μετὰ</span> <span class='ocrx_word' id='word_1_559' title='bbox 2130 1525 2189 1560; x_wconf 69' lang='grc' dir='ltr'><strong>τοῦ</strong></span> <span class='ocrx_word' id='word_1_560' title='bbox 2218 1521 2379 1571; x_wconf 87' lang='grc' dir='ltr'>σώματος</span> 
     </span>
     <span class='ocr_line' id='line_1_76' title="bbox 1359 1578 2377 1633; baseline 0.003 -18"><span class='ocrx_word' id='word_1_561' title='bbox 1359 1578 1531 1616; x_wconf 74' lang='grc' dir='ltr'>ἀπώλεσε.</span> <span class='ocrx_word' id='word_1_562' title='bbox 1552 1580 1621 1617; x_wconf 89' lang='grc' dir='ltr'><strong>Και</strong></span> <span class='ocrx_word' id='word_1_563' title='bbox 1648 1579 1731 1631; x_wconf 66' lang='grc' dir='ltr'>ὅπερ</span> <span class='ocrx_word' id='word_1_564' title='bbox 1752 1597 1791 1618; x_wconf 90' lang='grc' dir='ltr'><strong>αν</strong></span> <span class='ocrx_word' id='word_1_565' title='bbox 1820 1596 1928 1624; x_wconf 87' lang='grc' dir='ltr'>ειποις</span> <span class='ocrx_word' id='word_1_566' title='bbox 1948 1582 2164 1633; x_wconf 78' lang='grc' dir='ltr'>ἁμάρτημα,</span> <span class='ocrx_word' id='word_1_567' title='bbox 2184 1580 2279 1619; x_wconf 74' lang='grc' dir='ltr'>οὐδὲν</span> <span class='ocrx_word' id='word_1_568' title='bbox 2304 1581 2377 1619; x_wconf 84' lang='grc' dir='ltr'>ἴσον</span> 
     </span>
     <span class='ocr_line' id='line_1_77' title="bbox 1994 1642 2378 1693; baseline 0 -14"><span class='ocrx_word' id='word_1_569' title='bbox 1994 1642 2053 1679; x_wconf 76' lang='grc' dir='ltr'><strong>καὶ</strong></span> <span class='ocrx_word' id='word_1_570' title='bbox 2085 1645 2114 1680; x_wconf 86' lang='grc' dir='ltr'><strong>εἷ</strong></span> <span class='ocrx_word' id='word_1_571' title='bbox 2144 1642 2378 1693; x_wconf 78' lang='grc' dir='ltr'>ἓπῃσθάνοντο</span> 
     </span>
     <span class='ocr_line' id='line_1_78' title="bbox 1358 1701 2378 1755; baseline 0.001 -17"><span class='ocrx_word' id='word_1_572' title='bbox 1358 1704 1424 1738; x_wconf 83' lang='grc' dir='ltr'><strong>τῶν</strong></span> <span class='ocrx_word' id='word_1_573' title='bbox 1443 1701 1632 1752; x_wconf 81' lang='grc' dir='ltr'>γινομένων</span> <span class='ocrx_word' id='word_1_574' title='bbox 1648 1705 1681 1740; x_wconf 81' lang='grc' dir='ltr'><strong>οἵ</strong></span> <span class='ocrx_word' id='word_1_575' title='bbox 1697 1701 1910 1754; x_wconf 60' lang='grc' dir='ltr'>πάσχοντες,</span> <span class='ocrx_word' id='word_1_576' title='bbox 1935 1702 2074 1755; x_wconf 80' lang='grc' dir='ltr'>μυρίους</span> <span class='ocrx_word' id='word_1_577' title='bbox 2092 1702 2132 1740; x_wconf 79' lang='grc' dir='ltr'><strong>ἂν</strong></span> <span class='ocrx_word' id='word_1_578' title='bbox 2150 1701 2378 1746; x_wconf 82' lang='grc' dir='ltr'>κατεδέξαντο</span> 
     </span>
     <span class='ocr_line' id='line_1_79' title="bbox 1357 1761 1982 1811; baseline 0.002 -12"><span class='ocrx_word' id='word_1_579' title='bbox 1357 1761 1534 1807; x_wconf 76' lang='grc' dir='ltr'>θανάτους,</span> <span class='ocrx_word' id='word_1_580' title='bbox 1555 1761 1644 1799; x_wconf 76' lang='grc' dir='ltr'>ὥστε</span> <span class='ocrx_word' id='word_1_581' title='bbox 1663 1761 1710 1811; x_wconf 81' lang='grc' dir='ltr'><strong>μὴ</strong></span> <span class='ocrx_word' id='word_1_582' title='bbox 1731 1766 1833 1800; x_wconf 74' lang='grc' dir='ltr'>τοῦτο</span> <span class='ocrx_word' id='word_1_583' title='bbox 1848 1766 1982 1801; x_wconf 81' lang='grc' dir='ltr'>παθεῖν.</span> 
     </span>
    </p>

    <p class='ocr_par' dir='ltr' id='par_1_12' title="bbox 1359 1822 2386 2242">
     <span class='ocr_line' id='line_1_80' title="bbox 1411 1822 2377 1876; baseline 0 -15"><span class='ocrx_word' id='word_1_584' title='bbox 1411 1825 1465 1861; x_wconf 82' lang='grc' dir='ltr'><strong>Οὐ</strong></span> <span class='ocrx_word' id='word_1_585' title='bbox 1482 1822 1549 1876; x_wconf 72' lang='grc' dir='ltr'><strong>γάρ</strong></span> <span class='ocrx_word' id='word_1_586' title='bbox 1568 1827 1673 1871; x_wconf 81' lang='grc' dir='ltr'>ἔστιν,</span> <span class='ocrx_word' id='word_1_587' title='bbox 1692 1825 1754 1861; x_wconf 83' lang='grc' dir='ltr'><strong>οὐκ</strong></span> <span class='ocrx_word' id='word_1_588' title='bbox 1767 1823 1840 1861; x_wconf 81' lang='grc' dir='ltr'>ἔστι</span> <span class='ocrx_word' id='word_1_589' title='bbox 1858 1823 1987 1870; x_wconf 84' lang='grc' dir='ltr'>ταύτης</span> <span class='ocrx_word' id='word_1_590' title='bbox 2012 1825 2074 1869; x_wconf 77' lang='grc' dir='ltr'><strong>τῆς</strong></span> <span class='ocrx_word' id='word_1_591' title='bbox 2094 1824 2225 1875; x_wconf 55' lang='lat' dir='ltr'><strong>&amp;epam</strong></span> <span class='ocrx_word' id='word_1_592' title='bbox 2243 1823 2377 1876; x_wconf 81' lang='grc' dir='ltr'>ἀλογώ-</span> 
     </span>
     <span class='ocr_line' id='line_1_81' title="bbox 1359 1884 2380 1938; baseline 0 -16"><span class='ocrx_word' id='word_1_593' title='bbox 1359 1884 1455 1936; x_wconf 85' lang='grc' dir='ltr'>τερόν</span> <span class='ocrx_word' id='word_1_594' title='bbox 1475 1900 1512 1922; x_wconf 89' lang='grc' dir='ltr'><strong>τε</strong></span> <span class='ocrx_word' id='word_1_595' title='bbox 1532 1885 1591 1923; x_wconf 79' lang='grc' dir='ltr'><strong>καὶ</strong></span> <span class='ocrx_word' id='word_1_596' title='bbox 1607 1884 1862 1938; x_wconf 77' lang='grc' dir='ltr'>χαλεπώτερον.</span> <span class='ocrx_word' id='word_1_597' title='bbox 1879 1887 1924 1924; x_wconf 84' lang='grc' dir='ltr'><strong>Εἰ</strong></span> <span class='ocrx_word' id='word_1_598' title='bbox 1939 1884 2006 1937; x_wconf 75' lang='grc' dir='ltr'><strong>γὰρ</strong></span> <span class='ocrx_word' id='word_1_599' title='bbox 2030 1885 2110 1938; x_wconf 81' lang='grc' dir='ltr'>περὶ</span> <span class='ocrx_word' id='word_1_600' title='bbox 2129 1885 2288 1935; x_wconf 84' lang='grc' dir='ltr'>πορνείας</span> <span class='ocrx_word' id='word_1_601' title='bbox 2306 1885 2380 1922; x_wconf 83' lang='grc' dir='ltr'>δια-</span> 
     </span>
     <span class='ocr_line' id='line_1_82' title="bbox 1359 1945 2382 1997; baseline -0.001 -13"><span class='ocrx_word' id='word_1_602' title='bbox 1359 1945 1543 1997; x_wconf 84' lang='grc' dir='ltr'>λεγόμενος</span> <span class='ocrx_word' id='word_1_603' title='bbox 1567 1949 1583 1984; x_wconf 83' lang='grc' dir='ltr'>ὁ</span> <span class='ocrx_word' id='word_1_604' title='bbox 1617 1948 1758 1989; x_wconf 71' lang='grc' dir='ltr'>Παῦλος</span> <span class='ocrx_word' id='word_1_605' title='bbox 1785 1946 1914 1997; x_wconf 83' lang='grc' dir='ltr'>ἔλεγεν,</span> <span class='ocrx_word' id='word_1_606' title='bbox 1932 1946 1984 1984; x_wconf 75' lang='grc' dir='ltr'><strong>ὅτι</strong></span> <span class='ocrx_word' id='word_1_607' title='bbox 2015 1947 2092 1983; x_wconf 84' lang='grc' dir='ltr'><strong>Πᾶν</strong></span> <span class='ocrx_word' id='word_1_608' title='bbox 2126 1946 2337 1997; x_wconf 78' lang='grc' dir='ltr'>ἁμάρτημα,</span> <span class='ocrx_word' id='word_1_609' title='bbox 2364 1946 2382 1983; x_wconf 80' lang='grc' dir='ltr'>ὃ</span> 
     </span>
     <span class='ocr_line' id='line_1_83' title="bbox 1362 2006 2383 2060; baseline -0.001 -15"><span class='ocrx_word' id='word_1_610' title='bbox 1362 2007 1419 2045; x_wconf 72' lang='grc' dir='ltr'>ἐὰν</span> <span class='ocrx_word' id='word_1_611' title='bbox 1449 2008 1580 2058; x_wconf 78' lang='grc' dir='ltr'>ποιήσῃ</span> <span class='ocrx_word' id='word_1_612' title='bbox 1605 2008 1804 2060; x_wconf 81' lang='grc' dir='ltr'>ἄνθρωπος,</span> <span class='ocrx_word' id='word_1_613' title='bbox 1829 2007 1925 2050; x_wconf 79' lang='grc' dir='ltr'>ἐκτὸς</span> <span class='ocrx_word' id='word_1_614' title='bbox 1957 2011 2016 2045; x_wconf 75' lang='grc' dir='ltr'><strong>τοῦ</strong></span> <span class='ocrx_word' id='word_1_615' title='bbox 2047 2006 2207 2058; x_wconf 83' lang='grc' dir='ltr'>σώματός</span> <span class='ocrx_word' id='word_1_616' title='bbox 2234 2009 2343 2045; x_wconf 81' lang='grc' dir='ltr'>ἐστιν·</span> <span class='ocrx_word' id='word_1_617' title='bbox 2365 2009 2383 2044; x_wconf 85' lang='grc' dir='ltr'>ὁ</span> 
     </span>
     <span class='ocr_line' id='line_1_84' title="bbox 1363 2067 2384 2120; baseline 0 -14"><span class='ocrx_word' id='word_1_618' title='bbox 1363 2067 1398 2106; x_wconf 75' lang='grc' dir='ltr'><strong>δὲ</strong></span> <span class='ocrx_word' id='word_1_619' title='bbox 1421 2068 1596 2120; x_wconf 83' lang='grc' dir='ltr'>πορνεύων</span> <span class='ocrx_word' id='word_1_620' title='bbox 1618 2070 1664 2111; x_wconf 82' lang='grc' dir='ltr'><strong>εἷς</strong></span> <span class='ocrx_word' id='word_1_621' title='bbox 1684 2068 1723 2106; x_wconf 79' lang='grc' dir='ltr'><strong>τὸ</strong></span> <span class='ocrx_word' id='word_1_622' title='bbox 1752 2068 1835 2106; x_wconf 84' lang='grc' dir='ltr'>ἴδιον</span> <span class='ocrx_word' id='word_1_623' title='bbox 1855 2071 1958 2119; x_wconf 80' lang='grc' dir='ltr'>σῶμα</span> <span class='ocrx_word' id='word_1_624' title='bbox 1979 2067 2190 2119; x_wconf 83' lang='grc' dir='ltr'>ἁμαρτάνει·</span> <span class='ocrx_word' id='word_1_625' title='bbox 2209 2067 2242 2106; x_wconf 88' lang='grc' dir='ltr'><strong>τί</strong></span> <span class='ocrx_word' id='word_1_626' title='bbox 2272 2067 2311 2105; x_wconf 84' lang='grc' dir='ltr'><strong>ἂν</strong></span> <span class='ocrx_word' id='word_1_627' title='bbox 2337 2067 2384 2106; x_wconf 78' lang='grc' dir='ltr'>εἷ’-</span> 
     </span>
     <span class='ocr_line' id='line_1_85' title="bbox 1362 2120 2386 2181; baseline -0.001 -14"><span class='ocrx_word' id='word_1_628' title='bbox 1362 2145 1486 2180; x_wconf 88' lang='grc' dir='ltr'>ποιμεν</span> <span class='ocrx_word' id='word_1_629' title='bbox 1507 2129 1586 2181; x_wconf 73' lang='grc' dir='ltr'>περὶ</span> <span class='ocrx_word' id='word_1_630' title='bbox 1603 2133 1664 2176; x_wconf 72' lang='grc' dir='ltr'><strong>τῆς</strong></span> <span class='ocrx_word' id='word_1_631' title='bbox 1684 2129 1807 2180; x_wconf 86' lang='grc' dir='ltr'>μανίας</span> <span class='ocrx_word' id='word_1_632' title='bbox 1822 2128 1949 2176; x_wconf 87' lang='grc' dir='ltr'>ταύτης</span> <span class='ocrx_word' id='word_1_633' title='bbox 1961 2159 1971 2176; x_wconf 86' lang='grc'><em>,</em></span> <span class='ocrx_word' id='word_1_634' title='bbox 1985 2129 2006 2175; x_wconf 73' lang='grc' dir='ltr'>ἢ</span> <span class='ocrx_word' id='word_1_635' title='bbox 2024 2133 2184 2168; x_wconf 73' lang='grc' dir='ltr'>τοσοῦτον</span> <span class='ocrx_word' id='word_1_636' title='bbox 2200 2120 2386 2181; x_wconf 62' lang='grc' dir='ltr'><strong>ειπορνείας</strong></span> 
     </span>
     <span class='ocr_line' id='line_1_86' title="bbox 1363 2188 2385 2242; baseline 0.001 -16"><span class='ocrx_word' id='word_1_637' title='bbox 1363 2190 1488 2242; x_wconf 77' lang='grc' dir='ltr'>χείρων</span> <span class='ocrx_word' id='word_1_638' title='bbox 1507 2189 1612 2237; x_wconf 81' lang='grc' dir='ltr'>ἐστὶν,</span> <span class='ocrx_word' id='word_1_639' title='bbox 1630 2189 1708 2228; x_wconf 89' lang='grc' dir='ltr'>οσον</span> <span class='ocrx_word' id='word_1_640' title='bbox 1739 2189 1815 2228; x_wconf 77' lang='grc' dir='ltr'>οὐδὲ</span> <span class='ocrx_word' id='word_1_641' title='bbox 1835 2189 1926 2228; x_wconf 83' lang='grc' dir='ltr'>ἔστιν</span> <span class='ocrx_word' id='word_1_642' title='bbox 1948 2192 2069 2236; x_wconf 74' lang='grc' dir='ltr'>εἰπεῖν,</span> <span class='ocrx_word' id='word_1_643' title='bbox 2085 2188 2176 2228; x_wconf 82' lang='grc' dir='ltr'>Οὐδὲ</span> <span class='ocrx_word' id='word_1_644' title='bbox 2199 2189 2267 2242; x_wconf 80' lang='grc' dir='ltr'><strong>γὰρ</strong></span> <span class='ocrx_word' id='word_1_645' title='bbox 2285 2205 2385 2227; x_wconf 87' lang='grc' dir='ltr'>τουτο</span> 
     </span>
    </p>
   </div>
   <div class='ocr_carea' id='block_1_11' title="bbox 1331 2249 2385 2324">
    <p class='ocr_par' dir='ltr' id='par_1_13' title="bbox 1331 2249 2385 2324">
     <span class='ocr_line' id='line_1_87' title="bbox 1331 2249 2385 2324; baseline -0.002 -36"><span class='ocrx_word' id='word_1_646' title='bbox 1331 2262 1336 2267; x_wconf 89' lang='grc'><strong>”</strong></span> <span class='ocrx_word' id='word_1_647' title='bbox 1363 2251 1454 2324; x_wconf 63' lang='grc' dir='ltr'>λέγω</span> <span class='ocrx_word' id='word_1_648' title='bbox 1476 2250 1589 2299; x_wconf 82' lang='grc' dir='ltr'>μόνον,</span> <span class='ocrx_word' id='word_1_649' title='bbox 1610 2266 1662 2287; x_wconf 91' lang='grc' dir='ltr'><strong>οτι</strong></span> <span class='ocrx_word' id='word_1_650' title='bbox 1681 2249 1826 2299; x_wconf 70' lang='grc' dir='ltr'>γέγονας</span> <span class='ocrx_word' id='word_1_651' title='bbox 1843 2266 1928 2300; x_wconf 92' lang='grc' dir='ltr'>γυνη</span> <span class='ocrx_word' id='word_1_652' title='bbox 1941 2280 1950 2296; x_wconf 87' lang='grc'><em>,</em></span> <span class='ocrx_word' id='word_1_653' title='bbox 1962 2251 2038 2286; x_wconf 78' lang='grc' dir='ltr'>ἀλλ’</span> <span class='ocrx_word' id='word_1_654' title='bbox 2057 2250 2110 2287; x_wconf 80' lang='grc' dir='ltr'><strong>ὅτι</strong></span> <span class='ocrx_word' id='word_1_655' title='bbox 2128 2249 2310 2292; x_wconf 81' lang='grc' dir='ltr'>ἀπώλεσας</span> <span class='ocrx_word' id='word_1_656' title='bbox 2326 2249 2385 2287; x_wconf 86' lang='grc' dir='ltr'><strong>καὶ</strong></span> 
     </span>
    </p>
   </div>
   <div class='ocr_carea' id='block_1_12' title="bbox 1363 2309 2389 2784">
    <p class='ocr_par' dir='ltr' id='par_1_14' title="bbox 1363 2309 2389 2784">
     <span class='ocr_line' id='line_1_88' title="bbox 1363 2309 2384 2361; baseline 0 -14"><span class='ocrx_word' id='word_1_657' title='bbox 1363 2326 1402 2347; x_wconf 85' lang='grc' dir='ltr'><strong>το</strong></span> <span class='ocrx_word' id='word_1_658' title='bbox 1420 2314 1508 2347; x_wconf 88' lang='grc' dir='ltr'>εἰναι</span> <span class='ocrx_word' id='word_1_659' title='bbox 1529 2309 1628 2361; x_wconf 84' lang='grc' dir='ltr'>ἀνηρ,</span> <span class='ocrx_word' id='word_1_660' title='bbox 1649 2310 1707 2346; x_wconf 84' lang='grc' dir='ltr'><strong>και</strong></span> <span class='ocrx_word' id='word_1_661' title='bbox 1726 2309 1803 2346; x_wconf 84' lang='grc' dir='ltr'>οὔτε</span> <span class='ocrx_word' id='word_1_662' title='bbox 1824 2312 1869 2352; x_wconf 89' lang='grc' dir='ltr'><strong>εἷς</strong></span> <span class='ocrx_word' id='word_1_663' title='bbox 1897 2309 2025 2354; x_wconf 86' lang='grc' dir='ltr'>ταύτην</span> <span class='ocrx_word' id='word_1_664' title='bbox 2056 2309 2223 2358; x_wconf 82' lang='grc' dir='ltr'>μετέστης</span> <span class='ocrx_word' id='word_1_665' title='bbox 2245 2309 2306 2354; x_wconf 73' lang='grc' dir='ltr'><strong>τὴν</strong></span> <span class='ocrx_word' id='word_1_666' title='bbox 2327 2309 2384 2360; x_wconf 70' lang='grc' dir='ltr'>φύ-</span> 
     </span>
     <span class='ocr_line' id='line_1_89' title="bbox 1364 2369 2387 2421; baseline -0.001 -14"><span class='ocrx_word' id='word_1_667' title='bbox 1364 2385 1466 2416; x_wconf 85' lang='grc' dir='ltr'>σιν,ο</span> <span class='ocrx_word' id='word_1_668' title='bbox 1450 2370 1525 2407; x_wconf 80' lang='grc' dir='ltr'>οὔτε</span> <span class='ocrx_word' id='word_1_669' title='bbox 1544 2375 1586 2416; x_wconf 84' lang='grc' dir='ltr'><strong>ην</strong></span> <span class='ocrx_word' id='word_1_670' title='bbox 1615 2374 1704 2420; x_wconf 75' lang='grc' dir='ltr'>εἶχες</span> <span class='ocrx_word' id='word_1_671' title='bbox 1725 2369 1952 2421; x_wconf 80' lang='grc' dir='ltr'>διετήρησας,</span> <span class='ocrx_word' id='word_1_672' title='bbox 1973 2369 2064 2406; x_wconf 84' lang='grc' dir='ltr'>ἀλλα</span> <span class='ocrx_word' id='word_1_673' title='bbox 2090 2369 2201 2412; x_wconf 82' lang='grc' dir='ltr'>κοινὸς</span> <span class='ocrx_word' id='word_1_674' title='bbox 2220 2369 2387 2421; x_wconf 78' lang='grc' dir='ltr'>ἑκατέρας</span> 
     </span>
     <span class='ocr_line' id='line_1_90' title="bbox 1364 2429 2384 2482; baseline -0.002 -14"><span class='ocrx_word' id='word_1_675' title='bbox 1364 2429 1479 2481; x_wconf 77' lang='grc' dir='ltr'>ἐγένου</span> <span class='ocrx_word' id='word_1_676' title='bbox 1514 2429 1706 2481; x_wconf 71' lang='grc' dir='ltr'>προδότης,</span> <span class='ocrx_word' id='word_1_677' title='bbox 1737 2429 1796 2467; x_wconf 80' lang='grc' dir='ltr'><strong>καὶ</strong></span> <span class='ocrx_word' id='word_1_678' title='bbox 1832 2445 1929 2482; x_wconf 91' lang='grc' dir='ltr'>παρα</span> <span class='ocrx_word' id='word_1_679' title='bbox 1960 2430 2092 2480; x_wconf 77' lang='grc' dir='ltr'>ἀνδρῶν</span> <span class='ocrx_word' id='word_1_680' title='bbox 2121 2429 2180 2467; x_wconf 85' lang='grc' dir='ltr'><strong>καὶ</strong></span> <span class='ocrx_word' id='word_1_681' title='bbox 2212 2432 2384 2480; x_wconf 84' lang='grc' dir='ltr'>γυναικῶν</span> 
     </span>
     <span class='ocr_line' id='line_1_91' title="bbox 1365 2489 2386 2541; baseline -0.001 -13"><span class='ocrx_word' id='word_1_682' title='bbox 1365 2490 1456 2534; x_wconf 79' lang='grc' dir='ltr'>ἄξιος</span> <span class='ocrx_word' id='word_1_683' title='bbox 1476 2489 1677 2529; x_wconf 76' lang='grc' dir='ltr'>ἐλαύνεσθαι</span> <span class='ocrx_word' id='word_1_684' title='bbox 1696 2489 1755 2527; x_wconf 83' lang='grc' dir='ltr'><strong>καὶ</strong></span> <span class='ocrx_word' id='word_1_685' title='bbox 1773 2489 2025 2527; x_wconf 87' lang='grc' dir='ltr'>καταλεύεσθαι</span> <span class='ocrx_word' id='word_1_686' title='bbox 2037 2519 2046 2535; x_wconf 90' lang='grc'><em>,</em></span> <span class='ocrx_word' id='word_1_687' title='bbox 2063 2490 2123 2526; x_wconf 81' lang='grc' dir='ltr'><strong>ἅτε</strong></span> <span class='ocrx_word' id='word_1_688' title='bbox 2141 2490 2300 2541; x_wconf 78' lang='grc' dir='ltr'>ἑκάτερον</span> <span class='ocrx_word' id='word_1_689' title='bbox 2316 2491 2386 2526; x_wconf 78' lang='grc' dir='ltr'>ἀδι-</span> 
     </span>
     <span class='ocr_line' id='line_1_92' title="bbox 1365 2544 2389 2601; baseline 0 -14"><span class='ocrx_word' id='word_1_690' title='bbox 1365 2549 1475 2596; x_wconf 67' lang='grc' dir='ltr'>κήσας</span> <span class='ocrx_word' id='word_1_691' title='bbox 1495 2551 1535 2589; x_wconf 79' lang='grc' dir='ltr'><strong>τὸ</strong></span> <span class='ocrx_word' id='word_1_692' title='bbox 1555 2549 1664 2601; x_wconf 88' lang='grc' dir='ltr'>γε’νος.</span> <span class='ocrx_word' id='word_1_693' title='bbox 1683 2550 1753 2588; x_wconf 80' lang='grc' dir='ltr'><strong>Καὶ</strong></span> <span class='ocrx_word' id='word_1_694' title='bbox 1770 2549 1824 2587; x_wconf 80' lang='grc' dir='ltr'><strong>ἵνα</strong></span> <span class='ocrx_word' id='word_1_695' title='bbox 1846 2550 1958 2601; x_wconf 76' lang='grc' dir='ltr'>μάθῃς</span> <span class='ocrx_word' id='word_1_696' title='bbox 1972 2544 2092 2597; x_wconf 73' lang='grc' dir='ltr'>ἧλίκον</span> <span class='ocrx_word' id='word_1_697' title='bbox 2113 2549 2214 2588; x_wconf 69' lang='grc' dir='ltr'>τοῦτό</span> <span class='ocrx_word' id='word_1_698' title='bbox 2234 2553 2338 2598; x_wconf 82' lang='grc' dir='ltr'>ἐστιν,</span> <span class='ocrx_word' id='word_1_699' title='bbox 2358 2550 2389 2587; x_wconf 84' lang='grc' dir='ltr'><strong>εἴ</strong></span> 
     </span>
     <span class='ocr_line' id='line_1_93' title="bbox 1364 2609 2388 2662; baseline 0 -13"><span class='ocrx_word' id='word_1_700' title='bbox 1364 2628 1416 2655; x_wconf 82' lang='grc' dir='ltr'><strong>τις</strong></span> <span class='ocrx_word' id='word_1_701' title='bbox 1433 2611 1539 2649; x_wconf 79' lang='grc' dir='ltr'>ἐλθὼν</span> <span class='ocrx_word' id='word_1_702' title='bbox 1557 2611 1790 2661; x_wconf 79' lang='grc' dir='ltr'>ἐπηγγέλλετο</span> <span class='ocrx_word' id='word_1_703' title='bbox 1810 2610 1844 2655; x_wconf 82' lang='grc' dir='ltr'><strong>ἐξ</strong></span> <span class='ocrx_word' id='word_1_704' title='bbox 1873 2609 2063 2662; x_wconf 79' lang='grc' dir='ltr'>ἀνθρώπιον</span> <span class='ocrx_word' id='word_1_705' title='bbox 2091 2611 2178 2648; x_wconf 88' lang='grc' dir='ltr'>κύνα</span> <span class='ocrx_word' id='word_1_706' title='bbox 2199 2617 2310 2649; x_wconf 88' lang='grc' dir='ltr'>ποιεῖν</span> <span class='ocrx_word' id='word_1_707' title='bbox 2329 2627 2388 2659; x_wconf 86' lang='grc' dir='ltr'><strong>σε,</strong></span> 
     </span>
     <span class='ocr_line' id='line_1_94' title="bbox 1366 2668 2386 2724; baseline 0 -15"><span class='ocrx_word' id='word_1_708' title='bbox 1366 2668 1432 2724; x_wconf 78' lang='grc' dir='ltr'><strong>δίρα</strong></span> <span class='ocrx_word' id='word_1_709' title='bbox 1453 2675 1513 2710; x_wconf 83' lang='grc' dir='ltr'><strong>οὐκ</strong></span> <span class='ocrx_word' id='word_1_710' title='bbox 1531 2672 1570 2709; x_wconf 79' lang='grc' dir='ltr'><strong>ἂν</strong></span> <span class='ocrx_word' id='word_1_711' title='bbox 1587 2674 1633 2715; x_wconf 81' lang='grc' dir='ltr'><strong>ὡς</strong></span> <span class='ocrx_word' id='word_1_712' title='bbox 1647 2673 1809 2723; x_wconf 79' lang='grc' dir='ltr'>λυμεῶνα</span> <span class='ocrx_word' id='word_1_713' title='bbox 1830 2671 1971 2723; x_wconf 59' lang='grc' dir='ltr'>ἔφυγες,</span> <span class='ocrx_word' id='word_1_714' title='bbox 1991 2671 2082 2709; x_wconf 81' lang='grc' dir='ltr'>Ἀλλ’</span> <span class='ocrx_word' id='word_1_715' title='bbox 2111 2671 2181 2710; x_wconf 75' lang='grc' dir='ltr'>ἰδοὺ</span> <span class='ocrx_word' id='word_1_716' title='bbox 2198 2675 2235 2710; x_wconf 79' lang='grc' dir='ltr'><strong>οὖ</strong></span> <span class='ocrx_word' id='word_1_717' title='bbox 2251 2672 2337 2710; x_wconf 85' lang='grc' dir='ltr'>κύνα</span> <span class='ocrx_word' id='word_1_718' title='bbox 2353 2671 2386 2716; x_wconf 78' lang='grc' dir='ltr'><strong>ἐξ</strong></span> 
     </span>
     <span class='ocr_line' id='line_1_95' title="bbox 1366 2731 2386 2784; baseline -0.001 -14"><span class='ocrx_word' id='word_1_719' title='bbox 1366 2732 1555 2784; x_wconf 76' lang='grc' dir='ltr'>ἀνθρώπων</span> <span class='ocrx_word' id='word_1_720' title='bbox 1588 2732 1714 2770; x_wconf 76' lang='grc' dir='ltr'>σαυτὸν</span> <span class='ocrx_word' id='word_1_721' title='bbox 1743 2731 1931 2779; x_wconf 82' lang='grc' dir='ltr'>ἐποίησας,</span> <span class='ocrx_word' id='word_1_722' title='bbox 1965 2732 2055 2770; x_wconf 80' lang='grc' dir='ltr'>ἀλλὰ</span> <span class='ocrx_word' id='word_1_723' title='bbox 2086 2732 2125 2770; x_wconf 84' lang='grc' dir='ltr'><strong>τὸ</strong></span> <span class='ocrx_word' id='word_1_724' title='bbox 2155 2732 2275 2770; x_wconf 86' lang='grc' dir='ltr'>τούτου</span> <span class='ocrx_word' id='word_1_725' title='bbox 2301 2734 2386 2776; x_wconf 76' lang='grc' dir='ltr'>ζῶον</span> 
     </span>
    </p>
   </div>
   <div class='ocr_carea' id='block_1_13' title="bbox 1366 2792 2388 2846">
    <p class='ocr_par' dir='ltr' id='par_1_15' title="bbox 1366 2792 2388 2846">
     <span class='ocr_line' id='line_1_96' title="bbox 1366 2792 2388 2846; baseline -0.003 -14"><span class='ocrx_word' id='word_1_726' title='bbox 1366 2794 1587 2846; x_wconf 87' lang='grc' dir='ltr'>ἀτιμότερον·</span> <span class='ocrx_word' id='word_1_727' title='bbox 1602 2796 1710 2832; x_wconf 76' lang='grc' dir='ltr'>ἐκεῖνο</span> <span class='ocrx_word' id='word_1_728' title='bbox 1730 2793 1792 2843; x_wconf 83' lang='grc' dir='ltr'><strong>μὲν</strong></span> <span class='ocrx_word' id='word_1_729' title='bbox 1811 2793 1878 2844; x_wconf 79' lang='grc' dir='ltr'><strong>γὰρ</strong></span> <span class='ocrx_word' id='word_1_730' title='bbox 1893 2795 1939 2836; x_wconf 88' lang='grc' dir='ltr'><strong>εἷς</strong></span> <span class='ocrx_word' id='word_1_731' title='bbox 1951 2797 2077 2844; x_wconf 64' lang='grc' dir='ltr'>χρῆσιν</span> <span class='ocrx_word' id='word_1_732' title='bbox 2093 2793 2299 2840; x_wconf 81' lang='grc' dir='ltr'>ἐπιτήδειον,</span> <span class='ocrx_word' id='word_1_733' title='bbox 2319 2795 2336 2829; x_wconf 82' lang='grc' dir='ltr'><em>ὃ</em></span> <span class='ocrx_word' id='word_1_734' title='bbox 2352 2792 2388 2829; x_wconf 81' lang='grc' dir='ltr'><strong>δὲ</strong></span> 
     </span>
    </p>
   </div>
   <div class='ocr_carea' id='block_1_14' title="bbox 1331 2852 2387 2906">
    <p class='ocr_par' dir='ltr' id='par_1_16' title="bbox 1331 2852 2387 2906">
     <span class='ocr_line' id='line_1_97' title="bbox 1331 2852 2387 2906; baseline -0.003 -13"><span class='ocrx_word' id='word_1_735' title='bbox 1331 2890 1341 2898; x_wconf 64' lang='grc'><em>,</em></span> <span class='ocrx_word' id='word_1_736' title='bbox 1365 2854 1565 2906; x_wconf 80' lang='grc' dir='ltr'>ἧταιρηκὼς</span> <span class='ocrx_word' id='word_1_737' title='bbox 1584 2855 1734 2903; x_wconf 78' lang='grc' dir='ltr'>οὐδαμοῦ</span> <span class='ocrx_word' id='word_1_738' title='bbox 1758 2854 1943 2905; x_wconf 71' lang='grc' dir='ltr'>χρήσιμος.</span> <span class='ocrx_word' id='word_1_739' title='bbox 1960 2853 2007 2891; x_wconf 90' lang='grc' dir='ltr'><strong>Τί</strong></span> <span class='ocrx_word' id='word_1_740' title='bbox 2023 2852 2078 2898; x_wconf 79' lang='grc' dir='ltr'><strong>δὲ,</strong></span> <span class='ocrx_word' id='word_1_741' title='bbox 2097 2853 2173 2890; x_wconf 83' lang='grc' dir='ltr'>εἶπέ</span> <span class='ocrx_word' id='word_1_742' title='bbox 2193 2869 2269 2903; x_wconf 85' lang='grc' dir='ltr'>μοι,</span> <span class='ocrx_word' id='word_1_743' title='bbox 2286 2853 2318 2890; x_wconf 85' lang='grc' dir='ltr'><strong>εἴ</strong></span> <span class='ocrx_word' id='word_1_744' title='bbox 2337 2869 2387 2895; x_wconf 85' lang='grc' dir='ltr'><strong>τις</strong></span> 
     </span>
    </p>
   </div>
   <div class='ocr_carea' id='block_1_15' title="bbox 1366 2913 2388 3231">
    <p class='ocr_par' dir='ltr' id='par_1_17' title="bbox 1366 2913 2387 2966">
     <span class='ocr_line' id='line_1_98' title="bbox 1366 2913 2387 2966; baseline -0.004 -12"><span class='ocrx_word' id='word_1_745' title='bbox 1366 2916 1503 2962; x_wconf 75' lang='grc' dir='ltr'>ἠπείλει</span> <span class='ocrx_word' id='word_1_746' title='bbox 1521 2921 1631 2953; x_wconf 89' lang='grc' dir='ltr'>ποιεῖν</span> <span class='ocrx_word' id='word_1_747' title='bbox 1650 2914 1778 2952; x_wconf 87' lang='grc' dir='ltr'>τίκτειν</span> <span class='ocrx_word' id='word_1_748' title='bbox 1796 2914 1921 2966; x_wconf 85' lang='grc' dir='ltr'>ἄνδρας</span> <span class='ocrx_word' id='word_1_749' title='bbox 1948 2913 2006 2951; x_wconf 77' lang='grc' dir='ltr'><strong>καὶ</strong></span> <span class='ocrx_word' id='word_1_750' title='bbox 2025 2913 2251 2965; x_wconf 70' lang='grc' dir='ltr'>λοχεύεσθαι,</span> <span class='ocrx_word' id='word_1_751' title='bbox 2268 2915 2331 2951; x_wconf 75' lang='grc' dir='ltr'><strong>οὐκ</strong></span> <span class='ocrx_word' id='word_1_752' title='bbox 2347 2913 2387 2950; x_wconf 84' lang='grc' dir='ltr'><strong>ἂν</strong></span> 
     </span>
    </p>

    <p class='ocr_par' dir='ltr' id='par_1_18' title="bbox 1367 2973 2387 3026">
     <span class='ocr_line' id='line_1_99' title="bbox 1367 2973 2387 3026; baseline -0.004 -11"><span class='ocrx_word' id='word_1_753' title='bbox 1367 2976 1590 3025; x_wconf 74' lang='grc' dir='ltr'>ἔπλήσθημεν</span> <span class='ocrx_word' id='word_1_754' title='bbox 1612 2978 1736 3025; x_wconf 75' lang='grc' dir='ltr'>θυμοῦ,</span> <span class='ocrx_word' id='word_1_755' title='bbox 1755 2976 1845 3012; x_wconf 87' lang='grc' dir='ltr'>Ἀλλ’</span> <span class='ocrx_word' id='word_1_756' title='bbox 1867 2973 1938 3012; x_wconf 75' lang='grc' dir='ltr'>ἰδοὺ</span> <span class='ocrx_word' id='word_1_757' title='bbox 1962 2977 2021 3010; x_wconf 79' lang='grc' dir='ltr'><strong>νῦν</strong></span> <span class='ocrx_word' id='word_1_758' title='bbox 2051 2973 2281 3026; x_wconf 80' lang='grc' dir='ltr'>χαλεπώτερα</span> <span class='ocrx_word' id='word_1_759' title='bbox 2303 2976 2387 3011; x_wconf 80' lang='grc' dir='ltr'>ἑαυ-</span> 
     </span>
    </p>

    <p class='ocr_par' dir='ltr' id='par_1_19' title="bbox 1369 3034 2388 3087">
     <span class='ocr_line' id='line_1_100' title="bbox 1369 3034 2388 3087; baseline -0.004 -12"><span class='ocrx_word' id='word_1_760' title='bbox 1369 3037 1446 3080; x_wconf 79' lang='grc' dir='ltr'>τοὺς</span> <span class='ocrx_word' id='word_1_761' title='bbox 1464 3034 1736 3087; x_wconf 77' lang='grc' dir='ltr'>κατειργάσαντο</span> <span class='ocrx_word' id='word_1_762' title='bbox 1755 3038 1787 3073; x_wconf 81' lang='grc' dir='ltr'><strong>οἱ</strong></span> <span class='ocrx_word' id='word_1_763' title='bbox 1805 3034 1848 3072; x_wconf 82' lang='grc' dir='ltr'><strong>τὰ</strong></span> <span class='ocrx_word' id='word_1_764' title='bbox 1870 3038 2015 3072; x_wconf 74' lang='grc' dir='ltr'>τοιαῦτα</span> <span class='ocrx_word' id='word_1_765' title='bbox 2039 3036 2228 3078; x_wconf 81' lang='grc' dir='ltr'>λυττῶντες</span> <span class='ocrx_word' id='word_1_766' title='bbox 2241 3051 2248 3058; x_wconf 91' lang='grc'><em>·</em></span> <span class='ocrx_word' id='word_1_767' title='bbox 2267 3037 2304 3073; x_wconf 83' lang='grc' dir='ltr'><strong>οὐ</strong></span> <span class='ocrx_word' id='word_1_768' title='bbox 2321 3035 2388 3087; x_wconf 85' lang='grc' dir='ltr'><strong>γάρ</strong></span> 
     </span>
    </p>

    <p class='ocr_par' dir='ltr' id='par_1_20' title="bbox 1368 3094 2388 3147">
     <span class='ocr_line' id='line_1_101' title="bbox 1368 3094 2388 3147; baseline -0.003 -11"><span class='ocrx_word' id='word_1_769' title='bbox 1368 3100 1460 3136; x_wconf 82' lang='grc' dir='ltr'>ἐστιν</span> <span class='ocrx_word' id='word_1_770' title='bbox 1491 3097 1562 3135; x_wconf 86' lang='grc' dir='ltr'>ἴσον</span> <span class='ocrx_word' id='word_1_771' title='bbox 1585 3098 1631 3138; x_wconf 85' lang='grc' dir='ltr'><strong>εἰς</strong></span> <span class='ocrx_word' id='word_1_772' title='bbox 1649 3094 1847 3147; x_wconf 85' lang='grc' dir='ltr'>γυναικείαν</span> <span class='ocrx_word' id='word_1_773' title='bbox 1875 3095 2084 3144; x_wconf 69' lang='grc' dir='ltr'>μεταδαλεῖν</span> <span class='ocrx_word' id='word_1_774' title='bbox 2113 3095 2225 3147; x_wconf 78' lang='grc' dir='ltr'>φύσιν,</span> <span class='ocrx_word' id='word_1_775' title='bbox 2244 3095 2303 3133; x_wconf 82' lang='grc' dir='ltr'><strong>καὶ</strong></span> <span class='ocrx_word' id='word_1_776' title='bbox 2329 3095 2388 3145; x_wconf 89' lang='grc' dir='ltr'>με’-</span> 
     </span>
    </p>

    <p class='ocr_par' dir='ltr' id='par_1_21' title="bbox 1368 3155 2387 3231">
     <span class='ocr_line' id='line_1_102' title="bbox 1368 3155 2387 3211; baseline -0.003 -14"><span class='ocrx_word' id='word_1_777' title='bbox 1368 3174 1468 3197; x_wconf 86' lang='grc' dir='ltr'>νοντα</span> <span class='ocrx_word' id='word_1_778' title='bbox 1491 3158 1597 3208; x_wconf 78' lang='grc' dir='ltr'>ἄνδρα</span> <span class='ocrx_word' id='word_1_779' title='bbox 1613 3156 1773 3207; x_wconf 80' lang='grc' dir='ltr'>γενέσθαι</span> <span class='ocrx_word' id='word_1_780' title='bbox 1788 3161 1954 3206; x_wconf 83' lang='grc' dir='ltr'>γυναῖκα,</span> <span class='ocrx_word' id='word_1_781' title='bbox 1973 3157 2104 3205; x_wconf 76' lang='grc' dir='ltr'>μᾶλλον</span> <span class='ocrx_word' id='word_1_782' title='bbox 2126 3155 2162 3194; x_wconf 76' lang='grc' dir='ltr'><strong>δὲ</strong></span> <span class='ocrx_word' id='word_1_783' title='bbox 2183 3156 2387 3211; x_wconf 76' lang='grc' dir='ltr'>μήτετοῧτο</span> 
     </span>
     <span class='ocr_line' id='line_1_103' title="bbox 1656 3216 1718 3231; baseline -0.016 0"><span class='ocrx_word' id='word_1_784' title='bbox 1656 3219 1664 3231; x_wconf 71' lang='lat'><strong>³</strong></span> <span class='ocrx_word' id='word_1_785' title='bbox 1690 3216 1718 3230; x_wconf 50' lang='lat' dir='ltr'><strong>R!</strong></span> 
     </span>
    </p>
   </div>
   <div class='ocr_carea' id='block_1_16' title="bbox 1371 3215 2388 3271">
    <p class='ocr_par' dir='ltr' id='par_1_22' title="bbox 1371 3215 2388 3271">
     <span class='ocr_line' id='line_1_104' title="bbox 1371 3215 2388 3271; baseline -0.004 -13"><span class='ocrx_word' id='word_1_786' title='bbox 1371 3220 1460 3271; x_wconf 78' lang='grc' dir='ltr'>μήτε</span> <span class='ocrx_word' id='word_1_787' title='bbox 1486 3221 1604 3256; x_wconf 78' lang='grc' dir='ltr'>ἐκεῖνο.</span> <span class='ocrx_word' id='word_1_788' title='bbox 1622 3219 1665 3255; x_wconf 67' lang='lat' dir='ltr'><strong>Ei</strong></span> <span class='ocrx_word' id='word_1_789' title='bbox 1687 3232 1721 3254; x_wconf 86' lang='grc' dir='ltr'><strong>οε</strong></span> <span class='ocrx_word' id='word_1_790' title='bbox 1755 3215 1871 3266; x_wconf 81' lang='grc' dir='ltr'>βούλει</span> <span class='ocrx_word' id='word_1_791' title='bbox 1898 3217 1956 3253; x_wconf 80' lang='grc' dir='ltr'><strong>καὶ</strong></span> <span class='ocrx_word' id='word_1_792' title='bbox 1985 3216 2149 3268; x_wconf 78' lang='grc' dir='ltr'>ἑτέρωθεν</span> <span class='ocrx_word' id='word_1_793' title='bbox 2181 3220 2300 3268; x_wconf 82' lang='grc' dir='ltr'>μαθεῖν</span> <span class='ocrx_word' id='word_1_794' title='bbox 2328 3222 2388 3255; x_wconf 72' lang='grc' dir='ltr'><strong>τοῦ</strong></span> 
     </span>
    </p>
   </div>
   <div class='ocr_carea' id='block_1_17' title="bbox 1368 3282 2387 3335">
    <p class='ocr_par' dir='ltr' id='par_1_23' title="bbox 1368 3282 2387 3335">
     <span class='ocr_line' id='line_1_105' title="bbox 1368 3282 2387 3335; baseline -0.005 -9"><span class='ocrx_word' id='word_1_795' title='bbox 1368 3291 1474 3326; x_wconf 63' lang='grc' dir='ltr'>κακοῦ</span> <span class='ocrx_word' id='word_1_796' title='bbox 1496 3285 1556 3332; x_wconf 70' lang='grc' dir='ltr'><strong>τὴν</strong></span> <span class='ocrx_word' id='word_1_797' title='bbox 1573 3282 1777 3335; x_wconf 57' lang='grc' dir='ltr'>ὑπερῧολην,</span> <span class='ocrx_word' id='word_1_798' title='bbox 1795 3282 1969 3334; x_wconf 74' lang='grc' dir='ltr'>ἐρώτησον</span> <span class='ocrx_word' id='word_1_799' title='bbox 1990 3283 2079 3327; x_wconf 82' lang='grc' dir='ltr'>τίνος</span> <span class='ocrx_word' id='word_1_800' title='bbox 2100 3283 2213 3322; x_wconf 77' lang='grc' dir='ltr'>ἕνεκεν</span> <span class='ocrx_word' id='word_1_801' title='bbox 2239 3283 2314 3326; x_wconf 72' lang='grc' dir='ltr'>τοὺς</span> <span class='ocrx_word' id='word_1_802' title='bbox 2335 3285 2387 3321; x_wconf 80' lang='grc' dir='ltr'><strong>εὖ·</strong></span> 
     </span>
    </p>
   </div>
  </div>
 </body>
</html>
