2502 3810
703 260 744 288 IN
783 259 923 288 EPIST-

68 343 199 393 μᾶλλον
234 340 269 378 δὲ
301 340 375 379 οὐδὲ
404 341 657 392 παρακλήσεως
691 342 818 378 δεῖται·
852 340 952 391 μόνον
988 338 1082 382 ἀξίαν

67 401 173 448 αὐτὴν
206 400 462 440 κατασκεύασον
494 404 556 447 τῆς
589 402 677 452 ἁφῆς
709 400 859 448 ἐκείνης,
893 399 952 438 καὶ
983 399 1084 442 αὐτὸς

65 461 308 514 ἐπιδραμεῖταί
328 477 381 499 σοι
403 460 580 513 πρότερος.
605 463 674 499 Εἰ
664 460 730 513 γὰρ
749 460 835 511 ὑπερ
855 463 922 498 τῶν
939 458 1083 510 μελ)ο’ν-

64 539 131 560 των
152 522 328 574 ἐπιτρέχει
347 522 427 570 (οὔτ’
417 539 457 559 ιι)
475 522 542 574 γὰρ
555 539 604 559 τι)
620 521 750 574 Παύλῳ
770 537 914 573 τοιουτῳ
934 536 1081 571 γεγενη-

67 583 158 636 μένῳ
183 600 222 621 το
249 582 421 633 ἐγκώμιον
451 585 605 635 ὕφανεν),
629 583 708 620 ὅταν
730 585 860 634 ἀπ’·ηρτ
853 581 986 632 σμένον
1005 581 1059 631 ἴδῃ
1074 610 1084 628 ,

64 644 98 682 τί
125 647 185 683 οὐκ
214 644 414 696 ἐργάσεται,
448 644 508 683 Ἂν
541 644 577 683 ’δὲ’
606 645 755 697 Χριστὸς
787 644 930 695 ἠχήσῃ,
960 642 1019 680 καὶ
1044 642 1083 679 τὸ

66 707 214 756 Πνεῦμα
230 705 485 752 οέπιπτῆσεται
504 706 654 754 πάντως,
667 705 725 742 καὶ
741 704 889 755 ἐσόμεθα
907 708 965 741 τοῦ
986 707 1085 755 οὐρα-

69 843 153 877 ματι
174 826 233 864 καὶ
254 827 415 872 σελήνην,
436 827 526 865 ἀλλὰ
556 827 612 875 τὸν
648 825 747 872 ἡλίου
775 825 835 862 καὶ
863 824 1007 870 σελήνης
1027 823 1084 860 καὶ

69 887 222 938 ἀγγέλων
245 887 427 934 Δεσπότην
456 888 678 924 *ἐνοικοῦντα
699 885 757 923 καὶ
782 886 1086 936 ἐμπεριπατοῦντα

69 949 165 996 ἡμῖν.
187 948 310 984 Ταῦτα
326 947 361 985 δὲ
375 946 466 998 λέγω
479 977 488 994 ,
511 949 574 998 οὐχ
594 945 649 983 ἵνα
665 943 804 996 νεκροὺς
822 943 1086 993 ἀναστήσωμεν,

69 1006 146 1045 οὐδὲ
164 1007 310 1060 λεπροὺς
328 1007 384 1045 ἵνα
399 1007 619 1059 καθαίρωμεν,
636 1007 710 1044 ἀλλ’
724 1004 780 1042 ἵνα
797 1004 837 1041 τὸ
851 1003 990 1041 πάντων
1009 1003 1087 1040 τού-

69 1082 136 1104 των
157 1074 299 1117 σημεῖον
319 1070 432 1118 μεῖζον
450 1065 699 1116 ἐπιδειξώμεθα
714 1064 776 1110 τὴν
798 1063 949 1115 ἀγάπην.
970 1062 1087 1101 εΌπου

68 1126 135 1178 γὰρ
152 1126 191 1164 ἂν
211 1122 234 1178 ᾗ
255 1132 355 1164 τοῦτο
381 1127 420 1164 τὸ
439 1125 556 1173 καλὸν,
580 1125 702 1169 εὖθεως
725 1124 783 1162 καὶ
804 1128 820 1162 ὅ
837 1124 892 1162 Υ
873 1140 918 1166 ιος
941 1125 1089 1176 ἐφίστα-

67 1201 126 1223 ται
146 1185 235 1237 μετὰ
249 1202 307 1224 του
321 1186 478 1238 Πατρὸς,
502 1185 562 1224 καὶ
580 1189 601 1232 ἡ
621 1202 680 1223 του
702 1184 943 1235 Πνεύματος’
929 1200 1090 1237 επιφοιτα

69 1246 181 1298 χάρις.
198 1241 251 1284 Οὑ
268 1246 335 1299 γὰρ
351 1246 409 1285 ἐὰν
429 1249 512 1293 ὠσι,
535 1262 640 1299 φησι,
662 1246 720 1285 δυο
731 1246 753 1293 ἢ
769 1251 859 1299 τρεῖς
880 1244 1090 1297 συνηγμένοι

71 1309 117 1351 εἷς
134 1307 173 1345 τὸ
192 1307 273 1358 ἐμὸν
293 1307 400 1357 ὄνομα
413 1338 422 1356 ,
442 1309 513 1345 ἐκεῖ
529 1309 599 1357 εἰμι
627 1309 660 1345 ἐν
685 1323 780 1359 μεσῳ
797 1308 922 1344 αυτῶν.
938 1305 986 1344 O
1002 1308 1090 1344 πολ-

70 1369 133 1415 λῆς
152 1367 337 1412 διαΟέσεώς
354 1370 426 1406 ἐστι
447 1368 506 1406 καὶ
526 1371 593 1406 τῶν
622 1369 753 1420 σφόδρα
783 1367 984 1419 φιλούντων,
1012 1366 1090 1408 τοὺς

69 1428 293 1481 ψιλουμένους
309 1429 520 1480 ἑκατέρωθεν
537 1428 643 1481 ἔχειν.
666 1429 734 1467 Καὶ
753 1428 806 1471 τίς
831 1428 937 1471 οὕτως
953 1428 1089 1473 ὀίΟλιος,

72 1505 188 1541 φησιν,
207 1491 253 1533 ὡς
281 1488 328 1540 μὴ
362 1488 546 1540 βούλεσθαι
579 1490 636 1527 τὸν
668 1488 817 1540 Χριστὸν
845 1488 935 1540 ἔχειν
965 1487 1089 1537 μέσον,

73 1550 196 1600 εΗμεῖς
216 1553 247 1588 οἱ
267 1550 351 1601 πρὸς
372 1549 543 1624 ἀλληλρυς
559 1550 812 1594 στασιάζοντες.
827 1549 897 1587 Καὶ
915 1549 1031 1601 τάχα
1026 1565 1089 1586 μου

73 1627 162 1649 κατα
165 1610 350 1662 γελάσεταί
368 1627 419 1654 τις
439 1626 498 1648 και
521 1612 606 1663 ἐρεῖ,
633 1611 666 1648 τί
695 1610 829 1661 λέγεις·
821 1641 831 1658 ,
851 1614 932 1664 ὁρας
960 1610 1092 1653 πάντας

73 1674 167 1721 ἡμᾶς
187 1672 251 1709 ὑπὸ
277 1677 348 1715 τοῖς
368 1673 482 1714 αὐτοῖς
500 1671 649 1723 τείχεσιν
667 1671 787 1719 ὄντας,
813 1671 878 1709 ὑπὸ
901 1670 958 1708 τὸν
990 1670 1091 1708 αὐτὸν

76 1735 138 1777 τῆς
165 1732 353 1778 ἐκκλησίας
382 1732 501 1778 σηκὸν,
523 1731 587 1770 ὑπὸ
627 1732 688 1779 τὴν
709 1731 816 1777 αὐτὴν
837 1732 990 1784 μάνδραν
1018 1733 1091 1782 μεθ’

74 1792 232 1843 ὁμονοίας
254 1795 428 1840 ἑστῶτας,
448 1793 567 1830 οὐδένα
588 1793 798 1845 μαχόμενον,
833 1793 900 1830 ὑπὸ
920 1796 969 1844 τῷ
999 1794 1092 1844 αὐτῷ

75 1854 214 1904 ποιμένι
233 1858 330 1906 κοινῇ
358 1857 511 1905 βοῶντας
524 1883 533 1900 ,
551 1857 648 1904 κοινῇ
664 1857 732 1891 τῶν
750 1853 943 1904 λεγομένων
961 1856 1093 1905 ἀκροω-

77 1914 217 1965 μένους,
236 1918 332 1966 κοινῇ
354 1914 416 1957 τὰς
444 1914 547 1966 εὐχὰς
573 1914 862 1965 ἀναπέμποντας,
890 1914 949 1951 καὶ
978 1914 1094 1965 μάχης

77 1975 254 2026 μέμνησαι
285 1991 344 2013 και
375 1975 548 2022 στάσεως,
580 1976 710 2027 Μάχης
742 1975 938 2026 μέμνημαι,
967 1975 1026 2012 καὶ
1056 1977 1094 2013 οὐ

78 2051 246 2086 μαινομαι
264 2035 339 2074 ουδὲ
359 2035 539 2082 ἐξέστηκα.
567 2035 663 2087 (Ορῶ
694 2035 755 2086 μὲν
784 2035 849 2088 γὰρ
868 2035 889 2072 ἀ
908 2038 977 2088 ὁρῶ
995 2066 1004 2084 ,
1034 2036 1094 2075 καὶ

77 2097 153 2133 οἶδα
171 2096 223 2134 ὅτι
244 2097 309 2135 ὑπὸ
328 2112 384 2134 τον
402 2097 507 2143 σηκὸν
530 2097 587 2135 τὸν
614 2097 712 2134 αυτόν
731 2099 834 2147 ἐσμεν
854 2097 912 2134 καὶ
935 2097 992 2135 τὸν
1013 2114 1094 2136 ποι-

79 2173 182 2207 μενα
207 2157 262 2194 δια
293 2173 394 2195 τουτο
427 2157 460 2194 δὲ
491 2157 644 2208 μάλιστα
673 2160 805 2209 θρηνω,
836 2158 888 2196 ότι
921 2159 1092 2197 τοσούτων

1024 2220 1094 2257 Καὶ

77 2278 179 2316 ποίαν
204 2278 337 2325 στάσιν,
365 2294 481 2330 φησιν,
511 2280 596 2322 εἶδες
624 2281 796 2326 ἐνταῦθα,
824 2278 999 2317 Ἔνταυθα
1032 2280 1094 2330 μὲν

76 2338 260 2389 οὐδεμίαν·
284 2339 421 2377 ἐπειδὰν
451 2339 486 2376 δὲ
516 2340 742 2389 διαλυθῶμεν,
763 2343 780 2377 ὃ
803 2341 896 2377 δεῖνα
916 2340 973 2378 τὸν
1001 2341 1095 2379 δεῖνα

75 2405 282 2451 κατηγορεῖ,
305 2399 418 2451 ἕτερος
434 2399 563 2451 ὑδρίζει
579 2403 751 2452 φανερῶς,
775 2401 878 2444 ἄλλος
894 2401 1093 2452 βασκαίνει,

76 2462 273 2498 πλεονεκτεῖ
294 2460 354 2498 καὶ
376 2459 542 2511 ἁρπάζει,
562 2461 621 2498 καὶ
645 2461 801 2512 βιάζεται
830 2461 961 2513 ἕτερος,
990 2463 1094 2507 ἄλλος

78 2522 140 2572 ἐρᾷ
155 2524 291 2568 κακῶς,
311 2521 412 2564 ἄλλος
433 2521 574 2573 μυρίους
595 2521 718 2573 ῥάπτει
736 2521 864 2566 δόλους.
886 2523 963 2561 Καὶ,
980 2525 1010 2561 εἷ
1034 2524 1095 2567 τὰς

77 2580 190 2632 ψυχὰς
219 2583 318 2631 ἡμῶν
351 2581 545 2633 ἐκκαλύψαι
564 2584 655 2630 ἐνῆν,
677 2582 756 2620 τότε
778 2583 816 2621 ἂν
847 2583 954 2622 εἴδετε
985 2589 1095 2622 ταῦτα

78 2640 192 2679 πάντα
211 2641 381 2693 ἀκριὸῶς,
400 2641 459 2679 καὶ
477 2642 603 2693 ἔγνωτε
618 2642 669 2680 ὅτι
686 2646 722 2681 οὔ
742 2643 924 2695 μαίνομαι.

132 2704 211 2754 Οὐχ
230 2706 332 2754 ὁρᾶτε
356 2703 390 2740 ἐν
410 2708 478 2745 τοῖς
508 2703 773 2755 στρατοπέδοις,
794 2705 847 2742 ὅτι
869 2705 1007 2757 εἰρήνης
1033 2706 1095 2756 μὲν

79 2762 182 2809 οὔσης
194 2793 203 2810 ,
221 2762 265 2801 τὰ
281 2763 372 2801 ὅπλα
392 2763 619 2814 ἀποθέμενοι,
637 2765 762 2815 γυμνοὶ
780 2765 840 2804 καὶ
860 2766 1030 2819 ἄφρακτοι
1050 2769 1096 2810 εἷς

77 2823 117 2862 τὸ
140 2825 208 2861 τῶν
230 2822 407 2874 πολεμίων
436 2824 669 2875 στρατόπεδον
701 2826 933 2865 διαὸαίνουσιν
952 2844 960 2874 ;
984 2827 1096 2866 εὈταν

81 2883 115 2922 δὲ
140 2883 359 2937 φράττωνται
386 2883 524 2932 ὅπλοις,
543 2886 602 2923 καὶ
629 2887 779 2938 φυλακαὶ
798 2887 856 2926 καὶ
878 2888 1097 2940 προφυλακαὶ

80 2945 139 2982 καὶ
171 2945 338 2997 ἄγρυπνοι
367 2947 506 2994 νύκτες,
537 2947 596 2985 καὶ
628 2947 720 2998 πυρὰ
749 2948 883 2986 καίεται
918 2949 1097 2996 διηνεκὴς,

79 3005 197 3045 οὐκέτι
224 3006 342 3058 εἷρηνη
369 3006 408 3044 τὸ
427 3022 592 3083 τοιουτρν,
613 3008 703 3047 ἀλλα
723 3009 884 3060 πόλεμος.
909 3013 1022 3048 Τοῦτο
1041 3010 1099 3047 καὶ

81 3067 132 3117 ἐφ’
150 3068 249 3115 ημῶν
268 3066 358 3104 ἔστιν
374 3068 480 3105 ἰδεῖν
498 3084 556 3106 και
576 3068 642 3120 γὰρ
666 3069 836 3116 ἀλληλους
857 3070 1099 3122 φυλαττόμεθα

82 3141 142 3164 και
164 3126 364 3176 δεδοίκαμεν
390 3127 449 3165 καὶ
469 3128 553 3180 πρὸς
572 3129 611 3166 τὸ
629 3134 684 3172 οὓς
710 3130 853 3174 ἕκαστος
877 3135 925 3168 mi
951 3130 1098 3177 πλῑσίον

77 2221 171 2268 ἡμας
208 2217 421 2270 συναγόντων
456 2218 694 2271 πραγμάτων,
743 2219 984 2269 στασιάζομεν.

84 3186 332 3237 διαὶεγόμεθα,
351 3187 413 3225 κᾶν
439 3189 720 3248 παραγενόμενον
748 3193 860 3243 ἕτερον
886 3192 1025 3242 ἴδωμεν,
1045 3208 1100 3229 σι-

85 3263 200 3297 γωμεν
220 3247 279 3284 καὶ
306 3248 345 3285 ἐκ
371 3252 430 3286 τοῦ
457 3249 561 3298 μέσου
585 3252 814 3302 συστέλ)ομεν
837 3253 994 3291 ἅπαντα·
1017 3253 1100 3305 ὅπερ

131 3371 142 3385 ⁰
166 3362 215 3403 [Α.
232 3366 434 3399 §matrim-raa.
454 3362 544 3396 Editi
562 3370 758 3404 ἐπιστήσεται.
780 3366 880 3399 Paulo
899 3376 975 3400 aute
993 3370 1028 3400 A.
1049 3375 1083 3402 ἅν

92 3429 119 3447 :5
140 3425 193 3458 ’κ’ρ,
216 3413 339 3457 ἠχήσῃι]

967 257 1024 285 ΑΙ)
1061 255 1169 285 ROM.

66 771 124 804 νοῦ
145 766 310 817 βελτίους,
326 769 390 819 Οὐχ
414 767 511 813 ἥλιον
532 767 668 819 ἔχοντες
687 764 924 816 &esayus-{vm
943 768 992 817 τῷ
1010 763 1082 802 σώ-
1098 736 1145 801 5Χ8
1154 767 1225 796 tem
1241 768 1274 796 et
1292 760 1531 797 ambulantem
1546 760 1581 797 in
1597 760 1710 797 nobis.
1725 760 1810 797 Haec
1823 769 1939 797 autem
1956 760 2049 808 dico,
2068 775 2135 798 non

1205 255 1360 284 nonin.
1401 256 1496 285 vni.
2045 238 2134 300 557

1155 335 1262 383 illud,
1273 345 1304 373 et
1320 335 1392 387 ipsc
1408 336 1507 387 prior
1521 335 1566 372 ad
1586 344 1619 373 te
1641 345 1811 374 accurret.
1829 338 1919 374 Nam
1939 336 1967 373 si
1988 349 2135 387 procra—

1156 396 1368 433 stinantibus
1384 396 1667 447 occurrit(Pauli
1678 396 1770 434 enim
1784 397 1943 434 nondum
1959 396 2039 434 talis
2055 397 2139 434 esse·

1156 456 1201 493 cti
1222 457 1419 494 encomium
1439 457 1683 506 texuit);cum
1703 467 1869 509 paratum
1889 457 2031 505 viderit,
2044 457 2132 508 quid

1155 531 1223 554 non
1251 517 1376 554 faciet?
1398 518 1505 564 Quod
1522 519 1551 556 si
1569 519 1730 556 Christus
1757 518 1963 567 insonuerit,
1982 519 2138 571 Spiritus

1155 578 1297 615 omnino
1321 578 1495 628 adveniet,
1521 579 1721 630 erimusque
1749 579 1833 617 caelo
1860 580 2134 631 praestantiores,

1156 651 1223 674 non
1249 638 1357 676 solem
1384 648 1416 676 et
1437 639 1560 676 lunam
1579 639 1748 677 habentes
1773 640 1911 691 corpori
1936 639 2134 691 impressos,

1154 697 1215 734 sed
1234 698 1331 744 solis,
1349 699 1441 736 lunae
1458 709 1491 736 et
1503 699 1709 750 angelorum
1723 699 1915 736 Dominum
1936 700 2136 737 inhabitan-

2171 777 2283 803 Casitas
2300 778 2339 802 si-

1156 828 1193 855 ut
1207 829 1363 857 mortuos
1379 820 1600 869 suscitemus,
1610 833 1678 857 non
1693 820 1892 871 utleprosos
1908 821 2133 867 mundeinus;
2150 828 2211 851 ⁶⁰¹³
2246 827 2341 843 omm-

2126 847 2203 884 'bus

1154 879 1213 916 sed
1246 889 1284 916 ut
1308 880 1451 930 signum
1474 880 1532 916 his
1561 880 1725 917 omnibus
1752 882 1866 931 majus
1893 882 2103 918 exhibeamu
2099 896 2136 929 is,
2152 900 2255 926 madi

1156 939 1355 976 caritatem:
1388 939 1603 989 ubicumque
1633 940 1727 976 enim
1756 940 1824 977 hoe
1855 941 1988 977 bonum
2018 942 2138 989 fucrit,

1157 999 1275 1036 statim
1292 999 1405 1036 Filius
1429 999 1527 1036 adest
1548 1013 1630 1036 eum
1652 1001 1768 1047 Patre,
1791 1009 1824 1038 et
1847 1000 2002 1052 Spiritus
2027 972 2140 1051 gratid

1157 1059 1312 1097 advenit.
1330 1060 1422 1097 Nam
1441 1059 1490 1096 ait
1511 1075 1518 1095 :

1153 1121 1303 1172 fuerint
1321 1123 1362 1157 ιή
1377 1123 1530 1157 nomine
1543 1134 1637 1167 meo,
1653 1123 1708 1158 ibi
1719 1135 1802 1159 sum
1814 1125 1854 1158 in
1865 1123 1989 1159 medio
1998 1136 2139 1159 eorum.
2157 1123 2205 1142 ²0·

1159 1179 1265 1226 Quod
1280 1181 1398 1232 magni
1410 1181 1556 1218 affectus
1570 1190 1620 1218 est
1634 1182 1825 1219 admodum
1841 1182 2048 1230 amantium,
2062 1197 2142 1219 cum

1160 1240 1268 1278 amati
1293 1241 1458 1291 utrinque
1477 1240 1616 1279 adsunt.
1639 1241 1771 1293 Ecquis
1793 1243 1841 1280 ita
1868 1243 1974 1280 miser
1994 1252 2058 1291 est,
2087 1243 2144 1280 in-

1161 1301 1275 1352 quies,
1306 1301 1367 1352 qui
1393 1302 1482 1339 nolit
1503 1302 1688 1340 Christum
1713 1303 1870 1341 medium
1895 1303 2051 1340 hahere?
2075 1305 2146 1341 Nos

1160 1363 1222 1414 qui
1237 1372 1362 1401 mutuo
1378 1363 1552 1403 rixamur.
1567 1363 1612 1401 Et
1623 1366 1768 1403 tortasse
1796 1379 1851 1402 me
1866 1365 2045 1417 quispiam
2065 1366 2145 1402 irri-

1160 1423 1257 1461 debit
1279 1438 1320 1461 ac
1338 1424 1453 1462 dicet:
1474 1424 1572 1472 Quid
1593 1425 1677 1463 ais?
1703 1440 1772 1464 non
1796 1440 1916 1464 omnes
1940 1426 2038 1464 vides
2053 1427 2145 1463 intra

1160 1485 1299 1523 eosdem
1312 1485 1480 1537 parietes,
1497 1486 1532 1524 in
1552 1500 1622 1524 uno
1643 1486 1835 1537 eodemque
1850 1487 2002 1524 ecclesiae
2032 1496 2147 1538 septo,

1161 1548 1196 1585 in
1217 1546 1338 1584 eodem
1358 1546 1446 1583 ovili
1465 1546 1739 1585 concordissime
1759 1556 1951 1597 versantes,
1973 1547 2149 1585 neminem

1161 1615 1391 1657 pugnantem,
1405 1607 1471 1643 sub
1493 1607 1615 1644 eodem
1639 1617 1794 1659 pastore,
1812 1607 1922 1645 simul
1941 1609 2145 1657 clamantes,

1162 1667 1271 1704 simul
1290 1667 1383 1704 dicta
1404 1666 1599 1717 audientes,
1621 1669 1728 1706 simul
1745 1669 1920 1707 orationes
1934 1669 2144 1714 emittentes;

1163 1737 1195 1765 et
1216 1741 1372 1779 pugnam
1393 1727 1673 1779 seditionemque
1688 1730 2058 1780 mcmoras?Pugnam
2076 1743 2145 1765 nie-

1165 1803 1277 1835 moro,
1301 1802 1363 1826 nec
1386 1789 1535 1827 insanio.
1557 1789 1671 1829 Video
1695 1789 1789 1827 enim
1818 1790 1893 1838 illa,
1918 1804 1995 1840 quae
2025 1789 2145 1838 video,

1164 1849 1307 1899 scioque
1323 1864 1386 1887 nos
1405 1850 1441 1886 in
1461 1849 1583 1888 eodem
1598 1860 1694 1902 septo
1708 1864 1781 1888 esse
1799 1865 1937 1901 unaque
1950 1861 2124 1902 pastorem
2140 1866 2145 1885 :

1165 1912 1312 1963 ideoque
1331 1912 1486 1950 maxime
1506 1913 1623 1964 lugeo,
1644 1914 1727 1965 quia
1747 1929 1829 1951 cum
1854 1923 1903 1952 tot
1923 1929 1977 1951 res
1997 1928 2059 1951 nos
2079 1928 2148 1951 una

1172 1982 1397 2024 congregent,
1415 1972 1622 2011 seditionem
1640 1974 1847 2012 excitamus.
1876 1975 2035 2025 Ecquam
2049 1975 2148 2012 sedi—

1165 2034 1309 2084 tionem,
1318 2034 1471 2085 inquies,
1483 2035 1542 2072 hie
1552 2035 1651 2074 vides
1660 2036 1676 2073 ἶ)
1685 2036 1751 2073 Hic
1762 2035 1906 2086 quidem
1919 2036 2073 2083 nullan13
2088 2037 2147 2075 sed

1166 2095 1331 2132 concione
1352 2095 1467 2133 soluta
1491 2096 1582 2133 alius
1604 2096 1714 2133 alium
1738 2106 1898 2145 accusat,
1915 2097 2005 2134 alius
2031 2107 2150 2149 aperte

1133 2167 1140 2175 ¹
1166 2156 1416 2193 contumeliam
1438 2156 1555 2204 infert,
1582 2157 1673 2194 alius
1699 2157 1848 2207 invidet,
1873 2158 1965 2195 alius
1991 2159 2048 2196 vel
2067 2173 2150 2196 ava-

1165 2231 1225 2254 rus
1246 2226 1279 2254 et
1299 2231 1425 2268 rapax,
1450 2218 1507 2255 vel
1521 2218 1697 2256 violentus
1716 2228 1780 2264 est,
1805 2219 1895 2257 alius
1917 2220 2013 2271 turpi
2034 2234 2151 2258 amore

1166 2286 1320 2326 tenetur,
1335 2278 1425 2315 alius
1449 2287 1630 2316 sexcentos
1660 2279 1799 2317 consuit
1818 2279 1932 2317 dolos.
1952 2280 2000 2317 Et
2016 2280 2045 2317 si
2068 2294 2152 2332 pos—

1167 2347 1242 2375 sent
1261 2338 1388 2376 animae
1414 2348 1541 2377 nostrae
1560 2339 1690 2392 detegi,
1715 2350 1799 2379 tunc
1814 2341 1889 2379 haec
1911 2342 2028 2379 omnia
2049 2357 2152 2380 aceu-

1169 2408 1242 2436 rate
1261 2399 1422 2450 nossetis,
1444 2414 1484 2438 ac
1511 2414 1566 2438 me
1585 2414 1655 2439 non
1673 2401 1825 2440 insanire
1840 2402 2019 2442 videretis.

1222 2699 1258 2738 8.
1277 2701 1402 2737 Annon
1422 2699 1553 2738 videtis
1577 2700 1614 2737 in
1634 2700 1864 2746 exercitibus,
1876 2701 2151 2753 pacistempore,

1169 2761 1300 2799 milites
1313 2774 1410 2797 arma
1424 2769 1602 2811 ponentes,
1623 2760 1666 2797 iis
1683 2760 1833 2798 nudatos
1845 2770 1878 2798 et
1892 2761 2041 2799 inermes
2058 2772 2090 2799 et
2108 2764 2152 2800 ad

1170 2822 1325 2860 hostium
1338 2830 1449 2858 eastra
1461 2830 1713 2858 transmeantes
1721 2821 1788 2859 3>At
1798 2822 1860 2859 uhi
1873 2823 1980 2860 armis
1992 2838 2064 2861 sese
2075 2839 2152 2861 mu-

1170 2884 1282 2932 niunt,
1294 2892 1327 2920 et
1344 2882 1510 2920 custodiae
1522 2891 1603 2920 sunt
1616 2883 1820 2934 etspeculae,
1832 2884 2007 2922 insomnes
2020 2896 2151 2934 noctes,

1169 2944 1302 2983 assidui
1318 2945 1429 2996 ignes,
1443 2944 1518 2982 haec
1531 2958 1598 2981 non
1613 2959 1737 2996 pacem
1752 2945 1987 2994 indicant,sed
2003 2948 2149 2986 bellum.

1170 3006 1329 3058 Idipsum
1343 3005 1439 3057 apud
1452 3019 1514 3042 nos
1531 3005 1652 3043 videre
1661 3015 1727 3042 est:
1746 3020 1808 3044 nos
1818 3007 1912 3043 enim
1926 3006 2077 3045 inviCem
2095 3023 2151 3045 cu-

1169 3068 1391 3116 stodimus,et
1401 3067 1462 3104 alii
1475 3067 1519 3104 ab
1531 3067 1610 3104 aliis
1617 3081 1791 3115 cavemus,
1803 3067 1846 3104 ad
1863 3083 1982 3106 aurem
1992 3070 2155 3120 proximo

1173 3129 1329 3181 loquimu
1336 3128 1476 3177 1¹,etalio
1490 3129 1756 3180 superveniente
1766 3137 1930 3178 tacemus,
1939 3145 1978 3168 ac
1987 3131 2031 3168 de
2039 3133 2156 3170 medio

1173 3191 1290 3229 omnia
1311 3190 1467 3227 tollimus
1486 3198 1520 3226 et
1537 3189 1795 3240 supprimimus
1816 3206 1823 3226 :
1846 3190 1941 3241 quod
1960 3205 2028 3229 non
2043 3193 2156 3231 fiden-

1175 3252 1264 3289 tium
1275 3281 1284 3299 ,
1308 3250 1368 3289 sed
1396 3249 1589 3287 admodum
1623 3251 1823 3288 caventium
1857 3261 1921 3289 est.
1940 3254 2074 3292 Verum
2090 3254 2155 3292 hoe

1194 3370 1212 3389 '⁴'
1237 3368 1299 3408 [A.
1317 3381 1364 3398 καί
1394 3370 1495 3398 Ἄιίῦῧι
1504 3379 1552 3396 77.
1561 3390 1580 3399 .,

1597 3370 1624 3398 ἐν
1641 3368 1717 3407 ἡμῖν.
1735 3365 1747 3407 ]

2240 869 2280 895 ρι’
2275 858 2340 884 ‘efe-

1547 1061 1622 1097 Ubi
1641 1061 1717 1097 duo
1736 1062 1801 1098 vel
1826 1070 1900 1098 tres
1921 1064 2141 1112 congregati
2155 1076 2272 1103 Mum,
2295 1075 2339 1104 ιε.
