2466 3805
665 266 706 293 ΙΝ
746 265 857 294 ACTA
897 264 1245 294 APOSTOLORUM.
1284 264 1438 294 HOMlL.
1478 262 1606 292 xvm.

2040 250 2128 308 149

1147 353 1244 382 motu
1259 353 1292 382 et
1305 344 1434 382 affectu
1445 343 1536 382 liber
1548 343 1627 381 eris.
1640 342 1883 395 Apprehendit
1897 341 2018 380 David
2037 343 2127 380 Sa'u-
2147 357 2172 376 1.
2187 347 2263 384 Reg.
2279 349 2327 378 26.

1145 406 1230 457 lem,
1252 421 1314 444 nec
1333 406 1385 444 ira
1404 414 1600 444 commotus
1618 414 1680 455 est,
1694 418 1757 442 nec
1779 414 1923 456 captum
1940 403 2127 441 inimicum
2142 397 2158 425 7
2166 410 2172 416 '

1145 466 1246 506 hasta
1278 468 1450 517 confodit3
1470 466 1531 505 sed
1560 467 1655 504 ultus
1686 474 1737 503 est
1763 465 1959 503 diabolum.
1982 466 2125 517 Moyses
2139 475 2243 502 Exod.
2262 483 2290 503 2.

55 351 118 400 κτῇ
137 348 228 386 κατὰ
245 350 313 385 τῶν
334 347 535 399 ἀλλοτρίων.
558 349 590 385 T
595 347 605 384 ί
639 350 743 394 ἐστιν,
776 347 821 386 ‘O
857 345 1073 400 ὀργιζόμενος

55 414 102 462 τῷ
121 411 258 461 ἀδελφῷ
279 410 380 448 αὐτοῦ
402 411 477 460 εἰκῆ
495 425 506 458 3
530 410 620 447 Ἀντὶ
635 414 694 448 τοῦ
707 440 716 458 ,
735 409 783 460 μὴ
805 409 915 460 ἄμυνε
930 410 1046 459 σαυτῷ
1061 436 1070 452 ,

55 469 140 522 μηδὲ
172 469 319 508 ἐκδίκει·
354 470 393 507 ἂν
420 470 534 522 ἕτερον
567 470 641 522 ἴδῃς
672 470 922 520 ἀπολλύμενον,
955 467 1069 520 ὄρεξον

52 538 163 583 χεῖρα.
185 533 262 569 Οὐκ
277 531 326 569 ἔτι
342 532 447 583 θυμὸς
465 532 584 570 λοιπον
604 532 706 571 τοῦτό
722 533 827 579 ἐστιν,
847 531 929 569 ὅταν
945 532 1006 575 τ’ἧς
1024 531 1070 567 οἷ-

51 591 145 634 κείας
162 592 377 642 συμπαθείας
397 591 664 643 ἀπηλλαγμένος
679 587 731 643 ἧς.
750 591 904 630 Ἔλαὲεν
926 594 943 628 ὃ
959 589 1069 628 Δαυὶδ

51 651 110 689 τὸν
131 651 269 700 Σαοὺλ,
286 653 345 691 καὶ
364 655 426 691 οὐκ
443 652 602 703 ἐθυμώθη
619 681 628 698 ,
647 652 724 691 οὐδὲ
743 653 884 699 ἕνέπηξε
905 652 945 689 τὸ
965 651 1043 703 δόρυ
1058 680 1069 698 ,

52 713 109 751 τὸν
145 712 265 765 ἐχθρὸν
285 713 415 761 λαῧὼν,
446 715 523 751 ἀλλ’
554 713 710 763 ’ἠμύνατο
742 712 800 751 τὸν
831 712 1002 750 διάὸολον.
1026 710 1070 749 ‘O

54 775 227 821 Μωῦσῆς,
245 774 303 812 ὅτε
323 774 384 824 μὲν
401 775 579 825 ἀλλότριον
601 775 784 812 ἀδικοῦντα
797 767 864 810 εἶδε
878 802 887 819 ,
908 771 967 810 καὶ
983 773 1071 808 ἀνεῖ-

53 835 130 872 λεν·
154 835 210 872 ὅτε
230 835 264 873 δὲ
284 838 422 882 οἰκεῖον,
443 838 504 874 οὐκ
520 835 590 873 ἔτι·
614 834 705 872 ἀλλὰ
724 833 802 878 τοὺς
822 833 883 883 μὲν
905 831 1071 884 ἀδελφοὺς

54 896 303 944 κατήλλαττεν,
319 896 467 940 ἐκείνους
487 896 522 934 δὲ
537 895 595 934 καὶ
612 897 798 933 ἀπωθεῖτο.
815 894 938 933 Καίτοι
957 893 1071 945 πραό-

53 972 156 994 τατον
187 957 287 995 αὐτὸν
307 961 329 1003 ἡ
354 956 474 1009 Γραφὴ
501 962 687 1008 μαρτυρεῖ,
708 955 785 993 ἀλλ’
814 954 909 1004 ὅμως
936 948 977 1000 ἦν
1013 952 1071 990 καὶ

54 1019 327 1070 διεγηγερμένος.
344 1018 434 1056 Ἀλλ’
453 1020 517 1068 οὐχ
534 1020 652 1067 ἡμεῖς·
676 1017 752 1054 ἀλλ’
770 1015 850 1053 ἔνθα
878 1015 940 1065 μὲν
960 1013 1072 1067 πραό-

54 1094 143 1124 τητα
160 1078 411 1116 ἐπιδείκνυσθαι
425 1076 514 1128 χρὴ,
530 1076 668 1114 πάντων
685 1075 812 1128 θηρίων
832 1074 936 1126 ἐσμὲν
948 1073 1075 1127 ἀγριώ-

53 1153 145 1188 τεροι
160 1153 167 1160 ·
198 1137 278 1175 ἔνθα
299 1137 334 1176 δὲ
355 1138 594 1189 διεγερθῆναι,
612 1136 751 1175 πάντων
773 1135 979 1186 νωθέστεροι
1013 1134 1072 1172 καὶ

53 1198 315 1249 θὺπνηλότεροι.
332 1197 434 1236 Ἐπεὶ
461 1191 518 1236 οῧν
533 1199 594 1236 οὐκ
613 1199 660 1240 εἷς
687 1196 759 1235 δέον
782 1196 985 1249 κεχρήμεθα
1003 1201 1074 1238 τοῖς

54 1261 88 1297 ἐν
108 1262 206 1309 ἡμῖν,
226 1259 283 1297 διά
299 1275 352 1297 τοι
368 1262 469 1297 τοῦτο
493 1259 554 1296 καὶ
574 1260 621 1302 εἷς
643 1257 738 1297 οὐδὲν
762 1258 836 1296 δέον
856 1260 872 1295 ὁ
894 1256 966 1308 βίος
987 1259 1070 1307 ἡμῖν

56 1319 242 1358 ἀνάλωται.
266 1319 370 1358 Οὕτω
394 1320 453 1357 καὶ
475 1321 509 1357 ἐν
540 1318 710 1366 σκεύεσιν,
745 1318 803 1356 ἐὰν
834 1318 931 1369 ἄλλῳ
962 1316 1073 1360 ἄλλως

55 1380 232 1434 χρήσηταί
250 1397 321 1428 τις,
338 1380 383 1419 τὰ
401 1380 515 1418 πάντα
537 1380 726 1418 ἀπόλλυσιν
739 1396 747 1403 ·
768 1373 836 1417 οἷον
867 1379 907 1416 ἂν
936 1378 1071 1429 μάχαι-

57 1458 119 1494 ραν
141 1441 259 1480 λαῧών
274 1458 347 1489 τις,
375 1442 454 1480 ἔνθα
475 1444 561 1493 αὐτῇ
590 1444 742 1494 χρῆσθαι
764 1441 834 1489 δεῖ,
858 1440 905 1492 μὴ
933 1441 1072 1492 χρῷτο,

59 1503 148 1541 ἀλλὰ
171 1507 212 1555 τῇ
240 1503 331 1555 χειρὶ
350 1507 449 1542 τοῦτο
468 1509 580 1551 ποιοῖ,
608 1502 704 1540 οὐδὲν
731 1501 834 1540 πλέον
864 1500 1072 1553 ἐργάσεται·

56 1563 173 1615 ὥσπερ
194 1564 252 1601 καὶ
272 1567 289 1602 ὃ
307 1564 386 1602 ἔνθα
409 1567 452 1615 τῇ
477 1564 569 1615 χειρὶ
592 1563 789 1615 χρήσασθαι
807 1562 897 1615 χρὴ,
918 1561 982 1608 τὴν
1007 1561 1074 1612 μοί-

56 1641 181 1677 χαιραν
197 1625 460 1677 μεταχειρίζων,
480 1625 595 1663 πάντα
614 1624 654 1661 ἂν
675 1623 886 1663 ἀπολέσειεν.
907 1622 1010 1661 Οὕτω
1031 1622 1072 1669 δὴ

58 1686 116 1723 καὶ
133 1686 246 1739 ἰατρὸς
260 1717 269 1733 ,
286 1686 364 1723 ἔνθα
379 1686 419 1723 ἂν
434 1685 569 1736 τέμνειν
589 1685 666 1736 δέη,
686 1684 734 1736 μὴ
754 1684 902 1735 τέμνων,
916 1684 973 1722 καὶ
995 1683 1075 1722 ἔνθα

60 1745 100 1782 ἂν
121 1745 168 1796 μὴ
191 1745 280 1797 χρὴ,
303 1744 451 1796 τέμνων,
470 1745 585 1784 πάντα
606 1744 805 1798 διαφθείρει.
828 1745 892 1782 Διὸ
909 1761 1076 1798 παρακα-

58 1807 108 1843 λῶ
123 1837 131 1853 ,
152 1811 252 1856 ἡμεῖς
275 1809 322 1850 εἷς
346 1807 465 1857 καιρὸν
480 1805 647 1858 χρώμεθα
666 1809 715 1858 τῷ
731 1804 925 1857 πράγματι.
949 1807 1074 1856 Θυμοῧ

58 1866 124 1919 γὰρ
143 1866 260 1918 καιρὸς
289 1868 457 1917 οὐδαμοῦ,
484 1867 560 1904 “ταν
583 1869 717 1909 ἑαυτοῖς
746 1868 945 1917 βοηθῶμεν·
968 1865 1008 1903 ἂν
1039 1865 1074 1904 δὲ

58 1928 192 1980 ἑτέρους
214 1929 399 1980 διορθῶσαι
416 1927 504 1981 χρὴ,
526 1928 603 1966 τότε
633 1927 786 1978 μάλιστα
806 1928 899 1979 αὒτῷ
922 1930 1074 1979 χρῆσθαι

58 1989 126 2036 δεῖ,
145 1988 201 2025 ἵνα
222 1989 355 2042 ἑτέρους
371 1989 635 2040 ἐξαρπάσωμεν.
655 1988 760 2027 Οὕτω
780 1988 838 2025 καὶ
856 1987 982 2027 ἷσόθεοι
999 1988 1075 2027 ἐσό-

58 2053 165 2099 μεθα,
187 2050 225 2088 τὸ
247 2050 416 2102 ἀόργητον
438 2054 616 2103 πανταχοῦ
636 2052 899 2103 διατηροῦντες,
929 2050 988 2087 καὶ
1007 2052 1076 2088 τῶν

59 2110 253 2160 μελλόντων
283 2110 530 2161 ἐπιτευξόμεθα
562 2113 713 2162 ἀγαθῶν,
737 2110 858 2163 χάριτι
875 2109 934 2147 καὶ
953 2113 1077 2162 φιλαν-

59 2171 193 2223 θρωπίᾳ
223 2177 282 2210 τοῦ
308 2171 437 2226 Κυρίου
463 2175 564 2222 ἡμῶν
594 2171 709 2217 Ἰησοῦ
731 2172 901 2222 Χριστοῦ,
933 2173 1007 2221 μεθ’
1038 2165 1076 2208 οῧ

800 2229 852 2243 ml?
988 2229 997 2244 Ι

57 2234 106 2283 τῷ
125 2232 239 2283 Πατρὶ
260 2232 333 2282 ἅμα
363 2234 412 2283 τῷ
445 2231 533 2283 ἁγίῳ
564 2230 765 2281 Πνεύματι,
796 2244 895 2277 οοςα,
930 2245 1075 2282 κρατος,

56 2292 162 2343 τιμὴ,
176 2297 234 2331 νῦν
258 2293 317 2330 καὶ
339 2292 408 2339 ἀεὶ,
434 2292 492 2330 καὶ
519 2294 568 2335 εἷς
584 2291 662 2335 τοὺς
683 2294 810 2334 αἰῶνας
837 2294 905 2329 τῶν
928 2291 1074 2329 αἰώνων.

57 2354 177 2404 Ἀμήν.

97 2480 111 2494 e
125 2470 187 2503 Alii
203 2475 415 2515 ὐπνηλότεροι,
429 2474 559 2513 οὐδαμοῦ
575 2477 614 2509 εἰς
631 2474 693 2504 δέον
714 2475 892 2516 κεχρημένοι
908 2479 977 2509 τοῖς.

1144 541 1226 566 cum
1240 529 1394 566 alienum
1413 527 1599 566 laedentem
1614 526 1718 576 vidit,
1737 526 1885 576 occidit;
1901 540 1982 564 cum
2000 540 2125 577 conge·
2144 523 2190 543 ¹²⁴

1144 603 1275 639 nerem,
1294 603 1363 627 non
1386 589 1471 626 item
1478 604 1490 639 3
1510 588 1570 627 sed
1594 589 1718 626 fratres
1745 586 1891 638 quidem
1919 587 2125 625 reconcilia-

1143 649 1216 698 bat,
1236 649 1367 687 alienos
1385 663 1468 688 vero
1486 649 1652 701 pellebat.
1675 648 1775 685 Licet
1794 662 1876 686 eum
1898 646 2126 685 mitissimum

1144 709 1250 746 fuisse
1261 710 1446 762 Scriptura
1461 709 1668 747 testificetur
1681 725 1691 758 3
1706 717 1860 746 attamen
1871 708 2028 760 pervigil
2041 717 2127 746 erat.
2142 711 2325 742 N11»1.12.3.

1144 770 1217 807 Nos
1236 779 1354 807 autem
1368 783 1438 806 non
1452 770 1520 806 ita:
1542 769 1603 806 sed
1617 769 1681 806 ubi
1701 768 2007 806 mansuetudinem
2026 768 2129 806 exhi—

1143 828 1226 866 bere
1247 838 1398 881 oportet,
1416 829 1499 866 feris
1518 829 1684 866 omnibus
1704 828 1889 865 ferociores
1904 842 2044 878 sumus3
2066 829 2129 866 ubi

1145 899 1262 928 autem
1291 890 1437 928 excitari
1466 904 1531 942 par
1549 899 1651 938 esset,
1671 888 1867 927 admodum
1885 889 2007 940 ignavi
2022 899 2053 927 et
2071 905 2129 927 su-

1144 949 1234 1002 pini.
1253 951 1349 998 Quia
1361 950 1474 1002 igitur
1488 950 1544 999 iis,
1561 964 1638 1000 quae
1655 950 1690 987 in
1706 949 1808 987 nobis
1824 958 1997 997 sunt,non
2013 959 2053 986 ut
2065 964 2131 1001 par

1144 1020 1233 1048 esset
1247 1011 1394 1059 utimur,
1410 1010 1489 1047 ideo
1506 1009 1542 1047 in
1558 1010 1715 1047 nihilum
1729 1010 1803 1048 vita
1820 1018 1939 1046 nostra
1953 1010 2130 1047 consumi-

1145 1080 1216 1108 tur.
1239 1073 1293 1109 Ita
1306 1081 1338 1109 et
1354 1071 1390 1108 in
1402 1070 1498 1109 vasis
1512 1070 1629 1108 evenit
1645 1086 1653 1106 :
1671 1070 1698 1108 si
1717 1069 1819 1108 aliud
1836 1069 1882 1107 ad
1899 1069 2011 1107 alium
2028 1084 2133 1108 usum

1144 1131 1391 1180 adhibeamus,
1412 1131 1530 1169 omnia
1559 1131 1755 1183 perdimus.
1777 1131 1947 1183 Exempli
1974 1145 2081 1168 causa
2103 1131 2134 1169 si

1145 1193 1224 1244 quis
1253 1192 1415 1243 gladium
1443 1201 1572 1241 sumat,
1594 1206 1658 1229 nec
1684 1192 1789 1229 illum
1817 1191 1864 1229 ad
1892 1206 1997 1229 suum
2029 1206 2133 1230 usum

1144 1252 1323 1303 adhibeat,
1342 1253 1405 1291 sed
1419 1268 1526 1291 manu
1542 1253 1580 1291 id
1599 1253 1712 1291 facere
1730 1262 1851 1301 tentet,
1871 1253 1963 1291 nihil
1979 1253 2133 1305 amplius

1144 1315 1271 1364 efficit5
1287 1315 1379 1353 sicut
1391 1325 1425 1353 et
1440 1315 1516 1366 qui,
1536 1315 1598 1353 ubi
1611 1329 1718 1352 manu
1734 1315 1810 1367 ipsa
1829 1314 2051 1367 operandum
2060 1324 2110 1352 est
2120 1330 2131 1363 ;

1145 1376 1265 1428 gladio
1291 1376 1418 1427 utitur,
1439 1376 1557 1414 omnia
1584 1375 1722 1428 perdet.
1744 1376 1806 1415 Sic
1830 1385 1864 1414 et
1883 1375 2056 1426 medicus,
2073 1377 2135 1426 qui

1146 1438 1208 1476 uhi
1238 1452 1354 1476 secare
1384 1447 1521 1490 oportet
1545 1451 1616 1475 non
1642 1446 1749 1487 secat,
1765 1446 1799 1475 et
1825 1437 1889 1474 uhi
1907 1451 1978 1474 non
1997 1445 2135 1488 oportet

1144 1508 1251 1549 secat,
1267 1498 1384 1536 omnia
1400 1497 1616 1551 pessumdat.
1628 1497 1870 1543 Quamobrem
1885 1511 1984 1548 rogo,
1999 1511 2061 1535 nos
2071 1511 2135 1548 op-

1143 1569 1295 1612 portune
1316 1559 1385 1598 hac
1406 1573 1444 1597 re
1467 1568 1624 1596 utamur.
1648 1559 1714 1596 Irae
1733 1567 1874 1610 tempus
1897 1572 1967 1596 non
1989 1567 2052 1607 est,
2072 1557 2135 1595 uhi

1145 1636 1208 1660 nos
1229 1621 1324 1674 ipsos
1347 1622 1514 1673 juvamus
1537 1636 1545 1657 t
1570 1620 1600 1659 si
1622 1634 1703 1659 vero
1723 1620 1811 1658 alios
1831 1620 2008 1672 corrigere
2028 1633 2136 1671 opor-

1145 1692 1229 1732 teat,
1246 1693 1332 1721 tunc
1345 1683 1503 1720 maxime
1519 1682 1582 1720 illa
1598 1682 1772 1720 utendum
1791 1691 1854 1731 est,
1869 1691 1910 1719 ut
1930 1681 2018 1719 alios
2037 1695 2132 1718 erua-

1147 1760 1237 1784 mus.
1257 1747 1312 1783 Ita
1341 1755 1374 1783 et
1400 1747 1475 1783 Deo
1503 1744 1655 1795 aequales
1682 1744 1827 1791 erimus,
1857 1743 1887 1781 si
1916 1757 1980 1781 nos
2007 1743 2053 1780 ab
2085 1743 2137 1780 ira

1147 1822 1284 1859 semper
1294 1816 1472 1857 tueamur,
1483 1815 1517 1844 et
1532 1807 1652 1843 futura
1668 1820 1924 1856 consequemur
1937 1805 2041 1854 bona,
2057 1819 2138 1856 gra-

1146 1868 1196 1906 tia
1215 1877 1248 1906 et
1264 1868 1483 1919 benignitate
1496 1867 1643 1905 Domini
1658 1867 1771 1904 nostri
1790 1868 1873 1906 Jesu
1893 1866 2040 1915 Christi,
2056 1867 2136 1917 qui-

1099 1935 1121 1964 E
1148 1944 1230 1967 cum
1257 1930 1356 1967 Patri
1387 1938 1420 1967 et
1450 1928 1603 1981 Spiritui
1628 1937 1748 1966 sancto
1780 1927 1909 1979 gloria,
1931 1927 2134 1979 imperium,

1147 1991 1274 2038 honor,
1296 2005 1389 2029 nunc
1415 1999 1449 2028 et
1471 2004 1619 2042 semper,
1639 1999 1673 2028 et
1700 1989 1736 2027 in
1763 1989 1891 2028 saecula
1910 1988 2133 2026 saeculorum.

1150 2053 1274 2089 Amen.

431 2720 610 2757 οΜΙΑιΑ
637 2718 693 2766 ιη’.

56 2842 248 2886 Ἀκούοντες
270 2841 306 2880 δὲ
325 2845 447 2888 ταῦτα,
466 2841 658 2894 διεπρίοντο
670 2848 745 2885 ταῖς
763 2843 922 2896 καρδίαις
949 2844 1074 2891 αὐτῶν,

220 2903 281 2942 καὶ
301 2903 447 2956 ἔὸρυχον
467 2902 543 2946 τοὺς
563 2902 702 2946 ὀδόντας
720 2905 773 2942 ἐπ’
795 2903 909 2943 αὐτόν.

108 3089 192 3130 Πῶς
217 3088 278 3125 οὒκ
303 3086 426 3126 ἔλαὸον
451 3089 490 3125 ἐκ
520 3090 587 3126 τῶν
612 3088 802 3140 εἰρημένων
823 3089 984 3142 ἀφορμὴν
1007 3091 1076 3132 ειεἷς

58 3148 97 3185 τὸ
126 3149 255 3186 ἀνελεῖν
272 3147 386 3196 αὐτὸν,
401 3149 479 3186 ἀλλ’
495 3148 546 3186 ἔτι
565 3148 746 3199 μαίνονται
766 3148 826 3186 καὶ
847 3152 1005 3196 ζητοῦσιν
1023 3153 1076 3188 αἷ-

59 3208 150 3256 τίαν,
177 3208 354 3259 θαυμάσαι
383 3208 488 3254 ἄξιον.
510 3209 633 3252 Οὕτως
659 3209 711 3248 ἀεὶ
735 3211 768 3247 ἐν
789 3216 908 3253 κακοῖς
930 3213 1014 3248 εἰσιν
1047 3213 1077 3248 οἱ

61 3270 266 3313 ἀδικοῦντες.
293 3270 461 3323 Καθάπερ
476 3266 533 3309 οἶν
555 3274 585 3310 οἳ
601 3272 772 3324 ἀρχιερεῖς
791 3273 1000 3324 ἀποροῦντες
1016 3271 1089 3310 ἔλε-

107 3398 120 3411 a
137 3388 228 3418 Unus
246 3393 282 3425 εἰς
297 3394 330 3422 τὸ
345 3395 388 3431 μὴ
406 3395 528 3423 ἀνελεῖν.

1092 2686 1138 2711 'llo-3

1449 2717 1659 2757 HOMILIA
1695 2718 1834 2758 XVIII.

1151 2843 1242 2880 CAP.
1263 2843 1345 2882 VII.
1366 2856 1400 2880 v.
1431 2842 1494 2880 54.
1528 2843 1745 2881 Audientes
1767 2851 1893 2881 autem
1915 2844 1996 2882 ἠως
2011 2875 2024 2891 ,
2050 2845 2136 2883 dis-

1201 2906 1435 2942 secabantur
1479 2904 1658 2942 cordibus
1708 2906 1787 2943 suis
1800 2935 1812 2951 ,
1853 2913 1888 2942 et
1926 2906 2138 2945 stridebant

1203 2967 1381 3004 dentibus
1400 2968 1442 3003 in
1460 2979 1560 3003 eum.

1205 3090 1240 3126 1.
1257 3088 1394 3126 Mirum
1413 3102 1508 3137 sane,
1525 3087 1702 3139 quomodo
1719 3089 1938 3127 occasionem
1953 3090 2135 3130 occidendi

1151 3164 1194 3188 ex
1215 3149 1321 3188 dietis
1345 3163 1415 3188 non
1441 3159 1651 3202 acceperunt
1665 3179 1675 3198 ,
1699 3149 1759 3187 sed
1787 3149 1906 3188 adhuc
1931 3150 2136 3202 insaniunt,

1151 3220 1183 3249 et
1203 3225 1345 3249 causam
1368 3219 1545 3261 quaerunt.
1574 3211 1628 3248 Ita
1645 3224 1784 3262 semper
1804 3210 1840 3248 in
1860 3212 1964 3250 malis
1977 3223 2060 3251 sunt
2076 3215 2139 3265 qui

1153 3273 1282 3325 injuste
1300 3281 1419 3323 agunt.
1440 3273 1565 3322 Itaque
1580 3280 1619 3309 ut
1639 3272 1816 3325 principes
1838 3273 2060 3314 sacerdotum
2079 3290 2140 3314 an-

1898 3457 1945 3491 ‘¹³⁴'
