2466 3805
679 243 723 271 IN

87 323 282 375 σαράκοντα
300 322 359 368 ἔτη
380 322 493 373 χωλὸς
513 322 572 369 ὢν,
588 324 621 359 ἓν
642 326 690 374 τῷ
710 324 853 373 ὀνόματι
883 325 998 371 Ἰησοῦ
1014 325 1101 376 Χρι-

85 388 166 421 στοῦ
193 382 331 429 ἀνέστη.
352 385 432 434 Οὐχ
453 383 560 425 οὕτως
599 378 712 421 εἶπεν·
732 385 1020 436 φιλονεικοτέρους
1039 384 1105 436 γὰρ

87 444 126 480 ἂν
150 443 327 490 ἐποίησεν·
351 443 440 481 ἀλλὰ
461 443 546 487 τέως
569 443 690 487 αὐτοὺς
708 447 862 492 ἐπαινεῖ,
888 445 1105 495 ὅτιέθαύμα-

86 506 140 548 ζον
161 504 199 542 τὸ
212 503 450 556 γεγενημένον.
473 504 543 542 Καὶ
559 504 664 542 πάλιν
683 506 753 543 ἀπὸ
767 508 826 542 τοῦ
843 505 1010 558 προγόνου
1037 521 1104 542 κα-

86 565 149 603 λεῖ.
167 565 236 602 Καὶ
253 566 289 602 οὗ
306 564 417 616 λέγει,
439 567 455 602 ὁ
483 565 616 611 Ἰησοῦς
632 564 733 601 αὐτὸν
748 565 955 616 ἐθεράπευσε
968 580 976 588 ·
993 565 1106 602 καίτοι

84 640 124 675 γε
146 626 244 668 αὐτὸς
261 627 362 664 αὐτὸν
378 625 604 677 ἐθεράπευσεν
618 641 623 647 ·
643 627 732 673 ἀλλ’,
746 625 802 663 ἵνα
820 625 868 675 μὴ
882 626 1031 676 λέγωσι,
1048 626 1107 663 καὶ

86 688 160 729 πῶς
178 686 250 738 ἔχει
264 692 373 725 ταῦτα
386 686 503 737 λόγον,
530 689 559 724 εἷ
580 687 636 724 τὸν
657 686 857 738 παράνομον
879 686 1026 732 δοξάζει5
1052 686 1107 723 διὰ

86 750 186 783 τοῦτο
205 745 327 789 αὐτοὺς
360 745 616 796 ἀναμιμνήσκει
635 749 696 792 τῆς
726 746 871 798 κρίσεως
888 748 950 791 τῆς
965 745 1022 783 ἐπὶ
1041 747 1107 782 Πι-

85 806 209 853 λάτου,
239 806 390 852 δεικνὺς,
417 806 470 843 ὅτι
505 808 535 842 εἷ
565 806 691 843 θέλοιεν
709 805 909 857 προσέχειν,
940 808 1001 842 οὐκ
1036 804 1107 841 ἔστι

84 867 284 917 παράνομος
297 882 304 889 ·
321 869 358 904 οὐ
373 866 440 916 γὰρ
458 866 497 902 ἂν
516 869 533 903 ὃ
548 867 700 909 Πιλᾶτος
721 865 887 911 ἠθέλησεν
907 865 1006 902 αὐτὸν
1022 867 1108 901 ἀπο-

84 928 201 964 λῦσαι.
231 927 300 965 Καὶ
331 927 390 964 οὐκ
421 919 517 973 εἷπε,
537 925 759 972 θελήσαντος,
782 925 890 972 ἀλλὰ,
920 924 1109 975 Κρίναντος

85 987 214 1024 ἐκείνου
233 986 393 1024 ἀπολύειν
407 1002 415 1008 ·
434 987 560 1033 δηλῶν,
574 985 626 1022 ὅτι
644 985 701 1022 τὸν
719 984 779 1035 μὲν
792 985 928 1035 ἑτέρους
945 984 1109 1021 ἀνελόντα

88 1047 242 1098 ᾐτήσατε
262 1051 447 1098 ἀφεθῆναι,
471 1046 528 1084 τὸν
556 1046 590 1084 δὲ
614 1045 692 1089 τοὺς
723 1045 961 1096 ἀνῃρημένους
980 1047 1108 1096 ζωογο-

85 1113 208 1145 νοῦντα
228 1109 290 1145 οὐκ
311 1107 516 1153 ἠθελήσατε.
532 1106 601 1144 Καὶ
618 1105 674 1143 ἵνα
691 1105 738 1156 μὴ
756 1105 885 1156 λέγωσι
901 1106 1019 1153 πάλιν,
1036 1108 1110 1148 πῶς

82 1171 139 1204 νῦν
161 1167 261 1204 αὐτὸν
295 1166 427 1210 δοξάζει
459 1170 475 1204 ὃ
505 1167 582 1204 τότε
619 1165 667 1216 μὴ
699 1166 892 1217 βοηθήσας5
913 1166 1110 1218 παράγουσι

85 1243 160 1270 τους
189 1227 371 1279 προφήτας
405 1242 623 1279 μαρτυρουντ
628 1243 684 1275 ας,
713 1226 766 1263 ο’τι
790 1227 898 1268 οὕτως
921 1226 988 1263 ἔδει
1015 1227 1110 1276 γενέ-

85 1291 176 1325 σθαι.
200 1281 290 1325 Εἶτα
302 1315 312 1332 ,
330 1287 385 1324 ἵνα
403 1286 449 1337 μὴ
470 1286 637 1337 νομίσωσι
654 1302 714 1324 του
733 1285 897 1333 Θεουτὴν
915 1286 1110 1336 οἰκονομίαν

87 1348 273 1399 ἀπολογίαν
297 1349 410 1386 αὐτῶν
436 1352 542 1395 εἶναι,
563 1345 729 1400 πρότερόν
751 1349 862 1384 αυτῶν
881 1347 1110 1385 καθάπτεται.

89 1408 159 1446 Και
182 1425 221 1446 το
240 1408 330 1447 κατὰ
351 1408 535 1460 πρόσωπον
553 1408 588 1445 δὲ
614 1407 770 1446 Πιλάτου
799 1407 1033 1459 ἀρνήσασθαι,
1051 1410 1111 1446 οὐκ

89 1464 132 1515 ἦν
150 1469 188 1507 τὸ
206 1469 324 1520 τυχὸν,
345 1469 474 1508 ἐκείνου
493 1468 701 1520 βουλομένου
718 1470 909 1507 ἀπολῦσαι·
930 1469 990 1506 καὶ
1008 1469 1060 1506 ὅτι
1075 1472 1111 1507 οὐ

91 1529 232 1567 δυνατὸν
254 1532 332 1580 ὑμῖν
354 1529 588 1581 ἀρνήσασθαι,
608 1535 795 1581 κατηγορεῖ
811 1533 828 1567 ὃ
848 1530 1025 1576 αἰτηθεὶςὸ
1038 1531 1110 1567 ἀντ’

91 1591 204 1628 αὐτοῦ.
222 1590 328 1629 Οὕτω
342 1591 510 1629 καὶτοῦτο
524 1590 701 1641 οἰκονομία
715 1591 849 1642 μεγάλη
869 1585 924 1637 ἦν.
936 1590 1111 1629 Ἐνταῦθα

85 1649 147 1695 τὴν
185 1651 431 1702 ἀναισχυντίαν
465 1652 577 1688 αὐτῶν
602 1651 753 1688 δείκνυσι
794 1651 853 1689 καὶ
883 1650 946 1698 τὴν
982 1651 1109 1701 ἰταμό-

84 1726 174 1756 τητα
188 1726 196 1733 ·
228 1711 288 1748 καὶ
307 1711 360 1750 ὅτι
378 1715 396 1749 ὃ
424 1711 485 1761 μὲν
506 1710 641 1759 (Έλλην
668 1713 728 1750 καὶ
755 1712 856 1762 μόνον
875 1711 953 1750 τότε
971 1714 1108 1764 πρῶτον

86 1771 187 1808 αὐτὸν
209 1770 301 1815 ἰδὼν,
332 1771 527 1818 ἀπήλλαξεν
555 1773 674 1819 αὐτὸν,
695 1773 809 1810 καίτοι
831 1788 872 1824 γε
903 1772 997 1810 οὐδὲν
1021 1772 1111 1824 μέγα

86 1831 252 1874 ἀκούσας·
279 1833 309 1869 οἱ
325 1831 360 1869 δὲ
379 1838 450 1875 τοῖς
470 1832 628 1883 σημείοις
645 1832 912 1885 συντρεφόμενοι
927 1863 936 1881 ,
957 1833 996 1871 τὸ
1014 1834 1110 1870 ἔναν-

88 1891 157 1930 τίον
175 1892 418 1938 πεποιήκασιν.
433 1891 519 1931 ςΌτι
533 1893 568 1931 δὲ
580 1893 722 1936 δικαίως
737 1893 867 1944 ἔκρινεν
884 1895 1010 1936 ἐκεῖνος
1027 1896 1113 1931 ἀπο-

85 1952 190 2001 λύειν,
206 1954 265 1991 md
296 1957 333 1992 οὗ
361 1954 450 1991 κατὰ
472 1955 575 2007 χάριν
595 1959 694 1993 τοῦτο
724 1954 852 1999 ἐποίει,
882 1955 986 1993 ἄκουε
1011 1957 1113 1993 αὐτοῦ

86 2015 242 2064 ἀλλαχοῦ
262 2014 438 2064 λέγοντος·
459 2015 531 2057 ἔθος
552 2018 632 2064 ὑμῖν
655 2017 747 2053 ἐστιν
763 2014 925 2053 ἀπολύειν
939 2015 997 2052 ἕνα
1012 2016 1090 2053 τινά
1103 2030 1110 2037 ·

87 2074 219 2112 Θέλετε
243 2067 299 2111 οὖν
314 2079 431 2112 τοῦτον
452 2074 617 2112 ἀπολύσω
631 2077 710 2125 ὑμῖν
722 2090 734 2124 5
751 2075 872 2125 Ἱ’μεῖς
889 2075 924 2113 δὲ
941 2074 998 2113 τὸν
1013 2075 1108 2125 ἅγιον
1131 2092 1154 2121 Ε

87 2135 145 2171 καὶ
166 2134 297 2172 οίκαιον
316 2134 525 2187 ηρνήσασθε.
545 2137 622 2173 Οὔκ
651 2130 760 2182 εἶπεν,
785 2135 995 2183 ἐξεοώκατε,
1022 2136 1111 2174 ἀλλὰ

87 2199 278 2246 πανταχοῦ,
295 2194 527 2246 Ἤρνήσασθε.
546 2195 680 2234 ιἘἷκότ
661 2211 739 2239 ως.
755 2196 860 2234 Οὕτω
877 2197 945 2250 γὰρ
957 2197 1016 2234 καὶ
1033 2197 1107 2234 ἕλε-

86 2269 166 2303 γον·
189 2254 300 2292 Οὐκ
282 2270 432 2306 εχομεν
427 2255 572 2293 Βασιλέα
589 2258 618 2294 εἷ
634 2256 682 2305 μὴ
700 2256 875 2310 Καίσαρα.
896 2257 966 2295 Και
985 2258 1047 2294 οὐκ
1065 2251 1110 2294 εἶ-

86 2330 162 2361 πεν,
189 2316 249 2352 οὐκ
273 2314 485 2366 ἐξῃτήσασθε
497 2331 554 2353 τον
568 2315 736 2363 ἄληπτον,
749 2317 827 2355 ουδὲ
837 2317 1034 2369 ηρνήσασθε
1047 2318 1108 2367 μό-

87 2389 153 2420 νον,
171 2374 260 2412 ἀλ)ὰ
281 2376 340 2412 καὶ
360 2374 598 2414 ἀπεκτείνατε.
624 2375 714 2415 ςΌτε
732 2377 985 2429 πεπωρωμένοι
1003 2382 1106 2425 ἦσαν,

84 2433 158 2471 οὐδε
162 2451 178 2471 ν
195 2439 343 2473 τοιοῦτον
361 2439 475 2473 εἶπεν·
498 2452 553 2474 οτε
582 2437 734 2487 μάλιστα
759 2437 961 2486 εσείσθησαν
993 2441 1105 2476 αυτῶν

84 2496 119 2531 αἱ
140 2496 270 2546 ψυχαὶ,
300 2495 377 2533 τότε
400 2496 547 2543 πλήττει
570 2498 807 2551 σφοδρότερον,
826 2499 883 2538 ὅτε
912 2499 970 2537 καὶ
992 2500 1106 2538 αἰσθέ-

84 2558 163 2591 σθαι
180 2556 355 2593 δύνανται.
377 2556 545 2610 Καθάπερ
566 2557 632 2610 γὰρ
659 2563 761 2609 ἡμεῖς
781 2565 851 2602 τοῖς
879 2559 940 2610 μὲν
958 2559 1099 2610 μεθύου-

84 2630 136 2651 σιν
162 2615 255 2654 ουδ’ὲν
283 2615 481 2691 λέγομεν,’
460 2633 541 2655 οταν
570 2618 607 2657 δὲ
634 2619 770 2672 νήψωσι
789 2620 848 2657 καὶ
876 2620 1101 2672 ἀνενέγκωσιν

761 243 874 273 ACTA
913 245 936 272 A
946 243 1243 273 POSTOLORL'M
1281 244 1434 274 HOMIL.

1122 2659 1152 2682 73

2094 230 2153 274 83

1174 324 1321 361 Filium
1350 338 1459 362 suum
1486 326 1630 362 Jesum.
1657 322 1766 371 Vide,
1792 336 1897 372 quam
1923 323 2057 360 alienus
2077 324 2154 360 sita

1174 383 1278 422 fastu.
1299 386 1378 422 Non
1399 384 1595 434 accusavit,
1614 397 1725 434 neque
1749 397 1833 420 mox
1851 382 1944 419 dixit
1966 399 1972 418 :
1994 383 2041 419 Et
2062 397 2155 420 nunc

1174 443 1304 482 credite
1325 460 1332 481 :
1355 458 1433 482 ecce
1457 445 1574 493 homo,
1594 457 1676 481 cum
1700 457 1764 495 per
1783 442 2018 493 quadraginta
2046 456 2154 480 annos

1175 504 1323 541 claudus
1350 505 1484 554 fuisset,
1506 505 1542 542 in
1566 503 1707 541 nomine
1726 505 1809 542 Jesu
1828 502 1961 540 Christi
1988 502 2153 540 surrexit„

1175 566 1254 602 Non
1272 566 1321 603 ita
1337 566 1431 604 dixit
1439 581 1450 615 5
1475 580 1556 603 nam
1572 564 1854 602 contentiosiores
1876 564 1955 602 illos
1972 563 2153 601 reddidis-

1175 634 1224 662 set
1236 641 1248 675 5
1269 626 1327 664 sed
1354 626 1494 663 interim
1518 625 1641 663 laudat
1665 625 1756 673 illos,
1779 624 1873 675 quod
1899 639 1972 661 rem
1998 623 2153 661 admira-

1182 687 1520 724 rent111.Etiterum
1537 702 1556 724 a
1580 687 1800 738 piogenitoie
1815 695 1928 724 ιοςεῐῑ
1950 687 1981 724 l
1985 700 2021 723 ec
2039 685 2150 722 dicit·

1477 245 1538 274 lx.

1174 748 1276 785 Jesus
1306 747 1408 784 illum
1435 748 1593 792 curavit,
1624 748 1845 798 lieet1psum
1874 762 1954 785 vele
1983 756 2151 785 cur-asset

1175 805 1234 842 sed
1258 819 1300 843 ne
1322 806 1500 856 dicerent,
1528 807 1650 857 Ecqua
1671 808 1746 844 haec
1766 808 1900 845 ratione
1929 809 2103 858 nituntur,
2125 809 2154 845 si

1174 867 1479 917 praevaricatorem
1509 868 1709 918 glorificat?
1738 867 1816 905 ideo
1843 869 1877 904 in
1908 879 2058 906 mentem
2084 870 2156 906 illis

1175 935 1316 963 revocat
1331 926 1509 977 judicium
1528 927 1624 978 apud
1639 928 1794 964 Pilatum
1818 943 1824 962 :
1844 929 2044 979 ostendens,
2062 931 2090 966 si
2106 940 2155 967 at-

1175 985 1318 1023 tendere
1340 987 1468 1034 velint,
1490 1001 1559 1024 non
1590 1001 1663 1024 esse
1696 987 1798 1024 illum
1821 989 2127 1039 praevarieatorem
2148 1006 2155 1024 z

1179 1060 1292 1097 neque
1314 1047 1407 1084 enim
1428 1047 1563 1085 Pilatus
1581 1048 1749 1086 voluisset
1774 1062 1854 1085 eum
1880 1048 2067 1086 dimittere.
2086 1051 2158 1087 Nec

1175 1106 1278 1155 dicit,
1299 1108 1476 1157 Volente;
1494 1109 1570 1158 sed,
1591 1110 1801 1147 Judicante
1819 1111 1889 1147 illo
1915 1112 2077 1159 dimitti,-
2097 1111 2156 1148 de-

1178 1167 1317 1206 clarans
1336 1184 1399 1207 vos
1419 1184 1516 1219 eum,
1531 1171 1595 1220 qui
1620 1170 1707 1208 alios
1729 1170 1923 1219 occidebat,
1943 1171 2076 1209 dimitti
2097 1187 2157 1224 pc-

1179 1227 1280 1266 tiisse
1290 1244 1300 1278 5
1319 1243 1399 1266 eum
1418 1244 1514 1278 vero,
1533 1230 1594 1280 qui
1613 1230 1743 1268 occisos
1762 1230 1808 1268 ad
1825 1231 1937 1269 vitam
1951 1231 2156 1276 reducebat,

1177 1289 1342 1328 noluisse.
1358 1292 1409 1328 Ne
1424 1305 1507 1329 vero
1522 1291 1650 1328 iterum
1667 1291 1822 1329 dicerent
1840 1308 1847 1328 τ
1866 1292 2054 1338 Quomodo
2067 1307 2159 1331 nunc

1179 1351 1370 1402 glorificat,
1387 1352 1448 1403 qui
1464 1362 1545 1390 tunc
1555 1366 1622 1390 non
1636 1353 1797 1404 adjuvit?
1813 1353 1994 1391 adducunt
2006 1355 2159 1406 prophe-

1133 1418 1158 1447 D
1181 1420 1233 1449 tas
1260 1413 1504 1463 testificantes,
1529 1414 1578 1451 sic
1609 1414 1805 1466 oportuisse
1837 1414 1927 1453 fieri.
1950 1415 2099 1465 Deinde,
2118 1430 2160 1453 ne

1178 1481 1343 1525 putarent
1362 1474 1429 1512 Dei
1457 1475 1687 1512 oeconomiam
1713 1475 1873 1527 ipsorum
1898 1476 2161 1514 excusationem

1179 1547 1251 1571 esse
1263 1563 1273 1583 ,
1290 1534 1391 1586 prius
1410 1534 1489 1572 illos
1504 1535 1721 1587 perstringit.
1740 1535 1786 1572 Et
1804 1535 1900 1586 quod
1918 1536 1954 1573 in
1975 1547 2160 1589 conspectu

1181 1593 1287 1632 Pilati
1306 1604 1508 1647 negassent,
1529 1595 1606 1633 leve
1633 1609 1703 1633 non
1733 1605 1828 1643 erat,
1845 1610 1925 1634 cum
1953 1596 2027 1649 ipse
2055 1598 2162 1636 vellet

1177 1655 1358 1694 dimittere
1374 1673 1381 1693 :
1401 1657 1565 1708 quodque
1580 1656 1617 1694 id
1633 1670 1760 1708 negare
1774 1671 1843 1695 non
1862 1667 2022 1710 possent,
2035 1673 2161 1710 argue—

1177 1716 1238 1755 bat
1257 1718 1308 1768 is,
1324 1733 1430 1769 quem
1449 1734 1513 1772 pro
1534 1720 1596 1758 illo
1610 1720 1793 1772 petierant.
1809 1721 1860 1758 Ita
1875 1721 1943 1758 hoc
1959 1736 2098 1772 quoque
2116 1737 2161 1761 ex

1178 1792 1305 1830 magna
1315 1780 1575 1832 dispensatione
1589 1782 1733 1819 factum.
1743 1781 1809 1820 Hic
1825 1781 2083 1834 impudentiam
2103 1798 2161 1835 pe-

1178 1839 1438 1890 tulantiamque
1465 1841 1611 1878 illorum
1635 1841 1806 1891 ostendit,
1834 1856 1874 1879 eo
1898 1842 1994 1893 quod
2019 1843 2160 1894 gentilis

1182 1901 1244 1950 qui
1262 1909 1348 1938 tunc
1367 1902 1526 1953 primum
1546 1902 1648 1939 illum
1666 1902 1775 1951 vidit,
1798 1902 1915 1954 ipsum
1932 1903 2083 1941 liberare
2099 1918 2161 1943 vo-

1179 1960 1306 2009 luerit,
1329 1961 1412 2000 licet
1427 1962 1517 2000 nihil
1533 1963 1652 2014 magni
1669 1962 1883 2011 audivissem
1906 1963 1960 2000 illi
1975 1977 2059 2002 vero
2072 1965 2162 2002 inter

1180 2017 1280 2069 signa
1296 2019 1438 2057 enutriti
1460 2030 1579 2058 contra
1602 2020 1757 2058 fecerint.
1775 2020 1880 2066 Quod
1896 2035 1979 2059 vero
1996 2022 2057 2059 ille
2067 2023 2162 2074 juste

1177 2078 1357 2129 judicaiet
1389 2080 1645 2119 dimittendum
1671 2095 1760 2130 esse,
1782 2095 1845 2119 nec
1872 2081 1918 2118 ad
1946 2083 2096 2133 glatiam
2124 2083 2162 2120 id

2210 689 2278 727 Quo
2293 691 2352 717 ritu

2167 732 2204 758 Ρ(
2198 737 2269 758 trus
2284 741 2353 758 con-

2142 777 2152 795 7
2167 773 2310 800 cionemr.

1176 2141 1318 2190 faceiet,
1349 2141 1469 2178 audi
1459 2156 1578 2194 ipsum
1599 2142 1687 2180 alibi
1709 2142 1910 2180 dicentem:
1930 2143 1996 2181 Est
2018 2157 2161 2182 consue-
2174 2163 2357 2202 310111127.

1174 2200 1261 2238 tudo
1294 2201 1397 2239 vobis
1426 2202 1605 2240 dimittere
1638 2216 1750 2240 unum
1779 2202 1970 2254 quemdam
1996 2219 2004 2240 :
2036 2206 2074 2241 V
2070 2205 2160 2243 ultis
2173 2205 2328 2272 {im
2296 2244 2340 2273 ὦ.

1175 2273 1262 2311 ergo
1282 2261 1385 2299 hunc
1421 2263 1614 2300 dimzttam
1643 2265 1782 2300 vobis.
1778 2267 1791 2290 ἲ)
1810 2265 1884 2301 Vos
1912 2273 2041 2302 autem
2063 2279 2159 2303 san-
2173 2286 2203 2314 6

1175 2328 1278 2357 ctum
1293 2323 1488 2373 etjustum
1500 2326 1680 2375 negastis.
1698 2324 1777 2361 Non
1790 2323 1886 2362 dixit
1897 2325 2158 2375 ‚·T1adidistis;

1174 2381 1236 2419 sed
1255 2381 1402 2432 ubique,
1429 2415 1445 2420 r
1461 2385 1622 2436 ‘'egastis.
1645 2386 1744 2423 Jure.
1770 2385 1830 2424 Sic
1853 2355 1947 2422 enim
1966 2385 2130 2425 dicebant
2149 2405 2157 2425 z

1175 2444 1264 2479 Non
1283 2444 1471 2483 habemus
1490 2459 1615 2497 regem
1636 2448 1711 2484 nisi
1731 2447 1932 2484 Caesarem.
1954 2448 2031 2485 Nec
2050 2448 2156 2498 dixit,
2170 2461 2261 2488 Joan.
2288 2469 2334 2498 ¹9-

1172 2505 1251 2541 Non
1271 2504 1422 2556 petiistis
1442 2505 1686 2558 inculpatum,
1707 2521 1819 2558 neque
1844 2508 1995 2558 negastis
2019 2509 2155 2559 solum,
2174 2502 2222 2530 ¹5·

1172 2563 1235 2601 sed
1251 2564 1358 2602 etiam
1373 2565 1565 2603 occidistis.
1587 2566 1739 2612 Quando
1754 2570 1919 2607 excaecati
1936 2581 2047 2620 erant,
2067 2572 2158 2612 nibil

1171 2624 1241 2661 tale
1252 2623 1372 2661 dixit.
1389 2639 1469 2663 cum
1496 2635 1614 2663 autem
1646 2641 1767 2664 eorum
1792 2630 1901 2667 animi
1921 2630 2035 2681 magis
2060 2641 2159 2669 eiant

84 2675 152 2713 ἀπὸ
173 2679 234 2721 τῆς
254 2676 379 2725 μέθης,
397 2677 474 2716 τότε
497 2679 772 2732 ἐπιπλήττομεν·
790 2697 879 2720 ουτω
897 2681 937 2729 δὴ
957 2681 1017 2719 καὶ
1031 2682 1102 2720 Πέ-
1123 2696 1150 2725 Α
1171 2685 1359 2736 exagitati,
1388 2694 1473 2724 tunc
1504 2687 1621 2725 acrius
1653 2689 1883 2741 pelstringit,
1920 2705 2001 2729 cum
2030 2694 2158 2731 sentire

82 2749 158 2786 τρος
170 2766 179 2782 ,
201 2735 257 2774 οτε
275 2737 443 2783 ἠδύναντο
462 2739 611 2778 συνιέναι
629 2743 696 2778 τῶν
711 2741 920 2793 λεγομενων,
937 2743 1014 2780 τότε
1043 2759 1102 2781 και

81 2794 143 2841 τὴν
161 2798 345 2846 γλῶτταν’
327 2799 496 2845 τκόνησε·
513 2801 606 2838 ἰ’πο)
606 2800 652 2839 λὰ
662 2801 704 2840 τὰ
720 2802 926 2854 ἐγκλήματα
941 2805 1098 2855 ἀριθμεῖ·

80 2850 148 2894 οἷον
167 2855 237 2905 ὅτι,
263 2858 333 2896 ὃνς
320 2876 337 2896 ο
362 2860 453 2905 Θεὸς
480 2857 706 2909 ἐδόξασεν,
669 2866 763 2900 οὗτοι
779 2879 870 2915 παρτ.
861 2863 1006 2902 δωκαν·
1023 2863 1097 2910 ὅτι,

80 2915 116 2953 ὃν
135 2919 153 2954 ὃ
167 2918 318 2962 Πιλατος
338 2920 497 2969 ἀπέλυεν,
516 2925 609 2960 οὗτοι
634 2923 829 2974 ἠρνήσαντο
848 2923 939 2962 κατα
958 2924 1095 2976 πρόσω-

81 2991 144 3013 πον
165 2977 291 3018 ἐκείνου
304 2996 312 3003 ·
341 2979 393 3018 ὅτι
408 2981 645 3033 προετίμησαν
667 2984 724 3022 τὸν
743 2984 888 3035 λῃστήν.

128 3299 331 3311 sssss

88 3350 129 3368 ”
150 3352 203 3389 'fbf‘
218 3353 264 3381 καὶ
281 3352 394 3392 ταῦτα]

292 3417 384 3440 TOM.
405 3419 457 3442 tx.

1171 2754 1343 2797 poterant.
1373 2746 1685 2793 Quemadmodum
1710 2758 1744 2786 et
1768 2763 1830 2788 nos
1850 2751 1955 2790 ebriis
1981 2753 2073 2790 nihil
2100 2753 2156 2791 di-

1173 2807 1307 2859 cimus,
1328 2821 1409 2846 cum
1434 2818 1552 2847 autem
1575 2810 1742 2848 ebrietate
1759 2812 1899 2850 sublata
1915 2813 2040 2864 vigiles
2053 2824 2153 2864 sunt,

1172 2877 1256 2907 tunc
1289 2870 1494 2922 carpimus:
1529 2870 1577 2908 ita
1613 2880 1647 2909 et
1674 2872 1813 2923 Petrus,
1848 2888 1930 2911 cum
1958 2874 2156 2927 intelligere

1169 2940 1344 2982 poterant,
1374 2940 1458 2969 tunc
1489 2931 1650 2984 linguam
1678 2933 1796 2982 acuit,
1820 2935 2017 2986 sceleraque
2041 2937 2155 2976 multa

1171 3002 1366 3042 enumerat,
1391 3007 1532 3045 nempe,
1560 2994 1654 3044 quod
1684 3009 1779 3044 eum,
1801 3010 1904 3045 quem
1924 2998 2020 3036 Deus
2041 2999 2152 3050 glori-

1172 3055 1309 3102 ficavit,
1340 3056 1410 3108 ipsi
1436 3055 1672 3106 tradiderint,
1689 3057 1785 3107 quod
1805 3071 1908 3107 quem
1926 3059 2064 3098 Pilatus
2089 3061 2153 3098 ah-

1173 3116 1293 3166 solvit,
1320 3116 1357 3154 in
1381 3125 1568 3168 conspectu
1596 3116 1707 3168 ipsius
1734 3117 1959 3169 negaverint,
1978 3120 2074 3170 quod
2095 3121 2152 3158 la-

1172 3186 1306 3216 tronem
1326 3176 1555 3229 praetulerint.

1193 3312 1209 3335 J)
1234 3311 1326 3342 Ullus
1343 3311 1429 3343 Cod.
1457 3310 1525 3342 lime
1551 3309 1734 3342 nonhabet
1760 3316 1930 3349 εἰκότως...
1953 3317 2062 3355 ἔλεγον.

1198 3372 1210 3386 ³
1234 3361 1292 3394 Alii
1317 3367 1415 3397 mh&
1435 3368 1472 3397 τὰ
1495 3365 1668 3405 ἐγκλήματα
1697 3368 1822 3405 ἐπάγων,
1841 3368 1885 3397 ὅτι
1910 3369 1952 3397 ἕν.

1947 3420 1968 3428 .«
