2502 3810
120 2352 150 2371 2.
170 2342 286 2373 Cor.5.

120 2393 171 2413 20.

331 223 422 270 660
808 235 845 264 s.
883 232 1067 264 JoANms
1102 232 1341 263 cnanosT.
1383 232 1587 264 ARCHIEP.
1624 234 1977 265 consummor.

329 320 413 367 ciso,
427 331 489 355 nec
502 316 614 354 occiso
628 323 776 361 tantum,
797 312 858 350 sed
879 321 997 364 postea
1023 325 1088 363 pro
1103 312 1204 350 nobis
1226 326 1307 363 pre·
1383 313 1576 351 ἐδικαίωσε.
1594 314 1660 356 Τίς
1681 308 1737 352 οἶν
1752 317 1846 364 ἡμᾶς
1864 313 2090 352 καταδικάσει
2105 343 2115 362 ,
2133 318 2192 353 τοῦ
2210 316 2302 353 Θεοῦ
2322 330 2402 353 στυ-

328 377 455 415 cante?
475 377 648 414 Christus
679 372 785 422 enim,
805 371 934 421 inquit,
955 374 1022 422 qui
1038 380 1209 409 mortuus
1235 380 1308 416 est;
1382 378 1584 425 φανοῦντος,
1601 378 1660 412 τοῦ
1679 376 1832 427 Χριστοῦ
1863 375 1905 411 δι’
1933 378 2026 424 ἡμᾶς
2048 373 2258 426 σφαγέντος,
2274 375 2334 413 καὶ
2365 377 2403 412 οὖ

326 440 402 474 imo
411 440 477 488 qui
490 445 525 473 et
540 435 746 473 resurrexit
762 447 788 471 a
801 434 976 482 mortuis,
992 435 1059 484 qui
1073 441 1130 470 est
1145 434 1200 470 ad
1217 434 1308 470 dex·
1382 434 1570 486 σφαγέντος
1589 435 1706 486 μόνον,
1722 435 1810 473 ἀλλὰ
1825 435 1885 473 καὶ
1900 434 1988 485 μετὰ
2007 439 2116 473 ταῦτα
2136 435 2401 486 ἐντυγχάνοντος

327 506 448 535 teram
459 498 546 542 Dei,
564 498 631 547 qui
646 497 763 534 etiam
778 494 981 531 intercedit
992 506 1062 544 pro
1084 495 1204 531 nobis.
1227 493 1307 531 Ete—
1381 495 1468 548 ὑπὲρ
1485 497 1584 546 ἡμῶν
1601 513 1610 544 3
1630 497 1780 548 Χριστὸς
1805 495 1873 548 γὰρ
1887 526 1896 544 ,
1917 496 2035 548 φησὶν,
2054 498 2072 533 ὅ
2091 494 2285 543 ἀποθανὼν,
2309 497 2403 545 μᾶλ-

325 557 400 595 nim
412 556 473 607 qui
488 555 523 593 in
555 555 700 607 propria
730 553 901 605 dignitate
917 552 1097 605 apparuit,
1117 553 1228 591 nostri
1247 568 1307 592 cu·
1379 558 1439 595 λον
1458 557 1493 594 δὲ
1514 558 1574 595 καὶ
1587 558 1605 576 *
1623 557 1774 612 ἐγερθεὶς
1788 560 1826 596 ἐκ
1843 561 1985 610 νεκρῶν,
2006 557 2040 601 ὅς
2061 560 2152 595 ἐστιν
2172 558 2207 594 ἐν
2228 556 2322 608 δεξιᾷ
2341 559 2401 594 τοῦ

325 631 402 655 ram
418 631 486 655 non
504 615 682 668 deposuit,
700 614 761 653 sed
779 613 886 652 etiam
899 612 1083 651 intercedit
1103 627 1168 665 pro
1186 613 1303 660 nobis,
1331 621 1356 650 D
1380 619 1472 655 Θεοῦ
1484 648 1493 664 ‚
1513 617 1548 660 ὃς
1567 617 1626 655 καὶ
1646 617 1846 670 &ww-4252
1858 617 1945 670 ὑπὲρ
1965 620 2078 667 ἡμῶν,
2097 617 2168 655 Καὶ
2183 616 2250 669 γὰρ
2269 616 2326 654 ἐπὶ
2341 619 2402 662 τῆς

325 688 357 717 et
371 678 529 716 eamdem
548 677 731 715 caritatem
750 688 887 727 semper
905 683 1034 713 servat.
1058 675 1180 724 Neque
1212 675 1306 712 enim
1379 677 1508 721 οἰκείας
1534 678 1629 722 ἀξίας
1657 679 1793 730 φανεὶς,
1829 680 1866 716 οὐ
1896 678 2066 716 κατέλυσε
2088 677 2151 724 τὴν
2178 677 2266 727 ὑπὲρ
2300 679 2401 726 ἡμῶν

325 739 418 777 caede
440 747 622 776 contentus
645 736 725 787 fuit,
747 736 842 786 quod
873 744 990 773 tamen
1012 735 1143 773 summi
1175 734 1307 773 amoris
1377 738 1554 789 πρόνοιαν,
1587 739 1676 778 ἀλλὰ
1710 739 1769 777 καὶ
1789 739 1989 791 ἐντυγχάνει
2020 738 2107 790 ὑπὲρ
2137 741 2252 788 ἡμῶν,
2268 737 2327 775 καὶ
2349 736 2400 775 ἔτι

323 809 389 850 est,
415 814 485 838 non
499 799 614 837 solum
632 812 710 849 quae
728 797 775 835 ad
788 810 823 834 se
838 796 1014 848 pertinent
1030 797 1157 841 facere,
1182 797 1242 834 sed
1273 806 1306 835 et
1377 798 1439 844 τὴν
1462 798 1569 845 αὐτὴν
1587 801 1728 850 ἀγάπην
1750 800 1844 850 μένει
1875 802 2059 851 διατηρῶν.
2078 801 2132 837 Οὐ
2155 798 2222 851 γὰρ
2244 797 2397 851 ἠρκέσθη

323 861 436 898 alium
453 859 499 898 ad
516 860 581 898 hoc
601 859 787 898 advocare.
804 857 881 895 Hoc
899 857 993 895 enim
1008 857 1167 895 indicare
1191 857 1306 896 voluit
1377 860 1421 909 τῇ
1442 863 1558 911 σφαγῇ
1580 860 1699 910 μόνον·
1728 860 1814 913 ὅπερ
1843 860 2006 912 μεγίστου
2040 859 2196 910 μάλιστά
2224 860 2298 896 ἐστι
2320 858 2399 910 φίλ-

322 938 386 976 per
403 923 509 973 illud,
528 922 773 969 intercedere,
795 919 1003 957 humaniore
1023 920 1171 970 loquens
1198 919 1306 957 modo
1377 935 1458 971 τρου
1473 951 1483 968 ,
1508 921 1548 959 τὸ
1565 920 1613 971 μὴ
1636 921 1736 971 μόνον
1755 920 1800 959 τὰ
1828 923 1875 964 εἷς
1895 920 1995 958 αὐτὸν
2015 919 2146 966 ἥκοντα
2166 925 2290 966 ποιεῖν,
2307 919 2398 956 ἀλλὰ

323 994 357 1022 et
375 983 592 1032 demissiore,
609 991 648 1020 ut
662 995 817 1020 amorem
837 979 1049 1018 ostenderet.
1080 981 1172 1019 Nam
1187 980 1306 1018 exillo
1378 981 1437 1019 καὶ
1456 981 1571 1034 ἕτερον
1596 983 1681 1035 ὑπὲρ
1708 983 1830 1021 τούτου
1852 983 2084 1033 παρακαλεῖν.
2106 983 2138 1019 T
2142 985 2219 1019 οῦτο
2240 980 2308 1032 γὰρ
2338 979 2398 1030 μό-

325 1059 476 1096 quoque,
498 1046 588 1082 lVon
597 1045 778 1095 pepercit,
799 1041 868 1079 nisi
887 1041 954 1078 hoc
976 1055 1078 1079 sensu
1100 1041 1306 1092 accipiatur,
1376 1057 1432 1081 νον
1455 1044 1511 1081 διὰ
1530 1048 1610 1092 τοῦ,
1627 1043 1860 1096 ἐντυγχάνειν,
1880 1044 2035 1090 δηλῶσαι
2056 1041 2228 1088 ἐέουλήθη
2241 1071 2250 1088 ,
2267 1043 2398 1092 ἀνθρω-

326 1107 439 1144 multa
454 1115 643 1157 sequentur
669 1103 833 1143 absurda.
855 1102 902 1141 Et
916 1111 955 1140 ut
975 1102 1090 1140 discas
1103 1102 1171 1140 hoc
1188 1103 1307 1154 ipsum
1376 1103 1565 1156 πινώτερον
1587 1105 1778 1157 διαλεχθεὶς
1793 1135 1802 1152 ,
1820 1104 1880 1142 καὶ
1908 1101 2313 1155 συγκοιταὸατικώτερον,
2340 1100 2397 1138 ἵνα

325 1181 413 1215 csse,
433 1166 529 1217 quod
540 1166 620 1205 vult
630 1165 822 1213 adstruere,
835 1178 915 1201 cum
929 1163 1028 1214 prius
1047 1162 1208 1212 dixisset,
1234 1165 1305 1201 Est
1375 1163 1438 1210 τὴν
1453 1165 1593 1215 ἀγάπην
1613 1166 1823 1213 ἐνδείξηται·
1848 1165 1921 1203 ἐπεὶ
1941 1164 1999 1202 καὶ
2020 1164 2059 1202 τὸ
2078 1194 2086 1211 ,
2110 1165 2188 1202 Οὔκ
2211 1162 2371 1215 ἐφείσατο
2387 1191 2395 1207 ,

323 1231 365 1265 ἱη
380 1229 552 1273 dextera,
576 1236 660 1264 tunc
683 1226 818 1275 intulit,
849 1225 1057 1262 Intercedit
1083 1238 1153 1275 pro
1184 1226 1304 1273 nobis,
1375 1224 1434 1263 ἐὰν
1455 1226 1502 1276 μὴ
1522 1226 1611 1276 μετὰ
1629 1226 1758 1272 ταύτης
1775 1230 1788 1246 ³
1802 1226 2005 1276 ἐκλάῧωμεν
2029 1228 2091 1272 τῆς
2112 1224 2261 1271 ἐννοίας,
2282 1223 2396 1261 πολλὰ

320 1289 403 1339 quia
422 1303 544 1341 parem
569 1288 740 1325 honorem
760 1285 910 1324 ostendit
930 1294 963 1322 et
994 1285 1244 1334 aequalitatem,
1266 1293 1305 1322 ut
1375 1285 1418 1323 τὰ
1439 1286 1553 1324 ἄτοπα
1569 1288 1702 1338 ἕψεται.
1731 1287 1800 1325 Καὶ
1819 1286 1875 1324 ἵνα
1896 1286 2029 1337 μάθῃς,
2055 1288 2107 1324 ὅτι
2136 1285 2237 1324 τοῦτό
2253 1287 2359 1331 ἐστιν,
2380 1284 2397 1322 ὃ

319 1361 439 1404 postea
456 1352 532 1389 haec
545 1351 746 1389 intercessio
768 1363 837 1388 non
857 1348 1003 1386 minoris
1022 1348 1222 1398 dignitatiS,
1241 1348 1303 1385 sed
1327 1354 1351 1383 E
1375 1347 1635 1385 κατασκευάσαι
1659 1348 1839 1398 βούλεται,
1858 1346 2024 1399 πρότερον
2056 1345 2175 1393 εἰπὼν,
2203 1345 2255 1382 ὅτι
2276 1344 2395 1383 'Es-civ

319 1413 450 1450 amoris
474 1412 584 1450 solius
612 1411 792 1450 videretur
813 1423 897 1447 esse.
923 1411 1016 1447 Nam
1034 1408 1096 1459 qui
1125 1408 1199 1459 ipse
1228 1408 1302 1446 vita
1375 1409 1409 1444 ἐν
1430 1408 1541 1459 δεξιᾷ,
1555 1408 1631 1446 τότε
1649 1408 1836 1459 ἐπήγαγεν,
1858 1407 1912 1446 ὅτι
1932 1406 2162 1457 Ἐντυγχάνει
2181 1404 2266 1457 ὑπὲρ
2281 1408 2396 1455 ἡμῶν,

319 1482 418 1511 estet
436 1474 513 1510 fons
526 1473 705 1510 bonorum
731 1470 906 1519 omnium,
929 1469 1089 1521 ejusdem
1113 1477 1219 1518 atque
1234 1469 1303 1505 Pa-
1373 1466 1426 1505 ὅτι
1447 1467 1510 1513 τὴν
1530 1467 1713 1518 ὃμοτιμίαν
1735 1467 1839 1511 ἔδειξε
1861 1467 1920 1504 καὶ
1934 1467 1996 1514 τὴν
2018 1467 2184 1513 ἰσότητα,
2202 1466 2258 1503 ἵνα
2277 1465 2396 1504 λοιπὸν

317 1543 371 1572 ter
388 1533 583 1586 potestatis,
612 1533 672 1583 qui
695 1540 852 1569 mortuos
877 1530 1021 1567 suscitat
1051 1538 1084 1566 et
1122 1528 1298 1577 vivificat,
1373 1527 1412 1565 τὸ
1432 1527 1651 1579 ἐντυγχάνειν
1667 1529 1728 1565 οὐκ
1747 1527 1969 1570 ἐλαττώσεως
1986 1557 1995 1574 ,
2021 1529 2097 1566 ἀλλ’
2117 1528 2257 1578 ἀγάπης
2271 1526 2396 1579 φαίνη-

318 1603 509 1645 caeteraque
523 1594 640 1632 omnia
661 1592 757 1638 facit,
785 1590 962 1641 quomodo
981 1589 1182 1642 precatione
1213 1603 1302 1641 opus
1373 1603 1431 1625 ται
1452 1589 1558 1636 μόνης
1589 1588 1638 1626 ὄν.
1658 1588 1702 1627 Ὁ
1729 1588 1797 1641 γὰρ
1828 1588 1929 1632 αὐτὸς
1960 1587 2030 1634 ζωὴ
2060 1587 2108 1625 ὢν
2137 1588 2196 1626 καὶ
2214 1587 2310 1638 πηγὴ
2326 1590 2395 1625 τῶν

316 1656 445 1693 habeat
475 1664 513 1692 ut
541 1669 604 1692 nos
628 1652 802 1705 adjuvet?
831 1651 902 1698 Qui
933 1651 1133 1703 desperatos
1169 1659 1201 1688 et
1237 1650 1300 1687 da·
1374 1650 1511 1700 ἀγαθῶν
1545 1649 1723 1698 ἁπάντων,
1745 1650 1806 1688 καὶ
1837 1651 1911 1700 μετ’
1946 1649 2100 1694 ἐξουσίας
2131 1652 2193 1696 τῆς
2221 1651 2329 1695 αὐτῆς
2347 1652 2397 1700 τῷ

317 1725 454 1753 innatos
473 1730 518 1753 ex
535 1715 679 1767 propria
706 1712 863 1766 potentia
879 1727 898 1749 a
921 1712 1212 1750 condemnatione
1238 1710 1300 1748 illa
1373 1710 1513 1762 Πατρὶ,
1537 1710 1596 1748 καὶ
1627 1710 1767 1763 νεκροὺς
1788 1711 1942 1762 ἐγείρων,
1963 1710 2022 1749 καὶ
2046 1713 2234 1758 ζωοποιῶν,
2265 1710 2324 1748 καὶ
2351 1709 2395 1748 τὰ

314 1776 494 1825 liberavit,
510 1777 669 1827 acjustos
688 1774 851 1824 filiosque
870 1772 985 1811 ess'ecit
1005 1781 1038 1810 et
1057 1772 1102 1810 ad
1118 1785 1300 1824 supremos
1373 1771 1463 1808 ἄλλα
1494 1771 1609 1809 πάντα
1630 1775 1751 1818 ποιῶν,
1772 1775 1846 1815 πῶς
1874 1771 1913 1808 ἂν
1935 1771 2115 1815 ἐντεύξεως
2135 1771 2255 1817 ἐδεήθη
2288 1772 2335 1814 εἷς
2355 1770 2395 1808 τὸ

315 1838 465 1876 honores
479 1837 645 1884 adduxit,
673 1845 778 1887 atque
800 1849 838 1873 ea
870 1848 947 1886 quae
980 1833 1139 1871 nondum
1163 1842 1300 1885 sperata
1372 1832 1552 1884 ὠφελῆσαι
1567 1836 1678 1883 ἡμᾶς
1698 1832 1742 1871 Ὁ
1764 1832 2049 1884 ἀπεγνωσμένους
2077 1833 2136 1870 καὶ
2161 1832 2394 1870 καταδεδικα-

315 1901 465 1947 fucrant,
496 1899 542 1937 ad
569 1912 657 1950 opus
685 1897 830 1936 reduxit
857 1912 865 1933 :
899 1895 1078 1947 quomodo
1112 1904 1299 1947 postquam
1373 1893 1517 1943 σμένους
1533 1893 1567 1937 ἐξ
1587 1893 1713 1936 οἰκείας
1730 1893 1883 1938 ἐξουσίας
1902 1894 1960 1931 καὶ
1977 1897 2039 1940 τῆς
2056 1893 2246 1940 καταδίκης
2262 1892 2395 1938 ἐκείνης

315 1963 433 2001 omnia
462 1963 668 2015 perfecerat,
690 1970 723 1998 et
751 1970 914 1998 naturam
941 1968 1099 1997 nostram
1116 1959 1153 1996 in
1171 1958 1300 1996 throno
1374 1954 1591 1999 ἀπαλλάξας,
1608 1955 1667 1992 καὶ
1688 1955 1839 1999 δικαίους
1849 1955 1908 1993 καὶ
1928 1953 2019 1997 υἱοὺς
2038 1954 2185 2001 ποιήσας
2199 1983 2209 2001 ,
2229 1953 2288 1991 καὶ
2309 1953 2394 2005 πρὸς

315 2024 413 2075 regio
434 2024 659 2072 exhibuerat,
678 2022 726 2060 ad
743 2021 903 2059 faciliora
933 2020 1196 2072 supplicatione
1211 2033 1301 2072 opus
1373 2014 1435 2059 τὰς
1463 2015 1630 2053 ἀνωτάτω
1655 2015 1759 2066 τιμὰς
1779 2015 1932 2068 ἀγαγὼν,
1953 2016 2011 2054 καὶ
2037 2015 2081 2054 τὰ
2101 2015 2276 2066 μηδέποτε
2296 2017 2392 2053 ἐλπι-

314 2085 484 2123 haberet?
513 2083 645 2123 Viden’
684 2081 862 2133 quomodo
898 2080 1056 2131 undique
1080 2080 1298 2131 ostendatur,
1315 2101 1362 2126 598
1374 2077 1498 2116 σθέντα
1519 2079 1564 2120 εἷς
1581 2077 1677 2131 ἔργον
1694 2077 1847 2129 ἀγαγὼν,
1861 2081 1934 2121 πῶς
1953 2078 1992 2115 ἂν
2010 2077 2099 2128 μετὰ
2117 2077 2156 2115 τὸ
2176 2079 2394 2129 κατορθῶσαι

316 2144 610 2197 supplicationem
630 2156 698 2180 non
732 2142 802 2179 alia
834 2141 879 2179 de
898 2154 1002 2178 causa
1034 2139 1167 2178 dictam
1181 2141 1300 2189 fuisse,
1328 2137 1353 2165 Α
1373 2139 1510 2187 πάντα,
1530 2138 1589 2176 καὶ
1609 2139 1672 2185 τὴν
1706 2138 1805 2190 φύσιν
1835 2138 1898 2186 τὴν
1930 2138 2103 2191 ἡμετέραν
2124 2137 2230 2182 δεῖξαι
2258 2136 2315 2174 ἐπὶ
2335 2140 2394 2174 τοῦ

316 2220 424 2257 quam
442 2215 483 2243 ut
495 2206 614 2243 fervor
627 2214 661 2242 et
675 2203 894 2242 vehementia
915 2203 991 2254 ejus
1020 2216 1102 2254 erga
1124 2216 1186 2240 nos
1204 2216 1301 2240 amo-
1374 2201 1491 2251 θρόνου
1507 2204 1566 2237 τοῦ
1589 2201 1789 2251 βασιλικοῦ,
1810 2200 1895 2252 πρὸς
1925 2199 1968 2237 τὰ
1991 2198 2208 2251 εὖκολώτερα
2234 2197 2394 2250 ἐντυχίας

316 2268 366 2305 ris
384 2265 650 2304 ostenderetur?
683 2266 775 2301 Nam
795 2272 828 2301 et
857 2265 961 2301 Pater
980 2263 1124 2301 videtur
1144 2263 1302 2300 homines
1373 2262 1480 2298 ἐδεῖτο
1488 2277 1498 2308 ;
1518 2260 1627 2312 Ὁρᾷς
1657 2263 1730 2302 πῶς
1747 2260 1962 2311 πανταχόθεν
1983 2259 2178 2307 δείκνυται,
2198 2258 2250 2296 ὅτι
2270 2258 2309 2296 τὸ
2334 2260 2393 2296 ἐν·-

316 2328 511 2377 hortari,ut
530 2340 611 2363 cum
623 2325 685 2362 illo
694 2323 976 2362 reconcilientur.
992 2325 1095 2360 ,Nam
1107 2337 1177 2374 pro
1193 2325 1303 2361 Clzri-
1372 2321 1554 2372 τυγχάνειν
1570 2322 1612 2358 δι’
1631 2320 1726 2358 οὐδὲν
1741 2320 1856 2371 ἕτερον
1875 2320 2023 2372 εἴρηκεν,
2039 2320 2115 2357 ἀλλ’
2135 2319 2190 2356 ἵνα
2209 2319 2248 2356 τὸ
2267 2317 2391 2369 θερμὸν

317 2399 376 2428 sto
393 2390 583 2440 legatione
593 2387 809 2438 fungimur,
827 2385 1121 2436 tamquamDeo
1137 2385 1302 2421 lzortan-
1373 2381 1432 2418 καὶ
1449 2382 1601 2431 ἀκμάζον
1619 2384 1680 2427 τῆς
1698 2380 1778 2431 περὶ
1793 2383 1886 2430 ἡμᾶς
1904 2380 2042 2431 ἀγάπης
2058 2379 2295 2426 *ἐνδείξηταη
2317 2378 2392 2417 ἐπεὶ

319 2460 356 2490 te
372 2465 442 2502 per
458 2463 539 2487 nos.
564 2450 727 2484 Attamen
749 2447 821 2483 Deo
838 2444 1016 2493 hortante,
1040 2450 1083 2481 et*
1095 2443 1302 2481 hominibus
1373 2442 1433 2480 καὶ
1450 2445 1467 2480 ὁ
1479 2441 1996 2494 Πατὴρφαίνεταιπαρακαλῶν
2008 2439 2207 2492 ἀνθρώπους
2217 2442 2393 2478 καταλλα-

318 2510 412 2562 apud
430 2509 588 2547 homines
607 2520 670 2558 pro
699 2505 840 2542 Christo
861 2503 1035 2555 legatione
1054 2504 1298 2555 fungentibus,
1373 2507 1478 2554 γῆναι
1498 2505 1605 2554 αὐτῷ.
1621 2502 1732 2554 Ὑπὲρ
1751 2503 1818 2554 γὰρ
1832 2503 1985 2553 Χριστοῦ
1999 2500 2247 2552 πρεσὸεύομεν,
2262 2503 2308 2544 ὡς
2331 2504 2391 2539 τοῦ

318 2572 410 2610 nihil
425 2569 597 2622 dignitate
612 2567 674 2604 illa
688 2575 782 2604 tanta
812 2565 1000 2617 indignum
1020 2565 1227 2617 cogitamus,
1242 2565 1302 2604 sed
1373 2566 1466 2603 Θεοῦ
1480 2565 1763 2614 παρακαλοῦντος
1778 2563 1820 2599 δι’
1832 2562 2040 2612 ἧμῶν.Ἀλλ’
2052 2562 2144 2612 ὅμως
2154 2562 2313 2600 καὶΘεοῦ
2324 2576 2393 2599 πα-

319 2646 432 2670 unum
452 2639 588 2668 tantum
608 2642 652 2666 ex
671 2627 713 2664 iis
735 2640 813 2676 quoe
838 2640 944 2677 supra
964 2624 1059 2662 dicta
1085 2634 1167 2662 sunt
1201 2625 1302 2664 colli·
1376 2626 1616 2676 ρακαλοῦντος,
1630 2623 1689 2661 καὶ
1703 2622 1893 2675 ἀνθρώπων
1906 2622 2014 2674 ῢὺπὲρ
2030 2623 2183 2675 Χριστοῦ
2198 2621 2389 2674 πρεσὸευο-

317 2693 446 2745 gimus,
466 2704 591 2742 nempe
609 2688 739 2726 amoris
758 2685 1053 2738 magnitudinem.
1088 2687 1164 2724 Hoc
1184 2685 1302 2738 ipsum
1375 2685 1487 2735 μένων
1507 2685 1591 2737 πρὸς
1602 2683 1813 2737 ἀνθρώπους,
1828 2683 1923 2721 οὐδὲν
1939 2683 2072 2728 ἀνάξιον
2084 2686 2264 2734 ἐννοοῦμεν
2275 2684 2390 2720 ἐντεῦ-

316 2752 423 2790 ethic
438 2750 619 2789 faciamus.
640 2747 679 2787 Si
697 2759 779 2797 crgo
801 2744 957 2795 Spirilus
985 2744 1141 2796 postulat
1160 2745 1302 2796 gemiti·
1374 2751 1428 2785 θεν
1444 2748 1506 2792 τῆς
1521 2745 1616 2789 ἀξίας
1634 2745 1786 2793 ἐκείνης,
1804 2747 1880 2784 ἀλλ’
1895 2745 1928 2783 ἓν
1946 2745 2046 2796 μόνον
2064 2747 2103 2783 ἐκ
2118 2748 2184 2783 τῶν
2201 2744 2391 2798 εἰρημένων

317 2814 386 2852 bus
404 2809 719 2858 inenarrabilibus,
742 2816 776 2845 et
809 2806 972 2843 Christus
1000 2814 1161 2844 mortuus
1182 2816 1246 2853 est,
1268 2814 1302 2844 et
1373 2809 1535 2848 ἁπάντων
1553 2807 1777 2859 συλλέγομεν,
1790 2807 1852 2854 τὴν
1867 2811 1927 2854 τῆς
1940 2807 2079 2858 ἀγάπης
2094 2806 2265 2845 ἐπίτασιν.
2277 2807 2391 2844 Τοῦτο

317 2872 504 2911 intercedit
522 2886 585 2924 pro
603 2869 716 2917 nobis,
730 2877 761 2906 et
776 2870 879 2906 Pater
897 2866 991 2904 Filio
1010 2881 1074 2904 suo
1084 2881 1154 2905 non
1176 2882 1300 2920 peper-
1326 2872 1349 2902 B
1375 2870 1415 2917 δὴ
1427 2869 1486 2908 καὶ
1499 2871 1643 2907 ἐνταῦθα
1655 2870 1878 2919 ποιῶμεν.Εἷ
1889 2868 2001 2906 τοίνυν
2010 2868 2068 2905 καὶ
2079 2868 2118 2905 τὸ
2130 2869 2276 2918 Πνεῦμα
2287 2870 2392 2918 ὓπερ·

318 2935 367 2971 cit
378 2942 522 2986 propter
541 2942 589 2981 te,
610 2940 643 2969 et
674 2929 778 2981 elegit
797 2938 844 2978 te,
866 2937 900 2965 et
912 2928 1122 2980 justificavit
1150 2937 1196 2978 te,
1214 2929 1303 2980 quid
1376 2929 1574 2982 εντυ«αάνει
1594 2935 1799 2979 στεναγμοῖς
1819 2931 2005 2975 ἀλαλητοῖς
2017 2956 2026 2974 ,
2042 2928 2100 2966 καὶ
2115 2932 2132 2967 ὁ
2146 2928 2298 2979 Χριστὸς
2313 2927 2396 2966 ἀπέ-

318 2995 447 3034 deinde
465 2994 591 3033 times?
609 2992 698 3045 quid
713 2991 835 3030 tremis
850 3021 861 3041 ,
883 2999 980 3027 tanta
1006 2990 1123 3028 fruens
1142 2991 1301 3042 caritate,
1376 2995 1456 3030 θανε
1471 3021 1481 3039 ,
1509 2990 1569 3028 καὶ
1591 2989 1789 3041 ἐντυγχάνει
1807 2989 1895 3041 ὑπὲρ
1914 2991 2028 3039 ἡμῶν,
2049 2988 2108 3026 καὶ
2134 2991 2152 3026 ὃ
2178 2988 2305 3039 Πατὴρ
2334 2991 2393 3026 τοῦ

318 3068 351 3096 et
369 3067 463 3096 tanta
477 3054 723 3110 providentia?
739 3053 822 3092 Ideo
836 3052 1179 3105 postquammultam
1191 3062 1304 3091 osten·
1377 3053 1463 3091 ἷδίου
1478 3053 1563 3090 Υἱοῦ
1585 3052 1645 3090 οὐκ
1667 3050 1827 3103 ἐφείσατο
1845 3050 1901 3088 διὰ
1922 3050 1959 3089 σὲ
1973 3080 1983 3099 ,
2003 3050 2063 3088 καὶ
2082 3049 2257 3095 ἐξελέξατό
2275 3066 2313 3088 σε
2337 3050 2398 3089 καὶ

363 3202 372 3211 ¹
397 3199 456 3239 [A.
473 3200 616 3241 ἐγερθεὶς,
631 3198 660 3232 ὃς
677 3198 726 3227 καί
741 3198 818 3226 ἐστιν
835 3197 863 3225 ἐν
881 3192 924 3233 8.]
1391 3205 1489 3236 quam
1508 3195 1713 3232 ἐπιδεέξασθαι.
1734 3193 1786 3223 Ita
1803 3203 1835 3233 p.
1857 3192 1931 3233 597,
1950 3193 1989 3233 D÷
2012 3193 2086 3233 693,
2105 3193 2142 3231 A,
2158 3199 2191 3224 et
2205 3202 2288 3233 saepe
2304 3190 2394 3225 alibi.

364 3260 377 3274 υ
401 3250 412 3290 Ῐ
428 3249 481 3280 Sic
499 3249 536 3279 A.
554 3254 587 3278 et
602 3243 706 3278 Savil.
719 3242 904 3286 Legebamr
922 3243 1139 3288 ἑπιλάέωμεν.]
1391 3243 1541 3276 Eandem
1554 3244 1746 3276 varietatem
1769 3250 1904 3285 praestat
1919 3241 2004 3275 Cod.
2019 3245 2055 3274 Α.
2072 3255 2093 3286 p
2120 3244 2194 3285 540,
2208 3244 2252 3285 B,
2272 3255 2303 3285 p.
2318 3244 2394 3283 615,

365 3305 374 3315 '
398 3301 601 3342 [ἐπιδείξηται
618 3300 654 3329 Α.
682 3295 747 3329 Sed
764 3297 833 3328 Deo
851 3296 993 3338 gratiam
1009 3307 1102 3327 suam
1124 3302 1156 3327 et
1182 3295 1326 3328 benevo-
1393 3297 1432 3334 E,
1451 3295 1506 3327 ubi
1527 3294 1696 3339 legebatur
1713 3299 1840 3334 ἐνεδείξω
1858 3296 1870 3337 ]

321 3352 454 3384 lentiam
476 3350 629 3394 prodenti
645 3348 833 3381 hominibus
849 3348 1005 3382 convenit
1024 3349 1133 3390 potius
1152 3351 1328 3387 ἐνδείξασθαι
1437 3358 1450 3372 ⁸
1474 3347 1587 3380 Morcl.
1608 3346 1693 3380 male
1710 3351 1765 3383 ὑπὸ
1781 3354 1920 3393 Χριττοῡ,
