2502 3810
707 238 750 266 IN
787 237 922 267 Epls'r.
960 236 1020 265 AD
1054 235 1162 266 Rom.
1202 236 1357 267 nomn„
1396 235 1491 265 x1x.
2068 219 2156 281 725

95 317 169 358 πῶς
191 316 281 363 ἔστι,
301 315 421 367 φησὶν,
442 316 511 354 υἱὸν
534 310 621 354 εἶναι
642 318 758 364 Θεοῦ;
777 317 926 355 Πάντων
946 318 1111 363 ἀπηλλα-

93 375 218 424 γμένον
248 379 316 413 τῶν
350 379 483 422 παθῶν,
516 377 702 415 ἐπιείκειαν
731 377 1003 428 ἐπιδεικνύμενον
1033 377 1113 428 περὶ

94 434 171 478 τοὺς
191 436 390 486 &opion-„ag
416 437 476 474 καὶ
498 438 698 480 ἀδικοῦντας
711 453 718 461 ·
748 437 806 475 καὶ
825 437 892 488 γὰρ
920 441 937 475 6
953 436 1080 489 Πατὴρ
1095 439 1113 475 6

95 495 152 538 σὸς
165 501 313 539 τοιοῦτος
328 496 407 546 περὶ
422 496 498 540 τοὺς
516 497 806 549 βλασφημοῦντάς
826 500 910 536 ἐστι.
932 497 1000 535 Διὰ
1013 500 1113 534 τοῦτο

94 555 207 594 πολλὰ
226 557 394 599 πολλάκις
410 557 528 605 εἰπὼν,
548 559 699 607 οὐδαμοῦ
717 573 835 609 φησιν,
858 558 950 600 ὅπως
968 557 1113 608 γένησθε

93 614 207 665 ὅμοιοι
235 619 294 653 τοῦ
321 617 460 668 Πατρδς
491 621 586 667 ὑμῶν
604 633 612 640 ·
645 619 724 670 ἀλλ’ῥ
753 617 808 654 ὅτε
829 611 936 664 εἶπεν,
956 617 1114 668 Εὔχεσθε

95 674 181 727 ὑπὲρ
211 678 279 713 τῶν
313 677 573 728 ἐπηρεαζόντων
601 679 713 727 ὑμᾶς,
744 679 860 720 καλῶς
887 683 1016 715 ποιεῖτε
1044 682 1114 720 τοῖς

95 740 252 785 μισοῦσιν
274 740 363 787 ὑμᾶς
375 765 384 783 ,
402 737 479 775 τότε
495 743 594 777 τοῦτο
610 738 649 776 τὸ
670 739 816 776 ἔπαθλον
832 738 1020 789 ἐπήγαγεν.
1041 739 1113 775 Οὐ-

94 795 148 834 δὲν
167 796 232 847 γὰρ
251 797 358 841 οὕτως
378 801 468 848 ἡμᾶς
488 787 654 849 προσάγει
675 800 756 849 Θεῷ
775 797 834 835 καὶ
855 798 993 848 ὁμοίους
1009 803 1112 845 ποιεῖ,

92 859 140 900 ὡς
159 857 255 896 τουτὶ
273 858 312 895 τὸ
333 859 557 909 κατόρθωμα.
587 858 655 896 Διὰ
674 862 774 895 τοῦτο
793 858 852 895 καὶ
871 859 1010 901 Παῦλος
1031 857 1112 895 ὅταν

92 916 175 969 λέγῃ
191 948 200 965 ,
220 918 361 956 Γίνεσθε
381 918 534 969 μιμηταὶ
550 922 608 955 τοῦ
625 920 730 964 Θεοῦ,
747 917 837 955 κατὰ
850 923 950 955 τοῦτο
965 918 1111 968 γίνεσθε,

92 978 196 1028 λέγει.
224 979 374 1016 Πάντων
396 978 456 1029 μὲν
474 977 541 1030 γὰρ
556 978 676 1030 χρείαν
698 978 822 1029 ἔχομεν
842 981 910 1015 τῶν
930 981 1111 1029 κατορθω-

92 1037 225 1086 μάτων,
257 1037 410 1087 μάλιστα
430 1037 465 1076 δὲ
496 1038 755 1089 φιλανθρωπίας
789 1037 849 1075 καὶ
878 1037 1112 1088 ἡμερότητος,

93 1097 168 1134 ἐπεὶ
202 1097 260 1134 καὶ
292 1097 388 1134 αὐτοὶ
416 1098 547 1143 πολλῆς
572 1098 718 1147 δεόμεθα
743 1097 1013 1149 φιλανθρωπίας.
1043 1098 1112 1135 Καὶ

91 1156 159 1208 γὰρ
180 1155 294 1194 πολλὰ
312 1159 388 1194 καθ’
410 1157 560 1202 ἑκάστην
576 1158 851 1207 πλημμελοῦμεν
868 1157 930 1203 τὴν
952 1157 1087 1209 ἡμέραν
1104 1173 1111 1180 ·

93 1217 145 1254 διὸ
174 1216 232 1254 καὶ
252 1218 380 1255 πολλοῦ
410 1220 494 1267 ἡμῖν
522 1218 572 1254 δεῖ
590 1221 649 1254 τοῦ
665 1216 790 1259 ἐλέους.
815 1217 867 1254 Τὸ
887 1217 922 1255 δὲ
944 1217 1031 1255 πολὺ
1053 1218 1112 1255 καὶ

93 1277 234 1315 ἔλαττον
253 1278 290 1314 οὗ
309 1280 359 1329 τῷ
386 1277 502 1329 μέτρῳ
521 1280 588 1315 τῶν
607 1278 793 1328 διδομένων
814 1277 967 1330 κρίνεται
983 1307 992 1325 ,
1023 1278 1112 1317 ἀλλὰ

92 1341 135 1389 τῇ
160 1338 304 1389 δυνάμει
333 1341 394 1384 τῆς
423 1338 539 1382 οὐσίας
556 1341 624 1376 τῶν
646 1338 881 1390 παρεχόντων.
918 1339 980 1386 Μὴ
1000 1339 1112 1376 τοίνυν

737 1400 825 1450 μήτε
844 1403 862 1437 6
881 1400 987 1446 πένης
1006 1416 1112 1438 κατα-

94 1400 183 1449 μήτε
203 1403 220 1438 6
238 1402 396 1438 πλουτῶν
412 1400 501 1452 μέγα
520 1399 685 1451 φρονείτω
702 1429 711 1447 ,

93 1461 250 1499 πιπτέτω
285 1464 331 1503 ὡς
363 1460 463 1511 ὀλίγα
494 1460 657 1513 παρέχων
675 1477 683 1484 ·
714 1461 882 1505 πολλάκις
915 1461 982 1512 γὰρ
1016 1455 1113 1504 οῦτος

92 1521 223 1558 ἐκείνου
245 1521 386 1559 πλείονα
404 1521 562 1559 δέδωκεν.
600 1522 653 1558 Οὐ
676 1520 787 1558 τοίνυν
808 1521 1002 1564 ταλανίζειν
1025 1524 1109 1558 ἑαυ-

93 1580 171 1623 τοὺς
189 1581 258 1633 χρὴ
281 1581 336 1619 διὰ
357 1581 420 1629 τὴν
438 1582 559 1620 πενίαν
572 1597 579 1604 ·
604 1581 664 1618 καὶ
683 1580 750 1633 γὰρ
770 1581 1004 1633 εὖκολωτέραν
1026 1584 1110 1631 ἡμῖν

92 1647 183 1680 ποιεῖ
202 1642 263 1688 τὴν
292 1642 537 1692 ἐλεημοσύνην.
568 1641 615 1680 ‘O
635 1640 697 1691 μὲν
716 1641 783 1693 γὰρ
801 1641 915 1679 πολλὰ
934 1641 1111 1692 κεκτημέ-

93 1718 147 1745 νος
160 1733 169 1750 ,
189 1702 248 1740 καὶ
267 1703 411 1754 ἀπονοία
430 1702 489 1740 καὶ
506 1701 671 1753 ἐπιθυμία
687 1701 820 1738 πλείονι
840 1701 1027 1753 κατέχεται
1040 1704 1108 1739 τῶν

92 1765 198 1801 ὄντων
213 1778 220 1786 ·
243 1767 260 1801 6
279 1763 314 1800 δὲ
327 1763 426 1815 ὀλίγα
441 1763 543 1815 ἔχων,
560 1762 726 1813 ἑκατέρας
739 1761 868 1809 ταύτης
885 1763 1110 1809 ἀπήλλακται.

92 1828 154 1871 τῆς
179 1824 375 1875 τυραννίδος
391 1840 398 1847 ·
428 1824 479 1862 διὸ
506 1823 566 1861 καὶ
593 1823 753 1866 πλείονας
774 1822 933 1875 ἀφορμὰς
959 1823 1110 1875 εὑρίσκει

91 1888 150 1922 τοῦ
170 1878 207 1921 εῦ
225 1890 345 1921 ποιεῖν.
375 1883 443 1921 Καὶ
463 1883 530 1935 γὰρ
546 1883 604 1921 καὶ
619 1886 664 1927 εἷς
681 1884 914 1935 δεσμωτήριον
931 1877 1025 1927 οὗτος
1046 1887 1111 1935 βα-

90 1945 214 1982 διεῖται
237 1944 406 1991 εὐκόλως,
429 1945 488 1982 καὶ
511 1947 771 1996 ἀρρωστοῦντας
785 1945 1031 1996 ἐπισκέψεται,
1051 1945 1110 1983 καὶ

92 2006 255 2058 ποτήριον
274 2009 406 2058 ψυχροῦ
424 2005 548 2043 δώσει·
576 2008 703 2048 ἐκεῖνος
725 2005 759 2044 δὲ
785 2005 881 2042 οὐδὲν
900 2005 1029 2044 τούτων
1046 2022 1109 2043 κα-

91 2066 270 2110 ταδέξεται
282 2097 291 2113 ,
313 2066 373 2103 ἅτε
390 2066 456 2104 ὑπὸ
472 2069 530 2104 τοῦ
549 2065 699 2106 πλούτου
715 2065 950 2117 φλεγμαίνων.
974 2066 1034 2113 Μὴ
1052 2060 1109 2104 οῦν

93 2127 219 2175 ἀθύμει
247 2126 304 2164 διὰ
326 2126 389 2173 τὴν
421 2126 541 2164 πενίαν
559 2143 567 2150 ·
598 2126 656 2164 καὶ
678 2126 744 2179 γὰρ
775 2127 835 2164 καὶ
855 2126 918 2173 τὴν
940 2127 1108 2179 ἐμπορίαν

89 2191 158 2225 τῶν
190 2190 342 2238 οὐρανῶν
374 2188 609 2239 εὐκολωτέραν
635 2205 688 2226 σοι
714 2193 807 2226 ποιεῖ
831 2191 852 2234 ἡ
881 2188 996 2226 πενία.
1034 2188 1109 2226 Κᾶν

89 2248 195 2299 μηδὲν
215 2248 249 2286 δὲ
266 2248 349 2300 ἔχῃς
366 2279 375 2296 ,
395 2251 630 2300 συναλγοῦσαν
652 2249 687 2286 δὲ
707 2248 790 2300 ἔχῃς
809 2249 938 2301 ψυχὴν,
955 2249 1015 2287 καὶ
1030 2249 1110 2288 τού-

87 2324 148 2346 του
179 2325 232 2347 σοι
261 2309 382 2359 μισθὸς
405 2309 643 2347 ἀποκείσεται.
678 2309 747 2346 Διὰ
772 2313 872 2348 τοῦτο
893 2310 952 2348 καὶ
972 2311 1111 2354 Παῦλος

89 2369 233 2413 ἐπέταξε
252 2369 383 2408 κλαίειν
413 2369 501 2420 μετὰ
528 2369 742 2417 κλαιόντων,
770 2371 830 2408 καὶ
858 2377 928 2414 τοῖς
958 2371 1111 2422 δεσμίοις

89 2432 134 2472 ὡς
161 2429 423 2481 συνδεδεμένους
449 2424 537 2468 εἶναι
554 2431 744 2470 ἐκέλευσεν.
778 2434 830 2470 Οὐ
845 2431 912 2484 γὰρ
928 2438 998 2476 τοῖς
1012 2433 1111 2470 κλαί-

88 2506 164 2528 ουσι
185 2490 287 2541 μόνον
315 2490 410 2542 φέρει
439 2492 516 2529 τινὰ
548 2492 770 2544 παραμυθίαν
791 2493 829 2531 τὸ
851 2493 997 2536 πολλοὺς
1025 2487 1110 2531 εἶναι

89 2552 166 2596 τοὺς
183 2554 434 2602 συναλγοῦντας
446 2583 454 2599 ,
473 2553 564 2592 ἀλλὰ
583 2553 642 2591 καὶ
661 2560 732 2597 τοῖς
754 2556 788 2592 ἐν
804 2555 925 2597 ἄλλαις
939 2555 1111 2606 περιστά-

90 2628 184 2650 σεσιν
210 2606 286 2650 οῦσι
299 2628 306 2635 ·
329 2613 395 2650 καὶ
420 2612 486 2664 γὰρ
509 2613 601 2651 ἔστιν
617 2613 703 2652 ὅπου
723 2614 917 2667 χρημάτων
934 2616 995 2652 οὐκ
1011 2615 1111 2653 ἔλατ-

88 2688 146 2710 τον
178 2672 278 2723 λόγος
299 2673 561 2719 ἀνακτήσασθαι
589 2672 732 2711 δύναται
761 2673 844 2711 ἃτὸν
875 2674 1112 2721 πεπονηκότα.

89 2732 157 2771 Διὰ
176 2733 243 2784 γὰρ
259 2736 360 2771 τοῦτο
378 2733 437 2770 καὶ
457 2733 626 2785 χρήματα
649 2733 778 2771 διδόναι
795 2733 973 2772 ἐκέλευσεν
994 2737 1010 2771 6
1027 2734 1115 2778 Θεὸς

86 2800 157 2838 τοῖς
179 2795 371 2844 δεομένοις,
399 2797 462 2846 οὐχ
483 2795 538 2832 ἵνα
557 2794 619 2841 τὴν
646 2794 788 2851 ἐκείνων.
800 2794 920 2833 πενίαν
938 2794 1111 2848 διορθώσῃ

88 2854 203 2906 μόνον,
230 2856 307 2893 ἀλλ’
334 2856 390 2894 ἵνα
412 2855 472 2893 καὶ
492 2859 587 2906 ἡμᾶς
610 2855 728 2907 διδάξῃ
756 2857 937 2908 συναλγεῖν
956 2861 1028 2900 τοῖς
1053 2862 1112 2895 τοῦ

85 2915 231 2962 πλησίον
248 2922 379 2959 κακοῖς.
413 2916 482 2955 Διὰ
501 2920 603 2955 τοῦτο
621 2917 679 2954 καὶ
695 2920 710 2955 6
727 2917 936 2969 φιλάργυρος
953 2917 1112 2967 μισητὸς,

85 2977 151 3028 οὐχ
171 2976 224 3015 ὅτι
244 2984 390 3029 περιορᾷ
411 2977 488 3020 τοὺς
508 2980 541 3015 ἐν
563 2977 721 3030 πτωχείᾳ
743 2977 858 3027 μόνον,
885 2978 961 3016 ἀλλ’
981 2978 1034 3016 ὅτι
1053 2977 1112 3016 καὶ

87 3038 187 3081 αὐτὸς
209 3040 257 3080 εἰς
277 3038 444 3089 ὠμότητα
464 3039 643 3090 ἀλείφεται
668 3040 726 3076 καὶ
749 3039 1002 3092 ἀπανθρωπίαν
1024 3041 1113 3078 πολ-

87 3097 168 3144 λήν·
196 3097 313 3149 ὥσπερ
335 3093 391 3137 οῦν
412 3099 472 3137 καὶ
492 3103 510 3137 6
532 3100 725 3152 χρημάτων
745 3103 922 3153 ὑπερορῶν
949 3102 991 3138 δι’
1021 3100 1111 3138 ἐκεί-

87 3174 184 3206 νους,
221 3158 279 3196 καὶ
305 3159 362 3196 διὰ
383 3165 483 3198 τοῦτο
503 3160 702 3207 ι’ποθεινὸς,
725 3161 778 3199 ὅτι
799 3162 957 3212 ἐλεήμων
977 3162 1110 3213 γίνεται

88 3219 146 3255 καὶ
176 3217 427 3271 φιλάνθρωπος.
460 3220 529 3258 Καὶ
558 3222 576 3257 6
604 3220 754 3272 Χριστὸς
773 3221 808 3258 δὲ
827 3221 908 3259 ὅταν
931 3222 1108 3273 μακαρίζῃ

133 3366 145 3379 ⁸
169 3356 241 3388 Duo
256 3357 333 3389 Μὲς.
353 3363 402 3391 τὸν
418 3366 615 3401 πεπονηκότα,
633 3358 724 3392 Edit-'1
742 3365 789 3394 τὸν
805 3368 995 3395 nem-camm-

1180 315 1300 363 modo,
1336 315 1489 366 inquies,
1523 322 1638 367 potest
1667 314 1746 365 quis
1769 327 1842 351 esse
1868 312 1966 351 filius
1997 313 2085 352 Dei?
2120 315 2159 353 Si

1181 377 1345 415 omnibus
1373 377 1480 415 fuerit
1511 376 1696 414 affectibus
1715 390 1869 424 vacuus;
1889 376 1918 413 si
1937 385 2159 415 mansuetum

1182 451 1217 474 se
1235 438 1401 476 exhibeat
1419 451 1500 488 erga
1515 452 1583 487 eos,
1600 437 1662 488 qui
1686 437 1753 474 sibi
1773 436 2022 474 contumeliam
2037 439 2094 475 vel
2106 438 2160 475 in-

1179 497 1311 548 juriam
1329 498 1482 535 inferunt
1499 513 1506 534 :
1531 512 1612 535 nam
1644 506 1676 535 et
1692 506 1791 549 pater
1808 505 1890 534 tuus
1913 497 1992 534 talis
2012 506 2063 534 est
2077 511 2160 549 erga

1182 570 1253 606 eos,
1269 557 1329 608 qui
1353 571 1390 594 se
1414 557 1633 609 blasphemia
1652 557 1838 609 impetunt.
1854 556 1937 594 Ideo
1956 571 2038 595 cum
2056 557 2160 609 plura

1181 628 1272 665 saepe
1286 615 1432 662 dixerit,
1449 629 1623 665 nusquam
1644 625 1759 653 tamen
1788 616 1849 663 ait,
1866 617 1917 653 Ut
1933 615 2010 653 sitis
2029 616 2161 654 similes

1182 674 1279 712 Patri
1298 685 1427 724 vestro,
1457 676 1527 713 nisi
1559 690 1641 713 cum
1667 676 1779 713 dicit:
1805 678 1923 714 Orate
1951 690 2020 727 pro
2042 678 2159 715 mole·
2174 682 2255 711 Ibid.
2272 682 2357 722 544.

1181 738 1296 772 stiam
1333 737 1588 787 inferentibus
1607 751 1618 771 .·
1643 738 1884 788 benefacite
1912 740 1971 784 iis,
1993 740 2060 788 qui
2088 752 2159 776 vos

1183 796 1368 839 odernam
1403 805 1485 833 tunc
1503 795 1593 833 illud
1612 795 1718 833 etiam
1748 796 1886 847 praemii
1905 796 2076 848 adjungit.
2098 799 2161 835 Ni-

1136 859 1159 889 E
1181 854 1234 891 hil
1245 856 1338 892 enim
1353 855 1401 893 ita
1418 869 1479 893 nos
1499 857 1574 893 Deo
1596 855 1811 906 propinquos
1830 865 1863 893 ct
1888 856 2019 894 similes
2039 858 2159 906 efficit,

1183 924 1223 952 ut
1238 916 1306 953 boc
1322 917 1534 967 praeclarum
1550 930 1652 967 opus.
1675 915 1758 953 Ideo
1796 917 1929 954 Paulus
1948 931 2028 955 cum
2045 918 2132 956 dicit
2150 934 2157 955 :

1184 975 1318 1010 Estote
1333 976 1548 1011 imitatores
1570 975 1669 1017 Dei,·
1699 973 1768 1010 hoc
1791 973 1866 1024 ipso
1883 974 1989 1012 modo
2009 976 2095 1014 tales
2108 990 2160 1014 es*
2177 982 2357 1021 Ephes.5.r.

1182 1047 1219 1070 se
1246 1033 1354 1084 jubet.
1382 1034 1559 1071 Omnibus
1580 1042 1672 1070 certe
1698 1033 1801 1070 bonis
1820 1034 1986 1084 operibus
2006 1049 2161 1086 egemus,

1182 1093 1338 1131 maxime
1371 1107 1456 1131 vero
1483 1093 1703 1131 humanitate
1722 1102 1755 1130 et
1775 1095 2058 1143 mansuetudine,
2077 1110 2164 1145 quo-

1181 1154 1277 1191 niam
1298 1168 1361 1191 nos
1374 1154 1442 1206 ipsi
1459 1154 1571 1192 multa
1592 1168 1734 1205 egemus
1753 1154 1986 1196 humanitate.
2015 1158 2106 1193 Nam
2127 1157 2163 1195 in

1182 1214 1304 1252 multis
1325 1215 1704 1266 quotidie'peccamus3
1723 1214 1874 1264 ideoque
1889 1215 2000 1253 multa
2023 1231 2164 1267 egemus

1181 1272 1437 1310 misericordia.
1460 1273 1544 1311 Plus
1564 1282 1681 1310 autem
1703 1282 1763 1311 aut
1780 1273 1911 1321 minus,
1931 1288 1999 1312 non
2017 1289 2062 1312 ex
2079 1275 2163 1313 doni
2231 1278 2361 1305 Eleemo-

1182 1349 1346 1372 mensura
1364 1335 1546 1387 penditur,
1563 1335 1626 1375 sed
1636 1350 1680 1373 ex
1692 1336 2103 1388 facultatelargientium.
2113 1341 2165 1377 Ne
2178 1328 2365 1387 Ξὲζὼῖζίη·

1127 1396 1294 1459 655igitur
1310 1396 1368 1434 vel
1395 1396 1495 1435 dives
1513 1397 1626 1434 altum
1657 1397 1784 1449 sapiat,
1809 1397 1867 1434 vel
1896 1413 2030 1450 pauper
2046 1400 2164 1439 animo

1137 1472 1163 1500 Α
1185 1456 1383 1508 dejiciatur,
1396 1456 1493 1506 quod
1505 1471 1616 1508 pauca
1638 1466 1755 1508 eroget
1782 1473 1789 1494 :
1814 1472 1906 1510 saepe
1933 1473 2087 1510 namque
2106 1461 2165 1499 hic

1182 1517 1264 1569 plus
1295 1531 1401 1567 quam
1424 1517 1484 1554 ille
1517 1517 1628 1555 dedit.
1645 1519 1723 1555 Non
1743 1527 1879 1569 oportet
1906 1533 1988 1570 ergo
2007 1534 2043 1557 se
2058 1521 2167 1559 mise-

1181 1591 1264 1614 rum
1294 1576 1497 1614 existimare
1528 1586 1671 1629 propter
1706 1587 1951 1629 paupertatem
1973 1595 1981 1616 :
2007 1579 2041 1619 id
2072 1581 2167 1618 enim

1183 1636 1377 1674 faciliorem
1409 1637 1511 1674 nobis
1541 1637 1660 1674 reddit
1688 1638 1957 1690 eleemosynam.
1981 1641 2073 1677 Nam
2104 1642 2166 1692 qui

1184 1698 1295 1736 multa
1315 1698 1483 1749 possidet,
1517 1708 1550 1736 et
1580 1699 1780 1750 arrogantia
1799 1708 1831 1736 et
1852 1700 2010 1751 plurium
2028 1715 2164 1740 concu-

1184 1758 1353 1810 piscentia
1381 1757 1587 1797 detinetur:
1613 1761 1674 1809 qui
1711 1773 1794 1798 vero
1827 1773 1939 1810 pauca
1971 1760 2092 1810 habet,
2119 1763 2166 1799 ab

1183 1819 1251 1857 hac
1274 1829 1422 1870 utraque
1449 1820 1540 1857 liber
1560 1829 1609 1857 est
1628 1821 1838 1873 tyrannide,
1861 1821 2011 1872 ideoque
2046 1823 2166 1874 plures

1185 1880 1294 1918 habet
1316 1880 1405 1918 bene
1419 1880 1571 1918 faciendi
1593 1882 1802 1920 occasiones.
1836 1883 1977 1920 Etenim
1996 1884 2054 1921 hic
2067 1884 2167 1921 facile

1185 1941 1222 1979 in
1255 1956 1430 1979 carcerem
1446 1956 1482 1980 se
1498 1943 1661 1990 conferet,
1690 1953 1723 1981 et
1743 1953 1890 1995 aegrotos
1906 1945 2077 1991 visitabit,
2099 1959 2167 1996 po—

1184 2011 1330 2053 tumque
1349 2017 1448 2054 aquae
1465 2003 1604 2054 frigidce
1623 2004 1746 2042 dabit:
1765 2005 1865 2044 dives
1896 2019 1980 2043 vero
1997 2006 2088 2044 nihil
2110 2020 2170 2043 eo-

1184 2079 1265 2101 rum
1303 2065 1479 2116 suscipiet,
1505 2065 1643 2103 divitiis
1672 2080 1797 2118 nempe
1822 2067 1897 2104 suis
1927 2067 2082 2104 inflatus.
2112 2068 2166 2105 Ne

1137 2137 1160 2167 Β
1184 2124 1302 2175 itaque
1322 2125 1439 2162 animo
1459 2125 1622 2163 concidas
1656 2127 1701 2163 ob
1723 2136 1988 2178 paupertatem:
2002 2141 2085 2164 nam
2099 2127 2166 2165 tibi

1184 2185 1435 2223 commercium
1453 2200 1535 2224 cum
1563 2201 1669 2237 regno
1693 2187 1859 2224 caelorum
1884 2188 2023 2225 facilius
2050 2188 2168 2226 reddit

1184 2255 1386 2297 paupertas,
1409 2246 1515 2294 Quod
1525 2247 1554 2284 si
1574 2247 1663 2284 nihil
1679 2247 1823 2297 habeas,
1844 2248 1905 2285 sed
1925 2248 2167 2286 condolentem

1184 2315 1323 2344 tantum
1354 2307 1510 2344 animam
1531 2323 1538 2344 :
1559 2308 1667 2359 liujus
1693 2322 1833 2358 quoque
1863 2309 1913 2346 rei
1943 2309 2007 2346 tibi
2035 2323 2166 2347 merces

1185 2375 1385 2419 reponetur.
1416 2367 1501 2405 Ideo
1513 2368 1619 2420 jussit
1636 2370 1768 2406 Paulus
1783 2369 1866 2407 flere
1891 2383 1972 2407 cum
1989 2370 2166 2418 flentibus,
2181 2370 2322 2417 R9¹¹¹·12·

1185 2436 1312 2465 etcum
1326 2428 1452 2466 vinctis
1467 2428 1576 2466 simul
1590 2430 1728 2468 vinctos
1738 2444 1821 2467 esse.
1838 2431 1960 2480 Neque
1971 2431 2065 2468 enim
2081 2431 2169 2469 sscn*
2187 2420 2233 2440 ω’

1185 2488 1282 2526 tibus
1303 2497 1442 2526 tantum
1467 2489 1663 2540 quamdam
1690 2490 1964 2528 consolationem
1998 2491 2114 2541 affert,
2139 2491 2167 2529 si

1186 2548 1318 2585 multos
1356 2549 1577 2587 condolentes
1608 2549 1771 2598 habeant,
1799 2550 1983 2587 sedetiam
2010 2551 2079 2596 his,
2107 2552 2169 2601 qui

1187 2608 1266 2646 aliis
1286 2619 1497 2660 premuntur
1523 2610 1782 2648 calamitatibus
1804 2626 1812 2646 z
1832 2611 1962 2648 etenim
1985 2625 2166 2649 nonnum-

1187 2683 1294 2719 quam
1307 2670 1437 2708 accidit
1455 2679 1495 2707 ut
1514 2670 1765 2708 consolationis
1779 2685 1893 2708 sermo
1904 2671 1985 2722 plus
2003 2672 2166 2710 laboran-

1187 2739 1261 2767 tem
1282 2739 1428 2779 recreet,
1448 2744 1555 2780 quam
1580 2730 1749 2781 pecuniae.
1767 2730 1852 2768 Ideo
1875 2731 1969 2768 enim
1989 2733 2085 2770 Deus
2104 2747 2166 2784 pe-

1137 2797 1160 2827 C
1185 2790 1307 2829 eunias
1329 2790 1435 2842 jussit
1456 2790 1574 2841 egenis
1598 2790 1737 2841 largiri,
1755 2805 1824 2829 non
1845 2791 1950 2829 modo
1966 2801 2004 2829 ut
2020 2792 2163 2830 illorum
2196 2827 2201 2832 .

1184 2851 1385 2903 paupertati
1417 2850 1635 2900 subveniret,
1659 2851 1721 2888 sed
1744 2860 1783 2888 ut
1809 2851 1913 2889 etiam
1944 2866 2008 2890 nos
2028 2853 2167 2891 doceret

1184 2912 1341 2964 proximi
1362 2911 1465 2949 malis
1481 2911 1742 2950 condolendum
1763 2926 1847 2951 esse.
1863 2913 2018 2963 Ideoque
2030 2914 2090 2964 qui
2106 2928 2165 2966 pe-

1184 2973 1306 3011 cunias
1335 2981 1429 3010 amat
1450 2972 1592 3010 odiosus
1626 2982 1687 3022 est,
1719 2987 1786 3010 non
1815 2973 1920 3014 modo
1940 2974 2022 3024 quia
2040 2988 2166 3026 egenos

1183 3035 1355 3087 despicit,
1378 3034 1441 3072 sed
1460 3034 1543 3084 quia
1572 3034 1647 3085 ipse
1674 3034 1719 3071 ad
1745 3034 1990 3072 crudelitatem
2014 3045 2047 3073 et
2066 3036 2165 3073 mul-

1183 3107 1255 3135 tam
1278 3096 1571 3133 inhumanitatem
1597 3095 1796 3133 instituitur
1818 3113 1825 3133 :
1845 3105 1884 3134 ut
1904 3106 1935 3134 et
1950 3097 1980 3134 is
1999 3097 2060 3148 qui
2078 3111 2165 3149 pau-

1182 3172 1305 3210 perum
1339 3171 1442 3195 causa
1466 3156 1632 3208 pecunias
1664 3156 1870 3209 contemnit,
1892 3157 1970 3194 ideo
2001 3158 2166 3195 amabilis

1182 3230 1245 3271 est,
1270 3220 1352 3271 quia
1384 3219 1586 3257 misericors
1600 3227 1698 3257 estet
1717 3220 1905 3258 humanus.
1935 3219 1983 3258 Et
2004 3221 2166 3259 Christus

1205 3361 1220 3385 b
1246 3360 1337 3392 Unus
1350 3357 1463 3392 Codex
1485 3359 1531 3401 [et
1547 3357 1599 3403 ΑΔ]
1617 3363 1754 3397 noo-1543.
