2466 3805
287 204 314 232 Χ
929 202 1090 231 SAVILII
1125 202 1165 231 IN
1203 202 1317 231 ACTA
1354 199 1699 229 APOSTOLORUM.

287 286 298 329 (
315 282 438 319 malim
457 288 546 334 τρεῖς
562 281 738 332 :respexit
756 281 850 317 enim
866 281 912 318 ad
932 282 1049 319 locum
1070 275 1106 317 in
1122 281 1219 316 hom.
1237 279 1504 328 quadragesima
1524 286 1649 327 quarta
1664 277 1721 315 διὰ
1735 280 1839 330 τριῶν
1862 280 2029 323 πολλάκις
2049 282 2188 331 ἡμερῶν
2205 280 2227 326 ἢ
2258 280 2346 319 ἑπτὰ

287 348 387 382 τοῦτο
403 347 577 386 ποιοῦντες
590 344 602 393 Ji
620 358 677 381 και
697 342 761 381 ὓπὲ
767 358 784 394 ρ
805 342 913 390 επτὰ,
929 358 987 379 και
1015 341 1125 378 πλείω
1145 341 1250 386 (fort.
1267 340 1406 381 πλείους
1427 352 1533 375 :nam
1546 338 1590 376 de
1604 338 1731 376 diebus
1744 339 1923 390 loquitur)
1943 342 2153 392 καθωμίλει·
2175 342 2214 385 ἃς
2245 343 2346 388 δῆλον

290 407 391 448 αὐτὸς
409 412 520 451 ποιεῖ,
540 406 579 442 ὅτ
584 421 593 441 ι
625 403 877 456 ἀρχιερατεύων
897 402 987 439 κατὰ
1010 402 1050 438 τὸ
1068 401 1182 452 τρίτον
1210 399 1283 442 ἔτος
1314 399 1483 449 ὡμίλησε.
1516 399 1643 446 Locus,
1668 398 1714 435 ad
1737 413 1841 449 quem
1874 401 2030 452 respexit
2049 402 2208 450 Photius,
2227 410 2279 439 est
2312 402 2348 438 in

287 466 383 503 hom.
408 466 678 517 quadragesima
690 478 777 513 quai
779 473 827 508 ta,
838 476 921 536 pag.
934 462 1024 508 856,
1037 461 1101 497 lin.
1113 462 1165 498 59
1179 460 1400 511 [p.555,D.‚
1415 459 1579 509 Montf.]‚
1595 459 1658 496 uhi
1678 469 1817 511 arrepta
1835 462 2014 500 occasione
2032 477 2077 500 ex
2096 463 2201 501 Pauli
2214 463 2347 509 verbis,

289 529 572 578 μνηιωνεύοντες,
588 528 742 576 ὅτιτριετ
731 525 797 561 ίαν
808 524 914 560 νύκτα
928 522 987 560 καὶ
999 522 1142 599 ἡμέραν
1151 524 1213 559 οὐκ
1228 522 1449 572 ἐπαυσάμην,
1460 522 1630 558 Actorum
1647 522 2072 574 90,51,(]]]Γ)ν505ῐοῑῑιυ5
2087 525 2132 562 de
2151 539 2198 573 se,
2214 524 2285 562 ἷδου
2305 541 2347 575 τῃ

287 592 408 642 χάριτι
428 595 487 628 τοῦ
509 593 599 628 Θεου
619 604 676 626 και
701 590 771 636 ἡαε
774 592 804 627 ῖς
817 586 937 623 λοιπὸν
953 584 1104 636 τριετίαν
1124 585 1263 636 ἔχομεν.
1279 586 1394 633 Atque
1417 592 1457 621 ut
1475 597 1545 621 non
1567 583 1680 620 alium
1699 597 1771 620 esse
1796 584 1904 635 hujus
1923 585 2006 622 libri
2027 595 2219 634 auctorem,
2241 600 2349 636 quam

287 654 308 691 J
311 652 485 689 ohannem
492 659 588 688 nosti
591 663 663 695 um,
674 646 849 697 hqmdms
858 655 1040 698 appareat
1054 647 1129 684 haec
1144 661 1256 698 pauca
1267 646 1436 698 adjecisse
1450 660 1520 683 non
1538 646 1601 684 abs
1617 659 1655 683 re
1669 645 1789 683 fuerit.
1802 646 1938 684 Omitto
1953 647 2084 685 multas
2097 647 2266 698 loquendi
2277 649 2350 685 for-

286 714 489 751 mulqshuic
497 709 1209 762 nostiopecuhzues,1nter10gatiunculas,
1217 708 1463 760 dialogismos,
1482 708 1716 760 digressiones
1727 708 1891 755 morales,
1907 708 2002 760 leges
2018 717 2138 747 contra
2151 710 2351 760 juramenta

285 775 385 818 latas,
401 775 504 811 Sixto
523 772 668 810 Senensi
690 780 794 821 atque
813 771 880 822 ipsi
908 770 1058 808 Erasmo
1080 780 1210 808 notata.
1230 770 1340 818 Quod
1364 771 1400 808 in
1426 738 1543 808 hom.²³
1550 771 1667 822 prima
1697 770 1880 808 invehitur
1901 771 1937 808 in
1958 785 2028 817 eos,
2048 770 2109 822 qui
2130 770 2350 822 baptismum

283 836 448 887 rejiciunt
462 849 574 885 usque
593 834 640 872 ad
654 843 828 872 extremas
849 834 1046 877 ἀναπνοοίςτ
1066 833 1161 884 quod
1183 833 1218 870 in
1234 834 1328 871 hom.
1349 833 1530 884 trigesima
1549 833 1663 884 legem
1674 832 1796 870 statuit
1810 832 1845 869 in
1860 846 1929 880 eos,
1947 833 2008 882 qui
2027 832 2192 884 episcopo
2211 832 2350 870 concio-

283 897 381 934 nanti
395 897 543 948 plausus
558 896 665 933 cient:
677 895 774 946 quod
787 904 907 932 contra
922 895 1106 933 Platonem
1121 905 1154 933 et
1167 895 1399 947 philosophos
1416 895 1520 933 toties
1538 909 1577 932 ae
1597 903 1669 932 tam
1683 894 1909 932 vehementer
1923 893 2097 945 disputat,
2118 908 2161 931 an
2176 907 2244 931 non
2264 894 2350 932 satis

283 958 442 996 indicant
461 959 647 1009 antiquum
661 972 734 996 esse
751 957 968 1010 scriptorem,
990 958 1051 1008 qui
1067 958 1103 995 in
1118 958 1207 996 vitia
1226 957 1349 995 multis
1363 958 1438 1008 jam
1453 956 1535 994 inde
1549 956 1686 994 saeculis
1702 956 1883 1006 antiquata
1900 965 1973 993 tam
1991 956 2119 994 acriter
2135 955 2348 994 invehatur?

284 1020 383 1067 Quid
391 1020 488 1071 quod
498 1020 621 1058 homil.
632 1020 832 1069 undecima,
845 1020 979 1067 ἤκουσά
989 1036 1073 1058 ποτε
1082 1020 1241 1074 πατέρων
1259 1022 1327 1058 τῶν
1341 1019 1534 1071 ἡμετέρων,
1548 1019 1674 1069 inquit,
1687 1019 1857 1070 λεγόντων
1861 1017 1932 1065 ,ὅτι
1945 1017 2036 1057 κατὰ
2053 1018 2110 1056 τὸν
2128 1019 2276 1070 διωγμὸν
2291 1019 2348 1057 τὸν

277 1084 428 1122 παλαιὸν
446 1079 487 1130 ἧν
507 1084 587 1121 ἰδεῖν
601 1084 705 1126 ὅντως
720 1083 948 1135 Χριστιανοὺς
967 1084 1112 1135 ἄνδρας,
1124 1093 1187 1121 etc.
1204 1083 1263 1121 Ex
1277 1083 1406 1134 quibus
1425 1091 1572 1135 apparet
1590 1082 1696 1133 hujus
1716 1081 1802 1119 libri
1822 1091 2002 1119 auctorem
2024 1082 2144 1120 statim
2159 1090 2239 1133 post
2258 1090 2346 1119 tem-

282 1160 366 1197 pora
386 1146 639 1198 persecutionis
657 1146 805 1193 vixisse,
826 1146 886 1196 qui
905 1146 980 1183 haec
1001 1160 1020 1183 a
1038 1146 1200 1198 patribus
1217 1146 1290 1184 suis
1308 1145 1432 1183 audire
1450 1144 1617 1197 potuerit.
1639 1143 1738 1192 Quid
1755 1143 1853 1194 quod
1863 1143 1988 1181 homil.
2002 1144 2175 1195 vigesima
2194 1143 2348 1181 secunda

281 1208 426 1260 legitur,
451 1215 576 1261 σπεῖρα
593 1239 601 1255 ,
618 1209 636 1246 ὃ
649 1210 821 1258 καλοῦμεν
841 1212 899 1245 νῦν
915 1208 1078 1260 νούμερον
1091 1209 1109 1246 ἶ)
1129 1218 1162 1247 et
1181 1208 1277 1259 quod
1294 1208 1421 1246 homil.
1448 1206 1718 1258 quadragesima
1737 1215 1849 1255 sexta,
1866 1207 1980 1259 ὃπαρ’
2001 1210 2085 1257 ἡμῖν
2103 1206 2242 1257 λέγουσι
2258 1206 2348 1244 κατὰ

283 1271 346 1317 τὴν
366 1271 571 1323 Ῥωμαϊκὴν
596 1271 791 1317 συνήθειαν,
809 1274 842 1309 ἓν
866 1278 935 1314 τοῖς
961 1272 1089 1322 σίγνοις
1108 1272 1208 1310 αὐτὸν
1236 1271 1390 1322 ἔμὸαλε,
1408 1284 1523 1309 nonne
1547 1270 1631 1308 satis
1657 1270 1735 1307 haec
1753 1283 1816 1321 per
1840 1283 1876 1308 se
1893 1269 2140 1319 antiquitatem
2166 1268 2349 1320 produnt?

284 1331 354 1369 Sed
371 1331 460 1382 quid
478 1332 696 1383 conjecturas
716 1341 908 1381 consector,
934 1346 1015 1369 cum
1034 1332 1108 1384 ipse
1128 1341 1247 1384 aperte
1272 1332 1369 1369 hom.
1389 1331 1660 1383 quadragesima
1674 1330 1791 1382 prima
1823 1339 2153 1382 contemporaneum
2179 1344 2215 1367 se
2235 1330 2349 1382 profi-

283 1399 398 1428 teatur
422 1392 589 1430 Juliano?
614 1393 729 1428 Locus
751 1400 801 1428 est
820 1405 901 1443 pag.
925 1392 1014 1441 859,
1036 1393 1060 1428 7
1080 1394 1131 1444 [p.
1153 1394 1221 1430 511
1246 1401 1336 1430 extr.
1356 1393 1531 1442 Montf.]:
1553 1391 1624 1431 ἰδοὺ
1653 1392 1721 1444 γὰρ
1740 1391 1797 1430 ἐπὶ
1825 1394 1892 1429 τῶν
1920 1393 2050 1445 καιρῶν
2079 1394 2147 1428 τῶν
2169 1391 2349 1442 ἡμετέρων

284 1452 328 1490 τὰ
342 1453 431 1490 κατὰ
449 1454 506 1492 τὸν
530 1453 699 1504 μακάριον
719 1453 881 1491 Βαὲύλαν
900 1453 1019 1505 γέγονε
1033 1484 1043 1501 ,
1060 1454 1103 1491 τὰ
1118 1454 1208 1492 κατὰ
1229 1454 1273 1492 τὰ
1294 1454 1540 1505 Ἱεροσόλυμα,
1555 1455 1599 1493 τὰ
1619 1455 1709 1492 κατὰ
1728 1453 1791 1500 τὴν
1811 1452 2011 1504 καθαίρεσιν
2025 1456 2093 1491 τῶν
2118 1454 2217 1505 ἱερῶν
2231 1453 2248 1490 i‘
2263 1468 2350 1504 quo-

284 1527 366 1550 rum
380 1512 450 1551 duo
464 1514 585 1566 priora
603 1514 670 1552 sul)
695 1513 839 1554 ,Iuliano
856 1514 1087 1565 contigerunt,
1111 1515 1255 1552 tertium
1280 1515 1348 1552 suh
1374 1515 1589 1554 Theodosio.
1613 1517 1694 1555 Jam
1720 1514 1812 1552 illud
1829 1514 1928 1552 hom.
1962 1514 2144 1566 trigesima
2163 1523 2286 1553 octava
2305 1515 2350 1553 de

283 1575 377 1613 libro
390 1577 526 1627 magico
542 1577 684 1614 invento
696 1576 733 1613 in
752 1576 910 1625 flumine,
927 1590 1008 1613 cum
1027 1576 1144 1613 adhuc
1168 1576 1345 1628 μειράκιον
1363 1586 1453 1615 esset
1467 1578 1760 1630 Chrysostomus,
1776 1575 1976 1614 cardinalis
1992 1576 2165 1614 Batonius
2180 1585 2286 1626 recte,
2304 1586 2344 1614 ut

284 1636 421 1688 opinor,
440 1637 484 1674 acl
502 1647 663 1689 tempora
684 1637 847 1675 Valentis
865 1637 983 1675 refert.
1009 1637 1068 1674 Ex
1086 1636 1144 1674 his
1163 1637 1275 1687 liquet
1293 1637 1501 1689 scriptorem
1519 1638 1626 1676 fuisse
1645 1647 1847 1689 temporum
1862 1636 2007 1674 illorum
2022 1637 2203 1687 aequalem.
2221 1637 2292 1676 Sed
2314 1648 2347 1676 et

285 1697 490 1749 episcopum
504 1698 611 1736 fuisse
627 1698 712 1735 satis
731 1697 914 1735 constabit.
934 1697 1038 1734 Hom.
1057 1697 1160 1734 tertia
1184 1697 1343 1748 loquitur
1362 1697 1406 1735 de
1425 1698 1551 1750 seipso,
1566 1707 1604 1735 ut
1622 1698 1798 1750 episcopo.
1818 1697 1924 1735 Hom.
1943 1711 2034 1735 nona
2055 1707 2174 1750 aperte
2193 1698 2348 1750 seipsum

286 1760 490 1812 episcopum
514 1769 632 1810 vocat,
656 1759 745 1798 ἀλλὰ
764 1759 805 1797 σὺ
817 1790 826 1807 ,
845 1760 960 1811 φησὶν,
982 1760 1099 1811 ἄρχων
1120 1754 1150 1797 εἶ
1162 1760 1222 1797 καὶ
1242 1760 1440 1804 ἐπίσκοπος.
1456 1760 1587 1798 Homil.
1604 1770 1730 1798 octava
1748 1759 1793 1797 de
1811 1759 1924 1812 seipso
1943 1760 2114 1810 loquitur,
2127 1769 2167 1798 ut
2186 1760 2349 1813 episeopo

285 1823 323 1860 in
343 1823 486 1861 civitate
506 1822 735 1874 βασιλευούσῃ
765 1821 880 1872 (quod
897 1836 1023 1859 nomen
1043 1831 1278 1874 praeterquam
1296 1823 1418 1860 Romae
1443 1832 1475 1860 et
1498 1822 1816 1874 Constantinopoli,
1835 1822 1925 1859 nulli
1950 1822 2011 1859 alii
2032 1822 2260 1860 conveniebat
2293 1824 2348 1861 ci-

286 1885 413 1933 vitati)
445 1885 637 1936 suspiciose
660 1884 826 1935 quaedain
860 1898 1047 1936 aspergens
1067 1884 1111 1921 de
1143 1899 1204 1922 sua
1238 1884 1461 1936 expulsione,
1483 1885 1565 1938 περὶ
1592 1888 1655 1930 τῆς
1689 1887 1813 1922 ἑαυτοῦ
1842 1885 2073 1937 καθαιρέσεως
2095 1885 2242 1935 :qualia
2267 1895 2350 1924 sunt

285 1961 369 1999 pag.
389 1948 480 1993 655,
502 1949 556 1984 Q
572 1949 677 1999 [pag.
699 1946 765 1996 68,
789 1949 835 1995 Α,
857 1947 1008 1996 Montf.]
1030 1962 1036 1982 :
1060 1946 1082 1991 ἢ
1102 1946 1267 1984 καθέλετέ
1302 1962 1344 1996 με
1370 1946 1498 1992 ταύτης
1513 1950 1576 1993 τῆς
1595 1948 1724 1998 ἀρχῆς,
1750 1945 1773 1992 ἢ
1802 1946 1948 1996 μένοντά
1977 1963 2019 1998 με
2052 1947 2099 1998 μὴ
2120 1948 2348 2000 περιὲοίλλετε

285 2009 462 2053 κινδύνοις.
485 2009 531 2047 Et
555 2009 685 2061 pagina
705 2017 882 2059 sequente,
907 2009 971 2046 lin.
1010 2011 1060 2047 42
1090 2011 1193 2060 [pag.
1216 2010 1280 2056 69,
1307 2011 1360 2058 A]
1383 2024 1389 2044 :
1415 2008 1478 2051 ἕως
1512 2008 1551 2046 ἂν
1583 2011 1616 2046 ἐν
1636 2011 1685 2060 τῷ
1715 2008 1823 2060 θρόνῳ
1854 2008 2058 2058 καθέζωμαι
2088 2009 2223 2062 τούτῳ,
2251 2011 2346 2049 οὐδὲν

286 2073 430 2125 προήσω
448 2074 515 2109 τῶν
536 2075 638 2110 αὐτοῦ
654 2071 913 2122 δικαιωμάτων.
932 2070 992 2109 Ἂν
1011 2071 1054 2121 με’
1069 2087 1121 2115 τις
1134 2071 1372 2122 καταὸιὸάσῃ,
1389 2071 1508 2109 λοιπὸν
1526 2070 1703 2114 ἀνεύθυνος
1724 2073 1808 2122 εἶμι.
1833 2070 2014 2108 Ethomil.
2032 2070 2220 2109 undecima
2234 2073 2349 2123 loqui-

285 2144 358 2180 tur,
378 2144 417 2172 ut
435 2134 471 2171 in
485 2134 641 2183 civitate,
664 2147 740 2182 quae
754 2142 882 2185 praeter
901 2133 1043 2172 Judaeos
1063 2142 1095 2171 et
1118 2134 1279 2184 gentiles,
1298 2133 1581 2171 Christianorum
1598 2133 1727 2170 habeat
1747 2133 1936 2184 plusquam
1949 2143 2089 2170 centum
2104 2134 2227 2172 millia.
2239 2135 2345 2173 Hom.

287 2195 556 2247 quadragesima
571 2194 743 2242 secunda,
758 2209 794 2245 p.
815 2193 904 2242 848,
922 2194 946 2231 l.
966 2196 1015 2232 w
1035 2194 1085 2246 [p.
1101 2196 1192 2241 594,
1209 2195 1271 2245 B]:
1293 2194 1381 2233 Ἰδοὺ
1405 2194 1509 2240 ἡλίκη
1532 2194 1630 2237 πόλις
1649 2197 1733 2244 ἡμῖν
1755 2196 1846 2231 ἐστιν
1866 2198 1888 2240 ἡ
1909 2195 2042 2244 μεγάλη
2064 2195 2166 2240 αὕτη.
2189 2196 2236 2233 Et
2254 2197 2349 2246 quod

286 2272 474 2309 nusquam,
486 2266 522 2294 ut
532 2257 667 2308 opinor,
679 2256 767 2293 alibi
780 2256 815 2293 in
826 2257 900 2307 ejus
915 2256 1080 2308 operibus
1088 2257 1404 2309 reperitur,homil.
1417 2255 1709 2306 quinquagesima
1717 2255 1883 2305 secunda,
1895 2269 1974 2306 pag.
1987 2256 2080 2305 9032,
2093 2256 2117 2293 l.
2129 2258 2192 2304 40,
2202 2260 2348 2309 [p.595,

287 2322 338 2371 D]
348 2333 476 2358 nomen
493 2334 597 2357 suum
611 2318 742 2356 directe
757 2318 873 2370 ponit:
890 2319 976 2369 Εἰμὶ
991 2323 1049 2356 τοῦ
1064 2319 1235 2372 μακαρίου
1258 2319 1318 2370 μὲν
1333 2318 1672 2366 ἐκείνου(ἸωάννουἺ
1689 2318 1883 2368 ὁμώνυμος,
1903 2319 1940 2354 οὗ
1960 2317 2029 2368 μὴν
2050 2317 2257 2369 συνώνυμος.
2273 2322 2348 2359 Οὐκ

288 2382 359 2433 εἰμὶ
379 2381 563 2428 Ἰωάννης,
584 2379 671 2418 ἀλλὰ
692 2382 880 2431 καλοῦμαι.
897 2381 1079 2418 Postremo
1108 2381 1279 2418 accedunt
1302 2390 1335 2418 et
1357 2389 1517 2418 veterum
1539 2380 1750 2431 scriptorum
1767 2379 1812 2416 de
1838 2379 1945 2430 hujus
1973 2379 2058 2416 libri
2087 2389 2227 2418 auctore
2252 2383 2349 2420 testi-

288 2443 418 2481 monia.
434 2444 487 2479 De
496 2441 621 2479 Photio
637 2455 744 2493 supra
761 2441 931 2479 diximus.
945 2443 1197 2491 Damascenus,
1212 2443 1275 2481 lib.
1294 2444 1331 2491 5,
1349 2456 1427 2494 cap.
1440 2442 1503 2493 15,
1520 2443 1573 2479 De
1591 2441 1661 2478 fide
1674 2440 1884 2488 orthodoxa,
1902 2441 2019 2478 locum
2035 2440 2118 2478 citat
2138 2455 2182 2478 ex
2195 2444 2348 2482 secunda

288 2505 413 2542 homil.
437 2505 473 2541 in
492 2505 599 2540 Aeta:
623 2503 685 2553 qui
712 2512 830 2540 tamen
852 2504 1005 2541 auctoris
1024 2519 1067 2541 an
1084 2504 1221 2541 librarii
1239 2505 1356 2556 lapsu,
1374 2517 1442 2541 non
1462 2503 1498 2540 in
1527 2503 1678 2540 secunda
1707 2502 1881 2554 reperitur
1899 2501 2037 2549 homil,
2059 2501 2119 2538 scs]
2150 2502 2185 2538 in
2215 2504 2345 2555 prima,

288 2569 424 2620 pagffl
435 2567 472 2615 Ο,
485 2566 580 2603 1.18.
592 2564 729 2603 Deinde
749 2567 959 2604 Catenarum
976 2567 1176 2619 scriptores,
1194 2567 1350 2617 Nicetas,
1361 2565 1624 2614 OEcumenius,
1641 2574 1706 2603 etc.
1729 2579 1798 2602 non
1815 2579 1859 2601 ex
1881 2564 1961 2601 aliis
1977 2578 2083 2614 quam
2108 2578 2151 2601 ex
2166 2564 2233 2602 hoc
2245 2565 2347 2605 horto

289 2629 507 2681 depromptis
525 2628 683 2666 flosculis
699 2643 777 2666 suas
800 2639 1009 2669 contexuere
1023 2630 1171 2668 corollas
1190 2646 1196 2666 :
1214 2639 1251 2667 ut
1267 2631 1343 2682 jam
1362 2629 1509 2667 stultum
1529 2629 1574 2666 sit
1599 2627 1776 2679 deinceps,
1797 2636 1835 2664 ut
1853 2627 1945 2665 mihi
1961 2627 2102 2678 quidem
2133 2625 2286 2678 videtur,
2304 2629 2348 2667 dc

289 2693 397 2745 hujus
410 2692 494 2730 libri
509 2701 649 2731 auctore
667 2691 843 2732 dubitare.
