2466 3805
650 223 696 252 IN
733 223 849 253 ACTA
884 222 1230 253 APOSTOLORUM.

55 307 219 346 πάντοθεν
243 304 396 342 ἐδίωκον.
411 304 481 342 Καὶ
500 303 559 342 Οέα
584 303 668 342 πότε
688 305 819 356 γίνεται
840 308 857 344 ὁ
877 305 995 356 λιμός·
1013 305 1069 343 ὅτε

55 368 113 406 καὶ
129 368 159 405 οἱ
175 365 302 404 ἐθνικοὶ
321 365 440 403 λοιπὸν
459 366 754 418 προσεδέχθησαν.

107 610 211 649 Ἀλλὰ
233 613 261 648 εἰ
283 610 340 649 διὰ
360 609 404 648 τὰ
418 610 533 659 κακὰ,
552 610 666 664 φησὶν,
684 610 752 650 ἔδει
770 610 910 655 τούτους
928 609 1068 654 ὑπεξαι-

57 675 205 723 ρεθῆναι.
240 672 307 710 Διὰ
332 672 390 719 τί,
413 671 488 709 εἶπέ
504 687 579 721 μοι;
598 672 673 724 οὐχὶ
690 670 875 724 προλαὸὼν
894 664 987 709 εἶπεν
1009 671 1068 708 αὖ-

54 740 123 777 τοῖς
146 737 163 771 ὁ
183 733 350 786 Χριστός·
370 733 432 771 Ἔν
459 737 508 786 τῷ
527 734 648 785 κόσμῳ
669 734 780 783 θλῖψιν
807 731 920 779 ἕξετε,
950 732 1000 769 Σὺ
1033 730 1068 769 δὲ

55 798 162 832 ταῦτα
192 794 317 845 λέγων,
345 793 438 845 τάχα
465 793 523 831 καὶ
550 797 651 832 τοῦτο
677 794 782 844 ἐρεῖς,
807 792 860 830 ὅτι
881 791 950 829 ἔδει
980 790 1069 841 μηδὲ

56 854 292 904 μαστίζεσθαι.
315 854 405 892 Ἀλλ’
424 854 488 906 ὅρα
517 856 630 896 αὐτοῖς
648 853 825 904 γινόμενον
844 852 903 889 καὶ
932 850 988 888 τὸν
1017 852 1068 888 λι·

55 915 119 965 μὸν
150 914 321 966 σωτηρίας
341 914 463 962 αἴτιον,
480 913 709 964 ἐλεημοσύνης
728 911 903 964 ἀφορμὴν,
931 912 1069 949 πολλῶν

53 975 214 1028 πρόξενον
241 979 422 1025 αάγαθῶν·
442 974 532 1013 ὥστε
562 974 621 1012 καὶ
639 977 719 1023 ὑμῖν
739 973 874 1022 γέγονεν
902 972 954 1019 ἂν,
978 971 1009 1009 εἴ
1029 988 1069 1023 γε

54 1036 252 1081 ἐίούλεσθε,
271 1036 346 1072 ἀλλ’
361 1036 423 1072 οὐκ
441 1034 646 1080 ἠθελήσατε.
663 1032 879 1086 Προλέγεται
896 1032 931 1070 δὲ
943 1063 954 1079 ,
977 1032 1068 1070 ὥστε

52 1097 170 1135 λοιπὸν
190 1097 588 1147 προπαρασκευασθῆναι
614 1094 699 1146 πρὸς
727 1093 790 1139 τὴν
821 1094 1067 1144 ἐλεημοσύνην,

52 1157 104 1194 ὅτι
125 1156 218 1193 δεινὰ
246 1155 397 1206 ἔπασχον
420 1156 451 1192 οἳ
472 1157 505 1192 ἐν
528 1154 779 1206 Ἰερουσαλήμ·
800 1155 868 1206 πρὸ
886 1153 922 1191 δὲ
949 1155 1066 1193 τούτου

52 1218 111 1255 οὔκ
145 1218 178 1254 ἐν
211 1217 304 1268 λιμῷ
339 1210 439 1262 ἦσαν.
475 1215 545 1253 Καὶ
575 1214 753 1265 πέμπεται
791 1215 976 1266 Βαρνάὸας
1007 1216 1067 1254 καὶ

51 1278 190 1320 Παῦλος
226 1275 498 1321 διακονήσοντες.
533 1278 614 1314 Τῶν
652 1276 688 1313 δὲ
731 1278 911 1327 μαθητῶν,
953 1275 1068 1321 καθὼς

51 1337 237 1390 ηὖπορεῖτό
257 1353 320 1381 τις.
341 1330 441 1381 Εἶδες
461 1337 534 1387 ἅμα
550 1336 773 1380 πιστεύοντας
787 1367 798 1386 ,
819 1337 879 1375 καὶ
895 1337 968 1388 ἅμα
983 1353 1068 1389 καρ-

51 1402 302 1450 ποφοροῦντας,
336 1400 374 1436 οὗ
399 1403 469 1440 τοῖς
497 1400 607 1435 αὐτῶν
640 1398 755 1448 μόνον,
789 1397 878 1436 ἀλλὰ
909 1398 969 1436 καὶ
997 1404 1069 1442 τοῖς

52 1458 191 1510 πόῤῥω;
212 1460 325 1496 Τοῦτο
344 1460 435 1496 δοκεῖ
457 1474 515 1509 μοι
537 1459 683 1496 ἐνταῦθα
701 1457 826 1509 λέγειν,
853 1458 937 1509 ὅπερ
959 1460 1069 1497 ἀλλα-

49 1524 112 1571 χοῦ
132 1522 149 1556 ὃ
164 1519 302 1562 Παῦλός
319 1535 435 1572 φησιν,
450 1519 503 1557 ὅτι
518 1518 640 1563 Δεξιὰς
655 1519 787 1557 ἔδωκαν
805 1519 883 1570 ἐμοὶ
903 1520 963 1557 καὶ
978 1522 1067 1573 Βαρ-

49 1580 137 1632 νάῧᾳ
153 1580 348 1629 κοινωνίας,
369 1579 470 1629 μόνον
485 1579 540 1617 ἵνα
561 1582 628 1617 τῶν
644 1583 793 1632 πτωχῶν
815 1579 830 1599 b
844 1581 1067 1631 μνημονεύω-

51 1657 126 1691 μεν.
154 1642 326 1679 Τοσοῦτον
360 1641 536 1692 ὠφέλησεν
556 1643 572 1678 ὃ
593 1640 706 1690 λιμός.
740 1640 810 1678 Καὶ
844 1640 908 1692 ὅρα
944 1641 1066 1687 αὐτοὺς

49 1702 125 1740 οὔῗὲ
152 1705 186 1740 ἐν
207 1705 249 1753 τῇ
275 1701 387 1753 θλίψει
416 1704 463 1744 εἷς
495 1701 635 1752 θρήνους
662 1702 722 1739 καὶ
750 1701 882 1754 δάκρυα
916 1703 1066 1741 καταπί-

47 1778 211 1811 πτοντας,
243 1761 398 1814 καθάπερ
428 1765 546 1809 ἡμεῖς,
578 1763 653 1799 ἀλλ’
682 1764 728 1805 εἷς
758 1761 854 1814 ἔργον
888 1763 977 1815 μέγα
1006 1764 1065 1802 καὶ

47 1823 171 1874 ἀγαθὸν
187 1822 326 1866 ἑαυτοὺς
346 1823 541 1865 ἐκδιδόντας
553 1838 560 1845 ·
586 1822 673 1872 μετὰ
690 1822 845 1866 πλείονος
863 1822 930 1875 γὰρ
949 1824 1065 1868 ἀδείας

45 1884 231 1935 ἐκήρυττον
249 1884 306 1922 τὸν
325 1883 440 1934 λόγον.
462 1883 531 1921 Καὶ
547 1885 609 1921 οὐκ
628 1877 739 1921 ε’ῗπον·
759 1887 859 1934 ἡμεῖς
874 1886 1064 1937 Κυρηναῖοι

45 1944 106 1981 καὶ
129 1945 280 1997 Κύπριοι
299 1944 392 1986 ὄντες
411 1944 552 1995 τοιαύτῃ
575 1944 775 1994 ἐπιθώμεθα
793 1944 893 1982 πόλει
917 1946 1065 2000 λαμπρᾷ

44 2004 103 2042 καὶ
131 2006 266 2056 μεγάλῃ
282 2021 289 2028 ·
318 2004 409 2043 ἀλλὰ
427 2008 469 2057 τῇ
493 2005 612 2057 χάριτι
638 2010 697 2043 τοῦ
717 2007 808 2044 Θεοῦ
827 2006 1063 2056 πιστεύοντες,

44 2066 103 2103 καὶ
122 2069 243 2104 ἐκεῖνοι
263 2065 492 2117 ἐπεχείρησαν
508 2068 550 2116 τῇ
568 2067 794 2119 διδασκαλίᾳ,
813 2067 871 2104 καὶ
890 2061 982 2106 οὗτοι
1004 2071 1064 2106 οὐκ

44 2127 244 2173 ἀπηξίωσαν
275 2128 357 2178 παρ’
386 2126 524 2164 ἐκείνων
552 2143 586 2164 τι
617 2131 751 2177 μαθεῖν.
782 2127 878 2178 εὈρα
911 2128 966 2166 διὰ
994 2131 1062 2166 τῶν

45 2189 178 2238 μικρῶν
194 2187 309 2224 πάντα
331 2186 680 2237 κατασκευαζόμενα,
705 2188 745 2226 τὸ
770 2187 934 2239 κήρυγμα
954 2188 1062 2232 αὐξα-

42 2247 197 2297 νόμενον,
217 2247 294 2290 τοὺς
315 2250 349 2285 ἐν
369 2246 620 2299 Ἱεροσολύμοις
643 2248 784 2286 πάντων
812 2248 938 2298 ὁμοίως
958 2264 1064 2300 φρον-

41 2308 217 2356 τίζοντας,
246 2311 292 2351 ὡς
320 2307 402 2358 μίαν
434 2307 545 2346 οἰκίαν
574 2308 636 2355 τὴν
667 2308 872 2359 οἰκουμένην
906 2309 1060 2362 ἔχοντας.

40 2368 231 2416 Ἤκουσαν,
264 2368 318 2407 ὅτι
354 2369 539 2421 Σαμάρεια
571 2369 727 2408 δέδεκται
757 2370 814 2408 τὸν
851 2369 965 2421 λόγον,
1001 2371 1061 2410 καὶ

39 2429 199 2482 ἔπεμψαν
218 2429 352 2482 Πέτρον
372 2429 430 2467 καὶ
446 2429 609 2477 Ἰωάννην
626 2447 634 2454 ·
657 2430 807 2477 ἤκουσαν
837 2431 881 2469 τὰ
908 2433 955 2474 εἷς
986 2431 1060 2469 Ἀν-

41 2488 205 2540 τιόχειαν,
225 2489 284 2527 καὶ
301 2489 481 2540 πέμπουσι
500 2490 700 2542 Βαρνάὸαν.
719 2490 817 2529 Πολὺ
836 2490 902 2543 γὰρ
922 2492 961 2530 τὸ
982 2492 1058 2530 διοί-

40 2565 157 2600 στημα
185 2545 240 2598 ἦν,
260 2550 320 2588 καὶ
339 2553 401 2588 οὐκ
422 2550 490 2589 ἔδει
517 2550 595 2595 τοὺς
616 2552 827 2595 ἀποστόλους
845 2553 930 2596 τέως
949 2569 1057 2606 χωρι-

42 2613 162 2657 σθῆναι
183 2615 322 2660 ἐκεῖθεν,
338 2611 395 2649 ἵνα
419 2612 466 2662 μὴ
482 2616 690 2663 νομισθῶσιν
707 2607 794 2652 εἶναι
808 2615 955 2666 φυγάδες
969 2645 979 2663 ,
998 2615 1053 2653 xa*

40 2670 117 2714 τοὺς
132 2673 243 2710 αὐτῶν
265 2672 486 2724 πεφευγέναι,
507 2674 598 2712 Τότε
618 2674 652 2711 δὲ
673 2675 869 2726 ἀναγκαίως
892 2676 1058 2728 χωρίζον-

40 2747 112 2780 ται,
133 2732 188 2770 ὅτε
216 2733 336 2772 λοιπὸν
358 2733 483 2772 ἀνίατα
501 2734 592 2786 ἔχειν
614 2736 725 2773 ἐδόκει
742 2735 785 2773 τὰ
801 2739 879 2774 κατ’
909 2736 1032 2781 αὐτούς
1050 2753 1058 2761 ·

38 2792 95 2829 ὅτε
119 2794 236 2831 λοιπὸν
259 2796 277 2831 ὁ
295 2793 446 2844 πόλεμος
477 2796 628 2844 ἐπέστη,
655 2796 714 2834 καὶ
747 2796 937 2836 ἀπολέσθαι
967 2799 1056 2836 ἔδει·

42 2851 100 2888 ὅτε
117 2855 137 2897 ἡ
153 2854 324 2905 ἀπόφασις
341 2854 606 2907 ἐξηνέχθη·ἐπεὶ
623 2856 687 2900 ἕως
700 2858 840 2900 Παῦλος
853 2860 901 2902 εἷς
915 2858 1060 2910 Ῥώμην

85 3010 98 3024 ³
122 3003 251 3039 ἀγαθῶν.
269 3003 337 3043 ὑμῖν
360 3006 409 3042 δὲ,
425 3008 509 3049 φησὶν
521 3029 530 3045 ,
545 3010 603 3047 εἴγε
629 3008 800 3048 sabinos,
819 3005 865 3038 Sic
893 3005 1043 3050 quidam.

37 3051 137 3092 [Mox
155 3050 263 3082 Codd.
282 3056 386 3086 nostri
405 3066 520 3088 omnes
534 3064 890 3101 προπαρασκευασθῆναι,
911 3067 944 3091 et
959 3059 1045 3091 infra

41 3105 106 3135 οῡῑὲ
128 3107 156 3135 ἐν
177 3110 215 3145 τῇ
238 3106 342 3146 θλίψει.
367 3105 455 3139 Editi
473 3114 815 3154 παρασκευασθῆναι,εῐ
839 3114 904 3144 οὐδὲ
919 3115 1046 3145 ἐνταῦθα

40 3163 77 3198 τῇ
96 3153 219 3197 Olbian]

84 3206 100 3229 h
125 3205 203 3236 Post
229 3210 459 3251 μνημονεύωμεν
476 3210 611 3254 quidam
627 3213 843 3256 Manuscripti
869 3214 926 3256 [A.
942 3215 1044 3258 B.C.]

40 3255 170 3289 addunt
193 3263 236 3292 ἔτι
260 3259 385 3298 ieme&
400 3266 452 3302 ἔζη
465 3289 473 3304 ,
492 3262 603 3295 adhue
617 3264 765 3297 Jacobus
780 3265 925 3298 vivebat.
943 3267 1046 3300 Miror

40 3307 130 3341 hanc
153 3308 334 3342 clausulam
357 3312 391 3344 in
406 3313 641 3358 Manuscriptis
663 3316 863 3360 quibusdam
886 3318 1044 3352 insertam

41 3358 165 3395 haberi.
186 3361 278 3402 Quid
295 3364 381 3396 enim
402 3363 445 3396 ad
461 3376 529 3399 rem
546 3376 739 3409 praesentem
753 3368 853 3411 facit,
870 3371 897 3403 si
912 3370 1044 3404 dicatur

1092 1349 1118 1379 D

1070 2591 1118 2616 203

1049 2632 1058 2653 ι
1082 2628 1109 2657 Α

1268 224 1426 255 nomn„
1464 224 1576 256 XXV.

2032 227 2124 274 219

1143 305 1224 343 illos
1236 320 1319 358 ergo
1339 306 1504 345 clariores
1523 306 1603 344 fieri
1619 305 1818 358 oportebat,
1837 304 1934 355 quod
1957 320 2022 358 pro
2038 306 2126 345 viri-

1142 365 1169 402 li
1184 380 1245 403 sua
1258 367 1424 415 facerent,
1449 366 1546 417 quod
1570 366 1779 415 occiderent,
1793 365 1973 418 punirent,
1994 366 2123 417 plecte-

1143 435 1219 464 rent
1234 456 1247 478 ,
1274 426 1430 477 undique
1442 435 1746 479 persequerentur.
1763 426 1812 464 Et
1830 427 1912 466 vide
1923 456 1934 476 ,
1963 426 2126 478 quando-

1143 499 1226 524 nam
1267 488 1375 526 fames
1408 487 1544 526 accidat
1568 503 1576 524 :
1598 502 1680 526 cum
1702 487 1837 526 ethnici
1858 488 1937 539 jam
1972 487 2127 540 suscepti

1143 554 1265 583 essent.

1194 609 1230 644 2.
1246 606 1318 645 Sed
1328 606 1358 644 si
1378 616 1522 660 propter
1534 607 1642 656 mala,
1660 607 1810 659 inquies,
1830 607 2015 660 oportebat
2036 616 2130 646 certe

1143 665 1207 703 hos
1225 667 1350 705 eximi.
1376 668 1462 718 Cur,
1483 667 1542 705 dic
1560 667 1650 705 mibi
1665 668 1682 705 Ξ)
1700 682 1815 706 annon
1832 677 1911 706 ante
1923 667 2064 706 dixerat
2082 668 2128 705 il-

1141 727 1186 764 lis
1197 727 1360 765 Christus
1373 730 1439 765 :In
1447 730 1589 766 mundo
1606 730 1893 767 tribulationem
1904 730 2125 768 habebitis?
2141 744 2232 772 Joan.
2248 741 2297 771 16.

1146 788 1204 824 Tu
1221 802 1320 836 vero,
1341 788 1402 838 qui
1417 788 1495 825 haec
1507 787 1598 826 dicis
1609 818 1622 838 ,
1651 790 1741 826 forte
1754 789 1910 841 adjicies,
1929 803 1999 827 non
2021 805 2127 842 opor·
2139 782 2191 815 33·

1143 847 1252 884 tuisse
1268 847 1349 884 illos
1372 847 1557 898 flagellari.
1581 850 1628 885 At
1650 848 1733 887 vide
1751 848 1823 886 illis
1843 849 1973 886 famem
1998 850 2128 888 factam

1144 920 1217 944 esse
1253 907 1377 944 salutis
1407 921 1573 953 causam,
1611 907 1840 960 eleemosynae
1882 909 2100 946 occasionem
2113 939 2126 960 ,

1143 967 1328 1018 multaque
1343 967 1549 1006 conciliasse
1565 968 1659 1005 bona
1675 996 1685 1013 ‚
1703 977 1742 1005 ut
1762 968 1865 1006 vobis
1880 969 2099 1006 conciliasset
2114 999 2127 1020 ,

1144 1028 1174 1066 si
1189 1029 1388 1067 voluissetis
1403 1044 1413 1079 ;
1443 1029 1504 1067 sed
1519 1029 1695 1067 noluistis.
1716 1028 1929 1066 Praedicitur
1947 1038 2076 1079 autem,
2089 1039 2130 1067 ut

1143 1090 1256 1141 magis
1283 1091 1397 1142 parati
1432 1090 1501 1128 sint
1523 1090 1569 1128 ad
1588 1091 1860 1143 eleemosynam,
1893 1091 1979 1141 quia
2007 1091 2131 1142 gravia

1143 1152 1238 1204 passi
1251 1161 1344 1201 sunt,
1369 1152 1433 1202 qui
1459 1160 1556 1189 erant
1587 1151 1847 1203 Jerosolymi53
1878 1160 1980 1188 antea
2012 1160 2131 1189 autem

1143 1213 1236 1251 fame
1257 1227 1326 1251 non
1344 1213 1568 1251 laborabant.
1593 1212 1641 1250 Et
1672 1212 1866 1250 mittuntur
1894 1213 2077 1251 Barnabas
2097 1223 2132 1251 et

1144 1274 1276 1312 Paulus
1290 1274 1541 1312 ministraturi.
1568 1274 1631 1312 29.
1655 1274 1850 1325 Discipuli
1869 1283 1999 1312 autem
2018 1282 2131 1326 prout

1144 1338 1305 1387 quisque
1337 1335 1580 1372 abundabat.
1611 1333 1743 1373 Viden'
1773 1334 1854 1371 illos
1879 1334 1999 1371 statim
2025 1343 2132 1384 atque

1144 1395 1371 1433 crediderunt
1404 1396 1560 1433 fructum
1589 1395 1736 1445 tulisse,
1760 1409 1829 1433 non
1860 1395 1904 1432 iis
1940 1394 2046 1432 modo
2069 1394 2131 1445 qui

1142 1471 1264 1509 prope,
1281 1456 1342 1494 sed
1365 1456 1471 1494 etiam
1497 1456 1540 1493 iis
1557 1456 1618 1506 qui
1637 1455 1762 1507 procul
1780 1464 1880 1493 erant
1899 1455 1916 1492 Ξ)
1941 1455 2017 1493 Hoc
2039 1454 2131 1492 mihi

1141 1517 1353 1556 videturhic
1366 1516 1495 1566 dicere,
1515 1516 1611 1567 quod
1625 1516 1713 1553 alibi
1726 1516 1859 1553 Paulus
1877 1515 1966 1553 dicit
1984 1531 1991 1551 :
2015 1517 2127 1553 Dex-
2143 1533 2214 1561 Gal.
2231 1541 2259 1561 2,
2275 1541 2309 1571 9,

1143 1587 1245 1616 teras
1271 1580 1459 1617 dederunt
1490 1579 1586 1615 mihi
1603 1586 1641 1616 et
1669 1579 1864 1615 Barnabae
1899 1579 2095 1615 societatis
2115 1607 2127 1629 ,
2147 1582 2195 1604 ¹0·

1140 1648 1294 1678 tantum
1316 1649 1357 1677 ut
1371 1654 1585 1691 pauperum
1618 1652 1801 1677 memores
1821 1652 2000 1676 essemus.
2026 1638 2129 1676 Tan-

1141 1709 1217 1738 tum
1247 1701 1382 1752 profuit
1404 1701 1524 1737 sames.
1545 1700 1595 1737 Et
1612 1699 1696 1738 vide
1723 1700 1803 1737 illos
1826 1713 1869 1736 ex
1900 1699 1993 1736 fame
2019 1713 2132 1750 neque

1141 1762 1178 1799 in
1202 1763 1305 1800 fletus
1324 1772 1357 1800 et
1384 1763 1561 1814 lacrymas
1591 1762 1762 1814 erupisse,
1793 1770 1833 1799 ut
1862 1776 1925 1799 nos
1955 1762 2129 1811 facimus,

1140 1824 1203 1862 sed
1224 1824 1269 1861 ad
1292 1838 1380 1876 opus
1392 1838 1562 1875 magnum
1582 1833 1614 1861 et
1633 1824 1769 1861 bonum
1782 1838 1819 1861 se
1830 1823 2010 1862 dedidisse
2023 1839 2035 1873 3
2049 1838 2130 1863 cum

1140 1886 1267 1937 majori
1280 1900 1431 1936 namque
1446 1885 1608 1922 libertate
1623 1884 1866 1936 praedicabant
1883 1885 2045 1923 verbum.
2055 1886 2130 1923 Nec

1138 1945 1327 1993 dicebant,
1364 1947 1447 1994 Nos,
1467 1945 1528 1996 qui
1567 1944 1730 1997 Cyrenaei
1768 1954 1802 1982 et
1831 1945 1957 1997 Cyprii
1989 1959 2126 1994 sumus,

1137 2006 1228 2044 hanc
1261 2006 1491 2057 aggredimur
1525 2005 1706 2043 civitatem
1734 2005 1959 2057 splendidam
1992 2015 2026 2043 et
2054 2020 2129 2043 ma-

1138 2081 1269 2118 gnam3
1288 2066 1352 2104 sed
1373 2065 1493 2117 gratiae
1509 2065 1576 2103 Dei
1592 2065 1701 2102 fidem
1722 2065 1905 2114 habentes,
1924 2075 1958 2103 et
1979 2066 2032 2103 illi
2062 2067 2128 2105 do—

1137 2128 1290 2165 ctrinam
1309 2126 1464 2178 aggressi
1479 2135 1574 2175 sunt,
1591 2135 1624 2162 et
1642 2125 1681 2162 hi
1700 2139 1768 2162 non
1783 2125 1966 2177 dedignati
1982 2136 2063 2164 sunt
2083 2127 2128 2165 ab

1136 2187 1209 2226 illis
1233 2188 1419 2240 quidpiam
1438 2187 1605 2225 ediscere,
1638 2186 1735 2226 Vide
1747 2201 1766 2223 a
1794 2188 1915 2238 parvis
1933 2197 1967 2225 et
1986 2188 2129 2239 exiguis

1137 2250 1256 2287 omnia
1282 2259 1443 2302 peracta,
1480 2248 1768 2301 praedicationem
1791 2258 1944 2296 auctam,
1979 2263 2036 2288 eos
2063 2251 2126 2301 qui

1135 2310 1369 2363 Jerosolymis
1399 2309 1522 2347 eadem
1539 2323 1620 2346 cum
1639 2309 1720 2346 aliis
1739 2310 1904 2347 omnibus
1925 2311 2125 2362 sentientes,

1135 2380 1168 2408 et
1185 2371 1284 2422 quasi
1302 2385 1410 2408 unam
1437 2370 1584 2408 domum
1608 2369 1730 2407 orbem
1762 2378 1876 2408 totum
1895 2370 2032 2409 haberi.
2052 2374 2127 2410 Au-

1132 2430 1271 2469 dierant
1285 2430 1381 2483 quod
1395 2430 1555 2469 Samaria
1577 2430 1764 2482 recepisset
1790 2431 1953 2480 verbum,
1970 2441 2004 2469 et
2019 2433 2126 2471 mise-

1131 2502 1215 2531 runt
1242 2494 1387 2531 Petrum
1419 2501 1452 2530 et
1481 2494 1651 2531 Joannem
1673 2508 1681 2528 :
1702 2491 1890 2530 audierunt
1928 2493 2017 2543 quid
2050 2497 2106 2534 An

1131 2554 1270 2592 tiochiae
1287 2553 1485 2602 accidisset,
1508 2562 1542 2590 et
1558 2553 1704 2590 mittunt
1725 2553 1942 2591 Barnabam.
1965 2554 2124 2592 Multum

1131 2615 1225 2652 enim
1253 2624 1326 2652 erat
1346 2614 1482 2651 itineris
1509 2613 1678 2665 spatium,
1711 2627 1775 2650 nec
1794 2614 1980 2664 oportebat
2006 2614 2124 2652 adhuc

1132 2676 1308 2728 apostolos
1327 2674 1409 2712 inde
1423 2674 1620 2721 discedere,
1642 2688 1684 2711 nc
1708 2673 1853 2724 fugitivi
1870 2688 1944 2711 esse
1958 2674 2123 2713 videren-

1131 2746 1204 2784 tur,
1229 2746 1263 2774 et
1280 2751 1300 2774 a
1316 2736 1388 2774 suis
1407 2735 1552 2786 fugisse.
1573 2736 1678 2773 Tune
1709 2743 1825 2772 autem
1848 2735 2043 2773 necessario
2067 2750 2122 2773 sc·

1133 2798 1248 2850 parati
1273 2806 1355 2835 sunt
1372 2828 1381 2846 ,
1403 2811 1486 2834 cum
1503 2796 1648 2834 demum
1679 2795 1796 2835 Judaei
1812 2795 2028 2834 insanabiles
2046 2811 2123 2835 csse

1130 2858 1337 2897 viderentur
1357 2887 1368 2908 ,
1383 2871 1465 2896 cum
1484 2857 1579 2895 bello
1590 2857 1667 2908 jam
1685 2856 1890 2894 imminente
1907 2856 2020 2908 perire
2035 2857 2117 2896 illos

1110 3006 1166 3039 hic
1183 3006 1293 3040 adhuc
1320 3005 1486 3040 ,Iacobum
1512 3004 1657 3038 vixisse?
1671 3004 1797 3038 Deinde
1812 3016 1891 3037 vero
1908 3003 1950 3037 de
1973 3016 2040 3048 quo
2061 3005 2121 3037 Ja-

1111 3057 1197 3091 cobo
1224 3058 1278 3091 hic
1305 3057 1439 3102 agitur?
1466 3057 1612 3090 Jacobus
1634 3059 1720 3088 enim
1736 3056 1838 3088 frater
1862 3056 2000 3089 Joannis
2020 3056 2122 3099 paulo

1109 3119 1187 3154 post
1199 3110 1310 3154 gladio
1327 3121 1428 3142 cresus
1445 3110 1561 3142 fertur.
1575 3109 1723 3141 Jacobus
1741 3116 1851 3140 autem
1867 3108 1968 3140 frater
1982 3110 2119 3141 Domini

1109 3162 1282 3206 episcopus
1306 3161 1611 3205 Jerosolymornm,
1627 3158 1761 3191 inferius
1777 3171 1883 3202 neque
1899 3159 1998 3192 semel
2015 3161 2048 3191 iu
2067 3161 2116 3193 vi-

1110 3216 1159 3247 vis
1171 3226 1239 3247 esse
1254 3221 1470 3246 memoratur.
1487 3211 1537 3244 Ad
1559 3210 1640 3254 quid
1653 3222 1729 3254 ergo
1743 3210 1866 3243 dicitur
1886 3210 1940 3243 hic
1952 3210 2118 3244 ,Iacobum

1111 3266 1145 3299 in
1160 3267 1243 3300 vivis
1265 3264 1389 3298 fuisse?
1405 3273 1440 3297 et
1463 3275 1522 3296 cur
1543 3262 1577 3295 id
1594 3273 1810 3296 amanuenses
1832 3262 2025 3296 addiderint
2049 3275 2117 3297 non

1110 3317 1190 3351 satis
1209 3318 1385 3361 perspicio.
1403 3314 1525 3359 [Paulo
1538 3322 1615 3347 ante
1623 3317 1855 3359 μνημονεύωμεν
1867 3315 1976 3349 Codd.
1989 3327 2115 3349 omnes.

1112 3368 1201 3404 Editi
1218 3372 1479 3414 μνημονεύσωμεν.
1497 3366 1536 3400 V.
1553 3378 1587 3410 p.
1605 3365 1680 3407 205,
1699 3366 1754 3408 C.]
