2502 3810
150 322 238 349 Joan.
251 320 334 360 544.

229 641 334 668 Contra

148 684 262 708 inanem
274 682 333 718 glo-

148 725 231 749 riam.

340 218 401 283 09
412 238 432 265 α
799 232 836 261 s·
876 230 1059 261 Jomms
1096 226 1336 260 CHRYSOST.

350 316 460 353 modo
472 317 630 365 potestis
645 313 811 360 credere,
832 311 999 362 gloriam
1026 324 1052 347 α
1081 311 1194 347 vobis
1227 311 1327 346 invi-

347 390 427 413 cem
448 376 691 424 accipientes,
715 381 751 409 et
777 372 944 423 gloriam
968 383 1053 423 quoe
1080 384 1105 407 a
1133 371 1215 408 solo
1244 371 1330 407 Deo

347 445 424 482 est,
458 449 536 472 non
562 442 774 486 quaerentes
791 436 809 469 Ρ
839 434 922 471 Haec
955 431 1070 469 inanis
1101 430 1215 482 gloria
1247 444 1328 468 eum

346 495 501 547 pernicie
530 494 682 532 multam
703 493 903 531 irrisionem
925 491 1076 541 inducit,
1098 500 1226 529 etante
1240 505 1327 543 sup-

346 556 584 608 pliciumillic
607 557 792 604 futurum,
813 554 911 591 mille
937 553 996 591 hic
1024 552 1179 591 involvit
1206 552 1325 590 malis.

347 618 407 666 Et,
422 618 451 655 si
470 618 598 669 placet,
617 626 656 654 ut
668 616 737 654 1100
754 615 884 663 discas,
905 615 1009 652 caelos
1024 613 1167 651 interim
1185 613 1328 650 mitten-

347 688 408 728 tes,
425 694 444 716 a
465 678 594 729 quibus
613 692 675 715 nos
691 677 801 730 ejicit,
819 685 853 714 et
869 675 1077 727 gehennam,
1094 674 1131 711 111
1146 688 1253 724 quam
1273 674 1330 711 in-

341 740 433 793 jicit,
452 754 528 777 rem
549 753 703 785 omnem,
730 747 768 776 ut
793 738 854 776 1110
879 736 1033 789 geritur,
1067 735 1325 773 examinemus.

345 801 446 848 Quid
467 800 577 852 igitur
594 800 655 837 illa
671 799 899 847 sumtuosius,
914 797 1001 848 quid
1021 797 1161 848 turpius
1177 805 1211 833 et
1230 796 1329 833 diffi-

345 864 449 901 cilius
462 863 592 901 fuerit?
607 861 714 909 Quod
733 870 936 899 sumtuosus
952 858 997 896 sit
1014 858 1158 895 morbus
1177 857 1252 907 ille,
1266 871 1330 909 pa-

345 924 416 962 lam
431 933 481 962 est
501 938 546 961 ex
567 923 640 961 illis
655 923 717 973 qui
736 922 773 959 in
788 921 946 969 theatris,
960 919 996 957 in
1015 918 1108 956 circo
1123 918 1228 968 inque
1247 918 1328 956 aliis

346 985 522 1022 similibus
538 982 794 1036 intempestivis
807 980 1058 1033 largitionibus
1072 978 1239 1031 pecunias
1260 978 1329 1015 im-

346 1045 524 1097 pendunt:
542 1059 587 1082 ex
609 1044 654 1081 iis
673 1044 735 1094 qui
764 1043 887 1080 domos
909 1040 1111 1093 splendidas
1134 1049 1166 1076 et
1185 1039 1328 1089 magni-

345 1106 430 1143 ficas
449 1114 606 1151 struunt,
628 1104 768 1153 aliaque
787 1102 905 1140 omnia
925 1114 1002 1152 quae
1024 1100 1170 1152 largiter
1189 1108 1222 1136 et
1242 1099 1325 1136 inu-

345 1167 456 1205 tiliter
477 1174 660 1217 apparant,
681 1179 759 1215 quae
774 1177 843 1201 non
862 1163 937 1215 jam
951 1175 1109 1199 sermone
1125 1174 1328 1212 percensere

344 1227 484 1264 animus
505 1235 569 1264 est.
593 1225 700 1272 Quod
726 1234 844 1262 autem
863 1237 1000 1261 necesse
1025 1222 1092 1269 sit,
1112 1230 1152 1258 ut
1179 1221 1233 1269 is,
1265 1220 1327 1270 qui

345 1298 418 1326 tam
432 1297 636 1326 sumtuosus
650 1295 684 1324 et
701 1285 912 1336 magnificus
924 1293 975 1321 est
992 1292 1026 1321 et
1041 1283 1108 1320 1100
1127 1281 1252 1319 morbo
1274 1281 1326 1317 la-

344 1350 464 1398 borat,
481 1363 594 1400 rapax
615 1347 722 1385 etiam
741 1349 786 1384 sit
806 1355 839 1383 et
864 1359 1003 1393 avarus,
1024 1342 1156 1381 nemini
1173 1354 1241 1379 non
1257 1355 1326 1379 no-

344 1418 420 1447 tum
439 1418 501 1446 est.
526 1409 576 1445 L't
592 1407 683 1445 enim
705 1406 815 1458 possit
839 1406 919 1442 ferae
942 1417 1055 1441 escam
1083 1403 1261 1454 praebere,
1288 1401 1324 1438 in

342 1472 496 1509 aliorum
527 1469 709 1507 facultates
744 1481 868 1505 manus
892 1465 1017 1517 injicit.
1041 1465 1089 1501 Et
1115 1463 1206 1513 quid
1231 1463 1324 1511 dico,

342 1532 552 1570 facultates?
573 1533 652 1570 Non
673 1530 769 1568 enim
786 1528 955 1580 pecunias
979 1525 1118 1573 solum„
1139 1523 1199 1562 sed
1219 1523 1324 1561 etiam

342 1594 478 1631 animas
499 1593 558 1630 1110
571 1591 662 1643 ignis
681 1590 826 1629 devorat
833 1604 844 1638 3
864 1601 928 1625 nec
945 1594 1153 1638 praesentem
1169 1593 1323 1633 tantum,

342 1655 405 1692 sed
422 1654 528 1692 etiam
546 1654 705 1690 futuram
725 1659 874 1688 mortem
894 1657 1073 1700 operatur.
1092 1648 1209 1684 Mater
1230 1646 1326 1683 enim

341 1715 509 1765 gehennae
530 1723 580 1751 est
597 1712 710 1750 inanis
730 1710 842 1763 gloria
854 1741 863 1758 ,
882 1709 1070 1761 ignemque
1088 1707 1193 1744 illum
1213 1707 1325 1744 vehe—

342 1785 478 1813 menter
504 1773 666 1813 accendit
687 1786 727 1810 ac
756 1785 915 1811 vermem
935 1778 1159 1809 venenatum.
1192 1767 1326 1806 Videre

305 1852 308 1859 ·
342 1846 395 1874 est
411 1836 517 1874 etiam
536 1835 635 1872 illam
647 1835 684 1871 in
700 1842 857 1871 mortuos
876 1830 1068 1883 imperium
1084 1829 1301 1866 obtinentem
1312 1843 1321 1876 ;
1452 1875 1458 1886 θ

341 1913 413 1949 quo
432 1898 517 1948 quid
534 1898 635 1949 pejus
653 1895 787 1933 suerit?
809 1896 902 1933 Nam
924 1892 986 1930 alii
1003 1905 1123 1929 omnes
1142 1889 1252 1927 animi
1273 1890 1326 1927 af-
1340 1904 1386 1927 626
1401 1877 1557 1926 βιαζῑταῑ
1570 1905 1579 1922 ²
1610 1875 1669 1914 καὶ
1707 1878 1892 1928 φιλονεικεῖ
1924 1876 1986 1923 τὴν
2026 1879 2132 1922 αῧτῆς
2169 1876 2427 1916 ἐπιδείκνυσθαι

343 1961 453 1998 sectus
473 1968 584 1997 morte
607 1957 871 2003 dissolvuntur,
886 1955 945 1992 1110

342 2031 491 2059 mortem
510 2020 584 2059 vim
609 2020 735 2063 infert,
753 2032 793 2055 ae
814 2015 993 2055 contendit
1017 2029 1117 2053 suam
1145 2014 1327 2052 ostendere

341 2091 504 2119 naturam
523 2081 560 2118 in
580 2090 721 2118 mortuo
738 2092 895 2130 corpore.
916 2078 1007 2115 Cum
1027 2075 1120 2113 enim
1138 2074 1325 2127 splendida

339 2143 514 2194 sepulcra,
532 2156 609 2192 quae
622 2155 761 2178 omnem
779 2141 854 2192 ejus
875 2137 1109 2176 substantiam
1125 2136 1325 2184 absumant,

340 2205 529 2242 morientes
549 2203 617 2241 sibi
637 2202 723 2253 erigi
741 2210 878 2250 curent,
894 2209 927 2237 et
946 2199 982 2236 111
1000 2198 1180 2250 sepultura
1198 2197 1327 2234 luxum

341 2265 496 2302 multum
523 2263 653 2315 apponi
689 2261 874 2307 studeant;
908 2259 1046 2297 etiamsi
1074 2259 1233 2297 viventes
1261 2271 1327 2308 pro

341 2325 445 2362 obolo
461 2334 494 2362 et
507 2338 597 2376 pane
616 2336 686 2360 uno
706 2322 907 2360 accedentes
921 2333 1091 2371 pauperes
1111 2318 1327 2356 contumelia

341 2385 544 2431 affecerint,
568 2394 601 2422 et
626 2383 813 2421 morientes
840 2382 975 2418 lautam
1008 2378 1121 2416 vermi
1149 2386 1329 2429 apponant

342 2460 501 2484 mensam
519 2461 526 2481 :
548 2459 653 2495 quem
676 2443 788 2481 alium
806 2454 989 2479 excessum
1009 2453 1144 2490 qureras
1164 2439 1200 2475 111
1219 2437 1328 2489 hujus

341 2507 458 2544 morbi
478 2505 690 2558 tyrannide?
707 2504 760 2541 Ab
783 2503 850 2540 hoc
868 2502 974 2539 etiam
990 2501 1082 2537 malo
1102 2499 1248 2537 absurdi
1266 2496 1328 2536 iia-

342 2577 488 2606 scuntur
512 2580 662 2605 amores.
690 2564 799 2603 Multi
826 2563 919 2601 enim
947 2576 1017 2600 non
1046 2561 1166 2600 vultus
1196 2561 1325 2610 forma,

342 2643 406 2667 nec
435 2627 643 2666 concubitus
666 2626 878 2678 cupiditate,
907 2623 969 2661 sed
1001 2622 1098 2673 quod
1126 2622 1237 2659 velint
1257 2635 1330 2660 sese

337 2691 472 2742 jactare
491 2689 699 2739 dicereque,
714 2687 813 2724 Hanc
834 2685 891 2725 vel
911 2684 1012 2722 illam
1038 2682 1180 2735 decepi,
1200 2682 1237 2720 in
1257 2683 1329 2720 for-

342 2753 553 2791 nicationem
572 2751 707 2803 delapsi
724 2758 819 2788 sunt.

395 2815 434 2852 24.
458 2812 599 2864 Ecquid
620 2826 708 2864 opus
736 2820 787 2849 est
816 2808 886 2848 alia
912 2821 1112 2854 recensere,
1142 2820 1220 2857 quae
1248 2805 1330 2844 inde

344 2874 524 2927 pullulant
539 2873 659 2910 mala?
674 2871 820 2909 Mallem
837 2869 936 2907 mille
956 2868 1193 2905 barbarorum
1207 2880 1330 2905 servus

345 2936 466 2982 fuisse,
490 2949 597 2985 quam
616 2947 714 2972 vanae
732 2931 839 2970 semel
859 2929 977 2981 gloriae
995 2944 1003 2965 ε
1024 2928 1113 2965 nihil
1136 2927 1230 2965 enim
1248 2927 1331 2964 bar-

344 2998 423 3036 bari
450 2997 560 3035 servis
585 2996 759 3047 imperant
784 2991 900 3031 simile
919 2990 984 3040 iis,
1005 3004 1083 3039 quae
1105 3003 1196 3027 vana
1216 2989 1330 3039 gloria

346 3059 501 3096 subditis
533 3055 706 3109 praecipit.
738 3053 910 3091 Omnium
940 3059 1013 3088 esto
1039 3063 1176 3095 servus,
1214 3049 1332 3099 inquit

345 3120 408 3157 illa
418 3149 430 3170 ,
451 3118 589 3156 etiamsi
605 3126 638 3155 te
658 3114 919 3168 splendidiores
932 3142 943 3162 ,
965 3110 1104 3149 etiamsi
1132 3119 1164 3147 te
1185 3110 1331 3148 viliores

346 3181 417 3218 sint
434 3196 441 3216 :
461 3179 601 3231 despice
632 3177 787 3215 animam
800 3205 809 3223 ,
832 3172 1157 3226 neglige.virtutem
1171 3201 1182 3220 ,
1210 3170 1332 3208 deride

347 3241 559 3290 libertatem,
582 3240 731 3277 salutem
746 3247 843 3275 tuam
861 3234 1057 3273 immolato.
1082 3233 1120 3272 Si
1144 3231 1227 3283 quid
1245 3232 1329 3270 boni

349 3302 471 3349 facias,
488 3315 557 3338 non
575 3300 621 3337 ad
642 3301 717 3337 Deo
736 3296 951 3350 placendum
966 3295 1034 3332 hoc
1058 3294 1187 3343 facias,
1208 3293 1268 3331 sed
1293 3302 1332 3331 ut

349 3371 383 3399 te
398 3362 520 3398 multis
539 3369 701 3408 ostentes,
719 3369 752 3397 et
767 3359 892 3411 perdas
908 3370 1073 3396 coronam
1096 3355 1140 3393 iis
1153 3355 1329 3392 debitam:

1377 228 1565 258 ARCHIEP
1575 247 1583 257 .
1625 228 1960 261 CONSTANTINOP
1970 251 1978 259 .

1405 310 1442 346 οὔ
1462 311 1661 356 ζητοῦντες;
1693 309 1788 355 Αὕτη
1819 310 1907 360 μετὰ
1935 313 1996 356 τῆς
2030 310 2204 355 ἀπωλείας
2229 311 2336 350 πολὺν
2364 312 2424 351 καὶ

1404 368 1460 407 τὸν
1480 368 1617 420 γέλωτα
1636 369 1759 418 ἐπάγει
1774 399 1784 417 ,
1806 370 1866 407 καὶ
1885 370 1952 421 πρὸ
1976 373 2038 416 τῆς
2047 371 2232 415 ,κολάσεως
2253 374 2315 418 τ’ἧς
2332 374 2424 419 ἐκεῖ,

1405 429 1538 481 μυρίοις
1557 431 1703 467 ἐνταῦθα
1722 430 1926 481 περιὲάλλει
1947 432 2078 475 δεινοῖς.
2101 432 2171 470 Καὶ
2191 434 2219 470 εἰ
2238 433 2348 480 δοκεῖ,
2368 432 2424 470 ἵνα

1403 495 1503 528 τοῦτο
1530 489 1755 541 μάθῃς,τοὺς
1780 489 1944 542 οὐρανοὺς
1973 490 2114 543 ἀφέντες
2133 492 2237 540 τέως,
2266 487 2312 530 ὧν
2332 497 2426 543 ἡμᾶς

1403 549 1532 601 ἐξάγει,
1547 549 1605 587 καὶ
1625 549 1688 597 τὴν
1705 550 1864 601 γέενναν,
1883 553 1931 595 εἰς
1955 551 1996 597 ἢν
2016 552 2204 601 ἐμὸάλλει,
2223 553 2262 591 τὸ
2277 559 2426 605 πρᾶγμα

1402 613 1555 648 ἐντεῦθεν
1583 611 1800 661 ἐξετάσωμεν
1821 612 1925 650 ἅπαν.
1946 611 1993 649 Τί
2023 612 2135 650 τοίνυν
2163 613 2290 659 ταύτης
2312 614 2425 651 δαπα-

1402 670 1606 724 νηρότερον,
1625 671 1671 709 Τί
1699 671 1735 710 δὲ
1755 671 1980 725 αἰσχρότερον
2007 672 2132 723 γένοιτ’
2164 673 2203 710 ἂν
2223 674 2282 711 καὶ
2305 675 2426 711 δυσκο-

1400 731 1568 785 λώτερον;
1589 732 1671 770 εὈτι
1691 732 1752 782 μὲν
1774 732 1840 784 γὰρ
1857 733 2057 785 δαπανηρὸν
2086 734 2126 771 τὸ
2144 733 2282 785 νόσημα
2311 737 2425 780 τοῦτο,

1404 793 1506 839 δῆλον
1532 795 1571 830 ἐκ
1590 795 1659 830 τῶν
1687 793 1942 831 ἀναλισκόντων
1966 796 2039 845 εἰκῇ
2062 794 2122 831 καὶ
2143 795 2255 844 μάτην
2285 796 2319 832 ἐν
2344 794 2425 831 θεά-

1400 870 1493 907 τροις
1513 853 1572 891 καὶ
1598 853 1843 905 ἱπποδρομίαις
1873 853 1933 891 καὶ
1961 853 2082 898 ἄλλαις
2112 854 2288 897 τοιαύταις
2323 854 2425 892 ἀκαί-

1403 929 1472 966 ροις
1508 914 1720 967 φιλοτιμίαις
1739 929 1746 936 ·
1781 915 1820 951 ἐκ
1853 917 1922 951 ’τῶν
1950 913 2012 958 τὰς
2048 914 2158 959 οἷκίας
2201 914 2424 965 οἷκοδομούν-

1400 991 1468 1013 των
1484 975 1561 1029 ,τὰς
1591 974 1758 1027 λαμπρὰς
1793 974 1852 1012 καὶ
1889 976 2089 1018 πολυτελεῖς
2106 1004 2116 1022 ,
2153 975 2213 1013 καὶ
2246 975 2290 1013 τὰ
2336 975 2425 1012 ἄλλα

1401 1033 1516 1071 πάντα
1549 1033 1593 1070 τὰ
1622 1035 1672 1075 εἷς
1706 1032 1908 1084 περιουσίαν
1947 1033 2276 1077 κατασκευαζόντων
2305 1033 2428 1078 ἀνόνη-

1401 1107 1478 1138 τον,
1511 1091 1599 1144 ἅπερ
1632 1092 1693 1129 οὐκ
1725 1091 1817 1129 ἔστιν
1857 1092 2012 1129 ἐπελθεῖν
2044 1094 2094 1143 τῷ
2124 1092 2217 1144 λόγῳ
2244 1095 2316 1129 νῦν.
2344 1090 2428 1129 ςΌτι

1400 1151 1436 1189 δὲ
1458 1152 1655 1203 δαπανηρὸν
1671 1151 1753 1188 ὄντα
1772 1151 1830 1188 καὶ
1849 1153 2024 1198 πολυτελῆ
2044 1151 2102 1189 τὸν
2133 1151 2223 1190 οὕτω
2243 1155 2426 1198 νοσοῦντα,

1398 1212 1458 1250 καὶ
1474 1213 1615 1264 ἅρπαγα
1634 1211 1693 1249 καὶ
1716 1211 1926 1258 πλεονέκτην
1949 1206 2036 1249 εἶναι
2057 1212 2192 1262 ἀνάγκη
2204 1242 2214 1259 ,
2236 1211 2342 1249 παντί
2360 1227 2426 1249 πσυ

1400 1273 1516 1319 δῆλον.
1543 1272 1621 1311 Ἵνα
1638 1272 1704 1325 γὰρ
1723 1272 1786 1324 ἔχῃ
1807 1275 1856 1324 τῷ
1887 1272 1994 1324 θηρίῳ
2014 1272 2182 1323 παρέχειν
2209 1271 2359 1324 τροφὴν,
2379 1274 2426 1314 εἷς

1399 1333 1462 1380 τὴν
1476 1337 1544 1371 τῶν
1561 1333 1674 1370 ἄλλων
1693 1333 1812 1370 οὐσίαν
1832 1333 1894 1375 τὰς
1915 1336 2036 1370 ἑαυτοῦ
2062 1333 2175 1383 ῥίπτει
2199 1339 2332 1384 χεῖρας.
2356 1334 2427 1371 Καὶ

1398 1392 1432 1430 τί
1450 1393 1542 1443 λέγω
1561 1392 1622 1435 τὰς
1638 1392 1755 1434 οὐσίας
1770 1410 1778 1438 ;
1795 1392 1886 1430 Οὐδὲ
1902 1392 1969 1444 γὰρ
1995 1392 2165 1443 χρήματα
2195 1391 2297 1442 μόνον
2309 1421 2320 1441 ,
2337 1393 2427 1430 ἀλλὰ

1400 1452 1459 1490 καὶ
1483 1452 1598 1504 ψυχὰς
1621 1452 1794 1490 κατεσθίει
1821 1453 1916 1490 τουτὶ
1945 1453 1984 1490 τὸ
2013 1455 2101 1504 πῦρ,
2134 1452 2194 1490 καὶ
2227 1455 2264 1491 οὗ
2285 1453 2342 1491 τὸν
2361 1469 2427 1491 πα-

1402 1512 1504 1563 ρόντα
1532 1512 1655 1562 μόνον,
1677 1511 1767 1550 ἀλλὰ
1788 1512 1847 1550 καὶ
1874 1512 1930 1550 τὸν
1960 1513 2130 1562 μέλλοντα
2153 1514 2333 1565 ἐργάζεται
2364 1515 2426 1552 θά-

1400 1587 1513 1610 νατον.
1547 1572 1676 1623 Μήτηρ
1707 1572 1774 1625 γὰρ
1801 1572 1940 1623 γεέννης
1966 1573 2162 1621 κενοδοξία,
2193 1573 2253 1611 καὶ
2279 1574 2318 1611 τὸ
2354 1579 2423 1626 πῦρ

1401 1633 1547 1671 ἀνάπτει
1575 1634 1732 1684 σφοδρῶς
1758 1634 1885 1680 ἐκεῖνο,
1903 1633 1963 1670 καὶ
1982 1633 2039 1671 τὸν
2060 1633 2229 1679 σκώληκα
2258 1634 2314 1672 τὸν
2334 1635 2425 1672 {066-

1399 1694 1472 1733 λον,
1493 1692 1580 1731 'leoz
1600 1694 1629 1730 δ’
1646 1693 1685 1731 ἅν
1707 1710 1759 1736 τις
1779 1693 1886 1740 αὐτὴν
1913 1694 1972 1731 καὶ
2000 1697 2034 1732 ἐν
2057 1700 2189 1746 νεκροῖς
2208 1698 2402 1748 κρατοῦσαν
2415 1725 2426 1743 ,

1400 1757 1436 1791 οὓ
1451 1753 1485 1791 τί
1500 1760 1614 1806 χεῖρον
1631 1754 1754 1805 γένοιτ’
1776 1755 1815 1792 ἄν
1829 1770 1838 1801 ;
1857 1754 1915 1793 Τὰ
1930 1754 1991 1804 μὲν
2008 1754 2074 1806 γὰρ
2095 1756 2184 1793 ἄλλα
2201 1755 2317 1796 πάντα
2332 1757 2424 1803 πάθη

1399 1815 1611 1853 καταλύεται
1627 1818 1677 1867 τῷ
1698 1815 1837 1869 θανάτῳ
1854 1831 1861 1838 ·
1881 1816 1968 1863 αὕτη
1990 1816 2026 1853 δὲ
2053 1816 2113 1854 καὶ
2147 1817 2235 1867 μετὰ
2262 1818 2426 1864 τελευτὴν

970 1962 1088 1992 autem
1114 1952 1220 1989 ctiam
1247 1961 1326 2003 post
1351 1940 1375 1969 Α
1400 1936 1499 1988 φύσιν
1528 1940 1561 1975 ἐν
1590 1940 1639 1989 τῷ
1666 1937 1846 1984 τεθνηκότι
1875 1936 2026 1987 σώματι.
2046 1937 2161 1976 εὈταν
2190 1937 2257 1990 γὰρ
2284 1938 2426 1989 σήματα

1398 1998 1546 2050 λαμπρὰ
1578 1998 1637 2036 καὶ
1670 2005 1784 2036 πᾶσαν
1819 2001 1929 2036 αὐτῶν
1957 1998 2189 2036 ἀναλίσκοντα
2212 1999 2276 2045 τὴν
2307 1999 2424 2037 οὐσίαν

1399 2059 1647 2105 ἐπισκήπτωσι
1658 2061 1885 2102 τελευτῶντες
1901 2061 2017 2102 αὑτοῖς
2029 2062 2188 2111 ἀνιστᾷν,
2205 2059 2264 2096 καὶ
2280 2061 2315 2096 ἐν
2332 2063 2423 2111 ταφῇ

1402 2120 1554 2158 ἀσωτίαν
1591 2119 1724 2166 πολλὴν
1762 2120 1983 2164 σπουδάζωσι
2017 2119 2312 2171 προαποτίθεσθαι
2327 2150 2337 2168 ,
2368 2121 2427 2158 καὶ

1401 2183 1524 2224 ζῶντες
1544 2181 1607 2233 μὲν
1623 2180 1709 2232 ὑπὲρ
1725 2180 1846 2218 ὀὸολοῧ
1868 2180 1926 2217 καὶ
1946 2180 2050 2231 ἄρτου
2074 2180 2147 2223 ἑνὸς
2168 2179 2334 2232 ὗὸρίζωσι
2348 2180 2426 2224 τοὺς

1401 2242 1606 2293 προσιόντας
1624 2241 1794 2288 πένητας,
1816 2243 2042 2284 τελευτῶντες
2059 2240 2094 2278 δὲ
2112 2242 2240 2292 δαψιλῆ
2266 2244 2315 2293 τῷ
2335 2242 2427 2279 σκώ-

1394 2303 1482 2348 ’ληκι
1502 2301 1685 2352 παρέχωσι
1704 2301 1879 2352 τράπεζαν
1892 2329 1901 2345 ,
1918 2300 2021 2337 ποίαν
2043 2300 2163 2353 ἑτέραν
2186 2303 2299 2346 ζητεῖς
2317 2303 2426 2353 ὓπερ-

1401 2362 1506 2408 Εολὴν
1526 2365 1588 2408 τῆς
1607 2365 1666 2398 τοῦ
1681 2360 1878 2410 νοσήματος
1894 2359 2113 2412 τυραννίδος,
2131 2360 2214 2398 Ἀπὸ
2229 2360 2349 2399 τούτου
2365 2361 2425 2398 καὶ

1402 2422 1526 2474 ἔρωτες
1546 2423 1668 2459 ἄτοποι
1684 2420 1860 2458 τίκτονται
1882 2424 1941 2457 τοῦ
1959 2422 2078 2457 δεινοῦ·
2101 2420 2248 2463 πολλοὺς
2268 2420 2334 2471 γὰρ
2363 2422 2428 2472 οὔχ

1402 2486 1423 2528 ἡ
1445 2485 1507 2528 τῆς
1524 2483 1633 2533 ὄψεως
1658 2480 1754 2531 ὥρα,
1773 2479 1847 2517 οὐδὲ
1867 2483 1889 2525 ’ἡ
1911 2483 1973 2526 τῆς
1991 2480 2114 2530 μίξεως
2131 2480 2317 2530 ἐπιθυμία,
2338 2480 2428 2518 ἀλλὰ

1402 2543 1442 2581 τὸ
1468 2542 1650 2593 βούλεσθαι
1679 2543 1898 2592 καυχᾶσθαι,
1926 2541 1978 2578 ὅτι
1999 2540 2062 2590 τὴν
2083 2541 2177 2578 δεῖνα
2197 2541 2428 2587 ὖπεσκέλισα,

1404 2603 1463 2641 καὶ
1481 2604 1527 2647 εἷς
1545 2602 1703 2654 μοιχείαν
1724 2600 1896 2639 ἕνέὸαλον.

1457 2803 1528 2842 Καὶ
1547 2803 1580 2840 τί
1594 2804 1644 2840 δεῖ
1663 2802 1707 2840 τὰ
1729 2804 1820 2841 ἄλλα
1838 2802 1965 2853 λέγειν,
1983 2801 2047 2839 ὅσα
2067 2803 2217 2839 ἐντεῦθεν
2240 2800 2428 2851 βλαστάνει

1405 2865 1520 2913 κακά,
1551 2864 1694 2917 Μυρίων
1726 2864 1794 2916 γὰρ
1819 2863 1858 2901 ἂν
1889 2863 2030 2913 ἑλοίμην
2050 2862 2208 2914 γενέσθαι
2243 2861 2428 2913 βαρὸάρων

1407 2928 1544 2973 δοῦλος,
1572 2924 1595 2970 ἢ
1627 2924 1818 2968 κενοδοξίας
1847 2923 1965 2967 ἅπαξ·
1986 2922 2061 2960 οὐδὲ
2089 2922 2158 2973 γὰρ
2189 2921 2430 2960 ἐπιτάττουσιν

1407 2991 1529 3028 ἐκεῖνοι
1549 2989 1692 3024 τοιαῦτα
1720 2992 1790 3028 τοῖς
1820 2983 2080 3035 αἰχμαλώτοις,
2108 2978 2163 3020 οἷα
2191 2982 2278 3029 αὕτη
2301 2981 2432 3019 κελεύει

1406 3055 1476 3093 τοῖς
1508 3046 1684 3094 ὑπηκόοις.
1712 3046 1862 3084 Πάντων
1882 3044 1949 3095 γὰρ
1975 3044 2032 3081 ἔσο
2064 3045 2202 3091 δοῦλος,
2230 3042 2336 3094 φησὶ,
2368 3041 2432 3079 κᾶν

1406 3108 1643 3161 λαμπρότεςοί
1671 3122 1749 3154 σου,
1780 3105 1844 3143 κᾶν
1880 3104 2113 3157 εὐτελέστεροι
2140 3106 2294 3155 τύχωσιν
2314 3103 2407 3144 ὄντες
2424 3118 2431 3125 ·

1407 3169 1615 3222 καταφρόνει
1645 3170 1775 3219 ψυχῆς,
1807 3165 1981 3217 ἀμέλησον
2015 3167 2159 3216 ἀρετῆς,
2192 3163 2430 3215 καταγέλασον

1406 3230 1611 3283 ἐλευθερίας,
1626 3226 1819 3267 κατάθυσόν
1839 3242 1897 3264 σου
1917 3225 1980 3272 τὴν
1997 3226 2173 3277 σωτηρίαν
2189 3241 2197 3248 ·
2219 3224 2282 3262 κᾶν
2304 3224 2432 3275 ἀγαθόν

1405 3310 1438 3331 τι
1459 3292 1606 3342 ποιήσῃς
1619 3321 1628 3338 ,
1650 3288 1698 3339 μὴ
1719 3288 1803 3339 πρὸς
1823 3287 2003 3339 ἀρέσκειαν
2032 3292 2091 3325 τοῦ
2111 3289 2220 3333 Θεοῦ,
2238 3284 2328 3323 ἀλλὰ
2347 3285 2433 3336 πρὸς

1406 3351 1569 3395 ἐπίδειξιν
1588 3352 1657 3388 τῶν
1684 3350 1820 3386 πολλῶν
1836 3379 1845 3396 ,
1874 3347 1930 3386 ἵνα
1952 3348 2126 3399 ἀπολέσῃς
2145 3347 2202 3385 τὸν
2223 3346 2280 3383 ἐπὶ
2300 3344 2431 3386 τούτοις

351 3422 381 3460 51
406 3422 663 3472 eleemosynam
685 3420 827 3467 feceris,
856 3419 884 3456 si
910 3416 1147 3469 jejunaveris,
1174 3416 1331 3455 laborem
1355 3425 1378 3455 C
1407 3413 1572 3465 στέφανον
1593 3428 1599 3435 ·
1620 3410 1683 3449 κᾶν
1713 3412 1830 3461 ἐλεῇς,
1860 3409 1922 3447 κᾶν
1943 3407 2129 3458 νηστεύῃς,
2150 3407 2206 3445 τὸν
2235 3406 2297 3456 μὲν
2326 3404 2428 3442 πόνον
