2502 3810
137 1480 253 1509 coloss.
272 1481 300 1510 3.

882 245 1019 274 ,ΙΟΑΝΝ
1028 243 1064 273 IS
1100 241 1339 272 CHRYSOST.

353 232 443 289 584
806 245 843 274 S.

348 337 417 364 tem
432 327 655 374 memoravit,
675 339 743 363 non
781 326 890 376 dixit,
923 325 1163 378 Complantati
1203 324 1324 371 morti,

332 387 417 435 -sed,
434 388 687 425 similitudini
706 389 839 424 mortis
850 403 865 431 ,·
886 401 968 424 cum
986 395 1105 424 autem
1135 385 1179 423 de
1208 399 1327 423 resur-

1379 240 1402 269 A
1412 241 1567 270 RCHIEP
1576 260 1584 268 .
1624 239 1707 269 CON
1715 239 1790 270 STA
1799 240 1979 270 NTINOP.

1405 323 1484 360 *Ei
1516 322 1583 374 γὰρ
1612 321 1783 373 σύμφυτοι
1813 322 2005 373 γεγόναμεν
2042 325 2092 374 τῷ
2125 321 2324 373 ὁμοιώματι
2367 325 2426 360 τοῦ

1401 383 1549 421 θανάτου
1577 384 1702 430 αὐτου,
1723 383 1785 420 οὒκ
1815 386 1922 428 εἶπεν,
1951 383 2002 421 ὅτι
2028 386 2087 421 τοῦ
2108 382 2329 433 ὃμοιώματος
2362 399 2425 428 της

344 450 497 485 rectione
511 447 684 497 loquitur,
700 460 771 484 non
791 446 893 497 dicit,
909 446 1149 486 Similitudini
1169 459 1327 484 resurre—
1350 448 1373 478 Β
1401 443 1623 486 ἀναστάσεως
1636 442 1807 494 ἓσόμεθαξ,
1822 442 1928 489 ἀλ)ὰ“,
1941 443 2038 481 Καί-
2011 460 2081 493 της
2099 442 2332 486 ἀναστάσεως.
2347 441 2427 480 Ἵνα

343 509 479 555 ctionis,
493 507 564 556 sed,
577 507 695 559 Ipsius
708 507 974 545 resurrectionis
983 506 1127 545 erimus.
1139 507 1211 544 Nec
1221 505 1328 554 dixit,

341 568 438 605 Facti
454 581 590 613 sumus,
616 566 692 614 sed,
717 568 874 605 Erimus
883 583 898 612 ,·
913 566 998 604 hinc
1019 566 1202 605 declarans
1228 566 1329 603 illam

340 627 500 664 nondum
516 628 644 664 factam
664 626 967 676 resurrectionem,
985 626 1044 665 sed
1064 627 1236 665 futuram.
1255 627 1327 663 De-

340 687 438 735 inde,
464 697 502 724 ut
513 686 584 725 fide
603 687 756 738 dignum
775 701 971 726 sermonem
1003 687 1208 737 constituat,
1240 687 1327 725 alte-

338 763 416 785 ram
442 748 596 786 ostendit
620 749 925 797 resurrectionem,
955 763 1033 799 quae
1045 757 1125 786 ante
1144 748 1244 786 illam
1269 749 1328 786 hic

337 809 427 846 facta
463 818 526 857 est,
541 818 605 846 uta
627 809 787 861 praesenti
802 809 929 847 futurae
947 809 1054 847 fidem
1078 808 1220 847 habeas.
1236 810 1328 846 Cum

337 869 486 908 dixisset
495 870 600 919 enim,
620 883 683 907 nos
695 870 950 922 complantatos
971 870 1045 908 fore
1066 869 1326 918 resurrectioni,

338 931 457 969 addit:
484 933 520 969 6.
538 932 624 968 Hoc
640 932 1046 983 scientes,q110dvetus
1057 932 1170 968 homo
1200 939 1328 968 noster

337 992 453 1029 simul
488 991 695 1043 crucifixus
733 999 803 1038 est,
839 1000 880 1029 ut
934 993 1156 1029 destruatur
1192 1004 1326 1042 corpus

335 1054 484 1103 peccati
511 1067 526 1095 ;
561 1050 667 1088 simul
697 1060 730 1088 et
759 1065 901 1089 causam
936 1059 969 1088 et
994 1049 1328 1088 demonstrationem

337 1110 1327 1163 futu1aeresuiiectlonlsponensNecdixit7C1ucifixus

339 1172 859 1223 est,sed,Szmulcrztcis2115
876 1180 945 1218 est,
963 1171 1127 1224 proxime
1137 1170 1267 1210 admox
1269 1186 1328 1209 ens

339 1201 518 1286 baptisnia
553 1232 660 1269 cruci.
686 1232 771 1270 Ideo
802 1232 965 1284 superius
993 1232 1134 1271 dicebat
1169 1248 1177 1268 ε
1212 1234 1324 1271 Com-

342 1295 516 1346 plantati
548 1294 659 1345 facti
718 1307 848 1332 sumus
895 1294 1140 1332 similitudini
1192 1296 1326 1332 mortis

343 1358 438 1408 ejus,
473 1363 514 1392 ut
537 1354 760 1392 destruatur
792 1367 927 1406 corpus
964 1357 1137 1405 peccati,·
1159 1367 1228 1391 non
1256 1354 1323 1391 hoc

338 1429 466 1468 corpus
482 1416 531 1453 sic
551 1415 748 1467 appellans,
784 1415 846 1453 sed
891 1416 1094 1453 universam
1129 1415 1317 1453 malitiam.

337 1479 437 1518 Sicut
467 1477 560 1514 enim
601 1485 756 1515 veterem
782 1476 963 1514 hominem
1002 1476 1091 1515 dicit
1122 1476 1323 1514 universam

340 1541 526 1589 malitiam,
560 1540 610 1578 sic
654 1549 688 1578 et
731 1554 858 1592 corpus
892 1539 1046 1577 hominis
1088 1539 1186 1577 iHius
1223 1548 1325 1578 vocat

341 1602 516 1642 malitiam
567 1600 717 1639 diversis
747 1600 912 1650 nequitiae
943 1600 1104 1652 partibus
1164 1608 1324 1637 constan-

336 1674 420 1702 tem.
443 1661 550 1708 Quod
570 1669 690 1698 autem
713 1660 751 1698 id
768 1674 837 1698 non
863 1674 909 1698 ex
939 1661 1139 1712 conjectura
1166 1660 1324 1710 dicatur,

342 1740 361 1761 a
375 1723 486 1762 Paulo
500 1721 567 1758 hoe
581 1720 700 1773 ipsum
716 1720 882 1773 deinceps
898 1721 1097 1773 explicante
1112 1720 1211 1759 audi.
1237 1720 1325 1759 Cum

335 1784 483 1822 dixisset
513 1781 621 1827 enim,
663 1783 712 1819 Ut
742 1783 967 1820 destruatur
996 1796 1132 1832 eorpus
1163 1786 1327 1834 peccati,

331 1844 544 1898 subjunxit:
573 1844 622 1880 Ut
658 1857 737 1880 non
770 1844 877 1881 ultra
909 1847 1126 1882 serviamus
1151 1853 1324 1894 peccam.

332 1905 425 1943 Huic
453 1904 547 1942 enim
567 1902 685 1955 ipsum
703 1904 786 1943 volo
813 1917 888 1941 esse
917 1913 1115 1953 mortuum,
1136 1919 1205 1942 non
1227 1904 1274 1943 ita
1292 1907 1330 1942 ut

332 1967 491 2004 deleatur
507 1972 540 2001 et
551 1964 752 2016 {moriatur‚
781 1966 842 2004 sed
869 1974 906 2003 ut
925 1979 995 2003 non
1020 1974 1153 2017 peccet.
1179 1967 1230 2003 Ac
1248 1980 1330 2018 pro·

333 2041 491 2079 gressus,
512 2027 604 2066 illud
624 2026 745 2064 adhuc
767 2027 898 2066 clarius
919 2027 1028 2065 efficit
1046 2042 1053 2063 :
1077 2028 1112 2064 7.
1134 2027 1208 2078 Qui
1226 2031 1330 2064 enim

339 2097 509 2127 mortuus
529 2098 599 2138 est,
624 2088 754 2138 inquit,
775 2089 1018 2142 justificatus
1043 2097 1099 2126 est
1117 2102 1140 2125 a
1157 2097 1329 2137 peccato.

335 2149 389 2186 De
416 2149 512 2186 omni
531 2148 675 2186 homine
693 2148 762 2186 hoc
781 2148 881 2196 dicit,
903 2148 1003 2199 quod
1021 2148 1329 2199 quemadmodum

339 2210 400 2260 qui
417 2220 578 2248 mortuus
592 2219 657 2259 est,
675 2223 694 2246 a
714 2210 893 2261 peccando
904 2210 1048 2248 demum
1068 2211 1217 2259 desistit,
1234 2225 1328 2248 mor-

337 2278 419 2306 tuus
437 2284 517 2307 cum
528 2271 658 2321 jaceat:
678 2269 729 2307 sic
743 2270 804 2319 qui
821 2269 979 2308 ascendit
995 2285 1014 2307 a
1026 2270 1217 2321 baptismo.
1233 2271 1327 2317 Quia

339 2328 433 2366 euim
455 2329 532 2366 illic
561 2329 667 2366 semel
686 2338 847 2367 mortuus
877 2339 944 2377 cst,
969 2338 1109 2382 oportet
1129 2339 1168 2367 ut
1182 2330 1326 2368 omniuo

340 2399 501 2427 mortuus
515 2398 657 2441 peccato
673 2399 825 2427 maneat.

392 2739 427 2773 2.
444 2736 481 2773 Si
503 2749 586 2787 ergo
606 2744 768 2774 mortuus
786 2751 821 2774 es
839 2736 875 2774 in
894 2736 1085 2789 baptismo,
1116 2751 1218 2775 mane
1237 2752 1329 2776 mor-

339 2805 442 2834 tuus:
458 2797 587 2834 etenim
606 2796 770 2847 quisquis
789 2807 950 2836 mortuus
966 2808 1030 2846 est,
1050 2812 1120 2836 non
1139 2800 1233 2838 ultra
1247 2815 1329 2853 pec-

340 2870 418 2893 care
434 2866 546 2909 potest
559 2856 604 2894 :si
619 2867 737 2895 autem
752 2872 886 2909 pecces,
898 2859 966 2896 Dei
978 2858 1112 2897 donum
1127 2861 1327 2900 labefactas·

340 2918 531 2967 Postquam
546 2931 629 2969 ergo
645 2926 780 2956 tantam
799 2932 818 2955 a
840 2919 942 2957 nobis
961 2920 1227 2973 philosophiam
1245 2937 1329 2961 exe-

341 2977 403 3028 git,
423 2991 588 3015 coronam
616 2978 737 3016 statim
754 2978 900 3030 adjecit,
922 2978 1042 3019 dicens
1058 2997 1065 3017 z
1081 2982 1116 3020 8.
1132 2983 1171 3021 Si
1199 2993 1328 3022 autem

340 3041 482 3076 mortui
495 3052 623 3076 sumus
639 3051 725 3076 cum
742 3040 908 3078 Christo,
925 3041 1032 3091 Atqui
1046 3051 1079 3079 et
1093 3043 1168 3082 haec
1181 3054 1261 3083 ante
1272 3059 1326 3083 co·

384 3168 399 3182 ²*
425 3168 436 3209 [
454 3166 558 3210 Vulgo
572 3173 658 3202 εἰπὼν
674 3174 744 3213 γὰρ,
760 3174 796 3203 εἰ.
814 3168 1072 3204 Emendavimus
1085 3183 1123 3204 ex
1141 3174 1195 3216 A.]

384 3229 397 3243 a
417 3218 532 3250 Morel.
552 3218 637 3251 male
657 3224 752 3253 οὐκέτι
769 3223 842 3255 εἷπε.

385 3271 400 3294 b
425 3271 489 3311 [Α.
507 3273 590 3313 ἐγγὺς
617 3278 747 3314 ἀγαγών.
766 3272 860 3304 Idem
886 3284 963 3306 mox
989 3273 1116 3307 omittit
1142 3275 1229 3317 haec,
1249 3280 1302 3312 διὸ.
1324 3301 1346 3311 ..

342 3322 452 3362 ἑ’).εγε.]

384 3384 397 3397 c
423 3375 433 3415 [
448 3375 484 3405 A.
503 3379 623 3408 ἄκουσον
641 3379 729 3409 αὐτοῦ
744 3380 795 3408 τοῦ
812 3385 848 3410 Π.
871 3381 1018 3412 τοῦτοδιὰ
1035 3388 1091 3412 τῶν
1108 3383 1148 3419 ἐξ.
1170 3383 1346 3427 ἑρμηνεύον-

1399 503 1468 556 γὰρ
1484 503 1532 554 μὴ
1552 503 1657 554 λεγῃς
1671 532 1680 549 ,
1696 519 1755 540 και
1769 519 1866 550 πως,
1883 504 1913 540 εἷ
1930 503 1978 552 μὴ
1999 503 2251 554 ἀπεθάνομεν
2233 520 2279 546 υς
2298 503 2428 541 ἀπέθα-

1400 578 1469 609 νεν,
1492 562 1760 633 ἀναστησόμεθα
1787 564 1832 605 ὡς
1853 562 2002 608 ἀνέστη,
2019 562 2124 609 ἡνίκα
2153 563 2215 614 μὲν
2242 567 2301 601 τοῦ
2323 563 2428 600 θανά-

1395 639 1454 661 του
1487 622 1756 673 ἐμνημόνευσεν,
1778 624 1840 660 οὐκ
1868 626 1966 670 εἰπε,
1987 622 2158 674 σύμφυτοι
2189 639 2239 660 τω
2268 622 2427 674 θανάτυ,

1397 682 1509 731 ἀλλὰ,
1528 685 1623 734 Toi‘
1610 697 1808 733 ομοιωματι
1821 699 1880 720 mo
1895 683 2065 721 θανάτου·
2087 683 2191 729 ἡνίκα
2210 683 2244 721 δὲ
2265 700 2328 730 της
2347 686 2429 721 ἀνα-

1396 744 1569 790 στάσεως,
1589 747 1603 764 ³
1617 746 1678 781 οὐκ
1695 738 1782 791 εἶπε,
1805 746 1854 795 τῷ
1882 743 2081 793 ὁμοιώματι
2104 747 2166 790 τῆς
2184 744 2405 786 ἀναστάσεως
2418 773 2427 790 ,

1396 805 1473 841 ἀλλ’
1486 833 1497 851 ,
1521 804 1626 850 αὖτῆς
1645 807 1708 850 τῆς
1730 803 1952 847 ἀναστάσεως
1973 803 2134 854 ἐσόμεθα.
2156 804 2227 842 Καὶ
2243 806 2306 842 οὐκ
2326 798 2401 842 εἷπε
2416 833 2426 849 ,

1396 864 1598 916 γεγόναμεν,
1625 865 1716 912 ἀλλ’,
1737 864 1914 915 Ἐσόμεθα
1926 894 1936 912 ,
1956 864 2016 902 καὶ
2044 864 2156 916 τούτῳ
2175 865 2281 903 πάλιν
2310 866 2426 910 δηλῶν

1393 927 1444 977 τῷ
1467 925 1598 977 ῥήματι
1620 924 1754 971 ἐκείνην
1779 924 1841 972 τὴν
1858 924 1994 963 οὐδέπω
2016 923 2250 975 γεγενημένην
2276 923 2427 962 ἀνάστα-

1397 1002 1465 1033 σιν,
1496 986 1586 1025 ἀλλὰ
1625 986 1832 1037 μέλλουσαν.
1864 979 1956 1024 Εἶτα
1995 986 2202 1037 βουλόμενος
2230 985 2426 1030 ἀξιόπιστον

1396 1051 1544 1095 ποιῆσαι
1570 1047 1628 1085 τὸν
1656 1048 1771 1098 λόγον,
1797 1046 1968 1084 δείκνυσιν
1997 1047 2116 1099 ἑτέραν
2149 1046 2338 1085 ἀνάστασιν
2368 1048 2427 1084 ἐν-

1365 1126 1370 1135 ’
1394 1111 1506 1146 ταῧθα
1524 1107 1711 1158 γενομένην
1731 1108 1799 1160 πρὸ
1819 1107 1971 1155 ἐκείνης,
1996 1107 2053 1145 ἵνα
2081 1107 2150 1145 ἀπὸ
2169 1110 2231 1152 τῆς
2249 1107 2427 1160 παρούσης

1394 1168 1453 1206 καὶ
1469 1171 1510 1219 τῇ
1532 1167 1706 1219 μελλούσῃ
1726 1167 1931 1219 πιστεύσῃς.
1950 1167 2073 1206 Εἰπὼν
2088 1167 2175 1219 γὰρ,
2188 1167 2239 1205 ὅτι
2256 1168 2427 1220 σύμφυτοι

1392 1228 1543 1279 ἐσόμεθα
1562 1232 1624 1275 τῆς
1638 1228 1861 1271 ἀναστάσεως
1873 1259 1882 1276 ,
1903 1228 2060 1279 ἐπήγαγε
2073 1243 2081 1251 ·
2101 1230 2134 1266 Τ
2137 1231 2216 1267 οῧτο
2230 1227 2421 1279 γινώσκον-

1391 1305 1464 1334 τες,
1493 1289 1546 1326 ὅτι
1565 1291 1582 1326 ὁ
1609 1289 1758 1331 παλαιὸς
1786 1291 1886 1338 ἡμῶν
1920 1289 2101 1339 ἅνθρωπος
2135 1288 2426 1341 συνεσταυρώθη,

1389 1349 1444 1386 ινα
1463 1365 1575 1400 καταρ
1578 1353 1667 1400 γηθῃ
1691 1350 1730 1387 τὸ
1760 1352 1863 1399 σῶμα
1883 1352 1945 1394 τ’ἧς
1965 1348 2158 1400 ἁμαρτίας·
2187 1352 2273 1398 ὁμοῦ
2293 1364 2353 1387 και
2374 1351 2427 1386 αἷ-

1388 1410 1464 1447 τίαν
1484 1426 1543 1447 και
1565 1409 1740 1453 ἀπόδειξιν
1760 1413 1822 1455 τῆς
1839 1409 2035 1458 μελλούσης
2055 1409 2160 1452 τιθεις
2184 1410 2423 1454 ἀναστάσεως,

1391 1470 1462 1508 Καὶ
1486 1482 1546 1507 ουκ
1577 1473 1689 1516 εἶπεν,
1719 1469 1956 1521 ἐσταύρωται,
1977 1469 2086 1515 ἀλλα,
2115 1469 2427 1523 Συνεσταύρωται,

1393 1528 1474 1581 bSY·
1461 1546 1521 1572 [υς
1542 1529 1634 1580 ᾱγω]
1652 1546 1691 1568 'to
1723 1530 1796 1581 βαπ
1798 1545 1908 1580 τῑσμα
1932 1546 1981 1567 τὺ)
2001 1545 2151 1582 σἀυρω.
2174 1530 2238 1568 Διΐ.)
2256 1531 2315 1568 καὶ
2336 1532 2427 1568 &Wlffl-

1393 1590 1432 1627 τέ
1439 1605 1486 1641 pt»)
1501 1589 1616 1641 ἔλεγε,
1636 1589 1818 1642 Σύμφυτοι
1833 1593 1882 1642 τῷ
1904 1591 2102 1641 ὁμοιώματι
2116 1594 2174 1629 τοῦ
2199 1591 2346 1629 θανάτου
2363 1593 2429 1628 αὖ·

1393 1654 1454 1688 τοῦ
1470 1649 1676 1702 γεγόναμεν,
1692 1650 1751 1688 ἵνα
1763 1654 1968 1703 καταργηθῇ
1986 1651 2024 1689 τὸ
2039 1654 2142 1702 σῶμα
2160 1655 2222 1698 τῆς
2237 1650 2428 1704 ἁμαρτίας,

1395 1713 1432 1749 οὐ
1453 1711 1492 1748 τὸ
1521 1713 1625 1762 σῶμα
1660 1715 1761 1749 τοῦτο
1791 1711 1882 1749 οὕτω
1910 1714 2040 1760 καλῶν,
2059 1712 2150 1751 ἀλλὰ
2169 1713 2232 1759 τὴν
2259 1711 2427 1764 πονηρίαν

1397 1772 1549 1811 ἅπασαν.
1573 1773 1712 1825 υΩσπερ
1742 1772 1809 1825 γὰρ
1842 1774 1990 1811 παλαιὸν
2024 1773 2206 1826 ἄνθρωπον
2238 1773 2332 1824 λέγει
2363 1772 2426 1818 τὴν

1397 1833 1586 1886 ὁλόκληρον
1607 1834 1746 1882 κακίαν,
1763 1834 1854 1872 οὕτω
1868 1834 1927 1872 καὶ
1944 1837 2048 1884 σῶμα
2067 1839 2126 1872 τοῦ
2141 1833 2322 1887 ἀνθρώπου
2339 1833 2428 1871 ἐκεί-

1397 1910 1454 1932 νου
1477 1895 1539 1942 τὴν
1565 1895 1635 1933 ἀπὸ
1654 1899 1722 1934 τῶν
1746 1895 1918 1946 διαφόρων
1942 1898 2055 1947 μερῶν
2090 1894 2259 1946 πονηρίας
2289 1909 2427 1944 συγκει-

1399 1954 1506 2006 μένην
1532 1955 1638 1994 πάλιν
1667 1955 1805 1994 κακίαν.
1827 1955 1898 1993 Καὶ
1930 1955 1983 1994 ὅτι
2016 1957 2053 1994 οὗ
2083 1954 2282 2007 στοχασμὸς
2310 1954 2349 1992 τὸ
2378 1955 2426 1991 εἷ-

1400 2015 1561 2068 ρημένον,
1581 2017 1674 2054 “eino
1693 2020 1752 2054 τοῦ
1774 2016 1916 2054 Παύλου
1951 2021 2050 2054 τοῦτο
2084 2017 2166 2054 αὐτὸ
2189 2014 2246 2053 διὰ
2265 2018 2332 2052 τῶν
2349 2014 2427 2060 ἑξῆς

1397 2076 1675 2150 ἑρμηνεύσαντος
1695 2076 1853 2115 ἄκουσον.
1874 2075 1996 2114 Εἰπὼν
2021 2076 2102 2128 γαρ,
2123 2075 2202 2113 Ἵνα
2221 2078 2425 2127 καταργηθῃ

1396 2154 1435 2176 το
1462 2139 1565 2188 σῶμα
1589 2153 1650 2182 της
1676 2137 1872 2191 ἁμαρτίας,
1893 2137 2073 2188 ἓπηγαγε·
2091 2139 2163 2175 Τοῦ
2196 2136 2322 2187 μηκέτι
2351 2137 2426 2173 δου-

1394 2198 1503 2236 λεύειν
1524 2201 1618 2248 ἡμας
1633 2200 1675 2249 τῇ
1696 2199 1814 2251 ἁμαρτ
1802 2197 1864 2236 .ία.
1883 2196 2004 2248 Ταύτῃ
2025 2197 2092 2249 γαρ
2119 2196 2203 2234 αὐτὸ
2231 2201 2318 2233 εἰναι
2349 2195 2428 2247 βού-

1394 2260 1501 2308 λομαι
1520 2274 1554 2296 νε
1557 2274 1651 2309 κρον,
1682 2261 1748 2310 οὖγ
1766 2258 1816 2295 ὥσ
1819 2274 1856 2295 τε
1878 2260 2111 2309 ἀφανισθηναι
2130 2274 2189 2295 και
2222 2260 2427 2302 ἀποθανεῖν,

1393 2320 1470 2355 ἀλλ’
1493 2318 1582 2355 ὥστε
1601 2319 1648 2367 μὴ
1668 2318 1898 2369 ἁμαρτάνειν.
1919 2318 1988 2356 Καὶ
2001 2317 2132 2370 προϊὼν
2149 2318 2199 2355 ἔτι
2215 2317 2424 2369 σαφέστερον

1395 2379 1479 2416 αὐτὸ
1503 2383 1615 2415 ποιεῖ·
1635 2378 1680 2415 ‘O
1695 2378 1764 2430 γὰρ
1780 2377 1974 2425 ἀποθανὼν,
1994 2378 2099 2430 φησὶ,
2117 2377 2340 2415 δεδικαίωται
2356 2378 2426 2415 ἀπὸ

1394 2441 1455 2483 τῆς
1476 2437 1661 2489 ἁμαρτίας.
1686 2438 1776 2489 Περὶ
1809 2438 1937 2480 παντὸς
1966 2437 2147 2489 ἀνθρώπου
2177 2437 2279 2476 τοῦτο’
2307 2453 2425 2489 φησιν,

1870 2498 2123 2545 ᾱάπῆλλακται
2149 2499 2188 2537 τὸ
2219 2499 2340 2537 λοιπὸν
2366 2504 2426 2537 τοῦ

1392 2499 1444 2538 δ’τι
1463 2498 1582 2550 ὥσπερ
1610 2502 1627 2537 ὃ
1661 2498 1843 2537 ἀποθανὼν

1393 2559 1622 2611 ἁμαρτάνειν,
1640 2560 1759 2611 νεκρὸς
1778 2558 1937 2609 κείμενος
1953 2588 1962 2606 ,
1982 2558 2072 2597 οὕτω
2092 2559 2151 2598 καὶ
2171 2562 2188 2597 ὁ
2209 2559 2340 2602 ἀναὲὰς
2358 2559 2426 2597 ἀπὸ

1394 2625 1454 2658 τοῦ
1486 2619 1749 2671 βαπτίσματος·
1770 2619 1890 2666 ἐπειδὴ
1920 2619 1988 2672 γὰρ
2021 2619 2113 2664 ἅπαξ
2146 2619 2313 2658 ἀπέθανεν
2340 2620 2424 2663 ἐκεῖ,

1397 2681 1516 2732 νεκρὸν
1538 2682 1588 2718 δεῖ
1611 2680 1724 2730 μένειν
1748 2680 1935 2723 διαπαντὸς
1953 2683 1996 2732 τῇ
2019 2679 2186 2732 ἁμαρτία.

1450 2743 1494 2779 Εἰ
1523 2741 1635 2779 τοίνυν
1665 2741 1833 2784 ἀπέθανες
1862 2743 1895 2779 ἓν
1924 2743 1974 2793 τῷ
2005 2741 2242 2792 βαπτίσματι,
2263 2739 2344 2792 μένε
2373 2756 2426 2778 νε-

1398 2802 1479 2855 κρός
1493 2819 1500 2826 ·
1523 2803 1582 2841 καὶ
1602 2801 1670 2854 γὰρ
1691 2802 1835 2845 ἕκαστος
1863 2801 2060 2850 ἀποθανὼν,
2079 2802 2194 2840 οὐκέτι
2215 2802 2425 2855 ἁμαρτάνειν

1400 2864 1528 2903 δύναιτ’
1555 2863 1594 2901 ἄν
1609 2879 1616 2886 ·
1639 2865 1670 2900 εἶ
1685 2862 1721 2900 ῗὲ
1743 2863 1979 2915 ἁμαρτάνεις,
1996 2862 2149 2915 λυμαίνῃ
2170 2868 2228 2901 τοῦ
2249 2864 2341 2901 Θεοῦ
2362 2862 2425 2908 τὴν

1399 2924 1545 2978 δωρεάν.
1576 2923 1791 2970 Ἀπαιτησας
1816 2924 1929 2962 τοίνυν
1964 2923 2134 2970 τοσαύτην
2167 2926 2261 2973 ἡμᾶς
2289 2924 2428 2975 φιλοσο-

1401 2985 1493 3037 φίαν,
1509 2985 1569 3022 καὶ
1591 2984 1648 3022 τὸν
1680 2984 1846 3036 στέφανον
1867 2983 2024 3036 θταχέως
2043 2984 2215 3035 ἐπήγαγε,
2233 2982 2343 3034 λέγων
2357 2997 2364 3005 ·
2382 2983 2428 3019 Εἰ

1401 3046 1437 3085 δὲ
1457 3046 1675 3096 ἀπεθάνομεν
1697 3045 1757 3082 σὺν
1778 3047 1932 3099 Χριστῷ.
1953 3044 2077 3083 Καίτοι
2092 3044 2151 3082 καὶ
2167 3049 2267 3082 τοῦτο
2286 3043 2353 3094 πρὸ
2368 3045 2428 3080 τοῦ

1414 3192 1481 3217 τος,
1502 3175 1647 3218 melius]

1459 3229 1475 3253 d
1501 3229 1562 3271 [A.
1580 3235 1633 3262 ἀπ.
1653 3232 1705 3261 τοῦ
1726 3231 1825 3262 λοιπὸν
1846 3232 1980 3274 ἀμφι,
2001 3235 2034 3259 et.
2049 3226 2148 3270 paulo
2164 3234 2241 3270 post
2263 3228 2354 3264 οὕτως
2377 3230 2427 3259 καὶ

1415 3286 1465 3314 τὸν
1481 3284 1633 3314 &mebi-au
1649 3285 1679 3312 α’.
1699 3295 1727 3313 τ-
1744 3285 1776 3322 β·
1793 3283 1954 3325 ἐπειδήπερ
1969 3280 2121 3321 ἅπαξ...]

1458 3338 1469 3351 ²
1494 3333 1615 3374 [ἐπάγει
1632 3337 1757 3375 ταχέως,
1776 3332 1822 3363 sic
1840 3332 1894 3373 A.]
