2466 3805
89 1413 119 1432 2.
143 1402 254 1435 Con-S

103 2811 218 2839 Ναυῆ.
237 2808 266 2838 6.

103 2853 154 2881 33.

108 2996 196 3023 Psal.
219 2993 268 3024 36

106 3035 157 3064 25.

304 264 394 320 204
748 276 786 305 s.

290 359 343 396 ria
369 356 524 395 1··.cdde1e
547 357 618 394 Cur
641 355 761 405 fugis?
780 353 912 401 Etiam,
931 349 1087 399 inquIes;
1112 346 1173 383 sed
1200 358 1270 381 non

824 271 1012 304 JOANMS
1049 264 1293 298 CHRYSOST.
1333 262 1550 293 ARCHIEP.
1589 263 1956 294 CONSTANTINOP-

1343 359 1460 395 φησιν,
1476 345 1552 381 ἀλλ’
1573 345 1610 381 οὖ
1639 343 1788 394 δύναμαι
1815 344 1973 395 φυλάξαι.
1993 346 2130 384 Οὐκοῦν
2150 344 2193 383 τὰ
2212 344 2362 383 ἀδύνατα

289 433 433 471 possum
455 431 510 454 me
528 415 712 453 continere
734 413 830 464 Eigo
851 408 1085 462 impossibilia
1104 405 1271 458 praecepit
1293 405 1318 435 D
1343 404 1503 448 ἐπέταξεν
1522 408 1540 442 ὃ
1559 404 1669 451 Θεός;
1689 404 1772 442 Ἀπὸ
1792 405 1911 443 τούτου
1941 404 2056 443 πάντα
2083 405 2363 457 ἀνατέτραπται,

289 479 410 518 Deus?
429 478 520 515 Hinc
543 475 659 513 omnia
684 475 774 511 subt
778 487 853 510 ersa
880 481 975 521 sunt,
996 471 1080 507 hinc
1111 467 1270 506 mundus

287 554 364 578 cori
368 547 470 590 uptus
492 546 553 582 est,
572 535 656 585 quia
680 548 782 571 nemo
805 541 905 570 emat
931 530 1131 569 secundum
1150 529 1268 565 Deum

286 601 419 639 vivere.
444 595 692 635 catechumeni
715 595 783 632 hoc
807 602 980 659 curantes,
994 591 1131 629 nullam
1147 589 1191 627 de
1210 603 1266 626 rc·

285 669 338 698 cta
357 659 430 697 vita
445 658 573 694 habent
591 654 890 693 sollicitudinem·
882 684 891 702 ,
915 653 977 704 qui
997 666 1083 692 vero
1095 652 1170 703 jam
1187 658 1269 687 sunt

283 718 488 767 illuminati,
503 718 630 755 horum
650 716 723 763 alii,
739 715 823 767 quia
842 715 961 752 adhuc
981 727 1063 751 cum
1087 710 1192 765 pueri
1213 724 1267 748 es-

282 790 357 819 sent
374 780 549 832 baptisma
567 787 792 830 acceperunt3
815 778 888 826 alii,
905 777 990 828 quia
1006 775 1221 814 differebant
1236 782 1270 810 et

283 842 319 879 in
334 841 457 879 morbo
476 841 621 878 demum
646 839 682 877 id
710 847 932 891 acceperunt,
950 838 1033 888 quia
1050 836 1190 874 nullum
1204 835 1269 872 ha-

281 903 413 940 bebant
441 901 600 940 studium
624 900 772 939 vivendi
792 900 988 938 secundum
1009 901 1139 947 Deum,
1158 911 1269 948 neque

283 964 322 1002 hi
343 963 491 1002 studiosi
512 972 609 1013 sunt3
626 962 687 1013 qui
706 971 824 1000 autem
843 962 930 999 bene
949 961 1104 999 valentes
1127 973 1269 1010 accepe-

284 1034 381 1073 runt,
392 1038 520 1077 parum
544 1033 577 1062 et
602 1023 671 1076 ipsi
688 1022 797 1061 studii
824 1023 1005 1071 exhibent,
1024 1031 1056 1059 et
1075 1021 1194 1059 statim
1213 1035 1270 1057 ar-

285 1086 406 1124 dentes
430 1086 557 1134 effecti,
575 1094 695 1137 postea
720 1094 753 1122 et
772 1084 840 1136 ipsi
869 1085 987 1136 ignem
1010 1083 1268 1121 exstinxerunt.

286 1149 413 1184 Annon
443 1155 541 1199 potes
569 1145 763 1197 negotiari.0
783 1159 829 1182 an
857 1146 902 1182 ab
926 1159 1038 1182 uxore
1065 1153 1099 1182 te
1124 1143 1271 1195 separo?

286 1210 318 1246 A
344 1207 571 1245 fornicatione
597 1206 752 1244 secludo.
777 1207 874 1244 Num
900 1220 920 1243 a
945 1205 1175 1257 pecuniarum
1204 1218 1271 1241 usu

286 1269 413 1306 arceo?
433 1269 486 1305 Ab
506 1267 656 1305 avaritia
680 1276 819 1304 tantum
844 1275 877 1303 et
906 1265 1042 1318 rapina.
1063 1266 1160 1303 Num
1186 1278 1272 1316 cogo

287 1337 335 1375 te,
359 1337 399 1366 ut
417 1327 534 1366 omnia
553 1327 743 1365 effundas?
766 1328 883 1364 Pauca
904 1335 1043 1363 tantum
1062 1340 1107 1364 ex
1126 1326 1273 1363 faculta-

288 1390 385 1428 tibus
405 1390 522 1441 egenis
537 1403 680 1441 erogare
691 1389 799 1441 jubeo
815 1392 843 1435 Γ
845 1388 886 1425 A
890 1389 1105 1426 bundantia
1124 1397 1270 1435 vestra,

289 1451 420 1502 inquit,
443 1452 496 1488 ad
511 1451 668 1488 illorum.
688 1453 894 1501 inopiam)
908 1465 919 1485 .·
944 1463 984 1487 ac
999 1463 1110 1500 neque
1125 1449 1173 1486 ita
1191 1463 1273 1501 per-

289 1512 489 1550 suademus.
506 1513 602 1549 Num
618 1511 663 1548 ad
675 1510 913 1563 jejunandum
938 1510 1123 1561 cogimus?
1145 1510 1273 1548 Ebrie-

288 1583 397 1612 tatem
415 1583 449 1611 et
476 1573 598 1624 gulam
623 1573 837 1611 cohibemus.
856 1572 923 1610 Illa
947 1581 1174 1624 amputamus
1197 1586 1275 1621 quae

288 1634 356 1672 tibi
383 1634 642 1686 turpitudinem
667 1634 818 1670 afferunt
835 1649 842 1669 :
859 1647 937 1683 quae
963 1633 1020 1671 vel
1041 1641 1120 1670 ante
1147 1633 1276 1683 gehen-

289 1710 371 1734 nam
386 1695 553 1747 fugienda
577 1703 610 1732 et
629 1694 710 1732 odio
726 1693 888 1731 habenda
903 1707 977 1730 esse
1000 1702 1038 1730 tu
1054 1693 1128 1745 ipse
1143 1693 1275 1730 fateris.

289 1758 385 1794 Num
396 1756 440 1793 ab
455 1755 687 1793 oblectatione
698 1763 729 1792 ct
740 1754 870 1806 gaudio
885 1754 1012 1792 arceo?
1026 1756 1057 1791 Α
1071 1754 1168 1808 turpi
1186 1762 1278 1791 certe

291 1825 324 1854 ct
339 1816 498 1867 indigno.

340 1878 381 1915 4.
406 1876 503 1923 Quid
532 1875 663 1913 times?
681 1875 767 1926 quid
799 1874 999 1912 formidas?
1016 1873 1105 1925 quid
1128 1874 1277 1912 nemis?

1289 1906 1336 1932 190

1344 464 1412 502 ἀπὸ
1430 465 1550 503 τούτου
1575 465 1620 503 τὰ
1634 467 1695 510 τῆς
1711 465 1912 516 οἰκουμένης
1941 465 2162 517 διέφθαρται,
2183 468 2235 503 ὅτι
2258 465 2365 508 οὐδεὶς

1342 525 1451 563 οὐδενὶ
1467 526 1594 569 σκοπὸς
1607 525 1698 563 κατὰ
1716 526 1805 564 Θεὸν
1826 528 1898 578 ζῇν.
1918 529 1965 565 Οἱ
1987 526 2047 577 μὲν
2067 531 2123 565 οὐν
2141 526 2365 579 κατηχούμε-

1340 602 1391 624 νοι
1416 602 1515 625 τουτο
1539 587 1809 635 σπουδάζοντες,
1841 586 2003 637 οὐδεμίαν
2029 591 2208 625 ποιοῦνται
2235 587 2363 637 ἐπιμε-

1340 648 1436 685 λειαν
1452 650 1551 701 ὀρθοῦ
1571 650 1647 699 βιοῦ
1659 663 1667 671 ·
1688 650 1719 685 οἱ
1735 648 1771 686 δὲ
1784 648 1851 694 ἤδη
1868 624 2092 699 φωτισθέντες
2103 678 2112 695 ,
2132 647 2149 667 ¹²
2162 651 2193 686 οἱ
2213 649 2273 698 μὲν
2290 648 2367 686 ἐπεὶ

1340 711 1461 753 παῖδες
1479 709 1572 752 ὄντες
1595 715 1696 748 τοῦτο
1714 709 1860 755 ἔλαὸον,
1889 711 1919 746 οἳ
1949 707 1985 746 δὲ
2015 710 2049 746 ἓν
2079 708 2275 761 ἀρρωστίᾳ,
2305 710 2366 747 καὶ

1342 769 1599 821 ἀνενεγκόντες,
1616 769 1734 817 ἐπειδὴ
1759 769 1807 820 μὴ
1830 762 1922 821 εἶχον
1948 768 2141 822 προθυμίαν
2165 768 2242 806 τινὰ
2261 770 2365 815 ζῆσαι

1342 830 1398 869 δια
1419 831 1524 879 Θεὸν,
1546 830 1622 869 οὐδὲ
1638 825 1729 869 οῧτοι
1750 830 1903 878 σπουδὴν
1927 829 2095 868 τίθενται·
2115 832 2146 868 οἱ
2163 829 2199 867 65
2215 831 2249 868 ἐν
2269 829 2368 880 ὑγεία

1341 893 1522 939 λαοόντες,
1535 892 1653 945 ὀλίγην
1668 892 1796 939 ταύτην
1814 892 1874 930 καὶ
1891 891 1987 930 αὐτοι
2002 891 2274 938 ἐπιδείκνυνται,
2307 890 2368 928 καὶ

1342 953 1427 1004 πρὸς
1455 953 1495 991 τὸ
1528 953 1638 1005 παρὸν
1668 951 1880 995 διατεθέν-,ες
1901 950 2038 1004 θερμοι,
2060 950 2148 1000 μετὰ
2172 965 2283 987 ταυτα
2307 965 2368 986 και

1343 1009 1435 1052 οὗτοι
1451 1014 1490 1052 τὸ
1506 1018 1574 1066 πῦρ
1588 1014 1747 1052 ἔσὸεσαν.
1768 1013 1828 1060 Μὴ
1850 1013 1917 1066 γὰρ
1935 1014 1997 1051 οὐκ
2013 1011 2062 1048 ἔνι
2082 1010 2265 1063 πράγμασι
2279 1012 2372 1062 χρῆ-

1344 1078 1440 1122 σθαι,
1459 1074 1506 1126 μὴ
1529 1075 1594 1126 γὰρ
1615 1078 1678 1122 τῆς
1700 1073 1860 1126 γυναικός
1883 1089 1922 1112 σε
1954 1072 2108 1123 διείργει),
2133 1070 2303 1123 Πορνείας
2331 1085 2370 1108 σε

1345 1136 1511 1188 ἀπείργω.
1533 1136 1594 1183 Μὴ
1616 1136 1683 1187 γὰρ
1715 1138 1778 1181 τῆς
1811 1138 1878 1173 τῶν
1913 1134 2105 1187 χρημάτων
2127 1131 2368 1178 ἀπολαύσεως,

1344 1197 1549 1241 Πλεονεξίας
1570 1197 1629 1235 καὶ
1649 1198 1820 1249 ἁρπαγῆς.
1852 1196 1914 1243 Μὴ
1939 1195 2006 1247 γὰρ
2041 1194 2224 1246 ἀναγκάζω
2255 1192 2371 1230 πάντα

1344 1261 1515 1306 κενῶσαι,
1542 1258 1670 1310 Ὀλίγα
1686 1258 1755 1296 ἀπὸ
1771 1260 1839 1295 τῶν
1858 1256 1998 1295 ἐνόντων
2016 1257 2131 1294 δοῦναι
2155 1259 2226 1297 τοῖς
2246 1251 2370 1303 δεομέ-

1345 1335 1414 1362 νοις
1431 1320 1504 1367 (Τὸ
1517 1322 1612 1369 ὑμῶν
1623 1317 1858 1370 περίσσευμα,
1877 1316 1992 1369 φησὶν,
2011 1318 2058 1359 εἷς
2068 1315 2106 1353 τὸ
2124 1315 2260 1353 ἐκείνων
2271 1312 2372 1351 ὑστέ-

1348 1384 1479 1432 ρημα)·
1504 1380 1563 1418 καὶ
1597 1379 1675 1417 οὐδὲ
1704 1379 1793 1416 οὕτω
1822 1378 1998 1428 πείθομεν.
2022 1377 2082 1423 Μὴ
2100 1375 2166 1427 γὰρ
2193 1374 2371 1420 νηστεύειν

1348 1441 1558 1493 βιάζομεν;ι
1549 1443 1605 1479 Με
1608 1441 1698 1479 θύειν
1719 1440 1896 1490 κωλύομεν
1911 1437 2236 1514 καιγαστρίζεσθαι.
2249 1438 2374 1474 Ταῦτα

1346 1519 1389 1541 πε
1376 1508 1603 1555 -ριαιροῦμεν,
1623 1502 1644 1540 ὰ
1679 1501 1927 1554 ἀσχημοσύνην
1959 1516 2013 1539 σοι
2040 1500 2154 1552 φέρει,
2178 1515 2199 1536 α
2224 1497 2282 1536 καὶ
2303 1497 2371 1549 πρὸ

1346 1565 1408 1608 τῆς
1431 1579 1601 1613 γεέννηςε
1587 1562 1778 1600 ἓντευθεν”
1756 1564 1823 1608 ηδτ,
1845 1560 1976 1613 φευκτὰ
1995 1577 2054 1599 και
2075 1575 2206 1611 μισητα
2232 1575 2291 1596 και
2310 1560 2371 1596 αὖ·

1347 1625 1403 1666 τὸς
1423 1628 1509 1661 εἶναι
1528 1639 1577 1660 συ
1570 1625 1707 1673 κομοὶτ
1698 1628 1780 1674 γεῖς.
1798 1622 1859 1668 Μὴ
1880 1622 1947 1673 γὰρ
1965 1621 2108 1667 ηδεσΟαι
2135 1620 2194 1658 καὶ
2211 1619 2370 1671 χαίρειν,

1348 1682 1455 1722 'Aba
1474 1683 1522 1734 μὴ
1540 1685 1693 1735 αἷσΑριις
1713 1682 1801 1733 μηδε
1821 1681 1980 1725 ἀναξίως.

1401 1866 1448 1906 Τί
1473 1867 1530 1906 65
1494 1882 1648 1915 οοικας,
1667 1867 1701 1904 τί
1720 1866 1828 1919 (ροῖ,
1858 1864 1893 1903 τί
1920 1865 2079 1919 τρέμεις,
2097 1863 2209 1902 Ἔνθα
2237 1863 2370 1914 γάμος,

290 1938 363 1976 Ubi
389 1937 617 1985 connubium,
637 1937 700 1974 ubi
719 1950 829 2003 opum
847 1936 1010 1985 facultas,
1031 1936 1095 1974 ubi
1115 1936 1278 1973 modera-
1301 1945 1327 1973 A
1350 1930 1429 1968 ἔνθα
1445 1945 1588 1981 γρηματ
1578 1945 1638 1966 ων
1656 1929 1747 1967 ἀπό)
1750 1943 1863 1973 αυσῑς,
1893 1926 2012 1965 5232*
2022 1925 2131 1978 ’ρθᾷὴ
2153 1925 2371 1976 <maffia-poe,

289 2008 347 2037 tus
377 1999 490 2046 cibus,
509 2012 587 2048 quae
611 1997 746 2049 peccati
775 1996 910 2034 occasio
930 1997 1008 2034 est?
1032 1997 1141 2047 Atqui
1166 1996 1278 2034 exteii

291 2060 464 2097 contraria
488 2059 685 2110 imperant,
717 2067 748 2096 ct
776 2058 862 2109 ipsis
890 2058 1164 2110 obtemperatur.
1196 2058 1276 2095 Non

291 2121 385 2158 enim
407 2135 452 2158 ex
470 2121 527 2169 iis,
547 2134 624 2170 quae
645 2128 847 2171 suppetunt,
867 2119 1035 2169 exigunt;
1052 2119 1115 2156 sed
1135 2118 1275 2169 dicunt,

294 2183 450 2219 Tantum
461 2182 544 2219 dare
555 2189 691 2232 oportet
703 2196 710 2216 :
725 2180 754 2217 si
767 2189 1011 2231 paupertatem
1023 2179 1205 2229 obtendas,
1218 2193 1278 2217 ne-

293 2258 362 2294 que
381 2244 431 2281 sic
448 2243 630 2280 desistunt.
650 2241 815 2279 Christus
835 2250 953 2278 autem
968 2255 1036 2278 non
1049 2241 1118 2289 sic;
1132 2241 1194 2278 sed
1210 2241 1275 2291 ait,

294 2305 354 2343 Ex
367 2305 411 2341 iis
429 2318 505 2354 quae
519 2303 628 2340 habes
641 2301 737 2351 dato,
754 2311 855 2352 teque
870 2302 905 2338 in
921 2302 1038 2353 primo
1051 2301 1174 2339 ordine
1190 2315 1275 2339 con-

297 2366 456 2404 stituam.
475 2366 631 2402 Rursum
651 2363 720 2411 illi,
737 2362 776 2401 Si
786 2363 854 2410 vis,
874 2362 984 2410 aiunt,
996 2362 1111 2400 clarus
1123 2377 1208 2411 esse,
1225 2377 1278 2400 re-

295 2426 418 2476 linque
433 2435 584 2477 patrcm,
598 2433 758 2472 matrem,
771 2432 950 2474 cognatos,
963 2422 1184 2471 domesticos,
1199 2424 1279 2462 etin

296 2487 393 2539 regia
417 2486 550 2535 adesto,
563 2487 599 2522 in
612 2485 744 2531 labore,
753 2484 909 2533 miseria,
922 2485 1102 2533 servitute,
1115 2484 1280 2522 aerumnis

298 2548 539 2598 sexcentisque
570 2547 673 2584 malis
690 2562 697 2582 :
714 2545 876 2583 Christus
906 2559 990 2583 vero
1020 2559 1089 2583 non
1121 2546 1184 2593 sic,
1206 2546 1278 2595 sed,

297 2611 384 2649 Esto
407 2610 503 2648 domi
528 2623 609 2646 cum
628 2622 741 2646 uxore
756 2616 789 2645 et
807 2606 944 2656 liberis,
967 2607 1063 2646 etsie
1078 2616 1138 2644 tua
1157 2607 1279 2660 dispo-

298 2686 353 2720 ne,
372 2680 412 2708 ut
439 2670 555 2721 quiete
581 2679 613 2707 et
644 2669 718 2706 sine
746 2668 912 2720 periculis
937 2669 1051 2707 vivas.
1068 2668 1203 2719 Etiam,
1225 2669 1280 2706 in-

300 2732 410 2782 quies,
432 2731 492 2768 scd
510 2730 571 2767 ille
592 2744 674 2782 opes
692 2729 909 2781 pollicetur?
929 2729 1035 2780 Atqui
1056 2730 1114 2768 hic
1132 2743 1280 2780 regnum

300 2791 488 2845 promittit,
510 2791 580 2829 imo
607 2800 639 2829 et
655 2805 738 2843 opes
759 2804 840 2827 cum
862 2790 924 2828 illo
942 2805 1046 2828 :nam
1068 2791 1117 2828 ait
1135 2807 1142 2827 :
1163 2792 1281 2841 choe-

302 2857 374 2892 rite
397 2856 562 2905 primum
589 2866 748 2904 regnum
773 2852 967 2897 coelorum,
990 2861 1026 2889 et
1052 2853 1132 2889 hoec
1151 2855 1282 2889 omnia

303 2917 535 2968 adjicientur
560 2916 682 2951 vobis.
712 2912 777 2949 Ille
800 2926 843 2950 ne
865 2913 901 2949 in
928 2913 1108 2963 augmenti
1135 2913 1282 2963 quidem

303 2975 521 3027 partem,hic
537 2988 617 3012 vero
632 2972 884 3010 antecedenter.
899 2973 929 3010 J
929 2976 1041 3009 unior
1048 2974 1126 3023 fui,
1144 2973 1260 3023 inquit
1270 2988 1281 3022 ;

305 3041 444 3076 etenim
462 3038 570 3075 senui
591 3051 602 3071 .-
622 3043 658 3072 et
681 3048 758 3071 non
779 3034 864 3070 vidi
876 3035 1028 3085 justum
1042 3034 1278 3081 derelictum,

306 3113 373 3136 nec
384 3112 512 3136 semen
524 3099 604 3149 ejus
618 3109 790 3148 quoerens
803 3108 953 3146 panem.
968 3093 1184 3145 Incipiamus
1199 3108 1281 3145 ergo

304 3160 452 3198 virtutes
466 3158 577 3207 adire,
589 3156 731 3194 initium
750 3169 939 3208 ponamus,
958 3154 1058 3192 illam
1078 3154 1188 3192 solam
1206 3169 1282 3193 sus-

307 3221 492 3273 cipiamus,
507 3229 539 3257 et
552 3218 689 3257 videbis
706 3217 826 3268 qualia
840 3217 945 3255 bona.
963 3217 1060 3254 Num
1085 3216 1217 3267 absque
1228 3216 1282 3254 la-

351 3360 367 3383 b
384 3356 444 3389 Alii
462 3363 487 3391 οἱ
507 3361 562 3399 μὲν
581 3359 681 3394 παῖδες
700 3360 909 3398 >angina-²755.

353 3412 368 3426 ¹*
385 3411 396 3452 [
415 3418 508 3455 τρυρή
525 3410 562 3442 D.
584 3408 649 3441 Sed
672 3408 844 3449 Erasmus,
865 3406 941 3439 Cibi
962 3406 1218 3447 convenientes]

1349 1991 1432 2030 ποία
1459 1989 1632 2041 ἁμαρτίας
1648 1990 1828 2037 υπόΘεο-ις,
1845 1988 1916 2026 Καὶ
1934 2004 2002 2039 μην
2020 1991 2052 2026 οἵ
2070 1987 2190 2030 ἔξωθεν
2211 1985 2256 2024 τὰ
2270 1989 2369 2024 ἐναν-

1347 2052 1406 2090 τία
1435 2052 1681 2100 ἐπιτάττουσι,
1711 2067 1771 2089 και
1803 2049 2081 2087 ἀκούονται.οὖ
2104 2047 2172 2100 γὰρ
2201 2047 2270 2085 ἀπὸ
2300 2049 2369 2084 τῶν

1348 2113 1492 2153 ἐνόντων
1510 2115 1730 2156 ἀπαιτοῦσιν,
1763 2110 1852 2149 ἀλλὰ
1869 2110 2038 2160 λέγουσιν,
2059 2109 2111 2147 ὅτι
2132 2108 2270 2146 τοσόνδε
2291 2108 2370 2146 δοῦ-

1349 2189 1404 2210 ναι
1422 2174 1471 2211 δεῖ
1483 2189 1490 2195 ·
1507 2173 1570 2210 κᾶν
1588 2171 1771 2224 προίάλλῃ
1786 2171 1919 2216 πενίαν,
1934 2170 2010 2209 οὐδὲ
2026 2169 2133 2212 οὕτως
2149 2169 2370 2221 ἀφίστανται.

1349 2233 1393 2272 ‘O
1410 2233 1445 2272 δὲ
1464 2233 1613 2286 Χριστὸς
1632 2234 1697 2284 οὐχ
1713 2232 1817 2275 οὕτως
1830 2247 1838 2254 ·
1857 2234 1945 2278 ἀλλ’,
1961 2234 2018 2283 ἀφ’
2036 2225 2083 2269 ὧν
2103 2231 2193 2283 ἔχεις
2213 2231 2269 2274 δὸς
2281 2261 2290 2277 ,
2310 2230 2370 2268 καὶ

1349 2296 1396 2337 εἷς
1417 2294 1478 2341 τὴν
1494 2293 1635 2346 πρώτην
1657 2309 1695 2330 σε
1711 2292 1889 2336 καταλέξω
1905 2291 2010 2334 τάξιν.
2033 2292 2149 2329 Πάλιν
2172 2295 2294 2330 ἐκεῖνοι
2310 2321 2320 2340 ,
2339 2294 2369 2330 εἰ

1351 2355 1489 2405 βούλει,
1505 2353 1620 2405 φησὶν,
1636 2354 1840 2402 εὐδοκιμεῖν,
1854 2353 2026 2389 κατάλιπε
2043 2352 2178 2405 πατέρα
2190 2383 2200 2399 ,
2221 2352 2368 2404 μητέρα,

1350 2421 1543 2468 συγγενεῖς,
1575 2415 1736 2463 οἰκείους,
1763 2415 1822 2452 καὶ
1842 2414 2047 2467 προσέδρευε
2067 2420 2137 2457 τοῖς
2158 2414 2345 2465 βασιλείοις
2358 2443 2368 2461 ,

1349 2476 1577 2526 κοπτόμενος,
1598 2475 1942 2526 ταλαιπωρούμενος,
1963 2474 2144 2523 δουλεύων,
2169 2474 2367 2525 σπώμενος,

1318 2557 1324 2566 ·
1352 2537 1456 2589 μυρία
1475 2537 1622 2589 πάσχων
1641 2536 1753 2574 κακά·
1776 2539 1793 2573 ὃ
1819 2536 1854 2574 δὲ
1880 2536 2029 2587 Χριστὸς
2049 2537 2112 2587 οὐχ
2134 2535 2261 2583 οὕτως,
2290 2538 2367 2574 ἀλλ’

1351 2599 1407 2636 ἔσο
1427 2599 1462 2635 ἐν
1478 2600 1519 2648 τῇ
1536 2597 1628 2650 οἰκία
1648 2596 1736 2647 μετὰ
1754 2599 1815 2641 τῆς
1832 2597 2012 2647 γυναικὸς,
2030 2631 2035 2646 γ
2059 2596 2118 2634 ετὰ
2135 2599 2203 2634 τῶν
2215 2597 2365 2645 παίδων,

1349 2659 1408 2698 καὶ
1437 2658 1525 2696 αὐτὰ
1550 2662 1658 2696 ταῦτα
1675 2657 1865 2695 διάπλσιττε
1885 2658 1944 2695 καὶ
1981 2657 2142 2709 ῥύΟμιζε,
2165 2658 2224 2696 τὸν
2248 2657 2367 2709 ἀπρά-

1350 2734 1462 2771 γμονα
1494 2719 1566 2769 βίον
1597 2720 1682 2770 ὃζῇν
1711 2719 1770 2756 καὶ
1799 2718 1989 2756 ἀκίνδυνον.
2018 2718 2108 2765 Ναὶ,
2142 2718 2258 2770 φησὶν,
2291 2720 2368 2756 ἀλλ’

1352 2783 1478 2822 ἐκεῖνος
1491 2780 1659 2832 χρήματα
1675 2780 1937 2831 ἐπαγγέλλεται.
1955 2779 2045 2818 Ἀλλ’
2062 2774 2158 2823 οὗτος
2175 2780 2368 2830 βασιλείαν,

1355 2843 1484 2893 μᾶλλον
1512 2841 1621 2879 δὲκαὶ
1643 2841 1811 2892 χρήματα
1831 2841 1919 2892 μετὰ
1941 2840 2068 2887 ταύτης
2081 2857 2089 2864 ·
2111 2842 2256 2887 Ζητεῖτε
2276 2840 2342 2893 γὰρ
2359 2869 2369 2886 ,

1353 2903 1455 2956 φησὶ,
1474 2902 1536 2948 τὴν
1561 2902 1739 2954 βασιλείαν
1765 2905 1832 2939 τῶν
1854 2904 2018 2955 οὐρανῶν,
2036 2902 2095 2939 καὶ
2120 2905 2229 2940 ταῦτα
2253 2902 2370 2940 πάντα

1352 2963 1625 3017 προστεθήσεται
1642 2966 1737 3013 ὑμῖν.
1758 2963 1827 3000 Καὶ
1848 2964 1972 3005 ἐκεῖνος
1987 2962 2047 3011 μὲν
2068 2962 2143 3000 οὐδὲ
2163 2964 2197 3000 ἐν
2213 2963 2370 3014 προσθή-

1354 3041 1417 3072 κης
1433 3024 1549 3076 μέρει,
1565 3017 1660 3066 οὗτος
1676 3022 1712 3061 δὲ
1730 3023 1787 3060 καὶ
1808 3022 2086 3074 προηγουμένως.
2103 3022 2281 3075 Νεώτερος
2300 3026 2373 3074 ἐγε-

1353 3086 1475 3136 νόμην,
1492 3085 1587 3137 φησί·
1607 3085 1666 3122 καὶ
1681 3083 1747 3136 γὰρ
1774 3084 1948 3134 ἐγήρασα·
1978 3084 2034 3121 καὶ
2052 3087 2112 3122 οὐκ
2132 3079 2219 3123 εἶδον
2238 3085 2369 3123 δίκαιον

1354 3164 1369 3186 ε
1359 3148 1521 3222 ’νγκαταλε
1508 3145 1724 3197 ελειμμένον,
1754 3144 1830 3184 οὐδε
1864 3145 1903 3182 τὸ
1933 3144 2072 3196 σπέρμα
2110 3148 2212 3184 αὐτοῦ
2247 3148 2368 3193 ζητοῦν

1355 3209 1490 3260 ἄρτους.
1513 3207 1710 3259 Ἀρξώμεθα
1727 3205 1838 3244 τοίνυν
1854 3221 1915 3252 της
1935 3208 2075 3258 ἀρετ-ἧς·
2096 3205 2236 3258 ι)()()μεν
2253 3206 2370 3259 προοί-

1416 3364 1428 3379 ³
1447 3355 1534 3396 [ζῆθι
1549 3351 1690 3387 Savilius
1706 3351 1852 3395 aliique]

1416 3407 1432 3430 1,
1449 3411 1546 3448 θῶμεν
1561 3410 1715 3451 προοίμιον
1736 3403 1828 3438 deest
1843 3406 1876 3439 in
1895 3403 2091 3448 quibusdam
2105 3406 2181 3439 Mss.
