2502 3810
730 286 763 314 S.

277 293 365 340 770

271 391 335 429 pro
353 375 423 412 illis
437 372 547 422 loqui,
571 370 632 420 qui
649 368 878 419 increpabant
890 375 923 404 et
938 365 1055 404 omnia
1073 361 1253 400 comedere

266 438 451 490 jubebant.
473 434 565 471 Nam
581 430 757 468 infirmior
771 443 853 481 pars
873 428 999 480 majori
1019 439 1155 477 semper
1171 437 1254 461 cura

270 497 416 545 indiget.
438 493 521 532 Ideo
540 492 586 530 ad
603 491 784 529 fortiorem
803 490 922 528 statim
942 500 1139 526 sermonem
1157 484 1253 521 diri-

270 558 321 608 git
336 555 455 592 dicens
472 570 479 589 :
496 554 700 605 Infirmum
716 559 847 588 autem
862 552 903 586 in
918 548 1008 599 fide.
1031 545 1162 585 Viden'
1177 545 1254 596 jam

269 617 412 669 plagam
425 614 478 650 illi
493 611 688 650 inflictam?
707 612 796 647 Cum
813 608 908 646 djxit
922 608 1016 645 enim
1031 609 1056 643 I
1056 607 1249 658 nfirmum,

270 689 405 726 aegrum
420 673 523 710 illum
540 686 612 710 esse
631 671 862 708 demonstrat.
874 667 1014 705 Deinde
1033 666 1181 703 alteram
1199 664 1252 701 in-

269 735 361 786 ssigit
388 734 522 783 dicens,
554 732 768 770 Assumite.
804 728 970 767 Ostendit
996 728 1091 765 enim
1122 727 1252 763 iterum

268 797 371 833 illum
385 794 497 832 multa
513 806 613 843 egere
628 806 724 839 cura,
739 789 836 840 quod
851 798 1016 827 extremae
1029 785 1252 839 aegritudinis
1264 818 1311 842 702

269 857 410 908 signum
435 863 498 892 est.
519 855 607 891 Non
626 854 668 889 in
685 851 1028 901 disceptationibus
1050 849 1253 899 cogitatio·
1275 855 1301 884 A

271 930 376 954 num.
401 915 492 953 Ecce
510 913 650 951 tertiam
669 911 772 948 infert
791 910 944 962 plagam.
970 908 1063 945 Hinc
1082 907 1173 944 enim
1195 906 1255 944 de-

271 977 381 1015 clarat
408 973 616 1027 hujusmodi
650 980 834 1024 peccatum
863 971 938 1021 ejus
969 983 1056 1018 esse,
1086 977 1124 1005 ut
1148 968 1172 1005 ii
1193 967 1255 1017 qui

272 1038 308 1075 in
329 1037 451 1075 eadem
480 1050 518 1073 re
539 1049 609 1073 non
638 1047 757 1071 secum
775 1032 1001 1081 delinquunt,
1030 1030 1256 1079 amicitiaque

271 1107 388 1135 tamen
409 1096 477 1148 ipsi
502 1094 679 1146 conjuncti
699 1102 795 1142 sunt,
821 1101 855 1129 et
874 1091 949 1143 ejus
972 1089 1164 1128 curationis
1184 1089 1257 1126 sol-

271 1157 498 1196 licitudinem
513 1163 650 1206 gerunt,
666 1152 919 1205 dijudicentur.
932 1150 1063 1190 Viden’
1080 1148 1257 1200 quomodo

272 1218 439 1257 videatur
472 1215 616 1266 quidem
641 1214 706 1251 hos
734 1211 879 1262 alloqui,
912 1221 943 1249 et
969 1211 1048 1248 illos
1076 1211 1167 1247 elam
1196 1224 1259 1247 nee

275 1292 418 1316 onerose
433 1275 614 1327 increpet?
634 1274 773 1311 Deinde
787 1273 908 1310 ambos
925 1280 1049 1309 mutuo
1066 1271 1258 1318 conferens,

275 1338 387 1376 alium
411 1336 578 1374 laudibus
600 1334 724 1380 afficit,
756 1334 867 1370 alium
892 1341 1034 1369 accusat
1051 1347 1058 1367 τ
1075 1331 1260 1382 subjungit

276 1398 371 1435 enim
388 1398 529 1434 :Alius
560 1398 662 1432 enim
684 1394 804 1431 credit
831 1406 870 1430 se
890 1392 1128 1429 manducare
1150 1404 1261 1441 posse

279 1461 420 1506 onznia,
442 1471 461 1493 a
484 1456 554 1493 fide
575 1453 825 1492 commendans
844 1452 971 1499 illum3
1004 1454 1072 1503 qui
1091 1464 1184 1487 vero
1204 1453 1262 1486 in·
1283 1451 1306 1480 B

275 1519 414 1568 firmus
434 1525 504 1561 est,
529 1516 635 1552 olera
655 1514 834 1558 comedit,
858 1512 956 1548 hunc
975 1524 1097 1547 rursus
1120 1509 1263 1561 vitupe-

277 1591 358 1615 rans
392 1577 437 1613 ab
470 1574 690 1612 infirmitate.
723 1571 872 1620 Deinde,
901 1571 982 1621 quia
1015 1571 1262 1622 tempestivam

278 1637 412 1675 inflixit
435 1636 591 1688 plagam,
622 1635 725 1671 illum
745 1642 866 1685 postea
887 1632 1089 1670 consolatur
1107 1631 1164 1668 his
1184 1645 1264 1669 ver-

277 1699 413 1736 bi515.
443 1699 482 1734 Is
512 1698 579 1748 qui
602 1696 827 1739 manducat,
857 1707 935 1730 non
962 1693 1264 1729 manducantem

281 1773 358 1796 non
385 1765 552 1809 spernat.
579 1758 659 1794 Non
688 1755 801 1803 dixit,
833 1754 954 1803 Sinat5
986 1766 1055 1790 non
1077 1751 1186 1801 dixit,
1210 1752 1265 1788 Ne

279 1828 435 1868 accuset;
449 1833 517 1856 non
533 1817 641 1865 dixit,
659 1818 711 1854 Ne
722 1814 977 1867 cor1·igat;sed,
995 1816 1055 1852 Ne
1065 1817 1265 1865 vituperet,

280 1896 324 1919 ne
342 1890 495 1932 respuat,
518 1878 704 1917 ostendens
721 1877 801 1915 illos
814 1891 888 1914 rem
905 1876 1017 1913 multo
1032 1875 1105 1913 risu
1121 1875 1267 1926 dignam

280 1943 405 1979 facere.
426 1943 480 1978 De
502 1941 612 1978 altero
633 1947 750 1976 autem
773 1951 840 1975 non
860 1938 958 1981 item,
984 1935 1044 1973 sed
1063 1934 1266 1986 quomodo?

287 2004 362 2053 Qui
378 2001 688 2048 nonmandueat,
703 1999 1005 2035 manducantem
1022 2010 1097 2033 non
1107 1997 1265 2048 judicet.

283 2066 384 2103 Sicut
403 2064 497 2101 enim
515 2062 740 2114 perfectiores
761 2060 827 2097 hos
844 2058 1101 2110 despiciebant,
1129 2067 1168 2094 ut
1187 2071 1268 2094 mo-
1293 2058 1316 2089 C

284 2126 371 2163 dicae
386 2124 468 2161 fidei
484 2132 517 2160 et
529 2122 709 2170 subdolos,
724 2121 850 2158 nothos
858 2129 890 2156 et
901 2118 1268 2170 adhucjudaizantes:

285 2186 334 2225 sic
347 2185 400 2222 illi
414 2185 478 2222 hos
492 2183 715 2236 judicabant,
732 2190 771 2218 ut
785 2180 1070 2232 praevaricantes,
1090 2179 1147 2217 vel
1163 2178 1270 2216 etiam

285 2247 377 2297 gulae
398 2245 549 2293 deditos,
571 2257 734 2294 quorum,
750 2250 789 2279 ut
803 2240 997 2279 verisimile
1017 2248 1081 2289 est,
1102 2239 1207 2276 multi
1227 2254 1273 2276 ex

288 2305 452 2357 gentibus
471 2314 582 2342 erant.
605 2304 725 2348 Quare
744 2301 944 2352 subjunxit,
969 2302 1075 2338 Deus
1095 2303 1199 2337 enim
1218 2300 1270 2336 il-

289 2368 369 2404 lum
391 2367 583 2403 assumsit.
609 2365 663 2401 De
684 2363 746 2400 illo
769 2362 838 2398 alio
859 2369 976 2397 autem
995 2374 1064 2396 non
1083 2359 1132 2396 ita
1147 2359 1241 2396 dixit
1261 2374 1268 2394 :

289 2441 504 2478 quamquam
518 2425 651 2476 despici
665 2422 809 2474 quidem
820 2420 1067 2458 manducantis
1081 2429 1153 2457 erat
1170 2420 1273 2469 quasi

288 2487 486 2535 helluonis,
504 2485 659 2538 judicari
677 2493 794 2521 autem
811 2496 880 2519 non
902 2480 1151 2518 manducantis
1173 2480 1273 2530 quasi

289 2548 438 2586 modicae
458 2547 553 2584 fidei.
576 2545 648 2584 Sed
665 2545 725 2581 ille
743 2544 818 2581 haec
833 2542 1051 2594 permutavit
1074 2540 1272 2589 ostendens,

292 2609 395 2646 illum
418 2622 486 2645 non
505 2606 610 2643 modo
625 2605 775 2656 dignum
791 2617 859 2641 non
876 2616 949 2640 esse
965 2602 1025 2652 qui
1041 2601 1272 2653 despiciatur,

292 2669 354 2706 sed
378 2682 478 2720 posse
496 2667 601 2705 etiam
623 2665 734 2702 alium
753 2664 942 2715 despicere.
968 2665 1021 2699 An
1042 2671 1073 2699 et
1091 2675 1154 2712 ego
1171 2662 1276 2698 illum
1298 2655 1323 2683 D

295 2729 504 2777 condemno,
528 2726 670 2777 inquit?
695 2727 927 2775 Nequaquam
947 2732 1157 2774 :propterea
1182 2722 1275 2760 enim

294 2790 436 2841 adjecit,
460 2790 565 2825 Deus
587 2787 698 2843 illum
721 2787 913 2822 assumsit.
939 2784 1011 2821 Cur
1030 2797 1114 2833 ergo
1133 2783 1177 2820 de
1200 2783 1278 2834 lege

293 2852 397 2888 illum
407 2848 597 2899 alloqueris
608 2846 706 2897 quasi
716 2845 1032 2898 praevaricantem?
1053 2845 1160 2882 Deus
1176 2847 1278 2881 enim

293 2913 406 2949 illum
417 2913 612 2952 assumsit5
623 2908 660 2944 id
671 2916 734 2956 est,
748 2901 964 2943 ineffabilem
975 2919 1074 2942 suam
1085 2919 1167 2956 erga
1177 2906 1280 2943 illum

295 2971 446 3021 gratiam
467 2969 645 3016 exhibuit,
682 2976 715 3004 et
740 2967 785 3003 ab
807 2964 905 3003 omni
924 2965 1080 3005 crimine(
1094 2966 1275 3006 liberavit,

296 3031 434 3069 Deinde
448 3043 571 3068 rursus
585 3028 629 3065 ad
646 3029 774 3065 fortem
792 3026 964 3065 convertit
983 3040 1178 3064 sermonem
1195 3042 1202 3062 :
1224 3028 1281 3064 Tu

297 3095 386 3143 quis
406 3100 475 3136 est,
510 3093 575 3142 qui
588 3090 744 3141 judicas
769 3088 941 3124 alienum
969 3090 1151 3124 servum?
1177 3086 1282 3124 Unde

296 3152 415 3202 palam
440 3159 490 3187 est
521 3150 602 3186 illos
629 3148 735 3185 etiam
761 3146 993 3199 judicavisse,
1028 3161 1139 3197 neque
1165 3146 1281 3184 solum

299 3211 517 3262 despexisse.
540 3211 709 3246 Domino
729 3222 796 3246 suo
820 3216 897 3246 stat
917 3216 985 3245 aut
1003 3209 1119 3246 cadit.

353 3271 388 3305 9.
401 3268 492 3306 Ecce
504 3282 626 3305 rursus
638 3267 742 3306 aliam
754 3267 908 3318 plagam.
923 3266 970 3304 Et
982 3266 1125 3305 videtur
1137 3266 1281 3318 quidem

347 3385 362 3409 b
388 3384 479 3415 Unus
493 3386 645 3427 ἶιακρὶτεις
663 3388 869 3426 ἶιαὶογιτμῶν.

800 280 984 313 JOANNIS
1021 274 1260 309 CHRYSOST.
1303 274 1506 304 ARCHIEP.
1546 272 1898 303 CONSTANTINOP-

1326 374 1374 397 ειν
1395 359 1545 397 ἅπαντα.
1564 359 1617 396 Τὸ
1646 357 1713 409 γὰρ
1744 357 1932 403 ἦσθενηκὸς
1965 357 2067 410 μέρος
2102 356 2154 395 ἀεὶ
2189 353 2344 395 πλείονος

1326 420 1436 456 δεῖται
1455 422 1518 464 τῆς
1533 418 1705 470 προνοίας.
1731 417 1795 454 Διὸ
1810 416 1868 455 καὶ
1886 417 1971 468 πρὸς
1986 417 2042 454 τὸν
2063 418 2203 469 ἰσχυρὸν
2225 413 2346 454 εὐθέως

1326 475 1567 522 ἀποτείνεται,
1589 475 1698 527 λέγων
1718 474 1823 512 οὕτω·
1844 474 1914 512 Τὸν
1939 473 1974 511 δὲ
1994 477 2201 512 ἀσθενοῦντα
2218 476 2261 523 τῇ
2281 470 2345 508 πί·

1326 552 1411 573 στει.
1433 530 1534 578 Εἶδες
1549 534 1687 586 πληγὴν
1706 534 1827 578 εὐθέως
1844 534 1928 584 μίαν
1948 534 2067 585 ἐκείνῳ
2085 535 2260 580 δοθεῖσαν;
2280 531 2346 568 Εἷ-

1325 595 1400 633 πὼν
1435 595 1503 648 γὰρ
1531 595 1601 633 Τὸν
1635 597 1861 642 ἀσθενοῦντα,
1882 593 2005 637 ἔδειξεν
2029 594 2128 631 αὐτὸν
2152 594 2344 644 ἄρρωστον.

1325 650 1416 694 Εἶτα
1443 655 1604 708 δευτέραν
1626 654 1834 706 προστίθησι
1861 654 1984 705 λέγων,
2011 653 2345 706 Προσλαμὲάνεσθε.

1326 716 1488 753 Δείκνυσι
1506 715 1574 767 γὰρ
1589 715 1693 753 πάλιν
1705 717 1837 761 πολλῆς
1853 714 2012 764 δεόμενον
2027 712 2246 763 ἐπιμελείας,
2261 711 2348 762 ὅπερ

1326 782 1468 826 σημεῖον
1491 776 1642 827 ἐσῆἀτης
1661 775 1856 827 ἀρρωστίας
1878 774 1964 813 ἐστί.
1986 773 2047 820 Μὴ
2069 776 2116 818 εἷς
2134 772 2348 824 ι’διακρίσεις

1325 838 1516 887 λογισμῶν.
1535 836 1626 874 Ἰδοὺ
1660 836 1720 873 καὶ
1752 835 1871 887 τρίτην
1904 835 2051 882 ἐπέθηκε
2088 833 2240 884 πληγήν.
2266 833 2347 870 Ἐν-

1326 901 1442 935 τεῦθεν
1462 896 1529 948 γὰρ
1550 897 1648 942 δηλοῖ
1665 899 1820 933 τοιοῦτον
1844 898 1947 933 αὐτοῦ
1964 896 2003 933 τὸ
2023 895 2217 947 ἁμάρτημα
2234 885 2283 939 ὃν,
2303 894 2348 934 ὡς

1327 957 1385 995 καὶ
1404 956 1482 1000 τοὺς
1497 957 1540 994 τὰ
1555 956 1642 994 αὐτὰ
1655 957 1750 1007 αὐτῷ
1766 958 1803 993 οὗ
1820 957 2113 1005 πλημμελοῦντας
2127 985 2135 1000 ,
2152 956 2351 991 κοινωνοῦν-

1327 1033 1388 1060 τας
1411 1018 1445 1055 δὲ
1479 1016 1573 1066 ὅμως
1593 1018 1685 1067 αὐτῷ
1706 1018 1767 1061 τ’ἧς
1787 1015 1921 1067 φιλίας,
1942 1014 2001 1052 καὶ
2022 1013 2270 1065 ἀντεχομένους
2291 1013 2350 1049 αὒ-

1328 1082 1388 1115 eo&
1406 1079 1468 1122 τῆς
1487 1076 1671 1128 θεραπείας
1692 1076 1940 1128 διακρίνεσθαι.
1962 1070 2063 1118 Εἶδες
2080 1077 2155 1117 πῶς
2177 1075 2270 1112 δοκεῖ
2289 1071 2350 1120 μὲν

1328 1136 1460 1180 τούτοις
1479 1137 1696 1188 διαλέγεσθαι
1712 1167 1720 1183 ,
1738 1135 1880 1179 ἐκείνοις
1894 1135 1928 1173 δὲ
1950 1137 2095 1186 ἐπιτιμᾷ·
2113 1133 2352 1175 λανθανόντως

1329 1197 1390 1235 καὶ
1410 1200 1634 1248 ἀνεπαχθῶς;
1654 1191 1743 1234 Εἶτα
1762 1196 1866 1239 τιθεὶς
1883 1194 2096 1247 ἀμφοτέρους
2119 1194 2329 1246 παράλληλα
2342 1222 2352 1239 ,

1330 1258 1387 1295 τὸν
1406 1256 1468 1306 μὲν
1485 1258 1560 1304 μετ’
1577 1256 1772 1307 ἐγκωμίων,
1787 1255 1843 1293 τὸν
1861 1255 1895 1292 δὲ
1917 1258 1990 1305 μετ’
2013 1255 2243 1305 ἐγκλημάτων
2259 1252 2354 1298 τίθη-

1332 1332 1405 1354 σιν·
1432 1317 1553 1366 ἐποίγει
1584 1317 1651 1368 γὰρ
1681 1316 1814 1368 λέγων·
1847 1316 1914 1358 Ὃς
1949 1316 2010 1365 μὲν
2047 1314 2203 1353 πιστεύει
2232 1319 2352 1364 φαγεῖν

1331 1378 1466 1424 πάντα,
1488 1377 1737 1427 ἀνακηρύττων
1761 1376 1863 1414 αὐτὸν
1893 1376 1962 1413 ἀπὸ
1985 1378 2047 1424 τῆς
2067 1374 2238 1416 πίστεως·
2270 1377 2287 1411 ὃ
2318 1373 2354 1411 δὲ

1334 1438 1484 1474 ἀσθενῶν
1494 1436 1632 1487 λάχανα
1646 1436 1772 1483 ἐσθίει,
1787 1435 1847 1473 καὶ
1863 1440 1980 1473 τοῦτον
1997 1434 2102 1472 πάλιν
2119 1433 2268 1477 κακίζων
2287 1432 2356 1470 ἀπὸ

1333 1499 1394 1542 τ’ἧς
1406 1496 1594 1539 ἀσθενείας.
1610 1490 1713 1543 Εἶτα,
1725 1495 1843 1542 ἐπειδὴ
1857 1495 1993 1545 καιρίαν
2011 1494 2117 1532 ἔδωκε
2128 1497 2190 1539 τῆν
2204 1493 2356 1544 πληγὴν,

1334 1560 1594 1608 παραμυθεῖται
1613 1557 1717 1594 πάλιν
1745 1557 1859 1604 αὐτὸν,
1894 1555 1984 1593 οὕτω
2009 1555 2139 1605 λέγων·
2159 1554 2204 1593 ‘O
2233 1554 2355 1593 ἐσθίων

1335 1616 1392 1654 τὸν
1429 1616 1476 1667 μὴ
1510 1616 1666 1654 ἐσθίοντα
1706 1616 1754 1667 μὴ
1794 1615 2021 1660 ἐςουθενείτω,
2054 1617 2132 1653 Οὐκ
2160 1609 2273 1662 εἶπεν,
2300 1614 2357 1652 ἐά-

1337 1693 1405 1721 τω,
1440 1678 1503 1714 οὐκ
1534 1671 1630 1724 εἶπε,
1671 1677 1719 1727 μὴ
1749 1676 1966 1728 ἐγκαλείτω,
1987 1678 2048 1715 οὐκ
2071 1670 2166 1723 εἷπε,
2187 1675 2234 1726 μὴ
2267 1677 2358 1727 διορ-

1336 1737 1487 1785 θούσθω,
1512 1737 1623 1785 ἀλλὰ,
1651 1737 1713 1784 Μὴ
1734 1737 1948 1784 ὄνειδιζέτω,
1979 1737 2027 1787 μὴ
2057 1736 2251 1774 διαπτυέτω
2267 1738 2359 1784 ,δειη

1335 1797 1414 1840 κνὺς
1443 1797 1496 1834 ὅτι
1533 1804 1682 1850 πρᾶγμα
1715 1798 1844 1835 πολλοῦ
1873 1797 2021 1848 γέλωτος
2073 1796 2163 1840 ἄξιον
2206 1796 2356 1834 ἐποίουν.

1338 1857 1423 1895 Ἐπὶ
1447 1856 1482 1894 δὲ
1502 1856 1623 1895 τούτου
1642 1859 1709 1909 οὐχ
1728 1857 1854 1905 οὕτως,
1874 1857 1964 1894 ἀλλὰ
1987 1860 2081 1903 πῶς;
2103 1856 2147 1895 Ὁ
2168 1856 2216 1906 μὴ
2238 1857 2359 1895 ἐσθίων

1336 1917 1393 1955 τὸν
1414 1918 1573 1956 ἐσθίοντα
1595 1919 1642 1969 μὴ
1662 1918 1822 1970 κρινέτω.
1851 1917 1989 1969 (Ὠσπερ
2019 1917 2085 1969 γὰρ
2107 1919 2137 1956 οἳ
2156 1917 2362 1969 τελειότεροι

1338 1979 1475 2022 τούτους
1497 1980 1703 2024 ἐξευτέλιζον
1721 1983 1766 2023 ὡς
1786 1979 2026 2032 ὀλιγοπίστους
2041 1980 2101 2017 καὶ
2117 1979 2283 2023 ὑπούλους
2302 1979 2362 2017 καὶ

1338 2041 1453 2083 νόθους
1481 2041 1540 2078 καὶ
1572 2040 1801 2085 ἰουδαΐζοντας
1844 2041 1913 2087 ἔτι,
1941 2039 2048 2083 οὕτως
2075 2042 2198 2077 ἐκεῖνοι
2225 2039 2364 2082 τούτους

1340 2102 1472 2153 ἔκρινον
1505 2103 1550 2144 ὡς
1578 2106 1864 2152 παρανομοῦντας
1885 2100 1907 2146 ἢ
1928 2099 2017 2143 ὅλως
2036 2099 2233 2152 λαιμαργία
2255 2114 2365 2153 προσ-

1340 2162 1481 2214 έχοντας
1494 2178 1501 2184 ·
1517 2156 1564 2199 ὧν
1585 2161 1732 2205 πολλοὺς
1747 2162 1806 2200 καὶ
1824 2161 1858 2205 ἐξ
1878 2164 1983 2199 ἐθνῶν
2001 2160 2090 2204 εἰκὸς
2109 2154 2210 2198 εἶναι.
2227 2161 2291 2198 Διὸ
2305 2160 2364 2197 καὶ

1341 2223 1532 2284 ἐπηγαγεζ
1553 2225 1570 2260 ὃ
1590 2222 1678 2265 Θεὸς
1691 2223 1757 2273 γὰρ
1773 2222 1872 2259 αὐτὸν
1890 2221 2137 2272 προσελάέετο.
2149 2221 2229 2258 Ἐπ’
2246 2220 2365 2271 ἐκείνῳ

1345 2282 1373 2297 ΝΚ

1342 2292 1376 2320 οε
1408 2285 1468 2319 οὐκ
1499 2286 1574 2319 εἰπε
1602 2286 1722 2319 τοῦτο·
1753 2282 1865 2319 καίτοι
1896 2282 1935 2319 τὸ
1958 2281 2019 2330 μὲν
2040 2279 2287 2324 ἐξουθενεῖσθαι
2307 2286 2366 2318 τοῦ

1341 2341 1510 2384 ἐσθίοντος
1537 2336 1578 2386 ἦν
1606 2344 1651 2384 ὡς
1673 2342 1885 2392 λαιμάργου,
1907 2341 2000 2378 τὸδὲ
2030 2341 2207 2392 κρίνεσθαι
2228 2346 2287 2378 τοῦ
2314 2340 2362 2390 μὴ

1342 2400 1512 2443 ἐσθίοντος
1545 2403 1590 2442 ὡς
1623 2401 1855 2451 ὀλιγοπίστου.
1886 2400 1976 2438 Ἀλλ’
2016 2400 2226 2446 ἀντήλλαξεν
2261 2400 2366 2448 αὐτὰ,

1343 2460 1475 2502 δεικνὺς
1491 2460 1543 2498 ὅτι
1563 2463 1600 2498 οὗ
1613 2460 1714 2510 μόνον
1729 2465 1787 2498 τοῦ
1807 2461 2054 2504 ἐξουθενεῖσθαι
2071 2463 2131 2499 οὐκ
2147 2461 2239 2498 ἔστιν
2256 2461 2367 2509 ἄξιος,

1344 2520 1434 2558 ἀλλὰ
1453 2520 1512 2558 καὶ
1535 2520 1716 2564 ἐξουθενεῖν
1746 2521 1900 2560 δύναται.
1924 2521 2053 2559 ειἈλλὰ
2074 2522 2133 2558 καὶ
2154 2521 2221 2572 ἐγὼ
2253 2537 2367 2559 κατα-

1343 2580 1471 2632 κρίνω,
1498 2581 1624 2632 φησίν;
1647 2582 1842 2631 Οὐδαμῶς·
1863 2581 1920 2620 διὰ
1951 2581 2018 2634 γὰρ
2048 2585 2148 2618 τοῦτο
2180 2582 2368 2633 ἐπήγαγεν,

1343 2641 1396 2680 ὅτι
1413 2641 1458 2679 ‘O
1475 2642 1564 2684 Θεὸς
1584 2641 1684 2678 αὐτὸν
1702 2642 1949 2692 προσελοίέετο.
1967 2642 2014 2679 Τί
2031 2642 2142 2680 τοίνυν
2162 2642 2241 2694 περὶ
2263 2642 2368 2691 νόμου

1347 2704 1440 2754 αὐτῷ
1462 2703 1603 2754 διαλέγῃ
1627 2705 1672 2745 ὡς
1700 2703 1973 2755 παραὲαίνοντις
1993 2703 2038 2741 ‘O
2064 2703 2153 2746 Θεὸς
2181 2703 2248 2754 γὰρ
2268 2703 2369 2740 αὐτὸν

1347 2763 1602 2815 προσελάβετο·
1618 2763 1797 2807 τουτέστι,
1814 2762 1878 2808 τὴν
1898 2763 2028 2814 ἄφατον
2045 2764 2147 2800 αὐτοῦ
2167 2763 2245 2814 περὶ
2267 2763 2369 2801 αὐτὸν

1350 2822 1544 2867 ἐπεδείξατο
1559 2824 1676 2875 χάριν,
1689 2823 1748 2860 καὶ
1762 2823 1899 2860 πάντων
1914 2823 2111 2869 ἀπήλλαξεν
2128 2823 2368 2874 ἐγκλημάτων.

1352 2877 1442 2921 Εἶτα
1457 2882 1562 2921 πάλιν
1582 2883 1666 2934 πρὸς
1689 2883 1746 2921 τὸν
1768 2884 1921 2934 ἰσχυρὸν,
1948 2882 1998 2920 Σὺ
2016 2882 2067 2926 τίς
2086 2877 2147 2920 εῗὸ
2166 2883 2289 2934 κρίνων
2311 2885 2374 2921 ἀλ-

1351 2943 1486 2995 λότριον
1507 2942 1664 2988 οἷκέτην;
1679 2941 1786 2980 εΌθεν
1802 2944 1917 2988 δῆλον,
1938 2942 1990 2979 ὅτι
2006 2943 2066 2980 καὶ
2082 2944 2204 2980 ἐκεῖνοι
2227 2943 2373 2995 ἔκρινον,

1353 3006 1390 3042 οὐ
1416 3002 1517 3053 μόνον
1546 3002 1747 3047 ἔξουθένουν.
1764 3004 1827 3054 Τῷ
1848 3003 1922 3054 ἰδίῳ
1938 3002 2047 3054 κυρίῳ
2063 3003 2184 3050 στήκει
2203 3002 2224 3048 ἢ
2240 3002 2372 3041 πίπτει.

1412 3264 1502 3303 Ἰδοὺ
1530 3264 1634 3303 πάλιν
1659 3264 1747 3311 ἄλλη
1771 3264 1904 3315 πληγή.
1926 3265 1995 3303 Καὶ
2019 3267 2111 3303 δοκεῖ
2129 3266 2188 3316 μὲν
2205 3270 2226 3313 ἡ
2248 3265 2377 3316 ἀγανά-

1422 3392 1434 3406 ³
1459 3382 1574 3414 Morel.
1590 3386 1670 3416 ἀλλὰ
1685 3387 1741 3427 γὰρ
1759 3387 1826 3423 ἐγώ.
