2466 3805
688 219 732 247 IN
771 218 884 248 ACTA
924 215 1269 247 APOSTOLORUM.

452 467 632 504 οΜΙΑῐΑ
663 464 706 516 β’.

71 593 117 629 Οἱ
140 590 201 642 μὲν
223 584 279 628 οἶν
312 590 529 633 συνελθόντες
548 588 738 640 ἐπηρώτων
774 586 876 624 αὐτὸν
914 585 1091 637 λέγοντες·

125 651 249 704 Κύριε,
267 654 295 689 εἰ
314 653 347 689 ἐν
367 653 416 703 τῷ
447 650 563 703 χρόνῳ
583 649 694 701 τούτῳ
726 646 1012 690 ἇποκαθιστᾶνεις
1034 644 1096 691 τὴν
1120 652 1145 681 D

126 713 304 765 βασιλείαν
325 716 374 765 τῷ
394 712 540 766 Ἰσραήλ
549 727 560 761 3

124 836 236 874 ἰΌταν
256 852 290 872 τι
311 833 484 884 μέλλωσιν
504 834 636 884 ἐρωτᾷν
651 834 681 869 οἳ
696 829 872 881 μαθηταὶ,
889 831 975 878 ὁμοῦ
990 843 1097 879 προσ-

1308 215 1466 245 HOMIL.
1507 215 1551 244 [Ι.
2099 219 2150 263 17

1514 459 1727 498 HOMILIA
1757 459 1805 498 ΙΙ.

1166 583 1255 620 CAP.
1278 585 1312 619 1.
1333 597 1370 622 v.
1390 584 1429 621 6.
1449 585 1576 635 Igitur
1599 585 1668 635 qui
1686 591 1962 630 convenerant,
1986 585 2153 621 interro<

1217 644 1367 694 gabant
1379 657 1476 692 eum,
1490 645 1660 682 dicentes
1672 660 1682 680 :
1695 645 1876 690 Domine,
1888 646 1921 682 si
1934 646 1975 681 in
1988 653 2155 697 tempore

1218 705 1290 740 hoc
1312 706 1489 742 restitues
1501 719 1662 756 regnum
1677 706 1829 743 Israel?

1220 825 1235 860 1
1249 853 1255 859 .
1277 824 1457 876 Discipuli
1474 825 1725 878 interrogaturi
1739 827 1847 864 simul
1859 826 2001 877 adeunt,
2011 837 2050 865 ut
2063 829 2156 866 mul-

1162 883 1331 922 titudinis
1353 887 1551 924 reverentia
1566 888 1830 939 responsionem
1843 888 2037 926 obtineant.
2055 890 2155 927 Scie-

70 897 243 948 έργονται.
266 896 378 932 Τοῦτο
398 893 433 931 δὲ
458 897 628 940 ποιοῦσιν,
647 891 704 929 ἵνα
716 893 766 943 τῷ
783 890 908 936 πλήθει
927 888 1096 935 δυσωπή-

71 972 188 996 σωσιν.
205 955 372 1010 ”tiss-:mv
392 953 480 1007 γὰρ,
501 953 554 991 ὅτι
570 953 609 991 τὸ
624 951 746 1004 πρῴην
768 953 851 1001 παρ’
875 952 979 988 αὐτοῦ
999 949 1096 1002 εἷρη“-
1163 945 1250 983 bant
1270 945 1310 983 id
1329 947 1426 996 quod
1453 961 1567 999 nuper
1588 947 1744 998 dixerat,
1765 950 1888 985 Nemo
1909 952 2014 986 novit
2036 951 2151 996 diem>
2170 967 2283 996 Mauh.
2306 970 2356 1006 24,

71 1018 184 1068 μένον,
206 1017 258 1054 ὅτι
280 1015 405 1059 Οὐδεὶς
434 1008 504 1052 οἶδε
539 1013 601 1060 τὴν
631 1012 779 1065 ἡμέραν,
799 1010 1097 1064 1’διακρουομένου

68 1073 123 1126 ἦν,
141 1079 202 1115 οὐκ
219 1080 437 1128 ἀγνοοῦντος,
456 1076 532 1113 ἀλλ’
549 1073 832 1124 ἀναὸαλλομένου
858 1072 920 1119 τὴν
946 1072 1097 1125 ἀπόκρι-

70 1154 141 1177 σιν·
162 1137 236 1176 ὅθεν
253 1136 358 1175 πάλιν
384 1134 658 1188 προσέρχονται,
675 1135 734 1172 καὶ
753 1135 943 1186 ἐρωτῶσιν.
960 1134 1036 1170 Οὐκ
1057 1132 1095 1171 ἂν

70 1199 105 1238 δὲ
124 1197 324 1251 ἠρώτησαν,
344 1196 375 1234 εἴ
393 1212 431 1248 γε
448 1196 552 1239 ὄντως
571 1190 661 1242 ἦσαν
685 1194 925 1244 πεπεισμένοι.
947 1193 1095 1242 Ἐπειδὴ

68 1258 135 1311 γὰρ
147 1259 312 1304 ἥκουσαν,
324 1257 376 1295 ὅτι
390 1259 536 1306 Πνεῦμα
550 1256 714 1308 μέλλουσι
729 1255 937 1306 λαμὸάνειν,
948 1258 994 1299 ὡς
1008 1254 1098 1299 ἄξιοι

1162 1008 1367 1060 repellentis
1391 1009 1514 1060 fuisse,
1534 1024 1646 1060 neque
1666 1009 1877 1062 ignorantis,
1897 1010 1960 1049 sed
1983 1011 2154 1050 differen-
2171 1005 2221 1037 36.

1163 1070 1208 1107 tis
1228 1070 1492 1122 responsionem
1513 1086 1520 1107 :
1538 1071 1634 1109 unde
1648 1087 1771 1110 rursus
1792 1072 1979 1121 accedunt,
2000 1082 2033 1111 et
2046 1072 2157 1111 inter-

1162 1139 1299 1181 rogant.
1311 1132 1389 1168 Non
1405 1141 1523 1169 autem
1537 1131 1825 1184 interrogassent,
1841 1132 1908 1170 nisi
1923 1132 1962 1170 id
1977 1147 2060 1171 vere
2078 1148 2157 1186 per-

1162 1205 1309 1230 suasum
1328 1192 1549 1230 habuissent.
1567 1193 1662 1239 Quia
1691 1193 1785 1231 enim
1798 1193 2001 1244 audierant,
2017 1209 2053 1232 se
2068 1195 2157 1246 Spi-

1161 1251 1273 1290 ritum
1292 1263 1455 1292 sanctum
1469 1264 1674 1307 accepturos
1689 1269 1763 1293 esse
1782 1265 1821 1293 ut
1835 1256 1912 1308 jam
1930 1255 2031 1307 digni
2047 1256 2085 1294 id
2100 1271 2158 1295 vo-

68 1321 188 1359 λοιπὸν
205 1320 298 1363 ὄντες
318 1319 438 1365 ἤθελον
452 1323 588 1370 μαθεῖν,
603 1318 762 1370 καὶπρὸς
778 1317 987 1368 ἀπαλλαγὴν
1007 1311 1095 1364 ἦσαν
1121 1330 1143 1359 Ε
1162 1313 1282 1352 lebant
1304 1314 1476 1366 ediscere,
1495 1316 1571 1369 jam
1584 1317 1699 1369 parati
1713 1316 1762 1354 ad
1776 1317 1976 1355 libertatem
1995 1318 2157 1356 obtinen-

68 1382 212 1433 ἕτοιμοι.
233 1383 286 1419 Οὐ
299 1381 366 1433 γὰρ
381 1380 561 1419 ἐδούλοντο
581 1383 738 1418 καθεῖναι
757 1378 897 1422 ἑαυτοὺς
914 1381 961 1423 εἷς
981 1379 1094 1417 κινδύ-

69 1458 161 1490 νους,
183 1442 272 1481 ἀλλὰ
287 1444 522 1480 ἀναπνεῦσαι·
543 1440 630 1478 διότι
650 1443 687 1478 οὐ
716 1439 825 1492 μικρὰ
841 1434 883 1486 ἦν
898 1439 942 1477 τὰ
963 1439 1095 1491 συμὸε·

68 1504 201 1551 ὅηκότα
226 1504 360 1550 αὐτοῖς,
380 1501 471 1541 ἀλλὰ
497 1502 578 1555 περὶ
606 1503 674 1540 τῶν
704 1501 863 1553 ἐσχάτων
897 1505 914 1540 ὃ
945 1500 1097 1545 κίνδυνος

67 1564 322 1618 ἐπεκρεμάσθη.
341 1563 476 1602 οΟὐδὲν
497 1557 553 1602 οῧν
581 1564 673 1615 αὐτῷ
698 1563 778 1615 περὶ
804 1566 863 1600 τοῦ
890 1561 1097 1613 Πνεύματος

67 1625 239 1674 εἰπόντες,
259 1627 415 1677 ἐρωτῶσι
439 1625 614 1676 λέγοντες·
637 1624 764 1678 Κύριε,
782 1626 813 1661 εἷ
843 1626 876 1662 ἐν
902 1626 953 1676 τῷ
979 1623 1095 1676 χρόνῳ

65 1687 175 1739 τούτῳ
193 1686 483 1730 ἀποκαθιστάνεις
498 1685 560 1733 τὴν
585 1685 763 1737 βασιλείαν
779 1688 828 1738 τῷ
846 1685 1010 1738 Ἰσραήλ,
1026 1685 1095 1723 Καὶ

65 1751 126 1786 οὐκ
146 1742 254 1793 εἶπον,
275 1746 377 1795 πότε;
401 1746 512 1794 ἀλλὰ,
541 1749 569 1784 εἷ
596 1751 676 1795 νῦν;
699 1746 820 1799 φησίν·
841 1745 950 1790 οὕτως
974 1746 1095 1785 ἐπεθύ-

67 1824 151 1860 μουν
184 1808 273 1855 ατὴν
304 1808 440 1861 ἡμέραν
468 1811 602 1859 μαθεῖν.
628 1808 691 1846 Διὸ
721 1808 780 1846 καὶ
813 1808 902 1859 μετὰ
938 1808 1095 1852 πλείονος

64 1869 229 1923 προσίασι
249 1873 312 1917 τ’ῆς
326 1872 443 1920 τιμῆς.
464 1868 569 1920 Ἐμοὶ
588 1869 623 1907 δὲ
647 1870 740 1907 δοκεῖ
765 1870 841 1908 οὐδὲ
857 1869 1095 1923 τετρανῶσθαί

64 1947 138 1975 πως
154 1934 267 1974 αὐτοῖς
280 1962 289 1979 ,
309 1929 361 1974 τίς
382 1946 466 1968 ποτε
483 1925 525 1977 ἦν
541 1933 563 1976 ἡ
588 1929 765 1981 βασιλεία·
790 1930 886 1968 οὔπω
911 1929 980 1982 γὰρ
995 1925 1036 1975 ἦν
1056 1929 1095 1967 τὸ
1113 1962 1126 1986 1

1163 1375 1260 1413 dam.
1281 1376 1361 1413 Non
1378 1376 1475 1414 enim
1497 1377 1665 1415 volebant
1685 1392 1721 1415 se
1738 1378 1773 1415 in
1791 1378 1951 1430 pericula
1967 1378 2155 1431 conjicere,

1163 1437 1223 1475 sed
1243 1437 1362 1489 potius
1390 1438 1575 1490 respirare,
1593 1453 1632 1476 eo
1651 1439 1749 1490 quod
1771 1453 1840 1477 non
1866 1439 1998 1491 exigua
2025 1450 2152 1487 essent,

1161 1515 1241 1551 quae
1269 1501 1341 1539 illis
1372 1501 1606 1553 contigerant,
1627 1503 1691 1540 sed
1709 1503 1753 1540 de
1773 1504 1941 1541 extremis
1966 1503 2157 1556 periclitati

1162 1572 1289 1601 essent.
1312 1563 1414 1601 Nihil
1434 1563 1546 1615 igitur
1565 1564 1610 1602 de
1633 1565 1771 1617 Spiritu
1791 1565 1947 1616 loquuti,
1973 1565 2022 1603 sic
2041 1566 2155 1604 inter—

1162 1634 1288 1677 rogant
1308 1641 1315 1662 :
1335 1627 1519 1674 Domine,
1531 1629 1564 1664 si
1579 1628 1620 1664 in
1634 1636 1802 1680 tempore
1817 1629 1889 1665 hoe
1903 1631 2080 1666 restitues
2097 1644 2154 1667 re-

1160 1701 1279 1738 gnum
1303 1688 1456 1725 Israel?
1484 1689 1564 1726 Non
1587 1687 1773 1739 dixerunt,
1799 1689 1983 1737 Quando?
2009 1690 2083 1738 sed,
2100 1692 2155 1728 An

1161 1748 1281 1785 nunc?
1301 1747 1390 1786 adeo
1417 1747 1668 1786 desiderabant
1699 1748 1794 1787 diem
1821 1764 2042 1802 cognoscere.
2072 1750 2155 1789 Ideo

1161 1809 1274 1847 multo
1298 1823 1380 1847 cum
1401 1809 1536 1848 honore
1562 1810 1708 1848 adeunt.
1724 1812 1815 1849 Puto
1842 1821 1962 1850 autem
1981 1813 2062 1850 illos
2085 1828 2155 1852 non

1162 1870 1255 1908 clare
1274 1870 1625 1921 novisse,qu0d11am
1641 1882 1731 1910 esset
1751 1873 1846 1911 illud
1867 1888 2014 1925 regnum
2038 1891 2045 1911 :
2067 1889 2154 1913 non-

1130 1963 1144 1985 5
1162 1929 1250 1967 dum
1270 1930 1362 1967 enim
1387 1931 1543 1982 Spiritus
1564 1931 1646 1969 illos
1669 1932 1853 1971 docuerat.
1877 1936 1950 1971 Nec
1969 1935 2153 1984 dixerunt,

64 1995 212 2044 Πνεῦμα
233 1991 373 2035 διδάξαν
401 1991 533 2034 αὐτούς.
554 1991 625 2028 Καὶ
656 1991 716 2028 οὐκ
741 1984 850 2039 εἶπον,
880 1990 963 2028 πότε
986 1995 1095 2029 ταῦτα
1116 1999 1140 2028 Α
1161 1991 1313 2038 Quando
1335 1991 1411 2029 haec
1426 1993 1558 2029 erunt?
1574 1992 1634 2030 sed
1655 1993 1768 2044 quid?
1788 1995 1829 2033 Si
1845 1997 1886 2032 iu
1902 2004 2070 2048 tempore
2082 1998 2154 2036 lzoc

65 2053 183 2102 ἔσται,
200 2053 219 2071 *
237 2052 327 2091 ἀλλὰ
342 2052 376 2090 τί
389 2069 398 2099 ;
412 2054 457 2090 Εἰ
477 2053 511 2089 ἓν
530 2053 579 2103 τῷ
598 2050 714 2104 χρόνῳ
729 2051 840 2104 τούτῳ
858 2052 1094 2090 ἀποκαθιστά-

67 2131 133 2158 νεις
144 2113 205 2160 τὴν
228 2112 405 2164 βασιλείαν
424 2115 472 2164 τῷ
487 2112 710 2164 Ἰσραήλ5ὡς
727 2112 793 2159 ἤδη
812 2114 1093 2151 ε’κπεπτωκυῖαν.

65 2178 188 2215 Ταῦτα
206 2174 296 2212 οὕτω
321 2173 568 2221 πυνθάνονται,
596 2174 649 2211 ὅτι
686 2172 767 2225 περὶ
792 2173 836 2211 τὰ
864 2173 1016 2219 αἰσθητὰ
1043 2174 1095 2212 ἔτι

65 2236 294 2281 &summat
318 2235 377 2272 καὶ
405 2233 455 2284 μὴ
489 2233 616 2285 ὁμοίως
643 2236 689 2278 ὡς
707 2233 892 2286 πρότερον·
920 2233 996 2272 οὐδὲ
1024 2234 1093 2287 γὰρ

64 2297 197 2335 οὐδέπω
215 2295 400 2349 γεγένηντο
433 2293 599 2346 βελτίους.
621 2294 726 2333 Οὕτω
748 2295 869 2334 λοιπὸν
896 2289 991 2333 οὗτοι
1020 2295 1093 2347 μεί-

64 2361 143 2403 ζονα
162 2358 242 2410 περὶ
265 2359 367 2394 αὐτοῦ
399 2355 639 2408 ἐφαντάζοντο.
662 2355 765 2394 Ἐπεὶ
787 2349 843 2394 οὖν
874 2356 1092 2408 ἀνήχθησαν,

1160 2056 1336 2091 restitues
1351 2068 1512 2106 regnum
1525 2055 1679 2092 Israel?
1706 2065 1829 2108 utpote
1847 2057 1946 2107 quod
1959 2058 2036 2110 jam
2055 2059 2155 2097 exci—

1161 2114 1272 2152 derat.
1288 2115 1373 2152 Haec
1401 2114 1450 2152 ita
1475 2115 1715 2165 sciscitantur,
1745 2117 1830 2167 quia
1859 2132 1942 2169 erga
1973 2119 2155 2158 sensibilia

1160 2175 1280 2213 adhuc
1298 2175 1415 2213 affecti
1433 2184 1545 2226 erant,
1564 2176 1628 2214 etsi
1645 2191 1715 2215 non
1731 2187 1906 2228 quantum
1922 2188 2023 2217 antea
2041 2196 2048 2217 :
2069 2195 2156 2219 non-

1161 2238 1250 2276 dum
1269 2237 1364 2274 enim
1378 2237 1542 2275 meliores
1557 2238 1639 2275 facti
1654 2248 1764 2276 erant.
1784 2240 1844 2279 Sic
1862 2240 2009 2279 demum
2026 2242 2066 2279 hi
2082 2257 2155 2280 ma-

1155 2299 1235 2351 jora
1251 2298 1296 2336 de
1310 2298 1373 2336 illo
1392 2298 1698 2350 imaginabantur.
1723 2300 1818 2347 Quia
1834 2302 1947 2353 igitur
1963 2303 2010 2341 ad
2026 2304 2155 2342 altiora

1159 2361 1319 2412 provecti
1349 2369 1462 2410 erant,
1479 2369 1513 2398 et
1538 2360 1614 2413 ipse
1639 2361 1830 2400 sublimius
1861 2378 1918 2401 eos
1943 2364 2154 2416 alloquitur.

63 2420 122 2458 καὶ
152 2419 250 2462 αὖτὸς
283 2417 483 2469 ἀνηγμένως
505 2419 618 2461 αὐτοῖς
637 2416 846 2469 διαλέγεται·
870 2417 1001 2456 Οὐκέτι
1025 2418 1093 2471 γὰρ
1159 2423 1238 2460 Non
1247 2422 1324 2474 jam
1348 2421 1442 2459 enim
1462 2421 1510 2459 ita
1531 2422 1620 2460 dicit
1637 2423 1710 2461 illis
1729 2439 1736 2460 τ
1756 2426 1893 2477 Neque
1911 2427 2040 2465 Filius
2054 2428 2155 2465 diem
2174 2447 2269 2474 Marc.
2288 2445 2334 2475 ¹3,

1161 2485 1287 2532 novit,·
1319 2483 1380 2521 sed
1415 2483 1530 2533 quid?
1560 2485 1596 2522 7.
1626 2486 1718 2522 Non
1749 2494 1806 2523 est
1834 2495 2008 2525 vestrum
2046 2503 2155 2527 nosse
2170 2487 2220 2517 32·

1161 2553 1334 2597 tempora
1350 2545 1417 2582 vel
1436 2554 1641 2595 momenta,
1651 2560 1738 2598 quce
1754 2549 1876 2585 Pater
1885 2552 2012 2600 posuit
2029 2553 2069 2587 ἰη
2084 2565 2156 2588 sua

1157 2615 1362 2658 potestate.
1386 2607 1538 2659 Majora,
1556 2606 1687 2657 inquit,
1710 2609 1912 2660 postulatis.
1927 2610 2037 2661 Atqui
2052 2611 2156 2663 longe

36 2699 44 2709 ,
63 2662 160 2716 φησί.
181 2662 252 2700 Καὶ
275 2661 342 2713 μὴν
365 2662 434 2708 ἤδη
461 2659 587 2711 ἔμαθον
618 2661 677 2699 καὶ
698 2661 719 2698 ἃ
736 2663 857 2715 πολλῷ
878 2662 1018 2714 μείζονα
1038 2658 1092 2711 ἦν.
1116 2678 1138 2707 Β
1161 2667 1308 2719 majora,
1344 2667 1497 2726 inquies,
1517 2668 1595 2719 jam
1624 2667 1838 2706 didicerant.
1865 2671 1916 2707 Ut
1940 2679 2060 2708 autem
2089 2672 2157 2710 hoc

1161 2737 1324 2766 accurate
1343 2727 1472 2774 discas,
1492 2727 1669 2780 perpende
1690 2743 1799 2779 quam
1814 2730 1927 2767 multa
1943 2745 2153 2770 recenseam.

1163 2788 1276 2836 Quid,
1310 2803 1444 2840 quaeso,
1479 2789 1595 2841 majus
1624 2789 1680 2839 iis,
1715 2804 1792 2840 quae
1822 2790 2051 2829 didicerant?
2081 2792 2154 2845 Ipsi
2169 2812 2358 2851 Joan.5.17.

1161 2863 1288 2901 nempe
1310 2863 1383 2887 esse
1405 2849 1542 2886 Filium
1562 2849 1641 2897 Dei,
1657 2864 1731 2887 esse
1751 2851 1848 2888 Patri
1874 2851 2008 2889 honore
2030 2867 2155 2904 parem
2175 2862 2221 2893 ¹9·

62 2482 156 2533 λέγει
181 2479 267 2534 πρὸς
283 2477 405 2521 αὐτοὺς
418 2508 428 2526 ,
443 2478 496 2516 ὅτι
515 2477 607 2516 Οὐδὲ
627 2480 644 2515 ὁ
663 2478 744 2522 Υἱὸς
761 2471 830 2516 οἶδε
851 2477 915 2524 τὴν
935 2479 1070 2531 ἡμέραν
1084 2495 1091 2503 ·

64 2541 154 2580 ἀλλὰ
170 2541 224 2587 τί;
243 2542 322 2592 Οὐχ
340 2541 437 2588 ὑμῶν
467 2540 541 2577 ἐστι
567 2541 697 2591 γνῶναι
724 2538 870 2593 χρόνους
887 2538 909 2586 ἢ
930 2540 1094 2593 καιροὺς,

63 2601 119 2646 οὒς
133 2600 287 2653 ὃΠατηρ
305 2600 399 2638 ἔθετο
409 2602 443 2637 ἐν
459 2602 501 2651 τῇ
519 2599 590 2650 ἰδίᾳ
604 2599 752 2652 ἐξουσίᾳ.
774 2600 926 2645 Μείζονα
947 2604 1093 2653 αἰτεῖτε,

64 2725 135 2764 Καὶ
150 2724 206 2762 ἵνα
225 2723 336 2776 μάθῃς
358 2727 459 2761 τοῦτο
485 2723 638 2776 ἀκριὸῶς
650 2752 660 2770 ,
676 2722 742 2776 ὅρα
761 2723 854 2762 πόσα
877 2726 1096 2778 ἀπαριθμοῦ-

63 2803 142 2838 μαι.
169 2785 216 2824 Τί
237 2788 365 2836 μεῖζον,
390 2783 466 2823 εἶπέ
497 2789 656 2835 μοι,τοῧ
696 2789 816 2836 μαθεῖν
849 2786 972 2831 αὐτοὺς
1002 2788 1094 2842 ἅπερ

63 2847 209 2898 ἔμαθον;
228 2846 386 2897 ’Έμαθον
412 2849 508 2897 γοῦν,
527 2845 580 2884 ὅτι
609 2845 693 2890 Υἱὸς
711 2851 771 2885 τοῦ
790 2849 883 2885 Θεοῦ
913 2851 989 2887 ἐστι
1003 2879 1014 2897 ,
1034 2849 1093 2887 καὶ

62 2908 145 2946 Υἱὸν
168 2908 242 2961 ἔχει
269 2910 286 2944 ὃ
319 2907 407 2950 Θεὸς
426 2906 615 2958 ὁμότιμον·
647 2906 794 2958 ἔμαθον,
822 2907 874 2946 ὅτι
904 2910 1093 2954 ἀνάστασις
1160 2909 1379 2959 didicerant,
1404 2910 1699 2948 resurrectionem
1720 2910 1805 2960 fore,
1825 2911 1946 2964 ipsum
1962 2913 2156 2951 ascenden-
2174 2930 2283 2957 Mauh.
2311 2938 2358 2967 ¹7·

64 2969 181 3007 ἔσται·
204 2969 343 3019 ἔμαθον,
377 2968 431 3007 ὅτι
463 2967 614 3006 ἀνελθὼν
641 2968 801 3007 ἐκάθισεν
837 2972 870 3008 ἐν
908 2970 1001 3025 δεξιᾷ
1031 2975 1091 3010 τοῦ
1160 2980 1233 3009 tem
1248 2986 1428 3010 sessurum
1445 2971 1492 3009 ad
1511 2971 1696 3009 dexteram
1718 2972 1843 3010 Patris.
1869 2975 1958 3011 Rem
1978 2974 2062 3012 item
2082 2990 2156 3013 ma-
2170 2980 2200 3008 9·

64 3029 219 3082 Πατρός·
241 3029 280 3067 τὸ
312 3028 432 3067 τούτου
462 3029 736 3082 φρικωδέστερον
766 3030 906 3081 ἔμαθον,
929 3031 983 3070 ὅτι
1004 3032 1091 3086 σὰρξ
1160 3033 1215 3085 gis
1232 3032 1446 3085 stupendam
1473 3032 1688 3084 didicerant,
1704 3033 1801 3084 quod
1822 3048 1904 3072 caro
1924 3049 2078 3088 superne
2098 3051 2152 3075 sc·
2170 3013 2227 3088 gg}
2238 3033 2244 3040 ⁶
2275 3021 2323 3040 22'

2175 3095 2275 3122 Marc.
2310 3094 2356 3122 16.

2175 3143 2222 3172 ¹9-

109 3157 125 3180 b
149 3153 263 3187 Morel.
277 3157 504 3200 διακρουομένου
517 3159 549 3189 οὐ
563 3159 744 3198 ἀγνοοῦντος.
761 3156 853 3198 [Mox
870 3157 971 3190 Savil.
985 3167 1019 3191 et
1035 3160 1072 3191 Α.

64 3207 102 3240 C.
122 3210 153 3240 οὐ
170 3212 228 3252 γὰρ
243 3211 290 3246 ἂν,
309 3211 338 3239 εἴ
350 3220 423 3248 γε...
441 3207 628 3252 ἠρώτησαν.]

109 3269 122 3283 c
145 3257 259 3290 Mox-el.
280 3261 359 3291 οὰῦὲυ
384 3259 432 3291 οὖν
460 3262 529 3303 περὶ
554 3265 618 3292 τοῦ.
637 3256 734 3302 [Mox
756 3258 859 3294 San-il.
883 3267 918 3292 et
933 3262 969 3295 A.
986 3262 1024 3295 C.
1044 3266 1075 3296 οὐ

67 3316 125 3354 γὰρ
147 3315 242 3355 μικρὰ
262 3309 324 3351 Em]

111 3360 127 3384 d
152 3360 163 3401 [
181 3359 282 3394 Savil.
298 3363 461 3403 ἐπεθύμουν
477 3368 529 3398 τῆς
543 3366 676 3406 ἡμέρας,
691 3362 727 3392 Α.
747 3362 784 3394 C.
799 3369 852 3402 τὴν
869 3369 997 3410 ἡμέραν,
1008 3367 1076 3399 sine

1140 3160 1275 3203 μαθεῖν.]

1187 3213 1198 3224 ’
1222 3213 1234 3254 [
1251 3210 1354 3244 Savil.
1376 3212 1459 3243 etA.
1481 3211 1519 3243 C.
1538 3214 1618 3244 ἀλλὰ.
1645 3215 1725 3253 μετὰ
1742 3214 1875 3249 πλείονος
1887 3219 1976 3256 τιμῆς
1997 3218 2154 3259 προσίασι,

1143 3268 1288 3307 >syo-ares,
1308 3269 1333 3297 32
1349 3268 1378 3296 g„
1400 3279 1426 3297 χ,
1447 3279 1475 3298 τ.
1496 3267 1538 3303 λ.,
1557 3261 1606 3293 his
1626 3259 1735 3295 verbis
1759 3273 1797 3294 ex
1812 3265 1979 3305 superiore
1998 3263 2073 3296 loco
2092 3264 2155 3297 hue

1147 3313 1388 3359 transpositis]
