2466 3805
680 232 723 261 ΙΝ
765 231 874 261 ACTA
914 224 1242 259 APOSTOLORUM
1253 243 1262 252 .

84 326 140 356 τος
153 326 160 334 ·
181 313 211 349 εἷ
229 311 297 364 γὰρ
316 312 374 350 καὶ
393 312 583 363 ὡρισμένον
604 307 658 359 ἦν,
673 313 767 364 ὅμως
786 312 984 364 ἀνδροφόνοι
999 304 1100 355 ἦσαν.

84 373 229 419 Τοῦτον,
249 372 350 423 φησὶ,
364 376 406 424 τῇ
427 373 602 425 ὡρισμένῃ
625 375 730 425 βουλῇ
752 373 810 411 καὶ
831 371 1024 424 προγνώσει
1043 374 1103 408 τοῦ

81 434 173 471 Θεοῦ
199 432 336 470 ἔκδοτον
358 433 539 481 λαὸόντες,
557 434 613 472 διὰ
631 438 756 487 χειρῶν
783 434 921 484 ἀνόμων
943 431 1102 485 προσπή-

82 491 199 536 ξαντες
217 493 380 532 ἀνείλετε.
393 494 587 546 Μονονουχὶ
607 494 651 532 τὰ
667 495 754 533 αὐτὰ
774 498 823 547 τῷ
844 494 973 546 Ἰωσὴφ
991 493 1100 544 λέγων

82 552 239 604 ῥήματα,
262 554 350 606 ἅπερ
372 554 411 601 δὴ
433 557 588 599 κάκεῖνος
606 554 702 606 ἔλεγε
721 571 807 608 προς
822 554 899 597 τους
920 552 1102 605 ἀδελφούς·

81 612 144 660 Μὴ
179 614 262 665 φοὸε
264 619 358 662 ῖσΟε,
389 617 442 653 ὅτι
471 615 639 653 ἀπέδοσθέ
670 632 712 666 με
741 632 806 667 ουχ
832 618 950 666 ὑμεῖς,
976 616 1052 652 ἀλλ’
1085 616 1103 651 ὁ

82 673 172 746 Θεός
191 691 235 750 με
251 677 317 713 ὡδε
337 676 550 714 ἀπέστειλεν.
562 671 651 714 Εἶτα
669 675 787 722 ειπὼν,
803 675 856 713 ὅτι
873 674 978 726 βουλὴ
993 677 1102 722 Θεοῦ,

83 732 138 771 ι’να
159 734 207 785 μὴ
229 734 384 783 εἴπωσιν,
403 736 471 788 ἄρα
488 737 604 780 καλως
620 741 719 774 τοῦτο
738 736 961 785 ἐποιήσαμεν,
980 736 1103 772 συλλο-

83 794 215 845 γίζεται
235 797 354 840 αὐτοὺς
372 798 414 834 δι’
433 792 470 835 οῧ
492 797 704 848 προσέθηκε,
725 796 793 834 Διὰ
815 799 942 848 χειρῶν
963 795 1101 845 ἀνόμων

82 856 343 907 προσπήξαντες
362 856 525 895 ἀνείλετε.
544 856 715 894 Ἐνταῦθα
730 856 788 893 τὸν
805 855 936 893 Ἰούδαν
955 854 1104 892 αἰνίττε-

83 931 160 953 ται·
178 917 251 967 ἅμα
272 917 307 956 δὲ
325 920 438 960 αὐτοῖς
457 917 637 965 δείκνυσιν,
651 918 703 954 ὅτι
724 918 761 954 οὖ
779 920 840 963 τῆς
859 917 970 954 αὐτῶν
989 915 1104 967 ἰσχύος

84 971 139 1023 ἧν,
160 979 189 1015 εἰ
212 977 260 1028 μὴ
281 979 340 1016 καὶ
360 979 461 1022 αὐτὸς
480 977 701 1030 συνεχώρησε
719 977 777 1015 καὶ
798 977 961 1021 ἐξέδωκεν
981 979 998 1014 5
1015 977 1105 1019 Θεὸς

84 1038 195 1076 αὐτόν.
213 1041 325 1077 Τοῦτο
344 1039 410 1091 γάρ
430 1041 503 1078 ἔστι
523 1039 582 1086 τὸ,
600 1038 781 1077 ’Έκδοτον.
802 1037 926 1081 Οὕτως
947 1036 1024 1076 ὅλον
1049 1036 1105 1075 ἐπὶ

83 1098 145 1144 τὴν
165 1099 318 1150 κεφαλὴν
335 1103 393 1137 τοῦ
410 1099 523 1138 Ἰούδα
533 1100 739 1152 περιέστησε
750 1099 788 1137 τὸ
797 1099 957 1151 ἔγκλημα
967 1103 1026 1137 τοῦ
1038 1114 1106 1136 πα-

84 1159 328 1210 ραδεδωκότος·
348 1160 447 1204 αὐτὸς
461 1160 528 1212 γὰρ
546 1161 645 1200 αὐτὸν
666 1160 848 1214 παρέδωκε
861 1164 910 1212 τῷ
922 1160 1105 1212 φιλήματι.

81 1216 132 1257 ι’Ἡ
151 1219 263 1258 τοίνυν
283 1220 364 1274 περὶ
383 1220 502 1259 τούτου
522 1222 580 1267 τὸ,
597 1221 665 1259 Διὰ
684 1225 809 1274 χειρῶν
829 1221 979 1272 ἀνόμων,
995 1220 1016 1267 ἢ
1037 1222 1105 1258 τῶν

82 1284 304 1333 στρατιωτῶν
328 1281 442 1333 λέγει,
459 1283 586 1329 δηλῶν,
608 1282 660 1320 ὅτι
687 1281 763 1321 οὐδὲ
790 1284 908 1325 ἁπλῶς
932 1282 1105 1327 ἀνείλετε,

84 1342 164 1380 ἀλ)
143 1360 186 1388 α,
207 1342 276 1381 Διὰ
294 1347 362 1381 τῶν
392 1342 530 1394 ἀνόμων
562 1344 707 1395 ἀνδρων
731 1343 801 1382 Και
827 1343 904 1393 Οέα,
924 1359 999 1387 πως
1021 1359 1107 1381 παν-

82 1407 191 1455 ταχοῦ
217 1404 447 1448 σπουδάζουσι
465 1405 504 1442 τὸ
527 1404 635 1448 πάθος
654 1407 909 1479 ὃμολογηθηναι
928 1403 1107 1457 πρότερον.

82 1464 178 1503 Τὰ
161 1463 196 1503 οὲ
212 1467 274 1510 τῆς
297 1466 521 1510 ἀναστάσεως
540 1466 615 1505 ἐπει
638 1465 727 1517 μέγα
746 1469 801 1513 ἠν,
809 1465 893 1509 τέως
909 1465 1108 1511 συσκιάζει,

83 1525 142 1563 καὶ
165 1525 254 1564 οὕτω
282 1543 356 1570 πως
379 1526 482 1578 μέσον
510 1526 593 1565 αὐτὸ
613 1526 761 1574 τίθη.σιν
785 1525 926 1564 Εκεῖνα
959 1525 1020 1576 μὲν
1041 1528 1108 1579 γὰρ

83 1586 306 1639 ὡμολόγητο,
326 1582 425 1625 οἷον
412 1605 429 1626 ο
451 1603 598 1640 σταυρος
619 1587 678 1625 καὶ
704 1589 722 1624 5
749 1587 915 1632 θάνατος,
931 1591 952 1633 ἡ
974 1586 1010 1625 δὲ
1027 1587 1110 1625 ἀνά-

83 1663 217 1697 στασις,
236 1649 353 1687 οὔπω·
385 1650 437 1688 διὸ
467 1665 527 1687 και
560 1649 700 1698 ὕστερον
730 1649 811 1703 περὶ
839 1648 970 1695 ταύτης
1003 1650 1107 1701 φησὶν

83 1708 220 1760 ἐπάγων
233 1725 242 1733 ·
266 1709 334 1748 ιῸν
354 1713 371 1747 ὃ
390 1710 479 1753 Θεὸς
503 1710 670 1758 ἀνέστησε
693 1710 800 1754 λύσας
822 1710 884 1754 τὰς
905 1712 1029 1754 ὠδῖνας
1048 1714 1108 1749 τοῦ

82 1769 248 1817 θανάτου,
263 1770 383 1808 καθότι
403 1773 464 1808 οὐκ
482 1765 523 1817 ἦν
544 1772 685 1810 δυνατὸν
705 1775 908 1825 κρατεῖσθαι
925 1772 1026 1810 αὐτὸν
1047 1775 1105 1810 ὑπ’

83 1832 202 1894 αὖτοῦω.
214 1831 387 1870 Ἐνταῦθά
406 1848 440 1870 τι
459 1832 549 1884 μέγα
567 1832 625 1871 καὶ
642 1832 773 1884 ὑψηλὸν
790 1832 941 1884 ᾐνίξατο.
954 1832 1006 1878 Τὸ
1021 1833 1104 1886 γὰρ,

82 1893 159 1930 Οὐκ
179 1896 221 1938 ἠν
242 1893 397 1941 δυνατὸν,
420 1894 502 1932 cmii
530 1894 632 1932 αὐτὸν
660 1893 797 1932 διδόντα
817 1893 975 1945 ἐμφαίνει
997 1910 1106 1932 κατα-

83 1958 197 2005 σχεῖν·
218 1953 277 1991 καὶ
294 1953 348 1992 ὅτι
368 1954 427 1992 καὶ
444 1955 544 1998 αὐτὸς
567 1954 669 1992 ὤδινε
696 1955 853 2007 κατέχων
878 1955 978 1993 αὐτὸν
1007 1958 1024 1993 5
1047 1955 1106 1993 θά-

83 2029 202 2061 νατος,
231 2015 289 2052 καὶ
310 2015 354 2053 τὰ
379 2015 473 2053 δεινὰ
494 2015 660 2067 ἔπασχεν.
680 2015 802 2054 Ὠδῖνα
819 2015 886 2069 γὰρ
913 2016 1058 2055 θανάτου
1084 2020 1104 2064 ἡ

83 2076 112 2112 Γ
117 2074 206 2127 ραφὴ
235 2076 292 2113 τὸν
317 2075 471 2114 κίνδυνον
501 2080 679 2129 πανταχοῦ
705 2071 775 2115 οἶδε
799 2078 938 2115 καλεῖν·
966 2078 1025 2116 καὶ
1053 2078 1105 2116 ὅτι

83 2134 191 2179 οὕτως
224 2136 367 2184 ἀνέστη,
395 2139 440 2180 ὡς
473 2137 599 2187 μηκέτι
628 2138 733 2176 πάλιν
758 2140 953 2176 ἀποθανεῖν.
975 2138 1025 2176 ’Ἡ
1054 2142 1104 2191 τῷ

83 2199 203 2242 εἰπεῖν,
229 2197 360 2236 Καθότι
376 2200 438 2235 οὐκ
457 2192 499 2244 ἦν
521 2198 663 2236 δυνατὸν
692 2202 894 2250 κρατεῖσθαι
915 2198 1016 2236 αὐτὸν
1046 2201 1106 2237 ὑπ’

83 2259 205 2304 αὐτοῦ,
220 2260 320 2295 τοῦτο
340 2257 523 2303 δηλοῦντός
538 2260 644 2304 ἐστιν,
663 2258 716 2296 ὅτι
730 2260 766 2297 οὖ
782 2257 879 2306 κοινὴ
899 2264 971 2302 τοῖς
986 2259 1104 2304 ἄλλοις

79 2317 217 2368 γέγονεν
233 2321 255 2364 ἡ
280 2317 481 2362 ἀνάστασις.
513 2313 602 2357 Εἶτα
629 2319 710 2370 πρὶν
739 2319 761 2366 ἥ
790 2336 824 2357 τι
853 2319 915 2367 τὴν
948 2320 1101 2359 διάνοιαν

81 2380 191 2416 αὐτῶν
209 2379 393 2427 ἐννοῆσαι,
414 2378 605 2426 ἐπέστησεν
634 2381 749 2424 αὐτοῖς
766 2380 823 2419 τὸν
847 2380 958 2418 Δαυὶδ
986 2381 1103 2419 πάντα

78 2440 244 2490 λογισμὸν
266 2439 478 2491 ἀνθρώπινον
508 2442 722 2493 ἀναιροῦντα.
746 2442 858 2480 Δαυὶδ
877 2442 966 2494 γὰρ,
998 2443 1101 2495 φησὶ,

78 2499 171 2551 λέγει
190 2502 238 2543 εἷς
258 2501 371 2539 αὐτόν.
392 2501 461 2539 Καὶ
480 2503 544 2553 ὅρα
557 2532 566 2550 ,
587 2504 661 2546 πῶς
678 2502 783 2541 πάλιν
804 2506 825 2549 ἡ
847 2503 1022 2556 μαρτυρία
1040 2519 1102 2541 τα-

79 2560 179 2606 πεινή
193 2576 200 2583 ·
222 2561 278 2599 διὰ
304 2561 345 2608 δὴ
371 2567 471 2600 τοῦτο
490 2562 549 2600 καὶ
569 2563 697 2601 ἄνωθεν
716 2563 823 2611 αὐτὴν
847 2564 1013 2602 ἀνέλαὲεν
1034 2565 1102 2603 ἀπὸ

79 2624 149 2659 τῶν
168 2622 455 2674 ‘'musivo-cepeoii,
471 2623 527 2661 ἵνα
548 2623 637 2676 δείξῃ
653 2654 663 2672 ,
682 2623 736 2663 ὅτι
754 2627 791 2662 οὔ
810 2628 878 2663 τῶν
898 2625 1100 2664 λυπούντων

81 2676 122 2728 ἦν
138 2684 155 2720 5
170 2682 325 2726 Θάνατος.
343 2683 587 2736 Προωρώμην,
607 2685 713 2736 φησὶ,
728 2685 785 2723 τὸν
808 2685 970 2739 Κύριον’
956 2685 1100 2725 ενώπιόν

81 2758 146 2792 μου
167 2741 224 2780 δια
241 2744 392 2792 παντὸς,
407 2744 459 2782 ὅτι
480 2747 518 2783 ἐκ
538 2744 656 2789 δεξιῶν
678 2745 743 2796 μού
763 2748 868 2793 ἐστιν,
891 2746 946 2785 ἵνα
965 2746 1012 2798 μὴ
1039 2764 1103 2785 σα-

79 2803 206 2841 leue&-
224 2803 278 2842 οτι
296 2805 358 2843 οὒκ
379 2821 393 2843 ε
385 2805 641 2857 γκαταλείψεις
655 2805 716 2853 τὴν
733 2807 847 2859 ψυχήν
865 2823 930 2858 μου
946 2810 991 2852 εἷς
1006 2809 1100 2861 ᾅδου.

79 2857 168 2902 Εἶτα
184 2864 374 2918 πληρώσας
392 2866 454 2913 τὴν
474 2866 666 2920 μαρτυρίαν
683 2867 746 2915 τὴν
759 2868 1026 2921 προφητικὴν,
1011 2870 1101 2908 επά-

78 2941 151 2974 γει·
178 2926 315 2979 Ἄνδρες
334 2927 489 2979 ἀδελφοί.
516 2927 628 2967 εὈταν
650 2929 761 2980 μέλλῃ
791 2946 825 2967 τι
843 2930 956 2981 λέγειν
989 2930 1099 2983 μέγα,

79 2991 190 3044 τούτῳ
214 2993 386 3046 κέχρηται
411 2998 461 3046 τῷ
481 2994 674 3048 προοιμίῳ,
704 2996 881 3050 διεγείρων
902 2996 1024 3042 αὐτοὺς
1042 2997 1100 3036 καὶ

83 3122 346 3165 ἀνδροφόνοιῆσαν.
373 3129 488 3166 τοῦτον,
514 3131 600 3172 φησὶ,
619 3135 657 3171 τῇ
685 3131 842 3173 ὡρισμένῃ.
866 3126 957 3160 Editi
986 3139 1083 3169 vero,

85 3175 280 3214 ἐγκλήματος.
299 3179 402 3210 τοῦτόν
418 3192 497 3221 φησι,
516 3179 644 3210 omissis
660 3178 875 3221 interpositis.
892 3180 1012 3212 Sensus
1029 3178 1089 3211 ad-

85 3222 149 3278 huc
171 3222 382 3266 imperfectus
409 3239 476 3260 esse
497 3228 640 3261 videtur.
659 3231 746 3262 Nam
772 3238 809 3263 ut
834 3231 867 3262 in
896 3231 1089 3273 praesatione

86 3273 248 3317 diximus,
267 3288 348 3320 saepe
369 3278 630 3323 Chrysostomus
658 3281 694 3314 in
718 3280 808 3314 hisee
831 3283 1086 3314 Commentariis

87 3329 282 3361 sententiam
303 3329 459 3373 relinquit
481 3333 722 3374 imperfectam.
738 3334 793 3366 Sic
815 3344 892 3376 ergo
917 3342 1025 3367 totum
1042 3337 1092 3368 in-

90 3377 216 3419 telligas
232 3389 378 3423 oportet:
397 3382 487 3415 Vide
498 3385 659 3426 quomodo
674 3393 811 3417 conetur
826 3386 901 3418 illos
919 3400 939 3418 a
957 3389 1090 3420 crimine

1300 223 1454 253 HOMIL.
1497 223 1559 251 vt.

2092 204 2149 264 57

1172 314 1284 343 crant.
1305 305 1501 352 eamme,
1516 303 1642 354 inquit,
1650 301 1811 354 definito
1828 301 1990 338 consilio
2005 309 2042 338 et
2052 313 2152 351 proe-

1171 368 1335 404 scientia
1353 366 1429 402 Dei
1449 365 1634 402 traditum
1665 363 1912 414 accipientes,
1928 374 1995 412 per
2014 372 2151 396 manus

1171 430 1392 480 iniquorum
1413 427 1623 479 affigentes
1649 425 1906 462 interemistis.
1924 420 2055 458 Iisdem
2082 420 2154 457 fere

1174 488 1289 527 verbis
1303 497 1414 535 utens,
1423 487 1553 537 quibus
1561 485 1692 538 Joseph
1708 485 1832 522 fratres
1848 496 1929 520 suos
1949 481 2153 532 alloquutus

1171 558 1222 586 est
1237 549 1386 587 :Nolite
1402 551 1545 594 timere,
1560 549 1654 599 quia
1676 559 1753 583 non
1767 558 1837 582 vos
1847 544 2061 581 tradidistis
2077 555 2154 591 me,

1172 611 1240 648 sed
1249 612 1355 647 Deus
1363 623 1422 647 me
1431 611 1504 647 huc
1513 606 1768 646 misit.Deinde
1777 615 1964 658 postquam
1972 603 2079 651 dixit,
2087 603 2156 640 hoc

1173 671 1240 708 Dei
1251 671 1398 708 consilio
1412 670 1546 707 factum
1558 683 1630 707 esse
1640 684 1651 719 3
1661 683 1705 706 ne
1719 667 1876 705 dicerent
1887 696 1896 714 ,
1906 665 2003 717 Ergo
2022 664 2156 702 idbene

1171 731 1333 780 fecimus,
1363 731 1444 768 illos
1472 731 1632 782 coarguit
1649 744 1712 781 per
1730 744 1770 767 ea
1795 743 1873 779 quae
1903 727 2049 779 adjicit:
2079 728 2157 764 Per

1172 804 1310 827 manas
1328 793 1549 841 iniquorum
1572 791 1781 841 ciffigentes
1807 790 2063 826 interemistis.
2087 787 2155 824 Hic

1171 851 1193 888 J
1197 849 1306 886 udam
1324 850 1539 897 subindicat,
1560 849 1735 898 simulque
1751 848 1904 886 ostendit
1921 877 1930 895 ,
1949 848 1986 884 id
2005 862 2074 885 non
2092 861 2156 899 po-

1173 909 1280 947 tuisse
1304 910 1385 948 illos
1413 911 1550 958 facere,
1573 909 1640 946 nisi
1665 910 1761 946 Deus
1781 908 2025 958 concessisset,
2046 909 2157 946 tradi-

1172 973 1349 1023 dissetque
1368 973 1484 1010 illum.
1506 972 1582 1009 Hoc
1600 971 1696 1027 enim
1715 970 1784 1008 sibi
1802 970 1882 1008 vult
1900 970 2006 1019 illud,
2026 972 2159 1008 Tradi-

1175 1044 1267 1074 tum.
1285 1035 1345 1074 Sic
1366 1044 1480 1072 totum
1503 1034 1615 1072 scelus
1638 1032 1812 1072 convertit
1841 1032 1877 1069 in
1897 1041 2005 1084 caput
2030 1032 2134 1071 Judae
2150 1063 2159 1079 ‚

1174 1098 1236 1148 qui
1251 1107 1284 1135 t1
1286 1097 1401 1135 adidit
1416 1111 1518 1135 eum:
1534 1098 1608 1149 ipse
1623 1096 1716 1134 enim
1735 1096 1840 1133 illum
1854 1095 1975 1133 osculo
1986 1094 2159 1146 prodidit.

1175 1159 1245 1198 Vel
1262 1159 1329 1196 hoc
1351 1158 1534 1209 intelligit,
1557 1172 1639 1195 cum
1654 1158 1718 1207 ait,
1745 1159 1824 1194 Per
1845 1169 1985 1193 manus
2004 1158 2161 1208 iniquo—-

1175 1233 1286 1264 rum;
1315 1219 1372 1257 iel
1393 1219 1438 1256 de
1466 1218 1641 1256 militibus
1660 1218 1819 1268 loquitur
1834 1247 1844 1266 ,
1871 1231 1911 1254 ae
1937 1217 1965 1254 si
1997 1216 2162 1265 insinuet,

1177 1282 1256 1319 Non
1276 1295 1338 1320 vos
1353 1280 1594 1327 interemistis,
1607 1279 1671 1317 sed
1683 1281 1760 1317 Per
1774 1293 1912 1317 manus
1929 1281 2162 1330 iniquorum.

1178 1342 1225 1380 Et
1246 1341 1354 1391 vide,
1377 1341 1557 1393 quomodo
1576 1341 1709 1391 ubique
1735 1348 1855 1377 curent
1876 1339 2072 1391 passionem
2090 1339 2165 1390 pri—

1177 1418 1277 1441 mum
1292 1404 1464 1442 confiteri.
1485 1402 1793 1441 Resurrectionem
1811 1415 1906 1449 vero,
1926 1401 2010 1451 quia
2037 1415 2164 1452 magna

1177 1480 1230 1503 res
1252 1475 1326 1503 erat
1341 1497 1350 1514 ‚
1373 1464 1516 1503 interim
1546 1463 1775 1511 subindicat,
1797 1471 1829 1500 et
1849 1462 1951 1513 quasi
1981 1462 2017 1499 in
2046 1462 2165 1501 medio

1175 1528 1290 1580 ponit.
1314 1528 1380 1565 Illa
1413 1541 1567 1577 namque
1582 1557 1593 1573 ‚
1617 1540 1705 1564 crux
1730 1525 1900 1563 nimirum
1933 1533 1966 1562 et
1990 1538 2108 1573 mors,
2129 1524 2164 1562 in

1176 1591 1332 1628 confesso
1352 1598 1468 1639 erant,
1495 1588 1655 1627 nondum
1674 1597 1792 1626 autem
1812 1586 2020 1625 resurrectio
2049 1602 2057 1623 :
2087 1586 2165 1625 ideo

1176 1652 1252 1690 haec
1271 1651 1458 1703 subjungit
1476 1667 1483 1687 :
1507 1651 1572 1687 94.
1600 1651 1719 1700 Quem
1735 1651 1842 1686 Deus
1862 1650 2076 1693 suscitavit,
2106 1661 2166 1685 so-

1178 1715 1269 1752 lutis
1281 1715 1479 1751 doloribus
1496 1715 1644 1760 mortis,
1661 1725 1703 1749 eo
1718 1713 1822 1764 quod
1836 1711 2072 1762 impossibile
2082 1719 2165 1748 erat

1176 1778 1297 1813 teneri
1313 1775 1426 1812 illum
1440 1776 1489 1812 ab
1505 1788 1562 1812 ea.
1574 1773 1642 1811 Hic
1658 1787 1828 1825 magnum
1840 1781 1872 1810 et
1887 1773 2040 1810 sublime
2055 1773 2161 1823 quid-

1174 1836 1271 1888 piam
1291 1834 1507 1873 subindicat.
1523 1834 1620 1873 Illud
1637 1834 1995 1885 enim‚Impossibile
2010 1843 2108 1882 erat,
2120 1834 2164 1871 si-

1173 1897 1319 1948 gnificat
1338 1897 1456 1949 ipsum
1476 1910 1616 1947 quoque
1643 1895 1783 1933 dedisse
1800 1904 2007 1947 potestatem
2025 1895 2163 1933 inferno

1171 1969 1211 1998 ut
1224 1975 1259 1998 se
1272 1970 1414 2009 teneret,
1423 1970 1456 1998 et
1466 1969 1615 1997 mortem
1630 1959 1732 1997 illum
1747 1958 1961 1996 detinentem
1977 1957 2162 1996 doloribus

1173 2031 1294 2074 partus
1335 2022 1499 2059 affectam
1529 2020 1653 2072 gravia
1698 2034 1838 2072 passam
1876 2034 1961 2058 esse.
1992 2020 2162 2057 Dolorem

1172 2083 1305 2134 quippe
1334 2082 1458 2120 mortis
1486 2081 1684 2134 periculum
1707 2081 1890 2132 Scriptura
1923 2080 2011 2118 solet
2042 2081 2162 2132 appel·

1122 2170 1153 2196 49
1171 2142 1244 2180 lare
1264 2159 1271 2179 :
1295 2152 1328 2180 et
1343 2142 1490 2191 indicat,
1513 2140 1609 2192 quod
1636 2141 1687 2178 sic
1708 2141 1943 2178 resurrexerit
1967 2140 2068 2191 quasi
2093 2155 2163 2179 non

1126 2206 1152 2235 A
1171 2204 1264 2241 ultra
1283 2203 1490 2241 moriturus.
1513 2203 1581 2242 Vel
1613 2216 1695 2240 cum
1724 2201 1837 2250 dicit,
1859 2203 1918 2239 Eo
1955 2203 2059 2254 quod
2086 2205 2161 2240 im-

1166 2267 1348 2317 possibile
1363 2274 1448 2304 erat
1468 2267 1590 2304 teneri
1615 2265 1728 2302 illum
1753 2267 1802 2302 ab
1824 2279 1883 2311 ea,
1908 2264 2086 2316 signifieat
2107 2279 2163 2303 re-

1169 2328 1422 2366 surrectionem
1440 2328 1515 2380 ejus
1535 2341 1602 2366 non
1635 2341 1710 2364 esse
1731 2340 1951 2364 communem
1969 2340 2051 2364 cum
2069 2325 2160 2364 aliis.

1169 2388 1308 2426 Deinde
1326 2388 1538 2441 priusquam
1559 2401 1657 2425 mens
1684 2387 1829 2424 illorum
1854 2387 1993 2438 aliquid
2013 2387 2159 2438 cogitet,

1168 2449 1306 2488 inducit
1329 2449 1523 2499 Davidem,
1538 2463 1679 2487 omnem
1696 2449 1892 2486 humanam
1911 2448 2159 2500 cogitationem

1169 2510 1213 2549 de
1241 2511 1360 2549 medio
1391 2511 1584 2549 tollentem.
1608 2511 1670 2549 25.
1695 2511 1831 2548 David
1860 2513 1962 2548 enim
1996 2511 2089 2547 dicit
2118 2512 2161 2546 in

1168 2587 1270 2618 eum,
1293 2571 1423 2623 inquit.
1447 2572 1494 2610 Et
1513 2571 1617 2619 vide,
1649 2570 1826 2621 quomodo
1847 2584 1970 2608 rursus
1996 2571 2159 2608 testimo-

1167 2633 1269 2671 nium
1291 2633 1338 2670 sit
1367 2632 1516 2670 humile.
1536 2631 1620 2669 Ideo
1640 2631 1732 2668 illud
1751 2645 1857 2683 supra
1877 2645 1922 2668 ex
1951 2630 2157 2668 humiliori-

1166 2694 1234 2731 bus
1252 2692 1400 2745 accepit,
1423 2702 1462 2730 ut
1480 2691 1641 2730 ostendat
1659 2691 1704 2729 de
1725 2700 1836 2729 m01te
1855 2705 1924 2728 non
1943 2705 2016 2729 esse
2036 2691 2158 2729 dolen-

1167 2754 1266 2792 dum.
1289 2754 1563 2800 Providebam,
1593 2752 1728 2804 inquit,
1756 2754 1970 2790 Dominum
1997 2755 2039 2789 in
2066 2766 2158 2790 con-
2171 2763 2260 2791 Psal.
2276 2761 2355 2791 158.

1169 2824 1299 2866 spectu
1333 2828 1417 2853 meo
1450 2828 1618 2866 semper,
1651 2816 1836 2866 quoniam
1865 2827 1891 2851 a
1923 2815 2068 2850 dextris
2103 2822 2160 2851 est

1123 2889 1148 2918 Β
1170 2877 1279 2923 mihi,
1300 2890 1347 2913 ne
1370 2888 1636 2913 commovear:
1657 2876 1722 2913 27.
1746 2877 1933 2926 quoniam
1955 2888 2033 2910 non
2052 2875 2159 2912 dere-

1174 2937 1323 2988 linques
1356 2938 1530 2973 animam
1573 2949 1697 2973 meam
1737 2938 1779 2972 in
1817 2935 1983 2986 inferno.
2021 2927 2160 2973 Deinde

1172 2996 1372 3035 testimonio
1402 2996 1610 3049 prophetico
1640 2995 1768 3034 addit:
1793 2996 1854 3033 99.
1888 2997 1969 3033 Viri
1987 2996 2155 3047 fratres.

1155 3128 1310 3170 liberare,
1335 3134 1499 3172 quantum
1523 3126 1746 3171 sct'licetfieri
1765 3134 1891 3170 poterat
1903 3140 1916 3169 ,·
1934 3130 1997 3160 elsi
2019 3131 2104 3160 enim
2128 3131 2164 3162 id

1154 3181 1328 3225 definitum
1344 3194 1366 3213 a
1388 3180 1460 3211 Deo
1476 3186 1575 3219 esset,
1591 3178 1698 3210 nihilo
1723 3186 1832 3210 tamen
1855 3181 1963 3211 minus
1986 3181 2040 3212 illi
2059 3180 2163 3213 lzomi-

1156 3234 1241 3265 cidoe
1259 3240 1366 3266 erant.
1384 3232 1486 3264 Hunc
1498 3256 1505 3270 ,
1523 3233 1650 3274 inquit,
1669 3230 1809 3273 definito
1826 3232 1983 3271 consilio,
1996 3240 2061 3267 etc.

1200 3290 1212 3304 ⁶
1235 3285 1309 3317 Duo
1330 3285 1395 3316 MSS
1429 3288 1476 3316 καὶ
1499 3286 1570 3317 αὐτὸ
1594 3285 1721 3320 διδόντος
1739 3288 1800 3317 ἐστι’
1823 3298 1862 3317 τι.
1890 3287 2026 3319 δείκνυσιν
2050 3291 2096 3320 ὅτι
2116 3292 2164 3320 καὶ

1158 3341 1244 3376 αὐτὸς
1260 3341 1352 3377 ὤδινε,
1368 3337 1474 3368 minus
1491 3342 1589 3367 recte.

1203 3398 1215 3413 ὃ
1240 3387 1327 3420 Alius
1351 3390 1584 3431 ταπεινοτέρων,
1603 3389 1650 3419 διὰ
1673 3390 1759 3420 τοῦτο
1780 3392 1827 3420 καὶ
1849 3391 2025 3422 λυπούντων.
