2466 3805
674 276 682 303 1
692 276 715 303 N
755 273 867 303 ACTA
905 270 1231 302 APOSTOLORUM
1240 289 1249 298 .

1290 269 1451 298 nomn„
1489 267 1617 298 xxxi.
2075 247 2164 293 2⁸55

103 418 341 422 -—-—-——-
344 408 1429 422 ffld‘w——cffi——ss-
1432 408 2172 418 ——.————-———-—-————·

471 524 649 561 OMIAIA
670 522 737 561 λα’.

101 645 324 689 Ἀκούσαντες
353 646 389 683 δὲ
409 648 439 683 οἱ
468 645 653 684 ἀπόστολοι
673 645 857 698 Βαρνάῧας
876 645 935 682 καὶ
957 645 1094 687 Παῦλος
1107 672 1116 689 ,

155 706 400 758 διαρρήξαντες
430 706 474 744 τὰ
503 707 627 757 ἱμάτια
660 707 792 752 αὐτῶν,
824 704 1038 750 ἐξεπήδησαν
1072 704 1120 745 εἷς

154 766 211 804 τὸν
224 766 345 818 ὄχλον,
366 767 546 819 κράζοντες
564 767 624 804 καὶ
641 766 808 817 λέγοντες
830 765 949 816 ἄνδρες
961 792 970 809 ,
986 763 1020 799 τί
1039 767 1118 800 ταῦ·
1146 775 1169 803 E

157 843 201 863 τα
221 833 350 864 ποιεῖτε
368 843 380 877 5
401 831 502 877 ἡμεῖς
521 830 741 877 ὁμοιοπαθεῖς
756 828 841 874 ’ὑμῖν
867 826 969 871 ἐσμεν
986 823 1121 872 ἄνθρω-

157 903 229 934 ποι,
259 888 556 939 εὐαγγελιζόμενοι
590 891 679 936 ὑμᾶς
706 885 774 922 ἀπὸ
800 883 929 921 τούτων
955 885 1022 919 τῶν
1050 897 1121 931 μα-

157 948 261 986 ταίων
289 947 507 1000 ἐπιστρέφειν
537 947 595 984 ἐπὶ
628 946 686 983 τὸν
722 944 812 981 Θεὸν
843 943 901 980 τὸν
924 945 1056 987 ζῶντα,
1090 943 1125 984 ὃς

157 1008 299 1055 ἐποίησε
324 1009 382 1046 τὸν
404 1008 545 1059 οὐρανὸν
565 1006 625 1044 καὶ
652 1004 715 1051 τὴν
737 1007 802 1054 γῆν
829 1002 887 1041 καὶ
910 1002 973 1049 τὴν
994 1003 1126 1041 θάλασ-

158 1085 235 1118 σαν,
252 1070 312 1107 καὶ
332 1069 446 1106 πάντα
467 1067 510 1104 τὰ
530 1070 564 1105 ἐν
584 1068 710 1109 αὐτοῖς.

160 1191 256 1243 σΟρα
288 1190 403 1228 πάντα
435 1188 524 1240 μετὰ
557 1188 786 1241 σφοδρότητος
811 1187 889 1231 τοὺς
916 1187 1125 1230 ἀποστόλους

107 1256 300 1294 ποιοῦντας.
323 1250 514 1303 Διέῤῥηξαν
534 1251 578 1288 τὰ
598 1250 734 1301 ἱμάτια,
755 1249 946 1296 ἐπήδησαν,
968 1249 1127 1301 ἔκραξαν,

108 1313 223 1350 πάντα
253 1312 321 1350 ἀπὸ
340 1311 523 1355 διαθέσεως
544 1314 673 1364 ψυχῆς,
697 1310 994 1362 ἀποστρεφόμενοι
1013 1309 1056 1346 τὰ
1072 1325 1126 1360 γε·

1482 518 1691 556 HOMILIA
1715 516 1853 555 XXXI.

1194 640 1283 677 CAP.
1297 639 1399 678 XIV.
1426 654 1463 678 v.
1486 641 1547 678 15.
1578 643 1652 678 His
1671 641 1815 678 auditis
1836 639 1999 691 apostoli
2021 640 2171 676 Barna-

1249 703 1317 738 bas
1335 710 1372 738 et
1391 702 1555 748 Paulus,
1573 705 1774 740 conscissis
1791 704 1959 740 vestibus
1977 705 2056 742 suis
2075 705 2174 740 exsi-

1250 762 1391 798 lierunt
1408 764 1449 798 in
1469 765 1622 799 turbam
1635 791 1648 809 ‚
1677 764 1892 801 clamantes
1914 765 1974 803 14.
1995 773 2031 801 et
2049 765 2175 802 dicen-

1251 829 1306 858 tes
1336 837 1347 856 .·
1369 824 1463 867 Viri,
1496 823 1592 872 qnid
1621 824 1701 859 hoec
1727 825 1870 874 facilis
1889 829 1904 860 9
1927 827 2006 862 IVos
2033 826 2177 863 similes

1251 884 1363 919 vobis
1374 883 1578 933 passibiles
1589 897 1718 920 sumus
1736 885 1922 930 homines,
1938 890 2180 923 annuntian-

1251 951 1306 980 tes
1342 945 1455 981 vobis
1474 946 1522 980 ab
1541 945 1601 980 lzis
1632 947 1749 981 vanis
1776 948 1948 982 converti
1980 947 2034 983 ad
2056 948 2183 984 Deum

1254 1005 1403 1049 vivum,
1424 1006 1491 1054 qni
1506 1005 1603 1055 fecit
1623 1004 1756 1041 coelum
1777 1013 1814 1042 et
1828 1013 1969 1042 terram
1996 1014 2033 1044 et
2060 1020 2179 1052 mare,

1253 1072 1289 1101 et
1310 1066 1440 1101 omnia
1461 1078 1547 1115 quoe
1564 1067 1604 1101 in
1619 1066 1671 1102 eis
1684 1073 1784 1102 sunt.

1258 1189 1292 1224 1.
1323 1186 1418 1227 Vide
1444 1187 1623 1239 apostolos
1646 1188 1763 1226 omnia
1789 1203 1867 1226 cum
1888 1188 2107 1228 vehementia
2134 1191 2182 1227 fae-

1203 1248 1344 1285 cientcs.
1359 1247 1547 1286 sciderunt
1567 1258 1692 1297 vestes,
1716 1250 1939 1300 exsilierunt,
1964 1251 2185 1302 clamarunt,

1204 1324 1282 1360 quae
1304 1310 1422 1347 omnia
1451 1324 1497 1348 ex
1524 1310 1707 1349 affectione
1743 1311 1853 1348 animi
1877 1312 2066 1359 faciehant,
2088 1328 2189 1351 aver-

109 1373 249 1424 νόμενα,
266 1373 325 1410 καὶ
341 1373 484 1416 πένθους
499 1379 630 1423 σημεῖα
644 1377 830 1415 ποιοῦντες.
847 1372 978 1415 Πένθος
992 1371 1058 1423 γὰρ
1074 1366 1128 1419 ἦν,
1143 1397 1189 1422 ,Μ
1206 1379 1330 1419 santes,
1345 1380 1379 1408 et
1397 1371 1515 1408 luctus
1534 1371 1635 1422 signa
1650 1371 1786 1409 dantes.
1806 1373 1938 1410 Luctus
1951 1373 2084 1426 quippe
2109 1388 2191 1413 vere

110 1434 216 1477 ὄντως
235 1434 357 1477 πένθος
377 1434 650 1486 ἀπαραμύθητον
664 1464 674 1482 ,
695 1433 726 1470 εἴ
753 1450 791 1485 γε
812 1433 955 1483 ἔμελλον
987 1432 1054 1470 θεοὶ
1075 1449 1130 1470 νο-
1155 1435 1180 1463 Α
1206 1434 1414 1482 erat‚luctus
1433 1447 1502 1471 non
1523 1433 1759 1483 consolabilis,
1774 1434 1801 1471 si
1827 1434 1974 1484 quidem
1999 1436 2193 1474 voluissent

113 1495 291 1545 μίξεσθαι,
311 1495 370 1532 καὶ
395 1495 680 1547 εἷδωλολατρείαν
704 1495 865 1546 εἰσάγειν,
882 1494 923 1540 ἣν
942 1489 1043 1541 ἦλθον
1064 1510 1130 1531 κα-

111 1554 328 1599 ταλύσοντες.
362 1555 432 1593 Καὶ
459 1559 560 1594 τοῦτο
586 1559 645 1593 τοῦ
664 1556 826 1594 διαέόλου
848 1550 889 1602 ἦν
916 1554 1132 1593 κατασκεύα-

113 1632 200 1666 σμα.
236 1617 283 1654 Οἱ
314 1615 349 1654 δὲ
370 1619 435 1668 οὐχ
463 1617 722 1668 ἡσυχάζουσιν,
751 1617 840 1655 ἀλλὰ
859 1617 913 1664 τί,
943 1617 1013 1656 Καὶ
1031 1621 1133 1667 ἡμεῖς

112 1682 334 1728 ὁμοιοπαθεῖς
352 1681 433 1729 ὑμῖν
461 1681 577 1728 ἐσμεν,
596 1678 711 1729 φασὶν,
730 1679 915 1730 ἅνθρωποι.
942 1678 1078 1720 Εὐθέως
1095 1680 1134 1716 ἐκ

115 1738 308 1790 προοιμίων
335 1738 525 1792 ἀνέτρεψαν
554 1740 593 1778 τὸ
624 1739 745 1777 κακόν.
787 1741 863 1778 Οὐκ
891 1733 986 1778 εἷπον
1004 1740 1134 1786 ἁπλῶς,

114 1799 323 1852 Ἄνθρωποι,
346 1799 448 1847 ἀλλὰ,
466 1799 553 1837 Καθ’
573 1803 673 1851 ὑμᾶς.
691 1794 780 1838 Εἶτα
799 1799 856 1837 ἵνα
876 1800 924 1850 μὴ
950 1799 1072 1844 δόξωσι
1087 1815 1137 1837 τι-

119 1867 186 1912 μᾷν
212 1859 289 1902 τοὺς
323 1859 432 1906 θεοὺς,
460 1860 606 1898 ἄκουσον
624 1860 682 1897 8τί
703 1860 908 1911 ἐπάγουσιν·
938 1862 1137 1912 Εὐαγγελι-

117 1920 254 1971 ζόμενοι
278 1924 368 1970 ὑμᾶς
398 1920 466 1958 ἀπὸ
497 1920 626 1958 τούτων
646 1924 714 1958 τῶν
739 1920 897 1971 ματαίων
921 1920 1139 1972 ἐπιστρέφειν

121 1981 180 2019 ἐπὶ
206 1981 264 2019 τὸν
285 1980 376 2019 Θεὸν
395 1980 452 2018 τὸν
473 1982 604 2028 ζῶντα,
627 1980 661 2025 ὃς
684 1981 824 2028 ἐποίησε
845 1982 903 2020 τὸν
924 1981 1066 2034 οὐρανὸν
1083 1980 1141 2018 καὶ

121 2042 183 2088 τὴν
213 2046 276 2093 γῆν
303 2041 361 2079 καὶ
383 2041 447 2087 τὴν
467 2042 656 2089 θάλασσαν,
677 2043 736 2080 καὶ
757 2042 873 2081 πάντα
892 2043 935 2080 τὰ
955 2044 989 2080 ἐν
1010 2044 1138 2084 αὐτοῖς.

119 2103 217 2155 ἰΌρα
249 2104 401 2152 οὐδαμοῦ
419 2104 488 2139 τῶν
505 2107 690 2155 προφητῶν
709 2102 987 2154 μνημονεύοντας
1007 2102 1141 2150 αὐτοὺς,

122 2165 196 2202 οὐδὲ
218 2163 383 2214 λέγοντας
395 2192 404 2208 ,
432 2163 522 2206 τίνος
539 2163 673 2210 ἕνεκεν,
694 2164 833 2202 πάντων
852 2164 1060 2215 δημιουργὸς
1077 2163 1140 2210 ὧν,

122 2224 166 2262 τὰ
185 2224 264 2269 ἔθνη
283 2225 412 2275 ἀφῆκεν
439 2224 610 2273 αὐτόνομα
625 2241 634 2271 ;
647 2223 714 2267 ΔΟς
728 2227 762 2262 ἐν
778 2230 853 2267 ταῖς
868 2223 1144 2277 παρῳχημέναις

122 2290 253 2336 γενεαῖς
268 2284 362 2322 εἴασε
375 2284 489 2322 πάντα
503 2284 548 2322 τὰ
565 2284 642 2332 ἔθνη
658 2285 863 2336 πορεύεσθαι
881 2291 955 2329 ταῖς
973 2287 1061 2328 ὁδοῖς
1079 2287 1143 2323 αὐ-

123 2349 205 2383 τῶν.
227 2345 310 2382 “Ou
330 2343 392 2395 μὲν
412 2344 505 2382 εἴασε
524 2345 638 2396 λε’γει,
659 2345 716 2383 διὰ
732 2345 765 2383 τί
789 2346 823 2385 δὲ
842 2346 973 2394 εἴασεν,
996 2349 1058 2383 οὐκ
1080 2346 1143 2384 ἔτι·

125 2405 210 2449 τέως
235 2404 322 2457 πρὸς
339 2405 379 2443 τὸ
401 2412 606 2457 κατεπεῖγον
631 2406 789 2454 ἵσταται,
815 2408 966 2458 οὐδαμοῦ
984 2413 1042 2445 τοῦ
1060 2409 1145 2460 Χρι-

126 2471 208 2505 στοῦ
226 2466 267 2504 τὸ
284 2466 393 2516 ὄνομα
410 2466 523 2509 τιθείς.
543 2466 668 2505 Καίτοι
689 2483 728 2518 γε
757 2469 818 2506 οὐκ
847 2468 1046 2520 ἀμάρτυρον
1067 2470 1146 2506 ἑαυ-

127 2527 185 2564 τὸν
205 2530 351 2578 ἀφῆκεν,
377 2529 595 2577 ἀγαθοποιῶν
625 2528 805 2580 οὐρανόθεν
818 2558 827 2575 ,
857 2532 942 2579 ἡμῖν
963 2529 1079 2573 ὑετοὺς
1098 2530 1147 2566 δι-

129 2586 205 2629 δοὺς
223 2588 281 2625 καὶ
301 2586 442 2640 καιροὺς
462 2588 701 2640 καρποφόρους
713 2619 722 2636 ,
741 2591 926 2640 ἐμπιπλῶν
944 2593 1072 2641 τροφῆς
1088 2589 1148 2627 καὶ

130 2647 340 2701 εὐφροσύνης
357 2647 416 2690 τὰς
433 2647 577 2699 καρδίας
592 2651 706 2698 ἡμῶν.
725 2647 835 2701 εὈρα,
853 2652 890 2687 οὐ
909 2649 1071 2701 βούλεται
1085 2648 1148 2696 τὴν

131 2708 342 2761 κατηγορίαν
378 2711 492 2747 αὐτῶν
523 2709 686 2757 αὐξῆσαι,
729 2710 819 2748 ἀλλὰ
849 2713 979 2761 μᾶλλον
1008 2711 1065 2749 ἐπὶ
1091 2711 1149 2750 τὸν

131 2770 220 2809 Θεὸν
237 2771 276 2808 τὸ
289 2778 357 2808 πᾶν
374 2770 470 2820 ἄγειν
488 2769 609 2814 αὐτοὺς
624 2770 792 2809 παιδεύει.
821 2772 978 2822 ’Έμαθον
997 2772 1077 2824 γὰρ,
1096 2772 1150 2811 ὅτι

133 2830 198 2881 οὐχ
217 2830 306 2868 οὕτω
327 2831 530 2874 σπουδάζειν
556 2832 606 2868 δεῖ
634 2830 726 2874 ἄξιόν
759 2848 792 2870 τι
813 2834 919 2871 εἰπεῖν
948 2833 1028 2886 περὶ
1044 2836 1149 2881 Θεοῦ,

134 2893 180 2932 ὡς
199 2891 239 2928 τὸ
253 2897 323 2934 τοῖς
338 2891 519 2930 ἀκούουσιν
537 2892 725 2943 ὠφέλιμον.
754 2891 850 2944 αΟρα
868 2897 942 2937 πῶς
960 2892 1149 2932 λανθανόν-

136 2966 202 2993 τως
220 2950 282 2996 τὴν
297 2951 509 3004 κατηγορίαν
528 2952 657 2999 τίθησι.
684 2953 755 2991 Καὶ
770 2953 838 3003 μὴν
861 2956 890 2992 εἷ
908 2958 1008 2992 τοῦτο
1030 2954 1151 3000 ἐποίει,

137 3011 206 3048 ἔδει
229 3013 437 3058 κολασθῆναι
461 3013 583 3057 αὐτοὺς
609 3013 781 3052 τοσούτων
810 3015 1046 3059 ἀπολαύοντας
1065 3019 1155 3066 ἀγα-

139 3074 219 3119 θῶν,
244 3071 303 3108 καὶ
325 3072 412 3121 μηδὲ
427 3076 473 3116 ὡς
490 3074 618 3126 τροφέα
633 3074 884 3126 γνωρίσαντας·
906 3079 983 3115 ἀλλ’
1005 3079 1041 3115 οὐ
1063 3075 1156 3128 λέγει

140 3134 316 3184 φανερῶς,
343 3135 419 3170 ἀλλ’
444 3135 653 3184 αἰνίττεται,
672 3137 870 3187 Οὐρανόθεν
896 3141 999 3188 ἡμῖν,
1032 3137 1156 3188 λέγων,

141 3192 258 3236 ὑετοὺς
274 3193 395 3236 διδούς.
425 3195 528 3232 Οὕτω
544 3198 602 3234 καὶ
619 3201 636 3235 ὁ
651 3198 762 3236 Δαυὶδ
775 3199 889 3251 ἔλεγεν
900 3216 907 3222 ·
924 3199 1007 3238 Ἀπὸ
1023 3203 1157 3251 καρποῦ

143 3254 236 3293 σίτου
260 3255 318 3292 καὶ
339 3254 428 3292 οἴνου
448 3256 507 3293 καὶ
527 3258 641 3296 ἐλαίου
662 3262 773 3297 αὐτῶν
794 3260 1076 3308 ἐπληθύνθησαν·
1101 3262 1160 3299 καὶ

143 3318 319 3367 πολλαχοῦ
350 3316 430 3367 περὶ
453 3318 677 3371 δημιουργίας
697 3321 938 3373 διαλεγόμενος
951 3353 960 3369 ,
985 3327 1094 3361 ταῦτα
1113 3324 1160 3362 τί·

188 3433 200 3447 ²
227 3429 253 3457 τί
272 3429 422 3466 itti-somn
438 3422 527 3454 deest
545 3423 576 3456 iu
597 3436 660 3456 uno

1206 1509 1270 1546 pro
1296 1494 1366 1532 diis
1387 1494 1531 1544 haberi,
1550 1504 1584 1532 et
1612 1494 1850 1533 idololatriam
1878 1496 2064 1545 inducere,
2087 1512 2194 1548 quam

1207 1555 1361 1593 solutum
1382 1564 1564 1593 venerant.
1582 1555 1677 1593 Illud
1696 1570 1802 1608 porro
1817 1565 1890 1594 erat
1905 1556 2038 1595 diaboli
2059 1557 2194 1595 machi-

1207 1625 1424 1654 namentum.
1446 1619 1494 1654 At
1513 1616 1567 1654 illi
1583 1631 1652 1655 non
1675 1617 1876 1668 quiescunt,
1892 1618 1953 1655 sed
1975 1619 2062 1669 quid
2079 1619 2096 1655 Ξ)
2114 1620 2195 1656 Nos

1208 1679 1353 1715 similes
1372 1680 1485 1715 vohis
1514 1678 1718 1728 passibiles
1748 1692 1879 1717 szmzus
1917 1681 2113 1730 homines,
2137 1680 2192 1717 in-

1209 1738 1350 1788 quiunt.
1367 1738 1493 1776 Statim
1513 1738 1557 1776 ab
1568 1738 1669 1775 initio
1687 1739 1821 1776 malum
1837 1740 2084 1779 subverterunt
2100 1757 2108 1777 z
2126 1755 2195 1778 non

1211 1799 1377 1836 dixerunt
1398 1798 1621 1851 simpliciter,
1650 1801 1837 1838 Homines
1854 1815 1866 1850 3
1890 1800 1965 1851 scd,
1984 1801 2091 1839 Sicut
2115 1815 2192 1839 vos.

1212 1861 1366 1911 Deinde,
1391 1874 1435 1898 ne
1453 1860 1661 1899 viderentur
1691 1861 1775 1899 deos
1804 1862 1987 1912 venerari,
2004 1863 2089 1900 audi
2110 1862 2197 1913 quid

1211 1921 1412 1973 adjiciant:
1440 1921 1482 1958 A
1489 1925 1740 1960 renuntiantes
1772 1925 1882 1960 vobis
1915 1925 1964 1961 ab
1987 1925 2046 1961 his
2080 1926 2196 1961 vanis

1213 1985 1385 2020 converti
1401 1983 1456 2019 ad
1468 1983 1594 2020 Deum
1612 1985 1759 2029 vivum,
1787 1987 1855 2035 qui
1883 1985 1979 2035 fecit
1999 1985 2136 2023 coelum
2163 1993 2199 2022 et
2214 2001 2301 2029 Psat.
2331 1997 2395 2037 145,

1216 2051 1361 2080 terram
1394 2051 1431 2079 et
1453 2057 1572 2090 mare,
1601 2053 1637 2081 et
1664 2047 1795 2081 omnia
1827 2059 1911 2096 quce
1931 2048 1972 2083 in
2003 2049 2056 2084 eis
2093 2055 2195 2084 sunt.
2215 2043 2245 2072 6·

1217 2103 1377 2141 Observa
1392 2102 1473 2140 illos
1487 2117 1683 2153 numquam
1702 2118 1897 2143 memorare
1914 2106 2119 2158 prophetas,
2140 2122 2200 2145 ne-

1217 2177 1285 2213 que
1303 2162 1434 2212 dicere,
1457 2176 1526 2212 qua
1545 2162 1589 2200 de
1607 2177 1724 2211 causa,
1742 2178 1824 2201 cum
1845 2164 1890 2203 sit
1911 2167 2070 2205 omnium
2095 2169 2200 2206 Crea-

1217 2233 1274 2261 tor
1291 2252 1303 2273 ,
1330 2231 1447 2275 gentes
1458 2223 1601 2273 reliquit
1616 2224 1691 2261 suis
1706 2225 1777 2262 srui
1795 2226 1932 2277 legibus
1948 2227 1964 2264 9
1990 2229 2048 2265 15.
2067 2230 2142 2280 Qui
2161 2232 2202 2267 in

1217 2287 1420 2338 proeleritis
1433 2288 1744 2337 generationibus
1760 2288 1906 2326 dimisit
1926 2303 2055 2328 omnes
2071 2300 2202 2343 gentes

1220 2349 1276 2384 ire
1312 2349 1393 2384 vias
1413 2360 1515 2384 suas.
1537 2346 1643 2392 Quod
1662 2346 1854 2400 dimiserit,
1877 2349 2064 2400 dicit50u1·
2085 2361 2204 2389 autem

1221 2407 1416 2457 dimiserit,
1436 2421 1505 2444 non
1520 2406 1646 2457 addit;
1666 2408 1807 2447 interim
1825 2410 1861 2447 in
1880 2425 1920 2448 eo
1938 2412 2033 2462 quod
2056 2413 2206 2464 urgebat

1221 2469 1396 2518 subsistit,
1417 2468 1552 2507 Christi
1568 2483 1694 2507 nomen
1710 2484 1887 2521 nusquam
1906 2487 2050 2525 ponens.
2070 2476 2131 2512 16.
2151 2476 2205 2511 Et

1224 2532 1378 2584 quidem
1396 2545 1472 2568 non
1492 2533 1575 2568 sine
1600 2534 1816 2569 testimonio
1840 2538 2084 2586 semetipsum
2116 2537 2205 2573 reli-

1225 2596 1323 2646 quit,
1341 2593 1587 2644 benefaciens
1603 2593 1650 2628 de
1672 2593 1778 2639 caelo,
1804 2597 1912 2632 nobis
1936 2597 2035 2633 dans
2051 2596 2206 2647 pluvias

1224 2664 1260 2692 et
1278 2664 1448 2705 tempora
1461 2654 1684 2705 fructifera,
1708 2656 1871 2705 implens
1890 2659 1974 2693 cibo
2006 2667 2043 2694 et
2069 2659 2207 2695 laetitia

1225 2717 1342 2755 corda
1357 2714 1616 2764 nostra.Vide‚
1635 2729 1703 2752 non
1717 2716 1795 2754 vult
1809 2718 2064 2756 accusationem
2084 2733 2207 2756 eorum

1192 2806 1198 2815 ,
1225 2790 1367 2827 augere,
1382 2774 1442 2813 sed
1461 2774 1579 2827 potius
1597 2775 1698 2813 docet
1719 2775 1813 2827 illos,
1830 2786 1869 2814 ut
1888 2779 2005 2815 omnia
2022 2779 2068 2816 ad
2090 2781 2207 2817 Deum

1224 2837 1386 2875 referant.
1427 2834 1635 2873 Didicerant
1669 2836 1760 2874 enim
1801 2851 1869 2875 non
1913 2839 1959 2876 ita
1993 2840 2209 2877 studendum

1226 2912 1299 2936 esse
1317 2896 1456 2948 aliquid
1475 2898 1550 2934 Deo
1576 2896 1727 2947 dignum
1755 2898 1886 2949 dicere,
1914 2909 1953 2937 ut
1984 2901 2208 2939 auditoribus

1228 2959 1314 2996 utile
1334 2957 1420 3009 quid
1444 2958 1612 3009 proferre.
1634 2957 1727 2996 Vide
1747 2959 1924 3009 quomodo
1943 2960 2090 2999 latenter
2107 2976 2209 3000 accu-

1228 3020 1397 3058 sationem
1422 3020 1569 3069 ingerat.
1605 3019 1759 3068 Etenim,
1779 3020 1807 3057 si
1833 3020 1899 3057 hoc
1917 3020 2080 3072 faciebat,
2106 3037 2210 3075 opor-

1229 3083 1324 3120 tebat
1342 3081 1448 3133 plecti
1465 3094 1535 3128 eos,
1557 3081 1619 3131 qni
1639 3090 1690 3118 tot
1701 3081 1802 3118 bonis
1821 3081 1990 3131 fruentes,
2012 3083 2129 3134 ipsum
2141 3098 2212 3122 non

1231 3152 1272 3180 ut
1303 3142 1513 3179 nutritorem
1541 3142 1806 3193 agnoscebant:
1837 3157 1961 3180 verum
1993 3157 2061 3181 non
2095 3145 2214 3196 palam

1231 3202 1334 3253 dicit,
1356 3202 1418 3241 sed
1447 3202 1664 3250 subindicat,
1685 3204 1747 3240 De
1769 3203 1862 3240 coelo
1885 3206 2016 3254 nobis,
2038 3204 2214 3255 inquiens,

1234 3265 1332 3301 dans
1362 3264 1530 3315 pluvias.
1565 3263 1624 3300 Sic
1644 3271 1676 3299 et
1698 3262 1816 3300 David
1838 3263 1979 3302 dicebat
1998 3281 2005 3300 :
2029 3265 2214 3318 Afrzcctu
2232 3279 2317 3307 Psali
2339 3276 2353 3317 4
2384 3277 2414 3305 8.

1231 3327 1421 3377 frumenti
1440 3355 1451 3372 ,
1472 3328 1602 3362 viniet
1623 3325 1697 3362 olei
1721 3327 1779 3362 sni
1795 3326 2217 3376 nzultiplicatisztnt5et
