2466 3805
23 3026 97 3052 Gen.
114 3033 161 3061 27.

214 229 227 255 1
240 210 299 257 53

206 321 315 357 ceres,
329 320 371 344 ac
390 307 419 344 si
435 305 549 343 filiam
566 304 711 348 locares,
726 303 776 340 sic
795 310 866 340 esto
888 314 969 351 erga
988 299 1187 337 Ecclesiam

206 368 354 405 affectus
374 382 382 402 t
403 365 521 403 dotem
541 364 610 415 ipsi
638 362 780 411 largire.
805 361 862 398 Sic
884 360 947 396 tibi
969 359 1055 397 villa
1081 359 1187 396 bene-

206 427 360 465 dictione
381 426 584 477 replebitur.
609 421 706 467 Quid
727 421 811 458 boni
832 434 900 457 non
921 419 995 456 illic
1015 419 1105 457 erit?
1123 432 1188 470 pa—

207 502 332 525 rumne
347 496 411 535 est,
430 497 558 535 quaeso,
574 481 727 519 torcular
740 480 928 518 benedici?
946 493 1118 532 parumne
1138 488 1189 516 est

205 550 322 585 Deum
352 547 450 598 prius
480 559 524 581 ex
560 542 725 580 omnibus
752 541 929 578 fructibus
956 540 1027 578 tuis
1058 549 1188 578 sortem

205 617 238 645 et
256 606 432 659 primitias
448 603 629 655 accipere?
649 601 704 639 Ad
724 616 846 653 pacem
863 601 1099 652 agricolarum
1119 601 1187 637 1100

206 669 292 706 utile
310 676 373 705 est.
398 664 621 704 Venerabilis
638 663 704 701 erit
722 672 842 715 postea
857 663 1056 715 presbyter,
1077 661 1187 699 illud-

205 743 271 779 que
298 727 343 765 ad
363 726 458 764 villae
488 725 711 763 securitatem
731 724 914 762 conducet.
929 723 1115 761 Orationes
1137 722 1187 760 il—

203 789 249 826 lic
264 797 442 840 perpetuae
456 801 521 839 pro
546 795 580 823 te
607 786 705 831 fient,
728 785 856 837 hymni
874 794 906 822 et
934 799 1086 837 synaxes
1101 798 1186 836 pro-

203 857 282 900 pter
292 858 336 896 te,
353 847 485 885 oblatio
500 845 649 897 singulis
663 845 872 883 Dominicis.
893 843 993 897 Quid
1001 844 1114 895 magis
1128 843 1191 880 ad-

204 908 408 946 mirandum
436 916 499 956 est,
519 906 616 957 quod
638 906 700 943 alii
732 904 919 957 splendida
940 905 1102 957 sepulcra
1126 918 1189 942 ex-
1210 915 1233 944 Β

205 978 354 1017 struant,
375 978 415 1006 ut
431 968 562 1021 posteri
583 967 743 1016 audiant,
761 967 867 1004 illum
887 967 992 1004 talem
1011 966 1088 1003 haec
1107 979 1189 1003 0011-

205 1033 376 1071 struxisse
384 1048 395 1082 3
417 1046 461 1069 an
486 1030 583 1082 quod
607 1039 646 1067 tu
674 1029 837 1067 ecclesias
865 1029 1102 1067 excitaveris?
1121 1029 1189 1066 Co-

206 1093 279 1145 gita
294 1103 328 1131 te
348 1108 460 1144 usque
477 1092 524 1130 ad
546 1091 679 1129 Christi
699 1090 894 1128 adventum
910 1089 1107 1128 mercedem
1125 1090 1189 1127 ha—

205 1154 367 1192 biturum
385 1167 472 1204 esse,
496 1152 524 1189 si
539 1151 650 1189 altare
666 1150 734 1188 Dei
750 1150 973 1189 excitaveris.

259 1409 297 1447 5.
330 1406 398 1445 Dic
417 1407 511 1444 enim
530 1405 634 1454 mihi,
655 1406 683 1443 si
704 1405 900 1457 Imperator
916 1403 983 1442 tibi
998 1402 1190 1456 praecepis-

206 1479 257 1508 set
279 1470 426 1508 domum
447 1478 640 1517 exstruere,
658 1477 697 1505 ut
721 1467 783 1504 illo
810 1466 1062 1513 diversaretur,
1077 1479 1191 1503 nonne

206 1532 324 1569 omnia
360 1531 542 1569 moveres?
580 1533 626 1568 At
649 1543 742 1567 nunc
768 1529 864 1580 regia
897 1537 947 1566 est
975 1527 1107 1565 Christi
1131 1541 1188 1565 ec-

207 1593 314 1630 clesia
336 1607 443 1642 quam
473 1591 642 1629 aedificas.
684 1592 736 1629 Ne
763 1599 921 1627 sumtum
951 1598 1098 1641 spectes,
1130 1588 1191 1626 sed
1212 1586 1234 1616 C

209 1653 366 1690 fructum
393 1661 517 1704 reputa
538 1668 545 1687 ε
567 1651 620 1688 1111
650 1651 769 1688 00111οῖ
790 1659 934 1696 terram,
955 1659 993 1686 tu
1019 1650 1093 1687 cole
1113 1649 1191 1687 illo-

208 1728 289 1750 rum
305 1713 457 1761 animas;
470 1713 524 1750 illi
542 1713 678 1749 fructus
698 1711 763 1748 tibi
783 1711 997 1759 afferunt,tu
1012 1710 1090 1747 illos
1103 1710 1193 1747 infer

209 1774 244 1811 iu
261 1775 397 1812 caelum.
422 1774 493 1820 Qui
516 1773 660 1810 initium
676 1772 795 1822 dedit,
811 1773 841 1809 is
854 1772 1008 1808 aliorum
1027 1772 1188 1808 omnium

209 1848 313 1872 causa
338 1845 399 1872 est.
421 1835 517 1885 Ergo
548 1843 580 1871 et
604 1842 643 1870 tu
668 1842 789 1870 auctor
810 1833 890 1879 eris,
910 1832 1006 1883 quod
1029 1832 1193 1869 catechu-

210 1897 302 1935 meni
323 1898 393 1934 sint
417 1896 453 1933 in
472 1895 599 1933 vicinis
619 1895 728 1933 villis.
750 1895 850 1931 Certe
869 1894 993 1932 balnea
1014 1894 1193 1931 molliores

210 1959 365 1996 reddunt
377 1957 560 2009 agricolas,
578 1971 746 2008 cauponae
759 1956 981 1993 delicatiores
1001 1972 1007 1991 :
1026 1965 1059 1992 et
1076 1965 1193 1994 tamen

211 2020 286 2057 haec
309 2019 489 2072 apparatis
504 2027 648 2070 propter
664 2017 828 2068 gloriam.
846 2018 979 2054 Forum
999 2026 1033 2054 et
1049 2017 1194 2054 celebri-

210 2089 298 2117 tates
340 2080 420 2117 illos
459 2078 613 2116 reddunt
651 2078 906 2130 petulantiores
933 2093 941 2113 :
968 2077 1044 2115 haec
1077 2087 1196 2115 autem

211 2141 354 2178 omnino
368 2154 478 2178 secus.
497 2140 640 2185 Quanta
659 2138 753 2175 enim
767 2152 820 2175 res
839 2139 959 2185 fuerit,
976 2138 1098 2176 videre
1116 2153 1197 2190 pre-

210 2202 397 2253 sbyterum
424 2201 470 2237 ad
489 2200 693 2251 exemplum
711 2200 865 2236 Abrahae
889 2199 1119 2247 incedentem,
1139 2214 1195 2237 03-

211 2276 312 2312 1111111,
349 2261 564 2309 300111οῖ11111,
592 2260 805 2303 fodientem,
837 2261 1065 2312 operantem?
1097 2259 1197 2306 Quid
1216 2251 1240 2280 D

211 2336 298 2374 agro
331 2323 393 2359 illo
422 2321 720 2359 desiderabilius?
746 2320 814 2357 Hic
841 2321 954 2372 major
985 2329 1036 2358 est
1063 2321 1193 2358 virtus.

212 2386 293 2422 Non
312 2393 363 2421 est
379 2383 453 2420 11110
467 2382 625 2424 lascivia,
642 2381 704 2419 sed
723 2381 847 2419 abacta
866 2391 937 2431 est;
962 2395 1032 2419 non
1048 2382 1197 2419 ebrietas

213 2456 247 2483 et
274 2446 450 2497 voluptas,
471 2443 532 2481 sed
563 2443 744 2481 eliminata
768 2452 818 2480 est
827 2459 838 2494 3
863 2458 932 2481 11011
957 2458 1049 2482 vana
1067 2443 1194 2495 gloria,

213 2506 276 2544 sed
303 2505 476 2543 exstincta
505 2513 555 2541 est
583 2519 591 2539 ε
618 2504 863 2541 benevolentia
887 2505 968 2556 plus
992 2505 1068 2542 11110
1087 2505 1200 2556 fulget

214 2576 357 2619 propter
376 2565 650 2618 simplicitatem.
671 2564 796 2610 Qualis
812 2579 865 2603 res
892 2575 943 2603 est
963 2565 1061 2603 abire
1087 2575 1121 2603 et
1139 2566 1196 2603 in-

215 2630 314 2681 gredi
341 2629 377 2666 in
402 2629 550 2666 domum
569 2628 648 2675 Dei,
672 2637 704 2664 et
719 2628 854 2675 videre,
877 2629 974 2680 quod
998 2630 1074 2681 ipse
1099 2629 1201 2667 illam

215 2690 442 2737 exstruxerit,
451 2689 676 2741 seipsumque
692 2689 864 2741 projicere
877 2692 1058 2742 supinum,
1074 2698 1107 2727 et
1122 2699 1202 2742 post

214 2751 316 2787 illam
343 2763 547 2802 corpoream
577 2749 732 2799 quietem
767 2750 946 2787 nocturnis
966 2760 1000 2788 et
1018 2751 1202 2789 matutinis

215 2812 361 2864 hymnis
386 2811 519 2859 adesse,
540 2810 812 2848 commensalem
830 2811 961 2849 habere
987 2813 1203 2850 sacerdotem

216 2886 250 2913 et
280 2877 548 2927 colloquentem,
576 2874 822 2912 benedictione
849 2875 934 2925 frui,
961 2876 1049 2914 31105
1082 2877 1204 2915 videre

218 2944 309 2981 istuc
331 2943 532 2981 venientes?
550 2942 619 2979 Hic
645 2956 782 2991 murus,
799 2941 867 2978 hoc
893 2942 1099 2993 praesidium
1125 2958 1204 2995 agn

219 3022 283 3050 est.
305 3013 373 3050 Hic
391 3022 442 3050 est
462 3025 546 3063 ager
561 3011 606 3048 dc
629 3025 699 3061 quo
720 3010 854 3048 dicitur
874 3026 882 3047 ε
906 3013 1010 3050 Odor
1027 3015 1112 3064 agri
1123 3014 1204 3065 ple-

220 3083 275 3126 ni,
297 3083 359 3118 cui
378 3079 573 3117 benedixit
589 3079 792 3116 Dominus.
815 3077 919 3124 Quod
941 3080 971 3116 si
989 3079 1123 3131 absque
1137 3081 1204 3119 hoc

219 3147 311 3184 bona
326 3147 414 3184 villa
434 3155 484 3184 est
503 3155 646 3198 propter
668 3145 836 3196 quietem,
856 3155 1002 3198 propter
1017 3147 1079 3185 otii
1093 3149 1205 3186 abun-

220 3212 394 3250 dantiam:
411 3212 440 3250 si
457 3221 491 3250 et
504 3212 571 3249 hoc
590 3212 783 3262 accesserit,
801 3212 859 3251 cui
874 3214 923 3250 rei
936 3228 1000 3265 par
1020 3228 1089 3252 non
1108 3215 1202 3253 erit?

264 3342 276 3355 ³
295 3330 354 3362 Alii
371 3337 495 3377 μικρὸν,
513 3337 575 3366 εἰπέ
589 3347 651 3375 μοι,
666 3341 723 3366 τῶν
736 3342 868 3377 καρπῶν.

266 3386 282 3408 b
299 3383 390 3415 Unus
413 3381 498 3415 Cod.
516 3389 563 3417 καὶ
588 3389 668 3425 μετὰ
684 3391 737 3422 τὴν
756 3389 860 3422 ἐνάτην
884 3388 963 3430 ὥραν
980 3393 1029 3423 τῆς
1056 3394 1224 3427 σωματικῆς

1194 2945 1201 2950 -
1224 2929 1248 2958 E

657 223 696 252 S.
732 221 915 253 JOANNIS
950 218 1192 250 CHRYSOST·
1233 218 1436 249 ARCHIEP.
1474 218 1830 251 CONSTANTINOP-

1257 298 1391 348 βέλτιον
1412 301 1503 349 ἐκεῖ,
1527 300 1548 345 ἢ
1567 301 1732 339 ἐνταῦθα·
1759 301 1881 354 θρέψον
1911 301 2128 349 διδάσκαλον,
2149 299 2271 353 θρέψον

1256 359 1410 397 διάκονον
1446 360 1503 397 καὶ
1537 361 1708 412 ἱερατικὸν
1742 362 1915 413 σύστημα.
1951 361 2092 400 (Ωσανεὶ
2126 368 2273 412 γυναῖκα

1257 419 1436 470 ἀγαγὼν-ἢ
1465 420 1621 472 νύμφην,
1643 421 1665 467 ἢ
1685 421 1760 465 δοὺς
1790 422 1982 474 θυγατέρα,
2012 425 2101 461 οὕτω
2127 426 2169 473 τῇ
2192 421 2289 459 Ἐκ-’

1256 479 1384 531 κλησίᾳ
1399 479 1570 518 διάκεισο·
1588 487 1715 533 προῖκα
1734 481 1848 524 ἐπίδος
1865 485 1965 534 αὐτῇ.
1982 482 2085 520 Οὕτω
2105 498 2158 520 σοι
2179 483 2276 519 εὔλο-

1254 540 1332 590 γίας
1351 541 1390 578 τὸ
1406 541 1535 593 χωρίον
1553 542 1832 593 πληρωθήσεται.
1849 542 1896 580 Τί
1916 542 1983 594 γὰρ
2004 545 2066 580 οὐκ
2087 543 2184 581 ἔσται
2205 545 2276 580 ἐκεῖ

1254 604 1323 639 τῶν
1339 604 1475 653 ἀγαθῶν
1489 619 1498 650 ;
1516 603 1651 655 μικρὸν,
1662 603 1737 641 εἶπέ
1751 618 1831 654 μοι,
1844 604 1901 642 τὸν
1921 604 2023 648 ληνὸν
2038 606 2271 655 εὐλογεῖσθαι,

1253 663 1412 714 Ἀμικρὸν,
1432 663 1465 708 ἐξ
1483 662 1571 701 ὅλων
1587 667 1655 702 τῶν
1674 667 1817 716 καρπῶν
1836 667 1904 701 τῶν
1925 666 1994 702 σῶν
2008 664 2063 701 τὸν
2080 664 2167 702 Θεὸν
2189 663 2275 715 πρό-

1254 739 1350 775 τερον
1372 723 1566 776 ἀπόμοιραν
1581 725 1639 763 καὶ
1657 723 1819 777 ἀπαρχὰς
1835 724 2050 775 λαμδάνεινς
2067 725 2161 776 Πρὸς
2176 725 2275 776 εἰρή-

1256 800 1316 829 νην
1350 788 1418 822 τῶν
1451 784 1692 836 γεωργούντων
1724 789 1824 822 τοῦτο
1863 784 2052 838 χρήσιμον.
2090 785 2277 836 Αἷδέσιμος

1257 845 1356 883 ἔσται
1375 845 1434 883 καὶ
1455 850 1473 884 ὁ
1491 846 1721 898 πρεσὸύτερος
1738 846 1871 894 λοιπὸν,
1897 846 1956 884 καὶ
1981 846 2066 899 πρὸς
2085 846 2276 898 ἀσφάλειαν

1256 910 1315 944 τοῦ
1335 907 1463 959 χωρίου
1483 907 1714 959 συμὸαλεῖται
1736 911 1846 946 τοῦτο.
1876 907 1993 958 Εὐχαὶ
2019 908 2089 944 ἐκεῖ
2112 907 2279 953 διηνεκεῖς

1257 967 1314 1005 διὰ
1345 967 1404 1015 σὲ,
1434 968 1536 1019 ὕμνοι
1560 968 1619 1005 καὶ
1639 968 1792 1012 συνάξεις
1821 967 1878 1006 διὰ
1906 967 1966 1014 σὲ,
1995 966 2174 1019 προσφορὰ
2200 970 2277 1005 καθ’

1257 1028 1405 1075 ἑκάστην
1426 1029 1608 1082 κυριακήν.
1629 1023 1712 1067 Οἶόν
1735 1031 1825 1066 ἐστιν
1854 1030 1900 1071 εἷς
1928 1031 2045 1078 θαῦμα
2073 1031 2200 1078 μεῖζον,
2221 1033 2281 1067 τοῦ

1255 1088 1381 1140 τάφους
1411 1089 1472 1139 μὲν
1500 1089 1636 1142 ἑτέρους
1664 1090 1892 1139 οἰκοδομῆσαι
1922 1088 2103 1140 λαμπροὺς
2120 1119 2129 1136 ,
2166 1089 2222 1127 ἵνα
2250 1092 2282 1128 οἳ

1258 1149 1346 1199 μετὰ
1361 1152 1471 1187 ταῦτα
1491 1149 1673 1196 ἀκούωσιν,
1699 1149 1752 1187 ὅτι
1774 1152 1811 1188 οὐ
1831 1151 1924 1187 δεῖνα
1942 1149 2164 1201 ᾠκοδόμησε,
2186 1151 2224 1188 σὲ
2245 1151 2281 1189 δὲ

1257 1209 1446 1256 ἐκκλησίας
1470 1212 1684 1257 ἀναστῆσαη
1704 1210 1904 1258 Ἐννόησον,
1929 1210 1982 1248 ὅτι
2009 1210 2113 1262 μέχρι
2131 1214 2193 1257 τῆς
2220 1215 2280 1249 τοῦ

1257 1272 1409 1324 Χριστοῦ
1430 1271 1621 1322 παρουσίας
1639 1271 1679 1308 σὺ
1700 1271 1758 1309 τὸν
1782 1271 1903 1322 μισθὸν
1932 1269 2015 1315 ἕξεις
2043 1275 2060 1309 ὃ
2083 1272 2282 1319 ἀναστήσας

1258 1331 1502 1385 θυσιαστήριον
1522 1336 1582 1370 τοῦ
1601 1334 1704 1371 Θεοῦ.

1313 1393 1401 1432 Εἰπὲ
1417 1392 1483 1446 γάρ
1500 1408 1580 1443 μοι,
1599 1395 1628 1432 εἷ
1646 1393 1807 1446 βασιλεύς
1827 1410 1880 1433 σοι
1898 1395 2073 1433 ἐκέλευσεν
2096 1396 2282 1445 οἰκοδομῆ-

1258 1471 1317 1493 σαι
1337 1454 1460 1502 οἰκίαν,
1475 1454 1531 1492 ἵνα
1548 1458 1619 1493 ἐκεῖ
1638 1455 1822 1503 καταλύοι,
1839 1459 1900 1495 οὐκ
1916 1455 1954 1493 ἂν
1970 1456 2084 1494 πάντα
2104 1455 2284 1503 ἐποίησας

1258 1519 1328 1555 Νῦν
1350 1510 1406 1553 οῦν
1429 1515 1589 1566 βασιλεία
1610 1516 1683 1554 ἐστὶ
1709 1522 1768 1555 τοῦ
1789 1517 1940 1569 Χριστοῦ
1962 1520 2023 1563 τῆς
2051 1517 2238 1562 ἐκκλησίας
2258 1520 2280 1563 ἦ

1258 1577 1434 1628 οἰκοδομή.
1451 1576 1512 1624 Μὴ
1530 1577 1569 1614 τὸ
1585 1577 1756 1628 ἀνάλωμα
1772 1577 1847 1629 ἴδῃς
1859 1608 1868 1625 ,
1890 1576 1978 1616 ἀλλὰ
2000 1578 2056 1615 τὸν
2077 1578 2210 1631 καρπὸν
2224 1578 2283 1616 λό-

1257 1655 1354 1690 γισαι
1367 1654 1374 1661 ·
1407 1642 1617 1692 γεωργοῦσιν
1649 1641 1771 1677 ἐκεῖνοι
1802 1639 1864 1687 τὴν
1899 1643 1977 1690 γῆν,
2009 1639 2049 1678 σὺ
2081 1639 2282 1692 γεώργησον

1260 1703 1369 1738 αὐτῶν
1384 1700 1444 1743 τὰς
1460 1700 1572 1752 ψυχάς
1585 1717 1593 1724 ·
1617 1700 1758 1753 φέρουσί
1773 1717 1826 1739 σοι
1844 1700 1998 1752 καρποὺς
2015 1703 2161 1748 ἐκεῖνοι,
2179 1701 2219 1739 σὺ
2237 1703 2286 1745 εἷς

1258 1761 1315 1798 τὸν
1329 1760 1471 1811 οὐρανὸν
1490 1761 1610 1804 αὐτοὺς
1629 1761 1792 1812 ἀνάγαγε.
1809 1761 1852 1799 ‘O
1868 1761 1930 1809 τὴν
1948 1761 2059 1814 ἀρχὴν
2077 1761 2151 1805 δοὺς
2163 1792 2172 1810 ,
2188 1755 2284 1804 οῦτος

1259 1821 1317 1860 καὶ
1336 1824 1404 1859 τῶν
1422 1821 1534 1859 ἄλλων
1560 1821 1668 1866 αἴτιος
1686 1823 1839 1860 πάντων.
1857 1820 1944 1874 Ἄρα
1961 1822 2020 1860 καὶ
2041 1821 2081 1860 σὺ
2101 1823 2207 1865 αἴτιος
2223 1821 2284 1873 ἔσῃ

1258 1884 1328 1919 τῶν
1355 1882 1627 1934 κατηχουμένων
1661 1884 1755 1930 ἐκεῖ,
1786 1886 1855 1920 τῶν
1888 1885 1922 1919 ἐν
1946 1889 2016 1925 τοῖς
2046 1883 2186 1935 χωρίοις
2216 1888 2287 1926 τοῖς

1258 1943 1418 1990 πλησίον.
1434 1943 1560 1981 Καίτοι
1575 1944 1618 1981 τὰ
1637 1943 1698 1994 μὲν
1721 1946 1888 1994 βαλανεῖα
1908 1944 2177 1995 μαλακωτέρους
2195 1948 2288 1981 ποιεῖ

1261 2004 1338 2048 τοὺς
1352 2004 1537 2056 γεωργοὺς,
1551 2004 1595 2042 τὰ
1610 2006 1786 2051 καπηλεῖα
1799 2004 2074 2056 τρυφηλοτέρους
2084 2021 2091 2028 ·
2104 2006 2179 2042 ἀλλ’
2196 2004 2290 2055 ὅμως

1261 2072 1394 2103 ποιεῖτε
1410 2071 1520 2104 ταῦτα
1538 2064 1594 2103 διὰ
1612 2064 1723 2109 δόξαν.
1744 2067 1790 2102 Αἱ
1810 2064 1934 2116 ἀγοραὶ
1953 2065 2013 2102 καὶ
2029 2068 2064 2103 αἱ
2082 2064 2290 2119 πανηγύρεις

1261 2126 1368 2164 πάλιν
1389 2126 1549 2177 ἰταμούς·
1573 2126 1617 2164 τὰ
1634 2125 1669 2163 δὲ
1692 2127 1856 2173 ἐνταῦθα,
1873 2133 1941 2163 πᾶν
1961 2126 2170 2164 τούναντίον.
2192 2126 2291 2164 Ἡλί-

1261 2203 1320 2224 κον
1336 2187 1404 2239 γάρ
1424 2189 1514 2225 ἐστιν
1537 2189 1619 2224 ἰδεῖν
1638 2186 1874 2240 πρεσέύτερον
1896 2189 1944 2230 εἷς
1970 2187 2085 2224 εἰκόνα
2109 2187 2291 2232 βαδίζοντα

1262 2253 1322 2285 τοῦ
1337 2247 1517 2300 Ἀδραὰμ,
1534 2248 1667 2294 πολιὸν,
1689 2247 1923 2297 ἀνεζωσμένον
1942 2248 2000 2285 καὶ
2018 2248 2216 2286 σκάπτοντα
2232 2249 2292 2287 καὶ

1263 2309 1364 2346 αὐτου
1372 2312 1532 2359 ργοῦντα;
1566 2308 1613 2345 Τί
1646 2312 1705 2345 τοῦ
1741 2311 1847 2358 ἀγροῦ
1880 2309 2116 2361 ποθεινότερον
2144 2310 2290 2358 ἐκείνου;

1261 2367 1435 2406 Ἐνταῦθα
1455 2368 1580 2419 μείζων
1596 2372 1617 2415 ἡ
1640 2367 1758 2420 ἀρετή.
1781 2368 1859 2405 Οὔκ
1892 2368 1986 2406 ἔστιν
2014 2368 2178 2420 ἀσέλγεια
2199 2372 2289 2416 ἐκεῖ,

1263 2431 1338 2468 ἀλλ’
1362 2429 1580 2475 ἀπελήλαται
1592 2445 1600 2453 ·
1631 2431 1693 2467 οὐκ
1718 2428 1792 2466 ἔστι
1826 2427 1915 2479 με’θη
1954 2429 2014 2467 καὶ
2045 2429 2156 2481 τρυφὴ
2170 2460 2179 2477 ,
2213 2431 2290 2468 ἀλλ’

1263 2489 1461 2542 ἐξώρισται·
1483 2492 1545 2527 οὐκ
1561 2490 1634 2528 ἔστι
1654 2489 1850 2537 κενοδοξία,
1875 2491 1952 2528 ἀλλ’
1971 2491 2133 2529 ἔσὲεσται
2151 2507 2159 2514 ·
2174 2492 2214 2530 τὸ
2230 2495 2292 2538 τῆς

1264 2550 1395 2594 εὐνοίας
1419 2550 1523 2589 πλέον
1553 2553 1623 2589 ἐκεῖ
1649 2550 1846 2600 διαλάμπει
1865 2550 1921 2587 διὰ
1939 2550 2002 2597 τὴν
2019 2551 2192 2603 ἀφέλειαν.
2207 2546 2291 2590 Οἷόν

1265 2614 1358 2651 ἐστιν
1390 2613 1550 2650 ἀπελθεῖν
1571 2611 1630 2649 καὶ
1657 2613 1820 2649 εἰσελθεῖν
1843 2613 1894 2655 εἷς
1917 2611 1975 2649 τὸν
1996 2605 2086 2650 οἷκον
2107 2615 2165 2650 τοῦ
2183 2613 2291 2659 Θεοῦ,

1268 2673 1328 2711 καὶ
1355 2673 1502 2721 εἰδέναι,
1533 2672 1586 2711 ὅτι
1619 2672 1721 2715 αὐτὸς
1740 2671 1839 2709 αὐτὸν
1859 2671 2084 2724 ᾠκοδόμησε,
2114 2672 2173 2710 καὶ
2196 2674 2294 2724 ῥῖψαι

1269 2733 1387 2771 ἑαυτὸν
1407 2734 1542 2781 ὕπτιον,
1556 2731 1643 2771 1)καὶ
1665 2731 1754 2783 μετὰ
1774 2731 1837 2778 τὴν
1858 2731 1987 2783 αἰώραν
2005 2731 2067 2779 τὴν
2089 2730 2292 2783 σωματικὴν

1268 2794 1328 2832 καὶ
1349 2796 1528 2846 λυχνικοῖς
1544 2794 1602 2832 καὶ
1619 2797 1769 2836 ἑωθινοῖς
1786 2792 1903 2843 ὕμνοις
1918 2793 2191 2844 παραγενέσθαε,
2208 2795 2295 2842 ὃμο-

1268 2854 1438 2906 τράπεζον
1458 2855 1548 2906 ἔχειν
1568 2855 1626 2892 τὸν
1643 2853 1754 2905 ἱερέα,
1770 2855 2018 2902 συνομιλοῦντα
2033 2852 2189 2904 εὐλογίας
2209 2856 2295 2891 ἀπο-

1268 2914 1398 2962 λαύειν,
1420 2914 1555 2967 ἑτέρους
1579 2917 1660 2966 ὅρᾷν
1681 2913 1885 2966 ἐρχομένους
1909 2914 2002 2962 ἐκεῖ,
2022 2915 2136 2951 Τοῦτο
2158 2919 2293 2965 τεῖχος,

1272 2979 1374 3014 τοῦτο
1406 2976 1578 3027 ἀσφάλεια
1600 2978 1717 3027 ἀγροῦ.
1741 2969 1851 3015 Οῦτός
1871 2976 1962 3012 ἐστιν
1984 2977 2002 3012 ὁ
2022 2975 2124 3027 ἀγρὸς
2155 2976 2235 3028 περὶ
2255 2969 2294 3014 οῦ

1272 3052 1377 3089 φησιν
1391 3052 1398 3059 ·
1416 3034 1539 3086 Ὀσμὴ
1557 3039 1662 3088 ἀγροῦ
1681 3034 1893 3086 πλήρους,ὃν
1913 3034 2076 3085 εὖλόγησε
2097 3035 2235 3088 Κύριος.
2250 3038 2294 3074 Εἰ

1273 3098 1331 3136 καὶ
1350 3096 1457 3149 χωρὶς
1475 3097 1595 3135 τούτου
1616 3096 1719 3138 καλὸς
1735 3099 1752 3135 ὅ
1770 3096 1872 3147 ἀγρὸς
1892 3095 1947 3133 διὰ
1973 3095 2035 3142 τὴν
2053 3097 2217 3149 ἡσυχίαν,
2237 3097 2295 3136 διὰ

1273 3158 1312 3195 τὸ
1332 3156 1603 3210 ἀπραγμοσύνης
1620 3156 1737 3208 γε’μειν
1751 3171 1759 3179 ·
1781 3155 1862 3193 ὅταν
1899 3156 1958 3193 καὶ
1991 3160 2093 3195 τοῦτο
2121 3157 2184 3210 ἔχῃ
2197 3187 2207 3205 ,
2225 3157 2294 3195 τίνι

1274 3218 1336 3254 οὐκ
1355 3215 1453 3254 ἔσται
1475 3215 1564 3262 ἴσος,
1583 3216 1700 3267 Ἀγρὸς
1718 3213 1784 3266 γὰρ
1812 3214 1999 3261 ἐκκλησίαν
2030 3215 2134 3267 ἔχων,
2154 3219 2204 3268 τῷ
2221 3231 2294 3254 πα-

1289 3338 1471 3376 nemmem
1485 3343 1607 3380 τροφῆς,
1625 3339 1674 3368 καὶ
1688 3340 1715 3368 ἐν
1733 3338 1885 3376 λυχνικοῖς.
1905 3333 1986 3374 Quae
2002 3332 2101 3366 lectio
2118 3345 2184 3368 non
2201 3344 2292 3376 Sper-

1289 3385 1397 3420 nenda
1413 3385 1555 3420 videtur.
