2466 3805
292 253 376 300 116
738 269 775 298 s.
814 266 998 297 som-ms
1033 263 1278 294 cnnrsos'r.

283 352 438 404 grabatis
457 365 543 402 quos
560 349 737 388 habebant
760 348 936 393 infirmos,
958 353 991 381 et
1008 343 1168 392 undique
1186 342 1258 379 illis

284 412 482 451 confluebat
502 410 737 455 miraculum.
759 421 780 444 a
800 404 1045 451 medentibus,
1064 416 1085 439 a
1107 401 1258 449 sanatis,

283 473 330 511 ab
347 487 387 511 eo
409 472 469 523 qui
485 472 610 523 plexus
629 470 753 516 fuerat,
769 481 788 503 a
808 464 939 503 fiducia
959 477 1065 514 quam
1085 476 1166 514 elga
1179 462 1260 499 illos

282 534 473 581 habebant,
500 545 519 568 a
544 530 673 569 virtute
699 540 840 575 eorum,
875 526 934 576 qui
965 538 1035 562 non
1068 532 1262 573 utcumque

283 593 469 632 credebant
486 606 494 627 :
523 603 636 639 neque
656 588 749 626 enim
769 587 866 638 quod
893 587 1001 624 fiebat
1015 616 1025 635 ,
1045 585 1154 637 signis
1178 594 1260 623 tan—

282 664 357 692 tum
387 652 576 690 constabat.
598 651 690 688 Nam
716 649 780 687 etsi
808 649 862 686 illi
888 647 1046 686 modeste
1077 648 1261 698 loquentes

280 722 393 751 totum
421 712 490 763 ipsi
516 711 691 763 imputent
711 709 882 761 dicentes,
905 709 942 746 in
963 708 1105 746 nomine
1128 707 1262 745 Christi

281 787 317 811 se
336 773 411 810 haec
428 773 562 822 facere,
582 771 643 809 sed
664 770 737 810 vita
758 784 897 822 quoque
917 779 951 807 et
967 769 1083 809 virtus
1100 769 1262 807 virorum

280 833 347 871 hoc
374 833 468 871 fecit.
485 831 664 884 Perpende
690 840 828 881 autem,
849 830 1026 882 quomodo
1047 830 1107 867 hic
1132 843 1261 867 nume-

280 909 361 933 rum
376 893 594 932 credentium
606 907 674 931 non
692 893 827 940 afferat,
838 891 991 929 auditori
1005 891 1205 941 relinquens
1223 899 1263 927 ut

281 955 319 993 id
337 970 383 993 ex
401 969 438 994 se
461 956 628 1007 conjectet
651 969 659 990 :
682 953 733 991 sic
750 952 797 990 ad
820 952 1028 990 immensam
1056 950 1262 989 multitudi-

281 1030 361 1054 nem
377 1016 464 1054 fides
483 1015 747 1054 extendebatur.
766 1013 859 1051 Hinc
872 1022 906 1051 et
923 1013 1130 1050 resurrectio
1147 1011 1263 1062 magis

280 1076 551 1130 praedicabatur.
572 1078 693 1114 Nemo
713 1084 839 1113 autem
857 1075 1027 1112 audebat
1042 1087 1083 1111 se
1101 1074 1262 1124 conjun-

279 1152 367 1190 gere
393 1138 486 1184 illis,
506 1139 573 1176 sed
599 1137 878 1189 magnificabat
908 1148 971 1172 eos
999 1134 1174 1185 populus.
1201 1133 1262 1170 Sic

281 1198 342 1248 ait,
363 1198 546 1237 ostendens
564 1198 644 1236 illos
659 1199 735 1250 jam
762 1210 831 1234 non
852 1195 1044 1234 contemtui
1070 1193 1178 1231 fuisse
1192 1223 1202 1242 ,
1221 1202 1261 1231 ut

279 1259 380 1311 prius
404 1267 501 1297 eraut
523 1274 530 1295 ι
552 1273 592 1296 30
619 1257 719 1296 brevi
749 1267 905 1308 tempore
931 1268 1072 1305 unoque
1104 1267 1260 1292 momen-

280 1328 316 1358 to
333 1320 409 1358 haec
431 1334 450 1358 3
468 1321 639 1372 piscatore
657 1328 689 1357 et
707 1318 848 1371 privato
866 1316 1010 1354 bomine
1027 1315 1118 1352 facta
1136 1315 1257 1353 fuisse.

99 1386 195 1423 Quam
211 1388 266 1414 mi·
282 1381 416 1418 Caelum
437 1381 554 1432 itaque
575 1381 651 1433 jam
675 1389 747 1417 erat
766 1388 857 1417 terra
879 1392 922 1416 ex
942 1376 1090 1415 tivendi
1108 1377 1258 1427 ratione,

78 1438 142 1494 :iun
157 1438 267 1496 Pam·
280 1440 420 1478 dicendi
441 1441 614 1489 libertate,
629 1439 826 1488 mi1aculis‚
851 1437 1054 1487 caeterisque
1069 1437 1258 1477 omnibus.

76 1510 237 1537 suanorum
278 1515 318 1538 30
349 1502 449 1540 velut
481 1501 596 1552 angeli
631 1499 856 1538 admirationi
884 1507 996 1547 erant,
1023 1497 1069 1535 ad
1098 1497 1192 1535 nibil
1225 1512 1261 1536 se

79 1551 146 1577 ‘¹¹³
276 1572 530 1612 convertentes,
552 1576 621 1600 non
651 1561 698 1599 ad
715 1561 841 1610 risum,
862 1574 932 1597 non
961 1558 1007 1596 ad
1031 1558 1164 1609 minas,
1189 1572 1259 1596 non

274 1623 320 1661 ad
335 1624 516 1676 pericula:
540 1637 611 1661 non
630 1623 746 1661 solum
763 1631 880 1660 autem
903 1621 970 1658 1130
985 1619 1028 1657 de
1058 1633 1176 1670 causa,
1198 1619 1260 1657 sed

273 1684 379 1722 etiam
397 1684 496 1735 quod
517 1683 713 1722 admodum
730 1683 879 1720 humani
905 1691 939 1720 et
969 1695 1032 1733 pro
1055 1681 1135 1719 aliis
1157 1680 1259 1718 solli—

273 1744 334 1782 citi
353 1754 449 1783 erant
464 1760 476 1795 3
496 1745 584 1782 alios
599 1744 693 1781 enim
713 1743 875 1795 pecunia,
893 1742 981 1780 alios
1001 1741 1176 1793 corporali
1197 1755 1258 1778 cu-

272 1806 407 1844 ratione
436 1807 626 1858 juvabant.
665 1806 742 1843 Cur
784 1805 957 1856 implevit
995 1812 1158 1841 satanas
1194 1816 1261 1841 cor

273 1876 380 1904 tuum
392 1871 408 1904 Ρ
428 1868 515 1905 Fere
528 1880 600 1904 sese
624 1875 753 1918 purgat
768 1866 896 1902 Petrus
913 1864 1018 1901 illum
1043 1863 1234 1915 puniturus
1247 1892 1258 1912 ,

271 1936 305 1965 et
321 1927 408 1965 alios
438 1927 566 1965 erudit.
590 1927 684 1973 Quia
707 1926 801 1965 enim
823 1927 986 1963 futurum
1017 1934 1105 1975 erat,
1124 1933 1165 1962 ut
1192 1925 1260 1963 boc

272 1988 377 2025 valde
397 1988 529 2025 durum
547 1997 744 2040 appareret,
766 1987 845 2025 ideo
868 1987 905 2024 in
925 1986 1029 2023 illum
1050 1995 1084 2024 et
1105 1986 1142 2023 in
1162 2000 1257 2024 uxo-

271 2065 348 2088 rem
366 2050 588 2089 tremendum
609 2059 747 2088 exercet
762 2049 953 2102 judicium.
971 2049 1009 2087 Si
1037 2057 1155 2086 autem
1174 2062 1260 2086 am-

271 2112 350 2162 bos,
371 2111 435 2162 qui
456 2111 750 2149 irremissibiliter
767 2118 1012 2162 peccaverant,
1035 2122 1105 2147 non
1126 2109 1187 2146 tali
1207 2108 1259 2146 af-

273 2172 410 2210 fecisset
426 2185 540 2223 poena,
561 2180 714 2222 quantus
739 2171 825 2207 binc
844 2168 912 2207 Dei
935 2178 1132 2206 contemtus
1160 2169 1260 2205 futu-

275 2248 335 2272 rus
352 2233 453 2271 erat?
473 2232 580 2278 Quod
606 2242 724 2270 autem
743 2231 822 2269 ideo
843 2230 893 2268 sic
914 2230 1048 2268 factum
1067 2230 1132 2278 sit,
1151 2230 1262 2280 liquet

277 2307 322 2331 ex
341 2307 393 2341 eo,
417 2292 515 2344 quod
534 2306 602 2330 non
631 2291 751 2330 statim
768 2291 815 2328 ad
831 2290 1003 2327 ultionem
1031 2289 1181 2338 venerit,
1202 2288 1264 2326 sed

278 2353 395 2406 primo
414 2362 599 2406 peccatum
627 2352 798 2390 ostendat.
820 2351 924 2389 Unde
948 2365 1049 2388 nemo
1077 2350 1262 2401 ingemuit,

280 2429 383 2453 nemo
399 2414 570 2467 ejulaxit3
591 2413 652 2451 sed
668 2427 786 2450 omnes
806 2411 967 2450 exterriti
993 2420 1084 2449 sunt.
1102 2413 1188 2450 Jure
1201 2426 1264 2449 au-

281 2485 366 2525 tem,
378 2475 462 2526 quia
476 2475 564 2512 fides
577 2474 722 2512 illorum
736 2473 946 2525 augebatur,
959 2472 1012 2523 sig
1015 2486 1059 2509 na
1073 2472 1176 2538 plura
1187 2472 1265 2510 edc-

282 2537 422 2584 bantur,
443 2544 476 2573 et
498 2536 618 2587 ingens
642 2534 739 2586 apud
759 2548 840 2572 suos
860 2542 972 2570 metus
993 2541 1079 2581 erat,
1095 2532 1179 2582 quia
1195 2546 1264 2570 non

283 2597 333 2635 sic
353 2605 496 2635 externa
515 2609 577 2633 nos
605 2596 752 2633 turbant
771 2603 810 2631 ut
834 2593 1037 2631 domestica.
1058 2594 1097 2631 Si
1116 2607 1199 2644 ergo
1218 2594 1264 2631 si-

284 2672 363 2696 mus
383 2666 506 2695 mutuo
527 2655 717 2709 conjuncti,
733 2668 837 2692 nemo
851 2653 952 2691 nobis
967 2653 1100 2691 bellum
1116 2654 1239 2691 inferet
1251 2669 1263 2704 3

286 2720 339 2758 sin
358 2728 478 2757 contra
496 2718 744 2766 dissideamus,
760 2730 880 2754 omnes
898 2729 962 2753 nos
980 2715 1159 2754 invadent.
1175 2715 1268 2752 Hinc

1317 262 1501 292 ARCHIEP
1509 281 1519 291 .
1558 262 1642 291 CON
1650 262 1896 292 STANTINOP
1904 282 1913 291 .

1327 337 1420 394 εἶχον
1460 345 1629 390 ἀσθενεῖς,
1665 343 1725 380 καὶ
1759 343 1926 381 πάντοθεν
1959 346 2073 386 αὐτοῖς
2109 341 2276 392 συνήγετο
2308 341 2348 378 τὸ

1328 407 1461 454 θαῦμα,
1479 402 1547 441 ἀπὸ
1563 406 1631 440 τῶν
1647 405 1922 452 πιστευσάντων,
1943 405 2011 442 ἀπὸ
2030 405 2098 441 τῶν
2119 400 2348 456 θεραπευθέν-

1328 481 1410 511 των,
1433 465 1502 503 ἀπὸ
1526 468 1586 502 τοῦ
1605 465 1851 512 κολασθέντος,
1879 465 1948 503 ἀπὸ
1974 468 2037 511 τ’ῆς
2063 463 2261 516 παρρησίας
2288 464 2350 508 τῆς

1329 526 1415 577 πρὸς
1442 525 1609 570 ἐκείνους,
1641 525 1710 563 ἀπὸ
1731 528 1792 571 τ’ἧς
1818 527 1943 577 ἀρετῆς
1961 529 2030 563 τῶν
2058 527 2123 577 οὐχ
2152 525 2270 567 ἁπλῶς
2291 539 2350 561 πι-

1330 587 1569 624 στευσάντων·
1599 588 1636 624 οὐ
1659 585 1727 637 γὰρ
1755 585 1795 632 δὴ
1824 589 1892 623 τῶν
1921 586 2074 636 σημείων
2105 582 2148 633 ἦν
2181 585 2282 636 μόνον
2310 584 2350 622 τὸ

1274 647 1523 702 ,οογενόμενοψ
1547 649 1591 685 Εἰ
1618 646 1685 699 γὰρ
1710 646 1768 684 καὶ
1801 645 1895 684 αὗτοὶ
1917 646 2156 699 μετριάζοντες
2179 645 2291 697 τούτῳ
2311 644 2349 682 τὸ

1287 714 1311 744 Α
1330 714 1399 746 πᾶν
1414 707 1629 758 λογίζονται,
1644 707 1801 758 λέγοντες
1818 707 1865 758 ιέν
1879 709 1929 759 τῷ
1949 705 2093 757 ὀνόματι
2114 710 2173 744 τοῦ
2194 707 2348 757 Χριστοῦ

1329 773 1439 807 ταῦτα
1464 774 1574 807 ποιεῖν
1588 784 1595 792 ·
1627 769 1717 807 ἀλλὰ
1737 769 1797 807 καὶ
1816 772 1833 806 ὃ
1855 768 1926 819 βίος
1942 767 2002 805 καὶ
2020 771 2041 814 ἡ
2063 766 2168 820 ἀρετὴ
2194 769 2262 804 τῶν
2296 767 2351 803 ἀν-

1330 831 1419 882 δρῶν
1443 834 1542 869 τοῦτο
1568 830 1750 876 πεποίηκε.
1780 829 1913 867 Σκόπει
1944 828 2001 871 δὲ,
2022 832 2096 872 πῶς
2124 827 2268 879 ἀριθμὸν
2301 829 2352 864 ἐν·

1330 895 1440 929 ταυθα
1470 894 1538 929 τῶν
1565 890 1827 930 πιστευσάντων
1847 892 1884 929 οὐ
1901 889 2014 966 λξγει,
2035 889 2129 941 ἆφεις
2161 888 2195 932 ἐξ
2226 891 2350 927 ἑαυτου

1330 968 1387 991 τον
1404 952 1578 1006 ἀκροατὴν
1605 951 1766 1003 συλὶογίζ
1769 955 1884 990 ε·σθαι
1904 967 2010 993 ουτως
2032 953 2078 993 εἷς
2097 952 2227 995 πλῆθος
2246 949 2351 987 ἄπει-

1332 1029 1388 1066 ρον
1408 1013 1559 1053 ἐπέτεινε
1573 1013 1617 1052 τὰ
1630 1017 1718 1060 τῆς,
1708 1013 1869 1056 πίστεως.
1885 1012 2063 1050 Ἔντευθεν
2083 1027 2142 1049 και
2159 1014 2180 1056 ἡ
2202 1009 2351 1048 ἀνάστα-

1330 1091 1383 1118 σις
1400 1076 1530 1125 μᾶλλον
1550 1074 1769 1127 ἓκηρύττετο.
1791 1074 1915 1117 Οὐδεὶς
1931 1072 1966 1111 δὲ
1984 1074 2098 1115 αὐτοῖς
2119 1072 2251 1120 ἐτόλμα
2266 1071 2350 1108 κολ-

1329 1135 1472 1180 λᾶσθαι,
1490 1133 1566 1171 ἀλλ’
1580 1133 1788 1184 ἐμεγάλυνεν
1809 1131 1929 1175 αὐτοὺς
1948 1135 1965 1169 ὁ
1984 1131 2078 1174 λαός.
2099 1133 2214 1169 Τοῦτο
2232 1128 2350 1180 λέγει,

1331 1193 1484 1241 δεικνὺς,
1498 1193 1552 1232 ὅτι
1573 1195 1633 1231 οὐκ
1649 1194 1699 1231 ἔτι
1720 1193 1840 1232 λοιπόν
1865 1188 1954 1240 ἦσαν
1972 1191 2264 1243 εὐκαταφρόνητοι
2284 1204 2350 1226 κα-

1331 1254 1440 1307 θάπερ
1462 1270 1521 1292 και
1550 1254 1740 1307 πρότερον·
1769 1271 1827 1292 και
1850 1270 1903 1291 οτι
1933 1256 1966 1291 ἐν
1989 1256 2112 1305 βραχεῖ
2138 1267 2268 1326 καιριι),
2289 1248 2350 1287 καὶ

1332 1331 1395 1367 μια
1412 1317 1501 1367 ῥοπῇ
1515 1319 1667 1354 τοσαῦτα
1681 1315 1816 1367 γέγονεν
1830 1331 1897 1353 υπο
1909 1330 1970 1352 του
1984 1313 2106 1356 ἁλιέως
2124 1329 2183 1350 και
2199 1311 2349 1350 ἰδιώτου.

1330 1376 1484 1428 Οὐρανὸς
1499 1379 1556 1414 οὐν
1571 1378 1653 1414 λοιτ
1627 1376 1690 1414 ’τὸν
1706 1381 1747 1423 ἠν
1764 1379 1786 1422 ἡ
1805 1378 1870 1427 γῆ,
1894 1375 1955 1413 καὶ
1968 1373 2165 1421 πολιτείας,
2186 1389 2245 1411 και
2259 1375 2351 1424 παῤ-

1333 1437 1474 1489 ρησίας,
1500 1437 1559 1475 καὶ
1581 1437 1781 1489 Οαυμάτων,
1809 1453 1868 1474 και
1886 1436 2025 1475 πάντων
2044 1435 2182 1472 ε’νεκεν·
2203 1450 2262 1471 και
2281 1448 2350 1471 κα-

1331 1498 1441 1549 θάπερ
1462 1498 1600 1549 ἄγγελοι
1626 1497 1733 1542 οὕτως
1753 1497 2005 1548 ἐθαυμάζοντο,
2031 1495 2117 1546 πρὸς
2141 1495 2238 1533 οὐδὲν
2268 1495 2348 1531 ἐπι-
2373 1544 2376 1546 -

1331 1558 1572 1610 στρεφόμενοι,
1591 1560 1629 1596 οὗ
1655 1560 1740 1610 πρὸς
1765 1558 1920 1609 γέλωτα,
1947 1560 1984 1595 οὗ
2014 1556 2099 1610 πρὸς
2118 1555 2281 1603 ἀπειλὰς,
2310 1555 2348 1592 οὐ

1330 1620 1414 1673 πρὸς
1434 1620 1616 1663 κινδύνους.
1637 1621 1689 1658 Οὐ
1705 1621 1806 1670 μόνον
1828 1619 1862 1658 δὲ
1881 1619 1937 1656 διὰ
1957 1623 2077 1665 τοῦτο,
2098 1619 2174 1656 ἀλλ’
2194 1616 2246 1655 ὅτι
2263 1615 2349 1668 σφό-

1330 1683 1394 1733 δρα
1414 1681 1649 1733 φιλάνθρωποι
1674 1681 1732 1718 καὶ
1760 1680 1982 1731 κηδεμονικοὶ
2011 1678 2260 1731 τυγχάνοντες,
2279 1683 2350 1720 τοῖς

1329 1742 1390 1792 μὲν
1415 1742 1595 1793 χρήμασιν
1614 1742 1791 1789 ἐὸοήθουν,
1810 1748 1880 1785 τοῖς
1907 1741 1942 1780 δὲ
1971 1740 2137 1793 θεραπείᾳ
2164 1738 2348 1787 σωμάτων.

1327 1803 1395 1842 Διὰ
1408 1802 1442 1839 τί
1459 1803 1658 1854 ἐπλήρωσεν
1674 1806 1690 1840 ὁ
1706 1809 1856 1846 σατανᾶς
1875 1802 1935 1849 τὴν
1957 1802 2101 1853 καρδίαν
2123 1817 2202 1849 σου,
2218 1803 2350 1839 Μονον-

1328 1863 1406 1916 ουχὶ
1431 1864 1655 1914 ἀπολογεῖται
1674 1867 1690 1901 ὃ
1711 1863 1846 1915 Πέτρος
1875 1863 2008 1914 μέλλων
2036 1862 2195 1900 κολάσειν
2233 1861 2347 1907 αὐτὸν,

1327 1923 1385 1961 καὶ
1406 1922 1484 1967 τοὺς
1495 1923 1618 1966 ἄλλους
1636 1923 1804 1962 παιδεύει.
1818 1923 1964 1970 Ἐπειδὴ
1983 1923 2050 1975 γὰρ
2070 1923 2202 1975 σφόδρα
2222 1937 2346 1974 φορτι-

1328 1985 1386 2023 κὸν
1402 1983 1527 2035 ἔμελλε
1553 1985 1732 2036 φαίνεσθαι
1755 1985 1794 2023 τὸ
1819 1984 2013 2035 γενόμενον,
2031 1984 2087 2022 διὰ
2107 1984 2146 2031 δὴ
2163 1987 2263 2021 τοῦτο
2283 1981 2342 2020 καὶ

1329 2047 1383 2084 ἐπ’
1407 2048 1510 2084 αὐτοῦ
1525 2044 1646 2084 τούτου
1673 2045 1732 2083 καὶ
1752 2045 1808 2084 ἐπὶ
1827 2048 1890 2091 τῆς
1908 2045 2069 2097 γυναικὸς
2095 2045 2239 2096 φοὸερὸν
2257 2049 2349 2083 ποιεῖ

1283 2116 1307 2146 C
1329 2107 1368 2145 τὸ
1386 2106 1672 2158 δικαστήριον.Εἰ
1686 2105 1721 2144 ’δὲ
1738 2105 1964 2158 ἀσύγγνωστα
1980 2106 2198 2158 ἁμαρτόντας
2214 2105 2261 2157 μὴ
2279 2122 2349 2144 τοι-

1332 2167 1436 2213 αύτην
1469 2169 1566 2214 δίκην
1598 2168 1776 2219 ἀπῄτησεν
1806 2167 2039 2222 ἀμφοτέρους,
2074 2167 2164 2214 πόση
2197 2168 2349 2205 ἐντεῦθεν

1331 2228 1586 2281 καταφρόνησις
1600 2230 1691 2267 Θεοῦ
1706 2231 1766 2266 οὐκ
1786 2229 1825 2266 ἂν
1841 2229 1995 2280 γέγονεν,
2015 2228 2101 2267 “Ort
2120 2228 2154 2267 δὲ
2170 2228 2226 2266 διὰ
2239 2233 2352 2273 τοῦτο,

1333 2291 1436 2334 δῆλον
1455 2289 1523 2327 ἀπὸ
1543 2292 1603 2327 τοῦ
1625 2289 1673 2339 μὴ
1695 2289 1815 2332 εὐθέως
1835 2290 1892 2327 ἐπὶ
1915 2289 2085 2341 τιμωρίαν
2108 2292 2229 2336 ἐλθεῖν,
2262 2289 2352 2327 ἀλλὰ

1335 2349 1442 2393 δεῖξαι
1458 2352 1594 2400 πρῶτον
1613 2349 1676 2396 τὴν
1696 2350 1883 2401 ἁμαρτίαν.
1904 2349 2010 2388 εὈΟεν
2034 2351 2142 2393 οὐδεὶς
2163 2349 2352 2398 ἐστέναξεν,

1334 2416 1348 2432 ³
1359 2410 1467 2454 οὐδεὶς
1484 2410 1680 2462 ἀνῴμωξεν,
1695 2410 1784 2449 ἀλλὰ
1800 2411 1926 2455 πάντες
1946 2411 2176 2462 ἐφοὸήθησαν.
2199 2412 2353 2454 Εἰκότως

1337 2471 1390 2518 δὲ,
1405 2473 1467 2517 τῆς
1486 2471 1635 2514 πίστεως
1656 2473 1765 2509 αὐτῶν
1785 2472 2060 2522 ἐπιτεινομένης,
2087 2472 2202 2510 καὶτὰ
2222 2479 2352 2523 σημεῖα

1335 2531 1445 2569 πλείω
1474 2531 1618 2582 ἐγίνετο,
1650 2532 1708 2569 καὶ
1736 2531 1840 2576 πολὺς
1868 2533 1928 2570 καὶ
1961 2533 2056 2585 παρὰ
2084 2539 2154 2576 τοῖς
2180 2532 2315 2576 οἰκείοις
2336 2535 2354 2570 ὃ

1336 2591 1438 2643 ’,[1όὸος
1460 2586 1516 2638 ἦν,
1548 2591 1666 2637 ἐπειδὴ
1684 2593 1748 2644 οὐχ
1766 2591 1855 2630 οὕτω
1882 2593 1926 2630 τὰ
1947 2596 2014 2631 τῶν
2035 2594 2157 2637 ἔξωθεν
2179 2597 2273 2643 ἡμᾶς
2296 2597 2353 2631 θο-

1338 2653 1450 2706 ρυέεῖ,
1476 2654 1521 2695 ὡς
1539 2651 1582 2689 τὰ
1607 2655 1675 2690 τῶν
1697 2652 1843 2690 οἰκείων.
1860 2650 1919 2691 Ἂν
1940 2647 1996 2690 οὖν
2017 2647 2109 2704 ὦμεν
2138 2655 2223 2706 πρὸς
2249 2653 2355 2700 ἀλλή-

1335 2716 1415 2756 λους
1444 2713 1773 2765 συγκεκροτημένοι,
1800 2714 1907 2757 οὐδεὶς
1929 2714 2025 2752 ἔσται
2052 2718 2134 2764 ἡμῖν
2169 2715 2330 2764 πολεμῶν
2348 2728 2355 2736 ·

286 2782 340 2819 1111
359 2795 441 2819 cum
469 2780 603 2818 fiducia
622 2788 655 2817 et
675 2779 838 2816 libertate
859 2777 894 2814 in
914 2777 1053 2825 forum,
1077 2785 1110 2814 et
1136 2776 1173 2814 in
1195 2791 1268 2814 me-
1292 2778 1316 2807 D
1337 2774 1475 2827 ὥσπερ,
1508 2774 1547 2811 ἂν
1580 2777 1639 2812 ἀπ’
1675 2775 1835 2821 ἀλλήλων
1873 2775 2106 2825 διιστώμεθα,
2139 2775 2179 2812 τὸ
2204 2774 2356 2812 ἐναντίον

287 2842 387 2880 dium
411 2842 634 2880 inimicorum
655 2854 689 2877 se
709 2838 933 2877 conferebant
951 2846 985 2875 et
1004 2837 1245 2889 praevalebant
1256 2853 1267 2888 3

91 2915 179 2943 Psal.
205 2922 273 2952 109.
289 2903 570 2956 implebaturque
595 2901 731 2939 dictum
759 2898 876 2937 illud:
896 2900 1109 2936 Dominare
1127 2901 1168 2935 in
1195 2912 1271 2936 me-

90 2965 118 2983 2·
290 2966 353 3002 dio
380 2967 623 3002 inimicorum
655 2971 818 2999 tuorum.
838 2960 915 2997 Hoc
933 2958 1076 3011 majoris
1098 2968 1171 2996 erat
1197 2959 1271 2997 vir-

289 3026 375 3063 tutis
392 3024 576 3073 indicium,
591 3022 687 3074 quod
701 3020 844 3069 detenti,
859 3020 984 3067 vincti,
999 3020 1082 3057 talia
1102 3020 1267 3057 facerent.

289 3086 328 3124 Si
348 3099 433 3137 ergo
458 3085 498 3135 ii,
517 3084 579 3136 qui
600 3082 738 3121 mentiti
766 3082 918 3130 fuerant,
943 3080 1026 3118 talia
1044 3080 1138 3132 passi
1158 3090 1239 3118 sunt
1257 3111 1266 3129 ,

288 3145 376 3195 quid
395 3159 462 3183 non
482 3145 661 3197 patientur
687 3142 724 3192 ii,
743 3141 803 3193 qui
823 3140 1005 3193 pejerant?
1026 3141 1102 3177 Imo
1134 3139 1161 3177 si
1191 3154 1269 3177 mu-

288 3204 365 3253 lier,
386 3205 482 3255 quod
498 3204 640 3250 dixerit,
656 3205 789 3241 Etiam
820 3204 940 3247 tanti,
959 3200 1134 3252 ejusmodi
1149 3213 1270 3252 poenas

289 3265 400 3315 dedit,
418 3280 478 3304 nec
497 3265 623 3317 cffugit
643 3281 650 3301 :
669 3263 817 3316 cogitate
833 3275 903 3313 quo
919 3261 994 3300 sitis
1012 3275 1074 3301 vos
1093 3261 1269 3314 supplicio

329 3416 342 3430 ὃ
359 3405 419 3438 Alii
436 3407 522 3442 οὐδεὶς
538 3409 652 3447 ᾤμωξε.

1339 2835 1465 2879 πάντες
1479 2839 1562 2886 ἡμῖν
1577 2836 1812 2882 ἐπιθήσονται.
1829 2836 1912 2875 Ἀπὸ
1926 2836 2047 2874 τούτου
2066 2839 2219 2874 κάκεῖνοι
2235 2835 2355 2874 λοιπὸν

1340 2897 1516 2949 ἐθάρρουν,
1536 2896 1595 2934 καὶ
1613 2896 1701 2947 μετὰ
1716 2896 1913 2949 παρρησίας
1930 2897 1989 2935 καὶ
2006 2899 2052 2941 εἷς
2073 2897 2200 2949 ἀγορὰν
2220 2896 2357 2935 ε’νέὸαλ-

1340 2961 1412 3005 λον,
1428 2958 1486 2995 καὶ
1501 2960 1535 2996 ἐν
1557 2959 1652 3010 μέσῳ
1667 2960 1734 2994 τῶν
1755 2961 1814 3009 ἐχΟ
1821 2960 1886 3010 ρῶν
1899 2957 1957 2994 καὶ
1970 2958 2133 3010 ἐκράτουν
2147 2974 2154 2981 ·
2172 2958 2230 2995 καὶ
2250 2959 2357 3004 ἐπλη-

1346 3023 1444 3070 ροῦτο
1479 3020 1588 3056 ἐκεῖνο
1620 3018 1658 3055 τὸ
1691 3018 1884 3069 εἰρημένον,
1927 3019 2162 3072 Κατακυρίευε
2195 3021 2228 3057 ἔν
2262 3019 2357 3070 μέσῳ

1342 3082 1410 3117 τῶν
1428 3079 1586 3131 1ἐἶ-,(Θρῶν
1608 3095 1666 3118 σου
1679 3094 1687 3101 ·
1709 3079 1726 3117 ὃ
1745 3078 1803 3116 καὶ
1822 3079 2009 3130 μείζονος
1991 3080 2128 3118 απόδει
2115 3097 2160 3124 ις
2180 3080 2357 3130 δυνάμεως

1341 3135 1394 3188 ἦν,
1412 3139 1463 3178 δ’τι
1483 3139 1729 3191 κατεχόμενοι,
1749 3140 1995 3189 δεσμούυενοι,
2010 3144 2154 3177 τοιαῦτα
2174 3140 2355 3192 ἔπραττον.

1340 3203 1384 3239 Εἰ
1411 3196 1466 3239 οῧν
1486 3201 1516 3239 οἱ
1545 3200 1646 3251 μόνον
1678 3200 1887 3251 ψευσάμενοι
1918 3205 2061 3238 τοιαῦτα
2092 3201 2230 3248 ἔπαθον,
2249 3199 2356 3239 οἱκαὶ

1339 3263 1575 3313 ἐπιορκοῦντες
1603 3260 1636 3298 τί
1662 3263 1699 3298 οὐ
1724 3260 1919 3310 πείσονται,
1954 3262 2096 3299 Μᾶλλον
2118 3260 2153 3299 δὲ
2180 3263 2210 3299 εἷ
2237 3261 2355 3302 ἁπλῶς

1398 3402 1413 3424 b
1431 3400 1491 3431 Ahi
1507 3404 1620 3445 ἐχθρῶν
1640 3415 1698 3434 σου.
1717 3406 1804 3434 τοῦτο
1821 3406 1931 3443 μείζω-,1
1948 3404 2075 3443 efflans.
