2466 3805
628 267 671 295 IN
706 263 819 295 ACTA
855 260 1185 293 APOSTOLORUM
1219 260 1378 291 HOMIL.

1416 259 1549 289 xxm.
2025 242 2115 290 205

44 370 119 406 μιον
136 369 144 376 ·
170 350 419 401 ἐπιλαὸώμεθα
455 352 559 395 αὐτῆς
595 349 710 399 μόνον,
747 347 806 386 καὶ
833 347 908 398 ὄψει
935 339 990 384 οἷα
1019 342 1062 382 τὰ
1085 345 1108 375 C
1133 341 1217 379 bore
1235 341 1297 379 illa
1315 341 1484 394 operaris,
1500 340 1612 392 quiin
1632 340 1689 380 his
1703 339 1752 378 ita
1768 337 1886 377 mollis
1903 337 1968 376 es?
1984 337 2117 384 Etiam,

42 414 169 466 ἀγαθά.
193 412 253 459 Μὴ
270 411 338 463 γὰρ
364 410 511 457 ἀπονητὶ
539 412 653 448 ἐκεῖνα
672 413 868 460 κατορθοῖς,
899 407 952 446 ὅτι
978 406 1063 458 πρὸς

41 480 152 514 ταῦτα
170 474 362 524 μαλακίζῃ;
382 472 474 519 Ναὶ,
494 471 610 524 φησιν,
628 474 742 509 ἐκεῖνα
766 469 934 517 ἀπονητὶ,
951 471 1062 506 ταῦτα

43 538 78 575 δὲ
105 535 194 586 μετὰ
213 533 329 572 πόνου.
346 533 500 584 Ἄπαγε·
524 534 586 571 οὐκ
614 533 687 571 ἔστι
710 536 828 579 τοῦτο,
857 533 917 569 οὐκ
947 529 1038 568 ἔστιν
1053 543 1061 551 ·

43 598 121 634 ἀλλ’
141 595 175 633 εἴ
191 612 224 634 τι
242 597 293 633 δεῖ
319 594 466 640 τάληθὲς
487 597 609 640 εἰπεῖν,
639 597 753 632 ἐκεῖνα
785 594 916 644 μᾶλλον
946 591 1063 634 πόνοις

43 657 263 701 συνέζευκται
291 656 350 694 καὶ
381 655 470 707 μετὰ
495 655 599 694 πόνου
631 655 787 697 πλείονος
814 657 1062 706 κατορθοῦται,

42 722 154 757 ταῦτα
175 717 230 765 δὲ,
252 717 291 755 ἂν
311 717 494 767 ἐθέλωμεν,
520 717 656 769 ῥᾳδίως.
678 715 739 762 Μὴ
760 715 800 762 δὴ
825 716 1061 765 ἀποπηδῶμεν

43 781 111 816 τῶν
132 778 229 817 θείων
247 778 456 830 μυστηρίων,
475 779 670 830 παρακαλῶ
684 792 692 799 ·
715 775 762 827 μὴ
777 779 879 814 τοῦτο
898 775 994 824 ἴδῃς,
1011 773 1064 811 ὅτι

44 844 62 878 ὃ
79 841 146 893 πρὸ
167 844 226 878 σοῦ
247 839 428 892 φωτισθεὶς
447 841 575 891 φαῦλος
599 837 739 890 γέγονε,
762 836 821 874 καὶ
845 840 906 882 τῆς
928 834 1064 879 ἐλπίδος

44 902 183 946 ἐξέπεσε
195 905 257 948 τῆς
271 904 374 940 αὐτοῦ
387 930 396 948 ,
415 901 474 938 καὶ
488 900 710 953 ὀκνηρότερος
727 901 850 937 σαυτοῦ
865 897 946 948 γένῃ
962 912 969 920 ·
988 895 1063 934 ἐπεὶ

45 964 103 1001 καὶ
124 965 158 1000 ἐν
175 968 244 1006 τοῖς
265 961 493 1015 στρατιώταις
514 965 648 1014 ὁρῶμεν
666 959 744 1002 τοὺς
764 957 825 1009 μὲν
845 961 906 995 οὐκ
921 960 968 1000 εἷς
988 957 1062 994 δέον

45 1024 243 1075 χρωμένους
266 1027 309 1075 τῇ
330 1023 510 1076 στρατείᾳ,
529 1020 608 1064 τοὺς
634 1020 669 1058 δὲ
700 1021 982 1069 εὐδοκιμοῦντας·
1003 1017 1063 1055 καὶ

45 1087 82 1122 οὐ
96 1090 167 1125 τοῖς
186 1083 347 1135 ῥᾳθύμοις
371 1083 600 1135 προσέχομεν,
627 1080 716 1119 ἀλλὰ
734 1079 874 1121 τούτους
894 1080 1063 1129 ζηλοῦμεν

45 1144 123 1187 τοὺς
142 1147 405 1194 κατορθοῦντας.
425 1143 520 1194 Πρὸς
537 1141 669 1186 τούτοις
686 1140 856 1188 ἐννόησον,
878 1139 950 1178 ὅσοι
974 1139 1063 1189 μετὰ

43 1204 83 1242 τὸ
98 1203 261 1256 φώτισμα
281 1203 422 1255 ἄγγελοι
442 1203 517 1241 ἀντὶ
537 1202 727 1256 ἀνθρώπων
745 1201 917 1253 γεγόνασι.
941 1200 1065 1247 (hog-A-

44 1270 121 1312 θητι
139 1265 178 1304 τὸ
206 1270 265 1304 τοῦ
294 1265 478 1314 μέλλοντος
496 1265 635 1312 ἄδηλον.
657 1264 717 1307 Ὡς
733 1263 886 1309 κλέπτης
905 1266 939 1302 ἓν
954 1262 1063 1311 νυκτὶ,

43 1327 150 1371 οὕτως
180 1327 352 1380 ἔρχεταιὸ
373 1328 533 1370 θάνατος·
563 1325 639 1365 οὐδὲ
667 1326 786 1370 ἁπλῶς
813 1327 860 1369 ὡς
887 1325 1064 1373 κλέπτης,

44 1388 134 1428 ἀλλὰ
147 1389 379 1427 καθευδόντων
400 1391 498 1439 ἡμῶν
522 1388 734 1435 ἐπιτίθεται,
755 1387 814 1426 καὶ
829 1391 1065 1440 ῥᾳθυμοῦντας

42 1448 160 1488 laec-‚v
187 1449 316 1488 ἄπεισι.
333 1449 401 1488 Διὰ
415 1453 515 1487 τοῦτο
530 1448 657 1495 ἄδηλον
685 1448 828 1494 ἐποίησε
844 1449 884 1487 τὸ
908 1448 1032 1500 μέλλον
1048 1451 1066 1486 ὃ

44 1511 149 1557 Θεὸς,
181 1510 236 1548 ἵνα
265 1511 318 1549 ἀεὶ
348 1515 397 1564 τῷ
422 1515 483 1558 τῆς
514 1509 724 1563 προσδοκίας
750 1509 869 1561 ἀδήλῳ
894 1511 926 1547 ἓν
958 1512 1064 1562 ἀρετῇ

45 1571 229 1623 διάγωμεν.
262 1572 367 1611 Ἀλλὰ
401 1572 640 1626 φιλάνθρωπός
679 1574 753 1610 ἐστι
770 1602 780 1620 ,
816 1571 912 1623 φησί.
947 1571 1065 1623 Μέχρι

43 1632 127 1671 πότε
149 1633 187 1671 τὸ
201 1633 332 1686 ψυχρὸν
349 1638 450 1672 τοῦτο
472 1637 568 1686 ῥῆμα
592 1633 651 1671 καὶ
678 1632 940 1685 καταγέλαστον
965 1632 1067 1684 λέγο-

45 1708 126 1744 μεν;
154 1693 248 1745 Ἐγὼ
279 1697 344 1746 οὐχ
373 1695 424 1733 ὅτι
444 1693 684 1746 φιλάνθρωπός
715 1695 807 1732 ἐστιν
825 1697 842 1731 ὃ
859 1694 948 1737 Θεὸς
972 1694 1065 1745 λέγω

45 1754 147 1804 μόνον
170 1754 229 1792 καὶ
245 1755 423 1806 παύομαι·
450 1755 526 1793 ἀλλ’
552 1755 604 1794 ὅτι
624 1754 719 1793 οὐδὲν
745 1755 1064 1808 φιλανθρωπότερον

45 1817 165 1862 αὐτοῦ,
194 1816 252 1854 καὶ
276 1816 329 1855 ὅτι
348 1816 531 1869 χρησίμως
547 1817 686 1854 ἅπαντα
701 1816 745 1854 τὰ
760 1818 838 1854 καθ’
857 1820 950 1866 ἡμᾶς
972 1818 1066 1855 οἷκο-

45 1882 153 1926 νομεῖ.
182 1876 318 1920 Πόσους
342 1880 423 1929 ὁρᾷς
456 1880 489 1915 ἐν
519 1877 639 1929 ’ἡλικία
667 1876 762 1928 πάσῃ
797 1877 956 1929 ἐλέφαντι
993 1878 1066 1915 διά-

42 1953 191 1989 γοντας,
227 1938 353 1982 πόσους
381 1939 450 1977 ἀπὸ
473 1939 616 1992 πρώτης
646 1939 784 1986 ἡλικίας
805 1938 1066 1991 τυφλώττοντας

43 1999 148 2052 μέχρι
170 1999 284 2052 γήρως
298 2031 307 2048 ,
330 2000 453 2045 ἄλλους
467 2002 501 2038 ἐν
518 2001 674 2054 πηρώσει
691 2000 779 2051 μετὰ
799 2004 910 2038 ταῦτα
925 2000 1065 2050 γενομέ-

43 2076 117 2103 νους
129 2091 138 2107 ,
155 2061 278 2104 ἄλλους
295 2064 328 2100 ἐν
354 2061 476 2114 πενία,
495 2063 618 2105 ἄλλους
637 2063 670 2100 ἐν
698 2063 854 2113 δεσμοῖς,
879 2062 1013 2115 ἑτέρους
1029 2063 1063 2099 ἐν

45 2122 251 2172 μετάλλοις,
277 2123 398 2166 δί’]λους
421 2127 507 2173 ὁμοῦ
529 2123 836 2176 καταχωσθέντας,
861 2123 1007 2167 οᾶλλους
1029 2125 1062 2161 ἐν

43 2182 208 2233 πολέμοις
241 2183 496 2232 ἀναλωθέντας,
524 2187 647 2223 Ταῦτα
681 2187 742 2222 οὐκ
768 2185 842 2221 ἔστι
871 2187 1063 2236 φιλανθρω-

43 2242 148 2291 πίας,
166 2244 242 2282 εἶπέ
258 2261 332 2294 μοι·
352 2250 462 2283 ταῦτα
487 2247 548 2283 οὐκ
569 2245 712 2283 ἐδύνατο
739 2247 912 2293 κωλῦσαι,
930 2247 958 2284 εἷ
986 2246 1065 2292 ⁷365-

44 2306 161 2353 λησεν,
183 2307 258 2344 ἀλλ’
279 2305 413 2358 ἀφίησι.
433 2306 522 2353 Ναὶ,
538 2306 634 2358 φησί.
650 2306 700 2344 Σὺ
716 2306 750 2344 δὲ
769 2306 843 2345 εἶπέ
859 2323 917 2357 μοι
933 2336 941 2353 ,
960 2307 1016 2345 διὰ
1029 2306 1064 2345 τί

43 2367 75 2403 οἳ
112 2367 152 2403 ἐκ
176 2365 317 2417 πρώτης
348 2366 486 2413 ἡλικίας
522 2367 661 2418 τυφλοί,
688 2369 766 2405 Οὔκ
796 2370 889 2421 ἐρῶ,
923 2368 987 2411 ἕως
1021 2367 1060 2405 ἂν

1074 2405 1119 2430 191

1132 402 1284 454 inquies,
1305 403 1368 440 illa
1386 403 1462 441 sine
1478 402 1612 450 labore,
1631 402 1706 440 haec
1722 415 1803 439 cum
1821 401 1952 438 labore.
1968 402 2088 452 Apage
2109 415 2116 436 ε

1132 479 1202 502 11011
1223 465 1270 503 ita
1286 480 1340 503 res
1353 474 1415 514 est,
1426 479 1496 503 non
1510 465 1557 502 ita
1573 465 1696 516 utique
1702 480 1712 514 3
1729 463 1792 502 sed
1807 463 1837 501 si
1849 477 1932 503 vere
1944 462 2118 512 dicamus,

1132 527 1194 565 illa
1211 542 1291 566 cum
1308 529 1428 566 labore
1450 538 1483 566 et
1498 527 1626 566 sudore
1643 527 1788 580 majori;
1806 527 1880 565 haec
1896 541 1993 576 vero,
2013 526 2043 564 si
2059 540 2119 565 ve-

1131 589 1251 637 limus,
1266 590 1370 627 facile
1396 589 1643 642 perficiuntur.
1669 590 1722 627 Ne
1747 588 1958 638 resiliamus,
1978 601 2077 639 rogo,
2099 602 2119 625 a

1130 649 1266 688 divinis
1282 650 1472 702 mysteriis.
1493 651 1545 688 Ne
1564 649 1603 688 id
1623 658 1774 702 spectes,
1796 649 1891 699 quod
1910 649 1952 698 is,
1962 648 2024 700 qui
2039 657 2120 686 ante

1132 719 1167 748 te
1189 711 1413 749 illuminatus
1439 721 1501 760 est,
1518 711 1703 763 improbus
1731 711 1776 748 sit
1801 711 1946 748 effectus
1967 719 2000 748 et
2020 725 2040 748 a
2059 724 2121 762 spe

1133 786 1196 810 sua
1218 773 1403 820 exciderit,
1425 788 1493 810 neu
1512 782 1546 810 te
1567 773 1644 824 ipso
1664 772 1804 823 segnior
1822 773 1899 811 fias.
1919 774 2012 810 Nam
2030 773 2122 810 inter

1133 833 1265 872 milites
1284 833 1449 872 videmus
1461 834 1563 881 alios,
1574 832 1637 883 qui
1657 846 1726 870 non
1741 841 1880 870 strenue
1896 833 2024 871 militia
2036 834 2121 871 fun-

1133 902 1280 944 guntur,
1305 894 1393 932 alios
1411 903 1530 932 autem
1549 892 1774 945 conspicuos;
1792 907 1905 943 neque
1924 894 2064 945 ignavis
2077 894 2121 931 il—

1132 956 1177 993 lis
1195 956 1424 1006 attendimus,
1442 956 1506 994 sed
1523 955 1710 1009 praeclaros
1728 955 1953 993 aemulamur.
1976 955 2033 992 Ad
2047 956 2122 993 haee

1133 1016 1330 1067 considera,
1347 1026 1433 1067 quot
1460 1025 1540 1068 post
1559 1015 1737 1068 baptisma
1756 1015 1871 1066 angeli
1887 1029 1952 1067 pro
1966 1015 2121 1053 homini-

1132 1079 1199 1117 bus
1215 1079 1298 1117 facti
1318 1079 1398 1116 sint.
1417 1079 1523 1116 Time
1541 1078 1710 1116 incertam
1731 1078 1844 1115 futuri
1866 1077 2116 1115 conditionem.

1134 1142 1183 1178 Ut
1196 1141 1255 1178 sur
1268 1149 1388 1190 noctu,
1406 1140 1457 1178 sic
1475 1153 1570 1178 mors
1587 1139 1703 1178 veniet
1710 1154 1721 1189 3
1739 1153 1852 1190 neque
1865 1139 1981 1176 solum
1996 1148 2035 1176 ut
2050 1140 2119 1189 fur,

1134 1202 1194 1240 sed
1223 1202 1325 1240 nobis
1360 1201 1620 1240 dormientibus
1650 1200 1814 1249 invadet,
1844 1209 1878 1238 et
1904 1201 2120 1252 negligentes

1134 1263 1296 1315 abripiet.
1319 1263 1403 1301 Ideo
1423 1265 1519 1301 Deus
1538 1263 1699 1300 futurum
1715 1262 1859 1313 reliquit
1875 1261 2061 1311 incertum,
2082 1272 2122 1300 ut

1135 1339 1274 1377 semper
1292 1325 1338 1362 ob
1358 1324 1527 1362 incertam
1543 1324 1842 1376 exspectationem
1859 1324 1893 1361 in
1908 1324 2041 1363 virtute
2060 1324 2122 1362 de—

1135 1400 1274 1438 gamus.
1294 1385 1363 1425 Sed
1381 1386 1532 1424 clemens
1555 1394 1618 1433 est,
1639 1385 1790 1436 inquies.
1811 1386 2004 1436 Quousque
2023 1386 2122 1437 frigi-

1135 1446 1223 1484 dum
1238 1447 1331 1484 illud
1352 1456 1385 1485 et
1406 1446 1603 1486 ridiculum
1620 1445 1758 1483 dictum
1777 1446 2024 1498 proferemus?
2043 1446 2122 1497 Ego

1134 1523 1204 1547 non
1220 1508 1326 1546 modo
1344 1508 1539 1559 benignum
1561 1521 1634 1546 esse
1650 1509 1767 1545 Deum
1782 1507 1877 1557 dico,
1895 1507 1958 1545 sed
1977 1516 2009 1545 et
2031 1507 2123 1545 nihil

1135 1585 1208 1609 esse
1222 1571 1284 1609 illo
1294 1571 1498 1622 benignius,
1509 1570 1570 1621 qui
1581 1570 1717 1608 utiliter
1726 1570 1844 1607 omnia
1855 1579 1974 1607 nostra
1985 1569 2121 1622 dispen—

1134 1634 1296 1680 set.Quot
1305 1633 1405 1673 vides
1415 1633 1576 1671 homines
1584 1646 1647 1685 per
1655 1646 1793 1670 omnem
1805 1640 1943 1669 aetatem
1956 1632 2104 1684 elepban
2111 1656 2121 1661 -

1088 1702 1112 1732 Ε
1134 1694 1215 1732 tiasi
1232 1694 1462 1732 laborantes?
1476 1702 1564 1745 quot
1581 1707 1600 1730 a
1625 1692 1740 1745 prima
1757 1701 1858 1730 aetate
1873 1691 1919 1730 ad
1945 1702 2120 1730 senectam

1134 1769 1247 1806 usque
1276 1769 1406 1804 caecos,
1427 1755 1514 1792 alios
1535 1763 1655 1807 postea
1677 1767 1785 1791 caecos
1820 1754 1948 1802 factos,
1965 1753 2054 1791 alios
2082 1753 2120 1790 in

1133 1825 1355 1868 paupertate,
1367 1816 1454 1854 alios
1467 1816 1502 1853 in
1517 1815 1685 1864 vinculis,
1695 1815 1784 1852 alios
1800 1814 1837 1852 in
1858 1814 2023 1863 metallis,
2032 1814 2121 1853 alios

1133 1878 1223 1916 inibi
1251 1879 1527 1926 contumulatos,
1559 1877 1648 1914 alios
1680 1876 1775 1914 bello
1800 1875 2030 1913 interemtos?
2047 1878 2120 1914 An-

1132 1953 1201 1977 non
1214 1954 1346 1991 quaeso,
1361 1940 1437 1977 haec
1451 1953 1496 1976 ex
1509 1937 1727 1989 benignitate
1741 1936 2040 1988 proficiscuntur?
2057 1951 2119 1974 an-

1133 2015 1201 2038 non
1213 2001 1288 2039 haec
1298 2009 1434 2054 poterat
1448 1999 1621 2052 impedire
1629 1999 1659 2036 si
1670 1998 1864 2037 voluisset?
1876 1997 1936 2035 sed
1945 1998 2119 2050 permisit.

1132 2062 1265 2110 Etiam,
1286 2062 1436 2114 inquies.
1459 2063 1516 2100 Tu
1536 2074 1620 2100 vcro
1637 2060 1696 2098 dic
1719 2060 1822 2110 mihi,
1841 2075 1949 2111 quare
1971 2060 2120 2111 quidam

1131 2137 1200 2162 non
1215 2138 1233 2161 a
1250 2124 1367 2176 prima
1381 2133 1481 2160 aetate
1497 2123 1607 2160 caeci?
1626 2123 1706 2160 Non
1720 2122 1852 2172 dicam,
1869 2122 1980 2160 donec
1991 2123 2119 2175 pollic-

1132 2184 1221 2222 earis
1252 2184 1342 2222 mihi
1361 2193 1395 2221 te
1416 2182 1695 2220 illuminandum
1714 2196 1799 2231 esse,
1824 2192 1858 2220 et
1875 2183 2120 2221 illuminatum

1130 2254 1224 2282 recte
1239 2244 1354 2283 vitam
1371 2244 1618 2282 instituturum
1638 2257 1722 2281 esse.
1748 2246 1827 2282 Non
1846 2244 1928 2282 licet
1946 2244 2013 2281 tibi
2034 2244 2120 2282 talia

1131 2303 1268 2341 solvere
1288 2319 1296 2339 :
1318 2317 1431 2354 neque
1449 2303 1542 2341 enim
1567 2302 1765 2355 voluptatis
1785 2303 1898 2354 gratia
1919 2317 2032 2341 sermo
2051 2313 2115 2342 est.

1130 2366 1223 2402 Nam
1242 2365 1323 2403 licet
1351 2365 1442 2402 hanc
1475 2365 1624 2413 solvam,
1644 2365 1714 2402 alia
1746 2364 1908 2402 succedet
1934 2365 2081 2415 quaestio
2108 2381 2116 2402 :

42 2426 178 2479 ὑπόσχῃ
202 2444 281 2478 μοι,
300 2427 353 2466 ὅτι
372 2428 503 2480 φωτίζῃ
519 2459 528 2475 ,
548 2428 601 2467 ὅτι
622 2428 803 2481 φωτισθεὶς
831 2432 917 2481 βιοῖς
941 2432 1060 2481 ὀρθῶς.
1085 2443 1109 2471 Α
1129 2426 1279 2478 abyssus
1292 2426 1385 2464 enim
1398 2427 1634 2477 quaestionum
1647 2435 1697 2464 est
1709 2426 2037 2478 Scriptura.Qua1¹e
2050 2441 2119 2465 non

43 2488 96 2526 Οὐ
116 2487 212 2538 θέμις
230 2503 284 2527 σοι
310 2487 353 2526 τὰ
377 2494 521 2545 τοιαῦτα
549 2489 765 2528 ἐπιλύεσθαι·
785 2492 822 2528 οὗ
852 2491 920 2544 γὰρ
940 2491 980 2538 δὴ
1003 2491 1063 2540 με’-

42 2563 102 2600 χρι
120 2548 272 2600 τέρψεως
288 2551 380 2587 ἐστιν
397 2553 413 2588 ὃ
432 2550 544 2601 λόγος.
565 2550 640 2588 Κᾶν
658 2550 726 2603 γὰρ
744 2557 843 2590 τοῦτο
859 2552 970 2598 λύσω,
990 2552 1061 2590 ἕτε-

46 2623 102 2659 ρον
122 2608 361 2662 ἐπεισέρχεται
386 2612 527 2662 ζήτημα
541 2627 548 2634 ·
570 2611 719 2654 ἅὲυσσος
739 2612 806 2664 γάρ
834 2614 909 2650 ἐστι
928 2615 1061 2660 ἃζητη-

44 2667 162 2717 μάτων
185 2672 206 2716 ἡ
231 2672 259 2708 Γ
263 2671 365 2724 pap-rs.
398 2671 514 2711 ε’.Ωστε
545 2673 592 2722 μὴ
621 2673 722 2724 μόνον
760 2673 886 2719 ἐθίζετε
920 2675 1061 2718 ἑαυτοὺς

42 2727 126 2779 πρὸς
155 2729 194 2767 τὸ
220 2731 315 2770 λύσιν
343 2735 467 2782 ζητεῖν,
489 2733 578 2772 ἀλλὰ
607 2734 770 2787 καὶπρὸς
789 2735 829 2773 τὸ
850 2735 898 2785 μὴ
928 2738 1054 2782 ζητεῖν.

41 2788 142 2828 Ἐπεὶ
164 2792 326 2831 οὐδέποτε
355 2794 556 2846 στησόμεθα
578 2797 770 2842 ζητοῦντες.
794 2795 883 2835 Ἰδοὺ
906 2797 973 2851 γὰρ
988 2828 997 2845 ,
1018 2797 1058 2835 ἂν

41 2855 139 2889 τοῦτο
156 2851 269 2900 λύσω,
296 2855 419 2907 μυρίας
437 2856 583 2908 νιφάδας
603 2857 808 2895 ἐπιδεικνύω
833 2859 1057 2909 ζητημάτων.

40 2907 150 2949 ‘'sse-:e
179 2914 402 2964 μανθάνωμεν
427 2919 558 2967 μᾶλλον
577 2922 676 2956 τοῦτο
700 2921 826 2965 ζητεῖν,
845 2919 867 2966 ἢ
888 2919 931 2957 τὰ
953 2922 1057 2966 ζητη-

43 2971 143 3008 θέν-ια
158 2972 262 3012 λύειν.
282 2975 373 3014 Οὔτε
392 2977 478 3031 γὰρ,
507 2977 566 3015 ἐὰν
579 2979 752 3030 λύσωμεν,
773 2979 911 3023 πάντως
932 2980 1058 3018 ἐλύσα-

44 3047 123 3081 μεν·
143 3032 231 3070 ἀλλὰ
244 3035 332 3073 κατὰ
354 3038 564 3091 ἀνθρώπινον
585 3040 751 3091 λογισμὸν
775 3041 885 3079 οἰκεία
904 3044 972 3079 τῶν
988 3058 1059 3079 τοι-

41 3092 148 3129 ούτων
185 3092 280 3138 λύσις
308 3100 329 3143 ἢ
356 3097 471 3141 πίστις
492 3099 587 3148 ἔστι,
616 3100 654 3138 τὸ
682 3101 827 3149 εἰδέναι,
861 3102 914 3140 ὅτι
944 3103 1057 3140 πάντα

43 3151 182 3196 δικαίως
201 3155 261 3193 καὶ
284 3158 534 3210 φιλανθρώπως
555 3164 572 3199 ὃ
599 3162 688 3205 Θεὸς
715 3162 774 3201 καὶ
806 3163 1058 3215 συμφερόντως

85 3284 97 3297 ⁰
117 3275 193 3315 [Sic
211 3275 250 3307 D.
273 3277 354 3309 Tres
370 3279 407 3310 A.
434 3280 471 3311 Β.
485 3280 522 3312 C.
552 3285 660 3320 ἄλλους
684 3287 713 3315 ἐν
742 3287 900 3327 πολέμοις,
917 3282 1040 3326 absque

41 3326 226 3369 participio.
244 3325 335 3360 Editi
353 3337 423 3362 toto
439 3339 552 3364 carent
567 3332 736 3375 articulo]

83 3388 97 3402 a
113 3378 205 3410 Unus
220 3377 303 3411 Cod-
321 3386 513 3425 ζητημάτων.
535 3387 610 3418 ὥστε
631 3391 674 3427 μὴ
701 3390 774 3430 πρὸς
799 3389 885 3420 τοῦτο
914 3390 1038 3427 ἐθίζετε,

1129 2488 1246 2525 solum
1274 2502 1318 2525 ne
1348 2487 1584 2526 assuefaciatis
1611 2502 1691 2538 vos,
1714 2497 1753 2525 ut
1789 2489 2002 2526 solutionem
2026 2503 2120 2539 quae-

1129 2548 1226 2598 ratis,
1246 2549 1308 2587 sed
1329 2549 1484 2597 omnino,
1502 2558 1542 2586 ut
1559 2563 1602 2586 ne
1622 2549 1787 2599 quaeratis
1806 2565 1814 2586 :
1836 2549 1992 2600 alioquin
2008 2564 2118 2587 num—

1130 2625 1236 2662 quam
1250 2612 1332 2649 finis
1349 2611 1586 2662 quaestionum
1604 2605 1683 2648 erit.
1701 2612 1794 2648 Nam
1813 2611 1843 2648 si
1856 2611 1948 2648 hanc
1961 2612 2115 2661 solvam,

1129 2673 1227 2712 mille
1244 2673 1499 2724 quaestionibus
1514 2673 1611 2711 viam
1626 2673 1798 2725 aperiam.
1817 2673 1920 2711 Unde
1936 2673 2116 2711 discamus

1129 2734 1241 2785 magis
1257 2734 1324 2771 hoc
1345 2748 1512 2784 quaerere,
1533 2748 1640 2784 quam
1659 2733 1806 2784 quaesita
1827 2734 1974 2771 solvere.
1995 2735 2116 2785 Neque

1128 2796 1221 2833 enim
1246 2796 1275 2832 si
1300 2795 1494 2841 solramus,
1517 2795 1661 2833 omnino
1689 2795 1862 2833 solvimus
1871 2810 1881 2844 3
1897 2795 1962 2833 sed
1988 2809 2116 2833 secun-

1127 2858 1215 2896 dum
1236 2858 1434 2895 humanum
1455 2858 1681 2895 ratiocinium
1705 2858 1847 2909 propria
1867 2858 1993 2895 talium
2012 2858 2114 2895 solu-

1126 2919 1176 2957 tio
1209 2919 1298 2956 fides
1327 2928 1397 2967 est;
1423 2919 1512 2956 scire
1537 2933 1676 2970 nempe,
1707 2919 1824 2956 Deum
1853 2918 1970 2955 omnia
2001 2919 2110 2969 juste,

1126 2980 1278 3031 benigne
1300 2989 1332 3018 et
1352 2980 1489 3017 utiliter
1514 2980 1639 3029 facere,
1660 2993 1772 3030 neque
1792 2994 1891 3031 posse
1906 2980 1981 3031 ejus
2000 2979 2111 3016 ratio-

1128 3055 1208 3078 nem
1223 3041 1487 3093 comprehendi.
1499 3041 1583 3078 Haec
1597 3055 1665 3078 una
1687 3040 1815 3078 solutio
1836 3049 1899 3089 est,
1914 3054 2026 3091 neque
2042 3040 2113 3078 alia

1127 3102 1252 3140 melior
1277 3102 1444 3140 liabetur.
1470 3102 1558 3148 Quae
1590 3101 1701 3149 enim,
1731 3115 1860 3151 quaeso,
1875 3101 2003 3139 solutio
2037 3102 2113 3139 est?

1128 3163 1285 3201 Omnino
1304 3177 1374 3201 non
1397 3163 1490 3201 ultra
1510 3176 1665 3214 quaerere
1684 3162 1734 3209 id,
1758 3161 1853 3213 quod
1867 3163 2024 3200 solutum
2044 3172 2095 3201 est

1106 3282 1175 3325 [Sic
1191 3291 1257 3316 tres
1274 3285 1309 3316 A.
1330 3286 1366 3318 B.
1385 3285 1422 3317 C.
1442 3292 1475 3316 et
1497 3282 1647 3317 sax-ilius.
1667 3282 1811 3316 Alteram
1837 3283 2011 3316 lectionem
2034 3297 2095 3328 sup

1107 3335 1268 3378 plevimus
1282 3347 1299 3368 e
1315 3337 1356 3371 D.
1376 3339 1520 3370 Deerant
1541 3336 1628 3369 enim
1652 3337 1685 3368 iu
1702 3335 1821 3370 Montf.
1842 3336 1959 3378 verba,
1978 3342 2112 3373 7322...

1107 3394 1150 3430 μὴ
1170 3390 1295 3431 gastim]

2175 1093 2320 1131 Baptisma

2136 1145 2192 1162 non
2233 1135 2322 1162 disfe-

2137 1178 2271 1204 rendum.

2137 1227 2165 1247 2.
2188 1219 2272 1246 Petr.
2289 1217 2320 1246 3.

2141 1268 2186 1289 {0-
