2502 3810
279 268 369 314 562
730 279 768 307 S-

278 366 411 401 sionem
425 363 510 410 fore,
536 360 583 397 ait
605 375 612 395 :
635 360 778 395 Pacem
796 358 1042 398 habeamus5
1066 352 1103 389 id
1122 361 1188 402 est,
1205 352 1259 389 Ne

282 424 378 459 ultra
400 433 597 472 peccemus,
623 430 685 454 nec
715 416 760 453 ad
793 415 914 467 priora
935 422 1169 452 revertamus:
1192 412 1259 449 hoc

279 484 371 521 enim
390 491 449 528 est,
467 481 601 517 bellum
620 478 749 523 habere
765 486 883 514 contra
897 478 1025 513 Deum.
1042 475 1088 512 Et
1105 488 1258 525 quomo-

278 543 338 587 do,
372 527 526 590 inquies,'
551 538 626 575 fieri
654 546 780 589 potest,
807 545 847 573 ut
867 550 910 573 116
929 536 1021 573 ultra
1048 533 1259 586 peccemus?

278 600 465 648 Quomodo
498 599 589 636 illud
621 598 720 650 prius
759 597 835 634 fieri
856 596 996 648 potuit?
1016 596 1054 633 Si
1088 594 1180 632 enim
1208 602 1260 631 tot

277 661 428 714 pcccatis
448 660 606 706 obnoxii,
631 659 676 696 ab
699 658 863 696 omnibus
883 672 946 709 per
967 656 1152 694 Christum
1171 655 1260 691 libe-

276 723 342 759 rati
363 735 508 769 sumus;
526 719 762 770 multomagis
783 718 881 755 illius
901 731 966 769 ope
981 717 1054 763 fiet,
1085 716 1171 753 utin
1193 716 1261 753 hoc

277 793 369 822 statu
391 796 605 820 maneamus.
640 783 719 819 Non
755 795 820 833 par
839 780 933 817 enim
955 793 1010 816 res
1044 787 1095 815 est
1124 791 1259 829 pacem,

275 860 353 896 quae
371 858 439 882 non
473 852 560 892 erat,
580 842 753 894 accipere,
790 850 823 878 et
847 840 968 878 datam
988 853 1127 876 servare
1140 854 1150 888 3
1177 838 1260 888 quia

275 905 460 957 acquisitio
488 903 629 941 facilior
660 912 723 951 est,
759 916 865 953 quam
903 899 1147 938 conservatio:
1169 908 1260 936 atta-

276 981 355 1004 men
376 965 473 1016 quod
491 964 676 1002 difficilius
709 972 795 1009 erat,
829 962 932 1000 facile
957 961 1024 998 fuit
1043 970 1076 998 et
1113 960 1148 997 in
1173 974 1261 1011 opus

277 1027 378 1065 exiit.
409 1026 505 1076 Ergo
526 1025 577 1075 id,
606 1024 700 1075 quod
730 1023 871 1061 facilius
899 1031 964 1071 est,
995 1021 1095 1058 nullo
1122 1020 1262 1071 negotio

277 1087 513 1140 perficiemus,
525 1086 553 1123 si
568 1086 765 1122 haereamus
784 1085 826 1132 ei,
842 1083 903 1134 qui
914 1082 975 1119 illa
990 1081 1091 1118 nobis
1106 1080 1260 1132 perfecit.

277 1148 345 1185 Hic
356 1153 438 1185 ver‘o
458 1160 525 1183 non
546 1145 753 1182 facilitatem
772 1153 909 1181 tanturn
935 1142 1025 1179 mibi
1043 1140 1198 1178 indicare
1212 1140 1264 1178 vi-

278 1208 394 1254 detur,
408 1207 468 1245 sed
488 1207 594 1244 etiam
613 1206 666 1255 id,
683 1205 780 1256 quod
799 1204 1014 1242 rationabile
1031 1203 1088 1240 sit.
1115 1203 1153 1242 Si
1169 1202 1263 1240 enim

279 1284 342 1308 nos
361 1269 553 1306 debellatos
571 1267 825 1311 reconciliavit,
839 1266 875 1303 in
890 1265 1173 1303 reconciliatione
1185 1278 1263 1316 per-

279 1331 404 1368 sistere
422 1344 484 1382 par
505 1338 571 1378 est,
594 1338 627 1366 et
654 1328 744 1364 hanc
771 1327 824 1364 illi
851 1326 967 1364 ricem
999 1325 1203 1377 rependere,
1224 1333 1262 1361 ut

278 1408 322 1431 ne
339 1393 500 1430 videatur
518 1391 578 1428 ille
589 1405 718 1442 pravos
726 1400 758 1428 et
769 1390 924 1441 ingratos
934 1403 1013 1426 cum
1026 1389 1131 1425 Patre
1146 1401 1262 1425 recon-

279 1454 446 1491 ciliassse.
473 1455 510 1490 2.
535 1454 612 1489 Per
641 1454 763 1503 ipsum
775 1452 888 1495 enim,
913 1449 1040 1500 inquit,
1061 1450 1264 1486 habuimus

279 1528 474 1552 accessum
489 1514 541 1550 ad
553 1513 692 1564 fidem.
709 1511 747 1549 Si
767 1525 850 1561 ergo
862 1510 988 1562 procul
1009 1509 1132 1561 positis
1149 1522 1263 1546 acces-

279 1588 358 1612 sum
373 1573 536 1626 praebuit,
556 1572 668 1609 multo
689 1571 802 1621 magis
817 1584 927 1621 prope
940 1578 1070 1606 stantes
1086 1568 1261 1605 retinebit.

333 1637 369 1673 9.
402 1634 461 1670 Tu
481 1646 562 1670 vero
590 1631 680 1668 mihi
700 1630 899 1668 consideres
931 1629 1055 1677 velim,
1085 1626 1264 1678 quomodo

281 1695 414 1744 ubique
439 1694 511 1730 duo
528 1693 589 1729 illa
613 1692 727 1744 ponit,
749 1700 781 1728 et
799 1705 876 1741 quae
894 1690 939 1726 ab
959 1690 1051 1742 ipso,
1074 1698 1106 1726 et
1139 1703 1216 1739 quae
1245 1703 1265 1726 a

280 1756 382 1793 nobis
395 1763 488 1791 sunt.
513 1753 584 1791 Sed
599 1767 675 1803 quae
694 1752 738 1789 ab
770 1752 859 1803 ipso,
888 1760 968 1788 sunt
985 1750 1083 1788 varia
1099 1759 1132 1787 et
1154 1751 1266 1787 multa

282 1824 315 1852 et
335 1815 474 1851 diversa
498 1829 505 1848 :
527 1827 607 1850 nam
632 1821 792 1850 mortuus
811 1821 860 1849 est
877 1820 1021 1863 propter
1042 1825 1118 1858 nos,
1138 1825 1265 1849 recon-

283 1875 420 1913 ciliavit
444 1888 519 1923 nos,
537 1873 702 1918 adduxit,
730 1873 881 1924 gratiam
903 1871 1003 1909 dedit
1026 1871 1264 1920 ineffabilem,

282 1952 344 1975 nos
353 1951 435 1974 vcro
449 1935 555 1973 fidem
566 1935 677 1973 solam
691 1935 876 1972 attulimus
890 1950 896 1970 ε
910 1933 987 1970 ideo
998 1933 1047 1970 ait
1059 1949 1066 1969 :
1077 1934 1213 1985 Infide
1228 1936 1269 1970 in

283 1999 574 2048 lzancgratiam,
588 1999 628 2032 in
645 2003 888 2047 qzmstamns.
901 1996 1173 2044 Quam,quae30‚
1194 2008 1271 2045 gra-

283 2059 685 2109 tiaitiPQuadignamur
697 2057 764 2095 Dei
781 2057 990 2107 cognitione,
1005 2071 1073 2107 qua
1094 2056 1138 2093 ab
1155 2070 1271 2094 errore

283 2122 493 2163 liberamur,
506 2135 574 2170 qua
584 2119 769 2157 veritatem
790 2118 1048 2169 cognoscimus,
1063 2133 1131 2167 qua
1152 2117 1271 2155 omnia

285 2196 348 2234 per
365 2181 585 2233 baptismum
612 2180 706 2216 bona
724 2179 971 2229 consequimur
988 2194 995 2214 z
1015 2179 1061 2216 ad
1079 2179 1146 2215 hoc
1178 2178 1272 2215 enim

288 2243 390 2279 nobis
410 2255 586 2278 accessum
603 2240 771 2292 praebuit,
790 2249 828 2276 ut
841 2240 916 2276 lizec
934 2240 1150 2291 accipiamus
1167 2239 1271 2276 dona.

289 2303 412 2352 Neque
440 2301 534 2338 enim
562 2300 643 2336 fecit
670 2308 822 2347 tantum,
848 2308 886 2335 ut
906 2308 1130 2350 peccatorum
1151 2298 1273 2335 remis-

291 2362 425 2399 sionem
447 2360 698 2405 obtineremus,
728 2358 789 2396 sed
812 2367 844 2395 et
862 2367 900 2394 ut
921 2358 1124 2395 innumeras
1155 2371 1274 2395 conse-

291 2420 692 2473 queremurdignitates.
713 2421 834 2469 Neque
863 2418 922 2455 hic
949 2418 1057 2466 stetit,
1076 2417 1137 2455 sed
1167 2418 1274 2455 etiam

289 2483 359 2520 alia
379 2481 552 2534 promisit,
570 2479 763 2517 ineffabilia
790 2479 850 2516 illa
881 2487 1031 2515 mentem
1047 2487 1080 2515 et
1103 2477 1273 2515 rationem

290 2557 386 2594 supe}
396 2542 491 2580 antia
506 2541 608 2578 bona.
627 2539 709 2577 ldco
725 2549 873 2589 utraque
892 2538 1022 2590 posuit.
1051 2540 1143 2576 Cum
1177 2538 1271 2575 enim

289 2604 388 2651 dicit,
409 2604 601 2646 Gratiam,
621 2600 808 2652 praesentia
837 2599 1064 2651 significavit,
1080 2613 1157 2649 quae
1176 2612 1274 2636 acce-

289 2669 426 2722 pimus,
444 2677 525 2700 cum
548 2670 665 2699 autem
694 2660 781 2698 dicit
804 2676 810 2696 :
832 2662 886 2697 Et
912 2661 1127 2711 gloriamur
1145 2663 1186 2697 in
1211 2674 1275 2712 spe

289 2724 422 2777 glorioe
435 2725 522 2770 Dei,
541 2723 659 2759 futura
682 2720 854 2759 revelavit
883 2721 1015 2758 omnia.
1046 2724 1095 2758 Ac
1115 2722 1204 2758 bene
1217 2721 1273 2758 di-

289 2786 356 2833 xit,
373 2788 420 2821 In
438 2798 517 2836 qua
539 2793 700 2821 stamus.
719 2782 820 2819 Talis
836 2781 968 2833 quippe
987 2791 1037 2819 est
1061 2781 1173 2833 gratia
1185 2782 1272 2831 Dei3

290 2846 397 2883 finem
419 2859 489 2882 non
514 2844 634 2893 habet,
667 2858 737 2881 non
768 2843 867 2881 novit
897 2843 1103 2892 terminum,
1135 2842 1195 2880 sed
1228 2842 1275 2880 ad

291 2907 426 2958 majora
447 2919 583 2956 semper
602 2904 782 2956 procedit:
801 2903 895 2954 quod
913 2903 1008 2955 apud
1032 2903 1193 2940 homines
1205 2916 1274 2941 non

292 2976 353 3004 cst.
374 2966 542 3017 Exempli
569 2980 673 3002 causa
694 2981 701 3000 :
723 2965 855 3016 accepit
879 2964 958 3014 quis
990 2964 1227 3015 principatum
1242 2972 1275 3001 et

808 273 991 306 JOARMS
1025 271 1261 301 CHRYSOST.
1300 269 1506 301 ARCfflEP.
1545 273 1899 304 CONSTANTffiOP.

1330 352 1486 400 δυνατὸν,
1502 354 1606 406 φησὶ,
1626 354 1664 392 τὸ
1694 355 1820 404 μηκέτι
1842 355 2052 408 ἁμαρτάνειν
2066 371 2075 402 3
2091 357 2174 397 Πῶς
2195 356 2234 392 τὸ
2261 354 2347 407 πρό-

1328 428 1424 466 τερον
1444 415 1577 465 ἐγένετο
1599 415 1763 462 δυνατόν,
1793 417 1838 453 Εἰ
1858 415 1924 466 γὰρ
1942 416 2113 454 τοσούτων
2135 416 2227 458 ὄντες
2247 414 2349 452 ὑπεύ-

1330 476 1439 520 θυνοι,
1455 473 1593 511 πάντων
1612 475 1866 526 ἀπηλλάγημεν
1886 476 1942 512 διὰ
1960 479 2018 514 τοῦ
2036 477 2208 525 Χριστοῦ,
2230 476 2348 524 πολλῷ

1331 536 1462 583 μᾶλλον
1482 536 1515 571 ἐν
1532 529 1580 577 οἷς
1598 536 1702 585 ε’σμεν
1724 540 1838 585 μεῖναι
1860 536 1902 572 δι’
1922 538 2025 574 αὗτοῦ
2046 536 2273 586 δυνησόμεθα.
2296 537 2348 572 Οὔ

1329 593 1396 645 γάρ
1416 595 1509 632 ἐστιν
1529 595 1600 632 ἴσον
1624 594 1671 645 μὴ
1689 589 1791 633 φῦσαν
1815 595 1953 646 εἰρήνην
1968 596 2100 643 λαὸεῖν,
2115 596 2174 633 καὶ
2194 597 2347 633 δοθεῖσαν

1330 660 1530 705 κατασχεῖν,
1552 655 1739 706 ἐπειδήπερ
1756 659 1777 701 ἡ
1793 658 1914 701 κτῆσις
1932 659 1994 701 τ’ῆς
2012 657 2168 708 φυλακῆς
2186 654 2349 707 χαλεπώ-

1330 729 1426 766 τερον
1440 730 1447 736 ·
1468 715 1545 751 ἀλλ’
1560 714 1654 763 ὅμως
1673 715 1791 766 γε’γονε
1805 716 1844 753 τὸ
1859 715 2104 767 χαλεπώτερον
2120 717 2271 761 εὔκολον,
2291 715 2351 752 καὶ

1332 774 1378 817 εἷς
1400 774 1498 824 ἔργον
1521 774 1635 820 ἐξέῧη.
1673 777 1808 814 Οὐκοῦν
1832 776 1929 814 ἔσται
1958 776 2017 813 καὶ
2051 775 2090 812 τὸ
2121 776 2350 827 εὐκολώτερον

1330 838 1414 884 ἡμῖν
1435 835 1703 886 εὐκατόρθωτον,
1722 836 1761 874 ἂν
1789 836 1952 888 ἐχώμεθα
1974 842 2033 874 τοῦ
2052 837 2110 875 καὶ
2133 840 2247 876 ἐκεῖνα
2266 841 2351 887 ἡμῖν

1331 894 1506 940 ἠνυκότος.
1528 895 1707 952 Ἐνταῦθα
1727 897 1762 935 δὲ
1790 898 1827 935 οὖ
1845 898 1884 935 τὸ
1900 897 2037 935 εὔκολον
2057 897 2266 935 αἰνίττεσθαί
2295 913 2353 947 μοι

1333 956 1426 993 δοκεῖ
1447 956 1562 1003 μόνον,
1582 958 1672 995 ἀλλὰ
1694 957 1753 995 καὶ
1768 958 1806 996 τὸ
1827 958 1978 1009 εὔλογον.
1999 960 2044 996 Εἰ
2063 958 2129 1009 γὰρ
2150 957 2248 1000 αὐτὸς
2261 961 2354 1007 ἡμᾶς

1333 1016 1550 1062 κατήλλαξεν
1582 1018 1934 1068 ἐκπεπολεμωμένους
1950 1049 1959 1066 ,
1987 1019 2124 1069 εὔλογον
2157 1017 2269 1068 μένειν
2299 1017 2355 1055 ἐπὶ

1332 1080 1395 1123 τῆς
1420 1080 1665 1128 καταλλαγῆς,
1692 1079 1751 1116 καὶ
1784 1080 1914 1126 ταύτην
1949 1080 2137 1117 ἀποδοῦναι
2170 1080 2262 1129 αὐτῷ
2291 1077 2353 1124 τὴν

1335 1138 1498 1187 ἀμοιὲὴν,
1521 1138 1577 1177 ἵνα
1599 1139 1646 1189 μὴ
1666 1139 1744 1191 δόξῃ
1765 1139 1905 1182 σκαιοὺς
1924 1140 1982 1177 καὶ
2004 1138 2205 1190 ἀγνώμονας
2225 1139 2354 1184 κατηλ-

1332 1199 1477 1250 λαγεναι
1493 1203 1542 1252 τῷ
1556 1200 1682 1253 Πατρί.
1699 1203 1752 1237 Δι’
1773 1203 1875 1238 αὐτοῦ
1891 1200 1970 1251 γὰρ,
1985 1200 2068 1251 φησὶ
2079 1230 2088 1246 ,
2105 1200 2163 1236 καὶ
2177 1199 2238 1245 τὴν
2250 1215 2353 1251 προσ-

1335 1259 1474 1311 αγωγὴν
1497 1261 1696 1312 ἐσχήκαμεν
1726 1263 1768 1311 τῇ
1791 1261 1908 1298 πίστει
1927 1262 1959 1298 *.
1997 1262 2040 1298 Εἰ
2066 1260 2178 1298 τοίνυν
2215 1259 2352 1311 μακρὰν

1334 1319 1432 1362 ὄντας
1460 1320 1661 1371 προσήγαγε
1673 1348 1682 1366 ,
1714 1322 1833 1372 πολλῷ
1865 1322 1996 1371 μᾶλλον
2022 1319 2121 1371 ἐγγὺς
2152 1318 2354 1370 γενομένους

1332 1379 1479 1424 καθέξει.

1390 1625 1440 1665 Σὺ
1471 1625 1508 1664 δέ
1538 1641 1596 1676 μοι
1627 1626 1750 1665 σκόπει
1781 1629 1855 1669 πῶς
1877 1631 2056 1679 πανταχοῦ
2075 1626 2119 1665 τὰ
2139 1627 2198 1665 δύο
2214 1627 2354 1675 τίθησι,

1336 1686 1395 1724 καὶ
1411 1685 1454 1724 τὰ
1474 1687 1557 1739 παρ’
1594 1688 1698 1724 αὐτοῦ
1715 1687 1773 1724 καὶ
1802 1686 1845 1723 τὰ
1865 1689 1947 1739 παρ’
1965 1691 2080 1741 ἡμῶν.
2098 1687 2202 1725 Ἀλλὰ
2220 1688 2264 1726 τὰ
2293 1688 2359 1738 μὲν

1339 1748 1443 1785 αὐτοῦ
1456 1747 1599 1785 ποικίλα
1627 1748 1683 1785 καὶ
1706 1748 1819 1786 πολλὰ
1838 1748 1896 1785 καὶ
1926 1748 2090 1800 διάφορα·
2109 1749 2168 1786 καὶ
2187 1749 2253 1800 γὰρ
2274 1749 2358 1786 ἀπέ-

1338 1812 1418 1846 θανε
1434 1810 1476 1846 δι’
1493 1812 1586 1858 ἡμᾶς
1601 1837 1609 1853 ,
1626 1809 1685 1846 καὶ
1700 1809 1913 1854 κατ-ἤλλαξεν
1930 1812 2042 1859 ἡμᾶς,
2059 1810 2118 1847 καὶ
2135 1810 2355 1861 προσήγαγε,

1337 1869 1396 1908 καὶ
1412 1870 1515 1922 χάριν
1536 1870 1660 1908 ἔδωκεν
1691 1870 1820 1922 ἄφατον
1839 1886 1846 1893 ·
1862 1874 1964 1919 ἡμεῖς
1984 1870 2019 1908 δὲ
2039 1871 2100 1918 τὴν
2120 1871 2237 1909 πίστιν
2257 1873 2356 1916 εἴση-

1337 1930 1507 1981 νέγκαμεν
1526 1931 1627 1981 μόνον
1639 1946 1646 1954 ·
1669 1931 1720 1969 διό
1735 1946 1850 1982 φησιν,
1867 1930 1927 1968 Ἔν
1944 1934 1986 1982 τῇ
2003 1931 2118 1970 πίστει
2138 1933 2186 1974 εἷς
2206 1931 2269 1978 τὴν
2289 1931 2359 1982 χά-

1341 2006 1390 2043 ριν
1411 1990 1554 2038 ταύτην,
1576 1993 1608 2029 ἐν
1635 1986 1658 2043 ἦ
1675 1991 1886 2042 ἑστήκαμεν.
1906 1991 2032 2038 Ποίαν,
2050 1991 2126 2029 εἶπέ
2142 2007 2218 2041 μοι,
2237 1992 2362 2043 χάρινς

1339 2053 1391 2090 Τὸ
1410 2052 1666 2098 καταξιωθῆναι
1680 2056 1742 2098 τῆς
1762 2055 1820 2090 τοῦ
1836 2054 1927 2089 Θεοῦ
1941 2051 2118 2103 γνώσεως,
2141 2052 2179 2089 τὸ
2192 2055 2254 2097 τῆς
2270 2052 2360 2090 πλοί-

1340 2128 1400 2159 νης
1417 2114 1682 2164 ἀπαλλαγῆναι,
1693 2113 1732 2150 τὸ
1745 2112 1807 2159 τὴν
1823 2112 1986 2158 ἀλήθειαν
2001 2115 2205 2163 ἐπιγνῶναι,
2220 2113 2259 2150 τὸ
2274 2112 2361 2150 ποίν-

1341 2190 1408 2211 τιυν
1428 2174 1606 2224 ἐπιτυχεῖν
1626 2176 1694 2210 τῶν
1716 2173 1771 2210 διὰ
1791 2176 1850 2210 τοῦ
1874 2172 2116 2223 βαπτίσματος
2136 2176 2272 2224 ἀγαθῶν
2286 2189 2293 2196 ·
2314 2175 2362 2217 εἷς

1343 2239 1442 2272 τοῦτο
1463 2235 1530 2286 γὰρ
1559 2238 1653 2284 ἡμᾶς
1681 2234 1914 2286 προσήγαγεν,
1933 2233 1989 2271 ῗνα
2008 2239 2118 2271 ταῦτα
2138 2235 2302 2284 λάὸωμεν
2318 2234 2363 2272 τὰ

1345 2295 1439 2345 δῶρα
1452 2310 1459 2316 ·
1480 2294 1556 2331 οὐδὲ
1576 2294 1643 2345 γὰρ
1664 2295 1782 2336 ἁπλῶς
1806 2294 1862 2331 ἵνα
1884 2294 2146 2344 ἁμαρτημάτων
2167 2294 2286 2345 ἄφεσις
2301 2293 2361 2345 γέ-

1343 2370 1446 2400 νηται
1476 2354 1565 2391 ι’καὶ
1595 2353 1782 2404 ἀπαλλαγὴ
1815 2354 1929 2404 μόνον,
1958 2356 2033 2391 ἀλλ’
2054 2354 2108 2390 ἵνα
2134 2355 2192 2392 καὶ
2231 2357 2370 2406 μυρίων

1346 2413 1600 2463 ἀπολαύσωμεν
1620 2412 1839 2463 ἀξιωμάτων.
1861 2414 1929 2451 Καὶ
1947 2413 2023 2452 οὐδὲ
2053 2416 2087 2451 ἐν
2109 2414 2239 2458 τούτοις
2259 2415 2340 2462 ἔστη
2354 2445 2364 2462 ,

1346 2473 1435 2511 ἀλλὰ
1454 2474 1512 2511 καὶ
1527 2474 1628 2524 ἕτερα
1648 2474 1897 2524 ἐπηγγείλατο,
1915 2474 1958 2511 τὰ
1980 2475 2160 2527 ἀπόρρητα
2177 2478 2291 2513 ἐκεῖνα
2306 2475 2365 2513 καὶ

1343 2538 1419 2572 νοῦν
1442 2535 1501 2572 καὶ
1530 2534 1630 2585 λόγον
1664 2534 1918 2587 ὑπερέαίνοντα
1938 2536 2062 2587 ἀγαθοί.
2091 2535 2222 2588 Διόπερ
2250 2536 2366 2589 ἀμφό-

1344 2611 1427 2647 τερα
1437 2596 1567 2633 τέθεικε
1581 2611 1588 2618 “
1609 2601 1622 2616 ⁰
1637 2598 1686 2647 τῷ
1714 2596 1776 2646 μὲν
1800 2595 1866 2647 γὰρ
1884 2599 2003 2642 εἰπεῖν,
2021 2597 2096 2643 Τὴν
2112 2597 2228 2650 ιχάριν,
2245 2597 2287 2635 τὰ
2299 2613 2367 2636 πα-

1348 2655 1448 2709 ρόντα
1465 2656 1637 2701 ἐδήλωσεν
1653 2656 1741 2709 ἅπερ
1756 2655 1937 2706 ἐλοίὲομεν·
1948 2659 1996 2708 τῷ
2014 2657 2049 2695 δὲ
2064 2659 2184 2704 εἰπεῖν,
2200 2659 2269 2696 Καὶ
2285 2675 2368 2696 καυ-

1344 2716 1491 2768 χώμεθα
1512 2718 1567 2754 ἐπ’
1589 2716 1703 2755 ἐλπίδι
1722 2720 1783 2763 τῆς
1804 2716 1904 2763 δόξης
1923 2723 1982 2755 τοῦ
2002 2720 2112 2763 Θεοῦ,
2134 2718 2176 2755 τὰ
2197 2719 2371 2768 μέλλοντα

1346 2776 1550 2828 ἕξεκάλυψεν
1579 2777 1727 2815 ἅπαντα.
1749 2777 1818 2815 Καὶ
1841 2780 1955 2821 καλῶς
1977 2772 2083 2825 εἶπεν,
2100 2778 2161 2815 Ἐν
2180 2774 2202 2827 ᾗ
2220 2778 2368 2824 ἑστήκα-

1349 2853 1422 2887 μεν.
1444 2837 1598 2885 Τοιαύτη
1625 2838 1694 2891 γὰρ
1716 2842 1737 2884 ἡ
1758 2843 1817 2876 τοῦ
1836 2841 1927 2876 Θεοῦ
1948 2838 2069 2889 χάρις·
2088 2841 2147 2876 οὐκ
2167 2841 2240 2890 ἔχει
2255 2839 2368 2887 τέλος,

1349 2900 1410 2936 οὐκ
1436 2892 1504 2936 οἶδε
1527 2898 1652 2950 πέρας,
1683 2898 1774 2936 ἀλλὰ
1804 2899 1861 2936 καὶ
1884 2898 1940 2936 ἐπὶ
1960 2899 2100 2948 μείζονα
2121 2900 2174 2937 ἀεὶ
2193 2900 2368 2952 πρόεισιν·

1349 2958 1434 3010 ὅπερ
1453 2960 1506 2996 ἐπ’
1534 2959 1723 3011 ἀνθρώπων
1740 2961 1801 2997 οὐκ
1823 2959 1883 2996 ἔνι.
1905 2953 1990 2996 Οἷόν
2005 2976 2039 2996 τι
2054 2960 2165 3011 λέγω·
2187 2952 2293 2999 {Meg
2319 2977 2370 3003 τις

293 3028 443 3079 gloriam
460 3037 492 3064 et
512 3027 714 3079 potentiam,
753 3025 813 3063 sed
844 3039 911 3062 non
938 3025 973 3062 jn
1004 3025 1069 3061 1130
1105 3034 1274 3076 perpetuo
1287 3049 1332 3072 513
1351 3018 1461 3071 ἀρχὴν
1478 3019 1537 3056 καὶ
1554 3019 1651 3062 δόξαν
1672 3019 1731 3056 καὶ
1747 3019 1961 3066 δυναστείαν,
1977 3021 2052 3057 ἀλλ’
2071 3023 2134 3071 οὐχ
2152 3020 2296 3067 ἕστηκεν
2313 3021 2371 3058 ἐπὶ

295 3091 400 3138 stetit,
416 3104 540 3128 verum
561 3089 631 3126 cito
658 3089 704 3126 ab
723 3088 782 3125 illa
811 3087 966 3135 excidit,
999 3095 1104 3136 atque
1139 3087 1275 3124 etiamsi
1300 3087 1325 3114 Α

295 3165 397 3188 1161110
420 3151 567 3195 auferat,
588 3163 681 3186 mors
709 3148 958 3200 superveniens
986 3147 1128 3184 omnino
1164 3147 1276 3184 tollet.

298 3210 386 3256 Quae
408 3224 492 3248 vero
513 3209 577 3247 Dei
601 3217 694 3258 sunt,
709 3222 778 3246 non
809 3208 893 3245 talia
914 3223 921 3244 :
944 3221 1014 3245 non
1039 3207 1132 3245 enim
1159 3206 1277 3256 homo,

341 3340 351 3351 “
374 3337 385 3377 [
404 3334 542 3378 Subjicit
561 3338 596 3369 Α.
615 3342 652 3374 εἰς
670 3343 722 3376 τὴν
736 3343 823 3383 χάριν
840 3340 961 3376 ταύτην.
978 3339 989 3379 ]

339 3391 356 3417 l>
383 3387 394 3431 [
410 3392 583 3431 κατηλλάγη
598 3397 688 3430 μόνον
706 3391 742 3420 Α.
758 3390 769 3430 ]

1352 3080 1478 3126 ταύτης
1507 3080 1691 3126 διηνεκῶς,
1711 3078 1801 3116 ἀλλὰ
1833 3079 1967 3130 ταχέως
1989 3082 2092 3126 αὐτῆς
2112 3080 2289 3126 ἐκπίπτει,
2306 3081 2370 3118 κᾶν

1353 3140 1400 3190 μὴ
1423 3140 1600 3192 ἅνθρωπος
1630 3139 1821 3190 ἀφέληται,
1846 3140 1986 3182 θάνατος
2009 3141 2159 3178 ἐπελθὼν
2181 3142 2369 3193 ἀφαιρήσε-

1352 3223 1410 3244 ται
1426 3207 1575 3250 πάντως.
1591 3205 1647 3244 Τὰ
1662 3205 1697 3244 δὲ
1715 3210 1774 3244 τοῦ
1794 3207 1885 3244 Θεοῦ
1900 3207 1936 3243 οὐ
1952 3211 2098 3246 τοιαῦτα
2109 3224 2117 3230 ·
2135 3207 2212 3246 οὔτε
2226 3208 2292 3260 γὰρ
2312 3208 2371 3246 ἄν·

1412 3346 1424 3361 c
1449 3337 1524 3372 Mss,
1545 3346 1585 3381 τῷ
1600 3340 1710 3380 μὲ»...
1730 3347 1771 3380 τῷ
1787 3340 1816 3370 δὲ
1829 3363 1836 3377 ,
1859 3336 1975 3370 melius
1991 3349 2090 3381 quam
2108 3337 2200 3370 Editi
2219 3344 2251 3373 τὸ
2270 3342 2366 3381 μὲν...

1368 3403 1402 3422 το
1421 3402 1460 3420 οε.
