2466 3805
661 232 705 262 IN
743 233 858 264 ACTA
894 231 1240 263 APOSTOLORUM.
1279 230 1435 261 nomn„
1474 230 1588 262 xvll.
2084 213 2169 277 157

110 312 236 364 ἰατρὸς,
255 313 432 364 Ἔχοντες,
451 312 572 363 λέγων,
595 313 778 366 διατροφὰς
799 316 858 353 καὶ
877 315 1122 364 σκεπάσματα,
1193 320 1302 361 teret,
1331 321 1365 351 et
1391 312 1631 363 frugalitatem
1656 310 1860 362 diligamus.
1890 309 2015 348 Annon
2041 310 2174 348 auditis

108 374 240 417 τούτοις
257 373 552 426 ἀρκεσθησόμεθα.
576 374 784 424 Πειθώμεθα
803 375 915 413 τοίνυν
936 377 1048 426 αὐτῷ,
1068 373 1124 411 ἵνα
1193 372 1349 411 medicos
1376 372 1553 422 dicentes,
1574 371 1774 423 Indigentia
1794 380 1845 409 est
1859 380 1971 409 mater
1991 370 2174 409 sanitatis?

107 434 315 484 ὑγιαίνοντες
330 434 582 486 πράττωμεν,ἃ
598 435 647 472 δεῖ
666 443 788 484 ποιεῖν,
801 439 835 475 ἐν
854 438 994 488 Χριστῷ
1010 434 1125 481 Ἰησοῦ
1194 434 1273 485 Ego
1291 448 1375 474 vero
1392 448 1462 472 non
1482 434 1675 486 corporalis
1702 432 1808 471 modo
1835 432 1992 471 sanitatis
2011 432 2173 484 indigen-

107 497 157 546 τῷ
181 494 296 546 Κυρίῳ
317 498 432 545 ημῶν,
465 498 538 545 μεθ’
558 490 595 533 οὗ
625 498 674 547 τῷ
704 497 820 550 Πατρὶ
851 497 925 547 ἅμα
952 499 1001 548 τῷ
1037 494 1126 547 ἁγίῳ
1194 495 1280 532 tiam
1296 504 1443 533 matrem
1459 509 1532 533 esse
1546 495 1644 551 dico,
1665 494 1728 532 sed
1743 494 1849 532 etiam
1866 494 2076 546 spiritualis.
2097 494 2173 533 Hoc

108 553 289 600 Πνεύματι
303 584 312 600 ,
343 555 442 601 δόξα,
459 556 604 608 κράτος,
622 556 729 607 τιμὴ,
747 561 804 595 νῦν
826 556 886 595 καὶ
911 556 984 604 ἀεὶ,
1004 555 1064 594 καὶ
1081 557 1128 598 εἰς
1195 564 1229 593 et
1242 556 1375 593 Paulus
1396 570 1498 594 verus
1517 556 1674 594 medicus
1694 556 1834 604 clamat,
1849 555 1969 593 dicens
1986 571 1994 592 ε
2011 558 2173 594 Haben-
2191 568 2216 589 ι.
2245 560 2326 592 Tim.
2343 563 2374 591 6.

108 614 184 658 τοὺς
206 618 332 661 αἰῶνας
350 620 418 655 τῶν
438 617 584 656 αἰώνων.
607 618 728 668 Ἀμήν.
1147 614 1174 643 D
1196 624 1250 654 tes
1266 617 1455 655 alimenta
1470 626 1507 655 et
1526 626 1760 669 tegumenta,
1780 618 1840 655 his
1856 620 2029 655 contenti
2042 620 2171 656 simus.
2187 601 2217 631 8⁶

1195 678 1489 730 Obtemperemus
1507 693 1590 729 ergo
1609 679 1663 716 illi
1674 709 1685 727 ‚
1707 688 1746 717 ut
1765 679 1839 717 sani
1858 693 1896 717 ea
1907 709 1918 730 ‚
1935 694 2014 730 quae
2039 679 2175 731 agenda

1194 746 1296 785 sunt,
1317 751 1504 789 operemur
1522 738 1559 775 in
1582 739 1722 777 Christo
1744 741 1829 779 Jesu
1850 740 2006 779 Domino
2034 750 2174 791 nostro,

1191 797 1338 847 quicum
1354 797 1452 834 Patri
1471 806 1504 834 et
1519 798 1656 849 Spritui
1673 808 1791 836 sancto
1812 800 1923 850 gloria
1934 830 1945 848 ‚
1967 801 2173 853 imperium⁷

1190 859 1316 907 honor,
1346 873 1440 897 nune
1458 868 1492 897 et
1511 873 1670 912 semper,
1686 870 1720 900 et
1745 861 1782 899 in
1803 863 1931 900 saecula
1948 865 2171 903 saeculorum.

1192 921 1315 956 Amen.

483 1160 661 1198 OMIAIA
690 1159 743 1204 ιζ’.
1507 1158 1717 1197 HOMILIA
1746 1159 1869 1200 XVII.

108 1285 240 1321 Τοῦτον
258 1281 317 1320 τὸν
332 1284 504 1328 Μωῦσῆν,
521 1281 557 1320 ὃν
584 1280 781 1332 ἠρνήσαντο
794 1310 804 1326 ,
825 1280 998 1329 εἰπόντες,
1018 1279 1070 1324 τίς
1087 1296 1125 1319 σε
1198 1281 1289 1320 CAP.
1319 1280 1404 1321 VII.
1433 1295 1471 1320 v.
1497 1282 1560 1319 55.
1590 1283 1708 1320 Hunc
1728 1283 1797 1320 Mo
1794 1297 1922 1331 ysem,
1941 1297 2053 1334 quem
2068 1298 2181 1336 nega·

160 1343 370 1390 κατέστησεν
393 1342 547 1394 ἄρχοντα
573 1342 632 1380 καὶ
660 1341 825 1389 δικαστὴν
847 1341 900 1393 ἐφ’
918 1345 1031 1392 ἡμᾶς;
1048 1345 1124 1381 τοῦ-
1254 1351 1404 1390 verunt,
1431 1344 1600 1381 dicentes
1622 1359 1633 1379 .·
1656 1344 1748 1394 Quis
1764 1353 1799 1381 te
1817 1347 2015 1382 constituit
2030 1348 2178 1397 princi-

159 1420 217 1443 τον
246 1407 264 1442 ὁ
284 1403 373 1447 Θεὸς
393 1403 545 1456 ἀρχηγὸν
575 1402 635 1441 καὶ
662 1402 838 1454 λυτρωτὴν
859 1402 1043 1441 ἀπέστειλε
1061 1402 1123 1441 σὸν
1249 1418 1335 1456 pem
1350 1413 1386 1442 et
1392 1405 1564 1457 judicem
1580 1418 1694 1456 super
1709 1419 1778 1443 nos
1792 1410 1808 1443 Ρ
1823 1407 1926 1445 Ιιιιηε
1951 1408 2057 1444 Deus
2073 1409 2180 1458 prin-

160 1465 251 1517 χειρὶ
274 1463 421 1516 ἀγγέλου
442 1469 502 1503 τοῦ
520 1463 679 1516 ὀφθέντος
700 1465 794 1516 αὐτῷ
811 1465 844 1502 ἐν
865 1466 908 1515 τῇ
931 1464 1039 1516 βάτῳ.
1249 1467 1370 1517 cipem
1384 1474 1420 1503 et
1432 1466 1682 1503 redemtorem
1697 1469 1800 1504 misit
1817 1480 1903 1504 cum
1917 1481 2035 1505 manu
2059 1481 2180 1519 ange—

1252 1525 1294 1572 li,
1309 1528 1376 1578 qui
1390 1528 1570 1578 apparuit
1589 1526 1649 1563 illi
1663 1528 1705 1564 in
1717 1528 1823 1565 rubo.

160 1648 301 1702 Σφόδρα
326 1653 425 1687 τοῦτο
443 1647 661 1695 κατάλληλον
689 1647 774 1700 πρὸς
800 1647 861 1695 τὴν
892 1648 1126 1701 προκειμένην
1150 1656 1175 1686 E
1252 1648 1287 1685 ’1.
1316 1647 1474 1685 Multum
1501 1660 1698 1698 congruens
1721 1646 1790 1685 hoc
1807 1655 1859 1685 est
1874 1655 2079 1698 argumento
2098 1661 2182 1699 pro-

107 1710 280 1749 ὑπόθεσιν.
300 1711 433 1747 Τοῦτον
452 1708 510 1746 τὸν
535 1711 704 1757 Μωϋσῆν,
724 1709 823 1760 φησί.
844 1710 988 1757 Τοῦτον,
1011 1716 1107 1748 ποῖον
1116 1727 1126 1758 3
1196 1708 1324 1760 posito.
1355 1710 1473 1746 Hunc
1498 1710 1691 1757 Moysem,
1720 1707 1847 1758 inquit.
1880 1708 2032 1754 Qualem
2057 1707 2181 1746 hunc?

106 1771 177 1810 Τὸν
199 1769 468 1808 κινδυνεύσαντα
487 1769 702 1815 ἀπολέσθαι,
721 1770 778 1808 τὸν
798 1772 857 1807 ὑπ’
876 1771 989 1807 αἰτῶν
1011 1770 1028 1790 b
1042 1770 1130 1815 ἐξου-
1198 1770 1291 1807 Eum
1317 1769 1379 1820 qui
1407 1770 1443 1807 in
1470 1770 1671 1822 periculum
1691 1769 1794 1808 exitii
1820 1770 1941 1819 venit,
1969 1783 2050 1807 eum
2074 1783 2181 1820 quem

108 1831 313 1878 θενηθέντα,
335 1831 370 1869 ὃν
391 1830 589 1884 ἠρνήσαντο
610 1830 783 1875 εἰπόντες,
803 1829 867 1874 Τίς
897 1846 934 1868 σε
953 1830 1125 1877 κατέστη·
1196 1830 1266 1882 ipsi
1298 1841 1552 1869 contemserant
1565 1861 1574 1879 ‚
1611 1845 1714 1881 quem
1751 1840 1967 1882 negaverant
2003 1830 2178 1879 dicentes,

108 1909 164 1933 σεν
184 1893 356 1945 ἄρχοντα,
380 1892 537 1944 καθάπερ
570 1891 629 1929 καὶ
649 1895 697 1943 τῷ
718 1893 859 1943 Χριστῷ
891 1891 1019 1942 ἔλεγον,
1051 1894 1127 1930 Οὔκ
1203 1894 1295 1942 Quis
1314 1901 1349 1930 te
1364 1894 1562 1935 constituit
1571 1895 1812 1944 principem?
1827 1892 2128 1942 quemadmodum
2147 1901 2180 1930 ct
2193 1906 2294 1932 ancl.
2329 1915 2359 1933 2.

107 1954 234 2006 ἔχομεν
257 1953 425 2003 βασιλέα,
447 1955 476 1990 εἰ
505 1953 553 2002 μὴ
575 1951 750 2003 Καίσαρα.
771 1954 902 1990 Τοῦτον
923 1955 940 1990 ὁ
958 1953 1046 1996 Θεὸς
1065 1955 1127 2004 ἀρ-
1198 1953 1339 1991 Christo
1372 1952 1556 2000 dicebant,
1589 1954 1680 1990 Non
1714 1954 1898 1991 habemus
1929 1967 2068 2005 regem,
2104 1955 2180 1991 nisi
2192 1947 2268 2015 ῥέζω
2300 1995 2346 2026 ,9.

107 2014 214 2066 χηγὸν
232 2014 291 2051 καὶ
307 2013 486 2064 λυτρωτὴν
507 2013 690 2051 ἀπέστειλε
718 2012 777 2051 σὺν
794 2013 885 2066 χειρὶ
906 2014 1050 2065 ἀγγέλου
1067 2018 1126 2052 τοῦ
1198 2015 1401 2053 Coesarem.
1426 2014 1543 2051 Hunc
1567 2014 1673 2051 Deus
1697 2015 1907 2064 principem
1934 2021 1971 2050 et
1992 2014 2178 2050 redemto-
2200 2030 2245 2058 15,

108 2074 262 2118 εἰπόντος
280 2076 373 2126 αὐτῷ
387 2104 396 2122 ,
417 2074 512 2125 Ἐγώ
529 2077 601 2125 εἰμι
621 2078 638 2112 ὃ
656 2075 744 2117 Θεὸς
757 2074 930 2125 Ἀδραάμ.
951 2074 1126 2112 Ἐνταῦθα
1196 2088 1276 2110 rem
1306 2076 1409 2111 misit
1432 2086 1520 2110 cum
1548 2087 1668 2110 manu
1694 2073 1842 2124 angeli,-
1867 2073 1929 2123 qui
1965 2072 2104 2110 dixerat
2130 2073 2176 2124 ei,

108 2134 166 2172 καὶ
185 2134 229 2172 τὰ
248 2134 415 2185 γενόμενα
432 2134 593 2184 θαύματα
606 2164 615 2182 ,
633 2134 690 2172 διὰ
710 2136 860 2186 Χριστοῦ
878 2134 1046 2173 δείκνυσιν
1068 2151 1125 2186 γε-
1139 2167 1186 2190 136
1197 2135 1282 2185 Ego
1298 2147 1381 2171 sum
1393 2134 1500 2171 Deus
1519 2132 1743 2170 Abraham.
1761 2132 1829 2169 Hic
1844 2141 1877 2170 et
1890 2133 2064 2170 miracula
2076 2162 2086 2182 ‚
2103 2148 2180 2184 quze
2193 2148 2296 2176 Erocl.
2311 2146 2380 2178 3s,

107 2198 282 2247 γενῆσθαι.
303 2190 432 2241 Οῧτος,
445 2195 631 2242 τουτέστιν,
648 2197 666 2232 ὃ
684 2197 840 2241 Μωϋσῆς
860 2195 940 2242 (καὶ
952 2195 1014 2247 ὅρα
1027 2223 1036 2241 ,
1051 2199 1125 2239 πῶς
1150 2203 1177 2233 Λ
1195 2194 1287 2230 facta
1325 2202 1427 2238 sunt,
1465 2206 1529 2244 per
1563 2192 1746 2230 Christum
1782 2193 1874 2230 facta
1912 2207 1984 2230 esse
2018 2193 2181 2232 ostendit.

107 2255 274 2294 δείκνυσιν
298 2256 398 2294 αὐτὸν
421 2255 654 2305 ᾖλαμπρόν),
676 2254 840 2306 ἐξήγαγεν
876 2255 999 2299 αὐτοὺς
1020 2256 1126 2303 ποιή-
1197 2254 1264 2291 56.
1286 2255 1377 2300 Hic,
1399 2252 1437 2290 id
1458 2262 1522 2301 est,
1539 2254 1685 2305 Moyses
1701 2255 1748 2300 (et
1763 2252 1858 2300 vide,
1882 2254 2059 2303 quomodo
2079 2254 2183 2292 illum

107 2332 168 2359 σας
187 2316 315 2368 τέρατα
335 2315 394 2354 καὶ
413 2320 544 2366 σημεῖα
573 2317 606 2353 ἐν
625 2318 669 2367 γῇ
691 2315 879 2369 Αἰγύπτῳ,
900 2316 960 2354 καὶ
986 2319 1020 2354 ἐν
1048 2320 1123 2370 ἐρυ-
1195 2314 1423 2367 splendidum
1438 2314 1632 2363 exhibeat),
1656 2315 1787 2353 eduxit
1814 2315 1916 2360 illos,
1932 2316 2085 2366 faciens
2096 2330 2184 2367 pro-

106 2382 170 2429 Ορᾷ
202 2377 358 2428 Θαλάσσῃ
371 2406 380 2422 ,
401 2376 459 2414 καὶ
478 2379 512 2415 ἐν
543 2379 586 2427 τῇ
616 2377 737 2430 ἐρήμῳ
765 2377 824 2424 ἔτη
844 2378 1119 2430 τεσσαράκοντα.
1194 2379 1301 2430 digia
1315 2387 1352 2416 et
1369 2381 1480 2430 signa
1495 2380 1536 2415 in
1556 2387 1660 2416 terra
1680 2379 1855 2430 AEgypti‚
1871 2387 1907 2416 ct
1926 2381 1967 2416 in
1992 2382 2093 2416 mari
2108 2382 2183 2417 Ru-

105 2434 216 2483 Οῧτός
233 2440 306 2476 ἐστι
320 2441 494 2483 Mona-Rq,
510 2441 527 2476 ὃ
543 2437 648 2475 εἰπὼν
673 2443 744 2480 τοῖς
758 2441 841 2481 υἱοῖς
860 2439 1021 2491 Ἰσραὴλ,
1035 2455 1126 2491 προ-
1196 2441 1276 2488 bro,
1299 2449 1337 2478 et
1361 2443 1402 2477 in
1427 2441 1575 2478 deserto
1598 2442 1713 2478 annis
1741 2441 2015 2492 quadraginta.
2030 2442 2092 2481 57.
2107 2444 2184 2479 Ilic

105 2500 218 2552 φήτην
256 2502 335 2549 ὑμῖν
366 2499 555 2545 ἀναστήσει
575 2498 701 2550 Κύριος
719 2501 736 2536 ὁ
757 2501 846 2543 Θεὸς
871 2503 910 2538 ἐκ
929 2504 996 2539 τῶν
1028 2503 1126 2540 ἀδελ·
1196 2509 1252 2539 est
1267 2503 1441 2550 stonses,
1460 2503 1526 2552 qui
1540 2500 1750 2552 dirritfiliis
1774 2502 1901 2538 Israel
1917 2517 1928 2536 :
1944 2503 2182 2553 Prophetam
2200 2513 2288 2540 Dent.
2315 2515 2360 2545 18.

107 2563 179 2612 φῶν
199 2562 308 2610 ὑμῶν,
328 2561 374 2602 ὡς
395 2558 474 2608 ἐμέ·
495 2558 670 2596 τουτέστιν
693 2559 968 2611 ἐξουθενημένον,
988 2563 1126 2601 ἐπιδου-
1194 2564 1307 2600 vobis
1331 2563 1533 2600 suscitabit
1560 2561 1753 2598 Dominus
1782 2562 1889 2599 Deus
1917 2576 1964 2599 ex
1983 2608 1988 2613 ι
1990 2563 2181 2613 fratribus
2202 2555 2246 2585 ¹3·

105 2620 278 2660 λευθέντα.
316 2619 386 2657 Καὶ
425 2619 491 2670 γὰρ
528 2619 703 2666 ἠὸουλήθη
744 2620 802 2658 καὶ
833 2626 952 2660 τοῦτον
994 2624 1124 2661 ἀνελεῖν
1194 2625 1334 2660 vestris
1350 2630 1547 2673 tamquam
1568 2635 1644 2665 me;
1660 2621 1700 2658 id
1717 2630 1779 2669 est,
1798 2631 2028 2671 contemtum,
2042 2623 2182 2662 insidiis

109 2679 294 2733 Ἡρώδης,
321 2679 380 2717 καὶ
411 2681 446 2717 ἐν
473 2679 640 2732 Αἰγύπτῳ
672 2680 838 2728 διεσώθη,
874 2682 1031 2735 καθάπερ
1065 2683 1126 2721 καὶ
1191 2681 1400 2734 appetitum.
1418 2680 1560 2719 Etenim
1576 2681 1736 2719 voluerat
1754 2680 1871 2732 ipsum
1890 2682 2054 2720 occidere
2067 2683 2182 2722 Hero-

104 2741 231 2782 ἐκεῖνος
249 2737 385 2777 παιδίον
411 2737 457 2776 ὢν
486 2738 759 2778 ἐπιὸεὲούλευτο.
785 2735 897 2785 Οῧτός
920 2744 1012 2780 ἐστιν
1032 2745 1050 2780 ὁ
1069 2759 1126 2794 γε-
1191 2742 1254 2781 des
1270 2773 1279 2791 ,
1299 2752 1333 2780 et
1352 2742 1387 2780 in
1409 2742 1565 2794 AEgypto
1585 2751 1744 2780 servatus
1766 2751 1829 2790 est,
1848 2742 1941 2780 sicut
1959 2753 1992 2781 et
2009 2744 2070 2782 ille
2090 2760 2182 2796 puer

104 2800 245 2851 νόμενος
261 2801 296 2838 ἐν
316 2803 359 2851 τῇ
380 2798 550 2850 ἐκκλησίᾳ
572 2802 606 2838 ἐν
625 2803 667 2851 τῇ
684 2801 809 2853 ,ἐρήμῳ
830 2801 918 2853 μετὰ
939 2807 998 2841 τοῦ
1026 2803 1125 2855 ἀγγέ-
1191 2818 1273 2842 cum
1290 2813 1393 2854 essct,
1412 2803 1551 2842 insidiis
1567 2812 1617 2841 est
1636 2803 1830 2855 appetitus.
1852 2804 1915 2842 58.
1934 2806 2010 2842 Hic
2024 2815 2094 2853 est,
2114 2812 2181 2859 qui

104 2862 163 2899 λου
183 2864 242 2898 τοῦ
270 2862 457 2902 λαλοῦντος
484 2862 576 2910 αὐτῷ
610 2861 644 2897 ἐν
664 2863 714 2913 τῷ
746 2862 818 2913 ὄρει
848 2864 953 2915 Σινᾷ,
974 2864 1120 2903 καὶτῶν
1146 2877 1168 2905 Β
1185 2870 1265 2920 fuit
1276 2871 1317 2905 in
1337 2868 1499 2905 ecclesia
1516 2869 1557 2904 in
1573 2868 1795 2913 solitudine,
1823 2881 1910 2904 cum
1929 2870 2085 2919 angele,
2111 2873 2179 2922 qui

102 2921 261 2973 πατέρων
283 2924 396 2971 ἡμῶν,
413 2921 447 2964 ὃς
466 2920 602 2965 ἐδέξατο
615 2921 716 2973 λόγια
737 2925 849 2967 ζῶντα
879 2925 996 2963 δοῦναι
1023 2929 1119 2976 ἡμῖν.
1195 2930 1425 2982 loquebatur
1438 2931 1474 2966 ei
1493 2931 1534 2965 in
1558 2936 1686 2965 monte
1711 2928 1818 2974 Sina,
1842 2936 1979 2965 etcum
2000 2933 2177 2980 patribus

102 2982 217 3020 Πάλιν
236 2983 410 3032 ὃοῦδαμοῦ
429 2981 525 3030 ναὸς,
548 2982 697 3033 οὐδαμοῦ
721 2984 835 3022 θυσία.
855 2985 958 3024 Μετὰ
979 2990 1038 3025 τοῦ
1058 2989 1119 3037 ἀγ-
1192 2993 1347 3035 nostris;
1378 2993 1445 3042 qui
1469 2992 1615 3041 accepit
1650 2991 1770 3026 verba
1803 2992 1896 3026 vitoe
1924 2991 2018 3027 dare
2051 2994 2173 3030 nohis.

100 3043 221 3095 γέλου,
242 3042 358 3095 φησὶν,
379 3042 516 3087 ἐδέξατο
538 3043 653 3080 δοῦναι
672 3043 771 3095 λόγια
791 3047 903 3089 ζῶντα
921 3049 1018 3098 ἡμῖν.
1039 3049 1118 3086 Ἐν·
1190 3052 1326 3089 Rursus
1345 3065 1520 3102 nusquam
1539 3050 1733 3102 templum,
1755 3064 1930 3100 nusquam
1946 3051 2172 3090 sacrificium.

99 3108 208 3143 ταῦθα
243 3104 426 3151 δείκνυσιν,
456 3103 510 3142 ὅτι
551 3103 628 3155 οὐχὶ
658 3111 787 3155 σημεῖα
821 3106 962 3152 ἐποίησε
1001 3108 1116 3157 μόνον,
1190 3114 1288 3150 Cum
1303 3113 1455 3164 angelo,
1475 3111 1606 3161 inquit,
1627 3120 1667 3148 ut
1681 3112 1791 3148 daret
1807 3114 1914 3150 nohis
1929 3116 2051 3151 verba
2065 3117 2170 3152 vitoe.

102 3165 192 3204 ἀλλὰ
215 3165 275 3203 καὶ
294 3164 398 3215 νόμον
423 3164 550 3202 ἔδωκεν
580 3164 699 3216 ὥσπερ
721 3168 739 3203 ὃ
766 3167 927 3220 Χριστός.
947 3168 1116 3221 Καθάπερ
1187 3170 1255 3209 Hic
1275 3170 1442 3219 ostendit,
1460 3169 1579 3221 ipsum
1593 3183 1663 3206 non
1682 3178 1820 3207 tantum
1837 3169 1935 3222 signa
1955 3171 2092 3222 secisse,
2114 3173 2174 3211 scd

146 3288 161 3311 h
178 3287 239 3317 nie
253 3296 335 3317 unus
351 3283 395 3316 ad
405 3294 524 3317 novem
535 3283 690 3317 decemve
705 3297 817 3319 versus
832 3286 969 3320 omnino
987 3289 1105 3332 variar,
1174 3290 1265 3328 mel„
1284 3290 1308 3322 is
1326 3298 1436 3322 tamen
1452 3290 1536 3321 inter
1554 3291 1684 3331 uncos]

101 3338 159 3371 sul
175 3339 243 3370 sine
257 3336 322 3369 ullo
337 3348 448 3369 seusus
464 3336 664 3369 discrimine.
1215 3354 1228 3368 a
1244 3342 1357 3375 Mon—1,
1375 3345 1505 3384 „myst-23
1524 3345 1608 3381 2255,
1624 3340 1718 3375 male,

148 3390 162 3405 *
180 3390 241 3431 [κα
258 3392 319 3428 ἑξῆς
337 3396 409 3430 lost
427 3393 563 3432 λαμπρόν
580 3387 708 3421 addunt
722 3390 774 3429 D.‚
786 3389 952 3432 Erasmus>
965 3393 1103 3425 etCom-
