2466 3805
268 233 358 277 218
718 246 754 275 S.

264 329 489 378 nomaehum7
507 327 552 366 ad
571 328 718 374 leonem3
735 324 847 362 nescio
868 322 955 372 quid
972 321 1109 359 dicam:
1131 319 1236 370 quid-

264 390 351 440 quid
369 389 462 427 enim
480 387 646 435 dixeri1n7
667 385 837 435 dignitate
859 382 1006 419 inferius
1026 381 1136 419 Paulo
1158 380 1235 417 erit.

265 449 374 488 Venit
391 448 437 486 ad
447 447 644 485 ‘venaticum
665 457 798 490 canem,
819 443 933 480 leones
949 440 1176 488 occidentem,
1191 440 1237 477 ad

793 243 977 274 JOANNJS
1011 240 1252 271 CHRYSOST·
1293 239 1501 272 ARCfflEP.
1539 242 1900 274 CONSTANTINOP.

1319 320 1414 365 ἀξίας
1432 325 1490 360 τοῦ
1511 323 1654 362 Παύλου
1674 325 1753 377 ἐρῶ.
1770 318 1900 363 ῗΗλθεν
1922 325 1979 363 ἐπὶ
2010 326 2067 363 τὸν
2087 325 2172 364 κύνα
2190 325 2246 363 τὸν
2267 328 2333 371 θη-

1321 383 1471 433 ρατικὸν,
1488 385 1546 422 τὸν
1563 384 1703 428 λέοντας
1723 389 1929 439 ἀναιροῦντα
1941 417 1950 434 ,
1971 387 2028 425 ἐπὶ
2054 387 2112 425 τὸν
2132 391 2256 439 ταῦρον
2273 387 2332 425 τὸν

1321 445 1473 496 ἰσχυρὸν,
1491 445 1547 483 ἐπὶ
1563 444 1626 491 τὴν
1639 447 1808 496 λαμπάδα
1826 448 1888 494 τὴν
1910 447 2070 499 φαιδρὰν,
2089 448 2146 485 ἐπὶ
2161 448 2200 486 τὸ
2220 448 2334 497 στόμα

264 518 406 546 taurum
432 508 567 554 fortem7
595 504 641 542 ad
664 504 845 540 lucernam
869 500 1092 552 splendidam
1105 530 1116 551 7
1138 498 1183 537 ad
1202 514 1240 538 os

265 568 342 605 orbi
377 566 566 604 sufficiens.
587 566 681 603 Vere
698 563 777 600 ideo
798 562 992 600 Antiochiae
1020 561 1136 599 vocati
1161 569 1243 599 sunt
1313 565 1392 618 χείᾳ
1410 567 1717 618 ἐχρηματίσθησαν
1732 569 1914 605 καλεῖσθαι
1929 568 2217 620 Χριστιανοὶ,ὃ’τι
2233 571 2334 607 Παῦ-

266 626 468 673 Christiani,
489 625 570 675 quia
586 624 718 661 Paulus
732 623 784 661 ibi
799 632 895 661 tanto
915 632 1070 675 tempore
1097 622 1240 660 mansit.
1266 635 1291 664 D
1312 628 1370 669 λος
1402 627 1435 663 ἐν
1456 626 1564 678 ταύτῃ
1584 631 1745 665 τοσοῦτον
1773 627 1925 680 διέτριψε
1951 628 2086 680 χρόνον.
2118 629 2278 680 Ἐγένετο
2298 628 2334 666 δὲ

266 689 329 725 96.
378 688 545 724 Factum
595 694 651 723 est
682 693 811 722 autem
857 692 897 721 ut
934 698 1082 722 annum
1121 692 1243 721 totum

265 755 588 798 congregarentur
612 748 653 783 in
672 745 866 794 Ecclesia,
897 753 933 782 et
953 746 1131 782 docerent
1166 753 1243 782 tur-

266 811 354 845 ham
380 808 544 844 multam
561 823 576 852 ;
613 810 670 844 ita
706 815 748 844 ut
775 808 1140 857 cognominarentur
1165 808 1243 858 pri-

265 883 369 906 mum
380 869 422 906 A
427 870 605 906 ntiochioe
621 867 799 919 discipuli
817 868 1043 904 Christiani.
1060 867 1139 905 Non
1156 881 1244 918 par-

264 943 310 967 va
329 929 483 967 civitatis
500 928 577 966 laus
592 928 678 964 haec.
710 927 786 965 Hoc
812 935 932 964 contra
968 940 1086 964 omnes
1114 926 1245 964 adduci

265 999 392 1041 potest,
407 989 502 1040 quod
520 988 635 1040 prima
651 988 810 1025 omnium
824 1001 882 1024 ore
897 987 960 1024 tali
976 996 1073 1025 tanto
1090 996 1247 1039 tempore

264 1051 456 1088 frueretur:
472 1049 566 1087 unde
582 1058 615 1086 et
627 1049 743 1100 primo
757 1047 861 1086 isthic
875 1047 943 1085 boc
957 1048 1098 1085 nomine
1109 1048 1247 1098 dignati

266 1121 360 1149 sunt.
395 1111 523 1150 Viden'
564 1111 600 1147 in
646 1119 819 1160 quantum
852 1108 1032 1159 fastigium
1068 1109 1246 1146 civitatem

266 1172 432 1210 extulerit
445 1202 457 1218 7
482 1171 733 1220 clarioremque
750 1169 872 1207 fecerit
891 1169 908 1206 Ξ)
940 1169 1014 1206 Hoc
1032 1169 1138 1207 Pauli
1158 1183 1246 1221 opus

266 1241 328 1270 est.
349 1233 423 1270 Ubi
441 1232 508 1269 tria
527 1231 639 1269 millia
658 1260 668 1279 7
695 1230 758 1267 ubi
776 1229 933 1280 quinque
952 1229 1065 1266 millia
1086 1229 1246 1267 credide-

263 1302 373 1343 runt7
393 1293 455 1330 ubi
475 1301 570 1330 tanta
590 1290 807 1338 multitudo,
828 1290 881 1327 ibi
906 1290 999 1328 nihil
1020 1290 1089 1327 tale
1113 1291 1246 1328 factum
1315 1295 1408 1333 οὐδὲν
1444 1299 1594 1333 τοιοῦτον
1629 1295 1779 1348 γέγονεν,
1818 1297 1892 1333 ἀ)λ’
1933 1296 1984 1334 ἔτι
2026 1299 2088 1342 τῆς
2123 1298 2199 1334 53οῦ
2232 1296 2335 1346 μόνον

263 1352 405 1401 est;sed
420 1353 537 1390 adhuc
555 1352 598 1389 de
616 1351 676 1389 via
694 1350 756 1387 illa
777 1359 915 1388 tantum
934 1364 1006 1387 esse
1019 1349 1241 1388 dicebantur:
1270 1364 1294 1393 Ε
1316 1355 1440 1401 ἤκουον
1453 1371 1461 1379 ·
1492 1359 1637 1394 ἐνταῦθα
1673 1356 1707 1395 δὲ
1736 1357 1939 1408 Χριστιανοὶ
1973 1356 2237 1407 ὠνομάσθησαν,
2272 1356 2336 1395 Ἑν

262 1414 321 1451 hic
334 1428 417 1452 vero
429 1411 794 1464 Christianiappellati
808 1420 898 1448 sunt.
913 1412 1033 1448 {1112
1048 1412 1107 1449 his
1119 1421 1247 1449 autem

261 1476 394 1513 diebus
415 1475 692 1513 descenderunt
709 1475 757 1510 ab
778 1471 1033 1520 Jerosolymis
1053 1474 1246 1524 prophetie

262 1535 528 1573 Antiochiam.
538 1534 717 1580 Quoniam
732 1532 835 1570 isthic
848 1533 1003 1570 fructum
1017 1533 1246 1585 eleemosynae

259 1595 414 1646 plantari
433 1595 628 1647 oportebat,
650 1593 783 1630 utiliter
805 1592 1013 1644 providetur
1035 1601 1073 1629 ut
1092 1593 1245 1645 prophe-

262 1665 303 1693 tae
323 1655 385 1693 illo
399 1654 624 1693 descendant.
649 1655 707 1692 Tu
734 1667 818 1691 vcro
837 1653 927 1690 mihi
965 1652 1164 1691 consideres
1185 1668 1245 1691 ve-

260 1716 323 1754 lim
335 1747 345 1765 7
377 1716 555 1754 neminem
577 1730 621 1753 ex
653 1714 866 1752 clarioribus
899 1713 1028 1750 horum
1063 1713 1244 1752 doctorem

258 1777 388 1815 fuisse:
410 1777 564 1829 Cyprios
587 1776 681 1814 enim
695 1775 850 1813 habuere
865 1774 1038 1822 doctores7
1058 1775 1244 1827 Cyrenaeos

257 1847 290 1874 et
310 1838 487 1884 Paulum(
504 1836 641 1874 etiamsi
668 1836 728 1873 hic
760 1835 840 1873 illos
871 1835 1130 1887 superaverit),
1153 1837 1244 1875 sicut

256 1898 388 1935 Paulus
406 1899 566 1935 doctores
584 1897 711 1934 habuit
734 1896 936 1934 Barnabam
973 1905 1007 1933 et
1039 1897 1212 1934 Ananiam
1227 1913 1239 1949 5

256 1958 316 1997 sed
332 1958 424 1996 nihil
441 1957 523 1995 inde
541 1958 656 1995 minor
671 1957 737 1994 fuit
752 1971 760 1993 :
774 1956 928 1993 habebat
950 1964 1066 1994 tamen
1086 1966 1119 1994 et
1139 1958 1243 1996 Chri·
1313 1961 1370 1999 τὸν
1389 1961 1552 2014 Χριστόν.
1567 1961 1731 2004 Ἀναστὰς
1758 1961 1794 1999 δέ
1812 1978 1864 2005 τις
1884 1961 1918 2005 ἐξ
1938 1963 2048 1999 αὐτῶν
2066 1963 2210 2012 ὀνόματι
2231 1961 2336 2015 Ἀγα-

257 2028 360 2056 stum.
380 2019 442 2058 98.
462 2019 625 2070 Surgens
647 2025 774 2055 autem
806 2030 904 2054 unus
929 2031 975 2054 ex
1003 2020 1058 2055 eis
1087 2022 1242 2056 nomine
1256 2050 1302 2074 ,Ὦ
1315 2022 1373 2063 6ος
1387 2052 1396 2069 ,
1417 2021 1570 2072 ἐσήμαινε
1585 2021 1687 2072 λιμὸν
1710 2022 1817 2073 μέγαν
1839 2022 1976 2072 μέλλειν
2000 2022 2138 2060 ἔσεσθαι
2168 2022 2222 2075 ἐφ’
2249 2023 2334 2070 ὅλην

255 2080 431 2131 Agabus7
448 2079 693 2131 significahat
704 2080 850 2129 famem
867 2092 1049 2129 magnam
1055 2079 1242 2131 futuram
1266 2086 1292 2116 Α
1313 2082 1375 2129 τὴν
1391 2083 1607 2133 οἰκουμένην.
1621 2081 1747 2126 εΌστις
1762 2083 1820 2120 καὶ
1837 2082 1969 2133 ἐγένετο
1983 2083 2039 2121 ἐπὶ
2054 2084 2228 2121 Κλαυδίου
2245 2084 2334 2122 Καί-

256 2142 297 2175 in
324 2142 498 2177 universo
520 2141 622 2187 orbe7
656 2139 864 2190 quoefacta
891 2147 945 2175 est
977 2141 1047 2176 sub
1077 2140 1240 2177 Claudio

259 2202 290 2239 C
294 2215 425 2239 cesare.
445 2198 648 2238 'Necessario
666 2199 725 2236 liic
745 2199 874 2235 famem
888 2211 1053 2249 magnam
1084 2199 1241 2237 futuram

257 2262 432 2313 significat
451 2292 460 2311 7
485 2275 562 2312 quae
579 2261 698 2308 etiam,
722 2269 760 2297 ut
780 2259 950 2311 praedicta
963 2260 1092 2310 fuerat7
1122 2262 1237 2299 conti-

256 2324 318 2375 git.
330 2326 382 2362 Ne
395 2332 560 2376 putarent
575 2322 666 2360 enim
684 2321 829 2372 quidam
844 2320 923 2358 ideo
941 2322 1071 2359 samem
1091 2324 1240 2373 venisse7

255 2385 352 2435 quod
374 2384 665 2422 Christianismus
678 2383 856 2433 ingressus
874 2391 973 2430 esset,
997 2382 1094 2433 quod
1107 2383 1239 2422 daemo-

255 2460 316 2484 nes
335 2447 580 2484 abscessissent
597 2461 603 2481 :
626 2444 790 2497 praedicit
811 2443 966 2495 Spiritus
981 2453 1122 2481 sanctus
1143 2446 1239 2494 quod

81 2506 242 2553 (ΠΜ-ΜΝΞ
255 2507 414 2545 futurum
440 2516 513 2554 est,
545 2506 636 2544 sicut
664 2514 697 2543 et
727 2505 891 2542 Christus
918 2504 1032 2542 multa
1071 2505 1240 2557 praedixit

56 2554 178 2576 mmm*
254 2583 329 2619 quae
352 2576 554 2607 evenerunt.
580 2568 659 2605 Non
686 2565 763 2603 ideo
787 2564 920 2616 igitur,
942 2565 1024 2615 quia
1060 2565 1105 2603 ab
1137 2565 1238 2604 initio

252 2629 301 2666 ita
339 2643 413 2666 rem
441 2627 600 2665 accidere
631 2625 839 2677 oportebat,
879 2624 941 2662 sed
967 2633 1112 2676 propter
1142 2626 1238 2663 mala

251 2689 418 2741 apostolis
449 2689 547 2726 illata
568 2703 575 2724 :
596 2701 672 2738 quae
698 2700 808 2737 quum
840 2694 873 2723 et
905 2685 1054 2735 fierent,
1074 2686 1237 2736 aliquan-

252 2751 359 2802 tisper
373 2752 467 2788 Deus
480 2749 653 2801 patienter
667 2747 818 2795 ferebat3
836 2760 918 2784 cum
939 2755 1058 2784 autem
1077 2746 1131 2783 illi
1159 2761 1236 2799 per-
1259 2759 1282 2789 Β
1307 2748 1487 2790 Ἰουδαίοις
1507 2747 1551 2784 τὰ
1570 2747 1718 2797 ἐσόμενα
1749 2748 1854 2785 κακά.
1872 2747 1963 2785 Ἀλλ’
1983 2750 2013 2785 εἰ
2040 2749 2100 2785 καὶ
2128 2750 2171 2786 δι’
2205 2749 2328 2792 αὐτοὺς

252 2821 371 2863 gerent
387 2841 397 2859 7
419 2812 526 2848 fames
556 2808 699 2859 accidit7
723 2821 801 2858 quae
822 2806 958 2846 Judaeis
988 2807 1110 2844 futura
1143 2808 1236 2845 mala

250 2872 522 2924 praenuntiabat.
547 2870 618 2909 Sed
657 2869 720 2906 etsi
732 2876 875 2920 propter
892 2867 1035 2906 Judaeos
1060 2868 1168 2905 fames
1183 2882 1235 2905 es-

252 2943 301 2970 set
320 2963 331 2983 7
361 2941 504 2985 propter
532 2931 620 2968 alios
639 2929 823 2981 oportebat
848 2928 947 2966 illam
966 2942 1110 2966 cessare.
1138 2928 1237 2975 Quid

251 2995 343 3032 enim
361 2994 499 3046 injuriae
520 2992 713 3030 intulerant
737 2989 854 3028 Graeei
873 3019 882 3037 7
917 2998 957 3027 ut
982 2990 1159 3027 malorum
1179 3004 1235 3028 es—

251 3065 325 3093 sent
354 3054 575 3107 participes?
605 3053 644 3091 Si
668 3060 786 3090 autem
804 3064 873 3088 non
906 3059 1051 3102 propter
1074 3051 1229 3100 Judaeos,

1316 503 1355 541 τὸ
1370 507 1413 555 τῇ
1430 504 1612 557 οἰκουμένῃ
1629 508 1766 558 ἀρκοῦν.
1783 505 1919 550 Ὄντως
1940 507 1996 544 διὰ
2023 512 2122 546 τοῦτο
2151 510 2185 546 ἐν
2202 508 2333 546 Ἀντιο-

1315 686 1435 730 αὐτοὺς
1451 687 1602 725 ἐνιαυτὸν
1619 686 1758 738 1’[ὅλον]
1778 691 1991 740 συναχθῆναι
2009 690 2043 725 ἐν
2057 691 2099 739 τῇ
2115 688 2311 740 Ἐκκλησία
2323 716 2333 734 ,

1313 749 1373 786 καὶ
1390 748 1523 792 διδάξαι
1546 749 1650 800 ὄχλον
1670 749 1801 797 ἱκανὸν,
1831 749 2051 802 χρηματίσαι
2075 765 2113 786 τε
2141 753 2278 800 πρῶτον
2299 752 2334 787 ἐν

1314 809 1505 863 Ἀντιοχείᾳ
1529 810 1606 853 τοὺς
1627 810 1785 861 μαθητὰς
1806 810 2045 862 Χριστιανούς.
2065 813 2117 849 Οὐ
2133 810 2254 864 μικρὸν
2273 814 2335 858 τῆς

1315 870 1446 913 πόλεως
1477 871 1516 908 τὸ
1551 870 1737 922 ἐγκώμιον,
1765 873 1879 909 Τοῦτο
1909 871 1994 922 πρὸς
2027 871 2183 915 ἅπαντας
2211 875 2335 918 στῆναι

1317 930 1476 978 δύναται,
1495 930 1547 969 ὅτι
1560 934 1619 969 τοῦ
1641 930 1812 981 στόματος
1829 931 1958 969 ἐκείνου
1977 935 2138 969 τοσοῦτον
2159 931 2335 970 ἀπέλαυσε

1315 990 1438 1043 χρόνον
1458 991 1581 1044 πρώτη
1601 994 1670 1029 τῶν
1701 993 1815 1030 ἄλλων
1843 997 1856 1012 ⁰
1869 993 2014 1030 ἁπασῶν
2027 1008 2034 1015 ·
2054 991 2130 1030 ὅθεν
2153 992 2212 1029 καὶ
2236 992 2335 1044 πρώ-

1316 1067 1383 1094 τως
1402 1054 1549 1090 ἐνταῦθα
1566 1055 1625 1090 τοῦ
1647 1052 1815 1103 ὀνόματος
1831 1052 2040 1099 ἠξιώθησαν.
2058 1052 2167 1104 ξΟρξίς
2191 1056 2240 1098 εἷς
2258 1053 2336 1092 ὅσον

1317 1112 1399 1164 ὕψος
1424 1114 1531 1165 ἐπ’ἧρε
1550 1112 1613 1159 τὴν
1641 1113 1741 1150 πόλιν
1762 1113 1821 1151 καὶ
1855 1113 2150 1165 περιφανεστέραν
2178 1113 2340 1162 ἐποίησε-,5

1315 1175 1427 1211 Τοῦτο
1457 1173 1599 1212 Παύλου
1627 1174 1850 1226 κατόρθωμα.
1882 1174 1993 1212 Ἔνθα
2019 1175 2227 1227 τρισχίλιοι,
2255 1175 2336 1214 ἔνθα

1313 1234 1590 1286 πεντακισΑίλιοι
1622 1234 1841 1282 ἐπίστευσαν,
1875 1234 1954 1273 ἔνθα
1992 1239 2152 1273 τοσοῦτον
2180 1238 2311 1281 πλῆθος
2324 1265 2335 1282 ,

1317 1416 1458 1460 ταύταις
1475 1416 1509 1454 δὲ
1528 1416 1675 1469 ἡμέραις
1701 1418 1870 1463 κατῆλθον
1888 1416 1957 1454 ἀπὸ
1975 1416 2226 1470 Ἱεροσολύμων
2252 1433 2336 1470 προ·

1316 1479 1423 1527 φῆται
1446 1477 1492 1518 εἷς
1514 1475 1736 1527 Ἀντιόχειαν.
1751 1475 1853 1513 Ἐπεὶ
1873 1475 1932 1513 καὶ
1952 1476 2008 1513 τὸν
2022 1479 2084 1522 τῆς
2100 1476 2336 1527 ἐλεημοσύνης

1951 1536 1969 1557 ‘²
1979 1537 2222 1588 συμφερόντως
2237 1540 2334 1575 οἷκο-

1315 1539 1460 1575 ἓνταῦθα
1477 1537 1609 1589 καρπὸν
1625 1539 1830 1587 φυτευθῆναι
1852 1536 1941 1583 ἔδει,

1315 1596 1556 1646 νομεῖταιτοὺς
1572 1596 1751 1648 προφήτας
1767 1598 1956 1634 κατελθεῖν.
1975 1596 2025 1634 Σὺ
2049 1597 2085 1634 δέ
2101 1612 2160 1646 μοι
2178 1598 2337 1650 παρατή-

1318 1673 1367 1708 ρει
1385 1659 1459 1700 πῶς
1488 1657 1594 1699 οὐδεὶς
1626 1660 1695 1694 τῶν
1725 1660 1923 1709 περιφανῶν
1956 1657 2015 1694 καὶ
2041 1657 2173 1701 τούτοις
2202 1658 2336 1708 γίνεται

1315 1718 1537 1760 διδάσκαλος·
1570 1717 1747 1769 Κυπρίους
1785 1717 1851 1769 γὰρ
1881 1717 1982 1769 ἔσχον
2016 1719 2244 1761 διδασκάλους
2275 1720 2335 1757 καὶ

1315 1777 1548 1830 Κυρηναίους,
1567 1778 1626 1816 καὶ
1647 1780 1788 1816 Παῦλον
1812 1779 1864 1830 (εἰ
1892 1779 1950 1816 καὶ
1983 1773 2081 1822 οὗτος
2110 1780 2336 1830 ὑπερέὸαινεν

1315 1839 1435 1883 αὐτούς
1450 1839 1478 1889 >,
1519 1838 1636 1890 ὥσπερ
1673 1842 1812 1883 Παῦλος
1845 1839 2029 1893 Βαρνάὸαν
2066 1840 2126 1878 καὶ
2156 1840 2335 1879 Ἀνανίαν·

1315 1901 1390 1938 ἀλλ’
1412 1899 1508 1938 οὖδὲν
1524 1901 1620 1953 παρὰ
1636 1906 1735 1940 τοῦτο
1759 1901 1980 1947 ἠλάττωται·
1998 1901 2079 1953 ἔσχε
2102 1902 2137 1940 δὲ
2164 1902 2259 1953 ὅμως
2274 1905 2334 1942 καὶ

1312 2142 1490 2194 σαρος.Ἀν
1497 2143 1648 2194 αγκαίως
1661 2146 1805 2182 ἐνταῦθα
1818 2144 1921 2194 λιμὸν
1932 2143 2040 2195 μέγαν
2050 2144 2070 2163 *
2082 2144 2251 2195 μέλλοντα
2262 2145 2335 2184 ἔσε-

1312 2207 1391 2241 σθαι
1406 2203 1581 2253 σημαίνει,
1592 2204 1626 2247 ὃς
1643 2204 1683 2249 δὴ
1697 2204 1755 2241 καὶ
1769 2204 1916 2256 ἐγένετο,
1928 2205 2019 2243 καθὰ
2030 2205 2110 2257 περὶ
2125 2208 2228 2244 αὐτοῦ
2240 2223 2331 2259 προ-

1312 2264 1449 2315 ερρήθη.
1460 2264 1538 2301 Ἵνα
1554 2264 1620 2316 γὰρ
1633 2264 1680 2314 μὴ
1692 2264 1860 2314 νομίσωσί
1874 2280 1962 2307 τινες
1974 2266 2029 2302 διὰ
2043 2270 2143 2304 τοῦτο
2156 2267 2215 2305 τὸν
2229 2267 2331 2318 λιμὸν

1309 2324 1502 2376 γεγονέναι,
1522 2324 1574 2361 ὅτι
1602 2325 1865 2376 χριστιανισμὸς
1894 2327 2062 2372 εἰσ-ἢλθεν,
2089 2326 2141 2363 ὅτι
2170 2327 2330 2377 δαίμονες

1311 2385 1523 2432 ἀπέστησαν,
1542 2385 1703 2436 προλέγει
1731 2384 1770 2422 τὸ
1797 2386 1943 2434 Πνεῦμα
1972 2385 2012 2422 τὸ
2031 2386 2128 2437 ἅγιον
2160 2387 2178 2425 ὃ
2209 2387 2330 2436 μέλλει

1310 2446 1511 2496 συμῧαίνειν
1525 2461 1531 2468 ·
1552 2444 1669 2495 ὥσπερ
1688 2445 1746 2482 καὶ
1764 2448 1780 2482 ὃ
1797 2446 1948 2498 Χριστὸς
1960 2452 2104 2496 προεῖπε
2119 2446 2231 2485 πολλὰ
2242 2478 2251 2495 ,
2269 2449 2329 2487 καὶ

1309 2506 1423 2552 ἐξέέη.
1442 2508 1494 2544 Οὐ
1513 2505 1626 2543 τοίνυν
1644 2506 1700 2542 διὰ
1719 2510 1839 2552 τοῦτο,
1856 2505 1931 2543 ἐπεὶ
1953 2505 2021 2543 ἔδει
2040 2506 2074 2550 ἐξ
2094 2509 2206 2558 ἀρχῆς
2228 2513 2329 2547 τοῦτο

1307 2567 1484 2619 γενέσθαι,
1501 2565 1590 2603 ἀλλὰ
1617 2565 1672 2603 διὰ
1696 2565 1739 2602 τὰ
1759 2565 1851 2603 κακὰ
1879 2566 1923 2604 τὰ
1942 2568 1989 2609 εἷς
2017 2566 2094 2609 τοὺς
2115 2568 2328 2613 ἀποστόλους

1306 2628 1474 2679 γενόμενα
1489 2643 1495 2650 ·
1529 2622 1576 2664 &a
1608 2627 1668 2664 καὶ
1692 2627 1895 2677 γενομένων,
1923 2627 2009 2670 τέως
2041 2629 2277 2681 ἐμακροθύμει
2309 2634 2328 2668 ὁ

1318 2705 1329 2714 ·
1343 2688 1413 2731 εός·
1436 2690 1482 2730 ὡς
1512 2687 1547 2725 δὲ
1576 2687 1763 2734 ἐνέκειντο,
1783 2688 1883 2737 λιμὸς
1915 2687 2071 2739 γίνεται,
2095 2687 2234 2738 μηνύων
2256 2695 2328 2733 τοῖς

1305 2804 1361 2855 ἦν,
1381 2808 1438 2846 διὰ
1455 2808 1533 2851 τοὺς
1555 2807 1677 2851 ἄλλους
1698 2808 1765 2845 ἔδει
1782 2808 1841 2845 καὶ
1861 2808 1943 2846 ὄντα
1961 2807 2174 2846 παύσασθαι.
2193 2808 2241 2847 Τι’
2258 2808 2327 2861 γὰρ

1305 2868 1474 2915 ἠδίκησαν
1491 2868 1678 2915 ἽΞλληνες,
1702 2867 1758 2905 ἵνα
1774 2867 1833 2905 καὶ
1851 2867 1957 2917 μηδὲν
1981 2868 2208 2914 ἀδικήσαντες
2227 2870 2325 2908 αὐτοὶ

1304 2932 1372 2967 τῶν
1386 2931 1501 2967 κακῶν
1521 2929 1814 2980 μετάσχιι)σιν;Εἷ
1832 2929 1865 2965 δὲ
1882 2928 1929 2978 μὴ
1947 2928 2003 2966 διὰ
2018 2928 2095 2973 τοὺς
2110 2929 2296 2976 Ἰουδαίους
2311 2961 2321 2979 ,

1303 2991 1362 3029 καὶ
1382 2991 1606 3040 εὐδοκιμῆσαι
1627 2989 1667 3034 δὴ
1687 2988 1809 3031 αὐτοὺς
1830 2990 1959 3038 μᾶλλον
1981 2992 2101 3040 ἐχρῆν,
2125 2989 2178 3028 ὅτι
2198 2992 2238 3030 τὸ
2258 2994 2317 3030 αὖ·

1302 3055 1370 3090 τῶν
1406 3050 1554 3098 ἐποίουν,
1585 3049 1637 3087 ὅτι
1677 3049 1836 3100 ἀνῄρουν,
1865 3049 2037 3095 ἐκόλαζον,
2068 3053 2298 3103 ἐτιμωροῦντο
2313 3080 2323 3096 ,

1319 3198 1399 3227 rien]
1416 3203 1557 3235 tantum,
1571 3202 1747 3227 narrantur
1761 3195 1793 3226 in
1811 3205 1909 3236 supra
1925 3193 2016 3226 dicto
2033 3194 2167 3236 Codice,
2181 3196 2271 3236 [imo
2287 3196 2321 3227 in

1318 3246 1428 3279 Codd.
1444 3250 1482 3280 A.
1500 3248 1537 3278 B.
1555 3246 1622 3288 C.].

294 3199 331 3239 b[
349 3202 414 3232 ελον
430 3196 592 3229 'inclusum
608 3198 641 3228 in
661 3194 836 3234 Commel.‚
853 3194 946 3226 abest
962 3194 1004 3226 ab
1020 3193 1253 3228 Codd.nostris

252 3248 416 3282 omnibus.
434 3250 543 3289 Quare
560 3260 620 3281 nos
637 3259 767 3291 quoque
783 3246 1005 3289 seclusimus]

291 3314 301 3324 r
321 3301 407 3332 Alius
421 3306 551 3335 ἀπασῶν.
571 3303 612 3334 διὸ
635 3305 682 3333 καὶ
698 3307 833 3345 πρώτως.

289 3353 305 3377 d
325 3354 400 3384 Haec
426 3351 550 3384 diverse
578 3363 722 3393 prorsus,
741 3359 900 3394 quantum
925 3351 965 3383 ad
984 3349 1133 3384 ordinem
1151 3359 1182 3383 et
1199 3363 1248 3383 se-

1361 3302 1380 3321 *
1397 3299 1407 3340 [
1423 3302 1586 3340 μέλλοντα,
1597 3309 1662 3340 quo
1678 3304 1792 3329 carent
1809 3295 1911 3336 Ediu,
1926 3295 2105 3339 adjecimus
2119 3308 2135 3328 e
2149 3297 2189 3329 D.
2201 3300 2322 3339 μέλλει-,ε

1318 3356 1430 3384 ἔσεσθαι
1447 3350 1501 3391 C·]
