2502 3810
687 247 730 276 IN
769 246 882 275 ACTA
920 246 1237 276 APOSTOLORUM
1275 248 1427 278 HOMIL.
1468 250 1606 280 XLVII·

107 328 306 382 καστηρίῳ,
327 327 406 365 ἔνθα
435 327 582 378 βιωτικὰ
602 326 794 380 πράγματα
807 354 816 372 ,
836 329 896 365 οὐκ
915 326 955 363 ἄν
987 342 1038 369 τις
1070 326 1124 364 δέ·

107 389 200 434 ξαιτο
217 389 375 442 μάρτυρα
393 389 524 440 μυρίων
539 389 691 440 γέμοντα
707 391 822 426 κακῶν
834 404 841 411 ·
860 390 978 440 πολλῷ
993 390 1122 439 μᾶλλον

105 451 271 497 ἐνταῦθα,
294 450 371 487 ἔνθα
401 451 482 502 περὶ
514 449 676 488 τοιούτων
704 449 921 501 πραγμάτων
952 453 974 496 ἡ
1004 448 1125 500 σκέψις

107 510 211 548 ἐστίν.
227 510 351 561 ἹΙμεῖς
376 511 537 561 λέγομεν,
563 511 614 547 ὅτι
644 509 841 559 ἠκούσαμεν
868 524 926 546 του
948 510 1121 583 Χριστου,

106 570 165 607 καὶ
200 572 407 609 πιστεύομεν
439 575 487 614 οἱς
516 570 764 621 ἐπηγγείλατο·
792 569 949 620 λέγουσιν
982 571 1123 614 εκεῖνοι,

109 630 239 674 δείξατε
271 636 371 668 τουτο
403 631 458 668 διὰ
487 647 554 668 των
575 630 700 682 ἔργων
721 633 738 667 ὁ
757 629 824 682 γὰρ
853 631 925 680 βίος
952 632 1047 679 ὑμῶν
1080 628 1124 666 τὰ

108 691 244 728 ἐναντία
268 697 457 743 μαρτυρεῖ,
474 692 525 729 ὅτι
557 693 594 730 οὐ
621 690 812 728 πιστεύετε.
833 689 922 731 Τοὺς
950 704 1125 740 χρηματι-

109 752 285 801 ζομένους,
328 751 406 796 τοὺς
438 751 674 804 ἁρπάζοντας,
717 750 793 792 τοὺς
836 751 1124 790 πλεονεκτοῦντας

111 812 271 862 βούλεσθε
318 813 466 862 ἴδωμεν;
503 812 581 854 τοὺς
617 814 841 855 πενθοῦντας,
877 808 954 851 τοὺς
993 824 1124 845 κοπτο-

112 872 251 920 μένους,
281 871 358 915 τοὺς
388 873 670 921 οἰκοδομοῦντας,
699 869 775 912 τοὺς
814 868 928 906 πάντα
959 883 1125 918 πραγμα-

109 932 330 980 τευομένους,
355 934 400 974 ὡς
422 934 481 968 οὐκ
507 928 824 978 ἀποθανουμένους,
848 928 892 963 Εἰ
917 926 1029 963 τοίνυν
1070 927 1123 963 ὅτι

110 993 332 1030 ἀποθανεῖσθε
360 994 396 1030 οὐ
417 990 593 1028 πιστεύετε
607 1019 616 1036 ,
632 988 815 1039 πράγματι
837 985 927 1023 οὕτω
946 986 1039 1036 δήλῳ
1062 986 1122 1022 καὶ

108 1055 264 1102 φανερῷ,
298 1054 371 1092 πῶς
399 1054 478 1100 ὑμῖν
510 1048 739 1097 πιστεύσομεν
774 1049 1025 1097 μαρτυροῦσιν,
1044 1044 1124 1083 Εἰσὶ

106 1110 185 1160 γὰρ,
206 1111 271 1148 εἰσὶ
286 1110 407 1148 πολλοὶ
425 1111 492 1145 τῶν
516 1106 720 1158 ἀνθρώπων,
740 1106 771 1142 οἳ
796 1106 886 1143 οὕτω
909 1105 1123 1151 διάκεινται,

105 1173 152 1212 ὡς
178 1171 238 1207 οὐκ
259 1169 544 1219 ἀποθανούμενοι.
562 1166 676 1205 ςΌταν
704 1166 772 1218 γὰρ
807 1169 840 1203 ἐν
873 1165 967 1218 γήρᾳ
999 1168 1124 1216 μακρῷ

105 1230 282 1281 ἅρχων-ται
311 1231 503 1279 οἰκοδομεῖν
530 1229 588 1266 καὶ
626 1234 803 1304 γεωργεῖν,
839 1227 922 1265 πότε
956 1226 1123 1276 λογισυὸν

104 1290 273 1342 ληψονται
289 1291 456 1337 θανατου,
475 1290 527 1327 Οὐ
545 1289 653 1340 μικρὰ
673 1291 694 1334 ἡ
711 1288 851 1330 κόλασις
866 1291 950 1338 ἡμῖν
966 1288 1124 1332 κληθεῖσι

782 1348 809 1362 *xx

2084 237 2174 298 399

1198 336 1346 376 etantur,
1367 342 1468 367 nemo
1493 329 1677 368 admiserit
1702 338 1838 379 testem,
1855 328 2051 367 innumeris
2077 340 2175 367 nota-

1196 395 1272 424 tum
1290 388 1434 439 flagitiis
1454 405 1462 425 x
1482 390 1593 427 multo
1615 390 1731 427 minus
1747 390 1819 437 hic,
1836 390 1896 427 ubi
1915 399 2020 428 tantae
2036 404 2090 428 res
2104 399 2175 428 113-

1195 457 1344 486 ctantur.
1366 450 1437 488 Nos
1455 450 1621 498 dicimus,
1635 450 1731 501 quod
1749 450 1953 488 audivimus
1975 451 2171 497 Christum,

1197 518 1231 547 et
1255 510 1430 547 credimus
1455 510 1511 559 iis,
1531 525 1608 561 quae
1632 511 1707 563 ipse
1736 511 1923 563 promisit:
1940 511 2064 550 dicunt
2090 513 2144 549 illi
2166 528 2173 548 :

1198 571 1281 608 Haec
1300 571 1471 608 ostendite
1483 586 1545 623 per
1564 586 1667 623 opera
1679 586 1690 618 ;
1704 573 1776 610 vita
1793 587 1947 623 namque
1964 582 2079 611 vestra
2092 587 2175 610 con-

1197 628 1303 665 traria
1324 629 1544 675 testificatui,
1567 630 1663 680 quod
1682 645 1805 682 nempe
1822 645 1890 668 non
1904 630 2066 669 credatis.
2083 633 2117 670 V
2122 631 2176 668 ul-

1197 687 1284 724 11500
1308 688 1490 726 videamus
1518 703 1594 736 005,
1625 690 1687 739 qui
1712 690 1878 741 pecunias
1911 691 2320 760 colligunt,1a-‡:;:{{S

2268 642 2375 669 Contra

2349 689 2379 710 01.

1197 763 1311 799 paces,
1324 763 1464 798 313105
1477 764 1533 787 eos
1553 750 1614 799 qui
1635 751 1819 801 plangunt,
1835 752 1897 801 qui
1913 752 2046 802 lugent,
2059 752 2174 789 aedifi-

1198 817 1292 854 cant,
1309 780 1496 858 omniaqiie
1511 809 1731 859 negotiantur
1746 811 1846 859 quasi
1862 825 2054 861 numquam
2071 813 2177 849 mori-

1198 869 1300 904 turi?
1330 869 1368 905 Si
1391 882 1472 919 crgo
1499 882 1569 905 non
1600 869 1743 906 creditis
1771 884 1833 906 vos
1865 885 1938 908 esse
1965 873 2175 921 morituros,

1197 926 1279 963 licet
1303 941 1357 963 res
1384 927 1433 964 ita
1463 937 1554 964 certa
1576 937 1609 964 et
1630 928 1813 965 manifesta
1837 929 1893 978 sit,
1907 931 2085 979 quomodo
2116 946 2180 970 vos

1197 986 1423 1024 testificantes
1441 987 1649 1024 credemus?
1669 989 1758 1025 Sunt
1779 988 1884 1036 enim,
1901 998 1996 1035 sunt,
2019 990 2179 1039 inquam,

1199 1046 1303 1083 multi
1339 1047 1499 1085 homines
1541 1048 1587 1085 ita
1611 1049 1754 1098 affecti,
1780 1063 1821 1086 ac
1841 1050 1869 1086 si
1900 1064 2096 1100 numquam
2122 1066 2180 1088 cs-

1198 1117 1273 1145 sent
1288 1109 1461 1146 morituri.
1486 1111 1578 1148 Nam
1600 1124 1683 1147 cum
1707 1110 1743 1147 in
1771 1111 1871 1161 gravi
1894 1121 2070 1149 senectute
2094 1112 2181 1149 inci-

1198 1168 1297 1220 piant
1324 1169 1514 1219 aedificare,
1543 1180 1577 1208 et
1598 1184 1702 1220 agros
1735 1171 1862 1220 colere,
1885 1171 2113 1222 quandonam
2139 1172 2184 1209 (10

1200 1238 1312 1266 morte
1338 1230 1572 1280 cogitabunt?
1601 1232 1680 1268 Non
1705 1245 1856 1282 parvum
1886 1241 1937 1268 est
1968 1232 2069 1268 nobis
2096 1247 2180 1283 sup-

1139 1325 1165 1348 3:
1166 1291 1380 1349 6plicium
1371 1306 1407 1328 10
1432 1291 1675 1329 testimonium
1704 1292 1855 1340 vocatis,
1885 1307 1953 1329 non
1981 1307 2082 1344 posse
2107 1308 2183 1343 quae

106 1350 167 1400 μὲν
197 1354 243 1395 εἷς
268 1350 471 1403 μαρτυρίαν,
493 1366 541 1400 μη
577 1350 749 1394 δυνηθεῖσι
779 1363 814 1386 ΟΞ
849 1351 1071 1399 μαρτυρῆσαι
1103 1348 1123 1384 ἃ
1154 1363 1175 1390 Λ
1200 1351 1358 1389 1111111105
1395 1352 1589 1390 testificari.
1618 1351 1788 1391 Vidimus
1820 1366 1883 1389 nos
1927 1353 2040 1390 oeulis
2073 1367 2181 1403 ange-

105 1411 250 1462 εἴδομεν.
269 1412 417 1462 Εἴδομεν
434 1411 493 1448 καὶ
512 1413 615 1460 ἡμεῖς
633 1411 821 1461 ὀφθαλμοῖς
842 1408 920 1451 τους
940 1407 1103 1459 ἀγγέλους
1115 1437 1124 1455 ,

104 1472 162 1510 καὶ
185 1473 392 1526 σαφέστερον
412 1475 480 1510 τῶν
503 1470 719 1523 ἑωρακότων.
740 1472 874 1508 Οὐκοῦν
895 1469 1124 1520 μαρτυρήσω-

103 1549 166 1584 μεν
189 1537 238 1585 τῷ
255 1536 415 1586 Χριστῷ·
437 1535 474 1571 οὐ
491 1533 558 1584 γὰρ
590 1532 632 1578 δὴ
653 1533 776 1569 ἐκεῖνοι
806 1531 980 1581 μάρτυρες
1007 1530 1121 1580 μόνον,

104 1594 194 1631 ἀλλὰ
213 1593 272 1632 καὶ
302 1598 416 1644 ἡμεῖς.
436 1593 504 1630 Διὰ
531 1597 630 1630 τοῦτο
651 1593 774 1629 ἐκεῖνοι
803 1590 964 1642 λέγονται
992 1591 1123 1642 μάρτυ-

106 1671 158 1706 ρες
174 1685 182 1701 ,
204 1656 257 1693 ὅτι
286 1655 506 1702 κελευόμενοι
528 1653 759 1704 ἐξομόσασθαι
779 1652 894 1689 πάντα
926 1651 1123 1702 ὑπομένου-

104 1731 170 1762 σιν,
190 1715 245 1753 ῗνα
273 1715 334 1762 τὴν
367 1715 532 1760 ἀλήθειαν
557 1713 698 1751 εἴπωσι·
718 1713 777 1751 καὶ
803 1716 921 1763 ἡμεῖς,
942 1712 1024 1750 ὅταν
1056 1712 1122 1750 ὑπὸ

101 1791 169 1812 των
190 1778 310 1812 παθων
336 1773 557 1825 κελευόμεθα
579 1773 830 1823 ἐξομόσασθαι,
849 1772 897 1823 μὴ
924 1772 1121 1823 ἡττώμεθα.

101 1835 145 1873 Ο
163 1851 288 1887 χρυσος
306 1836 419 1887 λεγει·
440 1851 532 1881 ειπε,
549 1834 587 1872 ο’τ
593 1850 602 1871 ι
625 1837 641 1871 ὁ
670 1834 820 1885 Χριστὸς
851 1849 912 1871 ουκ
932 1833 1004 1871 ἐστι
1031 1835 1120 1884 Χρι-

103 1896 196 1939 στός·
222 1896 269 1946 μὴ
293 1899 350 1933 οὖν
371 1895 473 1933 ἄκουε
491 1911 530 1933 συ
548 1897 594 1937 ὡς
611 1896 723 1940 Θεου,
742 1893 832 1931 ἀλλὰ
858 1893 1121 1945 καταφρόνησον

101 1959 168 1994 τῶν
190 1956 318 1995 ἐκείνου
343 1956 636 2007 προσταγμάτων.
656 1958 701 1992 Αἱ
720 1954 900 2005 ἐπιθυμίαι
919 1956 954 1991 αἱ
973 1953 1122 2005 πονηραὶ

100 2016 140 2054 τὸ
158 2018 240 2055 αὐτὸ
260 2017 438 2067 λέγουσιν·
462 2016 551 2054 ἀλλὰ
581 2015 621 2054 σὺ
653 2015 701 2065 μὴ
733 2018 998 2068 παραπεισθῇς,
1032 2013 1122 2051 ἀλλὰ

101 2080 203 2123 στῆθι
220 2078 401 2128 γενναίως,
418 2077 473 2115 ἵνα
495 2077 542 2127 μὴ
565 2077 624 2114 καὶ
643 2077 722 2129 περὶ
743 2080 844 2127 ἡμῶν
859 2078 994 2127 >al-00³5
1008 2091 1015 2098 ·
1031 2075 1121 2113 Θεὸν

100 2141 325 2189 ὁμολογοῦσιν
343 2139 490 2185 εἰδέναι,
509 2144 580 2181 τοῖς
600 2138 635 2175 δὲ
658 2137 768 2189 ἔργοις
793 2140 986 2188 ἀρνοῦνται.
1009 2138 1121 2173 Τοῦτο

100 2199 167 2251 γὰρ
189 2202 225 2237 οὐ
246 2199 442 2251 μαρτύρων,
461 2199 551 2237 ἀλλὰ
576 2199 614 2236 τὸ
631 2198 794 2236 ἐναντίον.
811 2199 879 2236 Καὶ
898 2198 937 2235 τὸ
959 2197 1021 2247 μὲν
1044 2195 1122 2239 τοὺς

101 2262 225 2304 ἄλλους
246 2262 442 2313 ἀρνεῖσθαι,
463 2260 558 2298 οὐδὲν
583 2258 800 2309 θαυμαστόν·
819 2259 857 2295 τὸ
883 2257 918 2295 δὲ
935 2262 1029 2309 ἡμᾶς
1043 2257 1121 2301 τοὺς

101 2323 148 2365 εἰς
169 2321 354 2372 μαρτύριον
375 2320 565 2366 κληθέντας
581 2319 738 2371 ἐξάρνους
755 2319 932 2370 γενέσθαι,
954 2318 1041 2371 βαρὺ
1061 2319 1119 2356 καὶ

99 2381 277 2434 φορτικόν·
303 2385 403 2419 τοῦτο
433 2380 585 2431 μάλιστα
618 2380 765 2431 βλάπτει
796 2379 840 2418 τὰ
871 2379 1037 2432 ἡμέτερα.
1058 2381 1120 2422 Εἷς

101 2442 285 2496 μαρτύριον
305 2445 418 2485 αὐτοῖς
451 2441 666 2488 ἀποὸήσεται
680 2471 689 2488 ,
710 2440 812 2493 φησίν
826 2456 833 2463 ·
854 2442 929 2478 ἀλλ’
956 2441 1036 2478 ὅταν
1058 2443 1120 2478 οὐκ

100 2503 400 2553 ἀποπηδήσωμεν,
416 2502 496 2540 ὅταν
532 2505 717 2552 ἐνστῷμεν.
744 2504 787 2540 Εἰ
819 2501 946 2545 πάντες
973 2500 1117 2539 §Goum-

101 2569 189 2615 μεθα
220 2570 404 2616 μαρτυρεῖν
428 2567 478 2615 τῷ
507 2565 668 2616 Χριστῷ,
699 2563 833 2615 ταχέως
860 2562 899 2601 ἂν
934 2563 1120 2614 ἐπείσαμεν

99 2629 168 2662 τῷν
186 2625 368 2671 Ἑλλήνων
385 2624 462 2667 τοὺς
477 2624 634 2668 πολλούς.

151 2692 254 2743 Μέγα
291 2691 384 2743 βίος,
405 2690 603 2742 ἀγαπητοί·
630 2690 693 2728 κᾶν
727 2690 858 2743 σφόδρα
892 2691 1065 2745 θηριώδης
1096 2687 1119 2744 ᾗ

100 2770 170 2798 τις,
196 2753 259 2790 κᾶν
293 2756 447 2805 φανερῶς
469 2753 506 2790 οὔ
527 2751 802 2804 ξικαταγινώσκῃ
831 2752 888 2790 διὰ
916 2753 954 2791 τὸ
987 2753 1118 2804 δόγμα,

98 2815 176 2853 ἀλλ’
197 2829 403 2865 αποοεᾸεται
421 2813 554 2866 λαθρα
572 2814 649 2851 ἀλλ’
670 2812 910 2856 ἐπαινέσεται,
924 2813 1012 2850 αλλα
1031 2818 1118 2851 θαυ-

99 2876 259 2924 μάσεται.
285 2875 353 2913 Και
372 2874 491 2919 πόθεν,
515 2890 631 2925 φησιν,
653 2873 692 2911 ἂν
712 2874 845 2924 γένοιτο
866 2874 936 2924 βίος
963 2874 1117 2926 ἄριστος,

97 2936 312 2985 Οὐδαμόθεν,
335 2936 445 2974 ἀλλ’
427 2953 449 2983 η
475 2936 544 2974 ἀπὸ
571 2936 662 2979 θείας
683 2937 864 2989 ἐνεργειας.
879 2937 926 2974 Τι
945 2940 1015 2982 οὖν,
1036 2936 1074 2974 ἅτ
1078 2953 1116 2973 αν

97 2998 156 3035 καὶ
170 2996 271 3035 ἽΞλλ’
255 3013 342 3045 ηνες
364 3000 430 3034 ὠσι
455 3002 622 3042 τοιοῦτοι,
644 2996 727 3035 Εκε
730 3004 794 3035 ῖνοι
823 2997 855 3035 εἴ
872 3013 938 3035 που
970 3014 1028 3035 και
1051 3002 1116 3035 εἶεν

95 3063 258 3105 τοιοῦτοι,
275 3074 305 3096 οι
337 3057 399 3108 υὲν
429 3072 546 3109 (famei,
572 3061 602 3096 οἱ
631 3057 666 3096 δε
685 3058 740 3095 δια
770 3057 974 3101 κενοδοξίαν
993 3058 1116 3096 Βουὶει

98 3123 233 3169 μαθεῖ,ν
256 3119 319 3164 ὅση
338 3122 359 3164 ἡ
390 3134 448 3156 του
490 3119 556 3157 tion
578 3119 805 3170 )α·.]πρότης,
835 3119 917 3165 ὅσην
952 3119 1024 3170 ἔχει
1052 3118 1116 3165 τὴν

96 3181 225 3225 πειθῶ,
241 3179 372 3216 Πολλοὶ
402 3180 470 3215 τῶν
500 3180 682 3230 αἶρε-πικῶν
705 3178 811 3220 οὕτως
839 3179 1007 3230 ἴσχυσαν,
1027 3179 1116 3216 Ίι’καὶ

96 3238 140 3276 τὰ
163 3238 318 3289 δόγματα
337 3237 451 3275 καίτοι
465 3241 579 3282 αὐτοῖς
599 3239 681 3276 ὄντα
710 3239 961 3292 διεφθαρμένα,
981 3240 1012 3276 οἱ
1033 3242 1116 3277 πολ-

141 3349 154 3363 ¹¹
179 3340 236 3380 [B.
255 3339 293 3371 C.
313 3347 532 3380 καταγινώσκῃ.
553 3339 746 3382 chendum
762 3339 895 3372 videtur
913 3349 1044 3384 φανερῶς
1060 3343 1109 3375 οὖν

98 3398 312 3434 καταγινώσκῃ.
342 3390 488 3421 Multam
514 3392 627 3429 valet,
645 3393 771 3434 inquit,
797 3394 872 3423 vila
896 3400 995 3423 recta.
1014 3392 1110 3423 Licet

100 3449 139 3472 511
154 3443 319 3484 quispiam
337 3441 440 3472 valde
457 3441 595 3484 effims,
613 3442 688 3474 licet
707 3451 817 3486 aperte
833 3443 873 3474 ob
890 3444 1010 3486 dogna
1028 3456 1106 3475 con·

1199 1412 1271 1462 los,
1293 1421 1325 1449 et
1352 1412 1481 1449 clarius
1502 1427 1609 1463 quam
1629 1413 1675 1461 ii,
1698 1412 1759 1463 qui
1786 1427 1867 1451 1010
1885 1413 2183 1464 videmnt.E1go

1199 1473 1428 1510 testificemur
1448 1473 1589 1511 Christo
1611 1489 1618 1509 ε
1641 1487 1707 1511 0011
1728 1473 1821 1511 001111
1842 1473 1895 1510 1111
1910 1474 1975 1510 5011
1989 1482 2107 1523 105105,
2123 1474 2183 1511 50(1

1198 1548 1262 1572 005
1278 1534 1398 1572 etiam.
1421 1534 1479 1572 Illi
1507 1534 1678 1572 dicuntur
1695 1544 1869 1587 martyres
1889 1549 1949 1572 seu
1968 1544 2083 1583 testes,
2100 1535 2181 1585 quia

1195 1595 1283 1646 jussi
1305 1595 1481 1646 abjurare,
1504 1596 1621 1632 omnia
1647 1596 1842 1647 patiuntur,
1863 1605 1902 1633 ut
1923 1596 2108 1634 veritatem
2126 1595 2182 1632 di-

1198 1664 1302 1692 cant:
1323 1664 1356 1693 et
1382 1670 1444 1693 nos
1473 1656 1615 1706 quando
1640 1657 1685 1693 ab
1710 1657 1818 1693 animi
1843 1657 2000 1693 motibus
2019 1656 2184 1707 abjurare

1193 1716 1383 1766 jubemur,
1413 1730 1457 1753 ne
1480 1717 1768 1754 succumbamus.
1801 1719 1938 1753 Aurum
1972 1716 2060 1753 dicit
2087 1717 2184 1754 :Dic

1198 1777 1379 1814 Christum
1407 1791 1476 1814 non
1505 1791 1578 1814 esse
1609 1777 1792 1814 Christum
1820 1792 1828 1812 :
1857 1791 1900 1814 ne
1927 1777 2051 1814 audias
2082 1777 2182 1827 quasi

1197 1838 1328 1883 Deum,
1349 1837 1409 1874 sed
1438 1838 1513 1889 ejus
1538 1838 1636 1888 jussa
1667 1847 1858 1875 contemne.
1881 1837 2182 1889 Concupiscentiae

1198 1898 1299 1934 malae
1320 1897 1476 1949 idipsum
1496 1897 1641 1947 dicunt,
1664 1898 1724 1936 sed
1744 1908 1782 1935 tu
1803 1912 1846 1935 ne
1865 1899 2099 1950 obtemperes,
2121 1898 2181 1935 sed

1197 1967 1249 1995 sta
1266 1958 1416 2008 sortiter,
1433 1973 1476 1996 ne
1491 1959 1580 1996 etde
1600 1959 1701 1996 nohis
1722 1959 1862 1996 dicatur
1879 1975 1885 1995 :
1904 1961 2031 1997 Deum
2053 1960 2180 2011 confi-
2200 1974 2262 2002 Tu.
2285 1984 2310 2002 ι,
2334 1975 2380 2004 16,

1198 2028 1326 2057 tantm·
1350 2022 1610 2071 scire,saclis
1637 2029 1767 2057 autem
1795 2029 1950 2071 negant.
1985 2020 2060 2057 Hoc
2088 2021 2181 2058 enim

1196 2093 1265 2116 0011
1296 2088 1348 2117 051
1376 2080 1533 2128 testium,
1565 2079 1625 2116 sed
1655 2079 1952 2117 adversariorum.
1983 2080 2091 2126 Quod
2120 2081 2182 2118 alii

1146 2144 1169 2173 B
1196 2150 1336 2191 negent,
1360 2141 1448 2178 nihil
1468 2141 1619 2190 mirum,
1643 2141 1740 2190 quod
1759 2151 1877 2178 autem
1898 2156 1974 2187 nos,
1998 2142 2059 2192 qui
2078 2142 2111 2178 in
2132 2151 2183 2179 10-

1197 2201 1403 2237 stimonium
1425 2214 1605 2249 vocamur,
1628 2214 1806 2251 negemuS,
1826 2201 1862 2237 id
1883 2215 1990 2251 grave
2010 2211 2042 2239 et
2062 2216 2182 2239 onero-

1195 2276 1274 2299 sum
1295 2271 1345 2300 est
1360 2278 1367 2298 ε
1383 2261 1451 2299 hoc
1470 2262 1626 2298 maxime
1656 2262 1760 2298 rebus
1791 2262 1919 2299 nostris
1943 2263 2091 2300 noxium
2119 2272 2181 2300 cst.

1195 2326 1244 2360 In
1265 2326 1523 2360 testimonium
1544 2322 1616 2359 illis
1641 2325 1801 2371 eveniet,
1819 2322 1936 2373 inquit
1957 2339 1965 2359 ε
1986 2323 2047 2361 sed
2063 2324 2092 2361 si
2113 2338 2181 2360 0011
2198 2334 2383 2363 L11c.21.13.

1195 2383 1418 2430 resiliamus,
1453 2385 1480 2421 si
1509 2384 1754 2422 consistamus.
1787 2384 1825 2422 Si
1860 2398 1980 2421 omnes
2012 2384 2184 2423 vellemus

1196 2445 1337 2482 Christo
1361 2444 1557 2492 testificari,
1580 2445 1649 2482 cito
1672 2445 1794 2482 multis
1822 2445 2014 2496 gentilibus
2040 2460 2183 2497 persua-

1196 2506 1270 2544 suri
1285 2520 1451 2544 essemus.

1247 2691 1283 2727 4.
1302 2690 1425 2742 Magni
1457 2690 1626 2728 momenti
1648 2699 1698 2727 est
1722 2690 1808 2736 vita,
1831 2690 1973 2728 dilecti:
1993 2690 2076 2728 licet
2102 2690 2182 2740 quis

1196 2751 1300 2791 valde
1318 2752 1412 2789 ferus
1433 2751 1490 2797 sit,
1510 2752 1633 2788 saltem
1654 2761 1774 2802 aperte
1798 2765 1865 2788 0011
1886 2751 2071 2789 damnabit
2099 2766 2181 2803 pro-

1145 2823 1168 2852 C
1195 2822 1273 2865 pter
1291 2812 1446 2863 dogma;
1469 2812 1531 2849 scd
1559 2812 1650 2849 clam
1669 2812 1845 2858 admittet,
1865 2813 2029 2850 laudabit
2058 2822 2090 2850 et
2113 2813 2179 2850 ad-

1193 2873 1445 2910 mi1·abitur.Et
1465 2873 1653 2919 undenam,
1670 2873 1820 2923 inquies,
1839 2873 1905 2910 erit
1918 2873 1989 2910 vita
2009 2875 2141 2925 optima
2161 2873 2178 2910 Ρ

1194 2936 1274 2972 Non
1304 2934 1462 2982 aliunde,
1484 2948 1591 2983 quam
1625 2948 1669 2970 cx
1695 2933 1817 2970 divina
1839 2934 2055 2985 operatione.
2081 2934 2179 2979 Quid

1194 3009 1276 3045 ergo
1289 2995 1317 3032 si
1339 2994 1485 3045 gentiles
1498 2994 1700 3031 5101131059
1717 2994 1776 3031 1111
1796 2995 1823 3031 51
1843 2994 1982 3043 quando
1994 2994 2080 3032 tales
2092 2995 2176 3045 sint,

1193 3056 1230 3093 id
1248 3055 1309 3092 alii
1325 3070 1368 3092 ex
1387 3064 1525 3101 natura,
1546 3055 1604 3091 alii
1622 3069 1667 3092 ex
1696 3069 1787 3091 vana
1809 3055 1921 3105 gloria
1944 3055 2086 3092 habent.
2110 3056 2177 3094 Vis

1191 3116 1339 3165 discere,
1355 3115 1416 3166 qui
1437 3115 1483 3152 sit
1500 3114 1645 3152 virtutis
1670 3114 1849 3165 splendor,
1871 3124 2042 3165 quantum
2064 3116 2177 3153 valeat

1191 3178 1235 3216 ad
1258 3176 1569 3230 persuadendum?
1591 3177 1698 3214 Multi
1718 3176 1887 3225 haeretici,
1920 3177 1984 3214 etsi
2012 3177 2179 3229 dogmata

1192 3249 1360 3291 corrupta
1378 3239 1562 3287 haberent,
1591 3238 1637 3275 ita
1660 3238 1853 3289 invaluere,
1876 3247 1915 3275 ut
1935 3238 2038 3275 multi
2061 3239 2178 3277 homi-

1174 3343 1305 3373 ‹Jenmet
1318 3369 1326 3384 ,
1344 3349 1379 3373 al
1396 3342 1482 3372 clam
1498 3343 1579 3383 etc.]

1219 3394 1234 3407 ⁸²
1259 3392 1339 3434 [Sic
1366 3392 1452 3425 Ediii
1471 3391 1650 3435 Cotnmel„x
1669 3391 1784 3435 Saail„
1801 3393 1921 3427 Montf.
1947 3401 1979 3425 et
2006 3394 2046 3426 D.
2069 3393 2183 3425 hiante
