2502 3810
725 296 769 327 IN
805 296 946 327 EPIST.
987 294 1045 324 AD
1081 292 1190 324 ROM.
1229 294 1384 324 110MlL.
1424 292 1552 324 xvln.

101 379 139 420 οὑ
160 381 319 428 ἐκλήθης,
342 382 380 420 τὸ
399 381 490 424 ἔθνος
512 378 663 428 ἓκλήθη;
686 380 882 433 ἐπήγαγεν,
905 383 980 420 Οὔκ
1011 379 1107 418 ἀπώ·

100 459 182 482 σατο
211 443 267 481 τὸν
281 443 364 481 λαὸν
395 446 522 487 αὑτοῦ,
553 442 588 480 ὃν
616 442 788 492 προέγνω.
818 441 961 479 Ὡσανεὶ
981 440 1109 490 ἔλεγεν,

98 504 167 555 ἔχω
183 505 256 554 μετ’
272 505 355 553 ἐμοῦ
377 503 598 556 τρισχόιλίους,
618 501 689 553 ἔχω
707 500 1019 554 πεντακισχιλίους,
1039 499 1109 551 ἔχω

98 562 248 613 μυρίους.
263 563 310 601 Τι’
329 557 405 610 οὖν,
424 566 441 600 ὃ
456 563 538 606 λαὸς
557 564 603 605 εἷς
621 561 832 613 τρισμλίους
844 561 902 598 καὶ
916 575 1109 598 πεντακισ-

96 623 227 674 χιλίους
241 623 300 661 καὶ
317 623 457 676 μυρίους
473 623 636 675 περιέστη
657 623 696 660 τὸ
715 622 855 673 σπέρμα
871 622 982 658 ἐκεῖνο
1004 621 1110 671 τὸ’μι-
1131 627 1154 658 C

97 683 265 733 μούμενον
289 683 332 721 τὰ
349 684 461 736 ἄστρα
486 688 545 721 τοῦ
572 686 716 735 οὐρανοῦ
730 686 779 735 τῷ
805 682 930 728 πλήθει
942 713 954 729 ‚
968 682 1026 719 καὶ
1045 681 1109 727 τὴν

97 744 212 794 ἅμμον
228 744 290 791 τὴν
311 744 518 789 θαλαττίαν;
539 743 597 781 καὶ
626 742 733 786 οὕτως
760 748 853 793 ἡμᾶς
882 745 1019 794 ἀπατᾷς
1051 742 1110 780 καὶ

94 804 308 855 παραλογίζῃ
322 835 330 849 ,
349 805 406 842 τὸν
424 805 505 843 λαὸν
526 803 662 841 ἅπαντα
681 803 805 842 σαυτὸν
820 802 937 848 τιθεὶς,
959 802 1018 839 καὶ
1034 801 1111 844 τοὺς

95 864 227 915 ὀλίγους
254 864 330 906 τοὺς
357 864 445 914 μετὰ
475 867 557 909 σοῦ,
575 863 634 900 καὶ
655 869 770 906 κεναῖς
797 866 892 913 ἡμᾶς
910 861 1111 913 ἃέςρύσησας

96 924 211 962 ἐλπίσι
230 923 291 970 τὴν
313 923 521 974 ἐπαγγελίαν
541 925 792 976 πεπληρῶσθαι
816 922 925 973 λέγων
939 951 948 969 ,
970 921 1109 959 πάντων

96 984 356 1034 ἀπολλυμένων,
373 985 431 1022 καὶ
447 987 493 1026 εἰς
513 983 646 1034 ὀλίγους
667 986 729 1028 τῆς
753 982 924 1033 σωτηρίας
939 982 1110 1033 περιστοί-

95 1060 179 1090 σης;
196 1044 339 1094 Κόμπος
356 1049 465 1082 ταῦτα
483 1044 541 1081 καὶ
560 1048 680 1094 τῦφος,
707 1042 765 1079 καὶ
790 1043 852 1079 οὐκ
872 1041 1109 1093 ἀνασχοίμεθα

93 1106 161 1140 τῶν
180 1104 404 1154 σοφισμάτων
422 1103 565 1140 τούτων.
587 1103 648 1140 Ἵν’
670 1096 726 1140 οῧν
749 1101 796 1152 μὴ
815 1107 924 1140 ταῦτα
943 1102 1107 1151 λέγωσιν,

90 1161 154 1212 ὅρα
173 1164 246 1204 πῶς
263 1162 318 1200 διὰ
337 1166 404 1200 τῶν
425 1163 501 1209 ἑξῆς
516 1162 579 1208 τὴν
600 1162 697 1200 λύσιν
719 1163 864 1214 ἐπείγει,
880 1162 942 1209 την
966 1161 1028 1212 μὲν
1048 1164 1109 1199 ἀν·-

91 1223 218 1262 τίθεσιν
232 1224 269 1261 οὗ
289 1224 368 1270 θεὶς,
383 1224 450 1274 πρὸ
464 1224 499 1261 δὲ
513 1228 574 1270 τῆς
587 1224 790 1268 ἀντιθέσεως
807 1224 869 1269 τὴν
891 1223 987 1261 λύσιν
1004 1225 1110 1269 αὐτῆς

93 1285 162 1322 ἀπὸ
176 1285 326 1327 παλαιᾶς
345 1284 497 1335 ἱστορίας
517 1284 798 1328 κατασκευάζων.
824 1284 888 1328 Τίς
918 1278 974 1322 οἶν
1008 1283 1030 1329 ἦ
1052 1283 1110 1322 λύ-
1129 1287 1154 1316 D

92 1361 163 1391 σις,
178 1347 254 1382 Οὐκ
275 1344 390 1382 οἴδατε
411 1347 444 1382 ἐν
466 1345 583 1396 Ἠλία,
604 1345 700 1397 φησὶ,
719 1345 753 1382 τί
784 1344 876 1395 λέγει
906 1349 928 1391 ἡ
961 1344 1108 1396 Γραφή;

91 1406 137 1448 ὡς
158 1404 356 1456 ἐντυγχάνει
371 1407 420 1455 τῷ
436 1407 518 1457 Θεῷ
534 1405 624 1443 κατὰ
636 1409 694 1443 τοῦ
710 1405 876 1456 Ἰσραήλ,
897 1404 1015 1456 Κύριε,
1033 1405 1110 1448 τοὺς

92 1466 271 1517 προφήτας
292 1481 351 1503 σου
374 1465 596 1513 ἀπέκτειναν,
612 1465 656 1503 τὰ
676 1465 903 1516 θυσιαστήριά
925 1481 984 1503 σου
1005 1465 1110 1503 κατέ-

93 1528 229 1577 σκαψαν
246 1542 253 1549 ·
276 1527 373 1576 κάγὼ
392 1525 598 1577 ὑπελείφθην
628 1526 750 1576 μόνος,
785 1526 844 1563 καὶ
873 1529 1012 1573 ζητοῦσι
1045 1526 1108 1572 τὴν

91 1587 208 1638 ψυχήν
229 1603 304 1637 μου.
321 1586 425 1624 Ἀλλὰ
445 1586 477 1623 τί
495 1586 586 1636 λέγει
608 1588 700 1638 αὐτῷ
715 1589 732 1624 ὃ
750 1587 1018 1639 χρηματισμός,
1040 1589 1107 1625 Κα-

93 1646 230 1685 τέλιπον
258 1649 397 1698 ἐμαυτῷ
424 1647 705 1698 ἑπτακισχιλίους
732 1648 877 1700 ἄνδρας,
904 1647 1025 1691 οἵτινες
1046 1649 1109 1686 οὐκ

93 1708 254 1759 ἔκαμψαν
273 1707 353 1759 γόνυ
373 1711 416 1759 τῇ
437 1707 548 1744 Βάαλ.
578 1707 701 1751 Οὕτως
727 1702 783 1746 οῧν
812 1708 870 1746 καὶ
902 1711 934 1746 ἓν
969 1711 1018 1760 τῷ
1050 1713 1108 1748 νῦν

92 1771 202 1820 καιρῷ
229 1770 361 1818 λεῖμμα
388 1770 464 1806 κατ’
492 1768 636 1820 ἐκλογὴν
661 1769 803 1821 χάριτος
829 1770 978 1821 γέγονεν.
998 1769 1047 1808 ιῸ
1073 1770 1108 1808 δὲ

91 1828 205 1879 λέγει,
227 1828 379 1866 τοιοῦτόν
400 1831 491 1866 ἐστιν
507 1844 514 1852 ·
533 1831 595 1867 οὐκ
612 1828 779 1867 ἀπώσατο
799 1833 815 1867 ὃ
832 1830 921 1873 Θεὸς
935 1831 991 1869 τὸν
1006 1830 1088 1869 λαόν
1099 1847 1107 1854 ·
1130 1846 1154 1876 Ε

975 1891 1044 1907 ’'xlr
1102 1891 1110 1905 t

970 1906 1109 1935 εοεςατο

91 1965 203 1995 τινας,
224 1951 284 1986 οὐκ
305 1948 482 1987 ἀπώσατο.
508 1950 578 1987 Καὶ
601 1949 690 2000 μὴν,
710 1950 834 2002 φησὶν,
858 1953 888 1988 εἷ
923 1951 971 2001 μὴ
1004 1952 1107 1989 ἀπώ-

112 1890 120 1902 2
175 1887 182 1901 ι
245 1891 253 1902 2
299 1887 308 1901 l
465 1889 520 1903 ⁵5!
597 1889 612 1901 -ι
671 1888 739 1904 οικΙῖ·
865 1892 874 1905 3
905 1890 932 1905 (ἢ

91 1903 121 1925 ει
147 1903 213 1939 γαρ
235 1904 422 1936 απωσατο,
443 1904 564 1927 ουοενα
596 1906 635 1926 αν
666 1905 803 1933 εςεςατο
822 1906 829 1914 ·
846 1906 875 1928 ει
902 1904 936 1928 οε

92 2024 198 2057 σατο,
230 2010 362 2053 πάντας
392 2011 432 2047 ἂν
461 2011 610 2054 ἐδέξατο.
643 2012 829 2061 Οὐδαμῶς.
860 2012 928 2050 Καὶ
956 2012 1024 2065 γὰρ
1051 2013 1108 2051 ἐπὶ

92 2067 196 2106 Ἤλία
216 2071 249 2107 ἐν
271 2071 544 2122 ἑπτακισχιλίοις
562 2070 726 2122 περιέστη
755 2072 799 2109 τὰ
827 2076 889 2119 τῆς
921 2073 1108 2125 σωτηρίας,

92 2130 150 2167 καὶ
170 2134 226 2167 νῦν
247 2130 282 2168 δὲ
298 2132 386 2174 εἰκὸς
399 2130 545 2174 πολλοὺς
563 2125 651 2169 εἶναι
669 2131 746 2175 τοὺς
764 2133 1047 2178 πεπιστευκότας.
1064 2136 1108 2173 Εἰ

92 2190 127 2228 δὲ
148 2193 301 2242 ἀγνοεῖτε
320 2195 437 2242 ὑμεῖς,
458 2193 655 2243 θαυμαστὸν
673 2193 766 2230 οὐδὲν
779 2223 789 2239 ,
812 2194 886 2231 ἐπεὶ
905 2195 963 2232 καὶ
983 2198 1000 2232 ὁ
1019 2212 1110 2248 προ-

89 2251 199 2303 φήτης
216 2254 380 2299 ἐκεῖνος,ὃ
397 2257 556 2295 τοσοῦτος
569 2252 628 2290 καὶ
642 2254 843 2299 τηλικοῦτος
859 2254 958 2306 ἀνὴρ,
970 2255 1087 2307 ἠγνόει
1099 2271 1107 2279 ·

91 2314 166 2349 ἀλλ’
193 2315 209 2349 ὁ
235 2313 324 2355 Θεὸς
343 2312 513 2363 ᾠκονόμει
532 2312 576 2351 τὰ
608 2315 749 2362 ἑαυτοῦ,
769 2314 828 2352 καὶ
852 2320 912 2353 τοῦ
930 2315 1108 2368 προφήτου

90 2374 302 2423 ἀγνοοῦντος.
324 2372 456 2410 Σκόπει
472 2372 506 2412 P}
527 2376 628 2412 αὐτοῦ
652 2374 807 2421 σύνεσιν,
824 2377 898 2419 πῶς
918 2377 952 2413 ἐν
971 2379 1020 2428 τῷ
1041 2392 1105 2414 κα-

88 2433 309 2476 τασκευάζειν
328 2433 367 2470 τὸ
388 2434 614 2486 προκείμενον
626 2464 635 2482 ,
655 2435 891 2480 λανθανόντως
909 2436 972 2482 τὴν
999 2452 1107 2483 κατη-

89 2492 205 2543 γορίαν
230 2494 343 2530 αὐτῶν
366 2493 470 2537 αὔξει.
487 2494 555 2532 Διὰ
573 2494 640 2548 γὰρ
661 2499 762 2534 τοῦτο
780 2496 838 2534 καὶ
860 2496 975 2543 πάσης
992 2497 1104 2548 ἐμνή-

90 2557 154 2599 σθη
185 2555 247 2598 τῆς
285 2553 494 2604 μαρτυρίας,
534 2554 591 2592 ἵνα
624 2558 735 2594 αὐτῶν
777 2556 1002 2607 ἐκπομπεύσῃ
1042 2556 1104 2603 τὴν

425 2614 432 2627 X
460 2615 475 2627 Ἀ
499 2614 524 2628 l?

89 2674 156 2727 γὰρ
178 2673 226 2724 μὴ
253 2677 353 2712 τοῦτο
373 2675 512 2723 ἤθελεν,
533 2677 607 2713 ἀλλ’
627 2676 661 2714 ἓν
680 2677 780 2726 μόνον
802 2677 908 2721 δεῖξαι
935 2678 1106 2717 ἐσπούδα-

89 2737 142 2778 ζεν
155 2765 164 2782 ,
186 2734 237 2772 ὅτι
259 2737 292 2773 ἐν
314 2741 384 2778 τοῖς
400 2735 526 2786 ὀλίγοις
544 2739 561 2774 ὃ
578 2736 672 2783 λαὸς,
693 2731 787 2775 ε’ῖπεν
810 2737 870 2784 ἂν,
897 2737 950 2776 ὅτι
972 2739 1030 2776 καὶ
1048 2738 1106 2777 ἐπὶ

89 2795 194 2833 Ἠλία
222 2796 478 2848 ἑπτακισχίλιοι
505 2797 760 2849 ὑπελείφθησαν
777 2814 784 2821 ·
805 2798 878 2836 νυνὶ
909 2798 944 2837 δὲ
977 2799 1105 2837 ἄνωθεν

88 2856 317 2906 ἀναγινώσκει
343 2856 406 2903 τὴν
435 2857 626 2910 μαρτυρίαν
649 2859 800 2896 ἅπασαν.
824 2861 1015 2912 Πανταχοῦ
1039 2859 1106 2912 γὰρ

89 2917 279 2955 ἐσπούδακε
299 2917 406 2960 δεῖξαι
425 2918 518 2957 οὐδὲν
542 2918 632 2962 ξένον
647 2919 859 2965 ποιήσαντας
874 2920 931 2958 ἐπὶ
945 2925 1003 2958 τοῦ
1021 2922 1107 2973 Χρι-

90 2980 169 3014 στοῧ
189 2977 330 3015 καὶτῶν
348 2979 549 3016 ἀποστόλων
563 3009 572 3026 ,
596 2979 686 3017 ἀλλὰ
704 2979 748 3017 τὰ
769 2980 898 3026 συνήθη
919 2981 978 3018 καὶ
999 2997 1105 3031 μεμε-

90 3037 271 3086 λετημένα.
293 3037 367 3075 Ἵνα
385 3038 451 3091 γὰρ
472 3039 519 3089 μὴ
535 3038 704 3091 λέγωσιν,
723 3039 776 3078 ὅτι
795 3042 841 3084 ὡς
857 3041 987 3079 πλάνον
1012 3041 1106 3079 ἀνεί-

89 3097 192 3143 λομεν
211 3096 267 3133 τὸν
285 3097 433 3148 Χριστὸν
446 3128 455 3145 ,
477 3099 536 3136 καὶ
555 3102 601 3143 ὡς
618 3102 821 3143 ἀπατεῶνας
838 3101 1007 3151 διώκομεν
1028 3101 1107 3144 τοὺς

92 3155 319 3204 ἀποστόλους,
339 3158 488 3209 παράγει
516 3160 578 3206 τὴν
608 3161 800 3213 μαρτυρίαν
828 3161 890 3207 τὴν
917 3162 1105 3213 λέγουσαν·

91 3215 211 3266 Κύριε,
232 3215 308 3259 τοὺς
328 3218 506 3269 προφήτας
526 3236 584 3258 σου
606 3221 830 3270 ἀπέκτειναν,
846 3222 905 3259 καὶ
926 3222 971 3260 τὰ
991 3226 1108 3260 θυσια-

90 2613 335 2664 ἀγνωμοσύνην
349 2643 359 2661 ,
378 2630 438 2652 και
457 2629 548 2666 οειςῃ
576 2615 747 2659 τοιούτους
768 2617 897 2655 ἄνωθεν
918 2617 1029 2660 ὄντας.
1062 2593 1164 2657 Εἷθιζθ

2077 275 2163 337 703

1179 388 1216 416 tu
1229 387 1374 419 vocatus
1381 378 1492 426 fuisti,
1501 377 1673 429 populum
1682 375 1772 413 dicis
1780 374 1888 413 fuisse
1894 374 2080 415 vocatum?
2087 373 2169 412 suh·

1179 438 1271 477 didit
1283 455 1290 476 :
1300 441 1389 478 lVon
1398 439 1537 490 repulit
1546 438 1729 490 populum
1740 449 1978 488 suum,quem
1990 444 2082 472 ante
2100 448 2167 473 co-

1177 502 1429 550 gnoverat.Ac
1437 499 1466 536 si
1474 495 2169 545 diceret,Mecumhabeotermille‚quin-

1179 559 1280 608 quies
1292 559 1405 609 mille,
1419 559 1578 596 etdecies
1590 558 1702 595 mille.
1717 556 1814 603 Quid
1825 570 1906 608 ergo
1918 557 1935 594 Ξ)
1945 570 1989 593 an
2001 555 2038 593 in
2052 555 2167 592 tribus

1180 619 1352 664 millibus,
1366 618 1553 669 quinquies
1563 618 1734 666 millibus,
1746 616 1861 655 decies
1872 616 2045 664 millibus,
2056 615 2168 653 consi-

1180 688 1246 717 stet
1264 694 1381 717 semen
1397 679 1502 725 illud,
1516 678 1613 729 quod
1626 678 1747 716 stellas
1765 678 1841 716 caeli
1859 687 1891 716 et
1901 692 2044 715 arenam
2059 676 2168 714 maris

1180 754 1326 778 numero
1338 740 1526 790 aequabat?
1539 748 1572 777 et
1584 739 1634 776 sie
1649 753 1712 776 nos
1723 738 1859 790 decipis
1871 747 1903 776 et
1913 738 2165 786 circumvenis,

1180 815 1261 840 cum
1287 802 1439 853 teipsum
1457 811 1490 839 et
1511 815 1653 853 paucos,
1673 801 1734 850 qui
1752 809 1870 838 tecum
1891 810 1987 850 sunt,
2008 815 2074 852 pro
2094 809 2168 838 toto

1180 862 1312 912 populo
1327 861 1428 913 ponis
1439 876 1450 910 3
1471 870 1504 898 et
1525 875 1618 899 vana
1638 875 1700 898 nos
1718 860 1849 898 inflasti
1864 875 1940 912 spe,
1958 861 2169 913 promissio-

1180 934 1261 957 nem
1274 921 1457 972 impletam
1475 935 1547 958 esse
1563 920 1700 969 dicens,
1715 934 1796 958 cum
1811 934 1931 958 omnes
1947 935 2035 972 pene
2053 921 2166 972 perie-

1180 981 1251 1017 rint
1274 990 1306 1017 et
1328 981 1374 1018 ad
1393 995 1524 1032 paucos
1543 981 1638 1018 salus
1654 980 1879 1032 pervenerit?
1899 982 1982 1018 Haec
1997 981 2165 1032 jactantia

1181 1049 1214 1077 et
1231 1041 1342 1077 fastus
1359 1049 1440 1077 sunt
1458 1056 1465 1076 τ
1488 1054 1599 1091 neque
1617 1040 1694 1077 haec
1709 1040 1926 1092 sophismata
1938 1041 2029 1077 ferre
2045 1055 2167 1091 possu-

1180 1115 1272 1138 mus.
1294 1102 1348 1139 Ne
1374 1101 1492 1151 itaque
1516 1101 1579 1139 illa
1607 1101 1777 1149 dicerent,
1797 1101 1881 1138 vide
1899 1101 2077 1151 quomodo
2106 1116 2169 1152 per

1179 1161 1359 1212 sequentia
1377 1161 1589 1199 solutionem
1608 1162 1750 1212 afferat,
1773 1161 2005 1213 objectionem
2023 1160 2168 1211 quidem

1180 1236 1249 1260 non
1274 1236 1422 1274 ponens,
1448 1222 1528 1272 sed,
1552 1232 1632 1261 ante
1650 1223 1750 1260 illam
1767 1253 1777 1272 ‚
1799 1223 2010 1260 solutionem
2030 1223 2105 1274 ejus
2124 1237 2169 1260 ex

1182 1285 1290 1323 veteri
1308 1284 1458 1322 historia
1480 1284 1677 1322 adstruens.
1689 1286 1861 1332 Quaenam
1877 1294 1928 1322 est
1943 1284 2055 1335 igitur
2073 1285 2168 1322 solu-

1179 1345 1258 1383 tio?
1274 1346 1346 1383 An
1376 1348 1530 1383 nescitis
1550 1349 1590 1383 in
1610 1347 1704 1383 Elia
1721 1346 1815 1397 quid
1829 1346 1923 1382 dicit
1941 1345 2140 1396 Scriptura
2155 1349 2170 1381 ?

1179 1406 1371 1457 quomodo
1401 1406 1618 1457 interpellet
1645 1407 1772 1443 Deum
1797 1407 1982 1443 adversus
2013 1406 2140 1443 Israel
2149 1409 2167 1442 Ρ

1180 1468 1216 1503 5.
1231 1467 1412 1513 Domine,
1429 1467 1637 1517 prophetas
1658 1474 1742 1503 tuos
1761 1466 1996 1512 occiderunt,
2019 1466 2167 1502 altaria

1181 1535 1249 1564 tua
1269 1527 1520 1579 suffoderunt
1538 1542 1548 1562 .-
1568 1535 1604 1564 et
1623 1540 1691 1578 ego
1710 1527 1867 1565 relictus
1885 1541 1968 1565 sum
1988 1527 2111 1579 solus,
2129 1535 2166 1564 et
2179 1537 2206 1566 3.
2222 1536 2298 1574 Reg.
2317 1547 2365 1577 ¹9·

1184 1595 1363 1638 quaerunt
1379 1589 1553 1624 animam
1573 1601 1713 1624 meam.
1735 1589 1774 1625 4.
1797 1587 1873 1625 Sed
1896 1588 1990 1639 quid
2007 1588 2101 1625 dicit
2130 1589 2166 1624 ei
2182 1587 2229 1607 ¹⁰·

1179 1648 1352 1683 divinum
1369 1651 1620 1698 responsum?
1635 1647 1790 1699 Reliqui
1809 1649 1905 1684 milti
1919 1656 2060 1699 septem
2080 1650 2166 1686 mil-

1179 1707 1248 1753 lia,
1262 1709 1329 1758 qui
1343 1721 1419 1743 non
1436 1715 1695 1744 curvaverunt
1712 1721 1811 1758 genu
1829 1709 2042 1745 anteBaal.
2055 1708 2091 1745 5.
2104 1709 2166 1747 Sic

1180 1771 1298 1819 igitur
1324 1777 1359 1805 et
1384 1771 1425 1805 in
1456 1770 1526 1806 hoc
1555 1777 1722 1820 tempore
1750 1770 1926 1821 reliquia„²
1956 1771 2165 1809 seeundum
2208 1786 2215 1790 ·

1180 1829 1404 1866 electionem
1422 1831 1748 1882 graticesuerunt.
1770 1832 1820 1867 Ac
1846 1830 1876 1867 si
1900 1829 2032 1868 diceret
2054 1846 2062 1867 :
2086 1833 2166 1869 Non

1180 1889 1312 1941 repulit
1330 1891 1428 1926 Deus
1444 1890 1618 1941 populum
1636 1906 1643 1926 τ
1667 1890 1697 1927 si
1717 1891 1811 1927 enim
1829 1891 2033 1942 repulisset,
2057 1892 2167 1930 nemi-

1179 1965 1259 1988 nem
1288 1951 1519 2003 suscepisset3
1541 1951 1570 1988 si
1595 1965 1678 1990 vero
1700 1951 1872 2002 quosdam
1900 1951 2066 2000 suscepit,
2095 1966 2165 1990 non

1178 2012 1318 2063 repulit.
1336 2014 1458 2061 Atqui,
1478 2012 1630 2062 inquies,
1646 2012 1714 2049 nisi
1735 2012 1941 2064 repulisset,
1955 2027 2075 2050 omnes
2089 2027 2165 2051 sus-

1179 2072 1337 2124 cepisset.
1360 2074 1593 2122 Nequaquam
1614 2087 1621 2108 :
1650 2086 1734 2109 nam
1750 2072 1840 2109 Eliae
1860 2081 2017 2125 tempore
2045 2073 2080 2110 in
2107 2087 2164 2111 se-

1178 2142 1272 2184 ptem
1288 2132 1447 2169 millibus
1464 2133 1559 2170 salus
1567 2133 1732 2170 conclusa
1745 2141 1795 2170 est
1804 2148 1813 2181 3
1826 2142 1859 2170 et
1873 2133 2167 2172 nuncverisimile

1178 2203 1230 2231 est
1248 2194 1379 2231 multos
1398 2207 1473 2231 esse
1485 2194 1548 2244 qui
1562 2193 1720 2231 credunt.
1737 2193 1845 2246 Quod
1857 2194 1886 2231 si
1901 2194 1937 2232 id
1951 2208 2014 2233 vos
2026 2195 2166 2246 ignora-

1178 2254 1238 2302 tis,
1262 2255 1353 2292 nihil
1378 2255 1525 2304 mirum,
1554 2254 1694 2304 quando
1723 2264 1756 2292 et
1783 2256 1955 2307 propheta
1984 2255 2056 2302 ille,
2087 2256 2168 2293 talis

1178 2324 1366 2365 tantusque
1378 2315 1448 2362 vir,
1463 2315 1650 2366 ignorabat
1659 2330 1670 2364 ;
1688 2314 1752 2352 sed
1765 2316 1876 2360 Deus,
1891 2315 1969 2367 ipso
1988 2316 2170 2367 ignorante

1178 2376 1372 2429 propheta,
1399 2390 1453 2413 res
1484 2389 1564 2413 suas
1584 2375 1822 2427 dispensabat.
1846 2376 2029 2428 Perpende
2049 2385 2167 2414 autem

1178 2435 1331 2488 apostoli
1357 2435 1602 2488 prudentiam,
1629 2435 1809 2486 quomodo
1834 2435 1921 2473 dum
1944 2437 2166 2488 propositum

1178 2512 1282 2535 suum
1315 2498 1460 2549 probat,
1491 2499 1513 2536 J
1517 2497 1700 2535 udaeorum
1732 2497 1992 2535 accusationem
2019 2498 2167 2535 latenter

1179 2567 1315 2609 augeat.
1330 2557 1484 2607 Ideoque
1496 2566 1610 2594 totum
1621 2556 1713 2594 illud
1727 2556 1971 2595 testimonium
1983 2565 2166 2603 memorat,

1179 2627 1218 2655 ut
1239 2618 1386 2656 illorum
1404 2617 1583 2668 ingratum
1604 2616 1763 2653 animum
1778 2617 1898 2668 palam
1918 2617 2034 2663 faciat,
2050 2625 2166 2654 osten-

1179 2677 1310 2728 datque
1338 2678 1420 2715 illos
1434 2678 1511 2728 jam
1535 2677 1621 2714 olim
1639 2676 1726 2714 tales
1744 2677 1864 2714 fuisse.
1886 2677 1964 2714 Nisi
1984 2677 2078 2714 enim
2097 2677 2166 2714 hoc

1178 2737 1359 2784 voluisset,
1382 2737 1443 2775 secl
1459 2751 1572 2774 unum
1588 2746 1723 2774 tantum
1744 2745 1938 2774 monstrare
1956 2737 2164 2783 studuisset,

1177 2798 1272 2850 quod
1291 2799 1327 2836 in
1341 2797 1464 2850 paucis
1478 2798 1750 2850 comprehensus
1761 2806 1851 2836 esset
1872 2798 2038 2850 populus7
2051 2798 2166 2836 dixis-

1177 2870 1229 2898 set
1244 2860 1367 2911 utiquc
1380 2859 1485 2897 etiam
1495 2859 1583 2897 Eliae
1598 2868 1756 2911 tempore
1765 2868 1896 2911 septem
1913 2860 2010 2897 mille
2024 2860 2165 2898 relictos

1177 2922 1286 2960 fuisse
1302 2938 1309 2958 :
1329 2935 1423 2959 nunc
1442 2930 1561 2959 autem
1574 2935 1593 2958 a
1604 2921 1780 2973 principio
1795 2921 2038 2959 testimonium
2050 2930 2164 2959 totum

1180 2983 1279 3033 legit.
1312 2982 1457 3033 Ubique
1476 2981 1570 3019 enim
1597 2980 1779 3018 ostendere
1809 2981 1942 3028 studet,
1964 2982 2056 3018 nihil
2084 2981 2164 3019 illos

1178 3043 1262 3082 novi
1282 3042 1372 3080 circa
1394 3042 1577 3079 Christum
1604 3049 1637 3078 et
1662 3040 1839 3092 apostolos
1854 3041 1988 3091 fecisse,
2006 3041 2067 3078 sed
2086 3055 2163 3091 quae

1180 3112 1435 3142 consueverant
1454 3113 1487 3141 et
1506 3102 1666 3140 meditati
1684 3110 1794 3139 erant.
1811 3103 1864 3139 Ne
1879 3101 2034 3139 dicerent
2053 3103 2161 3148 enim,

1180 3164 1363 3202 Christum
1376 3172 1415 3200 ut
1431 3163 1653 3214 deceptorem
1679 3161 1887 3209 occidimus»,
1903 3170 1936 3199 et
1952 3171 1991 3199 ut
2014 3162 2165 3200 fraudu-

1179 3224 1288 3262 lentos
1302 3223 1546 3275 persequimur
1564 3221 1740 3273 apostolos
1752 3236 1763 3271 3
1776 3222 1910 3273 profert
1923 3221 2164 3261 testimonium

92 3277 217 3327 στήριά
232 3292 290 3314 σου
312 3278 548 3329 κατέσκαψαν.
573 3275 680 3328 Εἶτα,
703 3281 792 3320 ὥστε
815 3282 864 3332 μὴ
885 3286 1030 3329 ποιῆσαι
1050 3282 1107 3320 τὸν
1133 3295 1155 3324 Β
1182 3284 1276 3336 quod
1307 3284 1440 3321 dicitur
1457 3299 1465 3321 ι
1483 3284 1665 3328 Domine,
1688 3284 1895 3334 prophetas
1915 3291 1998 3321 tuos
2018 3286 2164 3322 occide-

90 3336 188 3387 λόγον
211 3338 370 3388 ἐπαχθῆ,
391 3338 510 3390 ἑτέραν
532 3343 573 3391 τῇ
603 3343 665 3386 τῆς
685 3343 878 3395 μαρτυρίας
907 3347 1103 3395 παραγωγῆ

90 3397 303 3447 περιτίθησιν
326 3397 450 3434 αἰτίαν.
474 3400 526 3436 Οὐ
546 3399 612 3451 γὰρ
631 3404 676 3445 ὣς
705 3404 971 3454 προηγουμένως
993 3405 1103 3442 αὒτῶν

134 3503 146 3516 ²
174 3492 286 3528 Morel.
304 3492 387 3526 male
404 3504 491 3538 φυσᾷς
511 3500 612 3531 ἐλπίσι-

1185 3354 1287 3395 νιιητ,
1300 3354 1335 3383 et
1349 3345 1495 3382 altaria
1510 3353 1579 3382 tua
1605 3345 1867 3396 suffoderunt.
1889 3344 2025 3383 Deinde
2039 3359 2081 3383 ne
2094 3360 2164 3383 ser-

1185 3418 1241 3442 mo
1270 3417 1436 3442 onerosus
1470 3412 1570 3452 esset,
1597 3403 1743 3441 alteram
1780 3402 1932 3442 adducto
1965 3404 2163 3442 testimonio
