2502 3810
118 1434 264 1466 quomodo

119 1472 300 1501 aelebrunda.

112 1967 160 1994 31.

335 254 427 315 766

329 363 463 404 ptatem
492 353 581 389 mihi
609 353 709 390 illam
737 353 896 392 ostende:
913 368 1037 392 verum
1067 369 1137 393 non
1164 356 1308 407 poteris.

328 414 487 451 Necdum
504 413 584 450 dico
601 413 682 451 inde
700 423 798 465 parta
815 415 957 466 damna,
973 417 1036 454 sed
1054 418 1197 455 interim
1214 427 1248 455 te
1265 418 1310 455 de
1333 419 1356 449 C

328 475 508 524 voluptate
537 474 699 524 alloquor
711 505 721 524 ,
754 490 831 525 quae
867 478 937 514 cito
968 479 1152 516 marcescit
1167 494 1174 515 :
1189 480 1309 517 statim

328 533 420 570 enim
439 543 542 584 atque
562 534 718 572 solutum
741 536 945 575 convivium
964 547 1028 584 est,
1045 538 1167 576 laetitia
1183 540 1308 577 avola-

326 594 391 631 vit.
413 594 516 639 Quod
533 595 562 632 si
579 596 753 633 vomitum
769 596 898 645 dicam,
917 598 1145 648 gravedinem
1165 600 1307 651 capitis,

325 654 422 691 mille
435 655 577 692 morbos
592 664 625 692 et
638 656 765 693 animae
783 657 1048 708 captivitatem,
1065 658 1151 709 quid
1170 660 1215 697 ad
1233 661 1310 699 haec

325 713 449 751 dices?
464 715 647 765 Numquid
663 716 767 761 enim,
786 716 867 766 quia
887 732 1058 769 pauperes
1072 733 1207 768 sumus,
1225 729 1308 758 tur-

322 773 416 824 piter
440 788 542 824 agere
565 775 757 812 debemus?
776 776 859 814 Haee
878 792 985 828 porro
1009 778 1103 825 dico,
1123 794 1192 817 non
1212 780 1308 830 quod

323 845 516 873 conventus
542 837 751 887 prohibeam
776 838 834 876 vel
864 840 1045 890 convivia,
1076 840 1135 878 sed
1162 852 1201 879 ut
1231 851 1308 880 tur-

322 896 415 946 piter
440 911 543 947 agere
577 906 706 947 vetem,
746 907 778 936 et
797 899 893 949 quod
923 901 1033 938 velim
1063 901 1208 940 delicias
1233 917 1308 941 esse

321 969 405 992 rere
435 956 595 1006 delicias,
630 972 698 995 non
722 973 862 1010 poenam
893 969 954 997 aut
977 962 1210 1013 supplicium,
1235 977 1306 1001 non

321 1016 526 1055 ebrietatem
553 1019 610 1055 vel
643 1018 792 1056 nimiam
823 1021 1122 1060 comessationem.
1159 1023 1306 1062 Discant

322 1077 482 1127 gentiles,
513 1078 610 1128 quod
655 1079 848 1117 Christiani
885 1081 1045 1119 deliciari
1086 1083 1210 1129 sciant,
1244 1085 1306 1122 sed

124 1148 207 1174 Psal.
220 1156 304 1175 2.11.
321 1137 481 1175 deliciari
512 1152 592 1175 cum
623 1138 749 1177 decoro
768 1156 775 1176 :
794 1154 875 1178 nam
908 1142 958 1179 ait
990 1142 1064 1191 ille,
1095 1145 1304 1182 Exsultate

321 1199 491 1234 Domino
511 1212 597 1235 cum
628 1207 803 1237 tremore.
835 1201 1025 1248 Quomodo
1050 1203 1304 1243 exsultandum

321 1259 399 1296 est?
417 1259 578 1310 Hymnos
605 1259 805 1307 recitando,
838 1261 1030 1312 precando,
1061 1263 1215 1313 psalmos
1244 1265 1303 1302 in-

319 1316 492 1365 ducendo,
524 1319 601 1356 vice
631 1318 777 1356 illorum
806 1320 1038 1359 illiberalium
1069 1322 1299 1361 canticorum.

160 1391 305 1420 Convivia
317 1378 371 1414 Ita
391 1378 554 1416 Christus
584 1393 712 1416 mensae
743 1379 871 1429 aderit,
903 1389 936 1418 et
966 1381 1210 1420 benedictione
1239 1392 1299 1421 to-

318 1446 395 1473 tum
435 1438 642 1476 convivium
681 1439 867 1489 implebit,
898 1453 978 1476 cum
1016 1442 1185 1491 oraveris,
1218 1456 1298 1480 cum

315 1497 515 1548 spiritualia
557 1498 739 1546 cecineris,
774 1513 855 1536 cum
893 1514 1064 1552 pauperes
1096 1501 1142 1539 ad
1174 1516 1298 1540 eorum

313 1571 390 1607 quae
411 1558 572 1609 apposita
594 1567 675 1595 sunt
694 1559 977 1597 communionem
996 1562 1193 1611 vocaveris,
1216 1577 1298 1602 cum

312 1618 349 1654 in
365 1619 531 1656 convivio
549 1619 682 1656 bonum
695 1619 858 1658 ordinem
873 1631 907 1658 et
926 1623 1195 1673 temperantiam
1208 1638 1296 1662 con—

312 1677 468 1715 stitueris
483 1679 551 1716 :sie
571 1688 603 1716 et
616 1679 737 1716 locum
756 1679 792 1716 in
809 1681 992 1718 ecelesiam
1008 1692 1202 1731 convertes,
1213 1698 1296 1722 eum

310 1751 374 1787 pro
386 1738 641 1790 intempestivis
655 1739 870 1778 clamoribus
885 1751 917 1779 et
928 1742 1127 1793 plausibus,
1136 1745 1298 1784 omnium

312 1798 509 1836 Dominum
541 1799 688 1851 hymnis
725 1800 932 1840 celebrabis.
971 1803 1043 1840 Nee
1074 1803 1164 1840 mihi
1199 1804 1297 1844 dicas
1319 1810 1342 1840 E

310 1857 418 1896 aliam
449 1859 640 1898 invaluisse
661 1861 774 1911 legem
781 1876 792 1909 3
813 1861 875 1898 sed
895 1876 972 1911 quae
1000 1859 1092 1900 male
1111 1878 1147 1901 se
1166 1864 1297 1904 habent

117 1936 142 1954 1.
162 1929 231 1957 Cor.
249 1938 295 1958 10.
311 1919 470 1957 emenda.
491 1921 578 1966 Sive
604 1922 849 1959 manducatis
870 1922 976 1970 enim,
997 1923 1125 1973 inquit,
1143 1928 1224 1963 sive
1240 1929 1297 1963 bi-

313 1980 413 2027 bitis,
428 1982 508 2017 sive
521 1982 617 2032 quid
627 1981 901 2033 aliudsaciti5;
921 1986 1051 2021 omnia
1071 1987 1112 2021 in
1129 1986 1296 2036 gloriam

311 2041 387 2077 Dei
398 2041 532 2091 facite.
559 2042 651 2078 Nam
670 2056 689 2078 a
705 2042 838 2079 talibus
857 2043 987 2082 mensis
1005 2044 1106 2081 malae
1132 2046 1295 2084 oriuntur

310 2101 613 2153 concupiscentiae,
629 2102 712 2139 hinc
727 2102 897 2152 lasciviae,
910 2103 993 2142 hinc
1012 2119 1141 2143 uxores
1160 2106 1196 2145 in
1214 2121 1294 2145 con-

307 2168 434 2209 temtu,
451 2161 652 2199 meretrices
672 2175 755 2199 vero
777 2162 814 2199 in
842 2162 979 2201 bonore
997 2164 1092 2216 apud
1108 2180 1171 2203 vos
1191 2177 1292 2205 sunt:

306 2221 390 2259 hinc
401 2221 589 2260 domorum
604 2223 800 2261 eversiones
815 2232 850 2261 et
864 2224 1046 2262 innumera
1061 2227 1294 2273 mala,0mnia

307 2294 366 2318 sus
386 2282 499 2331 deque
520 2283 625 2329 fiunt,
647 2292 680 2319 et
703 2297 794 2334 puro
824 2284 919 2321 fonte
939 2284 1101 2332 dimisso,
1127 2287 1174 2324 ad
1203 2290 1292 2326 coeni

307 2341 465 2379 cloacam
485 2343 626 2379 curritis
641 2358 648 2378 ι
662 2357 744 2380 nam
772 2358 912 2381 coenum
931 2354 983 2382 est
1001 2347 1195 2385 meretricis
1214 2363 1289 2387 cor·
1302 2379 1350 2403 599

307 2415 387 2452 pus.
403 2401 587 2439 Neminem
607 2402 719 2440 alium
732 2403 910 2454 interrogo
931 2419 1036 2454 quam
1050 2407 1216 2458 teipsum,
1230 2411 1291 2460 qui
1315 2415 1341 2443 A

308 2461 345 2498 in
360 2461 436 2499 luto
451 2462 635 2511 volutaris,
652 2477 767 2500 annon
776 2463 823 2500 de
839 2464 950 2515 teipso
963 2466 1160 2515 erubescas,
1176 2483 1291 2508 annon

308 2530 343 2558 te
360 2531 441 2572 post
458 2532 653 2573 peccatum,
670 2523 854 2580 impurum
881 2535 1031 2576 reputes.
1047 2527 1288 2580 Quapropter,

308 2581 466 2630 obsecro,
502 2582 614 2632 sugite
642 2583 911 2621 fornicationem
940 2594 973 2622 et
999 2585 1108 2637 hujus
1141 2598 1290 2627 matrem

308 2642 522 2679 ebrietatem.
537 2642 636 2688 Quid
646 2643 796 2681 seminas
810 2644 871 2681 ubi
886 2655 1015 2683 metere
1023 2661 1091 2684 non
1102 2647 1202 2695 licet;
1218 2650 1289 2688 imo

301 2701 338 2738 si
355 2710 479 2750 metas,
507 2701 662 2739 multum
691 2703 760 2740 tibi
789 2703 971 2743 dedecoris
999 2706 1136 2745 fructus
1159 2710 1287 2749 affert?

306 2764 397 2800 Nam
417 2763 448 2800 si
469 2772 632 2801 nascatur
650 2764 837 2815 puerulus,
854 2775 888 2803 et
906 2766 973 2803 tibi
992 2767 1145 2806 dedecus
1168 2771 1284 2822 affert,

305 2831 339 2860 et
358 2823 432 2874 ipse
452 2823 583 2874 injuria
604 2824 774 2874 afficitur,
797 2826 859 2874 qui
878 2836 1024 2878 propter
1042 2838 1076 2866 te
1091 2831 1236 2881 spurius
1255 2842 1287 2871 et

305 2883 474 2932 ignobilis
485 2883 651 2921 nascitur.
660 2883 810 2921 Etiamsi
822 2885 1022 2924 innumeras
1037 2888 1104 2939 ipsi
1118 2892 1287 2941 pecunias

304 2941 503 2991 reliqueris,
512 2942 684 2992 inglorius
697 2942 806 2991 domi,
820 2944 994 2995 inglorius
1005 2947 1041 2984 in
1057 2948 1214 2999 civitate,
1232 2952 1286 2990 in-

303 3001 481 3052 gloriusin
493 3002 569 3038 foro
576 3001 741 3052 judiciali
754 3012 845 3040 estet
856 3005 973 3054 quiex
987 3009 1167 3046 meretrice
1179 3019 1211 3047 et
1224 3013 1287 3062 qui

303 3075 347 3098 ex
365 3075 465 3100 serva
481 3070 530 3099 est
544 3070 643 3098 ortus
657 3077 664 3097 :
678 3062 852 3113 inglorius
864 3073 900 3101 tu
921 3079 1061 3116 quoque
1072 3077 1104 3105 et
1117 3069 1241 3109 vivens
1253 3083 1286 3110 et

303 3130 463 3158 mortuus
474 3121 625 3158 :etiamsi
639 3122 732 3159 enim
748 3122 907 3175 decedas,
922 3136 1063 3164 manent
1076 3137 1192 3167 tamen
1208 3140 1283 3168 tur-

302 3181 475 3231 pitudinis
495 3191 731 3220 monumenta.
759 3184 833 3220 Cur
855 3198 937 3235 ergo
954 3186 1070 3224 omnia
1089 3187 1283 3242 deturpas?

356 3242 390 3278 4.
404 3242 474 3278 Cur
491 3241 640 3279 seminas
664 3241 725 3279 ubi
749 3256 878 3280 arvum
892 3258 1115 3298 corrumpere
1128 3250 1283 3289 fructum

771 269 808 297 S.

1310 3019 1332 3048 B

347 3388 359 3402 ³
384 3377 494 3410 Morel.
512 3386 607 3413 ταῦτα.
626 3383 653 3413 ὗε
673 3386 746 3422 λέγω
764 3387 817 3423 μὲν
835 3388 883 3423 ο),
903 3384 1000 3416 male,

848 270 1030 299 JOANNIS
1067 269 1304 299 CHRYSOST.
1344 269 1551 298 ARCHIEP.
1590 269 1944 300 CONSTANTINOP-

1382 355 1474 405 λέγω
1494 355 1555 397 τὰς
1571 357 1722 393 ἐντεῦθεν
1741 354 1893 405 βλοίὸας,
1909 356 1999 394 ἀλλὰ
2026 357 2110 401 τέως
2137 358 2216 408 περὶ
2233 360 2294 404 τῆς
2322 358 2404 403 ἧδου

1384 418 1443 461 νῆς
1458 431 1511 453 σοι
1530 414 1735 465 διαλέγομαι
1747 418 1809 460 τῆς
1827 414 1948 458 εὐθέως
1966 418 2221 467 μαραινομένης
2237 434 2244 441 ·
2268 421 2353 467 ὁμοῦ
2368 433 2405 454 τε

1382 475 1449 525 γὰρ
1469 473 1607 519 διελύθη
1634 475 1673 513 τὸ
1692 474 1897 524 συμπόσιον,
1912 475 1971 512 καὶ
1990 477 2129 523 ἇπέπτη
2148 478 2192 514 τὰ
2206 480 2269 523 τῆς
2289 479 2406 528 εὐφρο-

1384 534 1497 580 σύνης.
1513 533 1628 572 ‘'Ox-<zv
1647 533 1680 571 δὲ
1701 534 1760 572 καὶ
1778 534 1836 572 τὸν
1857 535 1977 584 ἔμετον
1997 535 2083 573 εἴπω
2096 567 2106 583 ,
2120 538 2180 574 καὶ
2204 537 2266 580 τὰς
2292 552 2404 588 καρη-

1384 595 1529 646 ἕαρίας,
1543 594 1603 633 καὶ
1622 595 1666 633 τὰ
1689 594 1796 646 μυρία
1812 595 2015 646 νοσήματα,
2030 597 2089 633 καὶ
2116 597 2178 644 τὴν
2197 600 2260 643 τῆς
2287 600 2405 648 ψυχῆς

1385 655 1644 706 αἰχμαλωσίαν,
1660 655 1695 692 τί
1721 655 1806 707 πρὸς
1823 658 1935 692 ταῦτα
1961 658 2066 707 ἐρεῖς
2099 656 2161 702 Μὴ
2182 657 2261 709 γὰρ,
2281 656 2400 703 ἐπειδὴ

1383 715 1527 762 πένητές
1542 717 1659 765 ἐσμεν,
1675 715 1734 752 καὶ
1755 717 1966 766 ἀσχημονεῖν
1983 715 2182 767 ὀφείλομεν,
2202 718 2348 754 ὃΤαῧτοι
2364 715 2402 753 δὲ

1380 775 1483 824 λέγω,
1495 777 1533 812 οὐ
1553 775 1694 813 κωλύων
1708 775 1857 813 συνιέναι
1872 775 1946 813 οὐδὲ
1962 778 2060 826 κοινῇ
2072 779 2294 824 συνδειπνεῖν,
2310 775 2401 814 ἀλλὰ

1380 836 1522 874 κωλύων
1543 838 1769 887 ἀσχημονεῖν,
1786 834 1845 873 καὶ
1863 835 2067 886 βουλόμενος
2082 836 2144 883 τὴν
2163 838 2293 889 τρυφὴν
2312 831 2401 875 εἶναι

1379 895 1525 947 τρυφὴν,
1540 895 1629 933 ἀλλὰ
1657 895 1705 945 μὴ
1728 894 1870 933 κόλασιν
1893 895 1979 945 μηδὲ
2009 896 2179 948 τιμωρίαν
2199 897 2260 934 καὶ
2292 897 2400 946 μέθην

1379 956 1438 994 καὶ
1455 959 1585 1006 κῶμον.
1605 955 1824 994 Μαθέτωσαν
1843 954 2016 1002 εΈλληνες
2032 985 2042 1003 ,
2061 955 2113 994 ὅτι
2141 957 2293 1006 μάλιστα
2308 958 2399 1010 Χρι-

1380 1016 1512 1054 στιανοὶ
1525 1023 1654 1068 τρυφᾷν
1671 1016 1787 1063 ἴσασι,
1798 1015 1857 1053 καὶ
1870 1022 2000 1068 τρυφᾷν
2016 1016 2104 1066 μετὰ
2120 1016 2264 1066 κόσμου.
2279 1017 2399 1068 Ἀγαλ-

1376 1076 1497 1114 λιᾶσθε
1515 1077 1602 1129 γὰρ,
1620 1076 1724 1127 φησὶ,
1744 1078 1793 1126 τῷ
1811 1075 1929 1128 Κυρίῳ
1946 1077 1980 1113 ἐν
1996 1076 2128 1128 τρόμῳ.
2145 1078 2229 1120 Πῶς
2249 1077 2286 1114 δέ
2304 1078 2398 1115 ἐστιν

1379 1137 1632 1187 ἀγαλλιᾶσθαι,
1651 1135 1806 1186 εΎμνους
1822 1136 2004 1186 λέγοντας,
2028 1136 2134 1187 εὐχὰς
2152 1137 2397 1187 ποιουμένους,

1376 1196 1535 1247 ψαλμοὺς
1551 1196 1797 1245 ἐπεισάγοντας
1818 1197 1894 1233 ἀντὶ
1914 1198 1981 1233 τῶν
2003 1196 2231 1248 ἀνελευθέρων
2257 1196 2396 1234 ἐκείνων

1376 1256 1553 1308 ᾀσμάτων.
1566 1257 1671 1295 Οὕτω
1687 1258 1746 1294 καὶ
1765 1261 1782 1295 ὃ
1802 1257 1953 1308 Χριστὸς
1968 1257 2180 1307 τῇτραπέζῃ
2198 1257 2370 1307 παρέσται
2384 1287 2395 1305 ,

1375 1317 1435 1355 καὶ
1459 1318 1615 1368 εὐλογίας
1646 1317 1820 1367 ἐμπλήσει
1846 1317 1910 1363 τὴν
1942 1317 2090 1368 εὐωχίαν
2120 1317 2276 1363 ἅπασαν,
2316 1317 2394 1355 ε’ταν

1374 1377 1478 1428 εὔχῃ,
1499 1377 1580 1415 ὅταν
1599 1378 1682 1429 ᾄδῃς
1702 1377 1943 1426 πνευματικὰ,
1964 1376 2044 1413 ὅταν
2074 1376 2226 1421 πένητας
2245 1377 2303 1414 ἐπὶ
2326 1380 2396 1415 τῶν

1373 1436 1611 1487 προκειμένων
1646 1437 1709 1483 τὴν
1741 1435 1923 1475 κοινωνίαν
1958 1437 2068 1485 καλῇς
2081 1465 2091 1482 ,
2119 1436 2199 1473 ὅταν
2237 1436 2396 1480 εὐταξίαν

1371 1495 1503 1541 πολλὴν
1540 1496 1599 1533 καὶ
1633 1495 1855 1548 σωφροσύνην
1888 1495 2078 1546 ἐπιστήσῃς
2110 1498 2159 1547 τῷ
2193 1496 2374 1549 συμποσίῳ
2386 1511 2396 1519 ·

1371 1555 1462 1594 οὕτω
1476 1556 1535 1594 καὶ
1548 1557 1736 1602 ἐκκλησίαν
1757 1556 1888 1607 ἐργάσῃ
1904 1556 1962 1594 τὸν
1982 1556 2100 1601 τόπον,
2120 1556 2196 1593 ἀντὶ
2211 1559 2280 1593 τῶν
2296 1556 2395 1594 ἀκαί-

1372 1631 1439 1666 ρων
1454 1620 1613 1667 κραυγῶν
1626 1617 1686 1654 καὶ
1701 1618 1882 1668 εὐφημιῶν
1892 1616 1950 1654 τὸν
1960 1619 2028 1653 τῶν
2042 1616 2203 1653 ἁπάντων
2212 1617 2392 1664 Δεσπότην

1369 1679 1500 1727 ὑμνῶν.
1522 1678 1592 1715 Καὶ
1612 1677 1661 1728 μή
1686 1693 1745 1728 μοι
1761 1677 1842 1727 λέγε
1854 1707 1863 1724 ,
1880 1677 1933 1714 ὅτι
1949 1676 2063 1729 ἕτερος
2082 1677 2254 1728 ἐκράτησε
2269 1677 2392 1728 νόμος,

1371 1737 1462 1775 ἀλλὰ
1484 1739 1618 1789 διορθοῧ
1648 1737 1692 1775 τὰ
1713 1740 1830 1779 κακῶς
1857 1736 1994 1788 ἔχοντα.
2028 1737 2111 1775 Εἴτε
2144 1737 2212 1789 γὰρ
2241 1737 2394 1786 ἐσθίετε,

1370 1797 1486 1848 φησὶν,
1508 1797 1577 1836 εἴτε
1597 1799 1733 1844 πίνετε,
1759 1797 1827 1835 εἴτε
1847 1814 1881 1834 τι
1902 1802 2054 1843 ποιεῖτε,
2072 1797 2187 1835 πάντα
2214 1800 2261 1840 εἷς
2292 1797 2391 1841 δόξαν

1369 1858 1461 1895 Θεοῦ
1487 1863 1629 1897 ποιεῖτε.
1650 1858 1719 1896 Καὶ
1739 1857 1805 1908 γὰρ
1829 1857 1897 1895 ἀπὸ
1925 1859 1993 1894 τῶν
2021 1857 2183 1895 τοιούτων
2211 1860 2393 1909 τραπεζῶν

1368 1918 1448 1966 ὑμῖν
1477 1918 1512 1954 αἱ
1545 1917 1695 1969 πονηραὶ
1722 1916 1923 1967 ἐπιθυμίαι,
1943 1918 2095 1955 ἐντεῦθεν
2123 1920 2159 1955 αἱ
2192 1917 2393 1968 ἀσέλγειαι,

1367 1978 1518 2016 ἐντεῦθεν
1543 1980 1578 2015 αἱ
1594 1983 1753 2029 γυναῖκες
1770 1977 1831 2027 μὲν
1852 1979 1886 2015 ἐν
1905 1977 2182 2030 καταφρονήσει,
2199 1980 2234 2015 αἱ
2251 1976 2285 2014 δὲ
2305 1978 2390 2029 πόρ-

1366 2052 1422 2074 ναι
1452 2039 1486 2075 ἐν
1506 2041 1592 2089 τιμῇ
1613 2040 1697 2090 παρ’
1718 2041 1820 2087 ὑμῖν·
1841 2039 1995 2075 ἐντεῦθεν
2012 2038 2048 2075 αἱ
2069 2040 2138 2075 τῶν
2165 2039 2281 2075 οἰκιῶν
2303 2041 2388 2076 ἀνα-

1365 2098 1513 2147 τροπαὶ,
1549 2099 1609 2135 καὶ
1642 2097 1686 2135 τὰ
1723 2097 1829 2150 μυρία
1862 2097 1955 2135 κακὰ
1970 2127 1979 2145 ,
2011 2099 2072 2136 καὶ
2099 2098 2171 2135 ἀνω
2201 2098 2261 2136 καὶ
2292 2098 2389 2136 κάτω

1366 2158 1481 2195 πάντα
1500 2158 1639 2210 γέγονε,
1665 2159 1724 2196 καὶ
1751 2159 1814 2204 τὴν
1838 2157 1955 2209 πηγὴν
1977 2158 2116 2210 ἀφέντες
2134 2158 2199 2205 τὴν
2219 2159 2388 2210 καθαρὰν,

1366 2218 1423 2256 ἐπὶ
1442 2222 1500 2256 τοῦ
1535 2219 1701 2271 βορὸόρου
1722 2218 1778 2256 τὸν
1799 2219 1917 2269 ὀχετὸν
1937 2218 2093 2269 τρέχετε.
2118 2218 2203 2256 εὈτι
2217 2218 2283 2270 γὰρ
2304 2219 2386 2270 βόρ-

1365 2279 1464 2330 ὃορος
1484 2280 1524 2317 τὸ
1551 2283 1615 2325 τῆς
1645 2279 1774 2329 πόρνης
1795 2281 1919 2327 σῶμα,
1941 2278 2061 2316 οὐδένα
2097 2278 2212 2328 ἕτερον
2243 2280 2384 2330 ἐρωτῶ,

1365 2340 1441 2376 ἀλλ’
1464 2338 1566 2376 αὐτόν
1583 2355 1621 2376 σε
1652 2339 1710 2375 τὸν
1739 2337 2045 2388 ἐγκαλινδούμενον
2072 2340 2122 2388 τῷ
2152 2337 2331 2389 βορὸόρῳ,
2355 2340 2385 2375 εἰ

1366 2395 1414 2446 μὴ
1444 2396 1567 2434 σαυτὸν
1588 2399 1765 2448 ἐρυθριᾷς,
1786 2397 1814 2432 εἷ
1834 2394 1882 2445 μὴ
1906 2395 2100 2446 ἀκάθαρτον
2129 2390 2216 2432 εἶναι
2234 2396 2385 2446 νομίζεις

1365 2456 1454 2506 μετὰ
1465 2456 1526 2503 τὴν
1540 2456 1725 2507 ἁμαρτίαν.
1741 2455 1816 2503 Διὸ,
1832 2457 2049 2507 παρακαλῶ,
2062 2455 2204 2507 φεύγετε
2218 2455 2281 2503 τὴν
2298 2473 2384 2510 πορ-

1363 2516 1455 2554 νείαν
1479 2517 1538 2554 καὶ
1559 2516 1619 2563 τὴν
1639 2515 1768 2562 ταύτης
1789 2516 1924 2566 μητέρα
1940 2515 2002 2562 τὴν
2030 2516 2152 2565 μέθην.
2169 2516 2216 2553 Τί
2230 2516 2383 2569 σπείρεις

1362 2576 1447 2614 ὅπου
1468 2576 1600 2628 θερίσαι
1617 2578 1678 2614 οὐκ
1705 2576 1775 2622 ἔνι,
1794 2577 1925 2626 μᾶλλον
1949 2574 2002 2623 δὲ,
2021 2575 2085 2612 κᾶν
2112 2576 2272 2627 θερίσῃς,
2289 2579 2381 2614 πολ-

1361 2637 1424 2683 λῆν
1446 2653 1499 2676 σοι
1518 2638 1614 2689 φέρει
1632 2637 1697 2684 τὴν
1714 2636 1880 2688 αἰσχύνην
1897 2639 1915 2674 ὁ
1928 2636 2083 2688 καρπός,
2098 2636 2173 2674 Κᾶν
2188 2637 2254 2688 γὰρ
2274 2642 2380 2690 τεχθῇ

1360 2698 1516 2745 παιδίον,
1535 2698 1593 2736 καὶ
1624 2698 1661 2735 σὲ
1685 2698 1838 2749 ᾔσχυνε,
1862 2698 1922 2734 καὶ
1957 2697 2040 2734 αὐτὸ
2067 2696 2232 2744 ἠδίκηται
2252 2698 2308 2735 διὰ
2342 2699 2380 2737 σὲ

1360 2758 1454 2796 νόθον
1475 2758 1534 2795 καὶ
1554 2758 1710 2808 δυσγενὲς
1725 2758 1919 2809 γενόμενον.
1937 2757 2012 2794 Κᾶν
2033 2757 2139 2808 μυρία
2160 2758 2254 2809 αὐτῷ
2270 2774 2380 2796 κατα-

1359 2818 1464 2867 λίπῃς
1483 2817 1673 2869 χρήματα,
1691 2818 1815 2867 ἄτιμος
1847 2819 1881 2855 ἓν
1914 2817 2005 2868 οἰκίᾳ
2019 2846 2029 2864 ,
2050 2817 2173 2867 ἄτιμος
2192 2819 2225 2855 ἐν
2252 2818 2376 2867 πόλει,

1359 2879 1482 2928 ἄτιμος
1498 2881 1532 2916 ἐν
1555 2877 1786 2928 δικαστηρίῳ,
1809 2876 1869 2914 καί
1885 2878 1902 2914 ὅ
1919 2878 1958 2914 ἐκ
1974 2877 2102 2928 πόρνης
2120 2877 2180 2914 καὶ
2200 2880 2218 2914 ὁ
2243 2880 2282 2915 ἐκ
2301 2879 2377 2917 δού-

1357 2940 1439 2984 λης·
1461 2938 1583 2988 ἄτιμος
1615 2936 1650 2974 δὲ
1681 2936 1739 2974 καὶ
1762 2935 1802 2974 σὺ
1822 2936 1942 2983 πάλιν,
1964 2936 2022 2972 καὶ
2042 2939 2108 2980 ζῶν
2130 2937 2189 2973 καὶ
2215 2939 2378 2975 τετελευ-

1359 2997 1473 3045 τηκώς
1489 3013 1496 3020 ·
1524 2997 1588 3035 κᾶν
1616 2996 1685 3048 γὰρ
1702 2996 1874 3043 ἀπέλθῃς,
1890 2995 1985 3045 μένει
2007 2995 2048 3033 τὰ
2065 2996 2301 3047 ὑπομνήματα
2314 3001 2376 3044 τῆς

1359 3057 1619 3109 ἀσχημοσύνης.
1635 3055 1682 3094 Τί
1699 3055 1811 3095 τοίνυν
1832 3055 1968 3093 ἅπαντα
1986 3056 2246 3107 καταισχύνεις,

1410 3253 1455 3292 Τί
1487 3253 1636 3305 σπείρεις
1657 3253 1735 3291 ἔνθα
1758 3255 1779 3298 ἡ
1802 3253 1931 3305 ἄρουρα
1963 3254 2145 3298 σπουδάζει
2178 3256 2371 3306 διαφθεῖραε
