2502 3810
710 272 750 301 IN
790 272 904 301 ACTA
942 269 1277 300 APOSTOLORUM.
1315 271 1469 303 nomn„
1505 273 1627 304 XLvr.
2117 259 2198 318 591

143 353 267 392 πλάνοι
298 352 357 390 καὶ
383 353 504 403 γόητες
538 347 645 398 ἦσαν·
674 355 797 391 ἐκεῖνοι
827 352 893 403 γὰρ
922 352 1154 403 ἠλέγχθησαν.

142 416 252 452 Τοῦτο
270 413 326 451 καὶ
353 413 409 450 ἐπὶ
428 414 604 458 Μωϋσέως
621 414 756 465 γέγονε·
774 413 1012 465 συνεχώρησεν
1035 417 1052 450 ὃ
1069 412 1157 455 Θεὸς

142 473 241 516 ετοὺς
276 474 418 524 μάγους,
449 473 505 511 ἵνα
541 474 588 524 μὴ
621 476 729 526 μάγος
761 476 941 526 ὑποληφθῇ
979 475 1156 519 Μωϋσῆς·

1228 351 1280 388 illi
1300 352 1392 390 enim
1417 354 1569 393 convicti
1589 363 1680 392 sunt.
1703 354 1777 392 Hoc
1796 353 1902 391 etiam
1912 353 2032 405 Moysi
2052 353 2204 391 accidit:

1227 413 1379 450 concessi
1386 415 1501 452 tDeus
1518 424 1557 452 ut
1572 416 1667 466 magi
1687 424 1812 462 essent,
1828 428 1871 452 ne
1886 428 2010 466 magus
2022 423 2207 466 putaretur

1229 485 1302 509 esse
1309 473 1470 525 Moyses:
1482 475 1643 526 permisit
1654 484 1692 512 ut
1706 475 1871 513 docerent
1886 489 2018 523 omnes,
2032 485 2205 525 quantum

141 535 252 573 εἴασεν
281 534 402 579 αὐτοὺς
433 535 565 580 διδάξαι
597 535 728 579 πάντας
757 536 862 589 μέχρι
890 535 997 574 πόσου
1029 533 1156 584 μαγεία
1169 562 1216 587 349
1229 533 1733 586 magiapoteratcomminisci3
1750 537 1842 574 ultra
1857 546 2051 574 autemnon
2064 536 2206 589 decepe-

142 595 312 646 φαντάσαι
328 595 489 633 δύναται·
508 596 704 649 περαιτέρω
724 598 758 634 δὲ
778 599 839 635 οὐκ
858 596 1056 642 ἠπάτησαν,
1079 597 1154 633 ἀλλ’
1181 598 1207 627 Α
1229 603 1323 639 runt,
1358 595 1420 632 sed
1438 596 1507 647 ipsi
1528 611 1600 634 sese
1615 597 1727 635 victos
1749 597 1893 635 confessi
1914 606 2007 635 sunt.
2027 597 2127 635 Nihil
2145 612 2206 635 no-

144 657 241 694 αὖτοὶ
261 656 322 703 τὴν
346 652 451 702 ἧτταν
469 658 719 709 [ὡμολόγησαν.
739 658 848 696 Οὐδὲν
868 662 960 708 ἡμᾶς
982 657 1158 708 βλάπτου-

143 731 196 753 σιν
212 719 243 754 οἱ
258 718 412 755 §moine
429 734 435 741 ·
455 721 584 769 μᾶλλον
605 719 640 756 δὲ
666 719 724 757 καὶ
739 723 874 756 ποιοῦσι
908 717 1082 768 βελτίους,
1113 716 1155 754 ἄν

142 793 194 820 τις
214 777 294 829 θέλῃ
315 779 462 831 προσέχε
480 796 496 816 ν
515 780 572 817 τὸν
589 784 678 817 νοῦν.
694 779 741 817 Τί
760 774 830 825 οὖν,
847 778 962 830 φησὶν,
983 777 1063 815 ὅταν
1080 794 1154 815 κοι-

142 840 304 886 νωνῶμεν
320 841 433 881 αὐτοῖς
446 843 507 885 τῆς
520 840 638 886 δόξης;
653 842 705 877 Οὐ
720 841 802 890 παρ’
819 842 913 888 ἡμᾶς
925 867 934 884 ,
951 837 1040 874 ἀλλὰ
1058 836 1155 887 παρὰ

142 896 219 940 τοὺς
238 900 299 935 οὐκ
314 897 453 950 ἔχοντας
473 899 598 950 κρίσιν.
627 898 688 945 Μὴ
719 898 849 949 σφόδρα
870 897 1003 946 μελέτω
1024 899 1086 941 τῆς
1103 897 1155 934 δό-

143 957 199 1003 ξης
218 962 302 1007 ἡμῖν
330 963 392 1003 τῆς
416 963 483 996 τῶν
508 961 657 1003 πολλῶν,
691 958 778 1009 μηδὲ
809 957 900 1009 πέρα
931 961 988 995 τοῦ
1023 957 1155 1000 δέοντος

142 1018 247 1063 αὐτῆς
268 1018 510 1069 φροντίζωμεν.
537 1021 618 1070 Θεῷ
648 1021 772 1068 ζῶμεν,
795 1019 856 1056 οὐκ
883 1016 1094 1068 ἀνθρώποις·
1120 1019 1154 1054 ἐν

140 1080 272 1129 οὐρανῷ
292 1079 540 1128 πολιτευόμεθα
553 1109 562 1126 ,
580 1081 642 1116 οὐκ
661 1079 717 1116 ἐπὶ
733 1081 794 1124 τῆς
809 1080 872 1128 γῆς
884 1093 892 1100 ·
915 1079 985 1114 ἐκεῖ
1000 1079 1043 1114 τὰ
1064 1080 1154 1128 βρα-

141 1137 217 1174 δεῖα
250 1139 308 1175 καὶ
340 1138 384 1175 τὰ
418 1138 551 1176 ἔπαθλα
573 1144 684 1175 κεῖται
711 1141 780 1175 τῶν
805 1136 985 1190 ἡμετέρων
1017 1137 1153 1174 πόνων·

139 1199 267 1235 ἐκεῖθεν
282 1200 527 1249 προσδοκῶμεν
546 1198 623 1242 τοὺς
640 1198 796 1242 ἐπαίνους
808 1228 817 1246 ,
834 1200 961 1235 ἐκεῖθεν
981 1197 1057 1241 τοὺς
1072 1213 1154 1235 στε-

138 1257 275 1308 φάνους.
293 1258 411 1310 Μέχρι
425 1257 587 1296 τοσούτου
606 1260 837 1310 φροντίζωμεν
858 1260 926 1295 τῶν
949 1256 1153 1308 ἀνθρώπων,

139 1317 244 1369 μέχρι
264 1322 321 1355 τοῦ
344 1318 391 1368 μὴ
410 1319 539 1356 διδόναι
553 1319 612 1356 καὶ
631 1318 795 1370 παρέχειν
815 1320 928 1362 αὐτοῖς
941 1319 1067 1364 λαὸήν.
1087 1317 1153 1356 ’Ὰν

138 1379 172 1415 δὲ
195 1383 293 1428 ἡμῶν
320 1379 367 1430 μὴ
389 1380 611 1432 παρεχόντων
641 1381 761 1417 ἐκεῖνοι
784 1379 928 1417 θέλωσιν
957 1380 1076 1423 ἁπλῶς
1095 1380 1153 1417 καὶ

137 1441 211 1490 εἰκῇ
232 1446 448 1491 κατηγορεῖν,
468 1442 661 1490 ὃγελῶμεν,
687 1440 734 1489 μὴ
757 1440 971 1492 δακρύωμεν.
993 1439 1042 1477 Σὺ
1062 1456 1152 1491 προ-

137 1499 205 1536 νόει
221 1499 310 1537 καλὰ
327 1499 470 1538 ἐνώπιον
488 1500 615 1551 Κυρίου
632 1501 691 1538 καὶ
708 1499 897 1553 ἀνθρώπων
911 1516 917 1522 ·
935 1499 974 1537 ἂν
995 1504 1054 1538 σοῦ
1068 1515 1154 1551 προ-

136 1565 290 1603 νοοῦντος
332 1561 423 1598 καλὰ
459 1563 584 1604 ἐκεῖνος
621 1562 766 1612 σκώπτῃ
781 1592 790 1608 ,
825 1561 950 1611 μηκέτι
984 1562 1151 1613 φρόντιζε.

135 1622 255 1674 Ἴίχεις
273 1623 316 1660 τὰ
343 1622 579 1672 ὑποδείγματα
607 1624 640 1659 ἐν
662 1628 738 1664 ταῖς
770 1624 936 1673 Γραφαῖς.
955 1620 1052 1673 Ἄρτι
1084 1622 1152 1674 γὰρ

1227 654 1283 691 his
1304 665 1428 693 nocent
1443 656 1667 708 deceptores3
1691 657 1762 694 imo
1776 672 1838 695 nos
1857 658 2019 695 meliores
2032 657 2203 703 reddunt,

1227 714 1256 750 si
1277 715 1355 765 quis
1368 716 1546 753 attendere
1564 717 1661 755 velit.
1677 717 1775 764 Quid
1791 718 1913 768 igitur,
1938 719 2089 768 inquies,
2112 718 2141 755 si
2160 718 2206 756 il-

1226 775 1341 812 lorum
1363 777 1483 827 gloriae
1503 787 1677 814 consortes
1695 777 1836 814 simus?
1850 779 1927 815 Non
1947 779 2041 830 apud
2057 794 2118 816 nos
2130 780 2204 829 glo-

1225 835 1315 872 riam
1326 837 1470 882 habent,
1489 837 1550 873 sed
1562 837 1659 888 apud
1679 851 1748 883 eos,
1765 838 1824 888 qui
1837 852 1850 889 J
1858 837 1973 876 udicio
1989 853 2056 876 non
2073 840 2205 878 valent.

1227 896 1280 932 Ne
1296 895 1448 932 multum
1463 909 1625 933 curemus
1638 896 1761 947 populi
1773 911 1908 943 auram,
1930 912 1972 935 ne
1988 899 2079 936 ultra
2097 914 2202 949 quam

1227 965 1362 1006 oportet
1383 955 1483 992 illam
1499 965 1683 994 sectemur.
1701 959 1775 994 Deo
1794 958 1965 1005 vivimus,
1994 973 2062 996 non
2091 960 2206 996 homi-

1227 1015 1351 1064 nibus3
1373 1015 1409 1053 in
1437 1016 1521 1053 caelo
1542 1031 1810 1065 conversamur,
1839 1032 1908 1055 non
1935 1019 1971 1055 in
2003 1028 2095 1056 terra
2111 1035 2118 1054 ι
2134 1020 2208 1056 illic

1226 1075 1351 1113 bravia
1373 1085 1406 1113 et
1425 1077 1570 1128 przemia
1586 1077 1751 1115 laborum
1767 1087 1969 1116 nostrorum
1983 1080 2114 1130 jacent,
2129 1080 2210 1117 inde

1225 1135 1348 1173 laudes
1367 1146 1623 1189 exspectamus,
1645 1138 1727 1175 inde
1751 1153 1907 1178 coronas.
1928 1139 2083 1178 Eatenus
2103 1155 2207 1178 cure—

1178 1214 1201 1243 Β
1226 1210 1305 1234 mus
1341 1197 1523 1244 homines,
1545 1207 1718 1248 quatenus
1743 1213 1786 1236 ne
1805 1213 1926 1237 ansam
1950 1199 2021 1237 illis
2052 1201 2209 1252 przchea-

1226 1269 1317 1295 mus.
1347 1257 1455 1303 Quod
1473 1257 1502 1294 si
1522 1257 1624 1295 nobis
1644 1272 1715 1296 non
1733 1259 1986 1310 praebentihus,
2015 1260 2068 1298 illi
2091 1261 2212 1298 volue-

1226 1317 1298 1356 rint
1310 1325 1440 1356 temere
1453 1327 1485 1355 et
1501 1319 1632 1356 frustra
1651 1334 1826 1367 accusare,
1842 1320 2034 1368 rideamus,
2054 1337 2121 1360 non
2136 1324 2212 1375 plo-

1225 1395 1355 1419 remus.
1388 1383 1446 1420 Tu
1468 1381 1617 1433 provide
1646 1383 1738 1420 bona
1760 1397 1879 1421 coram
1903 1386 1977 1422 Deo
1997 1394 2030 1423 et
2060 1386 2212 1424 homini-

1226 1441 1294 1478 bus
1311 1457 1318 1477 τ
1337 1441 1366 1479 si
1383 1451 1416 1479 te
1428 1442 1521 1480 bona
1539 1443 1760 1494 providente,
1777 1444 1836 1482 ille
1851 1445 2014 1492 incessat,
2035 1461 2077 1484 ne
2094 1462 2205 1486 cures.

1226 1502 1342 1540 Habes
1358 1503 1521 1555 exempla
1537 1504 1571 1541 in
1585 1505 1791 1557 Scripturis.
1812 1508 2015 1559 ZVumquid
2029 1512 2131 1546 enim
2143 1512 2209 1547 lzo-
2231 1522 2302 1548 Gar
2324 1528 2347 1547 ι.
2366 1530 2410 1547 ιο,

1226 1565 1393 1601 minibus
1429 1565 1572 1602 suadeo
1607 1579 1661 1602 an
1690 1567 1774 1603 Deo
1791 1570 1807 1603 P
1835 1567 1962 1618 inquit;
1984 1583 2025 1606 ac
2054 1584 2208 1607 rursum:

1225 1625 1459 1661 Hominibus
1484 1626 1689 1664 suademus
1703 1657 1712 1673 ‚
1737 1629 1820 1665 Deo
1843 1638 1974 1667 autem
2009 1633 2212 1682 manifesti
2226 1655 2253 1673 2.
2273 1644 2343 1674 Cor.
2362 1647 2389 1675 5.

1224 1700 1364 1724 sumus.
1381 1687 1429 1724 Et
1449 1687 1610 1725 Christus
1623 1687 1669 1725 de
1689 1688 1732 1725 iis
1750 1689 1809 1739 qui
1840 1691 2086 1729 offendebatur
2112 1693 2209 1730 dice·
2230 1695 2276 1714 ¹¹·

1223 1745 1284 1783 bat
1304 1762 1311 1782 :
1330 1747 1420 1785 Sine
1438 1749 1541 1793 illos,
1564 1749 1678 1786 duces
1700 1758 1789 1786 sunt
1812 1753 1904 1787 coeci
1931 1765 2119 1790 coecorum
2140 1770 2152 1794 ,·
2168 1769 2208 1791 ac
2224 1774 2335 1800 Alsum.
2363 1774 2410 1802 ,5,

1223 1821 1362 1844 rursum
1379 1823 1386 1843 :
1402 1809 1466 1845 Vae
1478 1811 1603 1856 vobis,
1620 1823 1707 1846 cum
1716 1811 1981 1848 benedixerint
1996 1826 2066 1850 vos
2078 1827 2206 1852 omnes
2228 1812 2272 1851 ¹51·

1221 1869 1393 1905 homines
1408 1884 1421 1912 ,·
1439 1877 1473 1905 et
1498 1882 1633 1916 rursus,
1654 1870 1827 1907 Luceant
1852 1884 1967 1921 opera
1983 1881 2127 1922 vestra,
2163 1884 2203 1912 nt
2223 1888 2293 1915 Luc.
2309 1888 2339 1916 6.
2358 1889 2406 1915 26.

1221 1930 1383 1965 videant
1396 1929 1578 1975 homines,
1592 1938 1627 1967 et
1637 1930 2017 1982 glorificentPatrem
2032 1943 2204 1972 vestrum
2220 1960 2332 1986 unuh.
2371 1959 2385 1974 r

2369 1972 2399 1987 ,1,

137 1683 336 1734 ἀνθρώπους
352 1683 481 1727 πείθω,
496 1682 518 1727 ἢ
538 1682 594 1719 τὸν
615 1682 720 1728 Θεὸν,
737 1682 820 1733 φησί
832 1697 839 1704 ·
860 1682 919 1719 καὶ
935 1682 1052 1729 πάλιν,
1072 1684 1152 1719 Ἀν-

136 1743 291 1795 Θρώπους
323 1744 496 1794 πείθομεν,
538 1746 620 1795 Θεῷ
652 1743 686 1781 δὲ
717 1743 1001 1796 πεφανερώμεθα.
1034 1744 1103 1781 Καὶ
1134 1747 1152 1781 ὃ

136 1806 281 1856 Χριστὸς
326 1804 431 1848 οὕτως
469 1804 525 1842 ἐπὶ
559 1808 627 1841 τῶν
662 1803 981 1853 σκανδαλιζομένων
1017 1803 1131 1854 ἔλεγεν
1143 1820 1150 1827 ·

133 1865 232 1916 Ἄφες
252 1865 391 1912 αὐτοὺς,
407 1864 524 1915 ὁδηγοί
537 1867 603 1902 εἰσι
616 1864 737 1916 τυφλοὶ
753 1865 886 1915 τυφλῶν
898 1879 905 1886 ·
927 1864 944 1883 *
956 1864 1015 1901 καὶ
1031 1864 1149 1912 πάλιν,

132 1927 225 1964 Οὐαὶ
245 1929 338 1976 ὑμῖν,
367 1926 448 1963 ὅταν
468 1928 582 1969 καλῶς
608 1928 697 1975 ὑμᾶς
722 1924 863 1962 εἴπωσιν
891 1923 1017 1967 πάντες
1036 1927 1066 1963 οἱ
1088 1926 1150 1963 ἄν·

133 1991 284 2040 Ορωποι·
308 1988 366 2025 καὶ
386 1988 504 2034 πάλιν,
524 1986 710 2037 ,λαμψάτω
733 1985 776 2022 τὰ
804 1985 887 2036 ἔργα
918 1989 1027 2036 ὑμῶν,
1057 1985 1149 2030 ὅπως
1173 1998 1196 2027 C
1220 1993 1287 2042 qui
1295 1993 1336 2027 in
1347 1991 1450 2028 coelis
1463 1991 1581 2028 θεῖ.ὃὶ
1597 2005 1678 2029 vero
1703 1991 1790 2029 alibi
1811 1991 1906 2030 dicat
1923 1994 2080 2046 :Siquis
2093 2010 2203 2034 scan-
2224 2000 2268 2027 ¹6-

1221 2052 1450 2089 dalizaverit
1466 2065 1584 2089 unum
1604 2067 1651 2090 ex
1671 2054 1731 2090 his
1747 2054 1914 2104 pusillis,
1941 2057 2095 2107 expedit
2106 2061 2141 2095 ei
2161 2067 2203 2096 ut

1218 2113 1473 2164 suspendatur
1487 2113 1591 2151 mola
1605 2116 1781 2151 asinaria
1793 2128 1818 2151 a
1834 2115 1935 2152 collo
1954 2118 2035 2168 ejus
2052 2148 2063 2166 7
2087 2127 2123 2156 et
2138 2120 2198 2157 de-

1217 2184 1412 2226 mergatur
1425 2177 1465 2212 in
1477 2177 1714 2227 profundum
1733 2179 1851 2213 maris
1867 2191 1878 2225 3
1900 2190 1943 2213 ne
1952 2176 2091 2215 mireris
2108 2194 2115 2214 :
2132 2194 2200 2218 non

1215 2236 1310 2274 enim
1328 2246 1409 2274 sunt
1424 2238 1500 2274 haec
1521 2237 1720 2284 contraria,
1758 2237 1829 2274 imo
1850 2237 1956 2275 valde
1993 2251 2198 2279 consonant.

1216 2297 1309 2334 Nam
1328 2297 1356 2334 si
1375 2297 1472 2349 apud
1496 2311 1559 2334 nos
1584 2298 1684 2343 fiant,
1711 2312 1765 2336 vae
1784 2298 1887 2335 nobis
1900 2314 1911 2347 ;
1936 2299 1992 2337 sin
2014 2314 2083 2337 non
2103 2302 2199 2353 apud

1214 2373 1276 2397 nos
1304 2359 1404 2405 fiant,
1431 2373 1500 2397 non
1518 2359 1615 2396 item.
1646 2359 1693 2396 Et
1713 2359 1841 2397 iterum
1861 2375 1868 2396 :
1887 2362 1950 2398 Va?
1975 2364 2100 2408 vobis,
2129 2379 2299 2415 pez-[gom.
2314 2392 2381 2427 221

1213 2433 1307 2471 quos
1332 2433 1471 2456 nomen
1499 2421 1575 2457 Dei
1603 2420 1907 2471 blasphematur.
1932 2421 2028 2467 Quid
2050 2436 2144 2473 ergo,
2167 2425 2197 2462 si

1211 2495 1275 2533 ego
1293 2481 1382 2519 facio
1400 2481 1496 2532 quod
1516 2481 1613 2518 decet
1625 2511 1638 2527 ,
1671 2490 1703 2518 et
1717 2481 1807 2518 alius
1822 2481 2076 2534 blasphemat?
2096 2486 2196 2524 Nihil

132 2047 248 2086 ἴδωσιν
269 2050 299 2087 οἱ
321 2049 494 2100 ἅνθρωποι
507 2075 516 2092 ,
536 2046 594 2084 καὶ
621 2046 788 2089 δοξάσωσι
808 2044 865 2082 τὸν
888 2044 1032 2098 Πατέρα
1052 2050 1147 2097 ὑμῶν

132 2109 188 2145 τὸν
212 2111 245 2146 ἐν
266 2115 335 2152 τοῖς
361 2111 527 2161 οὐρανοῖς.
550 2108 594 2144 Εἰ
615 2106 649 2143 δὲ
681 2108 834 2157 ἀλλαχοῦ
861 2105 977 2156 λέγει·
993 2106 1061 2149 ζῸς
1088 2107 1147 2144 ἐὰν

130 2170 342 2220 σκανδαλίσῃ
364 2170 422 2207 ἕνα
440 2172 508 2207 τῶν
536 2170 668 2220 μικρῶν
693 2166 836 2215 τούτων,
860 2168 1026 2220 συμφέρει
1052 2170 1145 2222 αὐτῷ

129 2230 184 2267 ἰ’να
200 2235 378 2283 κρεμασθῇ
404 2231 509 2281 μύλος
524 2230 634 2273 ὀνικὸς
651 2228 729 2280 περὶ
753 2230 808 2267 τὸν
828 2229 1002 2282 τράχηλον
1022 2233 1124 2269 αὑτοῦ
1136 2261 1144 2274 ,

128 2293 185 2328 καὶ
205 2295 461 2343 καταποντισθῇ
482 2293 517 2328 ἐν
537 2293 586 2342 τῷ
606 2290 749 2340 πελάγει
771 2294 832 2336 τῆς
858 2289 1074 2338 ιὊαλάσσης·
1093 2292 1141 2342 μὴ

126 2354 325 2405 Θαυμάσῃς·
356 2355 393 2390 οὗ
421 2353 487 2404 γάρ
518 2354 591 2391 ἐστι
636 2356 746 2389 ταῦτα
775 2351 932 2399 ἐναντία,
960 2352 1049 2390 ἀλλὰ
1083 2355 1142 2392 καὶ

124 2414 255 2465 σφόδρα
271 2413 472 2465 συνᾴδοντα.
490 2412 605 2451 υΟταν
635 2412 696 2463 μὲν
725 2412 790 2464 γὰρ
810 2414 894 2463 παρ’
915 2417 1010 2463 ἡμᾶς
1037 2414 1141 2465 γένη-

123 2489 201 2518 ται,
222 2475 296 2511 οὐαὶ
320 2477 424 2524 ἡμῖν·
442 2473 522 2511 ὅταν
544 2472 579 2512 δὲ
601 2472 648 2523 μὴ
669 2475 752 2524 παρ’
780 2475 892 2522 ἡμᾶς,
921 2474 1048 2513 οὐκέτι.
1070 2476 1139 2514 Καὶ

123 2534 225 2571 πάλιν
244 2550 250 2556 ·
282 2534 373 2572 Οὐαὶ
391 2538 484 2583 ὓμῖν,
505 2535 547 2571 δι’
567 2533 623 2576 Οὓς
649 2533 686 2570 τὸ
715 2534 823 2582 ὄνομα
846 2537 905 2571 τοῦ
927 2537 1019 2573 Θεοῦ
1047 2539 1138 2587 βλα-
1210 2542 1255 2579 ad
1270 2551 1325 2587 te,
1345 2541 1404 2579 sed
1426 2540 1471 2578 ad
1499 2541 1602 2578 illum
1620 2556 1628 2576 :
1649 2555 1731 2577 nam
1752 2554 1816 2592 per
1835 2540 1939 2578 illum
1967 2543 2192 2595 blasphema-

123 2600 322 2645 σ’ρημεῖται.
336 2594 384 2631 Τί
403 2589 472 2641 οῦν,
496 2593 535 2631 ἂν
557 2593 624 2644 ἐγὼ
651 2593 711 2644 μὲν
731 2595 819 2631 ποιῶ
836 2610 869 2632 τι
885 2597 953 2632 τῶν
976 2597 1137 2645 δεόντων,
1208 2611 1277 2640 tur.
1299 2602 1346 2639 Et
1362 2601 1422 2651 qui
1438 2601 1515 2638 fieri
1533 2609 1659 2652 potest,
1684 2609 1723 2637 ut
1736 2600 1940 2650 quoddecet
1955 2602 2138 2650 faciamus,
2157 2616 2190 2644 et

120 2654 234 2705 ἕτερος
249 2654 283 2691 δὲ
302 2656 510 2706 βλασφημῆὶ
530 2653 640 2691 Οὐδὲν
656 2654 740 2705 πρὸς
761 2652 816 2700 σὲ,
837 2655 926 2693 ἀλλὰ
945 2657 1030 2709 πρὸς
1049 2661 1136 2697 ἐκεῖ·
1157 2676 1182 2705 1)
1206 2663 1286 2701 aliis
1305 2677 1423 2700 ansam
1441 2661 1566 2698 demus
1579 2662 1595 2698 Ξ)
1608 2660 1710 2698 Unde
1728 2661 1837 2698 vultis
1851 2675 1871 2698 a
1885 2663 2119 2713 praesentibus
2130 2667 2186 2703 vel

119 2729 194 2751 VOV’
211 2717 253 2753 δι’
273 2715 400 2755 ἐκείνου
422 2715 490 2767 γὰρ
509 2714 774 2766 {glocca-qudem.
791 2715 859 2752 Καὶ
877 2719 951 2760 πῶς
965 2718 1014 2756 ἔνι
1036 2728 1131 2772 πρᾶ-
1203 2738 1224 2761 a
1252 2723 1431 2761 veteribus
1460 2721 1564 2759 vobis
1595 2720 1757 2772 exempla
1781 2721 1953 2758 afferam?
1975 2723 2027 2760 Ne
2053 2725 2184 2764 samam

118 2773 173 2818 ξᾱί
190 2793 224 2814 τι
250 2781 317 2815 τῶν
347 2776 504 2823 δεόντων,
529 2776 589 2813 καὶ
617 2776 733 2813 δοῦναι
759 2781 830 2818 τοῖς
859 2777 975 2822 ἄλλοις
995 2781 1127 2832 >ag-fin
1202 2797 1413 2821 vereamur:
1434 2781 1590 2819 vultisne
1605 2780 1641 2817 id
1658 2780 1789 2831 ipsum,
1804 2780 1897 2830 quod
1911 2796 1984 2832 prae
2018 2785 2181 2823 manibus
2202 2795 2207 2799 '

115 2836 226 2875 Πόθεν
248 2838 428 2888 βούλεσθε,
448 2836 516 2875 ἀπὸ
535 2838 604 2873 τῶν
623 2840 678 2873 νῦν
699 2836 818 2884 ὄντων,
838 2836 860 2882 ἢ
882 2839 950 2877 ἀπὸ
968 2844 1036 2879 τῶν
1056 2860 1128 2882 πα·
1200 2846 1371 2884 habemus
1384 2874 1394 2891 ,
1419 2843 1606 2881 dicamus?
1624 2842 1833 2881 Judaizabat
1853 2844 1986 2881 Paulus
2002 2847 2180 2900 Jerosoly-

114 2897 221 2935 λαιῶν
240 2898 283 2936 τὰ
299 2898 566 2950 παραδείγματα
587 2900 668 2948 ὑμῖν
691 2897 826 2948 ἀγάγως
848 2897 926 2936 Ἵνα
953 2901 1000 2951 μὴ
1020 2905 1127 2957 ψοφο-
1198 2921 1277 2953 mae,
1301 2920 1370 2943 non
1402 2903 1622 2948 Antiochiae;
1639 2903 1856 2954 judaizabat,
1879 2912 1912 2941 et
1947 2905 2000 2941 illi
2024 2907 2178 2946 offendo-

113 2957 197 3000 δεέῖς
216 2950 322 3007 ὦμεν,
349 2958 510 3009 βούλεσθε
525 2958 608 2996 αὐτὸ
627 2958 667 3004 δὴ
687 2961 788 2995 τοῦτο
806 2958 844 2996 τὸ
864 2963 921 2997 νῦν
943 2963 1032 3011 μετὰ
1050 2973 1126 3017 χεῖ-
1197 2967 1337 3004 bantur.
1359 2967 1403 3003 At
1420 2978 1490 3002 non
1504 2965 1585 3016 jure
1618 2963 1896 3001 offendebantur.
1925 2965 2066 3003 Dicitur
2081 2967 2175 3005 salu-
2232 2998 2274 3026 De
2290 3001 2377 3029 Paulo

114 3031 174 3066 ρας
196 3017 364 3067 dmum
390 3017 571 3063 Ἰουδάϊζεν
591 3021 608 3056 ὃ
628 3020 768 3061 Παῦλος
797 3020 829 3056 ἐν
851 3018 1124 3074 Ἱεροσολύμοις,
1195 3037 1285 3065 tasse
1296 3025 1445 3064 Neronis
1459 3024 1702 3077 pocillatorem
1720 3032 1751 3060 et
1771 3024 2015 3063 concubinam.
2034 3028 2175 3074 Quanta
2191 3039 2321 3069 historia.

1195 3087 1327 3140 putatis
1346 3095 1467 3124 contra
1480 3085 1582 3122 illum
1603 3093 1744 3136 propter
1756 3084 1824 3121 hoc
1837 3083 1971 3123 dixisse
1985 3086 2090 3124 illos?
2105 3090 2176 3127 Sed

1195 3162 1264 3186 non
1277 3148 1394 3199 juste:
1410 3160 1491 3183 nam
1506 3145 1535 3183 si
1554 3144 1707 3183 lasciviae
1725 3157 1827 3181 causa
1838 3144 2034 3195 salutasset,
2053 3149 2109 3186 vel
2129 3151 2174 3188 ob

110 3078 186 3114 ἀλλ’
206 3079 239 3114 ἐν
258 3077 447 3130 Ἀντιοχείᾳ
476 3080 538 3116 οὐκ
567 3080 634 3117 ἔτι·
664 3081 810 3125 ἷουδάϊζε
830 3081 889 3120 καὶ
918 3086 1123 3125 ἐσκανδαλί-

111 3141 223 3182 ζοντο,
244 3137 319 3173 ἀλλ’
337 3140 373 3174 Οὖ
391 3141 529 3186 δικαίως
551 3144 832 3188 ἐσκανδαλίζοντο
853 3146 987 3184 ἐκεῖνοι.
1010 3148 1122 3198 Λέγε-

1175 3266 1265 3309 quod
1282 3267 1319 3298 C.
1338 3277 1412 3297 cum
1430 3263 1543 3296 Bibliis
1558 3263 1684 3295 omittit
1700 3268 1821 3305 πάντες,
1834 3263 1924 3306 quod
1944 3272 2051 3298 [amen
2069 3269 2173 3311 ipsum

1174 3329 1304 3361 quoque
1319 3316 1468 3348 reddidit
1487 3317 1653 3356 Interpres
1670 3316 1762 3356 Lat.]

1218 3371 1234 3395 b
1252 3370 1344 3401 Unus
1359 3366 1443 3400 Cod.
1465 3371 1621 3403 922212213.
1642 3369 1691 3399 0)ae
1710 3369 1769 3400 ἔστι
1786 3370 1882 3400 ταῦτα
1900 3371 2028 3402 ἐναντία,

153 3269 165 3283 c
185 3259 194 3299 [
207 3259 328 3291 Omnes
343 3268 459 3300 praeter
474 3262 514 3293 D.
529 3271 588 3301 τοῖς
601 3266 735 3305 μάγοις-Ἰ

156 3322 169 3334 -·
187 3310 240 3341 Sic
254 3311 329 3341 uss.
349 3319 448 3343 recte.
466 3312 555 3344 Editi
572 3326 648 3345 vero
665 3315 749 3346 male
767 3321 909 3360 γελῶμεν,
922 3321 1105 3363 ὃνκρὺωμεν.

160 3363 173 3377 ⁸
192 3364 197 3402 1
217 3364 312 3395 ll-ec,
332 3367 378 3395 καὶ
395 3367 523 3397 nam-a...
538 3371 696 3408 ἅνθρωποι,
716 3379 786 3408 quse
802 3367 921 3400 desunt
938 3370 968 3400 in
990 3368 1104 3409 Editis,

112 3413 381 3455 1-·,rl=c1u(iodd‚
405 3416 441 3449 B.
457 3416 493 3448 C.
510 3417 547 3447 D.
562 3417 573 3458 (
587 3419 618 3448 in
632 3419 655 3448 A
685 3420 787 3462 major
806 3419 923 3453 lacuna
946 3428 990 3452 est
1004 3419 1028 3463 )
1046 3419 1106 3452 nisi
