2502 3810
338 243 430 301 544
816 256 852 285 S.
892 255 1076 285 JOANMS
1111 256 1350 287 CIIRYSOST.
1390 258 1592 289 ARCHIEP.
1629 261 1981 294 CONSTANTINOP-

333 338 416 374 ritui
430 346 547 374 sancto
563 336 685 387 gloria,
703 335 906 386 imperium,
922 335 1046 385 honor,
1062 350 1154 374 nunc
1172 346 1204 374 et
1220 351 1309 375 sem-

337 411 413 447 per,
423 406 455 434 et
473 398 508 434 in
522 395 872 433 saeculasaeculorum.
888 397 1008 434 Amen.

644 824 852 862 HOMILIA
888 826 987 865 VIII.

330 945 418 983 CAP.
444 945 509 984 IV.
538 960 572 983 v.
604 947 638 983 1.
674 947 778 997 Quid
806 961 893 998 ergo
921 948 1089 985 dicemus
1116 950 1308 987 invenisse

383 1006 588 1044 Abraham
615 1016 764 1058 patrem
793 1017 961 1046 nostrum
990 1011 1198 1047 secundum
1221 1025 1309 1048 ear-

385 1082 471 1104 nem
479 1072 495 1104 9
511 1071 546 1106 9.
563 1070 666 1105 [Yam
679 1071 712 1106 si
725 1068 933 1106 Abraham
949 1084 995 1106 ex
1012 1073 1186 1121 operibus
1194 1073 1309 1122 justi-

379 1128 522 1178 ficatus
553 1137 621 1176 est,
653 1130 767 1166 habet
789 1130 967 1180 gloriam,
1000 1131 1068 1168 sed
1097 1145 1173 1168 non
1206 1133 1311 1182 apud

382 1189 519 1226 Deum.

382 1321 417 1355 1.
448 1320 637 1369 Postquam
661 1319 816 1369 dixerat,
837 1321 931 1372 quod
959 1321 1112 1361 mundus
1133 1323 1308 1361 obnoxius

326 1380 437 1416 factus
461 1380 506 1417 sit
530 1381 617 1429 Deo,
639 1380 733 1430 quod
761 1396 880 1419 omnes
904 1384 1142 1434 peccaverint,
1159 1394 1192 1422 et
1211 1385 1307 1434 quod

326 1454 395 1477 non
422 1440 532 1492 possit
565 1441 658 1478 salus
684 1441 836 1480 obtineri
859 1443 1018 1492 aliunde,
1038 1458 1144 1494 quam
1172 1460 1236 1496 per
1258 1445 1302 1482 fi<

325 1500 424 1549 dem3
443 1502 593 1553 probare
612 1502 730 1540 studet
758 1503 906 1540 salutem
936 1503 1034 1541 illam
1062 1519 1130 1541 non
1159 1504 1306 1542 dedeco-

325 1561 385 1611 ris,
403 1561 464 1599 sed
483 1562 604 1612 gloriae
620 1577 760 1600 causam
777 1577 861 1611 esse,
878 1572 910 1600 et
927 1564 1070 1615 maJOris
1083 1579 1136 1613 ea,
1149 1580 1226 1615 quae
1242 1580 1305 1617 per

323 1635 426 1673 opera
454 1623 663 1672 acquiritur.
688 1624 794 1670 Quia.
810 1624 903 1660 enim
929 1638 1009 1661 cum
1028 1624 1198 1662 dedecore
1218 1640 1305 1676 quo-

322 1683 418 1734 piam
447 1683 595 1719 salutem
625 1683 788 1733 consequi
807 1683 964 1733 aliquam
983 1685 1086 1721 affert
1103 1685 1300 1735 tristitiam,

321 1743 411 1780 hanc
431 1757 569 1794 quoque
590 1743 756 1795 deinceps
781 1745 1017 1796 suspicionem
1046 1746 1158 1795 tollit3
1182 1761 1304 1796 quam-

322 1817 429 1853 quam
449 1813 482 1841 et
502 1805 570 1842 hoc
590 1805 666 1856 jam
688 1805 940 1855 subindicavit,
960 1821 1040 1844 cum
1066 1808 1165 1845 illam
1196 1822 1303 1846 voca-

125 1873 211 1901 Rum.
226 1881 308 1912 ως.
322 1864 385 1912 vit,
399 1879 468 1902 non
488 1865 635 1903 salutem
652 1865 768 1914 modo,
787 1866 847 1904 sed
867 1876 900 1904 et
914 1868 1090 1919 justitiam
1112 1884 1120 1904 τ
1140 1870 1303 1907 Justitia

321 1929 423 1962 enim
448 1928 537 1975 Dei,
555 1926 684 1977 inquit,
702 1930 743 1964 in
772 1930 853 1978 ipso
881 1929 1086 1966 revelatur.
1104 1930 1174 1976 Qui
1209 1932 1303 1969 enim

320 1988 368 2024 ita
385 1997 558 2035 servatur,
577 1997 616 2025 ut
630 1989 748 2040 justus
769 2003 850 2026 eum
870 1989 1000 2027 fiducia
1017 1991 1135 2029 salvus
1155 2001 1215 2029 est.
1232 1994 1304 2030 Nec

317 2050 491 2101 justitiam
526 2051 641 2088 solum
672 2051 773 2097 dicit,
800 2051 861 2089 sed
888 2062 920 2090 et
949 2054 1180 2092 ostensionem
1200 2056 1264 2093 Dei
1293 2072 1300 2092 :

322 2113 417 2149 Deus
438 2112 531 2149 enim
550 2112 586 2149 in
607 2112 768 2163 gloriosis
788 2113 997 2163 ostenditur,
1012 2115 1046 2152 in
1063 2116 1256 2167 splendidis
1271 2126 1304 2155 et

324 2172 471 2223 magnis.
490 2173 665 2209 Caeterum
681 2173 785 2210 etiam
805 2188 849 2210 ex
868 2175 1060 2225 propositis
1081 2176 1144 2214 hoc
1160 2178 1301 2228 probat,

323 2248 386 2284 per
402 2234 709 2285 interrogationem
724 2234 894 2271 disserere
917 2249 1064 2286 pergens
1071 2252 1081 2284 3
1098 2237 1149 2274 uti
1168 2252 1305 2289 semper

323 2294 409 2331 solet
437 2295 550 2331 faeere
575 2303 651 2331 tum
678 2294 940 2346 perspicuitatis
967 2310 1083 2342 eausa,
1104 2306 1180 2334 tum
1210 2299 1305 2348 quod

322 2355 428 2393 dictis
459 2355 626 2393 confidat.
652 2357 741 2392 'Nam
770 2355 817 2392 ita
847 2355 927 2392 feeit
954 2365 986 2392 et
1017 2371 1134 2407 supra,
1154 2357 1301 2396 dicens:

326 2417 428 2466 Quid
453 2419 570 2467 igitur
597 2417 764 2467 amplius
794 2417 910 2453 habet
934 2417 1120 2454 Judoeus?
1136 2427 1182 2467 et,
1206 2419 1307 2468 Quid

320 2479 436 2527 igitur
449 2477 614 2527 arnplius
626 2478 834 2513 hahemus?
849 2490 888 2513 ac
898 2490 1052 2523 rursum,
1078 2479 1151 2514 Ubi
1162 2479 1306 2529 gloria—

321 2541 404 2574 tio?
423 2539 599 2575 Exclusa
624 2546 696 2582 e5t;
716 2546 748 2574 et
775 2537 847 2583 hic,
873 2538 975 2587 Quid
995 2541 1109 2589 igitur
1135 2540 1304 2578 dicemus

321 2599 362 2635 A
366 2600 458 2635 brale
466 2613 527 2635 (cm
535 2607 684 2649 patrem
697 2598 995 2644 tzost1‘111129Q11ia
1006 2599 1099 2636 enim
1110 2601 1129 2639 J
1133 2600 1225 2637 udaei
1236 2601 1302 2639 hoc

320 2674 378 2697 sus
390 2659 503 2709 deque
514 2659 712 2705 versabant,
723 2658 818 2709 quod
833 2659 1035 2710 patriarcha
1047 2669 1079 2697 et
1091 2661 1156 2698 Dei
1168 2662 1302 2700 amicus

319 2722 623 2760 circumcisionem
653 2722 754 2773 prius
791 2722 992 2774 accepisset,
1015 2723 1094 2761 vult
1122 2724 1303 2762 ostendere

319 2784 436 2835 ipsum
465 2798 604 2834 quoque
639 2797 684 2820 ex
715 2782 786 2821 fide
811 2783 1048 2834 justificatum
1076 2799 1150 2822 esse
1175 2799 1182 2819 :
1208 2785 1302 2836 quod

318 2858 452 2895 magnae
474 2843 630 2882 victoriae
651 2843 881 2881 exuberantia
900 2853 984 2882 erat.
1005 2843 1109 2889 Quod
1124 2845 1218 2882 enim
1238 2845 1305 2883 ali-

320 2905 398 2955 quis
417 2905 491 2942 sine
510 2904 675 2956 operibus
698 2918 741 2941 ex
771 2903 842 2941 fide
863 2904 1095 2956 justificetur,
1120 2919 1187 2943 non
1208 2906 1302 2944 absi-

320 2967 404 3004 mile
421 2980 504 3004 vero
525 2975 575 3004 est
597 2981 604 3002 ε
626 2965 723 3016 quod
742 2980 826 3003 vero
846 2966 881 3003 in
904 2975 997 3003 recte
1014 2967 1114 3004 factis
1133 2968 1300 3016 eximius,

321 3041 388 3064 non
412 3028 511 3074 hinc,
530 3026 591 3065 scd
616 3040 659 3063 ex
682 3026 754 3064 fide
779 3026 842 3063 fiat
862 3027 994 3078 justus,
1017 3026 1105 3064 illud
1140 3028 1304 3067 mirabile

314 3097 376 3136 est,
410 3098 443 3125 et
470 3088 553 3126 fidei
578 3089 651 3125 vim
675 3087 904 3126 demonstrat.
923 3088 1044 3134 Quare
1066 3088 1145 3126 aliis
1165 3099 1304 3141 praeter-

315 3151 431 3188 missis
450 3151 628 3200 omnibus,
642 3151 678 3188 in
696 3151 792 3188 hunc
808 3164 1003 3188 sermonem
1023 3152 1214 3201 convertit,
1233 3155 1302 3205 pa'-

314 3221 402 3251 trem
432 3229 512 3253 vero
539 3214 643 3252 illum
668 3214 861 3252 secundum
883 3228 1023 3252 carnem
1048 3215 1203 3259 vocavit,
1234 3217 1300 3268 eji—

356 3353 366 3365 ³
392 3344 442 3383 [Α.
467 3346 610 3377 εἶπεν-..-.
632 3350 778 3387 ἥμαρτον,
800 3349 848 3377 καὶ
877 3350 921 3378 ότι
946 3351 961 3382 γ’,
990 3348 1127 3387 καύχησις
1140 3351 1315 3386 ἐξεκλείσθη.

311 3396 357 3425 Ex
373 3393 486 3425 codem
504 3406 579 3425 mox
600 3399 665 3428 »2225
683 3395 873 3433 ·r','dc‹litnus.
887 3397 977 3428 Editi
995 3399 1097 3439 ἀλλά]

1323 806 1371 830 1⁴97

1385 339 1444 376 καὶ
1462 340 1506 378 τὰ
1525 339 1647 391 ἕτοιμα
1665 341 1827 393 πρόηται.
1849 343 2056 395 Σπείρωμεν
2076 344 2186 382 τοίνυν
2204 345 2261 383 καὶ
2283 349 2400 396 ἡμεῖς,

1383 399 1442 436 καὶ
1463 400 1717 452 γεωργήσωμεν
1732 402 1789 439 τὸν
1811 403 1964 454 οὐρανὸν,
1983 403 2039 441 ἵνα
2058 405 2145 455 μετὰ
2162 406 2292 451 πολλῆς
2312 406 2402 456 ἀμή-

1384 475 1500 510 σωμεν
1519 464 1580 507 τῆς
1613 462 1810 513 δαψιλείας,
1841 463 1900 500 καὶ
1930 466 1997 501 τῶν
2014 465 2161 503 αἰωνίων
2182 466 2400 517 ἓπιτύχωμεν

1383 523 1534 572 ἀγαθῶν,
1556 521 1676 573 χάριτι
1706 522 1766 561 καὶ
1800 524 2039 576 φιλανθρωπίᾳ
2073 531 2131 563 τοῦ
2153 525 2279 577 Κυρίου
2299 528 2400 575 ἡμῶν

1380 581 1496 628 Ἰησοῦ
1528 583 1701 635 Χριστοῦ,
1729 586 1804 634 μεθ’
1828 577 1865 622 οῦ
1895 586 1944 634 τῷ
1978 585 2093 637 Πατρὶ
2130 585 2203 636 ἅμα
2233 588 2282 637 τῷ
2313 586 2400 637 ἁγίῳ

1380 641 1561 692 Πνεύματι
1588 642 1685 690 δόξα,
1720 643 1866 695 κράτος,
1901 643 2008 694 τιμὴ,
2029 649 2085 682 νῦν
2103 645 2161 683 καὶ
2190 646 2262 693 ἀεὶ,
2278 646 2337 683 καὶ
2355 647 2401 688 εἷς

1381 701 1459 745 τοὺς
1479 705 1604 746 αἰῶνας
1632 706 1700 741 τῶν
1722 703 1870 741 αἰώνων.
1896 703 2016 754 Ἀμήν.

1761 833 1938 870 οΜΙΛιΑ
1961 831 2007 879 η’.

1378 953 1425 990 Τί
1444 946 1501 990 οῦν
1527 955 1669 1005 ἐροῦμεν
1688 954 1849 1007 Ἀδραὰμ
1879 954 1935 992 τὸν
1960 955 2094 1006 πατέρα
2123 958 2223 1004 ἡμῶν
2257 956 2398 1008 εὑρηκέ-

1430 1030 1485 1051 ναι
1511 1015 1598 1052 κατὰ
1620 1015 1750 1066 σάρκα,
1773 1018 1816 1054 Εἰ
1847 1016 1914 1068 γὰρ
1934 1016 2092 1067 Ἇὸραὰμ
2121 1015 2156 1060 ἐξ
2194 1015 2300 1069 ἔργων
2330 1018 2398 1054 ἐδι-

1432 1076 1564 1123 καιώθη
1580 1106 1590 1124 ,
1605 1077 1677 1128 ἔχει
1697 1076 1888 1128 καύχημα,
1906 1078 1981 1114 ἀλλ’
2003 1078 2040 1114 οὐ
2058 1076 2142 1130 πρὸς
2160 1076 2218 1114 τὸν
2237 1077 2340 1115 Θεόν.

1430 1332 1443 1347 ⁸
1460 1324 1596 1373 Εἰπὼν,
1619 1325 1671 1364 ὅτι
1692 1325 1857 1368 ὑπόδικος
1888 1324 2020 1374 ἐγένετο
2039 1327 2056 1361 ὃ
2077 1324 2205 1379 κόσμος
2224 1327 2273 1377 τῷ
2295 1327 2395 1378 Θεῷ,

1379 1388 1438 1425 καὶ
1458 1388 1510 1425 ὅτι
1530 1387 1657 1430 πάντες
1677 1387 1846 1437 ἥμαρτον,
1865 1386 1924 1423 καὶ
1941 1385 1992 1422 ὅτι
2009 1388 2070 1423 οὐκ
2086 1386 2135 1422 ἔνι
2152 1389 2305 1431 σωθῆναι
2324 1386 2396 1424 ἑτέ-

1379 1464 1462 1500 ρως,
1480 1449 1554 1485 ἀλλ’
1577 1447 1598 1492 ἢ
1620 1447 1675 1484 διὰ
1692 1447 1857 1493 πίστεως,
1869 1446 2053 1489 σπουδάζει
2068 1446 2174 1489 δεῖξαι
2194 1447 2329 1493 λοιπὸν,
2345 1447 2398 1484 ὅτι

1330 1521 1353 1549 Β
1376 1508 1450 1546 οὐδὲ
1474 1507 1638 1559 αἰσχύνης
1655 1511 1675 1553 ἡ
1700 1506 1856 1557 σωτηρία
1874 1505 1981 1553 αὕτη,
2006 1505 2096 1543 ἀλλὰ
2111 1506 2170 1544 καὶ
2190 1507 2287 1553 δόξης
2306 1510 2398 1558 λαμ-

1376 1576 1465 1620 πρᾶς
1484 1569 1500 1588 ¹³
1514 1569 1626 1615 αἰτία,
1640 1568 1697 1606 καὶ
1718 1567 1869 1618 μείζονος
1886 1571 1948 1614 τ’ῆς
1965 1567 2020 1605 διὰ
2033 1571 2100 1605 τῶν
2117 1567 2237 1619 ἔργων.
2249 1567 2396 1614 Ἐπειδὴ

1374 1631 1442 1682 γὰρ
1462 1630 1500 1669 τὸ
1521 1632 1594 1680 μετ’
1618 1629 1785 1681 αἰσχύνης
1805 1627 1973 1672 σώζεσθαι
2007 1623 2079 1680 εἶχέ
2114 1645 2193 1666 τινα
2223 1629 2280 1667 καὶ
2316 1632 2397 1668 ἀθυ-

1377 1691 1471 1742 μίαν,
1492 1691 1552 1728 καὶ
1569 1689 1699 1736 ταύτην
1722 1692 1856 1741 ἀναιρεῖ
1874 1689 1937 1735 τὴν
1957 1689 2107 1741 ὑποψίαν
2127 1689 2264 1727 λοιπόν·
2283 1689 2397 1728 καίτοι

1375 1768 1413 1803 γε
1435 1751 1493 1790 καὶ
1512 1751 1579 1798 ἤδη
1605 1752 1688 1789 αὐτὸ
1720 1750 1880 1802 ᾐνίξατο,
1901 1751 1937 1787 οὐ
1958 1750 2132 1801 σωτηρίαν
2164 1750 2286 1801 μόνον,
2308 1750 2397 1788 ἀλλὰ

1375 1813 1434 1851 καὶ
1453 1812 1669 1859 δικαιοσύνην
1690 1812 1860 1856 καλέσας·
1880 1811 2090 1858 Δικαιοσύνη
2111 1812 2178 1863 γὰρ
2200 1814 2291 1850 Θεοῦ
2304 1842 2313 1859 ,
2330 1827 2395 1863 φη-

1377 1874 1445 1921 σὶν,
1465 1877 1497 1912 ἐν
1514 1876 1607 1926 αὐτῷ
1631 1873 1934 1913 ἀποκαλύπτεται·
1951 1876 1968 1911 ὁ
1987 1872 2054 1925 γὰρ
2080 1872 2167 1911 οὕτω
2183 1871 2373 1923 σωζόμενος
2385 1903 2394 1920 ,

1376 1938 1422 1978 ὡς
1442 1934 1571 1978 δίκαιος
1598 1934 1685 1985 μετὰ
1709 1934 1906 1986 παρρησίας
1937 1933 2096 1978 σώζεται.
2119 1935 2188 1971 Καὶ
2215 1935 2252 1970 οὐ
2271 1934 2396 1971 δικαιο-

1378 1996 1480 2042 σύνην
1504 1996 1622 2047 μόνον,
1643 1996 1731 2033 ἀλλὰ
1750 1995 1808 2032 καὶ
1826 1994 1964 2039 ἔνδειξιν
1981 1997 2073 2033 Θεοῦ
2087 2009 2094 2017 ·
2111 1995 2198 2036 Θεὸς
2218 1993 2253 2030 δὲ
2275 1995 2308 2030 ἐν
2326 1999 2396 2036 τοῖς

1377 2056 1522 2101 ἐνδόξοις
1537 2056 1748 2094 ἐνδείκνυται
1762 2055 1820 2093 καὶ
1837 2057 2010 2107 λαμπροῖς
2030 2055 2088 2092 καὶ
2105 2055 2278 2105 μεγάλοις.
2295 2054 2397 2100 Πλὴν

1377 2117 1467 2155 ἀλλὰ
1500 2117 1559 2155 καὶ
1586 2120 1624 2156 ἐκ
1654 2120 1722 2155 τῶν
1750 2117 1984 2168 προκειμένων
2011 2116 2093 2153 αὐτὸ
2126 2115 2397 2163 κατασκευάζει,

1376 2178 1466 2215 κατὰ
1488 2178 1658 2230 ἐρώτησιν
1687 2178 1848 2230 προάγων
1870 2177 1928 2215 τὸν
1946 2175 2064 2227 λόγον·
2093 2175 2177 2227 ὅπερ
2204 2176 2256 2214 ἀεὶ
2285 2182 2394 2214 ποιεῖν

1377 2238 1475 2276 εἴωθε
1505 2238 1690 2289 σαφηνείας
1707 2253 1744 2274 τε
1764 2238 1876 2275 ἕνεκεν
1893 2237 1952 2275 καὶ
1970 2241 2028 2275 τοῦ
2049 2239 2185 2288 θαρρεῖν
2204 2242 2273 2280 τοῖς
2300 2238 2397 2287 λεγο-

1378 2298 1503 2347 μένοις.
1522 2299 1591 2336 Καὶ
1611 2298 1678 2350 γὰρ
1698 2298 1755 2334 καὶ
1776 2297 1937 2347 ἀνωτέρω
1959 2296 2048 2334 οὕτω
2065 2296 2254 2342 πεποίηκε,
2276 2296 2323 2334 Τί
2339 2290 2396 2334 οῦν

1376 2358 1415 2395 τὸ
1431 2358 1594 2407 περισσὸν
1610 2363 1668 2395 τοῦ
1687 2357 1876 2403 Ἰουδαίου,
1896 2356 2005 2407 λέγων
2018 2371 2025 2379 ·
2051 2356 2129 2400 καὶ,
2155 2356 2201 2394 Τί
2230 2350 2286 2393 οῦν
2304 2372 2395 2407 προ-

1376 2417 1569 2469 κατέχομεν
1591 2418 1779 2469 περισσόν,
1812 2418 1870 2454 καὶ
1907 2418 2025 2463 πάλιν,
2046 2419 2120 2455 Ποῦ
2149 2420 2169 2462 ἡ
2204 2416 2394 2468 καύχησις,

1376 2478 1567 2525 ἐξεκλείσθη
1581 2494 1588 2502 ·
1610 2479 1668 2516 καὶ
1687 2481 1851 2525 ἐνταῦθα,
1867 2478 1914 2516 Τί
1933 2472 1990 2515 οῦν
2008 2480 2148 2530 ἐροῦμεν
2166 2477 2324 2530 Ἀδραὰμ
2337 2478 2395 2516 τὸν

1376 2538 1512 2590 πατέρα
1533 2542 1656 2589 ἡμῶν;
1685 2538 1830 2585 Ἐπειδὴ
1865 2538 1933 2591 γὰρ
1969 2539 2040 2576 ἄνω
2075 2538 2134 2576 καὶ
2165 2539 2260 2575 κάτω
2297 2544 2397 2577 τοῦτο

1375 2598 1535 2650 ἔστρεφον
1553 2599 1734 2646 Ἰουδαῖοι,
1750 2598 1803 2637 ὅτι
1819 2602 1836 2637 ὅ
1854 2599 2075 2650 πατριάρχης
2092 2598 2151 2636 καὶ
2169 2601 2218 2651 τῷ
2238 2601 2318 2651 Θεῷ
2341 2598 2395 2650 φί-

1373 2662 1430 2704 λος
1450 2661 1640 2711 περιτομὴν
1657 2660 1793 2704 ἐδέξατο
1824 2662 1980 2711 πρῶτος,
2004 2660 2165 2710 βούλεται
2194 2660 2321 2709 δεῖξαι,
2342 2661 2394 2698 ὅτι

1373 2720 1430 2758 καὶ
1449 2723 1574 2764 ἐκεῖνος
1590 2723 1629 2758 ἐκ
1643 2721 1793 2764 πίστεως
1812 2720 2016 2766 ἐδικαιώθη·
2045 2719 2130 2772 ὅπερ
2150 2714 2192 2766 ἦν
2212 2719 2394 2773 περιουσία

1325 2793 1350 2822 Ι)
1372 2782 1468 2828 νίκης
1487 2784 1628 2828 πολλῆς.
1644 2784 1695 2820 Τὸ
1714 2783 1774 2833 μὲν
1794 2783 1861 2833 γὰρ
1878 2782 1961 2834 ἔργα
1982 2782 2029 2831 μὴ
2046 2781 2170 2833 ἔχοντα
2186 2783 2226 2819 ἐκ
2244 2782 2395 2824 πίστεως

1373 2844 1599 2889 δικαιο>θῆναί
1625 2859 1720 2890 τινα,
1738 2842 1832 2881 οὐδὲν
1851 2842 2011 2886 ἀπεικός·
2033 2843 2072 2880 τὸ
2101 2842 2136 2881 δὲ
2163 2846 2328 2893 κομῶντα
2359 2845 2393 2881 ἐν

1370 2903 1616 2955 κατορθώμασι
1635 2904 1682 2954 μὴ
1703 2906 1870 2951 ἐντεῦθεν,
1891 2905 1966 2942 ἀλλ’
1986 2903 2054 2942 ἀπὸ
2069 2903 2219 2947 πίστεως
2236 2904 2394 2955 γενέσθαι

1373 2964 1519 3010 δίκαιον,
1547 2969 1647 3002 τοῦτο
1665 2959 1706 3011 ἦν
1723 2965 1761 3002 τὸ
1782 2963 1978 3015 θαυμαστὸν
1999 2964 2057 3001 καὶ
2080 2964 2233 3015 μάλιστα
2262 2968 2324 3010 τῆς
2339 2964 2396 3002 πί-

1373 3041 1478 3068 στεως
1502 3024 1564 3070 τὴν
1583 3023 1681 3075 ἰσχὺν
1698 3027 1874 3075 ἐμφαῖνον.
1891 3023 1953 3061 Διὸ
1973 3025 2014 3070 δὴ
2034 3024 2112 3067 τοὺς
2131 3025 2255 3068 ἄλλους
2277 3041 2375 3076 παρα
2389 3048 2396 3054 ·

1373 3085 1514 3139 δραμὼν
1529 3085 1680 3132 πάντας,
1701 3085 1758 3122 ἐπὶ
1776 3089 1895 3123 τοῦτον
1913 3086 2100 3136 ἀνάγειτὸν
2114 3086 2228 3137 λόγον.
2252 3086 2396 3139 Πατέρα

1376 3151 1405 3166 ΝΚ

1374 3166 1408 3189 οε
1439 3152 1538 3190 αὐτὸν
1559 3151 1649 3189 κατὰ
1671 3152 1784 3205 σάρκα
1801 3153 1979 3199 ἐκάλεσεν,
1997 3152 2177 3191 ἐκὸάλλων
2197 3151 2317 3195 αὐτοὺς
2335 3156 2396 3199 τῆς

1373 3219 1457 3270 πρὸς
1480 3219 1580 3257 αὐτὸν
1600 3218 1742 3269 γνησίας
1759 3218 1974 3270 συγγενείας,
1995 3219 2054 3257 καὶ
2074 3221 2308 3271 προοδοποιῶν
2326 3225 2396 3263 τοῖς

1427 3350 1442 3372 ¹1
1467 3349 1477 3389 ἱ
1495 3350 1529 3379 A.
1550 3349 1805 3381 0n1iuii=.ocem
1822 3354 1919 3389 αὲτίκ,
1939 3356 1969 3380 et
1990 3348 2073 3381 insi-a
2091 3348 2242 3391 copulam
2258 3355 2304 3383 καί
2317 3355 2392 3391 post

1384 3406 1478 3433 καίτοι
1498 3415 1539 3441 γε.
1561 3400 1566 3441 1
