2502 3810
726 278 768 306 ΙΝ
805 274 946 307 EPIST.

83 366 193 398 πᾶσαι
213 359 248 397 αἱ
275 358 414 405 λοιπαὶ,
445 358 568 402 ἔδειξεν
591 357 697 399 εἰπών
715 374 721 381 ·
743 358 796 396 Τὸ
815 357 850 396 δὲ
868 357 1026 409 χάρισμα
1060 358 1098 394 ἐκ

82 422 218 458 πολλῶν
240 419 536 470 παραπτωμάτων
567 421 613 462 εἰς
647 418 832 468 δικαίωμα.
861 417 965 456 ”ΟΟεν
987 420 1097 467 ἀναγ-

71 480 188 524 -καίως
207 478 512 518 συναποδέδεικται
531 478 589 516 καὶ
612 477 650 515 τὸ
670 478 727 516 τὸν
753 477 896 516 θάνατον
916 476 1097 529 πρόρριζον

82 541 311 580 ἀνεσπάσθαι.
340 540 453 592 Χρεία
481 539 515 577 δὲ
541 538 800 577 κατασκευάσαι
818 537 956 584 λοιπὸν,
977 536 1096 582 ἐπειδὴ

83 604 196 653 μεῖζον
217 596 291 640 εἶπε
307 605 366 639 τοῦ
383 601 550 654 προτέρου
565 601 603 638 τὸ
623 600 800 652 δεύτερον,
816 599 876 637 καὶ
895 598 978 636 αὐτὸ
999 602 1099 636 τοῦτο

82 664 200 701 πάλιν.
219 662 395 715 Πρότερον
417 662 479 713 μὲν
505 662 571 713 γὰρ
591 656 705 708 εἶπεν,
723 661 775 698 ὅτι
795 663 824 698 εἰ
851 659 924 703 ἑνὸς
944 658 1099 710 ἁμαρτία

83 723 263 761 ἀπέκτεινε
283 723 433 770 πάντας,
452 723 571 774 πολλῷ
590 723 721 771 μᾶλλον
742 721 800 758 καὶ
818 720 889 763 ἑνὸς
905 719 1006 772 χάρις
1031 722 1100 757 σῶ-

986 274 1043 304 AD
1083 275 1191 304 ΗΘΜ.

2121 254 2144 276 *7

1230 273 1384 303 nonu„
1423 273 1468 301 x.
2054 252 2144 313 57)

1169 354 1275 400 Quod
1294 353 1404 405 igitur
1423 352 1575 405 plurima
1594 349 1737 389 inducta
1751 349 1819 388 sint
1838 349 1928 387 110113
1944 379 1953 397 ,
1975 363 2086 399 neque
2103 349 2147 386 il-

1167 415 1230 452 lud
1239 415 1345 452 modo
1363 417 1545 466 peecatum
1561 442 1569 459 ,
1590 412 1651 450 sed
1665 412 1770 449 etiam
1781 420 1901 449 caetera
1919 410 2035 448 omnia
2055 410 2145 448 sub-

1166 476 1236 513 lata
1254 475 1342 522 51111,
1361 475 1399 513 id
1417 475 1493 527 ipse
1513 473 1667 512 declarat
1683 489 1690 509 :
1707 474 1847 512 Gracia
1868 487 1914 510 ez·
1929 473 2060 510 multis
2079 473 2144 508 de-

1166 536 1267 573 lictis
1287 536 1340 572 ad
1360 535 1691 587 justificationem.
1713 533 1819 571 Unde
1842 532 2036 570 necessario
2054 529 2147 569 illud

1166 610 1305 646 quoque
1319 605 1495 633 ostensum
1515 604 1583 643 est,
1611 603 1759 632 mortem
1786 593 1956 631 radicitus
1985 592 2146 631 avulsam

1167 657 1283 694 fuisse.
1312 656 1540 695 probandum
1560 669 1644 695 vero
1665 664 1791 702 restat,
1823 654 1991 704 quoniam
2023 666 2149 690 seeun-

1165 716 1253 754 dum
1268 718 1384 769 primo
1409 718 1525 769 majus
1547 731 1619 755 csse
1635 717 1729 754 dixit
1743 746 1754 765 7
1777 717 1900 753 1111106
1921 729 2058 765 quoque
2086 713 2147 751 ad-

84 800 142 823 σαι
173 783 379 830 δυνήσεται·
402 782 489 832 μετὰ
516 786 626 819 ταῦτα
653 780 776 825 ἔδειξεν
793 810 801 826 ,
819 780 872 818 ὅτι
896 782 957 818 οὐκ
986 778 1098 824 ἐκείνη
1121 788 1145 817 Ε
1168 786 1336 814 struatur.
1357 777 1477 814 Primo
1491 778 1623 828 quippe
1641 776 1736 814 dixit
1757 792 1764 812 :
1787 775 1824 814 Si
1842 775 1946 812 11111115
1963 783 2146 827 peecatum

86 844 233 895 ἀνῃρέθη
256 845 357 894 μόνον
379 846 400 889 ἡ
421 842 577 894 ἁμαρτία
593 841 650 879 διὰ
668 844 729 887 τῆς
747 841 908 892 χάριτος,
927 838 1016 876 ἀλλὰ
1042 838 1102 875 καὶ

86 910 197 942 πᾶσαι
217 907 251 941 αἱ
264 904 396 949 λοιπαὶ,
412 903 471 940 καὶ
485 904 550 953 οὐχ
564 900 732 952 ἁμαρτίαι
753 900 968 951 ἀνῃρέθησαν
987 899 1101 948 μόνον,

88 964 176 1002 ἀλλὰ
194 964 252 1002 καὶ
269 962 467 1008 δικαιοσύνη
484 962 582 1006 ἐδόθη
599 977 606 984 ·
628 960 687 998 καὶ
706 963 743 998 οὗ
764 964 923 996 τοσοῦτον
945 957 1104 1008 ὠφέλησε

125 1024 132 1034 Ι
281 1026 290 1029 ⁷
377 1024 385 1035 x
454 1021 470 1037 e}
552 1021 566 1034 Sl
730 1023 740 1035 ξ
775 1018 784 1030 2
817 1018 846 1031 R!
938 1019 947 1031 5
1002 1016 1010 1032 Χ
1092 1016 1099 1029 Χ

87 1040 188 1073 μονον
213 1028 230 1062 6
261 1025 428 1075 Χριστος,
450 1037 528 1059 οσον
548 1022 698 1071 εβλαψεν
727 1036 744 1056 ο
779 1022 905 1068 Αοαμ,
929 1018 1019 1054 αλλα
1045 1032 1105 1053 και

85 1086 203 1135 πολλῷ
220 1086 337 1121 πλεῖον
360 1083 418 1121 καὶ
439 1084 565 1131 μεῖζον.
586 1080 690 1118 Ἐπεὶ
716 1074 774 1117 οῧν
793 1083 936 1117 τοιαῦτα
966 1078 1106 1129 &magari—-

85 1159 178 1190 νατο,
198 1138 323 1180 δεῖταῖ
333 1143 437 1180 πάλιν
463 1140 522 1178 καὶ
541 1142 686 1178 ἐνταῦθα
706 1143 922 1185 κατασκευῆς
937 1138 1105 1181 πλείονος.

1169 851 1289 875 01111165
1308 837 1415 874 1110111
1430 836 1597 884 tradidit,
1625 836 1737 873 11111110
1764 835 1877 886 magis
1898 835 2002 872 unius
2035 834 2149 885 gratia

1171 910 1309 935 servare
1325 895 1474 946 poterit:
1493 904 1612 946 postea
1638 894 1789 932 ostendit
1801 924 1810 942 7
1831 908 1900 931 11011
1928 894 2021 931 1111111
2044 893 2150 930 1110110

1171 964 1355 1007 peccatum
1368 955 1616 1006 perjustitiam
1632 955 1810 991 sublatum
1829 954 1952 1002 fuisse,
1969 954 2029 990 sed
2046 953 2153 990 etiam

1172 1025 1295 1053 eaetera
1341 1016 1457 1053 omnia
1475 1031 1486 1064 ;
1526 1029 1638 1066 neque
1673 1015 1788 1053 solum
1823 1015 1978 1052 abstersa
2007 1023 2150 1066 peecata

1172 1077 1303 1127 fuisse7
1343 1077 1404 1115 sed
1425 1077 1543 1114 datam
1569 1091 1707 1127 quoque
1733 1076 1841 1114 fuisse
1857 1076 2064 1128 justitian13
2095 1088 2157 1112 1166

1173 1137 1280 1175 modo
1298 1147 1435 1175 tantum
1448 1137 1621 1189 profuisse
1635 1137 1828 1184 Christum,
1848 1145 2020 1186 quantum
2038 1135 2154 1173 Adam

85 1206 166 1246 Πῶς
183 1197 240 1240 οὖν
260 1203 341 1241 αὐτὸ
357 1201 624 1249 κατασκευάζει;
642 1203 686 1238 Εἰ
702 1201 769 1252 γὰρ
789 1203 838 1252 τῷ
865 1204 925 1238 τοῦ
943 1200 1015 1242 ἑνὸς
1034 1216 1106 1237 πα·
1117 1231 1164 1255 522
1174 1205 1354 1247 nocuerat,
1376 1197 1435 1235 sed
1457 1198 1559 1248 longe
1575 1197 1698 1248 magis.
1720 1197 1814 1243 Quia
1832 1197 1940 1248 igitur
1961 1205 2056 1233 tanta
2074 1209 2157 1246 pro-

88 1263 318 1316 ραπτώματι,
346 1263 471 1316 φησὶν,
505 1266 522 1301 6
548 1263 690 1305 θάνατος
725 1260 925 1300 ἐδασίλευσε
958 1259 1015 1297 διὰ
1047 1263 1106 1297 τοῦ

88 1325 176 1372 ἑνὸς,
204 1327 322 1376 πολλῷ
347 1327 477 1375 μᾶλλον
499 1327 530 1363 οἳ
551 1323 613 1371 τὴν
643 1322 842 1376 περισσείαν
871 1325 933 1368 τῆς
964 1322 1107 1374 χάριτος

87 1385 169 1423 ῃκαὶ
196 1389 258 1431 τῆς
285 1387 414 1438 δωρεᾶς
446 1388 509 1431 τῆς
538 1385 755 1429 δικαιοσύνης
787 1383 1042 1433 λαμὸοίνοντες,
1073 1385 1106 1420 ἐν

89 1449 158 1496 ζωῇ
189 1445 409 1497 βασιλεύουσι
429 1444 485 1482 διὰ
505 1448 564 1482 τοῦ
585 1444 657 1487 ἑνὸς
676 1444 792 1491 Ἰησοῦ
808 1445 975 1495 Χριστοῦ.
996 1442 1044 1481 t‘O
1074 1442 1108 1480 δὲ

89 1506 203 1557 λέγει,
221 1505 370 1544 τοιοῦτόν
389 1505 462 1544 ἐστί
477 1520 484 1527 ·
500 1504 535 1542 τί
553 1505 610 1543 τὸν
628 1505 772 1542 Θάνατον
792 1506 925 1543 ὥπλισε
943 1503 1033 1541 κατὰ
1048 1506 1110 1548 τῆς

90 1565 312 1616 οἰκουμένης;
333 1566 385 1603 Τὸ
414 1571 535 1616 φαγεῖν
558 1565 627 1603 ἀπὸ
644 1569 702 1602 τοῦ
727 1563 824 1608 ξύλου
846 1564 947 1614 μόνον
970 1564 1027 1601 τὸν
1051 1563 1110 1600 ἕνα

92 1626 283 1676 ἄνθρωπον.
305 1626 350 1662 Εἰ
370 1619 427 1662 οὖν
448 1629 465 1663 6
492 1625 637 1668 θάνατος
664 1624 836 1670 τοσαύτην
866 1623 988 1662 ἔλαὸεν
1011 1622 1110 1674 ἰσχὺν

95 1685 128 1729 ἐξ
149 1686 220 1728 ἑνὸς
243 1685 547 1736 παραπτώματος,
566 1685 646 1723 ὅταν
675 1684 840 1736 εὕρεθῶσί
873 1699 962 1727 τινες
995 1685 1112 1734 πολλῷ

96 1745 236 1795 μείζονα
256 1748 316 1791 τῆς
334 1745 508 1797 ἁμαρτίας
531 1746 663 1792 ἐκείνης
681 1745 846 1787 λα’ὅόντες
865 1744 967 1796 χάριν
984 1744 1044 1781 καὶ
1064 1744 1114 1781 δι-

96 1804 296 1851 καιοσύνην,
327 1807 401 1848 πῶς
432 1805 637 1851 δυνήσονται
665 1800 751 1843 εἶναι
783 1805 902 1843 λοιπὸν
934 1804 1115 1843 ὑπεύθυνοι

96 1868 145 1917 τῷ
171 1866 326 1918 θανάτῳς
357 1865 424 1904 Διὰ
455 1872 555 1905 τοῦτο
582 1867 644 1904 οὒκ
671 1860 766 1904 εἶπεν
793 1868 961 1913 ἐνταῦθα,
990 1865 1115 1917 χάριν,

98 1926 187 1965 ἀλλὰ
200 1956 210 1974 ,
227 1926 436 1978 Περισσείαν
456 1927 599 1979 χάριτος
616 1943 623 1950 ·
643 1928 680 1964 οὗ
696 1926 848 1978 γὰρὸσον
861 1926 1051 1978 ἐχρῄζομεν
1072 1928 1119 1968 εἷς

1129 1267 1154 1296 Α
1175 1260 1372 1309 nuntiavit,
1400 1260 1457 1297 hie
1480 1260 1612 1311 majore
1629 1274 1718 1312 opus
1747 1269 1797 1297 651
1819 1258 2036 1312 probatione.
2058 1258 2159 1304 Quo-

1177 1321 1281 1359 modo
1304 1321 1412 1373 igitur
1436 1321 1529 1360 illud
1551 1321 1731 1359 adstruit?
1761 1323 1821 1358 47.
1851 1321 1890 1359 Si
1917 1323 2019 1358 enim
2046 1322 2160 1357 unius

1176 1383 1316 1420 delicto
1329 1412 1340 1429 ,
1363 1383 1496 1433 inquit,
1512 1396 1612 1420 mors
1628 1385 1800 1433 regnavit
1811 1396 1880 1433 per
1905 1395 2042 1429 unum,
2061 1381 2159 1417 mul-

1178 1452 1215 1480 to
1230 1446 1351 1495 magis
1371 1446 1420 1490 ii,
1438 1446 1504 1495 qui
1521 1444 1806 1481 abundantiam
1820 1445 1958 1494 gratiae
1980 1450 2015 1478 et
2035 1441 2162 1477 dona-

1179 1507 1294 1542 tionis
1308 1508 1471 1557 justitloe
1490 1513 1740 1556 acceperunt,
1772 1507 1813 1540 in
1833 1506 1920 1541 vita
1946 1504 2164 1554 regnabunt

1177 1579 1245 1617 per
1265 1579 1385 1602 unum
1404 1566 1538 1603 Jesum
1561 1566 1772 1603 Christum.
1796 1563 1839 1601 Id
1861 1572 1935 1601 est:
1960 1562 2050 1613 quid
2069 1576 2163 1599 11101-

1180 1635 1251 1663 16111
1266 1634 1386 1663 6011113
1406 1624 1581 1662 mundum
1605 1633 1719 1662 totum
1735 1624 1918 1661 armavit?
1945 1623 2053 1671 Quod
2075 1637 2164 1660 unus

1180 1695 1320 1724 tantum
1329 1686 1435 1723 homo
1445 1684 1489 1723 de
1508 1685 1605 1736 ligno
1615 1684 1838 1723 comedisset.
1855 1683 1894 1722 Si
1909 1697 1992 1735 ergo
2005 1697 2100 1720 mors
2116 1697 2160 1720 ex

1183 1761 1252 1785 11110
1262 1746 1393 1784 delicto
1404 1755 1537 1783 tantam
1545 1744 1765 1797 vimaccipit3
1781 1759 1859 1782 cum
1869 1744 2017 1794 quidam
2031 1743 2167 1782 inventi

1183 1811 1274 1859 51111,
1297 1809 1358 1860 qui
1385 1809 1498 1846 multo
1526 1809 1696 1860 majorem
1714 1816 1858 1860 peccato
1877 1807 1939 1845 illo
1963 1806 2111 1859 gratiam
2135 1815 2168 1843 et

1181 1870 1355 1923 justitiam
1385 1877 1619 1921 acceperunt,
1645 1867 1823 1919 quomodo
1853 1877 2011 1920 poterant
2040 1867 2169 1904 deinde

1186 1931 1290 1969 morti
1305 1945 1378 1969 esse
1391 1930 1565 1969 obnoxii?
1581 1930 1664 1968 Ideo
1679 1943 1748 1967 non
1768 1929 1827 1966 hic
1844 1928 1938 1966 dixit
1949 1958 1959 1977 7
1984 1929 2136 1980 gratiam
2159 1958 2168 1975 7

100 1986 161 2033 τὴν
179 1989 242 2032 τῆς
258 1987 432 2038 ἁμαρτίας
448 1987 633 2038 ἀναίρεσιν,
648 1991 808 2025 τοσοῦτον
826 1987 995 2036 ἐλάὸομεν
1016 1986 1117 2038 μόνον
1139 1992 1162 2020 Β
1186 1991 1260 2041 5611,
1272 1991 1572 2029 Abundanciam
1583 1993 1730 2042 gratioe.
1743 1991 1821 2027 Non
1835 1989 1941 2028 modo
1954 1991 2047 2028 enim
2059 2003 2171 2041 1111311-

100 2051 139 2086 ἐκ
157 2050 219 2093 τῆς
237 2047 380 2099 χάριτος
392 2076 401 2093 ,
424 2047 512 2085 ἀλλὰ
537 2047 595 2085 καὶ
614 2049 733 2099 πολλῷ
754 2046 869 2085 πλέον.
886 2046 956 2085 Καὶ
975 2046 1042 2097 γὰρ
1060 2046 1120 2083 καὶ

101 2108 277 2151 κολάσεως
312 2108 566 2159 ἀπηλλάγημεν
580 2138 591 2154 ,
623 2107 683 2145 καὶ
718 2107 842 2146 κακίαν
873 2106 1121 2157 ἀπεδυσοίμεθα

101 2174 231 2216 πᾶσαν,
250 2168 309 2205 καὶ
323 2168 597 2219 ἀνεγεννήθημεν
615 2167 756 2215 ἄνωθεν,
773 2168 833 2205 καὶ
852 2167 1044 2217 ἀνέστημεν
1063 2170 1123 2204 τοῦ

102 2231 252 2267 παλαιοῦ
288 2228 454 2280 ταφέντος
489 2228 688 2281 ἀνθρώπου,
723 2228 782 2266 καὶ
815 2226 1122 2278 ἀπελυτρώθημεν,

102 2290 160 2327 καὶ
180 2289 415 2340 ἧγιάσθημεν,
433 2289 493 2327 καὶ
521 2291 568 2332 εἷς
587 2288 756 2327 υἱοθεσίαν
777 2288 949 2340 ἤχθημεν,
976 2287 1035 2325 καὶ
1052 2288 1125 2324 ἐδι-

103 2349 322 2400 καιώΟημεν,
352 2349 411 2386 καὶ
439 2348 625 2400 ἐγενόμεθα
655 2349 794 2401 ἀδελφοὶ
815 2353 875 2387 τοῦ
897 2350 1125 2399 Μονογενοῦς,

103 2412 163 2449 καὶ
182 2409 460 2461 συγκληρονόμοι
487 2410 545 2447 καὶ
564 2410 744 2461 σύσσωμοι
768 2411 870 2448 αὐτοῦ
893 2409 1124 2457 κατέστημεν,

106 2472 164 2509 καὶ
182 2473 228 2514 εἷς
243 2470 306 2516 τὴν
328 2470 440 2521 σάρκα
464 2472 568 2508 αὐτοῦ
595 2473 785 2521 τελοῦμεν,
807 2471 866 2508 καὶ
881 2469 1000 2521 ὥσπερ
1022 2471 1125 2519 σῶμα

107 2533 238 2582 κεφαλῇ
252 2561 262 2577 ,
281 2530 389 2572 οὕτως
418 2529 594 2579 ἡνώμεθα.
617 2532 741 2568 Ταῦτα
763 2524 820 2568 οῦν
841 2531 979 2568 ἅπαντα
1007 2544 1126 2582 περισ-

108 2591 201 2630 σείαν
221 2590 363 2642 χάριτος
381 2589 542 2627 ἐκάλεσεν
561 2592 578 2627 6
597 2591 749 2638 Παῦλος,
766 2589 898 2633 δεικνὺς
914 2591 965 2628 ὅτι
985 2592 1022 2627 οὐ
1043 2589 1129 2641 φάρ-

110 2666 220 2701 μακον
254 2649 422 2699 ἐλάὸομεν
457 2649 661 2701 ἀντίρροπον
691 2655 749 2688 τοῦ
777 2650 973 2702 τραύματος
1008 2650 1128 2701 μόνον,

110 2710 199 2750 ἀλλὰ
215 2710 273 2749 καὶ
284 2710 399 2762 ὑγείαν
411 2709 469 2747 καὶ
485 2710 673 2762 εὐμορφίαν
686 2711 745 2748 καὶ
761 2711 865 2761 τιμὴν
887 2711 945 2748 καὶ
958 2710 1055 2754 δόξαν
1070 2711 1129 2748 καὶ

111 2771 293 2821 ἀξιώματα
304 2769 392 2808 πολὺ
406 2770 469 2816 τὴν
482 2770 654 2821 ἡμετέραν
667 2771 921 2823 ὒπερΕαίνοντα
936 2770 1048 2823 φύσιν.
1058 2772 1129 2809 Καὶ

111 2831 238 2869 τούτων
265 2829 325 2880 μὲν
346 2829 491 2868 ἕκαστον
517 2830 633 2868 ἱκανὸν
651 2825 693 2877 ἦν
714 2833 791 2868 καθ’
823 2831 924 2869 ἑαυτὸ
947 2834 1049 2870 λῦσαι
1072 2831 1129 2869 τὸν

112 2891 256 2930 θάνατον
272 2907 278 2914 ·
296 2891 377 2928 ὅταν
399 2890 433 2928 δὲ
449 2891 587 2929 ἅπαντα
601 2894 686 2941 ὁμοῦ
700 2891 933 2945 συντρέχοντα
952 2892 1131 2944 φαίνηται,

113 2951 188 2989 οὐδὲ
210 2951 302 3004 ἴχνος
323 2952 426 2990 αὐτοῦ
441 2951 575 2999 λοιπὸν,
594 2951 671 2989 οὐδὲ
691 2951 791 2990 σκιὰν
806 2955 956 3004 φανῆναι
977 2952 1133 2999 δυνατὸν,

114 3012 222 3064 ἄρδην
241 3011 496 3064 ἀφανισθέντος.
513 3011 655 3064 “Ωσπερ
672 3006 729 3050 οῦν
751 3012 784 3049 εἴ
807 3028 859 3055 τις
883 3011 1026 3056 ὀέολοὺς
1052 3012 1135 3050 δέκα

114 3072 294 3124 ὀφείλοντά
314 3089 393 3111 τινα
413 3076 460 3116 εἷς
485 3073 721 3126 δεσμωτήριον
750 3073 914 3124 ἐμὸάλοι,
943 3075 1003 3111 οὐκ
1033 3072 1134 3110 αὐτὸν

117 3132 152 3170 δὲ
171 3133 292 3181 μόνον,
324 3134 414 3171 ἀλλὰ
432 3133 492 3172 καὶ
514 3139 661 3185 γυναῖκα
691 3133 750 3170 καὶ
769 3133 891 3171 παιδία
920 3132 980 3170 καὶ
1001 3132 1136 3175 οἰκέτας

119 3199 160 3234 δι’
181 3197 281 3235 αὐτόν
295 3213 302 3220 ·
319 3198 426 3236 ἐλθὼν
454 3198 490 3237 δὲ
510 3199 624 3251 ἕτερος
641 3199 689 3250 μὴ
709 3199 786 3243 τοὺς
806 3199 888 3238 δέκα
907 3198 1047 3242 ὂὸολοὺς
1065 3215 1134 3237 κα-

119 3265 263 3302 ταὸοίλοι
285 3264 400 3315 μόνον,
426 3266 515 3304 ἀλλὰ
531 3266 589 3304 καὶ
617 3266 724 3318 μυρία
742 3271 872 3319 χρυσοῦ
893 3265 1049 3304 τάλαντα
1068 3281 1136 3317 χα-

165 3391 176 3405 n
201 3381 346 3421 Quidam
370 3381 624 3422 113116111καὶτῆς
647 3386 757 3428 δωρεᾶς
782 3389 830 3417 καὶ
857 3391 908 3421 τῆς
934 3384 1119 3419 δικαιοσύνης-

123 3432 223 3465 Paulo
238 3441 311 3475 post
326 3433 461 3476 quidam
484 3440 512 3468 ἐν
536 3441 596 3478 ζωῇ
612 3439 825 3477 βασιλεύσουσι.
844 3436 1004 3478 [Utraque
1020 3434 1125 3469 varie·

1186 2063 1263 2091 tum
1284 2066 1373 2104 opus
1386 2061 1458 2089 erat
1477 2051 1523 2088 ad
1540 2060 1726 2103 peecatum
1748 2050 1944 2088 tollendum
1957 2081 1967 2100 7
1987 2065 2032 2088 ex
2058 2055 2170 2102 gratia

1187 2113 1249 2151 illa
1268 2112 1467 2164 accepimus
1483 2141 1493 2161 7
1520 2111 1580 2149 sed
1600 2111 1713 2150 multo
1733 2111 1900 2163 amplius.
1930 2112 2023 2149 Nam
2043 2125 2063 2148 3
2085 2125 2172 2162 sup-

1190 2174 1297 2226 plicio
1312 2174 1455 2212 liberati
1472 2187 1595 2211 sumus
1608 2203 1619 2223 7
1643 2182 1676 2211 et
1699 2173 1893 2223 nequitiam
1912 2186 2052 2210 omnem
2068 2172 2173 2210 exui-

1192 2249 1289 2282 mus,
1309 2248 1349 2271 ae
1366 2234 1482 2286 primo
1500 2233 1695 2284 regenerati
1708 2262 1719 2281 7
1734 2233 1993 2271 resurreximus
2005 2263 2016 2282 7
2036 2234 2173 2285 sepulto

1192 2295 1303 2333 veteri
1317 2295 1462 2332 homine
1477 2310 1487 2330 .-
1508 2293 1659 2331 redemti
1672 2306 1795 2330 sumus
1811 2302 1844 2330 et
1860 2294 2074 2331 sanctificati
2088 2323 2100 2343 7
2119 2303 2175 2330 at-

1193 2371 1261 2407 que
1280 2356 1317 2393 in
1339 2355 1566 2407 adoptionem
1585 2354 1752 2401 adducti,
1771 2355 1958 2406 justificati
1965 2385 1976 2404 7
1993 2370 2032 2401 ae
2050 2356 2175 2393 fratres

1194 2417 1378 2467 Unigeniti
1395 2416 1569 2464 effeeti7et
1579 2413 1779 2461 coheredes7
1797 2415 1956 2466 ejusdem
1971 2416 2128 2468 corporis
2142 2426 2176 2453 et

1196 2478 1311 2515 carnis
1341 2485 1518 2515 consortes
1540 2506 1549 2523 7
1582 2475 1675 2513 sicut
1706 2485 1813 2526 eaput
1835 2477 1974 2528 corpori
1990 2507 2001 2526 7
2030 2477 2077 2514 ita
2109 2477 2178 2529 ipsi

1192 2538 1307 2589 juncti
1337 2552 1471 2575 sumus.
1505 2537 1589 2574 Haee
1617 2535 1734 2585 itaque
1766 2536 1885 2573 omnia
1922 2537 2178 2575 abundantiam

1197 2598 1318 2648 gratiae
1330 2597 1462 2635 Paulus
1480 2596 1641 2642 vocavit,
1667 2595 1853 2633 ostendens
1868 2610 1929 2634 nos
1945 2598 2179 2648 pharmacum

1150 2659 1173 2688 C
1196 2659 1370 2710 accepisse
1388 2672 1457 2695 non
1471 2657 1576 2695 modo
1594 2671 1660 2708 par
1672 2656 1831 2706 vulneri,
1851 2657 1913 2694 sed
1927 2657 2034 2694 ctiam
2049 2659 2180 2696 sanita-

1199 2730 1281 2767 tem,
1298 2717 1603 2770 pulchritudinem
1613 2747 1625 2767 7
1644 2717 1826 2766 honorem,
1841 2718 1992 2768 gloriam
2010 2728 2043 2756 et
2059 2719 2180 2769 digni0

1199 2789 1285 2818 tates
1304 2780 1408 2829 longe
1426 2787 1588 2816 naturam
1605 2786 1760 2815 nostram
1776 2787 1991 2829 superantes.
2006 2781 2095 2826 Quae
2111 2780 2180 2817 sin-

1199 2840 1282 2891 gula
1310 2839 1382 2877 sola
1412 2847 1573 2890 poterant
1597 2847 1746 2876 mortem
1760 2838 1922 2876 solvere:
1954 2854 2034 2877 cum
2061 2849 2179 2878 antem

1200 2901 1317 2940 omnia
1333 2900 1440 2938 simul
1455 2909 1669 2937 concurrunt
1686 2930 1694 2947 7
1716 2913 1829 2949 neque
1845 2901 2054 2952 vestigium,
2071 2916 2182 2952 neque

1203 2962 1329 2999 umbra
1348 2960 1446 2997 illius
1464 2959 1578 2997 videri
1598 2968 1710 3011 potest
1722 2989 1733 3009 7
1760 2973 1841 2997 eum
1866 2960 2039 2998 radicitus
2065 2961 2181 2999 deleta

1204 3021 1321 3059 fuerit.
1335 3019 1645 3069 Quemadmodum
1665 3033 1746 3070 ergo
1763 3020 1791 3057 si
1807 3020 1888 3070 quis
1902 3021 2083 3058 hominem
2099 3022 2184 3059 oho-

1205 3083 1258 3120 los
1277 3082 1346 3119 sibi
1362 3081 1484 3119 decem
1496 3080 1680 3118 debentem
1693 3111 1703 3128 7
1720 3081 1755 3117 in
1772 3094 1945 3118 carcerem
1966 3082 2081 3120 tradat
2091 3098 2102 3131 ;
2124 3096 2186 3120 ne-

1206 3157 1274 3194 que
1288 3143 1406 3194 ipsum
1427 3142 1555 3190 solum,
1575 3141 1635 3179 sed
1650 3141 1755 3179 etiam
1775 3156 1923 3179 uxorem
1930 3172 1941 3191 7
1962 3142 2056 3180 filios
2082 3153 2114 3181 61
2135 3144 2188 3181 fa-

1208 3203 1323 3241 mulos
1347 3211 1492 3254 propter
1520 3202 1660 3253 ipsum3
1684 3201 1774 3240 alius
1793 3216 1876 3241 vero
1897 3203 2086 3252 accedens,
2118 3218 2188 3241 non

1207 3263 1328 3301 decem
1347 3272 1484 3301 tantum
1510 3262 1631 3301 obolos
1656 3272 1813 3301 numeret
1821 3293 1833 3314 7
1867 3264 1924 3302 sed
1952 3265 2059 3303 etiam
2077 3265 2191 3304 decies

1189 3389 1237 3413 tas
1253 3381 1286 3414 in
1305 3380 1356 3422 A.]
