2502 3810
188 685 369 721 Supplicium

182 736 238 752 uon
263 728 368 753 malum

180 767 337 801 quomodo.

198 2993 343 3019 ,Erumnae

155 3042 220 3059 cum
258 3034 343 3061 laude

159 3072 213 3099 Dei
245 3074 340 3101 seren-

155 3113 207 3139 dae.

390 226 481 271 563
835 242 871 270 5.

389 329 412 361 Α
421 335 465 362 tta
472 339 548 361 111611
566 325 694 361 multos
708 325 918 373 invenimus,
930 325 992 376 qui
1006 340 1087 363 cum
1099 326 1213 364 brutis
1225 340 1364 377 coeunt,

387 391 418 418 et
432 382 671 418 masculorum
689 395 835 432 corpora
849 381 1037 435 deturpant
1053 397 1292 435 :quamquam
1310 401 1363 436 ea,

386 457 461 491 quse
480 440 672 479 secundum
692 451 856 479 naturam
868 452 963 489 sunt,
986 443 1042 492 iis,
1060 458 1137 494 quae
1153 454 1273 483 contra
1296 461 1361 484 na-
1386 461 1410 491 C

385 511 514 549 turam,
529 501 692 538 suaviora
706 501 787 539 sint.
802 505 965 540 Attamen
982 504 1086 540 multi
1106 514 1201 554 sunt,
1215 505 1277 555 qui
1292 507 1365 545 risu

383 561 514 612 digna,
546 562 763 613 injucunda,
799 573 831 601 et
861 565 1079 616 supplicium
1105 565 1293 614 habentia,
1326 581 1365 607 ut

384 622 508 660 suavia
523 633 793 674 persequuntur.
811 625 886 662 Illis
905 626 999 663 enim
1015 626 1088 664 haec
1100 628 1223 665 suavia
1237 629 1364 668 viden-

385 691 440 719 tur
455 697 538 731 esse,
556 683 704 734 inquies.
726 686 771 722 At
784 685 850 723 hac
863 685 938 737 ipsa
952 686 995 724 de
1012 701 1115 725 causa
1134 688 1252 727 miseri
1269 701 1361 737 sunt,

381 742 478 793 quod
499 743 622 781 suavia
645 753 768 796 putent
791 759 831 782 ea
856 759 942 796 6556,
966 761 1043 797 quae
1063 748 1210 786 minime
1239 752 1362 789 suavia

381 810 473 838 sunt.
495 801 556 840 Sic
578 802 683 839 etiam
703 804 919 855 supplicium
950 815 1090 857 peccato
1113 807 1272 845 deterius
1291 823 1364 849 esse

380 868 519 909 putant.
543 862 588 897 At
616 874 684 897 non
710 860 760 898 sic
781 870 844 909 est,
873 862 935 899 sed
964 864 1181 902 contrarium
1206 867 1360 905 omnino.

379 920 470 957 Nam
492 920 519 957 si
541 920 757 972 supplicium
777 922 928 973 peccatis
947 923 1123 962 inflictum
1148 927 1281 965 malum
1303 942 1360 965 es-

379 990 443 1031 set,
469 983 565 1019 Deus
586 982 690 1019 malis
709 983 800 1020 mala
821 997 889 1021 non
917 983 1125 1034 addidisset,
1150 1001 1262 1038 neque
1280 989 1360 1027 illos

378 1042 512 1093 pejores
534 1042 681 1081 reddere
700 1043 870 1082 voluisset
898 1061 904 1081 :
924 1045 985 1096 qui
1007 1046 1102 1084 enim
1120 1049 1237 1086 omnia
1260 1050 1356 1098 facit,

376 1114 416 1141 ut
439 1105 613 1143 malitiam
632 1107 853 1157 exstinguat,
874 1122 941 1145 non
962 1109 1062 1146 illam
1081 1121 1236 1162 augeret.
1262 1114 1357 1164 Ergo

376 1177 446 1200 non
475 1164 609 1200 malum
639 1174 689 1202 651
719 1164 937 1216 delinquenti
962 1166 1061 1217 quod
1086 1169 1268 1220 puniatur,
1297 1172 1357 1209 sed

374 1220 487 1258 eidem
508 1222 642 1258 malum
667 1232 741 1271 est,
760 1223 789 1260 si
812 1238 881 1261 non
903 1225 1093 1275 puniatur;
1115 1236 1154 1264 ut
1173 1230 1355 1278 aegrotanti

373 1279 521 1326 malum,
538 1279 568 1316 si
589 1293 657 1316 non
679 1290 833 1319 curetur.
849 1281 947 1319 Nihil
968 1284 1062 1320 6111111
1087 1284 1135 1321 ita
1153 1286 1287 1323 malum
1305 1297 1356 1325 est

374 1347 412 1374 ut
431 1339 584 1376 absurda
605 1341 886 1392 concupiscentia
908 1358 915 1378 ε
944 1357 1025 1380 611111
1044 1344 1239 1383 absurdum
1257 1346 1351 1397 dico,

371 1398 415 1436 de
427 1398 564 1437 deliciis
575 1400 713 1451 loquor,
730 1402 774 1439 de
788 1403 901 1453 gloria
919 1404 1180 1456 intempestiva,
1195 1407 1239 1444 dc
1254 1408 1352 1459 prin-

371 1459 507 1511 cipatus
537 1475 669 1512 amore,
693 1462 805 1513 deque
834 1464 998 1502 omnibus
1020 1479 1089 1502 uno
1120 1467 1240 1515 verbo,
1263 1482 1354 1517 quo-

369 1535 450 1558 rum
478 1523 663 1560 necessitas
689 1524 787 1561 nulla
809 1533 871 1562 est.
901 1526 990 1562 Nam
1012 1526 1073 1575 qui
1098 1527 1178 1564 talis
1198 1537 1267 1577 651,
1291 1530 1352 1579 qui

368 1581 512 1619 mollem
536 1591 569 1619 61
597 1583 748 1620 solutam
779 1584 891 1622 vitam
921 1585 1006 1635 agit,
1034 1587 1178 1624 videtur
1208 1589 1352 1638 quidem

368 1643 528 1679 omnium
548 1642 775 1681 felicissimus
794 1658 879 1690 6556,
902 1644 963 1682 sed
984 1656 1033 1684 est
1052 1647 1211 1686 omnium
1225 1650 1350 1688 miser—

365 1699 477 1736 rimus
503 1715 511 1735 :
533 1700 595 1750 qui
611 1701 776 1738 molestas
795 1711 827 1739 et
843 1702 950 1741 duras
970 1704 1134 1743 dominas
1153 1706 1294 1745 inducit
1313 1709 1347 1746 in

364 1761 518 1798 animam
547 1776 659 1800 suam.
680 1763 764 1801 Ideo
782 1764 995 1804 laboriosam
1015 1768 1117 1806 nobis
1141 1771 1237 1808 Deus
1258 1771 1350 1809 hanc

363 1821 474 1858 vitam
493 1821 662 1870 reddidit,
690 1833 728 1861 ut
754 1838 815 1862 nos
835 1840 853 1862 a
874 1826 937 1863 tali
967 1828 1137 1867 servitute
1162 1831 1345 1882 liberaret,

363 1883 449 1920 etin
471 1898 596 1935 puram
624 1884 824 1923 libertatem
851 1887 1047 1926 adduceret
1073 1905 1080 1925 :
1106 1890 1187 1929 ideo
1205 1894 1345 1945 suppli-

363 1942 459 1978 cium
478 1942 713 1981 comminatus
728 1953 791 1992 651,
819 1954 853 1982 et
873 1946 986 1984 vitam
1002 1957 1159 1986 nostram
1182 1950 1346 1989 laborum

362 2014 558 2042 consortem
572 2005 668 2055 fecit,
686 2007 872 2045 mollitiem
886 2010 1139 2062 constringens
1159 2013 1217 2053 Sic
1230 2014 1347 2052 Judaei

363 2080 443 2103 cum
464 2067 541 2104 luto
566 2076 599 2104 et
619 2067 773 2106 lateritio
795 2070 892 2121 operi
912 2070 1072 2109 adstricti
1094 2084 1220 2123 essent,
1247 2089 1347 2124 1111111-

362 2127 451 2164 sueti
489 2137 587 2164 erant
600 2157 611 2176 ,
648 2130 834 2179 Deumque
872 2131 1072 2181 frequenter
1109 2134 1321 2174 invocabant
1332 2153 1343 2187 3

361 2195 548 2236 postquam
569 2197 684 2225 autem
708 2188 908 2227 libertatem
929 2191 1047 2243 adepti
1069 2204 1163 2241 sunt,
1184 2210 1346 2234 murmu-

361 2257 495 2287 ravere,
511 2254 543 2281 et
557 2247 669 2282 Deum
682 2245 925 2294 irritaverunt,
937 2251 1180 2302 sexcentisque
1190 2267 1226 2290 se
1242 2256 1345 2293 malis

360 2304 599 2344 involverunt.
621 2307 720 2357 Quid
750 2308 861 2358 igitur
879 2309 1030 2360 dixeri57
1051 2313 1201 2363 inquies,
1221 2315 1265 2353 de
1288 2318 1343 2366 iis,

359 2380 446 2416 quos
465 2380 558 2418 saepe
573 2382 729 2405 aerumna
746 2377 962 2408 transversos
979 2372 1075 2423 egit?
1098 2375 1193 2412 Illud
1211 2390 1279 2414 non
1299 2393 1341 2416 ex

359 2440 515 2464 aerumna
547 2428 765 2479 provenisse,
791 2429 852 2466 sed
878 2444 923 2467 ex
951 2431 1098 2470 illorum
1122 2434 1340 2475 infirmitate.

358 2489 480 2540 Neque
499 2491 606 2535 6111111,
627 2491 653 2528 51
679 2491 759 2541 quis
778 2493 960 2531 stomacho
984 2494 1165 2546 laborans,
1186 2512 1255 2536 non
1275 2500 1340 2537 ad-

358 2550 475 2587 mittat
485 2565 564 2588 acre
572 2551 805 2602 pharmacum
818 2553 889 2590 vim
902 2557 1079 2606 purgandi
1095 2558 1228 2596 habens
1238 2589 1249 2609 ,
1280 2562 1341 2599 sed

358 2611 467 2648 etiam
486 2612 531 2648 ab
559 2612 622 2649 illo
643 2621 827 2662 atteratur,
850 2628 920 2652 non
939 2615 976 2653 id
994 2617 1186 2668 pharmaco
1212 2621 1341 2659 tribue-

356 2687 447 2721 mus,
471 2673 531 2711 sed
554 2673 704 2711 membri
728 2674 929 2713 infirmitati
957 2693 964 2713 :
986 2680 1288 2728 quemadmodum
1307 2693 1340 2721 et

910 240 1049 270 JOANN
1059 242 1093 270 ts
1129 242 1368 274 CHRYSOST.

355 2736 414 2773 1116
448 2736 731 2775 imbecillitatem
760 2738 881 2776 animi.
913 2741 1004 2778 Nam
1028 2742 1089 2792 qui
1114 2743 1159 2780 ab
1184 2758 1339 2784 aerumna

355 2796 588 2845 subvertitur,
609 2796 646 2833 id
672 2798 786 2835 multo
807 2799 921 2850 magis
939 2814 959 2837 a
986 2800 1122 2840 desidia
1146 2804 1304 2855 patietur
1327 2822 1335 2842 t

355 2857 384 2893 si
404 2857 498 2894 enim
517 2857 544 2894 is
565 2859 706 2895 vinctus
727 2858 820 2896 cadit
840 2860 922 2907 (boc
937 2861 1070 2914 quippe
1085 2877 1238 2903 aerumna
1259 2871 1337 2915 est),

355 2920 469 2957 multo
489 2920 600 2970 magis
617 2921 753 2959 solutus
772 2922 959 2973 ceciderit,
979 2924 1007 2961 si
1026 2927 1233 2965 constrictus
1252 2931 1337 2968 sub-

355 2979 519 3025 vertitur,
537 2979 650 3016 multo
666 2980 778 3030 magis
794 2980 988 3020 relaxatus.
1012 2984 1057 3021 Et
1076 2986 1266 3035 quomodo,
1284 2988 1337 3025 in-

357 3038 465 3088 quies,
489 3048 612 3090 potero
636 3053 705 3076 non
724 3040 896 3087 subverti,
916 3041 945 3079 si
972 3042 1064 3081 adsit
1088 3047 1274 3084 aerumna?
1296 3049 1334 3086 Si

358 3098 485 3148 cogites
501 3107 555 3145 te,
575 3098 662 3135 velis
682 3098 786 3147 nolis,
811 3099 912 3136 illam
930 3100 1087 3138 laturum
1107 3117 1196 3152 6556,
1220 3105 1281 3142 sed
1303 3107 1332 3144 si

353 3174 434 3197 cum
453 3161 647 3210 gratiarum
661 3160 816 3209 actione,
835 3176 1002 3214 magnum
1023 3165 1210 3217 quidpiam
1229 3177 1262 3205 te
1274 3168 1330 3206 lu-

351 3231 532 3259 craturum
551 3237 642 3270 esse;
663 3223 716 3260 5111
737 3223 884 3272 invitus,
903 3239 1052 3264 moerens
1071 3237 1102 3266 et
1122 3228 1327 3281 blasphema

390 3362 402 3377 ὃ
425 3353 537 3385 Morel.
559 3360 606 3388 τὶν
622 3358 711 3393 οὕτως
729 3360 845 3398 ἔχοντα.

1373 1670 1397 1698 Ε

1357 2244 1404 2269 518
1774 2270 1783 2282 Ι
1998 2270 2006 2282 l
2103 2270 2118 2282 U
2229 2272 2238 2284 ³
2294 2272 2315 2280 ω
2412 2270 2420 2283 Ι

1368 2282 1395 2310 Α
1418 2271 1563 2322 Θλίψεως
1588 2286 1865 2322 περιτραπεντας
1893 2272 2082 2316 πολλακις,
2118 2272 2186 2308 Οτι
2206 2286 2243 2307 ου
2271 2286 2334 2315 της
2365 2272 2438 2307 θλι-

1408 246 1596 279 ARCfflEP
1605 269 1614 278 .
1654 249 1734 279 COR
1744 250 1989 282 STANTINOI'
1998 272 2007 281 .

1436 333 1471 371 δὲ
1490 336 1735 385 μιγνυμένους,
1754 337 1814 374 καὶ
1843 338 1993 390 ἀῤῥένων
2019 340 2176 390 σώμασιν
2198 338 2434 391 ἐνυὸρίζοντας
2447 371 2456 387 ,

1436 393 1550 432 καίτοι
1577 394 1621 432 τὰ
1647 395 1736 433 κατὰ
1773 395 1872 447 φύσιν
1903 401 1972 435 τῶν
1995 398 2091 451 παρὰ
2116 399 2214 451 φύσιν
2245 398 2352 444 ἦόίω·
2377 401 2453 437 ἀλλ’

1437 453 1530 504 ὅμως
1545 455 1609 493 εἶσὶ
1624 455 1746 493 πολλοὶ
1763 456 1806 494 τὰ
1823 457 2068 508 καταγέλαστα
2094 459 2153 496 καὶ
2174 459 2264 505 ἀηδῆ
2279 458 2338 496 καὶ
2354 459 2457 496 κόλα-

1438 530 1490 552 σιν
1509 515 1632 567 ἔχοντα
1665 518 1711 559 ὡς
1732 515 1817 561 ἡδέα
1851 516 2042 561 διώκοντες.
2071 519 2239 561 Ἔκείνοις
2272 519 2339 570 γὰρ
2369 518 2455 565 ἡδέα

1435 580 1544 614 ταῦτα
1562 569 1649 613 εἶναι
1665 577 1775 622 δοκεῖ,
1798 576 1914 627 φησίν.
1927 576 2030 614 Ἀλλὰ
2045 580 2086 616 δι’
2107 579 2187 616 αὐτὸ
2202 578 2263 629 μὲν
2283 572 2339 615 οἶν
2355 583 2454 616 τοῦτο

1437 634 1475 672 ἂν
1496 630 1561 673 εἷεν
1575 636 1705 684 ἄθλιοι,
1725 635 1777 673 ὅτι
1805 637 1863 673 καὶ
1881 636 1967 682 ἡδέα
1989 637 2182 687 νομίζουσιν
2202 633 2288 676 εἶναι
2319 638 2363 676 τὰ
2389 641 2454 690 οὐχ

1434 694 1532 740 ἡδέα.
1550 696 1655 734 Οὕτω
1670 696 1729 734 καὶ
1747 696 1808 742 τὴν
1828 697 1970 735 κόλασιν
1992 701 2054 743 τῆς
2075 698 2247 751 ἁμαρτίας
2265 698 2373 750 χείρω
2395 699 2452 736 τί-

1435 759 1570 794 Θενται·
1593 759 1655 794 οὐκ
1674 757 1747 795 ἔστι
1776 756 1832 802 δὲ,
1854 756 1944 795 ἀλλὰ
1969 757 2163 796 τούναντίον
2185 758 2289 798 ἅπαν.
2322 760 2364 797 Εἰ
2385 759 2453 810 γὰρ

1433 815 1539 854 κακον
1571 812 1612 863 ἦν
1629 823 1698 860 τοῖς
1716 818 1986 868 ἁμαρτάνουσιν,
2011 820 2073 855 οὐκ
2103 817 2142 855 ἂν
2161 818 2356 870 προσέθηκε
2385 835 2453 856 κα-

1433 882 1505 919 κοῖς
1530 877 1622 915 κακὰ
1642 880 1659 915 ὃ
1681 878 1788 925 Θεὸς,
1817 877 1892 916 οὐδὲ
1920 877 2057 930 χείρους
2087 877 2126 915 ἂν
2159 878 2278 922 αὐτοὺς
2308 882 2454 925 ποιῆσαι

1433 937 1609 984 ἐΟέλῃο-εν·
1630 940 1647 975 ὃ
1677 936 1743 989 γὰρ
1775 938 1890 975 πάντα
1915 942 2036 983 ποιῶν,
2059 937 2149 976 ὥστε
2169 939 2356 985 σὸεσθῆναι
2389 939 2453 986 τὴν

1432 998 1570 1045 κακίαν,
1591 999 1651 1036 οὐκ
1674 997 1713 1035 ἂν
1737 998 1841 1044 αὐτὴν
1859 998 2019 1045 ηὔξησεν.
2041 1000 2118 1036 Οὔκ
2144 999 2212 1050 ἄρα
2241 999 2280 1036 τὸ
2309 1000 2453 1044 κολάζε-

1380 1063 1405 1092 Ι)
1431 1061 1510 1096 σΟαι
1531 1060 1637 1096 κακὸν
1661 1061 1710 1111 τῷ
1730 1060 2018 1109 πλημμελοῦντι,
2043 1059 2132 1097 ἀλλὰ
2148 1059 2208 1097 3τὸ
2227 1059 2335 1102 οὕτως
2353 1059 2453 1112 ἔχον-

1428 1135 1472 1156 τα
1496 1118 1542 1168 μὴ
1559 1119 1782 1165 κολάζεσθαι,
1796 1118 1914 1171 ὥσπερ
1929 1113 1987 1156 οἶν
2008 1119 2047 1157 τὸ
2066 1120 2124 1157 τὸν
2141 1122 2382 1172 ἀρρωστοῦντα
2400 1120 2449 1170 μὴ

1429 1180 1687 1232 Θεραπεύεσθαι.
1719 1178 1830 1218 Οὐδὲν
1853 1179 1920 1231 γὰρ
1954 1179 2041 1218 οὕτω
2074 1180 2178 1218 κακὸν
2210 1183 2256 1223 ὡς
2281 1181 2449 1231 ἐπιθυμία

1427 1240 1574 1284 ἄτοπος·
1594 1241 1721 1278 ἄτοπον
1742 1240 1777 1278 δὲ
1808 1239 1890 1277 ὅταν
1917 1240 2022 1288 εἴπω,
2047 1241 2106 1278 καὶ
2133 1240 2197 1286 τὴν
2228 1244 2291 1287 τῆς
2319 1245 2449 1292 τρυφῆς

1425 1300 1536 1351 λέγω,
1554 1302 1612 1339 καὶ
1639 1301 1702 1348 τὴν
1722 1304 1783 1346 τῆς
1814 1300 1911 1347 δόξης
1939 1303 2001 1346 τ-ἧς
2028 1301 2172 1352 ἀκαίρου
2186 1331 2196 1349 ,
2218 1301 2278 1339 καὶ
2305 1300 2367 1348 τὴν
2387 1305 2449 1347 τῆς

1425 1360 1645 1408 δυναστείας,
1666 1361 1725 1398 καὶ
1749 1360 1812 1407 τὴν
1833 1360 1994 1397 ἁπάντων
2028 1361 2146 1403 ἁπλῶς
2168 1363 2236 1398 τῶν
2264 1361 2350 1414 ὑπὲρ
2384 1361 2447 1408 τὴν

1423 1421 1543 1472 χρείαν
1563 1421 1795 1473 πραγμάτων.
1818 1420 1862 1458 ‘O
1890 1420 1958 1472 γὰρ
1986 1425 2137 1463 τοιοῦτος
2153 1425 2171 1459 ὁ
2186 1422 2243 1459 τὸν
2261 1423 2363 1473 ὑγρὸν
2389 1424 2448 1461 καὶ

1424 1481 1667 1531 διαλελυμένον
1683 1483 1748 1524 ζῶν
1773 1480 1859 1531 βίον,
1880 1482 1971 1517 δοκεῖ
1990 1480 2052 1530 μὲν
2071 1481 2211 1518 πάντων
2225 1475 2313 1519 εἶναι
2329 1499 2445 1533 μακα-

1425 1541 1603 1594 ριώτερος,
1619 1541 1757 1579 πάντων
1776 1542 1813 1580 δέ
1831 1543 1923 1579 ἐστιν
1946 1541 2171 1592 ἀθλιώτερος,
2184 1542 2366 1587 δεσποίνας
2384 1559 2447 1595 “ffl-

1422 1601 1531 1644 λεπὰς
1546 1601 1605 1639 καὶ
1622 1601 1806 1654 τυράννους
1829 1601 2022 1653 ἐπεισάγων
2041 1604 2144 1639 αὐτοῦ
2175 1605 2218 1653 τῇ
2239 1605 2346 1656 ψυχῇ.
2378 1605 2446 1643 Διὰ

1423 1665 1524 1700 τοῦτο
1543 1662 1704 1701 ἐπίπονον
1723 1666 1740 1701 ὁ
1756 1663 1844 1705 Θεὸς
1855 1666 1939 1712 ἡμῖν
1953 1662 2009 1700 τὸν
2027 1662 2184 1713 παρόντα
2201 1663 2345 1710 ἐποίησε
2360 1664 2445 1715 βίον,

1421 1721 1477 1761 ἵνα
1492 1723 1623 1770 ἐκείνης
1638 1727 1732 1773 ἡμᾶς
1751 1723 1934 1774 ἀπαλλάξῃ
1949 1726 2011 1769 τῆς
2031 1722 2185 1766 δουλείας
2197 1754 2207 1772 ,
2230 1723 2289 1762 καὶ
2317 1728 2363 1768 εἷς
2383 1742 2441 1764 κα-

1421 1783 1527 1834 θαρὰν
1550 1784 1743 1835 ἐλευθερίαν
1766 1783 1879 1834 ἀγοίγῃ
1893 1799 1901 1805 ·
1923 1782 1979 1821 διὰ
1999 1787 2100 1820 τοῦτο
2115 1783 2174 1820 καὶ
2189 1784 2331 1822 κόλασιν
2345 1785 2445 1830 ἠπεί-

1420 1845 1523 1891 λησε,
1555 1845 1614 1882 καὶ
1641 1844 1764 1887 πόνους
1799 1844 2058 1895 συνεκλήρωσεν
2086 1847 2187 1894 ἡμῶν
2216 1848 2259 1896 τῇ
2297 1847 2386 1895 ζωῇ,
2405 1847 2445 1884 τὸ

1419 1908 1546 1956 χαῦνον
1576 1905 1802 1958 ἐπισφίγγων.
1829 1905 1933 1943 Οὕτω
1953 1910 2032 1957 γοῦν
2047 1906 2105 1942 καὶ
2121 1907 2151 1943 οἱ
2174 1906 2355 1954 Ἰουδαῖοι,
2385 1908 2442 1945 ὅτε

1420 1964 1482 2015 μὲν
1503 1968 1551 2017 τῷ
1588 1968 1690 2017 πηλῷ
1722 1966 1782 2003 καὶ
1818 1969 1860 2016 τῇ
1892 1964 2145 2019 ι’πλινθουργία
2174 1967 2442 2019 προσδεδεμένοι

1418 2021 1522 2074 ἦσαν,
1541 2027 1601 2064 καὶ
1621 2030 1782 2069 ἐπιεικεῖς
1796 2021 1898 2073 ἦσαν,
1917 2027 1976 2064 καὶ
1992 2026 2050 2064 τὸν
2069 2027 2158 2065 Θεὸν
2180 2027 2323 2066 ἐκάλουν
2340 2043 2442 2066 συνε-

1418 2090 1509 2138 χῶς·
1527 2087 1582 2125 ὅτε
1605 2087 1641 2125 δὲ
1660 2087 1854 2139 ἐλευθερίας
1865 2088 2083 2134 ἀπήλαυσαν,
2101 2087 2159 2125 καὶ
2175 2087 2368 2139 ἐγόγγυζον,
2381 2089 2441 2127 καὶ

1417 2148 1623 2201 παρώξυναν
1642 2148 1699 2186 τὸν
1723 2148 1920 2193 Δεσπότην,
1939 2147 1998 2185 καὶ
2015 2148 2148 2200 μυρίοις
2168 2147 2308 2191 ἑαυτοὺς
2327 2149 2440 2201 περιέ-

1417 2225 1534 2261 πειρον
1553 2216 1683 2252 κακοῖς.
1703 2210 1750 2248 Τί
1767 2204 1962 2261 οἶν,;ρησὶν,
1982 2208 2020 2246 ἂν
2036 2209 2145 2252 εἴποις
2163 2209 2248 2262 πρὸς
2278 2208 2356 2252 τοὺς
2375 2211 2442 2248 ὑπὸ

1415 2332 1505 2380 ψεως
1517 2330 1616 2381 ἔργον
1633 2334 1653 2376 ἡ
1670 2329 1882 2381 περιτροπὴ,
1901 2329 2054 2374 ἀλλὰτῆς
2074 2329 2250 2372 ἀσθενείας
2270 2332 2333 2375 τῆς
2351 2331 2439 2367 ἐκεί<

1413 2404 1492 2426 νων.
1515 2389 1606 2427 Οὐῗὲ
1627 2389 1714 2440 γὰρ,
1732 2389 1771 2426 εἴ
1791 2406 1842 2432 τις
1873 2389 2048 2441 στόμαχον
2070 2390 2245 2440 ἄρρωστον
2266 2390 2370 2441 ἔχων,
2388 2391 2436 2442 μὴ

1415 2449 1549 2500 δέχοιτο
1568 2450 1690 2501 πικρὸν
1720 2450 1905 2502 φάρμακον
1932 2451 2120 2500 δυνάμενον
2147 2449 2247 2488 αὐτὸν
2267 2455 2437 2504 καθᾶραι,

1413 2509 1502 2547 ἀλλὰ
1521 2509 1579 2547 καὶ
1608 2509 1837 2561 ἐπιτρίέοιτο,
1858 2513 1895 2548 οὐ
1916 2511 1954 2548 τὸ
1984 2510 2166 2562 φάρμακον
2187 2511 2435 2561 αἰτιασόμεθα,

1412 2570 1500 2607 ἀλλὰ
1519 2569 1581 2616 τὴν
1606 2570 1802 2622 ἀρρωστίαν
1823 2574 1882 2608 τοῦ
1905 2571 2028 2620 με’λους
2041 2601 2050 2618 ,
2071 2570 2190 2623 ὥσπερ
2215 2565 2271 2608 οἷν
2291 2571 2350 2609 καὶ
2378 2573 2427 2609 ἐν·

1410 2633 1520 2667 ταῧΟα
1546 2630 1608 2676 τὴν
1629 2630 1786 2668 εὐκολίαν
1806 2634 1869 2677 τὶξς
1887 2630 2040 2682 γνώμης.
2065 2631 2134 2668 Καὶ
2157 2631 2224 2683 γὰρ
2238 2633 2255 2668 ὃ
2277 2631 2344 2669 ὑπὸ
2363 2632 2434 2669 θλί-

1410 2692 1500 2742 ψεως
1534 2691 1843 2745 περι-τρεπόμενος,
1877 2693 1996 2743 πολλῷ
2032 2693 2163 2742 μᾶλλον
2191 2692 2259 2730 ὑπὸ
2287 2692 2434 2736 ἀνέσεως

1410 2755 1511 2789 τοῦτο
1527 2752 1702 2790 πείσεται·
1730 2754 1759 2789 εἰ
1789 2752 1855 2803 γὰρ
1877 2752 2054 2801 δεδεμένος
2080 2752 2202 2790 πίπτει
2222 2757 2345 2799 (τοῦτο
2364 2753 2432 2804 γὰρ

1409 2814 1430 2857 ἦ
1457 2812 1605 2863 θλῖψις),
1633 2814 1752 2866 πολλῷ
1784 2815 1914 2864 μᾶλλον
1936 2813 2139 2862 λελυμένος·
2158 2815 2187 2850 εἷ
2206 2814 2432 2864 σφιγγόμενος

1408 2872 1675 2924 περιτρέπεται,
1691 2875 1809 2924 πολλῷ
1838 2874 1968 2924 μᾶλλον
1990 2873 2235 2925 χαυνούμενος.
2268 2873 2339 2911 Καὶ
2356 2876 2429 2916 πῶς

1361 2945 1383 2974 Β
1409 2932 1618 2982 δυνήσομαι,
1639 2933 1741 2984 φησὶ,
1770 2933 1817 2984 μὴ
1849 2936 2108 2986 περιτραπῆναι
2133 2933 2352 2983 θλιὸόμενος,
2368 2931 2428 2971 Ἂν

1407 2992 1588 3043 ἐννοήσῃς,
1605 2992 1674 3038 ὅτι,
1695 2993 1758 3031 κᾶν
1777 2993 1950 3044 Οέλῃςκᾶν
1969 2993 2016 3043 μὴ
2032 2994 2133 3043 θέλῃς
2145 3024 2154 3040 ,
2175 2993 2279 3036 οἴσεις
2297 2994 2336 3031 τὸ
2353 2995 2430 3030 ἐπε-

1405 3053 1541 3105 νεχθέν·
1558 3055 1634 3091 ἀλλ’
1655 3053 1693 3090 ἂν
1724 3053 1785 3103 μὲν
1812 3053 2046 3106 εὐχαρίστως,
2066 3054 2240 3104 κερδανεῖς
2259 3053 2302 3091 τὰ
2324 3053 2424 3104 με’γι·

1405 3130 1488 3161 στα,
1513 3114 1553 3150 ἂν
1573 3113 1607 3151 δὲ
1631 3115 1878 3152 ἀποδυσπετῶν
1910 3114 1969 3152 καὶ
1996 3114 2108 3153 ἀλύων
2130 3115 2193 3152 ’καὶ
2223 3116 2424 3165 δυσφημῶν,

1402 3174 1479 3213 οὔτε
1498 3173 1561 3220 τὴν
1575 3173 1754 3225 συμφορὰν
1771 3174 1902 3212 ἐλάττω
1916 3174 2026 3226 ταύτῃ
2047 3175 2220 3222 ποιήσεις,
2235 3175 2293 3212 καὶ
2307 3177 2421 3224 μεῖζον

1401 3233 1529 3287 ἐργάσῃ
1567 3234 1606 3272 τὸ
1641 3233 1840 3272 κλυδώνιον.
1865 3236 1986 3272 Ταῦτα
2017 3229 2074 3273 οὖν
2094 3238 2301 3281 ἐννοοῦντες,
2319 3235 2338 3273 ὃ
2358 3237 2420 3281 τῆς

1459 3370 1475 3394 ¹¹
1501 3370 1658 3413 [nlcvvffiq.
1677 3371 1711 3401 Α.
1731 3377 1764 3401 et
1781 3380 1883 3412 marg.
1903 3369 2023 3411 savit]
