2502 3810
748 267 790 297 IN
827 265 969 297 EPIST-

86 348 180 401 παρὰ
205 349 265 395 τὴν
289 353 346 387 τοῦ
368 347 591 389 κελεύσαντος
608 349 774 397 λογισμοῦ
794 347 984 398 πονηρίαν·
1008 346 1047 382 ἂν
1069 346 1103 383 δὲ

86 410 283 461 χαλινώσῃς
313 409 428 456 αὐτὸν,
452 408 669 454 δικαιοσύνης
687 407 822 458 γέγονεν
854 408 971 444 ὅπλον.
1001 406 1103 444 Οὕτω

83 470 141 507 καὶ
167 469 224 506 ἐπὶ
246 469 421 519 γλώττης,
443 469 530 506 οὕτω
550 468 609 506 καὶ
631 468 688 505 ἐπὶ
717 470 844 518 χειρῶν
867 467 924 504 καὶ
954 466 1011 503 ἐπὶ
1034 468 1100 502 τῶν

83 532 196 567 ἄλλων
214 529 389 567 ἁπάντων.
407 531 531 573 Καλῶς
547 529 580 567 δὲ
598 528 661 574 τὴν
679 527 851 579 ἁμαρτίαν
872 527 1007 565 ἀδικίαν
1024 526 1101 563 ἐκά-

82 593 199 628 λεσεν·
221 589 243 634 ἢ
266 589 332 640 γὰρ
353 590 471 628 ἑαυτόν
495 605 547 632 τις
561 619 570 636 ,
589 588 611 634 ἢ
632 588 688 625 τὸν
714 587 860 633 πλησίον
892 587 1100 639 ἁμαρτάνων

85 651 216 696 ἀδικεῖ,
238 651 369 700 μᾶλλον
394 650 428 688 δὲ
453 649 571 687 ἑαυτὸν
589 649 656 700 πρὸ
680 652 739 686 τοῦ
767 646 926 692 πλησίον.
948 646 1099 697 Ἀπαγα-

85 709 154 760 γὼν
180 710 290 748 τοίνυν
311 714 372 756 τῆς
390 710 574 763 πονηρίας,
593 710 668 761 ἅγει
689 708 774 760 πρὸς
798 707 860 753 τὴν
888 706 1025 757 ἀρετὴν,
1045 706 1101 744 λέ·

85 786 174 821 γων-
197 770 300 808 Ἀλλὰ
332 771 584 822 παραστήσατε
612 768 750 811 ἑαυτοὺς
781 770 831 819 τῷ
860 769 963 819 Θεῷ,
993 770 1039 809 ὡς
1064 769 1102 804 ἐκ

85 833 213 881 νεκρῶν
236 833 376 874 ζῶντας.
391 830 487 882 υΟρα
506 834 580 873 πῶς
596 829 664 867 ἀπὸ
683 832 750 866 τῶν
770 827 946 877 ὀνομάτων
965 828 1103 878 γυμνῶν

86 891 274 942 προτρέπει
291 921 299 937 ,
319 893 389 928 ἐκεῖ
409 890 470 940 μὲν
492 889 664 940 ἁμαρτίαν
691 887 810 934 εἰπὼν,
830 889 976 924 ἐνταῦθα
992 887 1027 923 δὲ
1046 886 1103 923 τὸν

87 951 189 988 Θεόν.
205 951 326 995 Δείξας
351 951 418 1002 γὰρ
450 951 527 987 ὅσον
547 950 585 987 τὸ
605 949 708 998 μέσον
731 950 797 984 τῶν
834 945 1101 996 βασιλευόντων,
1118 976 1165 1000 534

1131 1011 1156 1039 Α

87 1012 200 1058 πάσης
219 1011 426 1062 συγγνώμης
439 1010 494 1048 τὸν
506 1008 722 1061 στρατιώτην
738 1006 888 1053 ἐξέὸαλε,
906 1007 962 1044 τὸν
977 1005 1106 1057 ἀφέντα

86 1071 148 1118 μὲν
179 1072 234 1108 τὸν
256 1071 358 1119 Θεὸν,
378 1069 640 1118 ἐπιθυμήσαντα
658 1068 693 1105 δὲ
721 1068 788 1105 ὑπὸ
806 1066 870 1112 τὴν
900 1069 961 1112 τῆς
992 1067 1105 1118 ἁμαρ-

86 1130 161 1173 τίας
181 1131 364 1168 τάττεσθαι
393 1129 583 1180 βασιλείαν.
605 1130 658 1165 Οὐ
678 1128 786 1179 ταύτῃ
815 1127 850 1165 δὲ
878 1127 992 1178 μόνον,
1015 1127 1105 1165 ἀλλὰ

87 1190 146 1227 καὶ
166 1189 221 1227 διὰ
240 1193 308 1228 τῶν
329 1190 405 1236 ἑξῆς
434 1193 534 1227 τοῦτο
556 1188 809 1231 κατασκευάζει
836 1189 960 1238 λέγων,
976 1188 1041 1230 Ὡς
1067 1190 1106 1225 ἐκ

85 1253 214 1302 νεκρῶν
230 1253 371 1294 ζῶντας.
388 1249 456 1287 Διὰ
471 1249 538 1302 γὰρ
551 1249 680 1287 τούτων
697 1248 846 1287 δείκνυσι
866 1247 1028 1294 κάκείνης
1043 1247 1106 1295 τὴν

84 1311 208 1361 λύμην,
228 1312 286 1350 καὶ
310 1314 372 1357 τῆς
393 1315 450 1348 τοῦ
470 1312 562 1349 Θεοῦ
589 1311 718 1361 δωρεᾶς
738 1310 777 1347 τὸ
800 1309 959 1360 μέγεθος·
984 1309 1107 1355 ἐννοή-

84 1388 168 1410 σατε
187 1372 265 1424 γὰρ,
286 1373 388 1424 φησὶ,
409 1371 497 1415 τίνες
515 1367 595 1418 ἦτε,
614 1371 673 1408 καὶ
688 1370 722 1408 τί
742 1370 916 1422 γεγόνατε.
933 1370 1035 1414 Τίνες
1051 1364 1107 1408 οὖν

85 1427 166 1479 ἦτε,
184 1433 309 1484 Ner-pol
324 1432 383 1469 καὶ
399 1431 615 1474 ἀπολωλότες
630 1430 805 1469 ἀπώλειαν
821 1430 1007 1481 οὐδαμόθεν
1021 1433 1109 1483 διορ-

86 1497 235 1539 θωθῆναι
247 1492 439 1543 δυναμένην
450 1508 457 1515 ·
470 1491 621 1543 οὐδὲγὰρ
635 1486 676 1538 ἦν
689 1508 738 1535 τις
751 1495 769 1530 ὃ
781 1494 952 1543 pone-”mou
963 1492 1110 1543 δυνάμε-

87 1569 154 1597 νος.
166 1554 233 1591 Καὶ
244 1553 332 1596 τίνες
347 1552 383 1596 ἐξ
396 1552 532 1591 ἐκείνων
552 1551 716 1603 γεγόνατε
729 1555 796 1591 τῶν
814 1555 962 1605 νεκρῶν,
977 1555 1111 1596 Ζῶντες

90 1614 179 1660 ζωὴν
200 1614 379 1651 ἀθάνατον.
401 1613 470 1651 Καὶ
497 1612 553 1650 διὰ
572 1612 679 1660 τίνος,
701 1613 768 1651 Διὰ
791 1618 851 1652 τοῦ
871 1613 985 1651 πάντα
1011 1615 1111 1651 δυνα-

91 1675 193 1723 μένου
212 1676 316 1712 Θεοῦ.
328 1675 464 1711 Οὐκοῦν
479 1673 538 1711 καὶ
559 1673 624 1711 ὑπὸ
641 1677 758 1711 τοῦτον
776 1673 960 1712 τάττεσθαι
980 1674 1110 1712 δίκαιον

91 1735 181 1784 μετὰ
203 1734 396 1785 προθυμίας
425 1733 614 1780 τοσαύτης,
640 1770 645 1784 ι
668 1735 714 1772 εθ’
731 1734 813 1781 ὅσης
835 1735 923 1778 εἰκὸς
949 1734 1027 1777 τοὺς
1044 1734 1112 1773 ἀπὸ

90 1796 218 1845 νεκρῶν
241 1796 371 1838 ζῶντας
390 1794 604 1845 γενομένους.
626 1794 695 1832 Καὶ
714 1793 758 1832 τὰ
787 1795 874 1844 μέλη
898 1797 993 1845 ὑμῶν
1021 1794 1112 1834 ὅπλα

90 1854 306 1902 δικαιοσύνης
326 1856 343 1874 *
357 1857 407 1907 τῷ
426 1856 520 1907 Θεῷ.
541 1856 674 1892 Οὐκοῦν
696 1857 732 1892 οὐ
753 1855 902 1908 πονηρὸν
925 1856 964 1894 τὸ
989 1858 1111 1907 σῶμα,

91 1915 170 1965 εἴγε
186 1915 289 1952 ὅπλον
306 1914 524 1961 δικαιοσύνης
536 1915 618 1952 αὐτὸ
631 1914 790 1965 γενέσθαι
809 1916 963 1953 δυνατόν.
975 1915 1111 1955 ϋΟπλον

92 1974 127 2013 δὲ
149 1974 271 2022 εἰπὼν,
293 1975 477 2023 ἐδήλωσεν,
495 1975 547 2013 ὅτι
567 1976 625 2012 καὶ
644 1975 794 2025 πόλεμος
813 1975 980 2028 ἐφέστηκε
1006 1978 1112 2028 χαλε-

91 2036 164 2077 πός.
185 2036 248 2073 Διὸ
266 2035 325 2073 καὶ
346 2035 556 2087 παντευχίας
575 2039 659 2081 ἡμῖν
682 2038 732 2074 δεῖ
752 2038 920 2088 ἰσχυρᾶς,
941 2037 1000 2075 καὶ
1024 2037 1112 2088 γνώ·

94 2111 160 2145 μης
182 2095 362 2145 γενναίας,
381 2095 440 2133 καὶ
460 2095 504 2133 τὰ
530 2099 597 2134 τῶν
618 2096 779 2147 πολέμων
805 2096 936 2135 τούτων
967 2099 1118 2135 ἐπιστα-

94 2155 198 2204 μένης
212 2157 347 2202 καλῶς,
364 2155 423 2193 καὶ
442 2155 510 2206 πρό
534 2172 572 2206 γε
601 2156 740 2194 πάντων
761 2161 968 2209 στρατηγοῦ.
986 2157 1076 2196 Ἀλλ’
1095 2161 1113 2195 ὁ

94 2216 155 2265 μὲν
176 2216 368 2267 στρατηγὸς
387 2216 619 2267 παρέστηκεν,
637 2217 689 2254 ἀεὶ
705 2218 789 2268 πρὸς
807 2218 1011 2270 συμμαχίαν
1025 2218 1113 2256 ἕτοι-

93 2290 154 2325 μος
173 2276 234 2323 ὣν,
250 2276 309 2313 καὶ
326 2275 515 2328 ἀχείρωτος
535 2275 660 2326 μένων,
680 2277 739 2314 καὶ
765 2278 809 2316 τὰ
829 2278 919 2316 ὅπλα
933 2278 969 2316 δὲ
986 2279 1112 2332 ἰσχυρὰ

91 2336 342 2373 κατεσκεύασεν
359 2339 456 2386 ἡμῖν,
476 2337 526 2373 δεῖ
543 2336 577 2374 δὲ
593 2337 712 2374 λοιπὸν
732 2338 966 2390 προαιρέσεως
985 2342 1047 2384 τῆς
1065 2341 1112 2381 εἰς

93 2395 166 2434 δέον
186 2396 273 2434 αὐτὰ
297 2397 643 2448 μεταχειριζομένης,
659 2396 748 2436 ὥστε
764 2399 823 2436 καὶ
848 2402 898 2452 τῷ
926 2402 1112 2451 στρατηγῷ

92 2455 288 2503 πείθεσθαι,
304 2456 362 2494 καὶ
383 2457 423 2494 τὸ
449 2457 540 2495 ὅπλα
559 2457 645 2508 ὑπὲρ
676 2461 739 2504 τ’ῆς
763 2459 928 2510 πατρίδος
942 2459 1110 2498 τίθεσθαι.

93 2516 450 2567 Παρακελευσάμενος
481 2517 593 2555 τοίνυν
626 2522 711 2568 ἡμῖν
749 2518 838 2557 οὕτω
867 2520 1022 2571 μεγάλα,
1055 2520 1114 2559 καὶ

96 2574 210 2611 ὅπλων
236 2575 294 2612 καὶ
315 2576 432 2626 μάχης
450 2577 509 2614 καὶ
524 2577 685 2628 πολέμων
710 2580 937 2629 ἀναμνήσας,
958 2581 1023 2633 δ’ρα
1041 2583 1115 2624 πῶς

95 2634 198 2672 πάλιν
223 2635 380 2687 θαῤῥύνει
397 2635 453 2673 τὸν
470 2636 699 2688 στρατιώτην,
718 2639 778 2677 καὶ
797 2640 931 2692 ἀλείφει
949 2641 1014 2687 τὴν
1032 2657 1116 2693 προ-

96 2694 233 2744 θυμίαν,
254 2695 362 2746 λέγων
374 2711 381 2719 ·
396 2696 567 2747 Ἁμαρτία
585 2697 651 2748 γὰρ
678 2701 776 2748 ὑμῶν
791 2700 904 2738 οὐκέτι
922 2702 1115 2752 κυριεύσει·

95 2757 132 2792 οὐ
148 2756 213 2806 γάρ
231 2758 306 2794 ἐστε
321 2756 387 2794 ὑπὸ
406 2756 521 2806 νόμον,
543 2757 631 2795 ἀλλὰ
647 2759 714 2796 ὑπὸ
728 2759 844 2812 χάριν.
862 2762 908 2799 Εἰ
928 2757 984 2799 οὖν
1001 2764 1117 2815 ἁμαρ-

96 2816 153 2852 τία
168 2819 268 2866 ἡμῶν
292 2816 408 2855 οὐκέτι
427 2817 595 2869 κυριεύει,
612 2818 702 2862 τίνος
732 2819 844 2858 ἕνεκεν
872 2827 1022 2861 τοσαῦτα
1048 2840 1118 2861 πα-

97 2883 218 2927 εγγυᾷς
232 2905 241 2923 ,
275 2876 384 2928 λέγων
398 2893 405 2900 ·
426 2877 486 2925 Μὴ
517 2879 731 2929 βασιλευέτω
762 2883 783 2926 ἡ
817 2882 973 2934 ἁμαρτία
1004 2886 1037 2921 ἐν
1067 2886 1116 2935 τῷ

98 2940 210 2988 θνητῷ
236 2941 331 2987 ὑμῶν
351 2937 499 2989 σώματι·
525 2940 604 2988 καὶ,
621 2941 682 2988 Μὴ
705 2943 937 2995 παριστάνερε
963 2944 1006 2983 τὰ
1028 2945 1115 2995 μέλη

97 3000 193 3047 ὑμῶν
212 2998 303 3036 ὅπλα
320 2999 453 3044 ἀδικίας
471 3005 512 3053 τῇ
536 3002 712 3055 ἁμαρτίᾳ,
729 3003 763 3042 τί
791 2998 848 3043 oi'a'v
865 3007 938 3044 ἐστι
962 3007 1001 3044 τὸ
1017 3007 1116 3057 λεγό-

100 3072 218 3105 μενον;
248 3059 513 3111 “Σπερματικόν
540 3078 618 3100 τινα
649 3064 908 3103 καταὸάλλεται
936 3066 1038 3117 λόγον
1066 3070 1118 3105 ἕν-

100 3121 208 3154 ταῧθα
221 3147 230 3164 ,
256 3118 291 3155 ὃν
326 3118 465 3171 ὕστερον
499 3122 731 3162 ἀναπτύσσειν
766 3124 905 3175 μέλλει,
937 3126 996 3164 καὶ
1029 3127 1117 3177 μετὰ

101 3178 231 3222 πολλῆς
251 3177 456 3229 ἐργάζεσθαι
469 3185 530 3227 τῆς
555 3185 857 3230 κατασκευῆς.Τίς
873 3181 930 3224 οὖν
951 3189 1042 3225 ἐστιν
1063 3181 1119 3225 οὗ·

102 3252 157 3279 τος
177 3240 194 3274 ὃ
209 3237 326 3288 λόγος
350 3240 402 3277 Τὸ
419 3243 520 3290 σῶμα
539 3245 639 3291 ἡμῶν
653 3244 721 3295 πρὸ
733 3245 796 3294 μὲν
812 3248 874 3291 τῆς
893 3251 951 3285 τοῦ
968 3249 1120 3299 Χριστοῦ

102 3298 293 3348 παρουσίας
314 3298 516 3350 εὐχείρωτον
536 3295 577 3347 ἦν
601 3305 644 3354 τῇ
664 3305 830 3357 ἁμαρτίᾳ.
853 3307 952 3345 Μετὰ
975 3307 1042 3359 γὰρ
1065 3309 1122 3346 τὸν

156 3418 163 3426 “
189 3414 198 3457 [
217 3417 251 3448 Α,
269 3424 355 3447 caret
376 3416 483 3449 verbis
501 3428 540 3460 τῷ
560 3422 642 3462 θεῷ]

1010 263 1067 294 Αἰ)
1105 265 1212 294 ROM.

2067 238 2158 301 587

1180 343 1270 380 male
1290 342 1444 391 videre),
1465 340 1522 379 scd
1540 338 1726 391 ajubentis
1741 336 1962 388 cogitationis
1977 336 2131 384 nequitia
2150 351 2156 370 :

1177 404 1206 441 si
1238 417 1320 441 vero
1346 403 1449 439 illum
1484 399 1736 448 refraenaveris,
1761 408 1841 436 tunc
1867 397 2015 449 justitia:
2047 395 2157 433 telum

1177 466 1254 503 erit.
1278 466 1338 503 Sic
1358 464 1402 502 de
1432 464 1554 515 lingua
1575 462 1780 509 dicendum,
1811 461 1855 498 de
1875 459 2039 496 manibus
2060 468 2093 496 et
2113 458 2158 495 de

1175 525 1322 575 reliquis
1338 524 1513 561 omnibus.
1534 525 1640 560 Recte
1658 532 1774 560 autem
1793 529 1974 573 peccatum
1992 518 2161 569 iniquita-

1175 593 1246 620 tem
1267 582 1430 621 vocavit:
1454 590 1615 633 peccator
1631 581 1726 618 enim
1747 588 1808 617 aut
1827 580 1896 616 sibi
1922 587 1983 615 aut
1993 579 2159 630 proximo

1255 261 1411 292 iloMtL.
1453 261 1515 291 XI.

1174 643 1316 693 iniquus
1332 651 1402 691 est,
1418 641 1490 679 imo
1520 641 1636 693 potius
1658 640 1819 691 sibiipsi,
1851 654 1956 689 quam
1982 640 2158 693 proximo.

1175 702 1486 752 Postquamigitur
1504 716 1524 738 a
1550 701 1686 738 malitia
1713 700 1880 749 abduxit,
1916 701 1958 738 ad
1990 701 2161 739 virtutem

1174 762 1273 800 ducit
1280 762 1334 799 his
1342 761 1462 800 verbis
1479 777 1486 797 :
1500 762 1575 798 Sed
1585 763 1760 799 exhibete
1771 774 1841 798 vos
1853 762 1949 807 Deo,
1963 770 2163 813 tamquam

1177 837 1223 859 ex
1238 825 1399 859 mortuis
1414 824 1601 858 viventes.
1616 819 1710 858 Vide
1727 820 1904 869 quomodo
1920 821 2026 858 nudis
2043 820 2163 858 verbis

1177 884 1355 933 hortatur,
1379 883 1455 919 illic
1474 891 1656 933 peccatum
1675 881 1809 930 dicens,
1832 882 1891 919 hic
1918 884 2047 920 Deum.
2072 884 2164 920 Cum

1178 944 1386 981 ostendisset
1418 942 1526 991 enim,
1558 950 1729 991 quantum
1761 951 1848 979 esset
1870 942 1960 979 inter
1981 951 2164 993 regnantes

1177 1003 1382 1051 discrimen,
1400 1002 1550 1039 militem
1564 1002 1666 1038 illum
1687 1001 1783 1038 omni
1803 1002 1904 1039 venia
1920 1002 2084 1051 exclusit,
2103 1002 2166 1051 qui

1179 1066 1252 1102 Deo
1268 1063 1406 1113 relicto,
1430 1063 1496 1100 snb
1518 1076 1626 1113 regno
1645 1062 1780 1114 peccati
1800 1062 1926 1099 mereri
1950 1062 2165 1114 concupivit.

1178 1126 1256 1163 Non
1267 1125 1352 1162 hine
1368 1134 1519 1172 tantum,
1530 1124 1590 1162 sed
1605 1124 1711 1162 etiam
1723 1139 1767 1162 ex
1782 1124 2009 1174 sequentilms
2021 1124 2088 1161 hoc
2103 1123 2166 1161 ad-

1180 1186 1284 1223 struit
1304 1185 1425 1223 dicens
1442 1201 1449 1221 :
1480 1187 1695 1237 Tamquam
1728 1199 1773 1222 esc
1803 1188 1962 1223 mortuis
1979 1188 2164 1222 viventes.

1180 1246 1246 1284 His
1266 1246 1359 1283 enim
1379 1246 1531 1284 ostendit
1560 1255 1593 1283 et
1627 1246 1761 1298 peccati
1795 1245 1991 1297 perniciem
2020 1254 2052 1282 et
2081 1245 2165 1283 doni

1182 1307 1247 1344 Dei
1263 1305 1568 1358 magnitudinem:
1591 1306 1750 1357 Cogitate
1775 1306 1880 1355 enim,
1905 1305 2034 1356 inquit,
2053 1315 2086 1344 et
2106 1305 2167 1357 qui

1181 1367 1318 1406 fueritis
1351 1377 1383 1405 et
1404 1367 1466 1419 qui
1497 1367 1579 1405 facti
1607 1367 1695 1405 sitis.
1727 1367 1883 1413 Quinam
1914 1381 1996 1419 ergo
2030 1368 2167 1407 eratis?

1185 1429 1317 1467 Mortui
1336 1439 1369 1468 et
1383 1428 1512 1482 perditi
1526 1428 1681 1483 pernicie
1691 1429 1790 1467 nullo
1804 1428 1911 1467 modo
1929 1428 2141 1468 emendabili
2159 1446 2166 1466 :

1185 1504 1253 1528 non
1273 1500 1346 1529 erat
1365 1491 1459 1529 enim
1482 1492 1543 1542 qui
1563 1506 1666 1544 opem
1685 1493 1774 1530 ferre
1793 1501 1919 1543 posset.
1954 1492 2002 1529 Et
2023 1491 2169 1542 quinam

1185 1567 1229 1591 ex
1248 1553 1320 1591 illis
1340 1553 1489 1592 mortuis
1507 1554 1590 1591 facti
1609 1554 1721 1592 estis?
1743 1554 1912 1594 Viventes
1928 1554 2001 1592 vita
2017 1554 2168 1592 immor-

1185 1614 1260 1652 tali.
1292 1614 1340 1652 Et
1359 1615 1459 1666 cujus
1479 1629 1584 1667 opera
1601 1615 1618 1652 Ρ
1633 1618 1699 1653 Per
1715 1630 1810 1664 eum,
1841 1616 1902 1666 qui
1921 1615 2038 1653 omnia
2058 1625 2172 1667 potest

1186 1676 1293 1713 Deus.
1316 1675 1413 1727 Ergo
1433 1690 1574 1726 aequum
1597 1685 1661 1726 est,
1684 1685 1723 1714 ut
1742 1676 1809 1714 sub
1826 1676 1888 1713 illo
1907 1676 2067 1713 militetis
2089 1691 2171 1714 cum

1186 1746 1283 1775 tanta
1305 1737 1411 1774 animi
1427 1737 1621 1786 alacritate,
1641 1746 1773 1788 quanta
1792 1751 1857 1789 par
1876 1746 1925 1774 est
1944 1751 2015 1784 eos,
2045 1737 2107 1787 qui
2127 1751 2172 1775 ex

1186 1797 1336 1835 mortuis
1355 1797 1516 1837 viventes
1535 1797 1619 1835 facti
1653 1805 1749 1835 sunt.
1782 1799 1835 1835 Et
1855 1799 2022 1834 membra
2038 1806 2171 1835 vestra

1185 1872 1297 1896 arma
1313 1860 1478 1912 justitiae
1494 1860 1590 1896 Deo.
1611 1858 1707 1908 Ergo
1721 1872 1790 1895 non
1803 1857 1937 1895 malum
1953 1866 2004 1894 est
2024 1871 2167 1910 corpus,

1186 1917 1362 1968 siquidem
1381 1933 1479 1956 arma
1495 1918 1642 1970 justitiae
1662 1918 1739 1955 fieri
1763 1918 1886 1970 possit.
1920 1919 2027 1954 Arma
2054 1927 2172 1956 autem

1187 1979 1298 2030 dixit,
1342 1980 1525 2018 ostendens
1563 1979 1699 2017 bellum
1738 1979 1869 2016 instare
1907 1978 2170 2030 gravissimum.

1186 2040 1413 2093 Quapropter
1427 2049 1605 2078 armatura
1622 2039 1703 2076 forti
1725 2053 1812 2091 opus
1826 2039 2013 2088 habemus,
2030 2053 2172 2090 genero-

1187 2115 1296 2152 soque
1317 2101 1456 2147 animo,
1487 2100 1538 2138 rei
1560 2099 1726 2138 militaris
1754 2100 1901 2151 hujusce
1925 2100 2038 2151 perito
2060 2115 2069 2149 5
2099 2114 2171 2151 prae

1187 2161 1352 2199 omnibus
1380 2169 1498 2198 autem
1530 2159 1632 2197 duce.
1663 2161 1800 2198 Verum
1827 2159 1905 2197 dux
1944 2159 2005 2196 ille
2036 2174 2173 2211 semper

1187 2222 1303 2270 adest,
1332 2221 1379 2259 ad
1403 2220 1655 2259 commilitium
1683 2229 1850 2271 paratus,
1881 2220 2174 2271 inexpugnabilis

1154 2301 1157 2302 ⁷
1186 2295 1329 2319 manens
1351 2297 1358 2317 :
1375 2290 1409 2318 et
1425 2295 1522 2318 arma
1541 2280 1646 2318 fortia
1669 2280 1857 2331 apparavit
1876 2279 1990 2318 nobis.
2008 2280 2108 2331 Opus
2124 2289 2175 2318 cst

1185 2341 1332 2379 demum
1352 2341 1534 2393 proposito
1560 2340 1777 2389 voluntatis,
1799 2354 1869 2390 quo
1892 2339 1953 2377 illa
1979 2348 2014 2377 ut
2035 2354 2100 2391 par
2125 2350 2175 2377 est

1186 2411 1379 2440 tractentur
1389 2417 1401 2452 5
1422 2402 1471 2439 ita
1491 2411 1530 2439 ut
1550 2401 1634 2456 duci
1652 2410 1786 2454 pareat,
1806 2410 1839 2438 et
1858 2415 1954 2438 arma
1975 2415 2039 2453 pro
2058 2401 2175 2453 patria

1186 2472 1316 2501 sumat.
1336 2463 1528 2513 Postquam
1548 2476 1630 2513 ergo
1649 2461 1696 2499 ad
1711 2476 1838 2513 magna
1852 2462 1912 2499 illa
1931 2462 2092 2499 hortatus
2112 2472 2174 2510 est,

1187 2533 1220 2561 et
1247 2538 1360 2574 arma,
1376 2537 1534 2575 pugnam
1561 2532 1594 2561 et
1627 2523 1720 2560 bella
1744 2523 1967 2571 memoravit,
1983 2523 2067 2561 vide
2090 2538 2175 2574 quo-

1187 2584 1294 2622 modo
1305 2584 1411 2621 militi
1424 2597 1547 2621 rursus
1562 2583 1699 2620 animos
1716 2583 1835 2632 saciat,
1847 2575 1967 2620 dicens
1981 2599 1989 2619 :
2003 2584 2066 2620 14.
2081 2586 2175 2621 Pec-

1189 2653 1318 2684 catum
1337 2646 1435 2682 enim
1458 2645 1567 2681 vobis
1584 2657 1659 2680 non
1677 2643 1780 2680 ultra
1801 2643 2081 2687 dominabitt1r5
2099 2657 2176 2680 non

1189 2708 1289 2743 enim
1306 2707 1395 2743 estis
1410 2707 1478 2742 sub
1501 2703 1597 2756 lege,
1617 2703 1684 2741 sed
1698 2705 1764 2741 sub
1781 2706 1922 2754 gratia.
1946 2703 1984 2740 Si
1998 2717 2080 2754 ergo
2096 2718 2175 2755 pec-

1189 2775 1308 2804 catum
1328 2779 1399 2802 non
1429 2766 1521 2802 ultra
1548 2764 1650 2802 nobis
1667 2763 1933 2801 dominaturum
1955 2763 2013 2813 sit,
2041 2777 2103 2800 cur
2127 2772 2176 2801 tot

1188 2836 1354 2877 tantaque
1363 2825 1540 2877 praecipis,
1554 2824 1674 2862 dicens
1693 2840 1700 2860 :
1718 2825 1776 2862 Ne
1787 2835 1916 2873 regnet
1924 2834 2122 2875 peccatum
2136 2826 2176 2861 ιἰι,

1188 2896 1318 2926 vestro
1334 2887 1492 2924 mortali
1503 2899 1674 2936 corpore,·
1689 2893 1736 2931 et,
1754 2887 1818 2923 Ne
1836 2887 2047 2923 exhibeatis
2064 2900 2176 2923 mem-

1191 2952 1264 2987 bra
1281 2957 1412 2986 vestra
1431 2961 1542 2984 arma
1561 2949 1780 2997 iniquitatis
1795 2954 1952 2997 peccato
1968 2947 1985 2984 ἑ)
2005 2946 2103 2992 Quid
2122 2960 2176 2983 er-

1142 3011 1167 3041 D
1190 3020 1234 3058 go
1253 3006 1322 3045 sihi
1347 3006 1427 3045 vult
1455 3005 1592 3043 dictum
1626 3003 1749 3042 illud?
1770 3005 1975 3042 Sermonem
1995 3004 2054 3041 hic
2076 3003 2176 3054 quasi

1190 3081 1307 3105 semen
1329 3067 1476 3117 spargit,
1495 3079 1600 3116 quem
1619 3064 1784 3116 deinceps
1798 3064 2041 3115 explicaturus
2061 3073 2126 3110 est,
2143 3072 2177 3101 et

1190 3141 1271 3165 cum
1291 3127 1403 3165 multo
1418 3135 1593 3179 apparatu
1611 3125 1936 3177 probaturus.Quis
1954 3137 2036 3175 ergo
2053 3133 2103 3162 est
2118 3124 2178 3162 hic

1192 3188 1332 3225 sermo?
1363 3188 1501 3238 Corpus
1528 3194 1688 3223 nostrum
1715 3193 1796 3221 ante
1822 3183 1954 3221 Christi
1984 3184 2178 3222 adventum

1195 3256 1334 3300 peccato
1356 3255 1459 3298 captu
1473 3245 1577 3283 facile
1588 3253 1671 3282 erat.
1685 3245 1777 3282 Nam
1796 3253 1874 3295 post
1888 3243 2069 3282 inductam
2084 3258 2178 3282 mor-

1196 3317 1266 3346 tem
1287 3308 1477 3344 affectuum
1501 3305 1601 3356 quasi
1619 3318 1767 3343 examen
1788 3304 1974 3342 inductum
1993 3313 2043 3343 est
2062 3320 2068 3341 :
2092 3319 2179 3356 qua-

1212 3438 1224 3452 ³
1249 3426 1308 3458 Alii
1326 3436 1534 3471 σπερματικῶς
1554 3441 1617 3460 τινα
1634 3429 1917 3470 προκαταξάλλεται
1937 3430 2032 3469 λόγον.
2047 3426 2114 3469 [Sic
2129 3427 2184 3468 A.]
