2466 3805
681 268 723 296 ΙΝ
765 267 880 296 ACTA
921 264 1250 295 APOSTOLORUM
1290 264 1444 294 ΗΟΜΙΙ..

96 364 172 400 τρος
200 349 364 393 συνῆλθεν
385 348 511 390 αὐτοῖς.
531 348 598 385 ζῸν
624 347 916 399 παράγενόμενον,
937 346 1108 397 ἀνήγαγον

96 410 142 450 εἷς
159 406 198 445 τὸ
219 409 388 459 ὑπερῷον.
402 410 455 445 Οὐ
473 409 747 460 παρακαλοῦσιν,
770 410 846 446 ἀλλ’
863 408 956 460 αὐτῷ
975 405 1110 458 ἐπιτρέ-

95 483 237 515 πουσιν,
257 467 300 505 ἵν’
323 468 356 512 ἐξ
372 471 493 506 ἑαυτοῦ
513 469 575 515 τὴν
597 469 685 515 ζωὴν
706 471 792 519 αὐτῇ
813 468 1016 520 χαρίσηται.
1037 465 1108 504 Οὕ-

93 543 160 570 τως
187 529 335 566 ἕνταῧθα
354 531 546 581 πληροῦται
573 530 635 578 τὸ,
658 529 899 581 Ἐλεημοσύνη
926 528 1042 581 ῥύεται
1071 529 1109 565 ἐκ

94 588 258 627 θανάτου.
291 590 361 628 Καὶ
393 591 622 642 περιέστησαν
656 591 754 629 αὐτὸν
786 598 898 628 πᾶσαι
930 592 965 627 αἱ
1001 591 1109 641 χῆραι

94 649 293 697 κλαίουσαι,
314 650 372 688 καὶ
399 651 675 702 ἐπιδεικνύμεναι
702 655 875 704 χιτῶνας,
906 650 964 687 καὶ
987 649 1110 699 ἱμάτια

94 710 159 748 ὅσα
180 711 288 748 ἐποίει
307 714 381 761 μετ’
404 714 515 749 αὐτῶν
536 707 619 750 οἶσα
640 716 660 758 ἡ
690 711 836 763 Δορκάς.
865 710 975 748 >Ἐνθα
1002 708 1111 760 πρού-

96 786 189 808 κειτο
208 776 389 818 τεθνηκυῖα
408 773 465 810 τὸν
482 773 616 825 Πέτρον
640 773 828 823 ἀνάγουσι·
851 772 944 822 τάχα
963 770 1112 820 οἰόμενοι

98 832 183 882 πρὸς
209 833 411 885 φιλοσοφίαν
439 836 531 885 αὐτῷ
567 849 600 870 τι
630 833 846 885 χαρίζεσθαι.
877 825 990 877 Εἶδες,
1019 829 1111 874 πόση

99 892 250 934 ἐπίδοσις
264 893 398 944 γέγονεν
412 911 420 939 ;
443 896 523 944 Οὐχ
539 894 656 936 ἁπλῶς
673 893 708 930 δὲ
723 892 928 943 πρόσκειται
944 890 983 927 τὸ
1004 890 1112 939 ὄνομα

98 955 159 998 τ’ἧς
175 952 344 1004 γυναικὸς,
368 955 443 991 ἀλλ’
462 954 517 991 ἵνα
540 953 727 1004 μάθωμεν,
759 951 812 989 ὅτι
839 950 1039 1004 φερώνυμος
1057 944 1112 995 ἦν,

99 1011 206 1055 οὕτως
223 1015 429 1065 ἐγρηγορυῖα
444 1013 503 1051 καὶ
522 1014 689 1065 νήφουσα,
706 1011 823 1062 ὥσπερ
840 1010 974 1063 δορκάς.
991 1009 1114 1047 Πολλὰ

99 1072 166 1123 γὰρ
196 1074 254 1110 καὶ
279 1076 502 1123 οἰκονομικῶς
529 1073 682 1124 ὀνόματα
704 1073 859 1120 τίθεται,
882 1075 927 1114 ὡς
946 1070 1114 1113 πολλάκις

98 1134 183 1186 πρὸς
204 1138 293 1183 ὑμᾶς
310 1134 463 1184 εἴπομεν.
481 1134 769 1186 Πλήρης,φησὶν,
784 1127 826 1179 ἦν
845 1134 983 1183 ἀγαθῶν
1005 1131 1113 1184 ἔργων

98 1193 157 1230 καὶ
185 1196 423 1243 ἐλεημοσυνων
451 1189 533 1232 ‹Bv'
519 1195 640 1233 εποίει.
666 1194 768 1246 Μέγα
795 1197 858 1240 τ7]·ς
882 1193 1043 1245 γυναικὸς
1075 1209 1116 1230 το

97 1253 282 1304 ἐγκώμιον,
301 1254 333 1292 εἴ
349 1271 388 1306 γε
407 1255 585 1307 ἀμφότερα
608 1254 716 1298 οὕτως
744 1254 872 1301 ἐποίει,
896 1257 942 1297 ὡς
962 1253 1116 1307 ἀμφοτέ-

100 1329 166 1365 ρων
200 1318 285 1352 εἶναι
325 1317 618 1367 πεπληρωμενην.
648 1317 762 1362 Δ7]·λον
800 1315 858 1365 δὲ,
890 1316 944 1353 ὅτι
976 1316 1113 1367 πρῶτον

98 1374 248 1422 ἐκείνω),
269 1376 327 1413 καὶ
347 1376 424 1414 τότε
442 1377 561 1415 τούτου
584 1377 771 1424 ἐποιήσατο
785 1376 998 1427 ἐπιμέλειαν.
1018 1374 1116 1413 “Ocu

99 1435 225 1482 ἐποίει,
249 1437 352 1488 φησὶ,
381 1440 454 1488 μετ’
476 1440 586 1475 αὐτων
601 1441 634 1513 αὴ
664 1437 801 1489 Δορκὰς
820 1431 917 1475 οῧσα.
950 1435 1072 1481 Πολλὴ
1093 1438 1114 1481 ἡ

98 1497 404 1548 ταπεινοφροσύνη.
424 1500 477 1536 Οὐ
500 1498 568 1550 γὰρ
594 1497 711 1549 ὥσπερ
744 1501 866 1548 ἡμεῖς,
897 1496 990 1534 ἀλλὰ
1017 1512 1114 1547 κοινῃ

97 1555 223 1598 πάντες
245 1561 352 1604 ἦσαν,
369 1557 477 1596 πολυν
494 1562 556 1605 τῆς
581 1557 814 1609 ἐλεημοσύνης
832 1557 1029 1607 ποιούμενοι
1058 1556 1116 1594 λό-

97 1633 168 1667 γον.
190 1618 259 1655 Καὶ
287 1619 444 1657 ἐκὸαλὼν
467 1619 530 1664 ἔξω
549 1622 681 1664 πάντας
700 1624 717 1658 ὁ
737 1620 884 1673 Πέτρος,
904 1619 970 1662 θεις
999 1618 1043 1656 τὰ
1060 1618 1117 1670 γό-

98 1693 186 1714 νατα
221 1679 440 1731 προσηύξατο
464 1695 471 1703 ·
501 1681 560 1718 καὶ
588 1681 797 1733 ἐπιστρέψας
829 1696 915 1733 προς
948 1679 987 1717 τὸ
1014 1695 1118 1730 σωμα

99 1742 199 1776 εἰπε·
221 1739 389 1787 ’1α6ηθὰ,
411 1741 590 1788 ἀνάστη.θι
613 1741 660 1780 ‘H
689 1741 724 1779 δὲ
747 1741 860 1788 ἤνοιξε
883 1740 962 1784 τους
987 1742 1118 1793 ὀφθαλ-

101 1814 186 1849 μους
217 1802 341 1848 αὐτῆς,
370 1801 429 1839 καὶ
455 1804 573 1840 ἷδουσα
601 1802 657 1840 τὸν
687 1802 821 1854 Πέτρον
848 1800 1040 1839 ἀνεκάθισε.
1071 1800 1119 1839 Τί

101 1860 229 1906 δήποτε
250 1862 382 1905 πάντας
409 1863 590 1911 ἕκὸάλλει,
609 1863 721 1902 εὨστε
746 1863 793 1914 μὴ
815 1865 1029 1914 συγχυθῆναι
1048 1869 1119 1905 τοῖς

102 1921 244 1974 δάκρυσι
281 1922 367 1973 μηδὲ
405 1925 693 1976 διαταραχθῆναι.
721 1924 791 1962 Καὶ
818 1923 885 1966 θεὶς
918 1923 962 1960 τὰ
990 1923 1119 1974 γόνατα

100 1986 262 2033 (ὶπροσηυ
253 1982 356 2026 ’ξατο
392 1985 506 2021 Τουτο
549 1986 674 2036 δεῖγμα
712 1983 961 2033 ἐπιτεταμένης
1003 1985 1067 2035 εὖ]
1067 1999 1119 2030 ης.

104 2042 172 2078 Καὶ
193 2058 388 2093 κρατησας,
410 2060 514 2096 φησι,
543 2060 606 2089 της
628 2044 755 2096 χειρός.
775 2044 987 2082 Ἐνταῦθα
969 2043 1121 2082 οείκνυσι

103 2102 193 2140 κατα
213 2103 314 2153 μέρος
331 2120 392 2150 την
412 2104 521 2151 ζωὴν,
542 2109 616 2142 εἶτα
635 2104 698 2151 τὴν
715 2104 859 2155 δύναμιν
879 2104 1120 2155 εἰσαγομένην,

102 2179 165 2210 την
199 2164 239 2213 μὲ
243 2180 260 2201 ν
288 2166 344 2202 διὰ
374 2181 432 2203 του
464 2165 633 2218 ῥήματος,
662 2165 724 2212 τὴν
755 2165 790 2203 δὲ
818 2164 874 2203 διὰ
903 2164 966 2211 τὴς
992 2165 1118 2217 χειρός.

103 2224 190 2267 Δοὺς
212 2224 247 2262 δὲ
270 2227 355 2276 αὖτ7]
374 2232 495 2278 χεῖρα,
524 2225 710 2272 ἀνέστησεν
731 2225 851 2271 αὐτήν.
873 2225 943 2263 Καὶ
959 2226 1119 2277 φωνήσας

102 2300 178 2328 τους
201 2286 336 2335 ἁγίους,
357 2287 416 2324 καὶ
434 2286 496 2328 τὰς
513 2302 648 2338 χηρας,
675 2286 894 2361 παρέστησεν
922 2285 1030 2331 αὐτὴν
1048 2288 1118 2330 ζῶ-

103 2361 190 2382 σαν·
209 2351 280 2388 τοῖς
306 2345 368 2395 μὲν
388 2349 434 2389 εἷς
460 2346 701 2397 παράκλησιν,
726 2346 780 2384 ο’τι
799 2363 836 2384 τε
861 2346 1036 2384 ἀπέλαὸον
1056 2345 1120 2393 τὴν

104 2406 265 2458 ἀδελφὴν,
281 2406 340 2444 καὶ
353 2406 405 2445 οτι
421 2411 538 2458 θαυμα
553 2409 662 2444 εἶδον·
677 2413 753 2450 ταῖς
773 2406 808 2445 δὲ
824 2409 871 2451 εἷς
890 2407 1119 2460 προστασίαν.

105 2466 263 2505 Ινωστὸν
299 2465 333 2504 δὲ
369 2466 504 2518 ἐγένετο
540 2469 618 2506 καθ’
653 2467 736 2515 ὅλης
766 2470 828 2514 τῆς
863 2468 1029 2516 Ἰόππης,
1061 2467 1121 2506 καὶ

102 2527 223 2565 πολλοὶ
241 2527 444 2566 ἐπίστευσαν
465 2528 522 2567 ἐπὶ
546 2528 602 2566 τὸν
629 2527 770 2581 Κύριον.
790 2527 951 2579 Ἐγένετο
974 2528 1010 2567 δὲ
1034 2527 1122 2579 ἠμέ-

106 2604 166 2639 ρας
184 2587 439 2639 ἱκανὰςμεῖναι
458 2589 559 2628 αὐτὸν
579 2591 612 2628 ἐν
634 2588 764 2640 Ἰόππῃ
784 2589 880 2641 παρά
898 2605 967 2628 τινι
985 2589 1123 2641 Σίμωνι

109 2650 237 2699 βυρσεῖ.

163 2781 255 2835 Ὅρα
273 2782 312 2820 τὸ
343 2783 470 2835 ἄτυφον
490 2785 549 2821 τοῦ
569 2782 705 2836 Πέτρου
731 2782 791 2821 καὶ
810 2782 849 2821 τὸ
871 2781 1123 2829 ἐπιεικὲς,πῶς

108 2844 144 2880 οὐ
160 2843 256 2895 παρὰ
271 2843 379 2896 ταύτῃ
401 2844 507 2894 μένει·
525 2843 602 2883 οὐδὲ
616 2842 712 2896 παρὰ
727 2843 823 2896 ἄλλῳ
836 2842 904 2881 τινὶ
920 2846 988 2880 τῶν
1001 2842 1123 2889 ἐπισή-

110 2920 196 2954 μων,
214 2904 303 2943 ἀλλὰ
321 2905 417 2956 παρὰ
435 2908 573 2957 βυρσεῖ,
593 2905 650 2943 διὰ
667 2904 806 2942 πάντων
828 2906 874 2948 εἷς
890 2918 1121 2955 ταπεινοφρο-

111 2965 214 3011 σύνην
245 2966 394 3017 ἐνάγων,
434 2966 493 3003 καὶ
519 2965 597 3004 οὔτε
620 2964 699 3009 τοὺς
719 2967 867 3008 εὐτελεῖς
899 2963 1125 3016 αἰσχύνεσθαι

111 3026 233 3076 ἀφιεὶς,
259 3025 363 3064 bozra
385 3026 463 3069 τοὺς
496 3026 667 3078 μεγάλους
697 3026 923 3080 ἐπαίρεσθαι·
944 3025 979 3067 ὃς
993 3024 1052 3063 καὶ
1068 3023 1125 3062 διὰ

110 3091 208 3124 τοῦτο
232 3086 342 3138 ἔκρινε
372 3088 530 3133 διελθεῖν,
553 3087 672 3134 ἐπειδὴ
691 3089 753 3133 τ’ἦς
779 3089 881 3125 αὐτοῦ
901 3084 1127 3128 διδασκαλίας

113 3147 245 3185 ἐδέοντο
271 3149 301 3185 οἳ
328 3147 581 3192 πιστεύσαντες.
611 3147 761 3198 Ἴδωμεν
787 3146 899 3185 τοίνυν
927 3147 1056 3184 ἄνωθεν
1081 3143 1127 3183 τὰ

114 3206 291 3258 εἰρημένα.
309 3206 512 3259 Ἔπειρᾶτο,
532 3208 629 3260 φησὶ,
646 3209 837 3246 κολλᾶσθαι
851 3211 922 3249 τοῖς
941 3209 1126 3256 μαθηταῖς.

115 3270 192 3305 Οὐκ
220 3268 456 3319 ἀναισχύντως
489 3271 682 3320 προσῆλθεν
694 3297 704 3315 ,
734 3269 809 3305 ἀλλ’
841 3266 1125 3318 ὕπεσταλμένως.

161 3380 173 3394 ⁵
190 3373 385 3413 προσηύξατο-
412 3375 469 3416 ὅρα
486 3377 539 3410 τὴν
560 3372 774 3413 ἐπιτεταμένην
791 3373 878 3412 εὐχὴν
894 3374 962 3410 καί,
981 3369 1027 3401 sic
1043 3369 1116 3411 qui-

119 3421 208 3455 (lam.

2075 249 2157 293 183

1183 359 1270 384 cum
1289 345 1380 383 illis.
1399 344 1453 383 Et
1476 358 1564 383 cum
1594 344 1811 382 advenisset
1839 345 2030 381 duxerunt
2049 343 2160 382 illam

1184 409 1225 443 in
1250 406 1500 443 coenaculum.
1525 405 1605 442 Non
1636 413 1776 456 rogant,
1812 403 1874 442 sed
1898 417 1973 441 rem
2000 403 2056 441 illi
2079 418 2159 455 pcr-

1184 468 1349 517 mittunt‚
1380 477 1419 505 ut
1464 482 1509 505 cx
1534 468 1648 520 scipso
1672 467 1785 506 vitam
1813 467 1868 504 illi
1901 466 2086 518 largiatur.
2109 467 2163 505 Ita

1182 528 1242 565 hic
1263 528 1429 579 impletur
1452 528 1557 573 illud,
1573 528 1837 576 Eleemosyna
1865 527 2005 565 liberat
2025 541 2050 564 a
2067 541 2164 565 mor-

1484 263 1576 293 xxi.

2180 532 2258 565 Tob.
2286 544 2333 563 12.

1183 598 1229 627 te.
1258 590 1310 626 Et
1337 591 1666 626 circumsteterunt
1704 589 1817 626 illum
1849 602 1978 625 omnes
2016 587 2205 635 viduoe,9·

1136 656 1161 685 D
1168 651 1314 704 flentes
1329 658 1365 688 et
1382 652 1623 688 ostendentes
1636 654 1671 687 ei
1685 653 1836 687 tunicas
1855 658 1891 686 et
1906 658 2046 694 vestes,
2065 663 2162 701 quas

1181 712 1353 761 faciebat
1386 714 1560 759 Dorcas,
1589 725 1676 748 cum
1710 719 1806 748 esset
1842 724 1929 747 cum
1965 711 2056 748 illis.
2086 711 2159 747 Du-

1184 781 1267 809 cunt
1294 773 1440 809 Petrum
1469 786 1523 820 co,
1548 771 1609 808 ubi
1632 780 1705 808 crat
1724 779 1862 808 mortua
1890 771 2069 822 exposita3
2090 771 2162 807 for-

1183 841 1217 869 te
1244 841 1421 883 putantes,
1437 831 1491 868 illi
1519 830 1701 882 quidpiam
1731 830 1776 867 ad
1804 831 2068 881 philosophiam
2097 845 2160 868 cx-

1182 892 1317 929 hibere.
1335 891 1466 931 Vidcn'
1490 900 1620 940 quanta
1636 890 1786 928 accessio
1800 891 1892 927 facta
1908 891 1977 927 sit?
2000 892 2072 928 Nec
2090 893 2165 930 sinc

1183 967 1288 990 causa
1310 966 1437 989 nomen
1465 951 1626 988 mulieris
1645 952 1836 1002 profertur,
1860 950 1920 987 sed
1941 959 1980 987 ut
1998 952 2162 989 ostenda-

1183 1021 1242 1049 tur
1283 1012 1436 1050 nominis
1471 1026 1552 1049 cum
1585 1011 1658 1049 vita
1687 1010 1932 1059 consonantia3
1964 1010 2012 1047 ita
2041 1025 2166 1063 nempe

1183 1075 1274 1126 vigil
1313 1084 1346 1112 et
1375 1074 1540 1126 expedita
1581 1082 1667 1121 erat,
1698 1082 1736 1110 ut
1761 1072 1887 1110 dorcas
1921 1073 1997 1112 sivo
2029 1088 2164 1125 caprea.

1183 1136 1299 1174 Multa
1315 1135 1446 1187 quippe
1460 1134 1602 1172 nomina
1621 1148 1701 1171 cum
1723 1134 1857 1171 ratione
1871 1133 2013 1181 dantur,
2026 1143 2066 1171 ut
2076 1148 2168 1186 saepe

1184 1196 1287 1235 vobis
1306 1196 1477 1233 diximus.
1499 1195 1641 1241 Plena,
1664 1194 1791 1244 inquit⁷
1811 1202 1895 1231 erat
1916 1196 2024 1231 bonis
2041 1197 2167 1246 operi-

1186 1259 1276 1303 bus,
1305 1266 1341 1295 et
1371 1257 1639 1304 eleemosynis,
1659 1269 1757 1307 quas
1785 1256 1970 1306 faciebat.
1996 1257 2170 1306 Magnum

1138 1321 1163 1350 E
1184 1317 1344 1355 mulieris
1369 1317 1581 1365 encomium,
1603 1316 1780 1367 siquidem
1810 1326 1959 1366 utraque
1985 1316 2035 1354 sic
2058 1317 2167 1354 sacie-

1184 1380 1257 1423 hat,
1276 1388 1315 1416 ut
1336 1379 1496 1428 utrisque
1511 1379 1616 1430 plena
1643 1387 1743 1416 esset.
1761 1378 1883 1415 Palam
1905 1387 2024 1415 autem
2045 1387 2107 1425 est,
2127 1378 2170 1415 il-

1185 1440 1256 1477 lam
1275 1439 1374 1492 prius
1397 1440 1573 1477 honorum
1597 1453 1756 1491 operum,
1776 1438 1904 1476 deinde
1931 1438 2172 1491 eleemosyna-

1185 1517 1266 1540 rum
1281 1516 1402 1540 curam
1414 1501 1592 1539 habuisse.
1609 1502 1904 1553 Qaoefaoiebass
1922 1500 2049 1551 inquit,
2069 1502 2173 1539 Dor-

1185 1578 1252 1601 cas
1265 1577 1351 1601 cum
1367 1564 1448 1601 illis
1463 1563 1763 1600 versans.Multa
1783 1561 1978 1599 humilitas.
1988 1563 2066 1599 Non
2079 1561 2174 1599 enim

1186 1624 1275 1662 sicut
1289 1639 1369 1674 nos;
1384 1624 1447 1662 sed
1461 1624 1568 1662 simul
1586 1638 1708 1661 omnes
1723 1632 1836 1671 erant,
1848 1636 2014 1673 magnam
2028 1623 2175 1661 eleemo-

1187 1700 1284 1738 synae
1296 1701 1419 1725 curam
1431 1686 1611 1724 habentes.
1620 1688 1685 1724 40.
1699 1687 1734 1724 E
1729 1688 1845 1738 jectis
1856 1694 1984 1723 autem
2001 1688 2176 1724 omnibus

1186 1748 1311 1797 foras,
1331 1748 1470 1784 Petrus
1486 1760 1634 1798 ponens
1648 1760 1774 1798 genua
1789 1749 1915 1784 oravit
1935 1760 1942 1781 :
1963 1755 1999 1784 et
2018 1760 2173 1784 conver-

1189 1821 1253 1845 sus
1280 1808 1333 1844 ad
1362 1821 1511 1859 corpas,
1534 1808 1633 1844 dimit
1648 1822 1658 1842 .·
1680 1809 1713 1844 T
1712 1808 1862 1856 abitha,
1876 1820 1999 1859 surge.
2026 1807 2086 1845 At
2105 1807 2177 1845 illa

1132 1851 1178 1917 12²
1191 1871 1339 1919 operuit
1357 1868 1487 1905 oculos
1507 1881 1609 1913 suos,
1633 1875 1668 1904 et
1693 1870 1778 1904 viso
1798 1868 1915 1904 Petro
1938 1868 2089 1905 resedit.
2105 1868 2178 1905 Cur

1191 1942 1311 1966 omnes
1330 1927 1452 1980 ejicit?
1472 1928 1526 1964 Ne
1542 1927 1711 1978 lacrymis
1730 1927 1961 1964 conturbetur
1983 1936 2017 1964 et
2029 1941 2177 1965 movea-

1191 1995 1264 2025 tur.
1286 1990 1490 2040 Et.positis
1507 1989 1665 2038 genibus
1685 1990 1823 2024 oravit.
1846 1987 1923 2024 Hoc
1942 1996 2014 2024 crat
2034 1987 2178 2025 intensae

1193 2049 1362 2088 orationis
1383 2048 1568 2086 indicium.
1591 2048 1653 2085 41.
1678 2049 1791 2085 Dans
1811 2056 1941 2085 autem
1953 2050 1987 2086 ei
2003 2062 2175 2095 manum,

1193 2109 1320 2160 inquit.
1339 2109 1408 2146 Hic
1432 2108 1637 2159 singillatim
1665 2107 1817 2145 ostendit
1834 2108 1962 2155 vitam,
1983 2107 2179 2158 deindeque

1192 2171 1361 2209 virtutem
1394 2170 1598 2217 inductam,
1624 2168 1732 2205 aliam
1766 2168 1892 2217 verbo,
1913 2168 2021 2205 aliam
2059 2182 2178 2206 mann.

1192 2232 1307 2268 Dans
1334 2238 1464 2267 autern
1489 2230 1524 2265 ei
1549 2241 1709 2265 manum
1716 2257 1729 2274 ,
1747 2230 1869 2265 erexit
1894 2242 1993 2265 eam.
2016 2229 2071 2266 Et
2094 2242 2181 2266 cum

1191 2299 1370 2328 vocasset
1387 2297 1543 2328 sanctos
1561 2297 1598 2325 et
1616 2289 1771 2335 viduas,
1788 2290 2003 2339 assignavit
2021 2302 2106 2325 eam
2120 2292 2182 2326 vi-

1194 2366 1295 2398 vam,
1314 2350 1392 2388 aliis
1417 2349 1463 2387 ad
1482 2348 1770 2398 consolationem,
1793 2348 1888 2399 quod
1908 2362 2064 2386 sororem
2082 2349 2180 2387 acci-

1193 2421 1313 2465 perent
1331 2420 1364 2448 et
1382 2409 1597 2448 miraculum
1614 2408 1777 2447 viderent
1784 2424 1794 2458 3
1816 2408 1936 2447 viduis
1951 2423 2035 2448 vero
2050 2408 2096 2446 ad
2113 2423 2180 2461 pa—

1192 2471 1393 2511 trocinium.
1408 2474 1472 2509 42
1483 2472 1628 2508 Notum
1645 2471 1932 2522 autemfactum
1945 2479 2002 2508 est
2012 2484 2081 2522 per
2093 2474 2181 2508 ιιηὶ-

1195 2549 1344 2574 versam
1371 2535 1540 2585 Joppen,
1562 2541 1598 2570 el
1620 2533 1865 2570 crediderunt
1890 2534 2003 2570 multi
2026 2535 2069 2570 in
2092 2534 2179 2570 Do-

1148 2600 1171 2629 B
1194 2600 1311 2635 mino.
1330 2596 1396 2633 45.
1421 2597 1590 2632 Factum
1615 2602 1671 2632 est
1696 2602 1851 2640 autem,
1878 2603 1919 2632 ut
1940 2608 2010 2646 per
2039 2595 2180 2633 multos

1195 2659 1275 2696 dies
1286 2663 1458 2694 maneret
1469 2656 1510 2692 in
1519 2655 1550 2692 J
1548 2668 1641 2705 oppe
1652 2654 1759 2705 apud
1770 2653 1961 2691 Simonem
1973 2655 2179 2705 quemdam

1193 2719 1412 2757 coriarium.

1247 2780 1286 2817 5.
1318 2776 1413 2818 Vide
1443 2774 1654 2813 modestiam
1675 2782 1708 2812 et
1728 2773 2035 2811 mansuetudinem
2057 2774 2153 2812 Petri

1193 2838 1370 2892 quomodo
1383 2851 1452 2875 non
1460 2835 1558 2888 apud
1571 2835 1683 2883 illam,

1192 2900 1291 2952 piam
1317 2898 1490 2948 insignem
1522 2903 1675 2943 maneat,
1698 2894 1761 2932 sed
1777 2894 1874 2946 apud
1898 2894 2100 2943 coriarium,
2118 2909 2180 2947 per

1193 2959 1313 2998 omnia
1326 2959 1372 2997 ad
1381 2957 1620 2995 humilitatem
1632 2955 1817 3005 inducens,
1827 2969 1895 2992 non
1912 2955 2028 2992 sinens
2036 2955 2181 2994 viliores

1192 3021 1407 3069 erubescere,
1419 3032 1481 3057 nec
1492 3018 1640 3069 majores
1651 3016 1771 3054 extolli
1779 3032 1785 3052 :
1793 3017 1853 3065 qui
1861 3016 1967 3053 etiam
1978 3015 2056 3053 ideo
2066 3024 2181 3055 trans-

1192 3082 1351 3121 eundum
1382 3094 1456 3119 esse
1484 3078 1637 3132 putavit,
1669 3077 1765 3128 quod
1788 3077 1912 3115 fideles
1935 3077 2097 3115 doctrina
2117 3093 2180 3117 sua

1192 3152 1345 3196 egerent.
1370 3142 1485 3194 Igitur
1500 3139 1662 3192 superius
1681 3138 1777 3177 dicta
1798 3148 2010 3191 repetamus.
2037 3141 2071 3178 T
2069 3149 2180 3178 enta-

1197 3208 1263 3244 bat
1277 3234 1289 3251 ‚
1320 3203 1435 3254 inquit
1449 3233 1459 3250 ‚
1485 3214 1524 3240 se
1545 3204 1705 3253 jungere
1725 3200 1937 3251 discipulis.
1957 3200 2038 3238 Non
2065 3200 2182 3253 impu-

1196 3265 1318 3303 denter
1345 3263 1503 3311 accessit,
1535 3261 1596 3299 sed
1625 3260 1792 3298 modeste.
1825 3260 2029 3313 Discipulos
2066 3270 2184 3301 autem

1227 3368 1243 3392 b
1262 3366 1326 3398 Hic
1343 3376 1474 3409 quoquc
1500 3375 1582 3396 unus
1604 3361 1718 3395 Codex
1744 3363 1944 3396 varietatum
1987 3363 2104 3396 silvam
2131 3375 2185 3397 ex—

1181 3417 1284 3450 hibet.

2166 2787 2272 2824 ,Petri
2298 2797 2382 2815 man-

1697 2848 1808 2885 neque
1821 2834 1917 2886 apud
1931 2834 2042 2872 alium
2055 2849 2178 2885 quem-
2191 2831 2317 2858 ⁵¹¹⁶¹¹¹d⁰
2353 2835 2382 2857 ‘²²

2194 2872 2346 2900 modestia.
