2502 3810
347 260 440 320 458
1254 270 1498 300 PRAEFATIO.

216 369 229 386 0
246 361 329 390 Joan.
345 356 466 395 multis
481 354 618 392 delictis
638 354 674 390 in
685 350 987 404 justificationem.
1010 351 1064 388 Ec
1076 358 1161 401 post
1175 350 1381 402 paululum
1395 353 1450 387 ait
1468 365 1476 386 ε
1491 355 1504 371 ⁰
1520 349 1640 388 Primo
1662 351 1757 388 enim
1771 350 1865 390 dixit
1885 368 1893 389 :
1915 353 2092 400 Quoniam
2111 355 2140 391 si
2159 354 2264 391 unius
2285 366 2409 405 pecca-

142 401 312 480 ῗιὲΐξοέἓῐ
343 427 418 455 tum
437 414 608 452 interfecit
623 426 756 461 omnes,
778 411 892 450 multo
913 411 1027 463 magis
1041 421 1075 450 et
1093 411 1199 450 unius
1213 412 1326 463 gratia
1339 411 1470 464 poterit
1489 412 1638 452 salvare.
1657 413 1741 451 Post
1759 413 1836 452 haec.
1851 424 1968 453 autem
1982 416 2149 467 ostendit,
2168 418 2303 466 inquit,
2319 430 2408 466 quo-

148 483 185 512 E.
319 464 326 477 ’
342 478 436 516 niam
450 490 518 513 non
538 475 631 512 illud
653 474 768 512 solum
786 474 1009 512 interfectum
1028 483 1079 513 est
1094 483 1278 527 peccatum
1294 489 1357 526 per
1370 474 1536 525 gratiam,
1551 474 1612 513 sed
1628 475 1734 513 etiam
1750 476 1868 514 omnia
1884 478 2019 528 reliqua
2035 495 2042 514 :
2061 488 2094 516 et
2109 493 2178 516 non
2194 479 2310 516 solum
2328 492 2410 530 pec-

342 546 416 575 cata
435 536 614 573 interfecta
633 543 728 585 sunt,
751 533 814 571 sed
833 534 939 571 etiam
959 543 992 572 et
1012 534 1144 572 tributa
1161 533 1301 586 justitia
1325 542 1375 571 est
1398 549 1405 569 :
1428 542 1462 571 et
1483 547 1552 572 non
1576 543 1715 572 tantum
1734 535 1849 573 solum
1868 538 2003 588 profuit
2028 538 2206 584 Christus,
2236 546 2409 588 quantum

340 599 460 637 nocuit
474 598 605 647 Adam,
626 597 686 635 sed
699 597 811 635 multo
828 597 982 649 amplius
1000 606 1103 648 atque
1122 597 1248 649 magis.
1271 598 1367 635 Post
1383 598 1464 634 haec
1483 599 1526 634 in
1543 597 1674 635 eodem
1693 612 1780 635 cum
1795 599 1843 636 de
1863 601 2052 650 baptismo
2071 610 2212 651 ageret,
2235 603 2405 651 interpo-

209 677 222 699 d
246 675 325 704 Ibid.
339 664 414 700 suit
431 663 553 699 verba
565 660 760 711 Apostoli,
782 660 944 697 dicentis
962 676 972 696 :
987 658 1003 679 ‘¹
1017 662 1072 698 An
1087 659 1270 711 ignoratis,
1288 662 1428 711 inquit,
1447 660 1587 709 fratres,
1609 660 1775 710 quoniam
1792 661 2007 711 quicumque
2022 662 2057 700 in
2079 662 2220 700 Christo
2238 661 2408 714 baptizati

142 727 174 754 P·
196 716 268 752 5²⁵²
284 718 322 744 D.
338 737 474 773 sumus,
490 723 526 760 in
548 731 660 760 morte
673 722 784 774 ipsius
802 721 970 773 baptizati
990 736 1114 760 sumus
1131 722 1149 759 ἔ)
1171 721 1378 774 Consepulti
1392 734 1475 772 ergo
1489 735 1611 759 sumus
1630 722 1684 759 illi
1703 736 1766 774 per
1783 722 2004 774 baptismum
2019 722 2054 760 in
2074 733 2201 761 morte.
2222 724 2318 770 Quid
2337 732 2408 761 este

337 787 379 824 In
394 795 506 824 morte
520 785 618 823 illius
637 785 805 836 baptizati
826 799 948 823 sumus
967 785 984 822 Ξ)
1002 786 1051 823 Ut
1073 793 1106 822 et
1124 784 1194 837 ipsi
1214 784 1409 823 moriamur
1428 784 1518 821 sicut
1537 793 1570 822 et
1588 784 1662 822 ille.
1683 785 1783 822 Crux
1799 785 1894 822 enim
1913 794 1963 822 est
1985 785 2176 837 baptisma.
2193 786 2300 834 Quod
2319 800 2402 837 ergo

337 863 428 887 crux
450 848 592 887 Christo
614 857 647 885 et
666 847 886 899 sepulcrum,
909 847 977 885 hoc
995 847 1097 885 nobis
1119 847 1296 899 baptisma
1318 848 1450 884 factum
1472 855 1524 884 est
1543 861 1553 895 3
1579 846 1718 884 tametsi
1741 846 1861 884 nonin
1881 846 2014 885 eisdem
2032 842 2130 899 ipsis.
2156 848 2237 899 Ipse
2255 862 2406 898 namque

336 924 440 948 carne
461 919 493 948 et
519 918 679 947 mortuus
704 917 754 946 est
777 917 810 946 et
836 909 995 960 sepultus
1015 924 1026 958 ;
1048 922 1112 946 nos
1131 902 1258 945 'autem
1280 915 1422 959 peccato
1448 906 1485 943 in
1510 915 1671 956 utroque.
1693 906 1919 959 Quapropter
1937 920 2006 944 non
2026 906 2134 956 dixu,
2164 907 2404 959 Complantati

336 973 465 1022 morti3
483 972 556 1019 sed,
570 971 808 1011 similitudini
822 971 958 1010 mortis.
971 973 1071 1009 Mors
1087 985 1239 1022 namque
1255 979 1289 1008 et
1304 970 1372 1008 hoc
1390 978 1424 1006 et
1441 968 1549 1019 illud,
1571 968 1631 1007 sed
1645 983 1713 1007 non
1734 969 1846 1008 eidem
1869 969 1938 1021 ipsi
1956 970 2126 1021 subjacet,
2148 969 2208 1007 sed
2228 970 2303 1008 haec
2321 970 2404 1020 qui—

335 1034 416 1073 dem
429 1035 545 1072 carnis
560 1034 704 1081 Christi,
717 1043 836 1071 nostra
855 1043 973 1071 autem
991 1034 1139 1086 peccati.
1158 1031 1472 1080 Quemadmodum
1490 1046 1572 1083 ergo
1590 1031 1653 1070 illa
1670 1046 1767 1082 vera,
1786 1042 1819 1070 et
1838 1033 1923 1070 haec.

387 1097 452 1134 His
467 1097 618 1148 adjicere
633 1096 749 1135 visum
766 1105 816 1134 est
831 1096 905 1145 illa,
922 1110 999 1146 quae
1018 1095 1178 1135 Savilius
1193 1095 1285 1133 circa
1298 1109 1398 1133 suam
1419 1094 1656 1133 Homiliarum
1671 1095 1913 1147 Chrysostomi
1933 1095 1968 1133 in
1986 1095 2167 1147 Epistolas
2186 1096 2288 1133 Pauli
2309 1095 2399 1133 Edi-

332 1159 476 1207 fionem,
495 1159 587 1196 notis
607 1157 789 1210 praemisit.
818 1160 923 1195 Putat
945 1158 1005 1196 ille
1026 1157 1199 1196 Homilias
1225 1155 1469 1209 Chrysostomi
1494 1156 1530 1193 in
1553 1155 1751 1208 Epistolam
1770 1156 1816 1195 ad
1840 1158 2017 1195 Romanos
2040 1157 2236 1195 Antiochiae
2257 1157 2398 1195 habitas

333 1219 450 1267 fuisse,
467 1233 573 1270 quam
589 1232 651 1256 nos
670 1218 877 1257 sententiam
899 1218 1057 1271 amplexi
1081 1232 1215 1256 sumus.
1235 1219 1372 1259 Verum
1394 1217 1454 1254 ille
1479 1230 1545 1255 non
1567 1216 1688 1255 codem
1708 1232 1779 1268 quo
1800 1231 1862 1256 nos
1886 1218 2054 1271 κριτηρίῳ
2079 1217 2123 1256 ad
2146 1218 2246 1255 illam
2264 1232 2399 1270 propu-

333 1282 509 1333 gnandam
529 1282 734 1320 sententiam
750 1295 834 1320 usus
852 1291 916 1320 est.

275 1117 322 1142 1⁴22
