<?xml version="1.0" encoding="UTF-8"?>
<!DOCTYPE html PUBLIC "-//W3C//DTD XHTML 1.0 Transitional//EN"
    "http://www.w3.org/TR/xhtml1/DTD/xhtml1-transitional.dtd">
<html xmlns="http://www.w3.org/1999/xhtml" xml:lang="en" lang="en">
 <head>
  <title>
</title>
<meta http-equiv="Content-Type" content="text/html;charset=utf-8" />
  <meta name='ocr-system' content='tesseract 3.04.00' />
  <meta name='ocr-capabilities' content='ocr_page ocr_carea ocr_par ocr_line ocrx_word'/>
</head>
<body>
  <div class='ocr_page' id='page_1' title='image "./operaomniaquaeex09johnuoft/operaomniaquaeex09johnuoft_0131.png"; bbox 0 0 2466 3805; ppageno 0'>
   <div class='ocr_carea' id='block_1_1' title="bbox 650 260 843 290">
    <p class='ocr_par' dir='ltr' id='par_1_1' title="bbox 650 260 843 290">
     <span class='ocr_line' id='line_1_1' title="bbox 650 260 843 290; baseline 0 -1"><span class='ocrx_word' id='word_1_1' title='bbox 650 261 692 289; x_wconf 80' lang='lat' dir='ltr'>IN</span> <span class='ocrx_word' id='word_1_2' title='bbox 729 260 843 290; x_wconf 65' lang='lat' dir='ltr'>ACTA</span> 
     </span>
    </p>
   </div>
   <div class='ocr_carea' id='block_1_2' title="bbox 56 341 1072 454">
    <p class='ocr_par' dir='ltr' id='par_1_2' title="bbox 56 341 1072 454">
     <span class='ocr_line' id='line_1_2' title="bbox 56 341 1072 395; baseline -0.003 -13"><span class='ocrx_word' id='word_1_3' title='bbox 56 347 127 391; x_wconf 85' lang='grc' dir='ltr'>νῦν,</span> <span class='ocrx_word' id='word_1_4' title='bbox 147 344 230 394; x_wconf 80' lang='grc' dir='ltr'>ὅπερ</span> <span class='ocrx_word' id='word_1_5' title='bbox 262 342 339 392; x_wconf 82' lang='grc' dir='ltr'>ἐμοὶ</span> <span class='ocrx_word' id='word_1_6' title='bbox 365 341 423 380; x_wconf 77' lang='grc' dir='ltr'>καὶ</span> <span class='ocrx_word' id='word_1_7' title='bbox 449 343 602 390; x_wconf 83' lang='grc' dir='ltr'>διπλοῦν,</span> <span class='ocrx_word' id='word_1_8' title='bbox 628 344 705 381; x_wconf 79' lang='grc' dir='ltr'>ἀλλ’</span> <span class='ocrx_word' id='word_1_9' title='bbox 725 344 790 395; x_wconf 78' lang='grc' dir='ltr'>οὐχ</span> <span class='ocrx_word' id='word_1_10' title='bbox 816 344 935 386; x_wconf 81' lang='grc' dir='ltr'>ἁπλῶς</span> <span class='ocrx_word' id='word_1_11' title='bbox 968 343 1003 380; x_wconf 79' lang='grc' dir='ltr'>ἕν</span> <span class='ocrx_word' id='word_1_12' title='bbox 1038 358 1072 379; x_wconf 80' lang='grc' dir='ltr'>τι</span> 
     </span>
     <span class='ocr_line' id='line_1_3' title="bbox 56 397 1071 454; baseline -0.004 -11"><span class='ocrx_word' id='word_1_13' title='bbox 56 405 115 443; x_wconf 83' lang='grc' dir='ltr'>καὶ</span> <span class='ocrx_word' id='word_1_14' title='bbox 145 404 246 454; x_wconf 89' lang='grc' dir='ltr'>μόνον</span> <span class='ocrx_word' id='word_1_15' title='bbox 278 397 495 441; x_wconf 64' lang='grc' dir='ltr'>εἶναιδοκεῖ·</span> <span class='ocrx_word' id='word_1_16' title='bbox 522 403 557 441; x_wconf 79' lang='grc' dir='ltr'>ἓν</span> <span class='ocrx_word' id='word_1_17' title='bbox 579 403 654 454; x_wconf 83' lang='grc' dir='ltr'>μὲν,</span> <span class='ocrx_word' id='word_1_18' title='bbox 671 404 710 441; x_wconf 82' lang='grc' dir='ltr'>τὸ</span> <span class='ocrx_word' id='word_1_19' title='bbox 728 404 772 441; x_wconf 85' lang='grc' dir='ltr'>τὰ</span> <span class='ocrx_word' id='word_1_20' title='bbox 801 404 893 442; x_wconf 80' lang='grc' dir='ltr'>κατὰ</span> <span class='ocrx_word' id='word_1_21' title='bbox 920 403 1071 441; x_wconf 82' lang='grc' dir='ltr'>διάνοιαν</span> 
     </span>
    </p>
   </div>
   <div class='ocr_carea' id='block_1_3' title="bbox 881 255 1224 289">
    <p class='ocr_par' dir='ltr' id='par_1_3' title="bbox 881 255 1224 289">
     <span class='ocr_line' id='line_1_4' title="bbox 881 255 1224 289; baseline -0.015 0"><span class='ocrx_word' id='word_1_22' title='bbox 881 255 1206 289; x_wconf 74' lang='lat' dir='ltr'>APOSTOLORUM</span> <span class='ocrx_word' id='word_1_23' title='bbox 1216 275 1224 284; x_wconf 89' lang='lat'><strong>.</strong></span> 
     </span>
    </p>
   </div>
   <div class='ocr_carea' id='block_1_4' title="bbox 2097 246 2120 258">
    <p class='ocr_par' dir='ltr' id='par_1_4' title="bbox 2097 246 2120 258">
     <span class='ocr_line' id='line_1_5' title="bbox 2097 246 2120 258; baseline 0 -2"><span class='ocrx_word' id='word_1_24' title='bbox 2097 246 2120 258; x_wconf 65' lang='grc' dir='ltr'><em>Π</em></span> 
     </span>
    </p>
   </div>
   <div class='ocr_carea' id='block_1_5' title="bbox 1263 255 2120 288">
    <p class='ocr_par' dir='ltr' id='par_1_5' title="bbox 1263 255 2120 288">
     <span class='ocr_line' id='line_1_6' title="bbox 1263 255 2120 288; baseline 0.005 -4"><span class='ocrx_word' id='word_1_25' title='bbox 1263 255 1418 285; x_wconf 75' lang='lat' dir='ltr'><strong>HOMIL.</strong></span> <span class='ocrx_word' id='word_1_26' title='bbox 1458 256 1538 285; x_wconf 81' lang='grc' dir='ltr'>ΧΗ.</span> <span class='ocrx_word' id='word_1_27' title='bbox 2038 257 2120 288; x_wconf 68' lang='grc'>111)</span> 
     </span>
    </p>
   </div>
   <div class='ocr_carea' id='block_1_6' title="bbox 1141 340 2125 453">
    <p class='ocr_par' dir='ltr' id='par_1_6' title="bbox 1141 340 2125 453">
     <span class='ocr_line' id='line_1_7' title="bbox 1141 340 2125 391; baseline 0.004 -15"><span class='ocrx_word' id='word_1_28' title='bbox 1141 353 1250 390; x_wconf 83' lang='lat' dir='ltr'><em>gnum</em></span> <span class='ocrx_word' id='word_1_29' title='bbox 1261 340 1400 390; x_wconf 79' lang='lat' dir='ltr'><strong>fecerat,</strong></span> <span class='ocrx_word' id='word_1_30' title='bbox 1410 340 1657 390; x_wconf 86' lang='lat' dir='ltr'><em>etsecundum,</em></span> <span class='ocrx_word' id='word_1_31' title='bbox 1670 349 1701 377; x_wconf 89' lang='lat' dir='ltr'>et</span> <span class='ocrx_word' id='word_1_32' title='bbox 1710 340 1776 377; x_wconf 90' lang='lat' dir='ltr'>boc</span> <span class='ocrx_word' id='word_1_33' title='bbox 1793 340 1910 388; x_wconf 84' lang='lat' dir='ltr'><em>etiam,</em></span> <span class='ocrx_word' id='word_1_34' title='bbox 1922 341 2019 391; x_wconf 86' lang='lat' dir='ltr'><em>quod</em></span> <span class='ocrx_word' id='word_1_35' title='bbox 2029 342 2125 380; x_wconf 82' lang='lat' dir='ltr'><em>vide-</em></span> 
     </span>
     <span class='ocr_line' id='line_1_8' title="bbox 1141 400 2124 453; baseline 0.003 -17"><span class='ocrx_word' id='word_1_36' title='bbox 1141 409 1200 437; x_wconf 83' lang='lat' dir='ltr'>tur</span> <span class='ocrx_word' id='word_1_37' title='bbox 1207 400 1294 437; x_wconf 89' lang='lat' dir='ltr'>mihi</span> <span class='ocrx_word' id='word_1_38' title='bbox 1304 414 1373 438; x_wconf 85' lang='lat' dir='ltr'>uon</span> <span class='ocrx_word' id='word_1_39' title='bbox 1382 415 1505 451; x_wconf 87' lang='lat' dir='ltr'><em>unum,</em></span> <span class='ocrx_word' id='word_1_40' title='bbox 1521 400 1583 439; x_wconf 89' lang='lat' dir='ltr'>sed</span> <span class='ocrx_word' id='word_1_41' title='bbox 1592 400 1728 453; x_wconf 82' lang='lat' dir='ltr'><strong>duplex</strong></span> <span class='ocrx_word' id='word_1_42' title='bbox 1736 415 1829 450; x_wconf 70' lang='lat' dir='ltr'><em>esse,</em></span> <span class='ocrx_word' id='word_1_43' title='bbox 1843 402 2124 453; x_wconf 87' lang='lat' dir='ltr'><em>unum&#39;quidem,</em></span> 
     </span>
    </p>
   </div>
   <div class='ocr_carea' id='block_1_7' title="bbox 55 460 2125 517">
    <p class='ocr_par' dir='ltr' id='par_1_7' title="bbox 55 460 2125 517">
     <span class='ocr_line' id='line_1_9' title="bbox 55 460 2125 517; baseline -0.002 -13"><span class='ocrx_word' id='word_1_44' title='bbox 55 466 207 517; x_wconf 80' lang='grc' dir='ltr'>ἐλέγξαι·</span> <span class='ocrx_word' id='word_1_45' title='bbox 231 463 387 516; x_wconf 81' lang='grc' dir='ltr'>δεύτερον</span> <span class='ocrx_word' id='word_1_46' title='bbox 409 464 464 512; x_wconf 80' lang='grc' dir='ltr'>δὲ,</span> <span class='ocrx_word' id='word_1_47' title='bbox 484 464 523 502; x_wconf 82' lang='grc' dir='ltr'>τὸ</span> <span class='ocrx_word' id='word_1_48' title='bbox 543 466 672 504; x_wconf 83' lang='grc' dir='ltr'>ἀνελεῖν</span> <span class='ocrx_word' id='word_1_49' title='bbox 696 465 954 517; x_wconf 84' lang='grc' dir='ltr'>προστάγματι.</span> <span class='ocrx_word' id='word_1_50' title='bbox 969 466 1073 502; x_wconf 79' lang='grc' dir='ltr'>Μᾶλ-</span> <span class='ocrx_word' id='word_1_51' title='bbox 1095 473 1118 502; x_wconf 84' lang='lat' dir='ltr'>C</span> <span class='ocrx_word' id='word_1_52' title='bbox 1143 474 1181 497; x_wconf 82' lang='lat' dir='ltr'>ea</span> <span class='ocrx_word' id='word_1_53' title='bbox 1199 474 1276 510; x_wconf 79' lang='lat' dir='ltr'>quae</span> <span class='ocrx_word' id='word_1_54' title='bbox 1290 460 1327 498; x_wconf 80' lang='lat' dir='ltr'><em>in</em></span> <span class='ocrx_word' id='word_1_55' title='bbox 1347 470 1461 499; x_wconf 74' lang='lat' dir='ltr'><em>mente</em></span> <span class='ocrx_word' id='word_1_56' title='bbox 1478 470 1576 499; x_wconf 82' lang='lat' dir='ltr'><em>erant</em></span> <span class='ocrx_word' id='word_1_57' title='bbox 1592 461 1824 513; x_wconf 80' lang='lat' dir='ltr'><em>redarguere3</em></span> <span class='ocrx_word' id='word_1_58' title='bbox 1843 462 2038 500; x_wconf 86' lang='lat' dir='ltr'><em>secundum</em></span> <span class='ocrx_word' id='word_1_59' title='bbox 2059 478 2125 500; x_wconf 86' lang='lat' dir='ltr'><em>au·-</em></span> 
     </span>
    </p>
   </div>
   <div class='ocr_carea' id='block_1_8' title="bbox 54 524 1077 1726">
    <p class='ocr_par' dir='ltr' id='par_1_8' title="bbox 54 524 1077 1726">
     <span class='ocr_line' id='line_1_10' title="bbox 54 524 1073 578; baseline -0.001 -15"><span class='ocrx_word' id='word_1_60' title='bbox 54 527 111 563; x_wconf 92' lang='grc' dir='ltr'>λον</span> <span class='ocrx_word' id='word_1_61' title='bbox 137 524 172 562; x_wconf 82' lang='grc' dir='ltr'>δὲ</span> <span class='ocrx_word' id='word_1_62' title='bbox 192 524 435 577; x_wconf 79' lang='grc' dir='ltr'>προσετίθεντο</span> <span class='ocrx_word' id='word_1_63' title='bbox 459 524 676 569; x_wconf 83' lang='grc' dir='ltr'>πιστεύοντες</span> <span class='ocrx_word' id='word_1_64' title='bbox 692 555 701 571; x_wconf 86' lang='grc'>,</span> <span class='ocrx_word' id='word_1_65' title='bbox 729 525 845 577; x_wconf 77' lang='grc' dir='ltr'>φησὶν,</span> <span class='ocrx_word' id='word_1_66' title='bbox 868 528 917 577; x_wconf 82' lang='grc' dir='ltr'>τῷ</span> <span class='ocrx_word' id='word_1_67' title='bbox 953 524 1073 578; x_wconf 84' lang='grc' dir='ltr'>Κυρίῳ</span> 
     </span>
     <span class='ocr_line' id='line_1_11' title="bbox 54 585 1071 638; baseline 0 -14"><span class='ocrx_word' id='word_1_68' title='bbox 54 585 170 632; x_wconf 82' lang='grc' dir='ltr'>πλήθη</span> <span class='ocrx_word' id='word_1_69' title='bbox 193 586 325 638; x_wconf 81' lang='grc' dir='ltr'>ἀνδρῶν</span> <span class='ocrx_word' id='word_1_70' title='bbox 340 601 378 623; x_wconf 92' lang='grc' dir='ltr'>τε</span> <span class='ocrx_word' id='word_1_71' title='bbox 397 585 657 637; x_wconf 75' lang='grc' dir='ltr'>καὶγυναικῶν,</span> <span class='ocrx_word' id='word_1_72' title='bbox 676 586 768 624; x_wconf 82' lang='grc' dir='ltr'>ὥστε</span> <span class='ocrx_word' id='word_1_73' title='bbox 789 586 880 624; x_wconf 82' lang='grc' dir='ltr'>κατὰ</span> <span class='ocrx_word' id='word_1_74' title='bbox 901 586 961 629; x_wconf 82' lang='grc' dir='ltr'>τὰς</span> <span class='ocrx_word' id='word_1_75' title='bbox 974 588 1071 624; x_wconf 88' lang='grc' dir='ltr'>πλα-</span> 
     </span>
     <span class='ocr_line' id='line_1_12' title="bbox 55 645 1073 698; baseline -0.001 -14"><span class='ocrx_word' id='word_1_76' title='bbox 55 645 149 689; x_wconf 88' lang='grc' dir='ltr'>τείας</span> <span class='ocrx_word' id='word_1_77' title='bbox 182 645 336 698; x_wconf 75' lang='grc' dir='ltr'>ἐκφέρειν</span> <span class='ocrx_word' id='word_1_78' title='bbox 362 645 440 688; x_wconf 73' lang='grc' dir='ltr'>τοὺς</span> <span class='ocrx_word' id='word_1_79' title='bbox 478 647 652 695; x_wconf 81' lang='grc' dir='ltr'>ἀσθενεῖς,</span> <span class='ocrx_word' id='word_1_80' title='bbox 671 646 731 685; x_wconf 79' lang='grc' dir='ltr'>καὶ</span> <span class='ocrx_word' id='word_1_81' title='bbox 759 646 890 685; x_wconf 80' lang='grc' dir='ltr'>τιθέναι</span> <span class='ocrx_word' id='word_1_82' title='bbox 923 646 980 684; x_wconf 75' lang='grc' dir='ltr'>ἐπὶ</span> <span class='ocrx_word' id='word_1_83' title='bbox 1004 648 1073 684; x_wconf 78' lang='grc' dir='ltr'>τῶν</span> 
     </span>
     <span class='ocr_line' id='line_1_13' title="bbox 55 705 1074 759; baseline -0.003 -15"><span class='ocrx_word' id='word_1_84' title='bbox 55 708 180 745; x_wconf 81' lang='grc' dir='ltr'>κλινῶν</span> <span class='ocrx_word' id='word_1_85' title='bbox 206 706 265 744; x_wconf 86' lang='grc' dir='ltr'>καὶ</span> <span class='ocrx_word' id='word_1_86' title='bbox 294 705 517 758; x_wconf 64' lang='grc' dir='ltr'>κραὸἔάτων,</span> <span class='ocrx_word' id='word_1_87' title='bbox 548 705 604 744; x_wconf 80' lang='grc' dir='ltr'>ἵνα</span> <span class='ocrx_word' id='word_1_88' title='bbox 640 706 828 759; x_wconf 75' lang='grc' dir='ltr'>ἐρχομένου</span> <span class='ocrx_word' id='word_1_89' title='bbox 847 706 984 758; x_wconf 86' lang='grc' dir='ltr'>Πέτρου</span> <span class='ocrx_word' id='word_1_90' title='bbox 1011 705 1074 742; x_wconf 81' lang='grc' dir='ltr'>κᾶν</span> 
     </span>
     <span class='ocr_line' id='line_1_14' title="bbox 56 766 1074 819; baseline -0.003 -14"><span class='ocrx_word' id='word_1_91' title='bbox 56 770 78 813; x_wconf 80' lang='grc' dir='ltr'>ἡ</span> <span class='ocrx_word' id='word_1_92' title='bbox 101 767 182 806; x_wconf 79' lang='grc' dir='ltr'>σκιὰ</span> <span class='ocrx_word' id='word_1_93' title='bbox 198 767 386 819; x_wconf 82' lang='grc' dir='ltr'>ἐπισκιάσῃ</span> <span class='ocrx_word' id='word_1_94' title='bbox 406 768 474 805; x_wconf 79' lang='grc' dir='ltr'>τινὶ</span> <span class='ocrx_word' id='word_1_95' title='bbox 494 769 618 806; x_wconf 80' lang='grc' dir='ltr'>αὐτῶν.</span> <span class='ocrx_word' id='word_1_96' title='bbox 635 769 748 806; x_wconf 85' lang='grc' dir='ltr'>Τοῦτο</span> <span class='ocrx_word' id='word_1_97' title='bbox 776 766 833 805; x_wconf 77' lang='grc' dir='ltr'>ἐπὶ</span> <span class='ocrx_word' id='word_1_98' title='bbox 849 771 908 804; x_wconf 85' lang='grc' dir='ltr'>τοῦ</span> <span class='ocrx_word' id='word_1_99' title='bbox 923 768 1074 818; x_wconf 75' lang='grc' dir='ltr'>Χριστοῦ</span> 
     </span>
     <span class='ocr_line' id='line_1_15' title="bbox 56 826 1075 879; baseline -0.002 -15"><span class='ocrx_word' id='word_1_100' title='bbox 56 830 94 864; x_wconf 80' lang='grc' dir='ltr'>οὐ</span> <span class='ocrx_word' id='word_1_101' title='bbox 115 828 264 878; x_wconf 86' lang='grc' dir='ltr'>γέγονεν·</span> <span class='ocrx_word' id='word_1_102' title='bbox 283 828 358 866; x_wconf 76' lang='grc' dir='ltr'>ὅθεν</span> <span class='ocrx_word' id='word_1_103' title='bbox 377 828 437 865; x_wconf 81' lang='grc' dir='ltr'>καὶ</span> <span class='ocrx_word' id='word_1_104' title='bbox 454 831 536 879; x_wconf 81' lang='grc' dir='ltr'>ὁρᾷν</span> <span class='ocrx_word' id='word_1_105' title='bbox 555 833 612 866; x_wconf 88' lang='grc' dir='ltr'>νῦν</span> <span class='ocrx_word' id='word_1_106' title='bbox 629 830 721 866; x_wconf 85' lang='grc' dir='ltr'>ἐστιν</span> <span class='ocrx_word' id='word_1_107' title='bbox 736 827 826 879; x_wconf 86' lang='grc' dir='ltr'>ἔργῳ</span> <span class='ocrx_word' id='word_1_108' title='bbox 840 826 880 863; x_wconf 82' lang='grc' dir='ltr'>τὸ</span> <span class='ocrx_word' id='word_1_109' title='bbox 895 828 953 863; x_wconf 82' lang='grc' dir='ltr'>ὑπ’</span> <span class='ocrx_word' id='word_1_110' title='bbox 972 828 1075 863; x_wconf 85' lang='grc' dir='ltr'>αὐτοῦ</span> 
     </span>
     <span class='ocr_line' id='line_1_16' title="bbox 57 885 1077 938; baseline -0.003 -13"><span class='ocrx_word' id='word_1_111' title='bbox 57 888 236 938; x_wconf 81' lang='grc' dir='ltr'>εἰρημένον</span> <span class='ocrx_word' id='word_1_112' title='bbox 256 886 401 932; x_wconf 81' lang='grc' dir='ltr'>ἐξελθόν.</span> <span class='ocrx_word' id='word_1_113' title='bbox 421 889 527 925; x_wconf 87' lang='grc' dir='ltr'>Ποῖον</span> <span class='ocrx_word' id='word_1_114' title='bbox 562 887 603 932; x_wconf 77' lang='grc' dir='ltr'>δὴ</span> <span class='ocrx_word' id='word_1_115' title='bbox 623 890 745 933; x_wconf 80' lang='grc' dir='ltr'>τοῦτο;</span> <span class='ocrx_word' id='word_1_116' title='bbox 773 886 818 924; x_wconf 79' lang='lat' dir='ltr'>‘O</span> <span class='ocrx_word' id='word_1_117' title='bbox 836 885 1009 924; x_wconf 79' lang='grc' dir='ltr'>πιστεύων</span> <span class='ocrx_word' id='word_1_118' title='bbox 1030 887 1077 928; x_wconf 85' lang='grc' dir='ltr'>εἷς</span> 
     </span>
     <span class='ocr_line' id='line_1_17' title="bbox 57 945 1076 1000; baseline -0.002 -16"><span class='ocrx_word' id='word_1_119' title='bbox 57 947 142 998; x_wconf 82' lang='grc' dir='ltr'>ἐμὲ,</span> <span class='ocrx_word' id='word_1_120' title='bbox 177 949 220 986; x_wconf 88' lang='grc' dir='ltr'>τὰ</span> <span class='ocrx_word' id='word_1_121' title='bbox 240 947 341 1000; x_wconf 84' lang='grc' dir='ltr'>ἔργα,</span> <span class='ocrx_word' id='word_1_122' title='bbox 369 947 390 984; x_wconf 84' lang='grc' dir='ltr'>ἃ</span> <span class='ocrx_word' id='word_1_123' title='bbox 419 946 487 996; x_wconf 81' lang='grc' dir='ltr'>ἐγὼ</span> <span class='ocrx_word' id='word_1_124' title='bbox 515 950 628 992; x_wconf 86' lang='grc' dir='ltr'>ποιῶ,</span> <span class='ocrx_word' id='word_1_125' title='bbox 655 949 813 988; x_wconf 88' lang='grc' dir='ltr'>κάκεῖνος</span> <span class='ocrx_word' id='word_1_126' title='bbox 840 945 1000 991; x_wconf 78' lang='grc' dir='ltr'>ποιήσει,</span> <span class='ocrx_word' id='word_1_127' title='bbox 1017 945 1076 982; x_wconf 82' lang='grc' dir='ltr'>καὶ</span> 
     </span>
     <span class='ocr_line' id='line_1_18' title="bbox 57 1006 1076 1059; baseline -0.004 -12"><span class='ocrx_word' id='word_1_128' title='bbox 57 1010 195 1059; x_wconf 84' lang='grc' dir='ltr'>μείζονα</span> <span class='ocrx_word' id='word_1_129' title='bbox 212 1010 339 1047; x_wconf 88' lang='grc' dir='ltr'>τούτων</span> <span class='ocrx_word' id='word_1_130' title='bbox 360 1007 511 1053; x_wconf 83' lang='grc' dir='ltr'>ποιήσει.</span> <span class='ocrx_word' id='word_1_131' title='bbox 530 1007 731 1058; x_wconf 83' lang='grc' dir='ltr'>Συνήρχετο</span> <span class='ocrx_word' id='word_1_132' title='bbox 750 1006 785 1044; x_wconf 84' lang='grc' dir='ltr'>δὲ</span> <span class='ocrx_word' id='word_1_133' title='bbox 803 1006 862 1044; x_wconf 81' lang='grc' dir='ltr'>καὶ</span> <span class='ocrx_word' id='word_1_134' title='bbox 881 1006 921 1044; x_wconf 83' lang='grc' dir='ltr'>τὸ</span> <span class='ocrx_word' id='word_1_135' title='bbox 945 1007 1076 1051; x_wconf 78' lang='grc' dir='ltr'>πλῆθος</span> 
     </span>
     <span class='ocr_line' id='line_1_19' title="bbox 56 1066 1075 1120; baseline -0.003 -13"><span class='ocrx_word' id='word_1_136' title='bbox 56 1073 123 1107; x_wconf 81' lang='grc' dir='ltr'>τῶν</span> <span class='ocrx_word' id='word_1_137' title='bbox 143 1069 241 1120; x_wconf 82' lang='grc' dir='ltr'>πέριξ</span> <span class='ocrx_word' id='word_1_138' title='bbox 256 1070 390 1107; x_wconf 86' lang='grc' dir='ltr'>πόλεων</span> <span class='ocrx_word' id='word_1_139' title='bbox 406 1070 453 1110; x_wconf 88' lang='grc' dir='ltr'>εἷς</span> <span class='ocrx_word' id='word_1_140' title='bbox 467 1066 711 1120; x_wconf 77' lang='grc' dir='ltr'>Ἰερουσαλὴμ,</span> <span class='ocrx_word' id='word_1_141' title='bbox 738 1067 897 1119; x_wconf 86' lang='grc' dir='ltr'>φέροντες</span> <span class='ocrx_word' id='word_1_142' title='bbox 923 1069 1075 1109; x_wconf 84' lang='grc' dir='ltr'>ἀσθενεῖς</span> 
     </span>
     <span class='ocr_line' id='line_1_20' title="bbox 56 1125 1074 1181; baseline -0.004 -14"><span class='ocrx_word' id='word_1_143' title='bbox 56 1130 115 1167; x_wconf 81' lang='grc' dir='ltr'>καὶ</span> <span class='ocrx_word' id='word_1_144' title='bbox 135 1129 364 1181; x_wconf 77' lang='grc' dir='ltr'>ὀχλουμένους</span> <span class='ocrx_word' id='word_1_145' title='bbox 395 1127 460 1165; x_wconf 80' lang='grc' dir='ltr'>ὑπὸ</span> <span class='ocrx_word' id='word_1_146' title='bbox 478 1126 685 1175; x_wconf 83' lang='grc' dir='ltr'>πνευμάτων</span> <span class='ocrx_word' id='word_1_147' title='bbox 712 1126 930 1179; x_wconf 81' lang='grc' dir='ltr'>ἀκαθάρτων,</span> <span class='ocrx_word' id='word_1_148' title='bbox 951 1125 1074 1170; x_wconf 76' lang='grc' dir='ltr'>οἵτινες</span> 
     </span>
     <span class='ocr_line' id='line_1_21' title="bbox 55 1186 1071 1242; baseline -0.002 -15"><span class='ocrx_word' id='word_1_149' title='bbox 55 1189 302 1242; x_wconf 82' lang='grc' dir='ltr'>ἐθεραπεύοντο</span> <span class='ocrx_word' id='word_1_150' title='bbox 321 1187 509 1230; x_wconf 60' lang='grc' dir='ltr'>1’ἅπαντες</span> <span class='ocrx_word' id='word_1_151' title='bbox 529 1186 579 1225; x_wconf 82' lang='grc' dir='ltr'>Σὺ</span> <span class='ocrx_word' id='word_1_152' title='bbox 608 1186 645 1224; x_wconf 82' lang='grc' dir='ltr'>δέ</span> <span class='ocrx_word' id='word_1_153' title='bbox 663 1202 722 1238; x_wconf 86' lang='grc' dir='ltr'>μοι</span> <span class='ocrx_word' id='word_1_154' title='bbox 743 1186 886 1235; x_wconf 87' lang='grc' dir='ltr'>σκόπει,</span> <span class='ocrx_word' id='word_1_155' title='bbox 915 1189 988 1230; x_wconf 87' lang='grc' dir='ltr'>πῶς</span> <span class='ocrx_word' id='word_1_156' title='bbox 1007 1189 1071 1225; x_wconf 87' lang='grc' dir='ltr'>αὐ-</span> 
     </span>
     <span class='ocr_line' id='line_1_22' title="bbox 54 1241 1072 1300; baseline -0.003 -13"><span class='ocrx_word' id='word_1_157' title='bbox 54 1255 124 1292; x_wconf 87' lang='grc' dir='ltr'>τοῖς</span> <span class='ocrx_word' id='word_1_158' title='bbox 153 1252 170 1287; x_wconf 83' lang='grc' dir='ltr'><strong><em>ὃ</em></strong></span> <span class='ocrx_word' id='word_1_159' title='bbox 200 1250 271 1300; x_wconf 87' lang='grc' dir='ltr'>βίος</span> <span class='ocrx_word' id='word_1_160' title='bbox 296 1247 476 1300; x_wconf 74' lang='grc' dir='ltr'>ὑφαίνεται</span> <span class='ocrx_word' id='word_1_161' title='bbox 493 1254 560 1291; x_wconf 81' lang='grc' dir='ltr'>πᾶς</span> <span class='ocrx_word' id='word_1_162' title='bbox 590 1247 647 1285; x_wconf 80' lang='grc' dir='ltr'>διὰ</span> <span class='ocrx_word' id='word_1_163' title='bbox 677 1250 745 1284; x_wconf 81' lang='grc' dir='ltr'>τῶν</span> <span class='ocrx_word' id='word_1_164' title='bbox 773 1249 948 1285; x_wconf 82' lang='grc' dir='ltr'>ἐναντίων.</span> <span class='ocrx_word' id='word_1_165' title='bbox 975 1241 1072 1295; x_wconf 67' lang='grc' dir='ltr'>Οῗον,</span> 
     </span>
     <span class='ocr_line' id='line_1_23' title="bbox 54 1307 1074 1362; baseline -0.002 -14"><span class='ocrx_word' id='word_1_166' title='bbox 54 1309 184 1360; x_wconf 86' lang='grc' dir='ltr'>ἀθυμία</span> <span class='ocrx_word' id='word_1_167' title='bbox 204 1308 327 1362; x_wconf 82' lang='grc' dir='ltr'>πρώτη</span> <span class='ocrx_word' id='word_1_168' title='bbox 343 1307 460 1360; x_wconf 86' lang='grc' dir='ltr'>γέγονε</span> <span class='ocrx_word' id='word_1_169' title='bbox 476 1307 532 1346; x_wconf 79' lang='grc' dir='ltr'>διὰ</span> <span class='ocrx_word' id='word_1_170' title='bbox 551 1308 614 1354; x_wconf 87' lang='grc' dir='ltr'>τὴν</span> <span class='ocrx_word' id='word_1_171' title='bbox 635 1308 806 1360; x_wconf 73' lang='grc' dir='ltr'>ἀνάληψιν</span> <span class='ocrx_word' id='word_1_172' title='bbox 826 1312 885 1346; x_wconf 84' lang='grc' dir='ltr'>τοῦ</span> <span class='ocrx_word' id='word_1_173' title='bbox 902 1309 1074 1360; x_wconf 86' lang='grc' dir='ltr'>Χριστοῦ,</span> 
     </span>
     <span class='ocr_line' id='line_1_24' title="bbox 54 1365 1074 1420; baseline -0.002 -12"><span class='ocrx_word' id='word_1_174' title='bbox 54 1365 129 1408; x_wconf 70' lang='grc' dir='ltr'>εἶτα</span> <span class='ocrx_word' id='word_1_175' title='bbox 148 1370 293 1420; x_wconf 79' lang='grc' dir='ltr'>εὐθυμία</span> <span class='ocrx_word' id='word_1_176' title='bbox 310 1368 367 1407; x_wconf 78' lang='grc' dir='ltr'>διὰ</span> <span class='ocrx_word' id='word_1_177' title='bbox 386 1369 448 1415; x_wconf 82' lang='grc' dir='ltr'>τὴν</span> <span class='ocrx_word' id='word_1_178' title='bbox 469 1373 529 1407; x_wconf 90' lang='grc' dir='ltr'>τοῦ</span> <span class='ocrx_word' id='word_1_179' title='bbox 547 1368 752 1419; x_wconf 89' lang='grc' dir='ltr'>Πνεύματος</span> <span class='ocrx_word' id='word_1_180' title='bbox 777 1369 922 1407; x_wconf 78' lang='grc' dir='ltr'>κάθοδον</span> <span class='ocrx_word' id='word_1_181' title='bbox 937 1384 944 1391; x_wconf 92' lang='grc'><em>·</em></span> <span class='ocrx_word' id='word_1_182' title='bbox 967 1369 1074 1407; x_wconf 84' lang='grc' dir='ltr'>πάλιν</span> 
     </span>
     <span class='ocr_line' id='line_1_25' title="bbox 55 1424 1074 1483; baseline -0.001 -14"><span class='ocrx_word' id='word_1_183' title='bbox 55 1431 186 1483; x_wconf 84' lang='grc' dir='ltr'>ἀθυμία</span> <span class='ocrx_word' id='word_1_184' title='bbox 203 1431 260 1470; x_wconf 82' lang='grc' dir='ltr'>διὰ</span> <span class='ocrx_word' id='word_1_185' title='bbox 279 1430 356 1474; x_wconf 72' lang='grc' dir='ltr'>τοὺς</span> <span class='ocrx_word' id='word_1_186' title='bbox 384 1430 634 1482; x_wconf 69' lang='grc' dir='ltr'>χλευάζοντας,</span> <span class='ocrx_word' id='word_1_187' title='bbox 658 1424 733 1468; x_wconf 62' lang='grc' dir='ltr'>εἶτα</span> <span class='ocrx_word' id='word_1_188' title='bbox 760 1430 904 1480; x_wconf 80' lang='grc' dir='ltr'>εὐθυμία</span> <span class='ocrx_word' id='word_1_189' title='bbox 923 1430 980 1469; x_wconf 81' lang='grc' dir='ltr'>διὰ</span> <span class='ocrx_word' id='word_1_190' title='bbox 998 1430 1074 1474; x_wconf 72' lang='grc' dir='ltr'>τοὺς</span> 
     </span>
     <span class='ocr_line' id='line_1_26' title="bbox 55 1490 1075 1542; baseline -0.002 -12"><span class='ocrx_word' id='word_1_191' title='bbox 55 1491 197 1535; x_wconf 80' lang='grc' dir='ltr'>πιστοὺς</span> <span class='ocrx_word' id='word_1_192' title='bbox 213 1491 271 1529; x_wconf 84' lang='grc' dir='ltr'>καὶ</span> <span class='ocrx_word' id='word_1_193' title='bbox 295 1491 333 1528; x_wconf 85' lang='grc' dir='ltr'>τὸ</span> <span class='ocrx_word' id='word_1_194' title='bbox 354 1495 515 1542; x_wconf 86' lang='grc' dir='ltr'>σημεῖον·</span> <span class='ocrx_word' id='word_1_195' title='bbox 542 1490 647 1529; x_wconf 84' lang='grc' dir='ltr'>πάλιν</span> <span class='ocrx_word' id='word_1_196' title='bbox 669 1490 800 1542; x_wconf 83' lang='grc' dir='ltr'>ἀθυμία</span> <span class='ocrx_word' id='word_1_197' title='bbox 821 1491 876 1528; x_wconf 85' lang='grc' dir='ltr'>διὰ</span> <span class='ocrx_word' id='word_1_198' title='bbox 903 1491 942 1528; x_wconf 81' lang='grc' dir='ltr'>τὸ</span> <span class='ocrx_word' id='word_1_199' title='bbox 969 1507 1075 1528; x_wconf 89' lang='grc' dir='ltr'>κατα-</span> 
     </span>
     <span class='ocr_line' id='line_1_27' title="bbox 55 1546 1075 1604; baseline 0 -14"><span class='ocrx_word' id='word_1_200' title='bbox 55 1556 244 1604; x_wconf 74' lang='grc' dir='ltr'>σχεθῆναι,</span> <span class='ocrx_word' id='word_1_201' title='bbox 279 1546 353 1590; x_wconf 71' lang='grc' dir='ltr'>εἶτα</span> <span class='ocrx_word' id='word_1_202' title='bbox 381 1551 524 1602; x_wconf 77' lang='grc' dir='ltr'>εὐθυμία</span> <span class='ocrx_word' id='word_1_203' title='bbox 554 1551 611 1589; x_wconf 84' lang='grc' dir='ltr'>διὰ</span> <span class='ocrx_word' id='word_1_204' title='bbox 640 1554 702 1598; x_wconf 86' lang='grc' dir='ltr'>τ’ῆς</span> <span class='ocrx_word' id='word_1_205' title='bbox 733 1551 933 1603; x_wconf 86' lang='grc' dir='ltr'>ἀπολογίας.</span> <span class='ocrx_word' id='word_1_206' title='bbox 959 1552 1075 1590; x_wconf 83' lang='grc' dir='ltr'>Πάλιν</span> 
     </span>
     <span class='ocr_line' id='line_1_28' title="bbox 55 1608 1075 1666; baseline 0.001 -16"><span class='ocrx_word' id='word_1_207' title='bbox 55 1614 202 1652; x_wconf 80' lang='grc' dir='ltr'>ἐνταῦθα</span> <span class='ocrx_word' id='word_1_208' title='bbox 220 1613 279 1651; x_wconf 82' lang='grc' dir='ltr'>καὶ</span> <span class='ocrx_word' id='word_1_209' title='bbox 298 1612 445 1663; x_wconf 80' lang='grc' dir='ltr'>εὐθυμία</span> <span class='ocrx_word' id='word_1_210' title='bbox 461 1612 520 1650; x_wconf 85' lang='grc' dir='ltr'>καὶ</span> <span class='ocrx_word' id='word_1_211' title='bbox 540 1612 682 1663; x_wconf 85' lang='grc' dir='ltr'>ἀθυμία.</span> <span class='ocrx_word' id='word_1_212' title='bbox 699 1612 809 1651; x_wconf 66' lang='grc' dir='ltr'>σεὈτι</span> <span class='ocrx_word' id='word_1_213' title='bbox 827 1612 888 1663; x_wconf 82' lang='grc' dir='ltr'>μὲν</span> <span class='ocrx_word' id='word_1_214' title='bbox 904 1612 972 1666; x_wconf 79' lang='grc' dir='ltr'>γὰρ</span> <span class='ocrx_word' id='word_1_215' title='bbox 986 1608 1075 1660; x_wconf 67' lang='grc' dir='ltr'>ἦσαν</span> 
     </span>
     <span class='ocr_line' id='line_1_29' title="bbox 54 1674 1075 1726; baseline 0.002 -15"><span class='ocrx_word' id='word_1_216' title='bbox 54 1674 235 1724; x_wconf 75' lang='grc' dir='ltr'>λαμπροὶ,</span> <span class='ocrx_word' id='word_1_217' title='bbox 257 1674 316 1713; x_wconf 81' lang='grc' dir='ltr'>καὶ</span> <span class='ocrx_word' id='word_1_218' title='bbox 348 1674 471 1716; x_wconf 79' lang='grc' dir='ltr'>ὃΘεὸς</span> <span class='ocrx_word' id='word_1_219' title='bbox 505 1676 618 1717; x_wconf 86' lang='grc' dir='ltr'>αὐτοῖς</span> <span class='ocrx_word' id='word_1_220' title='bbox 646 1674 880 1726; x_wconf 74' lang='grc' dir='ltr'>ἀπεκάλυψεν,</span> <span class='ocrx_word' id='word_1_221' title='bbox 911 1674 1075 1725; x_wconf 79' lang='grc' dir='ltr'>εὐθυμία·</span> 
     </span>
    </p>
   </div>
   <div class='ocr_carea' id='block_1_9' title="bbox 55 1733 1122 1787">
    <p class='ocr_par' dir='ltr' id='par_1_9' title="bbox 55 1733 1122 1787">
     <span class='ocr_line' id='line_1_30' title="bbox 55 1733 1122 1787; baseline 0.001 -15"><span class='ocrx_word' id='word_1_222' title='bbox 55 1734 107 1772; x_wconf 81' lang='grc' dir='ltr'>ὅτι</span> <span class='ocrx_word' id='word_1_223' title='bbox 130 1735 165 1772; x_wconf 78' lang='grc' dir='ltr'>δὲ</span> <span class='ocrx_word' id='word_1_224' title='bbox 192 1734 270 1777; x_wconf 78' lang='grc' dir='ltr'>τοὺς</span> <span class='ocrx_word' id='word_1_225' title='bbox 302 1737 414 1773; x_wconf 81' lang='grc' dir='ltr'>αὐτῶν</span> <span class='ocrx_word' id='word_1_226' title='bbox 442 1733 601 1787; x_wconf 75' lang='grc' dir='ltr'>ἀνῄρουν,</span> <span class='ocrx_word' id='word_1_227' title='bbox 620 1735 762 1785; x_wconf 79' lang='grc' dir='ltr'>ἀθυμία.</span> <span class='ocrx_word' id='word_1_228' title='bbox 782 1735 898 1773; x_wconf 85' lang='grc' dir='ltr'>Πάλιν</span> <span class='ocrx_word' id='word_1_229' title='bbox 933 1735 1077 1786; x_wconf 81' lang='grc' dir='ltr'>εὐθυμία</span> <span class='ocrx_word' id='word_1_230' title='bbox 1097 1746 1122 1776; x_wconf 83' lang='grc' dir='ltr'><strong>Ε</strong></span> 
     </span>
    </p>
   </div>
   <div class='ocr_carea' id='block_1_10' title="bbox 55 1794 1078 2331">
    <p class='ocr_par' dir='ltr' id='par_1_10' title="bbox 55 1794 1078 2331">
     <span class='ocr_line' id='line_1_31' title="bbox 57 1794 1076 1854; baseline 0 -21"><span class='ocrx_word' id='word_1_231' title='bbox 57 1796 126 1833; x_wconf 83' lang='grc' dir='ltr'>ἀπὸ</span> <span class='ocrx_word' id='word_1_232' title='bbox 142 1799 203 1841; x_wconf 73' lang='grc' dir='ltr'>τῆς</span> <span class='ocrx_word' id='word_1_233' title='bbox 227 1795 488 1847; x_wconf 84' lang='grc' dir='ltr'>λαμπρότητος·</span> <span class='ocrx_word' id='word_1_234' title='bbox 505 1794 610 1833; x_wconf 81' lang='grc' dir='ltr'>πάλιν</span> <span class='ocrx_word' id='word_1_235' title='bbox 631 1795 763 1854; x_wconf 75' lang='grc' dir='ltr'>ἀθυμία</span> <span class='ocrx_word' id='word_1_236' title='bbox 780 1795 849 1833; x_wconf 82' lang='grc' dir='ltr'>ἀπὸ</span> <span class='ocrx_word' id='word_1_237' title='bbox 873 1800 933 1833; x_wconf 87' lang='grc' dir='ltr'>τοῦ</span> <span class='ocrx_word' id='word_1_238' title='bbox 952 1797 1076 1847; x_wconf 78' lang='grc' dir='ltr'>ἀρχιε-</span> 
     </span>
     <span class='ocr_line' id='line_1_32' title="bbox 57 1854 1076 1906; baseline -0.001 -12"><span class='ocrx_word' id='word_1_239' title='bbox 57 1855 152 1906; x_wconf 88' lang='grc' dir='ltr'>ρέως.</span> <span class='ocrx_word' id='word_1_240' title='bbox 173 1854 265 1894; x_wconf 62' lang='grc' dir='ltr'>ἀΚαὶ</span> <span class='ocrx_word' id='word_1_241' title='bbox 286 1855 398 1893; x_wconf 83' lang='grc' dir='ltr'>διόλου</span> <span class='ocrx_word' id='word_1_242' title='bbox 424 1858 524 1893; x_wconf 87' lang='grc' dir='ltr'>τοῦτο</span> <span class='ocrx_word' id='word_1_243' title='bbox 547 1855 795 1905; x_wconf 84' lang='grc' dir='ltr'>σκοπουμένοις</span> <span class='ocrx_word' id='word_1_244' title='bbox 817 1857 897 1893; x_wconf 82' lang='grc' dir='ltr'>ἰδεῖν</span> <span class='ocrx_word' id='word_1_245' title='bbox 923 1854 1076 1893; x_wconf 82' lang='grc' dir='ltr'>δυνατόν.</span> 
     </span>
     <span class='ocr_line' id='line_1_33' title="bbox 55 1915 1076 1968; baseline 0 -15"><span class='ocrx_word' id='word_1_246' title='bbox 55 1916 114 1953; x_wconf 79' lang='grc' dir='ltr'>καὶ</span> <span class='ocrx_word' id='word_1_247' title='bbox 141 1916 198 1954; x_wconf 78' lang='grc' dir='ltr'>ἐπὶ</span> <span class='ocrx_word' id='word_1_248' title='bbox 216 1918 285 1953; x_wconf 78' lang='grc' dir='ltr'>τῶν</span> <span class='ocrx_word' id='word_1_249' title='bbox 304 1917 463 1954; x_wconf 79' lang='grc' dir='ltr'>παλαιῶν</span> <span class='ocrx_word' id='word_1_250' title='bbox 485 1916 520 1953; x_wconf 80' lang='grc' dir='ltr'>δὲ</span> <span class='ocrx_word' id='word_1_251' title='bbox 541 1915 648 1960; x_wconf 75' lang='grc' dir='ltr'>οὕτως</span> <span class='ocrx_word' id='word_1_252' title='bbox 669 1915 762 1968; x_wconf 76' lang='grc' dir='ltr'>εὕροι</span> <span class='ocrx_word' id='word_1_253' title='bbox 787 1932 838 1959; x_wconf 89' lang='grc' dir='ltr'>τις</span> <span class='ocrx_word' id='word_1_254' title='bbox 859 1916 911 1954; x_wconf 77' lang='grc' dir='ltr'>ἄν.</span> <span class='ocrx_word' id='word_1_255' title='bbox 926 1915 1076 1966; x_wconf 74' lang='grc' dir='ltr'>Ἴδωμεν</span> 
     </span>
     <span class='ocr_line' id='line_1_34' title="bbox 56 1975 1076 2028; baseline 0 -15"><span class='ocrx_word' id='word_1_256' title='bbox 56 1975 91 2014; x_wconf 81' lang='grc' dir='ltr'>δὲ</span> <span class='ocrx_word' id='word_1_257' title='bbox 121 1976 248 2014; x_wconf 85' lang='grc' dir='ltr'>ἄνωθεν</span> <span class='ocrx_word' id='word_1_258' title='bbox 278 1976 322 2014; x_wconf 79' lang='grc' dir='ltr'>τὰ</span> <span class='ocrx_word' id='word_1_259' title='bbox 344 1976 522 2027; x_wconf 82' lang='grc' dir='ltr'>εἰρημένα.</span> <span class='ocrx_word' id='word_1_260' title='bbox 541 1975 736 2021; x_wconf 82' lang='grc' dir='ltr'>Ἐπώλουν,</span> <span class='ocrx_word' id='word_1_261' title='bbox 752 1976 854 2027; x_wconf 74' lang='grc' dir='ltr'>φησὶ,</span> <span class='ocrx_word' id='word_1_262' title='bbox 871 1975 930 2013; x_wconf 76' lang='grc' dir='ltr'>καὶ</span> <span class='ocrx_word' id='word_1_263' title='bbox 958 1976 1076 2028; x_wconf 82' lang='grc' dir='ltr'>ἔφερον</span> 
     </span>
     <span class='ocr_line' id='line_1_35' title="bbox 55 2035 1078 2086; baseline 0.001 -13"><span class='ocrx_word' id='word_1_264' title='bbox 55 2035 116 2079; x_wconf 84' lang='grc' dir='ltr'>τὰς</span> <span class='ocrx_word' id='word_1_265' title='bbox 144 2036 269 2085; x_wconf 84' lang='grc' dir='ltr'>τιμὰς,</span> <span class='ocrx_word' id='word_1_266' title='bbox 294 2036 352 2074; x_wconf 74' lang='grc' dir='ltr'>καὶ</span> <span class='ocrx_word' id='word_1_267' title='bbox 374 2035 504 2073; x_wconf 79' lang='grc' dir='ltr'>ἐτίθουν</span> <span class='ocrx_word' id='word_1_268' title='bbox 532 2035 629 2086; x_wconf 84' lang='grc' dir='ltr'>παρὰ</span> <span class='ocrx_word' id='word_1_269' title='bbox 657 2035 735 2080; x_wconf 79' lang='grc' dir='ltr'>τοὺς</span> <span class='ocrx_word' id='word_1_270' title='bbox 763 2036 872 2080; x_wconf 84' lang='grc' dir='ltr'>πόδας</span> <span class='ocrx_word' id='word_1_271' title='bbox 892 2040 959 2074; x_wconf 80' lang='grc' dir='ltr'>τῶν</span> <span class='ocrx_word' id='word_1_272' title='bbox 992 2039 1078 2074; x_wconf 89' lang='grc' dir='ltr'>ἀπο-</span> 
     </span>
     <span class='ocr_line' id='line_1_36' title="bbox 56 2096 1078 2148; baseline 0 -14"><span class='ocrx_word' id='word_1_273' title='bbox 56 2097 199 2135; x_wconf 81' lang='grc' dir='ltr'>στόλων.</span> <span class='ocrx_word' id='word_1_274' title='bbox 220 2097 318 2148; x_wconf 68' lang='grc' dir='ltr'>ςὈρα</span> <span class='ocrx_word' id='word_1_275' title='bbox 333 2112 412 2147; x_wconf 88' lang='grc' dir='ltr'>μοι,</span> <span class='ocrx_word' id='word_1_276' title='bbox 434 2096 591 2147; x_wconf 75' lang='grc' dir='ltr'>ἀγαπητὲ</span> <span class='ocrx_word' id='word_1_277' title='bbox 603 2127 612 2144; x_wconf 89' lang='grc'>,</span> <span class='ocrx_word' id='word_1_278' title='bbox 630 2099 704 2141; x_wconf 82' lang='grc' dir='ltr'>πῶς</span> <span class='ocrx_word' id='word_1_279' title='bbox 723 2099 761 2135; x_wconf 84' lang='grc' dir='ltr'>οὐ</span> <span class='ocrx_word' id='word_1_280' title='bbox 786 2103 857 2141; x_wconf 84' lang='grc' dir='ltr'>τοῖς</span> <span class='ocrx_word' id='word_1_281' title='bbox 873 2098 1078 2140; x_wconf 87' lang='grc' dir='ltr'>ἀποστόλοις</span> 
     </span>
     <span class='ocr_line' id='line_1_37' title="bbox 56 2157 1076 2209; baseline 0.001 -14"><span class='ocrx_word' id='word_1_282' title='bbox 56 2158 244 2209; x_wconf 84' lang='grc' dir='ltr'>ἐπέτρεπον</span> <span class='ocrx_word' id='word_1_283' title='bbox 263 2161 404 2205; x_wconf 82' lang='grc' dir='ltr'>πωλεῖν,</span> <span class='ocrx_word' id='word_1_284' title='bbox 430 2159 505 2195; x_wconf 89' lang='grc' dir='ltr'>ἀλλ’</span> <span class='ocrx_word' id='word_1_285' title='bbox 541 2157 635 2195; x_wconf 83' lang='grc' dir='ltr'>αὐτοὶ</span> <span class='ocrx_word' id='word_1_286' title='bbox 667 2157 834 2206; x_wconf 75' lang='grc' dir='ltr'>ἐπώλουν,</span> <span class='ocrx_word' id='word_1_287' title='bbox 849 2158 906 2196; x_wconf 71' lang='grc' dir='ltr'>καὶ</span> <span class='ocrx_word' id='word_1_288' title='bbox 927 2159 988 2202; x_wconf 86' lang='grc' dir='ltr'>τὰς</span> <span class='ocrx_word' id='word_1_289' title='bbox 1019 2175 1076 2197; x_wconf 88' lang='grc' dir='ltr'>τι-</span> 
     </span>
     <span class='ocr_line' id='line_1_38' title="bbox 56 2217 1075 2269; baseline 0.002 -15"><span class='ocrx_word' id='word_1_290' title='bbox 56 2217 122 2267; x_wconf 86' lang='grc' dir='ltr'>μὰς</span> <span class='ocrx_word' id='word_1_291' title='bbox 149 2218 289 2261; x_wconf 80' lang='grc' dir='ltr'>ἐκείνοις</span> <span class='ocrx_word' id='word_1_292' title='bbox 324 2218 490 2256; x_wconf 79' lang='grc' dir='ltr'>ἐδίδοσαν.</span> <span class='ocrx_word' id='word_1_293' title='bbox 507 2217 598 2254; x_wconf 81' lang='grc' dir='ltr'>Ἀλλ’</span> <span class='ocrx_word' id='word_1_294' title='bbox 629 2220 694 2269; x_wconf 74' lang='grc' dir='ltr'>οὐχ</span> <span class='ocrx_word' id='word_1_295' title='bbox 712 2217 821 2262; x_wconf 81' lang='grc' dir='ltr'>οὕτως</span> <span class='ocrx_word' id='word_1_296' title='bbox 852 2222 869 2256; x_wconf 85' lang='grc' dir='ltr'>ὁ</span> <span class='ocrx_word' id='word_1_297' title='bbox 898 2218 1075 2266; x_wconf 86' lang='grc' dir='ltr'>Ἀνανίας,</span> 
     </span>
     <span class='ocr_line' id='line_1_39' title="bbox 55 2271 1072 2331; baseline 0.003 -16"><span class='ocrx_word' id='word_1_298' title='bbox 55 2279 131 2315; x_wconf 81' lang='grc' dir='ltr'>ἀλλ’</span> <span class='ocrx_word' id='word_1_299' title='bbox 150 2277 346 2330; x_wconf 70' lang='grc' dir='ltr'>ὑφαιρεῖταί</span> <span class='ocrx_word' id='word_1_300' title='bbox 368 2293 403 2314; x_wconf 87' lang='grc' dir='ltr'>τι</span> <span class='ocrx_word' id='word_1_301' title='bbox 420 2279 483 2322; x_wconf 74' lang='grc' dir='ltr'>τῆς</span> <span class='ocrx_word' id='word_1_302' title='bbox 497 2280 602 2327; x_wconf 77' lang='grc' dir='ltr'>τιμῆς</span> <span class='ocrx_word' id='word_1_303' title='bbox 626 2271 664 2314; x_wconf 61' lang='grc' dir='ltr'>οὗ</span> <span class='ocrx_word' id='word_1_304' title='bbox 698 2277 845 2316; x_wconf 85' lang='grc' dir='ltr'>ἀπέδοτο</span> <span class='ocrx_word' id='word_1_305' title='bbox 869 2281 994 2331; x_wconf 76' lang='grc' dir='ltr'>ἀγροῦ·</span> <span class='ocrx_word' id='word_1_306' title='bbox 1016 2280 1072 2318; x_wconf 85' lang='grc' dir='ltr'>διὸ</span> 
     </span>
    </p>
   </div>
   <div class='ocr_carea' id='block_1_11' title="bbox 1142 520 2332 2330">
    <p class='ocr_par' dir='ltr' id='par_1_11' title="bbox 1142 520 2122 575">
     <span class='ocr_line' id='line_1_40' title="bbox 1142 520 2122 575; baseline 0.004 -18"><span class='ocrx_word' id='word_1_307' title='bbox 1142 527 1225 568; x_wconf 87' lang='lat' dir='ltr'><em>tem,</em></span> <span class='ocrx_word' id='word_1_308' title='bbox 1229 521 1330 572; x_wconf 82' lang='lat' dir='ltr'><em>jussu</em></span> <span class='ocrx_word' id='word_1_309' title='bbox 1347 520 1514 559; x_wconf 87' lang='lat' dir='ltr'><em>occidere.</em></span> <span class='ocrx_word' id='word_1_310' title='bbox 1528 521 1590 559; x_wconf 73' lang='lat'>44.</span> <span class='ocrx_word' id='word_1_311' title='bbox 1604 523 1736 573; x_wconf 78' lang='lat' dir='ltr'><em>Magis</em></span> <span class='ocrx_word' id='word_1_312' title='bbox 1750 530 1878 560; x_wconf 85' lang='lat' dir='ltr'><em>autem</em></span> <span class='ocrx_word' id='word_1_313' title='bbox 1894 525 2122 575; x_wconf 83' lang='lat' dir='ltr'><em>augebatur,</em></span> 
     </span>
    </p>

    <p class='ocr_par' dir='ltr' id='par_1_12' title="bbox 1143 579 2125 630">
     <span class='ocr_line' id='line_1_41' title="bbox 1143 579 2125 630; baseline 0.005 -14"><span class='ocrx_word' id='word_1_314' title='bbox 1143 579 1273 630; x_wconf 88' lang='lat' dir='ltr'><em>inquit,</em></span> <span class='ocrx_word' id='word_1_315' title='bbox 1299 582 1536 619; x_wconf 82' lang='lat' dir='ltr'><em>credentium</em></span> <span class='ocrx_word' id='word_1_316' title='bbox 1552 584 1593 619; x_wconf 86' lang='lat' dir='ltr'><em>in</em></span> <span class='ocrx_word' id='word_1_317' title='bbox 1606 583 1773 621; x_wconf 77' lang='lat' dir='ltr'><em>Domino</em></span> <span class='ocrx_word' id='word_1_318' title='bbox 1797 583 2005 621; x_wconf 85' lang='lat' dir='ltr'><em>multitudo</em></span> <span class='ocrx_word' id='word_1_319' title='bbox 2020 587 2125 621; x_wconf 81' lang='lat' dir='ltr'><em>viro-</em></span> 
     </span>
    </p>

    <p class='ocr_par' dir='ltr' id='par_1_13' title="bbox 1143 642 2124 696">
     <span class='ocr_line' id='line_1_42' title="bbox 1143 642 2124 696; baseline 0.005 -19"><span class='ocrx_word' id='word_1_320' title='bbox 1143 654 1229 677; x_wconf 84' lang='lat' dir='ltr'>rum</span> <span class='ocrx_word' id='word_1_321' title='bbox 1242 654 1289 678; x_wconf 84' lang='lat' dir='ltr'><em>ac</em></span> <span class='ocrx_word' id='word_1_322' title='bbox 1302 642 1520 691; x_wconf 83' lang='lat' dir='ltr'><em>mulierum,</em></span> <span class='ocrx_word' id='word_1_323' title='bbox 1547 643 1680 681; x_wconf 57' lang='lat' dir='ltr'><em>mita</em></span> <span class='ocrx_word' id='word_1_324' title='bbox 1695 651 1738 680; x_wconf 87' lang='lat' dir='ltr'>ut</span> <span class='ocrx_word' id='word_1_325' title='bbox 1763 645 1806 679; x_wconf 85' lang='lat' dir='ltr'><em>in</em></span> <span class='ocrx_word' id='word_1_326' title='bbox 1829 643 1982 694; x_wconf 79' lang='lat' dir='ltr'><em>plateas</em></span> <span class='ocrx_word' id='word_1_327' title='bbox 2011 646 2124 696; x_wconf 82' lang='lat' dir='ltr'><em>ejice-</em></span> 
     </span>
    </p>

    <p class='ocr_par' dir='ltr' id='par_1_14' title="bbox 1144 701 2125 755">
     <span class='ocr_line' id='line_1_43' title="bbox 1144 701 2125 755; baseline 0.005 -18"><span class='ocrx_word' id='word_1_328' title='bbox 1144 709 1229 738; x_wconf 81' lang='lat' dir='ltr'><em>rent</em></span> <span class='ocrx_word' id='word_1_329' title='bbox 1244 701 1433 753; x_wconf 80' lang='lat' dir='ltr'><em>infirmos,</em></span> <span class='ocrx_word' id='word_1_330' title='bbox 1448 711 1484 739; x_wconf 83' lang='lat' dir='ltr'>et</span> <span class='ocrx_word' id='word_1_331' title='bbox 1501 711 1686 753; x_wconf 80' lang='lat' dir='ltr'><em>ponerent</em></span> <span class='ocrx_word' id='word_1_332' title='bbox 1702 706 1745 739; x_wconf 84' lang='grc' dir='ltr'>ιή</span> <span class='ocrx_word' id='word_1_333' title='bbox 1758 703 1909 741; x_wconf 76' lang='lat' dir='ltr'><em>lectulis</em></span> <span class='ocrx_word' id='word_1_334' title='bbox 1923 717 1970 741; x_wconf 84' lang='lat' dir='ltr'><em>ac</em></span> <span class='ocrx_word' id='word_1_335' title='bbox 1983 707 2125 755; x_wconf 82' lang='lat' dir='ltr'><em>graba-</em></span> 
     </span>
    </p>

    <p class='ocr_par' dir='ltr' id='par_1_15' title="bbox 1145 763 2128 872">
     <span class='ocr_line' id='line_1_44' title="bbox 1146 763 2125 810; baseline 0.006 -14"><span class='ocrx_word' id='word_1_336' title='bbox 1146 763 1208 809; x_wconf 87' lang='lat' dir='ltr'><em>tis,</em></span> <span class='ocrx_word' id='word_1_337' title='bbox 1235 769 1275 797; x_wconf 83' lang='lat' dir='ltr'>ut</span> <span class='ocrx_word' id='word_1_338' title='bbox 1305 764 1486 799; x_wconf 82' lang='lat' dir='ltr'><em>veniente</em></span> <span class='ocrx_word' id='word_1_339' title='bbox 1524 763 1652 810; x_wconf 86' lang='lat' dir='ltr'><em>Petro,</em></span> <span class='ocrx_word' id='word_1_340' title='bbox 1685 764 1825 800; x_wconf 83' lang='lat' dir='ltr'><em>saltem</em></span> <span class='ocrx_word' id='word_1_341' title='bbox 1856 766 1993 801; x_wconf 87' lang='lat' dir='ltr'><em>umbra</em></span> <span class='ocrx_word' id='word_1_342' title='bbox 2018 765 2125 803; x_wconf 77' lang='lat' dir='ltr'><em>illius</em></span> 
     </span>
     <span class='ocr_line' id='line_1_45' title="bbox 1145 822 2128 872; baseline 0.007 -16"><span class='ocrx_word' id='word_1_343' title='bbox 1145 822 1392 857; x_wconf 79' lang='lat' dir='ltr'><em>obumbraret</em></span> <span class='ocrx_word' id='word_1_344' title='bbox 1410 834 1642 872; x_wconf 85' lang='lat' dir='ltr'><em>quemquam</em></span> <span class='ocrx_word' id='word_1_345' title='bbox 1657 825 1670 858; x_wconf 86' lang='lat' dir='ltr'><em>i</em></span> <span class='ocrx_word' id='word_1_346' title='bbox 1675 823 1912 860; x_wconf 83' lang='lat' dir='ltr'><em>llorum.H0c</em></span> <span class='ocrx_word' id='word_1_347' title='bbox 1928 823 1965 860; x_wconf 91' lang='lat' dir='ltr'>in</span> <span class='ocrx_word' id='word_1_348' title='bbox 1985 824 2128 863; x_wconf 86' lang='lat' dir='ltr'><em>Christo</em></span> 
     </span>
    </p>

    <p class='ocr_par' dir='ltr' id='par_1_16' title="bbox 1145 879 2127 934">
     <span class='ocr_line' id='line_1_46' title="bbox 1145 879 2127 934; baseline 0.006 -19"><span class='ocrx_word' id='word_1_349' title='bbox 1145 893 1216 915; x_wconf 92' lang='lat' dir='ltr'><em>non</em></span> <span class='ocrx_word' id='word_1_350' title='bbox 1233 879 1367 916; x_wconf 86' lang='lat' dir='ltr'><em>factum</em></span> <span class='ocrx_word' id='word_1_351' title='bbox 1380 888 1432 916; x_wconf 91' lang='lat' dir='ltr'>est</span> <span class='ocrx_word' id='word_1_352' title='bbox 1450 895 1457 915; x_wconf 93' lang='lat'>:</span> <span class='ocrx_word' id='word_1_353' title='bbox 1479 879 1573 917; x_wconf 88' lang='lat' dir='ltr'><em>unde</em></span> <span class='ocrx_word' id='word_1_354' title='bbox 1585 880 1709 918; x_wconf 80' lang='lat' dir='ltr'><em>videre</em></span> <span class='ocrx_word' id='word_1_355' title='bbox 1732 890 1783 918; x_wconf 84' lang='lat' dir='ltr'>cst</span> <span class='ocrx_word' id='word_1_356' title='bbox 1803 895 1896 919; x_wconf 90' lang='lat' dir='ltr'><em>nunc</em></span> <span class='ocrx_word' id='word_1_357' title='bbox 1915 896 2019 934; x_wconf 81' lang='lat' dir='ltr'><em>opere</em></span> <span class='ocrx_word' id='word_1_358' title='bbox 2033 898 2127 922; x_wconf 91' lang='lat' dir='ltr'><em>com-</em></span> 
     </span>
    </p>

    <p class='ocr_par' dir='ltr' id='par_1_17' title="bbox 1144 941 2294 1056">
     <span class='ocr_line' id='line_1_47' title="bbox 1144 941 2294 995; baseline 0.007 -18"><span class='ocrx_word' id='word_1_359' title='bbox 1144 941 1282 992; x_wconf 87' lang='lat' dir='ltr'><em>pletum</em></span> <span class='ocrx_word' id='word_1_360' title='bbox 1311 941 1364 988; x_wconf 86' lang='lat' dir='ltr'>id,</span> <span class='ocrx_word' id='word_1_361' title='bbox 1401 941 1499 992; x_wconf 89' lang='lat' dir='ltr'><em>quod</em></span> <span class='ocrx_word' id='word_1_362' title='bbox 1530 941 1592 979; x_wconf 85' lang='lat' dir='ltr'>ille</span> <span class='ocrx_word' id='word_1_363' title='bbox 1621 942 1775 980; x_wconf 81' lang='lat' dir='ltr'>dixerat.</span> <span class='ocrx_word' id='word_1_364' title='bbox 1798 943 2014 990; x_wconf 75' lang='lat' dir='ltr'>Quodnam?</span> <span class='ocrx_word' id='word_1_365' title='bbox 2055 948 2128 995; x_wconf 83' lang='lat' dir='ltr'>Qui</span> <span class='ocrx_word' id='word_1_366' title='bbox 2139 957 2229 985; x_wconf 80' lang='lat' dir='ltr'><em>Joan.</em></span> <span class='ocrx_word' id='word_1_367' title='bbox 2249 958 2294 994; x_wconf 72' lang='lat'>14.</span> 
     </span>
     <span class='ocr_line' id='line_1_48' title="bbox 1145 1002 2191 1056; baseline 0.006 -19"><span class='ocrx_word' id='word_1_368' title='bbox 1145 1002 1264 1037; x_wconf 78' lang='lat' dir='ltr'><em>credit</em></span> <span class='ocrx_word' id='word_1_369' title='bbox 1280 1003 1322 1037; x_wconf 85' lang='lat' dir='ltr'><em>in</em></span> <span class='ocrx_word' id='word_1_370' title='bbox 1335 1014 1408 1047; x_wconf 82' lang='lat' dir='ltr'><em>me,</em></span> <span class='ocrx_word' id='word_1_371' title='bbox 1426 1015 1542 1052; x_wconf 87' lang='lat' dir='ltr'><em>opera</em></span> <span class='ocrx_word' id='word_1_372' title='bbox 1556 1015 1640 1053; x_wconf 81' lang='lat' dir='ltr'><em>quoe</em></span> <span class='ocrx_word' id='word_1_373' title='bbox 1655 1016 1722 1053; x_wconf 82' lang='lat' dir='ltr'>ego</span> <span class='ocrx_word' id='word_1_374' title='bbox 1728 1004 1838 1053; x_wconf 88' lang='lat' dir='ltr'><em>facio</em></span> <span class='ocrx_word' id='word_1_375' title='bbox 1854 1012 1890 1040; x_wconf 85' lang='lat' dir='ltr'>et</span> <span class='ocrx_word' id='word_1_376' title='bbox 1900 1006 1980 1055; x_wconf 83' lang='lat' dir='ltr'><em>ipse</em></span> <span class='ocrx_word' id='word_1_377' title='bbox 1980 1005 2126 1056; x_wconf 81' lang='lat' dir='ltr'><em>faciet,</em></span> <span class='ocrx_word' id='word_1_378' title='bbox 2145 1005 2191 1025; x_wconf 81' lang='lat'>¹²·</span> 
     </span>
    </p>

    <p class='ocr_par' dir='ltr' id='par_1_18' title="bbox 1144 1063 2130 1114">
     <span class='ocr_line' id='line_1_49' title="bbox 1144 1063 2130 1114; baseline 0.005 -17"><span class='ocrx_word' id='word_1_379' title='bbox 1144 1069 1180 1098; x_wconf 83' lang='lat' dir='ltr'>et</span> <span class='ocrx_word' id='word_1_380' title='bbox 1195 1063 1346 1113; x_wconf 84' lang='lat' dir='ltr'><em>majora</em></span> <span class='ocrx_word' id='word_1_381' title='bbox 1354 1063 1494 1114; x_wconf 43' lang='lat' dir='ltr'><em>horum.</em></span> <span class='ocrx_word' id='word_1_382' title='bbox 1495 1063 1633 1113; x_wconf 81' lang='lat' dir='ltr'><em>faciet.</em></span> <span class='ocrx_word' id='word_1_383' title='bbox 1648 1063 1709 1100; x_wconf 88' lang='grc'>16.</span> <span class='ocrx_word' id='word_1_384' title='bbox 1725 1064 1989 1101; x_wconf 80' lang='lat' dir='ltr'><em>Concurrebat</em></span> <span class='ocrx_word' id='word_1_385' title='bbox 2001 1074 2130 1103; x_wconf 85' lang='lat' dir='ltr'><em>autem</em></span> 
     </span>
    </p>

    <p class='ocr_par' dir='ltr' id='par_1_19' title="bbox 1143 1122 2131 1235">
     <span class='ocr_line' id='line_1_50' title="bbox 1144 1122 2127 1172; baseline 0.005 -14"><span class='ocrx_word' id='word_1_386' title='bbox 1144 1130 1181 1158; x_wconf 82' lang='lat' dir='ltr'>et</span> <span class='ocrx_word' id='word_1_387' title='bbox 1213 1122 1419 1159; x_wconf 84' lang='lat' dir='ltr'><em>multitudo</em></span> <span class='ocrx_word' id='word_1_388' title='bbox 1436 1125 1658 1160; x_wconf 80' lang='lat' dir='ltr'><em>vicinarum</em></span> <span class='ocrx_word' id='word_1_389' title='bbox 1676 1126 1879 1161; x_wconf 77' lang='lat' dir='ltr'><em>civitatum</em></span> <span class='ocrx_word' id='word_1_390' title='bbox 1894 1125 2127 1172; x_wconf 78' lang='lat' dir='ltr'><em>Jerusalem,</em></span> 
     </span>
     <span class='ocr_line' id='line_1_51' title="bbox 1143 1183 2131 1235; baseline 0.004 -16"><span class='ocrx_word' id='word_1_391' title='bbox 1143 1183 1357 1234; x_wconf 71' lang='lat' dir='ltr'><em>asserentes</em></span> <span class='ocrx_word' id='word_1_392' title='bbox 1372 1197 1492 1234; x_wconf 73' lang='lat' dir='ltr'><em>(egros</em></span> <span class='ocrx_word' id='word_1_393' title='bbox 1506 1192 1543 1220; x_wconf 83' lang='lat' dir='ltr'>et</span> <span class='ocrx_word' id='word_1_394' title='bbox 1551 1192 1714 1221; x_wconf 73' lang='lat' dir='ltr'><em>vexatos</em></span> <span class='ocrx_word' id='word_1_395' title='bbox 1727 1186 1954 1235; x_wconf 81' lang='lat' dir='ltr'><em>aspiritibus</em></span> <span class='ocrx_word' id='word_1_396' title='bbox 1967 1187 2131 1223; x_wconf 85' lang='lat' dir='ltr'><em>immun-</em></span> 
     </span>
    </p>

    <p class='ocr_par' dir='ltr' id='par_1_20' title="bbox 1143 1243 2332 1541">
     <span class='ocr_line' id='line_1_52' title="bbox 1143 1243 2330 1294; baseline 0.001 -15"><span class='ocrx_word' id='word_1_397' title='bbox 1143 1243 1216 1288; x_wconf 87' lang='lat' dir='ltr'><em>dis,</em></span> <span class='ocrx_word' id='word_1_398' title='bbox 1236 1246 1303 1294; x_wconf 86' lang='lat' dir='ltr'>qui</span> <span class='ocrx_word' id='word_1_399' title='bbox 1316 1245 1555 1281; x_wconf 81' lang='lat' dir='ltr'><em>curabantur</em></span> <span class='ocrx_word' id='word_1_400' title='bbox 1569 1257 1714 1281; x_wconf 81' lang='lat' dir='ltr'><em>omnes.</em></span> <span class='ocrx_word' id='word_1_401' title='bbox 1735 1246 1793 1282; x_wconf 92' lang='lat' dir='ltr'><em>Tu</em></span> <span class='ocrx_word' id='word_1_402' title='bbox 1806 1258 1889 1282; x_wconf 85' lang='lat' dir='ltr'><em>vero</em></span> <span class='ocrx_word' id='word_1_403' title='bbox 1905 1245 1993 1282; x_wconf 89' lang='lat' dir='ltr'><em>mihi</em></span> <span class='ocrx_word' id='word_1_404' title='bbox 2013 1246 2131 1283; x_wconf 90' lang='lat' dir='ltr'><em>consi-</em></span> <span class='ocrx_word' id='word_1_405' title='bbox 2165 1253 2237 1281; x_wconf 72' lang='lat' dir='ltr'><em>Vita</em></span> <span class='ocrx_word' id='word_1_406' title='bbox 2257 1253 2330 1290; x_wconf 57' lang='lat' dir='ltr'><em>Apo&lt;</em></span> 
     </span>
     <span class='ocr_line' id='line_1_53' title="bbox 1143 1295 2331 1362; baseline 0.005 -23"><span class='ocrx_word' id='word_1_407' title='bbox 1143 1302 1242 1352; x_wconf 87' lang='lat' dir='ltr'><em>dera,</em></span> <span class='ocrx_word' id='word_1_408' title='bbox 1261 1304 1440 1353; x_wconf 90' lang='lat' dir='ltr'><em>quomodo</em></span> <span class='ocrx_word' id='word_1_409' title='bbox 1454 1313 1527 1341; x_wconf 88' lang='lat' dir='ltr'><em>tota</em></span> <span class='ocrx_word' id='word_1_410' title='bbox 1538 1304 1612 1342; x_wconf 84' lang='lat' dir='ltr'><em>vita</em></span> <span class='ocrx_word' id='word_1_411' title='bbox 1623 1303 1694 1341; x_wconf 87' lang='lat' dir='ltr'><em>illis</em></span> <span class='ocrx_word' id='word_1_412' title='bbox 1708 1318 1753 1341; x_wconf 83' lang='lat' dir='ltr'><em>ex</em></span> <span class='ocrx_word' id='word_1_413' title='bbox 1768 1305 1954 1342; x_wconf 74' lang='lat' dir='ltr'>contrariis</span> <span class='ocrx_word' id='word_1_414' title='bbox 1965 1315 2129 1344; x_wconf 80' lang='lat' dir='ltr'><em>contexa-</em></span> <span class='ocrx_word' id='word_1_415' title='bbox 2140 1295 2331 1362; x_wconf 43' lang='grc' dir='ltr'>ἰζοὲῖτᾟῗξδθ*</span> 
     </span>
     <span class='ocr_line' id='line_1_54' title="bbox 1143 1364 2315 1416; baseline 0.002 -16"><span class='ocrx_word' id='word_1_416' title='bbox 1143 1372 1213 1400; x_wconf 89' lang='lat' dir='ltr'><em>tur.</em></span> <span class='ocrx_word' id='word_1_417' title='bbox 1234 1366 1370 1402; x_wconf 86' lang='lat' dir='ltr'><em>Moeror</em></span> <span class='ocrx_word' id='word_1_418' title='bbox 1396 1364 1535 1416; x_wconf 87' lang='lat' dir='ltr'><em>primus</em></span> <span class='ocrx_word' id='word_1_419' title='bbox 1552 1365 1618 1402; x_wconf 86' lang='lat' dir='ltr'><em>fuit</em></span> <span class='ocrx_word' id='word_1_420' title='bbox 1637 1364 1806 1402; x_wconf 83' lang='lat' dir='ltr'><em>assumtio</em></span> <span class='ocrx_word' id='word_1_421' title='bbox 1824 1366 1979 1416; x_wconf 78' lang='lat' dir='ltr'><em>Christi3</em></span> <span class='ocrx_word' id='word_1_422' title='bbox 2001 1366 2129 1405; x_wconf 89' lang='lat' dir='ltr'><em>deinde</em></span> <span class='ocrx_word' id='word_1_423' title='bbox 2142 1376 2315 1403; x_wconf 75' lang='lat' dir='ltr'><em>contexeba-</em></span> 
     </span>
     <span class='ocr_line' id='line_1_55' title="bbox 1143 1423 2332 1486; baseline 0.004 -24"><span class='ocrx_word' id='word_1_424' title='bbox 1143 1424 1266 1462; x_wconf 86' lang='lat' dir='ltr'><em>laetitia</em></span> <span class='ocrx_word' id='word_1_425' title='bbox 1282 1439 1345 1476; x_wconf 89' lang='lat' dir='ltr'>per</span> <span class='ocrx_word' id='word_1_426' title='bbox 1367 1425 1524 1477; x_wconf 87' lang='lat' dir='ltr'>Spiritus</span> <span class='ocrx_word' id='word_1_427' title='bbox 1545 1425 1775 1475; x_wconf 77' lang='lat' dir='ltr'><em>descensum3</em></span> <span class='ocrx_word' id='word_1_428' title='bbox 1800 1440 1922 1464; x_wconf 88' lang='lat' dir='ltr'><em>rursus</em></span> <span class='ocrx_word' id='word_1_429' title='bbox 1940 1441 2070 1465; x_wconf 88' lang='lat' dir='ltr'><em>moeror</em></span> <span class='ocrx_word' id='word_1_430' title='bbox 2084 1428 2130 1466; x_wconf 90' lang='lat' dir='ltr'>ob</span> <span class='ocrx_word' id='word_1_431' title='bbox 2143 1423 2193 1486; x_wconf 36' lang='lat' dir='ltr'>{soz</span> <span class='ocrx_word' id='word_1_432' title='bbox 2209 1427 2332 1455; x_wconf 69' lang='lat' dir='ltr'>‘³¹²⁰m0‘</span> 
     </span>
     <span class='ocr_line' id='line_1_56' title="bbox 1145 1485 2127 1541; baseline 0.005 -19"><span class='ocrx_word' id='word_1_433' title='bbox 1145 1485 1322 1535; x_wconf 84' lang='lat' dir='ltr'><em>irrisores;</em></span> <span class='ocrx_word' id='word_1_434' title='bbox 1349 1485 1478 1524; x_wconf 88' lang='lat' dir='ltr'><em>deinde</em></span> <span class='ocrx_word' id='word_1_435' title='bbox 1496 1486 1616 1524; x_wconf 83' lang='lat' dir='ltr'><em>laetitia</em></span> <span class='ocrx_word' id='word_1_436' title='bbox 1635 1501 1680 1524; x_wconf 87' lang='lat' dir='ltr'><em>ex</em></span> <span class='ocrx_word' id='word_1_437' title='bbox 1701 1486 1869 1525; x_wconf 84' lang='lat' dir='ltr'><em>fidelibus</em></span> <span class='ocrx_word' id='word_1_438' title='bbox 1893 1497 1926 1525; x_wconf 90' lang='lat' dir='ltr'>et</span> <span class='ocrx_word' id='word_1_439' title='bbox 1945 1502 1989 1527; x_wconf 83' lang='lat' dir='ltr'><em>ex</em></span> <span class='ocrx_word' id='word_1_440' title='bbox 2012 1490 2127 1541; x_wconf 86' lang='lat' dir='ltr'><em>siguo:</em></span> 
     </span>
    </p>

    <p class='ocr_par' dir='ltr' id='par_1_21' title="bbox 1144 1546 2132 1599">
     <span class='ocr_line' id='line_1_57' title="bbox 1144 1546 2132 1599; baseline 0.005 -16"><span class='ocrx_word' id='word_1_441' title='bbox 1144 1546 1275 1583; x_wconf 89' lang='lat' dir='ltr'><em>iterum</em></span> <span class='ocrx_word' id='word_1_442' title='bbox 1290 1560 1430 1594; x_wconf 82' lang='lat' dir='ltr'><em>moeror,</em></span> <span class='ocrx_word' id='word_1_443' title='bbox 1452 1546 1550 1597; x_wconf 88' lang='lat' dir='ltr'><em>quod</em></span> <span class='ocrx_word' id='word_1_444' title='bbox 1571 1546 1935 1599; x_wconf 82' lang='lat' dir='ltr'><em>apprehenderentur3</em></span> <span class='ocrx_word' id='word_1_445' title='bbox 1955 1549 2040 1587; x_wconf 89' lang='lat' dir='ltr'><em>binc</em></span> <span class='ocrx_word' id='word_1_446' title='bbox 2071 1550 2132 1588; x_wconf 84' lang='lat' dir='ltr'>lae-</span> 
     </span>
    </p>

    <p class='ocr_par' dir='ltr' id='par_1_22' title="bbox 1145 1606 2133 1659">
     <span class='ocr_line' id='line_1_58' title="bbox 1145 1606 2133 1659; baseline 0.005 -16"><span class='ocrx_word' id='word_1_447' title='bbox 1145 1606 1223 1643; x_wconf 84' lang='lat' dir='ltr'><em>titia</em></span> <span class='ocrx_word' id='word_1_448' title='bbox 1244 1621 1307 1658; x_wconf 89' lang='lat' dir='ltr'>per</span> <span class='ocrx_word' id='word_1_449' title='bbox 1321 1607 1522 1659; x_wconf 83' lang='lat' dir='ltr'><em>apologiam</em></span> <span class='ocrx_word' id='word_1_450' title='bbox 1550 1622 1660 1645; x_wconf 89' lang='lat' dir='ltr'><em>suam.</em></span> <span class='ocrx_word' id='word_1_451' title='bbox 1687 1609 1845 1646; x_wconf 87' lang='lat' dir='ltr'><em>Rursum</em></span> <span class='ocrx_word' id='word_1_452' title='bbox 1870 1608 1930 1646; x_wconf 84' lang='lat' dir='ltr'><em>hic</em></span> <span class='ocrx_word' id='word_1_453' title='bbox 1948 1609 2072 1648; x_wconf 85' lang='lat' dir='ltr'><em>laetitia</em></span> <span class='ocrx_word' id='word_1_454' title='bbox 2099 1620 2133 1648; x_wconf 84' lang='lat' dir='ltr'>et</span> 
     </span>
    </p>

    <p class='ocr_par' dir='ltr' id='par_1_23' title="bbox 1145 1668 2132 1720">
     <span class='ocr_line' id='line_1_59' title="bbox 1145 1668 2132 1720; baseline 0.003 -15"><span class='ocrx_word' id='word_1_455' title='bbox 1145 1681 1288 1705; x_wconf 89' lang='lat' dir='ltr'><em>moeror.</em></span> <span class='ocrx_word' id='word_1_456' title='bbox 1309 1669 1401 1706; x_wconf 85' lang='lat' dir='ltr'><em>Nam</em></span> <span class='ocrx_word' id='word_1_457' title='bbox 1420 1668 1516 1719; x_wconf 89' lang='lat' dir='ltr'><em>quod</em></span> <span class='ocrx_word' id='word_1_458' title='bbox 1535 1668 1720 1720; x_wconf 85' lang='lat' dir='ltr'><em>conspicui</em></span> <span class='ocrx_word' id='word_1_459' title='bbox 1734 1677 1846 1707; x_wconf 82' lang='lat' dir='ltr'><em>essent</em></span> <span class='ocrx_word' id='word_1_460' title='bbox 1865 1678 1897 1707; x_wconf 89' lang='lat' dir='ltr'>et</span> <span class='ocrx_word' id='word_1_461' title='bbox 1915 1670 1982 1708; x_wconf 80' lang='lat' dir='ltr'>Dei</span> <span class='ocrx_word' id='word_1_462' title='bbox 1997 1671 2132 1709; x_wconf 86' lang='lat' dir='ltr'><em>revela—</em></span> 
     </span>
    </p>

    <p class='ocr_par' dir='ltr' id='par_1_24' title="bbox 1146 1729 2134 1784">
     <span class='ocr_line' id='line_1_60' title="bbox 1146 1729 2134 1784; baseline 0.004 -18"><span class='ocrx_word' id='word_1_463' title='bbox 1146 1729 1303 1766; x_wconf 86' lang='lat' dir='ltr'><em>tionibus</em></span> <span class='ocrx_word' id='word_1_464' title='bbox 1321 1730 1535 1779; x_wconf 88' lang='lat' dir='ltr'><em>fruerentur,</em></span> <span class='ocrx_word' id='word_1_465' title='bbox 1558 1729 1681 1768; x_wconf 78' lang='lat' dir='ltr'><em>laetitia</em></span> <span class='ocrx_word' id='word_1_466' title='bbox 1694 1739 1768 1767; x_wconf 88' lang='lat' dir='ltr'><em>erat</em></span> <span class='ocrx_word' id='word_1_467' title='bbox 1778 1745 1788 1779; x_wconf 90' lang='lat'>;</span> <span class='ocrx_word' id='word_1_468' title='bbox 1811 1730 1909 1784; x_wconf 91' lang='lat' dir='ltr'><em>quod.</em></span> <span class='ocrx_word' id='word_1_469' title='bbox 1925 1745 2009 1769; x_wconf 86' lang='lat' dir='ltr'><em>vero</em></span> <span class='ocrx_word' id='word_1_470' title='bbox 2025 1732 2134 1770; x_wconf 87' lang='lat' dir='ltr'><em>etiam</em></span> 
     </span>
    </p>

    <p class='ocr_par' dir='ltr' id='par_1_25' title="bbox 1147 1789 2134 1844">
     <span class='ocr_line' id='line_1_61' title="bbox 1147 1789 2134 1844; baseline 0.004 -18"><span class='ocrx_word' id='word_1_471' title='bbox 1147 1803 1227 1827; x_wconf 90' lang='lat' dir='ltr'><em>suos</em></span> <span class='ocrx_word' id='word_1_472' title='bbox 1244 1789 1457 1840; x_wconf 80' lang='lat' dir='ltr'><em>occiderent,</em></span> <span class='ocrx_word' id='word_1_473' title='bbox 1470 1790 1650 1828; x_wconf 85' lang='lat' dir='ltr'><em>moestitia.</em></span> <span class='ocrx_word' id='word_1_474' title='bbox 1667 1791 1802 1827; x_wconf 87' lang='lat' dir='ltr'><em>Iterum</em></span> <span class='ocrx_word' id='word_1_475' title='bbox 1819 1790 1945 1829; x_wconf 67' lang='lat' dir='ltr'><em>laetitia</em></span> <span class='ocrx_word' id='word_1_476' title='bbox 1954 1805 1999 1829; x_wconf 82' lang='lat' dir='ltr'><em>ex</em></span> <span class='ocrx_word' id='word_1_477' title='bbox 2016 1794 2134 1844; x_wconf 90' lang='lat' dir='ltr'><em>splen-</em></span> 
     </span>
    </p>

    <p class='ocr_par' dir='ltr' id='par_1_26' title="bbox 1146 1849 2132 1903">
     <span class='ocr_line' id='line_1_62' title="bbox 1146 1849 2132 1903; baseline 0.004 -16"><span class='ocrx_word' id='word_1_478' title='bbox 1146 1849 1243 1898; x_wconf 84' lang='lat' dir='ltr'><em>dore,</em></span> <span class='ocrx_word' id='word_1_479' title='bbox 1262 1850 1462 1900; x_wconf 87' lang='lat' dir='ltr'><em>iterumque</em></span> <span class='ocrx_word' id='word_1_480' title='bbox 1495 1864 1626 1888; x_wconf 86' lang='lat' dir='ltr'><em>moeror</em></span> <span class='ocrx_word' id='word_1_481' title='bbox 1657 1865 1677 1887; x_wconf 87' lang='lat' dir='ltr'><em>a</em></span> <span class='ocrx_word' id='word_1_482' title='bbox 1709 1851 1869 1903; x_wconf 85' lang='lat' dir='ltr'><em>principe</em></span> <span class='ocrx_word' id='word_1_483' title='bbox 1898 1852 2132 1892; x_wconf 85' lang='lat' dir='ltr'><em>sacerdotum.</em></span> 
     </span>
    </p>

    <p class='ocr_par' dir='ltr' id='par_1_27' title="bbox 1147 1912 2131 1966">
     <span class='ocr_line' id='line_1_63' title="bbox 1147 1912 2131 1966; baseline 0.003 -17"><span class='ocrx_word' id='word_1_484' title='bbox 1147 1912 1195 1949; x_wconf 89' lang='lat' dir='ltr'>Et</span> <span class='ocrx_word' id='word_1_485' title='bbox 1211 1912 1280 1949; x_wconf 84' lang='lat' dir='ltr'>boc</span> <span class='ocrx_word' id='word_1_486' title='bbox 1311 1912 1442 1963; x_wconf 91' lang='lat' dir='ltr'><em>ubique</em></span> <span class='ocrx_word' id='word_1_487' title='bbox 1475 1912 1730 1951; x_wconf 80' lang='lat' dir='ltr'><em>considerando</em></span> <span class='ocrx_word' id='word_1_488' title='bbox 1766 1913 1891 1952; x_wconf 83' lang='lat' dir='ltr'><em>videre</em></span> <span class='ocrx_word' id='word_1_489' title='bbox 1915 1929 2131 1966; x_wconf 89' lang='lat' dir='ltr'><em>possumus:</em></span> 
     </span>
    </p>

    <p class='ocr_par' dir='ltr' id='par_1_28' title="bbox 1147 1973 2133 2026">
     <span class='ocr_line' id='line_1_64' title="bbox 1147 1973 2133 2026; baseline 0.006 -16"><span class='ocrx_word' id='word_1_490' title='bbox 1147 1973 1183 2010; x_wconf 91' lang='lat' dir='ltr'>id</span> <span class='ocrx_word' id='word_1_491' title='bbox 1199 1974 1294 2024; x_wconf 86' lang='lat' dir='ltr'><em>quod</em></span> <span class='ocrx_word' id='word_1_492' title='bbox 1309 1974 1415 2012; x_wconf 82' lang='lat' dir='ltr'><em>etiam</em></span> <span class='ocrx_word' id='word_1_493' title='bbox 1434 1974 1528 2026; x_wconf 88' lang='lat' dir='ltr'><em>apud</em></span> <span class='ocrx_word' id='word_1_494' title='bbox 1558 1984 1691 2014; x_wconf 88' lang='lat' dir='ltr'><em>veteres</em></span> <span class='ocrx_word' id='word_1_495' title='bbox 1720 1975 1881 2014; x_wconf 87' lang='lat' dir='ltr'><em>invenire</em></span> <span class='ocrx_word' id='word_1_496' title='bbox 1911 1986 1974 2014; x_wconf 88' lang='lat' dir='ltr'><em>est.</em></span> <span class='ocrx_word' id='word_1_497' title='bbox 1996 1980 2133 2018; x_wconf 86' lang='lat' dir='ltr'><em>Verum</em></span> 
     </span>
    </p>

    <p class='ocr_par' dir='ltr' id='par_1_29' title="bbox 1142 2034 2133 2091">
     <span class='ocr_line' id='line_1_65' title="bbox 1142 2034 2133 2091; baseline 0.006 -19"><span class='ocrx_word' id='word_1_498' title='bbox 1142 2034 1218 2086; x_wconf 82' lang='lat' dir='ltr'>jam</span> <span class='ocrx_word' id='word_1_499' title='bbox 1243 2049 1351 2087; x_wconf 81' lang='lat' dir='ltr'><em>supra</em></span> <span class='ocrx_word' id='word_1_500' title='bbox 1370 2036 1466 2074; x_wconf 88' lang='lat' dir='ltr'><em>dicta</em></span> <span class='ocrx_word' id='word_1_501' title='bbox 1501 2045 1712 2088; x_wconf 85' lang='lat' dir='ltr'><em>repetamus.</em></span> <span class='ocrx_word' id='word_1_502' title='bbox 1747 2038 1987 2085; x_wconf 84' lang='lat' dir='ltr'><em>Vendebant,</em></span> <span class='ocrx_word' id='word_1_503' title='bbox 2006 2039 2133 2091; x_wconf 89' lang='lat' dir='ltr'><em>inquit,</em></span> 
     </span>
    </p>

    <p class='ocr_par' dir='ltr' id='par_1_30' title="bbox 1147 2097 2135 2271">
     <span class='ocr_line' id='line_1_66' title="bbox 1147 2097 2135 2151; baseline 0.005 -18"><span class='ocrx_word' id='word_1_504' title='bbox 1147 2104 1183 2133; x_wconf 83' lang='lat' dir='ltr'>et</span> <span class='ocrx_word' id='word_1_505' title='bbox 1203 2097 1428 2148; x_wconf 81' lang='lat' dir='ltr'><em>afferebant</em></span> <span class='ocrx_word' id='word_1_506' title='bbox 1442 2100 1582 2148; x_wconf 83' lang='lat' dir='ltr'><em>pretia,</em></span> <span class='ocrx_word' id='word_1_507' title='bbox 1615 2106 1653 2134; x_wconf 84' lang='lat' dir='ltr'>et</span> <span class='ocrx_word' id='word_1_508' title='bbox 1669 2099 1867 2148; x_wconf 83' lang='lat' dir='ltr'><em>ponebant</em></span> <span class='ocrx_word' id='word_1_509' title='bbox 1899 2108 1991 2137; x_wconf 81' lang='lat' dir='ltr'><em>ante</em></span> <span class='ocrx_word' id='word_1_510' title='bbox 2020 2102 2135 2151; x_wconf 84' lang='lat' dir='ltr'><em>pedes</em></span> 
     </span>
     <span class='ocr_line' id='line_1_67' title="bbox 1147 2157 2135 2212; baseline 0.005 -19"><span class='ocrx_word' id='word_1_511' title='bbox 1147 2158 1422 2207; x_wconf 82' lang='lat' dir='ltr'><em>apostolorum.</em></span> <span class='ocrx_word' id='word_1_512' title='bbox 1444 2157 1554 2207; x_wconf 84' lang='lat' dir='ltr'><em>Vide,</em></span> <span class='ocrx_word' id='word_1_513' title='bbox 1584 2157 1725 2206; x_wconf 85' lang='lat' dir='ltr'><em>dilecte,</em></span> <span class='ocrx_word' id='word_1_514' title='bbox 1754 2159 1933 2208; x_wconf 87' lang='lat' dir='ltr'><em>quomodo</em></span> <span class='ocrx_word' id='word_1_515' title='bbox 1965 2173 2034 2197; x_wconf 90' lang='lat' dir='ltr'><em>non</em></span> <span class='ocrx_word' id='word_1_516' title='bbox 2055 2174 2135 2212; x_wconf 87' lang='lat' dir='ltr'><em>per-</em></span> 
     </span>
     <span class='ocr_line' id='line_1_68' title="bbox 1149 2216 2134 2271; baseline 0.006 -19"><span class='ocrx_word' id='word_1_517' title='bbox 1149 2216 1328 2254; x_wconf 86' lang='lat' dir='ltr'><em>mitterent</em></span> <span class='ocrx_word' id='word_1_518' title='bbox 1349 2217 1528 2269; x_wconf 84' lang='lat' dir='ltr'><em>apostolos</em></span> <span class='ocrx_word' id='word_1_519' title='bbox 1545 2216 1697 2256; x_wconf 86' lang='lat' dir='ltr'><em>vendere</em></span> <span class='ocrx_word' id='word_1_520' title='bbox 1709 2232 1719 2266; x_wconf 81' lang='lat'><em>3</em></span> <span class='ocrx_word' id='word_1_521' title='bbox 1739 2218 1800 2256; x_wconf 89' lang='lat' dir='ltr'>sed</span> <span class='ocrx_word' id='word_1_522' title='bbox 1829 2219 1897 2271; x_wconf 88' lang='lat' dir='ltr'><em>ipsi</em></span> <span class='ocrx_word' id='word_1_523' title='bbox 1928 2220 2134 2268; x_wconf 84' lang='lat' dir='ltr'><em>venderent,</em></span> 
     </span>
    </p>

    <p class='ocr_par' dir='ltr' id='par_1_31' title="bbox 1147 2275 2134 2330">
     <span class='ocr_line' id='line_1_69' title="bbox 1147 2275 2134 2330; baseline 0.006 -17"><span class='ocrx_word' id='word_1_524' title='bbox 1147 2284 1181 2314; x_wconf 89' lang='lat' dir='ltr'>et</span> <span class='ocrx_word' id='word_1_525' title='bbox 1199 2275 1271 2314; x_wconf 86' lang='lat' dir='ltr'><em>illis</em></span> <span class='ocrx_word' id='word_1_526' title='bbox 1294 2277 1410 2328; x_wconf 85' lang='lat' dir='ltr'><em>pretia</em></span> <span class='ocrx_word' id='word_1_527' title='bbox 1445 2276 1581 2315; x_wconf 87' lang='lat' dir='ltr'><em>darent.</em></span> <span class='ocrx_word' id='word_1_528' title='bbox 1620 2279 1668 2315; x_wconf 90' lang='lat' dir='ltr'>At</span> <span class='ocrx_word' id='word_1_529' title='bbox 1689 2292 1759 2316; x_wconf 91' lang='lat' dir='ltr'><em>non</em></span> <span class='ocrx_word' id='word_1_530' title='bbox 1790 2278 1841 2316; x_wconf 88' lang='lat' dir='ltr'>sic</span> <span class='ocrx_word' id='word_1_531' title='bbox 1863 2280 2044 2330; x_wconf 80' lang='lat' dir='ltr'><em>Ananias3</em></span> <span class='ocrx_word' id='word_1_532' title='bbox 2073 2281 2134 2319; x_wconf 88' lang='lat' dir='ltr'>sed</span> 
     </span>
    </p>
   </div>
   <div class='ocr_carea' id='block_1_12' title="bbox 54 2337 2134 2391">
    <p class='ocr_par' dir='ltr' id='par_1_32' title="bbox 54 2337 2134 2391">
     <span class='ocr_line' id='line_1_70' title="bbox 54 2337 2134 2391; baseline 0.002 -16"><span class='ocrx_word' id='word_1_533' title='bbox 54 2339 113 2377; x_wconf 78' lang='grc' dir='ltr'>καὶ</span> <span class='ocrx_word' id='word_1_534' title='bbox 131 2345 338 2390; x_wconf 85' lang='grc' dir='ltr'>τιμωρεῖται</span> <span class='ocrx_word' id='word_1_535' title='bbox 352 2341 398 2380; x_wconf 82' lang='grc' dir='ltr'>ὡς</span> <span class='ocrx_word' id='word_1_536' title='bbox 417 2338 456 2375; x_wconf 82' lang='grc' dir='ltr'>τὸ</span> <span class='ocrx_word' id='word_1_537' title='bbox 481 2344 630 2389; x_wconf 82' lang='grc' dir='ltr'>πρᾶγμα</span> <span class='ocrx_word' id='word_1_538' title='bbox 650 2337 698 2387; x_wconf 86' lang='grc' dir='ltr'>μὴ</span> <span class='ocrx_word' id='word_1_539' title='bbox 718 2340 834 2383; x_wconf 85' lang='grc' dir='ltr'>καλῶς</span> <span class='ocrx_word' id='word_1_540' title='bbox 853 2339 1074 2390; x_wconf 81' lang='grc' dir='ltr'>διαθέμενος,</span> <span class='ocrx_word' id='word_1_541' title='bbox 1099 2352 1126 2381; x_wconf 77' lang='grc' dir='ltr'><strong>Α</strong></span> <span class='ocrx_word' id='word_1_542' title='bbox 1148 2337 1327 2375; x_wconf 79' lang='lat' dir='ltr'><em>subtrahit</em></span> <span class='ocrx_word' id='word_1_543' title='bbox 1343 2338 1484 2389; x_wconf 88' lang='lat' dir='ltr'><em>aliquid</em></span> <span class='ocrx_word' id='word_1_544' title='bbox 1505 2338 1550 2376; x_wconf 89' lang='lat' dir='ltr'><em>de</em></span> <span class='ocrx_word' id='word_1_545' title='bbox 1565 2339 1681 2391; x_wconf 88' lang='lat' dir='ltr'><em>pretio</em></span> <span class='ocrx_word' id='word_1_546' title='bbox 1701 2339 1794 2390; x_wconf 83' lang='lat' dir='ltr'><em>agri,</em></span> <span class='ocrx_word' id='word_1_547' title='bbox 1813 2355 1920 2391; x_wconf 89' lang='lat' dir='ltr'><em>quem</em></span> <span class='ocrx_word' id='word_1_548' title='bbox 1955 2342 2134 2380; x_wconf 81' lang='lat' dir='ltr'><em>vendide—</em></span> 
     </span>
    </p>
   </div>
   <div class='ocr_carea' id='block_1_13' title="bbox 53 2393 1077 2626">
    <p class='ocr_par' dir='ltr' id='par_1_33' title="bbox 53 2393 1077 2626">
     <span class='ocr_line' id='line_1_71' title="bbox 54 2393 1072 2449; baseline 0.005 -14"><span class='ocrx_word' id='word_1_549' title='bbox 54 2398 113 2436; x_wconf 72' lang='grc' dir='ltr'>καὶ</span> <span class='ocrx_word' id='word_1_550' title='bbox 128 2398 285 2437; x_wconf 88' lang='grc' dir='ltr'>κλέπτων</span> <span class='ocrx_word' id='word_1_551' title='bbox 314 2396 358 2435; x_wconf 84' lang='grc' dir='ltr'>τὰ</span> <span class='ocrx_word' id='word_1_552' title='bbox 377 2400 498 2436; x_wconf 82' lang='grc' dir='ltr'>ἑαυτοῦ</span> <span class='ocrx_word' id='word_1_553' title='bbox 519 2397 699 2449; x_wconf 72' lang='grc' dir='ltr'>φωραθείς.</span> <span class='ocrx_word' id='word_1_554' title='bbox 714 2393 827 2443; x_wconf 69' lang='grc' dir='ltr'>Οῧτος</span> <span class='ocrx_word' id='word_1_555' title='bbox 851 2400 911 2438; x_wconf 79' lang='grc' dir='ltr'>καὶ</span> <span class='ocrx_word' id='word_1_556' title='bbox 931 2404 1000 2438; x_wconf 79' lang='grc' dir='ltr'>τῶν</span> <span class='ocrx_word' id='word_1_557' title='bbox 1016 2406 1072 2440; x_wconf 88' lang='grc' dir='ltr'>νῦν</span> 
     </span>
     <span class='ocr_line' id='line_1_72' title="bbox 53 2457 1076 2513; baseline 0.003 -17"><span class='ocrx_word' id='word_1_558' title='bbox 53 2458 174 2510; x_wconf 82' lang='grc' dir='ltr'>ἱερέων</span> <span class='ocrx_word' id='word_1_559' title='bbox 190 2459 305 2511; x_wconf 80' lang='grc' dir='ltr'>ἥψατο</span> <span class='ocrx_word' id='word_1_560' title='bbox 322 2461 340 2496; x_wconf 87' lang='grc' dir='ltr'><strong><em>ὃ</em></strong></span> <span class='ocrx_word' id='word_1_561' title='bbox 352 2457 471 2510; x_wconf 83' lang='grc' dir='ltr'>λόγος,</span> <span class='ocrx_word' id='word_1_562' title='bbox 485 2458 545 2496; x_wconf 77' lang='grc' dir='ltr'>καὶ</span> <span class='ocrx_word' id='word_1_563' title='bbox 561 2458 693 2510; x_wconf 71' lang='grc' dir='ltr'>σφόδρα</span> <span class='ocrx_word' id='word_1_564' title='bbox 712 2459 804 2497; x_wconf 84' lang='grc' dir='ltr'>κατὰ</span> <span class='ocrx_word' id='word_1_565' title='bbox 817 2460 955 2513; x_wconf 79' lang='grc' dir='ltr'>κράτος.</span> <span class='ocrx_word' id='word_1_566' title='bbox 972 2460 1076 2500; x_wconf 75' lang='grc' dir='ltr'>Ἐπεὶ</span> 
     </span>
     <span class='ocr_line' id='line_1_73' title="bbox 54 2518 1077 2572; baseline 0.004 -16"><span class='ocrx_word' id='word_1_567' title='bbox 54 2518 89 2557; x_wconf 80' lang='grc' dir='ltr'>δὲ</span> <span class='ocrx_word' id='word_1_568' title='bbox 110 2519 248 2570; x_wconf 76' lang='grc' dir='ltr'>συνῄδει</span> <span class='ocrx_word' id='word_1_569' title='bbox 266 2521 315 2569; x_wconf 81' lang='grc' dir='ltr'>τῷ</span> <span class='ocrx_word' id='word_1_570' title='bbox 334 2518 508 2571; x_wconf 86' lang='grc' dir='ltr'>γενομένῳ</span> <span class='ocrx_word' id='word_1_571' title='bbox 522 2518 582 2557; x_wconf 76' lang='grc' dir='ltr'>καὶ</span> <span class='ocrx_word' id='word_1_572' title='bbox 600 2521 622 2565; x_wconf 83' lang='grc' dir='ltr'>ἡ</span> <span class='ocrx_word' id='word_1_573' title='bbox 641 2518 763 2558; x_wconf 92' lang='grc' dir='ltr'>τούτου</span> <span class='ocrx_word' id='word_1_574' title='bbox 779 2520 885 2572; x_wconf 89' lang='grc' dir='ltr'>γυνὴ,</span> <span class='ocrx_word' id='word_1_575' title='bbox 901 2521 959 2560; x_wconf 82' lang='grc' dir='ltr'>διὰ</span> <span class='ocrx_word' id='word_1_576' title='bbox 973 2527 1077 2560; x_wconf 87' lang='grc' dir='ltr'>τοῦτο</span> 
     </span>
     <span class='ocr_line' id='line_1_74' title="bbox 53 2578 425 2626; baseline -0.003 -10"><span class='ocrx_word' id='word_1_577' title='bbox 53 2579 112 2616; x_wconf 78' lang='grc' dir='ltr'>καὶ</span> <span class='ocrx_word' id='word_1_578' title='bbox 133 2578 240 2626; x_wconf 80' lang='grc' dir='ltr'>αὐτὴν</span> <span class='ocrx_word' id='word_1_579' title='bbox 261 2578 425 2623; x_wconf 77' lang='grc' dir='ltr'>ἐξετάζει.</span> 
     </span>
    </p>
   </div>
   <div class='ocr_carea' id='block_1_14' title="bbox 51 2699 1077 3122">
    <p class='ocr_par' dir='ltr' id='par_1_34' title="bbox 51 2699 1077 3122">
     <span class='ocr_line' id='line_1_75' title="bbox 107 2699 1074 2757; baseline 0.005 -20"><span class='ocrx_word' id='word_1_580' title='bbox 107 2700 198 2738; x_wconf 81' lang='grc' dir='ltr'>Ἀλλ’</span> <span class='ocrx_word' id='word_1_581' title='bbox 218 2699 299 2743; x_wconf 83' lang='grc' dir='ltr'>ἴσως</span> <span class='ocrx_word' id='word_1_582' title='bbox 319 2699 408 2738; x_wconf 85' lang='grc' dir='ltr'>εἴποι</span> <span class='ocrx_word' id='word_1_583' title='bbox 431 2715 482 2743; x_wconf 90' lang='grc' dir='ltr'>τις</span> <span class='ocrx_word' id='word_1_584' title='bbox 509 2699 570 2747; x_wconf 81' lang='grc' dir='ltr'>ἂν,</span> <span class='ocrx_word' id='word_1_585' title='bbox 587 2700 639 2739; x_wconf 77' lang='grc' dir='ltr'>ὅτι</span> <span class='ocrx_word' id='word_1_586' title='bbox 660 2702 793 2754; x_wconf 78' lang='grc' dir='ltr'>σφόδρα</span> <span class='ocrx_word' id='word_1_587' title='bbox 822 2706 955 2756; x_wconf 79' lang='grc' dir='ltr'>πικρῶς</span> <span class='ocrx_word' id='word_1_588' title='bbox 987 2706 1074 2757; x_wconf 77' lang='grc' dir='ltr'>αὐτῇ</span> 
     </span>
     <span class='ocr_line' id='line_1_76' title="bbox 53 2759 1076 2816; baseline 0.005 -18"><span class='ocrx_word' id='word_1_589' title='bbox 53 2760 238 2811; x_wconf 66' lang='grc' dir='ltr'>ἐχρήσατο.</span> <span class='ocrx_word' id='word_1_590' title='bbox 257 2760 304 2798; x_wconf 86' lang='grc' dir='ltr'>Τί</span> <span class='ocrx_word' id='word_1_591' title='bbox 334 2759 466 2812; x_wconf 89' lang='grc' dir='ltr'>λέγεις;</span> <span class='ocrx_word' id='word_1_592' title='bbox 488 2759 564 2799; x_wconf 83' lang='grc' dir='ltr'>εἰπέ</span> <span class='ocrx_word' id='word_1_593' title='bbox 585 2777 661 2811; x_wconf 89' lang='grc' dir='ltr'>μοι,</span> <span class='ocrx_word' id='word_1_594' title='bbox 677 2761 761 2801; x_wconf 86' lang='grc' dir='ltr'>ποία</span> <span class='ocrx_word' id='word_1_595' title='bbox 780 2763 921 2816; x_wconf 70' lang='grc' dir='ltr'>πικρία,</span> <span class='ocrx_word' id='word_1_596' title='bbox 934 2766 979 2803; x_wconf 82' lang='grc' dir='ltr'>Εἰ</span> <span class='ocrx_word' id='word_1_597' title='bbox 994 2765 1076 2809; x_wconf 83' lang='grc' dir='ltr'>ξύλα</span> 
     </span>
     <span class='ocr_line' id='line_1_77' title="bbox 51 2820 1074 2878; baseline 0.008 -21"><span class='ocrx_word' id='word_1_598' title='bbox 51 2836 102 2863; x_wconf 85' lang='grc' dir='ltr'>τις</span> <span class='ocrx_word' id='word_1_599' title='bbox 119 2820 281 2865; x_wconf 81' lang='grc' dir='ltr'>συλλέξας</span> <span class='ocrx_word' id='word_1_600' title='bbox 303 2820 530 2859; x_wconf 89' lang='grc' dir='ltr'>καταλεύεται</span> <span class='ocrx_word' id='word_1_601' title='bbox 541 2851 550 2868; x_wconf 97' lang='grc'>,</span> <span class='ocrx_word' id='word_1_602' title='bbox 563 2823 682 2874; x_wconf 79' lang='grc' dir='ltr'>πολλῷ</span> <span class='ocrx_word' id='word_1_603' title='bbox 697 2825 826 2873; x_wconf 78' lang='grc' dir='ltr'>μᾶλλον</span> <span class='ocrx_word' id='word_1_604' title='bbox 848 2828 865 2862; x_wconf 82' lang='grc' dir='ltr'>ὅ</span> <span class='ocrx_word' id='word_1_605' title='bbox 884 2825 1074 2878; x_wconf 84' lang='grc' dir='ltr'>ἱερόσυλος·</span> 
     </span>
     <span class='ocr_line' id='line_1_78' title="bbox 52 2877 1075 2935; baseline 0.007 -17"><span class='ocrx_word' id='word_1_606' title='bbox 52 2881 110 2918; x_wconf 81' lang='grc' dir='ltr'>καὶ</span> <span class='ocrx_word' id='word_1_607' title='bbox 129 2886 238 2919; x_wconf 87' lang='grc' dir='ltr'>ταῦτα</span> <span class='ocrx_word' id='word_1_608' title='bbox 257 2881 324 2934; x_wconf 86' lang='grc' dir='ltr'>γὰρ</span> <span class='ocrx_word' id='word_1_609' title='bbox 342 2880 418 2932; x_wconf 84' lang='grc' dir='ltr'>ἱερὰ</span> <span class='ocrx_word' id='word_1_610' title='bbox 438 2880 557 2919; x_wconf 85' lang='grc' dir='ltr'>λοιπὸν</span> <span class='ocrx_word' id='word_1_611' title='bbox 577 2877 619 2929; x_wconf 70' lang='grc' dir='ltr'>ἦν</span> <span class='ocrx_word' id='word_1_612' title='bbox 636 2883 680 2921; x_wconf 81' lang='grc' dir='ltr'>τὰ</span> <span class='ocrx_word' id='word_1_613' title='bbox 700 2884 883 2935; x_wconf 81' lang='grc' dir='ltr'>χρήματα.</span> <span class='ocrx_word' id='word_1_614' title='bbox 902 2888 1039 2924; x_wconf 86' lang='grc' dir='ltr'>Οὐκοῦν</span> <span class='ocrx_word' id='word_1_615' title='bbox 1058 2889 1075 2925; x_wconf 85' lang='grc' dir='ltr'>ὁ</span> 
     </span>
     <span class='ocr_line' id='line_1_79' title="bbox 52 2942 1077 2993; baseline 0.009 -15"><span class='ocrx_word' id='word_1_616' title='bbox 52 2942 212 2991; x_wconf 80' lang='grc' dir='ltr'>ἑλόμενος</span> <span class='ocrx_word' id='word_1_617' title='bbox 237 2942 280 2981; x_wconf 80' lang='grc' dir='ltr'>τὰ</span> <span class='ocrx_word' id='word_1_618' title='bbox 296 2943 397 2980; x_wconf 75' lang='grc' dir='ltr'>αὐτοῦ</span> <span class='ocrx_word' id='word_1_619' title='bbox 416 2944 581 2988; x_wconf 72' lang='grc' dir='ltr'>πωλῆσαι</span> <span class='ocrx_word' id='word_1_620' title='bbox 609 2944 668 2982; x_wconf 73' lang='grc' dir='ltr'>καὶ</span> <span class='ocrx_word' id='word_1_621' title='bbox 689 2946 885 2993; x_wconf 81' lang='grc' dir='ltr'>διαδοῦναι,</span> <span class='ocrx_word' id='word_1_622' title='bbox 908 2942 983 2986; x_wconf 62' lang='grc' dir='ltr'>εἶτα</span> <span class='ocrx_word' id='word_1_623' title='bbox 1010 2951 1077 2987; x_wconf 81' lang='grc' dir='ltr'>λα·-</span> 
     </span>
     <span class='ocr_line' id='line_1_80' title="bbox 53 3001 1073 3056; baseline 0.008 -17"><span class='ocrx_word' id='word_1_624' title='bbox 53 3001 137 3049; x_wconf 54' lang='lat' dir='ltr'>&amp;dm</span> <span class='ocrx_word' id='word_1_625' title='bbox 156 3001 327 3053; x_wconf 79' lang='grc' dir='ltr'>ἱερόσυλος</span> <span class='ocrx_word' id='word_1_626' title='bbox 346 3003 386 3040; x_wconf 83' lang='grc' dir='ltr'>ἂν</span> <span class='ocrx_word' id='word_1_627' title='bbox 406 3003 471 3050; x_wconf 83' lang='grc' dir='ltr'>εἴη.</span> <span class='ocrx_word' id='word_1_628' title='bbox 492 3005 537 3041; x_wconf 66' lang='lat' dir='ltr'><em>Ei</em></span> <span class='ocrx_word' id='word_1_629' title='bbox 557 3003 592 3041; x_wconf 80' lang='grc' dir='ltr'>δὲ</span> <span class='ocrx_word' id='word_1_630' title='bbox 614 3007 631 3042; x_wconf 88' lang='grc' dir='ltr'>ὁ</span> <span class='ocrx_word' id='word_1_631' title='bbox 659 3006 698 3042; x_wconf 81' lang='grc' dir='ltr'>ἐκ</span> <span class='ocrx_word' id='word_1_632' title='bbox 717 3009 785 3044; x_wconf 81' lang='grc' dir='ltr'>τῶν</span> <span class='ocrx_word' id='word_1_633' title='bbox 806 3009 908 3046; x_wconf 85' lang='grc' dir='ltr'>αὐτοῦ</span> <span class='ocrx_word' id='word_1_634' title='bbox 935 3008 1073 3056; x_wconf 70' lang='grc' dir='ltr'>λαὸὼν,</span> 
     </span>
     <span class='ocr_line' id='line_1_81' title="bbox 53 3062 1072 3122; baseline 0.008 -22"><span class='ocrx_word' id='word_1_635' title='bbox 53 3062 246 3114; x_wconf 81' lang='grc' dir='ltr'>ἱερόσυλος,</span> <span class='ocrx_word' id='word_1_636' title='bbox 265 3064 384 3116; x_wconf 76' lang='grc' dir='ltr'>πολλῷ</span> <span class='ocrx_word' id='word_1_637' title='bbox 417 3066 548 3115; x_wconf 80' lang='grc' dir='ltr'>μᾶλλον</span> <span class='ocrx_word' id='word_1_638' title='bbox 567 3067 584 3103; x_wconf 84' lang='grc' dir='ltr'>ὁ</span> <span class='ocrx_word' id='word_1_639' title='bbox 603 3066 644 3103; x_wconf 78' lang='grc' dir='ltr'>ἐκ</span> <span class='ocrx_word' id='word_1_640' title='bbox 677 3069 745 3104; x_wconf 81' lang='grc' dir='ltr'>τῶν</span> <span class='ocrx_word' id='word_1_641' title='bbox 773 3067 977 3122; x_wconf 86' lang='grc' dir='ltr'>ἀλλοτρίων.</span> <span class='ocrx_word' id='word_1_642' title='bbox 1010 3070 1072 3117; x_wconf 84' lang='grc' dir='ltr'>Μὴ</span> 
     </span>
    </p>
   </div>
   <div class='ocr_carea' id='block_1_15' title="bbox 1145 2399 2311 3124">
    <p class='ocr_par' dir='ltr' id='par_1_35' title="bbox 1145 2399 2137 2692">
     <span class='ocr_line' id='line_1_82' title="bbox 1146 2399 2137 2452; baseline 0.005 -15"><span class='ocrx_word' id='word_1_643' title='bbox 1146 2408 1222 2449; x_wconf 79' lang='lat' dir='ltr'><em>rat3</em></span> <span class='ocrx_word' id='word_1_644' title='bbox 1247 2399 1395 2451; x_wconf 87' lang='lat' dir='ltr'><em>ideoque</em></span> <span class='ocrx_word' id='word_1_645' title='bbox 1411 2401 1570 2452; x_wconf 89' lang='lat' dir='ltr'><em>punitur,</em></span> <span class='ocrx_word' id='word_1_646' title='bbox 1602 2409 1724 2452; x_wconf 89' lang='lat' dir='ltr'><em>utpote</em></span> <span class='ocrx_word' id='word_1_647' title='bbox 1753 2401 1815 2452; x_wconf 89' lang='lat' dir='ltr'>qui</span> <span class='ocrx_word' id='word_1_648' title='bbox 1844 2416 1919 2440; x_wconf 88' lang='lat' dir='ltr'>rem</span> <span class='ocrx_word' id='word_1_649' title='bbox 1946 2416 2016 2441; x_wconf 92' lang='lat' dir='ltr'><em>non</em></span> <span class='ocrx_word' id='word_1_650' title='bbox 2046 2404 2137 2442; x_wconf 88' lang='lat' dir='ltr'><em>bene</em></span> 
     </span>
     <span class='ocr_line' id='line_1_83' title="bbox 1147 2460 2135 2516; baseline 0.004 -19"><span class='ocrx_word' id='word_1_651' title='bbox 1147 2469 1296 2511; x_wconf 83' lang='lat' dir='ltr'><em>gereret,</em></span> <span class='ocrx_word' id='word_1_652' title='bbox 1321 2469 1355 2497; x_wconf 90' lang='lat' dir='ltr'>et</span> <span class='ocrx_word' id='word_1_653' title='bbox 1374 2474 1437 2498; x_wconf 84' lang='lat' dir='ltr'>sua</span> <span class='ocrx_word' id='word_1_654' title='bbox 1467 2460 1580 2498; x_wconf 85' lang='lat' dir='ltr'><em>furari</em></span> <span class='ocrx_word' id='word_1_655' title='bbox 1609 2460 1943 2512; x_wconf 86' lang='lat' dir='ltr'><em>deprehenderetur.</em></span> <span class='ocrx_word' id='word_1_656' title='bbox 1967 2463 2035 2501; x_wconf 88' lang='lat' dir='ltr'>Hic</span> <span class='ocrx_word' id='word_1_657' title='bbox 2056 2478 2135 2516; x_wconf 86' lang='lat' dir='ltr'><em>per-</em></span> 
     </span>
     <span class='ocr_line' id='line_1_84' title="bbox 1146 2520 2132 2571; baseline 0.005 -14"><span class='ocrx_word' id='word_1_658' title='bbox 1146 2520 1370 2571; x_wconf 84' lang='lat' dir='ltr'><em>stringuntur</em></span> <span class='ocrx_word' id='word_1_659' title='bbox 1402 2520 1611 2569; x_wconf 84' lang='lat' dir='ltr'><em>sacerdotes,</em></span> <span class='ocrx_word' id='word_1_660' title='bbox 1637 2530 1670 2558; x_wconf 87' lang='lat' dir='ltr'>et</span> <span class='ocrx_word' id='word_1_661' title='bbox 1709 2521 1855 2571; x_wconf 88' lang='lat' dir='ltr'><em>quidem</em></span> <span class='ocrx_word' id='word_1_662' title='bbox 1894 2523 2132 2562; x_wconf 87' lang='lat' dir='ltr'><em>vehementer.</em></span> 
     </span>
     <span class='ocr_line' id='line_1_85' title="bbox 1149 2580 2135 2633; baseline 0.004 -15"><span class='ocrx_word' id='word_1_663' title='bbox 1149 2580 1245 2628; x_wconf 86' lang='lat' dir='ltr'><em>Quia</em></span> <span class='ocrx_word' id='word_1_664' title='bbox 1257 2596 1341 2619; x_wconf 88' lang='lat' dir='ltr'><em>vero</em></span> <span class='ocrx_word' id='word_1_665' title='bbox 1362 2595 1455 2619; x_wconf 75' lang='lat' dir='ltr'><em>uxor</em></span> <span class='ocrx_word' id='word_1_666' title='bbox 1475 2582 1552 2633; x_wconf 85' lang='lat' dir='ltr'><em>ejus</em></span> <span class='ocrx_word' id='word_1_667' title='bbox 1566 2581 1615 2619; x_wconf 85' lang='lat' dir='ltr'>rei</span> <span class='ocrx_word' id='word_1_668' title='bbox 1633 2582 1771 2619; x_wconf 85' lang='lat' dir='ltr'><em>conscia</em></span> <span class='ocrx_word' id='word_1_669' title='bbox 1801 2592 1898 2633; x_wconf 75' lang='lat' dir='ltr'><em>erat3</em></span> <span class='ocrx_word' id='word_1_670' title='bbox 1924 2583 2003 2622; x_wconf 89' lang='lat' dir='ltr'><em>ideo</em></span> <span class='ocrx_word' id='word_1_671' title='bbox 2034 2584 2135 2623; x_wconf 86' lang='lat' dir='ltr'><em>illam</em></span> 
     </span>
     <span class='ocr_line' id='line_1_86' title="bbox 1145 2642 1495 2692; baseline 0.006 -15"><span class='ocrx_word' id='word_1_672' title='bbox 1145 2655 1284 2692; x_wconf 90' lang='lat' dir='ltr'><em>quoque</em></span> <span class='ocrx_word' id='word_1_673' title='bbox 1303 2642 1495 2680; x_wconf 79' lang='lat' dir='ltr'><em>examinat.</em></span> 
     </span>
    </p>

    <p class='ocr_par' dir='ltr' id='par_1_36' title="bbox 1146 2702 2311 3124">
     <span class='ocr_line' id='line_1_87' title="bbox 1198 2702 2135 2754; baseline 0.003 -14"><span class='ocrx_word' id='word_1_674' title='bbox 1198 2706 1237 2741; x_wconf 60' lang='grc' dir='ltr'>Ω.</span> <span class='ocrx_word' id='word_1_675' title='bbox 1263 2705 1311 2740; x_wconf 90' lang='lat' dir='ltr'>At</span> <span class='ocrx_word' id='word_1_676' title='bbox 1338 2703 1471 2740; x_wconf 73' lang='lat' dir='ltr'><em>dixerit</em></span> <span class='ocrx_word' id='word_1_677' title='bbox 1506 2703 1652 2741; x_wconf 90' lang='lat' dir='ltr'><em>fortasse</em></span> <span class='ocrx_word' id='word_1_678' title='bbox 1682 2702 1875 2754; x_wconf 87' lang='lat' dir='ltr'><em>quispiam,</em></span> <span class='ocrx_word' id='word_1_679' title='bbox 1910 2705 2135 2743; x_wconf 84' lang='lat' dir='ltr'><em>acerbissime</em></span> 
     </span>
     <span class='ocr_line' id='line_1_88' title="bbox 1147 2763 2133 2817; baseline 0.004 -17"><span class='ocrx_word' id='word_1_680' title='bbox 1147 2777 1229 2801; x_wconf 88' lang='lat' dir='ltr'>eum</span> <span class='ocrx_word' id='word_1_681' title='bbox 1262 2763 1325 2801; x_wconf 81' lang='lat' dir='ltr'><em>illa</em></span> <span class='ocrx_word' id='word_1_682' title='bbox 1352 2773 1472 2805; x_wconf 82' lang='lat' dir='ltr'><em>actum</em></span> <span class='ocrx_word' id='word_1_683' title='bbox 1501 2778 1588 2802; x_wconf 89' lang='lat' dir='ltr'><em>esse.</em></span> <span class='ocrx_word' id='word_1_684' title='bbox 1624 2763 1727 2811; x_wconf 87' lang='lat' dir='ltr'><em>Quid</em></span> <span class='ocrx_word' id='word_1_685' title='bbox 1758 2778 1875 2814; x_wconf 85' lang='lat' dir='ltr'><em>quaeso</em></span> <span class='ocrx_word' id='word_1_686' title='bbox 1903 2764 2020 2803; x_wconf 76' lang='lat' dir='ltr'><em>dicis?</em></span> <span class='ocrx_word' id='word_1_687' title='bbox 2055 2781 2133 2817; x_wconf 83' lang='lat' dir='ltr'><em>quae</em></span> 
     </span>
     <span class='ocr_line' id='line_1_89' title="bbox 1147 2824 2311 2876; baseline 0.003 -15"><span class='ocrx_word' id='word_1_688' title='bbox 1147 2824 1346 2862; x_wconf 72' lang='lat' dir='ltr'><em>acerbitas?</em></span> <span class='ocrx_word' id='word_1_689' title='bbox 1366 2824 1403 2862; x_wconf 89' lang='lat' dir='ltr'>Si</span> <span class='ocrx_word' id='word_1_690' title='bbox 1418 2824 1464 2874; x_wconf 91' lang='lat' dir='ltr'>is,</span> <span class='ocrx_word' id='word_1_691' title='bbox 1484 2824 1545 2875; x_wconf 91' lang='lat' dir='ltr'>qui</span> <span class='ocrx_word' id='word_1_692' title='bbox 1559 2824 1657 2876; x_wconf 81' lang='lat' dir='ltr'><em>ligna</em></span> <span class='ocrx_word' id='word_1_693' title='bbox 1672 2824 1815 2875; x_wconf 83' lang='lat' dir='ltr'><em>collegit</em></span> <span class='ocrx_word' id='word_1_694' title='bbox 1836 2825 1873 2862; x_wconf 93' lang='lat' dir='ltr'>in</span> <span class='ocrx_word' id='word_1_695' title='bbox 1893 2826 2053 2873; x_wconf 84' lang='lat' dir='ltr'><em>sabbato,</em></span> <span class='ocrx_word' id='word_1_696' title='bbox 2075 2827 2132 2864; x_wconf 84' lang='lat' dir='ltr'>la-</span> <span class='ocrx_word' id='word_1_697' title='bbox 2146 2836 2239 2865; x_wconf 76' lang='lat' dir='ltr'><em>Nam.</em></span> <span class='ocrx_word' id='word_1_698' title='bbox 2264 2835 2311 2865; x_wconf 76' lang='lat'>15.</span> 
     </span>
     <span class='ocr_line' id='line_1_90' title="bbox 1146 2876 2200 2939; baseline 0.004 -15"><span class='ocrx_word' id='word_1_699' title='bbox 1146 2886 1303 2939; x_wconf 88' lang='lat' dir='ltr'><em>pidatur,</em></span> <span class='ocrx_word' id='word_1_700' title='bbox 1339 2887 1451 2924; x_wconf 86' lang='lat' dir='ltr'><em>multo</em></span> <span class='ocrx_word' id='word_1_701' title='bbox 1482 2886 1595 2938; x_wconf 81' lang='lat' dir='ltr'><em>magis</em></span> <span class='ocrx_word' id='word_1_702' title='bbox 1618 2887 1679 2937; x_wconf 86' lang='lat' dir='ltr'>qui</span> <span class='ocrx_word' id='word_1_703' title='bbox 1703 2901 1801 2924; x_wconf 82' lang='lat' dir='ltr'><em>sacra</em></span> <span class='ocrx_word' id='word_1_704' title='bbox 1826 2886 1952 2939; x_wconf 84' lang='lat' dir='ltr'><em>diripit</em></span> <span class='ocrx_word' id='word_1_705' title='bbox 1972 2904 1980 2924; x_wconf 77' lang='grc' dir='ltr'><strong><em>ε</em></strong></span> <span class='ocrx_word' id='word_1_706' title='bbox 2003 2890 2134 2928; x_wconf 86' lang='lat' dir='ltr'><em>etenim</em></span> <span class='ocrx_word' id='word_1_707' title='bbox 2147 2876 2200 2906; x_wconf 75' lang='lat'>35⁰</span> 
     </span>
     <span class='ocr_line' id='line_1_91' title="bbox 1147 2947 2134 2999; baseline 0.004 -15"><span class='ocrx_word' id='word_1_708' title='bbox 1147 2947 1307 2999; x_wconf 85' lang='lat' dir='ltr'><em>pecuniae</em></span> <span class='ocrx_word' id='word_1_709' title='bbox 1338 2947 1410 2985; x_wconf 83' lang='lat' dir='ltr'>illae</span> <span class='ocrx_word' id='word_1_710' title='bbox 1425 2949 1502 2999; x_wconf 89' lang='lat' dir='ltr'>jam</span> <span class='ocrx_word' id='word_1_711' title='bbox 1528 2961 1634 2985; x_wconf 85' lang='lat' dir='ltr'><em>sacrae</em></span> <span class='ocrx_word' id='word_1_712' title='bbox 1654 2956 1763 2985; x_wconf 84' lang='lat' dir='ltr'><em>erant.</em></span> <span class='ocrx_word' id='word_1_713' title='bbox 1777 2948 1901 2997; x_wconf 87' lang='lat' dir='ltr'><em>Itaque</em></span> <span class='ocrx_word' id='word_1_714' title='bbox 1931 2949 1992 2999; x_wconf 88' lang='lat' dir='ltr'>qui</span> <span class='ocrx_word' id='word_1_715' title='bbox 2019 2950 2134 2988; x_wconf 84' lang='lat' dir='ltr'><em>voluit</em></span> 
     </span>
     <span class='ocr_line' id='line_1_92' title="bbox 1148 3007 2135 3061; baseline 0.003 -15"><span class='ocrx_word' id='word_1_716' title='bbox 1148 3022 1211 3046; x_wconf 81' lang='lat' dir='ltr'>sua</span> <span class='ocrx_word' id='word_1_717' title='bbox 1229 3007 1382 3046; x_wconf 88' lang='lat' dir='ltr'><em>vendere</em></span> <span class='ocrx_word' id='word_1_718' title='bbox 1401 3017 1435 3045; x_wconf 90' lang='lat' dir='ltr'>et</span> <span class='ocrx_word' id='word_1_719' title='bbox 1451 3008 1551 3057; x_wconf 84' lang='lat' dir='ltr'><em>dare,</em></span> <span class='ocrx_word' id='word_1_720' title='bbox 1575 3007 1771 3058; x_wconf 89' lang='lat' dir='ltr'><em>deindeque</em></span> <span class='ocrx_word' id='word_1_721' title='bbox 1798 3008 1967 3061; x_wconf 83' lang='lat' dir='ltr'><em>subripit,</em></span> <span class='ocrx_word' id='word_1_722' title='bbox 1990 3011 2135 3049; x_wconf 79' lang='lat' dir='ltr'><em>sacrile-</em></span> 
     </span>
     <span class='ocr_line' id='line_1_93' title="bbox 1148 3068 2133 3124; baseline 0.005 -20"><span class='ocrx_word' id='word_1_723' title='bbox 1148 3081 1214 3119; x_wconf 78' lang='lat' dir='ltr'>gus</span> <span class='ocrx_word' id='word_1_724' title='bbox 1232 3076 1324 3107; x_wconf 88' lang='lat' dir='ltr'><em>certe</em></span> <span class='ocrx_word' id='word_1_725' title='bbox 1341 3068 1462 3106; x_wconf 87' lang='lat' dir='ltr'><em>fuerit.</em></span> <span class='ocrx_word' id='word_1_726' title='bbox 1484 3069 1523 3106; x_wconf 88' lang='lat' dir='ltr'>Si</span> <span class='ocrx_word' id='word_1_727' title='bbox 1543 3068 1685 3115; x_wconf 78' lang='lat' dir='ltr'><em>vernis,</em></span> <span class='ocrx_word' id='word_1_728' title='bbox 1714 3068 1776 3118; x_wconf 89' lang='lat' dir='ltr'>qui</span> <span class='ocrx_word' id='word_1_729' title='bbox 1803 3082 1848 3106; x_wconf 81' lang='lat' dir='ltr'><em>ex</em></span> <span class='ocrx_word' id='word_1_730' title='bbox 1874 3069 1948 3107; x_wconf 86' lang='lat' dir='ltr'><em>suis</em></span> <span class='ocrx_word' id='word_1_731' title='bbox 1965 3071 2133 3124; x_wconf 89' lang='lat' dir='ltr'><em>subripit,</em></span> 
     </span>
    </p>
   </div>
   <div class='ocr_carea' id='block_1_16' title="bbox 53 3122 2136 3182">
    <p class='ocr_par' dir='ltr' id='par_1_37' title="bbox 53 3122 2136 3182">
     <span class='ocr_line' id='line_1_94' title="bbox 53 3122 2136 3182; baseline 0.005 -22"><span class='ocrx_word' id='word_1_732' title='bbox 53 3122 139 3175; x_wconf 82' lang='grc' dir='ltr'>γὰρ,</span> <span class='ocrx_word' id='word_1_733' title='bbox 159 3122 276 3169; x_wconf 83' lang='grc' dir='ltr'>ἐπειδὴ</span> <span class='ocrx_word' id='word_1_734' title='bbox 299 3127 355 3162; x_wconf 84' lang='grc' dir='ltr'>νῦν</span> <span class='ocrx_word' id='word_1_735' title='bbox 376 3123 423 3174; x_wconf 85' lang='grc' dir='ltr'>μὴ</span> <span class='ocrx_word' id='word_1_736' title='bbox 438 3124 570 3176; x_wconf 89' lang='grc' dir='ltr'>γίνεται</span> <span class='ocrx_word' id='word_1_737' title='bbox 586 3129 707 3173; x_wconf 87' lang='grc' dir='ltr'>τοῦτο,</span> <span class='ocrx_word' id='word_1_738' title='bbox 735 3128 795 3165; x_wconf 82' lang='grc' dir='ltr'>καὶ</span> <span class='ocrx_word' id='word_1_739' title='bbox 827 3129 947 3167; x_wconf 83' lang='grc' dir='ltr'>ἕπεται</span> <span class='ocrx_word' id='word_1_740' title='bbox 976 3131 1072 3182; x_wconf 86' lang='grc' dir='ltr'>παρὰ</span> <span class='ocrx_word' id='word_1_741' title='bbox 1099 3131 1121 3160; x_wconf 84' lang='grc' dir='ltr'><strong>Β</strong></span> <span class='ocrx_word' id='word_1_742' title='bbox 1148 3129 1342 3181; x_wconf 84' lang='lat' dir='ltr'><em>sacrilegus</em></span> <span class='ocrx_word' id='word_1_743' title='bbox 1361 3139 1424 3179; x_wconf 89' lang='lat' dir='ltr'><em>est,</em></span> <span class='ocrx_word' id='word_1_744' title='bbox 1440 3129 1555 3167; x_wconf 86' lang='lat' dir='ltr'><em>multo</em></span> <span class='ocrx_word' id='word_1_745' title='bbox 1571 3129 1685 3180; x_wconf 85' lang='lat' dir='ltr'><em>magis</em></span> <span class='ocrx_word' id='word_1_746' title='bbox 1703 3128 1745 3177; x_wconf 91' lang='lat' dir='ltr'>is,</span> <span class='ocrx_word' id='word_1_747' title='bbox 1762 3129 1826 3179; x_wconf 88' lang='lat' dir='ltr'>qui</span> <span class='ocrx_word' id='word_1_748' title='bbox 1857 3143 1901 3167; x_wconf 86' lang='lat' dir='ltr'><em>ex</em></span> <span class='ocrx_word' id='word_1_749' title='bbox 1924 3130 2060 3170; x_wconf 83' lang='lat' dir='ltr'><em>alienis.</em></span> <span class='ocrx_word' id='word_1_750' title='bbox 2082 3134 2136 3171; x_wconf 93' lang='lat' dir='ltr'><em>Ne</em></span> 
     </span>
    </p>
   </div>
   <div class='ocr_carea' id='block_1_17' title="bbox 54 3183 1069 3242">
    <p class='ocr_par' dir='ltr' id='par_1_38' title="bbox 54 3183 1069 3242">
     <span class='ocr_line' id='line_1_95' title="bbox 54 3183 1069 3242; baseline 0.008 -22"><span class='ocrx_word' id='word_1_751' title='bbox 54 3183 192 3229; x_wconf 83' lang='grc' dir='ltr'>πόδαςὴ</span> <span class='ocrx_word' id='word_1_752' title='bbox 210 3183 366 3231; x_wconf 85' lang='grc' dir='ltr'>κόλασις,</span> <span class='ocrx_word' id='word_1_753' title='bbox 383 3184 549 3235; x_wconf 85' lang='grc' dir='ltr'>νομίσητε</span> <span class='ocrx_word' id='word_1_754' title='bbox 567 3188 764 3240; x_wconf 83' lang='grc' dir='ltr'>ἀτιμωρητὶ</span> <span class='ocrx_word' id='word_1_755' title='bbox 780 3193 889 3228; x_wconf 87' lang='grc' dir='ltr'>ταῦτα</span> <span class='ocrx_word' id='word_1_756' title='bbox 904 3190 1069 3242; x_wconf 87' lang='grc' dir='ltr'>γίνεσθαι.</span> 
     </span>
    </p>
   </div>
   <div class='ocr_carea' id='block_1_18' title="bbox 57 3297 1059 3440">
    <p class='ocr_par' dir='ltr' id='par_1_39' title="bbox 57 3297 1059 3440">
     <span class='ocr_line' id='line_1_96' title="bbox 100 3297 1059 3341; baseline 0.01 -13"><span class='ocrx_word' id='word_1_757' title='bbox 100 3298 116 3320; x_wconf 79' lang='lat' dir='ltr'><em>b</em></span> <span class='ocrx_word' id='word_1_758' title='bbox 133 3297 282 3337; x_wconf 71' lang='grc' dir='ltr'>[ἅπαντες</span> <span class='ocrx_word' id='word_1_759' title='bbox 296 3298 422 3330; x_wconf 81' lang='lat' dir='ltr'><em>omittit</em></span> <span class='ocrx_word' id='word_1_760' title='bbox 434 3300 489 3341; x_wconf 90' lang='lat' dir='ltr'>D.,</span> <span class='ocrx_word' id='word_1_761' title='bbox 497 3307 530 3332; x_wconf 88' lang='lat' dir='ltr'>et</span> <span class='ocrx_word' id='word_1_762' title='bbox 540 3300 814 3336; x_wconf 81' lang='lat' dir='ltr'><em>inclusitComm.</em></span> <span class='ocrx_word' id='word_1_763' title='bbox 825 3304 902 3337; x_wconf 80' lang='lat' dir='ltr'><em>Mox</em></span> <span class='ocrx_word' id='word_1_764' title='bbox 916 3305 953 3337; x_wconf 81' lang='lat' dir='ltr'>A.</span> <span class='ocrx_word' id='word_1_765' title='bbox 970 3306 1007 3337; x_wconf 90' lang='lat' dir='ltr'>B.</span> <span class='ocrx_word' id='word_1_766' title='bbox 1021 3306 1059 3339; x_wconf 88' lang='lat' dir='ltr'>C.</span> 
     </span>
     <span class='ocr_line' id='line_1_97' title="bbox 57 3348 346 3391; baseline -0.003 -11"><span class='ocrx_word' id='word_1_767' title='bbox 57 3351 124 3380; x_wconf 71' lang='grc' dir='ltr'>οὶλλἸ</span> <span class='ocrx_word' id='word_1_768' title='bbox 142 3352 199 3391; x_wconf 70' lang='grc' dir='ltr'>ὅρα</span> <span class='ocrx_word' id='word_1_769' title='bbox 215 3348 346 3389; x_wconf 87' lang='grc' dir='ltr'>πῶς...]</span> 
     </span>
     <span class='ocr_line' id='line_1_98' title="bbox 99 3397 482 3440; baseline 0.01 -11"><span class='ocrx_word' id='word_1_770' title='bbox 99 3410 110 3421; x_wconf 89' lang='grc'>·“</span> <span class='ocrx_word' id='word_1_771' title='bbox 131 3397 190 3431; x_wconf 74' lang='lat' dir='ltr'><em>Alii</em></span> <span class='ocrx_word' id='word_1_772' title='bbox 204 3403 247 3433; x_wconf 75' lang='grc' dir='ltr'>ὅτι</span> <span class='ocrx_word' id='word_1_773' title='bbox 264 3403 318 3440; x_wconf 80' lang='grc' dir='ltr'>μὲν</span> <span class='ocrx_word' id='word_1_774' title='bbox 335 3401 382 3434; x_wconf 74' lang='grc' dir='ltr'>οὖν</span> <span class='ocrx_word' id='word_1_775' title='bbox 398 3403 482 3438; x_wconf 76' lang='grc' dir='ltr'>ἦσαν.</span> 
     </span>
    </p>
   </div>
   <div class='ocr_carea' id='block_1_19' title="bbox 1148 3190 2135 3244">
    <p class='ocr_par' dir='ltr' id='par_1_40' title="bbox 1148 3190 2135 3244">
     <span class='ocr_line' id='line_1_99' title="bbox 1148 3190 2135 3244; baseline 0.003 -15"><span class='ocrx_word' id='word_1_776' title='bbox 1148 3191 1280 3244; x_wconf 85' lang='lat' dir='ltr'><em>putetis</em></span> <span class='ocrx_word' id='word_1_777' title='bbox 1297 3191 1406 3242; x_wconf 90' lang='lat' dir='ltr'><em>enim,</em></span> <span class='ocrx_word' id='word_1_778' title='bbox 1425 3191 1508 3242; x_wconf 86' lang='lat' dir='ltr'><em>quia</em></span> <span class='ocrx_word' id='word_1_779' title='bbox 1523 3192 1600 3243; x_wconf 86' lang='lat' dir='ltr'>jam</span> <span class='ocrx_word' id='word_1_780' title='bbox 1618 3204 1690 3228; x_wconf 93' lang='lat' dir='ltr'><em>non</em></span> <span class='ocrx_word' id='word_1_781' title='bbox 1710 3190 1758 3228; x_wconf 87' lang='lat' dir='ltr'>ita</span> <span class='ocrx_word' id='word_1_782' title='bbox 1775 3190 1831 3240; x_wconf 86' lang='lat' dir='ltr'>fit,</span> <span class='ocrx_word' id='word_1_783' title='bbox 1852 3205 1916 3230; x_wconf 86' lang='lat' dir='ltr'><em>nec</em></span> <span class='ocrx_word' id='word_1_784' title='bbox 1931 3193 2052 3231; x_wconf 86' lang='lat' dir='ltr'><em>statim</em></span> <span class='ocrx_word' id='word_1_785' title='bbox 2077 3208 2135 3232; x_wconf 85' lang='lat' dir='ltr'>se-</span> 
     </span>
    </p>
   </div>
   <div class='ocr_carea' id='block_1_20' title="bbox 1130 3305 2135 3401">
    <p class='ocr_par' dir='ltr' id='par_1_41' title="bbox 1130 3305 2135 3401">
     <span class='ocr_line' id='line_1_100' title="bbox 1172 3305 2135 3345; baseline 0.007 -9"><span class='ocrx_word' id='word_1_786' title='bbox 1172 3305 1186 3324; x_wconf 72' lang='lat' dir='ltr'><em>d</em></span> <span class='ocrx_word' id='word_1_787' title='bbox 1202 3305 1296 3337; x_wconf 88' lang='lat' dir='ltr'><em>Unus</em></span> <span class='ocrx_word' id='word_1_788' title='bbox 1312 3305 1396 3337; x_wconf 81' lang='lat' dir='ltr'><em>Cod.</em></span> <span class='ocrx_word' id='word_1_789' title='bbox 1416 3310 1464 3338; x_wconf 80' lang='grc' dir='ltr'>καὶ</span> <span class='ocrx_word' id='word_1_790' title='bbox 1482 3307 1517 3338; x_wconf 76' lang='grc' dir='ltr'>δι’</span> <span class='ocrx_word' id='word_1_791' title='bbox 1531 3308 1600 3338; x_wconf 79' lang='grc' dir='ltr'>ὅλου</span> <span class='ocrx_word' id='word_1_792' title='bbox 1617 3305 1708 3341; x_wconf 71' lang='grc' dir='ltr'>οὕτως</span> <span class='ocrx_word' id='word_1_793' title='bbox 1729 3306 1783 3337; x_wconf 72' lang='grc' dir='ltr'>ἴδοι</span> <span class='ocrx_word' id='word_1_794' title='bbox 1806 3319 1848 3342; x_wconf 82' lang='grc' dir='ltr'>τις</span> <span class='ocrx_word' id='word_1_795' title='bbox 1870 3309 1916 3345; x_wconf 72' lang='grc' dir='ltr'>ἂν,</span> <span class='ocrx_word' id='word_1_796' title='bbox 1933 3310 1983 3340; x_wconf 77' lang='grc' dir='ltr'>καὶ</span> <span class='ocrx_word' id='word_1_797' title='bbox 2006 3311 2054 3341; x_wconf 81' lang='grc' dir='ltr'>ἐπὶ</span> <span class='ocrx_word' id='word_1_798' title='bbox 2075 3319 2135 3342; x_wconf 80' lang='grc' dir='ltr'>τῶν</span> 
     </span>
     <span class='ocr_line' id='line_1_101' title="bbox 1130 3354 2070 3401; baseline 0.001 -11"><span class='ocrx_word' id='word_1_799' title='bbox 1130 3361 1265 3391; x_wconf 77' lang='grc' dir='ltr'>παλαιῶν</span> <span class='ocrx_word' id='word_1_800' title='bbox 1282 3359 1373 3394; x_wconf 72' lang='grc' dir='ltr'>οὕτως</span> <span class='ocrx_word' id='word_1_801' title='bbox 1395 3360 1449 3391; x_wconf 78' lang='grc' dir='ltr'>ἴδοι</span> <span class='ocrx_word' id='word_1_802' title='bbox 1474 3371 1516 3395; x_wconf 77' lang='grc' dir='ltr'>τις</span> <span class='ocrx_word' id='word_1_803' title='bbox 1533 3362 1578 3389; x_wconf 70' lang='grc' dir='ltr'>ἄν.</span> <span class='ocrx_word' id='word_1_804' title='bbox 1599 3355 1665 3397; x_wconf 81' lang='lat' dir='ltr'><em>[Ita</em></span> <span class='ocrx_word' id='word_1_805' title='bbox 1682 3356 1717 3387; x_wconf 85' lang='lat' dir='ltr'>B.</span> <span class='ocrx_word' id='word_1_806' title='bbox 1739 3362 1771 3387; x_wconf 83' lang='lat' dir='ltr'>ct</span> <span class='ocrx_word' id='word_1_807' title='bbox 1794 3354 1943 3390; x_wconf 78' lang='lat' dir='ltr'><em>similiter</em></span> <span class='ocrx_word' id='word_1_808' title='bbox 1960 3358 1994 3390; x_wconf 87' lang='lat' dir='ltr'>A.</span> <span class='ocrx_word' id='word_1_809' title='bbox 2015 3358 2070 3401; x_wconf 91' lang='lat' dir='ltr'>C.]</span> 
     </span>
    </p>
   </div>
  </div>
 </body>
</html>
