2502 3810
797 282 839 313 IN
877 283 1018 312 EPIST.

129 364 219 411 ὑμᾶς
240 364 334 409 ἰδεῖν,
360 361 415 399 ἵνα
448 362 698 413 παρακαλέσω,
720 364 850 413 μᾶλλον
865 362 900 401 δὲ
919 364 984 415 οὐχ
1003 363 1060 401 ἵνα
1079 380 1146 401 πα-

130 422 310 472 ρακαλέσω
330 421 445 473 μόνον,
466 424 542 460 ἀλλ’
564 422 619 460 ἵνα
650 423 707 460 καὶ
728 423 828 466 αὐτὸς
854 423 1075 474 παράκλησιν
1095 424 1148 462 δέ·

129 482 251 533 ξωμαι.

179 542 276 594 “Opot
308 543 428 595 σοφίαν
455 543 674 582 διδασκάλου.
709 538 833 592 Εἶπεν,
855 545 918 587 Εἷς
947 545 987 583 τὸ
1020 560 1144 596 στηρι-

129 605 255 654 χθῆναι
286 607 375 654 ὑμᾶς
392 619 399 627 ·
420 598 489 642 οἰδε
522 604 608 656 βαρὺ
643 604 701 642 καὶ
721 604 880 655 φορτικὸν
900 604 938 642 τὸ
965 604 1145 656 εἰρημένον

129 669 197 706 τοῖς
223 667 394 714 μαθηταῖς
418 664 475 711 ὃν,
498 665 557 702 καὶ
585 665 694 716 λέγει,
714 666 776 707 Εἰς
808 664 846 702 τὸ
877 667 1145 716 παρακληθῆναι

129 727 230 773 ὑμᾶς.
248 723 357 763 Ἀλλὰ
376 725 434 764 καὶ
457 731 557 764 τοῦτο
577 725 664 777 βαρὺ
691 725 808 773 πάλιν,
830 729 895 777 οὐχ
912 725 1002 763 οὕτω
1022 725 1084 775 μὲν
1099 728 1146 769 ὡς

128 786 166 823 τὸ
186 784 368 838 πρότερον,
390 785 477 839 βαρὺ
497 786 531 824 δὲ
551 786 656 837 ὅμως.
676 785 931 836 Ὑποτέμνεται
953 785 1063 823 τοίνυν
1086 786 1145 823 καὶ

127 844 245 883 τούτου
276 845 380 882 πάλιν
407 845 446 883 τὸ
476 844 648 896 φορτικὸν,
680 844 824 882 λεαίνων
851 844 1144 905 πανταχόθενῌτὸν

126 904 239 954 λόγον,
257 904 315 942 καὶ
334 906 442 942 ποιῶν
466 904 730 955 εὐπαράδεκτον.
753 905 806 942 Οὐ
826 902 894 955 γὰρ
913 904 1031 947 ἁπλῶς
1052 908 1143 949 εἰπε,

126 966 415 1015 παρακληθῆναι,
447 964 556 1011 ἀλλὰ,
583 965 946 1014 Συμπαρακληθῆναι,
980 963 1039 1000 καὶ
1068 964 1144 1001 οὐδὲ

125 1023 234 1073 τούτῳ
253 1023 425 1074 ἠρκέσθη,
449 1023 537 1061 ἀλλὰ
552 1023 610 1059 καὶ
633 1021 751 1072 ἑτέραν
775 1020 905 1070 εἰσάγει
924 1020 1068 1058 πλείονα
1088 1024 1142 1058 Οε-

126 1082 286 1132 ραπείαν,
311 1083 435 1120 εἰπών·
454 1082 522 1119 Διὰ
536 1084 599 1126 τῆς
618 1083 652 1118 ἐν
673 1081 837 1126 ἀλλήλοις
857 1080 1027 1128 πίστεως,
1045 1083 1142 1130 ὑμῶν

120 1158 156 1179 τε
171 1142 228 1179 καὶ
248 1143 344 1191 ἐμοῦ.
365 1142 480 1179 Buteo&
494 1171 503 1188 ‚
524 1141 640 1188 11πόση
655 1145 677 1188 ἡ
698 1140 1011 1194 ταπεινοφροσύνη·
1034 1140 1139 1185 ἔδειξε

118 1201 176 1238 καὶ
195 1201 315 1239 ἑαυτὸν
343 1201 483 1239 ἐκείνων
504 1200 676 1250 δεόμενον,
689 1204 755 1253 ,οὐκ
775 1200 922 1245 ἐκείνους
937 1200 1058 1239 τούτου
1078 1201 1138 1251 μό-

116 1274 188 1296 νον·
206 1259 357 1302 καὶτοὺς
377 1258 534 1309 μαθητὰς
553 1261 587 1296 ἐν
607 1258 702 1303 τάξει
720 1259 937 1297 διδασκάλων
960 1259 1133 1306 ἐκάθισεν,

117 1319 279 1369 οὐδεμίαν
292 1319 465 1373 ὑπεροχὴν
492 1320 589 1372 ἀφεὶς
607 1326 722 1371 μεῖναι
737 1323 819 1372 παρ’
837 1322 944 1372 αὐτῷ,
956 1320 1045 1358 ἀλλὰ
1055 1322 1138 1358 πολ-

116 1380 179 1426 λὴν
203 1379 265 1427 τὴν
283 1380 456 1431 ἰσοτιμίαν
477 1380 743 1431 ἐπιδειξάμενος.
771 1381 896 1419 Κοινὸν
916 1382 982 1433 γάρ
1004 1383 1078 1419 ἐστι
1097 1382 1136 1420 τὸ

117 1441 251 1493 κέρδος,
268 1441 371 1492 φησὶ,
386 1441 445 1479 καὶ
465 1442 533 1492 ἐγὼ
562 1444 625 1487 τῆς
652 1444 735 1493 παρ’
762 1445 858 1493 ὑμῶν
876 1442 997 1493 δέομαι
1013 1458 1135 1495 παρα-

116 1502 288 1548 κλήσεως,
307 1502 365 1539 καὶ
382 1505 478 1552 ὑμεῖς
492 1505 554 1548 τῆς
566 1504 648 1554 παρ’
667 1504 762 1553 ἐμοῦ.
778 1502 848 1542 Καὶ
865 1505 939 1546 πῶς
960 1507 1060 1541 τοῦτο
1074 1503 1133 1555 γί-

114 1577 230 1608 νεται,
259 1562 326 1599 Διὰ
355 1565 417 1608 τῆς
450 1564 485 1599 ἐν
520 1563 682 1608 ἀλλήλοις
703 1563 872 1611 πίστεως,
892 1566 988 1614 ὑμῶν
1009 1579 1045 1601 τε
1075 1564 1133 1602 καὶ

114 1624 211 1672 ἐμοῦ.
235 1622 402 1674 Καθάπερ
420 1622 487 1675 γὰρ
507 1623 564 1660 ἐπὶ
574 1623 680 1676 πυρὸς
695 1623 734 1660 ἂν
748 1623 877 1667 πολλάς
888 1639 939 1667 τις
954 1624 1131 1676 συναγάγῃ

114 1683 322 1734 λαμπάδας,
341 1683 507 1735 λαμπρὰν
541 1683 686 1722 ἀνάπτει
716 1684 779 1731 τὴν
799 1684 925 1736 φλόγα·
949 1684 1038 1723 οὕτω
1074 1685 1134 1724 καὶ

115 1744 171 1782 ἐπὶ
206 1747 273 1781 τῶν
306 1747 438 1782 πιστῶν
464 1743 617 1795 γίνεσθαι
649 1744 812 1796 πέφυκεν.
832 1743 946 1783 ϋΟταν
973 1745 1034 1795 μὲν
1065 1745 1132 1797 γὰρ

114 1807 188 1842 καθ’
228 1803 366 1847 ἑαυτοὺς
391 1797 484 1855 ὦμεν
522 1804 796 1856 διεσπασμένοι,
831 1805 1035 1857 ἀθυμότεροί
1059 1805 1133 1850 πώς

112 1868 233 1916 ἐσμεν·
262 1865 343 1902 ὅταν
363 1865 399 1904 δὲ
427 1865 552 1909 ἰδόντες
578 1865 749 1911 ἀλλήλους
775 1871 847 1910 τοῖς
874 1866 1010 1910 οἰκείοις
1028 1884 1132 1921 περι-

112 1928 301 1975 πλακῶμεν
324 1926 463 1976 μέλεσι,
483 1926 614 1973 πολλὴν
641 1926 813 1978 δεχόμεθα
850 1927 913 1974 τὴν
941 1929 1131 1980 παράκλη-

112 2001 177 2023 σιν.
200 1986 261 2033 Μὴ
280 1987 346 2038 γάρ
367 2003 425 2037 μοι
445 1987 502 2025 τὸν
523 1987 680 2039 παρόντα
705 1987 825 2039 καιρὸν
845 1988 1029 2040 εἶξε-πάσης,
1053 1992 1130 2028 καθ’

110 2046 146 2083 ὃν
169 2049 211 2097 τῇ
235 2050 293 2084 τοῦ
313 2049 404 2086 Θεοῦ
423 2047 544 2098 χάριτι
560 2048 650 2086 κατὰ
668 2047 790 2099 κώμην
810 2048 869 2086 καὶ
888 2048 1000 2098 πόλιν,
1018 2049 1077 2087 καὶ
1096 2051 1129 2087 ἐν

112 2108 197 2158 αὐτῇ
220 2111 261 2158 τῇ
283 2107 402 2160 ἐρήμῳ
417 2107 529 2146 πολλὰ
544 2112 612 2146 τῶν
630 2108 862 2147 πιστευόντων
876 2108 920 2146 τὰ
943 2109 1105 2161 τάγματα
1118 2139 1128 2157 ,

111 2167 169 2205 καὶ
197 2174 295 2206 πᾶσα
329 2169 471 2207 ἀσέὸεια
499 2167 723 2216 ἐξελήλαται,
750 2170 827 2208 ἀλλ’
862 2169 1021 2216 ἐννόησον
1053 2171 1129 2208 κατ’

109 2231 236 2267 ἐκεῖνον
260 2229 316 2266 τὸν
335 2229 466 2281 καιρὸν,
500 2230 578 2267 ὅσον
603 2223 644 2275 ἦν
674 2230 799 2280 ἀγαθὸν
829 2230 889 2268 καὶ
923 2231 1128 2269 διδάσκαλον

109 2290 191 2326 ἰδεῖν
208 2289 285 2333 τοὺς
303 2289 480 2340 μαθητὰς,
502 2289 559 2328 καὶ
579 2290 645 2328 ὑπὸ
658 2292 813 2342 ἀδελφῶν
840 2290 1003 2343 ἀδελφοὺς
1021 2293 1129 2343 ὀφθῆ-

106 2365 163 2387 ναι
193 2349 227 2393 ἐξ
254 2351 362 2397 ἄλλης
388 2350 522 2393 πόλεως
540 2349 757 2394 ἐπελθόντας.
775 2349 854 2388 Ἵνα
877 2350 912 2389 δὲ
934 2352 993 2389 καὶ
1016 2350 1127 2403 σαφέ-

107 2426 224 2463 στερον
242 2411 282 2449 τὸ
311 2411 494 2462 λεγόμενον
511 2410 671 2458 ποιήσω,
700 2411 757 2449 ἐπὶ
790 2411 1043 2462 ὑποδείγματος
1069 2413 1126 2450 τὸν

106 2471 206 2522 λόγον
234 2472 252 2491 *
270 2472 467 2523 ἀγάγωμεν.
484 2473 530 2510 Εἰ
544 2471 610 2523 γὰρ
631 2471 786 2523 συμὸαίη
803 2472 886 2511 ποτὲ
906 2473 965 2511 καὶ
980 2472 1126 2524 γένοιτο,

108 2532 126 2569 ὃ
152 2531 200 2581 μὴ
226 2532 381 2582 γένοιτο,
414 2526 667 2583 ἀπενεχθέντας
693 2535 740 2576 εἰς
756 2532 819 2581 τὴν
840 2535 989 2586 Περσῶν
1021 2532 1125 2584 γῆνῆ

109 2593 252 2630 Σκυθῶν
277 2591 299 2638 ἢ
332 2592 515 2644 βαρὸάρων
551 2593 676 2645 ἑτέρων
694 2599 708 2615 ‘¹
725 2594 930 2646 διεσπάρθαι
955 2595 1047 2633 κατὰ
1068 2594 1126 2632 δύο

108 2652 167 2689 καὶ
192 2658 282 2704 τρεῖς
311 2655 344 2690 ἐν
379 2654 525 2696 ἐκείναις
551 2659 626 2696 ταῖς
658 2655 823 2702 πόλεσιν,
860 2648 935 2692 εἶτα
966 2655 1126 2708 ἐξαίφνης

108 2712 184 2750 τινὰ
199 2716 267 2751 τῶν
294 2715 445 2752 ἐντεῦθεν
468 2714 549 2751 ἰδεῖν
570 2714 774 2763 ἐπελθόντα,
808 2716 965 2762 ἐννόησον
985 2716 1068 2763 ὅσην
1086 2717 1125 2754 ἂν

107 2774 386 2826 ἐκαρπωσάμεθα
400 2774 463 2821 τὴν
483 2775 718 2828 παραμυθίαν.
747 2778 827 2828 Οὐχ
845 2779 946 2830 ὁρᾶτε
971 2777 1031 2815 καὶ
1049 2777 1127 2821 τοὺς

107 2837 140 2873 ἐν
168 2841 238 2878 τοῖς
270 2835 518 2888 δεσμωτηρίοις
546 2836 662 2884 ὄντας,
682 2836 713 2874 εἴ
739 2853 816 2875 τινα
833 2840 900 2875 τῶν
922 2838 1125 2885 ἐπιτηδείων

108 2895 222 2942 ἴδοιεν,
243 2896 489 2946 ἀνισταμένους
512 2897 570 2935 καὶ
587 2897 846 2950 ἐπτερωμένους
874 2899 941 2937 ὑπὸ
966 2902 1028 2945 τῆς
1045 2901 1127 2945 ἡδο-

107 2957 185 3004 νῆς,
200 2957 245 2994 Εἰ
264 2956 299 2994 δὲ
316 2957 540 3009 αἰχμαλωσίᾳ
565 2958 624 2995 καὶ
658 2958 886 3011 δεσμωτηρίῳ
905 2960 1125 3011 παραὸάλλω

107 3016 184 3058 τοὺς
202 3016 279 3054 τότε
292 3017 450 3068 καιροὺς,
471 3018 519 3068 μὴ
535 3019 736 3071 θαυμάσῃς·
755 3019 844 3057 πολὺ
864 3019 931 3071 γὰρ
953 3019 1123 3072 χαλεπώ-

107 3090 190 3126 τερα
205 3076 331 3114 τούτων
352 3077 503 3130 ἔπασχον
519 3080 642 3117 ἐκεῖνοι
656 3107 665 3125 ,
680 3079 926 3131 διεσπαρμένοι
944 3081 1004 3119 καὶ
1019 3083 1124 3119 ἐλαυ-

108 3136 264 3185 νόμενοι,
286 3137 344 3175 καὶ
362 3139 455 3190 λιμῷ
474 3139 532 3177 καὶΙ
551 3139 714 3191 πολέμοις
731 3143 898 3185 συζῶντες
908 3172 918 3189 ,
937 3141 996 3179 καὶ
1012 3145 1121 3188 καθη-

150 3295 161 3312 '‘
188 3294 319 3337 Aliquot
336 3297 411 3330 Mss.
432 3306 504 3336 πόση
522 3304 555 3339 ἢν
571 3306 599 3339 ἡ.

151 3349 164 3361 ‘
191 3348 408 3391 [ἀναγάγωμεν
425 3352 461 3382 A.
479 3359 511 3383 et
523 3363 625 3396 marg.
645 3352 746 3386 Savll.
764 3355 841 3386 MOX
858 3365 894 3386 CX
917 3354 953 3386 Α.
982 3358 1107 3398 συμέκὶη

107 3412 165 3440 pru
188 3403 281 3443 τυμέᾔ
298 3402 506 3443 recepimus]

1059 283 1117 312 AD
1152 283 1259 313 ROM.

1295 283 1448 313 HOMIL.
1489 282 1538 314 ss.

2106 273 2197 334 479

1218 363 1263 400 ab
1283 363 1336 413 iis,
1347 364 1407 414 qui
1424 378 1486 404 vos
1506 373 1586 403 sunt
1605 365 1825 417 persequuti:
1841 380 1905 405 vos
1916 379 1998 417 ergo
2006 365 2126 405 videre
2136 368 2196 405 de-

1219 424 1387 472 sideravi,
1400 434 1438 462 ut
1448 426 1656 475 consolarer,
1665 426 1736 465 imo
1747 427 1866 479 potius
1876 441 1943 464 non
1955 436 1992 464 ut
2001 427 2198 465 consolarer

1217 493 1366 534 tantum,
1380 485 1439 523 sed
1450 486 1555 523 etiam
1568 495 1605 523 ut
1617 487 1690 537 ipse
1701 486 1972 525 consolationem
1988 487 2194 539 acciperem.

1270 549 1308 583 4.
1332 546 1427 586 Vide
1446 547 1654 599 sapientiam
1679 546 1844 586 doctoris.
1868 547 1983 597 Dixit,
2003 548 2074 585 Ad
2099 562 2195 586 con-

1212 606 1428 657 firmandos
1463 621 1548 645 vos.
1572 609 1728 652 Noverat
1748 623 1855 660 grave
1873 618 1906 646 et
1933 623 2119 646 onerosum
2137 609 2195 646 di-

1216 666 1363 718 scipulis
1381 681 1454 705 esse
1468 667 1560 705 illud
1575 668 1671 719 quod
1688 669 1841 720 dixerat,
1853 678 1885 707 et
1901 669 2013 719 addit,
2030 670 2102 707 Ad
2112 683 2197 707 con-

1215 726 1422 764 solandum
1443 742 1529 768 vos.
1553 728 1623 766 Sed
1641 729 1733 767 illud
1749 744 1890 781 quoque
1909 731 2094 767 molestum
2111 739 2196 779 erat,

1216 798 1285 822 non
1312 786 1458 837 perinde
1481 797 1595 825 tamen
1616 797 1721 838 atque
1744 789 1837 827 illud
1856 791 1952 841 quod
1977 792 2076 843 prius
2095 792 2197 830 dixe·

1215 855 1282 883 rat.
1311 847 1545 898 Asperitatcm
1576 848 1694 899 itaque
1726 850 1882 902 mitigat,
1927 862 1967 889 ut
2000 867 2195 892 sermonem

1167 916 1192 945 E
1216 905 1342 943 reddat
1368 916 1563 958 acceptum.
1595 909 1674 946 Non
1707 910 1800 947 enim
1835 911 2045 963 simpliciter
2072 914 2194 961 dixit,

1216 968 1420 1017 Consolari;
1450 969 1525 1019 sed,
1549 971 1674 1008 Simul
1691 985 1760 1010 nos
1779 975 1974 1011 consolari
1996 991 2006 1010 :
2022 990 2135 1026 neque
2157 977 2193 1014 id

1214 1025 1267 1063 illi
1287 1028 1372 1065 satis
1391 1029 1472 1077 fuit,
1493 1028 1552 1066 sed
1571 1039 1605 1067 et
1624 1030 1724 1067 illam
1752 1032 2009 1083 mitigationem
2036 1035 2192 1085 addidit,
2226 1040 2229 1043 “

1212 1087 1332 1126 dicens
1349 1104 1357 1125 ε
1377 1091 1456 1127 Per
1474 1089 1647 1128 mutuam
1652 1093 1791 1144 fidem,
1807 1103 1977 1132 vestram
1996 1105 2031 1133 et
2052 1111 2190 1135 meam.

1211 1148 1329 1200 Papae,
1349 1159 1479 1200 quanta
1497 1151 1683 1189 humilitas
1700 1152 1709 1192 Ζ
1749 1154 1914 1206 Seipsum
1935 1155 1991 1193 his
2011 1170 2112 1208 egere
2136 1158 2192 1196 in-

1210 1211 1358 1262 dicavit,
1383 1227 1488 1263 seque
1510 1213 1583 1251 illis
1604 1214 1774 1266 indigere,
1794 1230 1858 1254 nec
1882 1218 1962 1255 illos
1982 1219 2097 1256 solum
2116 1220 2194 1271 ipso

1208 1286 1297 1324 opus
1315 1273 1459 1323 habere,
1497 1284 1602 1325 atque
1619 1275 1817 1328 discipulos
1846 1279 2097 1329 magistrorum
2116 1281 2193 1319 loco

1208 1333 1348 1381 habuit,
1369 1335 1504 1374 nullam
1522 1337 1591 1374 sihi
1609 1339 1879 1390 praerogativam
1899 1341 2113 1392 relinquens,
2132 1344 2192 1381 sed

1207 1396 1442 1446 aequalitatem
1473 1411 1639 1449 magnam
1671 1400 1867 1439 ostendens.
1902 1403 2108 1441 Communis
2141 1415 2193 1443 est

1147 1489 1194 1514 [141
1207 1458 1356 1507 utilitas,
1382 1458 1511 1510 inquit,
1532 1460 1767 1499 consolatione
1785 1475 1941 1513 egemus,
1962 1477 2026 1515 ego
2045 1474 2161 1503 vestra
2178 1497 2188 1515 ,

1159 1525 1186 1554 A
1206 1532 1269 1557 vos
1294 1533 1383 1556 mea.
1407 1519 1453 1557 Et
1472 1521 1653 1571 quomodo
1674 1522 1770 1560 hoc?
1787 1525 1990 1574 Perfidem
2004 1535 2190 1574 mutuam,

1206 1589 1378 1618 vestram
1389 1590 1425 1619 et
1436 1596 1574 1620 meam.
1588 1583 1900 1629 Quemadmodum
1917 1586 1946 1623 si
1965 1586 2044 1637 quis
2060 1588 2190 1626 multas

1206 1643 1312 1681 simul
1342 1644 1509 1682 accendat
1538 1646 1712 1697 lucernas,
1739 1648 1963 1700 splendidam
1990 1649 2062 1688 edit
2080 1652 2188 1689 flam-

1205 1720 1318 1744 mam:
1338 1707 1432 1746 sicet
1446 1708 1544 1760 apud
1565 1709 1688 1747 fideles
1709 1712 1848 1750 evenire
1863 1714 1962 1752 solet.
1985 1715 2073 1751 Cum
2094 1715 2188 1753 enim

1205 1768 1373 1821 disjuncti
1399 1779 1433 1808 et
1455 1771 1607 1824 dispersi
1635 1787 1756 1812 sumus
1770 1804 1779 1822 ,
1805 1776 1922 1813 animo
1942 1777 2061 1814 minus
2083 1778 2186 1816 vale—

1205 1846 1306 1870 mus:
1323 1833 1465 1883 quando
1485 1844 1602 1872 autem
1631 1850 1694 1874 nos
1722 1846 1846 1876 mutuo
1868 1839 2116 1891 conspicimus,
2153 1851 2186 1879 et

1203 1895 1303 1946 quasi
1330 1897 1499 1935 membris
1522 1912 1585 1936 nos
1611 1900 1895 1952 complectimur,
1920 1903 2070 1940 multam
2093 1905 2186 1942 acci-

1204 1957 1320 2009 pimus
1357 1958 1644 1997 consolationem.
1678 1962 1728 1998 Nc
1763 1962 1852 1999 mihi
1886 1973 2002 2000 autem
2032 1979 2185 2016 praesens

1202 2029 1341 2072 tempus
1373 2021 1427 2058 illi
1465 2023 1636 2073 conferas,
1675 2038 1746 2074 quo
1774 2039 1837 2077 per
1870 2027 1934 2064 Dei
1963 2028 2113 2078 gratiam
2147 2029 2183 2067 in

1201 2083 1315 2132 vicis,
1342 2084 1379 2122 in
1400 2085 1564 2134 urbibus,
1588 2086 1625 2123 in
1653 2086 1799 2139 ipsoque
1821 2088 1957 2128 deserto
1978 2091 2081 2128 multi
2102 2102 2184 2130 sunt

1201 2146 1419 2185 credentium
1456 2157 1565 2186 coetus
1580 2178 1591 2198 ,
1622 2150 1806 2201 omnisque
1837 2151 1919 2190 inde
1951 2154 2099 2205 expulsa
2131 2164 2184 2193 est

1201 2209 1364 2261 impietas
1383 2226 1391 2246 :
1413 2210 1475 2249 sed
1495 2211 1587 2249 illud
1606 2213 1722 2263 cogita
1744 2223 1897 2266 tempus,
1928 2231 2035 2266 quam
2057 2226 2182 2269 optan—

1199 2270 1286 2308 dum
1299 2280 1382 2309 tunc
1397 2282 1485 2310 esset
1502 2273 1672 2325 magistro
1690 2275 1812 2313 videre
1829 2276 2035 2329 discipulos,
2056 2289 2089 2317 et
2107 2281 2180 2319 sra-

1199 2340 1270 2370 tres
1302 2333 1372 2370 alia
1416 2348 1462 2372 ex
1487 2334 1576 2372 urbe
1615 2336 1841 2375 advenientes
1878 2339 2090 2392 conspicere.
2132 2344 2181 2381 Ut

1199 2404 1318 2433 autem
1333 2395 1383 2445 id,
1401 2396 1497 2446 quod
1512 2396 1603 2445 dico,
1621 2397 1751 2437 clarius
1765 2399 1904 2450 evadat,
1924 2403 2086 2455 exemplo
2104 2413 2181 2442 uta—

1198 2469 1291 2494 mur.
1321 2456 1360 2494 Si
1386 2456 1626 2508 contingeret,
1656 2458 1752 2508 quod
1776 2459 1882 2506 absit,
1908 2475 1970 2498 nos
1995 2464 2181 2502 translatos

1198 2518 1234 2554 in
1250 2526 1378 2555 terram
1392 2520 1581 2556 Persamm
1596 2528 1656 2556 aut
1670 2520 1887 2572 Scytharum
1898 2522 2182 2563 barbarorumve

1197 2578 1363 2625 aliorum,
1388 2577 1546 2631 dispergi
1571 2580 1673 2617 binos
1695 2581 1753 2618 vel
1780 2591 1898 2620 ternos
1928 2584 1963 2621 in
1986 2585 2057 2623 illis
2079 2586 2179 2624 urhi-

1195 2639 1283 2689 hus,
1315 2639 1511 2690 deindeque
1529 2640 1683 2690 aliquem
1709 2655 1754 2679 ex
1783 2642 1840 2680 his
1867 2644 1954 2682 locis
1981 2647 2178 2685 venientem

1195 2699 1384 2752 derepente
1402 2700 1520 2739 videre
1531 2731 1543 2751 ,
1567 2701 1682 2752 cogita
1700 2713 1831 2752 quanta
1849 2705 2067 2756 repleremur
2091 2722 2175 2746 con-

1196 2761 1376 2800 solatione.
1406 2764 1532 2799 Annon
1555 2762 1684 2800 videtis
1710 2778 1790 2810 eos,
1820 2766 1882 2816 qui
1911 2766 1947 2804 in
1978 2769 2177 2808 carceribus

1196 2831 1293 2871 sunt,
1315 2823 1344 2860 si
1364 2837 1468 2873 quem
1487 2823 1719 2861 familiarium
1738 2824 1893 2863 viderint
1906 2856 1917 2875 ,
1940 2841 2128 2880 exsurgere
2144 2840 2177 2868 et

1195 2899 1267 2936 prae
1286 2883 1416 2934 gaudio
1435 2884 1607 2922 exsilire?
1637 2884 1676 2923 Si
1696 2899 1800 2937 porro
1819 2887 2016 2939 captivitati
2040 2899 2073 2927 et
2094 2905 2176 2929 car-

1194 2944 1266 2983 ceri
1294 2945 1355 2982 illa
1383 2953 1542 2997 tempora
1568 2946 1767 2994 conferam,
1801 2961 1844 2984 ne
1871 2948 2035 2987 mireris:
2072 2950 2177 3003 longe

1194 3005 1288 3043 enim
1319 3005 1482 3057 graviora
1509 3006 1735 3057 patiebantur
1761 3007 1829 3057 illi,
1861 3008 2024 3061 dispersi,
2052 3012 2172 3062 pulsi,

1150 2851 1173 2881 C

1193 3074 1230 3111 in
1262 3073 1353 3111 fame
1380 3081 1413 3110 et
1446 3072 1548 3110 bellis
1575 3072 1758 3123 viventes,
1797 3075 2022 3125 quotidianas
2047 3087 2175 3117 mortes

1194 3141 1375 3190 timentes,
1395 3141 1526 3178 amicos
1539 3171 1548 3189 ‚
1574 3140 1785 3192 familiares,
1803 3152 1968 3194 cognatos
1993 3154 2174 3196 suspectos

1219 3314 1231 3327 a
1256 3303 1347 3335 Unus
1363 3303 1489 3345 [marg.
1504 3301 1604 3335 Savil.
1616 3310 1648 3334 et
1663 3302 1716 3346 A.]
1730 3306 1913 3338 διεσπάσθαι.
1933 3304 2020 3337 Alius
2037 3308 2175 3350 διεσπάρ-

1176 3360 1235 3389 θαι.
1254 3353 1344 3387 Editi
1359 3357 1560 3399 διεσπάρσθαι.
1575 3352 1675 3386 Paulo
1687 3362 1762 3397 post
1778 3367 1839 3398 pro
1851 3361 1982 3396 ἐννόησον
1998 3356 2054 3390 alii
2068 3365 2178 3397 ubi-rr,-

1176 3422 1235 3441 σου.
