2502 3810
683 257 695 284 Ι
703 256 726 283 N
765 254 878 284 ACTA
915 255 942 282 A
948 253 1194 284 POSTOLORU
1202 254 1235 283 M
1243 273 1251 281 .

69 354 144 377 ουσι
162 344 232 380 τοῖς
247 340 281 375 ἐν
304 343 373 379 τοῖς
398 337 589 388 προφήταις
615 336 866 387 γεγραμμένοις
895 334 997 383 (οὐδὲ
1016 335 1082 385 γὰρ

71 397 267 447 ἐπίστευον)
283 413 290 420 ·
307 397 383 435 ἀλλ’
400 391 495 440 οὗτος
510 403 615 435 πᾶσιν
631 397 805 434 ἐπίστευεν
817 426 827 442 ,
854 396 914 433 οὐκ
940 396 1083 433 ἐκεῖνοι·

70 461 143 500 πῶς
163 457 218 505 δὲ,
241 461 375 509 μακροῦ
403 459 441 495 ἂν
462 457 514 504 εἴη
536 457 637 504 λόγου
656 461 758 494 τανῦν
776 456 901 507 λέγειν.
920 458 1085 494 Τοσαῦτα

70 513 164 564 εἷπε,
185 519 244 556 καὶ
261 520 412 568 οὐδαμοῦ
436 523 494 557 τοῦ
526 520 677 569 Χριστοῦ
702 517 891 567 μέμνηται.
912 517 1086 554 Ἐνταῦθα

70 579 106 618 δὲ
122 578 300 617 Πιστεύων
315 579 434 627 εἰπὼν,
450 578 509 617 καὶ
525 579 568 617 τὰ
587 578 677 617 κατὰ
697 579 755 616 τὸν
774 577 924 628 Χριστὸν
946 576 1085 627 εἰσήγα-

70 655 127 691 γεν
140 667 149 684 ,
164 639 253 676 ἀλλὰ
269 639 352 682 τέως
371 642 421 691 τῷ
435 643 496 686 τῆς
514 639 732 682 ἀναστάσεως
756 636 964 688 ἐνδιατρίὸει
981 636 1085 688 λόγῳ,

71 701 90 738 ὃ
107 700 219 738 κοινὸν
241 695 283 747 ἦν
304 703 416 743 αὐτοῖς
448 699 580 751 δόγμα,
598 699 659 737 καὶ
690 700 805 745 πάσης
826 697 979 740 στάσεως
998 700 1086 735 ὓπο-

71 759 153 812 ψίαν
172 761 302 812 ἀνῄρει.
330 755 420 799 Εἶτα
442 761 500 798 καὶ
512 764 533 806 ἠ
551 759 645 798 αἰτία
663 763 724 805 τ’ἧς
753 758 886 796 ἀνόδου.
898 758 1084 806 «Ἐλεημο-

72 822 175 864 σύνας
187 850 196 867 ,
210 823 310 874 φασὶ,
324 822 382 859 καὶ
398 820 594 873 προσφορὰς
609 835 762 867 ποιησων
781 821 827 861 εἷς
839 818 878 855 τὸ
893 817 985 859 ἔθνος
1001 832 1086 867 μου,

72 898 161 934 παρε
148 882 325 932 γενόμην,
344 898 401 919 και
417 896 516 919 τουτο
542 881 584 917 δι’
615 881 699 917 ἐτων
717 877 896 916 πλειόνων.
930 878 1013 919 Πως
1047 875 1087 912 ἂν

74 947 132 980 οὐν
150 942 329 993 ετάραξεν,
349 945 396 984 οἱς
412 940 500 978 ὥστε
516 938 745 990 ἐλεημοσύνην
755 952 900 983 ποιησαι
915 937 1086 982 τοσαύτην

75 997 177 1048 ἠλΟεν
198 1003 294 1049 ὁοόν,
310 1004 361 1040 Οὐ
379 1001 467 1051 μετὰ
481 1000 604 1051 ὄχλου,
621 1014 742 1050 eptem,
764 997 840 1035 οὐδὲ
874 996 962 1045 μετὰ
990 996 1089 1047 θορύ-

75 1063 150 1100 &om
167 1064 353 1114 Πανταχοῦ
365 1061 426 1108 τὴν
436 1062 556 1099 στάσιν
569 1062 712 1110 ἀναιρεῖ.
724 1060 849 1100 Καλῶς
864 1055 898 1094 δὲ
912 1057 970 1094 καὶ
984 1071 1091 1107 προσ·

76 1125 233 1160 καλεῖται
259 1122 337 1166 τοὺς
355 1121 565 1172 κατηγόρους
584 1135 662 1161 τους
681 1118 750 1156 ἀπο
768 1116 856 1163 ι’της
877 1116 1013 1161 Ἀσίας,
1031 1116 1091 1154 λε’-

74 1197 162 1233 γων·
188 1182 260 1224 Οὒς
287 1184 337 1219 δεῖ
359 1181 415 1219 ἐπὶ
442 1186 502 1219 σοῦ
523 1184 745 1231 κατηγορεῖν,
772 1177 852 1216 εἴτι
879 1177 989 1229 ἔχοιεν
1008 1175 1093 1228 πρός

75 1259 130 1293 με.
151 1241 274 1285 Οὕτως
290 1243 426 1294 ἐθάρρει
441 1240 587 1294 καθαρὸς
604 1244 690 1278 εἶναι
709 1254 794 1290 προς
809 1239 830 1276 ἃ
850 1243 1093 1289 κατηγορεῖτο,

75 1320 128 1342 οτι
146 1304 205 1342 καὶ
223 1305 472 1356 προσκαλεῖται
491 1301 623 1344 αὐτούς.
644 1303 696 1339 Οὐ
717 1299 795 1342 τους
815 1299 883 1337 ἀπο
906 1302 968 1345 τῆς
981 1297 1096 1339 Ἀσιας

77 1363 112 1402 δὲ
133 1364 234 1414 μόνον
249 1394 259 1411 ,
278 1362 368 1401 ἀλλὰ
386 1362 445 1400 καὶ
463 1361 540 1405 τοὺς
556 1361 590 1405 ἐξ
605 1359 838 1414 Ἰερουσαλὴμ
857 1361 919 1398 οὒκ
935 1358 1096 1397 §affluet

76 1425 304 1476 κατηγόρους,
337 1422 426 1461 ἀλλὰ
445 1422 503 1460 καὶ
527 1421 666 1463 τούτους
690 1423 939 1472 προσκαλεῖται
970 1418 1095 1467 πάλιν,

76 1485 231 1535 ἐπάγων·
261 1482 312 1522 *H
344 1483 439 1521 αὐτοὶ
472 1476 563 1521 οῦτοι
607 1482 816 1520 εἰπάτωσαν.
848 1481 918 1519 Καὶ
941 1480 1008 1532 γὰρ
1039 1479 1096 1517 διὰ

77 1549 176 1582 τοῦτο
219 1545 252 1588 ἐξ
292 1547 402 1597 ἀρχῆς
445 1545 662 1581 διεπονοῦντο
674 1571 683 1589 ,
716 1542 768 1579 ὅτι
813 1541 875 1587 τὴν
907 1541 1096 1578 ἀνάστασιν

77 1605 255 1656 ἐκηρύττε.
278 1605 346 1642 Καὶ
375 1605 491 1647 καλῶς
517 1602 623 1645 οὕτως
639 1602 768 1640 εποίει·
795 1601 916 1639 τούτου
934 1601 1002 1652 γὰρ
1024 1602 1096 1637 δει-

78 1667 141 1717 705'
142 1681 238 1712 ντος,
260 1664 407 1708 ευκόλως
422 1664 541 1702 καιτοι
555 1668 615 1701 τοῦ
637 1664 825 1716 Χριστοῦ’
811 1662 930 1708 επεισή
933 1676 1032 1713 γετο,
1046 1660 1098 1699 οτι

79 1726 217 1771 ἀνέστη.
221 1726 267 1764 Τί
283 1729 393 1777 εὖρον,
409 1725 525 1777 φησὶν,
545 1740 578 1762 εν
596 1724 671 1774 ἐμοι
687 1723 861 1773 ἀδίκημα,
878 1722 1021 1764 στάντος
1034 1736 1099 1771 μου

79 1786 136 1824 ἐπι
163 1789 221 1822 τοῦ
251 1786 441 1837 συνεορίου;
470 1786 531 1823 ἸΞν
553 1788 602 1822 τω
630 1784 795 1835 συνεδρίω
831 1787 924 1821 εἰπε·
946 1781 1099 1825 δεικνύς,

78 1846 131 1885 ὅτι
157 1845 252 1883 οὐδὲν
269 1840 376 1897 εὗρον,
397 1846 473 1898 οὐχὶ
499 1848 574 1883 κατ’
598 1845 686 1882 ἰδίαν
702 1847 765 1890 τῆς
799 1843 984 1887 ἐξετάσεως
1004 1857 1098 1893 γενο-

79 1906 185 1956 μένης
197 1936 205 1952 ,
226 1906 314 1944 ἀὨιὰ
332 1907 499 1957 παρόντος
517 1911 576 1944 τοῦ
595 1905 746 1950 πλήθους
761 1903 819 1941 καὶ
839 1903 991 1955 ἀκριὸῶς
1011 1905 1095 1940 ἀνα-

80 1966 266 2017 κρίνοντος.

82 2396 202 2434 τούτου
222 2397 456 2446 ἐγκαλοῦντες.
479 2393 547 2431 Διὰ
563 2397 662 2431 τοῦτο
677 2393 737 2430 καὶ
752 2393 865 2444 ἔλεγεν
877 2407 885 2415 ·
907 2392 967 2430 Ἐν
987 2392 1099 2444 τούτῳ

82 2458 118 2495 δὲ
134 2458 232 2499 αὐτὸς
257 2459 370 2502 ἀσκῶ,
399 2454 619 2507 ἀπρόσκοπον
639 2454 830 2501 συνείδησιν
849 2453 938 2505 ἔχων
955 2453 1042 2505 πρός
1062 2469 1100 2491 τε

83 2534 140 2555 τον
151 2517 240 2555 Θεὸν
259 2517 318 2554 καὶ
333 2515 409 2558 τους
423 2515 633 2566 ἀνθρωπους.
649 2515 694 2552 H
706 2514 821 2552 τελεία
831 2514 898 2566 γὰρ
914 2513 1000 2561 αὕτη
1019 2517 1102 2566 ἀρε-

83 2578 126 2624 τὴ
139 2609 148 2625 ,
182 2578 259 2615 <zm
283 2577 370 2627 μηδὲ
390 2575 582 2629 ἀνθρώποις
610 2577 756 2626 διδῶμεν
776 2577 946 2624 λαὸὰς,.κ
925 2576 984 2614 καὶ
1003 2576 1101 2627 παρα

84 2642 165 2691 Θει)
187 2638 432 2688 σπουδάζωμεν
451 2640 537 2674 εἶναι
566 2636 795 2688 ἀπρόσκοποι.
811 2631 879 2679 ἿΙς
914 2636 1100 2690 ἐκέκραξα,

85 2713 202 2749 φησιν,
225 2713 258 2735 εν
273 2713 322 2748 τῳ
345 2693 521 2748 συνεορίω.
552 2695 623 2733 Και
641 2710 704 2741 την
721 2694 797 2744 βίαν
818 2695 930 2732 αὐτων
944 2696 1077 2742 δηλοῖ’
1063 2711 1102 2733 εκ

83 2764 143 2797 τοῦ
163 2760 284 2807 εἰπεῖν,
307 2757 502 2809 Ἐκέκραξα
521 2787 530 2804 ,
564 2755 690 2794 ὡσανεὶ
714 2755 830 2807 ἔλεγεν
846 2771 854 2779 ·
880 2758 941 2794 οὐκ
964 2756 1100 2808 ἔχουσιν

85 2822 193 2858 εἰπεῖν
206 2850 217 2865 ,
243 2818 296 2856 ὅτι
314 2817 543 2870 προσχήματι
577 2815 809 2866 ἐλεημοσύνης
829 2820 939 2854 ταῦτα
958 2817 1101 2860 ἐποίεις·

85 2882 122 2918 οὗ
141 2879 207 2930 γὰρ
220 2879 308 2929 μετὰ
322 2879 424 2930 ὄχλου
434 2909 443 2926 ,
461 2878 537 2916 οὐδὲ
550 2877 638 2928 μετὰ
653 2877 796 2930 θορύέου
812 2883 826 2899 ³
838 2882 938 2916 τοῦτο
955 2878 1103 2917 ἐποίουν·

86 2941 200 2982 ἄλλως
220 2956 275 2985 τε,
295 2939 354 2977 καὶ
378 2939 562 2984 ἐξετάσεως
580 2938 764 2989 γενομένης
792 2938 873 2991 περὶ
891 2939 1029 2988 τούτου,
1044 2942 1104 2978 οὐ·

89 3000 143 3037 δὲν
168 2999 271 3037 πλέον
294 2999 481 3050 εὑρίσκετο.
506 2993 607 3042 Εἶδες
637 2998 839 3047 ἐπιείκειαν,
860 2999 1024 3037 κινδύνων
1044 3000 1104 3038 ὄν-

89 3074 174 3106 των;
191 3053 275 3102 εἶδες
294 3058 445 3110 εὔφημον
463 3062 638 3110 γλῶτταν,
657 3059 717 3098 καὶ
736 3063 811 3103 πῶς
833 3060 868 3097 ἓν
890 3063 984 3106 ζητεῖ
1004 3060 1105 3110 μόνον

92 3120 327 3158 ἀπολύσασθαι
354 3119 397 3157 τὰ
428 3122 571 3167 ἑαυτοῦ,
607 3120 685 3172 οὐχὶ
715 3121 892 3165 κάκείνους
912 3122 1107 3173 ἐγκλήμασι

91 3181 289 3230 περιὲαλεῖν
305 3210 314 3226 ,
333 3179 422 3226 πλὴν
443 3180 473 3217 εἴ
504 3190 569 3219 που
602 3181 829 3233 ἀναγκάζοιτο
841 3213 850 3229 ,
866 3181 1107 3235 ἀπολογούμε-

92 3256 165 3285 νος;
185 3239 303 3291 ὥσπερ
318 3241 376 3277 καὶ
396 3244 413 3278 ὃ
431 3242 580 3293 Χριστὸς
598 3242 712 3293 ἔλεγεν
727 3259 733 3266 ·
747 3242 842 3293 Ἐγὼ
861 3243 1034 3293 δαιμόνιον
1050 3245 1108 3281 οὐκ

142 3362 157 3384 1»
175 3358 285 3390 Mosei.

306 3368 356 3396 τῖς
379 3364 472 3398 αἰτίας
482 3385 488 3396 ,
507 3360 601 3392 male.

137 2336 218 2374 'Ort
235 2334 269 2373 δὲ
297 2337 407 2372 ταῦτα
427 2335 538 2380 ἀληθῆ
568 2333 680 2384 λέγω,
713 2336 941 2385 μαρτυροῦσιν
967 2333 998 2369 οἱ
1019 2332 1099 2384 περὶ
1112 2308 1159 2374 ἓξ

1293 253 1445 282 nomi„
1485 253 1526 280 L.
2039 239 2124 293 ιρι

1157 334 1338 384 eredens,
1361 332 1488 384 inquit,
1522 333 1713 381 omnibus,
1736 344 1819 382 quoe
1849 333 1890 367 in
1919 331 1999 381 lege
2030 340 2131 368 sunt.

1155 393 1230 430 Hoc
1248 392 1357 442 dixit,
1380 391 1566 430 ostendens
1594 390 1733 428 nullum
1747 390 1929 428 hominem
1944 420 1956 435 ,
1973 389 2034 440 qui
2061 403 2132 427 cre-

1155 452 1217 491 dat
1240 453 1533 490 resurrectionem
1551 452 1719 499 futuram,
1744 451 1830 488 talia
1851 451 2028 488 facturum
2043 464 2131 500 esse;

1157 527 1264 563 quam
1282 522 1316 550 et
1341 512 1395 549 illi
1414 520 1630 563 exspectant.
1651 512 1729 548 Non
1750 510 1845 548 dixit
1864 510 1909 547 de
1925 510 1982 548 his
1999 540 2010 559 ,
2039 510 2135 561 quod

1154 573 1299 610 credant
1326 572 1393 621 iis,
1427 586 1506 622 quae
1533 572 1569 609 in
1604 571 1786 623 prophetis
1813 571 1942 622 scripta
1970 576 2135 619 suntme-

1154 647 1222 684 que
1244 634 1338 671 enim
1363 633 1551 670 credebant
1570 636 1609 681 );
1645 632 1707 669 sed
1736 632 1796 669 hic
1819 632 1983 669 omnibus
2017 632 2137 669 crede-

1153 695 1227 743 bat,
1246 709 1315 733 non
1335 695 1390 732 illi
1411 710 1419 730 :
1440 692 1616 744 quomodo
1631 701 1761 741 autem,
1779 693 1925 742 longum
1941 701 2028 729 esset
2044 706 2137 729 nunc

1154 754 1282 792 dicere.
1304 756 1419 793 Tanta
1466 753 1581 802 dixit,
1602 761 1636 789 et
1654 765 1831 801 nusquam
1859 752 1992 789 Christi
2013 752 2138 789 memi-

1156 815 1221 853 nit.
1240 816 1308 852 Hic
1326 824 1442 852 autem
1468 823 1508 850 ut
1522 812 1631 861 dixit,
1654 813 1837 861 credens,
1864 812 1970 850 etiam
1989 827 2041 859 ea,
2061 827 2139 863 quae

1158 874 1341 912 Christum
1364 873 1583 926 spectabant,
1620 871 1888 923 complectitur3
1910 872 1970 910 sed
1997 873 2141 910 interim

1157 936 1195 974 in
1213 935 1479 973 resurrectionis
1498 948 1656 972 sermone
1685 942 1866 983 moratur,
1896 934 1992 984 quod
2011 934 2143 985 dogma

1158 997 1246 1048 ipsis
1268 1010 1453 1034 commune
1472 1004 1560 1042 erat,
1588 1004 1621 1032 et
1652 1008 1792 1031 omnem
1815 994 1998 1032 seditionis
2019 996 2141 1047 suspi-

1159 1057 1297 1094 cionem
1320 1056 1444 1094 aufert.
1474 1054 1613 1092 Deinde
1643 1067 1806 1092 ascensus
1828 1068 1934 1092 causa
1971 1055 2142 1105 sequitur.

1160 1118 1445 1166 Eleemosynas
1466 1146 1478 1166 ,
1509 1115 1658 1166 inquit,
1693 1124 1730 1154 et
1763 1116 1978 1153 oblationes
2010 1117 2144 1167 factu—

1162 1191 1228 1215 rus
1248 1180 1290 1214 in
1314 1186 1466 1229 gentem
1486 1189 1625 1219 meam,
1651 1177 1758 1221 veni,
1781 1175 1898 1226 idque
1922 1189 1992 1226 per
2022 1190 2147 1213 annos

1160 1237 1301 1288 plures.
1322 1235 1509 1282 Quomodo
1522 1248 1605 1286 ergo
1626 1234 1801 1272 turbasset
1815 1248 1873 1272 eos
1884 1264 1896 1285 ,
1914 1235 2044 1284 quibus
2060 1235 2148 1272 elee-

1163 1310 1350 1349 mosynam
1370 1296 1519 1334 daturus
1547 1303 1686 1332 tantum
1718 1294 1784 1331 iter
1812 1295 2039 1346 susceperat?
2060 1296 2150 1333 Non

1164 1369 1252 1395 cum
1270 1359 1398 1405 turba,
1429 1355 1554 1406 inquit,
1591 1369 1659 1392 nec
1685 1368 1774 1392 eum
1797 1356 1976 1392 tumultu.
2005 1355 2150 1405 Ubique

1119 1424 1143 1454 E
1166 1417 1374 1456 seditionem
1393 1417 1586 1454 inficiatur.
1619 1417 1725 1453 Recte
1742 1424 1860 1452 autem
1878 1415 2028 1453 advocat
2047 1430 2150 1453 accu—

1163 1488 1297 1517 satores
1327 1478 1390 1529 qui
1426 1478 1472 1515 ab
1510 1476 1594 1514 Asia
1609 1506 1621 1526 ,
1653 1475 1774 1513 dicens
1789 1491 1797 1512 :
1823 1477 1925 1526 Quos
1953 1479 2150 1528 oportebat

1164 1542 1269 1592 apud
1285 1549 1321 1578 te
1340 1553 1526 1578 accusare
1541 1568 1553 1584 ‚
1577 1540 1610 1576 si
1629 1538 1725 1590 quid
1737 1539 1922 1575 haberent
1946 1539 2153 1576 adversum

1164 1614 1236 1637 me.
1254 1602 1308 1638 Ita
1322 1599 1533 1647 confidebat,
1553 1612 1589 1635 se
1610 1597 1786 1635 mundum
1806 1612 1880 1636 esse
1895 1613 1916 1636 a
1935 1597 2097 1647 crimine,
2113 1607 2154 1635 ut

1164 1661 1269 1699 etiam
1290 1669 1458 1713 provocet
1477 1673 1549 1697 eos.
1563 1659 1610 1696 Et
1621 1672 1690 1696 non
1707 1673 1764 1696 eos
1779 1659 1907 1707 solum,
1926 1660 1988 1709 qui
2009 1660 2054 1697 ab
2068 1660 2154 1697 Asia

1167 1731 1278 1772 erant,
1298 1736 1422 1761 verum
1438 1721 1544 1758 etiam
1563 1734 1633 1766 eos,
1649 1720 1710 1770 qui
1724 1734 1769 1757 ex
1784 1720 1995 1771 Jerusalem,
2009 1735 2153 1758 aecusa-

1166 1791 1259 1821 tores
1277 1796 1347 1820 non
1366 1781 1493 1833 rejicit,
1512 1780 1574 1818 sed
1591 1780 1655 1817 hos
1666 1794 1805 1830 quoque
1817 1789 1941 1817 evocat
1959 1780 2128 1831 adjiciens
2140 1797 2150 1817 .·

1167 1844 1251 1883 Aut
1272 1846 1313 1881 hi
1335 1846 1406 1895 ipsi
1426 1843 1573 1880 dicant.
1596 1841 1738 1879 Etenim
1759 1841 1837 1878 ideo
1857 1842 1902 1878 ab
1930 1842 2032 1879 initio
2062 1856 2154 1893 aegre

1167 1904 1336 1952 ferebant,
1356 1902 1453 1953 quod
1473 1901 1764 1939 resurrectionem
1782 1901 2001 1953 praedicaret.
2018 1901 2067 1939 Et
2091 1902 2154 1940 be-

1168 1979 1212 2004 ne
1231 1966 1281 2004 sic
1302 1964 1452 2002 faciebat
1469 1979 1477 2000 :
1493 1963 1561 2001 hoc
1581 1963 1675 2001 enim
1695 1972 1846 2012 ostenso,
1865 1963 1969 2001 facile
1994 1973 2028 2001 et
2043 1964 2153 2001 Chri-

1167 2036 1262 2065 stum
1273 2035 1306 2064 et
1318 2025 1608 2063 resurrectionem
1621 2024 1695 2076 ejus
1708 2023 1910 2062 inducebat.
1928 2025 2031 2075 Quid
2042 2027 2152 2063 inve—

1169 2096 1318 2135 nerunt,
1334 2086 1463 2136 inquit,
1483 2088 1523 2122 in
1535 2099 1594 2122 me
1607 2087 1806 2137 injustitiae
1822 2115 1834 2130 ,
1854 2099 1939 2122 cum
1953 2095 2096 2124 starem
2112 2089 2155 2123 in

1169 2149 1333 2186 concilio
1347 2152 1363 2183 Ρ
1404 2150 1454 2184 In
1484 2146 1665 2193 concilio,
1698 2145 1834 2195 inquit,
1854 2145 2039 2183 ostendens
2073 2146 2155 2183 illos

1169 2208 1262 2246 nihil
1280 2206 1476 2255 invenisse,
1507 2219 1577 2243 non
1596 2205 1770 2257 privatim
1796 2205 2021 2255 inquisitione
2047 2206 2153 2254 facta,

1170 2269 1233 2308 sed
1245 2267 1474 2306 multitudine
1497 2275 1667 2318 praesente
1689 2275 1723 2303 et
1742 2275 1903 2303 accurate
1923 2266 2156 2318 dijudicante.

1224 2331 1263 2367 5.
1282 2328 1388 2375 Quod
1406 2337 1524 2365 autern
1542 2327 1620 2364 haec
1637 2341 1722 2364 vera
1743 2326 1831 2376 sint,
1853 2327 2090 2365 testificantur
2112 2328 2154 2374 ii,

1170 2390 1229 2441 qui
1246 2389 1290 2427 de
1308 2389 1376 2427 hoc
1393 2397 1571 2426 accusant.
1587 2387 1674 2425 Ideo
1692 2387 1834 2426 dicebat
1848 2403 1856 2424 z
1873 2391 1923 2425 In
1936 2390 2008 2427 lzoe
2026 2398 2158 2427 autem

1171 2452 1327 2498 studeo,
1351 2459 1391 2488 ut
1411 2453 1494 2488 sine
1513 2450 1756 2501 offendiculo
1789 2453 2066 2488 conscientiam
2083 2453 2156 2489 Ιια-

1175 2513 1284 2550 beam
1317 2525 1408 2563 erga
1436 2506 1563 2548 Deum
1593 2518 1631 2547 et
1658 2524 1749 2561 erga
1781 2511 1968 2548 homines.
1999 2512 2158 2550 Perfecta

1172 2574 1267 2612 enim
1281 2573 1356 2610 haec
1374 2572 1488 2610 virtus
1507 2580 1576 2619 est,
1607 2570 1748 2621 quando
1770 2571 1977 2609 hominibus
2000 2573 2156 2610 occasio-

1173 2648 1234 2671 nes
1247 2646 1319 2671 non
1338 2632 1477 2680 damus,
1497 2641 1530 2669 et
1545 2631 1642 2682 apud
1659 2632 1774 2667 Deum
1794 2630 1976 2667 studemus
1994 2644 2068 2668 esse
2084 2631 2159 2669 sine

1173 2692 1401 2732 offendiculo.
1430 2692 1515 2742 Qua
1546 2692 1718 2729 clamavi
1743 2694 1786 2727 in
1817 2691 2000 2737 coneilio,
2027 2691 2157 2741 inquit.

1173 2753 1392 2794 Violentiam
1412 2751 1557 2788 illorum
1572 2749 1724 2789 ostendit
1738 2763 1819 2787 cum
1833 2750 1932 2798 dicit,
1951 2752 1982 2788 C
1985 2751 2136 2788 lamavi
2144 2768 2159 2796 ,-

1174 2831 1215 2854 ac
1234 2816 1264 2853 si
1294 2815 1424 2852 diceret
1441 2829 1448 2849 :
1465 2814 1542 2850 Non
1560 2822 1705 2865 possunt
1722 2811 1837 2849 dicere
1856 2826 1912 2848 me
1930 2811 2161 2863 eleemosyna}

1175 2878 1319 2916 obtentu
1339 2875 1415 2913 haec
1430 2874 1553 2912 fecisse
1570 2889 1578 2910 :
1601 2887 1669 2911 non
1689 2873 1782 2910 enim
1803 2886 1883 2910 cum
1902 2872 2028 2921 turba,
2048 2886 2160 2923 neque

1175 2953 1257 2977 cum
1275 2937 1433 2975 tumultu
1455 2935 1524 2972 hoc
1548 2935 1719 2972 faciebam
1738 2950 1745 2969 :
1766 2933 1923 2984 alioquin
1940 2947 2024 2971 vero
2041 2933 2160 2983 inqui-

1177 2999 1301 3038 sitione
1327 2998 1394 3035 hac
1419 2996 1464 3034 de
1489 3010 1525 3033 re
1542 2997 1647 3044 facta,
1672 2995 1763 3032 nihil
1789 2995 1871 3046 plus
1900 2993 2159 3031 inveniebatur.

1178 3058 1313 3099 Vidisti
1332 3058 1368 3095 in
1387 3055 1555 3109 periculis
1584 3053 1914 3092 mansuetudinem?
1935 3053 2060 3093 vidisti
2087 3053 2159 3089 lin-

1178 3133 1286 3171 guam
1303 3119 1450 3156 honesta
1475 3117 1696 3166 loquentem,
1715 3123 1748 3164 et
1763 3113 1940 3164 quomodo
1959 3127 2071 3150 unum
2087 3122 2162 3150 tan-

1178 3190 1256 3219 tum
1274 3188 1429 3230 quaerat,
1451 3187 1491 3215 ut
1506 3177 1573 3215 sibi
1591 3177 1727 3227 objecta
1744 3175 1892 3223 refutet,
1915 3188 1977 3212 nec
1997 3173 2077 3211 illos
2093 3173 2164 3210 cri-

1180 3242 1338 3280 minibus
1358 3240 1503 3289 obruat,
1526 3239 1592 3276 nisi
1621 3251 1702 3274 cum
1728 3235 1774 3274 ad
1799 3235 2036 3274 defensionem
2061 3247 2164 3285 coge-

1202 3372 1215 3386 *
1234 3366 1320 3395 τοῦτο
1338 3364 1451 3394 ἐποίουν
1467 3357 1559 3391 deest
1575 3358 1608 3389 in
1626 3367 1704 3389 uno.

1910 3410 1960 3438 oo
