2502 3810
746 255 788 284 ΙΝ
827 254 968 284 ΙὶΡΙὲΤ.

1010 253 1066 282 ΑΒ
1103 253 1211 282 ROM-

1252 251 1405 282 h'OMlL.
1446 252 1540 281 xxi.
2086 233 2173 293 743

107 335 274 390 ραδίδως,
296 336 492 388 Εὐλογητὸς
511 329 560 386 εἷ,
590 336 712 388 Κύριε·
730 336 840 383 πόσης
857 333 1122 387 ταπεινοφροσύ-
1148 347 1171 375 (;
1196 331 1405 370 Benedictus
1416 346 1463 381 es,
1478 331 1640 379 Domine,
1656 328 2175 381 quantaehumilitatis,quantae.

101 416 163 446 νης
178 429 186 445 ,
217 397 327 445 πόσης
359 398 576 442 ἀνεξικακίας
604 397 831 448 *ὑπόδειγμα
862 401 945 446 ἡμῖν
964 396 1120 441 ἔδωκας,

102 459 205 498 Ἀλλὰ
217 460 301 510 πρὸς
321 459 380 509 μὲν
398 462 525 497 ἐκεῖνον
539 458 628 497 οὕτω
644 475 651 482 ·
669 459 753 510 πρὸς
768 458 803 495 δὲ
819 457 897 500 τοὺς
917 457 1122 498 ἐπελθόντας

102 519 191 570 μετὰ
213 519 321 563 ξύλων
343 520 402 558 καὶ
421 523 605 572 μαχαιρῶν
627 524 691 572 οὐχ
710 518 812 558 οὕτω.
836 519 905 556 Καὶ
936 518 970 555 τί
994 516 1117 567 γένοιτ’

100 579 140 616 ἂν
164 579 384 631 ἡμερώτερον
412 584 480 618 τῶν
503 580 667 632 ῥημάτων
695 584 762 618 τῶν
785 579 843 617 καὶ
869 579 952 631 πρὸς
973 577 1120 619 ἐκείνους

99 639 312 692 εἰρημένων,
343 641 539 691 Δυνάμενος
572 640 637 692 γὰρ
670 640 791 683 αὐτοὺς
815 640 935 692 ἀθρόον
956 637 1120 690 ἀφανίσαι

891 701 1061 751 ρεπτικῶς
1084 696 1120 735 δὲ

100 763 214 804 αὐτοῖς
230 763 425 812 διαλέγεται
441 762 548 814 λέγων
560 779 567 786 ·
585 762 632 800 Τί
648 762 825 808 ἐξήλθετε,
842 764 887 803 ὡς
905 759 961 797 ἐπὶ
975 758 1119 810 λῃστὴν,

99 700 250 748 πάντας,
270 701 399 739 τούτων
425 701 486 752 μὲν
510 701 672 746 ἐποίησεν
696 699 808 745 οὐδὲν,
830 703 886 738 ἐντ

107 822 194 873 μετὰ
209 826 391 875 μαχαιρῶν
408 824 466 861 καὶ
482 823 608 871 ξύλων,
624 822 693 861 Καὶ
714 822 813 874 ῥίψας
829 820 949 864 αὐτοὺς
963 819 1121 865 ὑπτίους,

107 884 226 930 ἐπειδὴ
257 885 376 935 ἔμενον
411 888 718 930 ἀναισθητοῦντες,
750 882 838 920 ἑκὼν
871 881 976 919 πάλιν
999 881 1119 918 ἑαυτὸν

101 945 266 993 ἐξεδίδου,
282 946 339 983 καὶ
355 946 513 997 ἠνείχετο
530 944 641 996 δεσμὰ
654 944 927 996 περιὸάλλοντας
943 945 1030 993 ὀρῶν
1046 947 1120 984 ταῖς

102 1006 216 1057 ἁγίαις
240 1007 360 1058 χερσὶ,
394 1006 579 1056 δυνάμενος
607 1009 692 1056 ὁμοῦ
727 1004 842 1042 πάντα
863 1005 1032 1048 κλονῆσαι
1060 1001 1120 1039 καὶ

104 1068 201 1118 ιἑῖψαι
227 1067 335 1104 κάτω.
360 1066 464 1104 Ἀλλὰ
495 1065 535 1104 σὺ
573 1066 632 1103 καὶ
670 1064 758 1115 μετὰ
787 1068 897 1102 ταῦτα
931 1062 1119 1114 ἀγριαίνεις

101 1127 186 1178 πρὸς
202 1128 259 1165 τὸν
279 1127 422 1173 πένητα.
440 1126 564 1164 Καίτοι
583 1142 622 1177 γε
640 1128 671 1164 εἰ
694 1127 754 1163 καὶ
771 1124 901 1176 μυρίων
924 1124 1016 1161 ἐστὶν
1037 1123 1119 1161 ἔνο-

99 1203 161 1239 χος
178 1190 308 1235 κακῶν,
328 1192 349 1234 ἡ
370 1187 481 1225 ἔνδεια
496 1187 555 1224 καὶ
570 1190 587 1224 ὃ
600 1187 701 1237 λιμὸς
718 1185 821 1223 ἵκανὰ
837 1187 899 1232 τὴν
916 1184 964 1235 μὴ
987 1185 1118 1236 σφόδρα

99 1247 363 1300 πεπωρωμένην
394 1245 642 1299 καταμαλάξαι
673 1247 801 1299 ψυχήν.
824 1246 875 1284 Σὺ
904 1246 939 1283 δὲ
968 1245 1120 1292 ἕστηκας

99 1307 415 1360 ἐκτεθηριωμένος,
445 1308 505 1345 καὶ
535 1308 683 1347 λεόντων
720 1306 933 1358 μιμούμενος
970 1306 1095 1357 θυμούς
1113 1321 1120 1329 ·

100 1369 214 1407 καίτοι
237 1385 276 1421 γε
306 1371 428 1407 ἐκεῖνοι
449 1371 511 1407 οὐκ
532 1368 572 1406 ἄν
598 1383 682 1407 ποτε
713 1372 843 1421 νεκρῶν
869 1367 1120 1419 ἀπογεύσαωτο

103 1431 293 1481 σωμάτων·
321 1429 362 1468 σὺ
390 1430 425 1467 δὲ
446 1429 621 1474 τοσούτοις
642 1432 729 1482 ὁρῶν
749 1428 1038 1482 τεταριχευμένον
1059 1445 1121 1466 κα-

101 1497 173 1534 κοῖς
187 1521 195 1538 ,
215 1490 436 1541 ἐπεμὲαίνεις
452 1489 618 1543 κειμένῳ,
637 1491 721 1529 εἰκαὶ
739 1491 949 1543 σπαράττεις
965 1490 1003 1528 τὸ
1018 1492 1122 1541 σῶμα

104 1552 160 1591 διὰ
178 1555 245 1590 τῶν
268 1551 413 1603 ὕὸρεων,
435 1551 492 1589 καὶ
519 1554 678 1603 χειμῶνα
697 1552 753 1590 ἐπὶ
771 1555 920 1603 χειμῶνι
941 1551 1098 1602 συνάγεις
1111 1581 1121 1599 ,

104 1613 163 1651 καὶ
182 1612 241 1650 τὸν
268 1615 314 1656 εἰς
341 1612 466 1662 λιμένα
485 1611 731 1664 καταφυγόντα
743 1612 912 1664 »σκοπέλῳ
931 1612 1123 1664 προσράξαι

104 1680 212 1716 ποιεῖς
227 1703 235 1719 ,
257 1673 316 1711 καὶ
338 1673 499 1724 ναυάγιον
520 1673 645 1726 ἐργάζῃ
667 1676 735 1711 τῶν
750 1675 783 1710 ἐν
805 1675 848 1724 τῇ
870 1673 1028 1723 θαλάσσῃ
1058 1689 1124 1725 χα-

104 1733 310 1786 λεπώτερον.
331 1734 400 1773 Καὶ
419 1737 492 1777 πῶς
525 1735 611 1786 ἐρεῖς
628 1737 677 1785 τῷ
698 1736 798 1785 Θεῷ,
815 1733 955 1779 ἐλέησόν
980 1750 1043 1784 με,
1065 1735 1124 1771 καὶ

105 1795 368 1847 ἁμαρτημάτων
391 1798 496 1839 αἰτεῖς
524 1795 759 1848 συγχώρησιν,
789 1795 846 1833 τὸν
877 1794 974 1833 οὐδὲν
1004 1796 1124 1848 ἁμαρ-

103 1855 206 1894 τόντα
226 1857 386 1908 hepid-m,
419 1857 479 1895 καὶ
500 1856 598 1903 δίκην
629 1856 716 1909 ὑπὲρ
749 1859 853 1908 λιμοῦ
879 1857 938 1895 καὶ
972 1857 1125 1908 ἀνάγκης

102 1917 274 1964 τοσαύτης
294 1919 464 1964 ἀπαιτῶν,
478 1917 536 1955 καὶ
551 1916 595 1955 τὰ
614 1917 717 1968 θηρία
734 1917 871 1955 ἅπαντα
891 1918 1124 1970 ἀποκρύπτων

104 1983 147 2031 τῇ
167 1978 324 2029 ὠμότητι
339 1996 348 2027 ,
366 1978 507 2017 Ἐκεῖνα
529 1980 590 2029 μὲν
609 1978 676 2031 γὰρ
689 2009 698 2026 ,
713 1982 775 2025 τῆς
788 1979 934 2031 γαστρὸς
953 1996 1127 2032 καταναγ-

104 2039 297 2087 καζούσης,
318 2040 465 2078 ἅπτεται
489 2043 551 2086 τῆς
580 2043 693 2084 αὐτοῖς
710 2041 956 2092 νενομισμένης
976 2046 1103 2095 τροφῆς
1118 2058 1125 2066 ·

128 2100 194 2115 &fxi

104 2117 146 2138 συ
164 2117 219 2147 σε,
239 2100 372 2144 οὐδενὸς
392 2102 560 2144 ὠθοῦντος
578 2102 653 2139 οὐδὲ
668 2102 1002 2154 καταναγκάζοντος,
1022 2119 1124 2141 κατε-

105 2160 210 2204 σθίεις
234 2161 290 2198 τὸν
317 2161 476 2212 ἀδελφὸν,
505 2161 650 2211 δᾴκνων,
678 2162 901 2213 σπαράττων,
932 2165 961 2200 εἰ
989 2163 1048 2201 καὶ
1075 2162 1123 2213 μὴ

1194 393 1370 444 patientiae
1381 393 1585 445 exemplum
1600 391 1701 429 nobis
1714 390 1844 429 dedisti
1858 391 1875 428 ‘t'
1895 389 1968 429 Sed
1982 401 2064 439 erga
2080 387 2175 424 hunc

1197 453 1243 491 ita
1261 468 1297 492 se
1316 454 1445 506 gessit:
1469 463 1504 491 at
1535 467 1617 504 erga
1638 452 1731 503 illos,
1765 452 1828 502 qui
1857 465 1938 489 cum
1958 451 2111 488 fustibus
2142 458 2174 486 et

1196 515 1324 564 gladiis
1351 514 1578 561 invadebant,
1599 527 1666 551 non
1686 513 1746 553 ita.
1767 512 1866 558 Quid
1888 511 1982 549 enim
2010 525 2174 548 mansue-

1196 575 1264 612 tius
1281 576 1412 625 verbis,
1429 576 1527 626 queis
1548 575 1625 612 illos
1639 574 1842 625 alloquutus
1858 573 1936 610 est?
1952 573 2042 609 Cum
2059 579 2174 623 posset

1194 635 1274 673 illos
1304 645 1446 688 repente
1475 636 1605 685 delere,
1635 636 1702 672 hoc
1721 634 1866 684 quidem
1891 648 1960 671 non
1990 633 2082 681 fecit,
2113 632 2173 670 sed

1194 696 1350 734 modeste
1370 697 1442 734 illis
1457 696 1563 735 verba
1577 696 1623 733 ad
1639 695 1812 747 pudorem
1830 694 2031 731 inducentia
2051 703 2174 746 protu-

1193 756 1235 793 lit
1253 773 1262 794 z
1289 758 1558 807 Quide.z·iislis,
1582 758 1694 807 quasi
1709 756 1761 792 ad
1777 756 1964 792 latronem
1978 769 2063 792 cum
2079 755 2173 806 gla-
2187 766 2300 794 ΜαιιΙι.
2322 764 2372 794 26.

1194 818 1268 854 diis
1287 827 1324 855 ec
1334 820 1506 869 fustibus
1517 821 1532 852 Ρ
1548 816 1595 853 Et
1611 830 1692 853 cum
1709 815 1789 852 illos
1801 816 1944 866 supinos
1960 816 2174 867 conjecisset,

1196 891 1396 928 quanquam
1413 878 1513 928 quasi
1532 877 1605 915 sine
1617 891 1718 914 sensu
1736 891 1908 925 mansere,
1925 886 2040 914 tamen
2060 877 2173 915 libens

1193 938 1253 976 ille
1271 940 1425 991 seipsum
1448 938 1611 988 tradidit,
1636 948 1668 975 ct
1683 938 1850 975 sustinuit
1870 937 1995 976 videns
2018 938 2173 977 vinculis

1191 999 1382 1050 constringi
1395 1008 1531 1037 sanctas
1545 1012 1684 1047 manus,
1700 1011 1782 1034 cum
1794 1006 1910 1049 posset
1923 998 2039 1034 omnia
2054 1012 2174 1036 move-

1190 1073 1228 1096 re
1247 1072 1288 1095 ac
1319 1068 1552 1110 prosternere.
1575 1058 1647 1097 Sed
1680 1066 1717 1094 tu
1748 1066 1867 1108 postea
1898 1057 2023 1094 ferocis
2055 1067 2176 1095 contra

1189 1133 1391 1172 pauperem.
1421 1119 1530 1170 Atqui
1548 1117 1685 1156 etiamsi
1704 1118 1876 1156 sexcentis
1895 1118 2072 1156 obnoxius
2089 1127 2177 1155 esset

1191 1182 1397 1232 sceleribus,
1414 1191 1548 1232 egestas
1579 1190 1611 1219 et
1630 1181 1738 1218 fames
1760 1189 1899 1232 possent
1917 1180 2088 1229 animum,
2107 1180 2177 1218 nisi

1192 1242 1387 1280 admodum
1411 1242 1599 1280 induratus
1616 1251 1717 1288 esset,
1746 1241 1896 1280 flectere.
1919 1242 1978 1279 Tu
1997 1255 2082 1280 vero
2106 1251 2177 1279 stas

1193 1304 1372 1354 efferatus,
1394 1313 1426 1342 et
1455 1303 1565 1341 leonis
1592 1304 1748 1340 furorem
1773 1302 1940 1341 imitans:
1961 1317 2177 1354 quamquam

1192 1365 1249 1403 illi
1268 1379 1451 1415 nunquam
1471 1374 1695 1403 mortuorum
1711 1378 1859 1415 corpora
1874 1363 2150 1415 degustaverunt
2163 1379 2175 1412 3

1193 1433 1233 1463 tu
1251 1440 1335 1465 vero
1356 1425 1440 1463 licet
1458 1425 1582 1464 videas
1603 1425 1705 1463 tantis
1720 1425 1917 1463 consectum
1931 1425 2047 1474 malis,
2059 1426 2175 1477 jacen-

1193 1495 1262 1524 tem
1279 1486 1436 1534 invadis,
1453 1495 1485 1523 et
1504 1500 1632 1538 corpus
1658 1500 1721 1538 per
1740 1486 1970 1524 contumelias
1989 1485 2176 1539 discerpis,

1195 1556 1439 1600 tempestatem
1461 1547 1659 1599 tempestati
1686 1546 1804 1597 addis,
1829 1556 1934 1597 atque
1952 1562 2031 1585 eum
2052 1547 2114 1598 qui
2131 1548 2179 1585 ad

1195 1619 1339 1662 portum
1363 1609 1534 1660 confugit,
1563 1608 1600 1647 in
1625 1609 1811 1661 scopulum
1836 1608 2002 1661 impellis,
2032 1610 2178 1647 naufra-

1197 1671 1368 1723 giumque
1401 1671 1508 1708 infers
1541 1671 1687 1709 marinis
1719 1671 1913 1722 naufragiis
1949 1671 2106 1722 gravius.
2133 1671 2180 1710 Et

1197 1733 1374 1783 quomodo
1387 1732 1484 1770 dices
1503 1734 1591 1781 Deo,
1608 1731 1778 1769 Miserere
1793 1732 1887 1769 mei?
1903 1741 1936 1769 et
1947 1733 2086 1770 veniam
2099 1747 2180 1784 pec-

1197 1802 1357 1831 catorum
1374 1793 1547 1845 postulas,
1582 1792 1669 1830 dum
1690 1792 1792 1829 illum
1813 1793 2024 1830 contumelia
2052 1793 2178 1840 afficis,

1197 1854 1259 1904 qui
1279 1863 1399 1891 contra
1417 1863 1447 1891 te
1466 1853 1557 1891 nihil
1569 1853 1744 1906 peccavit,
1767 1862 1800 1891 et
1816 1854 1861 1891 ob
1881 1854 2009 1891 samem
2030 1863 2180 1892 tantam-

1198 1929 1267 1966 que
1287 1915 1526 1953 necessitatem
1547 1929 1666 1967 poenas
1686 1914 1825 1966 repetis,
1848 1915 1937 1952 feras
1962 1929 2082 1953 omnes
2102 1930 2181 1953 cru-

1199 1977 1344 2015 delitate
1359 1977 1556 2028 superans?
1576 1976 1652 2014 lllae
1672 1976 1766 2013 enim
1783 1985 1928 2027 cogente
1947 1986 2078 2025 ventre,
2093 1991 2181 2029 pro-

1197 2038 1318 2090 prium
1356 2038 1425 2075 sibi
1462 2037 1583 2075 cibum
1622 2037 1800 2089 arripiunt
1817 2053 1824 2074 τ
1854 2046 1893 2074 tu
1926 2051 2010 2076 vero
2044 2038 2183 2078 nemine

1198 2099 1399 2151 impellente
1414 2099 1471 2138 vel
1484 2107 1641 2150 cogente,
1660 2099 1804 2136 fratrem
1818 2098 1982 2146 devoras,
2002 2100 2181 2149 mordens,

1198 2160 1401 2212 discerpens
1416 2175 1427 2210 3
1448 2160 1474 2197 si
1497 2174 1565 2197 non
1581 2160 1762 2211 dentibus,
1781 2169 1817 2197 at
1833 2161 1953 2199 verbis
1967 2175 2084 2199 morsu
2101 2176 2182 2214 gra-

104 2227 175 2264 τοῖς
200 2223 348 2266 ὀδοῦσιν,
375 2222 464 2260 ἀλλὰ
495 2223 627 2274 ῥήμασι
648 2224 836 2274 ’δηγμάτων
854 2225 1124 2276 χαλεπωτέροις.
1140 2223 1372 2275 679110111ωε.
1418 2221 1607 2270 Quomodo
1659 2236 1742 2273 ergo
1787 2237 1922 2260 sacram
1967 2223 2184 2262 oblationem

105 2284 189 2326 Πῶς
218 2276 275 2321 οῧν
297 2282 373 2334 δέξῃ
393 2282 456 2328 τὴν
478 2282 570 2335 ἱερὰν
596 2284 808 2336 προσφορὰν,
831 2284 973 2335 αἵμασιν
995 2287 1126 2337 ἀνθρω·
1152 2287 1178 2316 A
1200 2298 1328 2333 sumes,
1360 2283 1423 2334 qui
1456 2282 1614 2320 humano
1647 2282 1818 2334 sanguine
1854 2283 2013 2334 linguam
2048 2283 2185 2336 tingis?

104 2343 216 2387 πίνοις
241 2343 391 2396 φοινίξας
419 2343 482 2390 τὴν
507 2346 690 2395 γλῶτταν,
710 2345 815 2388 *πῶς
845 2346 944 2389 δίδως
974 2347 1126 2398 εἰρήνην,

104 2404 260 2456 πολέμου
274 2405 416 2457 γέμοντι
435 2405 584 2456 στόματι
599 2422 608 2453 ,
625 2408 699 2449 πῶς
716 2405 750 2444 δὲ
766 2410 845 2459 γοῦν
863 2409 1032 2455 αἰσθητῆς
1046 2411 1128 2447 ἀπο-

104 2465 241 2509 λαύσεις
260 2469 387 2519 τροφῆς
402 2497 412 2513 ,
430 2467 478 2505 ἰὸν
498 2470 658 2505 τοσοῦτον
675 2467 850 2519 συνάγων,
867 2470 920 2506 Οὐ
933 2469 1128 2520 διορθοῧσαι

107 2524 170 2571 τὴν
189 2525 308 2564 πενίαν
322 2542 329 2549 ·
353 2526 387 2563 τί
405 2527 464 2564 καὶ
481 2526 686 2575 ἐπιτρίέεις,
707 2530 768 2566 οὐκ
787 2531 929 2581 ἀνιστᾷς
945 2530 1102 2580 κείμενον
1119 2548 1127 2556 ·

108 2585 142 2623 τί
157 2586 215 2624 καὶ
232 2586 482 2634 καταθάλλεις,
499 2590 560 2625 οὐκ
579 2589 729 2640 ἀναιρεῖς
742 2589 805 2635 τὴν
826 2590 976 2640 ἀθυμίαν
993 2607 1000 2614 ·
1016 2591 1050 2629 τί
1069 2592 1127 2630 καὶ

110 2647 308 2694 ἐπιτείνεις,
329 2649 366 2684 οὗ
388 2647 487 2691 δίδως
505 2648 695 2700 χρήματα·
713 2649 747 2686 τί
762 2649 821 2687 καὶ
839 2651 989 2701 ὑδρίζεις
1007 2651 1127 2703 ῥήμα-

110 2725 185 2756 σιν,
206 2709 282 2746 Οὐκ
299 2708 450 2754 ἤκουσας
469 2709 551 2754 ὅσην
569 2709 703 2748 διδόασι
719 2709 816 2757 δίκην
832 2712 863 2748 οἱ
885 2711 932 2761 μὴ
949 2712 1129 2764 τρέφοντες

61 2772 67 2776 ’
107 2768 185 2812 τοὺς
201 2768 368 2816 πένητας,
380 2768 494 2812 ποίαις
508 2769 692 2821 τιμωρίαις
711 2771 1020 2819 καταδικάζονται,
1035 2775 1129 2825 Πορ-

109 2829 225 2868 εύεσθε
238 2829 316 2881 γὰρ,
334 2829 449 2881 φησὶν,
466 2832 513 2872 εἷς
528 2830 566 2868 τὸ
577 2836 644 2882 πῦρ
657 2831 695 2868 τὸ
709 2831 968 2882 ἡτοιμασμένον
987 2834 1036 2884 τῷ
1053 2834 1128 2871 δια-

110 2891 201 2942 ὅόλῳ
217 2890 275 2928 καὶ
290 2896 360 2933 τοῖς
380 2890 537 2941 ἀγγέλοις
553 2892 669 2931 αὐτοῦ.
685 2894 729 2930 Εἰ
746 2887 804 2930 οὖν
833 2896 863 2931 οἱ
880 2892 927 2944 μὴ
949 2894 1129 2946 τρέφοντες

109 2950 198 2989 οὕτω
225 2952 531 3000 καταδικάζονται,
551 2952 654 2991 εἰτίνα
682 2952 831 2992 δώσουσι
860 2953 957 3002 δίκην
983 2957 1014 2992 οἱ
1040 2955 1129 3006 μετὰ

111 3015 170 3048 τοῦ
191 3011 239 3062 μὴ
254 3012 388 3064 τρέφειν
417 3012 476 3050 καὶ
506 3013 720 3065 ὑδρίζοντες,
739 3014 851 3062 πόσην
874 3015 1130 3062 ὑποστήσονται

114 3071 267 3117 κόλασιν,
287 3072 397 3119 πόσην
417 3072 574 3124 γέενναν,
594 3073 660 3112 e'Iit'
681 3069 737 3112 οὖν
760 3075 808 3126 μὴ
829 3080 982 3114 τοσαῦτα
999 3076 1130 3129 ἐξάψω-

117 3146 178 3180 μεν
200 3133 275 3169 καθ’
291 3134 420 3170 ἑαυτῶν
441 3133 533 3172 κακὰ
545 3163 554 3181 ,
571 3134 637 3178 ἕως
655 3135 759 3187 ἐσμὲν
780 3136 911 3189 κύριοι,
932 3137 990 3175 καὶ
1009 3138 1048 3176 τὸ
1067 3154 1130 3176 πο-

161 3265 175 3279 *
201 3265 253 3306 [Α.
269 3273 301 3296 et
318 3276 423 3309 marg.
437 3267 542 3309 ,SaviL
563 3272 796 3315 &masi-mmm]

161 3326 174 3341 u
199 3317 270 3348 Duo
287 3318 365 3349 Mss.
386 3319 443 3359 [Λ.
461 3327 495 3352 et
516 3332 621 3366 marg.
637 3323 734 3366 §avil
755 3326 825 3366 ]m.'1
849 3328 1025 3372 &aptamus
1042 3333 1117 3361 τὸ...

118 3372 250 3411 σκοπέλῳ
266 3374 463 3414 προσαράξαι.

306 3436 400 3460 ΤΟΜ.
436 3438 490 3462 tx.

1199 2343 1377 2395 quomodo
1396 2357 1519 2395 pacem
1538 2342 1615 2390 das,
1647 2343 1736 2381 dum
1754 2357 1791 2381 os
1817 2343 1911 2381 bello
1933 2344 2079 2396 plenum
2104 2346 2184 2382 est?

1199 2404 1379 2456 quomodo
1391 2404 1550 2442 sensibili
1569 2404 1647 2442 cibo
1663 2404 1804 2448 frueris,
1822 2404 1909 2442 dum
1931 2414 2067 2443 tantum
2085 2405 2186 2445 virus

1201 2467 1342 2518 colligis
1358 2466 1375 2504 ἶ)
1393 2467 1471 2504 Non
1486 2465 1686 2518 paupertati
1702 2466 1888 2505 subvenis:
1904 2481 1967 2505 cur
1982 2467 2087 2505 etiam
2104 2482 2185 2506 con-

1201 2527 1392 2565 teriSPnon
1408 2527 1514 2578 erigis
1526 2527 1699 2578 jacentem
1712 2542 1719 2562 :
1733 2540 1796 2564 cur
1807 2527 1910 2564 illum
1920 2528 2026 2566 etiam
2042 2528 2186 2580 dejicis?

1201 2603 1269 2626 non
1289 2588 1385 2626 tollis
1413 2588 1614 2625 tristitiam:
1634 2601 1698 2625 cur
1733 2602 1839 2639 auges
1871 2588 2002 2627 illam?
2026 2603 2094 2628 non
2123 2590 2186 2628 das

1200 2649 1395 2702 pecunias:
1421 2662 1484 2686 cur
1503 2649 1620 2687 verbis
1647 2648 1898 2686 contumeliam
1932 2649 2070 2688 infers?
2104 2652 2185 2688 Non

1201 2709 1333 2746 audisti
1352 2717 1499 2758 quantas
1527 2722 1648 2760 poenas
1667 2708 1752 2746 dent
1771 2708 1810 2755 ii,
1836 2708 1899 2758 qui
1924 2724 2095 2762 pauperes
2115 2725 2184 2749 non

1200 2770 1323 2807 alunt?
1343 2769 1473 2819 quibus
1491 2768 1704 2806 damnentur
1724 2769 1943 2821 suppliciis?
1962 2773 2032 2819 Ite,
2053 2771 2181 2822 inquit,

1201 2836 1243 2871 in
1260 2835 1387 2884 ignem
1406 2840 1589 2869 aeternum
1605 2841 1788 2883 paratum
1807 2834 1964 2870 diabolo
1984 2842 2019 2872 et
2037 2836 2185 2887 angelis

1202 2897 1295 2947 ejus.
1315 2893 1353 2932 Si
1365 2906 1447 2944 ergo
1464 2892 1524 2943 qui
1539 2907 1607 2930 non
1623 2893 1784 2930 nutriunt
1801 2907 1871 2939 eos,
1894 2894 1943 2931 ita
1957 2896 2185 2945 damnantur,

1203 2969 1290 3005 quas
1302 2967 1421 3006 poenas
1441 2952 1578 2990 dabunt
1594 2953 1631 3000 ii,
1649 2953 1708 3003 qui
1725 2967 1790 2991 non
1802 2954 1907 2992 modo
1924 2969 1992 2993 non
2009 2956 2185 3007 nutriunt,

1203 3015 1265 3054 sed
1285 3025 1318 3053 et
1345 3015 1432 3067 ipsis
1454 3014 1684 3052 contumelias
1706 3015 1890 3052 inferunt?
1908 3031 1978 3067 quo
1998 3018 2187 3069 supplicio,

1203 3091 1274 3128 qua
1292 3076 1450 3128 gehenna
1471 3089 1541 3113 non
1557 3075 1779 3113 afficientur?
1799 3078 1852 3114 Ne
1872 3091 1955 3128 ergo
1976 3087 2070 3115 tanta
2086 3079 2188 3117 nohis

1204 3137 1435 3176 incendamus
1451 3137 1543 3174 mala
1558 3151 1565 3172 :
1578 3136 1688 3174 donec
1703 3136 1851 3174 facultas
1865 3146 1929 3187 est,
1945 3138 2079 3176 malum
2093 3139 2188 3176 hunc

1227 3272 1241 3287 ’⁸
1266 3274 1277 3316 [
1293 3281 1352 3310 πῶς
1369 3275 1521 3309 ὃώσεις....
1542 3276 1640 3314 γέμων
1666 3278 1708 3314 τῷ
1734 3277 1878 3313 στόματι,
1894 3279 1954 3310 πῶς
1970 3274 2000 3305 δὲ
2016 3281 2069 3313 τῆς
2086 3278 2189 3311 :alcon-

1185 3336 1254 3366 τῆς,
1269 3328 1306 3359 Α.
1324 3331 1357 3356 et
1379 3334 1483 3366 marg.
1499 3321 1615 3366 Sani]

1229 3388 1242 3403 ³
1266 3374 1382 3408 Morcl.
1400 3380 1465 3408 τίνα
1484 3377 1588 3408 διδοῦσι
1609 3376 1700 3410 δίκην,

1950 3431 1994 3466 51

2190 806 2239 835 55.

2200 2787 2310 2816 illamh.
2334 2787 2384 2816 23.

2198 2828 2249 2868 [μ.
