2466 3805
302 231 363 278 66

301 336 538 379 exaequarent,
557 326 619 364 sed
639 324 733 376 quod
753 324 833 361 illos
852 321 897 360 ad
917 321 969 358 sui
999 331 1154 356 amorem
1171 324 1202 352 et
1217 329 1277 352 cu-

303 404 379 427 ram
403 388 653 441 pertraherent.
677 388 722 422 At
736 383 909 432 alioquin,
930 388 1116 431 postquam
1132 377 1212 414 illos
1227 374 1278 412 sic

303 450 480 501 appellare
504 445 640 498 dignati
662 446 814 492 fuerant,
837 451 871 479 et
888 440 1066 487 dixerant,
1094 438 1277 490 Quidfa·

302 512 468 546 ciemus?
489 520 557 543 non
572 506 689 542 statim
704 503 871 539 dixerunt
897 515 904 535 :
927 499 1022 549 Ergo
1036 496 1278 550 poenitentiam

302 581 468 618 agamus3
485 565 547 602 sed
558 579 593 602 se
610 564 681 601 illis
699 561 943 614 permiserunt.
965 557 1279 605 Quemadmodum

301 628 379 677 quis
403 626 439 662 in
462 623 644 674 naufragio
662 622 721 660 vel
739 621 775 658 in
795 620 918 658 morbo
935 619 1204 671 gubernatorem
1222 616 1280 655 vel

301 685 477 722 medicum
501 683 731 735 conspiciens,
753 681 871 719 omnia
894 680 948 718 illi
965 678 1124 717 concedit
1143 677 1279 731 ipsique

300 746 530 796 obtemperat,
552 743 600 780 ita
615 752 649 781 et
667 743 706 780 hi
730 742 876 780 confessi
904 750 984 779 sunt
1003 755 1038 779 se
1058 740 1093 778 in
1113 739 1280 778 extremis

300 805 430 858 positos
449 805 585 842 nullam
601 803 723 842 salutis
743 817 841 855 spem
857 802 1000 839 habere.
1018 801 1064 839 Et
1077 799 1254 853 perpende
1269 815 1276 836 :

300 880 370 904 non
388 865 570 915 dixerunt,
592 864 782 912 Quomodo
799 863 888 901 salvi
906 863 1036 900 erimus
1050 878 1061 912 3
1079 861 1154 911 sed,
1180 861 1283 911 Quid

298 929 516 979 faciemus?
537 926 636 975 Quid
659 925 769 977 igitur
794 924 943 963 Petrus?
963 925 1099 961 Rursus
1122 922 1181 959 hic
1199 935 1281 959 cum

301 1004 421 1028 omnes
451 989 765 1041 interrogarentur,
786 987 862 1039 ipse
891 985 1090 1038 respondet,
1111 984 1173 1022 58.
1193 985 1282 1021 Poe-

303 1053 507 1089 nitentiam
523 1053 638 1102 agite,
654 1049 787 1096 dicens,
805 1056 842 1085 et
854 1049 1071 1099 baptizetur
1083 1046 1282 1097 unusquis-

305 1126 377 1164 que
397 1120 569 1149 vestrum
584 1113 625 1147 in
643 1111 795 1147 nomine
821 1109 915 1145 Jesu
937 1107 1092 1144 Christi.
1113 1103 1282 1143 'Nondum

303 1172 403 1221 dicit,
418 1171 572 1219 Credite3
592 1170 669 1220 sed,
686 1171 913 1220 Baptizetur
931 1168 1194 1218 unzcsquisque
1209 1179 1280 1201 ve—

303 1241 438 1271 strum.
455 1233 531 1270 Hoc
546 1231 688 1269 enimin
703 1229 913 1281 baptismate
929 1226 1160 1278 accipiebant.
1175 1225 1283 1263 Dein-

303 1293 348 1331 de
371 1293 513 1330 lucrum
536 1291 687 1330 ostendit
711 1307 717 1326 :
746 1293 796 1327 In
817 1291 1078 1326 remissionem
1101 1295 1281 1338 peccato—

305 1368 408 1399 rum;
437 1363 473 1392 et
497 1355 691 1405 accipietis
722 1352 865 1389 donum
888 1350 1051 1401 Spiritus
1076 1350 1215 1385 sancti.
1246 1347 1284 1385 Si

305 1415 439 1453 donum
461 1414 638 1467 accepturi
657 1413 753 1462 estis,
779 1411 808 1449 si
830 1409 1069 1448 remissionem
1097 1409 1203 1445 habet
1221 1407 1284 1444 ba-

303 1479 446 1529 ptisma,
478 1491 540 1515 cur
574 1473 812 1513 cunctamini?
840 1472 978 1510 Deinde
1008 1470 1285 1523 probabiliorem

303 1539 455 1577 reddens
476 1550 685 1586 sermonem,
711 1533 899 1586 subjunxit
919 1534 1004 1570 :59
1035 1534 1149 1569 Vobis
1183 1534 1285 1569 enim

305 1610 361 1639 est
379 1602 633 1653 repromissio.
656 1599 756 1636 Hanc
778 1606 811 1634 et
826 1596 897 1645 hic,
925 1609 1033 1647 quam
1051 1594 1212 1647 superius
1230 1593 1286 1631 di-

305 1671 417 1700 xerat.
443 1663 495 1700 Et
510 1662 608 1713 filiis
630 1661 785 1704 vestris,
813 1657 941 1707 inquit.
969 1656 1085 1707 Igitur
1103 1655 1218 1707 majus
1237 1664 1287 1693 est

303 1724 453 1773 donum,
473 1721 612 1773 quando
643 1722 818 1758 bonorum
844 1718 950 1755 etiam
968 1717 1126 1755 haeredes
1145 1717 1286 1754 habent.

305 1789 359 1825 Et
383 1788 573 1832 omnibus,
600 1783 729 1834 inquit,
758 1784 824 1834 qui
850 1782 962 1832 longe
989 1788 1090 1817 sunt.
1111 1778 1150 1816 Si
1168 1779 1212 1815 iis
1226 1778 1287 1829 qui

303 1848 419 1900 longe,
433 1847 543 1884 multo
557 1845 670 1897 magis
684 1843 786 1881 vobis
801 1842 861 1893 qui
874 1855 996 1893 prope.
1021 1842 1287 1891 Quoscumque

305 1911 554 1948 advocaverit
563 1909 754 1946 Dominus
769 1906 875 1942 Deus
889 1911 1027 1941 noster.
1041 1901 1136 1940 Vide
1146 1900 1287 1952 quando

305 1972 421 2021 dicat,
440 1973 495 2008 Iis
513 1972 579 2023 qui
600 1970 710 2019 longe
725 1974 825 2004 sunt.
844 1963 997 2011 Quando
1013 1962 1105 2002 vidit
1118 1963 1198 2000 illos
1220 1961 1287 1999 sibi

304 2032 466 2085 proprios
485 2040 518 2068 et
532 2044 604 2068 sese
624 2028 843 2066 damnantes.
864 2025 992 2062 Anima
1020 2024 1114 2062 enim
1145 2022 1287 2074 quando

305 2094 457 2145 seipsam
487 2089 723 2136 damnaverit,
743 2102 811 2125 non
836 2087 930 2124 ultra
960 2085 1088 2138 poterit
1114 2084 1287 2122 invidere.

307 2156 370 2192 40.
385 2154 495 2191 Aliis
507 2155 624 2190 etiam
637 2152 765 2188 verbis
780 2149 957 2200 plurimis
972 2147 1201 2197 testificatus
1216 2153 1285 2190 est,

309 2224 345 2253 et
361 2215 652 2258 exhortabatur,
671 2212 812 2248 dicens.
826 2207 921 2247 Vide
938 2207 1043 2244 illum
1061 2206 1192 2256 ubique
1209 2205 1289 2242 bre-

308 2276 398 2314 viter
427 2274 641 2324 loquentem,
661 2284 730 2308 non
750 2269 992 2316 ambitiosum⁷
1015 2280 1086 2304 non
1104 2275 1291 2304 ostentato-

311 2351 396 2374 rem.
434 2337 467 2373 T
466 2334 678 2386 estificatus
700 2339 769 2377 est,
792 2329 923 2380 inquit,
947 2337 983 2366 et
1001 2329 1292 2372 exhortabatur,

312 2399 457 2435 dicens.
481 2396 565 2432 Haec
592 2394 743 2446 perfecta
775 2390 935 2428 doctrina
956 2398 1026 2439 est,
1046 2403 1124 2440 quae
1144 2388 1226 2425 hinc
1244 2387 1292 2424 ti-

312 2473 458 2507 morem,
479 2457 561 2495 inde
577 2469 732 2493 amorem
750 2453 869 2490 habet.
901 2452 1119 2491 Salvamini
1139 2465 1163 2488 a
1178 2464 1295 2502 gene—

259 2561 269 2566 „
311 2523 463 2557 ratione
484 2521 560 2556 ista
573 2529 710 2569 prava.
730 2513 833 2552 Nihil
846 2513 889 2550 de
900 2512 1044 2557 futuris,
1067 2510 1128 2549 sed
1146 2510 1190 2548 de
1204 2525 1296 2563 prae—

312 2580 469 2618 sentibus
493 2578 594 2627 dicit,
620 2575 751 2628 quibus
785 2573 940 2611 maxime
971 2581 1158 2611 moventur
1180 2571 1296 2609 homi-

312 2656 372 2679 nes
393 2657 400 2677 :
421 2639 643 2690 ostenditque
662 2636 948 2690 praedicationem
967 2644 999 2672 et
1021 2649 1041 2671 a
1065 2633 1297 2686 praesentibus

313 2712 347 2741 et
366 2717 386 2740 a
402 2701 532 2739 futuris
556 2712 678 2737 eruere
704 2697 817 2735 malis.
837 2697 901 2734 41.
927 2697 1000 2746 Qui
1017 2709 1104 2747 ergo
1134 2695 1298 2732 libenter

315 2771 542 2816 acceperunt
560 2774 772 2800 sermonem
797 2761 892 2811 ejus,
917 2760 1106 2809 baptizati
1125 2765 1214 2794 sunt
1230 2772 1240 2792 .·
1260 2765 1295 2794 et

734 245 754 274 S
764 264 772 274 .
808 242 987 273 JOANMS
1023 236 1243 268 CHRYSOST
1252 255 1260 264 .

1300 473 1330 537 >3³

315 2828 498 2877 apposita?
521 2831 610 2861 sunt
633 2825 673 2859 in
704 2822 766 2858 die
781 2821 853 2858 illa
880 2822 1020 2857 animae
1045 2822 1197 2856 circiter
1221 2821 1298 2855 tria

316 2887 453 2924 millia.
469 2886 588 2932 Quam
600 2892 704 2935 putas
718 2883 799 2930 hoc,
811 2882 924 2932 magis
935 2894 1042 2931 quam
1055 2880 1198 2931 signum
1213 2894 1297 2932 apo-

317 2948 423 2986 stolos
436 2945 702 2985 recreassei‘lffl.
715 2945 845 2982 Erant
869 2950 998 2979 autem
1014 2949 1300 2992 perseverantes

318 3011 554 3047 unanimiter
572 3010 614 3044 in
633 3007 811 3044 doctrina
838 3003 1113 3055 apostolorum,
1134 3012 1169 3040 et
1192 3017 1300 3040 com-

319 3073 591 3109 municatione.
622 3069 713 3105 Duae
737 3066 899 3115 virtutes,
924 3073 957 3102 et
976 3064 1072 3115 quod
1098 3078 1300 3116 persevera-

363 3199 376 3213 a
401 3186 460 3219 Alii
487 3192 514 3220 ἐν
539 3195 599 3223 τοῖς
621 3190 751 3228 ἐσχάτοις
768 3191 864 3220 κακοῖς
888 3185 982 3219 ὄντας.
1002 3181 1092 3222 [Mox
1106 3180 1197 3212 Editi
1216 3187 1248 3211 ct
1272 3190 1321 3210 re-

321 3241 482 3272 centiores
498 3236 606 3270 Codd.
628 3238 665 3269 A.
682 3237 718 3267 B.
739 3236 775 3267 C.
798 3242 824 3268 τι·
857 3242 1034 3275 mammem
1058 3236 1146 3266 πάλιν
1164 3236 1290 3266 ἐνταῦθα
1307 3235 1321 3264 ὸ

321 3298 487 3335 Πέτρος...
515 3297 735 3331 μετανοήσατε,
766 3292 844 3332 ρης-ι’.
860 3284 970 3318 Secuti
987 3294 1098 3315 sumus
1124 3287 1232 3317 ε”κῦοτιν
1259 3283 1322 3315 Co-

320 3344 402 3375 dicis
428 3342 483 3381 D.‚
513 3351 610 3382 quam
635 3346 668 3371 et
695 3339 851 3370 Erasmus
879 3336 1152 3378 interpretatione
1179 3346 1234 3366 sua
1265 3346 1323 3366 ex-

321 3393 465 3437 pressit}

367 3450 376 3459 '
401 3445 478 3487 [Ita
497 3444 536 3475 D.
562 3451 595 3475 et
605 3443 732 3474 Erasm.
751 3439 841 3473 Editi
866 3447 898 3472 et
916 3437 1023 3472 Codd.
1043 3439 1078 3470 A.
1098 3439 1134 3470 Β.
1152 3439 1189 3471 C.
1204 3443 1220 3476 ἡ
1233 3443 1326 3479 :²7:17-

1301 233 1486 264 ARCHIEP
1495 252 1503 261 .
1542 231 1893 261 CONSTANTINOP.

1352 312 1430 355 τοὺς
1458 310 1761 363 παρεξισάζοντες,
1783 311 1860 349 ὅσον
1880 313 1926 354 εἷς
1952 310 2194 362 φιλοστοργίαν
2214 309 2368 348 ἐπισπώ-

1354 388 1450 423 μενοι
1469 372 1528 409 καὶ
1553 371 1772 420 κηδεμονίαν.
1790 371 1922 415 Ἄλλως
1939 371 1986 416 δὲ,
2001 370 2119 418 ἐπειδὴ
2145 370 2242 408 αὐτοὶ
2259 385 2368 415 κατη-

1354 432 1478 477 ξίωσαν
1494 436 1594 470 τοῦτο
1607 432 1753 470 καλέσαι
1767 431 1900 477 αὐτοὺς,
1912 432 1970 470 καί
1985 448 2081 484 φασι,
2091 432 2138 470 Τί
2151 431 2369 480 ποιήσωμεν;

1354 494 1416 530 οὐκ
1439 487 1535 530 εἷπον
1566 491 1706 535 εὐθέως·
1745 493 1865 530 οὐκοῦν
1892 495 2135 542 μετανοῶμεν·
2158 491 2234 529 ἀλλ’
2251 490 2372 541 ἓπέτρε

1354 555 1422 604 ψαν
1442 552 1582 595 ἑαυτοὺς
1602 555 1727 594 αὐτοῖς.
1751 551 1919 605 Καθάπερ
1939 554 1972 589 ἐν
1990 553 2145 605 ναυαγίῳ
2161 568 2213 594 τις
2231 550 2373 603 γενόμε-

1353 613 1444 659 νοςῆ
1475 615 1509 650 ἐν
1539 613 1646 665 νόσῳ,
1665 613 1722 650 τὸν
1752 612 1967 665 κυὸερνήτην
1995 612 2075 650 ἷδὼν
2102 612 2124 659 ἢ
2154 613 2211 650 τὸν
2239 611 2371 664 ἰατρὸν,

1354 674 1470 712 πάντα
1495 675 1587 725 αὐτῷ
1611 678 1817 726 παραχωρεῖ
1841 689 1878 710 τε
1911 672 1970 710 καὶ
1995 672 2172 710 πείθεται·
2193 672 2281 711 οὕτω
2313 671 2373 709 καὶ

1355 728 1448 773 οῦτοι
1474 733 1743 785 ὡμολογήκασιν
1762 738 1777 754 ²¹
1789 736 1822 771 ἐν
1845 733 2004 785 ἐσχάτοις
2027 733 2125 776 ὄντας
2144 733 2297 780 ἑαυτοὺς,
2314 732 2374 769 καὶ

1356 796 1432 834 οὐδὲ
1449 796 1572 834 ἐλπίδα
1592 794 1765 848 σωτηρίας
1792 795 1948 846 ἔχοντας.
1975 794 2045 833 Καὶ
2065 794 2140 847 ὅρα.
2163 794 2238 831 Οὐκ
2258 788 2352 831 εἶπον
2367 808 2374 815 ·

1355 860 1429 899 πῶς
1464 859 1651 907 σωθῶμεν,
1695 855 1805 904 ἀλλὰ,
1842 855 1890 894 Τί
1932 855 2152 906 ποιήσωμεν,
2184 854 2232 893 Τί
2272 848 2329 892 οῦν
2357 856 2375 890 ὃ

1354 917 1488 968 Πέτρος
1500 932 1510 965 ;
1531 917 1646 955 Πάλιν
1666 918 1813 954 ἐνταῦθα
1835 915 1972 953 πάντων
2002 915 2260 967 ἐρωτηθέντων,
2285 917 2375 952 ἐκεῖ-

1356 993 1410 1020 νος
1440 977 1686 1030 ἀποκρίνεται,
1712 976 1991 1022 Μετανοήσατε,
2006 976 2135 1027 λέγων,
2164 975 2223 1013 καὶ
2253 977 2376 1025 βαπτι-

1357 1038 1472 1084 σθήτω
1490 1037 1632 1080 ἕκαστος
1649 1039 1744 1087 ὑμῶν
1770 1036 1826 1074 ἐπὶ
1846 1039 1895 1087 τῷ
1916 1036 2059 1087 ὀνόματι
2078 1037 2194 1083 Ἰησοῦ
2212 1036 2377 1089 Χριστοῦ.

1357 1098 1427 1135 Καὶ
1446 1097 1543 1136 οὔπω
1566 1096 1672 1148 λέγει,
1692 1097 1745 1135 ὅτι
1767 1096 1996 1135 πιστεύσατε·
2018 1097 2125 1145 ἀλλὰ,
2143 1096 2378 1142 Βαπτισθήτω

1356 1157 1500 1200 ἕκαστος
1519 1159 1626 1208 ὑμῶν.
1644 1159 1759 1195 Τοῦτο
1776 1157 1844 1209 γὰρ
1861 1159 1894 1196 ἐν
1911 1160 1961 1210 τῷ
1984 1157 2201 1208 βαπτίσματι
2217 1156 2377 1208 παρέλα-

1358 1219 1428 1256 6ον.
1448 1213 1538 1256 Εἶτα
1558 1218 1709 1256 δείκνυσι
1731 1218 1790 1256 καὶ
1810 1218 1848 1256 τὸ
1869 1218 1988 1270 κέρδος
2002 1235 2009 1241 ·
2025 1220 2087 1261 Εἷς
2116 1219 2236 1270 ἄφεσιν
2260 1218 2379 1267 ἁμαρ-

1357 1281 1440 1317 τιῶν
1456 1294 1462 1301 ·
1481 1279 1540 1316 καὶ
1565 1278 1716 1330 λήψεσθε
1735 1278 1798 1325 τὴν
1817 1279 1949 1332 δωρεὰν
1965 1283 2025 1317 τοῦ
2046 1279 2142 1331 ἁγίου
2162 1278 2378 1328 Πνεύματος.

1359 1341 1403 1377 Εἰ
1423 1338 1553 1392 δωρεὰν
1581 1338 1748 1390 λήψεσθε,
1767 1341 1795 1376 εἷ
1816 1339 1937 1391 ἄφεσιν
1962 1339 2035 1391 ἔχει
2063 1340 2101 1378 τὸ
2123 1339 2326 1390 βάπτισμα,
2346 1337 2380 1374 τί

1360 1400 1519 1450 μέλλετε,
1542 1393 1631 1437 Εἶτα
1650 1400 1794 1438 πιθανὸν
1817 1399 1875 1437 τὸν
1901 1399 2001 1451 λόγον
2030 1404 2157 1449 ποιῶν,
2184 1399 2359 1451 ἐπήγαγεν
2373 1414 2380 1421 ·

1358 1460 1462 1509 Ἱ’μῖν
1489 1460 1556 1511 γάρ
1576 1462 1668 1498 ἐστιν
1689 1463 1710 1505 ἡ
1728 1460 1931 1512 ἐπαγγελία.
1962 1461 1981 1481 *
1996 1461 2138 1507 Ταύτην
2160 1460 2220 1500 καὶ
2235 1463 2380 1499 ἐνταῦθα

1357 1521 1462 1572 λέγει,
1481 1521 1521 1568 ἣν
1540 1515 1613 1558 εἷπε
1631 1521 1690 1559 καὶ
1709 1522 1779 1559 ἄνω
1805 1522 2059 1573 διαλεγόμενος.
2080 1522 2151 1560 Καὶ
2164 1528 2233 1565 τοῖς
2249 1520 2381 1564 τέκνοις

1359 1585 1467 1633 ὑμῶν,
1488 1582 1583 1634 φησί.
1601 1584 1735 1620 Οὐκοῦν
1750 1582 1874 1633 μείζων
1889 1587 1910 1629 ἧ
1926 1582 2056 1634 δωρεὰ,
2067 1582 2149 1622 ὅταν
2162 1586 2230 1620 τῶν
2242 1584 2380 1632 ἀγαθῶν

1358 1643 1418 1681 καὶ
1437 1642 1671 1695 κληρονόμους
1687 1643 1806 1694 ἔχωσι.
1823 1643 1893 1681 Καὶ
1912 1650 2012 1692 πᾶσι,
2035 1644 2132 1695 φησι,
2152 1648 2223 1686 τοῖς
2243 1645 2289 1685 εἷς
2316 1657 2384 1692 μα-

1360 1704 1457 1758 κράν.
1475 1706 1519 1742 Εἰ
1538 1706 1622 1748 Τοῖς
1645 1707 1692 1748 εἷς
1712 1704 1870 1756 μακρὰν,
1889 1708 2008 1758 πολλῷ
2031 1705 2189 1757 1’μᾶλλον
2207 1707 2289 1755 ὑμῖν
2313 1709 2383 1746 τοῖς

1361 1765 1472 1816 ἐγγύς.
1491 1765 1619 1809 “Oe-oue
1636 1765 1676 1803 ἂν
1692 1766 1976 1817 προσκαλέσηται
1992 1767 2118 1819 Κύριος
2133 1771 2150 1805 ὃ
2161 1766 2250 1809 Θεὸς
2265 1766 2380 1816 ἡμῶν.

1364 1825 1460 1877 ἸΟρα
1475 1826 1559 1864 πότε
1572 1826 1688 1878 λέγει,
1709 1828 1793 1871 Τοῖς
1808 1830 1854 1871 εἷς
1879 1828 2028 1880 μακράν.
2045 1828 2134 1867 ἱὈτε
2151 1827 2272 1871 αὐτοὺς
2287 1821 2383 1877 εὗρεν

1361 1887 1598 1939 ᾠκειωμένους
1623 1888 1681 1925 καὶ
1706 1889 1968 1940 κατεγνωκότας
1997 1892 2140 1927 ἑαυτῶν·
2173 1888 2285 1940 ῙΓυχὴ
2317 1886 2384 1938 γὰρ

1361 1947 1443 1986 ὅταν
1478 1948 1603 1994 ἑαυτὴν
1635 1949 1852 2001 καταδικάσῃ
1865 1980 1875 1997 ,
1914 1949 2029 1988 οὐκέτι
2063 1954 2195 2002 φθονεῖν
2232 1949 2383 1987 δύναται.

1363 2008 1516 2060 Ἑτέροις
1541 2025 1578 2046 τε
1594 2008 1707 2061 λόγοις
1726 2009 1861 2048 πλείοσι
1878 2009 2134 2063 διεμαρτύρατο
2148 2010 2207 2047 καὶ
2226 2009 2385 2060 παρεκά-

1362 2072 1434 2119 λει,
1453 2070 1574 2122 λέγων.
1596 2069 1694 2122 εὈρα
1715 2071 1815 2108 αὐτὸν
1838 2076 2018 2122 πανταχοῦ
2047 2071 2295 2122 ἐπι-τέμνοντα,
2327 2070 2386 2107 καὶ

1364 2134 1400 2169 οὐ
1433 2131 1737 2182 φιλοτιμούμενον,
1772 2131 1848 2169 οὐδὲ
1878 2133 2154 2170 ἐπιδεικτιῶντα.
2189 2130 2387 2183 Διεμαρτύ-

1368 2207 1461 2244 ρατο,
1479 2191 1647 2243 ’ρησὶξκαὶ
1660 2191 1863 2242 παρεκάλει,
1876 2191 1998 2243 λέγων.
2020 2192 2278 2244 Ἀπηρτισμένη
2301 2191 2386 2238 αὕτη

1367 2253 1586 2301 διδασκαλία,
1603 2253 1642 2290 τὸ
1660 2253 1723 2303 μὲν
1745 2252 1863 2305 φόὸου,
1881 2253 1970 2291 τὸδὲ
1990 2254 2128 2304 ἀγάπης
2148 2254 2287 2305 ἔχουσα.
2311 2253 2389 2291 Σώ-

1368 2319 1468 2362 θητε,
1489 2315 1557 2352 ἀπὸ
1572 2317 1632 2360 τῆς
1651 2320 1769 2365 γενεᾶς
1784 2317 1846 2360 τῆς
1863 2315 2004 2357 σκολιᾶς
2021 2314 2160 2361 ταύτης.
2182 2313 2291 2352 Οὐδὲν
2309 2315 2389 2365 περὶ

1370 2376 1564 2428 μελλόντων
1585 2375 1686 2427 φησὶν
1699 2405 1708 2423 ,
1730 2374 1820 2413 ἀλλὰ
1838 2375 1917 2428 περὶ
1939 2378 2007 2413 τῶν
2035 2375 2216 2427 παρόντων
2230 2404 2237 2418 ,
2258 2369 2307 2418 οἷς
2332 2375 2390 2412 καὶ

1371 2438 1523 2488 μάλιστα
1554 2435 1734 2486 ἐνάγονται
1760 2435 1954 2487 ἅνθρωποι·
1982 2436 2041 2473 καὶ
2065 2436 2253 2483 δείκνυσιν,
2273 2437 2326 2473 ὅτι
2352 2436 2392 2473 τὸ

1370 2498 1536 2550 κήρυγμα
1552 2496 1610 2535 καὶ
1628 2500 1696 2534 τῶν
1711 2495 1893 2548 παρόντων
1908 2496 1967 2533 καὶ
1982 2500 2050 2534 τῶν
2067 2496 2262 2547 μελλόντων
2284 2497 2392 2534 ἀπαλ-

1370 2560 1489 2598 λάττει
1519 2560 1650 2596 κακῶν.
1682 2559 1728 2595 Οἱ
1758 2558 1818 2608 μὲν
1850 2550 1907 2594 οῦν
1937 2557 2095 2608 ἀσμένως
2121 2557 2392 2607 ςάποδεξοίμενοι

1371 2621 1428 2659 τὸν
1447 2619 1548 2671 λόγον
1566 2620 1682 2665 αὐτοῦ,
1702 2618 1974 2664 ἐδαπτίσθησαν·
1995 2618 2052 2655 καὶ
2069 2617 2327 2669 προσετέθησαν
2349 2620 2392 2668 τῇ

1371 2682 1486 2736 ἡμέρα
1507 2681 1619 2732 ἐκείνῃ
1644 2681 1754 2733 ψυχαὶ
1776 2680 1859 2718 ὡσεὶ
1887 2679 2090 2731 τρισχίλιαι.
2112 2681 2195 2722 Πῶς
2211 2679 2274 2717 οἴει
2293 2682 2393 2716 τοῦτο

1372 2744 1448 2787 τοὺς
1477 2742 1689 2785 ἀποστόλους
1714 2739 1977 2786 ἀνακτήσασθαι
1998 2741 2130 2790 μᾶλλον
2149 2743 2209 2776 τοῦ
2227 2739 2394 2789 σημείου;

1371 2799 1488 2844 τΗσαν
1519 2803 1553 2842 ’δὲ
1579 2805 1916 2855 προσκαρτεροῦντες
1945 2800 2162 2851 ὁμοθυμαδὸν
2194 2802 2237 2850 τῇ
2269 2800 2393 2851 διδαχῇ

1373 2869 1441 2904 τῶν
1464 2863 1665 2902 ἀποστόλων
1685 2862 1744 2899 καί
1760 2865 1802 2913 τῇ
1831 2860 2008 2913 κοινωνία.
2026 2859 2096 2897 Δύο
2117 2859 2255 2911 ἀρεταὶ,
2276 2859 2335 2897 καὶ
2357 2860 2396 2897 τὸ

1374 2930 1665 2980 προσκαρτερεῖν,
1690 2924 1749 2961 καὶ
1774 2923 1814 2961 τὸ
1841 2920 2070 2972 ὃμοθυμαδόν.
2088 2919 2228 2959 ἀΤοῦτο
2245 2921 2281 2959 δέ
2299 2936 2396 2972 φησι,

2051 2986 2117 3000 >xlx

1375 2993 1431 3032 ἵνα
1451 2992 1558 3043 δείξῃ,
1577 2990 1630 3029 ὅτι
1646 2989 1754 3028 πολὺν
1770 2988 1894 3041 χρόνον
1911 2986 2030 3029 αὐτοὺς
2047 3000 2239 3025 εοιοασκον.
2263 2987 2333 3025 Καὶ
2354 2989 2397 3037 τῇ

1376 3060 1550 3112 κοινωνία,
1575 3059 1634 3098 καὶ
1655 3060 1698 3109 τῇ
1719 3056 1842 3095 κλάσει
1858 3072 1915 3094 του
1937 3055 2054 3107 ἄρτου,
2076 3054 2134 3091 καὶ
2147 3057 2189 3106 τῇ
2210 3058 2399 3106 προσευχῇ.

1388 3182 1482 3220 ysaia.
1505 3180 1565 3211 εἷπε
1590 3179 1639 3209 καὶ
1655 3174 1732 3217 (εἶπε
1748 3178 1806 3215 γὰρ
1829 3176 1877 3204 καὶ
1898 3167 1997 3202 Savil.
2015 3172 2075 3203 εἶπε
2098 3174 2156 3215 γάρ
2170 3171 2206 3202 Α,
2220 3170 2245 3201 Β
2271 3169 2325 3210 C.)
2343 3175 2402 3203 αἴνῳ

1390 3233 1565 3271 ἐπαγγελίαν
1590 3230 1666 3259 διαὶ..
1686 3225 1762 3255 Mox
1779 3234 1795 3254 e
1811 3223 1852 3255 D.
1868 3222 2041 3253 sumsimus
2062 3220 2190 3264 mma-2]

1386 3284 1399 3303 '¹
1435 3281 1487 3311 &izi
1513 3284 1621 3313 stlta)
1652 3292 1710 3313 τ);,·
1739 3278 1832 3316 ἐγχᾶς.

1435 3341 1447 3356 c
1472 3329 1585 3363 Morel.
1605 3327 1692 3361 solus
1710 3330 1872 3368 δεξάμενοι.

1435 3385 1450 3408 d
1476 3384 1550 3425 [Ita
1568 3383 1608 3413 D.
1621 3388 1654 3412 et
1670 3376 1945 3419 Erasmus.Vulgo
1965 3384 2001 3413 τῆ
2015 3379 2120 3419 διδαχῇ
2135 3385 2191 3409 τῶν
2209 3380 2395 3413 ἀποπτῶσιν,

1395 3444 1471 3481 sami·
1491 3439 1579 3470 πάλιν
1598 3438 1654 3477 γάρ
1674 3433 1777 3468 αὐτοὺς
1796 3428 1970 3469 ἐδίδασκον]
