2502 3810
686 262 727 290 IN
767 262 903 291 EPtST.

58 337 200 376 πώποτε
220 339 409 389 γενομένων
430 340 634 392 ἀνθρώπιον,
658 341 690 384 ἐξ
716 336 752 379 οῧ
772 341 908 392 γέγονεν
928 344 945 378 ὁ
965 338 1074 388 Ἀδὰμ

60 399 164 450 μέχρι
183 402 245 445 τ’ῆς
263 399 395 450 ἡμέρας
412 401 564 448 ἐκείνης,
586 402 654 439 ἀπὸ
673 404 735 452 γῆς
757 401 1010 439 ἀναδαινόντων
1038 415 1075 437 τε

58 459 116 496 καὶ
139 459 387 510 ἁρπαζομένων
408 461 584 507 ἁπάντων,
607 464 708 499 αὐτοῦ
724 462 813 512 μετὰ
828 465 889 508 τῆς
908 461 1076 506 τοσαύτης

56 518 262 570 φαινομένου
284 518 394 568 δόξης,
412 523 459 563 ὡς
482 521 542 559 καὶ
565 521 627 569 τὴν
656 522 803 568 σελήνην
823 522 883 560 καὶ
900 521 957 559 τὸν
976 521 1072 567 ἥλιον

58 579 117 617 καὶ
142 579 234 617 ἅπαν
263 580 476 632 κρύπτεσθαι
492 585 562 634 φῶς
577 583 642 621 ὑπὸ
658 586 719 629 τῆς
735 585 841 634 αὐγῆς
857 582 989 628 ἐκείνης
1005 597 1073 619 κα-

58 639 341 690 ταλαμπόμενον.
371 641 435 685 Τίς
454 643 675 694 παραστήσει
694 642 794 693 λόγος
811 642 873 688 τὴν
897 640 1073 693 μακαριό-

58 715 148 743 τητα
175 700 320 748 ἐκείνην,
345 701 407 748 τὴν
439 702 671 754 λαμπρότητα
687 732 696 750 ,
728 702 790 748 τὴν
811 702 932 750 δόξαν,
964 701 1073 752 Οἴμοι

942 259 1000 288 AD
1037 257 1143 286 ROM.

2037 240 2129 286 (353

1145 337 1249 373 illum
1271 336 1494 388 splendorem
1514 345 1547 374 et
1571 336 1746 388 gloriam?
1766 334 1830 374 Hei
1851 336 1974 374 millio
1991 336 2127 376 anima!

1145 395 1247 432 Nunc
1262 394 1354 432 enim
1374 394 1564 447 lacrymari
1584 395 1695 444 subit,
1710 403 1743 432 et
1757 394 1862 433 valde
1883 394 2128 445 ingemiscere,

1145 454 1310 505 cogitanti
1321 469 1365 492 ex
1375 455 1514 506 quantis
1530 455 1632 494 bonis
1648 455 1885 506 excidimus,a
1899 470 1969 506 qua
1985 455 2130 493 felicita·

1146 523 1177 552 te
1194 515 1300 553 alieni
1316 516 1518 554 evadimus:
1532 519 1614 554 nam
1632 516 1738 555 alieni
1758 530 1880 554 sumus
1899 515 1966 563 (de
1995 515 2128 567 meipso

1144 575 1303 625 loquor),
1326 576 1395 614 nisi
1413 591 1582 629 magnum
1612 577 1796 629 quidpiam
1811 587 1844 615 et
1861 578 2025 615 mirabile
2046 592 2130 630 ope-

1146 649 1276 673 remur.
1294 637 1347 674 Ne
1370 636 1487 688 itaque
1502 637 1591 675 mihi
1607 638 1686 688 quis
1706 638 1764 675 hic
1786 638 1982 689 gehennam
2001 652 2130 676 memo-

1146 705 1199 734 ret
1217 697 1333 734 :omni
1353 698 1486 749 quippe
1504 698 1662 749 gehenna
1678 699 1822 750 gravius
1841 707 1891 736 est
1909 713 1928 736 a
1945 707 2038 737 tanta
2055 699 2130 750 glo-

1183 256 1337 286 HOMIL.
1376 257 1467 287 XIV.

58 759 156 812 ψυχή
171 775 178 783 ·
202 760 261 798 καὶ
280 761 346 813 γὰρ
366 763 534 815 δακρῦσαί
555 779 614 813 μοι
635 767 691 801 νῦν
712 762 824 801 ἔπεισι
840 762 898 800 καὶ
915 761 1074 806 στενάξαι
1099 766 1124 797 D
1146 757 1199 794 ria
1219 757 1399 807 excidere,
1418 758 1517 796 mille
1533 754 1718 811 suppliciis
1731 760 1876 810 gravius
1890 769 1940 797 est
1959 769 2051 798 sorte
2069 760 2131 798 illa

63 821 153 872 μέγα
167 851 176 869 ,
197 823 365 860 ἐννοοῦντι
383 823 489 861 ποίων
504 823 709 874 ἐξεπέσομεν
727 826 876 874 ἀγαθῶν,
898 822 971 866 οἵας
985 828 1000 843 ‘¹
1013 823 1075 859 ἀλ-

60 880 289 932 λοτριούμεθα
318 884 593 934 μακαριότητος·
623 884 681 921 καὶ
708 884 774 934 γὰρ
803 882 1076 933 ἀλλοτριούμεθα

61 940 116 987 (τό
131 956 168 992 γε
186 944 335 991 ἐμαυτοῦ
350 943 441 994 λέγω
458 943 556 991 τέως)
570 973 579 990 ,
601 943 659 981 ἐὰν
684 943 732 992 μή
755 958 789 980 τι
805 941 896 993 μέγα
915 942 974 979 καὶ
993 945 1076 979 θαυ-

62 1002 194 1049 μαστὸν
214 1002 456 1053 ἐργασώμεθα.
487 1003 548 1050 Μὴ
565 1003 677 1041 τοίνυν
699 1019 757 1054 μοι
769 1001 900 1051 λεγέτω
916 1017 966 1043 τις
981 999 1092 1051 γέεν-,

61 1075 121 1098 ναν
148 1063 312 1099 ἐνταῦθα·
343 1063 402 1100 καὶ
420 1062 488 1115 γὰρ
518 1063 657 1110 ἁπάσης
676 1062 813 1114 γεέννης
832 1059 1076 1113 χαλεπώτερον

1147 816 1297 869 privari.
1328 819 1489 855 Attamen
1520 818 1639 856 adhue
1658 819 1704 856 ad
1727 820 1911 870 praesentia
1937 821 2128 866 inhiamus,

1148 890 1211 913 nec
1230 876 1426 927 cogitamus
1456 877 1589 915 diaboli
1620 879 1807 929 malitiam,
1832 880 1894 930 qui
1914 895 1975 932 per
1994 881 2131 919 modica

1149 951 1277 987 magna
1290 937 1391 975 nobis
1407 939 1572 990 subripit,
1590 949 1623 976 et
1635 940 1750 977 lutum
1763 940 1839 990 dat,
1853 951 1891 978 ut
1904 942 2057 993 abripiat
2071 957 2131 979 au-

1148 1011 1245 1046 rum,
1266 997 1338 1034 imo
1370 998 1490 1049 potius
1521 1008 1559 1036 ut
1585 1000 1740 1052 abripiat
1769 1002 1908 1050 caelum,
1931 1011 1964 1039 et
1983 1003 2133 1040 ostendit

1151 1058 1328 1106 umbram,
1346 1068 1384 1095 ut
1404 1073 1465 1096 nos
1485 1059 1631 1111 abjiciat
1655 1076 1674 1098 a
1696 1061 1858 1111 veritate,
1880 1071 1912 1099 et
1932 1062 1968 1099 in
1987 1063 2133 1100 somniis

1151 1118 1394 1170 imaginationi
1420 1119 1562 1170 illudit;
1581 1121 1647 1159 hoe
1666 1122 1759 1159 enim
1775 1131 1856 1159 sunt
1875 1131 2060 1174 praesentes
2080 1122 2134 1160 di-

1152 1179 1269 1229 vitiae3
1300 1189 1338 1218 ut
1370 1180 1582 1220 adveniente
1613 1183 1671 1220 die
1701 1183 1860 1221 omnium
1892 1184 2136 1235 pauperrimos

1153 1241 1324 1279 ostendat.

60 1121 100 1158 τὸ
129 1121 299 1168 τοσαύτης
326 1125 483 1161 ἐκπεσεῖν
513 1127 574 1170 τῆς
599 1123 719 1171 δόξης,
745 1123 803 1160 καὶ
826 1121 956 1173 μυρίων
976 1121 1079 1159 >toxot-

60 1196 148 1219 σεων
181 1188 297 1234 χεῖρον
327 1183 365 1221 τὸ
395 1186 456 1230 τῆς
485 1183 614 1231 λήξεως
636 1185 911 1235 ἀλλοτριωθῆναι
932 1181 1077 1228 ἐκείνης.

63 1243 153 1280 Ἀλλ’
182 1242 275 1294 ὅμως
300 1243 351 1281 ἔτι
370 1245 455 1297 πρὸς
478 1245 522 1282 τὰ
541 1245 697 1297 παρόντα
716 1244 928 1296 κεχήναμεν,
948 1243 1007 1281 καὶ
1024 1244 1084 1280 οὐκ

64 1307 241 1355 ἐννοοῦμεν
269 1310 328 1343 τοῦ
357 1305 518 1343 διαὸόλου
543 1305 607 1353 τὴν
633 1305 857 1358 κακουργίαν,
878 1305 913 1348 ὃς
940 1304 995 1342 διὰ
1015 1307 1082 1342 τῶν

63 1369 196 1417 μικρῶν
223 1365 266 1404 τὰ
289 1366 424 1417 μεγάλα
447 1370 542 1417 ἡμᾶς
560 1369 778 1418 ἀφαιρεῖται,
798 1367 857 1405 καὶ
878 1366 997 1404 δίδωσι
1016 1382 1084 1412 πη-

62 1427 119 1465 λὸν
146 1427 201 1465 ἵνα
227 1427 368 1479 ἁρπάσῃ
400 1427 543 1479 χρυσὸν,
575 1429 707 1478 μᾶλλον
728 1428 762 1466 δὲ
786 1428 841 1465 ἵνα
862 1428 1004 1480 ἁρπάσῃ
1026 1427 1082 1466 τὸν
1109 1438 1133 1468 Ε

63 1489 218 1542 οὐρανὸν,
238 1488 296 1526 καὶ
317 1488 469 1527 δείκνυσι
485 1489 585 1527 σκιὰν
604 1489 661 1527 ἵνα
680 1488 813 1540 ἐκὸάλῃ
831 1491 893 1534 τῆς
908 1487 1085 1534 ἀληθείας,

63 1550 122 1588 καὶ
139 1552 172 1588 ἐν
189 1550 340 1603 ὀνείρασι
355 1549 643 1601 φαντάζει(το“ὖτο
659 1549 725 1601 γὰρ
739 1552 756 1586 ὃ
772 1548 892 1600 παρὼν
908 1549 1085 1595 πλοῦτος),

65 1610 118 1647 ἵνα
136 1610 270 1662 ἡμέρας
292 1609 479 1661 γενομένης
502 1610 640 1648 πάντων
661 1608 825 1661 ἀποδείξῃ
845 1608 1083 1660 πενεστέρους.

117 1672 227 1709 Ταῦτ’
243 1666 300 1708 οῧν
316 1670 550 1717 ἐννοήσαντες,
571 1670 632 1722 ὀψὲ
648 1673 728 1721 γοῦν
746 1685 829 1708 ποτε
846 1669 1009 1722 φύγωμεν
1027 1669 1085 1706 τὸν
1212 1668 1251 1703 'll
1266 1697 1272 1703 .
1286 1666 1368 1704 Haec
1384 1666 1504 1717 itaque
1523 1668 1727 1718 cogitantes,
1746 1670 1800 1708 vel
1824 1683 1900 1708 sero
1919 1671 2060 1709 tandem
2076 1672 2141 1709 do—

1155 1727 1230 1764 lum
1243 1727 1436 1778 fugiamus,
1454 1737 1486 1765 et
1501 1728 1546 1766 ad
1563 1729 1684 1767 futura
1703 1744 1765 1768 nos
1785 1732 2048 1771 transferamus.
2065 1735 2143 1770 Non

1154 1802 1344 1839 possumus
1372 1788 1505 1840 quippe
1533 1788 1664 1839 dicere,
1687 1804 1750 1828 nos
1769 1791 1904 1828 fluxam
1932 1791 2041 1843 liujus
2061 1792 2142 1831 vitae

1155 1848 1391 1886 conditionem
1420 1849 1650 1900 ignoravisse,
1680 1865 1764 1889 eum
1795 1865 1849 1888 res
1870 1852 1954 1903 ipsae
1986 1853 2145 1902 quotidie

1154 1909 1238 1947 tuba
1260 1910 1388 1947 elarius
1411 1910 1486 1961 ejus
1505 1910 1681 1948 vilitatem
1700 1911 1892 1960 declarent,
1923 1912 2048 1961 risum,
2069 1923 2143 1951 tur-

1154 1969 1368 2022 pitudinem,
1390 1968 1562 2021 pericula,
1578 1970 1759 2008 barathra.
1780 1972 1898 2017 Quam
1917 1986 1998 2024 ergo
2018 1971 2143 2011 defen-

1155 2031 1289 2068 sionem
1307 2030 1535 2080 habebimus,
1567 2031 1628 2081 qui
1648 2032 1842 2083 periculosa
1864 2041 1898 2070 et
1923 2033 2145 2084 turpitudine

65 1731 176 1777 δόλον,
207 1732 267 1769 καὶ
285 1732 371 1784 πρὸς
395 1731 440 1769 τὰ
474 1733 644 1782 μέλλοντα
676 1733 915 1782 μεταστῶμεν.
946 1732 998 1769 Οὐ
1019 1730 1085 1782 γὰρ

63 1793 154 1830 ἔστιν
185 1794 306 1837 εἰπεῖν,
337 1791 389 1830 ὅτι
420 1791 643 1842 ἠγνοήσαμεν
675 1795 734 1829 τοῦ
761 1792 931 1843 παρόντος
953 1790 1027 1842 βίου
1047 1792 1086 1830 τὸ

61 1852 240 1904 ἐπίκηρον,
254 1855 323 1891 τῶν
339 1852 556 1903 πραγμάτων
573 1852 650 1890 καθ’
665 1853 816 1898 ἑκάστην
830 1851 966 1904 ἡμέραν
983 1851 1085 1902 βοών-

62 1930 130 1951 των
151 1914 342 1965 σάλπιγγος
355 1913 596 1965 λαμπρότερον
613 1913 675 1960 τὴν
696 1917 874 1964 παροῦσαν
895 1912 1084 1961 εὐτέλειαν,

63 1976 120 2014 τὸν
138 1975 293 2026 γέλωτα,
313 1974 376 2021 τὴν
398 1974 580 2026 αἰσχύνην,
597 1973 674 2017 τοὺς
695 1973 886 2023 κινδύνους,
911 1973 955 2011 τὰ
976 1973 1085 2024 βάρα-

63 2042 140 2090 θρα.
171 2037 282 2075 Ποίαν
303 2031 360 2075 οὖν
376 2036 494 2087 ἕξομεν
517 2036 719 2087 ἀπολογίαν,
738 2036 781 2074 τὰ
803 2035 864 2086 μὲν
885 2035 1084 2073 ἐπικίνδυνα
1096 2067 1144 2093 592
1476 2091 1482 2097 Ι
1679 2092 1685 2098 -

62 2100 122 2137 καὶ
153 2098 322 2150 αἰσχύνης
351 2097 501 2149 γέμοντα
532 2096 620 2147 μετὰ
653 2098 786 2142 πολλῆς
816 2095 997 2139 διώκοντες
1022 2099 1084 2142 τῆς
1106 2104 1132 2134 Α
1152 2092 1256 2144 plena
1278 2105 1359 2129 cum
1389 2089 1507 2128 studio
1536 2091 1649 2129 multo
1675 2093 1916 2143 1nsequimur;
1948 2102 2023 2131 tuta
2044 2108 2142 2144 vero,

230 2144 238 2150 ⁶
1155 2168 1233 2203 quae
1262 2152 1413 2204 gloriam
1445 2152 1546 2190 nohis
1579 2162 1611 2190 et
1645 2153 1870 2204 splendorem
1897 2155 2067 2206 pariunt,
2089 2157 2143 2194 fu-

1153 2214 1296 2265 gientes,
1316 2228 1357 2251 ac
1383 2213 1615 2266 pecuniarum
1645 2215 1826 2266 tyrannidi
1856 2229 1918 2253 nos
1944 2216 2143 2255 dedentes?

1154 2276 1245 2312 Nam
1265 2274 1455 2326 tyrannide
1485 2275 1628 2326 gravior
1657 2284 1709 2312 est
1738 2276 1949 2327 hujusmodi
1975 2278 2140 2328 servitus,

1154 2343 1193 2372 ut
1213 2334 1328 2372 sciunt
1346 2349 1481 2385 omnes,
1503 2335 1565 2385 qui
1583 2334 1684 2386 digni
1700 2335 1816 2373 habiti
1838 2346 1933 2385 sunt,
1955 2347 1994 2375 ut
2015 2339 2060 2376 al)
2076 2339 2143 2377 liae

1153 2395 1404 2433 liberarentur.
1428 2397 1479 2434 Ut
1499 2410 1562 2436 vos
1582 2396 1692 2447 igitur
1710 2396 1899 2448 pulchram
1919 2398 2009 2436 hanc
2028 2399 2143 2438 liber-

1154 2464 1261 2494 tatem
1280 2455 1459 2506 ediscatis,
1484 2455 1629 2495 vincula
1648 2456 1818 2508 rumpite,
1838 2472 1857 2494 a
1879 2458 2003 2508 laqueo
2021 2460 2141 2498 resili-

1154 2526 1213 2566 te,
1233 2530 1304 2555 non
1323 2517 1428 2556 vobis
1444 2531 1571 2554 aurum
1596 2516 1694 2554 donli
1715 2518 1844 2569 jaceat,
1875 2519 1938 2557 sed
1958 2519 2053 2570 quod
2075 2521 2142 2559 im-

1156 2576 1286 2614 mensis
1319 2576 1447 2628 opibus
1493 2576 1681 2628 pretiosius
1730 2585 1794 2626 est,
1835 2577 2075 2617 misericordia
2108 2590 2140 2618 et

1155 2637 1355 2688 benignitas
1373 2650 1437 2688 pro
1457 2651 1554 2675 auro.
1583 2637 1667 2674 Haee
1686 2637 1819 2689 quippe
1840 2639 1942 2676 nobis
1969 2640 2139 2678 fiduciam

66 2704 202 2755 ορωπία
218 2703 295 2741 ἀντὶ
315 2702 471 2755 χρυσίου.
496 2701 590 2748 Αὕτη
613 2701 675 2751 μὲν
696 2701 764 2754 γὰρ
783 2701 981 2753 παρρησίαν
998 2701 1084 2752 πρὸς
1155 2711 1237 2748 erga
1254 2699 1369 2735 Deum
1385 2697 1470 2744 dat3
1493 2696 1584 2734 illud
1603 2705 1722 2734 autem
1742 2712 1907 2748 magnam
1935 2699 1969 2736 in
2002 2715 2064 2739 nos
2084 2702 2137 2739 in-

64 2765 120 2803 τὸν
142 2764 231 2803 Θεὸν
249 2746 340 2815 ἡμῖν
352 2764 503 2809 δίδωσιν,
520 2765 629 2801 ἐκεῖνο
647 2761 682 2800 δὲ
703 2758 857 2807 ’πολλὴν
874 2764 957 2811 ἡμῖν
976 2777 1083 2799 κατα·
1155 2756 1275 2794 fundit
1293 2756 1565 2808 turpitudinem,
1581 2756 1686 2807 idque
1703 2757 1812 2795 efficit
1833 2767 1870 2796 ut
1885 2758 2049 2798 diabolus
2066 2776 2139 2799 ma-

64 2826 138 2877 χέει
157 2824 219 2872 τὴν
237 2823 419 2877 αἰσχύνην,
438 2824 498 2862 καὶ
526 2822 672 2875 σφοδρὸν
701 2827 792 2860 ποιεῖ
810 2828 905 2860 πνεῖν
927 2821 983 2859 τὸν
1004 2821 1082 2859 διοί-
1106 2834 1129 2863 Β
1156 2833 1241 2870 gnos
1282 2816 1471 2857 adversum
1507 2831 1569 2856 nos
1589 2818 1735 2870 spiritus
1762 2829 1928 2858 assumat.
1953 2822 2026 2859 Cur
2053 2837 2136 2873 ergo

83 2871 88 2877 ’
1154 2879 1291 2917 hostem
1308 2886 1409 2915 tuum
1430 2886 1551 2915 contra
1567 2887 1600 2915 te
1613 2892 1728 2916 armas
1744 2887 1777 2916 et
1789 2879 1969 2918 fortiorem
1989 2882 2135 2920 reddis?

1153 2944 1262 2979 Arma
1286 2939 1470 2977 dexteram
1502 2947 1600 2977 tuam
1629 2939 1798 2979 adversus
1817 2941 1933 2991 illum,
1956 2952 2137 2994 totamque

1153 2999 1281 3037 domus
1306 2996 1614 3050 pulchritudinem
1643 2998 1679 3036 in
1713 2998 1869 3037 animam
1887 2999 2072 3051 inducito,
2103 3011 2135 3040 et

1152 3060 1299 3099 divitias
1331 3072 1451 3096 omnes
1475 3057 1511 3096 in
1548 3068 1663 3096 mente
1697 3059 1857 3111 depone,
1893 3076 2020 3100 aurum
2031 3064 2137 3110 ,vice

1154 3134 1242 3158 areae
1260 3128 1292 3158 et
1311 3118 1458 3168 aedium,
1481 3117 1607 3155 caelum
1631 3119 1818 3170 custodiat,
1838 3130 1869 3159 et
1892 3136 1953 3160 nos
1972 3125 2138 3165 omnibus

1156 3182 1284 3222 nostris
1313 3180 1544 3219 amiciamur:
1576 3195 1638 3219 nos
1656 3181 1749 3220 enim
1783 3184 1895 3223 muris
1921 3185 2024 3239 longe
2044 3201 2135 3240 pree-

63 2161 216 2206 σπουδῆς
229 2189 239 2207 ,
258 2159 303 2197 τὰ
324 2158 359 2196 δὲ
381 2159 520 2210 ἀσφαλῆ
541 2158 601 2195 καὶ
625 2157 777 2201 ἐνδόξους
805 2160 899 2207 ἡμᾶς
917 2160 1083 2195 ποιοῦντα

63 2221 122 2258 καὶ
141 2219 323 2272 λαμπροὺς
345 2218 546 2271 φεύγοντες,
570 2218 629 2255 καὶ
664 2217 761 2260 ὅλους
783 2216 925 2261 ἑαυτοὺς
948 2221 991 2269 τῇ
1011 2220 1080 2255 τῶν

63 2280 256 2334 χρημάτων
285 2279 475 2322 ἐκδιδόντες
493 2278 684 2332 τυραννίδι,
712 2279 782 2317 Καὶ
802 2278 869 2330 γὰρ
885 2279 1084 2330 τυραννίδος

63 2341 201 2387 ἁπάσης
231 2339 460 2393 χαλεπωτέρα
484 2343 505 2385 ἡ
536 2339 665 2378 τούτων
693 2338 849 2377 δουλεία·
879 2339 939 2377 καὶ
967 2339 1083 2377 ἴσασιν

63 2401 136 2440 ὅσοι
154 2404 260 2447 αὐτῆς
280 2402 527 2450 ἀπαλλαγῆναι
553 2398 830 2446 κατηξιώθησαν.
858 2398 923 2437 Ἵν’
947 2393 1003 2437 οὖν
1024 2399 1083 2437 καὶ

61 2465 160 2512 ὑμεῖς
179 2462 312 2512 μάθητε
327 2460 389 2507 τὴν
409 2460 519 2507 καλὴν
536 2460 665 2507 ταύτην
688 2460 894 2513 ἐλευθερίαν,
913 2459 1082 2511 *διαρρή-

65 2522 143 2565 ξατε
163 2522 208 2560 τὰ
235 2521 368 2572 δεσμὰ,
395 2521 646 2568 ἀποπηδήσατε
673 2523 736 2566 τ’ῆς
757 2521 920 2572 παγίδος·
952 2521 1011 2558 καὶ
1032 2520 1081 2571 μὴ

64 2582 190 2620 κείσΟω
218 2582 360 2634 χρυσίον
385 2585 464 2632 ὑμῖν
494 2581 551 2620 ἐπὶ
578 2584 639 2627 τῆς
658 2581 780 2628 οἰκίας,
807 2583 898 2629 ἀλλ’,
917 2581 934 2619 ὃ
951 2580 1083 2632 μυρίων

65 2643 258 2695 χρημάτων
289 2642 362 2680 ἐστὶ
386 2640 606 2693 τιμιώτερον,
631 2641 845 2691 ἐλεημοσύνη
876 2641 935 2679 καὶ
964 2642 1084 2692 φιλαν-

66 2887 166 2924 ὅολον
198 2888 274 2924 καθ’
303 2887 416 2936 ἡμῶν.
459 2884 506 2923 Τί
537 2883 648 2922 τοίνυν
678 2882 896 2927 καθοπλίζεις
930 2899 989 2921 σου
1025 2882 1081 2921 τὸν

65 2948 200 2999 ἐχθρὸν,
220 2947 279 2985 καὶ
307 2945 527 2998 ἰσχυρότερον
549 2949 683 2992 ποιεῖς,
704 2943 877 2982 εὈπλισον
897 2943 959 2991 τὴν
981 2959 1082 2982 σεαυ-

65 3011 123 3045 τοῦ
158 3006 270 3051 δεξιὰν
297 3008 374 3045 κατ’
406 3005 557 3050 ἐκείνου,
584 3005 645 3043 καὶ
669 3005 708 3043 τὸ
735 3004 862 3048 κάλλος
885 3008 947 3052 τῆς
972 3004 1083 3049 οἰκίας

67 3068 159 3105 ἅπαν
178 3070 226 3111 εἷς
245 3066 307 3113 τὴν
323 3066 439 3119 ψυχὴν
460 3067 645 3118 εἰσάγαγε,
668 3065 726 3104 καὶ
745 3065 802 3104 τὸν
822 3067 969 3104 πλοῦτον
986 3068 1020 3103 ἐν
1038 3068 1080 3117 τῇ

69 3127 200 3178 διανοίᾳ
217 3127 345 3166 ἀπόθου
360 3128 516 3175 ἅπαντα,
531 3127 590 3165 καὶ
607 3127 646 3165 τὸ
660 3125 801 3179 χρυσίον
820 3125 896 3163 ἀντὶ
918 3124 1081 3163 κιὸωτίου

69 3188 128 3225 καὶ
148 3187 257 3231 οἰκίας
276 3191 293 3225 ὃ
313 3188 452 3241 οὐρανὸς
468 3187 684 3239 φυλαττέτω,
699 3185 758 3225 καὶ
775 3185 890 3225 πάντα
906 3189 1006 3236 ἡμεῖς
1021 3201 1082 3224 πε-

1187 3321 1201 3338 *
1227 3321 1278 3361 [Α.
1298 3316 1537 3363 διαρῥήξκντες.]

112 3335 125 3349 ²
151 3324 280 3366 [Iidem
298 3324 350 3357 liic
367 3332 398 3357 et
422 3324 569 3367 proxime
594 3327 891 3369 ἀπαλλοτριοῦμεθα.
912 3324 954 3356 Ει
976 3335 1073 3367 supra
1638 3369 1644 3376 .

1187 3383 1200 3397 α
1223 3370 1338 3404 Morel.
1359 3374 1470 3409 πολλὴν
1487 3375 1582 3413 ἡμῶν,
1602 3381 1708 3402 minus
1726 3377 1827 3404 recte.

70 3380 104 3409 A.
124 3378 218 3418 oium-J
