2466 3805
127 986 289 1014 Concordia

100 1028 211 1065 ubique
234 1028 289 1056 bo-

304 224 365 271 68

302 321 439 360 deliciis
466 322 655 371 fruuntur,
677 321 712 359 in
741 320 884 358 tristitia
915 332 1005 364 esse;
1025 316 1086 366 qui
1109 328 1191 353 vero
1210 327 1279 350 non

302 383 468 420 fruuntur
481 412 490 430 ,
510 382 547 419 in
566 381 707 432 gaudio.
723 380 855 420 Viden'
871 378 965 415 Petri
984 388 1160 414 sermones
1171 404 1181 422 ,
1199 374 1280 411 vitae

302 441 570 508 temperantiam
589 440 777 478 intulisse?
795 439 854 476 Sic
873 451 941 474 non
961 444 1077 487 potest
1092 434 1282 472 exsultatio

753 241 790 271 S.
829 237 1011 269 JOANNIS
1044 233 1283 266 CHRYSOST.
1326 234 1914 267 ARCHIEP0CONSTANT1NOP.

1351 315 1385 351 ἐν
1405 314 1522 366 λύπη,
1540 315 1570 352 οἷ
1591 314 1626 352 δὲ
1647 316 1694 366 μὴ
1717 332 1932 369 τρυφιΝτες,
1953 319 1986 355 ἐν
2003 333 2106 369 γαρα.
2123 315 2288 368 “Ορ’ᾄς,“
2268 331 2320 353 οτι
2338 318 2369 352 οἱ

1351 374 1488 426 Πέτρου
1511 376 1609 426 λόγοι
1626 392 1686 414 και
1713 383 1815 416 τοῦτο
1841 383 1945 430 εἰχον,
1966 378 2022 416 τὸν
2041 382 2100 415 τοῦ
2122 375 2228 427 βίου*1
2236 391 2368 427 σωφρο-

1352 436 1491 486 νισμόν,
1509 436 1630 480 Ούτως
1649 439 1712 475 οὐκ
1733 438 1782 476 ἔνι
1800 438 1960 489 γενέσθαι
1979 438 2198 490 ἀγαλᾶίασιν,
2221 436 2268 486 μὴ
2287 437 2371 487 ἀφε-

302 516 375 540 esse
389 502 463 539 sine
477 500 712 551 simplicitate.
732 498 779 535 Et
795 496 997 547 quomodo,
1018 495 1176 545 inquies,
1198 497 1281 532 Ha·
1305 506 1330 536 D
1351 497 1445 540 λείας
1462 497 1577 545 οὔσης.
1599 498 1670 536 Καὶ
1698 515 1791 546 πως,
1808 500 1926 551 φησὶν,
1944 493 2050 551 Ρίγον
2069 499 2172 551 χάριν
2191 498 2276 552 πρὸς
2293 496 2369 535 ὅλον

303 566 444 601 bebant
462 563 628 611 gratiam
642 560 696 596 ad
707 572 856 596 omnem
869 558 1047 609 plebem?
1062 557 1212 608 Propter
1227 570 1281 605 ea,

302 638 379 674 quae
400 622 572 659 faciehant
589 635 653 673 per
674 621 944 672 eleemosynam.
970 620 1023 657 Ne
1052 619 1147 657 enim
1172 627 1284 656 atten-

300 684 383 731 das,
406 681 500 732 quod
526 681 705 734 principes
731 681 952 719 sacerdotum
980 681 1026 719 ob
1057 680 1232 720 invidiam
1251 689 1284 718 et

299 743 451 781 livorem
469 742 692 793 insurgerent
702 741 739 779 in
752 742 832 779 illos
844 771 854 791 ,
871 741 934 779 sed
949 741 1045 792 quod
1060 741 1210 793 gratiam
1223 740 1285 778 ha-

299 804 422 841 berent
433 803 478 841 ad
491 803 643 856 plebem.
661 805 851 841 Dominus
864 812 992 842 autem
1009 806 1176 855 augebat
1191 817 1282 855 quo-

301 866 394 902 tidie
412 879 488 912 eos,
510 868 576 917 qui
594 866 696 903 salvi
716 865 856 917 fierent
880 868 921 902 in
940 866 1129 903 Ecclesia.
1145 867 1285 903 Omnes

301 934 432 964 autem
447 927 644 964 credentes
668 927 785 963 simul
805 934 927 963 erant.
957 926 1016 964 Sic
1038 926 1172 976 ubique
1193 926 1285 963 bona

302 996 354 1025 est
374 986 572 1025 concordia.
597 986 638 1024 A
642 988 778 1038 liisque
796 989 1034 1025 sermonibus
1056 987 1286 1039 testificatus

302 1057 372 1086 est.
396 1048 471 1085 Hoc
498 1047 592 1085 dixit
623 1047 828 1097 ostendens,
858 1061 927 1084 non
959 1047 1042 1084 satis
1071 1047 1179 1084 fuisse
1206 1047 1282 1096 illa,

1351 557 1408 595 τὸν
1437 557 1542 605 λαόν,
1562 560 1616 595 Δι’
1641 562 1688 596 ὧν
1710 558 1844 597 ἐποίουν
1876 559 1933 597 διὰ
1955 562 2017 605 τῆς
2043 558 2286 610 ελεημοσύνης.
2306 556 2369 604 Μὴ

1350 617 1418 669 γάρ
1436 633 1516 668 μοι,
1537 620 1565 656 εἰ
1581 621 1612 656 οἳ
1633 620 1804 671 ἀρχιερεῖς
1819 619 2014 666 ἐπέστησαν
2029 622 2142 663 αὒτοῖς
2160 619 2227 657 ὑπὸ
2247 618 2370 670 φθόνου

1351 679 1411 716 καὶ
1438 679 1642 730 βασκανίας,
1668 685 1768 718 τοῦτο
1793 680 1886 732 ἴδῃς·
1908 681 1984 718 ἀλλ’
2006 680 2058 717 ὅτι
2089 680 2174 731 πρὸς
2196 680 2254 717 τὸν
2288 679 2371 717 λαὸν

1351 739 1452 791 χάριν
1471 734 1576 791 εἶχον.
1596 740 1680 778 Ο
1662 740 1697 778 05
1714 740 1839 793 Κύριος
1853 740 2049 794 προσετίθει
2066 755 2145 782 τους
2160 739 2373 790 σωζομένους

1351 802 1429 838 καθ’
1449 801 1584 854 ἧμεραν
1603 818 1646 853 τῃ
1665 801 1875 854 Ἐκκλησία.
1902 801 2038 845 Πάντες
2053 801 2087 838 δὲ
2109 804 2138 839 οἱ
2154 799 2374 842 πιστεύοντες

1351 865 1439 907 ἦσαν
1469 863 1548 899 ἐπιτ
1551 861 1665 900 οαυτό.
1686 862 1790 900 Ούτω
1821 866 2002 915 πανταχοῦ
2035 862 2141 901 καλὸν
2170 865 2190 908 ἡ
2220 861 2373 911 ὁμόνοια.

1353 921 1507 974 Ἑτέροις
1521 938 1558 960 τε
1573 922 1687 974 λόγοις
1708 923 1973 976 διεμαρτύρατο.
1990 925 2104 961 Τοῦτο
2119 916 2194 961 εἷπε
2206 953 2215 970 ,
2230 920 2373 968 δεικνὺς,

1351 983 1404 1021 ὅτι
1416 983 1644 1037 οὗκῆρκειτὰ
1655 984 1870 1036 λεχθέντωῆ
1888 985 1948 1022 καὶ
1960 987 2072 1022 ἐκεῖνα
2088 984 2164 1034 μὲν,
2178 983 2268 1022 ὥστε
2290 982 2375 1034 πρὸς

1351 1044 1468 1082 πίστιν
1500 1047 1716 1096 ἐπαχθῆναι,
1744 1050 1855 1082 ταῦτα
1880 1045 1935 1093 δὲ,
1960 1045 2038 1082 τίνα
2067 1043 2136 1096 χρὴ
2164 1044 2221 1082 τὸν
2251 1043 2374 1083 πιστὸν

302 1124 381 1160 quae
396 1109 491 1147 dicta
502 1109 640 1146 fuerant
659 1109 737 1147 :vel
759 1109 820 1146 illa
836 1107 980 1159 quidem
999 1107 1163 1154 dixerat,
1184 1116 1224 1144 ut
1239 1108 1285 1145 ad
1307 1111 1330 1141 E
1351 1110 1474 1152 ποιεῖν,
1494 1105 1640 1156 εἴρηται.
1660 1106 1731 1144 Καὶ
1747 1108 1807 1143 οὖν.
1827 1109 1934 1154 εἶπεν,
1960 1106 2016 1144 ἐπὶ
2046 1108 2095 1158 τῷ
2121 1108 2272 1158 σταυρῷ,
2286 1105 2376 1151 ἀλλ’,

302 1170 412 1208 fidem
428 1170 609 1208 induceret
620 1185 630 1219 5
643 1170 720 1207 haec
731 1184 814 1208 vero
827 1169 1015 1218 docebant,
1031 1169 1172 1219 qualem
1184 1182 1287 1220 opor-

302 1241 390 1270 teret
413 1246 487 1270 esse
513 1232 668 1270 fidelem.
689 1233 762 1270 Nec
787 1231 900 1278 dixit,
920 1232 962 1268 In
990 1244 1093 1268 cruce
1106 1246 1116 1279 ;
1140 1230 1220 1278 sed,
1238 1233 1287 1268 In

306 1296 460 1330 nomine
488 1294 584 1331 Jesu
612 1294 757 1331 Christi
785 1295 999 1344 baptizetur
1026 1295 1287 1344 unzcsquisque

303 1363 489 1393 vestrum.
510 1355 632 1404 Neque
650 1355 848 1404 frequenter
878 1354 949 1391 illis
977 1367 1116 1391 crucem
1136 1368 1288 1391 comme-

304 1423 430 1462 morat,
451 1428 493 1451 ne
509 1415 724 1466 exprobrare
737 1414 920 1463 videatur;
938 1415 1000 1453 sed
1012 1415 1220 1466 simpliciter
1235 1415 1289 1452 di-

305 1475 354 1513 cit
374 1490 382 1511 ε
403 1476 679 1512 Paenitentiam
714 1479 829 1527 agite,
862 1485 898 1513 et
929 1478 1145 1528 baptizetur
1170 1491 1288 1515 unus-

306 1538 468 1588 quisque
480 1538 520 1572 in
535 1539 687 1574 nomine
699 1538 730 1575 J
729 1551 795 1574 esu
813 1538 958 1575 Christi
977 1540 1017 1574 in
1030 1540 1291 1576 remissionem

304 1605 563 1649 peccatorum.
587 1597 694 1647 Atqui
725 1597 827 1635 aliter
856 1597 917 1634 hic
933 1612 969 1635 se
986 1598 1118 1635 habent
1134 1598 1292 1650 judicio-

307 1671 390 1695 rum
402 1656 514 1707 leges:
531 1670 615 1694 nam
629 1657 664 1694 in
676 1658 925 1709 praedicatione
939 1672 1020 1696 cum
1033 1669 1194 1711 peccator
1210 1674 1291 1697 con-

307 1718 450 1766 fitetur,
468 1725 552 1753 tunc
582 1727 751 1756 servatur.
772 1718 886 1767 Vide,
905 1719 1084 1769 quomodo
1105 1721 1229 1759 Petrus
1254 1721 1293 1759 id

307 1778 405 1830 quod
423 1777 537 1829 majus
553 1787 684 1816 estnon
698 1780 926 1831 praeterierim
947 1780 1009 1817 sed
1021 1795 1102 1818 cum
1121 1781 1165 1819 de
1181 1783 1293 1833 gratia

307 1840 475 1887 dixisset,
503 1838 595 1876 illud
623 1841 869 1892 subjunxerit,
899 1841 1019 1879 dicens
1048 1858 1056 1878 z
1081 1842 1295 1894 Accipietis

308 1902 452 1938 donum
467 1903 629 1954 Spiritus
648 1905 786 1939 sancti.
812 1901 901 1939 Fide
925 1902 1058 1953 dignus
1085 1917 1198 1941 sermo
1220 1914 1295 1943 erat

309 1976 355 1999 ex
370 1962 433 2012 iis,
453 1978 529 2014 quae
540 1965 615 2015 jam
631 1972 846 2014 acceperant.
861 1963 1008 2000 Interim
1023 1963 1117 2002 enim
1139 1965 1176 2002 id
1196 1967 1294 2016 quod

308 2023 412 2060 facile
432 2033 483 2061 est
502 2023 610 2073 dicit,
630 2032 663 2061 et
686 2022 782 2074 quod
806 2037 976 2074 magnum
1004 2024 1111 2062 habet
1140 2025 1294 2078 donum,

310 2092 343 2121 et
360 2093 445 2122 tunc
461 2084 505 2122 ad
521 2085 632 2122 vitam
663 2084 787 2134 ducit3
808 2098 956 2136 gnarus,
976 2086 1193 2124 occasionem
1209 2088 1295 2140 ipsis

311 2144 454 2196 maioris
473 2146 581 2182 studii
600 2146 687 2195 fore,
705 2145 800 2195 quod
812 2155 905 2182 tanta
917 2146 992 2196 jam
1005 2146 1098 2184 bona
1114 2147 1295 2199 degustas-

311 2213 400 2242 sent.
424 2205 518 2251 Quia
536 2220 619 2243 vero
634 2206 799 2258 cupiebat
818 2205 958 2243 auditor
978 2206 1114 2245 discere
1130 2208 1181 2257 id,
1201 2210 1296 2260 quod

310 2265 471 2318 plurium
486 2266 630 2304 illorum
649 2280 849 2304 sermonum
868 2275 974 2318 caput
989 2277 1088 2315 esset,
1106 2268 1197 2306 illud
1209 2284 1295 2320 quo-

311 2341 382 2377 que
399 2327 514 2377 addit,
540 2326 724 2364 ostendens
742 2326 876 2364 donum
901 2341 974 2364 esse
995 2328 1151 2379 Spiritus
1171 2331 1293 2368 sancti.

313 2388 372 2426 Illi
398 2388 518 2439 itaque
543 2402 739 2426 sermonem
762 2387 996 2440 accipientes,
1015 2389 1109 2426 dicta
1127 2391 1295 2430 laudave-
1317 2385 1340 2414 B

313 2459 414 2499 runt,
435 2449 499 2487 etsi
524 2459 657 2487 metum
688 2463 858 2500 magnum
891 2449 1107 2500 incuterent,
1129 2461 1161 2489 et
1180 2452 1223 2490 iis
1242 2467 1296 2490 as-

315 2511 426 2561 sensi,
444 2520 528 2549 tunc
553 2510 599 2548 ad
619 2511 796 2563 baptisma
823 2511 981 2549 veniunt.
1005 2511 1075 2549 Sed
1103 2527 1181 2563 quae
1202 2514 1296 2553 dicta

315 2581 409 2619 sunt,
427 2581 640 2624 repetamus.
658 2573 799 2619 Erant,
813 2571 943 2621 inquit,
955 2584 1244 2623 perseverantes
1256 2579 1297 2613 in

315 2633 508 2670 doctrina.
530 2632 623 2670 Hinc
637 2632 758 2684 palam
777 2641 828 2669 est
850 2646 906 2669 eos
930 2646 1000 2670 non
1019 2648 1109 2683 uno,
1125 2635 1182 2673 vel
1207 2636 1295 2674 duo-

314 2693 382 2731 bus
395 2693 452 2731 vel
469 2693 584 2730 tribus
600 2692 744 2742 diebus,
771 2692 834 2730 sed
859 2693 981 2731 multis
1010 2693 1148 2733 edoctos
1171 2696 1296 2746 fuisse,

316 2763 437 2806 utpote
452 2754 512 2805 qui
527 2754 639 2791 vitam
652 2753 877 2791 mutaverint.
891 2756 930 2791 F
929 2756 1031 2792 iebat
1046 2764 1176 2794 autem
1191 2761 1297 2796 omni

316 2818 458 2853 animae
481 2818 604 2852 timor.
625 2815 664 2853 Si
683 2817 812 2861 Omni,
841 2815 946 2852 etiam
966 2814 1030 2864 iis,
1047 2817 1109 2867 qui
1128 2831 1196 2855 non
1223 2833 1298 2858 cre-

316 2876 491 2914 diderant.
511 2875 719 2915 Verisimile
742 2884 860 2913 autem
891 2886 942 2914 est
969 2876 1049 2913 illos
1079 2878 1129 2916 sic
1156 2880 1298 2919 affectos

317 2936 446 2985 fuisse,
471 2936 567 2987 quod
592 2945 726 2973 tantam
748 2935 910 2974 viderent
933 2937 1164 2976 mutationem
1183 2955 1190 2975 :
1210 2941 1300 2979 forte

318 2997 425 3035 etiam
443 3012 488 3035 ex
513 2997 634 3049 signis.
661 2997 735 3034 Nee
755 2996 866 3046 dixit,
887 2996 1002 3034 Simu]
1013 3013 1024 3046 3
1045 2999 1122 3048 sed,
1149 3002 1300 3039 Unani-

320 3062 431 3096 miter
452 3075 462 3094 :
479 3058 562 3109 quia
581 3058 659 3095 fieri
677 3067 812 3110 potest,
834 3067 873 3095 ut
898 3058 1046 3108 quidam
1079 3060 1187 3099 simul
1214 3063 1301 3114 sint,

320 3133 384 3157 nec
410 3129 525 3157 tamen
551 3119 780 3168 unanimiter,
802 3117 864 3156 sed
882 3119 1054 3157 sententia
1079 3120 1300 3163 dissidentes.

321 3181 552 3219 Sermonibus
570 3193 709 3231 quoque
725 3179 946 3217 hortabatur.
963 3181 1083 3231 Neque
1098 3181 1158 3220 hic
1172 3183 1303 3222 doctri-

366 3297 380 3316 ἀ
404 3296 499 3328 Idem
522 3303 738 3342 σωρρονισμὸνς
754 3300 785 3330 οὐ
802 3302 859 3342 γὰρ
877 3301 926 3330 ἔνι.

367 3358 380 3372 a
405 3346 501 3379 Idem
518 3354 599 3390 ἄγει,
617 3351 750 3386 ὑπόθεσις
766 3355 824 3392 γὰρ
841 3353 948 3387 αὐτοῖς.

368 3402 383 3424 b
408 3398 520 3432 MOl'el·
539 3404 710 3444 παρεκάλει.
744 3405 776 3434 o)
800 3405 876 3443 λε’-χει
903 3408 953 3439 τὴν
970 3404 1167 3436 διδασκαλίαν,
1193 3403 1271 3443 [Sic
1287 3406 1324 3436 I)⁴

1351 1165 1437 1203 Ἐπὶ
1453 1168 1502 1217 τῷ
1522 1166 1666 1216 ὀνόματι
1686 1166 1801 1213 Ἰησοῦ
1821 1168 1974 1218 Χριστοῦ
1992 1167 2219 1218 βαπτισθήτω
2232 1165 2376 1208 ἕκαστος

1353 1243 1461 1277 υμων.
1477 1226 1569 1265 ΟυΞε
1590 1227 1834 1278 ἀναυ.ιμνΓ’,σκε
1841 1226 1986 1270 ιαῦτους
2010 1244 2160 1279 συνεχως
2182 1230 2241 1266 τοῦ
2270 1242 2378 1265 σταυ-

1357 1290 1436 1339 ροῦ,
1454 1286 1511 1324 ἵνα
1532 1288 1579 1337 μὴ
1602 1287 1775 1331 ὀνειδίζειν
1798 1287 1900 1337 δόξῃ,
1929 1288 2006 1325 ἀλλ’
2036 1288 2197 1334 ἁπλιῗ)ς,ι
2187 1285 2375 1331 Μετανοή-

1355 1363 1421 1385 σατ
1409 1371 1438 1384 ⁵
1453 1378 1462 1395 ,
1482 1364 1587 1399 φησι,
1607 1364 1667 1385 και
1689 1347 1917 1398 βαπτισθήτω
1944 1348 2089 1390 ἕκαστος
2105 1349 2139 1384 ἐν
2162 1363 2212 1385 τω
2234 1348 2379 1397 ὀνόματι

1355 1408 1470 1456 Ἰησοῦ
1489 1410 1640 1460 Χριστοῦ
1659 1410 1705 1452 εἷς
1725 1409 1846 1460 ἄφεσιν
1862 1409 2055 1462 ἁμαρτιῶν.
2071 1409 2138 1447 Καὶ
2165 1408 2234 1459 μὴν
2255 1407 2379 1460 ἑτέρως

1356 1469 1430 1521 ἔχει
1445 1473 1512 1507 τῶν
1536 1472 1682 1507 ἐνταῦθα
1699 1470 1933 1522 δικαστηρίων
1954 1473 1971 1508 ὃ
1989 1469 2111 1520 νόμος·
2130 1471 2206 1507 ἀλλ’
2238 1469 2295 1507 ἐπὶ
2318 1472 2379 1507 τοῦ

1357 1531 1578 1584 κηρύγματος
1597 1531 1679 1570 ὅταν
1699 1535 1716 1569 ὁ
1731 1531 1945 1584 ἡμαρτηκὼς
1966 1531 2165 1583 ὁμολογήσῃ
2181 1560 2190 1578 ,
2208 1530 2285 1569 τότε
2305 1529 2379 1569 σώ-

1357 1593 1462 1635 ζεται,
1479 1591 1678 1644 εὈροι,πιῖ)ς
1698 1593 1735 1630 οὗ
1754 1593 1794 1630 τὸ
1816 1595 1929 1642 μεῖζον
1949 1591 2173 1644 παρέδραμεν
2191 1594 2208 1629 ὁ
2227 1591 2379 1643 Πέτρος·

1359 1652 1448 1691 ἀλλὰ
1467 1652 1632 1704 πρότερον
1649 1652 1711 1699 τὴν
1734 1653 1837 1704 χάριν
1857 1670 1977 1698 ειπι)ν,
1989 1653 2066 1691 τότε
2083 1668 2142 1690 και
2161 1654 2270 1690 ἐκεῖνο
2287 1651 2381 1697 ἐπή-

1313 1726 1339 1755 Α
1358 1731 1403 1766 γα
1406 1730 1461 1764 γε,
1479 1713 1607 1765 λεγων·
1628 1713 1796 1765 Αήὺεσθε
1821 1714 1884 1761 την
1901 1713 2031 1767 δωρεαν
2058 1718 2119 1751 τοῦ
2141 1713 2240 1764 ἁγίου
2266 1712 2381 1750 Πνεύ-

1360 1790 1478 1824 ματος.
1495 1773 1707 1818 Αξιόπιστος
1721 1777 1738 1811 ὁ
1752 1773 1805 1811 λό
1795 1791 1851 1825 γος
1867 1774 2051 1812 οιυτόθενἐν
2019 1791 2052 1818 ,ς
2068 1778 2116 1811 ὡν
2136 1774 2256 1811 αὐτοὶε
2243 1772 2379 1812 Quem.

1358 1834 1456 1877 Τέως
1477 1834 1544 1886 γὰρ
1568 1835 1606 1872 τὸ
1626 1833 1765 1872 εὔκολον
1787 1834 1881 1886 λέγει
1909 1834 1968 1872 καὶ
1984 1834 2117 1881 πολλὴν
2138 1834 2217 1886 ἔχον
2237 1834 2380 1887 δωρεὰν,

1360 1894 1419 1932 καὶ
1441 1894 1518 1932 τότε
1535 1894 1590 1932 ἐπι
1609 1910 1665 1932 τον
1685 1894 1797 1945 βίονὸ
1806 1895 1901 1946 ἄγει,
1917 1897 1947 1932 εἰ
1951 1894 2036 1943 δὼς,
2053 1911 2105 1933 οτι
2124 1895 2284 1938 υπόΟεσις
2315 1898 2380 1932 αὖ-

1360 1962 1430 1998 τοῖς
1451 1954 1548 1992 ἔσται
1572 1955 1740 2003 σπουοης,
1760 1971 1800 1993 το
1821 1955 1888 2002 ἤο-Γ,
1915 1955 2104 2006 γεύσασθαι
2122 1973 2190 1993 των
2209 1955 2382 1994 τοσούτων

1363 2020 1524 2068 ἀγαθων.
1534 2016 1638 2054 Επει
1663 2016 1698 2055 δὲ
1724 2017 1839 2055 ἐπόθει
1870 2018 2048 2056 ἀκοῦσαιὸ
2067 2017 2267 2070 ἀκροατης,
2288 2017 2322 2055 τί
2340 2022 2382 2064 ἠν

1361 2082 1429 2116 τῶν
1450 2078 1617 2116 πλειόνων
1645 2077 1755 2129 λόγων
1786 2078 1824 2116 τὸ
1843 2078 2045 2130 κεφάλαιον,
2074 2078 2132 2115 καὶ
2152 2082 2254 2116 τοῦτο
2272 2094 2380 2131 προσ-

1361 2138 1499 2185 τίθησι,
1521 2136 1672 2185 δεικνὺς,
1692 2139 1743 2175 ὅτι
1763 2153 1784 2185 7,
1818 2138 1931 2190 δωρεὰ
1951 2143 2010 2176 τοῦ
2042 2138 2139 2189 ἁγίου
2161 2139 2381 2191 Πνεύματος.

1362 2199 1409 2235 Οἱ
1426 2197 1487 2247 μὲν
1513 2192 1569 2235 οῦν
1590 2197 1840 2248 ἀποδεξάμενοι
1869 2200 1926 2237 τὸν
1946 2199 2047 2250 λόγον
2067 2200 2238 2275 ἐπ’(ἶνεσριν
2263 2201 2307 2238 τὰ
2330 2203 2386 2238 λ,-

1362 2258 1508 2309 705'vw,
1528 2258 1642 2295 καίτοι
1662 2258 1766 2309 φόόου
1787 2275 1957 2309 γεμοντα,
1978 2259 2038 2296 καὶ
2059 2260 2146 2310 μετὰ
2167 2260 2229 2307 τὴν
2251 2277 2385 2312 συγκα-

1363 2318 1499 2356 τάθεσιν
1520 2317 1598 2356 τότε
1618 2318 1675 2355 ἐπι
1690 2319 1728 2356 τὸ
1754 2318 1975 2369 βαπτισμα”
1956 2334 2130 2370 5p7owrott.
2147 2319 2272 2357 Ἀλλ’
2260 2321 2384 2370 ιδωμεν

1363 2378 1490 2417 ἄνωθεν
1513 2378 1557 2416 τὰ
1583 2379 1760 2430 εἰρημένα.
1776 2372 1905 2427 ἾΙσαν,
1923 2395 2028 2430 φησι,
2050 2385 2387 2456 προσκαρτεροῦντες

1363 2442 1404 2490 τῇ
1427 2440 1564 2491 διδαγ-η.
1580 2439 1645 2477 Ἐκ
1660 2439 1780 2477 τούτου
1799 2440 1914 2487 δηλον,
1931 2439 1983 2477 ὅτι
1999 2442 2036 2478 οὐ
2053 2440 2135 2490 μίαν
2146 2441 2295 2492 ἡμέραν,
2311 2441 2387 2480 οὐδὲ

1363 2500 1420 2538 δύο
1436 2499 1712 2552 καιτρεῖς,ἀλλ’
1733 2500 1790 2538 ἐπὶ
1818 2500 1949 2544 πολλὰς
1981 2501 2221 2549 ἐοιδάσκοντο,
2245 2503 2305 2540 ἅτε
2333 2505 2385 2555 ἐφ’

1363 2560 1476 2613 ἕτερον
1515 2561 1748 2611 μεταστάντες
1786 2560 1870 2612 βίον.
1901 2562 1972 2599 Καὶ
2002 2561 2137 2612 ἐγένετο
2166 2563 2262 2615 πάσῃ
2287 2566 2384 2615 ψυχῇ

1364 2621 1477 2673 φόῧος.
1496 2623 1540 2659 Εἰ
1558 2621 1674 2673 πείσῃ,
1694 2621 1835 2659 καὶτῶν
1863 2621 1911 2672 μὴ
1935 2623 2207 2661 πιστευσάντων.
2231 2625 2334 2667 Εἰκὸς
2349 2623 2385 2662 δὲ

1364 2698 1484 2726 αυτ)υς
1504 2686 1624 2720 παθεῖν
1656 2683 1829 2730 τοσαύτην
1857 2683 2008 2735 ἀθρόον
2003 2684 2173 2722 αεταοολ·
2150 2700 2200 2731 7,v
2229 2685 2384 2728 ἰδόντας·

1364 2743 1457 2795 τάχα
1473 2744 1508 2781 δε
1528 2760 1586 2781 και
1614 2760 1682 2782 απο
1697 2760 1764 2781 των
1788 2744 1955 2794 σημείων.
1976 2744 2069 2796 Οὐχὶ
2096 2748 2182 2795 ὁμοῦ
2213 2745 2269 2792 δὲ,
2295 2748 2388 2791 ἀλλ’,

1366 2802 1622 2854 Ομοθυμαδὸν,
1650 2808 1763 2841 εἶπεν·
1804 2804 1924 2851 επειδὴ
1945 2805 1994 2842 ἔνι
2013 2807 2099 2854 ὁμοῦ
2130 2820 2191 2854 μεν
2222 2799 2310 2842 εἶναί
2333 2822 2387 2842 τι-

1367 2880 1440 2911 νας,
1455 2866 1492 2901 οὗ
1510 2880 1578 2914 μΓ,ν
1593 2864 1627 2903 δε
1646 2866 1908 2915 ὁμοθυμαδὸν,
1890 2880 2116 2916 οιῃρηυιενους
2131 2872 2206 2908 ταῖς
2223 2866 2388 2917 ·(νι’)μ.αις

1369 2924 1493 2976 Λόγοις
1511 2940 1548 2962 τε
1578 2925 1804 2977 1Ἠταρεκοὶλει.
1831 2927 1901 2964 Καὶ
1926 2926 2002 2979 οὐδὲ
2034 2927 2181 2963 ἐνταῦθα
2214 2926 2308 2978 λέγει
2326 2927 2389 2975 τὴν

1369 2985 1608 3033 διδασκαλίαν,
1628 2986 1820 3036 ἐπιτέμνων
1842 2987 1921 3035 [τὸν
1937 2986 2061 3037 λόγον]
2076 3002 2083 3009 ·
2105 2986 2178 3030 ἐξὸν
2200 2986 2234 3025 δὲ
2255 2989 2390 3039 μανθά-

1324 3059 1347 3089 C
1370 3064 1451 3095 νειν,
1466 3047 1518 3086 ὅτι
1538 3049 1583 3090 ὡς
1597 3046 1691 3089 νέους
1713 3048 1838 3090 παῖδας
1854 3047 1995 3098 ἔτρεφον
2015 3051 2057 3098 τῇ
2083 3051 2191 3101 τροφῇ
2211 3052 2254 3100 τῇ
2284 3065 2392 3087 πνευ-

1374 3117 1517 3167 ματικῇ.
1537 3114 1608 3152 Καὶ
1627 3114 1766 3165 ἄγγελοι
1781 3114 1943 3165 γεγόνασι
1967 3116 2086 3153 λοιπὸν
2104 3116 2301 3168 εέξαίφνης.
2322 3116 2393 3154 Καὶ

1375 3184 1564 3237 διεμέριζον
1575 3182 1787 3235 καθὸ-χρείαν
1803 3200 1853 3226 τις
1869 3177 2163 3235 εἷχεν.Εῗδον,ὁ’τι
2178 3184 2221 3223 τὰ
2236 3200 2391 3235 πνευμα-

1392 3301 1447 3345 qui
1466 3313 1541 3333 cum
1558 3301 1693 3333 omittat
1709 3306 1759 3335 τὸν
1775 3304 1871 3342 λόγου,
1889 3299 2090 3331 inclusimus.
2107 3299 2146 3332 V.
2165 3311 2198 3341 p.
2219 3300 2271 3339 56,
2286 3299 2341 3342 C.]

1437 3360 1448 3374 ²
1471 3353 1532 3385 Alii
1550 3358 1682 3398 ἐξαίφνης
1709 3356 1853 3392 ἅπαντες,
1871 3357 1941 3395 εὑχῆ
1969 3357 2016 3386 καὶ
2045 3358 2183 3395 ἀκροάσει
2208 3367 2393 3398 προσκαρτε-

1394 3414 1524 3449 ροῦντες,
1545 3409 1616 3440 εἶδον
1634 3411 1676 3439 ὅτι
1694 3413 1738 3439 τὸ.
