2502 3810
111 436 157 465 16.

107 862 247 899 ῙΙήᾶ-τῇὃ
263 870 288 889 1.

112 912 174 941 57¹]-

106 1316 187 1343 Iln'd.
210 1315 276 1352 148.

109 1366 157 1383 12.

107 1398 186 1443 ζίιίιὶ.
210 1397 260 1437 94.

313 237 403 295 864

1267 243 1438 274 SPUBIA.

310 347 407 370 mum
423 343 586 382 agamus,
604 327 907 379 expergiscamur,
925 324 1135 375 vigilemus,
1152 337 1282 374 quaeSO,
1300 344 1346 367 731
1361 327 1466 375 ὑμᾶς,
1493 325 1652 377 ἀδελφοὶ,
1678 324 1938 375 ἀποτινάξωμεν
1958 327 2014 364 τὸν
2046 326 2150 376 βαθὺν
2184 326 2286 363 ὕπνον
2315 330 2374 372 τῆς

310 440 400 478 nite,
410 435 593 482 audite,et
606 434 774 470 narrabo
786 433 910 476 vobis,
926 444 1056 467 omnes
1065 432 1132 480 qui
1143 431 1284 466 timetis

308 490 448 525 Deum.
463 486 592 524 Venite
602 515 612 534 ,
635 484 756 522 audite
766 493 798 521 et
808 497 861 520 res
875 491 907 520 ct
917 482 1026 520 verba
1038 481 1237 533 spiritualia
1252 490 1285 518 et

305 539 473 577 salutaria
486 555 494 576 ε
507 538 637 586 venite,
648 537 773 575 discite
783 535 970 574 consilium
985 535 1138 571 salutare
1161 542 1193 570 et
1209 534 1284 571 Deo

304 592 475 643 placitum
496 608 503 627 ε
521 591 652 638 venite,
688 589 810 627 scitote
832 587 1010 638 quomodo
1035 586 1285 624 confitebimur

305 646 379 681 Deo
393 644 538 681 salutari
561 652 680 681 nostro
702 642 838 680 :venite
869 649 1056 690 antequam
1068 639 1151 677 vitae
1172 638 1285 676 socie-

303 706 355 734 tas
377 697 558 734 solvatur:
576 696 690 734 venite
714 694 923 747 priusquam
953 693 1040 730 ostia
1072 691 1156 729 vitae
1189 692 1281 729 clau-

303 749 448 798 dantur,
461 749 670 801 priusquam
685 762 780 785 mors
799 746 933 795 veniat,
955 755 988 783 et
1007 758 1068 783 vos
1092 744 1284 796 imparatos

304 802 455 853 reperiat
476 818 484 838 τ
505 803 623 840 venite
643 810 830 851 antequam
859 799 911 836 sol
930 797 1068 836 occidat
1086 807 1119 835 et
1133 797 1199 834 lux
1220 797 1284 834 ob-

305 864 478 892 scuretur.
516 857 664 900 Venite,
684 854 827 898 audite,
859 865 988 888 omnes
1006 859 1151 902 gentes,
1180 852 1283 887 auri-

306 909 374 945 bus
388 910 571 959 percipite
586 920 718 944 omnes
737 908 804 957 qui
823 906 1010 942 habitatis
1030 905 1158 939 orbem
1182 918 1192 938 :
1214 916 1282 939 ve-

303 959 390 1009 nite,
417 962 643 1012 Terrigenae,
656 959 734 1010 filii
750 960 961 1003 hominum,
974 956 1093 993 simul
1106 958 1147 992 in
1163 969 1282 992 unum

303 1013 410 1050 clives
433 1022 468 1050 et
485 1026 632 1064 pauper
645 1028 658 1048 .-
678 1011 796 1049 venite
815 1009 951 1047 nobiles
979 1017 1013 1045 et
1032 1007 1189 1059 gloriosi,
1210 1022 1283 1045 ser-

303 1065 338 1102 vi
362 1074 394 1102 et
413 1065 518 1103 liberi
541 1081 548 1101 :
568 1065 685 1102 venite
699 1077 800 1101 omne
819 1076 943 1114 genus,
960 1070 1042 1098 aetas
1056 1060 1182 1108 omnis,
1210 1060 1283 1098 viri

304 1117 456 1155 simulet
477 1118 656 1163 mulieres,
674 1117 775 1168 parvi
794 1125 826 1153 et
855 1110 988 1165 magni,
1001 1114 1148 1165 juvenes
1173 1121 1207 1150 et
1229 1127 1282 1150 se-

302 1183 362 1206 nes
383 1185 390 1206 :
410 1171 527 1208 venite
541 1170 738 1207 sacerdotes
752 1168 955 1215 Domini,et
968 1166 1080 1204 omnis
1101 1165 1282 1217 plenitudo

305 1221 472 1259 Ecclesiae
484 1238 503 1260 a
520 1222 679 1260 terminis
699 1235 809 1271 usque
828 1220 874 1257 ad
899 1219 1067 1257 terminos
1086 1218 1181 1256 orbis
1208 1227 1280 1255 ter-

306 1289 438 1312 rarum.
461 1276 588 1313 Venite
616 1277 785 1312 szenes
809 1282 844 1310 et
864 1275 1052 1323 virgines,
1069 1285 1177 1308 senes
1192 1285 1280 1308 cum

301 1329 519 1378 junioribus
543 1344 552 1363 .·
585 1327 700 1364 venite
724 1340 822 1376 reges
858 1334 958 1361 terra:
993 1324 1067 1361 sive
1099 1323 1282 1374 sapientes,

305 1380 380 1416 sive
396 1380 512 1416 idiotae
529 1396 536 1415 :
557 1382 686 1427 venite,
703 1378 957 1415 Procidamus
970 1384 1061 1412 ante
1069 1376 1282 1412 Dominum

305 1434 478 1482 quisecit
493 1445 573 1476 nos,
594 1434 686 1483 quia
712 1434 790 1480 ipse
806 1437 861 1466 est
882 1430 1076 1465 Dominus
1096 1427 1198 1464 Deus
1218 1440 1282 1463 no-

304 1493 391 1531 ster,
412 1498 480 1522 nos
501 1493 629 1520 autem
653 1482 816 1533 populus
841 1481 981 1531 pabuli
1013 1481 1095 1530 ejus
1132 1488 1168 1516 et
1195 1493 1282 1516 oves

304 1551 441 1574 manus
466 1539 561 1587 ejus.
599 1536 740 1580 Venite,
776 1535 913 1577 fratres,
947 1541 981 1569 et
1002 1532 1155 1569 sciamus
1192 1531 1283 1568 nihil

303 1589 404 1626 nobis
421 1590 627 1640 profuturos
646 1602 719 1625 esse
731 1585 899 1624 terminos
916 1593 1015 1621 tcrrae
1042 1600 1048 1619 :
1072 1583 1203 1633 venite,
1223 1583 1283 1621 vi—

302 1641 380 1678 dete
401 1656 463 1679 nos
484 1641 598 1679 nudos
612 1641 800 1691 ingressos,
833 1637 948 1675 nudos
965 1637 1170 1674 decessuros
1188 1651 1282 1674 esse:

302 1694 433 1743 venite,
460 1695 689 1732 confiteamur
710 1692 861 1731 Domino
881 1691 916 1727 in
936 1690 1119 1741 lacrymis,
1141 1689 1283 1741 gemiti-

303 1747 381 1795 bus,
398 1747 628 1799 eleemosynis
654 1755 687 1784 et
708 1743 993 1783 miserationibus
1011 1756 1230 1794 paupcrum3
1253 1751 1286 1779 et

303 1800 378 1850 ipse
398 1800 540 1838 docebit
558 1814 620 1837 nos
649 1798 827 1849 quomodo
844 1796 991 1834 salutem
1018 1809 1285 1845 consequamur.

303 1852 476 1890 Dicamus
495 1862 527 1890 et
543 1866 606 1889 nos
627 1852 681 1889 illi
700 1867 707 1887 :
727 1850 894 1895 Domine,
915 1847 1141 1900 peccavimus
1164 1849 1200 1884 iu
1220 1854 1285 1885 033-

304 1905 380 1942 lum
400 1915 433 1943 et
452 1920 570 1943 coram
589 1914 645 1954 te:
668 1904 805 1955 suscipe
835 1901 1097 1940 conversionem
1122 1901 1284 1953 011100111-

305 1959 450 1996 tentiam
483 1967 652 2005 nostram,
672 1957 810 2008 suscipe
838 1954 1011 2007 gemitum
1042 1963 1074 1990 ct
1098 1954 1286 2005 lacrymas,

306 2011 445 2062 suscipe
463 2020 664 2048 nostrorum
694 2018 917 2061 peccatorum
944 2006 1200 2059 poenitentiam,
1222 2020 1287 2057 ge-

307 2063 618 2101 111111111101110111111
635 2077 745 2112 usque
773 2061 819 2099 ad
848 2070 996 2098 mortem
1021 2075 1028 2095 :
1053 2059 1193 2111 suscipe
1224 2073 1287 2097 nos

308 2116 472 2166 miseros,
509 2117 570 2166 qui
603 2117 754 2167 turpiter
778 2114 960 2152 viximus:
983 2112 1124 2163 suscipe
1153 2126 1230 2160 nos,
1267 2126 1287 2150 ο

306 2169 470 2219 henigne,
505 2169 566 2219 qui
587 2168 741 2205 multum
761 2176 795 2204 te
814 2166 860 2204 ad
875 2166 964 2203 iram
981 2165 1255 2216 provocavimus
1279 2180 1286 2201 :

308 2223 446 2273 suscipe
467 2236 542 2269 nos,
557 2221 721 2268 Domine,
741 2220 803 2270 qui
825 2219 860 2256 in
878 2218 1024 2256 luxuria
1046 2227 1079 2255 et
1097 2217 1194 2254 omni
1215 2217 1288 2254 ini-

309 2275 441 2323 quitate
456 2283 489 2311 et
503 2273 729 2311 immunditia
763 2273 876 2310 vitam
894 2280 1003 2308 totam
1024 2270 1260 2321 transegimus
1280 2285 1288 2305 :

307 2327 457 2377 suscipe,
479 2327 632 2364 Domine
650 2327 761 2371 Deus,
773 2338 830 2362 eos
845 2324 907 2373 qui
920 2331 1096 2374 praeccpta
1106 2331 1166 2358 1113
1181 2331 1292 2359 trans-

308 2379 417 2427 gressi
436 2388 517 2416 sunt
537 2378 699 2429 :suscipe
718 2391 792 2424 1105,
809 2375 973 2421 Domine,
993 2374 1159 2424 indignos
1172 2388 1290 2411 servos

308 2441 403 2479 tuos,
425 2440 458 2468 01
477 2445 520 2468 110
535 2430 662 2468 reddas
675 2430 775 2466 nobis
791 2427 985 2466 secundum
999 2440 1104 2477 opera
1119 2440 1223 2463 manu
1231 2440 1290 2462 um

309 2493 521 2521 nostrarum.
542 2483 772 2527 Confitemur,
794 2480 959 2528 Domine,
983 2493 1104 2516 nosne
1118 2479 1191 2517 vita
1211 2478 1290 2528 qui-

309 2536 390 2573 dem
417 2536 543 2587 dignos
563 2549 636 2573 esse
655 2535 700 2572 ob
737 2542 877 2585 peccata
902 2540 1042 2570 nostra:
1064 2531 1286 2576 confitemur,

310 2589 474 2637 Domine,
490 2604 532 2626 ne
566 2588 692 2639 dignos
710 2585 856 2637 quidem
871 2599 944 2622 esse
975 2584 1035 2634 qui
1053 2584 1162 2621 solem
1180 2583 1290 2635 respi-

309 2642 456 2691 ciamus,
490 2641 573 2691 quia
591 2641 729 2678 nullum
760 2647 943 2690 peccatum
961 2646 1025 2685 est,
1046 2637 1184 2673 nullum
1204 2636 1292 2673 mali

309 2708 432 2743 genus,
461 2694 557 2744 quod
586 2707 656 2730 non
674 2691 794 2729 miseri
816 2690 1011 2728 fecerimus.
1046 2689 1117 2727 Sed
1153 2689 1291 2740 suscipe

309 2762 386 2791 1105,
420 2747 584 2792 Domine,
606 2755 645 2783 ut
663 2745 781 2782 filium
804 2743 1012 2795 prodigum,
1040 2751 1081 2779 ut
1105 2742 1290 2789 latronem,

311 2809 349 2836 111
365 2799 582 2837 meretricem
602 2808 635 2836 et
666 2797 911 2849 publicanum.
938 2794 1101 2842 Domine,
1128 2803 1293 2832 converte

311 2867 393 2901 nos;
417 2852 584 2899 Domine,
607 2849 834 2902 prudentiam
848 2847 950 2885 nobis
963 2847 1108 2897 largire,
1125 2856 1158 2884 et
1168 2861 1211 2884 ne
1224 2846 1292 2884 ira-

313 2905 434 2951 scaris,
464 2904 526 2942 sed
546 2903 722 2955 propitius
741 2910 814 2939 esto
833 2900 984 2952 peccatis
1004 2900 1143 2937 nostris.
1173 2900 1230 2937 Tu
1257 2913 1293 2936 es

312 2959 408 2995 Deus
421 2966 550 3003 1105101,
570 2966 603 2993 01
618 2964 746 3007 praeter
763 2964 795 2992 te
815 2953 927 2990 alium
942 2966 1010 2990 non
1028 2953 1203 2990 novimus.
1219 2953 1293 2989 Do-

314 3010 420 3057 mine,
437 3023 519 3048 erue
538 3023 601 3047 nos
623 3008 667 3046 de
685 3006 839 3045 inimicis
858 3005 1001 3053 nostris,
1019 3013 1052 3042 et
1071 3019 1117 3042 ne
1130 3004 1239 3041 intres
1258 3004 1295 3042 in

310 3063 488 3113 judicium
516 3076 594 3099 cum
615 3060 725 3099 servis
745 3060 815 3098 tuis
836 3074 843 3094 ι
863 3057 1030 3106 Domine,
1056 3065 1093 3094 tu
1120 3070 1156 3094 es
1184 3057 1294 3105 Deus,

316 3124 346 3153 ct
369 3130 431 3153 nos
467 3114 621 3167 populus
646 3123 742 3151 tuus.
776 3111 1006 3149 Peccavimus
1035 3109 1143 3159 enim,
1175 3108 1296 3159 inique

315 3168 466 3218 egimus,
501 3167 725 3218 iniquitatem
752 3174 785 3202 01
807 3164 941 3201 malum
956 3162 1115 3211 fecimus,
1133 3161 1295 3213 peccavi-

318 3235 396 3257 mus
418 3221 453 3257 in
476 3220 657 3268 omnibus,
691 3227 724 3256 et
760 3216 936 3254 mandatis
957 3215 1029 3253 tuis
1044 3228 1114 3252 non
1130 3213 1293 3252 obedivi-
1314 3229 1319 3235 ’

320 3287 399 3309 111115
421 3289 428 3309 :
449 3273 528 3310 idco
560 3273 663 3322 longe
682 3286 701 3308 a
720 3280 753 3308 te
771 3268 1027 3307 aberravimus.
1051 3266 1120 3305 Sed
1145 3266 1290 3304 misera-

319 3339 369 3370 re,
401 3327 565 3371 Domine,
595 3339 700 3375 opera
733 3335 903 3360 manuum
934 3330 1077 3357 tuarum
1099 3335 1109 3354 .·
1127 3319 1292 3356 miserere

316 3378 479 3424 Domine,
499 3391 632 3424 corum,
651 3377 709 3425 qui
726 3374 863 3412 fallacia
879 3371 1050 3424 serpentis
1082 3385 1125 3408 cx
1151 3370 1294 3422 paradi-

319 3444 354 3467 so
372 3430 469 3480 ejecti
487 3438 565 3466 sunt
582 3444 590 3475 ;
606 3429 766 3465 miserere
794 3427 915 3471 nostri,
939 3434 971 3462 ct
993 3424 1097 3462 induc
1118 3438 1179 3461 nos
1195 3423 1288 3460 tuni-

108 397 197 424 Psal.
212 395 262 426 65.
308 386 432 422 fratres
450 381 693 419 :excutiamus
711 392 854 430 gravem
866 378 1000 429 peccati
1019 390 1196 425 somnum,
1214 378 1284 414 Ve-
1312 380 1339 408 A
1361 377 1546 429 ἁμαρτίας,
1575 381 1682 416 Δεῦτε
1697 407 1706 424 ,
1737 377 1925 423 ἀκούσατε,
1951 378 2011 415 καὶ
2039 379 2251 430 διηγήσομαι
2281 381 2375 428 ὑμῖν,

2352 431 2358 442 ,

1360 430 1487 472 πάντες
1503 433 1534 467 οἱ
1552 429 1759 481 φοὸούμενοι
1774 430 1831 468 τὸν
1845 429 1935 468 Θεόν
1950 445 1957 453 ·
1971 431 2067 468 δεῦτε
2078 461 2086 476 ,
2104 431 2273 468 ἀκούσατε
2288 445 2376 480 πρα-

1359 497 1480 532 γματα
1495 482 1554 520 καὶ
1582 483 1722 534 ῥήματα
1748 481 1969 531 πνευματικὰ
1982 482 2041 519 καὶ
2058 484 2212 535 σωτήρια
2226 499 2233 506 ·
2262 484 2355 520 δεῦτε
2367 512 2376 529 ,

1361 534 1487 584 μάθετε
1504 534 1632 586 βουλὴν
1654 534 1829 580 σώζουσαν
1847 535 1907 572 καὶ
1935 533 2113 585 θεοίρεστον
2128 550 2135 558 ·
2150 537 2256 580 δεῦτε,
2267 539 2377 586 γνῶτε

1359 589 1434 630 πῶς
1462 587 1787 638 ἐξομολογησάμεθα
1819 590 1869 638 τῷ
1893 588 1974 638 Θεῷ
2006 589 2056 638 τῷ
2085 588 2227 639 Σωτῆρι
2251 591 2374 636 ἡμῶν·

1360 640 1456 677 δεῦτε
1478 640 1558 691 πρὶν
1570 641 1656 690 λυθῇ
1670 644 1728 678 τοῦ
1742 639 1817 690 βίου
1834 639 2167 691 ἡπανήγυρις,δεῧτε
2188 639 2268 689 πρὶν
2289 642 2376 676 ἀπο·

1357 694 1563 730 κλεισθῶσιν
1579 695 1614 730 αἱ
1634 692 1732 757 θύραι
1749 696 1811 738 τῆς
1823 694 1929 739 ζωῆς,
1944 692 2051 741 πρὶνὸ
2062 691 2205 733 θάνατος
2221 690 2302 743 ἔλθῃ
2317 690 2377 728 καὶ

1357 744 1440 798 εὕρῃ
1456 749 1545 795 ιδμᾶς
1560 748 1784 795 ,ἀνετοιμους-
1810 746 1907 781 δεῦτε
1931 745 2012 794 πρὶν
2031 746 2049 780 ὃ
2064 743 2160 789 ἥλιος
2180 743 2277 794 δύνῃ,
2294 744 2375 794 πρὶν

1357 798 1510 849 σκοτάσῃ
1527 798 1567 835 τὸ
1584 801 1655 849 φῶς
1666 813 1673 820 ·
1694 800 1815 843 Δεῦτε,
1832 796 2003 834 ἀκούσατε
2016 796 2131 834 πάντα
2142 795 2185 833 τὰ
2199 795 2278 841 ἔθνη
2291 824 2300 840 ,
2315 795 2374 832 καὶ

1357 850 1543 888 ἐνωτίσατε
1572 850 1700 893 πάντες
1729 852 1760 888 οἳ
1791 854 2029 891 κατοικοῦντες
2061 848 2122 894 τὴν
2147 849 2374 898 οἰκουμένην·

1358 903 1453 940 δεῦτε
1469 904 1633 953 Γηγενεῖς
1659 902 1720 940 καὶ
1740 903 1807 940 υἱοὶ
1825 905 1892 939 τῶν
1919 901 2122 952 ἀνθρώπων,
2153 900 2209 937 ἐπὶ
2228 901 2267 937 τὸ
2293 900 2376 937 αὐτὸ

1355 955 1516 998 πλούσιος
1535 955 1595 993 καὶ
1613 955 1718 1002 πένης
1731 971 1738 978 ·
1763 956 1858 992 δεῦτε
1874 956 2020 1005 εὐγενεῖς
2053 954 2112 990 καὶ
2132 952 2279 999 ἔνδοξοι,
2298 953 2376 990 δοῦ-

1355 1009 1410 1045 λοι
1425 1010 1484 1046 καὶ
1503 1008 1694 1060 ἐλεύθεροι·
1710 1009 1806 1045 δεῦτε
1827 1013 1895 1044 πᾶν
1913 1005 2008 1057 γένος
2021 1036 2030 1053 ,
2054 1006 2114 1043 καὶ
2132 1004 2252 1050 ἡλικία
2265 1010 2375 1051 πᾶσα,

1357 1060 1478 1112 ἄνδρες
1509 1065 1594 1111 ὁμοῦ
1627 1060 1687 1098 καὶ
1719 1066 1898 1109 γυναῖκες,
1921 1058 2038 1110 μικροί
2058 1074 2095 1095 τε
2123 1059 2182 1095 καὶ
2206 1056 2376 1108 μεγάλοι,

1358 1113 1425 1151 νέοι
1442 1130 1480 1151 τε
1501 1113 1559 1151 καὶ
1579 1112 1752 1164 γέροντες·
1772 1113 1867 1149 δεῦτε
1883 1114 1983 1163 ἱερεῖς
2007 1111 2150 1161 Κυρίου,
2170 1110 2230 1147 καὶ
2249 1116 2317 1147 πᾶν
2337 1111 2376 1147 τὸ

1356 1165 1534 1217 πλήρωμα
1557 1168 1619 1211 τῆς
1637 1165 1854 1210 Ἔκκλησίας
1874 1167 1936 1209 τῆς
1955 1162 2024 1202 ἀπὸ
2045 1162 2204 1215 περάτων
2225 1161 2289 1204 ἕως
2308 1178 2375 1199 πε-

1359 1218 1471 1269 ροίτων
1485 1223 1546 1265 τῆς
1566 1218 1768 1267 οἰκουμένης
1782 1233 1788 1240 ·
1806 1219 1902 1254 δεῦτε
1915 1215 2105 1254 Νεανίσκοι
2119 1214 2178 1252 καὶ
2192 1216 2374 1266 παρθένοι,

1357 1271 1586 1337 πρεσὲύτεροι
1608 1270 1695 1319 μετὰ
1712 1270 1905 1322 νεωτέρων·
1929 1270 2024 1306 δεῦτε
2045 1270 2198 1318 βασιλεῖς
2214 1271 2276 1312 τῆς
2294 1270 2375 1317 γῆς,

1356 1326 1386 1360 οἳ
1400 1339 1436 1360 τε
1453 1325 1550 1374 σοφοὶ
1566 1324 1625 1359 καὶ
1641 1323 1794 1359 ἰδιῶται·
1809 1323 1918 1367 δεῦτε,
1933 1320 2197 1371 Προσπέσωμεν
2219 1319 2370 1356 ἐναντίον

1355 1375 1484 1427 Κυρίου
1504 1379 1564 1411 τοῦ
1582 1373 1792 1419 ποιήσαντος
1811 1377 1905 1422 ἡμᾶς
1918 1388 1925 1395 ·
1945 1372 1998 1410 ὅτι
2017 1372 2116 1414 αὐτός
2133 1375 2226 1408 ἐστιν
2252 1374 2269 1408 ὃ
2288 1372 2376 1414 Θεὸς·

1354 1429 1468 1475 ἡμῶν,
1499 1427 1557 1464 καὶ
1587 1430 1688 1475 ἡμεῖς
1725 1426 1807 1467 λαὸς
1836 1428 1945 1474 νομῆς
1978 1426 2106 1466 αὐτοῦ,
2135 1423 2193 1460 καὶ
2215 1423 2377 1474 πρόὸατα

1355 1479 1470 1530 χειρὸς
1490 1481 1604 1516 αὐτοῦ.
1626 1480 1754 1524 Δεῦτε,
1775 1478 1933 1527 ἀδελφοὶ,
1963 1477 2022 1514 καὶ
2042 1478 2192 1526 γνῶμεν,
2212 1475 2264 1514 ὅτι
2281 1475 2376 1514 οὐδὲν

1355 1532 1591 1583 ὠφελήσουσιν
1611 1534 1705 1579 ἡμᾶς
1730 1529 1773 1568 τὰ
1793 1530 1928 1580 πέρατα
1949 1533 2010 1576 τῆς
2030 1531 2105 1579 γ’ἧς.
2126 1531 2233 1566 Δεῦτε
2249 1558 2258 1575 ,
2287 1528 2377 1566 ἴδετε

1356 1584 1409 1621 ὅτι
1429 1584 1553 1634 γυμνοὶ
1588 1584 1809 1633 εἰσήλθομεν,
1838 1583 1898 1620 καὶ
1918 1582 2022 1620 πάλιν
2049 1581 2172 1632 γυμνοὶ
2205 1581 2377 1631 μέλλομεν

1357 1637 1572 1688 ἀπέρχεσθαι
1589 1637 1671 1673 ἐκεῖ.
1689 1638 1818 1683 Δεῦτε,
1842 1634 2176 1684 ἐξομολογησώμεθα
2192 1637 2242 1685 τῷ
2258 1633 2379 1686 Κυρίῳ

1357 1692 1392 1728 ἐν
1413 1690 1559 1741 δάκρυσι
1581 1688 1639 1726 καὶ
1659 1694 1887 1739 στεναγμοῖς,
1907 1689 1940 1724 ἐν
1970 1686 2236 1736 ἐλεημοσύναις,
2261 1687 2296 1723 ἐν
2323 1688 2378 1724 οἶ-

1357 1747 1516 1793 κτιρμοῖς
1535 1742 1694 1787 πενήτων
1710 1757 1718 1764 ·
1738 1742 1796 1779 καὶ
1829 1740 1930 1783 αὐτὸς
1952 1740 2081 1783 διδάξει
2097 1743 2191 1789 ἡμᾶς
2212 1742 2286 1782 πῶς
2305 1755 2378 1776 σω-

1358 1798 1483 1844 θῶμεν.
1504 1794 1669 1845 Εἴπωμεν
1684 1794 1743 1831 καὶ
1758 1798 1859 1844 ἡμεῖς
1875 1792 1960 1844 πρὸς
1977 1792 2078 1830 αὐτόν
2093 1808 2099 1814 ·
2122 1791 2247 1843 Κύριε,
2263 1792 2380 1845 ἦμάρ,

1358 1863 1462 1898 τομεν
1485 1848 1532 1890 εἷς
1549 1847 1606 1884 τὸν
1628 1846 1770 1899 οὐρανὸν
1799 1845 1859 1884 καὶ
1879 1844 2023 1883 ἐνώπιόν
2055 1860 2137 1882 σου·
2166 1844 2259 1888 δέξαι
2277 1847 2378 1894 ἡμῶν

1358 1900 1421 1946 τὴν
1453 1899 1664 1951 ἐπιστροφὴν
1696 1899 1755 1936 καὶ
1775 1899 1837 1945 τὴν
1860 1897 2057 1949 μετάνοιαν,
2082 1896 2176 1940 δέξαι
2203 1900 2304 1946 ἡμῶν
2321 1898 2378 1934 τὸν

1359 1953 1550 2005 στεναγμὸν
1573 1953 1631 1989 καὶ
1651 1952 1695 1989 τὰ
1715 1951 1866 2003 δάκρυα,
1889 1951 1981 1995 δέξαι
2001 1953 2101 2000 ἡμῶν
2123 1953 2190 1987 τῶν
2211 1951 2377 2001 ἁμαρτω-

1328 2020 1333 2028 ’
1358 2008 1427 2044 λῶν
1458 2007 1519 2052 τὴν
1545 2005 1742 2051 μετάνοιαν,
1775 2005 1831 2042 τὸν
1860 2003 2006 2054 ὄδυρμὸν
2037 2003 2096 2040 καὶ
2124 2002 2299 2052 κλαυθμὸν
2320 2001 2378 2039 τὸν

1545 2041 1550 2055 l

1361 2059 1418 2096 ἐπὶ
1439 2058 1584 2096 θάνατον
1601 2074 1608 2081 ·
1630 2057 1724 2101 δέξαι
1753 2061 1848 2107 ἡμᾶς
1865 2055 1943 2099 τοὺς
1963 2056 2120 2102 ἀθλίους,
2147 2055 2206 2092 καὶ
2226 2057 2379 2107 αἰσχρῶς

1363 2111 1558 2162 βιώσαντας
1570 2126 1577 2133 ·
1610 2110 1704 2154 δέξαι
1722 2113 1836 2160 ἡμᾶς,
1854 2108 2096 2160 φιλάνθρωπε,
2113 2106 2190 2150 τοὺς
2208 2108 2322 2145 πολλοί
2342 2123 2379 2145 σε

1361 2164 1643 2215 παροργίσαντας
1656 2179 1663 2186 ·
1685 2162 1779 2207 δέξαι
1797 2166 1908 2211 ἡμᾶς,
1925 2162 2099 2208 Δέσποτα,
2111 2159 2187 2203 τοὺς
2199 2163 2231 2198 ἐν
2247 2159 2380 2213 ἀσωτίᾳ

1361 2217 1421 2254 καὶ
1438 2217 1532 2267 πάσῃ,
1557 2215 1707 2267 πονηρία
1736 2214 1794 2253 καὶ
1825 2213 2022 2266 ἀκαθαρσίᾳ
2050 2214 2106 2251 τὸν
2129 2212 2202 2263 βίον
2221 2212 2299 2250 ὅλον
2320 2213 2380 2249 δα-

1362 2269 1602 2315 πανήσαντας·
1619 2267 1731 2314 δέξαι,
1749 2267 1856 2332 Κύριε
1867 2270 1884 2304 ὃ
1903 2267 1992 2309 Θεὸς
2004 2295 2013 2311 ,
2027 2266 2103 2308 τοὺς
2118 2268 2184 2302 τῶν
2208 2268 2277 2303 σῶν
2294 2267 2382 2301 ἐντο-

1363 2323 1430 2358 λῶν
1443 2319 1734 2371 παρακούσαντας
1747 2335 1754 2342 ·
1773 2319 1866 2362 δεξαι
1877 2323 1970 2367 ἡμᾶς
1983 2349 1992 2365 ,
2004 2318 2166 2356 Δέσποτα
2178 2347 2187 2364 ,
2203 2316 2280 2359 τοὺς
2296 2319 2380 2354 ἀνα-

1363 2372 1451 2416 ξίους
1469 2372 1607 2414 δούλους
1624 2387 1701 2418 σου,
1717 2372 1776 2408 καὶ
1797 2370 1844 2418 μὴ
1861 2370 2022 2421 ἀποδῴης
2037 2374 2122 2418 ἡμῖν
2131 2369 2220 2406 κατὰ
2234 2368 2278 2405 τὰ
2298 2368 2381 2420 ἔργα

1362 2428 1431 2462 τῶν
1443 2427 1568 2475 χειρῶν
1580 2423 1971 2474 ἧμῶν.“Ομολογο’ῦμεν,
1981 2420 2216 2466 Δέσποτα,ὅτι
2232 2421 2307 2458 οὐδὲ
2323 2425 2382 2458 τοῦ

1364 2479 1423 2527 ζῇν
1433 2477 1520 2520 ἄξιοι
1532 2475 1588 2513 διὰ
1599 2476 1660 2519 τὰς
1672 2475 1844 2528 ἁμαρτίας
1854 2479 1875 2521 ἦ
1882 2477 1955 2525 μῶν
1966 2491 1972 2497 ·
1982 2476 2253 2524 ὃμνολογοῧμεν,
2266 2473 2384 2524 Κύριε,

1364 2530 1439 2567 οὐδὲ
1460 2530 1517 2567 τὸν
1536 2528 1632 2574 ἥλιον
1652 2534 1770 2566 τοῦτον
1792 2532 1930 2582 θεωρεῖν
1945 2527 2148 2579 ὑπάρχομεν
2167 2525 2275 2570 ἄξιοι,
2296 2525 2383 2563 διότι

1364 2585 1425 2620 οὐκ
1440 2582 1532 2619 ἔστιν
1550 2581 1743 2632 ἁμάρτημα
1759 2610 1768 2627 ,
1785 2582 1848 2618 οὐκ
1865 2581 1951 2621 εἶδος
1966 2578 2130 2617 παντοίου
2149 2583 2274 2625 κακοῦ,
2291 2578 2308 2616 ὃ
2323 2580 2383 2616 οὐκ

1364 2635 1563 2688 ἐπράξαμεν
1592 2636 1622 2671 οἱ
1655 2634 1788 2671 ἄθλιοι·
1809 2632 1898 2671 ἀλλὰ
1929 2631 2022 2676 δέξαι
2050 2635 2164 2682 ἡμᾶς,
2195 2630 2357 2670 Δέσποτα
2374 2661 2383 2678 ,

1363 2687 1483 2739 ὥσπερ
1504 2687 1560 2725 τὸν
1595 2687 1727 2724 ἄσωτον
1749 2686 1834 2733 υἱὸν,
1857 2684 1951 2728 δέξαι
1974 2687 2020 2727 ὡς
2049 2685 2106 2722 τὸν
2127 2683 2272 2735 λῃστὴν,
2292 2683 2384 2726 δέξαι

1364 2743 1410 2783 ὡς
1439 2740 1503 2785 τὴν
1523 2739 1654 2792 πόρνην
1673 2739 1732 2777 καὶ
1758 2740 1816 2776 τὸν
1837 2736 2002 2783 τελώνην.
2027 2736 2134 2788 Κύριε
2147 2764 2156 2780 ,
2177 2735 2383 2787 ἕπίστρεψον

1363 2797 1457 2843 ἡμᾶς
1472 2808 1479 2815 ·
1509 2792 1634 2842 Κύριε,
1669 2791 1846 2829 συνέτισον
1877 2794 1992 2840 ἡμᾶς,
2024 2789 2083 2827 καὶ
2117 2788 2165 2838 μὴ
2197 2791 2360 2840 ὀργισθῇς
2374 2818 2383 2833 ,

1365 2845 1455 2884 ἀλλὰ
1477 2845 1638 2889 ἱλάσθητι
1655 2850 1730 2886 ταῖς
1761 2843 1949 2894 ἁμαρτίαις
1966 2844 2079 2892 ἡμῶν.
2113 2841 2164 2879 Σὺ
2192 2837 2225 2880 εῗ
2245 2843 2262 2877 ὃ
2297 2840 2386 2882 Θεὸς

1364 2901 1479 2948 ἡμῶν,
1498 2898 1557 2935 καὶ
1577 2896 1675 2938 ἐκτός
1694 2912 1754 2934 σου
1777 2897 1880 2933 ἄλλον
1900 2897 1962 2933 οὐκ
1987 2895 2141 2943 οἴδαμεν.
2163 2893 2291 2945 Κύριε,
2308 2891 2384 2935 ἐξε-

1365 2953 1425 2989 λοῦ
1456 2953 1550 3000 ἡμᾶς
1582 2952 1621 2987 ἐκ
1637 2952 1705 2986 τῶν
1726 2950 1858 3000 ἐχθρῶν
1878 2950 1992 2996 ἡμῶν,
2012 2946 2071 2983 καὶ
2092 2944 2140 2995 μὴ
2158 2945 2320 2998 Ξῖσῦτθῃς
2339 2946 2386 2986 εἷς

1366 3002 1478 3055 κρίσιν
1502 3001 1590 3052 μετὰ
1608 3005 1676 3039 τῶν
1696 3001 1823 3038 δούλων
1843 3014 1915 3036 σου.
1932 2998 2040 3050 Κύριε
2056 3027 2065 3042 ,
2084 2996 2124 3034 σὺ
2145 3001 2173 3034 εἰ
2198 2997 2287 3039 Θεὸς
2300 3028 2309 3044 ,
2328 2998 2387 3034 καὶ

1365 3059 1467 3105 ἡμεῖς
1489 3054 1545 3097 σὸς
1564 3053 1658 3096 λαός.
1682 3052 1907 3104 Ἥμοίρτομεν
1931 3050 2020 3102 γὰρ,
2047 3049 2292 3100 ἦνομῆσαμεν,
2312 3050 2387 3096 ἠδι-

1369 3109 1542 3157 κήσαμεν,
1562 3106 1621 3144 καὶ
1646 3106 1686 3143 τὸ
1704 3104 1853 3155 πονηρὸν
1871 3103 2099 3152 ἐποιήσαμεν,
2121 3102 2180 3139 καὶ
2195 3102 2387 3154 ἐξημάρτη-

1368 3176 1429 3211 μεν
1459 3161 1493 3197 ἓν
1514 3166 1624 3205 πᾶσι,
1645 3157 1705 3195 καὶ
1737 3159 1806 3193 τῶν
1827 3158 1972 3193 ἐντολῶν
2005 3171 2064 3193 σου
2086 3157 2146 3193 οὐκ
2175 3155 2387 3202 ἠκούσαμεν,

1366 3213 1426 3251 καὶ
1451 3210 1509 3249 διὰ
1548 3216 1648 3248 τοῦτο
1692 3209 1830 3261 μακράν
1864 3224 1924 3246 σου
1961 3209 2272 3257 ἀπεπλανήθημεν.
2294 3207 2386 3244 Ἀλλ’

1367 3264 1524 3310 ἐλέησον,
1556 3262 1607 3301 Κύ
1634 3277 1680 3309 ιε,
1701 3261 1745 3298 τὰ
1774 3261 1858 3311 ἔργα
1884 3264 1950 3298 τῶν
1980 3263 2107 3312 χειρῶν
2131 3275 2190 3298 σου
2206 3275 2213 3282 ·
2233 3259 2387 3305 ἐλέησον,

1374 3317 1537 3355 Δέσποτα
1549 3344 1558 3361 ,
1575 3330 1652 3357 τους
1668 3317 1710 3365 τῇ
1731 3314 1848 3364 ἀπάτῃ
1865 3318 1923 3350 τοῦ
1944 3313 2054 3364 ὄφεως
2075 3311 2307 3358 ἐκίληθέντας
2326 3314 2386 3348 τοῧ

1367 3367 1576 3419 παραδείσου
1595 3384 1600 3390 ·
1622 3366 1762 3412 ἐλέησον
1791 3369 1904 3415 ἡμᾶς,
1937 3367 1995 3403 καὶ
2016 3365 2152 3403 ἔνδυσον
2170 3366 2301 3414 χιτῶνα
2327 3365 2384 3400 εὓ-

1467 3420 1474 3430 ,

1368 3436 1560 3472 ’.[ιροσυνης,
1590 3420 1647 3457 καὶ
1674 3418 1844 3469 σωτήριον
1866 3418 2024 3467 ἱμάτιον
2047 3417 2187 3463 ἐλέησον
2204 3420 2314 3467 ἡμᾶς,
2331 3416 2387 3457 οὒς
