2502 3810
701 235 742 263 ΙΝ
783 233 893 264 ACTA
929 234 1274 265 APOSTOLORUM.
1314 236 1469 266 HOMIL.
1508 237 1645 267 XXXV.
2114 240 2201 285 297

135 316 193 353 καὶ
215 315 396 363 δυσειδής;
415 316 449 354 τί
468 317 523 354 δαὶ
542 317 581 356 τὸ
595 318 734 370 κέρδος,
753 318 834 356 ὅταν
852 318 894 356 τὰ
913 319 974 369 μὲν
990 318 1150 371 στρώμα-
1223 327 1256 356 et
1282 319 1363 371 plus
1382 333 1488 371 quam
1513 319 1671 358 ebriosus
1695 319 1774 372 quis
1789 320 2010 370 furiosus-que
2030 319 2200 358 distortus

133 391 176 413 τα
191 375 311 413 ἁπαλὰ
346 376 405 413 καὶ
433 376 525 414 καλὰ
543 371 566 428 ᾗ
579 405 588 421 ,
608 377 667 415 καὶ
685 380 816 425 πολλῆς
835 378 1009 422 ποικιλίας
1027 379 1150 430 γέμον·
1221 379 1267 417 sit
1286 380 1449 418 manibus
1464 380 1696 432 pedibusque.
1715 380 1781 418 Dic
1795 380 1898 429 mihi,
1913 380 1941 418 si
1957 380 2039 430 quis
2053 379 2121 418 tibi
2140 379 2200 417 da-

131 451 175 473 τα
203 435 262 473 καὶ
289 435 426 487 τέχνης,
449 439 470 482 ἡ
493 437 530 475 δὲ
561 437 656 489 ψυχὴ
686 438 790 489 ῥάκια
820 439 1102 491 περιὸεὸλημένη
1125 434 1148 491 ἦ
1221 448 1273 477 ret
1292 454 1424 490 equum
1449 440 1656 492 pulchrum,
1677 450 1710 479 et
1732 454 1859 492 corpus
1883 449 1984 478 tuum
2003 439 2200 491 distorque-

132 497 191 534 καὶ
205 496 318 548 γυμνὴ
348 496 406 534 καὶ
432 497 581 549 αἰσχροί,
599 497 634 535 τί
652 499 691 537 τὸ
706 498 824 550 κέρδος
836 529 845 547 ,
863 499 945 538 ὅταν
965 503 983 537 ὁ
1000 500 1062 551 μὲν
1087 499 1149 538 ῗπ-
1221 509 1288 549 ret,
1307 515 1383 551 quae
1402 501 1563 539 utilitas?
1578 503 1681 540 Nunc
1702 502 1856 540 animam
1873 501 2059 539 distortam
2076 501 2200 551 habes,

131 573 195 600 πος
214 556 364 595 εὔτακτα
388 557 510 609 βαδίζῃ
523 588 533 605 ,
559 558 618 596 καὶ
637 559 812 611 χορεύοντι
833 561 964 610 μᾶλλον
988 559 1107 604 ἐοικὼς
1126 560 1149 606 ἢ
1221 575 1285 599 nec
1299 576 1414 600 curas.
1439 564 1493 600 De
1511 563 1612 601 nobis
1631 563 1731 615 ipsis,
1749 577 1882 613 quaeso,
1897 562 2039 600 tandem
2059 562 2203 600 solliciti

133 616 323 668 βαδίζοντι,
353 618 412 656 καὶ
431 622 445 638 ³
468 618 556 669 μετὰ
574 621 636 664 τῆς
655 619 793 672 χορείας
824 619 946 672 κόσμῳ
968 636 1150 671 κεκοσμη-
1221 622 1345 662 simus.
1365 624 1417 661 Ne
1432 637 1494 661 nos
1509 624 1673 661 omnibus
1695 623 1998 675 ignominiosiores
2013 623 2202 661 constitua-

131 676 232 727 μένος
264 672 287 729 ᾗ
315 682 495 730 νυμφικῷ·
526 682 543 717 ὁ
574 679 610 718 δὲ
644 680 898 731 ἐπικαθήμενος
924 684 1002 718 τῶν·
1023 682 1149 733 χωλῶν
1221 696 1312 721 mus.
1338 684 1377 722 Si
1405 684 1485 735 quis
1515 698 1577 722 nos
1606 684 1774 722 conviciis
1798 684 1971 734 incessat,
1995 683 2201 721 mordemur

132 740 263 787 μᾶλλον
284 739 498 791 ἀσκωλιάζῃ,
518 739 576 778 καὶ
591 743 660 778 τῶν
681 740 874 790 μεθυόντων
890 742 949 778 καὶ
967 743 1035 779 τῶν
1058 757 1149 791 μαι-
1220 744 1470 794 dolemusque;
1485 758 1566 781 cum
1583 758 1668 782 vero
1687 758 1750 782 nos
1769 759 1806 781 re
1819 745 1894 795 ipsa
1910 744 2133 782 contumeliis
2151 745 2201 782 af-

131 797 281 848 νομένων
312 801 442 849 μᾶλλον
460 795 770 851 διεστραμμένοςῇ
789 800 847 838 καὶ
865 805 985 852 χεῖρας
1004 800 1063 838 καὶ
1083 801 1148 838 πό·
1221 804 1374 852 ficimus,
1394 817 1463 840 non
1488 805 1737 842 convertimur.
1758 805 2018 856 Resipiscamus
2040 806 2099 844 vel
2125 819 2201 844 sero

134 859 213 904 δας;
232 857 321 896 Εἰπὲ
341 859 382 905 δή
400 874 477 908 μοι,
498 859 530 897 εἴ
545 859 596 902 τίς
615 874 668 898 σοι
697 859 803 897 ἵππον
824 860 934 898 ἐδίδου
950 860 1068 907 καλὸν,
1090 860 1150 898 καὶ
1174 874 1198 903 C
1222 862 1374 912 tandem,
1389 872 1429 899 ut
1439 862 1628 913 possimus,
1643 872 1829 914 postquam
1847 865 2002 902 animam
2019 866 2201 904 curaveri‘

132 919 171 956 τὸ
191 921 294 969 σῶμα
322 919 497 971 διέστρεφε
512 949 522 967 ,
552 919 587 957 τί
615 920 655 958 τὸ
682 920 822 971 ὄφελος;
841 921 914 958 Νῦν
933 919 1048 971 ψυχὴν
1075 920 1149 956 διε-
1222 926 1321 970 mus,
1346 931 1379 960 et
1411 922 1581 960 virtutem
1615 923 1849 972 coluerimus,
1874 933 2000 962 aeterna
2037 927 2202 975 consequi

134 977 358 1030 στραμμένην
389 978 498 1030 ἔχεις,
517 979 576 1016 καὶ
603 978 698 1017 οὐδέν
725 994 779 1016 σοι
800 978 920 1028 μέλει,
941 977 1150 1029 Φροντίσω-
1222 983 1336 1033 bona,
1364 982 1478 1034 gratia
1503 993 1535 1020 et
1563 983 1780 1034 benignitate
1804 985 1950 1022 Domini
1983 985 2092 1022 nostri
2121 987 2203 1024 Jesu

134 1055 196 1088 μεν
225 1041 325 1090 ἡμῶν
353 1041 464 1076 αὐτῶν
497 1054 602 1085 ποτε,
623 1039 830 1090 παρακαλῶ.
852 1038 915 1084 Μὴ
946 1039 987 1084 δὴ
1008 1038 1148 1077 πάντων
1224 1043 1371 1094 Christi,
1392 1043 1539 1093 quicum
1564 1044 1662 1081 Pau-i
1690 1054 1723 1082 et
1752 1045 1903 1096 Spiritui
1932 1055 2051 1083 sancto
2077 1046 2203 1096 gloria,

133 1097 355 1150 ἀτιμοτέρους
383 1101 477 1147 ἡμᾶς
509 1096 630 1141 αὐτοὺς
656 1097 946 1148 καταστήσωμεν·
981 1097 1056 1136 Κᾶν
1089 1098 1151 1148 μὲν
1224 1104 1428 1157 imperium,
1444 1105 1570 1153 honor,
1585 1115 1726 1144 nuncet
1741 1120 1887 1159 semper,
1903 1116 1936 1146 et
1951 1106 2127 1146 insaecula
2142 1120 2205 1145 sae-

133 1158 266 1209 ῥήμασί
293 1173 344 1200 τις
364 1158 506 1209 ὗὸρίζῃ,
527 1157 723 1209 δακνόμεθα
750 1158 808 1196 καὶ
838 1160 1030 1209 ἀλγοῦμεν·
1058 1159 1152 1211 προί-
1223 1165 1399 1204 culorum,
1421 1167 1543 1204 Amen,

130 1234 241 1269 γμασι
268 1217 303 1256 δὲ
337 1218 478 1261 ἑαυτοὺς
513 1218 730 1271 ὑδρίζοντες,
773 1221 836 1256 οὐκ
864 1219 1151 1271 ἐπιστρεφόμεθα.

131 1277 376 1330 Ἀνανήψωμεν
412 1278 474 1330 ὀψὲ
510 1283 588 1330 γοῦν
619 1295 723 1326 ποτε,
757 1278 814 1317 ἵνα
855 1279 1068 1329 δυνηθῶμεν,
1093 1280 1153 1318 καὶ

130 1342 192 1385 τῆς
223 1340 335 1390 ψυχῆς
365 1339 498 1386 πολλὴν
526 1339 588 1385 τὴν
618 1339 819 1390 ἐπιμέλειαν
846 1339 1066 1390 ποιούμενοι,
1094 1339 1154 1378 καὶ

131 1402 194 1445 τῆς
251 1402 375 1452 ἀρετῆς
420 1399 687 1450 ἐπιλαὸόμενοι,
733 1403 802 1438 τῶν
843 1400 990 1438 αἰωνίων
1033 1407 1151 1453 τυχεῖν

132 1461 283 1509 ἀγαθῶν,
308 1459 427 1512 χάριτι
457 1460 516 1498 καὶ
535 1460 776 1512 φιλανθρωπίᾳ
804 1464 863 1499 τοῦ
892 1459 1023 1512 Κυρίου
1051 1463 1153 1511 ἡμῶν
1179 1465 1204 1494 D

133 1519 248 1564 Ἰησοῦ
280 1521 452 1571 Χριστοῦ,
481 1523 555 1570 μεθ’
588 1514 626 1559 οῧ
655 1524 704 1572 τῷ
735 1521 852 1574 Πατρὶ
876 1521 952 1572 ἅμα
983 1524 1033 1573 τῷ
1065 1521 1154 1573 ἁγίῳ

133 1579 313 1628 Πνεύματι
326 1609 336 1627 ,
357 1580 454 1629 δόξα,
474 1581 622 1633 κράτος,
642 1581 754 1631 τιμὴ,
773 1586 829 1620 νῦν
850 1583 908 1620 καὶ
936 1581 1007 1630 ἀεὶ,
1027 1582 1086 1620 καὶ
1106 1585 1153 1627 εἷς

132 1638 208 1682 τοὺς
227 1642 353 1683 αἰῶνας
367 1643 434 1678 τῶν
455 1639 601 1679 αἰώνων.
620 1640 740 1691 Ἀμήν.

175 1769 188 1784 ⁸
213 1758 273 1790 Alii
288 1765 370 1802 μετὰ
384 1767 434 1798 τῆς
450 1765 589 1805 πορείας,
607 1765 655 1794 καὶ
671 1767 784 1805 κόσμῳ.

505 1985 683 2023 ΟΜΙΛΙᾹ
710 1983 774 2022 λε’.
1518 1991 1726 2031 HOMILIA
1755 1993 1914 2037 XXXV.

130 2107 185 2156 Τῆ
204 2103 238 2141 δὲ
256 2104 371 2157 ἡμέρᾳ
393 2104 461 2141 τῶν
484 2104 669 2143 caseolum
701 2104 888 2155 ἐξήλθομεν
916 2104 981 2148 ἔξω
1002 2107 1074 2167 τῆς-
1083 2105 1150 2144 πό-
1223 2109 1425 2150 GARXVI.
1443 2124 1476 2151 v.
1492 2114 1552 2151 15.
1567 2115 1644 2152 Die
1656 2125 1785 2155 autem
1798 2120 2049 2159 sabbatorum
2066 2128 2206 2175 egressi

183 2166 268 2206 λεως
285 2164 381 2216 παρὰ
401 2165 571 2215 ποταμὸν,
594 2159 631 2202 οῧ
654 2165 829 2214 ἐνομίζετο
847 2164 1023 2216 προσευχὴ
1044 2169 1148 2213 εἶναι,
1275 2183 1403 2209 suynus
1437 2176 1529 2211 urbe
1567 2189 1703 2214 versus
1730 2179 1903 2233 fluvium
1918 2210 1930 2228 ,
1967 2184 2033 2219 ubi
2059 2184 2207 2221 solebat

183 2225 241 2262 καὶ
266 2224 470 2267 καθίσαντες
503 2227 692 2275 ἐλαλοῦμεν
724 2231 799 2268 ταῖς
822 2225 1064 2268 συνελθούσαις
1091 2243 1150 2278 γυ·
1275 2234 1400 2269 oratio
1423 2247 1505 2272 esse
1523 2250 1534 2271 .·
1553 2244 1589 2273 et
1609 2238 1782 2277 sedentes
1799 2241 2051 2292 loquebamur
2066 2245 2206 2284 mulie-

184 2285 283 2329 ναιξί.
300 2285 434 2328 Καίτις
451 2285 537 2336 γυνὴ
553 2285 696 2335 ὀνόματι
714 2285 846 2332 Λυδία,
865 2286 1149 2338 πορφυρόπωλις,
1276 2294 1402 2341 ribus,
1430 2308 1518 2346 quoe
1542 2308 1816 2339 convenerant.
1850 2302 1912 2339 44.
1941 2304 1997 2341 Et
2027 2305 2206 2355 quaedam

180 2346 313 2388 πόλεως
334 2345 549 2398 Θυατείρων,
580 2346 749 2397 σεὸομένη
769 2347 826 2385 τὸν
849 2347 953 2394 Θεὸν,
976 2346 1122 2393 ἤκουσεν
1141 2362 1149 2370 ·
1173 2355 1197 2384 Ε
1275 2355 1416 2392 mulier
1431 2359 1585 2395 nomine
1600 2359 1745 2408 Lydia,
1766 2367 2014 2414 purpuraria,
2037 2368 2205 2404 civitatis

180 2402 220 2452 ἧς
240 2409 257 2444 ὅ
276 2406 400 2459 Κύριος
419 2406 532 2452 ἤνοιξε
547 2406 611 2453 τὴν
631 2408 776 2460 καρδίαν
795 2407 981 2461 προσέχειν
1000 2414 1070 2453 τοῖς
1088 2409 1150 2446 λα-
1278 2415 1620 2465 Thyatirenorum,
1638 2421 1769 2460 colens
1784 2424 1925 2471 Deum,
1944 2426 2094 2463 audivit
2111 2442 2122 2462 :
2139 2440 2205 2464 cu-

181 2467 358 2519 λουμένοις
378 2467 445 2506 ὑπὸ
462 2472 523 2530 τοῦ
542 2468 698 2507 Παύλου.
1264 2478 1332 2527 jus
1361 2479 1556 2518 Dominus
1584 2494 1651 2518 cor
1672 2487 1837 2533 aperuit,
1858 2494 1901 2524 ut
1921 2488 2137 2526 attenderet
2157 2490 2204 2525 iis

1274 2551 1360 2589 quoe
1377 2539 1605 2579 dicebantur
1622 2556 1647 2579 a
1666 2544 1805 2581 Paulo.

178 2654 275 2707 ‘'Opoc
299 2655 407 2694 πάλιν
430 2655 644 2700 ἷουδαίζοντα
668 2656 725 2694 τὸν
745 2658 900 2718 nfirma,
921 2657 980 2696 καὶ
1000 2658 1069 2696 ἀπὸ
1087 2662 1147 2696 τοῦ
1273 2661 1288 2696 1
1300 2659 1537 2700 ,Vidcrursus
1549 2663 1701 2701 Paulum
1708 2664 1960 2717 judaizantem,
1970 2677 2031 2707 eta
2046 2677 2202 2722 tempore

128 2720 248 2768 καιροῦ
276 2717 336 2754 καὶ
370 2715 439 2754 ἀπὸ
467 2721 528 2755 τοῦ
561 2717 702 2768 τρόπου.
733 2719 786 2755 Of,
819 2718 1010 2768 ἐνομίζετο,
1040 2718 1146 2770 φησὶ,
1218 2720 1389 2758 etaloco.
1412 2723 1486 2759 Ubi
1497 2727 1722 2774 putabatur,
1742 2726 1869 2777 inquit,
1883 2733 2008 2767 oratio
2022 2744 2111 2770 esse.
2130 2734 2200 2771 Nc-

127 2776 303 2828 προσευχὴ
324 2771 422 2814 εἶναι.
443 2779 495 2815 Οὐ
515 2777 583 2830 γὰρ
603 2777 644 2824 δὴ
672 2776 750 2815 ἔνθα
765 2777 946 2828 συναγωγὴ
966 2772 1007 2823 ἦν
1031 2778 1146 2828 μόνον,
1216 2795 1284 2832 que
1300 2781 1392 2820 enim
1412 2791 1548 2821 tantum
1567 2785 1630 2822 ubi
1649 2799 1829 2838 synagoga
1850 2798 1935 2837 erat,
1949 2790 2010 2827 sed
2028 2791 2137 2830 etiam
2150 2794 2201 2832 fo-

128 2836 217 2873 ἀλλὰ
231 2837 289 2874 καὶ
305 2836 369 2880 ἔξω
383 2837 549 2889 ηὔχοντο,
564 2837 682 2888 ὥσπερ
698 2838 802 2876 τόπον
818 2837 895 2876 τινὰ
915 2837 1145 2891 ἀφορίζοντες,
1217 2842 1266 2879 ris
1281 2842 1518 2894 precabantur
1536 2859 1543 2880 :
1560 2845 1658 2895 quasi
1674 2847 1791 2884 locum
1806 2849 2007 2900 quempiam
2022 2846 2201 2904 assignan-

130 2896 190 2933 ἅτε
205 2896 488 2950 σωματικώτεροι
507 2898 600 2940 ὅντες
618 2898 791 2936 Ἰουδαῖοι.
810 2900 842 2936 T
844 2901 866 2945 ἦ
884 2897 1001 2950 ἡμέρᾳ
1021 2898 1056 2936 δὲ
1076 2902 1144 2936 τῶν
1217 2911 1279 2950 tes,
1296 2903 1378 2953 quia
1396 2903 1515 2942 Judaei
1534 2906 1720 2944 crassiores
1740 2917 1850 2948 erant.
1870 2910 1946 2947 Die
1964 2920 2093 2949 autem
2109 2917 2200 2952 sab—

127 2955 324 3002 σαίὸοίτων,
343 2956 399 2994 ὅτε
417 2957 475 2996 καὶ
490 2958 592 3009 ὄχλον
614 2958 703 3001 εἰκὸς
722 2953 764 3005 ἦν
784 2960 967 2997 συνελθεῖν.
987 2958 1057 2996 Καὶ
1076 2975 1143 2996 κα-
1157 2996 1204 3021 259
1219 2964 1413 3011 batorum,
1438 2964 1581 3014 quando
1600 2966 1793 3005 verisimile
1812 2978 1885 3006 erat
1911 2971 2054 3009 turbam
2075 2986 2202 3013 conve-

127 3015 281 3058 θίσαντες
297 3018 480 3067 ἐλαλοῦμεν
497 3025 572 3062 ταῖς
587 3018 828 3062 συνελθούσαις
843 3018 988 3070 γυναιξί.
1006 3019 1075 3057 Καί
1093 3036 1145 3064 τις
1169 3033 1194 3062 Α
1218 3022 1306 3059 nire.
1324 3024 1377 3060 Et
1394 3025 1566 3063 sedentes
1590 3026 1841 3078 loquebamur
1860 3031 2096 3080 mulieribus,
2117 3048 2202 3085 quae

127 3075 211 3126 γυνὴ
231 3076 374 3125 ὀνόματι
393 3077 524 3125 Λυδία,
538 3079 827 3132 πορφυρόπωλις,
847 3079 980 3123 πόλεως
997 3081 1145 3119 Θυατεί-
1217 3094 1488 3124 convenerant.
1510 3089 1546 3124 E
1550 3096 1564 3124 t
1583 3089 1721 3126 mulier
1740 3092 1917 3141 quoedam
1942 3096 2096 3132 nomine
2114 3097 2199 3144 Ly-

130 3152 210 3186 ρων,
229 3135 397 3185 σεῧομένη
420 3137 477 3175 τὸν
505 3139 608 3186 Θεὸν,
631 3140 776 3186 ἤκουσεν
793 3156 800 3164 ·
819 3135 860 3186 ἧς
881 3145 899 3179 ὅ
920 3140 1046 3194 Κύριος
1066 3142 1143 3189 διή-
1217 3145 1297 3190 dia,
1315 3149 1560 3196 purpuraria,
1582 3150 1750 3186 civitatis
1775 3151 2116 3200 Thyatirenorum,
2136 3169 2201 3193 co-

130 3194 217 3238 νοιξε
232 3194 293 3241 τὴν
309 3196 452 3246 καρδίαν
466 3199 650 3250 προσέχειν
670 3206 740 3243 τοῖς
758 3200 984 3251 λαλουμένοις
1003 3203 1069 3240 ὑπὸ
1088 3207 1147 3241 τοῦ
1220 3205 1302 3242 lens
1323 3207 1463 3252 Deum,
1485 3209 1633 3245 audivit
1652 3225 1660 3244 :
1679 3212 1786 3261 cujus
1812 3212 2002 3252 Dominus
2024 3229 2090 3253 cor
2112 3231 2200 3268 ape-

130 3255 284 3292 Παύλου.
302 3255 396 3307 σΟρα
417 3256 456 3294 τὸ
487 3258 612 3309 ἄτυφον
636 3260 753 3298 πάλιν.
786 3260 878 3307 Γυνὴ
910 3261 970 3299 καὶ
1000 3263 1146 3310 ταπεινὴ
1220 3274 1369 3311 ruerat,
1401 3275 1441 3303 ut
1474 3269 1686 3307 attenderet
1717 3273 1763 3307 iis
1800 3286 1884 3322 qua?
1919 3275 2145 3315 dicebantur
2180 3293 2202 3315 a

132 3315 216 3360 αὕτη
235 3343 243 3358 ,
266 3314 324 3351 καὶ
343 3316 444 3360 δῆλον
467 3318 534 3355 ἀπὸ
553 3322 613 3365 τ’ῆς
638 3320 762 3371 τέχνης
777 3336 785 3345 ·
805 3323 882 3359 ἀλλ’
911 3321 973 3372 ὅρα
994 3322 1032 3359 τὸ
1051 3324 1150 3374 φιλό-
1222 3327 1363 3363 Paulo.
1388 3327 1482 3365 Vide
1503 3342 1573 3364 rem
1595 3343 1613 3366 a
1633 3330 1722 3367 fastu
1744 3331 1904 3370 alienam.
1925 3336 2057 3374 Mulier
2079 3346 2111 3374 et
2130 3338 2201 3375 hu-

132 3390 232 3425 σο-,ρον
252 3378 366 3420 αὐτῆς.
388 3377 532 3427 Πρῶτον
555 3378 614 3427 μὲν
635 3381 701 3432 γὰρ
726 3384 811 3432 αὐτῇ
835 3382 1052 3433 ἐμαρτύρησε
1075 3389 1148 3423 τοῦ·
1223 3386 1318 3423 milis
1334 3396 1418 3436 crat2
1436 3397 1472 3425 ut
1493 3389 1611 3439 palam
1631 3399 1679 3427 est
1697 3390 1740 3428 ab
1757 3401 1830 3430 arie
1847 3394 1926 3432 :sed
1944 3395 2024 3434 vide
2043 3397 2206 3448 philoso-
