2502 3810
712 274 755 303 IN
792 273 933 304 EPlsT.

130 359 265 396 Οὐκοῦν
277 355 516 394 διαπέπτωκεν
536 359 557 402 ἡ
579 354 778 402 δικαιοσύνη
799 355 898 402 αὕτη.
913 354 1004 393 Ἀλλ’
1019 352 1094 390 εἰπὲ

79 418 138 456 καὶ
154 417 216 463 τὴν
237 416 358 468 ἑτέραν
374 419 475 465 ἡμῖν,
497 408 524 453 ὦ
553 417 696 464 Παῦλε,
716 414 934 462 δικαιοσύνην
962 413 1024 460 τὴν
1056 414 1095 450 ἐκ

77 482 140 523 τῆς
152 476 373 529 χάριτοςΤίς
389 479 445 514 οὐν
459 478 551 514 ἐστιν
566 474 668 523 αὕτη,
683 475 743 513 καὶ
752 475 853 514 πόθεν
871 473 1073 513 συνίσταται
1083 479 1102 520 ;’

74 539 238 577 Ἄκουσον
261 539 363 575 αὐτοῦ
381 538 497 587 σαφῶς
519 536 626 582 αὐτὴν
645 535 916 587 ὑπογράφοντος.
946 531 1093 578 Ἐπειδὴ

75 599 141 650 γὰρ
162 597 294 644 ἐκείνην
321 596 463 648 ἤλεγξε,
494 596 696 646 μεταδαίνει
722 596 841 634 λοιπὸν
870 594 928 632 ἐπὶ
954 593 1096 640 ταύτην,

77 659 136 696 καί
155 674 258 710 φησιν
273 674 281 681 ·
301 657 346 695 ‘H
376 657 411 695 δὲ
433 660 471 695 ἐκ
490 657 640 700 πίστεως
655 655 855 702 δικαιοσύνη
871 655 961 692 οὕτω
980 654 1094 705 λέγει·

78 719 126 768 μὴ
147 719 246 769 εἴπῃς
279 721 312 756 ἐν
341 721 383 769 τῇ
414 717 541 770 καρδία
562 733 621 755 σου
638 747 647 764 ,
667 716 717 760 τίς
739 715 952 761 ἀναδήσεται
973 716 1019 758 εἷς
1038 712 1094 751 τὸν

78 778 242 832 οὔρανόν,
262 781 354 817 τοῦτ’
383 779 456 816 ἔστι
477 778 629 830 Χριστὸν
662 782 871 828 καταγαγεῖν
886 791 894 799 ·
914 775 936 821 ἢ
961 774 1012 817 τίς
1033 790 1096 812 κα-

78 840 269 886 ταῗήσεται
302 842 349 882 εἷς
381 839 442 886 τὴν
476 839 649 886 ἅθύσσον,
669 839 761 875 τοῦτ’
790 836 864 874 ἔστι
885 835 1036 888 Χριστὸν
1057 836 1097 871 ἐκ

80 903 208 951 νεκρῶν
245 901 441 951 ἀναγαγεῖν.
471 898 575 937 Ἀλλὰ
606 898 639 936 τί
665 898 782 948 λε’γει;
804 896 931 948 Ἐγγὺς
967 901 1026 933 σοῦ
1057 894 1096 932 τὸ

80 961 176 1012 ῥῆμά
195 962 300 1008 ἐστιν,
320 962 354 998 ἐν
370 963 420 1011 τῷ
440 958 587 1009 στόματί
604 973 663 996 σου
683 957 742 995 καὶ
762 959 796 994 ἓν
814 960 856 1007 τῇ
874 954 1001 1007 καρδίᾳ
1014 970 1073 992 σου
1088 970 1095 977 ·

78 1023 171 1058 τοῦτ’
192 1021 265 1058 ἔστι
284 1020 322 1058 τὸ
343 1023 438 1071 ῥῆμα
451 1021 512 1064 τῆς
530 1017 679 1059 πίστεως
694 1017 711 1055 ὃ
726 1014 1022 1067 κηρύσσομεν,ὃ’τι
1035 1014 1095 1052 ἐὰν

78 1080 296 1131 ὁμολογήσῃς
316 1082 350 1117 ἓν
377 1082 426 1131 τῷ
449 1078 597 1128 στόματί
626 1092 686 1115 σου
709 1076 836 1128 Κύριον
862 1076 1011 1123 Ἰησοῦν,
1037 1074 1156 1131 καὶ623

974 267 1033 301 ΑΒ
1068 269 1176 300 ROM.

1215 268 1370 299 nomn„
1409 269 1522 300 xvii.
2052 250 2146 314 680

1215 353 1251 388 9.
1268 352 1394 402 Itaque
1405 350 1545 403 justitia
1560 349 1635 387 haec
1646 348 1790 388 decidit.
1807 348 1878 388 Sed
1902 348 2009 386 aliam
2022 348 2142 399 nobis,
2174 356 2327 434 ἸΟιιωιηέιιιι

2159 408 2181 425 Sl
2213 408 2278 424 vera
2332 411 2347 417 ‘

2159 441 2249 467 stitia.

1163 411 1283 459 Paule,
1297 410 1357 449 dic
1367 411 1555 462 justitiam,
1585 424 1662 461 quae
1686 425 1731 449 ex
1749 410 1860 462 gratia
1879 418 1941 448 est.
1973 409 2145 456 Quaenam

1164 480 1229 518 est,
1252 481 1285 510 et
1311 472 1407 510 unde
1421 473 1586 510 constat?
1600 472 1694 510 Audi
1722 472 1825 509 illum
1837 472 1930 510 clare
1945 472 2059 524 ipsam
2083 472 2144 510 de-

1164 533 1387 571 scribentem.
1406 535 1596 584 Postquam
1610 534 1703 572 enim
1723 533 1823 571 illam
1841 534 1972 585 arguit,
1989 533 2035 571 ad
2052 534 2144 571 hanc

1163 592 1308 630 demum
1342 594 1468 631 transit
1489 603 1522 632 et
1543 594 1592 631 ait
1610 610 1618 631 z
1638 596 1674 633 6.
1690 595 1850 632 Justitia
1882 603 2025 641 autem,
2058 608 2145 647 quce

1165 660 1221 689 est
1237 666 1284 689 ea:
1293 652 1394 704 fide,
1423 655 1478 690 sic
1497 653 1589 690 dicit
1605 668 1615 688 .-
1630 655 1691 690 Ne
1709 654 1850 690 dixeris
1869 655 1912 689 in
1929 654 2044 690 corde
2062 662 2141 700 tuo,

1170 712 1262 761 Quis
1276 713 1457 749 ascendet
1470 714 1510 749 in
1522 713 1659 749 coelum
1671 715 1687 747 ἕ)
1696 713 1737 748 id
1746 721 1800 750 est
1817 715 2013 750 Christum
2027 715 2149 751 dedu-

1164 784 1248 808 cere
1261 787 1271 807 :
1282 773 1319 808 7.
1338 781 1419 819 aut,
1435 773 1527 821 Quis
1547 772 1749 809 descendet
1764 775 1805 809 in
1819 774 2082 821 aby‘ssumi‘id
2092 783 2149 812 est

1167 831 1362 868 Christum
1374 845 1420 868 ex
1430 834 1589 868 mortuis
1600 833 1779 869 reducere
1788 833 1835 870 .8.
1850 834 2024 884 Sedquid
2036 836 2149 872 dicit?

1164 892 1292 942 Prope
1307 900 1342 928 te
1357 893 1520 928 verbum
1534 901 1589 929 est
1603 894 1644 929 in
1659 905 1723 929 ore
1735 901 1798 930 tuo
1808 903 1843 930 et
1865 896 1906 930 in
1924 895 2038 931 corde
2053 903 2118 932 tuo
2135 913 2147 930 .-

1165 952 1238 988 hoc
1246 959 1301 988 est
1316 953 1476 988 verbum
1484 951 1592 1001 fidei,
1605 953 1709 1003 quod
1712 953 1984 1003 prcedicamus:
1999 955 2149 1004 Quodsi

1165 1011 1388 1062 confitearis
1399 1014 1440 1048 in
1451 1025 1514 1049 ore
1527 1018 1591 1049 tuo
1600 1013 1811 1049 Dominum
1821 1014 1850 1050 J
1851 1022 2006 1062 esum,et
2016 1016 2150 1052 credas

1167 1073 1207 1108 in
1218 1072 1330 1108 corde
1344 1080 1421 1119 tuo,
1430 1074 1534 1124 quod
1544 1074 1651 1111 Deus
1664 1076 1677 1110 i
1682 1074 1776 1111 llum
1787 1076 1988 1112 suscitavit
1998 1089 2043 1112 ex
2053 1089 2151 1113 mor-

77 1139 264 1185 πιστεύσῃς
283 1141 316 1177 ἐν
332 1142 374 1190 τῇ
394 1137 519 1190 καρδίᾳ
533 1152 605 1185 σου,
620 1137 673 1174 ὅτι
693 1139 711 1174 ὁ
728 1136 816 1179 Θεὸς
836 1135 936 1174 αὐτὸν
959 1135 1096 1186 ἤγειρεν
1119 1145 1146 1174 Α
1169 1134 1258 1180 tuis,
1271 1133 1404 1171 salvus
1419 1136 1506 1172 eris.
1530 1135 1583 1171 Ne
1610 1133 1768 1172 dicerent
1788 1134 1883 1172 enim
1901 1134 2030 1183 Judaei,
2047 1135 2149 1181 Quo-

77 1202 116 1238 ἔκ
136 1202 278 1252 νεκρῶν,
300 1198 454 1249 σωθήσῃ.
482 1197 561 1236 Ἵνα
589 1197 656 1250 γὰρ
681 1197 729 1248 μὴ
750 1197 898 1248 λέγωσιν
915 1195 1097 1244 Ἰουδαῖοι,

77 1262 151 1302 πῶς
170 1253 266 1310 εῧρον
288 1258 427 1308 μείζονα
448 1258 666 1306 δικαιοσύνην
686 1261 716 1297 οἱ
736 1257 798 1304 τὴν
816 1256 948 1295 ἐλάττω
967 1255 1014 1307 μὴ
1038 1259 1097 1294 εὓ-

81 1319 212 1373 ρόντες;
233 1318 327 1369 λέγει
353 1318 520 1368 λογισμὸν
550 1318 808 1372 ἀναντίρρητον,
835 1318 888 1356 ὅτι
907 1316 1098 1370 κουφοτέρα

80 1380 167 1426 αὕτη
189 1383 210 1426 ἡ
231 1379 306 1423 ὁδὸς
325 1378 470 1424 ἐκείνης.
490 1378 586 1426 Αὕτη
608 1378 671 1429 μὲν
690 1379 758 1430 γὰρ
784 1378 964 1430 πλήρωσιν
985 1380 1096 1415 ἀπαι-

78 1445 130 1477 τεῖ
151 1439 288 1476 πάντων
302 1455 309 1462 ·
325 1438 439 1476 “Ὀταν
456 1438 522 1490 γὰρ
539 1439 687 1490 ποιήσῃς
706 1439 820 1476 πάντα
833 1469 842 1486 ,
863 1437 942 1475 τότε
960 1437 1075 1483 ζήσεις
1090 1453 1098 1460 “

79 1503 101 1546 ἡ
123 1499 157 1538 δὲ
173 1502 212 1537 ἐκ
232 1498 382 1542 πίστεως
400 1498 599 1546 δικαιοσύνη
619 1502 656 1537 οὐ
675 1503 776 1546 τοῦτο
799 1498 910 1549 λέγει,
932 1498 1021 1536 ἀλλὰ
1041 1498 1097 1547 τί,

80 1560 167 1598 Ἐὰν
187 1559 406 1611 ὁμολογήσῃς
434 1561 466 1597 ἐν
483 1562 532 1611 τῷ
552 1560 699 1610 στόματί
719 1576 778 1599 σου
802 1559 930 1611 Κύριον
950 1559 1098 1608 Ἰησοῦν,

81 1620 138 1657 καὶ
158 1619 345 1668 πιστεύσῃς
363 1621 397 1657 ἐν
418 1623 460 1671 τῇ
482 1620 630 1672 καρδίᾳ,
650 1620 701 1658 ὅτι
724 1623 740 1657 ὃ
760 1621 849 1664 Θεὸς
876 1620 977 1658 αὐτὸν
996 1621 1097 1671 ἤγει-

85 1696 138 1732 ρεν
170 1683 208 1718 ἐκ
242 1683 385 1731 νεκρῶν,
419 1680 572 1732 σωθήσῃ.
600 1674 714 1729 Eira,
733 1680 789 1718 ῗνα
810 1680 859 1730 μὴ
881 1681 959 1732 δόξῃ
994 1681 1098 1719 πάλιν

82 1740 187 1787 αὐτὴν
217 1741 513 1792 εὐκαταφρόνητον
535 1746 645 1779 ποιεῖν
664 1743 712 1792 τῷ
733 1741 872 1779 εὔκολον
900 1741 959 1779 καὶ
978 1743 1098 1788 εὐτελῆ

82 1801 277 1847 δεικνύναι,
298 1801 361 1851 ὅρα
386 1804 460 1845 πῶς
479 1802 643 1840 πλατύνει
666 1803 723 1841 τὸν
741 1802 841 1853 λόγον
858 1802 915 1840 τὸν
933 1803 1012 1854 περὶ
1035 1805 1099 1841 αὐ-

81 1864 153 1906 τῆς.
174 1863 226 1899 Οὐ
247 1861 313 1914 γὰρ
329 1862 451 1905 εὐθέως
471 1862 527 1900 ἐπὶ
545 1868 644 1901 τοῦτο
660 1858 774 1911 ἦλθεν,
794 1863 879 1915 ὅπερ
899 1864 1100 1915 εἰρήκαμεν,

82 1921 171 1959 ἀλλὰ
186 1922 219 1959 τί
239 1937 340 1973 φησιν
359 1940 367 1969 ;
386 1922 430 1960 ‘H
451 1922 486 1961 δὲ
504 1926 542 1961 ἐκ
558 1923 708 1968 πίστεως
722 1924 920 1972 δικαιοσύνη
939 1924 1030 1962 οὕτω
1043 1926 1100 1964 λέ-

80 1998 150 2032 γει·
172 1982 219 2031 μὴ
243 1982 342 2034 εἴπῃς
372 1985 406 2020 ἐν
428 1987 470 2034 τῇ
494 1983 622 2037 καρδίᾳ
642 2000 722 2030 σου,
743 1984 793 2028 τίς
822 1985 1034 2032 ἀναδήσεται
1054 1988 1101 2030 εἷς

81 2043 137 2080 τᾯν
165 2042 324 2093 οὐρανόν,
345 2046 437 2081 τοῦτ’
456 2045 530 2082 ἔστι
556 2045 707 2095 Χριστὸν
728 2051 959 2097 καταγαγεῖν·
988 2045 1030 2093 ἢ,
1050 2046 1102 2090 τίς

83 2102 321 2148 καταθήσεται
343 2106 391 2147 εἰς
412 2103 474 2150 τὴν
494 2105 664 2154 ἄέυσσον,
688 2108 780 2144 τοῦτ’
806 2105 879 2144 ἔστι
897 2106 1048 2158 Χριστὸν
1064 2109 1102 2146 ἐκ

82 2167 210 2215 νεκρῶν
228 2167 425 2216 ἀναγαγεῖν.
446 2164 588 2216 ‘'sse-mg>
606 2166 673 2219 γὰρ
691 2170 735 2218 τῇ
756 2168 860 2219 ἀρετῇ
881 2165 938 2204 διὰ
958 2170 1026 2204 τῶν
1048 2167 1101 2219 ἔρ-

80 2241 149 2275 γων
167 2224 369 2263 ἀνθίσταται
386 2225 538 2276 ῥᾳθυμία
556 2226 615 2264 καὶ
633 2226 790 2274 ἔκλυσις,
809 2226 888 2270 τοὺς
904 2227 1026 2270 πόνους
1041 2230 1101 2266 ε’κ-

79 2284 206 2323 λύουσα
221 2315 230 2333 ,
263 2286 322 2323 καὶ
357 2287 407 2323 δεῖ
426 2286 557 2339 σφόδρα
577 2286 816 2340 ἀγρυπνούσης
844 2290 981 2340 ψυχῆς,
1010 2288 1101 2326 ὥστε

81 2345 128 2395 μὴ
150 2346 252 2383 εἴκειν
266 2362 273 2369 ·
298 2345 385 2384 οὕτω
405 2347 464 2384 καὶ
483 2348 564 2385 ὅταν
584 2351 768 2385 πιστεῦσαι
789 2348 879 2396 δέοι,
911 2349 977 2387 εἶσὶ
1003 2351 1101 2401 λογι-

79 2405 161 2455 σμοὶ
190 2406 412 2458 θορυὸοῦντες
438 2407 498 2445 καὶ
526 2407 772 2459 λυμαινόμενοι
791 2408 853 2455 τὴν
874 2412 941 2448 τῶν
962 2411 1101 2448 πολλῶν

80 2467 246 2514 διάνοιαν,
265 2467 324 2506 καὶ
344 2468 394 2506 δεῖ
422 2469 672 2520 νεανικωτέρας
691 2471 826 2522 ψυχῆς,
859 2470 950 2509 ὥστε
979 2470 1102 2514 αὐτοὺς

81 2527 360 2578 διακρούσασθαι.
381 2528 448 2566 Διὰ
469 2529 510 2575 δὴ
538 2533 640 2567 τοῦτο
669 2530 728 2568 καὶ
758 2530 878 2575 αὐτοὺς
901 2526 1101 2576 τούτουῖεἷς
1123 2537 1146 2567 C

86 2586 189 2635 μέσον
206 2587 283 2637 ἄγει
300 2603 308 2610 ·
329 2587 387 2625 καὶ
404 2588 487 2639 ὅπερ
505 2589 561 2627 ἐπὶ
571 2594 630 2627 τοῦ
649 2589 810 2642 Ἀδραὰμ
824 2590 986 2638 ἐποίησε,
1001 2596 1101 2630 τοῦτο

81 2647 139 2683 καὶ
157 2649 304 2685 ἐνταῦθα
323 2654 426 2686 ποιεῖ.
445 2648 514 2686 Καὶ
533 2648 600 2700 γὰρ
618 2651 689 2687 ἐκεῖ
703 2650 814 2694 δείξας
831 2652 933 2690 αὐτὸν
955 2652 1023 2690 ἀπὸ
1041 2652 1099 2690 πί-

81 2723 188 2752 στεως
209 2709 457 2757 δικαιωθέντα,
476 2709 533 2747 ἵνα
559 2709 606 2760 μὴ
636 2710 714 2761 δόξῃ
735 2711 848 2761 μάτην
868 2711 925 2749 καὶ
948 2714 1023 2763 εἰκῇ
1040 2728 1098 2750 το-

80 2773 197 2807 σοῦτον
221 2769 397 2821 εἰληφέναι
418 2770 610 2822 στέφανον,
632 2773 678 2814 ὡς
697 2771 790 2810 οὐδὲν
818 2777 878 2811 τοῦ
895 2772 1100 2825 πράγματος

79 2830 191 2877 ὄντος,
220 2830 372 2881 ἐπαίρων
391 2831 454 2878 τὴν
487 2835 549 2877 τῆς
578 2831 728 2876 πίστεως
754 2833 868 2885 φύσιν,
907 2834 1031 2887 φησίν·
1064 2835 1100 2877 ὃς

79 2893 161 2942 παρ’
195 2891 319 2928 ἐλπίδα
357 2893 411 2931 ἐπ’
433 2891 547 2930 ἐλπίδι
578 2891 776 2931 ἐπίστευσεν
808 2896 856 2936 εἰς
873 2894 912 2932 τὸ
941 2894 1099 2946 γενέσθαι

81 2950 182 2987 αὐτὸν
203 2951 337 3003 πατέρα
366 2953 502 2990 πολλῶν
535 2955 652 3001 ἐθνῶν,
683 2954 742 2991 καὶ
773 2953 820 3004 μὴ
844 2955 1034 3001 ἀσθενήσας
1054 2959 1097 3006 τῇ

81 3009 196 3047 πίστει
213 3041 222 3059 ,
241 3014 278 3049 οὗ
295 3013 481 3059 κατενόησε
497 3013 559 3063 μὲν
576 3014 614 3052 τὸ
631 3016 751 3052 ἑαυτοῦ
770 3018 872 3065 σῶμα
886 3016 1099 3068 νενεκρωμέ-

85 3084 157 3116 νον,
181 3071 240 3107 καὶ
260 3071 322 3118 τὴν
356 3072 522 3124 νέκρωσιν
549 3076 612 3120 τῆς
642 3074 776 3127 μήτρας
808 3076 964 3128 Σάρρας·
994 3079 1041 3120 εἰς
1063 3075 1098 3113 δὲ
1136 3085 1142 3091 ’

81 3128 145 3173 ’.ἢν
168 3131 376 3180 ἐπαγγελίαν
407 3136 466 3170 τοῦ
486 3136 578 3172 Θεοῦ
613 3135 650 3172 οὗ
680 3135 832 3187 διεκρίθη
864 3139 906 3187 τῇ
926 3136 1071 3188 ἀπιστίᾳ
1088 3166 1097 3180 ,

83 3189 158 3225 ἀλλ’
180 3189 419 3241 ἐνεδυναμώθη
430 3196 471 3244 τῇ
488 3193 624 3242 πίστει,
644 3195 720 3238 δοὺς
739 3196 836 3240 δόξαν
856 3199 905 3248 τῷ
923 3199 1024 3248 Θεῷ,
1040 3197 1099 3234 καὶ

84 3250 378 3301 πληροφορηθεὶς,
403 3251 455 3289 ὅτι
474 3254 491 3291 ὃ
508 3254 745 3305 ἐπήγγελται,
771 3256 911 3300 δυνατός
941 3260 1014 3295 ἐστι
1041 3258 1099 3295 καὶ

84 3316 240 3358 ποιῆσαι.
275 3317 343 3354 Καὶ
372 3317 507 3365 ἔδειξεν,
537 3320 590 3358 ὅτι
619 3321 678 3359 καὶ
704 3323 880 3373 δυνάμεως
911 3324 1013 3375 χρεία
1041 3324 1098 3362 καί

84 3383 196 3431 ψυχῆς
215 3384 348 3432 {flav-‚7323
377 3384 420 3422 τὰ
448 3385 534 3438 ὑπὲρ
560 3387 683 3426 ἐλπίδα
718 3390 926 3440 δεχομένης,
959 3391 1016 3428 καὶ
1049 3393 1096 3441 μὴ

86 3449 366 3497 προσπταιούσης
387 3457 454 3494 τοῖς
470 3453 665 3503 ὅρι’)μένοις.
687 3456 801 3494 Τοῦτο
819 3456 929 3494 τοίνυν
968 3458 1024 3494 καὶ
1048 3461 1096 3497 ἐν-

1169 1194 1275 1232 modo
1292 1196 1463 1247 majorem
1475 1196 1654 1248 justitiam
1669 1197 1880 1235 invenerunt
1899 1197 1937 1246 ii,
1957 1198 2018 1248 qui
2037 1198 2152 1236 mino-

1168 1270 1243 1294 rem
1259 1271 1330 1295 non
1352 1257 1593 1296 invenerunt?
1612 1258 1783 1296 rationem
1802 1258 1961 1308 adducit,
1981 1259 2038 1297 cui
2064 1274 2152 1298 con-

1168 1318 1296 1356 tradici
1329 1328 1489 1370 nequeat,
1514 1319 1683 1357 leviorem
1706 1334 1832 1372 nempe
1852 1320 1943 1359 hane
1967 1335 2039 1359 esse
2056 1321 2152 1360 viam

1167 1392 1274 1428 quam
1292 1379 1404 1417 illam.
1427 1380 1495 1417 Illa
1515 1394 1667 1430 namque
1686 1381 1845 1418 omnium
1865 1381 2153 1433 adimpletionem

1168 1441 1335 1491 requirit3
1357 1442 1455 1479 Cum
1477 1441 1570 1479 enim
1588 1444 1888 1496 omniaseceris,
1913 1452 2002 1481 tunc
2028 1447 2150 1482 vives.-

1164 1494 1304 1551 jiistitia
1317 1515 1415 1547 vero,
1432 1516 1510 1551 quae
1530 1516 1575 1539 ex
1599 1502 1669 1540 fide
1697 1512 1763 1553 est,
1791 1517 1860 1541 non
1880 1503 1946 1541 hoc
1969 1504 2067 1549 dicit,
2093 1505 2152 1542 sed

1168 1560 1283 1611 quid?
1318 1563 1367 1599 Si
1393 1564 1620 1614 corisitearis
1654 1566 1696 1600 in
1728 1578 1792 1602 ore
1837 1573 1903 1602 tuo
1941 1567 2152 1603 Dominum

1169 1622 1317 1668 Jesum,
1352 1631 1388 1659 et
1405 1624 1540 1661 credas
1560 1626 1603 1660 in
1631 1625 1757 1671 corde,
1780 1619 1885 1676 &quod
1905 1627 2012 1664 Deus
2039 1627 2151 1664 illum

1168 1685 1369 1720 suscitavit
1385 1697 1432 1720 ex
1446 1687 1619 1730 mortuis,
1640 1685 1771 1723 salvus
1781 1688 1868 1723 eris.
1888 1686 2026 1724 Deinde
2042 1687 2153 1738 nelvi-

1170 1741 1296 1780 deatur
1315 1743 1414 1781 illam
1430 1743 1681 1796 despicabilem
1695 1745 1855 1796 reddere,
1874 1746 1968 1797 quod
1985 1756 2056 1784 tam
2070 1748 2153 1785 faci-

1170 1802 1240 1840 lem
1260 1802 1427 1850 declaret,
1447 1804 1532 1843 vide
1548 1805 1725 1855 quomodo
1742 1820 1935 1845 sermonem
1953 1807 1997 1845 de
2022 1808 2083 1845 illa
2099 1809 2152 1846 lo-

1172 1878 1282 1915 quens
1306 1864 1486 1903 extendat.
1505 1867 1582 1903 Non
1603 1866 1695 1903 enim
1726 1867 1843 1904 statim
1867 1867 1912 1905 ad
1940 1868 2008 1905 hoe
2037 1868 2151 1917 venit,

1172 1924 1268 1974 quod
1287 1923 1466 1976 diximus,
1484 1925 1546 1963 sed
1565 1927 1652 1977 quid
1681 1926 1798 1964 dicit?
1816 1928 1897 1971 Illa
1915 1937 2044 1966 autem
2070 1942 2155 1981 quce

1172 1987 1313 2038 exfide
1327 1995 1383 2025 est
1396 1990 1553 2039 justitia
1573 1991 1630 2026 sic
1644 1989 1739 2026 dicit
1759 2004 1766 2011 ·
1783 1990 1843 2027 Ne
1860 1989 2001 2027 dixeris
2018 1993 2059 2027 in
2073 2004 2155 2028 cor-

1172 2047 1219 2083 de
1233 2055 1311 2094 tuo,
1335 2049 1427 2098 Quis
1446 2050 1626 2086 ascendet
1654 2052 1695 2087 in
1719 2050 1884 2087 caelum?
1902 2052 1945 2089 id
1963 2060 2018 2088 est
2045 2052 2156 2089 Cleri-

1170 2115 1273 2146 stum
1282 2109 1482 2155 deducere,·
1497 2111 1565 2148 vel
1579 2113 1665 2163 quis
1681 2112 1881 2149 descendet
1897 2114 1938 2148 in
1951 2114 2156 2160 abyssum?

1172 2171 1215 2207 id
1229 2179 1284 2208 est
1303 2171 1500 2210 Christum
1527 2187 1574 2210 ex
1592 2176 1752 2211 mortuis
1778 2175 1969 2213 reducere.
1990 2175 2040 2212 Ut
2060 2176 2154 2212 enim

1171 2232 1311 2280 virtuti,
1329 2248 1406 2284 quae
1435 2248 1479 2272 ex
1498 2235 1665 2287 operibus
1686 2244 1751 2282 est,
1771 2236 1962 2288 opponitur
1989 2237 2156 2288 segnities

1173 2301 1206 2329 et
1236 2293 1363 2331 solutio
1383 2295 1493 2332 animi
1524 2309 1568 2333 ex
1597 2295 1782 2334 laboribus
1813 2305 1928 2348 parta,
1951 2297 2034 2347 quia
2051 2297 2156 2348 vigili

1171 2355 1291 2391 anima
1305 2368 1394 2407 opus
1408 2365 1458 2393 est
1474 2365 1514 2393 ut
1528 2370 1596 2394 non
1609 2356 1709 2409 cedat
1724 2372 1732 2394 :
1747 2357 1797 2394 sic
1811 2371 1892 2394 cum
1904 2358 2044 2396 credere
2055 2373 2156 2410 opor-

1174 2424 1234 2464 tet,
1252 2417 1482 2468 cogitationes
1508 2417 1649 2467 adsunt,
1665 2432 1743 2469 quae
1776 2419 1971 2456 multorum
2003 2428 2155 2457 mentem

1173 2480 1319 2518 turbant
1337 2490 1371 2518 et
1389 2481 1613 2530 labefactant,
1631 2491 1665 2519 et
1681 2481 1861 2521 vividiore
1873 2482 1990 2520 anima
2006 2497 2094 2534 opus
2104 2492 2156 2521 est

1173 2539 1218 2578 ad
1244 2541 1324 2578 illas
1354 2541 1594 2593 depellendas.
1618 2541 1701 2579 Ideo
1720 2542 1800 2579 illos
1819 2542 1914 2594 ipsos
1940 2543 1975 2580 in
1996 2543 2156 2581 medium

1173 2600 1344 2639 adducit:
1364 2616 1404 2639 ac
1425 2601 1518 2651 quod
1543 2602 1579 2639 in
1603 2602 1805 2640 Abrahamo
1835 2602 1932 2652 fecit,
1950 2603 2017 2640 hoc
2035 2613 2069 2640 et
2096 2604 2156 2642 hic

1171 2664 1266 2702 facit.
1283 2665 1375 2702 Nam
1394 2665 1468 2702 illic
1491 2679 1572 2702 cum
1589 2664 1794 2702 ostendisset
1816 2664 1934 2716 ipsum
1951 2680 1995 2703 ex
2014 2665 2086 2704 fide
2096 2666 2154 2717 ju-

1172 2725 1364 2764 stificatum
1376 2741 1467 2776 esse,
1477 2736 1517 2763 ut
1527 2740 1571 2764 ne
1580 2726 1759 2765 videretur
1771 2728 1901 2767 frustra
1914 2737 2048 2766 tantam
2057 2742 2154 2766 acce-

1172 2787 1265 2838 pisse
1280 2801 1456 2835 coronam,
1471 2788 1571 2838 quasi
1588 2802 1642 2825 res
1656 2787 1759 2825 nihili
1774 2798 1874 2836 esset,
1891 2789 1975 2826 fidei
1990 2798 2152 2827 naturam

1172 2849 1344 2886 extollens
1356 2849 1405 2886 ait
1421 2865 1428 2885 :
1452 2850 1673 2901 Quiproeter
1684 2863 1787 2901 spem
1803 2852 1843 2887 in
1857 2864 1961 2902 spem
1976 2852 2150 2898 credidit,
2167 2862 2350 2900 Rvm.4.18,

1173 2918 1214 2947 ut
1219 2910 1341 2962 fieret
1362 2911 1440 2961 ipse
1457 2918 1572 2961 pater
1587 2910 1798 2947 multarum
1811 2913 1998 2962 gentium,
2020 2920 2056 2948 et
2074 2925 2153 2949 non
2165 2912 2257 2933 *²¹¹

1171 2972 1391 3023 infirmatus
1403 2974 1442 3009 in
1453 2972 1546 3023 fide,
1564 2974 1640 3008 r'zon
1652 2972 1911 3009 consideravit
1920 2985 2054 3023 corpus
2066 2975 2152 3024 qui-

1171 3035 1257 3071 dem
1272 3048 1383 3072 suum
1405 3043 1611 3080 mortuum,
1634 3042 1670 3071 et
1687 3042 1877 3072 mortuam
1901 3036 2150 3073 ὐιιῖναηιδιμγ

1171 3108 1394 3144 roe3verum
1422 3096 1475 3132 ad
1486 3097 1780 3146 promissionem
1793 3096 1868 3132 Dei
1892 3109 1968 3132 non
1992 3097 2152 3133 lzoesita-

1173 3157 1239 3192 bat
1264 3163 1418 3206 propter
1443 3155 1765 3203 incredulitatem,
1795 3156 1865 3192 sed
1876 3157 2080 3194 roboratus
2096 3164 2153 3193 est

1172 3219 1213 3253 in
1218 3216 1319 3267 fide,
1337 3217 1436 3254 dans
1445 3216 1610 3267 gloriam
1628 3217 1727 3262 Deo,
1747 3224 1784 3253 et
1807 3224 1910 3254 certo
1922 3230 2147 3268 persuasus,

1174 3277 1277 3329 quod
1292 3277 1344 3323 id,
1371 3277 1474 3327 quod
1490 3279 1720 3328 promissum
1741 3278 1887 3328 fuerat,
1902 3286 2054 3329 poterat
2073 3280 2153 3330 ipse

1171 3345 1368 3389 proestare.
1389 3337 1436 3374 Et
1455 3336 1621 3383 ostendit,
1644 3336 1738 3387 quod
1767 3351 1855 3389 opus
1876 3337 1921 3375 sit
1945 3338 2100 3390 potentia
2120 3347 2153 3376 et

1174 3398 1311 3436 excelso
1327 3397 1457 3445 animo,
1479 3411 1556 3447 quse
1578 3405 1703 3448 praeter
1722 3411 1820 3449 spem
1835 3407 1915 3435 sunt
1935 3397 2127 3450 accipiente
2139 3429 2149 3447 ,

1174 3469 1277 3510 atque
1303 3459 1336 3498 in
1359 3458 1562 3498 visibilibus
1587 3472 1654 3497 non
1675 3458 1880 3498 offendente.
1897 3459 1971 3498 Hoc
1990 3459 2100 3510 igitur
2121 3469 2152 3498 ct
