2502 3810
753 252 794 280 tx
833 251 974 281 EPtST.

137 334 337 386 συναγαγὼν
359 340 475 372 πεῖσον
509 334 569 381 τὴν
595 334 709 386 ψυχὴν
739 335 786 385 μὴ
812 336 924 386 μάτην
945 339 1076 388 ληρεῖν,
1094 336 1151 393 ἵνα

137 394 185 441 μὴ
217 394 273 432 διὰ
294 396 355 439 τῆς
372 394 493 447 πείρας
514 395 606 445 μάθῃ
628 394 689 440 τὴν
715 395 870 445 γέενναν,
890 398 965 434 ἀλλ’
997 398 1150 435 ἐντεῦθεν

134 458 408 505 σωφρονισθεῖσα
423 455 481 492 καὶ
494 454 555 498 τὰς
573 454 741 504 βασάνους
756 455 888 498 ἐκείνας
902 455 919 477 ‘²
929 457 1056 508 δυνηθῇ
1071 459 1148 494 δια-

135 519 263 563 φυγεῖν,
279 514 338 552 καὶ
357 517 424 553 τῶν
449 514 642 564 μελλόντων
663 517 801 565 ἀγαθῶν
823 517 1011 568 ἐπιτυχεῖν,
1031 518 1151 569 χάριτι

135 574 193 610 καὶ
224 575 464 629 φιλανθρωπίᾳ
485 579 544 613 τοῦ
567 575 695 626 Κυρίου
723 578 824 625 ἡμῶν
840 576 956 623 Ἰησοῦ
977 579 1150 629 Χριστοῦ,

137 637 210 683 μεθ’
230 630 267 672 οὗ
289 639 337 687 τῷ
357 636 485 688 Πατρὶ,
500 636 573 686 ἅμα
590 639 638 688 τῷ
651 636 740 687 ἁγίῳ
759 636 942 686 Πνεύματι
957 637 1058 684 δόξα,
1071 637 1153 689 κρά-

134 710 190 737 τος
202 725 211 741 ,
231 696 331 746 τιμὴ,
347 699 406 734 νῦν
422 697 480 734 καὶ
506 697 560 735 ἀεὶ
573 727 582 745 ,
597 696 657 735 καὶ
677 699 723 740 εἷς
738 696 815 739 τοὺς
837 699 963 740 αἰῶνας
977 699 1045 735 τῶν
1069 697 1150 735 αἰώ-

133 770 212 794 νων.
228 756 351 806 Ἀμήν.

1016 253 1073 282 AD
1111 253 1218 282 ROM.
1253 254 1407 284 1103111„
1447 256 1588 285 xxxti.

2112 244 2194 288 8⁷31

1223 347 1397 390 torquere
1431 343 1526 377 nos?
1550 340 1675 390 hisque
1711 340 1875 380 omnibus
1906 342 2074 394 collectis,
2098 344 2204 382 menti

1222 408 1290 436 tnae
1308 399 1480 450 persuade
1506 414 1548 437 ne
1566 400 1697 438 frustra
1715 410 1879 452 nugetur,
1903 411 1939 440 ut
1959 416 2001 440 ne
2018 417 2082 455 per
2098 417 2206 455 expe-

1223 458 1386 496 rientiam
1414 460 1608 510 gehennam
1636 475 1709 499 esse
1737 461 1869 510 discat,
1889 462 1950 500 sed
1975 463 2059 501 hinc
2078 464 2205 516 resipi-

1222 531 1333 566 scens,
1350 528 1382 556 et
1401 528 1573 557 tormenta
1593 520 1656 557 illa
1686 522 1840 572 effugere
1859 523 2003 574 poteris,
2023 532 2056 560 et
2084 525 2204 562 futura

1222 578 1359 628 assequi
1376 579 1484 628 bona,
1504 579 1617 630 gratia
1636 589 1669 617 et
1692 581 1910 632 benignitate
1930 583 2076 621 Domini
2095 585 2204 623 nostri

1220 637 1304 675 Jesu
1321 637 1625 688 Christi,quicum
1644 639 1741 676 Patri
1761 654 1900 691 unaque
1919 643 2069 692 Spiritui
2083 653 2203 682 sancto

1220 697 1347 748 gloria,
1380 698 1584 750 imperium,
1610 699 1738 746 honor,
1760 714 1855 738 nunc
1887 711 1920 739 et
1939 717 2091 755 semper,
2115 714 2146 743 et
2166 704 2203 742 in

1219 757 1346 794 saecula
1366 758 1589 795 saeculorum.
1609 761 1734 796 Amen.

505 987 682 1023 OMIAIA
701 985 768 1022 m.

128 1099 331 1157 Παρακαλῶ
352 1106 386 1143 δὲ
416 1108 525 1155 ὑμᾶς,
553 1106 716 1157 ἀδελφοὶ,
741 1109 881 1143 σκοπεῖν
902 1104 981 1148 τοὺς
999 1105 1060 1148 τὰς
1096 1105 1147 1142 δι-

180 1165 370 1216 χοστασίας
397 1166 456 1203 καὶ
474 1165 518 1203 τὰ
534 1166 711 1204 σκάνδαλα
727 1165 823 1218 παρὰ
844 1165 907 1211 τὴν
927 1165 1088 1217 διδαχὴν,
1106 1166 1148 1212 ἣν

180 1229 276 1275 ὑμεῖς
297 1225 441 1275 ἐμάθετε
454 1256 463 1273 ,
482 1231 662 1269 ποιοῦντας
681 1241 688 1248 ·
720 1226 780 1263 καὶ
801 1225 981 1263 ἐκκλίνατε
1002 1227 1061 1263 ἀπ’
1085 1227 1148 1263 αὐ-

183 1289 262 1324 τῶν.
282 1288 329 1324 Οἱ
347 1286 414 1337 γὰρ
430 1290 578 1324 τοιοῦτοι
593 1289 643 1338 τῷ
661 1286 779 1338 Κυρίῳ
793 1290 894 1336 ἡμῶν
919 1286 1034 1333 Ἰησοῦ
1054 1288 1146 1338 Χρι-

182 1350 253 1399 στῶ
272 1349 310 1384 οὐ
344 1346 573 1393 δουλεύουσιν,
600 1347 689 1385 ἀλλὰ
709 1350 752 1397 τῇ
780 1349 910 1385 ἑαυτῶν
931 1347 1064 1398 κοιλία·
1087 1347 1147 1384 καὶ

184 1408 240 1446 διὰ
259 1411 319 1454 τῆς
337 1407 590 1459 χρηστολογίας
609 1408 668 1445 καὶ
688 1408 842 1459 εὐλογίας
863 1407 1063 1451 ἐξαπατῶσι
1084 1408 1146 1451 τὰς

183 1468 324 1519 καρδίας
344 1471 411 1506 τῶν
433 1469 585 1506 ἀκάκων.

181 1654 293 1691 Πάλιν
310 1655 512 1706 παραίνεσις
527 1685 535 1692 ,
557 1655 616 1692 καὶ
633 1654 718 1706 εὐχὴ
737 1655 826 1704 μετὰ
844 1654 906 1701 τὴν
927 1654 1143 1707 παραίνεσιν.

126 1715 245 1753 Εἰπὼν
274 1715 342 1766 γὰρ
362 1720 502 1752 σκοπεῖν
522 1714 600 1759 τοὺς
620 1715 681 1758 τὰς
701 1716 925 1767 διχοστασίας
942 1719 1145 1763 ποιοῦντας,

126 1776 185 1813 καὶ
203 1775 250 1826 μὴ
272 1775 456 1813 ὑπακούειν
485 1778 618 1823 αὐτοῖς,
639 1777 814 1828 ἐπήγαγεν
832 1793 838 1800 ·
859 1776 904 1815 ‘O
925 1777 959 1814 δὲ
978 1777 1066 1821 Θεὸς
1083 1780 1146 1833 τῆς

125 1837 262 1887 εἰρήνης
280 1836 455 1889 συντρίψει
467 1837 525 1874 τὸν
544 1844 696 1874 σατανᾶν
717 1837 783 1876 ὑπὸ
796 1837 874 1881 τοὺς
896 1838 1003 1881 πόδας
1025 1840 1121 1889 ὑμῶν
1137 1854 1143 1861 ·

866 1899 998 1937 Σκόπει
1015 1899 1050 1938 δὲ
1070 1902 1145 1944 πῶς

125 1898 183 1935 καὶ
198 1927 208 1944 ,
226 1897 270 1935 Ἡ
293 1898 396 1950 χάρις
412 1902 470 1936 τοῦ
487 1898 616 1949 Κυρίου
639 1901 714 1949 μεθ’
736 1901 845 1949 ὑμῶν.

124 1961 183 1998 καὶ
198 1963 379 2012 προσηνῶς
396 1966 580 2012 παραινεῖ,
598 1963 657 1999 οὐκ
675 1964 708 1999 ἐν
727 1961 822 2005 τάξει
837 1961 1051 2012 συμὸούλου,
1066 1964 1142 2000 ἀλλ’

125 2023 159 2058 ἐν
182 2020 275 2064 τάξει
312 2020 425 2059 ἱκέτου
458 2026 557 2059 τοῦτο
578 2025 699 2070 ποιῶν,
721 2021 780 2059 καὶ
813 2021 902 2072 μετὰ
920 2023 1052 2069 πολλῆς
1083 2027 1144 2069 τῆς

124 2085 248 2133 τιμῆς·
275 2082 334 2120 καὶ
355 2082 421 2133 γὰρ
439 2081 499 2119 καὶ
531 2082 695 2134 ἀδελφοὺς
714 2082 874 2131 ἐκάλεσε,
896 2083 955 2120 καὶ
981 2083 1141 2122 ἱκετεύει.

123 2145 328 2196 Παρακαλῶ
354 2143 420 2194 γὰρ
440 2146 551 2192 ὑμᾶς,
574 2143 691 2195 φησὶν,
712 2143 865 2194 ἀδελφοί.
888 2137 978 2182 Εἶτα
994 2145 1052 2182 καὶ
1067 2148 1144 2183 ἐνα-

123 2204 264 2252 γωνίους
282 2210 398 2249 ποιεῖ,
419 2203 551 2246 δεικνὺς
569 2203 608 2240 τὸ
628 2204 764 2255 δολερὸν
778 2206 846 2241 τῶν
867 2204 1143 2257 ἐπηρεαζόντων.

122 2264 186 2308 (Ως
207 2265 274 2315 γὰρ
299 2267 359 2302 οὐκ
378 2264 517 2302 αὐτόθεν
541 2264 653 2310 δήλων
671 2265 778 2302 ὄντων
799 2265 902 2317 φησί·
937 2267 1142 2318 Παρακαλῶ

120 2326 156 2364 δὲ
192 2329 281 2376 ὑμᾶς
320 2331 461 2364 σκοπεῖν
479 2341 486 2348 ·
522 2324 700 2371 τουτέστι,
733 2327 1019 2378 περιεργάζεσθαι
1052 2326 1142 2376 μετὰ

120 2386 319 2437 ἀκριὸείας,
339 2386 398 2423 καὶ
418 2385 696 2436 καταμανθάνειν
723 2386 781 2424 καὶ
806 2387 1056 2438 διερευνᾶσθαι.
1077 2387 1141 2426 Τί-

118 2463 177 2489 νας
190 2477 199 2494 ,
218 2447 294 2484 εἶπέ
312 2462 391 2497 μοι,
409 2446 501 2489 Τοὺς
516 2446 576 2489 τὰς
593 2446 815 2498 διχοστασίας
828 2447 887 2484 καὶ
903 2447 947 2487 τὰ
960 2447 1139 2486 σκάνδαλα

119 2506 215 2558 παρὰ
251 2506 313 2553 τὴν
353 2506 513 2557 διδαχὴν,
543 2507 584 2552 ἣν
615 2509 712 2557 ὑμεῖς
745 2507 916 2556 ἐμάθετε,
943 2512 1139 2552 ποιοῦντας.

120 2567 218 2613 Αὕτη
240 2567 306 2618 γὰρ
327 2567 481 2617 μάλιστα
500 2566 715 2613 Ἐκκλησίας
732 2568 933 2619 ἀνατροπὴ,
952 2569 991 2607 τὸ
1013 2571 1140 2621 διῃρῆ-

119 2633 219 2666 σθαι·
238 2632 338 2666 τοῦτο
371 2626 474 2665 ὅπλον
495 2631 554 2664 τοῦ
576 2627 736 2664 &medion
750 2657 762 2676 ,
794 2632 895 2666 τοῦτο
926 2629 1042 2667 πάντα
1070 2630 1140 2667 ἅνω

118 2690 176 2726 καὶ
196 2689 292 2727 κάτω
306 2694 408 2726 ποιεῖ.
430 2686 527 2730 “Eme
545 2687 612 2739 γὰρ
635 2687 674 2723 ἂν
705 2682 728 2738 ᾖ
750 2688 789 2725 τὸ
823 2690 926 2739 σῶμα
947 2689 1139 2740 ἡνωμένον,

118 2752 178 2787 οὔκ
193 2748 306 2800 ἰσχύει
325 2748 453 2786 εἴσοδον
469 2747 574 2798 ἔχειν,
592 2748 667 2785 ἀλλ’
688 2747 757 2785 ἀπὸ
778 2750 840 2794 τῆς
858 2749 1082 2800 διχοστασίας
1100 2750 1139 2787 τὸ

118 2810 320 2848 σκάνδαλον.
342 2808 387 2846 Ἡ
403 2807 439 2845 δὲ
457 2807 661 2859 διχοστασία
680 2807 783 2845 πόθεν
798 2825 808 2855 ;
824 2808 907 2846 Ἀπὸ
922 2812 990 2846 τῶν
1012 2810 1138 2860 δογμά-

116 2887 184 2908 των
215 2873 282 2907 τῶν
305 2868 401 2919 παρὰ
431 2868 493 2914 τὴν
526 2867 671 2920 διδαχὴν
700 2870 768 2905 τῶν
790 2870 1005 2908 ἀποστόλων.
1025 2872 1058 2908 Τ
1062 2870 1082 2908 ὰ
1102 2869 1138 2908 δὲ

116 2931 272 2982 δόγματα
290 2929 334 2967 τὰ
349 2932 492 2966 τοιαῦτα
508 2928 631 2975 πόθεν,
651 2928 734 2967 Ἀπὸ
748 2933 807 2966 τοῦ
824 2930 948 2982 γαστρὶ
969 2930 1136 2968 δουλεύειν

116 2992 173 3028 καὶ
194 2997 263 3034 τοῖς
283 2991 400 3033 ἄλλοις
421 2989 577 3027 πάθεσιν.
601 2991 647 3027 Οἱ
667 2988 735 3041 γὰρ
764 2996 934 3038 τοιοῦτοι,
957 2991 1065 3042 φησὶ,
1088 2993 1136 3043 τῷ

1026 3051 1136 3082 eloe*-

118 3051 235 3103 Κυρίῳ
254 3053 291 3088 οὐ
312 3050 543 3097 δουλεύουσιν,
564 3050 654 3088 ἀλλὰ
677 3053 719 3101 τῇ
741 3052 854 3088 αὐτῶν
877 3051 1005 3104 κοιλίᾳ.
1042 3076 1094 3089 ...2
1108 3075 1138 3089 ,ε

118 3113 177 3147 οὐκ
197 3110 237 3147 ἂν
255 3110 385 3160 γένοιτο
400 3110 576 3148 σκάνδαλα
590 3140 599 3156 ,
621 3113 682 3149 οὐκ
697 3110 736 3148 διν
758 3111 890 3161 γένοιτο
906 3111 1110 3164 διχοστασία
1129 3140 1136 3157 ,

119 3174 146 3208 εἰ
169 3171 217 3220 μή
238 3187 269 3208 τι
291 3171 385 3220 παρὰ
413 3171 476 3217 τὴν
498 3172 730 3218 ἀποστολικὴν
763 3174 905 3224 διδαχὴν
941 3173 1136 3219 ἐπινοηθείη

1047 3236 1060 3246 κ
1081 3236 1094 3247 κ

1042 3251 1137 3272 §tou-

121 3232 231 3281 στάγμα
247 3247 252 3252 ·
275 3231 358 3269 emt
377 3234 520 3270 ἐνταῦθα
538 3234 649 3279 δηλῶν
670 3233 763 3283 ἔλεγε
779 3264 787 3281 ,
809 3238 820 3253 ³
833 3234 937 3286 Παρὰ
954 3235 1014 3282 τὴν

165 3358 180 3381 «ἰ
206 3359 215 3398 [
232 3356 319 3389 Editi
335 3368 447 3390 omues
465 3359 578 3390 xitiose
597 3362 728 3405 busy-5]

1160 981 1209 1006 755⁸

1173 1018 1198 1044 A
1514 984 1726 1024 HOMILIA
1754 984 1915 1024 XXXII.

1220 1103 1308 1140 CAP.
1327 1101 1429 1142 XVI.
1449 1117 1484 1143 v.
1507 1106 1572 1142 17.
1589 1106 1694 1158 Rogo
1710 1115 1839 1144 autem
1862 1110 2136 1161 vos,jratres,
2165 1121 2205 1150 ιιι

1272 1164 1478 1202 observetis
1513 1178 1590 1212 eos,
1610 1169 1676 1217 qui
1700 1167 1957 1206 dissensiones
1977 1179 2013 1207 et
2032 1172 2206 1222 offendi—

1271 1223 1362 1261 cula
1393 1234 1534 1276 praeter
1557 1227 1796 1273 doctrinam,
1827 1242 1946 1279 quam
1972 1243 2042 1267 vos
2069 1232 2206 1269 didici-

1271 1287 1340 1322 stis
1353 1287 1535 1337 ,faciunt
1550 1303 1561 1322 .·
1580 1296 1616 1324 et
1631 1288 1825 1327 declinate
1839 1292 1887 1326 ab
1905 1290 1997 1328 illis.
2018 1291 2080 1329 18.
2102 1294 2206 1330 Nam

1271 1348 1338 1396 qui
1351 1347 1450 1384 tales
1468 1357 1572 1394 sunt,
1604 1350 1775 1386 Domino
1807 1359 1938 1388 nostro
1965 1352 2059 1389 Jesu
2089 1354 2204 1391 Chri-

1272 1416 1331 1444 sto
1349 1422 1425 1445 non
1434 1412 1625 1457 serviunt,
1643 1411 1711 1448 sed
1724 1424 1793 1448 suo
1811 1415 1944 1450 ventri
1959 1429 1970 1455 ,·
1983 1422 2020 1451 et
2031 1429 2101 1465 per
2119 1416 2205 1453 dul-

1269 1482 1332 1505 ces
1349 1482 1540 1508 sermones
1553 1485 1600 1508 ac
1619 1473 1903 1512 benedictiones
1921 1475 2108 1514 seducunt
2123 1490 2204 1514 cor-

1269 1530 1320 1566 da
1335 1531 1612 1569 innocentium.

1272 1657 1308 1692 1.
1331 1657 1470 1695 Rursus
1490 1657 1711 1709 adhortatio,
1729 1669 1763 1698 et
1789 1662 1946 1713 precatio
1968 1672 2045 1715 post
2075 1664 2203 1704 adhor-

1172 1726 1194 1755 Β
1218 1715 1397 1753 tationem.
1420 1718 1512 1755 Cum
1545 1718 1696 1757 dixisset
1730 1721 1823 1759 enim
1862 1721 2102 1764 observandos
2132 1740 2204 1765 esse

1217 1789 1289 1824 eos,
1312 1776 1374 1825 qui
1398 1775 1548 1815 dissidia
1565 1779 1733 1829 facerent,
1753 1794 1864 1831 neque
1883 1782 1955 1820 illis
1974 1797 2049 1822 esse
2064 1786 2202 1825 obtem-

1219 1836 1436 1888 perandum,
1465 1838 1652 1890 subjungit
1679 1856 1687 1876 :
1714 1843 1778 1878 90.
1810 1843 1916 1880 Deus
1941 1852 2069 1882 autem
2094 1850 2203 1896 pacis

1216 1906 1386 1935 conteret
1405 1907 1587 1937 satanam
1604 1903 1672 1938 sub
1684 1903 1844 1952 pedibus
1861 1907 2001 1942 vestris
2010 1922 2026 1951 ,·
2042 1915 2087 1954 et,
2104 1908 2203 1946 Gra-

1217 1961 1273 1996 tia
1288 1961 1451 1998 Domini
1470 1964 1684 2000 vobiscum.
1703 1963 1799 2002 Vide
1825 1973 1943 2002 autem
1969 1980 2076 2016 quam
2092 1969 2203 2020 placi-

1215 2019 1259 2057 de
1290 2019 1518 2071 adhortetur5
1543 2036 1612 2060 non
1643 2024 1746 2074 quasi
1778 2026 1966 2064 consilium
1995 2027 2107 2076 dans,
2141 2031 2204 2069 sed

1215 2081 1316 2130 quasi
1335 2082 1554 2134 supplicans,
1576 2084 1751 2135 multique
1763 2099 1844 2123 cum
1861 2086 2005 2125 honoris
2022 2088 2202 2140 significa-

1213 2141 1307 2180 tione
1327 2158 1334 2179 :
1353 2144 1483 2181 etenim
1499 2144 1625 2183 fratres
1641 2145 1720 2183 illos
1739 2156 1844 2184 vocat
1856 2177 1866 2195 ,
1882 2157 1916 2185 et
1937 2150 2114 2201 supplicat
2133 2151 2197 2189 eis.

1213 2203 1319 2254 Rogo
1339 2218 1425 2251 vos,
1437 2206 1598 2256 fratres,
1621 2206 1751 2256 inquit.
1775 2207 1913 2245 Deinde
1930 2209 2011 2247 illos
2031 2211 2202 2250 sollicitos

1211 2264 1345 2315 reddit,
1365 2265 1457 2303 mala
1488 2266 1714 2304 inferentium
1741 2267 1869 2306 dolum
1895 2269 2066 2309 indicans.
2088 2274 2200 2320 Quasi

1166 2340 1191 2370 C
1212 2324 1307 2362 enim
1333 2339 1402 2363 non
1424 2340 1487 2378 per
1504 2341 1538 2364 se
1559 2327 1736 2365 manifesti
1754 2329 1836 2378 sint,
1852 2328 1901 2367 ait
1919 2346 1927 2366 ε
1947 2333 2052 2383 Rogo
2071 2343 2200 2372 antem

1210 2399 1280 2423 vos
1301 2394 1341 2423 uz
1357 2388 1563 2425 observetis
1573 2404 1588 2432 ‚·
1609 2387 1648 2426 id
1662 2398 1727 2439 est,
1743 2398 1783 2426 ut
1802 2398 1962 2429 accurate
1979 2395 2199 2445 scrutemini,

1210 2454 1242 2483 et
1257 2445 1402 2484 discatis
1415 2461 1454 2484 ac
1484 2448 1708 2499 perquiratis.
1731 2451 1935 2502 Quosnam',
1954 2467 2071 2503 quaeso
2087 2454 2103 2492 ‚⁰
2120 2457 2200 2493 Eos

1210 2509 1276 2557 qui
1297 2508 1555 2545 dissensiones
1576 2517 1611 2546 et
1632 2511 1879 2562 offendicula
1891 2522 2032 2563 praeter
2051 2516 2174 2553 doctri
2182 2539 2196 2544 -

1211 2582 1318 2614 nam,
1337 2581 1455 2618 quam
1481 2582 1553 2606 vos
1573 2570 1775 2617 didicistis,
1790 2572 1962 2622 faciunt.
1985 2575 2069 2611 Haec
2091 2576 2196 2628 quip-

1208 2641 1252 2678 pe
1276 2627 1503 2679 potissimum
1530 2628 1700 2666 Ecclesiae
1719 2629 1873 2679 eversio,
1896 2645 1976 2669 cum
1996 2647 2120 2686 nempe
2141 2637 2196 2673 di-

1208 2688 1283 2726 visa
1301 2698 1353 2726 est
1369 2705 1377 2725 :
1392 2689 1466 2726 haec
1485 2689 1621 2727 diaboli
1648 2700 1730 2728 sunt
1745 2705 1864 2742 arma,
1886 2693 1977 2731 illud
1997 2697 2113 2734 omnia
2135 2712 2195 2735 sus

1207 2749 1320 2800 deque
1342 2750 1461 2789 vertit.
1480 2753 1600 2789 Donec
1627 2751 1721 2789 enim
1741 2766 1870 2805 corpus
1898 2755 2038 2793 unitum
2065 2758 2191 2808 fuerit,

1208 2824 1278 2847 non
1307 2820 1422 2862 potest
1440 2811 1627 2849 introitum
1644 2812 1796 2861 habere,
1812 2814 1874 2852 sed
1899 2829 1944 2852 ex
1975 2816 2193 2857 dissensione

1208 2870 1464 2909 offendiculum
1496 2871 1624 2910 oritur.
1657 2873 1838 2911 Dissensio
1868 2884 1987 2913 autem
2015 2878 2134 2916 unde?
2161 2883 2191 2918 A
2242 2887 2393 2915 Diffi—ns„

2205 2929 2234 2954 in
2251 2929 2393 2967 (logumh-

2207 2969 2270 2997 bus.

1206 2929 1451 2981 dogmatibus,
1473 2946 1551 2981 quae
1583 2942 1711 2983 praeter
1736 2933 1933 2973 doctrinam
1953 2939 2192 2988 apostolorum

1165 3003 1188 3033 ι)
1208 2990 1421 3030 inferuntur.
1447 2994 1532 3030 Haec
1554 3006 1638 3031 vero
1661 2993 1745 3031 talia
1761 2993 1928 3045 dogmata
1947 2997 2068 3036 unde?
2086 3001 2194 3048 Quod

1208 3051 1323 3089 ventri
1360 3052 1512 3102 aliisque
1541 3053 1729 3091 affectibus
1772 3055 2087 3096 serviatueram
2127 3065 2194 3113 qui

1209 3113 1307 3150 tales
1322 3122 1427 3162 sunt,
1447 3113 1575 3164 inquit,
1601 3116 1771 3152 Domino
1805 3130 1882 3153 non
1914 3122 2104 3167 serviunt,
2127 3125 2196 3161 sed

1209 3176 1338 3211 ventri
1362 3187 1441 3211 suo.
1461 3174 1583 3224 Itaque
1605 3188 1674 3212 non
1703 3175 1929 3227 offendicula,
1948 3193 2017 3217 non
2044 3181 2191 3221 dissidia

1210 3234 1383 3280 evenient,
1407 3233 1474 3271 nisi
1504 3234 1632 3286 dogma
1662 3235 1854 3288 quodpiam
1874 3249 1999 3290 prcetcr
2019 3243 2190 3292 apostoli-

1236 3371 1247 3385 1¹
1273 3361 1384 3393 Murci.
1405 3360 1505 3401 male,
1525 3366 1592 3405 περὶ
1610 3368 1661 3401 τὴν
1678 3365 1807 3404 &HJJ-[dv.
