2502 3810
718 259 762 289 IN
798 258 939 289 EPIST.
980 257 1039 286 AD
1074 257 1182 287 ROM.

74 339 267 391 εὐεργεσίαν
299 341 401 377 αὐτοῦ
434 339 620 390 ἀνατρέπει
647 342 714 377 τῶν
745 338 1032 390 εὖεργετηθέντων
1061 340 1083 383 ἡ

73 399 319 450 ἀγνωμοσύνη;
345 398 367 444 ἢ
398 399 460 445 τὴν
495 400 602 449 τιμὴν
636 405 727 438 ποιεῖ
758 400 806 449 μὴ
838 393 924 438 εἶναι
956 399 1085 449 τιμῆν;

72 462 185 498 Τοῦτο
203 460 270 511 γοίρ
286 462 357 497 ἐστι
374 459 434 505 τὸ,
456 459 517 506 Μὴ
531 463 552 505 ἡ
574 460 719 497 ἀπιστία
735 462 845 497 αὐτῶν
874 460 937 506 τὴν
969 461 1086 498 πίστιν

72 523 130 557 τοῦ
149 522 240 558 Θεοῦ
256 520 493 573 καταργήσει,
522 522 583 566 Μὴ
615 520 758 571 γένοιτο.
791 520 852 564 Ὡς
877 520 916 557 ἂν
938 523 966 558 εἷ
992 521 1088 573 ἔλεγέ

71 596 134 623 τις·
155 580 223 630 ἐγὼ
243 580 301 617 τὸν
324 581 417 618 δεῖνα
437 579 609 631 ἐτίμησα·
633 583 662 618 εἷ
679 580 713 617 δὲ
739 579 785 630 μὴ
803 580 1006 632 προσήκατο
1025 580 1089 627 τὴν

74 640 178 691 τιμὴν
197 643 322 684 ἐκεῖνος
336 671 345 687 ,
362 644 462 678 τοῦτο
486 641 563 690 ἐμοὶ
590 640 801 693 κατηγορίαν
820 641 858 676 οὔ
883 639 996 691 φέρει,
1016 641 1091 678 οὐδὲ

417 699 433 720 h

74 699 279 750 λυμαίνεταί
322 716 386 750 μου
445 700 507 747 τὴν
550 700 822 752 φιλανθρωπίαν,
858 701 933 738 ἀλλ’
964 700 1091 738 ἐκείνου

2042 237 2133 284 523

1155 336 1338 374 diderint?
1375 345 1408 374 et
1438 334 1607 386 quidhoc
1634 333 1679 371 ad
1695 333 1836 371 Deum?
1866 347 1951 370 num
1982 334 2056 385 ejus
2075 334 2137 371 he-

1156 397 1377 434 neficentiam
1406 395 1580 434 subvertit
1604 394 1748 432 illorum
1764 394 1827 444 qui
1853 393 2023 432 beneficia
2042 408 2138 432 acce-

1158 466 1285 508 perunt
1321 457 1479 507 ingratus
1501 454 1665 492 animus?
1684 463 1744 492 aut
1763 454 1858 502 facit,
1879 463 1918 491 ut
1942 454 2055 492 honor
2069 467 2139 491 non

1159 516 1202 554 sit
1223 516 1360 553 honor?
1379 515 1419 552 ld
1437 514 1530 552 enim
1549 514 1682 551 indicat
1710 513 1803 551 illud
1823 529 1831 549 ι
1855 515 2058 565 Numquid
2080 516 2140 550 in-

1158 578 1367 615 credulitas
1384 575 1645 627 eorumfidem
1664 575 1740 611 Dei
1753 577 1955 613 evacuabit
1971 579 1987 611 Ρ
2003 575 2137 613 Absit.

1159 640 1208 675 Ac
1226 638 1255 675 si
1271 637 1348 687 quis
1366 636 1497 674 diceret
1517 652 1524 672 ε
1539 636 1617 686 Ego
1636 635 1740 673 illum
1753 636 1858 673 talem
1869 636 2001 673 honore
2017 636 2139 686 affec13

1161 694 1286 732 sivero
1307 693 1548 732 honoremille
1564 706 1632 730 non
1652 692 1807 742 admisit,
1822 692 1906 730 hinc
1926 693 2143 731 accusandus

1222 257 1377 287 HOMIL.
1415 256 1481 286 vl.

76 760 228 797 δείκνυσι
256 759 317 806 τὴν
349 759 586 806 ἀναισθησίαν.
615 760 659 798 ‘O
691 759 725 798 δὲ
755 761 894 803 Παῦλος
923 762 959 798 οὗ
993 764 1094 798 τοῦτο

81 820 180 870 μόνον
203 820 315 871 λέγει,
337 819 425 858 ἀλλὰ
441 819 499 858 καὶ
519 820 558 857 τὸ
577 820 695 871 πολλῷ
719 820 820 857 πλέον
835 835 842 842 ·
866 819 917 856 ὅτι
934 822 972 856 οὔ
993 819 1093 869 μόνον

1161 769 1229 792 non
1250 770 1348 805 sum3
1367 769 1478 805 neque
1497 754 1535 791 id
1552 753 1805 803 benignitatem
1823 767 1938 791 meam
1959 754 2068 804 laedit,
2084 754 2146 792 sed

1162 813 1261 850 illius
1282 813 1527 864 stupiditatem
1547 811 1676 861 arguit.
1710 811 1843 848 Paulus
1876 825 1959 848 vero
1977 825 2047 849 non
2078 812 2146 849 hoc

1163 874 1277 911 solum
1294 873 1396 917 dicit,
1431 871 1491 910 sed
1510 872 1614 921 longe
1638 871 1804 922 amplius,
1838 871 1933 921 quod
1952 885 2022 909 non
2041 872 2147 910 modo

1164 930 1446 967 criminationem
1471 930 1547 965 Deo
1572 941 1641 965 non
1667 927 1794 964 inferat
1828 927 2053 965 incredulitas
2088 943 2148 965 eo-

1164 1005 1245 1028 rum
1258 1020 1268 1039 ,
1285 989 1346 1028 sed
1375 990 1544 1039 majorem
1564 987 1723 1025 ostendat
1750 987 1826 1039 ejus
1844 987 2014 1024 honorem
2037 997 2070 1025 et
2088 989 2150 1025 be-

1167 1050 1388 1101 nignitatem,
1417 1063 1499 1086 cum
1527 1062 1609 1086 eum
1632 1047 1695 1098 qui
1728 1061 1764 1084 se
1795 1046 2070 1084 inhonoraturus
2100 1057 2151 1085 est

1168 1109 1302 1148 honore
1319 1108 1445 1146 afficit.

1221 1174 1256 1211 5.
1273 1171 1446 1212 Vidistin’
1465 1170 1642 1223 quomodo
1657 1171 1738 1210 illos
1757 1170 1965 1210 criminibus
1982 1172 2154 1210 obnoxios

1168 1234 1321 1272 effecerit
1336 1248 1381 1272 ex
1396 1234 1453 1283 iis,
1476 1233 1521 1271 de
1536 1233 1666 1284 quibus
1694 1232 1964 1284 gloriabantur?
1979 1232 2156 1283 siquidem

1170 1297 1267 1333 Deus
1286 1305 1423 1333 tantum
1443 1294 1516 1332 illis
1543 1293 1663 1331 intulit
1681 1294 1863 1339 honorem,
1888 1302 1928 1330 ut
1953 1293 2017 1331 etsi
2037 1293 2156 1330 futura

1170 1356 1386 1410 praevidens‚
1408 1370 1427 1392 a
1442 1355 1691 1394 benevolentia
1710 1369 1772 1392 sua
1791 1368 1860 1392 non
1883 1354 2087 1392 desisteret:
2103 1354 2158 1391 illi

82 1425 178 1463 αὐτοὶ
198 1424 232 1462 δὲ
251 1425 307 1462 τὸν
331 1424 549 1474 τιμήσαντα,
567 1425 608 1461 δι’
629 1419 674 1461 ὧν
693 1425 922 1475 ἐτιμήθησαν,
943 1424 1101 1477 ὕῧρισαν,
1171 1431 1254 1455 vcro
1288 1431 1323 1454 se
1353 1417 1485 1454 honore
1513 1415 1739 1461 afficientem,
1774 1429 1837 1466 per
1864 1414 1984 1466 ipsum
2018 1414 2159 1452 illatum

84 1480 174 1523 Εἶτα
196 1484 314 1530 ἐπειδὴ
331 1478 423 1531 εἷπε,
449 1483 496 1521 Τί
512 1483 601 1535 γὰρ,
623 1486 650 1521 εἷ
667 1484 865 1531 ἠπίστησάν
894 1501 1003 1531 τινες,
1021 1485 1102 1537 391(-
1123 1492 1147 1520 E
1168 1481 1339 1518 honorem
1377 1478 1591 1516 contumelia
1633 1479 1837 1516 affecerunt.
1882 1477 2022 1515 Deinde
2075 1477 2159 1528 quia

755 1539 760 1543 ’
1169 1540 1264 1578 dixit
1280 1570 1292 1591 ,
1316 1541 1419 1590 Quid
1435 1553 1522 1591 ergo
1534 1569 1546 1585 ‚
1565 1542 1598 1577 si
1617 1540 1777 1591 quidam
1795 1552 1873 1576 non
1889 1540 2160 1577 crediderunt?

1168 1612 1202 1641 et
1220 1617 1343 1640 omnes
1372 1616 1442 1640 non
1464 1602 1664 1640 credidisse
1683 1601 1875 1650 videntur5
1901 1616 1945 1639 ne
1965 1601 2161 1640 secundum

1169 1663 1357 1701 historiam
1378 1663 1550 1714 loquens7
1591 1663 1781 1701 vehemens
1810 1662 1954 1700 illorum
1981 1672 2162 1700 accusator

1171 1732 1338 1774 tanquam
1365 1722 1531 1760 inimicus
1551 1736 1624 1760 esse
1645 1721 1829 1769 videatur,
1854 1722 1961 1759 modo
1980 1722 2162 1760 ratiocinii

1173 1793 1206 1821 et
1223 1783 1423 1836 syllogismi
1442 1782 1542 1834 ponit
1561 1782 1600 1820 id
1619 1782 1717 1833 quod
1736 1782 1772 1819 in
1792 1782 1842 1819 rei
1861 1781 2009 1821 veritate
2028 1783 2162 1820 factum

1173 1853 1236 1892 est,
1254 1844 1312 1881 his
1326 1843 1443 1881 verbis
1464 1858 1471 1879 :
1490 1843 1527 1887 l4,
1542 1843 1599 1881 Sit
1616 1851 1746 1880 autem
1758 1844 1864 1880 Deus
1881 1857 2019 1890 verax,
2036 1846 2161 1881 omnis

1173 1912 1303 1941 autem
1331 1904 1443 1941 homo
1469 1904 1648 1940 mendax.
1674 1902 1718 1940 Id
1750 1904 1920 1941 est:Non
1941 1903 2035 1954 dico,
2065 1903 2164 1954 quod

1174 1963 1320 2014 quidam
1344 1977 1414 2000 non
1443 1962 1672 2010 crediderint,
1696 1963 1757 2000 sed
1785 1963 1814 2001 si
1839 1964 1908 2011 vis,
1932 1978 2024 2015 pone
2043 1978 2163 2002 omnes

1174 2024 1281 2062 fuisse
1301 2023 1513 2072 incredulos,
1542 2023 1639 2074 quod
1658 2024 1724 2063 vix
1746 2024 1879 2062 factum
1900 2025 2013 2062 fuerat
2035 2039 2163 2063 conce-

90 2089 179 2125 οὔτω
195 2090 326 2138 μᾶλλον
345 2089 555 2134 δικαιοῦται,
578 2087 694 2139 φησὶν,
717 2090 734 2124 ὃ
758 2088 857 2131 Θεός.
875 2087 922 2125 Τί
938 2089 1011 2126 ἐστι
1026 2116 1035 2133 ,
1052 2089 1107 2126 δι-
1118 2109 1164 2134 479
1176 2084 1261 2123 dens
1277 2115 1286 2133 ,
1310 2094 1349 2122 ut
1368 2098 1431 2122 nec
1450 2085 1619 2123 molestus
1641 2099 1704 2122 nec
1728 2093 1910 2137 suspectus
1933 2099 2006 2124 esse
2029 2085 2166 2124 videre-

90 2152 264 2195 καιοῧται,
297 2148 341 2185 Εἰ
360 2147 471 2200 κρίσις
493 2146 625 2197 γένοιτο
644 2147 701 2184 καὶ
723 2146 873 2190 ἐξέτασις
892 2150 959 2188 τῶν
992 2151 1108 2203 ὑπηρ-
1127 2146 1153 2174 Α
1176 2155 1246 2184 tur.
1280 2146 1374 2182 Nam
1395 2145 1461 2194 sic,
1493 2144 1620 2195 inquit,
1654 2144 1767 2195 magis
1798 2145 2019 2196 justificatur
2048 2147 2162 2184 Deus.

90 2209 224 2260 γμένων
253 2214 322 2251 τοῖς
351 2207 530 2251 Ἰουδαίοις
562 2210 644 2259 παρ’
681 2210 806 2256 αὐτοῦ,
836 2209 895 2246 καὶ
928 2211 996 2247 τῶν
1023 2213 1106 2262 παρ’
1175 2206 1275 2252 Quid
1294 2215 1360 2255 est,
1387 2205 1640 2244 Justificatur?
1667 2205 1707 2243 Si
1736 2204 1916 2255 judicium
1943 2214 2116 2244 statuatur
2135 2216 2168 2244 et

92 2272 202 2307 αὐτῶν
235 2271 281 2312 εἰς
310 2269 409 2307 αὐτὸν
439 2268 688 2319 γεγενημένων,
717 2269 761 2307 τὰ
794 2269 979 2323 νικητήρια
1012 2270 1109 2309 ἔσται
1175 2280 1323 2304 examen
1343 2279 1480 2315 eorum,
1509 2279 1587 2315 quae
1607 2264 1683 2316 ipse
1707 2264 1841 2303 Judaeis
1862 2266 2012 2304 contulit
2030 2276 2064 2304 et
2090 2281 2168 2318 quae

80 883 116 919 οὐ
131 880 376 932 προστρίβεται
392 880 551 931 ἔγκλημα
567 882 616 931 τῷ
635 882 717 930 Θεῷ
737 883 758 924 ἠ
779 879 925 916 ἀπιστία
944 879 1095 926 ἐκείνων,

81 941 169 979 ἀλλὰ
189 942 247 979 καί
269 942 405 991 μείζονα
426 940 593 979 δείκνυσιν
612 941 715 993 αὐτοῦ
735 939 798 985 τὴν
828 939 932 989 τιμὴν
953 939 1012 975 καὶ
1033 938 1096 985 τὴν

81 1001 353 1054 φιλανθρωπίαν,
371 1001 453 1038 ὅταν
468 1000 526 1037 καὶ
541 1000 597 1037 τὸν
615 999 785 1049 μέλλοντα
802 999 902 1036 αὐτὸν
918 998 1096 1048 ἀτιμάζειν

81 1061 243 1111 φαίνηται
260 1063 385 1111 τιμῶν.
560 1056 566 1065 ’

135 1175 236 1224 Εἶδες
258 1176 331 1224 πῶς
359 1179 481 1224 αὐτοὺς
502 1180 661 1228 ἐποίησεν
684 1180 889 1224 ὑπευθύνους
917 1179 1100 1232 ἐγκλημά-

76 1259 160 1291 των,
193 1245 249 1294 ἀφ’
270 1236 316 1279 ὧν
341 1242 642 1290 ἐκαλλωπίζοντο,
674 1242 769 1294 εἴπερ
789 1246 806 1280 ὃ
837 1242 898 1293 μὲν
929 1243 1018 1286 Θεὸς
1046 1259 1102 1281 το-

83 1303 189 1355 σαύτῃ
219 1301 299 1354 περὶ
329 1301 449 1345 αὐτοὺς
471 1303 646 1354 ἐχρήσατο
676 1306 718 1354 τῇ
751 1306 861 1354 τιμῇ,
888 1305 933 1346 ὡς
957 1302 1045 1353 μηδὲ
1065 1303 1104 1341 τὸ

83 1366 207 1415 μέλλον
227 1366 383 1415 προορῶν
401 1364 615 1414 ἀποσχέσθαι
631 1367 692 1410 τῆς
708 1365 787 1416 περὶ
809 1363 931 1407 αὐτοὺς
953 1364 1082 1408 εὐνοίας
1096 1380 1103 1387 ·

83 1562 199 1584 νονται
216 1545 250 1583 δὲ
268 1545 392 1587 πάντες
409 1545 657 1592 ἦπιστηκότες·
673 1545 729 1583 ἵνα
747 1545 795 1596 μὴ
813 1545 918 1583 πάλιν
933 1546 1024 1584 κατὰ
1038 1545 1100 1592 τὴν

83 1605 237 1657 ἱστορίαν
253 1605 378 1655 λέγων,
398 1604 475 1655 δόξῃ
497 1605 640 1657 σφοδρὸς
658 1607 771 1643 αὐτῶν
800 1599 887 1643 εἶναι
913 1606 1103 1658 κατήγορος

85 1670 130 1709 ὡς
147 1666 285 1718 ἐχθρὸς,
309 1668 341 1703 ἐν
359 1665 452 1708 τάξει
469 1667 637 1716 λογισμοῦ
653 1665 712 1703 καὶ
733 1668 967 1717 συλλογισμοῦ
986 1666 1104 1712 τίθησι

86 1728 124 1765 τὸ
142 1727 198 1764 ἐπὶ
213 1729 273 1771 τῆς
289 1725 449 1772 ἀληθείας
467 1726 731 1776 ργεγενημένον,
757 1726 846 1764 οὕτω
874 1725 984 1777 λέγων
997 1742 1004 1749 ·
1035 1728 1103 1765 Γε-

85 1787 195 1825 νέσθω
213 1787 247 1825 Ρὲ
267 1791 284 1825 ὁ
300 1787 388 1829 Θεὸς
408 1785 555 1832 ἀληθὴς,
575 1793 642 1828 πᾶς
671 1785 705 1824 δὲ
734 1786 911 1837 ἅνθρωπος
940 1786 1103 1838 ψεύστης.

86 1848 135 1885 ⁰0
153 1847 187 1884 δὲ
200 1847 294 1898 λέγει
307 1877 316 1894 ,
334 1846 486 1884 τοιοῦτον
505 1848 595 1884 ἐστιν
607 1862 614 1869 ·
635 1848 672 1885 οὐ
689 1846 800 1897 λέγω,
818 1846 933 1898 φησὶν,
946 1847 1000 1885 ὅτι
1015 1847 1105 1890 τινὲς

86 1908 298 1955 ἠπίστησαν,
317 1908 408 1954 ἀλλ’,
429 1909 457 1944 εἷ
482 1906 616 1957 βούλει,
642 1906 728 1943 τίθει
747 1906 880 1950 πάντας
906 1907 1104 1953 ἠπιστηκέ-

88 1984 159 2005 ναι·
181 1969 220 2006 τὸ
245 1967 369 2014 ἀληθὲς
396 1967 622 2018 γεγενημένον
641 1966 730 2004 κατὰ
750 1966 944 2018 συνδρομὴν
965 1983 1106 2019 συγχω-

92 2032 170 2079 ρῶν,
180 2028 237 2066 ἵνα
252 2027 451 2078 ἀνεπαχθὴς
467 2021 646 2078 εἶναι’δόξη
663 2027 720 2064 καὶ
737 2026 942 2070 ἀνύποπτος.
957 2028 1027 2065 Καὶ
1039 2029 1106 2079 γὰρ

91 2330 186 2383 παρὰ
205 2332 253 2381 τῷ
269 2332 373 2381 Θεῷ,
396 2330 455 2367 καὶ
474 2329 517 2366 τὰ
534 2329 756 2380 δικαιώματα
772 2332 875 2367 αὐτοῦ
891 2331 1017 2369 πάντα.
1040 2332 1110 2369 Καὶ
1175 2327 1294 2367 Judaei
1314 2327 1385 2379 ipsi
1409 2327 1620 2372 retulerunt,
1642 2325 1791 2364 victoria
1810 2340 1917 2378 penes
1936 2328 2051 2365 Deum
2071 2329 2139 2365 erit
2154 2359 2163 2372 ,

94 2392 109 2405 a
134 2390 158 2403 s,

92 2406 200 2434 οειςας
215 2395 314 2428 τοῦτο
329 2389 445 2442 σαφὼς
461 2391 501 2426 ἐκ
517 2391 584 2427 τῶν
599 2389 793 2441 ἔμπροσθεν
814 2391 1017 2444 εἰρημένων,
1031 2392 1110 2430 τότε
1175 2398 1208 2427 et
1226 2389 1263 2426 in
1292 2387 1458 2426 omnibus
1486 2387 1603 2438 justus
1632 2386 1693 2424 ille
1718 2387 1917 2438 apparebit.
1944 2389 1994 2425 Ae
2021 2403 2102 2426 cum
2131 2389 2168 2427 id

1176 2449 1268 2486 clare
1299 2447 1507 2485 ostendisset
1536 2461 1583 2484 ex
1611 2446 1674 2493 iis,
1708 2461 1786 2496 quae
1815 2447 1915 2498 prius
1940 2449 2034 2486 dicta
2069 2458 2165 2499 sunt,

1175 2519 1259 2547 tunc
1275 2508 1486 2560 prophetam
1504 2506 1625 2544 attulit
1645 2506 1702 2544 his
1719 2508 1975 2559 suffragantem
1993 2518 2026 2547 et
2045 2509 2168 2548 dicen-

1181 2578 1283 2607 tem:
1313 2570 1363 2606 Ut
1386 2566 1614 2619 justificeris
1643 2569 1685 2603 in
1715 2570 1957 2606 sermonibus
1990 2572 2091 2616 tuis,
2133 2580 2169 2609 et
2185 2576 2365 2606 Psal.5o.3.

1177 2632 1316 2666 vincas
1349 2640 1435 2664 cam
1461 2627 1668 2677 judicari&
1706 2626 1786 2676 Ipse
1832 2627 1925 2664 enim
1955 2629 2074 2666 omnia
2106 2643 2168 2668 sua

1177 2689 1260 2727 fecit
1279 2687 1355 2724 :illi
1372 2699 1456 2723 vero
1474 2699 1586 2735 neque
1603 2685 1654 2722 sic
1673 2685 1834 2723 meliores
1849 2700 2002 2725 evasere.
2030 2689 2168 2728 Deinde

1178 2750 1412 2802 objectionem
1437 2747 1545 2784 aliam
1570 2747 1656 2784 hine
1673 2757 1921 2798 exsurgentem
1949 2749 1984 2787 in
2007 2751 2167 2790 medium

96 2816 130 2853 δὲ
150 2820 171 2862 ἡ
193 2816 311 2855 ἀδικία
342 2820 441 2868 ἡμῶν
473 2820 564 2857 Θεοῦ
594 2819 814 2866 δικαιοσύνην
849 2821 1048 2868 συνίστησι,
1078 2822 1112 2860 τί
1133 2831 1156 2860 B
1178 2810 1350 2856 adducit,
1366 2817 1399 2846 et
1424 2807 1473 2845 ait
1493 2823 1500 2843 :
1523 2807 1556 2844 5.
1595 2807 1636 2844 Si
1655 2816 1785 2844 autem
1816 2810 2004 2860 iniquitas
2034 2821 2167 2851 nostra

1176 2874 1371 2924 justitiam
1387 2870 1463 2906 Dei
1473 2868 1728 2915 commendat,
1741 2869 1836 2919 quid
1848 2870 2043 2909 dicemus?
2060 2887 2164 2911 num-

1183 2932 1277 2983 quid
1292 2933 1446 2981 iniquus
1475 2936 1532 2965 est
1562 2929 1670 2965 Deus
1686 2931 1753 2979 qui
1780 2931 1901 2980 infert
1918 2934 2048 2969 iram?
2081 2938 2166 2980 (se-

1183 2991 1351 3029 cundnm
1371 2991 1565 3026 hominem
1585 2988 1707 3033 dico.)
1727 2987 1855 3026 Absit.
1877 2989 2084 3029 Absurdum
2104 3008 2167 3045 per

1184 3051 1381 3089 absurdum
1395 3049 1541 3086 demum
1555 3047 1672 3085 solvit.
1690 3047 1782 3095 Quia
1798 3063 1881 3087 vero
1895 3050 1962 3088 hoe
1975 3051 2167 3091 obscurum

1186 3118 1250 3156 est,
1274 3122 1411 3146 necesse
1428 3115 1478 3144 est
1497 3105 1626 3143 clarius
1644 3119 1829 3157 exponere.
1850 3107 1948 3153 Quid
1966 3109 2076 3160 igitur
2093 3122 2163 3162 est,

1187 3166 1283 3218 quod
1310 3164 1424 3203 dicit?
1460 3163 1605 3203 Judaeos
1624 3164 1721 3200 Deus
1743 3163 1954 3203 honoravit:
1972 3167 2076 3206 illum
2098 3170 2168 3222 ipsi

1189 3222 1399 3262 contumelia
1426 3222 1629 3258 affecerunt.
1661 3220 1735 3257 Hoc
1753 3220 1804 3258 illi
1834 3222 2018 3262 victoriam
2037 3237 2164 3278 parat,

1190 3293 1221 3320 ct
1242 3294 1407 3332 maguam
1432 3280 1506 3331 ejus
1533 3277 1786 3329 benignitatem
1813 3279 2041 3332 demonstrat,
2073 3286 2169 3336 quod

89 2451 149 2488 καὶ
170 2450 226 2488 τὸν
246 2451 424 2502 προφήτην
458 2450 620 2502 εἰσήγαγε
641 2451 773 2495 τούτοις
792 2451 1023 2503 ψηφιζόμενον
1051 2452 1110 2490 καὶ

91 2511 254 2561 λέγοντα·
275 2510 401 2554 ϋΟπως
434 2511 473 2548 ἂν
494 2513 680 2563 ’δικαιωθῇς
711 2513 745 2549 ἓν
780 2518 851 2554 τοῖς
879 2513 993 2563 λόγοις
1025 2528 1108 2560 σου,

93 2572 152 2609 καὶ
173 2571 317 2622 νικήσῃς
342 2574 375 2609 ἐν
394 2574 444 2623 τῷ
470 2572 644 2622 κρίνεσθαί
670 2588 718 2610 σε.
747 2573 858 2615 Αὐτὸς
887 2573 948 2623 μὲν
975 2573 1043 2625 γὰρ
1066 2574 1110 2611 τὰ

94 2633 176 2682 παρ’
205 2633 323 2669 ἑαυτοῦ
351 2631 467 2669 πάντα
497 2631 668 2679 ἐποίησεν,
699 2634 822 2671 ἐκεῖνοι
842 2633 877 2670 δὲ
898 2633 972 2672 οὐδὲ
1004 2634 1111 2678 οὕτως

94 2690 248 2740 ἐγένοντο
276 2690 443 2742 βελτίους.
476 2685 567 2729 Εἶτα
597 2693 636 2729 ἐκ
668 2693 787 2730 τούτου
816 2693 921 2731 πάλιν
940 2694 1110 2732 ἀντίθεσιν

95 2751 214 2802 ἑτέραν
234 2751 494 2790 ἀνακύπτουσαν
520 2754 567 2796 εἷς
587 2753 690 2802 μέσον
711 2753 804 2804 ἄγει,
834 2753 895 2792 καί
922 2769 1044 2806 φησιν·
1067 2756 1111 2792 Εἰ

76 2883 257 2934 ἐροῦμεν,
288 2882 335 2933 μὴ
367 2883 483 2927 ἄδικος
500 2887 517 2922 ὃ
536 2884 625 2928 Θεὸς
648 2888 665 2922 ὃ
692 2885 862 2938 ἐπιφέρων
890 2886 953 2933 τὴν
983 2887 1111 2938 ὂργήν;

95 2947 184 2985 κατὰ
216 2949 392 3000 ἄνθρωπον
419 2949 521 3000 λέγω.
551 2949 613 2997 Μὴ
641 2950 784 3002 γένοιτο.
818 2950 964 3003 Ἄτοπον
991 2952 1110 3003 ἀτόπῳ

95 3011 168 3050 λύει
183 3013 315 3051 λοιπόν.
330 3013 475 3062 Ἐπειδὴ
494 3014 528 3053 δὲ
546 3020 646 3055 τοῦτο
662 3017 806 3069 ἀσαφὲς,
825 3021 1011 3070 ἀναγκαῖον
1028 3018 1111 3056 αὐτὸ

98 3079 304 3131 σαφέστερον
323 3083 443 3119 εἰπεῖν.
471 3081 518 3119 Τί
543 3076 599 3120 οῧν
633 3086 738 3132 ἐστιν,
757 3084 778 3122 δ’
795 3101 919 3137 φησιν,
941 3084 1111 3136 Ἐτίμησε

98 3143 174 3186 τοὺς
191 3145 373 3188 Ἰουδαίους
394 3148 411 3182 ὃ
430 3146 538 3192 Θεὸς,
556 3148 700 3200 ῧὸρισαν
725 3150 825 3188 αὐτὸν
847 3153 981 3188 ἐκεῖνοι.
999 3152 1114 3188 Τοῦτο

103 3211 201 3248 αὐτὸν
223 3215 312 3247 ποιεῖ
334 3213 493 3258 νικῆσαι,
517 3214 576 3250 καὶ
595 3215 727 3261 πολλὴν
749 3218 853 3254 αὐτοῦ
879 3216 1030 3254 δείκνυσι
1051 3217 1112 3263 τὴν

101 3277 371 3328 φιλανθρωπίαν,
389 3277 441 3315 ὅτι
455 3279 514 3315 καὶ
530 3280 699 3324 τοιούτους
715 3282 814 3325 ὄντας
828 3283 1004 3332 ἐτίμησεν.
1022 3285 1112 3321 Οὐκ-

157 3383 170 3403 ”
197 3380 243 3411 ΑΙ.
265 3390 301 3424 τῇ
316 3386 530 3426 φ;).ανορωπὶα.

149 3443 157 3456 τ
186 3435 193 3473 ί
209 3435 244 3462 Α.
273 3442 435 3475 ’βήμεναι
455 3442 486 3466 ct
502 3446 576 3467 mcx
596 3443 726 3477 γινέσθω,
744 3446 777 3470 ut
806 3439 891 3471 Edd.
919 3440 1002 3475 ubl.
1024 3440 1117 3474 Idem

1186 3390 1267 3421 insi-a
1287 3394 1300 3422 ὃ
1321 3392 1348 3422 δὲ
1369 3393 1408 3427 λ,
1428 3390 1507 3421 τοῦτ’
1527 3387 1636 3427 ierem]
