2502 3810
684 257 726 287 IN
764 256 876 286 ACTA
915 252 1250 285 APOSTOLORUM.
1289 252 1443 283 HOMIL.
1481 253 1572 282 XLI.
2063 231 2146 278 33¹1

95 335 334 386 δαιμονώντων
374 342 490 388 χεῖρον
526 336 727 387 διακείμεθα
768 338 799 374 οἱ
840 335 1105 388 ἁμαρτάνοντες.
1179 333 1290 370 multo
1320 332 1474 370 deterius
1501 331 1616 370 affecti
1645 343 1767 369 sumus
1798 343 1904 381 quam
1933 327 2155 365 daemoniaci.

93 393 184 432 Ἀλλ’
205 394 257 432 ὅτι
273 398 332 433 οὐκ
351 396 549 449 ἀφρίζομεν,
566 396 640 434 οὐδὲ
660 396 908 448 διαστρέφομεν
926 395 988 437 τὰς
1004 394 1107 445 κόρας
1178 392 1250 431 Sed
1277 406 1345 430 non
1374 406 1593 444 spumamus,
1627 406 1689 429 nee
1715 390 1868 443 pupillas
1897 388 2158 438 distorquemus

92 454 168 492 οὐδὲ
193 454 254 498 τὰς
273 461 413 507 χεῖρας,
435 456 518 494 Εἴθε
538 458 572 493 ἐν
589 460 638 506 τῷ
656 456 793 507 σώματι
814 460 915 494 τοῦτο
934 454 1107 507 ἐπράττο-
1177 454 1234 492 vel
1254 468 1378 491 manus
1397 454 1414 491 Ρ
1436 454 1582 492 Utinam
1604 453 1673 491 hoe
1705 453 1740 489 in
1768 465 1912 503 corpore
1941 458 2156 502 pateremur,

94 529 169 563 μεν,
185 514 243 551 καὶ
260 515 307 564 μὴ
326 517 359 552 ἐν
374 519 416 567 τῇ
432 518 541 567 ψυχῇ.
558 517 680 554 Βούλει
695 532 748 553 σοι
763 516 859 560 δείξω
874 514 988 567 ψυχὴν
1005 513 1107 566 ἀφρί-
1131 521 1155 551 Ε
1180 528 1247 552 non
1268 514 1302 551 in
1317 515 1444 552 anima.
1458 515 1526 553 Vis
1538 514 1602 551 tihi
1618 512 1801 551 ostendam
1816 511 1970 549 animam
1986 523 2159 561 spuman-

93 575 216 616 ζουσαν
234 575 442 626 ἀκάθαρτον,
454 577 513 613 καὶ
532 575 739 628 διαστροφὴν
756 575 923 626 ὀμμάτων
941 574 1109 619 διανοίας;
1179 582 1264 623 tem,
1285 574 1476 625 impuram,
1490 583 1524 611 et
1537 573 1704 611 distortos
1724 572 1843 610 oculos
1860 571 1986 608 mentis
2001 570 2018 607 ἶ)
2034 569 2159 619 Cogita

94 633 278 681 Ἐννόησον
295 636 371 679 τοὺς
399 637 638 688 ὀργιζομένους
666 637 725 675 καὶ
757 636 942 686 μεθύοντας
960 635 1027 672 ὑπὸ
1049 638 1108 671 τοῦ
1179 632 1286 671 iratos
1305 643 1337 671 et
1356 634 1474 670 furore
1489 633 1616 679 ebrios,
1635 647 1703 683 qua
1716 646 1841 683 spuma
1859 645 1928 668 non
1945 629 2160 667 immundio-
2189 677 2194 681 .

93 698 217 744 θυμοῦ,
238 696 344 734 πόσου
377 700 484 750 ἀφροῦ
518 699 578 736 οὐκ
610 697 871 749 ἀκαθαρτότερα
901 695 1108 733 ἐκὸάλλουσι
1177 707 1216 729 ra
1231 693 1413 743 proferunt
1427 693 1533 730 verba
1552 693 1569 729 Ξ)
1598 693 1756 729 Profecto
1775 691 1872 741 quasi
1893 689 2057 727 foetidum
2076 703 2159 740 spu-

94 754 254 805 ῥήματα;
273 755 409 801 Ὄντως
428 757 546 809 ὥσπερ
566 757 701 803 δυσώδη
726 757 838 794 σίελον
866 755 1106 798 ἀποὸλύζουσι.
1178 763 1255 790 tum
1274 753 1450 790 emittunt.
1472 753 1517 789 Et
1533 753 1623 790 sicut
1637 753 1689 788 illi
1712 753 1851 788 nullum
1864 766 1907 789 ex
1927 751 2160 802 praesentibus

93 816 164 852 Καὶ
185 816 342 867 καθάπερ
363 819 484 855 ἐκεῖνοι
501 817 621 855 οὐδένα
640 816 736 854 ἴσασι
754 819 823 853 τῶν
840 815 1033 866 παρόντων,
1053 813 1109 850 οὔ·
1176 822 1318 860 norunt,
1337 813 1389 850 sie
1403 826 1514 862 neque
1536 812 1587 849 hi.
1621 812 1859 848 Obtenebrata
1891 811 1985 848 enim
2016 812 2160 848 illorum

93 891 159 917 τως
177 876 252 914 οὐδὲ
272 871 376 915 οὗτοι.
396 877 644 922 Σκοτισθείσης
662 877 729 926 γὰρ
750 877 862 917 αὐτοῖς
881 879 943 920 τῆς
959 872 1109 915 διανοίας
1177 881 1292 908 mente
1313 881 1346 908 et
1358 871 1515 908 distortis
1534 871 1657 917 oculis,
1670 884 1740 907 non
1763 871 1932 919 amicum,
1956 885 2023 907 non
2042 870 2162 907 inimi-

91 935 151 972 καὶ
183 937 460 989 διαστραφέντων
498 939 565 973 τῶν
602 936 801 986 ὀφθαλμῶν,
836 935 873 970 οὐ
909 932 1018 984 φίλον,
1047 933 1109 967 οὐκ
1178 944 1272 978 cum,
1295 945 1365 968 non
1396 930 1649 977 venerabilem,
1670 944 1739 967 non
1777 929 2057 980 despiciendum,
2101 930 2162 966 sed

91 994 225 1047 ἐχθρὸν,
256 997 316 1034 οὐκ
344 995 533 1045 αἰδέσιμον,
568 996 628 1032 οὐκ
669 992 978 1045 εὐκαταφρόνητον,
1019 988 1109 1028 ἀλλὰ
1179 1004 1299 1027 omnes
1317 1004 1388 1027 uno
1403 990 1532 1027 intuitu
1547 998 1707 1028 cernunt.
1727 991 1807 1027 Non
1823 989 1922 1026 vides
1941 989 2006 1025 hos
2015 998 2163 1025 tremere

91 1055 225 1097 πάντας
244 1057 362 1097 ἁπλῶς
381 1058 516 1107 ὁρῶσιν.
538 1055 617 1104 Οὐχ
635 1057 716 1105 ὁρᾷς
734 1051 856 1096 αὐτοὺς
875 1052 934 1090 καὶ
957 1050 1108 1101 τρέμον-
1122 1079 1168 1103 315
1178 1048 1269 1086 sicut
1280 1049 1388 1087 illos?
1401 1050 1472 1088 Sed
1483 1062 1551 1086 non
1566 1048 1746 1086 cadumin
1763 1048 1920 1085 terram?
1936 1049 2074 1086 Verum
2086 1048 2162 1084 ani-

90 1130 151 1157 τας
166 1115 321 1166 καθάπερ
337 1114 502 1159 ἕκείνους;
519 1113 608 1151 Ἀλλ’
626 1115 662 1150 οὐ
680 1112 845 1150 πίπτουσι
858 1109 1110 1164 χαμαί5Ἀλλὰ
1134 1116 1159 1144 A
1179 1123 1236 1147 ma
1250 1123 1371 1147 eorum
1390 1110 1492 1147 humi
1508 1110 1600 1161 jacet
1613 1119 1646 1147 et
1663 1109 1757 1147 cadit
1781 1109 1959 1161 palpitans
1975 1124 1982 1144 ε
2003 1109 2033 1145 si
2067 1108 2162 1146 enim

89 1177 110 1219 ἡ
130 1175 223 1226 ψυχὴ
244 1176 355 1212 αὐτῶν
375 1174 490 1226 χαμαὶ
509 1179 622 1211 κεῖται
641 1172 700 1210 καὶ
712 1172 832 1210 πίπτει
849 1171 1058 1224 σπαίρουσα·
1080 1173 1110 1209 εἷ
1179 1178 1272 1207 recta
1290 1179 1396 1207 staret
1415 1200 1427 1220 ,
1464 1183 1534 1207 non
1551 1178 1729 1221 pateretur
1753 1169 1815 1205 illa
1831 1182 1908 1219 quae
1920 1168 2067 1220 patitur.
2085 1170 2161 1205 An—

90 1235 157 1287 γὰρ
173 1235 256 1287 ὀρθὴ
277 1235 430 1281 εἱστήκει
443 1264 452 1281 ,
468 1236 528 1271 οὐκ
546 1233 585 1270 ἂν
600 1233 723 1271 ἔπαθεν
741 1235 853 1270 ἐκεῖνα
867 1233 955 1283 ἅπερ
967 1232 1105 1270 ἔπαθεν.
1178 1243 1247 1267 non
1260 1230 1426 1269 videntur
1438 1230 1504 1267 tihi
1522 1230 1666 1281 abjectae
1678 1244 1751 1267 esse
1763 1229 1904 1278 animae,
1919 1243 1996 1278 quae
2012 1228 2162 1279 vigilan-

88 1294 139 1333 Ἢ
154 1298 190 1334 οὗ
215 1297 306 1333 δοκεῖ
335 1311 388 1334 σοι
419 1294 730 1345 καταὸεὸλημένης
762 1288 849 1331 εἶναι
885 1296 997 1345 ψυχῆς
1011 1324 1020 1341 ,
1050 1293 1109 1331 καὶ
1178 1290 1265 1328 tiam
1285 1305 1386 1328 suam
1400 1291 1607 1343 perdiderit,
1623 1305 1662 1328 ea
1678 1305 1756 1341 quae
1771 1290 1826 1327 illi
1846 1290 1969 1327 dieunt
1985 1298 2017 1327 et
2029 1289 2163 1326 faciunt

88 1355 150 1402 τὴν
177 1356 304 1394 οἰκείαν
324 1358 425 1407 νῆψιν
447 1360 461 1376 ³
476 1355 756 1399 ἀπολωλεκυίας,
771 1355 830 1392 καὶ
847 1354 869 1391 ἃ
887 1357 1024 1392 ποιοῦσι
1050 1353 1110 1391 καὶ
1178 1351 1297 1388 animo
1316 1352 1407 1389 ebrii
1422 1353 1438 1389 Ξ)
1456 1352 1521 1389 Est
1536 1361 1569 1389 et
1592 1351 1691 1388 aliud
1715 1350 1845 1388 furoris
1868 1364 1977 1401 genus
1995 1350 2063 1387 hoc
2078 1364 2160 1401 gra-

89 1417 226 1468 λέγουσι
245 1417 423 1467 μεθύοντες
442 1420 492 1470 τῷ
517 1420 614 1469 θυμῷ
639 1433 649 1464 ;
667 1416 771 1455 Ἔστι
787 1432 821 1453 τι
834 1416 893 1453 καὶ
909 1415 1024 1467 ἕτερον
1041 1431 1109 1466 μα·
1177 1413 1270 1452 vius.
1285 1414 1476 1460 Quodnam
1493 1413 1584 1451 illud
1602 1414 1618 1451 ‚⁰
1635 1412 1788 1461 Quando
1802 1412 2013 1462 nequeiram
2028 1412 2162 1450 remitti

89 1477 165 1521 νίας
197 1472 282 1520 εἶδος
319 1477 440 1516 τούτου
475 1477 735 1529 χαλεπώτερον.
765 1479 872 1515 Ποῖον
911 1476 951 1523 δὴ
985 1480 1108 1524 τοῦτο,
1178 1474 1372 1525 sustinent,
1397 1475 1457 1513 sed
1471 1474 1568 1527 apud
1592 1489 1628 1512 se
1648 1475 1770 1524 alunt,
1791 1473 1894 1524 quasi
1927 1473 2163 1511 domesticum

86 1536 200 1576 ‘'va
217 1538 304 1589 μηδὲ
327 1542 463 1590 ἀφεῖναι
481 1538 544 1585 τὴν
565 1538 669 1591 ὀργὴν
691 1538 905 1589 ἀνέχωνται,
924 1537 1012 1576 ἀλλὰ
1031 1538 1106 1591 τρέ-
1177 1535 1383 1572 carnificem
1410 1534 1606 1572 ulciscendi
1619 1549 1655 1572 se
1683 1534 1931 1586 cupiditatem.
1952 1533 2036 1571 Illos
2068 1533 2162 1570 enim

87 1613 177 1649 φωσι
193 1601 276 1650 παρ’
299 1601 431 1642 ἑαυτοῖς
447 1600 616 1637 οἰκειακὸν
631 1599 788 1650 καθάπερ
807 1599 885 1636 τινὰ
904 1598 1026 1649 δήμιον
1043 1598 1105 1646 τὴν
1176 1597 1309 1648 primos
1322 1597 1399 1634 haec
1417 1596 1595 1648 cupiditas
1610 1596 1670 1633 hic
1682 1595 1811 1647 perdit,
1825 1603 1863 1631 ut
1877 1595 1998 1631 futura
2018 1603 2162 1645 praeter-

88 1659 334 1709 μνησικακίαν.
358 1659 491 1702 Αὐτοὺς
509 1660 577 1712 γὰρ
596 1659 753 1711 πρώτους
772 1659 944 1697 ἀπόλλυσι
961 1659 999 1697 τὸ
1016 1676 1104 1710 μνη·
1172 1671 1263 1696 eam.
1294 1659 1387 1695 Nam
1413 1666 1587 1708 quantum
1619 1666 1723 1709 putas
1754 1670 1828 1693 esse
1858 1664 2072 1692 tormentum
2099 1655 2163 1692 ho-

87 1726 241 1758 σικακεῖν
263 1722 411 1759 ἐντεῦθεν
428 1721 513 1768 ἤδη,
530 1720 586 1758 ἵνα
600 1720 644 1758 τὰ
665 1721 835 1770 με’)λοντα
850 1724 964 1772 παρῶ.
984 1721 1105 1768 Πόσην
1176 1718 1283 1756 minis
1302 1718 1420 1756 animo
1439 1717 1609 1770 perculsi,
1633 1716 1783 1767 singulis
1796 1715 1924 1753 diebus
1940 1715 2157 1764 meditantis,

86 1779 154 1831 γὰρ
173 1781 236 1818 οἴει
256 1780 403 1831 βάσανον
415 1776 502 1819 εἶναι
521 1780 692 1833 ἀνθρώπῳ
707 1780 942 1832 πεπληγμένῳ
957 1781 1020 1828 τὴν
1039 1785 1105 1834 ψυ-
1177 1793 1245 1828 quo
1265 1787 1367 1830 pacto
1392 1778 1578 1816 inimicum
1608 1776 1833 1815 ulciscatur?
1855 1776 1975 1813 Primo
2003 1775 2161 1826 seipsum

87 1840 167 1892 χὴν,
184 1844 260 1879 καθ’
282 1842 432 1888 ἑκάστην
452 1841 586 1894 ἡμέραν
611 1845 796 1880 σκοποῦντι
821 1842 913 1886 ὅπως
929 1842 1105 1892 ἀμύνηται
1129 1844 1152 1873 Β
1174 1840 1291 1891 punit,
1314 1849 1347 1877 et
1366 1840 1528 1877 inflatum
1542 1839 1676 1891 plectit,
1693 1847 1813 1875 contra
1830 1836 2158 1887 seipsumpugnans

85 1902 143 1940 τὸν
159 1903 300 1955 ἐχθρόν;
320 1902 496 1955 Πρότερον
519 1902 640 1940 ἑαυτὸν
661 1902 799 1946 κολάζει
821 1906 839 1940 ὁ
858 1908 1024 1950 τοιοῦτος,
1045 1904 1105 1942 καὶ
1173 1900 1389 1937 etincensus.
1410 1902 1557 1938 Necesse
1574 1899 1669 1936 enim
1691 1908 1740 1936 est
1757 1898 1877 1948 ignem
1905 1910 2043 1948 semper
2059 1896 2096 1933 in
2127 1906 2160 1934 te

86 1970 293 2016 τιμωρεῖται
319 1964 490 2010 οἰδαίνων,
509 1963 594 2015 πρὸς
614 1962 732 2002 ἑαυτὸν
760 1963 974 2014 μαχόμενος,
995 1967 1104 2014 ε’μπυ.
1175 1960 1296 1997 ardere
1310 1969 1363 1998 :et
1377 1960 1505 1998 febrim
1520 1970 1658 1997 tantum
1680 1958 1879 2006 intendens,
1898 1971 1967 1994 non
1986 1958 2073 1994 sinis
2092 1957 2160 1994 de-

88 2025 274 2076 ριζόμενος,
291 2024 439 2075 Ἀνάγκη
460 2023 524 2075 γὰρ
550 2023 737 2066 διαπαντὸς
755 2024 915 2062 καίεσθαι
933 2024 1030 2075 παρὰ
1052 2025 1105 2063 σοὶ
1176 2034 1340 2070 crescere,
1362 2030 1533 2072 putasque
1552 2030 1585 2058 te
1604 2020 1659 2057 illi
1675 2019 1809 2056 malum
1829 2018 1974 2066 inferre,
1995 2017 2069 2069 ipse
2099 2032 2162 2055 ve-

85 2083 125 2121 τὸ
144 2088 212 2137 πῦρ
225 2099 233 2106 ·
250 2084 308 2121 καὶ
325 2084 384 2121 τὸν
404 2084 548 2135 πυρετὸν
573 2084 630 2121 ἐπὶ
654 2089 813 2122 τοσοῦτον
848 2084 1019 2131 ἐκτείνων,
1044 2087 1105 2122 οὐκ
1176 2096 1216 2119 ro
1236 2082 1389 2133 teipsum
1409 2082 1588 2131 tabefaeis,
1620 2081 1800 2118 flammam
1821 2093 1956 2130 semper
1983 2079 2162 2130 vigentem

87 2144 190 2196 ἀφίης
217 2145 470 2196 παρακμάσαι,
503 2145 561 2182 καὶ
590 2144 736 2194 νομίζεις
769 2145 890 2197 ἐκείνῳ
919 2145 1049 2183 διδόναι
1071 2162 1105 2183 τι
1177 2151 1329 2192 gestans,
1346 2156 1408 2180 nee
1427 2142 1543 2179 sinens
1562 2142 1718 2178 animam
1740 2140 1930 2190 quiescere,
1957 2139 2019 2176 sed
2036 2140 2162 2177 effera-

84 2206 190 2244 κακὸν
203 2236 212 2253 ,
232 2206 332 2250 αὐτὸς
349 2206 383 2244 δὲ
402 2206 541 2244 σεαυτὸν
555 2205 691 2253 τήκεις,
707 2207 891 2249 διαπαντὸς
909 2204 972 2251 τὴν
996 2206 1106 2257 φλόγα
1177 2211 1233 2241 tus
1255 2217 1404 2254 semper,
1424 2212 1456 2240 et
1478 2203 1515 2240 in
1537 2201 1784 2254 pertubatione
1805 2209 1838 2238 et
1850 2209 2054 2252 tempestate
2070 2215 2163 2238 men.

86 2267 306 2316 ἀκμοίζουσαν
338 2266 462 2319 φέρων,
483 2265 543 2303 καὶ
575 2265 878 2303 διαναπαύσασθαι
903 2265 965 2311 τὴν
988 2265 1106 2318 ψυχὴν
1176 2271 1248 2301 tem
1266 2264 1428 2302 retinens.

84 2329 148 2365 οὐκ
166 2329 243 2375 ἐῶν,
264 2329 340 2365 ἀλλ’
368 2326 631 2378 ἕκθηριούμενος
650 2326 724 2374 ἀεὶ,
739 2325 798 2363 καὶ
821 2327 856 2363 ἐν
876 2330 1014 2379 ταραχῇ
1046 2327 1105 2365 καὶ

84 2389 119 2425 ἐν
138 2391 288 2439 χειμῶνι
303 2388 360 2426 τὸν
380 2385 547 2438 λογισμὸν
570 2386 674 2438 ἔχων.

136 2449 184 2487 Τί
201 2448 330 2495 ταύτης
344 2446 588 2500 χαλεπώτερον
599 2450 661 2493 τῆς
678 2445 803 2497 μανίας
816 2477 825 2494 ,
847 2448 1031 2492 διαπαντὸς
1045 2451 1105 2487 λυ-
1231 2448 1265 2486 5.
1289 2447 1389 2496 Quid
1406 2447 1475 2485 hoc
1494 2448 1612 2484 furore
1632 2445 1802 2494 deterius,
1826 2459 1962 2497 semper
1989 2444 2037 2482 ita
2063 2444 2162 2482 dole-

83 2513 222 2547 πεῖσθαι
242 2510 301 2547 καὶ
323 2510 424 2546 οἰδεῖν
447 2508 506 2545 καὶ
526 2507 769 2559 φλεγμαίνειν,
787 2510 958 2546 Τοιαῦται
979 2509 1046 2561 γὰρ
1069 2512 1104 2547 αἱ
1128 2507 1153 2537 C
1174 2522 1236 2559 re,
1265 2509 1403 2558 inflari,
1433 2508 1582 2545 ardere?
1601 2507 1708 2544 Tales
1727 2506 1820 2544 enim
1851 2515 1933 2543 sunt
1967 2506 2164 2543 vindictam

83 2572 152 2606 τῶν
170 2569 394 2618 μνησικάκων
414 2567 524 2619 ψυχαί
540 2583 547 2590 ·
573 2568 653 2605 ἔνθα
668 2567 707 2604 ἂν
730 2567 847 2606 ἴδωσιν
867 2569 903 2607 ὃν
924 2569 1104 2619 βούλονται
1174 2570 1424 2608 meditantium
1455 2569 1580 2606 animae
1607 2583 1615 2603 :
1643 2567 1705 2604 ubi
1739 2566 1895 2605 viderint
1927 2581 2008 2603 eum
2024 2597 2034 2615 ,
2058 2581 2163 2616 quem

84 2629 300 2679 ἀμύνασθαι,
328 2629 449 2672 εὐθέως
470 2627 674 2679 ἐπλήγησαν
688 2644 695 2651 ·
717 2628 755 2666 ἂν
772 2632 887 2680 φωνῆς
906 2630 1103 2678 ἀκούσωσι,
1173 2631 1297 2669 ulcisci
1318 2631 1482 2682 cupiunt,
1502 2630 1620 2667 statim
1645 2628 1884 2675 concitantur;
1901 2627 1930 2664 si
1949 2640 2072 2664 vocem
2093 2641 2162 2663 au-

83 2690 286 2737 κατέπεσον,
311 2689 514 2741 τρέμουσιν·
551 2687 589 2725 ἂν
623 2688 679 2727 ἐπὶ
708 2688 827 2736 κλίνης
858 2684 947 2738 ὦσι,
978 2691 1104 2743 μυρίας
1173 2691 1318 2740 dierint,
1335 2691 1520 2737 decidunt,
1537 2697 1716 2737 tremunt,
1734 2688 1763 2725 si
1781 2687 1817 2724 in
1832 2687 1922 2724 lecto
1936 2686 2162 2734 decumbant,

82 2754 215 2794 ἑαυτοῖς
234 2751 472 2803 ὓπογρᾶφῦυσῑ
489 2748 680 2801 τιμωρίας,
700 2752 932 2803 ἀναρτῶντες,
954 2752 1103 2803 βασανί-
1175 2752 1272 2789 mille
1291 2751 1359 2788 sibi
1389 2750 1588 2802 depingunt
1609 2748 1754 2785 ultionis
1782 2761 1923 2798 genera,
1941 2746 2162 2797 suspenden—

82 2814 196 2856 ζοντες
215 2814 341 2853 ἐκεῖνον
370 2811 427 2849 τὸν
449 2811 589 2862 ἐχθρόν·
622 2810 708 2861 πρὸς
736 2810 772 2848 δὲ
802 2811 951 2858 τούτοις,
978 2812 1017 2849 ἂν
1044 2813 1103 2850 καὶ
1173 2821 1239 2862 tes,
1258 2821 1457 2862 torquentes
1478 2810 1663 2848 inimicum
1685 2809 1788 2846 illum
1806 2807 1873 2845 :ad
1892 2808 1980 2856 haec,
2001 2807 2030 2844 si
2058 2806 2162 2845 illum

84 2874 330 2923 εὐδοκιμοῦντα
349 2872 473 2919 ἴδωσι,
495 2870 601 2922 βαδαὶ
619 2873 682 2915 τῆς
695 2870 876 2922 τιμωρίας.
891 2872 991 2924 Ἄφες
1011 2876 1103 2926 αὐτῷ
1174 2873 1312 2911 clarum
1338 2882 1371 2910 et
1403 2871 1636 2923 conspicuum
1664 2869 1835 2918 viderint,
1855 2883 1969 2920 papae,
1991 2877 2163 2918 quantum

82 2933 121 2971 τὸ
147 2933 358 2985 ἁμάρτημα,
389 2932 448 2970 καὶ
472 2930 668 2974 ἀπάλλαξον
690 2931 815 2969 σαυτὸν
848 2935 911 2978 τῆς
934 2933 1101 2984 βασάνου.
1176 2932 1416 2986 supplicium!
1437 2931 1586 2969 Dimitte
1613 2930 1667 2967 illi
1694 2938 1890 2981 peccatum,
1908 2938 2011 2978 teque
2039 2943 2059 2965 a
2086 2938 2160 2966 tor-

81 2993 129 3031 Τί
157 2993 270 3043 μένεις
297 2992 482 3039 διαπαντὸς
500 2991 746 3041 κολαζόμενος,
779 2990 835 3029 ἵνα
865 2994 992 3032 ἐκεῖνον
1011 2995 1102 3039 ἅπαξ
1174 3003 1291 3032 mento
1307 2993 1435 3031 exime.
1455 2993 1528 3029 Cur
1547 3004 1685 3042 semper
1701 2989 1877 3026 cruciatus
1891 3002 2107 3039 perseveras,
2125 2998 2164 3026 ut

81 3055 233 3105 κολάσῃς
260 3053 321 3091 καὶ
347 3053 532 3104 τιμωρήση
550 3069 557 3097 ;
585 3051 620 3088 τί
648 3052 914 3096 κατασκευάζεις
937 3052 1102 3094 1’ἑκτικὸν
1174 3055 1276 3092 illum
1297 3053 1403 3092 semel
1423 3051 1606 3090 ulciscaris
1633 3059 1667 3087 et
1691 3049 1847 3101 punias?
1863 3048 1953 3098 quid
1971 3063 2074 3100 paras
2096 3049 2164 3086 tibi

83 3117 200 3166 σαυτῷ
218 3113 375 3163 νόσημα,
405 3113 439 3151 τί
460 3112 666 3164 βουλόμενον
697 3113 946 3164 ἀπαλλαγῆναί
965 3129 1026 3152 σου
1045 3115 1103 3154 τὸν
1173 3116 1352 3153 hccticum
1385 3112 1575 3151 morbum?
1605 3125 1668 3148 eur
1691 3109 1850 3146 animum
1882 3118 1986 3145 tuum
2017 3109 2163 3146 liberari

83 3173 189 3224 θυμὸν
210 3174 390 3225 κατέχεις,
423 3175 523 3220 Μηδὲ
544 3172 666 3224 μέχρις
687 3174 836 3224 ἑσπέρας
860 3175 991 3223 μενέτω
1004 3206 1013 3222 ,
1033 3192 1101 3228 φη-
1126 3179 1151 3210 D
1174 3177 1352 3215 volentem
1365 3173 1591 3212 detinesE‘Ne
1611 3184 1718 3221 usque
1736 3169 1783 3206 ad
1801 3183 1986 3221 vesperam
2007 3179 2159 3220 maneat,
2178 3193 2284 3227 EVM,
2309 3191 2339 3231 4v

84 3234 150 3283 σὶν,
170 3237 187 3271 ὃ
206 3236 356 3278 Παῦλος.
391 3234 557 3286 Καθάπερ
587 3234 655 3286 γὰρ
686 3235 839 3281 τηκεδών
868 3251 919 3279 τις
940 3237 999 3274 καὶ
1021 3237 1102 3286 σὴς,
1175 3238 1293 3289 inquit
1306 3236 1450 3273 Paulus.
1468 3235 1571 3272 Sicut
1592 3232 1686 3270 enim
1705 3231 1801 3268 tabes
1822 3230 1984 3280 quaedam
2005 3240 2038 3269 et
2057 3231 2160 3280 tinea,
2177 3232 2227 3261 2⁶-

128 3348 141 3362 ³
166 3336 229 3368 Mil
253 3340 448 3374 ἀπολωλυίας·
1154 3340 1359 3384 spernenda,
1383 3347 1411 3372 te
1427 3338 1535 3370 mol-Lo
1563 3334 1779 3378 {abesae-‘erm

128 3391 144 3415 b
169 3386 314 3429 Quidam
333 3393 452 3426 ἐκτῆκον
467 3393 570 3422 ταυτὸν
585 3397 626 3432 τῷ
643 3396 803 3431 νοσήματι,
819 3401 890 3433 quae
908 3389 1004 3423 lectio
1021 3403 1088 3426 non
