2502 3810
689 213 732 242 IN
770 212 911 242 EPIST.

60 309 128 344 ροις
147 296 245 331 τοῦτο
260 291 444 341 δυνάμενον
459 297 666 345 παρασχεῖν.
684 287 774 330 Εἶτα
793 292 897 330 πάλιν
914 288 1071 341 ἐπισφίγ-

56 368 124 402 γων
146 353 200 390 τὸν
222 353 408 404 ἀκροατὴν,
421 353 514 403 λέγει
534 353 592 390 καὶ
611 353 673 399 τὴν
693 353 803 391 αἰτίαν
823 355 884 398 τῆς
905 353 993 397 ζωῆς
1013 347 1072 387 καὶ

954 209 1012 238 ΑΒ
1047 206 1156 237 ROM.

1197 206 1350 236 HOMlL.
1390 208 1485 237 xm.

2026 193 2121 255 629

1144 285 1205 323 bes
1220 286 1313 324 enim
1330 287 1366 324 in
1383 296 1416 324 te
1445 286 1570 332 vitam,
1593 300 1700 337 quam
1725 287 1823 324 nulla
1839 286 1990 338 excipiet
2009 301 2116 325 mors.

1146 345 1246 383 Talis
1274 346 1368 383 enim
1390 355 1440 384 est
1459 347 1615 398 Spiritus
1635 347 1729 385 vita:
1744 361 1813 384 non
1840 348 1916 398 jam
1935 348 2042 385 morti
2065 362 2120 386 ee-

56 413 117 459 τὴν
136 413 306 456 ἀπόδειξιν
321 428 328 436 ·
348 413 434 459 αὕτη
456 413 493 451 δέ
508 415 598 451 ἐστιν
614 417 635 460 ἡ
657 412 867 458 δικαιοσύνη.
882 409 1070 461 Ἁμαρτίας
1096 403 1120 433 C
1145 405 1209 454 dit,
1242 407 1302 444 sed
1323 408 1396 459 jam
1421 417 1570 445 mortem
1599 407 1776 445 consumit
1820 417 1853 445 et
1882 408 2062 460 expendit,
2089 417 2123 446 et

55 472 122 523 γὰρ
140 474 200 509 οὐκ
217 472 319 518 οὔσης
332 500 342 516 ,
357 472 433 509 οὐδὲ
451 473 593 515 θάνατος
610 472 787 524 φαίνεται·
802 471 947 509 θανάτου
965 469 1000 507 δὲ
1020 467 1068 518 μὴ

55 531 260 583 φαινομένου
275 561 284 577 ,
309 531 522 575 ἀκατάλυτος
542 532 625 577 ζωή.
646 533 691 569 Εἰ
718 532 753 569 δὲ
781 531 820 569 τὸ
838 532 987 579 Πνεῦμα
1009 532 1069 565 τοῦ

56 590 248 642 ἐγείραντος
264 591 398 637 Ἰησοῦν
417 594 456 628 ἐκ
474 595 604 642 νεκρῶν
622 593 707 629 οἰκεῖ
728 593 761 628 ἐν
787 593 879 640 ὑμῖν,
902 592 919 627 ὃ
937 588 1070 640 ἐγείρας

56 650 113 688 τὸν
133 650 261 702 Κύριον
291 652 496 698 ζωοποιήσει
514 652 573 689 καὶ
597 651 641 690 τὰ
661 650 768 696 θνητὰ
788 650 937 699 σώματα
957 650 1069 698 ὑμῶν,

55 710 112 748 διὰ
126 710 164 747 τὸ
179 713 326 749 ἐνοικοῦν
345 713 446 748 αὐτοῦ
463 713 611 761 Πνεῦμα
626 713 659 748 ἐν
677 714 769 761 ὑμῖν.
785 710 900 747 Πάλιν
916 709 973 746 τὸν
989 707 1069 758 περ).

55 774 116 817 τῆς
135 771 355 813 ἀναστάσεως
380 777 468 808 κινεῖ
498 770 611 821 λόγον,
644 769 762 815 ἐπειδὴ
798 769 882 815 αὕτη
916 768 1069 818 μάλιστα

54 830 112 868 τὸν
144 830 318 882 ἀκροατὴν
346 830 506 882 afflet-qaia
535 834 556 875 ἠ
578 831 692 874 ἐλπὶς,
714 829 774 866 καὶ
803 828 935 878 βεέαιοῖ
966 826 1066 864 αὐτὸν

56 891 124 928 ἀπὸ
141 892 208 928 τῶν
229 890 284 927 ἐπὶ
299 893 358 928 τοῦ
378 891 529 940 Χριστοῦ
547 890 767 940 συμὲάντων.
784 887 845 933 Μὴ
862 887 929 938 γὰρ
949 886 989 933 δὴ
1010 901 1068 937 φο-

55 950 182 1000 Εηθῇς,
210 949 325 1000 φησὶν,
354 949 407 987 ὅτι
428 949 545 1001 νεκρὸν
576 948 772 1001 περίκεισαι
796 950 916 1007 σῶμα·
944 945 1001 995 ἔχε
1028 944 1068 981 τὸ

54 1011 224 1058 Πνεῦμα,
243 1009 302 1046 καὶ
328 1008 562 1053 ἀναστήσεται
582 1007 732 1050 πάντως.
760 1006 807 1043 Τί
837 1009 918 1051 οὖν,
946 1004 989 1041 τὰ
1016 1003 1064 1054 μὴ

53 1069 179 1119 ἔχοντα
211 1069 357 1117 Πνεῦμα
393 1067 541 1117 σώματα
572 1069 633 1105 οὐκ
669 1066 869 1111 ἀνίσταται,
898 1063 957 1101 καὶ
994 1067 1068 1106 πῶς

53 1128 208 1170 ἅπαντας
242 1128 292 1164 δεῖ
322 1130 547 1178 παραστῆναι
571 1129 621 1177 τῷ
651 1126 784 1176 βήματι
809 1129 867 1163 τοῦ
896 1126 1067 1175 Χριστοῦ,

53 1189 126 1229 πῶς
144 1186 179 1224 δὲ
199 1190 216 1224 ὃ
234 1190 294 1232 τ’ῆς
311 1187 447 1237 γεέννης
465 1186 660 1229 ἀξιόπιστος
682 1185 781 1224 ἔσται
799 1184 920 1236 λόγος,
939 1186 981 1222 Εἰ
999 1183 1067 1235 γὰρ

52 1249 83 1285 οἱ
107 1246 153 1297 μὴ
180 1246 487 1298 ἔχοντες-Πνεῦμα
519 1248 579 1283 οὐκ
600 1245 825 1291 ἀνίστανται,
849 1244 925 1282 οὐδὲ
948 1244 1069 1294 γέεννα

52 1307 161 1345 ἔσται.
178 1306 225 1344 Τί
241 1301 298 1344 οῦν
317 1309 389 1344 ἐστι
408 1306 447 1344 τὸ
465 1306 669 1356 λεγόμενον;
688 1306 824 1348 Πάντες
838 1304 899 1354 μὲν
918 1304 1069 1350 ἀναστή-

52 1382 170 1404 σονται
184 1396 193 1412 ,
210 1369 246 1404 οὗ
261 1366 387 1409 πάντες
401 1366 435 1403 δὲ
453 1369 501 1408 εἷς
516 1366 618 1413 ζωὴν,
634 1367 708 1418 ἀλλ’
724 1367 753 1403 οἱ
773 1365 834 1415 μὲν
851 1366 897 1406 εἷς
912 1363 1067 1411 κόλασιν,

53 1429 84 1463 οἳ
100 1426 134 1464 δὲ
152 1428 199 1468 εἷς
216 1426 318 1472 ζωήν.
334 1427 402 1463 Διὰ
420 1430 519 1464 τοῦτο
538 1429 598 1464 οὐκ
617 1421 723 1470 εἶπεν,
742 1425 948 1471 ἀναστήσει,
966 1423 1068 1471 ἀλλὰ,

53 1486 291 1532 Ζωοποιήσει·
310 1486 327 1523 ὃ
346 1485 449 1524 πλέον
468 1490 530 1531 τῆς
551 1485 772 1527 ἀναστάσεως
786 1480 840 1531 ἦν,
857 1484 916 1522 καὶ
935 1489 1005 1527 τοῖς
1023 1485 1070 1520 δι-

52 1545 163 1588 καίοις
185 1546 300 1594 μόνοις
321 1545 569 1596 δεδωρημένον.
599 1544 668 1582 Καὶ
692 1543 755 1590 τὴν
777 1543 888 1580 αἰτίαν
917 1546 979 1588 τῆς
1009 1558 1067 1580 το-

53 1607 179 1652 σαύτης
198 1608 303 1655 τιμῆς
326 1606 450 1652 τιθεὶς,
472 1606 666 1657 προσέθηκε
694 1604 816 1655 λέγων,
838 1603 907 1641 Διὰ
926 1604 965 1641 τὸ
984 1604 1069 1641 ἐνοι-

52 1671 130 1704 κοῦν
153 1668 255 1704 αὐτοῦ
274 1667 422 1716 Πνεῦμα
442 1668 475 1703 ἐν
495 1669 587 1715 ὑμῖν.
609 1665 720 1702 ”Ωστε
741 1664 780 1700 ἂν
804 1663 982 1713 ἀπελάσῃς
1012 1664 1069 1700 ἐν-

51 1731 160 1764 ταῦθα
191 1726 237 1763 ὢν
271 1731 329 1764 τοῦ
349 1726 554 1776 Πνεύματος
575 1725 636 1771 τὴν
670 1725 786 1778 χάριν,
807 1724 867 1762 καὶ
897 1724 944 1774 μὴ
975 1723 1068 1775 σῴαν

52 1787 155 1834 αὐτὴν
176 1787 265 1838 ἔχων
289 1786 460 1836 ἀπέλθῃς,
493 1787 607 1837 ἀπολῇ
641 1786 798 1829 πάντως,
820 1785 883 1821 κᾶν
905 1786 1067 1835 ἀναστῇς.

50 1847 191 1898 Ἵὲσπερ
210 1847 276 1898 γὰρ
296 1850 357 1885 οὐκ
376 1848 554 1899 ἀνέχεται,
581 1847 620 1885 τὸ
636 1848 783 1893 Πνεῦμα
806 1848 909 1883 αὑτοῦ
929 1845 1067 1895 λάμπον

50 1911 138 1959 ὁρῶν
160 1909 194 1944 ἐν
211 1911 263 1944 σοὶ
282 1907 378 1954 τότε,
404 1908 545 1945 κολάσει
573 1923 610 1944 σε
637 1907 873 1959 παραδοῦναι,
901 1905 1009 1949 οὕτως
1028 1907 1065 1943 οὐ

50 1966 294 2012 καταδέξεται,
317 1967 522 2017 ἐσέεσμένον
547 1966 639 2014 ἰδὼν,
660 1969 706 2009 εἷς
724 1967 782 2004 τὸν
803 1967 968 2017 νυμφῶνα
994 1968 1066 2003 εἷσ-

51 2032 204 2077 αγαγεῖν,
231 2027 389 2078 καθάπερ
419 2026 494 2064 οὐδὲ
520 2027 580 2069 τὰς
609 2022 970 2077 παρθένους’ἐκείνας.
1003 2024 1064 2071 Μὴ

49 2086 159 2124 τοίνυν
180 2090 268 2139 ἀφῇς
288 2090 391 2132 ζῆσαι
407 2086 445 2124 τὸ
460 2090 562 2137 σῶμα
584 2090 654 2134 νῦν,
669 2086 724 2124 ἵνα
740 2086 817 2123 τότε
837 2086 924 2137 ζήσῃ
937 2101 944 2108 ·
965 2085 1067 2132 ποίη-

50 2162 107 2184 σον
130 2148 210 2185 αὐτὸ
230 2149 426 2194 ἀποθανεῖν,
446 2147 501 2184 ἵνα
519 2147 567 2196 μὴ
585 2147 753 2198 ἀποθάνῃ.
778 2145 863 2184 Ἐὰν
883 2145 949 2198 γὰρ
979 2146 1063 2195 με’νῃ

50 2209 128 2252 ζῶν,
145 2209 182 2244 οὖ
198 2207 355 2253 ζήσεται·
374 2208 432 2244 ἐὰν
448 2206 483 2244 Ρὲ
498 2206 667 2256 ἀποθάνῃ,
685 2206 764 2245 τότε
780 2206 933 2252 ζήσεται.
950 2208 1065 2244 Τοῦτο

48 2267 105 2304 καὶ
123 2268 180 2305 ἐπὶ
198 2270 260 2313 ’.ἧς
281 2268 502 2310 ἀναστάσεως
519 2267 650 2318 γίνεται
666 2271 728 2313 ez<
746 2267 893 2305 καθόλου
909 2282 916 2290 ·
936 2268 1062 2319 πρότε-

1078 2303 1126 2328 711

1144 464 1242 513 quod
1269 467 1415 518 accepit,
1444 466 1642 504 immortale
1659 477 1788 506 servat.
1822 467 2046 519 Quapropter
2059 467 2122 505 ubi

1143 523 1237 561 dixit
1255 539 1382 577 corpus
1395 536 1588 574 mortuum,
1615 541 1685 564 non
1703 527 1797 564 dixit
1807 527 1963 579 Spiritus
1983 528 2121 574 vivens,

1145 583 1205 621 sed
1221 584 1344 632 vitam,
1360 595 1397 623 ut
1411 586 1570 623 ostendat
1589 587 1690 623 illum
1703 587 1782 624 aliis
1798 601 1937 638 quoque
1950 588 2018 625 hoc
2033 602 2122 639 prae-

1143 643 1225 681 bere
1240 659 1349 696 posse.
1372 647 1508 683 Deinde
1527 646 1726 684 auditorem
1759 648 1991 699 adstringens,
2018 659 2051 685 et
2067 648 2122 685 vi-

1141 712 1186 740 tae
1205 717 1346 742 eausam
1362 705 1450 742 dicit
1479 715 1512 742 et
1530 706 1773 757 probationem
1801 708 1903 745 affert
1918 724 1925 744 :
1943 709 2020 746 haec
2037 723 2121 746 vero

1143 772 1193 799 est
1210 764 1360 813 justitia.
1384 766 1530 802 Peccato
1562 766 1655 803 enim
1688 780 1756 803 non
1779 768 1980 817 exsistente,
2011 783 2123 819 neque

1143 837 1237 861 mors
1269 835 1462 876 comparet3
1483 834 1596 862 morte
1620 839 1689 862 non
1713 837 1948 878 comparente,
1969 829 2122 867 indisso-

1142 882 1267 919 labilis
1287 892 1337 920 est
1365 883 1454 921 vita.
1487 886 1548 919 11.
1571 885 1681 932 Quod
1707 888 1741 921 si
1757 886 1919 935 Spiritus
1930 890 2025 938 ejus,
2056 892 2122 940 qui

1142 944 1341 978 suscitavit
1355 943 1489 979 Jeszcm
1507 957 1531 978 a
1555 946 1728 990 mortuis,
1752 946 1905 981 habitat
1925 949 1965 982 in
1977 949 2087 984 vohis
2109 964 2120 983 :

1142 1002 1210 1051 qui
1221 1004 1423 1038 suscitavit
1431 1003 1657 1051 Dominam,
1668 1004 1884 1055 vivificabit
1896 995 2124 1044 et‘mortalia.

1143 1073 1303 1111 corpora
1313 1070 1457 1108 vestra,
1473 1070 1627 1113 propter
1646 1064 1931 1100 inhabitantem
1947 1067 2028 1116 ejus
2050 1067 2125 1116 Spi-

1142 1123 1258 1158 ritum
1272 1124 1313 1158 in
1327 1124 1450 1160 vobis.
1460 1124 1596 1160 Rursus
1608 1137 1804 1162 sermonem
1814 1124 1859 1161 de
1869 1126 2123 1163 resurrectione

1142 1191 1260 1219 movet
1277 1198 1284 1218 ε
1303 1182 1386 1232 quia
1406 1182 1482 1234 ipsa
1499 1183 1655 1220 maxime
1664 1198 1741 1235 spes
1757 1184 1955 1223 auditorem
1974 1187 2078 1235 acuit,
2092 1197 2126 1224 et

1142 1241 1261 1278 firmat
1285 1241 1388 1278 illum
1407 1256 1451 1279 ex
1483 1242 1540 1290 iis,
1559 1257 1638 1292 quae
1666 1244 1809 1281 Christo
1838 1245 2053 1284 acciderunt.
2073 1248 2126 1285 Ne

1141 1300 1277 1350 timeas,
1297 1300 1428 1352 inquit,
1449 1302 1545 1352 quod
1556 1304 1697 1341 mortali
1716 1318 1860 1356 corpore
1873 1305 2123 1344 circumderis:

1142 1361 1317 1412 Spiritum
1336 1362 1478 1412 habeto,
1501 1372 1534 1400 et
1553 1364 1694 1401 omnino
1710 1375 1879 1416 resurget.
1899 1366 1999 1412 Quid
2016 1368 2125 1418 ergo?

1141 1435 1185 1457 an
1208 1435 1366 1473 corpora,
1391 1437 1469 1472 quae
1484 1423 1659 1474 Spiritum
1680 1439 1749 1462 non
1769 1426 1912 1474 habent,
1923 1441 1993 1464 non
2009 1441 2122 1465 resur-

1141 1481 1255 1530 gunt?
1270 1482 1447 1531 quomodo
1467 1497 1550 1533 ergo
1575 1494 1712 1535 oportet
1726 1499 1845 1523 omnes
1864 1486 1941 1523 sisti
1964 1496 2045 1524 ante
2062 1487 2123 1524 tri·
2138 1497 2228 1526 Ram.
2259 1500 2306 1538 14.

1140 1541 1250 1577 bunal
1265 1542 1427 1579 Christi?
1447 1544 1625 1592 quomodo
1645 1545 1811 1594 gehennae
1829 1560 1943 1584 sermo
1971 1547 2042 1585 fide
2068 1548 2122 1585 di·
2141 1546 2188 1566 ¹⁰·

1143 1615 1232 1652 gnus
1251 1602 1344 1639 erit?
1372 1604 1464 1640 Nam
1484 1603 1514 1640 si
1539 1604 1576 1652 ii,
1595 1605 1655 1654 qui
1682 1606 1857 1656 Spiritum
1889 1621 1959 1645 non
1981 1608 2123 1658 habent,

1139 1676 1209 1699 non
1239 1672 1439 1713 resurgunt,
1460 1678 1573 1713 neque
1604 1665 1761 1716 gehenna
1798 1677 1884 1705 erat.
1912 1668 2010 1713 Quid
2035 1682 2118 1719 ergo

1145 1723 1216 1760 sibi
1237 1724 1315 1761 vult
1334 1724 1427 1761 illud
1441 1724 1604 1762 dictum?
1619 1727 1751 1764 Omnes
1771 1728 1917 1777 quidem
1929 1740 2121 1781 resurgent,

1140 1783 1200 1820 sed
1215 1798 1285 1821 non
1300 1798 1418 1822 omnes
1436 1784 1482 1822 ad
1501 1785 1624 1834 vitam,
1653 1787 1715 1824 sed
1747 1788 1808 1824 alii
1826 1788 1873 1826 ad
1893 1790 2122 1841 supplicium,

1140 1843 1202 1880 alii
1215 1844 1259 1881 ad
1277 1844 1399 1883 vitam.
1419 1844 1502 1882 Ideo
1521 1860 1590 1882 non
1613 1845 1721 1896 dixit,
1741 1848 1949 1896 Suscitabit,
1975 1850 2038 1887 sed
2059 1853 2122 1888 Vi-

1144 1905 1337 1955 vificabit;
1358 1905 1452 1954 quod
1474 1907 1589 1958 majus
1618 1909 1872 1946 resurrectione
1893 1920 1980 1956 erat,
2023 1919 2055 1947 et
2065 1911 2123 1962 ju-

1140 1965 1204 2002 stis
1219 1966 1334 2002 solum
1360 1966 1479 2004 datur.
1500 1970 1614 2017 Atque
1640 1968 1788 2019 hujusce
1807 1968 1951 2007 honoris
1981 1985 2123 2008 eausam

1141 2036 1330 2074 apponens,
1362 2024 1518 2073 addidit,
1547 2027 1713 2077 Propter
1740 2029 2021 2066 inhabitantem
2040 2030 2122 2080 Spi-

1140 2088 1257 2120 rzt'um
1273 2086 1312 2120 ἱη
1327 2086 1456 2131 mobis.
1474 2085 1597 2134 Itaque
1606 2086 1634 2122 si
1648 2085 1735 2123 dum
1754 2087 1860 2135 vivis,
1873 2088 2028 2139 Spiritus
2044 2103 2123 2140 gra-

1139 2143 1226 2180 tiam
1250 2144 1404 2195 ejeceris,
1436 2159 1546 2195 neque
1564 2146 1664 2183 illam
1684 2147 1819 2184 salvam
1842 2148 1976 2185 habens
2005 2149 2122 2186 deces-

1141 2205 1242 2255 seris,
1260 2207 1402 2244 omnino
1418 2207 1567 2258 peribis,
1600 2209 1738 2246 etiamsi
1758 2211 2006 2247 resurrexeris.
2023 2211 2123 2248 Sicut

1142 2267 1248 2315 enim,
1265 2267 1353 2305 (lum
1365 2268 1540 2319 Spiritum
1554 2270 1702 2306 suumin
1716 2280 1749 2308 te
1763 2271 1949 2322 splendens
1962 2272 2119 2324 respicit,

50 2343 105 2380 ρον
121 2328 189 2380 γὰρ
205 2331 386 2366 ἀποθανεῖν
418 2329 499 2366 αὐτὸ
531 2330 580 2366 δεῖ
612 2329 671 2366 καὶ
699 2332 868 2379 ταφῆναι,
900 2328 959 2365 καὶ
986 2328 1064 2365 τότε
1088 2342 1115 2369 Α
1141 2342 1211 2365 non
1231 2337 1265 2365 te
1284 2328 1459 2380 supplicio
1479 2331 1844 2379 umquamtradittita
1864 2332 1893 2369 si
1910 2333 2122 2371 exstinctum

46 2388 203 2438 γενέσθαι
219 2388 401 2425 ἀθάνατον.
416 2390 530 2426 Τοῦτο
552 2389 612 2426 καὶ
634 2390 668 2425 ἐν
684 2392 733 2439 τῷ
752 2390 888 2440 λουτρῷ
910 2388 1044 2439 γέγονεν
1056 2404 1063 2411 ·

47 2447 245 2498 ἐσταυρώθη
278 2453 356 2499 γοῦν
381 2448 420 2486 τὸ
439 2448 605 2499 πρότερον
637 2448 697 2486 καὶ
731 2448 860 2500 ἐτάφη,
890 2449 950 2486 καὶ
987 2448 1065 2486 τότε

47 2505 190 2557 ἠγέρθη.
209 2509 322 2544 Τοῦτο
340 2507 399 2544 καὶ
426 2507 483 2545 ἐπὶ
507 2512 565 2546 τοῦ
595 2507 756 2559 σώματος
785 2513 844 2546 τοῦ
878 2514 1064 2560 κυριακοῦ·

48 2567 107 2604 καὶ
123 2567 189 2619 γὰρ
208 2567 266 2604 καὶ
285 2570 393 2606 ἐκεῖνο
417 2567 618 2620 ἐσταυρώθη
648 2568 707 2606 καὶ
734 2568 867 2620 ἐτάφη,
895 2569 957 2607 καὶ
987 2568 1064 2606 τότε

48 2626 189 2673 ἀνέστη.

94 3048 206 3084 Τοῦτο
228 3047 340 3084 τοίνυν
367 3047 427 3085 καὶ
455 3051 555 3098 ἡμεῖς
582 3050 749 3098 ποιῶμεν·
765 3047 822 3086 ἐπὶ
839 3051 918 3087 ,τῶν
953 3046 1062 3099 ἔργων

48 3108 157 3144 αὐτῶν
179 3108 342 3153 διηνεκῶς
371 3108 454 3146 αὐτὸ
477 3108 717 3160 νεκρώσωμεν.
737 3108 831 3159 Οὐχὶ
855 3107 916 3154 τὴν
944 3107 1062 3145 οὐσίαν

46 3166 147 3216 λέγω,
158 3166 206 3216 μὴ
220 3169 363 3217 γένοιτο,
382 3168 470 3206 ἀλλὰ
492 3168 553 3212 τὰς
571 3169 680 3219 ὁρμὰς
703 3169 765 3212 τὰς
792 3169 848 3206 ἐπὶ
870 3168 931 3211 τὰς
953 3183 1060 3215 πονη-

51 3226 109 3277 ρὰς
124 3225 264 3276 πράξεις
279 3227 348 3265 Καὶ
370 3228 436 3278 γὰρ
456 3228 514 3265 καὶ
533 3232 634 3266 τοῦτο
653 3228 736 3276 ζωὴ,
751 3230 881 3279 μᾶλλον
902 3228 936 3267 δὲ
964 3232 1065 3267 τοῦτο

92 3337 103 3350 ²
128 3332 242 3372 ἤλειφεν
256 3328 345 3371 MSS-3
361 3333 476 3374 εἴληφεν
493 3328 594 3361 Editi.

1140 2388 1243 2425 illum
1275 2389 1404 2438 videat,
1427 2403 1495 2427 non
1518 2399 1551 2427 te
1574 2391 1609 2427 in
1645 2391 1841 2429 thalamum
1874 2406 1979 2430 suum
2006 2394 2120 2431 intro-

1140 2448 1258 2495 ducet,
1276 2449 1365 2486 sicut
1382 2463 1445 2487 nee
1456 2450 1611 2500 virgines
1623 2450 1713 2489 illas.
1729 2453 1781 2489 Ne
1795 2452 1913 2502 itaque
1933 2467 2027 2491 nune
2047 2468 2122 2491 cor-

1138 2523 1206 2560 pus
1220 2508 1342 2547 vivere
1358 2509 1465 2556 sinas,
1486 2519 1524 2547 ut
1542 2520 1628 2548 tunc
1641 2511 1741 2549 vivat
1760 2513 1837 2549 :fac
1852 2513 1943 2550 illud
1958 2514 2060 2562 mori,
2079 2529 2124 2552 ne

1140 2577 1224 2605 tunc
1238 2569 1422 2606 moriatur.
1447 2569 1486 2606 Si
1505 2569 1630 2607 vivens
1649 2581 1799 2619 maneat,
1814 2585 1883 2609 non
1911 2582 1996 2610 tune
2010 2573 2122 2622 vivet;

1140 2627 1168 2665 si
1188 2628 1370 2677 moriatur,
1387 2638 1469 2666 tunc
1484 2629 1594 2668 vivet.
1612 2630 1687 2666 Hoc
1704 2631 1810 2668 etiam
1828 2632 1894 2669 erit
1911 2632 1948 2669 in
1965 2633 2025 2669 illa
2044 2634 2123 2670 uni-

1140 2703 1240 2727 versa
1261 2690 1480 2740 generatione
1497 2706 1505 2726 :
1524 2690 1625 2742 prius
1647 2691 1741 2728 enim
1766 2702 1904 2744 oportet
1921 2694 2013 2731 illud
2033 2696 2123 2732 mori

1139 2760 1172 2787 et
1197 2750 1350 2802 sepeliri,
1377 2760 1410 2787 et
1421 2760 1506 2788 tunc
1525 2751 1725 2789 immortale
1757 2753 1848 2790 fieri.
1871 2754 1947 2791 Hoc
1960 2755 2067 2793 etiam
2085 2756 2122 2793 in

1139 2810 1282 2847 lavacro
1300 2810 1435 2847 evenit:
1454 2811 1667 2848 crucifixum
1693 2812 1793 2863 prius
1811 2827 1852 2850 ac
1867 2814 2046 2865 sepultum
2056 2825 2121 2862 est,

1139 2878 1173 2906 et
1208 2879 1293 2907 tunc
1324 2870 1530 2907 resurrexit.
1567 2871 1643 2908 Hoc
1675 2881 1709 2908 et
1736 2872 1773 2909 in
1802 2873 1990 2911 Dominico
2018 2875 2125 2913 etiam

1138 2941 1284 2979 corpore
1304 2943 1311 2963 :
1336 2927 1552 2965 crucifixum
1571 2942 1723 2979 namque
1742 2929 1831 2967 illud
1856 2931 1924 2968 fuit
1951 2941 1983 2969 et
1997 2933 2122 2984 sepul-

1136 2994 1228 3034 tum,
1245 2994 1400 3035 tuncque
1420 2995 1627 3023 resurrexit.

1189 3048 1226 3084 9.
1245 3046 1321 3083 Hoc
1340 3047 1460 3096 itaque
1478 3056 1511 3083 et
1530 3060 1593 3084 nos
1612 3046 1783 3085 faciamus
1804 3063 1812 3083 :
1829 3049 1865 3085 in
1883 3048 1995 3100 ipsius
2010 3051 2123 3102 operi-

1135 3109 1202 3146 bus
1226 3117 1398 3160 perpetuo
1430 3108 1549 3159 ipsum
1573 3108 1838 3146 mortificemus.
1859 3111 1937 3147 Non
1960 3111 2123 3149 substan-

1137 3169 1223 3206 tiam
1239 3170 1313 3220 ejus
1332 3168 1428 3215 dico,
1448 3169 1551 3217 absit,
1573 3169 1637 3207 scd
1650 3170 1803 3221 impetus
1825 3171 1870 3209 ad
1890 3185 1999 3223 prava
2019 3186 2123 3224 opera

1136 3228 1318 3266 ducentes.
1341 3229 1433 3266 Nam
1445 3237 1478 3266 et
1491 3229 1558 3266 hoe
1572 3229 1646 3268 vita
1661 3238 1711 3267 est
1725 3244 1737 3279 3
1751 3229 1822 3268 imo
1837 3231 1904 3269 hoe
1922 3231 2038 3270 solum
2051 3232 2126 3272 vita

2142 1746 2167 1765 1.
2186 1736 2257 1765 Cor.
2273 1736 2319 1765 15⁴
