2502 3810
38 2731 147 2758 Nauh.
168 2739 198 2769 9.

37 2778 86 2798 22.

271 208 366 272 016

268 305 333 340 Dei
349 317 471 352 emere,
486 312 519 341 et
527 310 641 354 postea
660 316 703 339 ex
715 302 819 340 corde
827 304 1117 354 procumbentem
1129 307 1245 346 solvit.

267 356 426 405 Denique
440 356 569 391 multos
584 363 768 405 peccantes
779 368 841 391 nee
855 356 1062 406 poenitentes
1078 358 1247 409 ligarunt,

263 407 350 443 alios
360 421 440 444 vero
450 407 656 457 poenitentes
665 407 858 443 solverunt.
870 408 954 459 Liga
961 409 1009 446 vit
1022 412 1143 447 Petrus
1155 415 1246 448 Ana-

263 459 357 494 niam
366 458 631 509 etSapphiram,
643 459 1074 511 quitentabantSpiritum
1086 463 1245 508 Domini,

262 519 295 546 et
313 509 419 546 solvit
436 510 631 547 Tabitham
649 524 693 547 ex
705 520 827 559 morte,
840 525 920 548 cum
935 513 1036 551 illam
1053 529 1073 551 a
1096 516 1246 553 mortuis

259 562 462 602 suscitavit3
491 562 598 599 solvit
616 563 820 600 Cornelium
840 565 1077 603 centurionem
1099 567 1245 605 creden-

259 622 342 659 tem,
353 623 383 650 et
395 613 519 664 ligavit
532 615 652 651 Romae
666 615 848 653 Simonem
860 631 1017 666 magum,
1029 619 1089 669 qui
1101 620 1247 670 magicis

257 666 392 702 artibus
412 665 554 703 ludebat
575 682 582 702 :
600 667 727 718 ligavit
742 669 873 705 Paulus
891 669 1057 721 Elymam
1083 686 1242 723 magum,

257 717 398 766 quando
412 718 516 756 illum
529 719 638 757 verbo
653 721 856 769 exeaecavit,
879 731 912 759 et
925 723 1032 760 solvit
1049 725 1206 775 puellam
1224 740 1244 763 3
1265 736 1289 765 Ε

256 770 434 821 Pythonio
469 771 628 809 daemone
656 787 664 807 z
689 772 817 822 ligavit
841 774 996 826 seipsum
1022 776 1133 815 Judas
1163 778 1244 816 fune

254 822 480 873 proditionis,
502 833 533 860 et
553 824 659 861 solvit
678 827 802 862 Petrus
821 827 1042 876 negationem
1062 843 1161 866 suam
1180 844 1242 881 per

254 875 496 925 poenitentiam
514 891 521 911 ε
539 875 663 926 ligavit
680 877 811 914 Paulus
826 879 994 930 seipsum,
1017 880 1104 917 dum
1121 897 1240 933 perse-

251 937 420 975 queretur
438 927 648 974 Ecclesiam,
677 928 737 966 sed
756 930 909 981 seipsum
929 942 1049 983 postea
1068 934 1174 972 solvit
1202 935 1238 973 in

252 978 326 1022 via,
354 980 496 1029 quando
523 980 618 1018 viam
645 981 803 1019 veritatis
835 985 990 1033 agnovit.
1023 986 1137 1024 Multa
1156 1002 1238 1038 pro-

252 1031 366 1081 plietae
383 1047 524 1082 quoque
539 1033 695 1084 ligarunt
711 1043 744 1071 et
760 1034 955 1074 solverunt.
979 1038 1121 1088 Ligavit
1137 1039 1237 1078 Elias

253 1083 442 1122 Thesbites
457 1086 570 1122 nubes
585 1086 768 1132 imbrium,
780 1101 823 1124 ne
835 1087 954 1139 impiis
967 1090 1128 1140 pluviam
1145 1106 1236 1143 11133-

251 1136 358 1183 beret,
372 1146 404 1174 et
424 1137 530 1174 solvit
543 1152 600 1175 eas
616 1152 759 1175 rursum
773 1153 854 1190 rege
869 1141 1012 1179 Achabo
1025 1152 1104 1179 ante
1118 1144 1236 1195 ipsum

250 1190 503 1238 procumbente
540 1205 548 1225 :
587 1190 694 1228 solvit
735 1191 810 1242 ejus
846 1192 1043 1244 discipulus
1085 1195 1234 1234 Elisaeus

248 1241 404 1278 Nec-man
434 1242 567 1293 Syrum
595 1257 614 1280 a
647 1242 755 1293 lepra,
783 1253 815 1281 et
834 1245 959 1295 ligavit
989 1247 1140 1294 Giezim,
1171 1249 1233 1298 qui

248 1302 391 1343 propter
415 1294 600 1345 pecuniam
628 1295 795 1332 mentitus
821 1296 946 1343 fuerat,
978 1312 1018 1334 ac
1043 1299 1288 1349 maledictogffi

247 1344 382 1395 lepram
408 1346 476 1396 ipsi
495 1345 613 1382 intulit
632 1361 640 1381 t
661 1346 768 1383 solvit
794 1348 922 1385 Daniel
946 1350 1230 1388 Nabuchodono-
1252 1360 1277 1388 A

245 1397 335 1433 soris
361 1397 549 1443 somnium,
592 1406 624 1434 et
645 1398 773 1448 ligavit
797 1408 949 1437 armatas
983 1411 1103 1439 contra
1134 1404 1229 1455 ipsos

244 1448 495 1486 Chald-„eorum
523 1464 647 1487 manus
666 1466 672 1485 :
691 1450 798 1488 solvit
835 1453 1009 1503 templum
1038 1454 1228 1504 idolorum,

243 1514 366 1538 everso
394 1502 478 1539 Belo
499 1511 531 1539 et
549 1502 662 1540 occiso
688 1502 853 1549 dracone,
877 1514 910 1542 et
930 1505 1058 1555 ligavit
1077 1521 1136 1545 ora
1155 1509 1229 1546 leo-

244 1567 330 1590 num
356 1554 563 1605 sanguinem
593 1556 808 1592 vorantium.
840 1557 1058 1608 Ligaverunt
1089 1574 1229 1611 quoque

243 1615 313 1642 tres
332 1608 433 1657 pueri
454 1607 529 1644 vim
547 1607 652 1658 ignis,
675 1621 745 1644 non
765 1609 939 1646 combusti
957 1610 1003 1647 ab
1022 1625 1074 1658 eo,
1097 1622 1130 1650 et
1157 1614 1232 1651 sol-

242 1668 369 1696 verunt
405 1659 496 1709 regis
537 1659 743 1697 mandatum
760 1690 771 1705 ,
813 1662 888 1712 ejus
925 1662 1115 1713 imaginem
1156 1680 1227 1704 non

241 1711 439 1749 adorantes.
455 1712 540 1749 Plus
554 1726 660 1762 quam
677 1713 758 1750 illos
773 1727 894 1751 omnes
914 1716 1088 1754 Dominus
1111 1728 1229 1756 noster

241 1764 343 1801 Jesus
360 1764 522 1801 Christus
537 1765 662 1815 ligavit
681 1775 713 1802 et
731 1765 846 1803 solvit.
868 1767 982 1805 Solvit
1001 1769 1094 1806 enim
1111 1770 1228 1808 inimi-

240 1815 361 1852 citiam
380 1816 472 1853 inter
492 1831 554 1854 nos
573 1826 605 1853 et
627 1818 743 1854 Deum
763 1828 892 1867 ortam,
923 1830 956 1857 et
972 1820 1100 1871 ligavit
1127 1823 1227 1874 prin-

240 1868 355 1919 cipem
382 1870 559 1906 malorum
579 1879 789 1921 serpentem,
817 1886 879 1923 per
905 1887 1009 1922 quem
1039 1874 1226 1914 inimicitia

239 1930 315 1957 orta
343 1921 456 1958 fuerat
474 1922 626 1973 :ligavit
650 1937 769 1960 omnes
792 1923 980 1971 daemonas,
1013 1927 1075 1976 qui
1106 1938 1226 1967 contra

238 1972 420 2010 hominem
453 1975 673 2025 pugnabant,
708 1985 741 2012 et
772 1977 879 2014 solvit
912 1992 1031 2015 omnes
1063 1979 1224 2020 homines

238 2025 284 2062 ab
314 2026 400 2077 ipsis
433 2027 629 2077 exagitatos
648 2027 801 2079 :ligavit
824 2030 1029 2067 flammeum
1065 2032 1226 2082 gladium

238 2087 359 2115 eontra
387 2092 449 2116 1105
477 2080 672 2128 vibratum,
693 2090 726 2118 et
745 2082 852 2118 solvit
874 2083 1047 2121 latronem
1066 2086 1102 2122 in
1122 2100 1227 2124 cruce

236 2130 399 2180 ligatum,
429 2146 534 2181 quem
552 2132 586 2169 in
606 2133 764 2183 paradisi
780 2134 923 2172 delicias
942 2136 1088 2174 induxit
1109 2153 1116 2173 ε
1136 2139 1225 2189 liga-

237 2183 291 2219 vit
323 2184 543 2221 fratricidam
572 2185 746 2231 Cainum,
796 2188 1011 2226 tremoribus
1054 2189 1223 2229 addicens
1244 2213 1267 2242 B

237 2235 368 2286 ipsum,
393 2245 425 2272 et
445 2237 551 2274 solvit
569 2238 757 2289 paralytici
778 2248 959 2285 tremores,
981 2242 1224 2282 membrorum

236 2301 303 2324 usu
326 2288 510 2326 restituto:
531 2289 637 2326 solvit
660 2292 822 2328 Isaacum
843 2293 888 2329 ab
909 2293 1111 2332 Abrahamo
1136 2296 1222 2333 vin—

236 2348 347 2385 etum,
382 2350 414 2377 et
440 2341 567 2389 ligavit
587 2356 650 2392 pro
678 2355 717 2379 eo
736 2343 881 2380 arietem
903 2345 938 2381 in
960 2346 1081 2396 planta
1110 2348 1222 2385 Sabec

236 2391 422 2429 detentum
440 2408 447 2428 ε
465 2393 591 2443 ligavit
618 2394 749 2432 Judam
768 2405 949 2445 argenteos
969 2407 1160 2447 amantem,
1188 2409 1222 2437 et

237 2444 346 2481 solvit
376 2444 572 2496 principem
600 2446 874 2497 publicanorum
903 2449 1126 2497 Zacchaeum,
1160 2452 1222 2502 qui

236 2497 403 2547 pecunias
430 2512 510 2534 suas
534 2498 751 2549 pauperibus
770 2499 953 2537 distribuit
971 2502 1122 2553 :ligavit
1149 2505 1220 2542 Ju-

236 2547 354 2586 1131005
373 2564 510 2600 1101005,
535 2564 620 2600 quos
638 2550 859 2589 daemonlbus
879 2552 1038 2601 tradidit,
1061 2564 1094 2592 et
1113 2556 1221 2594 solvit

235 2601 381 2651 ligatam
401 2602 533 2640 asinam
551 2612 583 2639 et
601 2603 756 2654 pullum,
777 2604 892 2642 missis
911 2605 1220 2660 discipulis:liga-

236 2654 290 2690 vit
321 2654 574 2692 infructuosam
605 2656 714 2692 ficum
745 2657 906 2694 arefactis
930 2658 1139 2705 radicibus,
1186 2670 1221 2699 et

236 2706 345 2743 solvit
374 2708 580 2744 inclinatam
610 2708 798 2746 mulierem
816 2739 825 2755 ,
857 2709 976 2748 dicens
1012 2712 1066 2748 illi
1088 2728 1095 2748 :
1117 2714 1218 2750 Con-

224 2759 326 2810 fide,
345 2760 456 2811 filia,
489 2760 603 2796 5011113
625 2774 661 2797 05
688 2761 733 2797 ab
761 2761 967 2800 infirmitate
993 2773 1067 2801 tua.
1103 2766 1219 2804 Solvit

235 2812 379 2848 Petrum
408 2812 537 2849 03101115
565 2811 728 2850 vinctum
743 2842 754 2861 ,
785 2822 818 2850 et
842 2814 967 2864 ligavit
1001 2816 1218 2856 homicidam

234 2863 425 2911 Herodem,
449 2864 608 2901 membra
641 2865 716 2915 ejus
747 2867 929 2904 vermibus
958 2868 1115 2906 rodenda
1146 2878 1218 2908 tra-

233 2915 318 2953 dens
340 2932 347 2951 :
371 2916 529 2953 firmavit
557 2916 744 2954 fundatam
773 2932 881 2970 supra
913 2919 1053 2958 firmam
1080 2931 1218 2973 petram

235 2968 472 3005 orthodoxam
482 2968 691 3017 Ecclesiam,
706 2979 739 3007 et
758 2970 861 3008 solvit
873 2972 1142 3012 tabernaculum
1155 2975 1215 3012 he·
1239 2983 1262 3013 C

233 3020 504 3068 terodoxorum,
534 3035 640 3073 super
670 3036 813 3060 arenam
842 3024 1010 3062 mobilem
1048 3036 1214 3064 constru-

233 3081 329 3109 ctum
355 3073 587 3124 :ligaverunt
614 3074 721 3112 etiam
758 3075 875 3114 Judaei
915 3077 1119 3127 Christum,
1153 3080 1214 3117 sed

232 3124 338 3162 solvit
356 3125 520 3162 Christus
533 3126 678 3164 illorum
691 3128 878 3179 templum,
897 3131 1093 3168 Jerusalem
1115 3146 1213 3169 ever-

233 3177 286 3223 tit,
306 3177 471 3214 dissolvit
490 3178 616 3228 legalia
641 3180 813 3230 ipsorum,
841 3181 1028 3232 abrogavit
1054 3183 1212 3222 circum—

233 3229 414 3275 cisionem,
437 3229 613 3267 destruxit
626 3245 838 3282 synagogas,
858 3234 1015 3285 abripuit
1036 3236 1085 3273 eis
1101 3236 1212 3287 legem

233 3289 265 3317 et
293 3282 495 3332 prophetas,
527 3283 692 3333 ipsosque
729 3285 837 3335 paleae
870 3286 980 3323 instar
1008 3302 1070 3338 per
1091 3303 1211 3327 omues

233 3332 391 3369 civitates
416 3343 449 3370 et
479 3335 637 3385 regiones
666 3337 867 3374 ventilavit.
898 3339 1040 3389 Ligavit
1074 3355 1212 3391 quoque

231 3384 395 3423 diabolus
414 3386 605 3424 Dominum
626 3388 661 3425 in
682 3403 821 3426 crucem
840 3399 976 3443 aetum,
994 3392 1053 3430 sed
1073 3393 1209 3445 dirupit

1227 227 1401 259 SPURIA.

1320 309 1466 347 ἐποίουν.
1486 308 1618 355 Ἔδησέ
1634 327 1717 349 ποτε
1734 312 1872 355 Παῦλος
1889 313 1945 350 τὸν
1961 315 1995 351 ἐν
2013 316 2168 368 Κορίνθῳ
2191 318 2336 369 πορνευὭ

1321 376 1449 406 σαντα,
1474 362 1533 399 καὶ
1558 363 1663 400 πάλιν
1697 364 1816 401 ἔλυσεν
1847 365 1950 402 αὐτὸν
1986 369 2024 403 ἐκ
2063 371 2205 419 καρδίας
2230 386 2335 420 μετα-

1319 414 1493 459 νοήσαντα
1508 430 1515 437 ·
1535 414 1636 460 ἔδησε
1658 416 1715 452 καὶ
1748 416 1881 468 Πέτρος
1902 417 1959 454 τὸν
1986 419 2074 466 μετὰ
2093 421 2132 457 τὸ
2153 422 2336 472 βάπτισμα

1320 466 1530 515 βουληθέντα
1549 467 1606 504 διὰ
1623 467 1814 518 χρημάτων
1834 469 2028 515 κτήσασθαι
2045 471 2107 517 τὴν
2128 473 2257 524 δωρεὰν
2275 479 2334 512 τοῦ

1317 520 1427 563 Θεοῦ,
1444 519 1502 556 καὶ
1519 520 1624 557 πάλιν
1641 519 1758 557 ἔλυσεν
1777 521 1876 559 αὐτὸν
1897 523 1936 558 ἐκ
1955 522 2098 572 καρδίας
2119 526 2211 576 αὐτῷ
2226 541 2335 577 προσ-

1317 570 1479 608 πεσόντα.
1496 572 1624 609 Λοιπὸν
1653 571 1687 608 δὲ
1707 572 1854 615 πολλοὺς
1880 574 1939 611 καὶ
1970 575 2190 622 ἀμετανόητα
2223 578 2335 630 ἁμαρ-

1317 622 1491 667 τήσαντας
1513 623 1651 670 ἔδησαν,
1680 624 1802 667 ἄλλους
1830 626 1864 663 δὲ
1892 627 2170 675 μετανοήσαντας
2195 628 2332 666 ἔλυσαν.

1317 674 1448 720 ’Έδησε
1467 675 1597 727 Πέτρος
1610 676 1765 714 Ἀνανίαν
1786 676 1846 715 σὺν
1864 678 2047 730 Σαπφείρῃ
2069 680 2275 730 πειράζοντα
2295 683 2333 719 τὸ

1315 727 1460 777 Πνεῦμα
1481 729 1620 781 Κυρίου,
1636 728 1694 766 καὶ
1709 728 1808 767 ἔλυσε
1827 733 1888 775 τῆς
1904 730 2045 767 Tuae&
2062 731 2124 774 τὰς
2139 733 2261 775 ὠδῖνας
2274 737 2333 771 τοῦ

1316 781 1478 828 θανάτου,
1498 783 1537 818 ἐκ
1551 783 1679 833 νεκρῶν
1701 781 1807 827 αὐτὴν
1834 782 2033 829 ἀναστήσας
2047 798 2054 806 ·
2072 783 2172 823 ἔλυσε
2198 785 2332 836 Κορνή-

1313 833 1385 870 λιον
1415 832 1472 869 τὸν
1501 833 1754 884 ἑκατόνταρχον
1784 833 2038 881 πιστεύσαντα,
2063 836 2122 873 καὶ
2143 835 2243 882 ἔδησε
2272 838 2332 874 Σί-

1312 900 1411 933 μωνα
1426 886 1482 923 τὸν
1503 886 1613 937 μάγον
1633 888 1666 923 ἐν
1686 885 1809 938 εΡώμῃ
1829 893 1904 930 ταῖς
1925 887 2085 937 μαγείαις
2099 888 2331 938 ἐμπαίζοντα-

1311 936 1411 983 ἔδησε
1428 938 1486 975 καὶ
1504 939 1641 980 Παῦλος
1654 938 1813 988 Ἔλύμαν
1825 939 1882 976 τὸν
1903 940 2011 989 μάγον
2032 939 2088 977 διὰ
2106 941 2208 991 λόγου
2228 942 2328 979 αὐτὸν

1308 989 1513 1040 τυφλώσας,
1548 991 1606 1028 καὶ
1632 990 1732 1028 ἔλυσε
1758 991 1820 1038 τὴν
1848 991 2036 1038 παιδίσκην
2066 997 2126 1030 τοῦ
2158 993 2330 1031 πυθωνίου

1309 1042 1469 1091 δαίμονος
1488 1043 1594 1090 αὐτὴν
1620 1042 1811 1086 διαζεύξας·
1833 1043 1953 1089 ἔδησεν
1978 1044 2099 1081 ἑαυτὸν
2119 1043 2250 1089 Ἰούδας
2281 1049 2330 1096 τῷ

1309 1095 1451 1146 σχοινίῳ
1467 1099 1529 1141 τῆς
1545 1095 1746 1148 προδοσίας,
1767 1096 1826 1132 καὶ
1845 1095 1945 1133 ἔλυσε
1959 1095 2022 1141 τὴν
2040 1099 2162 1133 ἑαυτοῦ
2185 1097 2330 1148 ἄρνησιν

1308 1146 1441 1198 Πέτρος
1458 1147 1513 1184 διὰ
1536 1151 1597 1193 τῆς
1624 1147 1824 1197 μετανοίας·
1845 1147 1946 1193 ἔδησε
1966 1149 2024 1185 καὶ
2044 1150 2184 1191 Παῦλος
2207 1149 2329 1187 ἑαυτὸν

1307 1198 1441 1236 διώκων
1472 1199 1534 1246 τὴν
1565 1200 1793 1245 Ἐκκλησίαν,
1820 1199 1910 1237 ἀλλὰ
1941 1201 2046 1237 πάλιν
2076 1200 2173 1238 ἔλυσε
2207 1203 2328 1239 ἑαυτὸν

1306 1251 1509 1301 ἐπεγνωκὼς
1536 1253 1570 1289 ἐν
1594 1255 1635 1301 τῇ
1657 1253 1725 1302 ὁδῷ
1746 1252 1808 1297 τὴν
1827 1252 1901 1289 ὁδὸν
1926 1255 1988 1297 τῆς
2009 1252 2182 1298 ἀληθείας,
2205 1254 2329 1291 Πολλὰ

1305 1302 1339 1339 δὲ
1371 1304 1429 1340 καὶ
1463 1307 1493 1341 οἱ
1527 1307 1705 1354 προφῆται
1736 1304 1876 1349 ἔδησαν,
1912 1304 1970 1340 καὶ
2002 1304 2141 1340 ἔλυσαν.
2176 1303 2327 1351 ’Έδησεν

1305 1353 1429 1397 Ἠλίας
1459 1358 1476 1392 ὃ
1504 1356 1682 1400 &estiis-ng
1723 1355 1785 1397 τὰς
1819 1355 2052 1405 ὀμὸροτόκους
2086 1355 2251 1406 νεφέλας,
2278 1358 2326 1405 μὴ

1304 1406 1415 1449 ’διδοὺς
1448 1407 1504 1444 τὸν
1541 1408 1637 1444 ὑετὸν
1675 1413 1744 1449 τοῖς
1788 1407 1929 1444 ἀσεῧέσι
1943 1435 1951 1451 ,
1985 1408 2044 1444 καὶ
2071 1407 2188 1444 ἔλυσεν
2225 1408 2329 1451 αὐτὰς

1301 1458 1421 1506 πάλιν,
1451 1463 1511 1496 τοῦ
1546 1458 1717 1508 βασιλέως
1755 1461 1849 1510 αὐτῷ
1877 1459 2011 1511 'ix-spatae
2048 1460 2328 1510 προσπεσόντος·

1301 1509 1401 1548 ἔλυσε
1436 1512 1495 1548 καὶ
1530 1515 1547 1548 ὁ
1582 1511 1702 1549 τούτου
1757 1511 1914 1560 μαθητὴς
1950 1511 2150 1555 Ἐλισσαῖος
2187 1512 2326 1562 Νεεμὰν

1300 1563 1357 1600 τὸν
1392 1564 1502 1613 Σύρον
1533 1567 1594 1609 τῆς
1623 1564 1753 1616 λέπρας
1775 1563 1888 1608 ,αὐτὸν
1926 1563 2125 1611 διαζεύξας,
2158 1565 2216 1602 καὶ
2242 1566 2325 1612 ἔδη-

1300 1630 1338 1652 σε
1375 1616 1433 1653 τὸν
1467 1615 1590 1662 Γιεζὴν
1619 1616 1676 1654 διὰ
1708 1615 1876 1668 χρήματα
1903 1617 2131 1667 ψευσάμενον,
2166 1616 2229 1663 τὴν
2269 1617 2325 1655 λζ-

1299 1683 1390 1718 πραν
1411 1671 1504 1719 αὐτῷ
1523 1669 1758 1719 ἀρασάμενος·
1777 1669 1875 1706 ἔλυσε
1891 1668 2024 1715 Δανιὴλ
2046 1673 2105 1706 τοῦ
2131 1670 2319 1721 Ναὸουχο-

1299 1720 1438 1772 δονόσορ
1461 1721 1498 1759 τὸ
1520 1721 1687 1768 ἐνύπνιον,
1707 1722 1765 1759 καὶ
1791 1720 1892 1767 ἔδησε
1911 1727 2032 1772 χεῖρας
2052 1721 2204 1773 ξιφήρεις
2223 1724 2319 1760 Χαλ-

1298 1772 1403 1809 δαίων
1431 1776 1508 1810 κατ’
1538 1775 1650 1811 αὐτῶν
1674 1774 1929 1823 ὃπλισαμένας·
1949 1773 2007 1810 καὶ
2027 1774 2128 1811 ἔλυσε
2154 1774 2211 1812 τὸν
2238 1774 2317 1812 ναὸν

1296 1828 1367 1863 τῶν
1386 1825 1550 1873 εἰδώλων,
1570 1826 1628 1863 τὸν
1651 1825 1725 1872 Βὴλ
1742 1826 1984 1877 καταστρέψας
1997 1826 2126 1863 καὶτὸν
2147 1826 2318 1878 δράκοντα
2344 1834 2367 1875 ’-

1297 1878 1431 1921 κτείνας
1442 1910 1450 1925 ,
1465 1879 1523 1915 καὶ
1538 1879 1638 1923 ἔδησε
1655 1879 1813 1928 στόματα
1828 1878 1975 1916 λεόντων
1991 1878 2317 1929 αἱμοὸόρων.Ἔδη-

1297 1945 1360 1967 σαν
1385 1931 1444 1968 καὶ
1468 1934 1498 1969 οἵ
1523 1937 1614 1982 τρεῖς
1641 1932 1761 1974 παῖδες
1786 1936 1845 1968 τοῦ
1868 1931 1973 1982 πυρὸς
2005 1931 2069 1975 τὴν
2090 1931 2233 1980 δύναμιν
2268 1932 2317 1981 μὴ

1296 1983 1435 2026 καέντες
1454 1986 1511 2021 ὑπ’
1527 1987 1650 2031 αὐτοῦ,
1668 1984 1727 2021 καὶ
1746 1983 1868 2021 ἔλυσαν
1886 1987 1943 2021 τοῦ
1967 1982 2136 2033 βασιλέως
2149 1983 2189 2020 τὸ
2205 1983 2317 2033 δόγμα

1295 2035 1357 2081 τὴν
1380 2037 1496 2074 εἰκόνα
1514 2038 1618 2073 αὐτοῦ
1641 2036 1688 2086 μὴ
1717 2036 2030 2089 προσκυνήσαντες.
2050 2034 2161 2088 εΥπὲρ
2181 2035 2215 2073 δὲ
2235 2035 2318 2074 τού-

1295 2104 1371 2131 τους
1400 2088 1532 2130 πάντας
1552 2092 1568 2126 ὁ
1591 2089 1716 2141 Κύριος
1745 2091 1845 2138 ἡμῶν
1874 2088 2009 2133 Ἰησοῦς
2035 2088 2184 2137 Χριστὸς
2217 2087 2317 2133 ἔδησε

1295 2140 1354 2178 καὶ
1371 2141 1500 2179 ἔλυσεν.
1522 2141 1652 2179 Ἔλυσε
1679 2141 1743 2186 τὴν
1774 2140 1899 2189 μεταξὺ
1917 2142 2016 2190 ἡμῶν
2047 2140 2107 2176 καὶ
2135 2143 2195 2177 τοῦ
2224 2142 2319 2179 Θεοῦ

1293 2199 1472 2243 γεγονυῖαν
1494 2194 1632 2244 ἔχθραν,
1651 2193 1710 2230 καὶ
1730 2193 1832 2239 ἔδησε
1857 2193 1914 2230 τὸν
1941 2191 2136 2243 ἀρχέκακον
2156 2192 2246 2244 ὄφιν,
2272 2193 2315 2230 δι’

1293 2246 1328 2283 ὃν
1349 2246 1457 2297 ἔχθρα
1472 2245 1671 2296 γεγένηται·
1695 2246 1794 2292 ἔδησε
1812 2245 1945 2288 πάντας
1961 2246 2040 2286 τοὺς
2054 2244 2146 2282 κατὰ
2164 2248 2233 2282 τῶν
2256 2246 2318 2282 ἀν-

1294 2297 1440 2348 ορ1-’1-,των
1458 2298 1749 2349 στρατευομένους
1769 2298 1950 2344 δαίμονας,
1970 2297 2030 2334 καὶ
2059 2296 2159 2333 ἔλυσε
2185 2296 2317 2339 πάντας

1291 2350 1369 2392 τοὺς
1395 2352 1452 2387 ὑπ’
1484 2352 1595 2389 αὐτῶν
1625 2349 1855 2400 ὀχλουμένους
1883 2348 2100 2398 ἀνορ1ἷ1πους·
2129 2348 2229 2393 ἔδησε
2253 2348 2315 2393 τὴν

1292 2404 1369 2439 καθ’
1385 2405 1484 2450 ἡμῶν
1503 2401 1736 2452 στρεφομένην
1756 2400 1918 2452 φλογίνην
1937 2400 2122 2451 ῥομφαίαν,
2138 2400 2197 2437 καὶ
2215 2400 2314 2437 ἔλυσε

1290 2454 1348 2490 τὸν
1367 2454 1423 2491 ε’πὶ
1437 2457 1494 2491 τοῦ
1511 2458 1658 2505 σταυροῦ
1678 2453 1856 2502 δεδεμένον
1871 2453 2016 2501 λῃστὴν,
2033 2454 2079 2494 εἷς
2098 2451 2229 2503 τρυφὴν
2245 2468 2315 2489 πα-

1293 2506 1448 2559 ραδείσου
1478 2505 1579 2542 αὐτὸν
1601 2505 1818 2555 εἰσκομίσας·
1848 2505 1950 2550 ἔδησε
1977 2504 2035 2541 τὸν
2064 2503 2313 2554 ἀδελφοκτόνον

1290 2558 1377 2596 Κάϊν
1394 2558 1535 2608 τρόμοις
1557 2559 1658 2595 αὐτὸν
1680 2557 1901 2603 συνειλήσας,
1924 2556 1983 2593 καὶ
2003 2556 2101 2593 ἔλυσε
2122 2560 2181 2593 τοῦ
2197 2572 2311 2619 παρα-

1289 2612 1428 2648 λυτικοῦ
1465 2610 1542 2653 τοὺς
1581 2610 1729 2661 τρόμους
1760 2609 1804 2646 τὰ
1839 2608 1928 2658 μέλη
1964 2610 2066 2646 αὐτοῦ
2104 2610 2312 2659 διορθώσας·

1289 2662 1389 2701 ἔλυσε
1415 2663 1472 2701 τὸν
1490 2661 1614 2700 Ἰσαὰκ
1642 2663 1708 2700 ὑπὸ
1737 2666 1796 2698 τοῦ
1826 2661 1987 2713 Ἀδραὰμ
2006 2661 2284 2709 συμποδισθέντα
2302 2691 2311 2707 ,

1288 2716 1347 2753 καὶ
1367 2716 1487 2762 ἔδησεν
1504 2717 1576 2752 ἀντ’
1595 2716 1696 2752 αὐτοῦ
1718 2715 1813 2766 κριὸν
1835 2715 1869 2750 ἐν
1891 2716 1987 2765 φυτῷ
2016 2713 2137 2750 Σαὸὲκ
2167 2714 2310 2764 κατεχό-

1289 2783 1408 2817 μενον·
1441 2767 1544 2812 ἔδησε
1572 2766 1629 2804 τὸν
1660 2767 1793 2805 Ἰούδαν
1826 2766 1974 2817 ἀργύρια
2002 2765 2222 2817 φιλήσαντα,
2254 2765 2313 2802 καὶ

1288 2820 1389 2858 ἔλυσε
1408 2820 1464 2857 τον
1481 2818 1718 2871 ἀργιτελώνην
1736 2821 1914 2870 Ζακχαῖον
1946 2817 1991 2855 τὰ
2015 2818 2183 2869 χρήματα
2209 2818 2312 2854 αὐτοῦ

1287 2879 1357 2915 τοῖς
1389 2872 1516 2917 πένησι
1542 2864 1795 2909 ’διαδώσαντγ
1846 2870 1948 2916 ἔδησε
1984 2871 2063 2912 τοὺς
2096 2868 2309 2911 Ἰουδαϊκοὺς

1285 2925 1423 2976 χοίρους
1440 2931 1511 2967 τοῖς
1533 2923 1693 2973 δαίμοσιν
1712 2921 1916 2974 ἐπιτρέψας,
1933 2922 1992 2959 καὶ
2011 2921 2113 2959 ἔλυσε
2122 2921 2199 2986 ‘ciffi
2212 2922 2309 2986 δεδε-

1290 2977 1394 3025 μένην
1409 2977 1481 3014 ὄνον
1498 2975 1557 3014 καὶ
1576 2976 1634 3013 τὸν
1655 2977 1786 3021 πῶλον,
1816 2974 1894 3016 τοὺς
1917 2973 2075 3023 μαθητὰς
2097 2987 2199 3036 αυτου
2219 2988 2312 3037 755}ss-
2333 2992 2337 2993 ⁷

1286 3030 1372 3080 ψας·
1401 3030 1503 3075 ἔδησε
1524 3027 1588 3074 τὴν
1609 3028 1818 3079 πικροερόρον
1848 3030 1972 3071 συκῆν,
1998 3025 2062 3067 τὰς
2089 3028 2181 3076 ῥιζας
2204 3040 2310 3070 αυτης

1289 3081 1457 3133 ξηράνας,
1487 3081 1547 3118 καὶ
1575 3080 1674 3118 ἔλυσε
1699 3081 1761 3126 τὴν
1783 3077 2044 3127 συγκύπτουσαν
2066 3082 2235 3127 γυναῖκα,
2257 3079 2310 3114 εἶ-

1290 3134 1402 3186 ρηκὼς
1437 3135 1546 3179 αὐτ-7,,
1581 3132 1735 3183 Θάρσει,
1774 3130 1943 3180 Ούγατερ,
1971 3129 2117 3167 λέλυσαι
2149 3129 2219 3166 ἀπὸ
2250 3132 2311 3175 τῆς

1287 3186 1462 3228 ἀσθενείας
1497 3178 1569 3223 σου.
1601 3183 1729 3222 Ἔλυσε
1762 3182 1895 3232 Πέτρον
1929 3181 2106 3231 δεδεμένον
2146 3180 2309 3227 ἁλύσεσι,

1287 3238 1344 3275 καὶ
1376 3238 1477 3284 ἔδησε
1504 3238 1560 3275 τὸν
1593 3234 1792 3287 φονοκτόνον
1824 3233 1985 3285 Ἡρώδην
2018 3233 2062 3270 τὰ
2089 3233 2177 3283 μέλη
2206 3236 2310 3271 αὐτοῦ

1286 3297 1354 3333 τοῖς
1389 3289 1559 3333 σκώληξιν
1595 3287 1794 3332 ἐνειλήσας·
1831 3285 2020 3336 ἑστερέωσε
2061 3285 2123 3331 τὴν
2159 3284 2217 3322 ἐπὶ
2248 3288 2310 3331 τῆς

1288 3350 1428 3394 στερεᾶς
1448 3341 1576 3391 πέτρας
1595 3342 1862 3389 Οεμελιώθεῖσαν
1884 3337 2058 3390 ὀρΟόδοξον
2081 3337 2309 3383 Ἐκκλησίαν,

1288 3395 1346 3432 καὶ
1365 3394 1528 3433 συνέλυσε
1541 3392 1602 3439 τὴν
1625 3393 1679 3431 ἐτι-ἰ
1696 3394 1756 3437 τῆς
1778 3391 1928 3429 ἀστάτου
1950 3389 2096 3441 ψάμμου
2123 3390 2309 3439 οἰκοδομη-
