2502 3810
93 728 182 755 Joan.
202 737 246 766 17.

121 767 128 777 1

95 777 146 806 21.

94 876 173 903 Ihid.
197 876 242 905 15.

94 3188 205 3219 Manli.
228 3191 277 3220 25.

92 3231 146 3271 [μ.

300 259 393 319 348

295 357 438 404 latores,
463 364 584 391 eorum
601 353 662 404 qui
683 354 719 391 in
743 354 834 392 dura
852 354 1021 393 servitute
1044 364 1126 393 sunt
1144 363 1275 408 patres,

293 421 414 444 eorum
444 406 506 456 qui
534 407 570 443 in
599 406 798 445 calamitate
827 417 1013 448 versantur
1035 409 1277 455 auxiliatores,

294 473 374 496 cum
394 458 523 496 vinctis
543 458 718 509 colligati,
742 461 937 497 errantium
955 461 1079 510 duces,
1099 461 1278 498 nudorum

292 520 450 558 tectores,
466 510 673 548 debentium
689 511 931 563 fidejussores,
960 523 993 551 et
1012 522 1050 551 ut
1068 513 1278 566 compendio

291 563 617 614 dicam,egenorum
636 573 874 616 etpauperum
886 567 1054 604 oeconomi
1069 567 1176 604 :tales
1196 575 1278 604 sunt

317 615 414 651 alatii
438 615 506 653 mei
533 616 767 664 habitatores,
801 627 1081 669 aeternorumque
1101 620 1277 657 bonorum

290 630 448 705 Eaeredes
466 684 474 704 ε
494 668 621 705 talium
639 669 884 708 habitaculum
903 681 953 709 est
971 687 1120 724 superna
1135 672 1274 721 civitas,

292 733 356 771 pro
377 721 508 758 talibus
528 721 652 773 rogavi
664 723 804 760 Patrem
825 738 945 762 meum
965 727 1088 773 :Volo‚
1105 727 1220 772 Pater,
1238 733 1278 761 ut

294 773 356 809 ubi
385 786 448 824 ego
480 788 576 823 sum,
596 774 648 811 ibi
679 775 750 812 sint
780 776 857 823 illi,
890 787 928 814 ut
958 778 1099 816 videant
1126 778 1277 830 gloriam

293 839 407 862 meam
423 841 430 861 :
448 826 579 865 talibus
605 827 810 866 hominibus
827 829 930 879 dixi,
952 845 992 868 ac
1013 846 1150 884 semper
1170 833 1249 870 dico
1266 850 1274 870 :

295 880 368 916 Vos
386 882 504 917 amici
522 883 596 917 mei
614 884 720 919 estis.
740 882 852 919 Vobis
868 897 950 921 vero
966 884 1052 934 quid
1074 885 1217 923 dicam?
1232 901 1276 925 an

291 939 449 968 vestrum
476 932 698 971 miserebor?
722 934 794 973 Sed
823 935 859 971 in
890 935 992 974 vobis
1024 938 1276 977 misericordiae

291 983 446 1021 fructum
466 998 533 1023 non
554 985 670 1024 video.
690 988 785 1024 Num
805 987 1003 1026 misericors
1022 991 1105 1027 ero?
1121 991 1191 1029 Sed
1206 1006 1275 1030 non

291 1035 396 1074 video
416 1037 452 1074 in
470 1039 572 1076 vobis
590 1039 726 1076 viscera
745 1039 1009 1080 misericordiae.
1024 1043 1120 1080 Num
1138 1044 1276 1083 veniam

291 1088 508 1127 concedam?
523 1091 593 1130 Sed
614 1093 728 1143 majus
747 1102 798 1129 est
816 1093 942 1141 scelus,
965 1106 1071 1145 quam
1087 1105 1126 1133 ut
1144 1097 1276 1135 remitti

291 1141 412 1191 possit.
423 1144 502 1180 Non
516 1144 621 1181 modo
633 1145 727 1181 enim
740 1145 872 1183 viscera
888 1146 979 1183 mihi
996 1147 1183 1196 clausistis,
1194 1163 1277 1187 cum

291 1207 416 1243 panem
437 1204 600 1246 peterem,
623 1196 683 1234 sed
700 1196 803 1234 etiam
818 1212 953 1249 pannos
977 1200 1108 1250 quibus
1129 1201 1276 1239 indutus

291 1259 387 1283 eram
412 1248 501 1284 mihi
527 1249 715 1301 rapuistis,
732 1258 764 1286 et
790 1264 846 1287 me
866 1251 1041 1299 nudastis,
1063 1262 1097 1291 et
1125 1268 1272 1306 panem,

291 1311 395 1347 quem
407 1299 498 1337 alius
513 1301 569 1338 vir
584 1302 782 1339 misericors
796 1303 885 1340 mihi
896 1304 1055 1353 dederat,
1068 1320 1110 1343 ex
1125 1321 1184 1344 ore
1197 1320 1274 1344 meo

289 1350 507 1402 abripuistis.
530 1354 677 1400 Quoties
695 1354 776 1391 veni
797 1354 843 1392 ad
859 1356 989 1393 ostium
1005 1366 1121 1403 tuum,
1144 1367 1177 1395 et
1197 1358 1273 1396 vidi

288 1402 423 1440 lautam
453 1418 630 1452 mensam,
662 1405 825 1443 ciborum
852 1408 1000 1454 molem,
1023 1422 1124 1446 canes
1143 1411 1273 1448 multos

288 1464 483 1506 perpastos,
500 1465 533 1493 et
554 1458 590 1494 in
606 1457 706 1494 lectis
724 1458 900 1509 jacente53
920 1460 1080 1510 mihique
1098 1461 1188 1499 fores
1208 1476 1272 1500 oc-

287 1507 454 1553 clusistis,
471 1522 596 1559 meque
614 1509 760 1560 indigne
775 1511 973 1559 remisistis,
989 1527 1102 1563 neque
1119 1515 1274 1553 frustum

287 1559 388 1610 panis
414 1560 504 1597 mihi
525 1570 564 1598 ut
593 1562 655 1599 uni
677 1577 722 1600 ex
747 1564 881 1601 catellis
903 1565 1116 1603 obtulistis?
1135 1567 1273 1618 quoties

286 1625 342 1649 me
357 1626 401 1649 ex
415 1614 558 1663 tugurio
577 1614 754 1666 abjecistis
766 1645 775 1663 ,
792 1617 942 1655 instante
955 1618 1103 1669 frigore,
1118 1629 1151 1657 et
1165 1634 1273 1670 equos

286 1673 420 1702 vestros
445 1665 660 1717 induxistis,
682 1681 744 1705 nec
769 1669 949 1720 cogitastis
972 1685 1027 1709 me
1043 1685 1111 1709 non
1128 1682 1273 1724 propter

285 1730 387 1754 canes
408 1727 441 1754 et
460 1732 567 1769 equos
587 1720 800 1758 crucifixum
818 1722 926 1760 fuisse
938 1732 971 1760 et
991 1725 1199 1775 sanguinem
1215 1726 1272 1763 fu-

285 1768 379 1807 disse
393 1770 409 1806 ?
423 1772 443 1809 J
447 1781 589 1809 umenta
609 1773 751 1821 curatis,
766 1788 867 1812 canes
882 1784 915 1812 et
933 1789 1052 1826 equos,
1067 1787 1100 1815 et
1114 1779 1273 1817 membra

286 1835 378 1872 mea,
398 1837 570 1875 pauperes
588 1834 621 1862 et
639 1826 775 1877 inopes,
790 1824 961 1875 fame,siti
981 1838 1013 1867 et
1036 1830 1165 1881 frigore
1185 1846 1269 1883 per-

286 1884 407 1912 euntes
435 1877 605 1925 videntes,
635 1878 758 1916 ridetis
795 1888 829 1917 et
859 1883 1116 1931 exsecramini,
1149 1885 1272 1924 faciem

285 1928 458 1975 avertitis,
478 1930 703 1982 maximeque
725 1932 770 1968 ab
792 1932 849 1976 iis,
871 1933 932 1983 qui
949 1948 1046 1973 sacro
1065 1937 1190 1974 morbo
1210 1938 1273 1976 de-

286 1980 371 2017 tenti
387 1981 532 2032 jacent?
549 1997 700 2033 quorum
723 1985 881 2023 membra
902 1996 982 2025 ante
1002 1998 1152 2027 mortem
1170 1999 1271 2028 terrae

286 2032 488 2081 traduntur,
516 2049 669 2085 quorum
696 2051 842 2090 corpora
873 2040 995 2078 multis
1025 2043 1205 2080 tenebrosa
1240 2053 1274 2081 et

286 2085 522 2124 abominanda
539 2098 708 2139 putantur
722 2106 730 2133 ;
755 2090 816 2127 sed
832 2092 949 2130 anima
969 2094 1168 2144 splendebit
1183 2096 1274 2134 sicut

286 2138 349 2175 sol.
366 2140 441 2177 Vos
456 2149 573 2178 autem
589 2142 702 2193 epulis
714 2142 923 2194 deliciisque
943 2145 1069 2192 dediti,
1090 2149 1273 2200 accepistis

286 2190 379 2228 bona
398 2191 432 2228 in
448 2192 521 2230 vita
533 2197 773 2233 vestra.Nunc
783 2206 900 2234 autem
914 2199 1001 2248 quid
1018 2200 1272 2240 vobisdicam?

286 2257 401 2280 annon
413 2245 574 2291 audistis,
587 2247 763 2297 judicium
780 2249 1113 2302 futurumparattun
1129 2268 1201 2291 esse
1213 2255 1269 2303 iis,

287 2296 347 2345 qui
367 2296 643 2337 miscricordiam
665 2315 733 2337 non
758 2305 1018 2341 exercuerunt?
1042 2305 1182 2352 Etiam,
1203 2321 1273 2345 non

287 2348 423 2384 miserti
437 2350 532 2397 estis,
555 2351 625 2388 imo
639 2353 743 2389 etiam
760 2353 972 2391 immanitati
992 2358 1178 2395 serviistis.
1200 2360 1273 2396 Cur

287 2410 405 2437 autem
423 2401 528 2438 etiam
542 2403 695 2454 id,quod
713 2419 847 2456 pauper
860 2407 1026 2457 habebat,
1040 2410 1271 2462 abripuistis?

288 2453 393 2489 Certe
409 2453 436 2490 is
453 2454 511 2504 qui
536 2469 603 2492 non
621 2457 817 2505 miseretur,
839 2460 997 2510 punitur,
1018 2462 1100 2511 quia
1117 2477 1184 2500 non
1203 2463 1272 2501 lar-

288 2505 383 2555 gitus
397 2515 468 2549 est;
493 2507 553 2556 qui
573 2523 656 2545 vero
671 2510 789 2546 atterit
807 2520 837 2547 ct
853 2511 964 2549 aliena
982 2515 1088 2565 rapit,
1109 2515 1194 2565 quid
1211 2531 1273 2568 pa-

288 2558 420 2595 cietur?
443 2559 546 2604 Quid
568 2575 651 2612 ergo
672 2561 790 2600 dicam
812 2563 856 2601 de
876 2564 1069 2604 inhumano
1088 2569 1270 2620 proposito

289 2612 430 2647 vestro?
447 2612 564 2650 Video
581 2614 674 2651 enim
690 2616 804 2665 majus
822 2631 893 2654 esse
914 2628 1097 2668 peccatum
1116 2631 1273 2659 vestrum

282 2671 395 2713 'quam
410 2673 447 2701 ut
465 2665 686 2713 remittatur3
707 2668 835 2706 vulnus
850 2683 988 2708 omnem
997 2682 1138 2723 superat
1156 2674 1273 2712 mede-

288 2715 372 2763 lam,
395 2716 625 2756 infortunium
648 2729 804 2757 vestrum
824 2723 1097 2762 consolationem
1118 2740 1186 2764 non
1210 2727 1273 2764 lia-

288 2767 373 2814 bet;
395 2770 621 2822 naufragium
639 2781 795 2810 vestrum
817 2783 867 2812 cst
885 2775 958 2813 sine
979 2777 1148 2825 remedio,
1168 2779 1274 2831 plaga

288 2820 509 2871 incurabilis,
526 2825 671 2861 morbus
691 2826 909 2875 insanabilis,
933 2830 1060 2867 scelera
1085 2841 1198 2870 vestra
1213 2847 1273 2870 ve-

287 2873 386 2912 niam
409 2888 477 2912 non
512 2886 702 2914 merentur.
729 2879 806 2915 'Non
838 2880 929 2917 ultra
955 2882 1180 2933 poenitentia,
1203 2899 1272 2923 non

289 2926 382 2963 ultra
399 2928 589 2965 consolatio
602 2930 746 2975 valebit,
757 2945 822 2968 non
835 2946 923 2983 opus
938 2934 1012 2985 jam
1026 2944 1077 2972 est
1093 2935 1271 2989 lacrymis.

293 3001 300 3015 A
313 2979 361 3015 {ei
375 2993 442 3016 non
455 2981 676 3026 meministis,
695 2983 870 3034 apostolos
889 2999 957 3023 non
976 2985 1136 3038 audistis,
1157 3003 1273 3027 sacras

290 3031 492 3083 Scripturas
518 3047 613 3070 meas
638 3035 832 3073 abominati
858 3038 960 3075 estis:
981 3040 1190 3078 esurientem
1218 3057 1274 3080 me

290 3097 360 3121 non
382 3084 537 3122 miserati
553 3086 655 3124 estis:
671 3087 789 3126 audite
809 3088 953 3128 demum
975 3093 1136 3130 acerbam
1168 3095 1269 3133 vohis

292 3146 543 3187 congruentem
565 3153 704 3187 vocem,
727 3156 832 3191 quam
853 3142 1144 3183 immisericordia
1171 3147 1274 3185 vobis

293 3189 719 3230 conciliavit:Discedite
737 3195 846 3246 αξηισ,
863 3197 1074 3249 maledicti,
1089 3201 1129 3236 in
1147 3202 1274 3252 ignem
1297 3206 1321 3238 E

294 3249 488 3280 (eternum.

1251 273 1424 305 SPURIA.

1349 356 1629 408 παραμονάριοι,
1657 360 1727 396 τῶν
1757 358 1968 398 πενθούντων
1991 361 2022 398 οἳ
2053 363 2360 414 παραμυθήτορες,

1349 412 1416 447 τῶν
1440 411 1657 463 ὅλιγοψύχων
1677 413 1708 449 οἳ
1724 411 1987 463 παρακλήτορες
2001 441 2011 460 ,
2034 416 2065 451 οἳ
2083 417 2150 451 τῶν
2168 417 2201 453 ἐν
2222 422 2362 468 πικραῖς

1350 461 1517 506 δουλείαις
1542 463 1710 515 πατέρες,
1740 466 1770 503 οἲ
1796 468 1865 501 τῶν
1893 467 1927 502 ἐν
1948 465 2149 517 περιστάσει
2174 469 2312 517 βοηθοὶ,
2331 471 2363 506 οἱ

1348 517 1416 552 τῶν
1438 517 1470 552 ἐν
1497 516 1662 566 ἀνάγκαις
1681 516 1872 567 πρόθυμοι,
1898 521 1929 554 οἱ
1948 520 2016 555 τῶν
2036 518 2221 567 δεδεμένων
2241 522 2362 557 συνδε-

1349 567 1499 617 δεμένοι,
1508 570 1538 604 οἱ
1552 572 1620 606 τῶν
1633 570 1870 619 πλανωμένων
1880 569 2009 620 ὁδηγοὶ,
2023 571 2054 607 οἳ
2067 573 2134 607 τῶν
2142 576 2278 621 γυμνῶν
2290 588 2364 610 σκε-

1348 621 1492 667 πασταὶ,
1505 623 1535 658 οἱ
1545 623 1613 658 τῶν
1628 621 1892 672 χρεωστούντων
1908 621 2101 674 πληρωταί·
2116 623 2175 660 καὶ
2185 623 2363 662 ῗνασυντό-

1349 687 1422 721 μως
1435 672 1535 720 εἴπω,
1548 675 1578 711 οἳ
1593 675 1733 712 πάντων
1744 677 1812 712 τῶν
1829 675 2034 724 ἐνδεομένων
2049 674 2107 712 καὶ
2119 675 2304 713 αἰτούντων
2316 680 2364 714 οἷ-

1348 725 1506 774 κονόμοι,
1528 728 1558 763 οἱ
1574 732 1719 765 τοιοῦτοι
1734 731 1792 764 τοῦ
1808 729 1891 776 ἐμοῦ
1911 727 2080 765 παλατίου
2094 728 2286 780 οἰκήτορες,
2304 729 2364 766 καὶ

1348 779 1415 815 τῶν
1432 777 1579 815 αἰωνίων
1591 782 1728 830 ἀγαθῶν
1745 779 1965 830 κληρονόμοι.
1985 781 2065 818 Τῶν
2090 780 2255 818 τοιούτων
2271 781 2363 818 ἐστὶν

1348 831 1545 882 οἰκητήριον
1565 835 1585 878 ἡ
1608 832 1677 869 ἄνω
1696 831 1794 875 πόλις
1807 848 1815 855 ·
1840 832 1920 883 περὶ
1939 834 2008 870 τῶν
2025 833 2186 870 τοιούτων
2207 834 2366 884 παρεκά-

1347 884 1431 920 λεσα
1452 884 1509 921 τὸν
1526 884 1662 935 πατέρα
1683 900 1746 934 μου
1764 900 1772 907 ·
1806 884 1858 921 ὅτι
1880 885 1987 933 θέλω,
2019 884 2159 936 Πάτερ,
2183 884 2257 932 ἵνα,
2277 885 2363 923 ὅπου

1348 935 1419 984 εἰμὶ
1434 935 1519 986 ἐγὼ,
1540 936 1598 973 καὶ
1615 937 1711 974 αὐτοί
1730 939 1829 991 εἰσιν,
1843 937 1899 975 ἵνα
1914 941 2066 989 θεωρῶσι
2079 938 2142 984 τὴν
2162 936 2260 980 δόξαν
2278 953 2342 987 μου
2356 953 2364 961 ·

1348 989 1433 1039 πρὸς
1448 987 1524 1030 τοὺς
1539 989 1710 1032 τοιούτους
1731 993 1839 1037 εἶπον,
1855 990 1915 1027 καὶ
1938 991 1992 1028 ἀεὶ
2007 990 2098 1040 λέγω
2109 989 2256 1044 ,;]“μεῖς
2272 990 2365 1041 φίλοι

1348 1041 1412 1088 μού
1433 1042 1523 1078 ἐστε.
1545 1042 1639 1093 Πρὸς
1661 1045 1751 1092 ὑμᾶς
1778 1042 1812 1079 δὲ
1836 1042 1904 1095 ἄρα
1932 1042 1966 1080 τί
1985 1043 2070 1080 εἴπω
2086 1059 2105 1098 ,ν
2122 1047 2188 1093 ἀρα
2206 1044 2339 1088 ἐλεήσω
2358 1059 2368 1090 3

1347 1092 1438 1130 Ἀλλ’
1460 1096 1526 1144 οὐχ
1545 1097 1614 1147 ὁρῶ
1630 1097 1663 1132 ἐν
1681 1098 1761 1144 ὑμῖν
1781 1094 1914 1146 καρπὸν
1938 1095 2063 1138 ἐλέους.
2091 1099 2173 1146 ‘Apa
2195 1095 2366 1144 οἰκτειρή-

1348 1160 1420 1192 σω;
1454 1146 1545 1184 Ἀλλ’
1577 1149 1614 1185 οὗ
1646 1149 1764 1197 βλέπω
1794 1149 1827 1184 ἐν
1857 1150 1936 1197 ὑμῖν
1958 1148 2143 1200 σπλάγχνα
2163 1149 2365 1198 οἰκτιρμῶν.

1345 1191 1433 1249 Ἆρα
1475 1200 1719 1252 συγχοῳῆσω,
1758 1199 1862 1237 Ἄλλοι
1895 1202 2009 1250 μεῖζον
2044 1203 2106 1245 τῆς
2140 1198 2294 1250 ἀφέσεως
2325 1200 2365 1237 τὸ

1347 1250 1503 1301 σφάλμα.
1539 1253 1591 1289 ϋύ
1621 1252 1688 1305 γὰρ
1718 1252 1819 1302 μόνον
1843 1252 1886 1289 τὰ
1908 1253 2093 1304 σπλάγχνα
2112 1252 2290 1290 ἔκλείσατε
2312 1253 2365 1289 αἷ-

1345 1303 1482 1346 τοῧντός
1509 1320 1573 1353 μου
1599 1304 1714 1356 ἄρτον,
1743 1304 1832 1342 ἀλλὰ
1857 1304 1916 1342 καὶ
1943 1305 1964 1341 ἃ
1986 1304 2244 1356 περιεὸαλόμην
2274 1304 2363 1355 ῥάκη

1345 1355 1523 1404 ἧρπάξατε
1542 1355 1600 1393 καὶ
1624 1356 1849 1407 ἐγυμνώσατέ
1866 1372 1909 1405 με
1924 1372 1932 1379 ·
1952 1357 2082 1394 καὶτὸν
2103 1357 2219 1408 ἄρτον,
2239 1354 2274 1393 ὅν
2305 1372 2364 1406 μοι

1346 1407 1448 1449 ἄλλος
1478 1408 1634 1456 ἐλεήμων
1655 1409 1799 1455 ἔδωκεν,
1830 1409 1869 1445 ἐκ
1887 1413 1946 1446 τοῦ
1968 1408 2139 1458 στόματός
2161 1423 2224 1458 μου
2244 1408 2366 1462 {93:02³-

1346 1456 1436 1501 ξατε.
1467 1460 1623 1503 Ποσάκις
1653 1455 1756 1506 ἦλθον
1787 1462 1834 1503 εἷς
1854 1460 1916 1506 τὴν
1952 1459 2056 1513 θύραν
2082 1476 2166 1507 σου,
2198 1459 2257 1498 καὶ
2278 1461 2365 1498 εἶδον

1345 1511 1520 1561 τράπεζαν
1544 1511 1854 1562 πεπληθυμμένην,
1874 1513 1933 1550 καὶ
1954 1513 2054 1564 ὄγκον
2079 1513 2286 1566 βρωμάτων,
2306 1513 2365 1550 καὶ

1345 1562 1449 1606 κύνας
1468 1563 1613 1607 πολλοὺς
1636 1564 1888 1617 τρεφομένους,
1914 1565 1974 1603 καὶ
1996 1566 2052 1603 ἐπὶ
2073 1567 2198 1603 κλινῶν
2221 1567 2364 1602 ἀνακει-

1346 1615 1484 1664 μένους·
1508 1617 1567 1654 καὶ
1589 1618 1643 1655 ἐπ’
1660 1618 1738 1668 ἐμοὶ
1757 1617 1818 1661 τὰς
1835 1617 1937 1669 θύρας
1959 1617 2189 1656 ἀπεκλείσατε
2204 1618 2263 1655 καὶ
2281 1620 2365 1655 ἀπε-

1343 1667 1507 1719 πέμψατε
1533 1670 1669 1719 ἄτιμον,
1695 1671 1753 1707 καὶ
1773 1669 1848 1708 οὐδὲ
1867 1671 1930 1708 κᾶν
1954 1673 2000 1714 ὡς
2016 1670 2075 1708 ἕνα
2092 1674 2160 1708 τῶν
2177 1670 2364 1721 κυναρίων,

1344 1721 1547 1770 κλάσματος
1577 1722 1682 1773 ἄρτου
1716 1722 1910 1770 ἠξιώσατε,
1941 1724 2090 1765 ποσάκις
2109 1728 2167 1761 τοῦ
2198 1721 2365 1760 καλωδίου

1346 1789 1388 1821 με
1415 1773 1605 1819 ἐξηλάσατε
1622 1779 1773 1826 παγετοῧ
1795 1775 2029 1824 ἐπικειμένου,
2057 1776 2117 1813 καὶ
2148 1774 2225 1818 τοὺς
2239 1774 2367 1818 ἵππους

1343 1827 1440 1875 ὑμῶν
1468 1827 1675 1879 ε’νῳκίσατε,
1701 1828 1761 1865 καὶ
1791 1830 1853 1866 οὐκ
1883 1828 2138 1878 ἐνεθυμήθητε,
2174 1827 2232 1881 ὅτι
2251 1829 2288 1865 οὗ
2308 1827 2364 1865 διὰ

1343 1877 1446 1922 κύνας
1469 1881 1527 1916 καὶ
1554 1879 1680 1923 ἵππους
1707 1879 1775 1930 ἐγὼ
1798 1879 2033 1932 ἐσταυρώθην,
2059 1881 2118 1918 καὶ
2138 1880 2176 1917 τὸ
2193 1879 2280 1930 αἷμά
2298 1895 2363 1930 μου

1344 1929 1480 1982 ἐξέχεα,
1497 1934 1578 1970 Τῶν
1596 1935 1730 1979 κτηνῶν
1753 1932 1951 1984 ἀντέχεσθε,
1967 1936 2035 1970 τῶν
2055 1935 2166 1971 κυνῶν
2188 1933 2365 1984 φροντίζε-

1343 1998 1403 2029 τε,
1427 1986 1495 2020 τῶν
1518 1985 1633 2022 ἵππων
1661 1987 1897 2035 ἐπιμελεῖσθε,
1920 1985 2041 2024 καὶτὰ
2061 1986 2130 2035 ἐμὰ
2151 1985 2258 2036 μέλη,
2287 1984 2366 2027 τοὺς

1343 2036 1505 2087 πτωγοὺς
1536 2038 1595 2074 καὶ
1626 2039 1812 2081 ἀδυνάτους
1839 2038 2078 2090 φθειρομένους
2106 2040 2200 2089 λιμῷ
2229 2037 2289 2075 καὶ
2315 2037 2365 2075 δί-

1343 2089 1400 2139 ψει
1429 2082 1488 2126 καὶ
1520 2092 1662 2142 παγετῷ
1694 2092 1861 2143 ὁρῶντες,
1895 2093 2019 2142 γελᾶτε
2042 2091 2102 2128 καὶ
2123 2089 2364 2142 βδελύσσεσθε,

1343 2141 1402 2178 καὶ
1434 2141 1495 2184 τὰς
1521 2142 1616 2194 ὄψεις
1635 2143 1891 2195 ἀποστρέφεσθε
1905 2175 1913 2191 ,
1947 2144 2007 2197 καὶ
2028 2145 2181 2193 μάλιστα
2202 2142 2279 2186 τοὺς
2297 2143 2366 2180 ὑπὸ

1343 2196 1405 2238 τῆς
1423 2196 1516 2247 ἱερᾶς
1538 2195 1638 2233 νόσου
1663 2196 1952 2249 κατακειμένουης,
1972 2199 2019 2233 ὧν
2036 2196 2081 2234 τὰ
2104 2195 2192 2246 μέλη
2213 2196 2280 2248 πρὸ
2304 2199 2364 2233 τοῦ

1346 2246 1491 2284 θανάτου
1507 2251 1548 2293 τῆ
1565 2250 1610 2298 γῇ
1631 2249 1883 2298 παραδίδοται,
1901 2252 1948 2285 ὡν
1970 2248 2013 2286 τὰ
2030 2248 2178 2299 σώματα
2197 2255 2267 2290 τοῖς
2280 2249 2364 2284 πολ-

1343 2299 1415 2340 λοῖς
1437 2292 1595 2337 σκοτεινὰ
1615 2300 1673 2336 καὶ
1697 2300 1868 2348 βδελυκτὰ
1887 2300 2102 2349 νομίζονται·
2122 2302 2200 2338 ἀλλ’
2221 2303 2242 2345 ἡ
2266 2298 2361 2350 ψυχὴ

1345 2351 1517 2401 ἐκλάμψει
1538 2353 1585 2394 ὡς
1609 2354 1626 2388 ὁ
1643 2352 1751 2397 ἥλιος.
1784 2351 1905 2401 Ἱ“μεῖς
1933 2352 1968 2389 δὲ
1999 2352 2234 2404 ἐτρυφήσατε,
2258 2353 2364 2389 ἐσπα-

1344 2404 1544 2451 ταλήσατε,
1574 2404 1630 2450 ἐπὶ
1648 2406 1711 2448 τῆς
1730 2407 1792 2455 γῆς
1821 2404 2012 2442 ἀπελάὸετε
2042 2404 2086 2441 τὰ
2121 2404 2234 2458 ἀγαθωὰ
2264 2406 2296 2441 ἐν
2318 2406 2362 2453 τῇ

1344 2456 1414 2505 ζωῇ
1439 2457 1549 2505 ὑμῶν.
1589 2457 1662 2494 NUv
1689 2457 1723 2495 δὲ
1756 2456 1790 2494 τί
1823 2455 1910 2494 εἴπω
1941 2457 2025 2508 πρὸς
2057 2461 2164 2506 ὑμᾶς,
2199 2461 2266 2507 ἀρα
2302 2458 2364 2493 οὐκ

1343 2507 1516 2552 ἠκούσατε
1531 2538 1540 2555 ,
1562 2507 1613 2545 ὅτι
1630 2508 1742 2560 κρίσις
1763 2509 1975 2558 ἡτοίμασται
1994 2512 2014 2554 ἡ
2036 2509 2212 2559 μέλλουσα
2227 2514 2298 2551 τοῖς
2314 2507 2363 2558 μὴ

1344 2560 1528 2606 ποιήσασιν
1541 2559 1649 2608 ἔλεος,
1666 2563 1694 2598 N
1700 2562 1746 2608 αὶ,
1763 2564 1824 2599 οὐκ
1838 2562 2011 2607 ἠλεήσατε
2024 2591 2033 2608 ,
2049 2561 2138 2616 ἀλὶιὰ
2151 2565 2192 2614 τῇ
2210 2562 2367 2612 ἀσπλαγ·

1343 2612 1426 2663 γνία
1459 2613 1694 2652 ἐδουλεύσατε.
1728 2613 1796 2652 Διὰ
1823 2613 1856 2651 τί
1885 2614 1944 2651 καὶ
1968 2614 2052 2667 ὅπερ
2072 2618 2164 2665 εἶχεν
2188 2617 2205 2651 ὃ
2225 2612 2365 2665 πτωχὸς

1344 2654 1598 2716 ἀρηρπάσατε,
1633 2665 1719 2716 Ἄρα
1751 2669 1769 2704 ὃ
1806 2666 1854 2717 μὴ
1895 2668 1999 2704 ἐλεῶν
2044 2668 2227 2710 κολάζεται
2270 2665 2356 2703 διότι

1345 2718 1382 2757 ,Οὐ
1420 2717 1633 2766 μετέδωκεν,
1669 2722 1686 2756 ὁ
1720 2719 1777 2772 δὲω
1788 2722 1994 2757 καταπονῶν
2028 2718 2087 2757 καὶ
2124 2718 2285 2770 ἁρπάζων
2321 2718 2365 2756 τὰ

1345 2770 1472 2815 ἄλλων,
1492 2770 1526 2807 τί
1550 2775 1735 2820 παθεῖται,
1763 2773 1846 2824 Ἀρα
1871 2771 1904 2809 τί
1924 2771 2012 2809 εἴπω
2042 2771 2126 2823 πρὸς
2150 2771 2214 2818 τὴν
2248 2770 2365 2809 ἀπάν-

1344 2825 1480 2875 θρωπον
1518 2826 1613 2873 ὑμῶν
1652 2823 1874 2876 προαίρεσιν,
1924 2823 2021 2876 εΟρῶ
2061 2823 2128 2875 γὰρ
2158 2825 2274 2874 μεῖζον
2303 2826 2364 2886 τῇς

1345 2875 1499 2926 ἀφέσεως
1522 2875 1561 2912 τὸ
1587 2875 1750 2927 σφάλμα,
1780 2876 1866 2926 ὑπὲρ
1887 2883 2003 2914 πᾶσαν
2030 2876 2182 2926 ἰατρείαν
2202 2876 2241 2913 τὸ
2260 2890 2364 2939 τραυ-

1346 2943 1394 2976 μα
1421 2927 1720 2965 κατεσκεύασται·
1754 2931 1775 2974 ἡ
1814 2928 1987 2979 ἀποτυχία
2020 2931 2116 2977 ὑμῶν
2138 2931 2363 2978 παραμυθιαν

1345 2982 1406 3017 οὐκ
1433 2980 1532 3030 ἔγει,
1558 2980 1597 3017 τὸ
1627 2980 1789 3029 ναυάγιον
1823 2982 1918 3030 ὑμῶν
1953 2979 2174 3030 ἀδιόρθωτον,
2202 2983 2224 3026 ἡ
2243 2978 2361 3029 πληγὴ

1346 3024 1596 3084 ἀθεράπευτος,
1633 3036 1654 3077 ἡ
1695 3033 1793 3074 νόσος
1826 3032 1963 3074 ἀνίατος
1977 3062 1986 3077 ,
2015 3031 2059 3069 τὰ
2092 3031 2364 3084 παραπτώματα

1346 3086 1443 3135 ὑμῶν
1483 3084 1614 3135 ἀπάρτι
1650 3084 1899 3136 ἀσυγχώρητα.
1951 3085 2027 3122 Οὐκ
2064 3084 2115 3121 ἔτι
2153 3084 2221 3137 γὰρ
2258 3084 2363 3148 ,krefti-

1347 3152 1443 3183 νοια,
1473 3139 1534 3173 οὐκ
1567 3136 1616 3173 ἔτι
1649 3137 1869 3189 παράκλησις
1897 3135 2008 3187 ἰσχύει
2025 3166 2034 3184 ,
2053 3139 2113 3174 οὐκ
2129 3136 2180 3174 ἔτι
2206 3138 2362 3189 δακρυων

1349 3189 1467 3231 ὄφελος
1479 3189 1519 3208 **
1536 3188 1766 3240 ἐγκλημάτων
1789 3189 1856 3226 ἀπὸ
1873 3193 1932 3226 τοῦ
1955 3194 2010 3227 νῦν
2027 3190 2111 3239 ἐμοῦ
2126 3192 2187 3227 οὒκ
2206 3192 2364 3240 ἐμνημο-

1348 3228 1509 3279 νεύσατε·
1540 3243 1608 3277 τῶν
1636 3241 1836 3278 ἀποστόλων
1861 3243 1922 3279 οὐκ
1952 3241 2143 3287 ἠκούσατε,
2172 3240 2234 3284 τὰς
2263 3241 2363 3291 ἁγίας

1349 3309 1413 3343 μου
1429 3292 1571 3344 Γραφὰς
1587 3292 1810 3335 ἐὸδελύξασθε
1823 3324 1831 3340 ,
1847 3294 2019 3331 πεινῶντά
2034 3310 2075 3344 με
2099 3297 2160 3331 οὐκ
2176 3293 2361 3340 ἠλεήσατε·

1350 3345 1519 3383 ἀκούσατε
1544 3345 1663 3383 λοιπὸν
1694 3345 1755 3392 τὴν
1788 3346 1955 3397 ὀδυνηρὰν
1976 3346 2035 3383 καὶ
2055 3346 2272 3397 ἁρμόζουσαν
2293 3361 2362 3396 φω-

1349 3397 1422 3443 νὴν,
1450 3397 1492 3442 ἣν
1513 3399 1608 3447 ὑμῶν
1628 3400 1649 3442 ἦ
1673 3398 1897 3449 ἀσπλαγχνία
1922 3398 2128 3449 προεξένησε
2141 3415 2148 3421 ·
2168 3397 2360 3450 Πορεύεσθε

1350 3451 1409 3486 ἀπ’
1429 3451 1513 3499 ἐμοῧ
1533 3452 1563 3488 οἱ
1578 3449 1814 3502 κατηραμένοι
1830 3452 1876 3494 εἰς
1895 3451 1933 3488 τὸ
1951 3455 2019 3501 πῧρ
2034 3450 2072 3488 τὸ
2093 3450 2240 3488 αἰώνιον.
