<?xml version="1.0" encoding="UTF-8"?>
<!DOCTYPE html PUBLIC "-//W3C//DTD XHTML 1.0 Transitional//EN"
    "http://www.w3.org/TR/xhtml1/DTD/xhtml1-transitional.dtd">
<html xmlns="http://www.w3.org/1999/xhtml" xml:lang="en" lang="en">
 <head>
  <title>
</title>
<meta http-equiv="Content-Type" content="text/html;charset=utf-8" />
  <meta name='ocr-system' content='tesseract 3.04.00' />
  <meta name='ocr-capabilities' content='ocr_page ocr_carea ocr_par ocr_line ocrx_word'/>
</head>
<body>
  <div class='ocr_page' id='page_1' title='image "./operaomniaquaeex09johnuoft/operaomniaquaeex09johnuoft_0200.png"; bbox 0 0 2466 3805; ppageno 0'>
   <div class='ocr_carea' id='block_1_1' title="bbox 72 1435 260 1627">
    <p class='ocr_par' dir='ltr' id='par_1_1' title="bbox 72 1435 260 1627">
     <span class='ocr_line' id='line_1_1' title="bbox 77 1435 259 1463; baseline 0.011 -2"><span class='ocrx_word' id='word_1_1' title='bbox 77 1435 138 1462; x_wconf 85' lang='lat' dir='ltr'>Cur</span> <span class='ocrx_word' id='word_1_2' title='bbox 152 1435 259 1463; x_wconf 74' lang='lat' dir='ltr'>Paulus</span> 
     </span>
     <span class='ocr_line' id='line_1_2' title="bbox 76 1476 259 1513; baseline 0.005 -10"><span class='ocrx_word' id='word_1_3' title='bbox 76 1476 259 1513; x_wconf 58' lang='lat' dir='ltr'>postChristi</span> 
     </span>
     <span class='ocr_line' id='line_1_3' title="bbox 73 1519 243 1545; baseline 0.006 -1"><span class='ocrx_word' id='word_1_4' title='bbox 73 1519 243 1545; x_wconf 78' lang='lat' dir='ltr'>resurrecti.—</span> 
     </span>
     <span class='ocr_line' id='line_1_4' title="bbox 72 1568 260 1585; baseline 0.005 -1"><span class='ocrx_word' id='word_1_5' title='bbox 72 1568 138 1585; x_wconf 87' lang='lat' dir='ltr'>nem</span> <span class='ocrx_word' id='word_1_6' title='bbox 189 1569 260 1585; x_wconf 90' lang='lat' dir='ltr'>con-</span> 
     </span>
     <span class='ocr_line' id='line_1_5' title="bbox 72 1601 237 1627; baseline 0.012 -2"><span class='ocrx_word' id='word_1_7' title='bbox 72 1608 170 1626; x_wconf 82' lang='lat' dir='ltr'>versus</span> <span class='ocrx_word' id='word_1_8' title='bbox 189 1601 237 1627; x_wconf 87' lang='lat' dir='ltr'>sit.</span> 
     </span>
    </p>
   </div>
   <div class='ocr_carea' id='block_1_2' title="bbox 73 2527 230 2923">
    <p class='ocr_par' dir='ltr' id='par_1_2' title="bbox 73 2527 230 2923">
     <span class='ocr_line' id='line_1_6' title="bbox 73 2527 230 2556; baseline 0.019 -3"><span class='ocrx_word' id='word_1_9' title='bbox 73 2527 162 2554; x_wconf 72' lang='lat' dir='ltr'>joan.</span> <span class='ocrx_word' id='word_1_10' title='bbox 185 2535 230 2556; x_wconf 88' lang='lat'>12.</span> 
     </span>
     <span class='ocr_line' id='line_1_7' title="bbox 75 2575 124 2604; baseline 0 -10"><span class='ocrx_word' id='word_1_11' title='bbox 75 2575 124 2604; x_wconf 81' lang='lat'>29.</span> 
     </span>
     <span class='ocr_line' id='line_1_8' title="bbox 76 2893 218 2923; baseline 0.021 -3"><span class='ocrx_word' id='word_1_12' title='bbox 76 2894 142 2923; x_wconf 72' lang='lat' dir='ltr'>Act.</span> <span class='ocrx_word' id='word_1_13' title='bbox 171 2893 218 2923; x_wconf 83' lang='lat'>13.</span> 
     </span>
    </p>
   </div>
   <div class='ocr_carea' id='block_1_3' title="bbox 280 248 1266 935">
    <p class='ocr_par' dir='ltr' id='par_1_3' title="bbox 280 248 1266 935">
     <span class='ocr_line' id='line_1_9' title="bbox 296 248 382 294; baseline 0 0"><span class='ocrx_word' id='word_1_14' title='bbox 296 266 310 294; x_wconf 80' lang='lat'>1</span> <span class='ocrx_word' id='word_1_15' title='bbox 321 248 382 294; x_wconf 83' lang='grc'>66</span> 
     </span>
     <span class='ocr_line' id='line_1_10' title="bbox 288 341 1266 388; baseline -0.006 -5"><span class='ocrx_word' id='word_1_16' title='bbox 288 346 358 383; x_wconf 79' lang='lat' dir='ltr'>Ad</span> <span class='ocrx_word' id='word_1_17' title='bbox 371 359 509 385; x_wconf 80' lang='lat' dir='ltr'>manus</span> <span class='ocrx_word' id='word_1_18' title='bbox 526 354 656 384; x_wconf 83' lang='lat' dir='ltr'>autem</span> <span class='ocrx_word' id='word_1_19' title='bbox 675 345 785 382; x_wconf 82' lang='lat' dir='ltr'>illum</span> <span class='ocrx_word' id='word_1_20' title='bbox 805 345 1013 388; x_wconf 81' lang='lat' dir='ltr'><em>trahentes,</em></span> <span class='ocrx_word' id='word_1_21' title='bbox 1042 341 1266 379; x_wconf 75' lang='lat' dir='ltr'>introduxe-</span> 
     </span>
     <span class='ocr_line' id='line_1_11' title="bbox 287 401 1265 454; baseline -0.006 -12"><span class='ocrx_word' id='word_1_22' title='bbox 287 419 372 443; x_wconf 87' lang='lat' dir='ltr'>rum</span> <span class='ocrx_word' id='word_1_23' title='bbox 388 407 636 443; x_wconf 81' lang='lat' dir='ltr'><em>Damascum.</em></span> <span class='ocrx_word' id='word_1_24' title='bbox 654 403 775 454; x_wconf 87' lang='lat' dir='ltr'>Spolia</span> <span class='ocrx_word' id='word_1_25' title='bbox 797 402 946 449; x_wconf 87' lang='lat' dir='ltr'>diaboli,</span> <span class='ocrx_word' id='word_1_26' title='bbox 968 414 1053 439; x_wconf 82' lang='lat' dir='ltr'>vasa</span> <span class='ocrx_word' id='word_1_27' title='bbox 1072 401 1161 451; x_wconf 89' lang='lat' dir='ltr'>ejus,</span> <span class='ocrx_word' id='word_1_28' title='bbox 1178 413 1265 450; x_wconf 88' lang='lat' dir='ltr'>qua-</span> 
     </span>
     <span class='ocr_line' id='line_1_12' title="bbox 286 460 1263 517; baseline -0.006 -13"><span class='ocrx_word' id='word_1_29' title='bbox 286 466 315 503; x_wconf 91' lang='lat' dir='ltr'>si</span> <span class='ocrx_word' id='word_1_30' title='bbox 346 475 447 517; x_wconf 85' lang='lat' dir='ltr'>capta</span> <span class='ocrx_word' id='word_1_31' title='bbox 479 464 633 515; x_wconf 84' lang='lat' dir='ltr'>quadam</span> <span class='ocrx_word' id='word_1_32' title='bbox 664 464 753 500; x_wconf 90' lang='lat' dir='ltr'>urbe</span> <span class='ocrx_word' id='word_1_33' title='bbox 777 464 834 501; x_wconf 89' lang='lat' dir='ltr'>vel</span> <span class='ocrx_word' id='word_1_34' title='bbox 873 462 1059 514; x_wconf 89' lang='lat' dir='ltr'>metropoli</span> <span class='ocrx_word' id='word_1_35' title='bbox 1098 460 1263 499; x_wconf 86' lang='lat' dir='ltr'>introdu-</span> 
     </span>
     <span class='ocr_line' id='line_1_13' title="bbox 286 520 1264 575; baseline -0.005 -13"><span class='ocrx_word' id='word_1_36' title='bbox 286 534 380 562; x_wconf 87' lang='lat' dir='ltr'>cunt.</span> <span class='ocrx_word' id='word_1_37' title='bbox 403 525 448 561; x_wconf 91' lang='lat' dir='ltr'>Et</span> <span class='ocrx_word' id='word_1_38' title='bbox 475 524 570 574; x_wconf 87' lang='lat' dir='ltr'>quod</span> <span class='ocrx_word' id='word_1_39' title='bbox 599 523 733 560; x_wconf 86' lang='lat' dir='ltr'>mirum</span> <span class='ocrx_word' id='word_1_40' title='bbox 751 532 815 572; x_wconf 90' lang='lat' dir='ltr'>est,</span> <span class='ocrx_word' id='word_1_41' title='bbox 842 523 911 575; x_wconf 87' lang='lat' dir='ltr'>ipsi</span> <span class='ocrx_word' id='word_1_42' title='bbox 939 522 1075 559; x_wconf 87' lang='lat' dir='ltr'>inimici</span> <span class='ocrx_word' id='word_1_43' title='bbox 1095 530 1128 558; x_wconf 92' lang='lat' dir='ltr'>et</span> <span class='ocrx_word' id='word_1_44' title='bbox 1146 520 1264 558; x_wconf 88' lang='lat' dir='ltr'>hostes</span> 
     </span>
     <span class='ocr_line' id='line_1_14' title="bbox 284 582 1263 622; baseline -0.002 -1"><span class='ocrx_word' id='word_1_45' title='bbox 284 583 510 621; x_wconf 85' lang='lat' dir='ltr'>introducunt</span> <span class='ocrx_word' id='word_1_46' title='bbox 528 583 631 620; x_wconf 89' lang='lat' dir='ltr'>illum</span> <span class='ocrx_word' id='word_1_47' title='bbox 645 584 810 621; x_wconf 90' lang='lat' dir='ltr'>omnibus</span> <span class='ocrx_word' id='word_1_48' title='bbox 825 582 1040 622; x_wconf 87' lang='lat' dir='ltr'>videntibus.</span> <span class='ocrx_word' id='word_1_49' title='bbox 1059 584 1096 621; x_wconf 88' lang='lat'>9.</span> <span class='ocrx_word' id='word_1_50' title='bbox 1111 583 1166 620; x_wconf 83' lang='lat' dir='ltr'>Et</span> <span class='ocrx_word' id='word_1_51' title='bbox 1181 590 1263 619; x_wconf 83' lang='lat' dir='ltr'>erat</span> 
     </span>
     <span class='ocr_line' id='line_1_15' title="bbox 284 644 1262 690; baseline 0 -11"><span class='ocrx_word' id='word_1_52' title='bbox 284 645 404 680; x_wconf 80' lang='lat' dir='ltr'>tribus</span> <span class='ocrx_word' id='word_1_53' title='bbox 425 644 556 681; x_wconf 79' lang='lat' dir='ltr'>diebus</span> <span class='ocrx_word' id='word_1_54' title='bbox 576 657 653 681; x_wconf 86' lang='lat' dir='ltr'>non</span> <span class='ocrx_word' id='word_1_55' title='bbox 678 645 830 690; x_wconf 81' lang='lat' dir='ltr'>videns,</span> <span class='ocrx_word' id='word_1_56' title='bbox 852 652 889 681; x_wconf 84' lang='lat' dir='ltr'>et</span> <span class='ocrx_word' id='word_1_57' title='bbox 914 657 992 680; x_wconf 87' lang='lat' dir='ltr'>non</span> <span class='ocrx_word' id='word_1_58' title='bbox 1011 644 1262 680; x_wconf 78' lang='lat' dir='ltr'>manducavit</span> 
     </span>
     <span class='ocr_line' id='line_1_16' title="bbox 283 703 1262 756; baseline 0 -17"><span class='ocrx_word' id='word_1_59' title='bbox 283 717 403 754; x_wconf 82' lang='lat' dir='ltr'>neque</span> <span class='ocrx_word' id='word_1_60' title='bbox 424 705 530 742; x_wconf 86' lang='lat' dir='ltr'><em>bibit.</em></span> <span class='ocrx_word' id='word_1_61' title='bbox 545 704 642 750; x_wconf 87' lang='lat' dir='ltr'>Quid</span> <span class='ocrx_word' id='word_1_62' title='bbox 659 704 744 741; x_wconf 89' lang='lat' dir='ltr'>huic</span> <span class='ocrx_word' id='word_1_63' title='bbox 763 703 813 741; x_wconf 89' lang='lat' dir='ltr'>rei</span> <span class='ocrx_word' id='word_1_64' title='bbox 832 718 896 756; x_wconf 88' lang='lat' dir='ltr'>par</span> <span class='ocrx_word' id='word_1_65' title='bbox 914 703 1044 741; x_wconf 73' lang='lat' dir='ltr'>fuerit?</span> <span class='ocrx_word' id='word_1_66' title='bbox 1060 703 1262 740; x_wconf 81' lang='lat' dir='ltr'>Consolatio</span> 
     </span>
     <span class='ocr_line' id='line_1_17' title="bbox 280 763 1262 816; baseline 0.001 -16"><span class='ocrx_word' id='word_1_67' title='bbox 280 763 357 800; x_wconf 84' lang='lat' dir='ltr'>haec</span> <span class='ocrx_word' id='word_1_68' title='bbox 368 763 505 801; x_wconf 87' lang='lat' dir='ltr'>inducti</span> <span class='ocrx_word' id='word_1_69' title='bbox 519 764 624 803; x_wconf 85' lang='lat' dir='ltr'>Pauli</span> <span class='ocrx_word' id='word_1_70' title='bbox 639 774 839 816; x_wconf 82' lang='lat' dir='ltr'>compensat</span> <span class='ocrx_word' id='word_1_71' title='bbox 854 778 1040 802; x_wconf 85' lang='lat' dir='ltr'>moerorem</span> <span class='ocrx_word' id='word_1_72' title='bbox 1054 764 1098 801; x_wconf 92' lang='lat' dir='ltr'>de</span> <span class='ocrx_word' id='word_1_73' title='bbox 1112 763 1262 816; x_wconf 87' lang='lat' dir='ltr'>Stepha-</span> 
     </span>
     <span class='ocr_line' id='line_1_18' title="bbox 280 824 1261 876; baseline 0.001 -16"><span class='ocrx_word' id='word_1_74' title='bbox 280 837 326 860; x_wconf 87' lang='lat' dir='ltr'>no</span> <span class='ocrx_word' id='word_1_75' title='bbox 338 833 561 876; x_wconf 87' lang='lat' dir='ltr'>conceptum,</span> <span class='ocrx_word' id='word_1_76' title='bbox 575 825 658 863; x_wconf 86' lang='lat' dir='ltr'>licet</span> <span class='ocrx_word' id='word_1_77' title='bbox 676 824 735 862; x_wconf 84' lang='lat' dir='ltr'>hic</span> <span class='ocrx_word' id='word_1_78' title='bbox 748 839 846 863; x_wconf 88' lang='lat' dir='ltr'>suam</span> <span class='ocrx_word' id='word_1_79' title='bbox 865 825 994 863; x_wconf 84' lang='lat' dir='ltr'>habeat</span> <span class='ocrx_word' id='word_1_80' title='bbox 1006 824 1042 862; x_wconf 90' lang='lat' dir='ltr'>in</span> <span class='ocrx_word' id='word_1_81' title='bbox 1053 839 1090 862; x_wconf 91' lang='lat' dir='ltr'>se</span> <span class='ocrx_word' id='word_1_82' title='bbox 1103 825 1261 862; x_wconf 82' lang='lat' dir='ltr'>consola-</span> 
     </span>
     <span class='ocr_line' id='line_1_19' title="bbox 280 883 1261 935; baseline 0.001 -14"><span class='ocrx_word' id='word_1_83' title='bbox 280 883 426 935; x_wconf 91' lang='lat' dir='ltr'>tionem,</span> <span class='ocrx_word' id='word_1_84' title='bbox 445 885 541 935; x_wconf 91' lang='lat' dir='ltr'>quod</span> <span class='ocrx_word' id='word_1_85' title='bbox 557 885 618 923; x_wconf 89' lang='lat' dir='ltr'>ille</span> <span class='ocrx_word' id='word_1_86' title='bbox 633 885 684 923; x_wconf 89' lang='lat' dir='ltr'>sic</span> <span class='ocrx_word' id='word_1_87' title='bbox 702 886 845 923; x_wconf 87' lang='lat' dir='ltr'>obiisset</span> <span class='ocrx_word' id='word_1_88' title='bbox 856 901 868 935; x_wconf 76' lang='lat'><em>3</em></span> <span class='ocrx_word' id='word_1_89' title='bbox 889 894 924 923; x_wconf 89' lang='lat' dir='ltr'>et</span> <span class='ocrx_word' id='word_1_90' title='bbox 938 885 1032 923; x_wconf 86' lang='lat' dir='ltr'>hanc</span> <span class='ocrx_word' id='word_1_91' title='bbox 1050 885 1135 922; x_wconf 88' lang='lat' dir='ltr'>item</span> <span class='ocrx_word' id='word_1_92' title='bbox 1153 885 1261 922; x_wconf 86' lang='lat' dir='ltr'>habe-</span> 
     </span>
    </p>
   </div>
   <div class='ocr_carea' id='block_1_4' title="bbox 278 945 1261 1056">
    <p class='ocr_par' dir='ltr' id='par_1_4' title="bbox 278 945 1261 1056">
     <span class='ocr_line' id='line_1_20' title="bbox 280 945 1261 996; baseline 0.003 -16"><span class='ocrx_word' id='word_1_93' title='bbox 280 953 346 992; x_wconf 88' lang='lat' dir='ltr'>ret,</span> <span class='ocrx_word' id='word_1_94' title='bbox 368 945 463 994; x_wconf 92' lang='lat' dir='ltr'>quod</span> <span class='ocrx_word' id='word_1_95' title='bbox 493 945 798 984; x_wconf 81' lang='lat' dir='ltr'>Samaritanorum</span> <span class='ocrx_word' id='word_1_96' title='bbox 825 945 895 984; x_wconf 91' lang='lat' dir='ltr'>vici</span> <span class='ocrx_word' id='word_1_97' title='bbox 923 945 1061 983; x_wconf 85' lang='lat' dir='ltr'>reducti</span> <span class='ocrx_word' id='word_1_98' title='bbox 1091 959 1261 996; x_wconf 88' lang='lat' dir='ltr'>magnum</span> 
     </span>
     <span class='ocr_line' id='line_1_21' title="bbox 278 1004 1259 1056; baseline 0.001 -15"><span class='ocrx_word' id='word_1_99' title='bbox 278 1004 444 1042; x_wconf 81' lang='lat' dir='ltr'>afferrent</span> <span class='ocrx_word' id='word_1_100' title='bbox 472 1005 650 1044; x_wconf 88' lang='lat' dir='ltr'>solatium.</span> <span class='ocrx_word' id='word_1_101' title='bbox 682 1006 729 1044; x_wconf 92' lang='lat' dir='ltr'>Et</span> <span class='ocrx_word' id='word_1_102' title='bbox 749 1020 827 1055; x_wconf 89' lang='lat' dir='ltr'>cur,</span> <span class='ocrx_word' id='word_1_103' title='bbox 848 1005 1000 1056; x_wconf 78' lang='lat' dir='ltr'>inquies,</span> <span class='ocrx_word' id='word_1_104' title='bbox 1028 1019 1097 1042; x_wconf 89' lang='lat' dir='ltr'>non</span> <span class='ocrx_word' id='word_1_105' title='bbox 1118 1005 1164 1042; x_wconf 89' lang='lat' dir='ltr'>ab</span> <span class='ocrx_word' id='word_1_106' title='bbox 1185 1005 1259 1043; x_wconf 90' lang='lat' dir='ltr'>ini-</span> 
     </span>
    </p>
   </div>
   <div class='ocr_carea' id='block_1_5' title="bbox 727 261 987 293">
    <p class='ocr_par' dir='ltr' id='par_1_5' title="bbox 727 261 987 293">
     <span class='ocr_line' id='line_1_22' title="bbox 727 261 987 293; baseline -0.008 0"><span class='ocrx_word' id='word_1_107' title='bbox 727 263 765 293; x_wconf 87' lang='lat' dir='ltr'>S.</span> <span class='ocrx_word' id='word_1_108' title='bbox 801 261 987 293; x_wconf 72' lang='lat' dir='ltr'>JOANMS</span> 
     </span>
    </p>
   </div>
   <div class='ocr_carea' id='block_1_6' title="bbox 1023 259 1904 293">
    <p class='ocr_par' dir='ltr' id='par_1_6' title="bbox 1023 259 1904 293">
     <span class='ocr_line' id='line_1_23' title="bbox 1023 259 1904 293; baseline 0.003 -3"><span class='ocrx_word' id='word_1_109' title='bbox 1023 259 1265 290; x_wconf 83' lang='lat' dir='ltr'>CHRYSOST.</span> <span class='ocrx_word' id='word_1_110' title='bbox 1301 259 1508 289; x_wconf 84' lang='lat' dir='ltr'>ARCHIEP.</span> <span class='ocrx_word' id='word_1_111' title='bbox 1545 260 1826 292; x_wconf 81' lang='lat' dir='ltr'>CONSTANTIN</span> <span class='ocrx_word' id='word_1_112' title='bbox 1832 263 1888 292; x_wconf 93' lang='grc' dir='ltr'>ΟΡ</span> <span class='ocrx_word' id='word_1_113' title='bbox 1895 283 1904 293; x_wconf 88' lang='lat'>.</span> 
     </span>
    </p>
   </div>
   <div class='ocr_carea' id='block_1_7' title="bbox 1337 341 2354 454">
    <p class='ocr_par' dir='ltr' id='par_1_7' title="bbox 1337 341 2354 454">
     <span class='ocr_line' id='line_1_24' title="bbox 1337 341 2354 397; baseline 0.003 -20"><span class='ocrx_word' id='word_1_114' title='bbox 1337 355 1396 391; x_wconf 86' lang='grc' dir='ltr'>γον</span> <span class='ocrx_word' id='word_1_115' title='bbox 1426 342 1473 383; x_wconf 86' lang='grc' dir='ltr'>εἷς</span> <span class='ocrx_word' id='word_1_116' title='bbox 1499 341 1704 390; x_wconf 84' lang='grc' dir='ltr'>Δαμασκόν.</span> <span class='ocrx_word' id='word_1_117' title='bbox 1743 344 1796 382; x_wconf 89' lang='grc' dir='ltr'>Τὸ</span> <span class='ocrx_word' id='word_1_118' title='bbox 1825 344 1976 397; x_wconf 70' lang='grc' dir='ltr'>λάφυρον</span> <span class='ocrx_word' id='word_1_119' title='bbox 2006 347 2066 382; x_wconf 79' lang='grc' dir='ltr'>τοῦ</span> <span class='ocrx_word' id='word_1_120' title='bbox 2098 342 2259 381; x_wconf 69' lang='grc' dir='ltr'>διαὸόλου</span> <span class='ocrx_word' id='word_1_121' title='bbox 2276 372 2286 390; x_wconf 87' lang='grc'>,</span> <span class='ocrx_word' id='word_1_122' title='bbox 2308 342 2354 380; x_wconf 80' lang='grc' dir='ltr'>τὰ</span> 
     </span>
     <span class='ocr_line' id='line_1_25' title="bbox 1339 400 2354 454; baseline 0.002 -17"><span class='ocrx_word' id='word_1_123' title='bbox 1339 400 1445 447; x_wconf 89' lang='grc' dir='ltr'>σκεύη</span> <span class='ocrx_word' id='word_1_124' title='bbox 1475 402 1576 439; x_wconf 77' lang='grc' dir='ltr'>αὐτοῦ</span> <span class='ocrx_word' id='word_1_125' title='bbox 1589 431 1599 448; x_wconf 90' lang='grc'>,</span> <span class='ocrx_word' id='word_1_126' title='bbox 1629 402 1786 453; x_wconf 84' lang='grc' dir='ltr'>καθάπερ</span> <span class='ocrx_word' id='word_1_127' title='bbox 1803 402 1936 447; x_wconf 81' lang='grc' dir='ltr'>πόλεώς</span> <span class='ocrx_word' id='word_1_128' title='bbox 1954 419 2044 447; x_wconf 90' lang='grc' dir='ltr'>τινος</span> <span class='ocrx_word' id='word_1_129' title='bbox 2061 404 2083 449; x_wconf 84' lang='grc' dir='ltr'>ἢ</span> <span class='ocrx_word' id='word_1_130' title='bbox 2107 402 2354 454; x_wconf 82' lang='grc' dir='ltr'>μητροπόλεως</span> 
     </span>
    </p>
   </div>
   <div class='ocr_carea' id='block_1_8' title="bbox 1289 460 2353 514">
    <p class='ocr_par' dir='ltr' id='par_1_8' title="bbox 1289 460 2353 514">
     <span class='ocr_line' id='line_1_26' title="bbox 1289 460 2353 514; baseline 0.002 -17"><span class='ocrx_word' id='word_1_131' title='bbox 1289 468 1313 497; x_wconf 92' lang='grc' dir='ltr'>Ε</span> <span class='ocrx_word' id='word_1_132' title='bbox 1338 460 1527 511; x_wconf 67' lang='grc' dir='ltr'>ληφθείσης</span> <span class='ocrx_word' id='word_1_133' title='bbox 1547 462 1734 512; x_wconf 81' lang='grc' dir='ltr'>εἰσάγουσι.</span> <span class='ocrx_word' id='word_1_134' title='bbox 1756 463 1827 500; x_wconf 84' lang='grc' dir='ltr'>Καὶ</span> <span class='ocrx_word' id='word_1_135' title='bbox 1848 463 1887 500; x_wconf 80' lang='grc' dir='ltr'>τὸ</span> <span class='ocrx_word' id='word_1_136' title='bbox 1903 463 1945 509; x_wconf 78' lang='grc' dir='ltr'>δὴ</span> <span class='ocrx_word' id='word_1_137' title='bbox 1965 464 2182 514; x_wconf 78' lang='grc' dir='ltr'>θαυμαστὸν,</span> <span class='ocrx_word' id='word_1_138' title='bbox 2206 462 2300 500; x_wconf 80' lang='grc' dir='ltr'>αὐτοὶ</span> <span class='ocrx_word' id='word_1_139' title='bbox 2322 463 2353 500; x_wconf 87' lang='grc' dir='ltr'>οἱ</span> 
     </span>
    </p>
   </div>
   <div class='ocr_carea' id='block_1_9' title="bbox 1334 521 2352 1061">
    <p class='ocr_par' dir='ltr' id='par_1_9' title="bbox 1334 521 2352 1061">
     <span class='ocr_line' id='line_1_27' title="bbox 1337 521 2352 576; baseline 0.002 -18"><span class='ocrx_word' id='word_1_140' title='bbox 1337 521 1497 571; x_wconf 80' lang='grc' dir='ltr'>πολέμιοι</span> <span class='ocrx_word' id='word_1_141' title='bbox 1525 522 1584 559; x_wconf 81' lang='grc' dir='ltr'>καὶ</span> <span class='ocrx_word' id='word_1_142' title='bbox 1612 522 1728 574; x_wconf 69' lang='grc' dir='ltr'>ἐχθροὶ</span> <span class='ocrx_word' id='word_1_143' title='bbox 1753 523 1935 573; x_wconf 80' lang='grc' dir='ltr'>εἰσήγαγον</span> <span class='ocrx_word' id='word_1_144' title='bbox 1956 524 2057 562; x_wconf 80' lang='grc' dir='ltr'>αὐτὸν</span> <span class='ocrx_word' id='word_1_145' title='bbox 2081 524 2219 561; x_wconf 86' lang='grc' dir='ltr'>πάντων</span> <span class='ocrx_word' id='word_1_146' title='bbox 2239 521 2352 576; x_wconf 48' lang='grc' dir='ltr'>ὁρώνέ</span> 
     </span>
     <span class='ocr_line' id='line_1_28' title="bbox 1338 577 2352 636; baseline 0.001 -17"><span class='ocrx_word' id='word_1_147' title='bbox 1338 597 1420 620; x_wconf 88' lang='grc' dir='ltr'>των.</span> <span class='ocrx_word' id='word_1_148' title='bbox 1455 583 1526 620; x_wconf 81' lang='grc' dir='ltr'>Καὶ</span> <span class='ocrx_word' id='word_1_149' title='bbox 1545 577 1587 629; x_wconf 66' lang='grc' dir='ltr'>ἦν</span> <span class='ocrx_word' id='word_1_150' title='bbox 1610 583 1744 635; x_wconf 84' lang='grc' dir='ltr'>ἡμέρας</span> <span class='ocrx_word' id='word_1_151' title='bbox 1758 589 1849 636; x_wconf 88' lang='grc' dir='ltr'>τρεῖς</span> <span class='ocrx_word' id='word_1_152' title='bbox 1871 583 1919 634; x_wconf 88' lang='grc' dir='ltr'>μὴ</span> <span class='ocrx_word' id='word_1_153' title='bbox 1941 583 2090 634; x_wconf 80' lang='grc' dir='ltr'>βλέπων,</span> <span class='ocrx_word' id='word_1_154' title='bbox 2109 585 2168 621; x_wconf 81' lang='grc' dir='ltr'>καὶ</span> <span class='ocrx_word' id='word_1_155' title='bbox 2184 587 2244 622; x_wconf 80' lang='grc' dir='ltr'>οὐκ</span> <span class='ocrx_word' id='word_1_156' title='bbox 2263 583 2352 634; x_wconf 70' lang='grc' dir='ltr'>ἔφα-</span> 
     </span>
     <span class='ocr_line' id='line_1_29' title="bbox 1337 642 2352 696; baseline 0.003 -17"><span class='ocrx_word' id='word_1_157' title='bbox 1337 658 1394 693; x_wconf 89' lang='grc' dir='ltr'>γεν</span> <span class='ocrx_word' id='word_1_158' title='bbox 1414 642 1489 681; x_wconf 79' lang='grc' dir='ltr'>οὐδὲ</span> <span class='ocrx_word' id='word_1_159' title='bbox 1514 643 1602 682; x_wconf 82' lang='grc' dir='ltr'>ἔπιε.</span> <span class='ocrx_word' id='word_1_160' title='bbox 1634 644 1682 681; x_wconf 86' lang='grc' dir='ltr'>Τί</span> <span class='ocrx_word' id='word_1_161' title='bbox 1702 644 1823 681; x_wconf 84' lang='grc' dir='ltr'>τούτου</span> <span class='ocrx_word' id='word_1_162' title='bbox 1843 643 1915 681; x_wconf 84' lang='grc' dir='ltr'>ἴσον</span> <span class='ocrx_word' id='word_1_163' title='bbox 1937 643 2062 695; x_wconf 80' lang='grc' dir='ltr'>γένοιτ’</span> <span class='ocrx_word' id='word_1_164' title='bbox 2085 644 2145 690; x_wconf 82' lang='grc' dir='ltr'>ἄν;</span> <span class='ocrx_word' id='word_1_165' title='bbox 2177 645 2352 696; x_wconf 71' lang='grc' dir='ltr'>Ἀντίῤῥο-</span> 
     </span>
     <span class='ocr_line' id='line_1_30' title="bbox 1335 703 2352 756; baseline 0.002 -16"><span class='ocrx_word' id='word_1_166' title='bbox 1335 718 1398 746; x_wconf 89' lang='grc' dir='ltr'>πος</span> <span class='ocrx_word' id='word_1_167' title='bbox 1419 705 1480 748; x_wconf 73' lang='grc' dir='ltr'>τῆς</span> <span class='ocrx_word' id='word_1_168' title='bbox 1500 704 1556 742; x_wconf 80' lang='grc' dir='ltr'>ἐπὶ</span> <span class='ocrx_word' id='word_1_169' title='bbox 1572 704 1749 756; x_wconf 61' lang='grc' dir='ltr'>Στέφανου</span> <span class='ocrx_word' id='word_1_170' title='bbox 1775 703 1920 755; x_wconf 81' lang='grc' dir='ltr'>ἀθυμίας</span> <span class='ocrx_word' id='word_1_171' title='bbox 1939 704 2157 754; x_wconf 86' lang='grc' dir='ltr'>παράκλησις</span> <span class='ocrx_word' id='word_1_172' title='bbox 2171 709 2192 750; x_wconf 81' lang='grc' dir='ltr'><strong>ἦ</strong></span> <span class='ocrx_word' id='word_1_173' title='bbox 2209 705 2352 742; x_wconf 83' lang='grc' dir='ltr'>Παύλου</span> 
     </span>
     <span class='ocr_line' id='line_1_31' title="bbox 1334 765 2351 817; baseline 0.002 -17"><span class='ocrx_word' id='word_1_174' title='bbox 1334 765 1546 817; x_wconf 77' lang='grc' dir='ltr'>προσαγωγὴ</span> <span class='ocrx_word' id='word_1_175' title='bbox 1575 766 1725 817; x_wconf 83' lang='grc' dir='ltr'>γίνεται,</span> <span class='ocrx_word' id='word_1_176' title='bbox 1753 766 1880 817; x_wconf 73' lang='grc' dir='ltr'>ἔχουσα</span> <span class='ocrx_word' id='word_1_177' title='bbox 1907 765 1968 815; x_wconf 86' lang='grc' dir='ltr'>μὲν</span> <span class='ocrx_word' id='word_1_178' title='bbox 1989 765 2048 802; x_wconf 84' lang='grc' dir='ltr'>καὶ</span> <span class='ocrx_word' id='word_1_179' title='bbox 2067 765 2205 802; x_wconf 82' lang='grc' dir='ltr'>αὐτόθεν</span> <span class='ocrx_word' id='word_1_180' title='bbox 2231 780 2351 816; x_wconf 87' lang='grc' dir='ltr'>παρα-</span> 
     </span>
     <span class='ocr_line' id='line_1_32' title="bbox 1336 823 2352 874; baseline 0.002 -14"><span class='ocrx_word' id='word_1_181' title='bbox 1336 823 1474 872; x_wconf 85' lang='grc' dir='ltr'>μυθίαν,</span> <span class='ocrx_word' id='word_1_182' title='bbox 1489 826 1528 862; x_wconf 84' lang='grc' dir='ltr'>τὸ</span> <span class='ocrx_word' id='word_1_183' title='bbox 1544 825 1649 869; x_wconf 72' lang='grc' dir='ltr'>οὕτως</span> <span class='ocrx_word' id='word_1_184' title='bbox 1665 825 1766 864; x_wconf 78' lang='grc' dir='ltr'>αὐτὸν</span> <span class='ocrx_word' id='word_1_185' title='bbox 1781 828 1954 874; x_wconf 80' lang='grc' dir='ltr'>ἀπελθεῖν,</span> <span class='ocrx_word' id='word_1_186' title='bbox 1970 825 2125 863; x_wconf 67' lang='grc' dir='ltr'>λαὸοῦσα</span> <span class='ocrx_word' id='word_1_187' title='bbox 2141 825 2176 862; x_wconf 79' lang='grc' dir='ltr'>δὲ</span> <span class='ocrx_word' id='word_1_188' title='bbox 2192 825 2251 863; x_wconf 83' lang='grc' dir='ltr'>καὶ</span> <span class='ocrx_word' id='word_1_189' title='bbox 2265 824 2352 862; x_wconf 88' lang='grc' dir='ltr'>ταύ-</span> 
     </span>
     <span class='ocr_line' id='line_1_33' title="bbox 1335 885 2349 940; baseline 0.002 -19"><span class='ocrx_word' id='word_1_190' title='bbox 1335 900 1412 933; x_wconf 84' lang='grc' dir='ltr'>την,</span> <span class='ocrx_word' id='word_1_191' title='bbox 1431 885 1491 924; x_wconf 77' lang='grc' dir='ltr'>καὶ</span> <span class='ocrx_word' id='word_1_192' title='bbox 1513 889 1546 924; x_wconf 83' lang='grc' dir='ltr'>αἱ</span> <span class='ocrx_word' id='word_1_193' title='bbox 1565 888 1796 940; x_wconf 76' lang='grc' dir='ltr'>Σαμαρειτῶν</span> <span class='ocrx_word' id='word_1_194' title='bbox 1816 887 1851 924; x_wconf 78' lang='grc' dir='ltr'>δὲ</span> <span class='ocrx_word' id='word_1_195' title='bbox 1868 889 1986 937; x_wconf 80' lang='grc' dir='ltr'>κῶμαι</span> <span class='ocrx_word' id='word_1_196' title='bbox 2001 889 2266 938; x_wconf 75' lang='grc' dir='ltr'>προσαχθεῖσαι,</span> <span class='ocrx_word' id='word_1_197' title='bbox 2285 901 2349 935; x_wconf 78' lang='grc' dir='ltr'>με·-</span> 
     </span>
     <span class='ocr_line' id='line_1_34' title="bbox 1334 945 2349 1000; baseline -0.001 -16"><span class='ocrx_word' id='word_1_198' title='bbox 1334 948 1456 998; x_wconf 84' lang='grc' dir='ltr'>γίστην</span> <span class='ocrx_word' id='word_1_199' title='bbox 1482 948 1656 1000; x_wconf 62' lang='grc' dir='ltr'>παρέσχον</span> <span class='ocrx_word' id='word_1_200' title='bbox 1683 948 1916 999; x_wconf 83' lang='grc' dir='ltr'>παράκλησιν.</span> <span class='ocrx_word' id='word_1_201' title='bbox 1937 947 2007 984; x_wconf 77' lang='grc' dir='ltr'>Καὶ</span> <span class='ocrx_word' id='word_1_202' title='bbox 2034 946 2091 984; x_wconf 72' lang='grc' dir='ltr'>διὰ</span> <span class='ocrx_word' id='word_1_203' title='bbox 2107 947 2157 993; x_wconf 88' lang='grc' dir='ltr'>τί,</span> <span class='ocrx_word' id='word_1_204' title='bbox 2178 947 2283 998; x_wconf 67' lang='grc' dir='ltr'>φησὶ,</span> <span class='ocrx_word' id='word_1_205' title='bbox 2300 945 2349 996; x_wconf 83' lang='grc' dir='ltr'>μὴ</span> 
     </span>
     <span class='ocr_line' id='line_1_35' title="bbox 1335 1005 2350 1061; baseline -0.003 -15"><span class='ocrx_word' id='word_1_206' title='bbox 1335 1009 1368 1053; x_wconf 81' lang='grc' dir='ltr'>ἐξ</span> <span class='ocrx_word' id='word_1_207' title='bbox 1391 1011 1502 1061; x_wconf 63' lang='grc' dir='ltr'>ἀρχῆς</span> <span class='ocrx_word' id='word_1_208' title='bbox 1519 1013 1619 1046; x_wconf 75' lang='grc' dir='ltr'>τοῦτο</span> <span class='ocrx_word' id='word_1_209' title='bbox 1639 1007 1792 1059; x_wconf 82' lang='grc' dir='ltr'>γέγονεν,</span> <span class='ocrx_word' id='word_1_210' title='bbox 1813 1008 1902 1046; x_wconf 80' lang='grc' dir='ltr'>ἀλλὰ</span> <span class='ocrx_word' id='word_1_211' title='bbox 1923 1006 2013 1057; x_wconf 85' lang='grc' dir='ltr'>μετὰ</span> <span class='ocrx_word' id='word_1_212' title='bbox 2028 1011 2137 1044; x_wconf 73' lang='grc' dir='ltr'>ταῦτα</span> <span class='ocrx_word' id='word_1_213' title='bbox 2153 1023 2165 1054; x_wconf 79' lang='lat'>3</span> <span class='ocrx_word' id='word_1_214' title='bbox 2182 1005 2259 1044; x_wconf 84' lang='grc' dir='ltr'>Ἵνα</span> <span class='ocrx_word' id='word_1_215' title='bbox 2277 1007 2350 1044; x_wconf 79' lang='grc' dir='ltr'>δει-</span> 
     </span>
    </p>
   </div>
   <div class='ocr_carea' id='block_1_10' title="bbox 278 1065 2350 1181">
    <p class='ocr_par' dir='ltr' id='par_1_10' title="bbox 278 1065 2350 1181">
     <span class='ocr_line' id='line_1_36' title="bbox 279 1065 2350 1122; baseline 0.001 -20"><span class='ocrx_word' id='word_1_216' title='bbox 279 1065 328 1102; x_wconf 91' lang='lat' dir='ltr'>tio</span> <span class='ocrx_word' id='word_1_217' title='bbox 347 1065 384 1102; x_wconf 89' lang='lat' dir='ltr'>id</span> <span class='ocrx_word' id='word_1_218' title='bbox 404 1066 540 1103; x_wconf 86' lang='lat' dir='ltr'>factum</span> <span class='ocrx_word' id='word_1_219' title='bbox 571 1076 636 1116; x_wconf 89' lang='lat' dir='ltr'>est,</span> <span class='ocrx_word' id='word_1_220' title='bbox 668 1067 727 1105; x_wconf 89' lang='lat' dir='ltr'>sed</span> <span class='ocrx_word' id='word_1_221' title='bbox 760 1067 908 1119; x_wconf 74' lang='lat' dir='ltr'>postea?</span> <span class='ocrx_word' id='word_1_222' title='bbox 927 1068 978 1104; x_wconf 90' lang='lat' dir='ltr'>Ut</span> <span class='ocrx_word' id='word_1_223' title='bbox 1005 1066 1257 1117; x_wconf 71' lang='lat' dir='ltr'>ostenderetur,</span> <span class='ocrx_word' id='word_1_224' title='bbox 1274 1094 1321 1118; x_wconf 68' lang='lat'>157</span> <span class='ocrx_word' id='word_1_225' title='bbox 1334 1073 1422 1122; x_wconf 63' lang='grc' dir='ltr'>χοῇ,</span> <span class='ocrx_word' id='word_1_226' title='bbox 1441 1070 1493 1108; x_wconf 78' lang='grc' dir='ltr'>ὅτι</span> <span class='ocrx_word' id='word_1_227' title='bbox 1520 1070 1627 1112; x_wconf 87' lang='grc' dir='ltr'>ὄντως</span> <span class='ocrx_word' id='word_1_228' title='bbox 1656 1069 1782 1114; x_wconf 82' lang='grc' dir='ltr'>ἀνέστη</span> <span class='ocrx_word' id='word_1_229' title='bbox 1812 1072 1829 1107; x_wconf 83' lang='grc' dir='ltr'>ὁ</span> <span class='ocrx_word' id='word_1_230' title='bbox 1854 1067 2015 1119; x_wconf 86' lang='grc' dir='ltr'>Χριστός.</span> <span class='ocrx_word' id='word_1_231' title='bbox 2049 1067 2093 1105; x_wconf 90' lang='grc' dir='ltr'>Ὁ</span> <span class='ocrx_word' id='word_1_232' title='bbox 2111 1067 2179 1120; x_wconf 77' lang='grc' dir='ltr'>γὰρ</span> <span class='ocrx_word' id='word_1_233' title='bbox 2199 1066 2350 1105; x_wconf 82' lang='grc' dir='ltr'>ἐλαύνων</span> 
     </span>
     <span class='ocr_line' id='line_1_37' title="bbox 278 1126 2350 1181; baseline 0 -17"><span class='ocrx_word' id='word_1_234' title='bbox 278 1139 359 1164; x_wconf 78' lang='lat' dir='ltr'>vere</span> <span class='ocrx_word' id='word_1_235' title='bbox 375 1126 558 1163; x_wconf 83' lang='lat' dir='ltr'>Christum</span> <span class='ocrx_word' id='word_1_236' title='bbox 577 1129 823 1165; x_wconf 70' lang='lat' dir='ltr'>resurrexisse.</span> <span class='ocrx_word' id='word_1_237' title='bbox 847 1126 920 1174; x_wconf 88' lang='lat' dir='ltr'>Qui</span> <span class='ocrx_word' id='word_1_238' title='bbox 944 1126 1038 1164; x_wconf 88' lang='lat' dir='ltr'>enim</span> <span class='ocrx_word' id='word_1_239' title='bbox 1065 1141 1260 1178; x_wconf 89' lang='lat' dir='ltr'>perseque-</span> <span class='ocrx_word' id='word_1_240' title='bbox 1285 1132 1308 1159; x_wconf 77' lang='grc' dir='ltr'>Α</span> <span class='ocrx_word' id='word_1_241' title='bbox 1337 1131 1437 1168; x_wconf 75' lang='grc' dir='ltr'>αὐτὸν</span> <span class='ocrx_word' id='word_1_242' title='bbox 1453 1161 1462 1178; x_wconf 80' lang='lat'>‚</span> <span class='ocrx_word' id='word_1_243' title='bbox 1483 1131 1542 1168; x_wconf 77' lang='grc' dir='ltr'>καὶ</span> <span class='ocrx_word' id='word_1_244' title='bbox 1565 1133 1721 1168; x_wconf 76' lang='grc' dir='ltr'>ἀπιστῶν</span> <span class='ocrx_word' id='word_1_245' title='bbox 1748 1132 1851 1167; x_wconf 72' lang='grc' dir='ltr'>αὐτοῦ</span> <span class='ocrx_word' id='word_1_246' title='bbox 1876 1133 1919 1181; x_wconf 74' lang='grc' dir='ltr'>τῇ</span> <span class='ocrx_word' id='word_1_247' title='bbox 1946 1131 2089 1175; x_wconf 78' lang='grc' dir='ltr'>τελευτῆ</span> <span class='ocrx_word' id='word_1_248' title='bbox 2121 1128 2181 1166; x_wconf 79' lang='grc' dir='ltr'>καὶ</span> <span class='ocrx_word' id='word_1_249' title='bbox 2196 1132 2238 1179; x_wconf 80' lang='grc' dir='ltr'>τῇ</span> <span class='ocrx_word' id='word_1_250' title='bbox 2262 1130 2350 1166; x_wconf 77' lang='grc' dir='ltr'>ἀνα-</span> 
     </span>
    </p>
   </div>
   <div class='ocr_carea' id='block_1_11' title="bbox 269 1185 1261 2448">
    <p class='ocr_par' dir='ltr' id='par_1_11' title="bbox 269 1185 1261 2448">
     <span class='ocr_line' id='line_1_38' title="bbox 276 1185 1260 1235; baseline 0.001 -12"><span class='ocrx_word' id='word_1_251' title='bbox 276 1185 383 1223; x_wconf 75' lang='lat' dir='ltr'>batur</span> <span class='ocrx_word' id='word_1_252' title='bbox 398 1187 513 1235; x_wconf 82' lang='lat' dir='ltr'>illum,</span> <span class='ocrx_word' id='word_1_253' title='bbox 533 1200 595 1225; x_wconf 89' lang='lat' dir='ltr'>nec</span> <span class='ocrx_word' id='word_1_254' title='bbox 611 1186 774 1224; x_wconf 82' lang='lat' dir='ltr'>credebat</span> <span class='ocrx_word' id='word_1_255' title='bbox 795 1187 893 1224; x_wconf 88' lang='lat' dir='ltr'>illius</span> <span class='ocrx_word' id='word_1_256' title='bbox 911 1195 1058 1224; x_wconf 87' lang='lat' dir='ltr'>mortem</span> <span class='ocrx_word' id='word_1_257' title='bbox 1079 1200 1120 1224; x_wconf 88' lang='lat' dir='ltr'>ac</span> <span class='ocrx_word' id='word_1_258' title='bbox 1137 1200 1260 1224; x_wconf 89' lang='lat' dir='ltr'>resur-</span> 
     </span>
     <span class='ocr_line' id='line_1_39' title="bbox 275 1247 1261 1300; baseline 0.002 -17"><span class='ocrx_word' id='word_1_259' title='bbox 275 1247 480 1298; x_wconf 75' lang='lat' dir='ltr'>rectionem,</span> <span class='ocrx_word' id='word_1_260' title='bbox 498 1248 561 1298; x_wconf 85' lang='lat' dir='ltr'>qui</span> <span class='ocrx_word' id='word_1_261' title='bbox 581 1247 777 1299; x_wconf 89' lang='lat' dir='ltr'>discipulos</span> <span class='ocrx_word' id='word_1_262' title='bbox 793 1248 869 1300; x_wconf 89' lang='lat' dir='ltr'>ejus</span> <span class='ocrx_word' id='word_1_263' title='bbox 884 1247 1174 1299; x_wconf 86' lang='lat' dir='ltr'>persequebatur,</span> <span class='ocrx_word' id='word_1_264' title='bbox 1190 1261 1261 1285; x_wconf 67' lang='lat' dir='ltr'>un-</span> 
     </span>
     <span class='ocr_line' id='line_1_40' title="bbox 274 1306 1261 1359; baseline -0.001 -14"><span class='ocrx_word' id='word_1_265' title='bbox 274 1306 332 1355; x_wconf 84' lang='lat' dir='ltr'>de,</span> <span class='ocrx_word' id='word_1_266' title='bbox 348 1322 478 1357; x_wconf 78' lang='lat' dir='ltr'>quaeso,</span> <span class='ocrx_word' id='word_1_267' title='bbox 496 1307 712 1357; x_wconf 87' lang='lat' dir='ltr'>credidisset,</span> <span class='ocrx_word' id='word_1_268' title='bbox 728 1307 794 1345; x_wconf 92' lang='lat' dir='ltr'>nisi</span> <span class='ocrx_word' id='word_1_269' title='bbox 809 1321 936 1359; x_wconf 83' lang='lat' dir='ltr'>magna</span> <span class='ocrx_word' id='word_1_270' title='bbox 950 1307 1072 1345; x_wconf 85' lang='lat' dir='ltr'>fuisset</span> <span class='ocrx_word' id='word_1_271' title='bbox 1088 1306 1261 1345; x_wconf 73' lang='lat' dir='ltr'>Crucifixi</span> 
     </span>
     <span class='ocr_line' id='line_1_41' title="bbox 273 1367 1259 1420; baseline -0.001 -14"><span class='ocrx_word' id='word_1_272' title='bbox 273 1367 418 1406; x_wconf 74' lang='lat' dir='ltr'>virtus?</span> <span class='ocrx_word' id='word_1_273' title='bbox 438 1368 540 1416; x_wconf 87' lang='lat' dir='ltr'>Esto,</span> <span class='ocrx_word' id='word_1_274' title='bbox 571 1368 625 1406; x_wconf 92' lang='lat' dir='ltr'>illi</span> <span class='ocrx_word' id='word_1_275' title='bbox 646 1368 716 1420; x_wconf 83' lang='lat' dir='ltr'>ipsi</span> <span class='ocrx_word' id='word_1_276' title='bbox 744 1368 1087 1420; x_wconf 85' lang='lat' dir='ltr'>obtemperaverint,</span> <span class='ocrx_word' id='word_1_277' title='bbox 1109 1367 1196 1418; x_wconf 89' lang='lat' dir='ltr'>quid</span> <span class='ocrx_word' id='word_1_278' title='bbox 1213 1367 1259 1411; x_wconf 85' lang='lat' dir='ltr'>ad</span> 
     </span>
     <span class='ocr_line' id='line_1_42' title="bbox 272 1427 1258 1481; baseline 0.002 -17"><span class='ocrx_word' id='word_1_279' title='bbox 272 1427 369 1465; x_wconf 83' lang='lat' dir='ltr'>hunc</span> <span class='ocrx_word' id='word_1_280' title='bbox 386 1428 506 1466; x_wconf 70' lang='lat' dir='ltr'>dices?</span> <span class='ocrx_word' id='word_1_281' title='bbox 525 1429 796 1480; x_wconf 34' lang='lat' dir='ltr'>Alioquinxvero</span> <span class='ocrx_word' id='word_1_282' title='bbox 818 1429 899 1467; x_wconf 88' lang='lat' dir='ltr'>ideo</span> <span class='ocrx_word' id='word_1_283' title='bbox 925 1438 1003 1481; x_wconf 89' lang='lat' dir='ltr'>post</span> <span class='ocrx_word' id='word_1_284' title='bbox 1024 1429 1258 1467; x_wconf 87' lang='lat' dir='ltr'>resurrectio-</span> 
     </span>
     <span class='ocr_line' id='line_1_43' title="bbox 274 1489 1258 1542; baseline 0.001 -16"><span class='ocrx_word' id='word_1_285' title='bbox 274 1503 353 1526; x_wconf 91' lang='lat' dir='ltr'>nem</span> <span class='ocrx_word' id='word_1_286' title='bbox 372 1489 536 1539; x_wconf 87' lang='lat' dir='ltr'>accessit,</span> <span class='ocrx_word' id='word_1_287' title='bbox 557 1504 667 1540; x_wconf 88' lang='lat' dir='ltr'>neque</span> <span class='ocrx_word' id='word_1_288' title='bbox 691 1490 824 1538; x_wconf 82' lang='lat' dir='ltr'>statim,</span> <span class='ocrx_word' id='word_1_289' title='bbox 844 1499 885 1527; x_wconf 89' lang='lat' dir='ltr'>ut</span> <span class='ocrx_word' id='word_1_290' title='bbox 906 1489 1125 1527; x_wconf 86' lang='lat' dir='ltr'>manifestius</span> <span class='ocrx_word' id='word_1_291' title='bbox 1147 1490 1258 1542; x_wconf 88' lang='lat' dir='ltr'>ipsius</span> 
     </span>
     <span class='ocr_line' id='line_1_44' title="bbox 272 1549 1258 1602; baseline 0.002 -16"><span class='ocrx_word' id='word_1_292' title='bbox 272 1549 407 1587; x_wconf 88' lang='lat' dir='ltr'>bellum</span> <span class='ocrx_word' id='word_1_293' title='bbox 416 1550 590 1588; x_wconf 66' lang='lat' dir='ltr'>videatur.</span> <span class='ocrx_word' id='word_1_294' title='bbox 603 1552 696 1589; x_wconf 90' lang='lat' dir='ltr'>Nam</span> <span class='ocrx_word' id='word_1_295' title='bbox 709 1550 770 1601; x_wconf 88' lang='lat' dir='ltr'>qui</span> <span class='ocrx_word' id='word_1_296' title='bbox 780 1550 831 1588; x_wconf 86' lang='lat' dir='ltr'>sic</span> <span class='ocrx_word' id='word_1_297' title='bbox 844 1550 988 1600; x_wconf 84' lang='lat' dir='ltr'>insanit,</span> <span class='ocrx_word' id='word_1_298' title='bbox 1005 1559 1045 1588; x_wconf 90' lang='lat' dir='ltr'>ut</span> <span class='ocrx_word' id='word_1_299' title='bbox 1059 1559 1092 1588; x_wconf 90' lang='lat' dir='ltr'>et</span> <span class='ocrx_word' id='word_1_300' title='bbox 1109 1550 1258 1602; x_wconf 83' lang='lat' dir='ltr'>sangui-</span> 
     </span>
     <span class='ocr_line' id='line_1_45' title="bbox 273 1610 1259 1662; baseline 0.002 -15"><span class='ocrx_word' id='word_1_301' title='bbox 273 1624 353 1647; x_wconf 91' lang='lat' dir='ltr'>nem</span> <span class='ocrx_word' id='word_1_302' title='bbox 366 1610 538 1661; x_wconf 84' lang='lat' dir='ltr'>effundat,</span> <span class='ocrx_word' id='word_1_303' title='bbox 555 1620 588 1649; x_wconf 95' lang='lat' dir='ltr'>et</span> <span class='ocrx_word' id='word_1_304' title='bbox 602 1611 640 1648; x_wconf 90' lang='lat' dir='ltr'>in</span> <span class='ocrx_word' id='word_1_305' title='bbox 656 1625 829 1649; x_wconf 86' lang='lat' dir='ltr'>carcerem</span> <span class='ocrx_word' id='word_1_306' title='bbox 849 1610 1028 1662; x_wconf 86' lang='lat' dir='ltr'>conjiciat,</span> <span class='ocrx_word' id='word_1_307' title='bbox 1048 1610 1168 1648; x_wconf 78' lang='lat' dir='ltr'>statim</span> <span class='ocrx_word' id='word_1_308' title='bbox 1184 1625 1259 1649; x_wconf 88' lang='lat' dir='ltr'>cre-</span> 
     </span>
     <span class='ocr_line' id='line_1_46' title="bbox 271 1671 1256 1723; baseline 0.001 -14"><span class='ocrx_word' id='word_1_309' title='bbox 271 1671 336 1709; x_wconf 88' lang='lat' dir='ltr'>dit.</span> <span class='ocrx_word' id='word_1_310' title='bbox 351 1673 430 1709; x_wconf 87' lang='lat' dir='ltr'>Non</span> <span class='ocrx_word' id='word_1_311' title='bbox 449 1672 532 1710; x_wconf 83' lang='lat' dir='ltr'>satis</span> <span class='ocrx_word' id='word_1_312' title='bbox 553 1681 637 1720; x_wconf 88' lang='lat' dir='ltr'>erat,</span> <span class='ocrx_word' id='word_1_313' title='bbox 652 1672 749 1723; x_wconf 86' lang='lat' dir='ltr'>quod</span> <span class='ocrx_word' id='word_1_314' title='bbox 770 1686 852 1710; x_wconf 89' lang='lat' dir='ltr'>cum</span> <span class='ocrx_word' id='word_1_315' title='bbox 868 1672 1013 1710; x_wconf 88' lang='lat' dir='ltr'>Christo</span> <span class='ocrx_word' id='word_1_316' title='bbox 1028 1686 1098 1709; x_wconf 92' lang='lat' dir='ltr'>non</span> <span class='ocrx_word' id='word_1_317' title='bbox 1116 1672 1256 1721; x_wconf 88' lang='lat' dir='ltr'>fuisset,</span> 
     </span>
     <span class='ocr_line' id='line_1_47' title="bbox 272 1731 1257 1784; baseline 0.001 -15"><span class='ocrx_word' id='word_1_318' title='bbox 272 1731 332 1769; x_wconf 91' lang='lat' dir='ltr'>sed</span> <span class='ocrx_word' id='word_1_319' title='bbox 361 1733 517 1784; x_wconf 76' lang='lat' dir='ltr'>oportuit</span> <span class='ocrx_word' id='word_1_320' title='bbox 537 1742 576 1770; x_wconf 87' lang='lat' dir='ltr'>ut</span> <span class='ocrx_word' id='word_1_321' title='bbox 597 1733 717 1770; x_wconf 84' lang='lat' dir='ltr'>fideles</span> <span class='ocrx_word' id='word_1_322' title='bbox 744 1734 790 1770; x_wconf 91' lang='lat' dir='ltr'>ab</span> <span class='ocrx_word' id='word_1_323' title='bbox 818 1733 881 1770; x_wconf 92' lang='lat' dir='ltr'>illo</span> <span class='ocrx_word' id='word_1_324' title='bbox 904 1732 1043 1770; x_wconf 86' lang='lat' dir='ltr'>fortiter</span> <span class='ocrx_word' id='word_1_325' title='bbox 1062 1733 1257 1784; x_wconf 85' lang='lat' dir='ltr'>impugna—</span> 
     </span>
     <span class='ocr_line' id='line_1_48' title="bbox 270 1793 1257 1844; baseline -0.001 -13"><span class='ocrx_word' id='word_1_326' title='bbox 270 1803 404 1831; x_wconf 83' lang='lat' dir='ltr'>rentur.</span> <span class='ocrx_word' id='word_1_327' title='bbox 415 1794 564 1832; x_wconf 84' lang='lat' dir='ltr'>Nullum</span> <span class='ocrx_word' id='word_1_328' title='bbox 577 1808 645 1831; x_wconf 92' lang='lat' dir='ltr'>non</span> <span class='ocrx_word' id='word_1_329' title='bbox 660 1795 816 1832; x_wconf 87' lang='lat' dir='ltr'>furorem</span> <span class='ocrx_word' id='word_1_330' title='bbox 831 1803 924 1831; x_wconf 88' lang='lat' dir='ltr'>retro</span> <span class='ocrx_word' id='word_1_331' title='bbox 941 1793 1130 1844; x_wconf 76' lang='lat' dir='ltr'>relinquit,</span> <span class='ocrx_word' id='word_1_332' title='bbox 1144 1793 1257 1831; x_wconf 91' lang='lat' dir='ltr'>omni-</span> 
     </span>
     <span class='ocr_line' id='line_1_49' title="bbox 270 1853 1253 1904; baseline -0.001 -13"><span class='ocrx_word' id='word_1_333' title='bbox 270 1853 338 1891; x_wconf 84' lang='lat' dir='ltr'>hus</span> <span class='ocrx_word' id='word_1_334' title='bbox 363 1855 422 1892; x_wconf 87' lang='lat' dir='ltr'>hic</span> <span class='ocrx_word' id='word_1_335' title='bbox 447 1855 561 1892; x_wconf 88' lang='lat' dir='ltr'>acrior</span> <span class='ocrx_word' id='word_1_336' title='bbox 585 1864 669 1892; x_wconf 88' lang='lat' dir='ltr'>erat.</span> <span class='ocrx_word' id='word_1_337' title='bbox 692 1856 784 1893; x_wconf 89' lang='lat' dir='ltr'>Cum</span> <span class='ocrx_word' id='word_1_338' title='bbox 811 1863 929 1892; x_wconf 82' lang='lat' dir='ltr'>autem</span> <span class='ocrx_word' id='word_1_339' title='bbox 958 1863 1152 1891; x_wconf 73' lang='lat' dir='ltr'>excaecatus</span> <span class='ocrx_word' id='word_1_340' title='bbox 1171 1854 1253 1904; x_wconf 88' lang='lat' dir='ltr'>fuit,</span> 
     </span>
     <span class='ocr_line' id='line_1_50' title="bbox 270 1907 1255 1966; baseline 0 -14"><span class='ocrx_word' id='word_1_341' title='bbox 270 1924 353 1952; x_wconf 86' lang='lat' dir='ltr'>tunc</span> <span class='ocrx_word' id='word_1_342' title='bbox 367 1915 616 1953; x_wconf 86' lang='lat' dir='ltr'>dominationis</span> <span class='ocrx_word' id='word_1_343' title='bbox 635 1925 669 1953; x_wconf 87' lang='lat' dir='ltr'>et</span> <span class='ocrx_word' id='word_1_344' title='bbox 685 1915 876 1953; x_wconf 66' lang='lat' dir='ltr'>clementiae</span> <span class='ocrx_word' id='word_1_345' title='bbox 897 1915 972 1966; x_wconf 88' lang='lat' dir='ltr'>ejus</span> <span class='ocrx_word' id='word_1_346' title='bbox 993 1913 1125 1951; x_wconf 89' lang='lat' dir='ltr'>indicia</span> <span class='ocrx_word' id='word_1_347' title='bbox 1143 1907 1255 1965; x_wconf 85' lang='lat' dir='ltr'>agno-</span> 
     </span>
     <span class='ocr_line' id='line_1_51' title="bbox 269 1974 1250 2027; baseline -0.001 -15"><span class='ocrx_word' id='word_1_348' title='bbox 269 1975 321 2012; x_wconf 84' lang='lat' dir='ltr'>vit</span> <span class='ocrx_word' id='word_1_349' title='bbox 338 1991 345 2012; x_wconf 91' lang='lat'>:</span> <span class='ocrx_word' id='word_1_350' title='bbox 361 1976 419 2014; x_wconf 66' lang='lat' dir='ltr'>vel</span> <span class='ocrx_word' id='word_1_351' title='bbox 446 1977 574 2026; x_wconf 83' lang='lat' dir='ltr'>etiam,</span> <span class='ocrx_word' id='word_1_352' title='bbox 595 1991 638 2014; x_wconf 90' lang='lat' dir='ltr'>ne</span> <span class='ocrx_word' id='word_1_353' title='bbox 657 1976 736 2027; x_wconf 84' lang='lat' dir='ltr'>quis</span> <span class='ocrx_word' id='word_1_354' title='bbox 755 1975 886 2013; x_wconf 86' lang='lat' dir='ltr'>diceret</span> <span class='ocrx_word' id='word_1_355' title='bbox 905 1975 1023 2026; x_wconf 87' lang='lat' dir='ltr'>ipsum</span> <span class='ocrx_word' id='word_1_356' title='bbox 1054 1974 1250 2012; x_wconf 84' lang='lat' dir='ltr'>simulasse.</span> 
     </span>
     <span class='ocr_line' id='line_1_52' title="bbox 270 2035 1256 2088; baseline 0 -14"><span class='ocrx_word' id='word_1_357' title='bbox 270 2036 456 2082; x_wconf 87' lang='lat' dir='ltr'>Quomodo</span> <span class='ocrx_word' id='word_1_358' title='bbox 473 2037 578 2085; x_wconf 86' lang='lat' dir='ltr'>enim,</span> <span class='ocrx_word' id='word_1_359' title='bbox 599 2037 661 2088; x_wconf 91' lang='lat' dir='ltr'>qui</span> <span class='ocrx_word' id='word_1_360' title='bbox 680 2036 888 2088; x_wconf 80' lang='lat' dir='ltr'>sanguinem</span> <span class='ocrx_word' id='word_1_361' title='bbox 907 2035 1112 2088; x_wconf 76' lang='lat' dir='ltr'>expetierat,</span> <span class='ocrx_word' id='word_1_362' title='bbox 1134 2035 1195 2086; x_wconf 90' lang='lat' dir='ltr'>qui</span> <span class='ocrx_word' id='word_1_363' title='bbox 1209 2035 1256 2074; x_wconf 89' lang='lat' dir='ltr'>ad</span> 
     </span>
     <span class='ocr_line' id='line_1_53' title="bbox 270 2096 1256 2149; baseline 0.001 -15"><span class='ocrx_word' id='word_1_364' title='bbox 270 2097 466 2135; x_wconf 81' lang='lat' dir='ltr'>sacerdotes</span> <span class='ocrx_word' id='word_1_365' title='bbox 484 2107 688 2148; x_wconf 86' lang='lat' dir='ltr'>accesserat,</span> <span class='ocrx_word' id='word_1_366' title='bbox 711 2097 773 2148; x_wconf 86' lang='lat' dir='ltr'>qui</span> <span class='ocrx_word' id='word_1_367' title='bbox 791 2097 828 2134; x_wconf 92' lang='lat' dir='ltr'>in</span> <span class='ocrx_word' id='word_1_368' title='bbox 848 2096 1005 2149; x_wconf 90' lang='lat' dir='ltr'>pericula</span> <span class='ocrx_word' id='word_1_369' title='bbox 1027 2111 1062 2134; x_wconf 89' lang='lat' dir='ltr'>se</span> <span class='ocrx_word' id='word_1_370' title='bbox 1090 2097 1256 2148; x_wconf 87' lang='lat' dir='ltr'>conjicie-</span> 
     </span>
     <span class='ocr_line' id='line_1_54' title="bbox 271 2157 1256 2208; baseline 0.002 -15"><span class='ocrx_word' id='word_1_371' title='bbox 271 2157 345 2204; x_wconf 85' lang='lat' dir='ltr'>bat,</span> <span class='ocrx_word' id='word_1_372' title='bbox 368 2158 430 2207; x_wconf 89' lang='lat' dir='ltr'>qui</span> <span class='ocrx_word' id='word_1_373' title='bbox 449 2167 612 2195; x_wconf 74' lang='lat' dir='ltr'>externos</span> <span class='ocrx_word' id='word_1_374' title='bbox 641 2158 746 2195; x_wconf 84' lang='lat' dir='ltr'>etiam</span> <span class='ocrx_word' id='word_1_375' title='bbox 775 2157 930 2208; x_wconf 87' lang='lat' dir='ltr'>pellebat</span> <span class='ocrx_word' id='word_1_376' title='bbox 949 2165 983 2193; x_wconf 90' lang='lat' dir='ltr'>et</span> <span class='ocrx_word' id='word_1_377' title='bbox 1001 2157 1186 2207; x_wconf 87' lang='lat' dir='ltr'>puniebat,</span> <span class='ocrx_word' id='word_1_378' title='bbox 1208 2157 1256 2195; x_wconf 88' lang='lat' dir='ltr'>si-</span> 
     </span>
     <span class='ocr_line' id='line_1_55' title="bbox 271 2215 1256 2270; baseline 0.001 -17"><span class='ocrx_word' id='word_1_379' title='bbox 271 2217 464 2254; x_wconf 76' lang='lat' dir='ltr'>mulasset?</span> <span class='ocrx_word' id='word_1_380' title='bbox 483 2218 550 2255; x_wconf 89' lang='lat' dir='ltr'>Hic</span> <span class='ocrx_word' id='word_1_381' title='bbox 572 2217 681 2268; x_wconf 85' lang='lat' dir='ltr'>igitur</span> <span class='ocrx_word' id='word_1_382' title='bbox 698 2225 777 2270; x_wconf 88' lang='lat' dir='ltr'>post</span> <span class='ocrx_word' id='word_1_383' title='bbox 805 2216 882 2253; x_wconf 87' lang='lat' dir='ltr'>haec</span> <span class='ocrx_word' id='word_1_384' title='bbox 899 2215 1018 2253; x_wconf 88' lang='lat' dir='ltr'>omnia</span> <span class='ocrx_word' id='word_1_385' title='bbox 1044 2215 1256 2254; x_wconf 83' lang='lat' dir='ltr'>dominatio-</span> 
     </span>
     <span class='ocr_line' id='line_1_56' title="bbox 271 2276 1255 2328; baseline 0.001 -14"><span class='ocrx_word' id='word_1_386' title='bbox 271 2291 352 2314; x_wconf 87' lang='lat' dir='ltr'>nem</span> <span class='ocrx_word' id='word_1_387' title='bbox 367 2278 566 2315; x_wconf 82' lang='lat' dir='ltr'>confitetur.</span> <span class='ocrx_word' id='word_1_388' title='bbox 587 2279 660 2316; x_wconf 90' lang='lat' dir='ltr'>Cur</span> <span class='ocrx_word' id='word_1_389' title='bbox 673 2286 790 2315; x_wconf 85' lang='lat' dir='ltr'>autem</span> <span class='ocrx_word' id='word_1_390' title='bbox 808 2291 878 2314; x_wconf 91' lang='lat' dir='ltr'>non</span> <span class='ocrx_word' id='word_1_391' title='bbox 897 2276 989 2314; x_wconf 84' lang='lat' dir='ltr'>intra</span> <span class='ocrx_word' id='word_1_392' title='bbox 1003 2277 1117 2328; x_wconf 87' lang='lat' dir='ltr'>ipsam</span> <span class='ocrx_word' id='word_1_393' title='bbox 1132 2278 1255 2315; x_wconf 85' lang='lat' dir='ltr'>urbem</span> 
     </span>
     <span class='ocr_line' id='line_1_57' title="bbox 271 2336 1255 2387; baseline 0.001 -13"><span class='ocrx_word' id='word_1_394' title='bbox 271 2337 336 2375; x_wconf 75' lang='lat' dir='ltr'>lux</span> <span class='ocrx_word' id='word_1_395' title='bbox 350 2338 454 2375; x_wconf 89' lang='lat' dir='ltr'>illum</span> <span class='ocrx_word' id='word_1_396' title='bbox 468 2337 717 2387; x_wconf 85' lang='lat' dir='ltr'>circumfulsit,</span> <span class='ocrx_word' id='word_1_397' title='bbox 735 2337 795 2375; x_wconf 88' lang='lat' dir='ltr'>sed</span> <span class='ocrx_word' id='word_1_398' title='bbox 811 2346 891 2374; x_wconf 82' lang='lat' dir='ltr'>ante</span> <span class='ocrx_word' id='word_1_399' title='bbox 908 2336 1035 2373; x_wconf 73' lang='lat' dir='ltr'>illam?</span> <span class='ocrx_word' id='word_1_400' title='bbox 1052 2337 1148 2384; x_wconf 85' lang='lat' dir='ltr'>Quia</span> <span class='ocrx_word' id='word_1_401' title='bbox 1162 2338 1255 2375; x_wconf 89' lang='lat' dir='ltr'>mul-</span> 
     </span>
     <span class='ocr_line' id='line_1_58' title="bbox 272 2397 1255 2448; baseline 0 -13"><span class='ocrx_word' id='word_1_402' title='bbox 272 2398 298 2435; x_wconf 89' lang='lat' dir='ltr'>ti</span> <span class='ocrx_word' id='word_1_403' title='bbox 321 2412 388 2436; x_wconf 91' lang='lat' dir='ltr'>non</span> <span class='ocrx_word' id='word_1_404' title='bbox 411 2399 660 2447; x_wconf 83' lang='lat' dir='ltr'>credidissent,</span> <span class='ocrx_word' id='word_1_405' title='bbox 680 2399 751 2435; x_wconf 90' lang='lat' dir='ltr'>imo</span> <span class='ocrx_word' id='word_1_406' title='bbox 771 2398 861 2435; x_wconf 89' lang='lat' dir='ltr'>forte</span> <span class='ocrx_word' id='word_1_407' title='bbox 893 2397 1074 2446; x_wconf 84' lang='lat' dir='ltr'>risissent,</span> <span class='ocrx_word' id='word_1_408' title='bbox 1095 2398 1255 2448; x_wconf 88' lang='lat' dir='ltr'>quando-</span> 
     </span>
    </p>
   </div>
   <div class='ocr_carea' id='block_1_12' title="bbox 272 2458 1301 2512">
    <p class='ocr_par' dir='ltr' id='par_1_12' title="bbox 272 2458 1301 2512">
     <span class='ocr_line' id='line_1_59' title="bbox 272 2458 1301 2512; baseline 0 -15"><span class='ocrx_word' id='word_1_409' title='bbox 272 2460 417 2510; x_wconf 85' lang='lat' dir='ltr'>quidem</span> <span class='ocrx_word' id='word_1_410' title='bbox 434 2470 467 2498; x_wconf 90' lang='lat' dir='ltr'>et</span> <span class='ocrx_word' id='word_1_411' title='bbox 486 2474 604 2512; x_wconf 87' lang='lat' dir='ltr'>supra,</span> <span class='ocrx_word' id='word_1_412' title='bbox 625 2460 790 2500; x_wconf 85' lang='lat' dir='ltr'>emissam</span> <span class='ocrx_word' id='word_1_413' title='bbox 810 2458 991 2496; x_wconf 85' lang='lat' dir='ltr'>audientes</span> <span class='ocrx_word' id='word_1_414' title='bbox 1011 2472 1134 2498; x_wconf 75' lang='lat' dir='ltr'>vocem</span> <span class='ocrx_word' id='word_1_415' title='bbox 1153 2459 1254 2497; x_wconf 89' lang='lat' dir='ltr'>dice—</span> <span class='ocrx_word' id='word_1_416' title='bbox 1297 2473 1301 2481; x_wconf 75' lang='lat'><strong>⁴</strong></span> 
     </span>
    </p>
   </div>
   <div class='ocr_carea' id='block_1_13' title="bbox 271 2520 1256 3363">
    <p class='ocr_par' dir='ltr' id='par_1_13' title="bbox 271 2520 1256 3363">
     <span class='ocr_line' id='line_1_60' title="bbox 272 2520 1256 2572; baseline 0 -14"><span class='ocrx_word' id='word_1_417' title='bbox 272 2522 369 2570; x_wconf 89' lang='lat' dir='ltr'>bant,</span> <span class='ocrx_word' id='word_1_418' title='bbox 395 2524 428 2559; x_wconf 92' lang='lat' dir='ltr'><em>T</em></span> <span class='ocrx_word' id='word_1_419' title='bbox 425 2525 575 2560; x_wconf 78' lang='lat' dir='ltr'>ronitru</span> <span class='ocrx_word' id='word_1_420' title='bbox 588 2531 643 2560; x_wconf 83' lang='lat' dir='ltr'>est</span> <span class='ocrx_word' id='word_1_421' title='bbox 661 2538 672 2558; x_wconf 88' lang='lat'><em>:</em></span> <span class='ocrx_word' id='word_1_422' title='bbox 685 2521 744 2559; x_wconf 88' lang='lat' dir='ltr'>bic</span> <span class='ocrx_word' id='word_1_423' title='bbox 757 2535 837 2559; x_wconf 84' lang='lat' dir='ltr'>vero</span> <span class='ocrx_word' id='word_1_424' title='bbox 851 2520 922 2557; x_wconf 85' lang='lat' dir='ltr'>fide</span> <span class='ocrx_word' id='word_1_425' title='bbox 937 2520 1067 2572; x_wconf 81' lang='lat' dir='ltr'>dignus</span> <span class='ocrx_word' id='word_1_426' title='bbox 1083 2530 1156 2558; x_wconf 89' lang='lat' dir='ltr'>erat</span> <span class='ocrx_word' id='word_1_427' title='bbox 1169 2521 1256 2559; x_wconf 88' lang='lat' dir='ltr'>dum</span> 
     </span>
     <span class='ocr_line' id='line_1_61' title="bbox 273 2581 1253 2633; baseline 0.001 -13"><span class='ocrx_word' id='word_1_428' title='bbox 273 2583 428 2621; x_wconf 71' lang='lat' dir='ltr'>maxime</span> <span class='ocrx_word' id='word_1_429' title='bbox 442 2597 504 2621; x_wconf 86' lang='lat' dir='ltr'>sua</span> <span class='ocrx_word' id='word_1_430' title='bbox 518 2583 707 2620; x_wconf 87' lang='lat' dir='ltr'>nuntiaret.</span> <span class='ocrx_word' id='word_1_431' title='bbox 731 2583 777 2620; x_wconf 88' lang='lat' dir='ltr'>Et</span> <span class='ocrx_word' id='word_1_432' title='bbox 794 2582 927 2633; x_wconf 86' lang='lat' dir='ltr'>ligatus</span> <span class='ocrx_word' id='word_1_433' title='bbox 943 2581 1167 2620; x_wconf 86' lang='lat' dir='ltr'>introductus</span> <span class='ocrx_word' id='word_1_434' title='bbox 1188 2593 1253 2633; x_wconf 88' lang='lat' dir='ltr'>est,</span> 
     </span>
     <span class='ocr_line' id='line_1_62' title="bbox 273 2642 1256 2696; baseline -0.001 -14"><span class='ocrx_word' id='word_1_435' title='bbox 273 2658 341 2682; x_wconf 90' lang='lat' dir='ltr'>non</span> <span class='ocrx_word' id='word_1_436' title='bbox 361 2643 514 2683; x_wconf 76' lang='lat' dir='ltr'>vinculis</span> <span class='ocrx_word' id='word_1_437' title='bbox 528 2643 729 2696; x_wconf 73' lang='lat' dir='ltr'>impositis,</span> <span class='ocrx_word' id='word_1_438' title='bbox 752 2652 785 2681; x_wconf 91' lang='lat' dir='ltr'>et</span> <span class='ocrx_word' id='word_1_439' title='bbox 804 2643 991 2680; x_wconf 87' lang='lat' dir='ltr'>trahebant</span> <span class='ocrx_word' id='word_1_440' title='bbox 1006 2642 1123 2692; x_wconf 89' lang='lat' dir='ltr'>illum,</span> <span class='ocrx_word' id='word_1_441' title='bbox 1143 2643 1205 2694; x_wconf 90' lang='lat' dir='ltr'>qui</span> <span class='ocrx_word' id='word_1_442' title='bbox 1222 2658 1256 2681; x_wconf 88' lang='lat' dir='ltr'>se</span> 
     </span>
     <span class='ocr_line' id='line_1_63' title="bbox 272 2704 1255 2757; baseline 0.001 -15"><span class='ocrx_word' id='word_1_443' title='bbox 272 2706 359 2743; x_wconf 84' lang='lat' dir='ltr'>alios</span> <span class='ocrx_word' id='word_1_444' title='bbox 375 2715 572 2743; x_wconf 84' lang='lat' dir='ltr'>tracturum</span> <span class='ocrx_word' id='word_1_445' title='bbox 591 2705 766 2757; x_wconf 87' lang='lat' dir='ltr'>sperabat.</span> <span class='ocrx_word' id='word_1_446' title='bbox 788 2705 860 2743; x_wconf 88' lang='lat' dir='ltr'>Cur</span> <span class='ocrx_word' id='word_1_447' title='bbox 876 2714 994 2742; x_wconf 87' lang='lat' dir='ltr'>autem</span> <span class='ocrx_word' id='word_1_448' title='bbox 1014 2717 1084 2742; x_wconf 93' lang='lat' dir='ltr'>non</span> <span class='ocrx_word' id='word_1_449' title='bbox 1104 2704 1255 2743; x_wconf 81' lang='lat' dir='ltr'>mandu-</span> 
     </span>
     <span class='ocr_line' id='line_1_64' title="bbox 273 2766 1256 2818; baseline 0 -14"><span class='ocrx_word' id='word_1_450' title='bbox 273 2767 366 2804; x_wconf 82' lang='lat' dir='ltr'>cavit</span> <span class='ocrx_word' id='word_1_451' title='bbox 386 2781 498 2818; x_wconf 89' lang='lat' dir='ltr'>neque</span> <span class='ocrx_word' id='word_1_452' title='bbox 526 2767 649 2804; x_wconf 75' lang='lat' dir='ltr'>bibit?</span> <span class='ocrx_word' id='word_1_453' title='bbox 673 2768 744 2805; x_wconf 90' lang='lat' dir='ltr'>Sua</span> <span class='ocrx_word' id='word_1_454' title='bbox 765 2776 860 2817; x_wconf 84' lang='lat' dir='ltr'>gesta</span> <span class='ocrx_word' id='word_1_455' title='bbox 878 2766 1085 2816; x_wconf 85' lang='lat' dir='ltr'>damnabat,</span> <span class='ocrx_word' id='word_1_456' title='bbox 1109 2767 1256 2804; x_wconf 84' lang='lat' dir='ltr'>confite-</span> 
     </span>
     <span class='ocr_line' id='line_1_65' title="bbox 273 2827 1256 2878; baseline 0.002 -14"><span class='ocrx_word' id='word_1_457' title='bbox 273 2827 389 2876; x_wconf 81' lang='lat' dir='ltr'>batur,</span> <span class='ocrx_word' id='word_1_458' title='bbox 409 2828 545 2875; x_wconf 83' lang='lat' dir='ltr'>orabat,</span> <span class='ocrx_word' id='word_1_459' title='bbox 561 2827 709 2878; x_wconf 81' lang='lat' dir='ltr'>rogabat</span> <span class='ocrx_word' id='word_1_460' title='bbox 724 2828 852 2864; x_wconf 90' lang='lat' dir='ltr'>Deum.</span> <span class='ocrx_word' id='word_1_461' title='bbox 874 2827 912 2865; x_wconf 82' lang='lat' dir='ltr'>Si</span> <span class='ocrx_word' id='word_1_462' title='bbox 929 2841 1012 2865; x_wconf 79' lang='lat' dir='ltr'>vero</span> <span class='ocrx_word' id='word_1_463' title='bbox 1029 2827 1108 2877; x_wconf 89' lang='lat' dir='ltr'>quis</span> <span class='ocrx_word' id='word_1_464' title='bbox 1125 2827 1256 2866; x_wconf 81' lang='lat' dir='ltr'>dixerit</span> 
     </span>
     <span class='ocr_line' id='line_1_66' title="bbox 275 2887 1254 2940; baseline 0.001 -15"><span class='ocrx_word' id='word_1_465' title='bbox 275 2889 340 2926; x_wconf 86' lang='lat' dir='ltr'>hoc</span> <span class='ocrx_word' id='word_1_466' title='bbox 351 2904 395 2927; x_wconf 77' lang='lat' dir='ltr'>ex</span> <span class='ocrx_word' id='word_1_467' title='bbox 406 2888 609 2926; x_wconf 87' lang='lat' dir='ltr'>necessitate</span> <span class='ocrx_word' id='word_1_468' title='bbox 621 2888 748 2935; x_wconf 87' lang='lat' dir='ltr'>fuisse(</span> <span class='ocrx_word' id='word_1_469' title='bbox 758 2902 839 2925; x_wconf 89' lang='lat' dir='ltr'>nam</span> <span class='ocrx_word' id='word_1_470' title='bbox 852 2897 884 2925; x_wconf 90' lang='lat' dir='ltr'>et</span> <span class='ocrx_word' id='word_1_471' title='bbox 898 2887 1046 2939; x_wconf 85' lang='lat' dir='ltr'>Elymas</span> <span class='ocrx_word' id='word_1_472' title='bbox 1059 2888 1126 2926; x_wconf 89' lang='lat' dir='ltr'>hoc</span> <span class='ocrx_word' id='word_1_473' title='bbox 1139 2889 1254 2940; x_wconf 89' lang='lat' dir='ltr'>ipsum</span> 
     </span>
     <span class='ocr_line' id='line_1_67' title="bbox 272 2947 1255 3001; baseline 0 -14"><span class='ocrx_word' id='word_1_474' title='bbox 272 2964 396 3001; x_wconf 88' lang='lat' dir='ltr'>passus</span> <span class='ocrx_word' id='word_1_475' title='bbox 424 2954 514 2999; x_wconf 88' lang='lat' dir='ltr'>est),</span> <span class='ocrx_word' id='word_1_476' title='bbox 546 2947 837 3000; x_wconf 85' lang='lat' dir='ltr'>respondebimus</span> <span class='ocrx_word' id='word_1_477' title='bbox 853 2964 860 2984; x_wconf 91' lang='lat'><strong>:</strong></span> <span class='ocrx_word' id='word_1_478' title='bbox 877 2948 996 2985; x_wconf 83' lang='lat' dir='ltr'>Etiam</span> <span class='ocrx_word' id='word_1_479' title='bbox 1030 2963 1154 2999; x_wconf 86' lang='lat' dir='ltr'>passus</span> <span class='ocrx_word' id='word_1_480' title='bbox 1182 2959 1255 2997; x_wconf 88' lang='lat' dir='ltr'>est,</span> 
     </span>
     <span class='ocr_line' id='line_1_68' title="bbox 271 3009 1256 3059; baseline 0 -11"><span class='ocrx_word' id='word_1_481' title='bbox 271 3011 332 3048; x_wconf 84' lang='lat' dir='ltr'>sed</span> <span class='ocrx_word' id='word_1_482' title='bbox 350 3010 492 3059; x_wconf 84' lang='lat' dir='ltr'>mansit,</span> <span class='ocrx_word' id='word_1_483' title='bbox 510 3019 549 3047; x_wconf 91' lang='lat' dir='ltr'>ut</span> <span class='ocrx_word' id='word_1_484' title='bbox 567 3019 653 3047; x_wconf 88' lang='lat' dir='ltr'>erat.</span> <span class='ocrx_word' id='word_1_485' title='bbox 681 3009 869 3055; x_wconf 89' lang='lat' dir='ltr'>Quomodo</span> <span class='ocrx_word' id='word_1_486' title='bbox 897 3009 1007 3059; x_wconf 84' lang='lat' dir='ltr'>igitur</span> <span class='ocrx_word' id='word_1_487' title='bbox 1031 3023 1100 3046; x_wconf 92' lang='lat' dir='ltr'>non</span> <span class='ocrx_word' id='word_1_488' title='bbox 1117 3020 1256 3048; x_wconf 87' lang='lat' dir='ltr'>coactus</span> 
     </span>
     <span class='ocr_line' id='line_1_69' title="bbox 272 3070 1256 3121; baseline 0 -12"><span class='ocrx_word' id='word_1_489' title='bbox 272 3071 347 3109; x_wconf 75' lang='lat' dir='ltr'>est?</span> <span class='ocrx_word' id='word_1_490' title='bbox 370 3071 510 3121; x_wconf 88' lang='lat' dir='ltr'>Ecquid</span> <span class='ocrx_word' id='word_1_491' title='bbox 538 3070 653 3121; x_wconf 83' lang='lat' dir='ltr'>magis</span> <span class='ocrx_word' id='word_1_492' title='bbox 684 3083 808 3120; x_wconf 82' lang='lat' dir='ltr'>cogere</span> <span class='ocrx_word' id='word_1_493' title='bbox 840 3079 990 3121; x_wconf 87' lang='lat' dir='ltr'>poterat,</span> <span class='ocrx_word' id='word_1_494' title='bbox 1019 3084 1129 3120; x_wconf 83' lang='lat' dir='ltr'>quam</span> <span class='ocrx_word' id='word_1_495' title='bbox 1157 3080 1256 3109; x_wconf 77' lang='lat' dir='ltr'>terra:</span> 
     </span>
     <span class='ocr_line' id='line_1_70' title="bbox 273 3130 1255 3182; baseline -0.001 -13"><span class='ocrx_word' id='word_1_496' title='bbox 273 3141 388 3169; x_wconf 90' lang='lat' dir='ltr'>motus</span> <span class='ocrx_word' id='word_1_497' title='bbox 404 3132 440 3169; x_wconf 88' lang='lat' dir='ltr'>in</span> <span class='ocrx_word' id='word_1_498' title='bbox 458 3130 710 3169; x_wconf 88' lang='lat' dir='ltr'>resurrectione</span> <span class='ocrx_word' id='word_1_499' title='bbox 724 3131 849 3178; x_wconf 84' lang='lat' dir='ltr'>sactus,</span> <span class='ocrx_word' id='word_1_500' title='bbox 866 3130 952 3182; x_wconf 89' lang='lat' dir='ltr'>ipsis</span> <span class='ocrx_word' id='word_1_501' title='bbox 970 3130 1144 3168; x_wconf 86' lang='lat' dir='ltr'>militibus</span> <span class='ocrx_word' id='word_1_502' title='bbox 1164 3145 1255 3168; x_wconf 90' lang='lat' dir='ltr'>nun-</span> 
     </span>
     <span class='ocr_line' id='line_1_71' title="bbox 271 3189 1254 3242; baseline -0.001 -13"><span class='ocrx_word' id='word_1_503' title='bbox 271 3192 456 3241; x_wconf 86' lang='lat' dir='ltr'>tiantibus,</span> <span class='ocrx_word' id='word_1_504' title='bbox 478 3191 557 3229; x_wconf 87' lang='lat' dir='ltr'>aliis</span> <span class='ocrx_word' id='word_1_505' title='bbox 572 3191 719 3242; x_wconf 85' lang='lat' dir='ltr'>patratis</span> <span class='ocrx_word' id='word_1_506' title='bbox 741 3190 866 3241; x_wconf 85' lang='lat' dir='ltr'>signis,</span> <span class='ocrx_word' id='word_1_507' title='bbox 885 3189 979 3240; x_wconf 88' lang='lat' dir='ltr'>quod</span> <span class='ocrx_word' id='word_1_508' title='bbox 999 3190 1117 3241; x_wconf 85' lang='lat' dir='ltr'>ipsum</span> <span class='ocrx_word' id='word_1_509' title='bbox 1137 3205 1254 3228; x_wconf 85' lang='lat' dir='ltr'>resur—</span> 
     </span>
     <span class='ocr_line' id='line_1_72' title="bbox 272 3253 1253 3291; baseline -0.001 0"><span class='ocrx_word' id='word_1_510' title='bbox 272 3254 402 3291; x_wconf 75' lang='lat' dir='ltr'>rexisse</span> <span class='ocrx_word' id='word_1_511' title='bbox 426 3253 613 3291; x_wconf 71' lang='lat' dir='ltr'>viderent?</span> <span class='ocrx_word' id='word_1_512' title='bbox 633 3255 678 3290; x_wconf 88' lang='lat' dir='ltr'>At</span> <span class='ocrx_word' id='word_1_513' title='bbox 705 3267 775 3290; x_wconf 90' lang='lat' dir='ltr'>non</span> <span class='ocrx_word' id='word_1_514' title='bbox 793 3253 856 3290; x_wconf 88' lang='lat' dir='ltr'>illa</span> <span class='ocrx_word' id='word_1_515' title='bbox 883 3253 1121 3290; x_wconf 78' lang='lat' dir='ltr'>necessitatem</span> <span class='ocrx_word' id='word_1_516' title='bbox 1139 3253 1253 3291; x_wconf 87' lang='lat' dir='ltr'>indu-</span> 
     </span>
     <span class='ocr_line' id='line_1_73' title="bbox 272 3313 1255 3363; baseline 0.001 -12"><span class='ocrx_word' id='word_1_517' title='bbox 272 3323 368 3363; x_wconf 86' lang='lat' dir='ltr'>cunt,</span> <span class='ocrx_word' id='word_1_518' title='bbox 391 3314 451 3351; x_wconf 87' lang='lat' dir='ltr'>sed</span> <span class='ocrx_word' id='word_1_519' title='bbox 479 3314 616 3352; x_wconf 84' lang='lat' dir='ltr'>docent.</span> <span class='ocrx_word' id='word_1_520' title='bbox 649 3315 720 3351; x_wconf 90' lang='lat' dir='ltr'>Cur</span> <span class='ocrx_word' id='word_1_521' title='bbox 741 3313 856 3353; x_wconf 78' lang='lat' dir='ltr'>Judaei</span> <span class='ocrx_word' id='word_1_522' title='bbox 889 3314 965 3351; x_wconf 79' lang='lat' dir='ltr'>haec</span> <span class='ocrx_word' id='word_1_523' title='bbox 984 3313 1166 3351; x_wconf 86' lang='lat' dir='ltr'>audientes</span> <span class='ocrx_word' id='word_1_524' title='bbox 1186 3328 1255 3352; x_wconf 90' lang='lat' dir='ltr'>non</span> 
     </span>
    </p>
   </div>
   <div class='ocr_carea' id='block_1_14' title="bbox 315 3398 862 3443">
    <p class='ocr_par' dir='ltr' id='par_1_14' title="bbox 315 3398 862 3443">
     <span class='ocr_line' id='line_1_74' title="bbox 315 3398 862 3443; baseline 0.004 -12"><span class='ocrx_word' id='word_1_525' title='bbox 315 3410 327 3424; x_wconf 64' lang='grc' dir='ltr'><strong><em>ὃ</em></strong></span> <span class='ocrx_word' id='word_1_526' title='bbox 344 3398 403 3431; x_wconf 78' lang='lat' dir='ltr'>Alii</span> <span class='ocrx_word' id='word_1_527' title='bbox 421 3404 454 3437; x_wconf 74' lang='grc' dir='ltr'>ἦν</span> <span class='ocrx_word' id='word_1_528' title='bbox 471 3409 522 3437; x_wconf 75' lang='grc' dir='ltr'>τῆς</span> <span class='ocrx_word' id='word_1_529' title='bbox 539 3406 722 3437; x_wconf 72' lang='grc' dir='ltr'>ἀναστάσεως</span> <span class='ocrx_word' id='word_1_530' title='bbox 739 3404 756 3438; x_wconf 71' lang='grc' dir='ltr'>ἦ</span> <span class='ocrx_word' id='word_1_531' title='bbox 774 3403 862 3443; x_wconf 70' lang='grc' dir='ltr'>ἰσχύς.</span> 
     </span>
    </p>
   </div>
   <div class='ocr_carea' id='block_1_15' title="bbox 1922 1189 2013 1202">
    <p class='ocr_par' dir='ltr' id='par_1_15' title="bbox 1922 1189 2013 1202">
     <span class='ocr_line' id='line_1_75' title="bbox 1922 1189 2013 1202; baseline 0.011 -1"><span class='ocrx_word' id='word_1_532' title='bbox 1922 1189 2013 1202; x_wconf 61' lang='lat' dir='ltr'>m&#39;xl</span> 
     </span>
    </p>
   </div>
   <div class='ocr_carea' id='block_1_16' title="bbox 1332 1183 2351 1668">
    <p class='ocr_par' dir='ltr' id='par_1_16' title="bbox 1332 1183 2351 1668">
     <span class='ocr_line' id='line_1_76' title="bbox 1336 1183 2349 1240; baseline -0.001 -12"><span class='ocrx_word' id='word_1_533' title='bbox 1336 1191 1456 1228; x_wconf 82' lang='grc' dir='ltr'>στάσει</span> <span class='ocrx_word' id='word_1_534' title='bbox 1472 1221 1482 1238; x_wconf 87' lang='grc'>,</span> <span class='ocrx_word' id='word_1_535' title='bbox 1499 1191 1556 1228; x_wconf 83' lang='grc' dir='ltr'>καὶ</span> <span class='ocrx_word' id='word_1_536' title='bbox 1574 1189 1653 1233; x_wconf 75' lang='grc' dir='ltr'>τοὺς</span> <span class='ocrx_word' id='word_1_537' title='bbox 1668 1189 1824 1240; x_wconf 74' lang='grc' dir='ltr'>μαθητὰς</span> <span class='ocrx_word' id='word_1_538' title='bbox 1838 1191 1942 1227; x_wconf 77' lang='grc' dir='ltr'>αὐτου</span> <span class='ocrx_word' id='word_1_539' title='bbox 1959 1199 2105 1237; x_wconf 81' lang='grc' dir='ltr'>οιωκων,</span> <span class='ocrx_word' id='word_1_540' title='bbox 2122 1183 2218 1232; x_wconf 61' lang='grc' dir='ltr'>οὗτος</span> <span class='ocrx_word' id='word_1_541' title='bbox 2234 1189 2349 1238; x_wconf 83' lang='grc' dir='ltr'>πόθεν,</span> 
     </span>
     <span class='ocr_line' id='line_1_77' title="bbox 1335 1245 2350 1302; baseline -0.001 -13"><span class='ocrx_word' id='word_1_542' title='bbox 1335 1252 1410 1290; x_wconf 81' lang='grc' dir='ltr'>εἰπέ</span> <span class='ocrx_word' id='word_1_543' title='bbox 1433 1268 1508 1302; x_wconf 85' lang='grc' dir='ltr'>μοι,</span> <span class='ocrx_word' id='word_1_544' title='bbox 1529 1251 1568 1288; x_wconf 80' lang='grc' dir='ltr'>ἂν</span> <span class='ocrx_word' id='word_1_545' title='bbox 1586 1251 1786 1289; x_wconf 79' lang='grc' dir='ltr'>ἐπίστευσεν</span> <span class='ocrx_word' id='word_1_546' title='bbox 1802 1280 1811 1297; x_wconf 85' lang='grc'>,</span> <span class='ocrx_word' id='word_1_547' title='bbox 1839 1253 1868 1288; x_wconf 82' lang='grc' dir='ltr'>εἰ</span> <span class='ocrx_word' id='word_1_548' title='bbox 1889 1250 1936 1300; x_wconf 86' lang='grc' dir='ltr'>μὴ</span> <span class='ocrx_word' id='word_1_549' title='bbox 1957 1251 2068 1297; x_wconf 49' lang='grc' dir='ltr'>πολλῦι</span> <span class='ocrx_word' id='word_1_550' title='bbox 2087 1245 2152 1296; x_wconf 53' lang='grc' dir='ltr'>δῆν</span> <span class='ocrx_word' id='word_1_551' title='bbox 2169 1254 2228 1288; x_wconf 81' lang='grc' dir='ltr'>τοῦ</span> <span class='ocrx_word' id='word_1_552' title='bbox 2245 1266 2350 1289; x_wconf 84' lang='grc' dir='ltr'>σταυ-</span> 
     </span>
     <span class='ocr_line' id='line_1_78' title="bbox 1336 1310 2351 1366; baseline 0 -16"><span class='ocrx_word' id='word_1_553' title='bbox 1336 1312 1499 1366; x_wconf 80' lang='grc' dir='ltr'>ρωθέντος</span> <span class='ocrx_word' id='word_1_554' title='bbox 1525 1315 1546 1358; x_wconf 86' lang='grc' dir='ltr'>ἡ</span> <span class='ocrx_word' id='word_1_555' title='bbox 1567 1311 1683 1363; x_wconf 50' lang='grc' dir='ltr'>ἰσχύῃ</span> <span class='ocrx_word' id='word_1_556' title='bbox 1709 1310 1851 1358; x_wconf 63' lang='lat' dir='ltr'>’&#39;Eo-vm,</span> <span class='ocrx_word' id='word_1_557' title='bbox 1885 1313 2008 1349; x_wconf 83' lang='grc' dir='ltr'>ἐκεῖνοι</span> <span class='ocrx_word' id='word_1_558' title='bbox 2026 1313 2118 1362; x_wconf 77' lang='grc' dir='ltr'>αὐτῷ</span> <span class='ocrx_word' id='word_1_559' title='bbox 2139 1311 2351 1362; x_wconf 76' lang='grc' dir='ltr'>ἐχαρίζοντο·</span> 
     </span>
     <span class='ocr_line' id='line_1_79' title="bbox 1332 1370 2351 1426; baseline -0.002 -16"><span class='ocrx_word' id='word_1_560' title='bbox 1332 1373 1365 1410; x_wconf 91' lang='grc' dir='ltr'>τί</span> <span class='ocrx_word' id='word_1_561' title='bbox 1396 1375 1483 1424; x_wconf 76' lang='grc' dir='ltr'>ἐρεῖς</span> <span class='ocrx_word' id='word_1_562' title='bbox 1513 1373 1598 1426; x_wconf 79' lang='grc' dir='ltr'>πρὸς</span> <span class='ocrx_word' id='word_1_563' title='bbox 1620 1376 1756 1419; x_wconf 68' lang='grc' dir='ltr'>τοῦτον,</span> <span class='ocrx_word' id='word_1_564' title='bbox 1780 1371 1911 1414; x_wconf 81' lang='grc' dir='ltr'>Ἄλλως</span> <span class='ocrx_word' id='word_1_565' title='bbox 1931 1370 1966 1409; x_wconf 77' lang='grc' dir='ltr'>δὲ</span> <span class='ocrx_word' id='word_1_566' title='bbox 1988 1370 2043 1408; x_wconf 75' lang='grc' dir='ltr'>διὰ</span> <span class='ocrx_word' id='word_1_567' title='bbox 2062 1375 2162 1409; x_wconf 72' lang='grc' dir='ltr'>τοῦτο</span> <span class='ocrx_word' id='word_1_568' title='bbox 2179 1371 2268 1422; x_wconf 79' lang='grc' dir='ltr'>μετὰ</span> <span class='ocrx_word' id='word_1_569' title='bbox 2287 1370 2351 1418; x_wconf 80' lang='grc' dir='ltr'>τὴν</span> 
     </span>
     <span class='ocr_line' id='line_1_80' title="bbox 1333 1431 2348 1486; baseline 0 -16"><span class='ocrx_word' id='word_1_570' title='bbox 1333 1433 1520 1472; x_wconf 78' lang='grc' dir='ltr'>ἀνάστασιν</span> <span class='ocrx_word' id='word_1_571' title='bbox 1541 1435 1716 1486; x_wconf 73' lang='grc' dir='ltr'>προσῆλθε</span> <span class='ocrx_word' id='word_1_572' title='bbox 1729 1463 1737 1478; x_wconf 83' lang='lat'>,</span> <span class='ocrx_word' id='word_1_573' title='bbox 1759 1432 1818 1470; x_wconf 77' lang='grc' dir='ltr'>καὶ</span> <span class='ocrx_word' id='word_1_574' title='bbox 1837 1433 1896 1470; x_wconf 76' lang='grc' dir='ltr'>οὐκ</span> <span class='ocrx_word' id='word_1_575' title='bbox 1915 1431 2049 1478; x_wconf 78' lang='grc' dir='ltr'>εὐθέως,</span> <span class='ocrx_word' id='word_1_576' title='bbox 2066 1431 2123 1470; x_wconf 79' lang='grc' dir='ltr'>ἵνα</span> <span class='ocrx_word' id='word_1_577' title='bbox 2140 1432 2348 1485; x_wconf 82' lang='grc' dir='ltr'>σαφέστερος</span> 
     </span>
     <span class='ocr_line' id='line_1_81' title="bbox 1332 1492 2348 1545; baseline 0 -14"><span class='ocrx_word' id='word_1_578' title='bbox 1332 1496 1435 1531; x_wconf 75' lang='grc' dir='ltr'>αὐτοῦ</span> <span class='ocrx_word' id='word_1_579' title='bbox 1473 1494 1590 1545; x_wconf 75' lang='grc' dir='ltr'>δειχθῇ</span> <span class='ocrx_word' id='word_1_580' title='bbox 1619 1497 1635 1531; x_wconf 82' lang='grc' dir='ltr'>ὁ</span> <span class='ocrx_word' id='word_1_581' title='bbox 1666 1493 1827 1544; x_wconf 84' lang='grc' dir='ltr'>πόλεμος.</span> <span class='ocrx_word' id='word_1_582' title='bbox 1862 1493 1905 1531; x_wconf 91' lang='grc' dir='ltr'>Ὁ</span> <span class='ocrx_word' id='word_1_583' title='bbox 1927 1493 1994 1545; x_wconf 83' lang='grc' dir='ltr'>γὰρ</span> <span class='ocrx_word' id='word_1_584' title='bbox 2021 1492 2108 1530; x_wconf 84' lang='grc' dir='ltr'>οὕτω</span> <span class='ocrx_word' id='word_1_585' title='bbox 2130 1493 2348 1543; x_wconf 83' lang='grc' dir='ltr'>μαινόμενος,</span> 
     </span>
     <span class='ocr_line' id='line_1_82' title="bbox 1332 1553 2348 1606; baseline -0.002 -14"><span class='ocrx_word' id='word_1_586' title='bbox 1332 1556 1378 1598; x_wconf 79' lang='grc' dir='ltr'>ὡς</span> <span class='ocrx_word' id='word_1_587' title='bbox 1394 1555 1453 1592; x_wconf 77' lang='grc' dir='ltr'>καὶ</span> <span class='ocrx_word' id='word_1_588' title='bbox 1468 1553 1600 1603; x_wconf 76' lang='grc' dir='ltr'>αἵματα</span> <span class='ocrx_word' id='word_1_589' title='bbox 1615 1555 1744 1605; x_wconf 75' lang='grc' dir='ltr'>ἐκχεῖν,</span> <span class='ocrx_word' id='word_1_590' title='bbox 1769 1554 1828 1591; x_wconf 82' lang='grc' dir='ltr'>καὶ</span> <span class='ocrx_word' id='word_1_591' title='bbox 1845 1556 1891 1597; x_wconf 86' lang='grc' dir='ltr'>εἷς</span> <span class='ocrx_word' id='word_1_592' title='bbox 1908 1553 2129 1606; x_wconf 77' lang='grc' dir='ltr'>δεσμωτήρια</span> <span class='ocrx_word' id='word_1_593' title='bbox 2148 1553 2348 1603; x_wconf 66' lang='grc' dir='ltr'>ε’μὸάλλειν,</span> 
     </span>
     <span class='ocr_line' id='line_1_83' title="bbox 1332 1614 2349 1668; baseline -0.002 -15"><span class='ocrx_word' id='word_1_594' title='bbox 1332 1615 1452 1668; x_wconf 82' lang='grc' dir='ltr'>ἀθρόον</span> <span class='ocrx_word' id='word_1_595' title='bbox 1485 1614 1652 1653; x_wconf 81' lang='grc' dir='ltr'>πιστεύει.</span> <span class='ocrx_word' id='word_1_596' title='bbox 1685 1616 1761 1652; x_wconf 71' lang='grc' dir='ltr'>Οὔκ</span> <span class='ocrx_word' id='word_1_597' title='bbox 1791 1614 1892 1666; x_wconf 74' lang='grc' dir='ltr'>ἤρκει</span> <span class='ocrx_word' id='word_1_598' title='bbox 1914 1614 1954 1651; x_wconf 76' lang='grc' dir='ltr'>τὸ</span> <span class='ocrx_word' id='word_1_599' title='bbox 1981 1614 2030 1665; x_wconf 78' lang='grc' dir='ltr'>μὴ</span> <span class='ocrx_word' id='word_1_600' title='bbox 2061 1614 2283 1666; x_wconf 81' lang='grc' dir='ltr'>συγγενέσθαι</span> <span class='ocrx_word' id='word_1_601' title='bbox 2299 1617 2349 1666; x_wconf 75' lang='grc' dir='ltr'>τῷ</span> 
     </span>
    </p>
   </div>
   <div class='ocr_carea' id='block_1_17' title="bbox 2078 1677 2281 1691">
    <p class='ocr_par' dir='ltr' id='par_1_17' title="bbox 2078 1677 2281 1691">
     <span class='ocr_line' id='line_1_84' title="bbox 2078 1677 2281 1691; baseline 0.01 -3"><span class='ocrx_word' id='word_1_602' title='bbox 2078 1677 2281 1691; x_wconf 60' lang='grc' dir='ltr'>κκκκκ</span> 
     </span>
    </p>
   </div>
   <div class='ocr_carea' id='block_1_18' title="bbox 1295 1676 2350 1911">
    <p class='ocr_par' dir='ltr' id='par_1_18' title="bbox 1295 1676 2350 1911">
     <span class='ocr_line' id='line_1_85' title="bbox 1329 1676 2348 1730; baseline -0.002 -14"><span class='ocrx_word' id='word_1_603' title='bbox 1329 1679 1488 1730; x_wconf 79' lang='grc' dir='ltr'>Χριστῷ,</span> <span class='ocrx_word' id='word_1_604' title='bbox 1502 1678 1577 1714; x_wconf 84' lang='grc' dir='ltr'>ἀλλ’</span> <span class='ocrx_word' id='word_1_605' title='bbox 1595 1676 1663 1714; x_wconf 84' lang='grc' dir='ltr'>ἔδει</span> <span class='ocrx_word' id='word_1_606' title='bbox 1678 1676 1736 1713; x_wconf 80' lang='grc' dir='ltr'>καὶ</span> <span class='ocrx_word' id='word_1_607' title='bbox 1751 1677 1992 1725; x_wconf 76' lang='grc' dir='ltr'>πολεμηθῆναι</span> <span class='ocrx_word' id='word_1_608' title='bbox 2007 1691 2162 1727; x_wconf 72' lang='grc' dir='ltr'>σφοορως</span> <span class='ocrx_word' id='word_1_609' title='bbox 2175 1692 2224 1713; x_wconf 82' lang='grc' dir='ltr'>υπ</span> <span class='ocrx_word' id='word_1_610' title='bbox 2245 1680 2348 1714; x_wconf 79' lang='grc' dir='ltr'>αυτοῦ</span> 
     </span>
     <span class='ocr_line' id='line_1_86' title="bbox 1329 1736 2349 1787; baseline -0.002 -11"><span class='ocrx_word' id='word_1_611' title='bbox 1329 1738 1405 1781; x_wconf 73' lang='grc' dir='ltr'>τοὺς</span> <span class='ocrx_word' id='word_1_612' title='bbox 1425 1736 1568 1780; x_wconf 85' lang='grc' dir='ltr'>πιστούς</span> <span class='ocrx_word' id='word_1_613' title='bbox 1582 1752 1590 1760; x_wconf 89' lang='grc'>·</span> <span class='ocrx_word' id='word_1_614' title='bbox 1611 1736 1771 1786; x_wconf 75' lang='grc' dir='ltr'>οὐδεμίαν</span> <span class='ocrx_word' id='word_1_615' title='bbox 1791 1736 1976 1774; x_wconf 82' lang='grc' dir='ltr'>κατέλιπεν</span> <span class='ocrx_word' id='word_1_616' title='bbox 1996 1737 2192 1787; x_wconf 66' lang='grc' dir='ltr'>ὒπερὸολὴν</span> <span class='ocrx_word' id='word_1_617' title='bbox 2211 1736 2349 1787; x_wconf 88' lang='grc' dir='ltr'>μανίας·</span> 
     </span>
     <span class='ocr_line' id='line_1_87' title="bbox 1295 1791 2348 1851; baseline 0.001 -15"><span class='ocrx_word' id='word_1_618' title='bbox 1295 1818 1297 1820; x_wconf 66' lang='grc'><strong>’</strong></span> <span class='ocrx_word' id='word_1_619' title='bbox 1330 1798 1468 1836; x_wconf 87' lang='grc' dir='ltr'>πάντων</span> <span class='ocrx_word' id='word_1_620' title='bbox 1492 1797 1715 1850; x_wconf 69' lang='grc' dir='ltr'>σφοδρότερος</span> <span class='ocrx_word' id='word_1_621' title='bbox 1733 1791 1829 1841; x_wconf 60' lang='grc' dir='ltr'>οὗτος</span> <span class='ocrx_word' id='word_1_622' title='bbox 1854 1791 1909 1843; x_wconf 61' lang='grc' dir='ltr'>ἦν.</span> <span class='ocrx_word' id='word_1_623' title='bbox 1946 1799 2093 1843; x_wconf 79' lang='grc' dir='ltr'>Ἐπειδὴ</span> <span class='ocrx_word' id='word_1_624' title='bbox 2114 1797 2150 1834; x_wconf 78' lang='grc' dir='ltr'>δὲ</span> <span class='ocrx_word' id='word_1_625' title='bbox 2169 1797 2348 1851; x_wconf 77' lang='grc' dir='ltr'>ἐπηρώθη,</span> 
     </span>
     <span class='ocr_line' id='line_1_88' title="bbox 1329 1857 2350 1911; baseline -0.001 -13"><span class='ocrx_word' id='word_1_626' title='bbox 1329 1860 1407 1898; x_wconf 87' lang='grc' dir='ltr'>τότε</span> <span class='ocrx_word' id='word_1_627' title='bbox 1432 1862 1495 1904; x_wconf 73' lang='grc' dir='ltr'>τῆς</span> <span class='ocrx_word' id='word_1_628' title='bbox 1526 1857 1726 1900; x_wconf 82' lang='grc' dir='ltr'>δεσποτείας</span> <span class='ocrx_word' id='word_1_629' title='bbox 1749 1859 1852 1895; x_wconf 73' lang='grc' dir='ltr'>αὐτοῦ</span> <span class='ocrx_word' id='word_1_630' title='bbox 1872 1857 1916 1896; x_wconf 79' lang='grc' dir='ltr'>τὰ</span> <span class='ocrx_word' id='word_1_631' title='bbox 1938 1858 2111 1911; x_wconf 73' lang='grc' dir='ltr'>τεκμήρια</span> <span class='ocrx_word' id='word_1_632' title='bbox 2133 1859 2192 1896; x_wconf 83' lang='grc' dir='ltr'>καὶ</span> <span class='ocrx_word' id='word_1_633' title='bbox 2212 1862 2274 1905; x_wconf 83' lang='grc' dir='ltr'>τ’ῆς</span> <span class='ocrx_word' id='word_1_634' title='bbox 2293 1875 2350 1911; x_wconf 83' lang='grc' dir='ltr'>φι-</span> 
     </span>
    </p>
   </div>
   <div class='ocr_carea' id='block_1_19' title="bbox 1330 1917 2346 1971">
    <p class='ocr_par' dir='ltr' id='par_1_19' title="bbox 1330 1917 2346 1971">
     <span class='ocr_line' id='line_1_89' title="bbox 1330 1917 2346 1971; baseline -0.001 -13"><span class='ocrx_word' id='word_1_635' title='bbox 1330 1919 1550 1969; x_wconf 84' lang='grc' dir='ltr'>λανθρωπίας</span> <span class='ocrx_word' id='word_1_636' title='bbox 1569 1918 1748 1970; x_wconf 80' lang='grc' dir='ltr'>γνωρίζει·</span> <span class='ocrx_word' id='word_1_637' title='bbox 1776 1917 1798 1964; x_wconf 81' lang='grc' dir='ltr'>ἢ</span> <span class='ocrx_word' id='word_1_638' title='bbox 1828 1919 1887 1956; x_wconf 81' lang='grc' dir='ltr'>καὶ</span> <span class='ocrx_word' id='word_1_639' title='bbox 1908 1918 1964 1955; x_wconf 75' lang='grc' dir='ltr'>ἵνα</span> <span class='ocrx_word' id='word_1_640' title='bbox 1994 1918 2043 1969; x_wconf 81' lang='grc' dir='ltr'>μή</span> <span class='ocrx_word' id='word_1_641' title='bbox 2071 1934 2123 1962; x_wconf 81' lang='grc' dir='ltr'>τις</span> <span class='ocrx_word' id='word_1_642' title='bbox 2151 1919 2259 1971; x_wconf 84' lang='grc' dir='ltr'>εἴπῃ,</span> <span class='ocrx_word' id='word_1_643' title='bbox 2293 1921 2346 1957; x_wconf 81' lang='grc' dir='ltr'>ὅτι</span> 
     </span>
    </p>
   </div>
   <div class='ocr_carea' id='block_1_20' title="bbox 1328 1979 2345 2033">
    <p class='ocr_par' dir='ltr' id='par_1_20' title="bbox 1328 1979 2345 2033">
     <span class='ocr_line' id='line_1_90' title="bbox 1328 1979 2345 2033; baseline -0.002 -14"><span class='ocrx_word' id='word_1_644' title='bbox 1328 1981 1548 2033; x_wconf 80' lang='grc' dir='ltr'>ὑπεκρίνατο.</span> <span class='ocrx_word' id='word_1_645' title='bbox 1569 1982 1654 2022; x_wconf 87' lang='grc' dir='ltr'>Πῶς</span> <span class='ocrx_word' id='word_1_646' title='bbox 1673 1979 1740 2030; x_wconf 77' lang='grc' dir='ltr'>γὰρ</span> <span class='ocrx_word' id='word_1_647' title='bbox 1754 2007 1763 2024; x_wconf 87' lang='grc'>,</span> <span class='ocrx_word' id='word_1_648' title='bbox 1787 1982 1804 2016; x_wconf 82' lang='grc' dir='ltr'>ὅ</span> <span class='ocrx_word' id='word_1_649' title='bbox 1822 1979 1980 2029; x_wconf 75' lang='grc' dir='ltr'>αἱμάτων</span> <span class='ocrx_word' id='word_1_650' title='bbox 2003 1980 2178 2029; x_wconf 76' lang='grc' dir='ltr'>ἐπιθυμῶν</span> <span class='ocrx_word' id='word_1_651' title='bbox 2197 2008 2206 2024; x_wconf 90' lang='grc'>,</span> <span class='ocrx_word' id='word_1_652' title='bbox 2238 1982 2256 2017; x_wconf 85' lang='grc' dir='ltr'>ὃ</span> <span class='ocrx_word' id='word_1_653' title='bbox 2273 1985 2345 2023; x_wconf 87' lang='grc' dir='ltr'>τοῖς</span> 
     </span>
    </p>
   </div>
   <div class='ocr_carea' id='block_1_21' title="bbox 1329 2038 2345 2093">
    <p class='ocr_par' dir='ltr' id='par_1_21' title="bbox 1329 2038 2345 2093">
     <span class='ocr_line' id='line_1_91' title="bbox 1329 2038 2345 2093; baseline -0.003 -14"><span class='ocrx_word' id='word_1_654' title='bbox 1329 2040 1679 2093; x_wconf 76' lang='grc' dir='ltr'>ἱερεῦσιπροσελθὼν,</span> <span class='ocrx_word' id='word_1_655' title='bbox 1694 2043 1711 2077; x_wconf 87' lang='grc' dir='ltr'>ὃ</span> <span class='ocrx_word' id='word_1_656' title='bbox 1730 2042 1777 2082; x_wconf 81' lang='grc' dir='ltr'>εἷς</span> <span class='ocrx_word' id='word_1_657' title='bbox 1790 2039 1962 2082; x_wconf 75' lang='grc' dir='ltr'>κινδύνους</span> <span class='ocrx_word' id='word_1_658' title='bbox 1983 2038 2101 2076; x_wconf 78' lang='grc' dir='ltr'>ἑαυτὸν</span> <span class='ocrx_word' id='word_1_659' title='bbox 2119 2039 2345 2092; x_wconf 74' lang='grc' dir='ltr'>ἐπιῤῥίπτων,</span> 
     </span>
    </p>
   </div>
   <div class='ocr_carea' id='block_1_22' title="bbox 1328 2099 2348 2212">
    <p class='ocr_par' dir='ltr' id='par_1_22' title="bbox 1328 2099 2348 2212">
     <span class='ocr_line' id='line_1_92' title="bbox 1328 2099 2348 2152; baseline -0.002 -12"><span class='ocrx_word' id='word_1_660' title='bbox 1328 2102 1387 2141; x_wconf 82' lang='grc' dir='ltr'>καὶ</span> <span class='ocrx_word' id='word_1_661' title='bbox 1402 2102 1480 2145; x_wconf 67' lang='grc' dir='ltr'>τοὺς</span> <span class='ocrx_word' id='word_1_662' title='bbox 1492 2101 1556 2145; x_wconf 80' lang='grc' dir='ltr'>ἔξω</span> <span class='ocrx_word' id='word_1_663' title='bbox 1569 2100 1719 2139; x_wconf 77' lang='grc' dir='ltr'>ἐλαύνων</span> <span class='ocrx_word' id='word_1_664' title='bbox 1732 2100 1791 2138; x_wconf 73' lang='grc' dir='ltr'>καὶ</span> <span class='ocrx_word' id='word_1_665' title='bbox 1804 2099 2074 2152; x_wconf 73' lang='grc' dir='ltr'>τιμωρούμενος,</span> <span class='ocrx_word' id='word_1_666' title='bbox 2088 2102 2200 2143; x_wconf 80' lang='grc' dir='ltr'>Οὗτος</span> <span class='ocrx_word' id='word_1_667' title='bbox 2214 2104 2270 2138; x_wconf 82' lang='grc' dir='ltr'>οὖν</span> <span class='ocrx_word' id='word_1_668' title='bbox 2286 2118 2348 2152; x_wconf 90' lang='grc' dir='ltr'>με-</span> 
     </span>
     <span class='ocr_line' id='line_1_93' title="bbox 1328 2160 2347 2212; baseline 0.002 -13"><span class='ocrx_word' id='word_1_669' title='bbox 1328 2163 1372 2200; x_wconf 73' lang='grc' dir='ltr'>τὰ</span> <span class='ocrx_word' id='word_1_670' title='bbox 1387 2166 1496 2200; x_wconf 74' lang='grc' dir='ltr'>ταῦτα</span> <span class='ocrx_word' id='word_1_671' title='bbox 1507 2161 1620 2198; x_wconf 86' lang='grc' dir='ltr'>πάντα</span> <span class='ocrx_word' id='word_1_672' title='bbox 1631 2160 1692 2206; x_wconf 79' lang='grc' dir='ltr'>τὴν</span> <span class='ocrx_word' id='word_1_673' title='bbox 1705 2161 1906 2198; x_wconf 77' lang='grc' dir='ltr'>δεσποτείαν</span> <span class='ocrx_word' id='word_1_674' title='bbox 1921 2163 2093 2212; x_wconf 78' lang='grc' dir='ltr'>ὁμολογεῖ.</span> <span class='ocrx_word' id='word_1_675' title='bbox 2111 2160 2180 2198; x_wconf 75' lang='grc' dir='ltr'>Διὰ</span> <span class='ocrx_word' id='word_1_676' title='bbox 2188 2161 2222 2198; x_wconf 91' lang='grc' dir='ltr'>τί</span> <span class='ocrx_word' id='word_1_677' title='bbox 2236 2161 2272 2200; x_wconf 77' lang='grc' dir='ltr'>δὲ</span> <span class='ocrx_word' id='word_1_678' title='bbox 2287 2163 2347 2201; x_wconf 85' lang='grc' dir='ltr'>οὐκ</span> 
     </span>
    </p>
   </div>
   <div class='ocr_carea' id='block_1_23' title="bbox 1327 2221 2359 3180">
    <p class='ocr_par' dir='ltr' id='par_1_23' title="bbox 1327 2221 2359 3180">
     <span class='ocr_line' id='line_1_94' title="bbox 1330 2221 2347 2275; baseline 0.001 -15"><span class='ocrx_word' id='word_1_679' title='bbox 1330 2223 1422 2260; x_wconf 81' lang='grc' dir='ltr'>ἔνδον</span> <span class='ocrx_word' id='word_1_680' title='bbox 1441 2224 1475 2259; x_wconf 81' lang='grc' dir='ltr'>ἐν</span> <span class='ocrx_word' id='word_1_681' title='bbox 1494 2226 1537 2272; x_wconf 75' lang='grc' dir='ltr'>τῇ</span> <span class='ocrx_word' id='word_1_682' title='bbox 1560 2222 1659 2259; x_wconf 79' lang='grc' dir='ltr'>πόλει</span> <span class='ocrx_word' id='word_1_683' title='bbox 1678 2221 1940 2274; x_wconf 68' lang='grc' dir='ltr'>περιηστράφθη</span> <span class='ocrx_word' id='word_1_684' title='bbox 1961 2225 2010 2273; x_wconf 83' lang='grc' dir='ltr'>τῷ</span> <span class='ocrx_word' id='word_1_685' title='bbox 2032 2222 2136 2274; x_wconf 74' lang='grc' dir='ltr'>φωτὶ,</span> <span class='ocrx_word' id='word_1_686' title='bbox 2163 2222 2253 2260; x_wconf 82' lang='grc' dir='ltr'>ἀλλὰ</span> <span class='ocrx_word' id='word_1_687' title='bbox 2279 2223 2347 2275; x_wconf 80' lang='grc' dir='ltr'>πρὸ</span> 
     </span>
     <span class='ocr_line' id='line_1_95' title="bbox 1330 2281 2347 2330; baseline 0.002 -10"><span class='ocrx_word' id='word_1_688' title='bbox 1330 2286 1454 2330; x_wconf 70' lang='grc' dir='ltr'>αὖτῆς,</span> <span class='ocrx_word' id='word_1_689' title='bbox 1486 2282 1572 2320; x_wconf 63' lang='lat' dir='ltr'>“Oti</span> <span class='ocrx_word' id='word_1_690' title='bbox 1595 2284 1655 2320; x_wconf 79' lang='grc' dir='ltr'>οὐκ</span> <span class='ocrx_word' id='word_1_691' title='bbox 1674 2281 1712 2318; x_wconf 74' lang='grc' dir='ltr'>ἂν</span> <span class='ocrx_word' id='word_1_692' title='bbox 1734 2282 1938 2320; x_wconf 83' lang='grc' dir='ltr'>ἐπίστευσαν</span> <span class='ocrx_word' id='word_1_693' title='bbox 1959 2284 1989 2319; x_wconf 82' lang='grc' dir='ltr'>οἱ</span> <span class='ocrx_word' id='word_1_694' title='bbox 2015 2283 2160 2328; x_wconf 77' lang='grc' dir='ltr'>πολλοὶ,</span> <span class='ocrx_word' id='word_1_695' title='bbox 2181 2284 2270 2321; x_wconf 78' lang='grc' dir='ltr'>ἀλλὰ</span> <span class='ocrx_word' id='word_1_696' title='bbox 2289 2284 2347 2322; x_wconf 81' lang='grc' dir='ltr'>καὶ</span> 
     </span>
     <span class='ocr_line' id='line_1_96' title="bbox 1328 2341 2347 2395; baseline 0 -14"><span class='ocrx_word' id='word_1_697' title='bbox 1328 2343 1518 2395; x_wconf 71' lang='grc' dir='ltr'>ἐχλεύασαν</span> <span class='ocrx_word' id='word_1_698' title='bbox 1547 2343 1587 2381; x_wconf 78' lang='grc' dir='ltr'>ἄν</span> <span class='ocrx_word' id='word_1_699' title='bbox 1603 2358 1610 2365; x_wconf 87' lang='grc'><em>·</em></span> <span class='ocrx_word' id='word_1_700' title='bbox 1644 2352 1729 2380; x_wconf 78' lang='grc' dir='ltr'>ὅπου</span> <span class='ocrx_word' id='word_1_701' title='bbox 1750 2358 1790 2393; x_wconf 88' lang='grc' dir='ltr'>γε</span> <span class='ocrx_word' id='word_1_702' title='bbox 1815 2341 1874 2379; x_wconf 81' lang='grc' dir='ltr'>καὶ</span> <span class='ocrx_word' id='word_1_703' title='bbox 1900 2344 1970 2379; x_wconf 82' lang='grc' dir='ltr'>ἐκεῖ</span> <span class='ocrx_word' id='word_1_704' title='bbox 1998 2342 2126 2379; x_wconf 83' lang='grc' dir='ltr'>ἀνωθεν</span> <span class='ocrx_word' id='word_1_705' title='bbox 2149 2344 2347 2395; x_wconf 71' lang='grc' dir='ltr'>ἐνεχθείσης</span> 
     </span>
     <span class='ocr_line' id='line_1_97' title="bbox 1329 2398 2345 2455; baseline 0.002 -15"><span class='ocrx_word' id='word_1_706' title='bbox 1329 2407 1443 2455; x_wconf 66' lang='grc' dir='ltr'>φωνῆς</span> <span class='ocrx_word' id='word_1_707' title='bbox 1466 2403 1647 2446; x_wconf 82' lang='grc' dir='ltr'>ἀκούοντες</span> <span class='ocrx_word' id='word_1_708' title='bbox 1676 2402 1816 2454; x_wconf 83' lang='grc' dir='ltr'>ἔλεγον,</span> <span class='ocrx_word' id='word_1_709' title='bbox 1835 2401 1889 2440; x_wconf 75' lang='grc' dir='ltr'>ὅτι</span> <span class='ocrx_word' id='word_1_710' title='bbox 1907 2402 2041 2453; x_wconf 61' lang='grc' dir='ltr'>Βροντή</span> <span class='ocrx_word' id='word_1_711' title='bbox 2062 2404 2174 2440; x_wconf 86' lang='grc' dir='ltr'>ἐστιν·</span> <span class='ocrx_word' id='word_1_712' title='bbox 2196 2398 2292 2448; x_wconf 63' lang='grc' dir='ltr'>οὗτος</span> <span class='ocrx_word' id='word_1_713' title='bbox 2309 2405 2345 2442; x_wconf 79' lang='grc' dir='ltr'>δὲ</span> 
     </span>
     <span class='ocr_line' id='line_1_98' title="bbox 1330 2459 2345 2514; baseline 0.002 -13"><span class='ocrx_word' id='word_1_714' title='bbox 1330 2464 1526 2508; x_wconf 81' lang='grc' dir='ltr'>ἀξιόπιστος</span> <span class='ocrx_word' id='word_1_715' title='bbox 1542 2459 1582 2510; x_wconf 60' lang='grc' dir='ltr'>ἦν</span> <span class='ocrx_word' id='word_1_716' title='bbox 1603 2463 1830 2514; x_wconf 79' lang='grc' dir='ltr'>ἀπαγγέλλων</span> <span class='ocrx_word' id='word_1_717' title='bbox 1849 2465 1978 2513; x_wconf 77' lang='grc' dir='ltr'>μᾶλλον</span> <span class='ocrx_word' id='word_1_718' title='bbox 1997 2463 2041 2500; x_wconf 76' lang='grc' dir='ltr'>τὰ</span> <span class='ocrx_word' id='word_1_719' title='bbox 2061 2465 2176 2502; x_wconf 72' lang='grc' dir='ltr'>αὐτοῦ.</span> <span class='ocrx_word' id='word_1_720' title='bbox 2206 2465 2274 2502; x_wconf 77' lang='grc' dir='ltr'>Καὶ</span> <span class='ocrx_word' id='word_1_721' title='bbox 2291 2466 2345 2504; x_wconf 88' lang='grc' dir='ltr'>δε-</span> 
     </span>
     <span class='ocr_line' id='line_1_99' title="bbox 1330 2522 2345 2575; baseline -0.001 -13"><span class='ocrx_word' id='word_1_722' title='bbox 1330 2524 1468 2575; x_wconf 78' lang='grc' dir='ltr'>δεμένος</span> <span class='ocrx_word' id='word_1_723' title='bbox 1484 2524 1640 2574; x_wconf 70' lang='grc' dir='ltr'>εἷο-ἤγετο</span> <span class='ocrx_word' id='word_1_724' title='bbox 1654 2553 1663 2569; x_wconf 91' lang='grc'>,</span> <span class='ocrx_word' id='word_1_725' title='bbox 1685 2526 1722 2561; x_wconf 78' lang='grc' dir='ltr'>οὐ</span> <span class='ocrx_word' id='word_1_726' title='bbox 1739 2522 1987 2575; x_wconf 76' lang='grc' dir='ltr'>περικειμένων</span> <span class='ocrx_word' id='word_1_727' title='bbox 2009 2524 2100 2574; x_wconf 73' lang='grc' dir='ltr'>αὐτῷ</span> <span class='ocrx_word' id='word_1_728' title='bbox 2121 2524 2269 2573; x_wconf 84' lang='grc' dir='ltr'>δεσμῶν,</span> <span class='ocrx_word' id='word_1_729' title='bbox 2286 2527 2345 2561; x_wconf 87' lang='grc' dir='ltr'>καὶ</span> 
     </span>
     <span class='ocr_line' id='line_1_100' title="bbox 1329 2582 2345 2636; baseline -0.001 -12"><span class='ocrx_word' id='word_1_730' title='bbox 1329 2582 1441 2624; x_wconf 65' lang='grc' dir='ltr'>εἷλκον</span> <span class='ocrx_word' id='word_1_731' title='bbox 1470 2586 1569 2623; x_wconf 76' lang='grc' dir='ltr'>αὐτὸν</span> <span class='ocrx_word' id='word_1_732' title='bbox 1599 2585 1654 2622; x_wconf 76' lang='grc' dir='ltr'>τὸν</span> <span class='ocrx_word' id='word_1_733' title='bbox 1676 2584 1965 2636; x_wconf 75' lang='grc' dir='ltr'>προσδοκήσαντα</span> <span class='ocrx_word' id='word_1_734' title='bbox 1983 2582 2060 2626; x_wconf 73' lang='grc' dir='ltr'>τοὺς</span> <span class='ocrx_word' id='word_1_735' title='bbox 2085 2584 2206 2627; x_wconf 80' lang='grc' dir='ltr'>ἄλλους</span> <span class='ocrx_word' id='word_1_736' title='bbox 2223 2584 2345 2628; x_wconf 79' lang='grc' dir='ltr'>ἕλξειν.</span> 
     </span>
     <span class='ocr_line' id='line_1_101' title="bbox 1328 2642 2344 2696; baseline 0 -12"><span class='ocrx_word' id='word_1_737' title='bbox 1328 2646 1431 2689; x_wconf 88' lang='grc' dir='ltr'>Τίνος</span> <span class='ocrx_word' id='word_1_738' title='bbox 1460 2646 1494 2684; x_wconf 78' lang='grc' dir='ltr'>δὲ</span> <span class='ocrx_word' id='word_1_739' title='bbox 1521 2645 1635 2682; x_wconf 79' lang='grc' dir='ltr'>ἕνεκεν</span> <span class='ocrx_word' id='word_1_740' title='bbox 1652 2645 1712 2682; x_wconf 80' lang='grc' dir='ltr'>οὒκ</span> <span class='ocrx_word' id='word_1_741' title='bbox 1728 2645 1852 2696; x_wconf 72' lang='grc' dir='ltr'>ἔφαγεν</span> <span class='ocrx_word' id='word_1_742' title='bbox 1867 2642 1942 2681; x_wconf 74' lang='grc' dir='ltr'>οὐδὲ</span> <span class='ocrx_word' id='word_1_743' title='bbox 1961 2643 2059 2690; x_wconf 69' lang='grc' dir='ltr'>ἔπιε,</span> <span class='ocrx_word' id='word_1_744' title='bbox 2083 2644 2344 2695; x_wconf 87' lang='grc' dir='ltr'>Κατεγίνωσκεν</span> 
     </span>
     <span class='ocr_line' id='line_1_102' title="bbox 1329 2704 2344 2758; baseline 0 -13"><span class='ocrx_word' id='word_1_745' title='bbox 1329 2710 1451 2746; x_wconf 76' lang='grc' dir='ltr'>ἑαυτοῦ</span> <span class='ocrx_word' id='word_1_746' title='bbox 1484 2707 1540 2745; x_wconf 88' lang='grc' dir='ltr'>ἐπὶ</span> <span class='ocrx_word' id='word_1_747' title='bbox 1569 2712 1639 2749; x_wconf 87' lang='grc' dir='ltr'>τοῖς</span> <span class='ocrx_word' id='word_1_748' title='bbox 1668 2705 1879 2756; x_wconf 81' lang='grc' dir='ltr'>γινομένοις,</span> <span class='ocrx_word' id='word_1_749' title='bbox 1908 2704 2172 2755; x_wconf 82' lang='grc' dir='ltr'>ἐξωμολογεῖτο,</span> <span class='ocrx_word' id='word_1_750' title='bbox 2204 2706 2344 2758; x_wconf 77' lang='grc' dir='ltr'>ηὔχετο,</span> 
     </span>
     <span class='ocr_line' id='line_1_103' title="bbox 1327 2761 2359 2822; baseline -0.002 -16"><span class='ocrx_word' id='word_1_751' title='bbox 1327 2768 1518 2822; x_wconf 74' lang='grc' dir='ltr'>παρεκάλει</span> <span class='ocrx_word' id='word_1_752' title='bbox 1546 2768 1604 2805; x_wconf 74' lang='grc' dir='ltr'>τὸν</span> <span class='ocrx_word' id='word_1_753' title='bbox 1638 2766 1740 2805; x_wconf 82' lang='grc' dir='ltr'>Θεόν.</span> <span class='ocrx_word' id='word_1_754' title='bbox 1769 2768 1812 2803; x_wconf 79' lang='grc' dir='ltr'>Εἰ</span> <span class='ocrx_word' id='word_1_755' title='bbox 1832 2766 1866 2804; x_wconf 81' lang='grc' dir='ltr'>δὲ</span> <span class='ocrx_word' id='word_1_756' title='bbox 1885 2766 1980 2817; x_wconf 79' lang='grc' dir='ltr'>λέγοι</span> <span class='ocrx_word' id='word_1_757' title='bbox 2006 2781 2058 2808; x_wconf 91' lang='grc' dir='ltr'>τις</span> <span class='ocrx_word' id='word_1_758' title='bbox 2078 2766 2230 2816; x_wconf 81' lang='grc' dir='ltr'>ἀνάγκης</span> <span class='ocrx_word' id='word_1_759' title='bbox 2257 2761 2359 2805; x_wconf 64' lang='grc' dir='ltr'>εἶναι’</span> 
     </span>
     <span class='ocr_line' id='line_1_104' title="bbox 1328 2825 2344 2881; baseline -0.002 -14"><span class='ocrx_word' id='word_1_760' title='bbox 1328 2829 1366 2867; x_wconf 85' lang='grc' dir='ltr'>τὸ</span> <span class='ocrx_word' id='word_1_761' title='bbox 1385 2837 1531 2880; x_wconf 69' lang='grc' dir='ltr'>πρᾶγμα</span> <span class='ocrx_word' id='word_1_762' title='bbox 1550 2827 1623 2879; x_wconf 66' lang='grc' dir='ltr'>(καὶ</span> <span class='ocrx_word' id='word_1_763' title='bbox 1642 2827 1711 2879; x_wconf 76' lang='grc' dir='ltr'>γὰρ</span> <span class='ocrx_word' id='word_1_764' title='bbox 1726 2830 1743 2865; x_wconf 83' lang='grc' dir='ltr'>ὃ</span> <span class='ocrx_word' id='word_1_765' title='bbox 1757 2827 1911 2877; x_wconf 78' lang='grc' dir='ltr'>Ἐλύμας</span> <span class='ocrx_word' id='word_1_766' title='bbox 1926 2826 1964 2864; x_wconf 86' lang='grc' dir='ltr'>τὸ</span> <span class='ocrx_word' id='word_1_767' title='bbox 1980 2827 2062 2864; x_wconf 77' lang='grc' dir='ltr'>αὐτὸ</span> <span class='ocrx_word' id='word_1_768' title='bbox 2078 2825 2232 2874; x_wconf 78' lang='grc' dir='ltr'>ἔπαθεν),</span> <span class='ocrx_word' id='word_1_769' title='bbox 2247 2829 2344 2881; x_wconf 69' lang='grc' dir='ltr'>ἐροῦ-</span> 
     </span>
     <span class='ocr_line' id='line_1_105' title="bbox 1331 2881 2345 2942; baseline -0.001 -14"><span class='ocrx_word' id='word_1_770' title='bbox 1331 2907 1391 2942; x_wconf 86' lang='grc' dir='ltr'>μεν</span> <span class='ocrx_word' id='word_1_771' title='bbox 1410 2907 1417 2913; x_wconf 94' lang='grc'><em>·</em></span> <span class='ocrx_word' id='word_1_772' title='bbox 1443 2890 1499 2928; x_wconf 80' lang='grc' dir='ltr'>ναὶ</span> <span class='ocrx_word' id='word_1_773' title='bbox 1526 2889 1664 2935; x_wconf 83' lang='grc' dir='ltr'>ἔπαθεν,</span> <span class='ocrx_word' id='word_1_774' title='bbox 1689 2890 1766 2926; x_wconf 87' lang='grc' dir='ltr'>ἀλλ’</span> <span class='ocrx_word' id='word_1_775' title='bbox 1789 2887 1919 2938; x_wconf 84' lang='grc' dir='ltr'>ἔμεινεν</span> <span class='ocrx_word' id='word_1_776' title='bbox 1939 2889 1985 2929; x_wconf 85' lang='grc' dir='ltr'>ὡς</span> <span class='ocrx_word' id='word_1_777' title='bbox 2000 2881 2083 2938; x_wconf 64' lang='grc' dir='ltr'>εἶχε.</span> <span class='ocrx_word' id='word_1_778' title='bbox 2111 2889 2193 2930; x_wconf 86' lang='grc' dir='ltr'>Πῶς</span> <span class='ocrx_word' id='word_1_779' title='bbox 2209 2883 2266 2926; x_wconf 64' lang='grc' dir='ltr'>οἷν</span> <span class='ocrx_word' id='word_1_780' title='bbox 2284 2891 2345 2928; x_wconf 80' lang='grc' dir='ltr'>οὐκ</span> 
     </span>
     <span class='ocr_line' id='line_1_106' title="bbox 1328 2945 2344 3003; baseline 0 -14"><span class='ocrx_word' id='word_1_781' title='bbox 1328 2951 1551 3003; x_wconf 84' lang='grc' dir='ltr'>ἠναγκάσοη;</span> <span class='ocrx_word' id='word_1_782' title='bbox 1589 2949 1659 2987; x_wconf 82' lang='grc' dir='ltr'>Καὶ</span> <span class='ocrx_word' id='word_1_783' title='bbox 1684 2948 1718 2986; x_wconf 86' lang='grc' dir='ltr'>τί</span> <span class='ocrx_word' id='word_1_784' title='bbox 1750 2945 2091 2998; x_wconf 82' lang='grc' dir='ltr'>ἀναγκαστικώτερον</span> <span class='ocrx_word' id='word_1_785' title='bbox 2115 2952 2173 2985; x_wconf 69' lang='grc' dir='ltr'>τοῦ</span> <span class='ocrx_word' id='word_1_786' title='bbox 2201 2955 2344 3000; x_wconf 75' lang='grc' dir='ltr'>σεισμοῦ</span> 
     </span>
     <span class='ocr_line' id='line_1_107' title="bbox 1328 3009 2345 3063; baseline -0.002 -13"><span class='ocrx_word' id='word_1_787' title='bbox 1328 3017 1388 3051; x_wconf 72' lang='grc' dir='ltr'>τοῦ</span> <span class='ocrx_word' id='word_1_788' title='bbox 1407 3012 1463 3050; x_wconf 78' lang='grc' dir='ltr'>ἐπὶ</span> <span class='ocrx_word' id='word_1_789' title='bbox 1487 3014 1549 3056; x_wconf 73' lang='grc' dir='ltr'>τῆς</span> <span class='ocrx_word' id='word_1_790' title='bbox 1566 3009 1797 3056; x_wconf 80' lang='grc' dir='ltr'>ἀναστάσεως,</span> <span class='ocrx_word' id='word_1_791' title='bbox 1816 3011 1884 3045; x_wconf 90' lang='grc' dir='ltr'>τῶν</span> <span class='ocrx_word' id='word_1_792' title='bbox 1906 3011 2127 3058; x_wconf 82' lang='grc' dir='ltr'>στρατιωτῶν</span> <span class='ocrx_word' id='word_1_793' title='bbox 2146 3013 2214 3047; x_wconf 86' lang='grc' dir='ltr'>τῶν</span> <span class='ocrx_word' id='word_1_794' title='bbox 2232 3013 2345 3063; x_wconf 89' lang='grc' dir='ltr'>ἀπαγ-</span> 
     </span>
     <span class='ocr_line' id='line_1_108' title="bbox 1327 3068 2344 3124; baseline 0 -13"><span class='ocrx_word' id='word_1_795' title='bbox 1327 3073 1531 3124; x_wconf 85' lang='grc' dir='ltr'>γειλάντων,</span> <span class='ocrx_word' id='word_1_796' title='bbox 1560 3074 1627 3109; x_wconf 86' lang='grc' dir='ltr'>τῶν</span> <span class='ocrx_word' id='word_1_797' title='bbox 1648 3070 1800 3121; x_wconf 86' lang='grc' dir='ltr'>σημείων</span> <span class='ocrx_word' id='word_1_798' title='bbox 1822 3072 1890 3106; x_wconf 83' lang='grc' dir='ltr'>τῶν</span> <span class='ocrx_word' id='word_1_799' title='bbox 1917 3068 2043 3115; x_wconf 81' lang='grc' dir='ltr'>ἄλλων,</span> <span class='ocrx_word' id='word_1_800' title='bbox 2064 3073 2123 3106; x_wconf 76' lang='grc' dir='ltr'>τοῦ</span> <span class='ocrx_word' id='word_1_801' title='bbox 2144 3071 2225 3109; x_wconf 82' lang='grc' dir='ltr'>ἰδεῖν</span> <span class='ocrx_word' id='word_1_802' title='bbox 2243 3073 2344 3111; x_wconf 77' lang='grc' dir='ltr'>αὐτὸν</span> 
     </span>
     <span class='ocr_line' id='line_1_109' title="bbox 1330 3130 2342 3180; baseline 0 -9"><span class='ocrx_word' id='word_1_803' title='bbox 1330 3133 1551 3178; x_wconf 70' lang='grc' dir='ltr'>ἀναστάντα,</span> <span class='ocrx_word' id='word_1_804' title='bbox 1572 3131 1663 3169; x_wconf 80' lang='grc' dir='ltr'>Ἀλλ’</span> <span class='ocrx_word' id='word_1_805' title='bbox 1680 3132 1740 3168; x_wconf 83' lang='grc' dir='ltr'>οὐκ</span> <span class='ocrx_word' id='word_1_806' title='bbox 1760 3131 1832 3168; x_wconf 84' lang='grc' dir='ltr'>ἔστι</span> <span class='ocrx_word' id='word_1_807' title='bbox 1849 3133 1961 3166; x_wconf 77' lang='grc' dir='ltr'>ταῦτα</span> <span class='ocrx_word' id='word_1_808' title='bbox 1979 3130 2232 3180; x_wconf 81' lang='grc' dir='ltr'>ἀναγκαστικὰ,</span> <span class='ocrx_word' id='word_1_809' title='bbox 2252 3133 2342 3171; x_wconf 85' lang='grc' dir='ltr'>ἀλλὰ</span> 
     </span>
    </p>
   </div>
   <div class='ocr_carea' id='block_1_24' title="bbox 1278 3189 2343 3231">
    <p class='ocr_par' dir='ltr' id='par_1_24' title="bbox 1278 3189 2343 3231">
     <span class='ocr_line' id='line_1_110' title="bbox 1278 3189 2343 3231; baseline -0.001 1"><span class='ocrx_word' id='word_1_810' title='bbox 1278 3197 1304 3225; x_wconf 91' lang='lat' dir='ltr'>D</span> <span class='ocrx_word' id='word_1_811' title='bbox 1329 3193 1526 3231; x_wconf 83' lang='grc' dir='ltr'>διδακτικά.</span> <span class='ocrx_word' id='word_1_812' title='bbox 1556 3192 1714 3229; x_wconf 80' lang='grc' dir='ltr'>Ἰουδαῖοι</span> <span class='ocrx_word' id='word_1_813' title='bbox 1745 3190 1800 3228; x_wconf 72' lang='grc' dir='ltr'>διὰ</span> <span class='ocrx_word' id='word_1_814' title='bbox 1830 3189 1864 3226; x_wconf 88' lang='grc' dir='ltr'>τί</span> <span class='ocrx_word' id='word_1_815' title='bbox 1903 3190 1965 3227; x_wconf 75' lang='grc' dir='ltr'>οὐκ</span> <span class='ocrx_word' id='word_1_816' title='bbox 1997 3189 2204 3229; x_wconf 85' lang='grc' dir='ltr'>ἐπίστευσαν</span> <span class='ocrx_word' id='word_1_817' title='bbox 2232 3197 2343 3231; x_wconf 75' lang='grc' dir='ltr'>ταῦτα</span> 
     </span>
    </p>
   </div>
   <div class='ocr_carea' id='block_1_25' title="bbox 1329 3245 2342 3303">
    <p class='ocr_par' dir='ltr' id='par_1_25' title="bbox 1329 3245 2342 3303">
     <span class='ocr_line' id='line_1_111' title="bbox 1329 3245 2342 3303; baseline 0 -12"><span class='ocrx_word' id='word_1_818' title='bbox 1329 3254 1508 3296; x_wconf 84' lang='grc' dir='ltr'>ἀκούοντες</span> <span class='ocrx_word' id='word_1_819' title='bbox 1524 3269 1533 3300; x_wconf 85' lang='grc'><strong>;</strong></span> <span class='ocrx_word' id='word_1_820' title='bbox 1561 3250 1645 3290; x_wconf 65' lang='lat' dir='ltr'>“On</span> <span class='ocrx_word' id='word_1_821' title='bbox 1665 3251 1811 3298; x_wconf 79' lang='grc' dir='ltr'>ἠλήθευε</span> <span class='ocrx_word' id='word_1_822' title='bbox 1830 3251 1931 3295; x_wconf 77' lang='grc' dir='ltr'>δῆλον</span> <span class='ocrx_word' id='word_1_823' title='bbox 1949 3245 2000 3297; x_wconf 66' lang='grc' dir='ltr'>ἦν.</span> <span class='ocrx_word' id='word_1_824' title='bbox 2032 3251 2084 3287; x_wconf 78' lang='grc' dir='ltr'>Οὐ</span> <span class='ocrx_word' id='word_1_825' title='bbox 2102 3251 2168 3303; x_wconf 84' lang='grc' dir='ltr'>γὰρ</span> <span class='ocrx_word' id='word_1_826' title='bbox 2188 3252 2228 3289; x_wconf 83' lang='grc' dir='ltr'>ἂν</span> <span class='ocrx_word' id='word_1_827' title='bbox 2244 3253 2342 3303; x_wconf 81' lang='grc' dir='ltr'>μετέ-</span> 
     </span>
    </p>
   </div>
   <div class='ocr_carea' id='block_1_26' title="bbox 1321 3310 2339 3362">
    <p class='ocr_par' dir='ltr' id='par_1_26' title="bbox 1321 3310 2339 3362">
     <span class='ocr_line' id='line_1_112' title="bbox 1321 3310 2339 3362; baseline 0.001 -11"><span class='ocrx_word' id='word_1_828' title='bbox 1321 3317 1396 3351; x_wconf 80' lang='grc' dir='ltr'>θετο</span> <span class='ocrx_word' id='word_1_829' title='bbox 1410 3344 1419 3360; x_wconf 93' lang='grc'>,</span> <span class='ocrx_word' id='word_1_830' title='bbox 1452 3312 1499 3362; x_wconf 76' lang='grc' dir='ltr'>μὴ</span> <span class='ocrx_word' id='word_1_831' title='bbox 1528 3311 1711 3362; x_wconf 81' lang='grc' dir='ltr'>γενομένου</span> <span class='ocrx_word' id='word_1_832' title='bbox 1737 3310 1855 3349; x_wconf 83' lang='grc' dir='ltr'>τούτου</span> <span class='ocrx_word' id='word_1_833' title='bbox 1870 3339 1878 3358; x_wconf 85' lang='grc'>,</span> <span class='ocrx_word' id='word_1_834' title='bbox 1893 3310 1984 3349; x_wconf 79' lang='grc' dir='ltr'>ὥστε</span> <span class='ocrx_word' id='word_1_835' title='bbox 2004 3311 2135 3354; x_wconf 81' lang='grc' dir='ltr'>πάντας</span> <span class='ocrx_word' id='word_1_836' title='bbox 2153 3317 2339 3352; x_wconf 76' lang='grc' dir='ltr'>πιστεῦσαι</span> 
     </span>
    </p>
   </div>
  </div>
 </body>
</html>
