2502 3810
727 286 768 316 tx
808 285 950 316 EPIST.

112 368 169 416 ἔζη
187 398 196 415 ,
214 366 340 405 στένων
355 367 413 406 καὶ
429 366 578 419 τρέμων,
595 367 654 403 καὶ
669 368 702 404 ἐν
720 369 768 419 τῷ
788 367 926 417 σώματι
945 366 1007 412 τὴν
1022 382 1132 413 κατη-

112 430 230 481 γορίαν
250 433 309 466 τοῦ
324 428 505 479 γενομένου
521 426 726 480 περιφέρων.
742 427 804 473 Μὴ
822 427 862 474 δὴ
877 432 976 466 τοῦτο
996 427 1130 465 διώκω-

112 504 187 538 μεν,
203 490 278 526 ἀλλ’
303 490 422 526 ἐκεῖνο,
438 488 482 526 Ὁ
504 487 564 538 μὲν
579 487 646 539 γὰρ
669 490 785 530 κακῶς
815 487 962 539 πάσχων
978 489 1039 524 οὐκ
1058 486 1132 537 ἔχει

111 549 255 598 μόνιμον
289 547 376 587 οἴκοι
406 549 444 586 τὸ
473 548 596 586 κακόν·
614 549 650 585 οὐ
679 548 747 599 γὰρ
773 548 872 590 αὐτὸς
901 547 985 586 αὐτὸ
1005 547 1132 593 ἔτεκεν,

110 609 187 646 ἀλλ’
207 608 369 662 ἑτέρωθεν
389 609 470 646 αὐτὸ
505 608 702 659 δεξάμενος,
737 607 897 654 ἐποίησεν
928 606 1053 657 ἀγαθὸν
1075 605 1132 643 διὰ

109 673 172 714 ἰ’-ἧς
190 672 364 719 ὑπομονῆς
377 685 384 693 ·
405 673 422 707 ὁ
442 669 477 706 δὲ
499 670 648 715 ποιήσας
666 670 783 711 κακῶς
796 698 805 714 ,
828 669 916 705 οἴκοι
934 672 948 686 ³
961 666 1024 712 τὴν
1040 667 1130 712 πλη-

111 728 174 779 γὴν
191 728 263 780 ἔχει
278 733 339 775 τῆς
357 730 491 774 κακίας.
509 732 589 780 Οὐχ
602 732 619 766 ὁ
636 728 765 779 Ἰωσὴφ
780 726 1058 779 ἐνῐδεσμωτηρίῳ
1073 721 1130 773 ἦν,

110 793 131 835 ἡ
153 789 187 826 δὲ
210 789 485 828 ἐπιδουλεύσασα
501 791 594 841 αὐτῷ
612 788 722 840 πόρνη
751 790 783 825 ἐν
800 788 891 838 οἰκίᾳ
912 789 1059 838 λαμπρᾷ
1075 785 1133 823 καὶ

111 855 310 902 περιφανεῖ,
328 850 391 893 Τίς
408 850 447 887 ἂν
471 844 527 888 οἶν
545 849 716 896 ἠθέλησας
730 848 907 899 γενέσθαι;
930 848 998 885 Καὶ
1024 847 1132 896 μήπω

113 925 171 960 μοι
191 910 253 957 τὴν
275 910 443 949 ἀντίδοσιν
466 910 583 961 εἴπῃς,
600 912 675 947 ἀλλ’
693 908 780 947 αὐτὰ
798 911 873 946 καο’
894 908 999 945 ἑαυτὰ
1018 907 1134 951 ἐξέτα-

112 986 169 1009 σον
198 970 240 1008 τὰ
258 971 468 1022 γεγενημένα
481 986 488 993 ·
510 971 569 1008 καὶ
583 969 649 1021 γὰρ
668 969 756 1006 οὕτω
774 969 935 1020 μυριάκις
954 968 1133 1019 προτιμή-

111 1047 180 1074 σεις
205 1032 243 1069 τὸ
271 1031 507 1082 δεσμωτήριον
536 1030 624 1080 μετὰ
644 1035 703 1067 τοῦ
718 1028 849 1080 Ἰωσὴφ
868 1031 928 1073 τῆς
944 1027 1054 1070 οἰκίας
1071 1032 1134 1075 τῆς

109 1090 171 1137 τὴν
194 1091 323 1143 πόρνην
339 1091 497 1143 ἐχούσης.
519 1090 588 1128 Καὶ
612 1089 680 1141 γὰρ
703 1091 731 1126 εἰ
758 1088 821 1134 τὴν
839 1087 1042 1140 ἀμφοτέρων
1064 1090 1132 1139 ψυ-

108 1150 175 1201 χὴν
196 1150 301 1195 ἴδοις,
321 1150 383 1196 τὴν
406 1150 468 1200 μὲν
492 1152 525 1188 ἐν
548 1148 741 1200 εὐρυχωρίᾳ
761 1148 820 1186 καὶ
846 1147 1025 1200 παρρησίᾳ
1055 1149 1132 1200 ὄψει

107 1211 242 1262 πολλῇ,
265 1210 327 1257 τὴν
346 1209 380 1248 δὲ
399 1214 461 1256 τῆς
482 1209 674 1260 Αἰγυπτίας
694 1211 727 1246 ἐν
750 1208 964 1262 στενοχωρίᾳ
994 1208 1051 1246 καὶ
1072 1211 1131 1247 αἰο

108 1270 218 1323 σχύνῃ
234 1271 293 1308 καὶ
314 1269 486 1322 κατηφείᾳ
505 1270 564 1308 καὶ
592 1269 725 1322 Οορύὸῳ
743 1269 800 1307 καὶ
831 1269 963 1322 ἀθυμία
993 1271 1105 1321 πολλῇ
1122 1286 1129 1293 ·

108 1331 222 1369 καίτοι
245 1347 284 1382 γε
304 1330 390 1377 αὐτὴ
411 1330 520 1369 ἐδόκει
543 1336 653 1382 νικᾷν,
671 1331 746 1368 ἀλλ’
765 1331 826 1367 οὐκ
856 1323 897 1375 ἦν
925 1328 1013 1375 αὕτη
1034 1328 1128 1377 νίκη.

109 1394 220 1430 Ταῦτ’
239 1386 295 1430 οὖν
316 1392 460 1439 εἰδότες,
480 1391 564 1442 πρὸς
582 1391 622 1428 τὸ
637 1393 752 1433 κακῶς
771 1393 891 1427 παθεῖν
907 1389 1047 1434 ἑαυτοὺς
1062 1406 1129 1428 πα-

112 1451 461 1503 ρασκευάσει)μεν,ἵνα
477 1451 535 1488 καὶ
557 1456 615 1489 τοῦ
637 1454 756 1488 παθεῖν
777 1453 893 1492 κακῶς
914 1451 1132 1502 ἀπαλλαγῶ-

111 1529 187 1563 μεν,
207 1513 266 1551 καὶ
290 1516 358 1550 τῶν
376 1511 570 1563 μελλόντων
589 1510 807 1562 ἐπιτύχωμεν
824 1512 978 1560 ἀγαθῶν·
999 1504 1046 1547 ὧν
1070 1511 1132 1561 γε’-

109 1588 200 1611 νοιτο
219 1573 348 1615 πάντας
377 1576 466 1622 ἡμᾶς
494 1573 682 1623 ἐπιτυχεῖν,
701 1571 821 1624 χάριτι
846 1570 905 1609 καὶ
932 1571 1131 1622 φιλανθρω-

110 1635 194 1685 πίᾳ,
222 1633 280 1671 καὶ
300 1633 343 1671 τὰ
357 1633 444 1679 ἑξῆς.

152 1773 165 1787 8
190 1761 280 1793 Editi
293 1762 338 1804 [et
356 1763 409 1804 A.j
422 1768 475 1801 τὴν
491 1770 597 1805 πηγήν.
612 1762 689 1794 Mss.
708 1768 761 1801 τὴν
777 1767 910 1805 πληγήν,
925 1770 957 1794 et
978 1762 1022 1794 ita
1038 1761 1118 1806 legit

109 1820 201 1846 vetus
221 1814 401 1856 Interpres.
419 1813 539 1856 [Supra
557 1825 618 1856 pro
641 1820 767 1857 μόνιμον
790 1815 827 1846 Α.
844 1821 993 1857 etmarg.
1014 1812 1116 1846 Savil.

484 2036 660 2074 OMIAIA
689 2036 756 2088 κγ’.

149 2161 252 2198 Πᾶσα
269 2160 362 2212 ψυχὴ
380 2160 548 2205 ἐξουσίαις
562 2161 810 2214 ὑπερεχούσαις
825 2162 1086 2202 ὑποτασσέσθω.

154 2341 271 2380 Πολὺν
291 2347 351 2380 τοῦ
367 2344 571 2396 πράγματος
584 2346 705 2384 τούτου
724 2352 875 2385 ποιεῖται
889 2348 989 2399 λόγον
1009 2347 1067 2386 καὶ
1084 2349 1118 2385 ἐν
1149 2351 1173 2382 Ε

101 2402 232 2455 ἑτέραις
254 2405 451 2447 ἐπιστολαῖς
466 2435 475 2452 ,
491 2405 647 2457 καθάπερ
663 2405 740 2449 τοὺς
761 2407 895 2452 οἰκέτας
913 2414 985 2452 τοῖς
1002 2408 1126 2446 δεσπό-

100 2480 195 2510 ταις,
211 2464 300 2502 οῧτω
317 2466 376 2503 καὶ
407 2466 484 2510 τοὺς
518 2467 732 2519 ἀρχομένους
760 2474 830 2513 τοῖς
851 2470 1016 2521 ἄρχουσιν
1036 2473 1126 2507 ὑπο-

97 2523 249 2563 τοίσσων.
270 2527 369 2563 Ποιεῖ
387 2525 421 2563 δὲ
439 2531 540 2565 τοῦτο
552 2557 562 2576 ,
585 2528 715 2571 δεικνὺς
738 2531 783 2572 ὡς
798 2532 858 2567 οὐκ
873 2532 928 2568 ἐπ’
947 2532 1125 2582 ἀνατροπῇ

97 2587 158 2630 τῆς
179 2587 294 2630 κοινῆς
313 2587 488 2630 πολιτείας
504 2591 520 2625 ὃ
539 2588 690 2640 Χριστὸς
715 2589 794 2633 τοὺς
827 2593 910 2641 παρ’
935 2591 1038 2628 αὐτοῦ
1069 2590 1127 2627 νό-

100 2660 183 2693 μους
203 2645 397 2697 εἰσήγαγεν,
413 2649 488 2684 ἀλλ’
511 2648 567 2685 ἐπὶ
585 2647 766 2699 διορθώσει
783 2649 954 2700 βελτίονι,
970 2650 1030 2688 καὶ
1046 2666 1126 2688 παι-

101 2705 207 2743 &soom
228 2706 275 2755 μὴ
296 2706 476 2759 περιττοὺς
498 2708 727 2760 ἀναδέχεσθαι
745 2709 916 2759 πολέμους
930 2710 989 2747 καὶ
1008 2711 1127 2757 ἀνονή-

100 2782 189 2810 τους.
209 2768 366 2819 Ἀρκοῧσι
385 2768 451 2818 γὰρ
483 2770 518 2806 αἱ
548 2768 604 2805 διὰ
631 2768 691 2815 τὴν
709 2770 871 2815 ἀλήθειαν
889 2774 974 2819 ἡμῖν
993 2771 1126 2821 ἐπαγό-

102 2843 203 2876 μεναι
222 2828 422 2876 ἐπιδουλαὶ,
434 2829 492 2866 καί
503 2828 682 2882 περιττοὺς
696 2832 731 2868 οὖ
748 2832 798 2867 δεῖ
817 2825 1037 2882 προστιθέναι
1051 2846 1127 2868 πει-

992 284 1051 314 ΑΙ)
1089 285 1179 315 ROM
1188 305 1196 315 .

2098 267 2179 329 751

1204 366 1355 417 gloriam
1370 382 1382 417 3
1416 366 1504 404 alter
1530 379 1613 405 vero
1632 365 1704 404 vita
1725 364 1852 416 quavis
1871 373 1983 403 morte
2008 364 2189 404 miseriore

1203 426 1308 475 vixit,
1337 439 1478 476 gemens
1495 439 1535 463 ac
1562 434 1725 471 tremens,
1761 424 1849 464 etin
1869 439 2014 477 corpore
2038 439 2188 464 accusa-

1202 487 1333 523 tionem
1352 486 1491 524 sceleris
1510 486 1771 524 circumferens.
1801 487 1853 523 Ne
1871 486 1989 536 itaque
2010 486 2092 536 hoc,
2126 487 2188 525 sed

1201 547 1294 584 illud
1313 561 1580 599 persequamur.
1611 547 1683 595 Qui
1705 547 1797 585 enim
1823 548 1915 585 male
1935 547 2083 599 patitur,
2117 561 2188 585 non

1200 607 1307 645 habet
1327 622 1473 644 manens
1492 608 1528 644 in
1548 621 1583 644 se
1601 608 1758 657 malum,
1780 622 1893 658 neque
1909 608 2003 645 enim
2021 608 2096 660 ipse
2113 622 2187 646 ma-

1201 666 1276 703 lum
1299 667 1451 718 peperit,
1474 666 1534 704 sed
1553 666 1696 704 aliunde
1712 667 1805 704 illud
1825 667 1972 719 accepit,
1996 676 2028 705 et
2047 682 2110 719 per
2126 682 2189 719 pa-

1201 725 1365 762 tientiam
1392 724 1527 761 bonum
1555 723 1712 762 reddidit
1731 741 1740 762 :
1762 725 1820 775 qui
1847 735 1964 762 autem
1984 726 2117 764 malum
2136 727 2189 764 in-

1202 785 1298 833 tulit,
1320 785 1356 821 in
1377 799 1413 822 se
1429 785 1574 836 plagam
1591 785 1756 834 nequitiae
1771 785 1890 822 habet.
1911 788 2035 823 Annon
2055 787 2188 838 Joseph

1202 844 1238 881 in
1259 858 1396 882 carcere
1414 854 1503 893 erat,
1535 844 1738 882 insidiatrix
1758 858 1843 883 vero
1870 846 1944 896 ejus
1970 846 2130 884 adultera
2151 847 2188 884 in

1203 905 1341 942 aedibus
1360 904 1558 956 splendidis
1578 914 1610 941 et
1633 904 1860 942 illustribus?
1875 907 1992 952 Quem
2011 906 2134 944 malles
2154 916 2188 944 te

1203 967 1300 1004 esse?
1323 966 1484 1005 Necdum
1505 976 1619 1004 tamen
1638 966 1836 1004 mercedem
1857 967 2005 1018 dixeris,
2033 969 2092 1006 sed
2113 969 2189 1021 ipsa

1203 1028 1368 1077 utrinque
1386 1028 1477 1065 sacta
1506 1041 1568 1078 per
1599 1042 1635 1065 se
1659 1027 1864 1079 perpende:
1884 1029 1933 1066 sic
1962 1030 2055 1066 enim
2086 1031 2190 1081 longe

1202 1088 1365 1139 praeferes
1391 1101 1566 1124 carcerem
1589 1101 1670 1124 cum
1697 1088 1850 1139 Josepho
1873 1088 2010 1126 aedibus
2029 1089 2116 1139 illis,
2152 1091 2190 1128 in

1202 1147 1302 1197 queis
1329 1157 1482 1185 scortum
1510 1157 1597 1185 erat.
1630 1149 1722 1186 Nam
1754 1148 1783 1185 si
1816 1148 1999 1199 utriusque
2033 1152 2190 1188 animam

1201 1207 1347 1257 videris,
1370 1208 1464 1246 hanc
1482 1209 1515 1246 in
1538 1208 1728 1246 latitudine
1747 1218 1781 1246 et
1800 1208 1931 1247 fiducia
1954 1210 2066 1248 multa
2085 1210 2185 1249 vide-

1200 1269 1278 1319 bis,
1301 1269 1480 1321 AEgyptiae
1500 1284 1581 1307 vero
1602 1269 1758 1307 animam
1777 1270 1812 1307 in
1833 1270 2011 1320 angustia,
2035 1271 2185 1322 pudore,

1201 1343 1364 1378 moerore,
1391 1332 1561 1379 tumultu,
1581 1332 1761 1382 multaque
1783 1331 1938 1369 tristitia.
1963 1334 2189 1383 Quamquam

1202 1388 1264 1426 illa
1292 1389 1434 1428 vincere
1462 1390 1608 1427 videtur
1627 1399 1687 1427 :at
1717 1404 1786 1427 non
1821 1400 1894 1427 erat
1922 1390 1998 1428 haec
2023 1391 2186 1430 victoria.

1204 1448 1288 1486 Haec
1309 1463 1389 1486 cum
1409 1449 1575 1498 sciamus,
1601 1449 1645 1488 ad
1666 1450 1757 1486 mala
1778 1449 1943 1501 patienda
1963 1465 2025 1488 nos
2044 1465 2186 1502 praepa—

1202 1523 1332 1557 remus,
1366 1518 1404 1546 ut
1433 1523 1452 1546 a
1483 1509 1585 1547 malis
1604 1509 1747 1546 tandem
1770 1509 1975 1559 liberemur,
2008 1519 2040 1548 et
2068 1511 2187 1549 futura

1203 1583 1459 1620 consequamur
1477 1570 1581 1619 bona,
1611 1585 1688 1620 quae
1714 1570 1850 1607 utinam
1870 1585 1934 1608 nos
1956 1585 2075 1610 omnes
2100 1571 2185 1609 adi—

1202 1632 1397 1684 piscamur,
1420 1632 1532 1684 gratia
1552 1641 1586 1670 et
1605 1631 1834 1683 benignitate,
1857 1641 1922 1671 etc.

1236 285 1374 315 IIOMIL
1384 305 1391 314 .
1432 285 1543 315 xxm
1553 304 1563 314 -

1182 1763 1298 1805 μένον.]

1504 2038 1714 2078 HOMILIA
1742 2039 1881 2079 XXIII.

1196 2160 1286 2198 CAP.
1303 2159 1442 2199 XIII.v.
1457 2163 1491 2200 1.
1506 2162 1640 2199 Omnis
1652 2165 1785 2200 anima
1802 2166 2058 2215 potestatibus
2070 2166 2184 2204 subli-

1460 2223 1644 2260 mioribus
1665 2224 1821 2261 subdita
1846 2227 1907 2263 sit.

1250 2344 1265 2379 ’1
1281 2373 1287 2381 .
1313 2343 1366 2381 Dc
1385 2342 1452 2381 hac
1471 2357 1509 2381 re
1528 2343 1686 2396 plurima
1697 2345 1806 2383 verba
1822 2346 1906 2384 facit
1925 2347 1960 2384 in
1981 2348 2060 2386 aliis
2080 2349 2185 2387 etiam

1196 2403 1366 2455 epistolis,
1383 2413 1423 2441 ut
1436 2404 1647 2442 domesticos
1663 2405 1771 2454 heris,
1795 2407 1844 2444 sic
1860 2416 1893 2444 et
1912 2408 2073 2448 subditos
2087 2410 2186 2461 prin—

1196 2465 1337 2516 cipibus
1357 2465 1563 2517 subjiciens.
1588 2466 1630 2503 Id
1651 2481 1734 2505 vero
1752 2467 1848 2517 facit,
1869 2470 2056 2508 ostendens
2080 2472 2187 2508 Chri-

1197 2535 1291 2563 stum
1319 2540 1388 2563 non
1417 2526 1462 2563 ad
1481 2527 1697 2565 eversionem
1717 2530 1914 2567 communis
1939 2531 2072 2582 politiae
2094 2533 2187 2583 leges

1195 2599 1276 2623 suas
1300 2585 1497 2633 induxisse,
1526 2587 1587 2625 sed
1608 2588 1653 2625 ad
1674 2588 1965 2637 emendationem,
1987 2591 2116 2630 docens
2147 2602 2187 2630 ut

1195 2657 1238 2680 nc
1256 2644 1435 2695 superflua
1462 2653 1495 2681 ct
1514 2645 1654 2683 inutilia
1676 2647 1917 2697 suscipiantur
1935 2649 2041 2687 bella.
2070 2651 2184 2688 Suffi-

1196 2703 1295 2741 ciunt
1324 2705 1417 2741 enim
1447 2704 1584 2742 insidiae
1610 2705 1695 2755 illae,
1727 2721 1805 2756 quae
1831 2718 1976 2760 propter
2001 2710 2185 2749 veritatem

1194 2766 1297 2803 nobis
1316 2775 1501 2817 parantur,
1526 2781 1588 2804 nec
1604 2781 1670 2818 par
1685 2777 1736 2805 est
1752 2783 2029 2820 supervacaneas
2051 2781 2085 2810 ct
2103 2773 2184 2810 inu-

1194 2827 1275 2864 tiles
1303 2826 1455 2878 adjicere
1475 2827 1695 2866 tentationes.
1726 2829 1821 2868 Vide
1848 2840 1966 2869 autem
1988 2846 2096 2882 quam
2121 2848 2184 2885 op-

103 2887 254 2938 ρασμοὶις
268 2888 327 2926 καὶ
344 2889 537 2935 ἀνονήτους.
548 2890 678 2928 Σκόπει
692 2890 726 2928 δὲ
742 2895 816 2934 πῶς
831 2891 890 2929 καὶ
904 2891 1071 2943 εὐκαίρως
1081 2893 1126 2934 εἷς
1137 2919 1184 2943 686
1195 2898 1345 2940 portuno
1364 2889 1399 2927 in
1427 2890 1524 2928 hunc
1552 2904 1747 2929 sermonem
1767 2895 1963 2933 accesserit.
1993 2896 2184 2947 Postquam

99 2949 156 2986 τὸν
169 2949 247 3000 περὶ
259 2949 386 2987 τούτων
397 2949 540 2988 ἐνέέαλε
552 2950 665 3001 λόγον.
678 2950 824 2998 Ἐπειδὴ
835 2951 901 3003 γὰρ
914 2951 976 2998 τὴν
993 2951 1126 2997 πολλὴν
1150 2956 1175 2984 Α
1195 2950 1289 2988 enim
1311 2964 1478 3001 magnam
1504 2951 1604 2989 illam
1626 2952 1893 3005 philosophiam
1918 2957 2120 3007 requisivit,
2151 2968 2184 2996 et

100 3008 231 3055 ἐκείνην
250 3010 410 3060 ἀπῄτησε
430 3011 634 3063 φιλοσοφίαν
647 3039 656 3056 ,
675 3011 734 3048 καὶ
755 3017 826 3055 τοῖς
845 3012 955 3063 φίλοις
976 3012 1037 3050 καὶ
1057 3019 1128 3056 τοῖς

100 3070 232 3119 ἐχθροῖς
247 3070 497 3109 κατεσκεύασεν
509 3071 724 3118 ἐπιτηδείους
736 3103 744 3119 ,
755 3072 897 3116 καὶτοῖς
909 3074 942 3109 ἐν
960 3073 1127 3126 εὐημερίᾳ

101 3128 235 3171 καὶτοῖς
248 3130 557 3181 δυσπραγοῧσι,καὶ
567 3139 637 3176 τοῖς
648 3133 820 3183 δεομένοις
828 3133 998 3170 καὶπᾶσιν
1011 3135 1129 3176 ἁπλῶς

100 3188 292 3240 χρησίμους
309 3191 508 3242 εἰργάσατο,
528 3192 586 3230 καὶ
602 3193 665 3239 τὴν
680 3193 837 3245 ἀγγέλοις
849 3194 1050 3245 πρέπουσαν
1064 3210 1126 3231 κα-

102 3247 284 3299 τεφύτευσε
304 3251 494 3297 πολιτείαν,
512 3253 570 3289 καὶ
590 3254 695 3304 θυμὸν
716 3254 861 3292 ἐκένωσε
881 3254 939 3292 καὶ
960 3254 1122 3292 ἀπόνοιαν

103 3309 324 3356 κατέστειλε,
351 3311 409 3348 καὶ
433 3312 487 3348 διὰ
521 3313 660 3351 πάντων
692 3314 896 3352 κατελέανεν
920 3317 1031 3353 αὐτῶν
1061 3314 1122 3361 τὴν

105 3369 270 3413 διάνοιαν,
290 3370 366 3408 τότε
393 3372 450 3408 καὶ
477 3371 537 3417 τὴν
558 3374 636 3425 περὶ
655 3374 782 3412 τούτων
808 3375 939 3426 εἰσάγει
959 3375 1125 3427 παραίνε-

106 3446 168 3466 σιν,
197 3432 236 3468 Εἰ
251 3430 317 3481 γὰρ
334 3431 409 3475 τοὺς
431 3433 630 3477 ἀδικοῦντας
646 3441 715 3477 τοῖς
737 3435 900 3478 ἐναντίοις
922 3435 1125 3485 ἀμείὶεσθαι

1196 3012 1320 3051 amicis
1351 3012 1557 3051 etinimicis
1576 3013 1790 3063 commodos,
1821 3025 1926 3065 atque
1950 3017 1994 3054 iis
2022 3018 2081 3068 qui
2103 3034 2183 3070 pro-

1196 3087 1311 3124 spere,
1340 3082 1373 3111 et
1394 3073 1436 3111 iis
1456 3074 1517 3124 qui
1544 3073 1732 3111 infeliciter
1759 3089 1834 3113 rem
1853 3087 2028 3128 gererent,
2065 3080 2183 3130 egenis

1196 3141 1229 3169 et
1259 3133 1424 3171 omnibus
1456 3133 1559 3170 utiles
1590 3133 1762 3181 reddidit,
1796 3148 1837 3172 ac
1865 3135 1949 3173 vitae
1978 3136 2183 3178 institutum

1194 3191 1288 3242 quod
1305 3192 1440 3243 angelis
1457 3192 1593 3230 deceret
1615 3193 1774 3242 inscruit,
1795 3194 1884 3232 iram
1904 3199 2103 3245 evacuavit,
2128 3214 2182 3237 ar-

1198 3252 1394 3303 rogantiam
1411 3253 1590 3304 repressit,
1610 3253 1824 3305 illorumque
1839 3256 2000 3294 animum
2018 3258 2054 3297 in
2069 3262 2182 3299 omni-

1198 3313 1265 3350 bus
1300 3322 1524 3351 mansuetum
1556 3313 1739 3352 reddidit:
1759 3324 1842 3354 tunc
1873 3316 1918 3355 de
1952 3318 2048 3356 hisce
2077 3322 2183 3360 rebus

1199 3372 1479 3411 adhortationem
1508 3373 1654 3412 inducit.
1682 3376 1773 3412 Nam
1794 3375 1821 3413 si
1843 3376 1898 3425 iis,
1929 3379 1989 3429 qui
2015 3379 2183 3432 injuriam

1200 3435 1368 3481 inserunt,
1393 3434 1566 3473 contraria
1584 3436 1773 3488 rependere
1793 3448 1950 3490 oportet;
1979 3442 2090 3480 multo
2110 3458 2184 3481 ma-
