<?xml version="1.0" encoding="UTF-8"?>
<!DOCTYPE html PUBLIC "-//W3C//DTD XHTML 1.0 Transitional//EN"
    "http://www.w3.org/TR/xhtml1/DTD/xhtml1-transitional.dtd">
<html xmlns="http://www.w3.org/1999/xhtml" xml:lang="en" lang="en">
 <head>
  <title>
</title>
<meta http-equiv="Content-Type" content="text/html;charset=utf-8" />
  <meta name='ocr-system' content='tesseract 3.04.00' />
  <meta name='ocr-capabilities' content='ocr_page ocr_carea ocr_par ocr_line ocrx_word'/>
</head>
<body>
  <div class='ocr_page' id='page_1' title='image "./operaomniaquaeex09johnuoft/operaomniaquaeex09johnuoft_0113.png"; bbox 0 0 2466 3805; ppageno 0'>
   <div class='ocr_carea' id='block_1_1' title="bbox 700 233 1278 264">
    <p class='ocr_par' dir='ltr' id='par_1_1' title="bbox 700 233 1278 264">
     <span class='ocr_line' id='line_1_1' title="bbox 700 233 1278 264; baseline -0.002 -1"><span class='ocrx_word' id='word_1_1' title='bbox 700 234 742 263; x_wconf 75' lang='grc' dir='ltr'><em>ΙΝ</em></span> <span class='ocrx_word' id='word_1_2' title='bbox 780 234 896 264; x_wconf 67' lang='lat' dir='ltr'><strong>ACTA</strong></span> <span class='ocrx_word' id='word_1_3' title='bbox 934 233 1258 264; x_wconf 63' lang='lat' dir='ltr'>APOSTOLORUM</span> <span class='ocrx_word' id='word_1_4' title='bbox 1271 254 1278 263; x_wconf 94' lang='lat'>.</span> 
     </span>
    </p>
   </div>
   <div class='ocr_carea' id='block_1_2' title="bbox 61 320 1095 2980">
    <p class='ocr_par' dir='ltr' id='par_1_2' title="bbox 61 320 1095 2980">
     <span class='ocr_line' id='line_1_2' title="bbox 84 320 1092 372; baseline 0.002 -15"><span class='ocrx_word' id='word_1_5' title='bbox 84 320 118 357; x_wconf 82' lang='grc' dir='ltr'><em>δὲ</em></span> <span class='ocrx_word' id='word_1_6' title='bbox 134 321 190 357; x_wconf 77' lang='grc' dir='ltr'><em>καὶ</em></span> <span class='ocrx_word' id='word_1_7' title='bbox 205 320 406 369; x_wconf 83' lang='grc' dir='ltr'>βουλόμενος</span> <span class='ocrx_word' id='word_1_8' title='bbox 423 320 543 363; x_wconf 72' lang='grc' dir='ltr'>αὐτοὺς</span> <span class='ocrx_word' id='word_1_9' title='bbox 561 321 723 372; x_wconf 69' lang='grc' dir='ltr'>φοὸἧσαι.</span> <span class='ocrx_word' id='word_1_10' title='bbox 744 324 964 372; x_wconf 70' lang='grc' dir='ltr'>Θεωροῦντες</span> <span class='ocrx_word' id='word_1_11' title='bbox 976 322 1011 359; x_wconf 82' lang='grc' dir='ltr'><em>δὲ</em></span> <span class='ocrx_word' id='word_1_12' title='bbox 1030 321 1092 368; x_wconf 84' lang='grc' dir='ltr'><em>τὴν</em></span> 
     </span>
     <span class='ocr_line' id='line_1_3' title="bbox 81 380 1095 431; baseline 0.003 -15"><span class='ocrx_word' id='word_1_13' title='bbox 81 383 138 416; x_wconf 77' lang='grc' dir='ltr'><em>τοῦ</em></span> <span class='ocrx_word' id='word_1_14' title='bbox 159 380 292 430; x_wconf 78' lang='grc' dir='ltr'>Πέτρου</span> <span class='ocrx_word' id='word_1_15' title='bbox 311 380 509 431; x_wconf 69' lang='grc' dir='ltr'>παρρησίαν</span> <span class='ocrx_word' id='word_1_16' title='bbox 540 381 599 418; x_wconf 79' lang='grc' dir='ltr'><em>καὶ</em></span> <span class='ocrx_word' id='word_1_17' title='bbox 622 381 803 429; x_wconf 77' lang='grc' dir='ltr'>Ἰωάννου,</span> <span class='ocrx_word' id='word_1_18' title='bbox 823 382 881 419; x_wconf 76' lang='grc' dir='ltr'><em>καὶ</em></span> <span class='ocrx_word' id='word_1_19' title='bbox 902 381 1095 419; x_wconf 65' lang='grc' dir='ltr'>καταλαὸό·</span> 
     </span>
     <span class='ocr_line' id='line_1_4' title="bbox 81 440 1092 492; baseline 0.002 -15"><span class='ocrx_word' id='word_1_20' title='bbox 81 455 193 490; x_wconf 83' lang='grc' dir='ltr'>μενοι,</span> <span class='ocrx_word' id='word_1_21' title='bbox 217 440 270 478; x_wconf 77' lang='grc' dir='ltr'><em>ὅτι</em></span> <span class='ocrx_word' id='word_1_22' title='bbox 295 440 468 492; x_wconf 83' lang='grc' dir='ltr'>ἄνθρωποι</span> <span class='ocrx_word' id='word_1_23' title='bbox 493 441 718 492; x_wconf 82' lang='grc' dir='ltr'>ἀγράμματοί</span> <span class='ocrx_word' id='word_1_24' title='bbox 748 444 812 480; x_wconf 84' lang='grc' dir='ltr'>εἰσι</span> <span class='ocrx_word' id='word_1_25' title='bbox 841 443 898 480; x_wconf 78' lang='grc' dir='ltr'><em>καὶ</em></span> <span class='ocrx_word' id='word_1_26' title='bbox 934 443 1092 489; x_wconf 77' lang='grc' dir='ltr'>ἰδιῶται,</span> 
     </span>
     <span class='ocr_line' id='line_1_5' title="bbox 80 500 1092 554; baseline 0.004 -17"><span class='ocrx_word' id='word_1_27' title='bbox 80 500 288 550; x_wconf 84' lang='grc' dir='ltr'>ἐθαύμαζον,</span> <span class='ocrx_word' id='word_1_28' title='bbox 315 500 544 552; x_wconf 83' lang='grc' dir='ltr'>ἐπεγίνωσκόν</span> <span class='ocrx_word' id='word_1_29' title='bbox 571 518 609 539; x_wconf 90' lang='grc' dir='ltr'><em>τε</em></span> <span class='ocrx_word' id='word_1_30' title='bbox 640 502 777 548; x_wconf 73' lang='grc' dir='ltr'>αὐτοὺς,</span> <span class='ocrx_word' id='word_1_31' title='bbox 805 502 857 540; x_wconf 79' lang='grc' dir='ltr'><em>ὅτι</em></span> <span class='ocrx_word' id='word_1_32' title='bbox 878 502 938 540; x_wconf 77' lang='grc' dir='ltr'><em>σὺν</em></span> <span class='ocrx_word' id='word_1_33' title='bbox 951 505 1000 554; x_wconf 75' lang='grc' dir='ltr'><em>τῷ</em></span> <span class='ocrx_word' id='word_1_34' title='bbox 1016 502 1092 548; x_wconf 86' lang='grc' dir='ltr'><em>Ἰη-</em></span> 
     </span>
     <span class='ocr_line' id='line_1_6' title="bbox 80 556 1094 615; baseline 0.002 -17"><span class='ocrx_word' id='word_1_35' title='bbox 80 565 139 598; x_wconf 79' lang='grc' dir='ltr'><em>σοῦ</em></span> <span class='ocrx_word' id='word_1_36' title='bbox 158 556 260 607; x_wconf 65' lang='grc' dir='ltr'>ἦσαν.</span> <span class='ocrx_word' id='word_1_37' title='bbox 280 562 378 599; x_wconf 75' lang='grc' dir='ltr'><em>οΚαὶ</em></span> <span class='ocrx_word' id='word_1_38' title='bbox 397 563 488 609; x_wconf 80' lang='grc' dir='ltr'>πῶς,</span> <span class='ocrx_word' id='word_1_39' title='bbox 502 562 617 614; x_wconf 76' lang='grc' dir='ltr'>φησὶν,</span> <span class='ocrx_word' id='word_1_40' title='bbox 635 566 665 600; x_wconf 81' lang='grc' dir='ltr'><em>οἱ</em></span> <span class='ocrx_word' id='word_1_41' title='bbox 678 563 903 615; x_wconf 73' lang='grc' dir='ltr'>ἀγράμματοι</span> <span class='ocrx_word' id='word_1_42' title='bbox 924 565 1094 614; x_wconf 78' lang='grc' dir='ltr'>κατεῤῥη-</span> 
     </span>
     <span class='ocr_line' id='line_1_7' title="bbox 78 620 1093 676; baseline 0.003 -18"><span class='ocrx_word' id='word_1_43' title='bbox 78 620 243 672; x_wconf 83' lang='grc' dir='ltr'>τόρευσαν</span> <span class='ocrx_word' id='word_1_44' title='bbox 274 620 333 658; x_wconf 77' lang='grc' dir='ltr'><em>καὶ</em></span> <span class='ocrx_word' id='word_1_45' title='bbox 360 623 470 658; x_wconf 79' lang='grc' dir='ltr'>αὐτῶν</span> <span class='ocrx_word' id='word_1_46' title='bbox 498 622 557 660; x_wconf 81' lang='grc' dir='ltr'><em>καὶ</em></span> <span class='ocrx_word' id='word_1_47' title='bbox 585 626 654 661; x_wconf 80' lang='grc' dir='ltr'><em>τῶν</em></span> <span class='ocrx_word' id='word_1_48' title='bbox 686 623 890 676; x_wconf 72' lang='grc' dir='ltr'>ἀρχιερέων;</span> <span class='ocrx_word' id='word_1_49' title='bbox 915 622 999 661; x_wconf 70' lang='grc' dir='ltr'><em>εΌτι</em></span> <span class='ocrx_word' id='word_1_50' title='bbox 1031 625 1093 660; x_wconf 78' lang='grc' dir='ltr'><em>οὐκ</em></span> 
     </span>
     <span class='ocr_line' id='line_1_8' title="bbox 80 682 1093 733; baseline 0.002 -14"><span class='ocrx_word' id='word_1_51' title='bbox 80 682 175 719; x_wconf 70' lang='grc' dir='ltr'>αὐτοὶ</span> <span class='ocrx_word' id='word_1_52' title='bbox 195 682 414 733; x_wconf 65' lang='grc' dir='ltr'>ἐφθέγγοντο,</span> <span class='ocrx_word' id='word_1_53' title='bbox 446 682 535 720; x_wconf 78' lang='grc' dir='ltr'>ἀλλὰ</span> <span class='ocrx_word' id='word_1_54' title='bbox 563 684 605 721; x_wconf 83' lang='grc' dir='ltr'><em>δι’</em></span> <span class='ocrx_word' id='word_1_55' title='bbox 629 685 739 721; x_wconf 76' lang='grc' dir='ltr'>αὐτῶν</span> <span class='ocrx_word' id='word_1_56' title='bbox 757 687 778 729; x_wconf 86' lang='grc' dir='ltr'>ἡ</span> <span class='ocrx_word' id='word_1_57' title='bbox 808 687 866 722; x_wconf 74' lang='grc' dir='ltr'><em>τοῦ</em></span> <span class='ocrx_word' id='word_1_58' title='bbox 888 682 1093 733; x_wconf 84' lang='grc' dir='ltr'>Πνεύματος</span> 
     </span>
     <span class='ocr_line' id='line_1_9' title="bbox 79 742 1093 796; baseline 0.001 -17"><span class='ocrx_word' id='word_1_59' title='bbox 79 743 189 794; x_wconf 75' lang='grc' dir='ltr'>χάρις.</span> <span class='ocrx_word' id='word_1_60' title='bbox 225 742 294 780; x_wconf 87' lang='grc' dir='ltr'><em>Τόν</em></span> <span class='ocrx_word' id='word_1_61' title='bbox 314 759 351 780; x_wconf 90' lang='grc' dir='ltr'><em>τε</em></span> <span class='ocrx_word' id='word_1_62' title='bbox 381 742 557 796; x_wconf 82' lang='grc' dir='ltr'>ἄνθρωπον</span> <span class='ocrx_word' id='word_1_63' title='bbox 577 745 721 796; x_wconf 81' lang='grc' dir='ltr'>ὁρῶντες</span> <span class='ocrx_word' id='word_1_64' title='bbox 746 744 805 781; x_wconf 78' lang='grc' dir='ltr'><em>σὺν</em></span> <span class='ocrx_word' id='word_1_65' title='bbox 827 746 941 787; x_wconf 74' lang='grc' dir='ltr'>αὐτοῖς</span> <span class='ocrx_word' id='word_1_66' title='bbox 959 746 1093 781; x_wconf 78' lang='grc' dir='ltr'>ἑστῶτα</span> 
     </span>
     <span class='ocr_line' id='line_1_10' title="bbox 80 798 1092 855; baseline -0.001 -14"><span class='ocrx_word' id='word_1_67' title='bbox 80 805 136 842; x_wconf 77' lang='grc' dir='ltr'><em>τὸν</em></span> <span class='ocrx_word' id='word_1_68' title='bbox 156 803 461 855; x_wconf 80' lang='grc' dir='ltr'>τεθεραπευμένον,</span> <span class='ocrx_word' id='word_1_69' title='bbox 482 803 577 841; x_wconf 76' lang='grc' dir='ltr'>οὐδὲν</span> <span class='ocrx_word' id='word_1_70' title='bbox 604 798 696 855; x_wconf 62' lang='grc' dir='ltr'>εἶχον</span> <span class='ocrx_word' id='word_1_71' title='bbox 723 805 907 841; x_wconf 80' lang='grc' dir='ltr'>ἀντειπεῖν.</span> <span class='ocrx_word' id='word_1_72' title='bbox 927 803 1048 849; x_wconf 84' lang='grc' dir='ltr'>Πολλὴ</span> <span class='ocrx_word' id='word_1_73' title='bbox 1070 806 1092 848; x_wconf 80' lang='grc' dir='ltr'>ἡ</span> 
     </span>
     <span class='ocr_line' id='line_1_11' title="bbox 78 863 1092 924; baseline -0.002 -23"><span class='ocrx_word' id='word_1_74' title='bbox 78 869 137 902; x_wconf 76' lang='grc' dir='ltr'><em>τοῦ</em></span> <span class='ocrx_word' id='word_1_75' title='bbox 164 864 343 915; x_wconf 81' lang='grc' dir='ltr'>ἀνθρώπου</span> <span class='ocrx_word' id='word_1_76' title='bbox 366 863 557 916; x_wconf 74' lang='grc' dir='ltr'>παρρησία·</span> <span class='ocrx_word' id='word_1_77' title='bbox 579 864 636 901; x_wconf 85' lang='grc' dir='ltr'><em>καὶ</em></span> <span class='ocrx_word' id='word_1_78' title='bbox 657 865 758 910; x_wconf 76' lang='grc' dir='ltr'>δῆλον</span> <span class='ocrx_word' id='word_1_79' title='bbox 776 864 844 901; x_wconf 85' lang='grc' dir='ltr'><em>ἀπὸ</em></span> <span class='ocrx_word' id='word_1_80' title='bbox 871 866 930 901; x_wconf 74' lang='grc' dir='ltr'><em>τοῦ</em></span> <span class='ocrx_word' id='word_1_81' title='bbox 948 865 981 900; x_wconf 79' lang='grc' dir='ltr'><em>ἓν</em></span> <span class='ocrx_word' id='word_1_82' title='bbox 998 864 1092 924; x_wconf 44' lang='grc' dir='ltr'>αὐτῷ</span> 
     </span>
     <span class='ocr_line' id='line_1_12' title="bbox 78 922 1089 976; baseline -0.002 -15"><span class='ocrx_word' id='word_1_83' title='bbox 78 927 126 976; x_wconf 80' lang='grc' dir='ltr'><em>τῷ</em></span> <span class='ocrx_word' id='word_1_84' title='bbox 153 924 365 976; x_wconf 74' lang='grc' dir='ltr'>δικαστηρίῳ</span> <span class='ocrx_word' id='word_1_85' title='bbox 386 924 457 974; x_wconf 60' lang='grc' dir='ltr'><em>ᾱμὴ</em></span> <span class='ocrx_word' id='word_1_86' title='bbox 476 925 680 961; x_wconf 79' lang='grc' dir='ltr'>καταλιπεῖν</span> <span class='ocrx_word' id='word_1_87' title='bbox 701 923 833 966; x_wconf 77' lang='grc' dir='ltr'>αὐτούς.</span> <span class='ocrx_word' id='word_1_88' title='bbox 858 922 973 960; x_wconf 67' lang='lat' dir='ltr'><em>‘&#39;sto-re</em></span> <span class='ocrx_word' id='word_1_89' title='bbox 994 924 1023 959; x_wconf 87' lang='grc' dir='ltr'><em>εἰ</em></span> <span class='ocrx_word' id='word_1_90' title='bbox 1042 926 1089 959; x_wconf 87' lang='grc' dir='ltr'><em>εἰ-</em></span> 
     </span>
     <span class='ocr_line' id='line_1_13' title="bbox 77 982 1092 1036; baseline -0.003 -14"><span class='ocrx_word' id='word_1_91' title='bbox 77 1001 155 1032; x_wconf 85' lang='grc' dir='ltr'>πον,</span> <span class='ocrx_word' id='word_1_92' title='bbox 180 985 231 1023; x_wconf 73' lang='grc' dir='ltr'><em>ὅτι</em></span> <span class='ocrx_word' id='word_1_93' title='bbox 248 986 312 1036; x_wconf 83' lang='grc' dir='ltr'><em>οὐχ</em></span> <span class='ocrx_word' id='word_1_94' title='bbox 327 984 432 1027; x_wconf 74' lang='grc' dir='ltr'>οὕτως</span> <span class='ocrx_word' id='word_1_95' title='bbox 452 983 544 1035; x_wconf 76' lang='grc' dir='ltr'>ἔχει,</span> <span class='ocrx_word' id='word_1_96' title='bbox 564 986 689 1027; x_wconf 83' lang='grc' dir='ltr'>ἐκεῖνος</span> <span class='ocrx_word' id='word_1_97' title='bbox 716 982 755 1020; x_wconf 80' lang='grc' dir='ltr'><em>ἂν</em></span> <span class='ocrx_word' id='word_1_98' title='bbox 772 982 1005 1034; x_wconf 82' lang='grc' dir='ltr'>κατηγόρησε.</span> <span class='ocrx_word' id='word_1_99' title='bbox 1029 984 1092 1020; x_wconf 83' lang='grc' dir='ltr'><em>Κε-</em></span> 
     </span>
     <span class='ocr_line' id='line_1_14' title="bbox 76 1043 1094 1095; baseline -0.005 -11"><span class='ocrx_word' id='word_1_100' title='bbox 76 1046 258 1088; x_wconf 85' lang='grc' dir='ltr'>λεύσαντες</span> <span class='ocrx_word' id='word_1_101' title='bbox 280 1045 315 1083; x_wconf 82' lang='grc' dir='ltr'><em>δὲ</em></span> <span class='ocrx_word' id='word_1_102' title='bbox 333 1045 455 1086; x_wconf 75' lang='grc' dir='ltr'>αὐτοὺς</span> <span class='ocrx_word' id='word_1_103' title='bbox 471 1044 534 1088; x_wconf 82' lang='grc' dir='ltr'><em>ἔξω</em></span> <span class='ocrx_word' id='word_1_104' title='bbox 549 1048 607 1081; x_wconf 76' lang='grc' dir='ltr'><em>τοῦ</em></span> <span class='ocrx_word' id='word_1_105' title='bbox 624 1043 800 1095; x_wconf 82' lang='grc' dir='ltr'>συνεδρίου</span> <span class='ocrx_word' id='word_1_106' title='bbox 821 1045 994 1091; x_wconf 79' lang='grc' dir='ltr'>ἀπελθεῖν,</span> <span class='ocrx_word' id='word_1_107' title='bbox 1017 1058 1094 1080; x_wconf 92' lang='grc' dir='ltr'>συν-</span> 
     </span>
     <span class='ocr_line' id='line_1_15' title="bbox 77 1103 1092 1159; baseline -0.003 -15"><span class='ocrx_word' id='word_1_108' title='bbox 77 1106 220 1144; x_wconf 68' lang='grc' dir='ltr'>έὸαλλον</span> <span class='ocrx_word' id='word_1_109' title='bbox 242 1105 326 1159; x_wconf 72' lang='grc' dir='ltr'>πρὸς</span> <span class='ocrx_word' id='word_1_110' title='bbox 352 1104 540 1150; x_wconf 78' lang='grc' dir='ltr'>ἀλλήλους,</span> <span class='ocrx_word' id='word_1_111' title='bbox 559 1105 736 1155; x_wconf 82' lang='grc' dir='ltr'>λέγοντες·</span> <span class='ocrx_word' id='word_1_112' title='bbox 761 1103 796 1141; x_wconf 90' lang='grc' dir='ltr'><em>τί</em></span> <span class='ocrx_word' id='word_1_113' title='bbox 814 1104 1005 1155; x_wconf 86' lang='grc' dir='ltr'>ποιήσομεν</span> <span class='ocrx_word' id='word_1_114' title='bbox 1022 1109 1092 1146; x_wconf 87' lang='grc' dir='ltr'>τοῖς</span> 
     </span>
     <span class='ocr_line' id='line_1_16' title="bbox 76 1164 1090 1219; baseline -0.002 -14"><span class='ocrx_word' id='word_1_115' title='bbox 76 1166 266 1219; x_wconf 81' lang='grc' dir='ltr'>ἀνθρώποις</span> <span class='ocrx_word' id='word_1_116' title='bbox 281 1165 430 1212; x_wconf 55' lang='grc' dir='ltr'>τούτοις</span> <span class='ocrx_word' id='word_1_117' title='bbox 451 1165 580 1218; x_wconf 66' lang='grc' dir='ltr'><em>εὉρᾷς</em></span> <span class='ocrx_word' id='word_1_118' title='bbox 597 1167 630 1202; x_wconf 80' lang='grc' dir='ltr'><em>ἓν</em></span> <span class='ocrx_word' id='word_1_119' title='bbox 651 1165 780 1217; x_wconf 75' lang='grc' dir='ltr'>ἀπορίᾳ</span> <span class='ocrx_word' id='word_1_120' title='bbox 803 1165 921 1211; x_wconf 83' lang='grc' dir='ltr'>ὄντας,</span> <span class='ocrx_word' id='word_1_121' title='bbox 939 1164 998 1203; x_wconf 80' lang='grc' dir='ltr'><em>καὶ</em></span> <span class='ocrx_word' id='word_1_122' title='bbox 1018 1166 1090 1203; x_wconf 79' lang='grc' dir='ltr'>πά-</span> 
     </span>
     <span class='ocr_line' id='line_1_17' title="bbox 74 1226 1088 1279; baseline -0.002 -13"><span class='ocrx_word' id='word_1_123' title='bbox 74 1230 127 1266; x_wconf 87' lang='grc' dir='ltr'>λιν</span> <span class='ocrx_word' id='word_1_124' title='bbox 160 1229 217 1267; x_wconf 78' lang='grc' dir='ltr'><em>τὸν</em></span> <span class='ocrx_word' id='word_1_125' title='bbox 241 1227 343 1279; x_wconf 72' lang='grc' dir='ltr'>φόὸον</span> <span class='ocrx_word' id='word_1_126' title='bbox 373 1227 429 1264; x_wconf 81' lang='grc' dir='ltr'><em>τὸν</em></span> <span class='ocrx_word' id='word_1_127' title='bbox 458 1226 669 1279; x_wconf 83' lang='grc' dir='ltr'>ἀνθρώπινον</span> <span class='ocrx_word' id='word_1_128' title='bbox 701 1226 816 1264; x_wconf 76' lang='grc' dir='ltr'>πάντα</span> <span class='ocrx_word' id='word_1_129' title='bbox 849 1226 1088 1279; x_wconf 79' lang='grc' dir='ltr'>ἐργαζόμενον.</span> 
     </span>
     <span class='ocr_line' id='line_1_18' title="bbox 74 1284 1089 1342; baseline -0.002 -14"><span class='ocrx_word' id='word_1_130' title='bbox 74 1289 212 1342; x_wconf 63' lang='lat' dir='ltr'><em>‘&#39;Q-emp</em></span> <span class='ocrx_word' id='word_1_131' title='bbox 236 1284 293 1327; x_wconf 70' lang='grc' dir='ltr'><em>οῧν</em></span> <span class='ocrx_word' id='word_1_132' title='bbox 309 1287 365 1327; x_wconf 78' lang='grc' dir='ltr'>ἐπὶ</span> <span class='ocrx_word' id='word_1_133' title='bbox 388 1291 447 1325; x_wconf 75' lang='grc' dir='ltr'><em>τοῦ</em></span> <span class='ocrx_word' id='word_1_134' title='bbox 466 1288 618 1339; x_wconf 78' lang='grc' dir='ltr'>Χριστοῦ</span> <span class='ocrx_word' id='word_1_135' title='bbox 644 1287 835 1339; x_wconf 78' lang='grc' dir='ltr'>ἀνατρέψαι</span> <span class='ocrx_word' id='word_1_136' title='bbox 850 1287 889 1325; x_wconf 82' lang='grc' dir='ltr'><em>τὸ</em></span> <span class='ocrx_word' id='word_1_137' title='bbox 908 1287 1089 1338; x_wconf 83' lang='grc' dir='ltr'>γενόμενον</span> 
     </span>
     <span class='ocr_line' id='line_1_19' title="bbox 75 1347 1088 1402; baseline -0.003 -13"><span class='ocrx_word' id='word_1_138' title='bbox 75 1352 136 1389; x_wconf 75' lang='grc' dir='ltr'><em>οὐκ</em></span> <span class='ocrx_word' id='word_1_139' title='bbox 165 1351 310 1402; x_wconf 70' lang='grc' dir='ltr'>ἴσχυσαν</span> <span class='ocrx_word' id='word_1_140' title='bbox 336 1349 412 1387; x_wconf 77' lang='grc' dir='ltr'>οὐδὲ</span> <span class='ocrx_word' id='word_1_141' title='bbox 441 1348 646 1395; x_wconf 80' lang='grc' dir='ltr'>συσκιάσαι,</span> <span class='ocrx_word' id='word_1_142' title='bbox 675 1347 764 1386; x_wconf 86' lang='grc' dir='ltr'>ἀλλὰ</span> <span class='ocrx_word' id='word_1_143' title='bbox 789 1347 992 1386; x_wconf 79' lang='grc' dir='ltr'>κωλυόντων</span> <span class='ocrx_word' id='word_1_144' title='bbox 1026 1349 1088 1386; x_wconf 81' lang='grc' dir='ltr'><em>αὔ-</em></span> 
     </span>
     <span class='ocr_line' id='line_1_20' title="bbox 75 1408 1088 1461; baseline -0.002 -12"><span class='ocrx_word' id='word_1_145' title='bbox 75 1415 141 1450; x_wconf 80' lang='grc' dir='ltr'><em>τῶν</em></span> <span class='ocrx_word' id='word_1_146' title='bbox 169 1412 297 1461; x_wconf 76' lang='grc' dir='ltr'>μᾶλλον</span> <span class='ocrx_word' id='word_1_147' title='bbox 320 1409 474 1447; x_wconf 80' lang='grc' dir='ltr'>ἐπεδίδου</span> <span class='ocrx_word' id='word_1_148' title='bbox 493 1408 538 1446; x_wconf 83' lang='grc' dir='ltr'><em>τὰ</em></span> <span class='ocrx_word' id='word_1_149' title='bbox 556 1412 618 1456; x_wconf 76' lang='grc' dir='ltr'><em>τῆς</em></span> <span class='ocrx_word' id='word_1_150' title='bbox 637 1408 786 1451; x_wconf 86' lang='grc' dir='ltr'>πίστεως</span> <span class='ocrx_word' id='word_1_151' title='bbox 800 1425 807 1432; x_wconf 94' lang='grc'><em>·</em></span> <span class='ocrx_word' id='word_1_152' title='bbox 831 1409 921 1447; x_wconf 68' lang='grc' dir='ltr'>οὕτω</span> <span class='ocrx_word' id='word_1_153' title='bbox 947 1408 1006 1447; x_wconf 75' lang='grc' dir='ltr'><em>καὶ</em></span> <span class='ocrx_word' id='word_1_154' title='bbox 1031 1412 1088 1447; x_wconf 74' lang='grc' dir='ltr'><em>νῦν</em></span> 
     </span>
     <span class='ocr_line' id='line_1_21' title="bbox 74 1469 1090 1523; baseline 0 -14"><span class='ocrx_word' id='word_1_155' title='bbox 74 1472 217 1523; x_wconf 84' lang='grc' dir='ltr'>γίνεται.</span> <span class='ocrx_word' id='word_1_156' title='bbox 247 1471 295 1509; x_wconf 85' lang='grc' dir='ltr'><em>Τί</em></span> <span class='ocrx_word' id='word_1_157' title='bbox 313 1470 520 1521; x_wconf 81' lang='grc' dir='ltr'>ποιήσομεν;</span> <span class='ocrx_word' id='word_1_158' title='bbox 545 1469 594 1507; x_wconf 89' lang='grc' dir='ltr'>Ὢ</span> <span class='ocrx_word' id='word_1_159' title='bbox 623 1472 685 1516; x_wconf 77' lang='grc' dir='ltr'><em>τῆς</em></span> <span class='ocrx_word' id='word_1_160' title='bbox 712 1469 846 1513; x_wconf 87' lang='grc' dir='ltr'>ἀνοίας·</span> <span class='ocrx_word' id='word_1_161' title='bbox 870 1472 900 1507; x_wconf 83' lang='grc' dir='ltr'><em>εἰ</em></span> <span class='ocrx_word' id='word_1_162' title='bbox 916 1470 1090 1521; x_wconf 82' lang='grc' dir='ltr'>γευσαμέ-</span> 
     </span>
     <span class='ocr_line' id='line_1_22' title="bbox 75 1529 1088 1583; baseline -0.002 -13"><span class='ocrx_word' id='word_1_163' title='bbox 75 1548 150 1576; x_wconf 89' lang='grc' dir='ltr'>νους</span> <span class='ocrx_word' id='word_1_164' title='bbox 164 1535 231 1570; x_wconf 76' lang='grc' dir='ltr'><em>τῶν</em></span> <span class='ocrx_word' id='word_1_165' title='bbox 251 1531 391 1583; x_wconf 82' lang='grc' dir='ltr'>ἀγώνων</span> <span class='ocrx_word' id='word_1_166' title='bbox 411 1529 444 1581; x_wconf 63' lang='grc' dir='ltr'><em>Ῑ[</em></span> <span class='ocrx_word' id='word_1_167' title='bbox 457 1531 599 1579; x_wconf 80' lang='grc' dir='ltr'>λοιπὸν]</span> <span class='ocrx_word' id='word_1_168' title='bbox 613 1530 896 1577; x_wconf 77' lang='grc' dir='ltr'>καταπλήξεσθαι</span> <span class='ocrx_word' id='word_1_169' title='bbox 913 1530 1068 1581; x_wconf 80' lang='grc' dir='ltr'>ἐνόμιζον</span> <span class='ocrx_word' id='word_1_170' title='bbox 1081 1547 1088 1554; x_wconf 91' lang='grc'><em>·</em></span> 
     </span>
     <span class='ocr_line' id='line_1_23' title="bbox 75 1591 1090 1645; baseline -0.002 -13"><span class='ocrx_word' id='word_1_171' title='bbox 75 1595 205 1645; x_wconf 76' lang='grc' dir='ltr'>μᾶλλον</span> <span class='ocrx_word' id='word_1_172' title='bbox 219 1593 254 1632; x_wconf 77' lang='grc' dir='ltr'><em>δὲ</em></span> <span class='ocrx_word' id='word_1_173' title='bbox 267 1595 294 1631; x_wconf 83' lang='grc' dir='ltr'><em>εἷ</em></span> <span class='ocrx_word' id='word_1_174' title='bbox 310 1592 407 1644; x_wconf 75' lang='grc' dir='ltr'>παρὰ</span> <span class='ocrx_word' id='word_1_175' title='bbox 422 1592 484 1638; x_wconf 77' lang='grc' dir='ltr'><em>τὴν</em></span> <span class='ocrx_word' id='word_1_176' title='bbox 501 1591 612 1644; x_wconf 67' lang='grc' dir='ltr'>ἀρχὴν</span> <span class='ocrx_word' id='word_1_177' title='bbox 626 1591 732 1642; x_wconf 78' lang='grc' dir='ltr'>μηδὲν</span> <span class='ocrx_word' id='word_1_178' title='bbox 754 1591 959 1644; x_wconf 75' lang='grc' dir='ltr'>ἰσχύσαντες</span> <span class='ocrx_word' id='word_1_179' title='bbox 972 1622 981 1637; x_wconf 88' lang='grc'>,</span> <span class='ocrx_word' id='word_1_180' title='bbox 1001 1591 1090 1643; x_wconf 82' lang='grc' dir='ltr'>μετὰ</span> 
     </span>
     <span class='ocr_line' id='line_1_24' title="bbox 73 1653 1090 1705; baseline 0 -13"><span class='ocrx_word' id='word_1_181' title='bbox 73 1655 136 1701; x_wconf 82' lang='grc' dir='ltr'><em>τὴν</em></span> <span class='ocrx_word' id='word_1_182' title='bbox 164 1653 335 1699; x_wconf 83' lang='grc' dir='ltr'>τοσαύτην</span> <span class='ocrx_word' id='word_1_183' title='bbox 367 1653 545 1705; x_wconf 81' lang='grc' dir='ltr'>ῥητορείαν</span> <span class='ocrx_word' id='word_1_184' title='bbox 564 1653 823 1705; x_wconf 72' lang='grc' dir='ltr'>προσεδόκησαν</span> <span class='ocrx_word' id='word_1_185' title='bbox 853 1669 887 1691; x_wconf 88' lang='grc' dir='ltr'><em>τι</em></span> <span class='ocrx_word' id='word_1_186' title='bbox 921 1654 1090 1701; x_wconf 79' lang='grc' dir='ltr'>ποιήσειν.</span> 
     </span>
     <span class='ocr_line' id='line_1_25' title="bbox 72 1710 1091 1768; baseline 0 -14"><span class='ocrx_word' id='word_1_187' title='bbox 72 1715 174 1768; x_wconf 63' lang='lat' dir='ltr'><em>‘&#39;OQ-q)</em></span> <span class='ocrx_word' id='word_1_188' title='bbox 195 1710 251 1754; x_wconf 71' lang='grc' dir='ltr'><em>οῧν</em></span> <span class='ocrx_word' id='word_1_189' title='bbox 268 1714 449 1752; x_wconf 66' lang='grc' dir='ltr'>ἐὸούλοντο</span> <span class='ocrx_word' id='word_1_190' title='bbox 467 1714 624 1761; x_wconf 81' lang='grc' dir='ltr'>κωλύειν,</span> <span class='ocrx_word' id='word_1_191' title='bbox 640 1713 791 1766; x_wconf 87' lang='grc' dir='ltr'>τοσούτῳ</span> <span class='ocrx_word' id='word_1_192' title='bbox 821 1716 952 1765; x_wconf 73' lang='grc' dir='ltr'>μᾶλλον</span> <span class='ocrx_word' id='word_1_193' title='bbox 968 1714 1091 1761; x_wconf 80' lang='grc' dir='ltr'>ηὔξετο</span> 
     </span>
     <span class='ocr_line' id='line_1_26' title="bbox 73 1773 1087 1827; baseline 0 -13"><span class='ocrx_word' id='word_1_194' title='bbox 73 1777 116 1814; x_wconf 74' lang='grc' dir='ltr'><em>τὰ</em></span> <span class='ocrx_word' id='word_1_195' title='bbox 140 1776 344 1827; x_wconf 72' lang='grc' dir='ltr'>πράγματα.</span> <span class='ocrx_word' id='word_1_196' title='bbox 379 1773 464 1813; x_wconf 66' lang='grc' dir='ltr'><em>εὈτι</em></span> <span class='ocrx_word' id='word_1_197' title='bbox 486 1774 546 1825; x_wconf 77' lang='grc' dir='ltr'><em>μὲν</em></span> <span class='ocrx_word' id='word_1_198' title='bbox 567 1775 718 1826; x_wconf 78' lang='grc' dir='ltr'>γνωστὸν</span> <span class='ocrx_word' id='word_1_199' title='bbox 740 1781 882 1825; x_wconf 85' lang='grc' dir='ltr'>σημεῖον</span> <span class='ocrx_word' id='word_1_200' title='bbox 902 1774 1021 1826; x_wconf 81' lang='grc' dir='ltr'>γέγονε</span> <span class='ocrx_word' id='word_1_201' title='bbox 1045 1777 1087 1814; x_wconf 87' lang='grc' dir='ltr'><em>δι’</em></span> 
     </span>
     <span class='ocr_line' id='line_1_27' title="bbox 74 1834 1088 1888; baseline 0 -14"><span class='ocrx_word' id='word_1_202' title='bbox 74 1838 199 1884; x_wconf 78' lang='grc' dir='ltr'>αὐτῶν,</span> <span class='ocrx_word' id='word_1_203' title='bbox 227 1842 312 1874; x_wconf 70' lang='grc' dir='ltr'>πᾶσι</span> <span class='ocrx_word' id='word_1_204' title='bbox 343 1840 412 1878; x_wconf 84' lang='grc' dir='ltr'>τοῖς</span> <span class='ocrx_word' id='word_1_205' title='bbox 441 1840 657 1874; x_wconf 76' lang='grc' dir='ltr'>κατοικοῦσιν</span> <span class='ocrx_word' id='word_1_206' title='bbox 681 1834 914 1888; x_wconf 76' lang='grc' dir='ltr'>Ἰερουσαλὴμ</span> <span class='ocrx_word' id='word_1_207' title='bbox 928 1836 1088 1887; x_wconf 75' lang='grc' dir='ltr'>φανερὸν,</span> 
     </span>
     <span class='ocr_line' id='line_1_28' title="bbox 72 1895 1089 1948; baseline 0 -13"><span class='ocrx_word' id='word_1_208' title='bbox 72 1898 131 1936; x_wconf 85' lang='grc' dir='ltr'><em>καὶ</em></span> <span class='ocrx_word' id='word_1_209' title='bbox 148 1900 185 1935; x_wconf 79' lang='grc' dir='ltr'><em>οὐ</em></span> <span class='ocrx_word' id='word_1_210' title='bbox 213 1898 386 1948; x_wconf 72' lang='grc' dir='ltr'>δυνάμεθα</span> <span class='ocrx_word' id='word_1_211' title='bbox 406 1897 635 1948; x_wconf 74' lang='grc' dir='ltr'>ἀρνήσασθαι.</span> <span class='ocrx_word' id='word_1_212' title='bbox 656 1896 748 1934; x_wconf 79' lang='grc' dir='ltr'>Ἀλλ’</span> <span class='ocrx_word' id='word_1_213' title='bbox 772 1895 829 1934; x_wconf 76' lang='grc' dir='ltr'><em>ἵνα</em></span> <span class='ocrx_word' id='word_1_214' title='bbox 848 1897 895 1946; x_wconf 82' lang='grc' dir='ltr'><em>μὴ</em></span> <span class='ocrx_word' id='word_1_215' title='bbox 911 1897 969 1934; x_wconf 79' lang='grc' dir='ltr'>ἐπὶ</span> <span class='ocrx_word' id='word_1_216' title='bbox 984 1898 1089 1935; x_wconf 81' lang='grc' dir='ltr'>πλέον</span> 
     </span>
     <span class='ocr_line' id='line_1_29' title="bbox 74 1957 1089 2010; baseline -0.001 -14"><span class='ocrx_word' id='word_1_217' title='bbox 74 1960 262 2010; x_wconf 77' lang='grc' dir='ltr'>διανεμηθῇ</span> <span class='ocrx_word' id='word_1_218' title='bbox 290 1960 336 2001; x_wconf 87' lang='grc' dir='ltr'><em>εἷς</em></span> <span class='ocrx_word' id='word_1_219' title='bbox 355 1958 410 1996; x_wconf 75' lang='grc' dir='ltr'><em>τὸν</em></span> <span class='ocrx_word' id='word_1_220' title='bbox 424 1958 520 2003; x_wconf 74' lang='grc' dir='ltr'>λαὸν,</span> <span class='ocrx_word' id='word_1_221' title='bbox 536 1959 661 2008; x_wconf 73' lang='grc' dir='ltr'>ἀπειλῇ</span> <span class='ocrx_word' id='word_1_222' title='bbox 684 1957 954 2007; x_wconf 66' lang='grc' dir='ltr'>ἀπειλησ(ι’)μεθα</span> <span class='ocrx_word' id='word_1_223' title='bbox 976 1960 1089 2001; x_wconf 75' lang='grc' dir='ltr'>αὐτοῖς</span> 
     </span>
     <span class='ocr_line' id='line_1_30' title="bbox 75 2016 1087 2071; baseline 0 -15"><span class='ocrx_word' id='word_1_224' title='bbox 75 2019 199 2069; x_wconf 80' lang='grc' dir='ltr'>μηκέτι</span> <span class='ocrx_word' id='word_1_225' title='bbox 217 2021 334 2056; x_wconf 87' lang='grc' dir='ltr'>λαλεῖν</span> <span class='ocrx_word' id='word_1_226' title='bbox 357 2018 413 2056; x_wconf 76' lang='grc' dir='ltr'>ἐπὶ</span> <span class='ocrx_word' id='word_1_227' title='bbox 438 2020 486 2070; x_wconf 80' lang='grc' dir='ltr'><em>τῷ</em></span> <span class='ocrx_word' id='word_1_228' title='bbox 507 2016 649 2067; x_wconf 82' lang='grc' dir='ltr'>ὀνόματι</span> <span class='ocrx_word' id='word_1_229' title='bbox 668 2017 780 2069; x_wconf 86' lang='grc' dir='ltr'>τούτῳ</span> <span class='ocrx_word' id='word_1_230' title='bbox 801 2018 923 2068; x_wconf 77' lang='grc' dir='ltr'>μηδενὶ</span> <span class='ocrx_word' id='word_1_231' title='bbox 951 2019 1087 2071; x_wconf 84' lang='grc' dir='ltr'>ἀνθρώ-</span> 
     </span>
     <span class='ocr_line' id='line_1_31' title="bbox 72 2078 1087 2130; baseline 0 -13"><span class='ocrx_word' id='word_1_232' title='bbox 72 2096 159 2119; x_wconf 85' lang='grc' dir='ltr'>πων.</span> <span class='ocrx_word' id='word_1_233' title='bbox 181 2079 248 2117; x_wconf 84' lang='grc' dir='ltr'><em>Καὶ</em></span> <span class='ocrx_word' id='word_1_234' title='bbox 272 2079 479 2122; x_wconf 81' lang='grc' dir='ltr'>καλέσαντες</span> <span class='ocrx_word' id='word_1_235' title='bbox 495 2078 616 2122; x_wconf 71' lang='grc' dir='ltr'>αὐτοὺς</span> <span class='ocrx_word' id='word_1_236' title='bbox 629 2109 638 2125; x_wconf 87' lang='grc'>,</span> <span class='ocrx_word' id='word_1_237' title='bbox 669 2078 905 2130; x_wconf 74' lang='grc' dir='ltr'>παρήγγειλαν</span> <span class='ocrx_word' id='word_1_238' title='bbox 923 2080 961 2118; x_wconf 79' lang='grc' dir='ltr'><em>τὸ</em></span> <span class='ocrx_word' id='word_1_239' title='bbox 979 2080 1087 2117; x_wconf 84' lang='grc' dir='ltr'>καθό-</span> 
     </span>
     <span class='ocr_line' id='line_1_32' title="bbox 72 2138 1088 2192; baseline 0 -14"><span class='ocrx_word' id='word_1_240' title='bbox 72 2142 130 2178; x_wconf 88' lang='grc' dir='ltr'><em>λου</em></span> <span class='ocrx_word' id='word_1_241' title='bbox 152 2140 199 2188; x_wconf 83' lang='grc' dir='ltr'><em>μὴ</em></span> <span class='ocrx_word' id='word_1_242' title='bbox 215 2140 439 2192; x_wconf 67' lang='grc' dir='ltr'>φθέγγεσθαι,</span> <span class='ocrx_word' id='word_1_243' title='bbox 467 2138 553 2189; x_wconf 76' lang='grc' dir='ltr'>μηδὲ</span> <span class='ocrx_word' id='word_1_244' title='bbox 576 2138 748 2177; x_wconf 73' lang='grc' dir='ltr'>διδάσκειν</span> <span class='ocrx_word' id='word_1_245' title='bbox 779 2140 862 2177; x_wconf 65' lang='grc' dir='ltr'>ἕέπὶ</span> <span class='ocrx_word' id='word_1_246' title='bbox 877 2142 926 2191; x_wconf 79' lang='grc' dir='ltr'><em>τῷ</em></span> <span class='ocrx_word' id='word_1_247' title='bbox 944 2140 1088 2191; x_wconf 81' lang='grc' dir='ltr'>ὀνόματι</span> 
     </span>
     <span class='ocr_line' id='line_1_33' title="bbox 71 2198 1087 2252; baseline -0.001 -13"><span class='ocrx_word' id='word_1_248' title='bbox 71 2206 129 2239; x_wconf 74' lang='grc' dir='ltr'><em>τοῦ</em></span> <span class='ocrx_word' id='word_1_249' title='bbox 152 2201 275 2246; x_wconf 80' lang='grc' dir='ltr'>Ἰησοῦ.</span> <span class='ocrx_word' id='word_1_250' title='bbox 296 2200 390 2252; x_wconf 71' lang='grc' dir='ltr'>“Ορα</span> <span class='ocrx_word' id='word_1_251' title='bbox 416 2199 474 2237; x_wconf 85' lang='grc' dir='ltr'><em>καὶ</em></span> <span class='ocrx_word' id='word_1_252' title='bbox 491 2198 619 2236; x_wconf 87' lang='grc' dir='ltr'>τούτων</span> <span class='ocrx_word' id='word_1_253' title='bbox 636 2199 698 2246; x_wconf 76' lang='grc' dir='ltr'><em>τὴν</em></span> <span class='ocrx_word' id='word_1_254' title='bbox 731 2200 998 2251; x_wconf 81' lang='grc' dir='ltr'>ἀναισχυντίαν,</span> <span class='ocrx_word' id='word_1_255' title='bbox 1028 2201 1087 2238; x_wconf 87' lang='grc' dir='ltr'><em>καὶ</em></span> 
     </span>
     <span class='ocr_line' id='line_1_34' title="bbox 67 2260 1084 2314; baseline 0.001 -15"><span class='ocrx_word' id='word_1_256' title='bbox 67 2265 134 2299; x_wconf 80' lang='grc' dir='ltr'><em>τῶν</em></span> <span class='ocrx_word' id='word_1_257' title='bbox 164 2260 364 2299; x_wconf 82' lang='grc' dir='ltr'>ἀποστόλων</span> <span class='ocrx_word' id='word_1_258' title='bbox 390 2260 452 2306; x_wconf 81' lang='grc' dir='ltr'><em>τὴν</em></span> <span class='ocrx_word' id='word_1_259' title='bbox 488 2260 701 2312; x_wconf 70' lang='grc' dir='ltr'>φιλοσοφίαν.</span> <span class='ocrx_word' id='word_1_260' title='bbox 727 2260 772 2298; x_wconf 79' lang='lat' dir='ltr'><em>‘O</em></span> <span class='ocrx_word' id='word_1_261' title='bbox 793 2260 828 2298; x_wconf 78' lang='grc' dir='ltr'><em>δὲ</em></span> <span class='ocrx_word' id='word_1_262' title='bbox 898 2260 994 2314; x_wconf 82' lang='grc' dir='ltr'>έτρος</span> <span class='ocrx_word' id='word_1_263' title='bbox 1026 2263 1084 2300; x_wconf 78' lang='grc' dir='ltr'><em>καὶ</em></span> 
     </span>
     <span class='ocr_line' id='line_1_35' title="bbox 66 2315 1084 2373; baseline 0 -13"><span class='ocrx_word' id='word_1_264' title='bbox 66 2322 228 2368; x_wconf 80' lang='grc' dir='ltr'>Ἰωάννης</span> <span class='ocrx_word' id='word_1_265' title='bbox 248 2320 506 2372; x_wconf 79' lang='grc' dir='ltr'>ἀποκριθέντες,</span> <span class='ocrx_word' id='word_1_266' title='bbox 528 2315 622 2359; x_wconf 65' lang='grc' dir='ltr'>εἷπον</span> <span class='ocrx_word' id='word_1_267' title='bbox 638 2321 723 2373; x_wconf 84' lang='grc' dir='ltr'>πρὸς</span> <span class='ocrx_word' id='word_1_268' title='bbox 745 2321 884 2364; x_wconf 81' lang='grc' dir='ltr'>αὐτούς·</span> <span class='ocrx_word' id='word_1_269' title='bbox 905 2325 934 2360; x_wconf 85' lang='grc' dir='ltr'><em>εἷ</em></span> <span class='ocrx_word' id='word_1_270' title='bbox 954 2322 1084 2361; x_wconf 84' lang='grc' dir='ltr'>δίκαιόν</span> 
     </span>
     <span class='ocr_line' id='line_1_36' title="bbox 66 2381 1086 2433; baseline 0.002 -12"><span class='ocrx_word' id='word_1_271' title='bbox 66 2385 158 2422; x_wconf 82' lang='grc' dir='ltr'>ἔστιν</span> <span class='ocrx_word' id='word_1_272' title='bbox 172 2382 315 2420; x_wconf 80' lang='grc' dir='ltr'>ἐνώπιον</span> <span class='ocrx_word' id='word_1_273' title='bbox 330 2385 389 2420; x_wconf 78' lang='grc' dir='ltr'><em>τοῦ</em></span> <span class='ocrx_word' id='word_1_274' title='bbox 422 2383 512 2420; x_wconf 80' lang='grc' dir='ltr'>Θεοῧ</span> <span class='ocrx_word' id='word_1_275' title='bbox 551 2383 648 2432; x_wconf 80' lang='grc' dir='ltr'>ὑμῶν</span> <span class='ocrx_word' id='word_1_276' title='bbox 675 2381 812 2426; x_wconf 79' lang='grc' dir='ltr'>ἀκούειν</span> <span class='ocrx_word' id='word_1_277' title='bbox 833 2384 963 2433; x_wconf 77' lang='grc' dir='ltr'>μᾶλλον</span> <span class='ocrx_word' id='word_1_278' title='bbox 983 2383 1005 2430; x_wconf 82' lang='grc' dir='ltr'>ἢ</span> <span class='ocrx_word' id='word_1_279' title='bbox 1028 2389 1086 2423; x_wconf 74' lang='grc' dir='ltr'><em>τοῦ</em></span> 
     </span>
     <span class='ocr_line' id='line_1_37' title="bbox 65 2441 1085 2495; baseline 0.002 -14"><span class='ocrx_word' id='word_1_280' title='bbox 65 2445 175 2492; x_wconf 82' lang='grc' dir='ltr'>Θεοῦ,</span> <span class='ocrx_word' id='word_1_281' title='bbox 206 2442 355 2495; x_wconf 86' lang='grc' dir='ltr'>κρίνατε.</span> <span class='ocrx_word' id='word_1_282' title='bbox 376 2441 500 2492; x_wconf 70' lang='grc' dir='ltr'><em>εΗμεῖς</em></span> <span class='ocrx_word' id='word_1_283' title='bbox 527 2444 563 2480; x_wconf 81' lang='grc' dir='ltr'><em>οὐ</em></span> <span class='ocrx_word' id='word_1_284' title='bbox 591 2442 786 2493; x_wconf 80' lang='grc' dir='ltr'>δυνάμεθα,</span> <span class='ocrx_word' id='word_1_285' title='bbox 816 2443 837 2480; x_wconf 83' lang='grc' dir='ltr'>ἃ</span> <span class='ocrx_word' id='word_1_286' title='bbox 871 2443 1007 2495; x_wconf 78' lang='grc' dir='ltr'>εἴδομεν</span> <span class='ocrx_word' id='word_1_287' title='bbox 1026 2446 1085 2484; x_wconf 81' lang='grc' dir='ltr'><em>καὶ</em></span> 
     </span>
     <span class='ocr_line' id='line_1_38' title="bbox 65 2503 1087 2556; baseline 0.004 -15"><span class='ocrx_word' id='word_1_288' title='bbox 65 2504 277 2554; x_wconf 82' lang='grc' dir='ltr'>ἠκούσαμεν,</span> <span class='ocrx_word' id='word_1_289' title='bbox 300 2503 347 2553; x_wconf 83' lang='grc' dir='ltr'><em>μὴ</em></span> <span class='ocrx_word' id='word_1_290' title='bbox 372 2504 500 2541; x_wconf 87' lang='grc' dir='ltr'>λαλεῖν.</span> <span class='ocrx_word' id='word_1_291' title='bbox 514 2503 560 2541; x_wconf 80' lang='grc' dir='ltr'><em>Οἱ</em></span> <span class='ocrx_word' id='word_1_292' title='bbox 575 2503 987 2556; x_wconf 37' lang='grc' dir='ltr'>δὲᾷπροσαπειλησάμενοι</span> <span class='ocrx_word' id='word_1_293' title='bbox 1002 2506 1087 2545; x_wconf 81' lang='grc' dir='ltr'>ἀπέ-</span> 
     </span>
     <span class='ocr_line' id='line_1_39' title="bbox 64 2562 1084 2615; baseline 0.004 -14"><span class='ocrx_word' id='word_1_294' title='bbox 64 2565 171 2602; x_wconf 90' lang='grc' dir='ltr'>λυσαν</span> <span class='ocrx_word' id='word_1_295' title='bbox 192 2562 329 2612; x_wconf 78' lang='grc' dir='ltr'>αὐτοὺς,</span> <span class='ocrx_word' id='word_1_296' title='bbox 347 2563 452 2614; x_wconf 72' lang='grc' dir='ltr'>μηδὲν</span> <span class='ocrx_word' id='word_1_297' title='bbox 469 2563 682 2615; x_wconf 77' lang='grc' dir='ltr'>εὑρίσκοντες</span> <span class='ocrx_word' id='word_1_298' title='bbox 698 2564 738 2602; x_wconf 78' lang='grc' dir='ltr'><em>τὸ</em></span> <span class='ocrx_word' id='word_1_299' title='bbox 753 2567 827 2608; x_wconf 85' lang='grc' dir='ltr'>πῶς</span> <span class='ocrx_word' id='word_1_300' title='bbox 847 2566 864 2584; x_wconf 79' lang='lat'><strong>*</strong></span> <span class='ocrx_word' id='word_1_301' title='bbox 876 2566 1084 2605; x_wconf 80' lang='grc' dir='ltr'>κολάσονται</span> 
     </span>
     <span class='ocr_line' id='line_1_40' title="bbox 67 2623 1083 2675; baseline 0.005 -14"><span class='ocrx_word' id='word_1_302' title='bbox 67 2624 206 2672; x_wconf 74' lang='grc' dir='ltr'>αὐτοὺς,</span> <span class='ocrx_word' id='word_1_303' title='bbox 229 2623 286 2662; x_wconf 83' lang='grc' dir='ltr'><em>διὰ</em></span> <span class='ocrx_word' id='word_1_304' title='bbox 306 2625 362 2662; x_wconf 80' lang='grc' dir='ltr'><em>τὸν</em></span> <span class='ocrx_word' id='word_1_305' title='bbox 395 2623 492 2661; x_wconf 86' lang='grc' dir='ltr'>λαόν.</span> <span class='ocrx_word' id='word_1_306' title='bbox 515 2624 774 2675; x_wconf 86' lang='grc' dir='ltr'>Ἐπεστόμισαν</span> <span class='ocrx_word' id='word_1_307' title='bbox 795 2625 919 2670; x_wconf 71' lang='grc' dir='ltr'>αὐτοὺς</span> <span class='ocrx_word' id='word_1_308' title='bbox 947 2627 990 2666; x_wconf 92' lang='grc' dir='ltr'><em>τὰ</em></span> <span class='ocrx_word' id='word_1_309' title='bbox 1022 2644 1083 2675; x_wconf 89' lang='grc' dir='ltr'>ση-</span> 
     </span>
     <span class='ocr_line' id='line_1_41' title="bbox 65 2684 1083 2739; baseline 0.004 -17"><span class='ocrx_word' id='word_1_310' title='bbox 65 2690 164 2735; x_wconf 85' lang='grc' dir='ltr'>μεῖα,</span> <span class='ocrx_word' id='word_1_311' title='bbox 184 2685 242 2722; x_wconf 84' lang='grc' dir='ltr'><em>καὶ</em></span> <span class='ocrx_word' id='word_1_312' title='bbox 275 2685 392 2723; x_wconf 83' lang='grc' dir='ltr'>λοιπὸν</span> <span class='ocrx_word' id='word_1_313' title='bbox 424 2684 501 2723; x_wconf 82' lang='grc' dir='ltr'>οὐδὲ</span> <span class='ocrx_word' id='word_1_314' title='bbox 533 2685 722 2737; x_wconf 68' lang='grc' dir='ltr'>ἠνέσχοντο</span> <span class='ocrx_word' id='word_1_315' title='bbox 749 2688 935 2739; x_wconf 80' lang='grc' dir='ltr'>πληρῶσαι</span> <span class='ocrx_word' id='word_1_316' title='bbox 962 2688 1083 2732; x_wconf 76' lang='grc' dir='ltr'>αὐτοὺς</span> 
     </span>
     <span class='ocr_line' id='line_1_42' title="bbox 62 2745 1081 2802; baseline 0.006 -20"><span class='ocrx_word' id='word_1_317' title='bbox 62 2745 119 2783; x_wconf 85' lang='grc' dir='ltr'><em>τὸν</em></span> <span class='ocrx_word' id='word_1_318' title='bbox 138 2745 236 2796; x_wconf 84' lang='grc' dir='ltr'>λόγον</span> <span class='ocrx_word' id='word_1_319' title='bbox 251 2760 258 2768; x_wconf 90' lang='grc'><em>·</em></span> <span class='ocrx_word' id='word_1_320' title='bbox 279 2745 368 2783; x_wconf 78' lang='grc' dir='ltr'>ἀλλὰ</span> <span class='ocrx_word' id='word_1_321' title='bbox 401 2745 527 2795; x_wconf 78' lang='grc' dir='ltr'>μεταξὺ</span> <span class='ocrx_word' id='word_1_322' title='bbox 559 2745 722 2797; x_wconf 84' lang='grc' dir='ltr'>λέγοντας</span> <span class='ocrx_word' id='word_1_323' title='bbox 755 2747 917 2800; x_wconf 76' lang='grc' dir='ltr'>διέκοψαν</span> <span class='ocrx_word' id='word_1_324' title='bbox 950 2749 1081 2802; x_wconf 79' lang='grc' dir='ltr'>σφόδρα</span> 
     </span>
     <span class='ocr_line' id='line_1_43' title="bbox 61 2805 1079 2863; baseline 0.005 -19"><span class='ocrx_word' id='word_1_325' title='bbox 61 2806 278 2857; x_wconf 65' lang='grc' dir='ltr'>ὓὸριστικῶς.</span> <span class='ocrx_word' id='word_1_326' title='bbox 301 2805 387 2845; x_wconf 70' lang='grc' dir='ltr'><em>εὈτι</em></span> <span class='ocrx_word' id='word_1_327' title='bbox 419 2807 544 2850; x_wconf 85' lang='grc' dir='ltr'>πάντες</span> <span class='ocrx_word' id='word_1_328' title='bbox 578 2807 732 2852; x_wconf 71' lang='grc' dir='ltr'>ἐδόξαζον</span> <span class='ocrx_word' id='word_1_329' title='bbox 757 2809 814 2847; x_wconf 80' lang='grc' dir='ltr'><em>τὸν</em></span> <span class='ocrx_word' id='word_1_330' title='bbox 837 2809 927 2848; x_wconf 83' lang='grc' dir='ltr'>Θεὸν</span> <span class='ocrx_word' id='word_1_331' title='bbox 953 2811 1010 2849; x_wconf 82' lang='grc' dir='ltr'>ἐπὶ</span> <span class='ocrx_word' id='word_1_332' title='bbox 1029 2813 1079 2863; x_wconf 78' lang='grc' dir='ltr'><em>τῷ</em></span> 
     </span>
     <span class='ocr_line' id='line_1_44' title="bbox 61 2861 1078 2921; baseline 0.004 -17"><span class='ocrx_word' id='word_1_333' title='bbox 61 2867 223 2917; x_wconf 86' lang='grc' dir='ltr'>γεγονότι.</span> <span class='ocrx_word' id='word_1_334' title='bbox 248 2866 359 2905; x_wconf 86' lang='grc' dir='ltr'>Ἐτῶν</span> <span class='ocrx_word' id='word_1_335' title='bbox 376 2867 443 2919; x_wconf 75' lang='grc' dir='ltr'><em>γὰρ</em></span> <span class='ocrx_word' id='word_1_336' title='bbox 461 2861 503 2913; x_wconf 70' lang='grc' dir='ltr'><em>ἦν</em></span> <span class='ocrx_word' id='word_1_337' title='bbox 522 2868 688 2906; x_wconf 85' lang='grc' dir='ltr'>πλειόνων</span> <span class='ocrx_word' id='word_1_338' title='bbox 711 2872 729 2907; x_wconf 87' lang='grc' dir='ltr'><em>ὃ</em></span> <span class='ocrx_word' id='word_1_339' title='bbox 749 2869 927 2921; x_wconf 84' lang='grc' dir='ltr'>ἄνθρωπος</span> <span class='ocrx_word' id='word_1_340' title='bbox 947 2887 1078 2910; x_wconf 82' lang='grc' dir='ltr'>τεσσα-</span> 
     </span>
     <span class='ocr_line' id='line_1_45' title="bbox 61 2927 1078 2980; baseline 0.006 -16"><span class='ocrx_word' id='word_1_341' title='bbox 61 2927 229 2978; x_wconf 79' lang='grc' dir='ltr'>ράκοντα,</span> <span class='ocrx_word' id='word_1_342' title='bbox 254 2930 312 2980; x_wconf 76' lang='grc' dir='ltr'><em>ἐφ’</em></span> <span class='ocrx_word' id='word_1_343' title='bbox 333 2927 368 2965; x_wconf 85' lang='grc' dir='ltr'><em>ὃν</em></span> <span class='ocrx_word' id='word_1_344' title='bbox 397 2929 545 2980; x_wconf 80' lang='grc' dir='ltr'>ἐγεγόνει</span> <span class='ocrx_word' id='word_1_345' title='bbox 572 2930 611 2968; x_wconf 81' lang='grc' dir='ltr'><em>τὸ</em></span> <span class='ocrx_word' id='word_1_346' title='bbox 642 2936 785 2980; x_wconf 86' lang='grc' dir='ltr'>σημεῖον</span> <span class='ocrx_word' id='word_1_347' title='bbox 806 2934 906 2970; x_wconf 73' lang='grc' dir='ltr'>τοῦτο</span> <span class='ocrx_word' id='word_1_348' title='bbox 938 2936 1001 2979; x_wconf 76' lang='grc' dir='ltr'><em>τῆς</em></span> <span class='ocrx_word' id='word_1_349' title='bbox 1023 2933 1078 2970; x_wconf 80' lang='grc' dir='ltr'><em>ἰά-</em></span> 
     </span>
    </p>
   </div>
   <div class='ocr_carea' id='block_1_3' title="bbox 1316 235 1557 264">
    <p class='ocr_par' dir='ltr' id='par_1_3' title="bbox 1316 235 1557 264">
     <span class='ocr_line' id='line_1_46' title="bbox 1316 235 1557 264; baseline 0.004 -1"><span class='ocrx_word' id='word_1_350' title='bbox 1316 235 1371 264; x_wconf 82' lang='grc' dir='ltr'><em>ΠΟ</em></span> <span class='ocrx_word' id='word_1_351' title='bbox 1380 235 1472 264; x_wconf 63' lang='lat'>3111„</span> <span class='ocrx_word' id='word_1_352' title='bbox 1512 236 1538 264; x_wconf 79' lang='grc' dir='ltr'>Χ</span> <span class='ocrx_word' id='word_1_353' title='bbox 1549 255 1557 264; x_wconf 90' lang='grc'><em>.</em></span> 
     </span>
    </p>
   </div>
   <div class='ocr_carea' id='block_1_4' title="bbox 2085 225 2145 283">
    <p class='ocr_par' dir='ltr' id='par_1_4' title="bbox 2085 225 2145 283">
     <span class='ocr_line' id='line_1_47' title="bbox 2085 225 2145 283; baseline 0 -13"><span class='ocrx_word' id='word_1_354' title='bbox 2085 225 2145 283; x_wconf 77' lang='lat'><em>95</em></span> 
     </span>
    </p>
   </div>
   <div class='ocr_carea' id='block_1_5' title="bbox 1150 322 2152 1592">
    <p class='ocr_par' dir='ltr' id='par_1_5' title="bbox 1150 322 2152 1592">
     <span class='ocr_line' id='line_1_48' title="bbox 1168 322 2148 377; baseline 0.003 -18"><span class='ocrx_word' id='word_1_355' title='bbox 1168 322 1247 359; x_wconf 87' lang='lat' dir='ltr'><em>alio</em></span> <span class='ocrx_word' id='word_1_356' title='bbox 1263 323 1394 374; x_wconf 84' lang='lat' dir='ltr'><em>aliquo</em></span> <span class='ocrx_word' id='word_1_357' title='bbox 1411 323 1515 360; x_wconf 79' lang='lat' dir='ltr'><em>salus</em></span> <span class='ocrx_word' id='word_1_358' title='bbox 1536 338 1545 358; x_wconf 91' lang='lat'><em>:</em></span> <span class='ocrx_word' id='word_1_359' title='bbox 1568 322 1792 360; x_wconf 78' lang='lat' dir='ltr'><em>manifestans</em></span> <span class='ocrx_word' id='word_1_360' title='bbox 1811 323 1906 373; x_wconf 83' lang='lat' dir='ltr'><em>quod</em></span> <span class='ocrx_word' id='word_1_361' title='bbox 1927 324 1987 362; x_wconf 83' lang='lat' dir='ltr'><em>hie</em></span> <span class='ocrx_word' id='word_1_362' title='bbox 2004 338 2065 362; x_wconf 85' lang='lat' dir='ltr'><em>nos</em></span> <span class='ocrx_word' id='word_1_363' title='bbox 2085 340 2148 377; x_wconf 87' lang='lat' dir='ltr'><em>po-</em></span> 
     </span>
     <span class='ocr_line' id='line_1_49' title="bbox 1166 383 2145 432; baseline 0.004 -13"><span class='ocrx_word' id='word_1_364' title='bbox 1166 391 1233 420; x_wconf 84' lang='lat' dir='ltr'><em>test</em></span> <span class='ocrx_word' id='word_1_365' title='bbox 1261 396 1399 421; x_wconf 86' lang='lat' dir='ltr'><em>servare</em></span> <span class='ocrx_word' id='word_1_366' title='bbox 1412 412 1423 432; x_wconf 87' lang='lat'><em>,</em></span> <span class='ocrx_word' id='word_1_367' title='bbox 1448 383 1554 420; x_wconf 86' lang='lat' dir='ltr'><em>simul</em></span> <span class='ocrx_word' id='word_1_368' title='bbox 1576 392 1690 420; x_wconf 85' lang='lat' dir='ltr'><em>autem</em></span> <span class='ocrx_word' id='word_1_369' title='bbox 1711 391 1745 420; x_wconf 87' lang='lat' dir='ltr'><em>et</em></span> <span class='ocrx_word' id='word_1_370' title='bbox 1763 383 1885 422; x_wconf 86' lang='lat' dir='ltr'><em>volens</em></span> <span class='ocrx_word' id='word_1_371' title='bbox 1905 384 1985 421; x_wconf 89' lang='lat' dir='ltr'><em>illos</em></span> <span class='ocrx_word' id='word_1_372' title='bbox 2004 393 2145 423; x_wconf 85' lang='lat' dir='ltr'><em>terrere.</em></span> 
     </span>
     <span class='ocr_line' id='line_1_50' title="bbox 1168 444 2149 484; baseline 0.004 -4"><span class='ocrx_word' id='word_1_373' title='bbox 1168 444 1230 480; x_wconf 79' lang='grc'><em>15.</em></span> <span class='ocrx_word' id='word_1_374' title='bbox 1252 444 1429 481; x_wconf 87' lang='lat' dir='ltr'><em>Videntes</em></span> <span class='ocrx_word' id='word_1_375' title='bbox 1445 452 1574 481; x_wconf 88' lang='lat' dir='ltr'><em>autem</em></span> <span class='ocrx_word' id='word_1_376' title='bbox 1584 445 1694 481; x_wconf 83' lang='lat' dir='ltr'><em>Petri</em></span> <span class='ocrx_word' id='word_1_377' title='bbox 1707 448 1967 482; x_wconf 80' lang='lat' dir='ltr'><em>constantiam</em></span> <span class='ocrx_word' id='word_1_378' title='bbox 1979 454 2015 483; x_wconf 88' lang='lat' dir='ltr'><em>et</em></span> <span class='ocrx_word' id='word_1_379' title='bbox 2028 447 2058 484; x_wconf 93' lang='lat' dir='ltr'><strong><em>J</em></strong></span> <span class='ocrx_word' id='word_1_380' title='bbox 2057 460 2149 484; x_wconf 88' lang='lat' dir='ltr'><em>oan-</em></span> 
     </span>
     <span class='ocr_line' id='line_1_51' title="bbox 1167 505 2149 555; baseline 0.005 -16"><span class='ocrx_word' id='word_1_381' title='bbox 1167 505 1245 548; x_wconf 82' lang='lat' dir='ltr'><em>nis,</em></span> <span class='ocrx_word' id='word_1_382' title='bbox 1264 512 1454 554; x_wconf 88' lang='lat' dir='ltr'><em>comperto</em></span> <span class='ocrx_word' id='word_1_383' title='bbox 1472 505 1577 555; x_wconf 84' lang='lat' dir='ltr'><em>quod</em></span> <span class='ocrx_word' id='word_1_384' title='bbox 1598 505 1769 543; x_wconf 79' lang='lat' dir='ltr'><em>homines</em></span> <span class='ocrx_word' id='word_1_385' title='bbox 1789 514 1912 543; x_wconf 79' lang='lat' dir='ltr'><em>essent</em></span> <span class='ocrx_word' id='word_1_386' title='bbox 1930 508 2013 543; x_wconf 84' lang='lat' dir='ltr'><em>sine</em></span> <span class='ocrx_word' id='word_1_387' title='bbox 2028 507 2149 544; x_wconf 82' lang='lat' dir='ltr'><em>literis</em></span> 
     </span>
     <span class='ocr_line' id='line_1_52' title="bbox 1166 563 2149 616; baseline 0.005 -17"><span class='ocrx_word' id='word_1_388' title='bbox 1166 571 1202 599; x_wconf 88' lang='lat' dir='ltr'><em>et</em></span> <span class='ocrx_word' id='word_1_389' title='bbox 1219 563 1367 609; x_wconf 81' lang='lat' dir='ltr'><em>idiotoe,</em></span> <span class='ocrx_word' id='word_1_390' title='bbox 1386 564 1706 611; x_wconf 84' lang='lat' dir='ltr'><em>admirabantur,</em></span> <span class='ocrx_word' id='word_1_391' title='bbox 1724 573 1761 602; x_wconf 89' lang='lat' dir='ltr'><em>et</em></span> <span class='ocrx_word' id='word_1_392' title='bbox 1775 568 2055 616; x_wconf 81' lang='lat' dir='ltr'><em>cognoscebant</em></span> <span class='ocrx_word' id='word_1_393' title='bbox 2068 580 2149 615; x_wconf 82' lang='lat' dir='ltr'><em>eos,</em></span> 
     </span>
     <span class='ocr_line' id='line_1_53' title="bbox 1167 624 2147 677; baseline 0.005 -18"><span class='ocrx_word' id='word_1_394' title='bbox 1167 625 1259 672; x_wconf 85' lang='lat' dir='ltr'><em>quia</em></span> <span class='ocrx_word' id='word_1_395' title='bbox 1287 637 1374 660; x_wconf 90' lang='lat' dir='ltr'><em>cum</em></span> <span class='ocrx_word' id='word_1_396' title='bbox 1401 625 1495 661; x_wconf 88' lang='lat' dir='ltr'><em>Jesu</em></span> <span class='ocrx_word' id='word_1_397' title='bbox 1509 626 1689 676; x_wconf 84' lang='lat' dir='ltr'><em>fuerant.</em></span> <span class='ocrx_word' id='word_1_398' title='bbox 1722 624 1770 662; x_wconf 88' lang='lat' dir='ltr'><em>Et</em></span> <span class='ocrx_word' id='word_1_399' title='bbox 1789 626 1987 676; x_wconf 84' lang='lat' dir='ltr'><em>quomodo,</em></span> <span class='ocrx_word' id='word_1_400' title='bbox 2011 627 2147 677; x_wconf 89' lang='lat' dir='ltr'><em>inquit,</em></span> 
     </span>
     <span class='ocr_line' id='line_1_54' title="bbox 1166 682 2149 735; baseline 0.006 -16"><span class='ocrx_word' id='word_1_401' title='bbox 1166 682 1325 720; x_wconf 83' lang='lat' dir='ltr'>illiterati</span> <span class='ocrx_word' id='word_1_402' title='bbox 1343 683 1397 720; x_wconf 90' lang='lat' dir='ltr'><em>illi</em></span> <span class='ocrx_word' id='word_1_403' title='bbox 1422 693 1454 721; x_wconf 83' lang='lat' dir='ltr'><em>et</em></span> <span class='ocrx_word' id='word_1_404' title='bbox 1476 684 1569 735; x_wconf 87' lang='lat' dir='ltr'><em>ipsos</em></span> <span class='ocrx_word' id='word_1_405' title='bbox 1588 693 1622 721; x_wconf 90' lang='lat' dir='ltr'><em>et</em></span> <span class='ocrx_word' id='word_1_406' title='bbox 1640 699 1796 723; x_wconf 88' lang='lat' dir='ltr'><em>summos</em></span> <span class='ocrx_word' id='word_1_407' title='bbox 1818 687 2013 724; x_wconf 82' lang='lat' dir='ltr'><em>sacerdotes</em></span> <span class='ocrx_word' id='word_1_408' title='bbox 2031 687 2149 726; x_wconf 84' lang='lat' dir='ltr'><em>rheto-</em></span> 
     </span>
     <span class='ocr_line' id='line_1_55' title="bbox 1166 743 2150 800; baseline 0.008 -21"><span class='ocrx_word' id='word_1_409' title='bbox 1166 743 1238 779; x_wconf 86' lang='lat' dir='ltr'><em>rica</em></span> <span class='ocrx_word' id='word_1_410' title='bbox 1254 758 1317 780; x_wconf 85' lang='lat' dir='ltr'><em>sua</em></span> <span class='ocrx_word' id='word_1_411' title='bbox 1333 743 1525 781; x_wconf 77' lang='lat' dir='ltr'><em>vicerunt?</em></span> <span class='ocrx_word' id='word_1_412' title='bbox 1546 746 1624 782; x_wconf 89' lang='lat' dir='ltr'><em>Non</em></span> <span class='ocrx_word' id='word_1_413' title='bbox 1644 746 1713 797; x_wconf 88' lang='lat' dir='ltr'><em>ipsi</em></span> <span class='ocrx_word' id='word_1_414' title='bbox 1729 746 1984 797; x_wconf 83' lang='lat' dir='ltr'><strong>loquebantur,</strong></span> <span class='ocrx_word' id='word_1_415' title='bbox 2011 748 2072 786; x_wconf 86' lang='lat' dir='ltr'><em>sed</em></span> <span class='ocrx_word' id='word_1_416' title='bbox 2088 763 2150 800; x_wconf 83' lang='lat' dir='ltr'><em>per</em></span> 
     </span>
     <span class='ocr_line' id='line_1_56' title="bbox 1166 803 2149 860; baseline 0.009 -22"><span class='ocrx_word' id='word_1_417' title='bbox 1166 815 1223 839; x_wconf 90' lang='lat' dir='ltr'><em>eos</em></span> <span class='ocrx_word' id='word_1_418' title='bbox 1234 803 1346 852; x_wconf 84' lang='lat' dir='ltr'><em>gratia</em></span> <span class='ocrx_word' id='word_1_419' title='bbox 1366 804 1533 854; x_wconf 80' lang='lat' dir='ltr'><strong>Spiritus.</strong></span> <span class='ocrx_word' id='word_1_420' title='bbox 1553 807 1614 842; x_wconf 71' lang='grc'><em>14.</em></span> <span class='ocrx_word' id='word_1_421' title='bbox 1639 807 1938 859; x_wconf 78' lang='lat' dir='ltr'><em>Hominemque,</em></span> <span class='ocrx_word' id='word_1_422' title='bbox 1956 812 2022 860; x_wconf 83' lang='lat' dir='ltr'><em>qui</em></span> <span class='ocrx_word' id='word_1_423' title='bbox 2035 823 2149 847; x_wconf 87' lang='lat' dir='ltr'><em>sana-</em></span> 
     </span>
     <span class='ocr_line' id='line_1_57' title="bbox 1168 863 2148 921; baseline 0.009 -23"><span class='ocrx_word' id='word_1_424' title='bbox 1168 870 1228 899; x_wconf 88' lang='lat' dir='ltr'><em>tus</em></span> <span class='ocrx_word' id='word_1_425' title='bbox 1242 863 1404 912; x_wconf 81' lang='lat' dir='ltr'><em>fuerat,</em></span> <span class='ocrx_word' id='word_1_426' title='bbox 1428 877 1514 900; x_wconf 86' lang='lat' dir='ltr'><em>cum</em></span> <span class='ocrx_word' id='word_1_427' title='bbox 1536 867 1590 901; x_wconf 86' lang='lat' dir='ltr'><em>eis</em></span> <span class='ocrx_word' id='word_1_428' title='bbox 1608 873 1712 902; x_wconf 88' lang='lat' dir='ltr'><em>stare</em></span> <span class='ocrx_word' id='word_1_429' title='bbox 1739 868 1936 916; x_wconf 77' lang='lat' dir='ltr'><em>videntes,</em></span> <span class='ocrx_word' id='word_1_430' title='bbox 1958 871 2058 906; x_wconf 78' lang='lat' dir='ltr'><em>nihil</em></span> <span class='ocrx_word' id='word_1_431' title='bbox 2075 884 2148 921; x_wconf 88' lang='lat' dir='ltr'><em>po-</em></span> 
     </span>
     <span class='ocr_line' id='line_1_58' title="bbox 1168 924 2149 974; baseline 0.008 -16"><span class='ocrx_word' id='word_1_432' title='bbox 1168 929 1294 959; x_wconf 81' lang='lat' dir='ltr'><em>terant</em></span> <span class='ocrx_word' id='word_1_433' title='bbox 1313 924 1588 960; x_wconf 79' lang='lat' dir='ltr'><em>contradicere.</em></span> <span class='ocrx_word' id='word_1_434' title='bbox 1611 925 1743 974; x_wconf 81' lang='lat' dir='ltr'><em>Magna</em></span> <span class='ocrx_word' id='word_1_435' title='bbox 1762 925 1917 963; x_wconf 89' lang='lat' dir='ltr'><em>hominis</em></span> <span class='ocrx_word' id='word_1_436' title='bbox 1936 930 2129 966; x_wconf 84' lang='lat' dir='ltr'><em>constantia</em></span> <span class='ocrx_word' id='word_1_437' title='bbox 2141 961 2149 973; x_wconf 80' lang='lat'><em>,</em></span> 
     </span>
     <span class='ocr_line' id='line_1_59' title="bbox 1167 981 2150 1036; baseline 0.009 -19"><span class='ocrx_word' id='word_1_438' title='bbox 1167 989 1206 1017; x_wconf 86' lang='lat' dir='ltr'><em>ut</em></span> <span class='ocrx_word' id='word_1_439' title='bbox 1219 981 1339 1032; x_wconf 85' lang='lat' dir='ltr'><em>palam</em></span> <span class='ocrx_word' id='word_1_440' title='bbox 1357 991 1408 1019; x_wconf 89' lang='lat' dir='ltr'><em>est</em></span> <span class='ocrx_word' id='word_1_441' title='bbox 1428 996 1472 1019; x_wconf 72' lang='lat' dir='ltr'><em>ex</em></span> <span class='ocrx_word' id='word_1_442' title='bbox 1491 997 1550 1033; x_wconf 87' lang='lat' dir='ltr'><em>eo,</em></span> <span class='ocrx_word' id='word_1_443' title='bbox 1573 983 1668 1033; x_wconf 86' lang='lat' dir='ltr'><em>quod</em></span> <span class='ocrx_word' id='word_1_444' title='bbox 1686 984 1722 1021; x_wconf 90' lang='lat' dir='ltr'><em>in</em></span> <span class='ocrx_word' id='word_1_445' title='bbox 1740 985 1816 1036; x_wconf 85' lang='lat' dir='ltr'><em>ipso</em></span> <span class='ocrx_word' id='word_1_446' title='bbox 1835 985 1966 1036; x_wconf 85' lang='lat' dir='ltr'><em>judicii</em></span> <span class='ocrx_word' id='word_1_447' title='bbox 1985 988 2062 1025; x_wconf 89' lang='lat' dir='ltr'><em>loco</em></span> <span class='ocrx_word' id='word_1_448' title='bbox 2081 1002 2150 1026; x_wconf 92' lang='lat' dir='ltr'><em>non</em></span> 
     </span>
     <span class='ocr_line' id='line_1_60' title="bbox 1166 1043 2151 1097; baseline 0.01 -17"><span class='ocrx_word' id='word_1_449' title='bbox 1166 1043 1379 1095; x_wconf 87' lang='lat' dir='ltr'><em>relinqueret</em></span> <span class='ocrx_word' id='word_1_450' title='bbox 1406 1058 1464 1083; x_wconf 88' lang='lat' dir='ltr'><em>eos</em></span> <span class='ocrx_word' id='word_1_451' title='bbox 1482 1046 1556 1083; x_wconf 84' lang='lat' dir='ltr'><em>:ita</em></span> <span class='ocrx_word' id='word_1_452' title='bbox 1578 1055 1617 1083; x_wconf 89' lang='lat' dir='ltr'><em>ut</em></span> <span class='ocrx_word' id='word_1_453' title='bbox 1645 1046 1673 1084; x_wconf 86' lang='lat' dir='ltr'><em>si</em></span> <span class='ocrx_word' id='word_1_454' title='bbox 1696 1047 1749 1084; x_wconf 88' lang='lat' dir='ltr'><em>illi</em></span> <span class='ocrx_word' id='word_1_455' title='bbox 1780 1047 1974 1097; x_wconf 80' lang='lat' dir='ltr'><em>dixissent,</em></span> <span class='ocrx_word' id='word_1_456' title='bbox 1996 1052 2076 1089; x_wconf 88' lang='lat' dir='ltr'><em>Non</em></span> <span class='ocrx_word' id='word_1_457' title='bbox 2103 1052 2151 1089; x_wconf 87' lang='lat' dir='ltr'><em>ita</em></span> 
     </span>
     <span class='ocr_line' id='line_1_61' title="bbox 1166 1105 2150 1158; baseline 0.009 -16"><span class='ocrx_word' id='word_1_458' title='bbox 1166 1119 1201 1142; x_wconf 92' lang='lat' dir='ltr'><em>se</em></span> <span class='ocrx_word' id='word_1_459' title='bbox 1216 1119 1270 1143; x_wconf 87' lang='lat' dir='ltr'><em>res</em></span> <span class='ocrx_word' id='word_1_460' title='bbox 1288 1105 1413 1154; x_wconf 90' lang='lat' dir='ltr'><em>habet,</em></span> <span class='ocrx_word' id='word_1_461' title='bbox 1431 1106 1492 1144; x_wconf 88' lang='lat' dir='ltr'><em>ille</em></span> <span class='ocrx_word' id='word_1_462' title='bbox 1505 1106 1754 1158; x_wconf 81' lang='lat' dir='ltr'><em>redarguisset.</em></span> <span class='ocrx_word' id='word_1_463' title='bbox 1777 1110 1838 1147; x_wconf 73' lang='lat'><em>15.</em></span> <span class='ocrx_word' id='word_1_464' title='bbox 1853 1111 2059 1150; x_wconf 78' lang='lat' dir='ltr'><em>&#39;Jusserunt</em></span> <span class='ocrx_word' id='word_1_465' title='bbox 2081 1127 2150 1151; x_wconf 88' lang='lat' dir='ltr'><em>au-</em></span> 
     </span>
     <span class='ocr_line' id='line_1_62' title="bbox 1166 1168 2149 1218; baseline 0.01 -16"><span class='ocrx_word' id='word_1_466' title='bbox 1166 1174 1240 1203; x_wconf 88' lang='lat' dir='ltr'><em>tem</em></span> <span class='ocrx_word' id='word_1_467' title='bbox 1275 1180 1338 1204; x_wconf 88' lang='lat' dir='ltr'><em>eos</em></span> <span class='ocrx_word' id='word_1_468' title='bbox 1353 1168 1472 1218; x_wconf 85' lang='lat' dir='ltr'><em>foras</em></span> <span class='ocrx_word' id='word_1_469' title='bbox 1500 1177 1612 1206; x_wconf 69' lang='lat' dir='ltr'><em>extra</em></span> <span class='ocrx_word' id='word_1_470' title='bbox 1644 1170 1851 1208; x_wconf 83' lang='lat' dir='ltr'><em>concilium</em></span> <span class='ocrx_word' id='word_1_471' title='bbox 1879 1174 2053 1211; x_wconf 86' lang='lat' dir='ltr'><em>secedere</em></span> <span class='ocrx_word' id='word_1_472' title='bbox 2077 1190 2088 1210; x_wconf 90' lang='lat'><em>.·</em></span> <span class='ocrx_word' id='word_1_473' title='bbox 2114 1184 2149 1212; x_wconf 89' lang='lat' dir='ltr'><em>et</em></span> 
     </span>
     <span class='ocr_line' id='line_1_63' title="bbox 1164 1228 2152 1285; baseline 0.009 -22"><span class='ocrx_word' id='word_1_474' title='bbox 1164 1228 1416 1278; x_wconf 85' lang='lat' dir='ltr'><em>conserebant</em></span> <span class='ocrx_word' id='word_1_475' title='bbox 1443 1229 1496 1265; x_wconf 86' lang='lat' dir='ltr'><em>ad</em></span> <span class='ocrx_word' id='word_1_476' title='bbox 1513 1231 1698 1277; x_wconf 78' lang='lat' dir='ltr'><em>invicem,</em></span> <span class='ocrx_word' id='word_1_477' title='bbox 1733 1232 1793 1268; x_wconf 89' lang='grc'><em>16.</em></span> <span class='ocrx_word' id='word_1_478' title='bbox 1823 1233 2022 1271; x_wconf 86' lang='lat' dir='ltr'><em>dicentes:</em></span> <span class='ocrx_word' id='word_1_479' title='bbox 2050 1235 2152 1285; x_wconf 86' lang='lat' dir='ltr'><em>Quid</em></span> 
     </span>
     <span class='ocr_line' id='line_1_64' title="bbox 1150 1288 2149 1343; baseline 0.009 -19"><span class='ocrx_word' id='word_1_480' title='bbox 1150 1288 1350 1340; x_wconf 87' lang='lat' dir='ltr'><em>faciemus</em></span> <span class='ocrx_word' id='word_1_481' title='bbox 1374 1290 1592 1327; x_wconf 80' lang='lat' dir='ltr'><em>hominibus</em></span> <span class='ocrx_word' id='word_1_482' title='bbox 1622 1293 1732 1328; x_wconf 81' lang='lat' dir='ltr'><em>istis?</em></span> <span class='ocrx_word' id='word_1_483' title='bbox 1746 1291 1870 1340; x_wconf 76' lang='lat' dir='ltr'><em>Vides,</em></span> <span class='ocrx_word' id='word_1_484' title='bbox 1895 1307 2003 1343; x_wconf 86' lang='lat' dir='ltr'><em>quam</em></span> <span class='ocrx_word' id='word_1_485' title='bbox 2027 1294 2149 1333; x_wconf 83' lang='lat' dir='ltr'><em>incerti</em></span> 
     </span>
     <span class='ocr_line' id='line_1_65' title="bbox 1164 1347 2149 1405; baseline 0.008 -20"><span class='ocrx_word' id='word_1_486' title='bbox 1164 1347 1256 1385; x_wconf 72' lang='lat' dir='ltr'><em>sint?</em></span> <span class='ocrx_word' id='word_1_487' title='bbox 1267 1347 1368 1386; x_wconf 77' lang='lat' dir='ltr'><em>vides</em></span> <span class='ocrx_word' id='word_1_488' title='bbox 1380 1348 1577 1387; x_wconf 81' lang='lat' dir='ltr'><em>humanum</em></span> <span class='ocrx_word' id='word_1_489' title='bbox 1597 1350 1760 1389; x_wconf 89' lang='lat' dir='ltr'><em>timorem</em></span> <span class='ocrx_word' id='word_1_490' title='bbox 1780 1353 1897 1390; x_wconf 87' lang='lat' dir='ltr'><em>omnia</em></span> <span class='ocrx_word' id='word_1_491' title='bbox 1917 1364 2119 1405; x_wconf 84' lang='lat' dir='ltr'><em>operantem</em></span> <span class='ocrx_word' id='word_1_492' title='bbox 2131 1356 2149 1393; x_wconf 70' lang='grc' dir='ltr'><em>ἶ)</em></span> 
     </span>
     <span class='ocr_line' id='line_1_66' title="bbox 1164 1411 2149 1464; baseline 0.009 -17"><span class='ocrx_word' id='word_1_493' title='bbox 1164 1411 1214 1448; x_wconf 87' lang='lat' dir='ltr'><em>Ut</em></span> <span class='ocrx_word' id='word_1_494' title='bbox 1228 1425 1305 1461; x_wconf 85' lang='lat' dir='ltr'><em>quae</em></span> <span class='ocrx_word' id='word_1_495' title='bbox 1322 1411 1485 1449; x_wconf 86' lang='lat' dir='ltr'><em>Christus</em></span> <span class='ocrx_word' id='word_1_496' title='bbox 1500 1413 1711 1464; x_wconf 81' lang='lat' dir='ltr'><em>operabatur</em></span> <span class='ocrx_word' id='word_1_497' title='bbox 1726 1415 1930 1454; x_wconf 86' lang='lat' dir='ltr'><em>subvertere</em></span> <span class='ocrx_word' id='word_1_498' title='bbox 1950 1417 2003 1454; x_wconf 84' lang='lat' dir='ltr'><em>vel</em></span> <span class='ocrx_word' id='word_1_499' title='bbox 2024 1417 2149 1456; x_wconf 85' lang='lat' dir='ltr'><em>obscu-</em></span> 
     </span>
     <span class='ocr_line' id='line_1_67' title="bbox 1162 1474 2149 1524; baseline 0.008 -15"><span class='ocrx_word' id='word_1_500' title='bbox 1162 1486 1240 1510; x_wconf 86' lang='lat' dir='ltr'><em>rare</em></span> <span class='ocrx_word' id='word_1_501' title='bbox 1257 1486 1326 1510; x_wconf 90' lang='lat' dir='ltr'><em>non</em></span> <span class='ocrx_word' id='word_1_502' title='bbox 1344 1482 1506 1524; x_wconf 84' lang='lat' dir='ltr'><em>poterant</em></span> <span class='ocrx_word' id='word_1_503' title='bbox 1518 1504 1529 1524; x_wconf 90' lang='lat'><em>,</em></span> <span class='ocrx_word' id='word_1_504' title='bbox 1547 1474 1604 1512; x_wconf 88' lang='lat' dir='ltr'><em>sed</em></span> <span class='ocrx_word' id='word_1_505' title='bbox 1627 1475 1698 1512; x_wconf 87' lang='lat' dir='ltr'><em>illis</em></span> <span class='ocrx_word' id='word_1_506' title='bbox 1715 1485 1834 1514; x_wconf 85' lang='lat' dir='ltr'><em>contra</em></span> <span class='ocrx_word' id='word_1_507' title='bbox 1852 1476 2045 1516; x_wconf 85' lang='lat' dir='ltr'><em>nitentibus</em></span> <span class='ocrx_word' id='word_1_508' title='bbox 2060 1479 2149 1517; x_wconf 74' lang='lat' dir='ltr'><em>fides</em></span> 
     </span>
     <span class='ocr_line' id='line_1_68' title="bbox 1162 1533 2148 1592; baseline 0.008 -22"><span class='ocrx_word' id='word_1_509' title='bbox 1162 1533 1276 1584; x_wconf 83' lang='lat' dir='ltr'><em>magis</em></span> <span class='ocrx_word' id='word_1_510' title='bbox 1289 1534 1569 1585; x_wconf 76' lang='lat' dir='ltr'><em>augebaturtsic</em></span> <span class='ocrx_word' id='word_1_511' title='bbox 1590 1544 1623 1573; x_wconf 89' lang='lat' dir='ltr'><em>et</em></span> <span class='ocrx_word' id='word_1_512' title='bbox 1644 1550 1738 1574; x_wconf 87' lang='lat' dir='ltr'><em>nunc</em></span> <span class='ocrx_word' id='word_1_513' title='bbox 1759 1538 1886 1575; x_wconf 86' lang='lat' dir='ltr'><em>evenit.</em></span> <span class='ocrx_word' id='word_1_514' title='bbox 1911 1539 2148 1592; x_wconf 73' lang='lat' dir='ltr'><em>Quidfacie-</em></span> 
     </span>
    </p>
   </div>
   <div class='ocr_carea' id='block_1_6' title="bbox 2219 1552 2347 1590">
    <p class='ocr_par' dir='ltr' id='par_1_6' title="bbox 2219 1552 2347 1590">
     <span class='ocr_line' id='line_1_69' title="bbox 2219 1552 2347 1590; baseline 0.016 -10"><span class='ocrx_word' id='word_1_515' title='bbox 2219 1552 2347 1590; x_wconf 75' lang='lat' dir='ltr'><em>Aposto-</em></span> 
     </span>
    </p>
   </div>
   <div class='ocr_carea' id='block_1_7' title="bbox 1164 1594 2351 1662">
    <p class='ocr_par' dir='ltr' id='par_1_7' title="bbox 1164 1594 2351 1662">
     <span class='ocr_line' id='line_1_70' title="bbox 1164 1594 2351 1662; baseline 0.008 -31"><span class='ocrx_word' id='word_1_516' title='bbox 1164 1598 1273 1632; x_wconf 80' lang='lat' dir='ltr'><em>mus?</em></span> <span class='ocrx_word' id='word_1_517' title='bbox 1297 1595 1328 1632; x_wconf 95' lang='grc' dir='ltr'>Ο</span> <span class='ocrx_word' id='word_1_518' title='bbox 1350 1595 1614 1648; x_wconf 80' lang='lat' dir='ltr'><em>insipientiam,</em></span> <span class='ocrx_word' id='word_1_519' title='bbox 1637 1598 1732 1647; x_wconf 85' lang='lat' dir='ltr'><em>quod</em></span> <span class='ocrx_word' id='word_1_520' title='bbox 1766 1598 1847 1637; x_wconf 87' lang='lat' dir='ltr'><em>illos</em></span> <span class='ocrx_word' id='word_1_521' title='bbox 1866 1608 1944 1651; x_wconf 88' lang='lat' dir='ltr'><em>post</em></span> <span class='ocrx_word' id='word_1_522' title='bbox 1965 1599 2147 1651; x_wconf 83' lang='lat' dir='ltr'><em>degustata</em></span> <span class='ocrx_word' id='word_1_523' title='bbox 2163 1594 2258 1662; x_wconf 46' lang='lat' dir='ltr'><em>ltzrsum</em></span> <span class='ocrx_word' id='word_1_524' title='bbox 2288 1597 2351 1622; x_wconf 59' lang='lat'><em>‘&#39;⁵¹&#39;‘</em></span> 
     </span>
    </p>
   </div>
   <div class='ocr_carea' id='block_1_8' title="bbox 1108 1656 2151 2982">
    <p class='ocr_par' dir='ltr' id='par_1_8' title="bbox 1115 1656 2151 2246">
     <span class='ocr_line' id='line_1_71' title="bbox 1115 1656 2148 1708; baseline 0.008 -17"><span class='ocrx_word' id='word_1_525' title='bbox 1115 1665 1139 1695; x_wconf 84' lang='lat' dir='ltr'>E</span> <span class='ocrx_word' id='word_1_526' title='bbox 1164 1656 1352 1693; x_wconf 86' lang='lat' dir='ltr'><em>certamina</em></span> <span class='ocrx_word' id='word_1_527' title='bbox 1373 1656 1495 1694; x_wconf 85' lang='lat' dir='ltr'><em>terreri</em></span> <span class='ocrx_word' id='word_1_528' title='bbox 1511 1658 1682 1708; x_wconf 87' lang='lat' dir='ltr'><em>putabant</em></span> <span class='ocrx_word' id='word_1_529' title='bbox 1689 1674 1700 1707; x_wconf 78' lang='lat'><em>3</em></span> <span class='ocrx_word' id='word_1_530' title='bbox 1717 1658 1789 1697; x_wconf 87' lang='lat' dir='ltr'><em>imo</em></span> <span class='ocrx_word' id='word_1_531' title='bbox 1808 1660 1835 1697; x_wconf 89' lang='lat' dir='ltr'><em>si</em></span> <span class='ocrx_word' id='word_1_532' title='bbox 1859 1673 1940 1697; x_wconf 87' lang='lat' dir='ltr'><em>cum</em></span> <span class='ocrx_word' id='word_1_533' title='bbox 1967 1660 2069 1699; x_wconf 80' lang='lat' dir='ltr'><em>initio</em></span> <span class='ocrx_word' id='word_1_534' title='bbox 2088 1676 2148 1699; x_wconf 77' lang='lat' dir='ltr'><em>ni—</em></span> 
     </span>
     <span class='ocr_line' id='line_1_72' title="bbox 1162 1715 2150 1769; baseline 0.007 -16"><span class='ocrx_word' id='word_1_535' title='bbox 1162 1715 1215 1753; x_wconf 92' lang='lat' dir='ltr'><em>bil</em></span> <span class='ocrx_word' id='word_1_536' title='bbox 1248 1717 1466 1768; x_wconf 86' lang='lat' dir='ltr'><em>potuissent,</em></span> <span class='ocrx_word' id='word_1_537' title='bbox 1497 1727 1576 1769; x_wconf 88' lang='lat' dir='ltr'><em>post</em></span> <span class='ocrx_word' id='word_1_538' title='bbox 1605 1728 1739 1757; x_wconf 84' lang='lat' dir='ltr'><em>tantam</em></span> <span class='ocrx_word' id='word_1_539' title='bbox 1769 1720 1912 1758; x_wconf 85' lang='lat' dir='ltr'><em>dicendi</em></span> <span class='ocrx_word' id='word_1_540' title='bbox 1944 1722 2150 1761; x_wconf 79' lang='lat' dir='ltr'><em>facultatem</em></span> 
     </span>
     <span class='ocr_line' id='line_1_73' title="bbox 1161 1776 2148 1834; baseline 0.007 -20"><span class='ocrx_word' id='word_1_541' title='bbox 1161 1776 1413 1815; x_wconf 78' lang='lat' dir='ltr'><em>existimabant</em></span> <span class='ocrx_word' id='word_1_542' title='bbox 1426 1791 1461 1815; x_wconf 89' lang='lat' dir='ltr'><em>se</em></span> <span class='ocrx_word' id='word_1_543' title='bbox 1481 1778 1617 1828; x_wconf 83' lang='lat' dir='ltr'><em>aliquid</em></span> <span class='ocrx_word' id='word_1_544' title='bbox 1637 1793 1709 1818; x_wconf 87' lang='lat' dir='ltr'><em>esse</em></span> <span class='ocrx_word' id='word_1_545' title='bbox 1727 1781 1894 1819; x_wconf 82' lang='lat' dir='ltr'><em>facturos.</em></span> <span class='ocrx_word' id='word_1_546' title='bbox 1921 1782 2064 1828; x_wconf 88' lang='lat' dir='ltr'><em>Quanto</em></span> <span class='ocrx_word' id='word_1_547' title='bbox 2080 1782 2148 1834; x_wconf 87' lang='lat' dir='ltr'><em>igi-</em></span> 
     </span>
     <span class='ocr_line' id='line_1_74' title="bbox 1160 1836 2150 1893; baseline 0.009 -21"><span class='ocrx_word' id='word_1_548' title='bbox 1160 1844 1219 1873; x_wconf 87' lang='lat' dir='ltr'><em>tur</em></span> <span class='ocrx_word' id='word_1_549' title='bbox 1233 1836 1347 1887; x_wconf 84' lang='lat' dir='ltr'><em>magis</em></span> <span class='ocrx_word' id='word_1_550' title='bbox 1368 1836 1540 1889; x_wconf 86' lang='lat' dir='ltr'><em>impedire</em></span> <span class='ocrx_word' id='word_1_551' title='bbox 1560 1838 1744 1888; x_wconf 83' lang='lat' dir='ltr'><em>volebant,</em></span> <span class='ocrx_word' id='word_1_552' title='bbox 1765 1849 1863 1879; x_wconf 85' lang='lat' dir='ltr'><em>tanto</em></span> <span class='ocrx_word' id='word_1_553' title='bbox 1882 1842 1996 1893; x_wconf 85' lang='lat' dir='ltr'><em>magis</em></span> <span class='ocrx_word' id='word_1_554' title='bbox 2012 1857 2067 1880; x_wconf 88' lang='lat' dir='ltr'><em>res</em></span> <span class='ocrx_word' id='word_1_555' title='bbox 2089 1857 2150 1880; x_wconf 87' lang='lat' dir='ltr'><em>au-</em></span> 
     </span>
     <span class='ocr_line' id='line_1_75' title="bbox 1160 1897 2151 1956; baseline 0.008 -23"><span class='ocrx_word' id='word_1_556' title='bbox 1160 1897 1345 1948; x_wconf 83' lang='lat' dir='ltr'><em>gebantur.</em></span> <span class='ocrx_word' id='word_1_557' title='bbox 1371 1899 1563 1947; x_wconf 82' lang='lat' dir='ltr'><em>Quoniam</em></span> <span class='ocrx_word' id='word_1_558' title='bbox 1578 1901 1732 1950; x_wconf 85' lang='lat' dir='ltr'><em>quidem</em></span> <span class='ocrx_word' id='word_1_559' title='bbox 1749 1910 1881 1939; x_wconf 86' lang='lat' dir='ltr'><em>notum</em></span> <span class='ocrx_word' id='word_1_560' title='bbox 1908 1906 2061 1954; x_wconf 81' lang='lat' dir='ltr'><em>signum</em></span> <span class='ocrx_word' id='word_1_561' title='bbox 2076 1905 2151 1956; x_wconf 78' lang='lat' dir='ltr'><em>sa-</em></span> 
     </span>
     <span class='ocr_line' id='line_1_76' title="bbox 1160 1964 2149 2011; baseline 0.008 -15"><span class='ocrx_word' id='word_1_562' title='bbox 1160 1968 1263 1997; x_wconf 89' lang='lat' dir='ltr'><em>ctum</em></span> <span class='ocrx_word' id='word_1_563' title='bbox 1279 1969 1333 1997; x_wconf 90' lang='lat' dir='ltr'><em>est</em></span> <span class='ocrx_word' id='word_1_564' title='bbox 1346 1974 1416 2011; x_wconf 89' lang='lat' dir='ltr'><em>per</em></span> <span class='ocrx_word' id='word_1_565' title='bbox 1429 1974 1506 2007; x_wconf 87' lang='lat' dir='ltr'><em>eos,</em></span> <span class='ocrx_word' id='word_1_566' title='bbox 1526 1964 1701 2000; x_wconf 84' lang='lat' dir='ltr'><em>omnibus</em></span> <span class='ocrx_word' id='word_1_567' title='bbox 1717 1964 1982 2003; x_wconf 78' lang='lat' dir='ltr'><em>habitantibus</em></span> <span class='ocrx_word' id='word_1_568' title='bbox 1990 1967 2149 2004; x_wconf 83' lang='lat' dir='ltr'><em>Jerusa-</em></span> 
     </span>
     <span class='ocr_line' id='line_1_77' title="bbox 1160 2021 2145 2078; baseline 0.006 -21"><span class='ocrx_word' id='word_1_569' title='bbox 1160 2021 1234 2057; x_wconf 85' lang='lat' dir='ltr'><em>lem</em></span> <span class='ocrx_word' id='word_1_570' title='bbox 1266 2022 1516 2073; x_wconf 76' lang='lat' dir='ltr'><em>manifestum</em></span> <span class='ocrx_word' id='word_1_571' title='bbox 1536 2052 1546 2067; x_wconf 89' lang='lat'><em>‚</em></span> <span class='ocrx_word' id='word_1_572' title='bbox 1583 2031 1620 2059; x_wconf 87' lang='lat' dir='ltr'><em>et</em></span> <span class='ocrx_word' id='word_1_573' title='bbox 1651 2037 1729 2059; x_wconf 90' lang='lat' dir='ltr'><em>non</em></span> <span class='ocrx_word' id='word_1_574' title='bbox 1757 2038 1958 2075; x_wconf 85' lang='lat' dir='ltr'><em>possumus</em></span> <span class='ocrx_word' id='word_1_575' title='bbox 1991 2041 2145 2078; x_wconf 82' lang='lat' dir='ltr'><em>negare.</em></span> 
     </span>
     <span class='ocr_line' id='line_1_78' title="bbox 1161 2081 2145 2138; baseline 0.008 -21"><span class='ocrx_word' id='word_1_576' title='bbox 1161 2081 1222 2117; x_wconf 82' lang='grc'><em>17.</em></span> <span class='ocrx_word' id='word_1_577' title='bbox 1251 2081 1326 2118; x_wconf 85' lang='lat' dir='ltr'><em>Sed</em></span> <span class='ocrx_word' id='word_1_578' title='bbox 1355 2082 1591 2133; x_wconf 83' lang='lat' dir='ltr'><em>neamplius</em></span> <span class='ocrx_word' id='word_1_579' title='bbox 1619 2083 1838 2135; x_wconf 79' lang='lat' dir='ltr'><em>divulgetur</em></span> <span class='ocrx_word' id='word_1_580' title='bbox 1862 2088 1903 2122; x_wconf 87' lang='lat' dir='ltr'><em>in</em></span> <span class='ocrx_word' id='word_1_581' title='bbox 1934 2088 2145 2138; x_wconf 77' lang='lat' dir='ltr'><em>populum,</em></span> 
     </span>
     <span class='ocr_line' id='line_1_79' title="bbox 1160 2144 2146 2196; baseline 0.009 -20"><span class='ocrx_word' id='word_1_582' title='bbox 1160 2144 1437 2179; x_wconf 75' lang='lat' dir='ltr'><em>comminemur</em></span> <span class='ocrx_word' id='word_1_583' title='bbox 1451 2145 1527 2188; x_wconf 87' lang='lat' dir='ltr'><em>eis,</em></span> <span class='ocrx_word' id='word_1_584' title='bbox 1546 2157 1594 2180; x_wconf 90' lang='lat' dir='ltr'><em>ne</em></span> <span class='ocrx_word' id='word_1_585' title='bbox 1608 2144 1713 2181; x_wconf 85' lang='lat' dir='ltr'><em>ultra</em></span> <span class='ocrx_word' id='word_1_586' title='bbox 1730 2145 1941 2196; x_wconf 82' lang='lat' dir='ltr'><em>loquantur</em></span> <span class='ocrx_word' id='word_1_587' title='bbox 1961 2150 2002 2183; x_wconf 89' lang='lat' dir='ltr'><em>in</em></span> <span class='ocrx_word' id='word_1_588' title='bbox 2023 2153 2146 2186; x_wconf 88' lang='lat' dir='ltr'><em>nomi-</em></span> 
     </span>
     <span class='ocr_line' id='line_1_80' title="bbox 1161 2201 2149 2246; baseline 0.01 -10"><span class='ocrx_word' id='word_1_589' title='bbox 1161 2214 1207 2237; x_wconf 91' lang='lat' dir='ltr'><em>ne</em></span> <span class='ocrx_word' id='word_1_590' title='bbox 1229 2201 1301 2238; x_wconf 82' lang='lat' dir='ltr'><em>hoc</em></span> <span class='ocrx_word' id='word_1_591' title='bbox 1321 2201 1394 2238; x_wconf 82' lang='lat' dir='ltr'><em>ulli</em></span> <span class='ocrx_word' id='word_1_592' title='bbox 1416 2202 1628 2239; x_wconf 77' lang='lat' dir='ltr'><em>hominum.</em></span> <span class='ocrx_word' id='word_1_593' title='bbox 1651 2202 1711 2241; x_wconf 75' lang='lat'><em>18.</em></span> <span class='ocrx_word' id='word_1_594' title='bbox 1733 2206 1787 2242; x_wconf 90' lang='lat' dir='ltr'><em>Et</em></span> <span class='ocrx_word' id='word_1_595' title='bbox 1801 2215 1990 2245; x_wconf 83' lang='lat' dir='ltr'><em>vocantes</em></span> <span class='ocrx_word' id='word_1_596' title='bbox 2008 2221 2071 2246; x_wconf 90' lang='lat' dir='ltr'><em>eos</em></span> <span class='ocrx_word' id='word_1_597' title='bbox 2087 2210 2149 2246; x_wconf 89' lang='lat' dir='ltr'><em>de-</em></span> 
     </span>
    </p>

    <p class='ocr_par' dir='ltr' id='par_1_9' title="bbox 1108 2264 2150 2321">
     <span class='ocr_line' id='line_1_81' title="bbox 1108 2264 2150 2321; baseline 0.01 -24"><span class='ocrx_word' id='word_1_598' title='bbox 1108 2290 1139 2313; x_wconf 69' lang='lat'><em>33</em></span> <span class='ocrx_word' id='word_1_599' title='bbox 1160 2264 1437 2299; x_wconf 79' lang='lat' dir='ltr'><em>nuntiaverunt</em></span> <span class='ocrx_word' id='word_1_600' title='bbox 1465 2276 1512 2300; x_wconf 88' lang='lat' dir='ltr'><em>ne</em></span> <span class='ocrx_word' id='word_1_601' title='bbox 1550 2266 1706 2300; x_wconf 83' lang='lat' dir='ltr'><em>omnino</em></span> <span class='ocrx_word' id='word_1_602' title='bbox 1743 2265 1990 2317; x_wconf 84' lang='lat' dir='ltr'><em>loquerentur</em></span> <span class='ocrx_word' id='word_1_603' title='bbox 2028 2283 2150 2321; x_wconf 87' lang='lat' dir='ltr'><em>neque</em></span> 
     </span>
    </p>

    <p class='ocr_par' dir='ltr' id='par_1_10' title="bbox 1111 2322 2150 2982">
     <span class='ocr_line' id='line_1_82' title="bbox 1111 2322 2146 2382; baseline 0.01 -25"><span class='ocrx_word' id='word_1_604' title='bbox 1111 2326 1136 2355; x_wconf 82' lang='lat' dir='ltr'>A</span> <span class='ocrx_word' id='word_1_605' title='bbox 1159 2322 1338 2359; x_wconf 87' lang='lat' dir='ltr'><em>docerent</em></span> <span class='ocrx_word' id='word_1_606' title='bbox 1358 2325 1400 2359; x_wconf 89' lang='lat' dir='ltr'><em>in</em></span> <span class='ocrx_word' id='word_1_607' title='bbox 1420 2325 1573 2360; x_wconf 91' lang='lat' dir='ltr'><em>nomine</em></span> <span class='ocrx_word' id='word_1_608' title='bbox 1591 2325 1701 2362; x_wconf 92' lang='lat' dir='ltr'><em>Jesu.</em></span> <span class='ocrx_word' id='word_1_609' title='bbox 1732 2325 1827 2365; x_wconf 87' lang='lat' dir='ltr'><em>Vide</em></span> <span class='ocrx_word' id='word_1_610' title='bbox 1854 2327 1999 2365; x_wconf 89' lang='lat' dir='ltr'><em>illorum</em></span> <span class='ocrx_word' id='word_1_611' title='bbox 2024 2329 2146 2382; x_wconf 87' lang='lat' dir='ltr'><em>impu-</em></span> 
     </span>
     <span class='ocr_line' id='line_1_83' title="bbox 1157 2381 2149 2439; baseline 0.01 -20"><span class='ocrx_word' id='word_1_612' title='bbox 1157 2381 1326 2432; x_wconf 81' lang='lat' dir='ltr'><em>dentiam,</em></span> <span class='ocrx_word' id='word_1_613' title='bbox 1341 2392 1374 2421; x_wconf 87' lang='lat' dir='ltr'><em>et</em></span> <span class='ocrx_word' id='word_1_614' title='bbox 1387 2384 1629 2436; x_wconf 87' lang='lat' dir='ltr'><em>apostolorum</em></span> <span class='ocrx_word' id='word_1_615' title='bbox 1640 2385 1916 2439; x_wconf 86' lang='lat' dir='ltr'><em>philosophiam.</em></span> <span class='ocrx_word' id='word_1_616' title='bbox 1928 2391 1991 2428; x_wconf 89' lang='grc'><em>19.</em></span> <span class='ocrx_word' id='word_1_617' title='bbox 2008 2392 2149 2430; x_wconf 82' lang='lat' dir='ltr'><em>Petrus</em></span> 
     </span>
     <span class='ocr_line' id='line_1_84' title="bbox 1157 2446 2150 2498; baseline 0.009 -17"><span class='ocrx_word' id='word_1_618' title='bbox 1157 2458 1251 2482; x_wconf 75' lang='lat' dir='ltr'><em>‘vero</em></span> <span class='ocrx_word' id='word_1_619' title='bbox 1275 2454 1310 2483; x_wconf 89' lang='lat' dir='ltr'><em>et</em></span> <span class='ocrx_word' id='word_1_620' title='bbox 1345 2446 1520 2483; x_wconf 87' lang='lat' dir='ltr'><em>Joannes</em></span> <span class='ocrx_word' id='word_1_621' title='bbox 1557 2449 1842 2498; x_wconf 87' lang='lat' dir='ltr'><em>respondentes,</em></span> <span class='ocrx_word' id='word_1_622' title='bbox 1881 2451 2063 2489; x_wconf 63' lang='lat' dir='ltr'><em>dixerunt</em></span> <span class='ocrx_word' id='word_1_623' title='bbox 2095 2454 2150 2490; x_wconf 86' lang='lat' dir='ltr'><em>ad</em></span> 
     </span>
     <span class='ocr_line' id='line_1_85' title="bbox 1158 2506 2147 2564; baseline 0.008 -21"><span class='ocrx_word' id='word_1_624' title='bbox 1158 2520 1220 2544; x_wconf 86' lang='lat' dir='ltr'><em>eos</em></span> <span class='ocrx_word' id='word_1_625' title='bbox 1240 2522 1250 2542; x_wconf 89' lang='lat'><em>:</em></span> <span class='ocrx_word' id='word_1_626' title='bbox 1264 2506 1305 2545; x_wconf 86' lang='lat' dir='ltr'><em>Si</em></span> <span class='ocrx_word' id='word_1_627' title='bbox 1309 2509 1461 2558; x_wconf 88' lang='lat' dir='ltr'><em>justum</em></span> <span class='ocrx_word' id='word_1_628' title='bbox 1477 2515 1533 2544; x_wconf 87' lang='lat' dir='ltr'><em>est</em></span> <span class='ocrx_word' id='word_1_629' title='bbox 1551 2510 1592 2544; x_wconf 87' lang='lat' dir='ltr'><em>in</em></span> <span class='ocrx_word' id='word_1_630' title='bbox 1603 2518 1807 2560; x_wconf 89' lang='lat' dir='ltr'><em>conspectu</em></span> <span class='ocrx_word' id='word_1_631' title='bbox 1821 2511 1911 2557; x_wconf 86' lang='lat' dir='ltr'><em>Dei,</em></span> <span class='ocrx_word' id='word_1_632' title='bbox 1930 2526 2005 2550; x_wconf 78' lang='lat' dir='ltr'><em>vos</em></span> <span class='ocrx_word' id='word_1_633' title='bbox 2017 2516 2147 2564; x_wconf 84' lang='lat' dir='ltr'><em>potius</em></span> 
     </span>
     <span class='ocr_line' id='line_1_86' title="bbox 1159 2569 2145 2620; baseline 0.008 -15"><span class='ocrx_word' id='word_1_634' title='bbox 1159 2569 1294 2605; x_wconf 72' lang='lat' dir='ltr'><em>audire</em></span> <span class='ocrx_word' id='word_1_635' title='bbox 1318 2582 1437 2619; x_wconf 88' lang='lat' dir='ltr'><em>quam</em></span> <span class='ocrx_word' id='word_1_636' title='bbox 1462 2569 1604 2617; x_wconf 86' lang='lat' dir='ltr'><em>Deum,</em></span> <span class='ocrx_word' id='word_1_637' title='bbox 1623 2570 1809 2620; x_wconf 86' lang='lat' dir='ltr'><em>judicate.</em></span> <span class='ocrx_word' id='word_1_638' title='bbox 1846 2574 1910 2610; x_wconf 61' lang='grc' dir='ltr'><em>ΞΟ.</em></span> <span class='ocrx_word' id='word_1_639' title='bbox 1948 2575 2030 2612; x_wconf 86' lang='lat' dir='ltr'><em>Nos</em></span> <span class='ocrx_word' id='word_1_640' title='bbox 2067 2590 2145 2613; x_wconf 88' lang='lat' dir='ltr'><em>non</em></span> 
     </span>
     <span class='ocr_line' id='line_1_87' title="bbox 1154 2630 2144 2680; baseline 0.007 -14"><span class='ocrx_word' id='word_1_641' title='bbox 1154 2642 1369 2680; x_wconf 88' lang='lat' dir='ltr'><em>possumus,</em></span> <span class='ocrx_word' id='word_1_642' title='bbox 1390 2641 1476 2679; x_wconf 84' lang='lat' dir='ltr'><em>quoe</em></span> <span class='ocrx_word' id='word_1_643' title='bbox 1490 2630 1660 2667; x_wconf 82' lang='lat' dir='ltr'><em>vidimus</em></span> <span class='ocrx_word' id='word_1_644' title='bbox 1677 2640 1711 2667; x_wconf 84' lang='lat' dir='ltr'><em>et</em></span> <span class='ocrx_word' id='word_1_645' title='bbox 1731 2633 1964 2679; x_wconf 63' lang='lat' dir='ltr'><em>audivimus,</em></span> <span class='ocrx_word' id='word_1_646' title='bbox 1989 2648 2068 2671; x_wconf 89' lang='lat' dir='ltr'><em>non</em></span> <span class='ocrx_word' id='word_1_647' title='bbox 2089 2636 2144 2673; x_wconf 91' lang='lat' dir='ltr'><em>lo-</em></span> 
     </span>
     <span class='ocr_line' id='line_1_88' title="bbox 1157 2688 2141 2745; baseline 0.008 -19"><span class='ocrx_word' id='word_1_648' title='bbox 1157 2692 1234 2740; x_wconf 85' lang='lat' dir='ltr'><em>qui.</em></span> <span class='ocrx_word' id='word_1_649' title='bbox 1251 2691 1294 2726; x_wconf 65' lang='lat' dir='ltr'>ffl</span> <span class='ocrx_word' id='word_1_650' title='bbox 1306 2719 1314 2727; x_wconf 93' lang='lat'><strong>.</strong></span> <span class='ocrx_word' id='word_1_651' title='bbox 1337 2688 1397 2725; x_wconf 87' lang='lat' dir='ltr'><em>At</em></span> <span class='ocrx_word' id='word_1_652' title='bbox 1416 2689 1477 2726; x_wconf 83' lang='lat' dir='ltr'><em>illi</em></span> <span class='ocrx_word' id='word_1_653' title='bbox 1494 2692 1774 2729; x_wconf 86' lang='lat' dir='ltr'><em>comminantes</em></span> <span class='ocrx_word' id='word_1_654' title='bbox 1801 2693 2032 2732; x_wconf 83' lang='lat' dir='ltr'><em>dimiserunt</em></span> <span class='ocrx_word' id='word_1_655' title='bbox 2061 2710 2141 2745; x_wconf 88' lang='lat' dir='ltr'><em>eos,</em></span> 
     </span>
     <span class='ocr_line' id='line_1_89' title="bbox 1156 2752 2143 2808; baseline 0.008 -22"><span class='ocrx_word' id='word_1_656' title='bbox 1156 2763 1233 2787; x_wconf 90' lang='lat' dir='ltr'><em>non</em></span> <span class='ocrx_word' id='word_1_657' title='bbox 1247 2752 1496 2795; x_wconf 79' lang='lat' dir='ltr'><em>invenientes,</em></span> <span class='ocrx_word' id='word_1_658' title='bbox 1532 2752 1722 2801; x_wconf 86' lang='lat' dir='ltr'><em>quomodo</em></span> <span class='ocrx_word' id='word_1_659' title='bbox 1744 2755 1927 2802; x_wconf 84' lang='lat' dir='ltr'><em>punirent</em></span> <span class='ocrx_word' id='word_1_660' title='bbox 1949 2768 2026 2801; x_wconf 90' lang='lat' dir='ltr'><em>eos,</em></span> <span class='ocrx_word' id='word_1_661' title='bbox 2052 2771 2143 2808; x_wconf 86' lang='lat' dir='ltr'><em>pro-</em></span> 
     </span>
     <span class='ocr_line' id='line_1_90' title="bbox 1150 2810 2142 2866; baseline 0.007 -17"><span class='ocrx_word' id='word_1_662' title='bbox 1150 2820 1236 2863; x_wconf 87' lang='lat' dir='ltr'><em>pter</em></span> <span class='ocrx_word' id='word_1_663' title='bbox 1247 2810 1445 2863; x_wconf 85' lang='lat' dir='ltr'><em>populum.</em></span> <span class='ocrx_word' id='word_1_664' title='bbox 1465 2810 1656 2849; x_wconf 86' lang='lat' dir='ltr'><em>Silentium</em></span> <span class='ocrx_word' id='word_1_665' title='bbox 1680 2813 1753 2851; x_wconf 89' lang='lat' dir='ltr'><em>illis</em></span> <span class='ocrx_word' id='word_1_666' title='bbox 1774 2814 1996 2866; x_wconf 86' lang='lat' dir='ltr'><em>imperabant</em></span> <span class='ocrx_word' id='word_1_667' title='bbox 2034 2819 2142 2856; x_wconf 84' lang='lat' dir='ltr'><em>mira-</em></span> 
     </span>
     <span class='ocr_line' id='line_1_91' title="bbox 1153 2872 2144 2931; baseline 0.009 -22"><span class='ocrx_word' id='word_1_668' title='bbox 1153 2872 1244 2921; x_wconf 84' lang='lat' dir='ltr'><em>cula,</em></span> <span class='ocrx_word' id='word_1_669' title='bbox 1283 2886 1323 2910; x_wconf 86' lang='lat' dir='ltr'><em>ac</em></span> <span class='ocrx_word' id='word_1_670' title='bbox 1350 2881 1470 2924; x_wconf 85' lang='lat' dir='ltr'><em>postea</em></span> <span class='ocrx_word' id='word_1_671' title='bbox 1510 2886 1580 2910; x_wconf 90' lang='lat' dir='ltr'><em>non</em></span> <span class='ocrx_word' id='word_1_672' title='bbox 1614 2873 1841 2924; x_wconf 83' lang='lat' dir='ltr'><em>patiebantur</em></span> <span class='ocrx_word' id='word_1_673' title='bbox 1872 2876 1953 2914; x_wconf 88' lang='lat' dir='ltr'><em>illos</em></span> <span class='ocrx_word' id='word_1_674' title='bbox 1994 2879 2144 2931; x_wconf 89' lang='lat' dir='ltr'><em>implere</em></span> 
     </span>
     <span class='ocr_line' id='line_1_92' title="bbox 1151 2933 2140 2982; baseline 0.009 -12"><span class='ocrx_word' id='word_1_675' title='bbox 1151 2946 1347 2971; x_wconf 87' lang='lat' dir='ltr'><em>sermonem</em></span> <span class='ocrx_word' id='word_1_676' title='bbox 1357 2948 1367 2982; x_wconf 83' lang='lat'>3</span> <span class='ocrx_word' id='word_1_677' title='bbox 1393 2933 1453 2971; x_wconf 86' lang='lat' dir='ltr'><em>sed</em></span> <span class='ocrx_word' id='word_1_678' title='bbox 1481 2933 1625 2971; x_wconf 87' lang='lat' dir='ltr'><em>interim</em></span> <span class='ocrx_word' id='word_1_679' title='bbox 1660 2937 1912 2975; x_wconf 82' lang='lat' dir='ltr'><em>contumeliose</em></span> <span class='ocrx_word' id='word_1_680' title='bbox 1946 2939 2140 2978; x_wconf 82' lang='lat' dir='ltr'><em>admodum</em></span> 
     </span>
    </p>
   </div>
   <div class='ocr_carea' id='block_1_9' title="bbox 60 2986 2144 3049">
    <p class='ocr_par' dir='ltr' id='par_1_11' title="bbox 60 2986 2144 3049">
     <span class='ocr_line' id='line_1_93' title="bbox 60 2986 2144 3049; baseline 0.008 -25"><span class='ocrx_word' id='word_1_681' title='bbox 60 3002 156 3030; x_wconf 86' lang='grc' dir='ltr'>σεως.</span> <span class='ocrx_word' id='word_1_682' title='bbox 176 2986 265 3025; x_wconf 86' lang='grc' dir='ltr'>Ἀλλ’</span> <span class='ocrx_word' id='word_1_683' title='bbox 283 2987 410 3039; x_wconf 79' lang='grc' dir='ltr'>ἴδωμεν</span> <span class='ocrx_word' id='word_1_684' title='bbox 433 2989 561 3027; x_wconf 80' lang='grc' dir='ltr'>ἄνωθεν</span> <span class='ocrx_word' id='word_1_685' title='bbox 580 2989 624 3027; x_wconf 81' lang='grc' dir='ltr'><em>τὰ</em></span> <span class='ocrx_word' id='word_1_686' title='bbox 643 2990 820 3042; x_wconf 82' lang='grc' dir='ltr'>εἰρημένα,</span> <span class='ocrx_word' id='word_1_687' title='bbox 839 2992 910 3030; x_wconf 63' lang='grc' dir='ltr'><em>εἰΤί</em></span> <span class='ocrx_word' id='word_1_688' title='bbox 930 2993 1076 3040; x_wconf 79' lang='grc' dir='ltr'>ποιήσο-</span> <span class='ocrx_word' id='word_1_689' title='bbox 1100 3004 1123 3033; x_wconf 90' lang='grc' dir='ltr'>Β</span> <span class='ocrx_word' id='word_1_690' title='bbox 1152 2994 1246 3044; x_wconf 91' lang='lat' dir='ltr'><em>illos,</em></span> <span class='ocrx_word' id='word_1_691' title='bbox 1265 3008 1309 3032; x_wconf 88' lang='lat' dir='ltr'><em>ne</em></span> <span class='ocrx_word' id='word_1_692' title='bbox 1339 2994 1585 3045; x_wconf 81' lang='lat' dir='ltr'><em>loquerentur,</em></span> <span class='ocrx_word' id='word_1_693' title='bbox 1616 2995 1840 3034; x_wconf 85' lang='lat' dir='ltr'><em>cohibebant.</em></span> <span class='ocrx_word' id='word_1_694' title='bbox 1879 2999 1979 3049; x_wconf 83' lang='lat' dir='ltr'><em>Quia</em></span> <span class='ocrx_word' id='word_1_695' title='bbox 2012 3014 2144 3040; x_wconf 87' lang='lat' dir='ltr'><em>omnes</em></span> 
     </span>
    </p>
   </div>
   <div class='ocr_carea' id='block_1_10' title="bbox 59 3112 1061 3422">
    <p class='ocr_par' dir='ltr' id='par_1_12' title="bbox 59 3112 1061 3422">
     <span class='ocr_line' id='line_1_94' title="bbox 103 3112 1060 3166; baseline 0.007 -20"><span class='ocrx_word' id='word_1_696' title='bbox 103 3124 116 3138; x_wconf 86' lang='lat' dir='ltr'><em>c</em></span> <span class='ocrx_word' id='word_1_697' title='bbox 136 3114 214 3156; x_wconf 78' lang='lat' dir='ltr'><em>[Sic</em></span> <span class='ocrx_word' id='word_1_698' title='bbox 231 3112 328 3146; x_wconf 82' lang='lat' dir='ltr'><em>iidem</em></span> <span class='ocrx_word' id='word_1_699' title='bbox 346 3115 404 3149; x_wconf 81' lang='lat' dir='ltr'><em>illi.</em></span> <span class='ocrx_word' id='word_1_700' title='bbox 418 3115 536 3149; x_wconf 77' lang='lat' dir='ltr'><em>Caeteri</em></span> <span class='ocrx_word' id='word_1_701' title='bbox 554 3122 637 3156; x_wconf 78' lang='grc' dir='ltr'>ἦσαν.</span> <span class='ocrx_word' id='word_1_702' title='bbox 652 3122 680 3152; x_wconf 81' lang='grc' dir='ltr'><em>οἵ</em></span> <span class='ocrx_word' id='word_1_703' title='bbox 693 3121 742 3153; x_wconf 68' lang='grc' dir='ltr'><em>δύο</em></span> <span class='ocrx_word' id='word_1_704' title='bbox 758 3125 873 3165; x_wconf 53' lang='grc' dir='ltr'>ἄγρη..</span> <span class='ocrx_word' id='word_1_705' title='bbox 886 3123 1060 3166; x_wconf 66' lang='grc' dir='ltr'>ἀρχιερέων.</span> 
     </span>
     <span class='ocr_line' id='line_1_95' title="bbox 62 3168 757 3213; baseline 0.006 -15"><span class='ocrx_word' id='word_1_706' title='bbox 62 3170 95 3199; x_wconf 66' lang='lat'><em>03</em></span> <span class='ocrx_word' id='word_1_707' title='bbox 114 3171 171 3210; x_wconf 73' lang='grc' dir='ltr'>γὰρ</span> <span class='ocrx_word' id='word_1_708' title='bbox 195 3171 336 3201; x_wconf 52' lang='grc' dir='ltr'>αὐτοὺ...</span> <span class='ocrx_word' id='word_1_709' title='bbox 352 3171 431 3202; x_wconf 76' lang='grc' dir='ltr'>ἀλλὰ</span> <span class='ocrx_word' id='word_1_710' title='bbox 446 3174 464 3206; x_wconf 87' lang='grc' dir='ltr'>ἡ</span> <span class='ocrx_word' id='word_1_711' title='bbox 480 3175 533 3203; x_wconf 76' lang='grc' dir='ltr'><em>τοῦ</em></span> <span class='ocrx_word' id='word_1_712' title='bbox 547 3185 597 3204; x_wconf 75' lang='grc' dir='ltr'><em>πυ.</em></span> <span class='ocrx_word' id='word_1_713' title='bbox 615 3171 663 3213; x_wconf 85' lang='grc' dir='ltr'><em>χ.]</em></span> <span class='ocrx_word' id='word_1_714' title='bbox 748 3168 757 3171; x_wconf 62' lang='grc'><strong>’</strong></span> 
     </span>
     <span class='ocr_line' id='line_1_96' title="bbox 104 3217 1061 3266; baseline 0.011 -19"><span class='ocrx_word' id='word_1_715' title='bbox 104 3218 116 3236; x_wconf 76' lang='lat'><em>⁸¹</em></span> <span class='ocrx_word' id='word_1_716' title='bbox 131 3217 231 3249; x_wconf 78' lang='lat' dir='ltr'><em>Savil.</em></span> <span class='ocrx_word' id='word_1_717' title='bbox 250 3225 283 3249; x_wconf 83' lang='lat' dir='ltr'><em>et</em></span> <span class='ocrx_word' id='word_1_718' title='bbox 309 3229 390 3250; x_wconf 89' lang='lat' dir='ltr'><em>unus</em></span> <span class='ocrx_word' id='word_1_719' title='bbox 411 3219 526 3252; x_wconf 80' lang='lat' dir='ltr'><em>Codex</em></span> <span class='ocrx_word' id='word_1_720' title='bbox 543 3221 624 3263; x_wconf 79' lang='lat' dir='ltr'><em>[tres</em></span> <span class='ocrx_word' id='word_1_721' title='bbox 641 3223 678 3254; x_wconf 81' lang='lat' dir='ltr'><em>A.</em></span> <span class='ocrx_word' id='word_1_722' title='bbox 691 3222 728 3256; x_wconf 90' lang='lat' dir='ltr'><em>B.</em></span> <span class='ocrx_word' id='word_1_723' title='bbox 742 3221 796 3264; x_wconf 92' lang='lat' dir='ltr'><em>C.]</em></span> <span class='ocrx_word' id='word_1_724' title='bbox 813 3229 857 3266; x_wconf 78' lang='grc' dir='ltr'><em>μὴ</em></span> <span class='ocrx_word' id='word_1_725' title='bbox 883 3227 1061 3258; x_wconf 72' lang='grc' dir='ltr'>καταλελοι-</span> 
     </span>
     <span class='ocr_line' id='line_1_97' title="bbox 59 3270 768 3314; baseline 0.006 -13"><span class='ocrx_word' id='word_1_726' title='bbox 59 3274 145 3305; x_wconf 75' lang='grc' dir='ltr'>πότος</span> <span class='ocrx_word' id='word_1_727' title='bbox 170 3272 288 3310; x_wconf 70' lang='grc' dir='ltr'>αὐτούς,</span> <span class='ocrx_word' id='word_1_728' title='bbox 307 3270 433 3302; x_wconf 81' lang='lat' dir='ltr'><em>omissis</em></span> <span class='ocrx_word' id='word_1_729' title='bbox 455 3271 580 3314; x_wconf 48' lang='lat' dir='ltr'><em>verbm,</em></span> <span class='ocrx_word' id='word_1_730' title='bbox 599 3277 647 3306; x_wconf 73' lang='grc' dir='ltr'><em>καὶ</em></span> <span class='ocrx_word' id='word_1_731' title='bbox 670 3276 768 3312; x_wconf 72' lang='grc' dir='ltr'>δῆλον.</span> 
     </span>
     <span class='ocr_line' id='line_1_98' title="bbox 105 3319 828 3368; baseline 0.006 -15"><span class='ocrx_word' id='word_1_732' title='bbox 105 3325 116 3337; x_wconf 85' lang='grc'><em>·</em></span> <span class='ocrx_word' id='word_1_733' title='bbox 134 3320 144 3360; x_wconf 93' lang='grc'>[</span> <span class='ocrx_word' id='word_1_734' title='bbox 159 3324 216 3364; x_wconf 66' lang='grc' dir='ltr'><em>ὅρα</em></span> <span class='ocrx_word' id='word_1_735' title='bbox 231 3319 339 3352; x_wconf 82' lang='lat' dir='ltr'><em>caeteri</em></span> <span class='ocrx_word' id='word_1_736' title='bbox 351 3346 359 3361; x_wconf 88' lang='lat'><em>,</em></span> <span class='ocrx_word' id='word_1_737' title='bbox 377 3329 495 3363; x_wconf 80' lang='lat' dir='ltr'><em>praeter</em></span> <span class='ocrx_word' id='word_1_738' title='bbox 511 3324 553 3356; x_wconf 94' lang='lat' dir='ltr'><em>D.</em></span> <span class='ocrx_word' id='word_1_739' title='bbox 573 3331 606 3356; x_wconf 82' lang='lat' dir='ltr'><em>et</em></span> <span class='ocrx_word' id='word_1_740' title='bbox 622 3325 828 3368; x_wconf 86' lang='lat' dir='ltr'><em>Erasmum.]</em></span> 
     </span>
     <span class='ocr_line' id='line_1_99' title="bbox 138 3370 1061 3422; baseline 0.011 -22"><span class='ocrx_word' id='word_1_741' title='bbox 138 3370 265 3414; x_wconf 83' lang='lat' dir='ltr'><em>[Vulgo</em></span> <span class='ocrx_word' id='word_1_742' title='bbox 290 3377 386 3407; x_wconf 67' lang='grc' dir='ltr'>λοιπὸν</span> <span class='ocrx_word' id='word_1_743' title='bbox 405 3379 676 3414; x_wconf 67' lang='grc' dir='ltr'>καταπλήττεσθαι.</span> <span class='ocrx_word' id='word_1_744' title='bbox 696 3376 843 3409; x_wconf 83' lang='lat' dir='ltr'><em>Alterum</em></span> <span class='ocrx_word' id='word_1_745' title='bbox 867 3378 922 3417; x_wconf 63' lang='lat' dir='ltr'><em>D„</em></span> <span class='ocrx_word' id='word_1_746' title='bbox 941 3389 980 3410; x_wconf 82' lang='lat' dir='ltr'><em>ex</em></span> <span class='ocrx_word' id='word_1_747' title='bbox 996 3390 1061 3422; x_wconf 87' lang='lat' dir='ltr'><em>quo</em></span> 
     </span>
    </p>
   </div>
   <div class='ocr_carea' id='block_1_11' title="bbox 1128 3123 2139 3428">
    <p class='ocr_par' dir='ltr' id='par_1_13' title="bbox 1128 3123 2139 3219">
     <span class='ocr_line' id='line_1_100' title="bbox 1128 3123 2139 3172; baseline 0.009 -17"><span class='ocrx_word' id='word_1_748' title='bbox 1128 3123 1227 3155; x_wconf 77' lang='lat' dir='ltr'><em>etiam</em></span> <span class='ocrx_word' id='word_1_749' title='bbox 1255 3134 1333 3156; x_wconf 87' lang='lat' dir='ltr'><em>mox</em></span> <span class='ocrx_word' id='word_1_750' title='bbox 1364 3127 1481 3166; x_wconf 69' lang='grc' dir='ltr'>μᾶλλον</span> <span class='ocrx_word' id='word_1_751' title='bbox 1513 3127 1544 3157; x_wconf 79' lang='grc' dir='ltr'><em>δέ</em></span> <span class='ocrx_word' id='word_1_752' title='bbox 1571 3132 1648 3156; x_wconf 78' lang='lat' dir='ltr'><em>ante</em></span> <span class='ocrx_word' id='word_1_753' title='bbox 1678 3126 1869 3167; x_wconf 83' lang='lat' dir='ltr'><em>proximum</em></span> <span class='ocrx_word' id='word_1_754' title='bbox 1892 3133 1916 3161; x_wconf 80' lang='grc' dir='ltr'><em>εἰ</em></span> <span class='ocrx_word' id='word_1_755' title='bbox 1948 3128 2139 3172; x_wconf 76' lang='lat' dir='ltr'><em>adjecimus.</em></span> 
     </span>
     <span class='ocr_line' id='line_1_101' title="bbox 1129 3174 1655 3219; baseline 0.004 -13"><span class='ocrx_word' id='word_1_756' title='bbox 1129 3174 1221 3207; x_wconf 81' lang='lat' dir='ltr'><em>Infra</em></span> <span class='ocrx_word' id='word_1_757' title='bbox 1238 3175 1337 3207; x_wconf 77' lang='lat' dir='ltr'><em>iidem</em></span> <span class='ocrx_word' id='word_1_758' title='bbox 1355 3181 1412 3218; x_wconf 79' lang='grc' dir='ltr'>ἕσῳ</span> <span class='ocrx_word' id='word_1_759' title='bbox 1429 3178 1477 3209; x_wconf 73' lang='grc' dir='ltr'><em>οὖν</em></span> <span class='ocrx_word' id='word_1_760' title='bbox 1493 3187 1553 3218; x_wconf 82' lang='lat' dir='ltr'><em>pro</em></span> <span class='ocrx_word' id='word_1_761' title='bbox 1570 3177 1655 3219; x_wconf 74' lang='grc' dir='ltr'>ἕσῳ.]</span> 
     </span>
    </p>

    <p class='ocr_par' dir='ltr' id='par_1_14' title="bbox 1173 3226 1565 3269">
     <span class='ocr_line' id='line_1_102' title="bbox 1173 3226 1565 3269; baseline 0 -11"><span class='ocrx_word' id='word_1_762' title='bbox 1173 3236 1186 3258; x_wconf 79' lang='lat'>8</span> <span class='ocrx_word' id='word_1_763' title='bbox 1204 3226 1318 3258; x_wconf 75' lang='lat' dir='ltr'><em>Morel.</em></span> <span class='ocrx_word' id='word_1_764' title='bbox 1338 3232 1386 3261; x_wconf 80' lang='grc' dir='ltr'><em>ἐπὶ</em></span> <span class='ocrx_word' id='word_1_765' title='bbox 1402 3233 1435 3260; x_wconf 63' lang='grc' dir='ltr'>τὸ</span> <span class='ocrx_word' id='word_1_766' title='bbox 1459 3231 1565 3269; x_wconf 48' lang='grc' dir='ltr'>ὄνομα.</span> 
     </span>
    </p>

    <p class='ocr_par' dir='ltr' id='par_1_15' title="bbox 1128 3278 2139 3375">
     <span class='ocr_line' id='line_1_103' title="bbox 1173 3278 2139 3319; baseline 0.007 -9"><span class='ocrx_word' id='word_1_767' title='bbox 1173 3278 1189 3294; x_wconf 67' lang='grc'><em>*</em></span> <span class='ocrx_word' id='word_1_768' title='bbox 1206 3278 1397 3319; x_wconf 52' lang='lat' dir='ltr'><em>[notulam-cac</em></span> <span class='ocrx_word' id='word_1_769' title='bbox 1415 3279 1453 3309; x_wconf 85' lang='lat' dir='ltr'><em>A.</em></span> <span class='ocrx_word' id='word_1_770' title='bbox 1474 3278 1510 3310; x_wconf 91' lang='grc' dir='ltr'><em>Β.</em></span> <span class='ocrx_word' id='word_1_771' title='bbox 1533 3278 1570 3309; x_wconf 91' lang='lat' dir='ltr'><em>C.</em></span> <span class='ocrx_word' id='word_1_772' title='bbox 1591 3278 1632 3309; x_wconf 91' lang='lat' dir='ltr'><em>D.</em></span> <span class='ocrx_word' id='word_1_773' title='bbox 1663 3282 1846 3315; x_wconf 78' lang='grc' dir='ltr'>κολάσωνται</span> <span class='ocrx_word' id='word_1_774' title='bbox 1872 3281 1991 3314; x_wconf 82' lang='lat' dir='ltr'><em>Montf.</em></span> <span class='ocrx_word' id='word_1_775' title='bbox 2021 3290 2053 3315; x_wconf 85' lang='lat' dir='ltr'><em>et</em></span> <span class='ocrx_word' id='word_1_776' title='bbox 2078 3284 2139 3317; x_wconf 73' lang='lat' dir='ltr'><em>Sa-</em></span> 
     </span>
     <span class='ocr_line' id='line_1_104' title="bbox 1128 3328 1822 3375; baseline 0.006 -14"><span class='ocrx_word' id='word_1_777' title='bbox 1128 3328 1185 3363; x_wconf 83' lang='lat' dir='ltr'><em>vil.</em></span> <span class='ocrx_word' id='word_1_778' title='bbox 1205 3329 1297 3361; x_wconf 83' lang='lat' dir='ltr'><em>Infra</em></span> <span class='ocrx_word' id='word_1_779' title='bbox 1314 3331 1354 3361; x_wconf 83' lang='lat' dir='ltr'><em>D.</em></span> <span class='ocrx_word' id='word_1_780' title='bbox 1373 3333 1543 3375; x_wconf 62' lang='grc' dir='ltr'>πὶεηρῶςαι.</span> <span class='ocrx_word' id='word_1_781' title='bbox 1559 3329 1656 3372; x_wconf 80' lang='lat' dir='ltr'><em>Vulg.</em></span> <span class='ocrx_word' id='word_1_782' title='bbox 1676 3332 1822 3374; x_wconf 50' lang='lat' dir='ltr'><em>renna]</em></span> 
     </span>
    </p>

    <p class='ocr_par' dir='ltr' id='par_1_16' title="bbox 1172 3379 2136 3428">
     <span class='ocr_line' id='line_1_105' title="bbox 1172 3379 2136 3428; baseline 0.005 -15"><span class='ocrx_word' id='word_1_783' title='bbox 1172 3392 1186 3406; x_wconf 74' lang='lat'><em>¹¹</em></span> <span class='ocrx_word' id='word_1_784' title='bbox 1205 3382 1270 3416; x_wconf 88' lang='lat' dir='ltr'><em>Hic</em></span> <span class='ocrx_word' id='word_1_785' title='bbox 1287 3389 1320 3414; x_wconf 83' lang='lat' dir='ltr'><em>et</em></span> <span class='ocrx_word' id='word_1_786' title='bbox 1337 3381 1422 3414; x_wconf 83' lang='lat' dir='ltr'><em>infra</em></span> <span class='ocrx_word' id='word_1_787' title='bbox 1441 3380 1544 3414; x_wconf 79' lang='lat' dir='ltr'><em>multa</em></span> <span class='ocrx_word' id='word_1_788' title='bbox 1561 3379 1699 3415; x_wconf 83' lang='lat' dir='ltr'><em>deerant</em></span> <span class='ocrx_word' id='word_1_789' title='bbox 1717 3383 1748 3416; x_wconf 87' lang='lat' dir='ltr'><em>in</em></span> <span class='ocrx_word' id='word_1_790' title='bbox 1766 3383 1893 3425; x_wconf 54' lang='lat' dir='ltr'><em>Morel„</em></span> <span class='ocrx_word' id='word_1_791' title='bbox 1918 3397 1989 3428; x_wconf 86' lang='lat' dir='ltr'><em>quae</em></span> <span class='ocrx_word' id='word_1_792' title='bbox 2005 3398 2042 3419; x_wconf 80' lang='lat' dir='ltr'><em>ex</em></span> <span class='ocrx_word' id='word_1_793' title='bbox 2061 3388 2136 3420; x_wconf 59' lang='lat' dir='ltr'><em>les.</em></span> 
     </span>
    </p>
   </div>
  </div>
 </body>
</html>
