2502 3810
689 189 731 218 ΙΝ
769 188 883 218 ACTA

128 275 230 323 γ’ἧναι
247 275 306 310 τοῦ
325 271 469 310 Παύλου
493 270 554 317 τὴν
576 269 724 309 σύνεσιν.
750 270 795 308 Ὁ
814 273 966 308 τοσαῦτα
987 267 1147 321 μαχεσά-

129 349 229 383 μενος
247 333 325 384 περὶ
346 335 407 377 τῆς
424 334 628 383 περιτομῆς,
649 334 666 369 ὁ
685 331 800 368 πάντα
826 329 990 378 κινήσας,
1017 329 1076 367 καὶ
1098 327 1146 378 μὴ

127 393 293 446 πρότερον
312 391 478 440 ἀποστὰς,
499 390 562 433 ἕως
579 390 637 428 ὅτε
660 390 881 443 κατώρθωσε,
898 393 956 427 τοῦ
978 389 1149 439 δόγματος
1170 392 1193 421 Β

131 453 351 507 κυρωθέντος,
370 452 570 504 περιτέμνει
597 452 653 490 τὸν
679 451 849 502 μαθητήν.
880 452 932 488 Οὐ
949 450 1049 500 μόνον
1071 447 1150 486 ἑτέ-

131 529 208 565 ρους
224 516 260 550 οὐ
281 512 419 560 κωλύει,
440 512 530 551 ἀλλὰ
546 512 605 550 καὶ
626 513 725 554 αὐτὸς
740 514 841 549 τοῦτο
861 510 1053 563 ἐργάζεται.
1075 511 1150 547 Οὐ-

131 574 187 611 δὲν
207 574 351 612 Παύλου
381 571 628 625 συνετώτερον·
649 572 741 610 ὥστε
765 572 880 610 πάντα
899 570 985 622 πρὸς
1003 571 1043 608 τὸ
1061 586 1151 620 συμ-

132 634 235 687 φέρον
264 634 355 686 ἑώρα
372 650 379 657 ·
413 634 508 672 οὐδὲν
530 636 648 676 ἁπλῶς
678 632 786 671 ἐποίει
807 631 992 683 προλήψει.
1019 633 1151 668 Τοῦτον

131 696 302 743 ἠθέλησε,
323 695 449 748 φησὶν,
473 695 618 739 ἐξελθεῖν
643 693 704 731 σὺν
734 696 839 744 αὐτῷ.
873 692 925 730 Τὸ
954 691 1152 741 θαυμαστὸν

132 760 232 795 τοῦτο
246 787 255 803 ,
281 759 333 794 ὅτι
363 755 423 792 καὶ
446 755 597 805 ἐπήγετο
619 754 737 792 αὐτόν.
769 752 838 790 Διὰ
857 752 935 793 τοὺς
956 751 1152 795 Ἰουδαίους,

132 816 229 867 φησὶ,
248 815 326 858 τοὺς
344 816 444 859 ὄντας
462 817 496 852 ἐν
518 821 589 857 τοῖς
609 813 728 855 τόποις
744 811 897 854 ἐκείνοις.
919 809 1038 856 ἔἈὕτη
1055 813 1076 855 ἡ
1096 811 1154 846 αἰ-

133 877 190 914 τία
213 882 272 915 τοῦ
296 882 495 927 περιτεμεῖν
514 890 521 897 ·
542 876 580 912 οὐ
595 873 660 924 γὰρ
678 872 717 910 ἂν
737 871 927 922 ἠνέσχοντο
941 869 1037 921 παρὰ
1053 871 1157 920 ἀκρο-

134 937 261 975 ὃύστου
281 937 338 975 τὸν
368 935 468 986 λόγον
494 938 651 972 ἀκοῦσαι.
675 931 745 970 Καὶ
772 930 826 977 τί,
852 929 949 981 υΟρα
967 929 1006 966 τὸ
1028 928 1157 978 κατόρ-

135 1001 235 1047 θωμα
252 1013 259 1020 ·
290 995 516 1049 περιέτεμεν,
536 993 592 1030 ἵνα
623 990 815 1043 περιτομὴν
849 990 1001 1040 καθέλῃ·
1029 988 1073 1024 τὰ
1101 988 1158 1026 δό-

133 1072 253 1107 γματα
290 1056 357 1107 γὰρ
405 1054 571 1105 ἐκήρυττε
608 1052 652 1090 τὰ
691 1053 760 1088 τῶν
803 1049 1020 1088 ἀποστόλων.
1050 1047 1158 1100 εΟρᾷς

137 1117 276 1168 μάχην,
302 1115 361 1154 καὶ
387 1114 445 1152 διὰ
478 1114 594 1165 μάχης
626 1110 833 1161 οἰκοδομήνς
857 1112 910 1148 Οὐ
929 1111 1011 1161 παρ’
1032 1108 1157 1160 ἑτέρων

136 1175 404 1227 πολεμούμενοι,
415 1174 505 1211 ἀλλὰ
521 1173 580 1211 καὶ
603 1171 698 1210 αὐτοὶ
717 1170 857 1208 ἐναντία
872 1173 1061 1217 ποιοῦντες,
1071 1168 1159 1206 οὕτω

134 1235 198 1281 τὴν
224 1235 439 1281 Ἐκκλησίαν
468 1232 680 1285 ᾠκοδόμουν.
718 1231 843 1282 Δόγμα
875 1230 1077 1282 εἰσήνεγκαν
1109 1229 1158 1279 μὴ

139 1296 371 1349 περιτέμνειν,
392 1294 451 1333 καὶ
470 1292 683 1345 περιτέμνει.
716 1294 786 1330 Καὶ
808 1292 1043 1344 ἐπερίσσευον,
1063 1291 1162 1343 φησὶ,

138 1359 187 1407 τῷ
208 1358 345 1408 ἀριθμῷ
375 1358 450 1393 καθ’
481 1353 630 1405 ἡμέραν.
654 1346 753 1395 Εἶδες
779 1353 818 1390 τὸ
842 1351 962 1404 κέρδος
979 1354 1041 1397 τῆς
1062 1368 1163 1404 περι-

137 1420 270 1466 τομῆς;
314 1410 404 1454 Εἶτα
439 1415 559 1453 λοιπὸν
596 1416 656 1451 οὐκ
685 1412 895 1466 ἐνδιατρίδει
927 1412 1081 1460 τούτοις,
1104 1412 1164 1450 ἅτε

141 1477 394 1528 ἐπισκέψασθαι
411 1474 519 1513 ἐλθών
535 1490 542 1498 ·
561 1473 652 1512 ἀλλὰ
671 1473 704 1511 τί
720 1490 730 1521 ;
748 1474 878 1525 Πόῤῥω
897 1473 1065 1526 πρόεισιν.
1099 1472 1165 1514 ‘sse

143 1537 171 1551 &N

140 1552 175 1575 οε
207 1536 445 1591 διεπορεύοντο
477 1535 538 1578 τὰς
563 1534 699 1580 πόλεις,
732 1534 937 1585 παρεδίδουν
964 1535 1078 1576 αὐτοῖς
1098 1548 1165 1585 φυ-

140 1599 282 1636 λάσσειν
312 1597 357 1634 τὰ
377 1598 534 1648 δόγματα
561 1595 606 1632 τὰ
629 1594 818 1645 κεκριμένα
840 1593 908 1630 ὑπὸ
926 1597 995 1631 τῶν
1015 1594 1165 1632 ἀποστό-

141 1660 209 1694 λων
241 1658 300 1695 καὶ
328 1660 396 1694 τῶν
419 1655 662 1707 πρεσὸυτέρων
684 1657 751 1691 τῶν
786 1656 820 1691 ἐν
845 1654 1088 1705 Ἰερουσαλήμ.
1117 1656 1163 1692 Αἱ

145 1718 206 1764 μὲν
222 1711 279 1754 οὖν
298 1717 509 1762 Ἐκκλησίαι
536 1717 754 1767 ἐστερεοῦντο
770 1717 812 1764 τῇ
834 1714 962 1760 πίστει,
979 1714 1038 1752 καὶ
1054 1713 1161 1752 1Ἔπε-

147 1778 300 1830 ρίσσευον
322 1780 371 1829 τῷ
396 1779 532 1828 ἀριθμῷ
552 1777 628 1813 καθ’
648 1774 796 1829 ἡμέραν.
825 1774 1027 1818 Διελθόντες
1047 1774 1083 1813 δὲ
1099 1774 1161 1821 τὴν

145 1838 304 1890 Φρυγίαν
325 1837 385 1875 καὶ
404 1836 467 1882 τὴν
487 1836 687 1882 Γαλατικὴν
705 1836 823 1888 χώραν
842 1865 851 1883 ,
870 1835 1078 1878 κωλυθέντες
1097 1835 1163 1874 ὑπὸ

145 1902 202 1936 τοῦ
222 1898 319 1949 ἁγίου
340 1897 542 1948 Πνεύματος
565 1898 719 1942 λαλῆσαι
738 1898 794 1935 τὸν
814 1896 914 1947 λόγον
934 1898 968 1934 ἐν
986 1899 1029 1948 τῇ
1052 1895 1162 1950 Ἀσία,

144 1959 206 2005 τὴν
227 1958 386 2011 Φρυγίαν
414 1958 473 1996 καὶ
503 1957 564 2004 τὴν
598 1957 774 1995 Γαλατίαν
803 1957 996 2009 *ἀφέντεῃ
1036 1959 1083 2000 εἷς
1101 1956 1163 2003 τὴν

147 2019 332 2069 μεσόγαιον
364 2018 542 2057 ἔσπευδον.
591 2018 774 2062 Ἐλθόντες
804 2017 894 2056 κατὰ
927 2017 991 2064 τὴν
1025 2017 1165 2055 Μυσίαν

146 2079 324 2131 ἐπείραζον
342 2082 389 2122 εἰς
404 2079 466 2125 τὴν
484 2079 646 2116 Βιθυνίαν
661 2078 881 2130 πορεύεσθαι,
898 2078 957 2115 καὶ
974 2079 1036 2116 οὐκ
1052 2078 1166 2115 εἴασεν

147 2140 269 2183 αὐτοὺς
288 2141 326 2178 τὸ
346 2142 504 2190 Πνεῦμα.
534 2140 602 2177 Διὰ
629 2139 664 2177 τί
684 2139 745 2190 μὲν
768 2134 824 2178 οὖν
845 2139 1069 2186 ἐκωλύθησαν
1085 2167 1094 2183 ,
1129 2140 1166 2176 οὖ

146 2202 263 2254 λέγει·
284 2202 338 2240 ὅτι
357 2201 393 2238 δὲ
411 2200 633 2247 ἐκωλύθησαν
646 2230 656 2247 ,
679 2195 772 2247 εἰπε,
794 2199 966 2239 παιδεύων
982 2204 1076 2250 ἡμᾶς
1095 2199 1170 2237 πεί-

149 2266 267 2301 θεσθαι
288 2262 388 2312 μόνον
413 2262 472 2300 καὶ
500 2261 548 2311 μὴ
570 2263 683 2308 ζητεῖν
704 2260 765 2304 τὰς
783 2261 895 2304 αἰτίας
910 2291 918 2307 ,
949 2262 1008 2299 καὶ
1026 2260 1170 2306 δεικνὺς,

149 2323 200 2361 ὅτι
222 2322 335 2361 πολλὰ
363 2323 421 2361 καὶ
442 2322 665 2374 ἀνθρωπίνως
691 2321 843 2360 ἐποίουν.
875 2322 1115 2374 Παρελθόντες
1135 2321 1170 2359 δὲ

148 2384 212 2431 τὴν
232 2384 372 2423 Μυσίαν
398 2384 599 2431 κατέέησαν
626 2386 673 2427 εἰς
700 2383 866 2434 Τρωάδα.
892 2382 962 2422 Καὶ
980 2384 1097 2436 ὅραμα
1115 2382 1171 2421 διὰ

149 2449 211 2491 τῆς
243 2445 363 2489 νυκτὸς
392 2444 489 2497 ὤφθη
521 2447 570 2496 τῷ
588 2443 740 2496 Παύλῳ·
762 2444 849 2497 ἀνήρ
869 2460 920 2487 τις
937 2439 978 2491 ἦν
998 2443 1170 2482 Μακεδὼν

152 2505 271 2550 ἑστὼς,
289 2507 503 2558 παρακαλῶν
527 2505 628 2543 αὐτὸν
648 2506 706 2542 καὶ
722 2505 831 2556 λέγων
849 2521 856 2529 ·
884 2505 1006 2549 διαίὰς
1025 2507 1073 2548 εἰς
1087 2507 1169 2543 Μα-

152 2565 330 2612 κεδονίαν,
363 2565 530 2616 βοήθησον
558 2570 654 2616 ἡμῖν.
685 2565 752 2603 Διὰ
780 2566 813 2603 τί
832 2565 961 2618 ὅραμα,
989 2565 1047 2604 καὶ
1067 2566 1172 2616 μὴτὸ

155 2629 300 2676 Πνεῦμα
322 2627 361 2664 τὸ
389 2627 484 2676 ἅγιον
514 2626 716 2673 ἐκέλευσεν,
746 2626 934 2665 Ἐὂούλετο
963 2625 1082 2670 αὐτοὺς
1113 2626 1172 2664 καὶ

154 2687 261 2728 οὕτως
280 2687 484 2737 ἐφέλκεσθαι
500 2702 507 2709 ·
531 2686 606 2725 ἐπεὶ
631 2687 690 2724 καὶ
717 2691 788 2730 τοῖς
815 2687 924 2739 ἁγίοις
943 2688 1027 2738 ὄναρ
1051 2687 1171 2739 ἐφάνη,

156 2748 214 2785 καὶ
243 2747 276 2791 ἐξ
305 2750 414 2798 ἀρχῆς
439 2747 538 2790 αὐτὸς
567 2747 683 2798 ὅραμα
701 2741 812 2794 εἶδεν,
848 2748 955 2801 ἄνδρα
977 2747 1172 2786 εἰσελθόντα

157 2809 216 2846 καὶ
233 2807 394 2845 ἐπιθέντα
412 2809 505 2859 αὐτῷ
523 2814 655 2860 χεῖρας.
683 2801 774 2846 Εἶτα
792 2809 851 2846 καὶ
872 2809 929 2848 διὰ
950 2813 1052 2847 τοῦτο
1072 2809 1173 2846 αὐτὸν

160 2872 229 2907 ἐκεῖ
249 2868 343 2906 ἕλκει
361 2898 370 2915 ,
393 2867 449 2906 ἵνα
473 2868 669 2915 ἐκτείνηται
687 2870 727 2907 τὸ
756 2869 957 2922 ρκήρυγμα.
987 2869 1119 2912 Ἄλλως
1141 2869 1175 2908 δὲ

158 2929 216 2967 καὶ
244 2928 300 2966 διὰ
324 2931 424 2965 τοῦτο
449 2928 622 2966 κωλύεται
641 2930 857 2982 ἐνδιατρῖψαι
873 2936 949 2974 ταῖς
974 2930 1095 2972 ἄλλαις
1114 2929 1177 2967 πό-

158 2992 265 3035 λεσιν,
293 2988 486 3038 ἐπείγοντος
516 2990 616 3028 αὐτὸν
632 2995 692 3028 τοῦ
719 2992 885 3042 Χριστοῦ.
902 2986 1011 3029 Οῧτοι
1034 2992 1096 3042 μὲν
1111 2991 1179 3044 γὰρ

160 3050 303 3099 ἔμελλον
321 3048 578 3088 ἀπολαύσεσθαι
595 3050 756 3088 Ἰωάννου
774 3051 833 3089 καὶ
848 3051 971 3104 χρόνον
986 3051 1106 3099 πολὺν,
1121 3053 1180 3089 καὶ

161 3117 243 3159 ἴσως
257 3116 333 3154 οὐδὲ
347 3115 438 3154 ποίνυ
455 3117 605 3155 ἐδέοντο·
626 3120 696 3156 ἐκεῖ
711 3117 746 3157 δὲ
762 3120 923 3158 ἀπελθεῖν
941 3119 1019 3157 ἔδει.
1038 3119 1109 3157 Καὶ
1124 3120 1182 3157 οἰν-

206 3258 218 3271 ss
243 3247 338 3286 Hane,
359 3249 433 3284 αὕτη
456 3252 474 3285 ἡ
501 3253 582 3282 αἰτία
610 3254 661 3282 τοῦ
685 3258 872 3296 περιτεμεῖν,
892 3249 1012 3284 desunt
1035 3251 1068 3284 in
1090 3262 1171 3286 uno.

207 3302 223 3324 b
249 3304 442 3344 περιέσπων,
459 3300 504 3330 sic
521 3299 667 3341 quidam.

377 3367 470 3391 TOM.
490 3367 542 3390 lx.

918 184 1249 218 APOSTOLOMJM
1261 203 1270 213 .

1312 183 1472 213 HOMIL.
1507 183 1673 213 xxxiv.

2105 182 2164 227 29
2178 182 2188 208 ῐ

1217 265 1325 317 digna
1348 273 1399 303 cst
1421 264 1524 303 Pauli
1545 263 1747 317 prudentia.
1770 262 1840 309 Qui
1863 270 2042 314 tantopere
2061 274 2198 313 pugna-

1217 334 1316 364 verat
1339 333 1484 377 propter
1512 323 1827 372 circumcisionem,
1847 322 1907 373 qui
1929 320 2047 359 omnia
2073 334 2200 358 move-

1220 397 1285 435 rat,
1308 395 1341 424 et
1371 400 1440 424 non
1470 385 1571 437 prius
1594 385 1743 434 destitit,
1763 384 1873 422 donec
1905 397 1979 421 rem
2004 382 2202 435 perficeret,

1221 447 1427 485 confirmato
1449 446 1624 497 dogmate,
1637 444 1861 483 circumcidit
1875 443 2107 495 discipulum.
2121 444 2201 481 Non

1220 507 1327 545 modo
1343 507 1431 545 alios
1453 521 1523 544 non
1540 506 1698 555 cohibet,
1719 505 1779 544 sed
1794 506 1861 543 hoc
1882 505 2003 557 etipse
2022 504 2118 542 facit.
2140 504 2201 541 Ni-

1221 568 1275 605 hil
1291 567 1402 606 Paulo
1418 567 1629 619 prudentius
1647 582 1655 603 :
1670 567 1800 613 omnia,
1816 575 1855 604 ut
1873 566 2106 604 conducerent
2126 579 2202 618 spc-

1223 637 1331 677 omns,
1348 629 1439 666 nihil
1452 638 1582 666 temere
1600 637 1633 666 et
1648 643 1692 666 ex
1705 628 1935 680 praejudicata
1953 628 2118 680 opinione
2128 641 2204 678 age·

1221 688 1294 726 bat.
1318 691 1434 726 Hunc
1454 689 1597 735 voluit,
1618 688 1747 738 inquit,
1766 702 1895 726 secum
1909 688 2115 740 proficisci.
2131 688 2205 725 Hoc

1224 748 1387 785 mirabile
1405 757 1455 784 est
1475 747 1570 797 quod
1598 747 1803 784 assumserit
1827 762 1922 784 eum.
1943 750 2105 799 Propter
2127 748 2204 785 Ju-

1225 809 1341 855 daeos,
1358 806 1488 856 inquit,
1502 808 1693 858 quierant
1709 809 1751 843 in
1768 807 1849 844 illis
1867 808 1974 844 locis.
1997 808 2082 844 Haec
2101 821 2206 845 causa

1225 866 1501 904 circumcidendi
1515 866 1583 902 fuit
1599 881 1606 902 :
1621 880 1691 903 non
1705 866 1800 903 enim
1813 867 1974 904 tulissent
1989 868 2113 906 audire
2127 883 2208 906 ver-

1224 927 1312 963 bum
1339 927 1384 963 ab
1413 926 1672 964 incircumciso.
1694 926 1740 964 Et
1761 927 1854 963 cur?
1875 927 1969 966 Vide
1998 929 2209 979 praeclarum

1227 1001 1315 1039 opus
1338 1003 1346 1024 z
1366 987 1615 1037 circumcidit7
1647 996 1686 1024 ut
1716 988 2019 1028 circumcisionem
2043 988 2181 1026 tolleret
2203 1006 2210 1024 :

1227 1047 1394 1099 dogmata
1426 1048 1520 1085 enim
1560 1048 1778 1100 praedicabat
1805 1049 2055 1100 apostolorum.
2083 1049 2213 1088 Viden'

1226 1122 1400 1162 pugnam,
1419 1118 1451 1147 et
1481 1124 1544 1161 per
1569 1123 1727 1161 pugnam
1749 1110 2042 1149 aedificationem?
2059 1112 2136 1149 Non
2170 1111 2215 1149 ab

1228 1169 1307 1207 aliis
1329 1169 1650 1221 impugnabantur;
1667 1170 1728 1208 sed
1748 1171 1817 1223 ipsi
1839 1172 2011 1210 contraria
2033 1172 2213 1215 facientes,

1229 1230 1278 1268 ita
1299 1230 1498 1268 Ecclesiam
1516 1230 1756 1269 aedificabant.
1775 1233 1914 1284 Dogma
1935 1234 2128 1271 afferebant
2148 1247 2217 1271 non

1230 1290 1530 1340 circumcidendi,
1549 1301 1583 1329 et
1605 1292 1841 1331 circumcidit.
1864 1295 1918 1330 Et
1945 1295 2215 1337 abundabant,

1231 1350 1360 1402 inquit,
1375 1365 1532 1389 numero
1546 1354 1730 1405 quotidie.
1746 1353 1921 1392 Vidistin’
1939 1354 2128 1392 utilitatem
2148 1354 2218 1391 cir-

1233 1412 1484 1451 cumcisionis?
1504 1413 1642 1451 Deinde
1664 1428 1731 1451 non
1752 1423 1911 1452 moratur
1929 1415 1992 1463 ihi,
2010 1414 2141 1467 quippe
2159 1415 2220 1466 qui

1233 1472 1404 1513 visitandi
1427 1473 1540 1524 gratia
1569 1474 1720 1511 venisset
1732 1490 1743 1524 3
1763 1474 1825 1512 sed
1847 1475 1960 1525 quid?
1976 1476 2079 1513 Ultra
2101 1490 2223 1527 procc-

1233 1533 1298 1572 dit.
1320 1536 1357 1573 4.
1380 1536 1476 1573 Cum
1495 1543 1625 1573 autem
1636 1539 1918 1587 pertransirent
1932 1540 2121 1583 civitates,
2145 1546 2224 1575 lra-

1235 1597 1377 1633 debant
1405 1599 1458 1634 eis
1479 1598 1673 1634 custodire
1696 1598 1894 1649 dogmata,
1914 1613 1999 1651 quoe
2025 1607 2136 1637 erant
2160 1600 2224 1636 de-

1235 1664 1341 1692 creta
1366 1657 1415 1692 ab
1445 1657 1630 1706 apostolis
1648 1665 1685 1694 et
1710 1661 1937 1706 senioribus,
1958 1662 2025 1711 qui
2054 1668 2165 1697 erant
2183 1663 2224 1696 in

1236 1718 1470 1756 Jerusalem.
1487 1719 1521 1757 5.
1538 1722 1679 1771 Itaque
1692 1722 1880 1759 Ecclesiae
1891 1724 2226 1775 confirmabantur

1187 1785 1212 1814 D
1224 1778 1326 1831 fide,
1343 1787 1380 1815 et
1390 1780 1644 1817 abundabant
1660 1794 1818 1818 numero
1833 1784 2015 1833 quotidie.
2027 1785 2062 1821 6.
2082 1785 2224 1821 Trans-

1235 1847 1368 1877 euntes
1382 1848 1511 1877 autem
1530 1842 1752 1893 Phrygiam
1773 1850 1809 1879 et
1831 1843 2002 1880 Galatiae
2015 1847 2224 1901 regionem,

1233 1901 1420 1951 prohibiti
1430 1914 1454 1938 a
1463 1901 1606 1952 Spiritu
1617 1910 1752 1939 sancto
1764 1903 1871 1954 loqui
1882 1906 2046 1942 verbum
2061 1908 2100 1943 in
2108 1906 2223 1951 Asia,

1235 1962 1272 1999 6.
1290 1961 1427 1998 relicta
1458 1963 1640 2013 Phrygia
1660 1971 1697 1999 et
1720 1963 1896 2010 Galatia,
1921 1967 1963 2001 in
1979 1967 2144 2004 mediam
2160 1980 2223 2004 re—

1236 2025 1389 2073 gionem
1416 2023 1672 2073 festinabant.
1688 2024 1723 2061 ’7.
1743 2025 1840 2062 Cum
1866 2028 2064 2064 venissent
2095 2036 2225 2065 autem

1239 2084 1281 2119 in
1310 2084 1500 2130 Mysiam,
1529 2086 1732 2122 tentabant
1763 2088 1818 2122 ire
1842 2088 1883 2122 in
1915 2089 2164 2136 Bithyniam,
2191 2097 2227 2125 et

1242 2156 1320 2179 non
1344 2145 1519 2193 permisit
1544 2157 1606 2181 eos
1623 2145 1798 2195 Spiritus.
1818 2147 1939 2193 Quare
1952 2148 2126 2199 prohibiti
2152 2150 2227 2186 sue-

1240 2213 1325 2241 runt
1345 2217 1415 2241 non
1438 2203 1541 2251 dicit,
1563 2204 1622 2242 sed
1645 2214 1783 2244 tantum
1804 2208 2005 2259 prohibitos
2027 2209 2147 2260 fuisse,
2166 2224 2228 2247 nos

1242 2263 1370 2302 docens
1389 2273 1431 2302 ut
1449 2265 1566 2302 solum
1585 2266 1880 2318 obtemperemUS‚
1895 2283 1957 2307 nec
1976 2283 2098 2308 causas
2111 2270 2228 2321 inqui-

1242 2341 1362 2364 ramus
1369 2342 1379 2375 3
1395 2327 1649 2378 ostendensque
1669 2327 1749 2366 illos
1767 2330 1877 2367 multa
1892 2331 2049 2369 humano
2069 2346 2165 2369 more
2181 2334 2228 2369 fe-

1243 2387 1343 2426 cisse.
1369 2387 1405 2426 8.
1430 2389 1527 2426 Cum
1552 2398 1682 2426 aulem
1707 2394 2007 2442 pertransissent
2035 2395 2225 2441 Mysiam,

1244 2450 1523 2487 descenderunt
1543 2451 1744 2488 Troadem.
1764 2452 1801 2490 9.
1818 2454 1873 2490 Et
1888 2456 1989 2491 visio
1997 2468 2066 2506 per
2081 2464 2230 2492 noctem

1244 2511 1374 2548 Paulo
1402 2519 1557 2548 ostensa
1578 2519 1635 2548 est
1655 2527 1666 2547 :
1691 2513 1760 2550 Vir
1779 2515 1938 2565 quidam
1960 2524 2043 2552 erat
2064 2517 2229 2553 Macedo

1243 2579 1366 2624 εταης,
1389 2571 1599 2622 deprecans
1620 2585 1705 2609 eum
1733 2581 1769 2609 et
1793 2574 1937 2620 dicens,
1962 2576 2169 2613 Transiens
2188 2579 2230 2613 in

1245 2632 1536 2678 ,Macedonicam
1551 2632 1697 2683 adjuva
1715 2646 1794 2670 nos.
1810 2633 1883 2670 Cur
1899 2633 2003 2683 visio,
2021 2644 2054 2672 et
2069 2650 2132 2673 cur
2147 2636 2230 2688 Spi-

1243 2693 1334 2731 ritus
1354 2701 1493 2730 sanctus
1507 2691 1582 2744 ipse
1598 2706 1665 2730 non
1675 2693 1805 2744 jussit?
1819 2695 1974 2733 Volebat
1992 2710 2050 2734 eos
2064 2696 2131 2734 hoc
2145 2712 2231 2748 quo-

1246 2768 1314 2804 que
1329 2752 1434 2790 modo
1452 2753 1639 2791 attrahere.
1658 2753 1801 2791 Etenim
1817 2755 1945 2793 sanctis
1965 2770 2104 2808 quoque
2121 2758 2230 2797 visio-

1247 2829 1308 2853 nes
1329 2829 1393 2867 per
1422 2814 1600 2852 somnium
1631 2825 1871 2867 apparuerunt
1891 2832 1899 2852 z
1921 2825 1954 2854 et
1973 2817 2074 2856 initio
2094 2833 2233 2870 quoque

1249 2876 1324 2928 ipse
1342 2874 1513 2913 visionem
1529 2875 1654 2913 hahuit
1668 2876 1823 2914 hominis
1836 2877 2065 2929 ingredientis
2075 2889 2108 2918 et
2121 2880 2234 2933 impo-

1250 2936 1364 2974 nentis
1388 2936 1456 2973 sihi
1481 2951 1620 2974 manus.
1643 2937 1782 2978 Deinde
1799 2937 1877 2976 ideo
1896 2938 2014 2990 ipsum
2030 2940 2092 2978 illo
2109 2942 2232 2992 trahit,

1252 3007 1291 3035 ut
1310 2997 1514 3049 praedicatio
1524 2997 1782 3036 extenderetur.
1804 2999 1970 3049 Alioquin
1990 3015 2074 3038 vcro
2092 3011 2236 3053 propter

1194 3093 1242 3118 26¹4
1253 3059 1320 3095 hoc
1339 3057 1550 3110 prohibetur
1563 3059 1693 3096 morari
1712 3059 1747 3096 in
1767 3059 1847 3097 aliis
1863 3059 2078 3110 civitatibus,
2095 3062 2236 3101 Christo

1206 3131 1232 3160 A
1256 3119 1374 3171 ipsum
1398 3130 1553 3172 urgente.
1576 3120 1621 3157 Hi
1643 3134 1793 3172 namque
1817 3122 1951 3160 Joanne
1972 3123 2115 3162 fruituri
2139 3134 2238 3163 erant

1178 1051 1202 1082 C

1282 3251 1297 3267 *
1324 3252 1335 3293 [
1351 3255 1565 3289 καταλιπόντες
1582 3252 1619 3284 Α.
1638 3253 1692 3293 Β.]

1280 3313 1292 3327 ⁴*
1317 3301 1410 3335 Idem
1430 3311 1577 3348 κήρυγμα.
1598 3308 1644 3337 διὸ.
1661 3309 1746 3338 τοῦτο
1765 3306 1893 3344 ἐκωλύθη
1911 3308 2107 3350 ἐνδιατρῖψαι.

2006 3363 2050 3398 ei

2243 254 2321 282 Pauli
2335 264 2405 292 pru—

2218 297 2328 325 denua.
