2502 3810
729 308 769 336 tx
810 308 949 337 EPIST-

92 390 201 425 ταῦτα
234 389 268 424 ἐν
298 387 410 438 χρόνῳ
450 390 597 440 βραχεῖ,
636 387 694 424 καὶ
724 389 766 425 δι’
795 390 872 427 ὁδοῦ
899 389 1017 442 ῥᾳδίας
1052 389 1110 426 καὶ

93 447 383 498 συντομωτάτης·
415 447 492 485 τότε
520 447 636 499 γνώσῃ
666 448 727 494 τὴν
759 448 893 500 σοφίαν,
921 449 1003 488 ὅταν
1024 449 1110 500 ἴδῃς,

93 508 110 546 ὃ
131 508 219 558 μήτε
242 508 382 558 ἄγγελοι
403 507 490 557 μήτε
508 509 717 560 ἀρχάγγελοι
737 509 878 559 ᾔδεσαν,
898 513 1000 546 τοῦτο
1019 508 1109 552 ἐξαί-

94 583 179 620 φνης
194 567 270 610 τοὺς
290 567 325 611 ἐξ
340 571 443 606 ἐθνῶν
468 569 711 618 μεμαθηκότας
727 569 782 606 διὰ
799 573 856 607 τοῧ
875 569 1004 614 Ἰησοῦ.
1028 568 1111 606 Δέον

94 623 151 667 οῧν
170 628 355 679 θαυμάζειν
381 631 483 667 αὐτοῦ
511 629 574 675 τὴν
594 630 729 682 σοφίαν,
749 630 808 667 καὶ
824 630 973 674 δοξάζειν
991 629 1110 667 αὐτόν·

94 688 136 727 σὺ
158 688 192 727 δὲ
214 689 293 740 περὶ
314 689 422 740 μικρὰ
443 690 570 741 στρέφῃ
585 719 594 736 ,
615 694 657 741 τῇ
679 697 761 741 σκιᾷ
779 689 1014 742 προσεδρεύων
1042 688 1111 726 ἔτι·

94 749 179 801 ὅπερ
205 752 242 787 οὗ
273 750 404 801 σφόδρα
432 750 505 788 ἐστὶ
529 750 736 794 δοξάζοντος.
766 750 810 788 eO
831 750 897 802 γὰρ
916 750 964 800 μὴ
979 752 1112 803 θαρρῶν

293 809 321 823 xx
369 814 389 821 ‹x-

96 812 188 861 αὐτῷ
204 841 213 857 ,
238 825 325 860 μηοε
347 826 389 861 τῃ
405 809 521 848 πίστει
540 810 713 853 πεποιθὼς
727 841 736 857 ,
756 812 793 848 οὐ
807 816 973 863 μαρτυρεῖ
987 813 1037 860 τῷ
1055 825 1115 859 με-

94 871 187 921 γέθει
216 874 285 908 τῶν
305 870 510 921 γενομένων.
548 870 638 908 Ἀλλ’
668 871 768 913 αὐτὸς
785 871 847 917 τὴν
867 870 955 922 ὑπὲρ
976 870 1114 908 ἐκείνων

96 931 195 975 δόξαν
214 931 391 982 ἀνήνεγκε,
406 930 585 974 κάκείνους
600 933 647 973 εἷς
661 931 718 968 τὸν
736 931 837 968 αὐτὸν
854 933 954 976 ζῆλον
971 930 1114 982 ἐνοίγων.

94 990 208 1029 ”Οταν
228 991 263 1029 δὲ
283 991 433 1041 ἀκούσῃς
452 992 555 1028 αὐτοῦ
574 990 750 1041 λέγοντος,
776 990 882 1041 Μόνῳ
903 993 996 1042 σοφῷ
1018 992 1114 1040 Θεῷ,

98 1051 146 1102 μὴ
166 1051 250 1102 πρὸς
267 1051 428 1096 ἀθέτησιν
446 1056 505 1088 τοῦ
523 1051 608 1087 Υἱοῦ
628 1049 744 1099 νόμιζε
762 1054 861 1087 τοῦτο
878 1049 1050 1098 λέγεσθαι.
1073 1051 1117 1086 Εἰ

96 1112 163 1163 γὰρ
184 1111 322 1148 ἅπαντα
341 1115 471 1156 ταῦτα,
496 1110 553 1161 ἀφ’
572 1105 620 1147 ὧν
640 1113 662 1156 ἡ
683 1109 786 1161 σοφία
806 1112 908 1147 αὐτοῦ
930 1108 1117 1157 δείκνυται,

98 1171 156 1210 διὰ
174 1172 327 1223 Χριστοῦ
346 1170 462 1222 γέγονε
474 1201 483 1217 ,
504 1170 562 1207 καὶ
581 1170 689 1223 χωρὶς
705 1173 807 1208 αὐτοῦ
826 1169 901 1208 οὐδὲ
919 1170 952 1207 ἓν
968 1170 1118 1220 γέγονεν,

97 1230 240 1277 εὔδηλον
260 1229 312 1268 ὅτι
331 1231 389 1267 καὶ
408 1230 452 1268 τὰ
473 1232 534 1275 τῆς
552 1230 673 1282 σοφίας
692 1230 763 1267 ἴσα.
801 1230 904 1273 Τίνος
926 1224 983 1268 οῧν
1004 1229 1118 1268 ἕνεκεν

98 1291 192 1343 μόνῳ
212 1291 327 1343 εἴρηκε
343 1307 352 1338 ;
370 1291 464 1344 Πρὸς
487 1291 751 1337 ἀντιδιαστολὴν
783 1293 846 1337 τῆς
867 1291 1011 1334 κτίσεως
1029 1291 1120 1329 ἁπά-

98 1369 173 1399 σης.
194 1351 357 1395 Ἄποδοὺς
387 1352 500 1389 τοίνυν
521 1351 582 1398 τὴν
611 1351 820 1403 δοξολογίαν,
845 1353 950 1391 πάλιν
975 1353 1044 1391 ἀπὸ
1060 1356 1120 1398 τῆς

99 1416 203 1464 εὐχῆς
232 1413 289 1450 ἐπὶ
308 1412 513 1465 παραίνεσιν
536 1419 661 1464 χωρεῖ,
680 1414 765 1464 πρὸς
784 1413 861 1456 τοὺς
881 1413 1122 1466 ἰσχυροτέρους

98 1474 234 1525 τρέπων
262 1473 318 1510 τὸν
343 1472 456 1524 λόγον,
489 1473 547 1510 καὶ
569 1472 678 1524 λέγων
700 1473 825 1517 οὕτως·
857 1474 1064 1526 Ὀφείλομεν
1086 1473 1122 1512 δὲ

97 1537 198 1584 ἡμεῖς
213 1535 243 1570 οἱ
261 1533 412 1571 δυνατοί.
437 1533 659 1585 Ὀφείλομεν,
675 1535 712 1571 οὐ
726 1534 953 1587 χαριζόμεθα.
969 1533 1123 1586 Τί-ὂφεί-

98 1597 204 1644 λομεν
223 1608 232 1639 ;
253 1592 310 1630 Τὰ
331 1593 556 1644 ἀσθενήματα
572 1598 640 1632 τῶν
659 1595 837 1633 ἀδυνάτων
857 1595 1052 1645 βαστάζειν.

155 2024 255 2073 Εἶδες
282 2032 356 2073 πῶς
381 2031 506 2082 ἐτι-’ἦρεν
527 2029 649 2073 αὐτοὺς
667 2037 736 2074 τοῖς
755 2030 940 2081 ἐγκωμίοις
952 2061 961 2078 ,
980 2031 1056 2083 οὐχὶ
1076 2034 1125 2083 τῷ

103 2089 265 2134 δυνατοὺς
283 2090 383 2141 μόνον
400 2093 524 2138 εἰπεῖν,
547 2091 637 2129 ἀλλὰ
653 2091 712 2130 καὶ
727 2094 776 2143 τῷ
799 2094 873 2142 μεθ’
889 2094 1009 2130 ἑαυτοῦ
1025 2092 1126 2136 τάξαι

100 2151 270 2198 ἐκείνους;
290 2153 343 2189 Οὐ
358 2150 466 2202 ταύτῃ
487 2151 522 2190 δὲ
546 2151 663 2202 μόνον,
684 2152 774 2190 ἀλλὰ
795 2153 854 2190 καὶ
876 2155 924 2204 τῷ
958 2154 1125 2206 χρησίμῳ

101 2213 206 2250 πάλιν
230 2211 352 2254 αὐτοὺς
367 2214 578 2260 ἐπισπᾶται,
598 2212 657 2251 καὶ
677 2216 899 2266 ἀνεπαχθῶς·
921 2213 961 2251 σὺ
982 2214 1043 2264 μὲν
1060 2214 1125 2267 γὰρ

101 2273 242 2316 δυνατὸς
271 2266 322 2320 εἷ,
356 2272 458 2324 φησὶ,
490 2273 549 2310 καὶ
579 2274 802 2312 καταέαίνων
836 2274 931 2313 οὐδὲν
966 2276 1124 2327 βλάπτῃ·

100 2333 219 2386 ἐκείνῳ
234 2332 270 2371 δὲ
289 2333 368 2384 περὶ
382 2335 450 2370 τῶν
471 2333 629 2384 ἐσχάτων
647 2338 665 2372 ὁ
684 2335 856 2383 κίνδυνος,
879 2335 918 2372 ἂν
940 2335 988 2387 μὴ
1004 2337 1126 2374 διαδα-

101 2395 284 2441 στοίζηται.
309 2394 378 2432 Καὶ
408 2397 468 2432 οὐκ
497 2389 592 2442 εἷπε,
622 2395 701 2439 τοὺς
729 2400 902 2442 ἀσθενεῖς,
934 2397 1044 2446 ἀλλὰ,
1069 2398 1127 2437 Τὰ

101 2455 327 2506 ἀσθενήματα
344 2458 412 2493 τῶν
434 2455 622 2503 ἀδυνάτων,
649 2458 697 2500 εἰς
722 2456 815 2496 ἔλεον
838 2460 950 2496 αὖτῶν
967 2459 1128 2497 ἐπισπώ-

104 2531 204 2565 μενος
227 2515 285 2553 ml
311 2517 526 2553 aemxakffiv·
541 2518 587 2559 ὡς
606 2516 665 2554 καὶ
685 2519 840 2569 ἀλλαχοῦ
873 2534 990 2570 φησιν,
1007 2518 1128 2570 Ὑμεῖς

102 2579 134 2613 οἱ
159 2575 387 2626 πνευματικοὶ
409 2575 633 2628 καταρτίζετε
650 2578 708 2615 τὸν
724 2583 887 2616 τοιοῦτον.
908 2579 1058 2622 Δυνατὸς
1071 2580 1127 2630 γέ-

103 2652 226 2687 γονας,
244 2635 385 2679 Ἀπόδος
403 2639 453 2687 τῷ
470 2637 552 2687 Θεῷ
567 2636 629 2683 τὴν
651 2638 800 2687 &pote-hv
820 2641 869 2689 τῷ
886 2639 1071 2685 ποιήσαντί
1088 2657 1126 2678 σε

103 2701 272 2735 τοιοῦτον·
290 2695 479 2738 ἀποδώσεις
502 2696 558 2744 δὲ,
577 2696 640 2744 τὴν
663 2698 838 2736 ἀσθένειαν
857 2703 918 2737 τοῦ
947 2700 1124 2751 ἀρρώστου

104 2756 354 2809 διορθούμενος.
385 2755 455 2794 Καὶ
475 2756 542 2808 γὰρ
567 2757 624 2795 καὶ
644 2762 745 2808 ἡμεῖς
762 2761 913 2802 ἀσθενεῖς
931 2754 1031 2809 ἦμεν,
1051 2761 1126 2798 ἀλλ’

104 2819 171 2856 ὑπὸ
189 2821 251 2864 τῆς
267 2816 410 2870 χάριτος
429 2816 614 2868 ἐγενόμεθα
644 2819 791 2857 δυνατοί.
807 2820 918 2858 Τοῦτο
937 2819 972 2857 δὲ
992 2822 1053 2857 οὐκ
1075 2822 1125 2858 ἐν-

103 2882 214 2917 ταῦθα
234 2879 284 2915 δεῖ
300 2878 401 2928 μόνον
418 2883 542 2925 ποιεῖν,
558 2877 649 2916 ἀλλὰ
664 2878 723 2916 καὶ
738 2879 794 2917 ἐπὶ
813 2882 880 2917 τῶν
896 2879 1008 2923 ἄλλως
1026 2882 1125 2918 ἀσθε-

102 2939 267 2978 νούντων·
289 2932 357 2976 οἷον
395 2938 434 2976 ἂν
464 2938 655 2990 ἀκρόχολός
696 2955 749 2982 τις
780 2934 826 2991 ᾗ,
857 2939 897 2977 ἂν
937 2940 1123 2992 ὓὸριστὴς,

104 2999 143 3037 ἂν
179 2999 264 3038 ἄλλο
292 3015 325 3037 τι
358 2997 447 3050 ἔχων
481 3004 634 3037 τοιοῦτον
671 3000 856 3050 ἐλάττωμα
869 3029 878 3046 ,
905 3000 1126 3046 &taedente

102 3062 187 3104 Πῶς
221 3058 258 3098 δὲ
291 3061 392 3097 τοῦτο
427 3059 551 3110 γένοιτ’
576 3059 636 3108 ἂν,
669 3060 814 3099 ἄκουσον
850 3064 917 3099 τῶν
946 3061 1032 3108 ἑξῆς.
1068 3064 1128 3099 1ἰῖ-

103 3119 179 3158 πὼν
207 3119 292 3173 γὰρ,
308 3119 518 3171 Ὀφείλομεν
541 3120 736 3171 βαστάζειν,
774 3122 928 3173 ἐπήγαγε
943 3151 954 3171 ,
978 3123 1049 3160 Καὶ
1079 3122 1127 3173 μὴ

105 3181 238 3223 ἑαυτοῖς
271 3179 441 3231 ἀρέσκειν.
462 3180 639 3225 ἽΞκαστος
672 3185 767 3232 ὑμῶν
791 3184 840 3233 τῷ
872 3181 1019 3228 πλησίον
1052 3184 1130 3234 ἀρε-

107 3245 221 3284 σκέτω
242 3248 288 3289 εἷς
316 3246 355 3284 τὸ
383 3246 522 3297 ἀγαθὸν,
542 3248 626 3299 πρὸς
660 3248 860 3299 οἰκοδομήν.
894 3247 943 3286 Ὃ
964 3248 998 3287 δὲ
1018 3249 1131 3299 λέγει,

112 3311 212 3350 τοῦτό
228 3314 301 3350 ἐστι
313 3327 320 3334 ·
338 3312 480 3356 δυνατὸς
492 3306 538 3359 εἷς
556 3314 777 3364 Λαμὸανέτω
790 3330 848 3353 σου
860 3320 982 3366 πεῖραν
998 3317 1059 3361 τῆς
1076 3317 1130 3353 δυ’

159 3444 170 3457 ²
189 3433 198 3477 {
214 3434 354 3467 Savilius
375 3442 407 3466 et
430 3437 466 3469 A.
487 3438 639 3478 enaim]

302 3500 398 3526 ΤοΜ.
432 3502 483 3525 lx.

991 308 1048 336 AD
1086 308 1191 337 ROM.

1232 308 1385 338 HOMIL.
1426 310 1568 340 xxvlt.

2069 318 2151 361 7(Ῐῖ

1180 389 1239 438 rit,
1262 398 1329 426 eta
1346 391 1510 441 praesenti
1529 391 1602 430 vita
1628 391 1790 444 delapsos
1813 393 1847 429 in
1870 402 2032 431 :eternam
2056 395 2156 432 illam

1180 457 1212 486 ct
1232 449 1447 488 ineffabilem
1462 452 1690 501 transtulerit,
1705 461 1737 490 et
1752 467 1771 490 a
1785 453 2004 492 daemonibus
2019 457 2160 494 concul-

1134 515 1157 543 E
1181 518 1274 547 catos
1303 511 1437 561 angelis
1456 512 1607 562 aespiales
1638 513 1773 560 fecerit,
1800 524 1833 552 et
1855 515 2061 566 paradisum
2086 517 2159 554 illis

1180 571 1371 621 aperuerit,
1394 572 1579 623 omniaque
1598 582 1715 611 vetera
1738 575 1830 612 mala
1848 576 2010 626 solverit,
2032 586 2065 614 et
2083 578 2160 615 haec

1180 629 1279 668 brevi
1313 640 1482 682 tempore,
1500 647 1633 684 perque
1653 634 1791 672 facilem
1821 646 1854 673 et
1875 638 2160 688 compendiosam

1181 689 1297 727 viam:
1318 699 1402 728 tnnc
1422 693 1629 743 sapientiam
1644 708 1842 744 cognosces,
1858 710 1939 733 cum
1954 697 2096 735 videbis
2111 698 2160 735 il-

1182 749 1257 798 lud,
1269 751 1365 801 quod
1381 766 1490 803 neque
1515 754 1646 804 angeli,
1660 769 1770 804 neque
1781 756 1980 807 archangeli
1992 758 2161 805 sciebant,

1183 812 1330 861 gentiles
1344 812 1532 864 derepente
1554 828 1618 865 per
1633 816 1753 853 Jesum
1772 816 1913 855 edoctos
1928 819 2047 856 fuisse.
2071 820 2163 857 Cum

1183 885 1266 922 ergo
1292 883 1467 924 oporteret
1485 875 1560 925 ejus
1587 875 1711 912 mirari
1737 877 1956 928 sapientiam,
1978 879 2163 931 ipsumque

1185 932 1382 983 glorificare
1391 950 1402 983 3
1436 944 1474 972 tu
1503 936 1595 973 circa
1623 936 1752 987 exigua
1782 940 1952 986 versaris,
1983 940 2099 978 adhuc
2127 942 2164 979 in

1185 994 1313 1031 umbra
1334 995 1471 1044 sedens,
1488 995 1584 1046 quod
1601 1010 1670 1033 non
1691 997 1798 1035 valde
1817 1009 1868 1036 est
1887 1000 2070 1038 Christum
2090 1002 2166 1052 glo-

1130 1085 1176 1109 720
1186 1055 1371 1092 rificantis.
1392 1055 1465 1103 Qui
1480 1057 1574 1093 enim
1591 1057 1644 1094 illi
1664 1072 1733 1096 non
1748 1058 1843 1108 fidit,
1858 1074 1918 1097 nec
1938 1061 2008 1098 fide
2026 1076 2168 1112 persua-

1142 1123 1167 1150 A
1187 1129 1246 1152 sus
1272 1124 1342 1164 est,
1366 1116 1442 1166 ejus
1479 1130 1627 1167 opernm
1658 1118 1896 1168 magnitudini
1927 1121 2169 1158 testimonium

1187 1188 1256 1211 non
1285 1175 1430 1226 praebet.
1446 1177 1583 1215 Verum
1603 1191 1668 1229 pro
1696 1178 1769 1215 illis
1799 1178 1948 1229 gloriam
1978 1180 2047 1232 ipsi
2067 1182 2171 1218 refert

1187 1236 1333 1285 Paulus,
1347 1236 1499 1288 illosque
1520 1238 1567 1276 ad
1584 1238 1680 1276 idem
1696 1239 1857 1277 studium
1876 1251 2059 1292 provocat.
2080 1244 2173 1280 Cum

1187 1311 1271 1335 vero
1286 1296 1390 1334 audis
1405 1297 1509 1335 illum
1526 1298 1717 1347 die-entem,
1733 1301 1815 1338 Soli
1828 1304 1993 1352 sapienti
2013 1304 2109 1351 Deo,
2130 1317 2173 1340 ne
2195 1297 2197 1299 ¹

1188 1367 1292 1409 putes
1314 1358 1382 1396 hoc
1404 1359 1476 1396 dici
1502 1360 1548 1396 ad
1572 1369 1789 1398 contemtum
1808 1362 1907 1399 Filii.
1927 1363 1966 1401 Si
1984 1363 2078 1401 enim
2099 1364 2173 1402 haec

1191 1418 1321 1467 omnia,
1349 1434 1413 1471 per
1441 1434 1519 1470 quae
1560 1421 1729 1472 sapientia
1765 1423 1841 1473 ejus
1871 1423 2082 1473 ostenditur,
2111 1439 2174 1476 per

1192 1480 1374 1519 Christum
1390 1482 1480 1520 facta
1495 1491 1590 1530 sunt,
1605 1491 1638 1519 et
1655 1482 1728 1520 sine
1745 1483 1823 1535 ipso
1838 1484 1970 1522 factum
1991 1494 2042 1523 est
2061 1487 2172 1524 nihil:

1190 1541 1310 1593 palam
1338 1550 1390 1579 est
1407 1555 1461 1591 ea,
1485 1555 1563 1592 quae
1582 1541 1627 1579 ad
1658 1543 1867 1594 sapientiam
1886 1555 2054 1596 spectant,
2074 1546 2175 1598 paria

1192 1615 1277 1640 esse.
1298 1603 1371 1639 Cur
1384 1616 1478 1653 ergo,
1499 1603 1593 1652 Soli,
1615 1602 1735 1641 dixit?
1757 1603 1815 1641 Ad
1838 1603 2075 1643 differentiam
2098 1607 2175 1643 uni-

1193 1678 1301 1702 versae
1320 1673 1499 1702 creaturae.
1519 1664 1671 1702 Reddita
1688 1665 1797 1716 igitur
1813 1666 2078 1718 glorificatione,
2097 1683 2177 1706 rur-

1194 1739 1254 1763 sus
1271 1739 1290 1762 a
1309 1724 1507 1776 precatione
1531 1725 1565 1762 in
1586 1725 1868 1764 adhortationem
1901 1728 2011 1774 venit,
2030 1728 2075 1766 ad
2101 1730 2174 1766 for-

1195 1785 1300 1823 tiores
1325 1799 1520 1823 sermonem
1537 1795 1755 1836 convertens,
1771 1801 1810 1824 ac
1833 1787 1953 1826 dicens
1969 1804 1976 1824 :
1994 1791 2030 1827 1.
2051 1790 2175 1828 Debe-
2190 1802 2262 1831 Cap,
2283 1813 2331 1830 xv.

1195 1861 1279 1884 mus
1295 1855 1424 1884 autem
1441 1860 1523 1896 nos,
1547 1850 1613 1898 qui
1626 1856 1801 1898 potentes
1821 1861 1962 1886 sumus.
1980 1850 2173 1900 Debemus,

1195 1922 1262 1946 non
1283 1907 1537 1959 gratificamur.
1556 1907 1655 1954 Quid
1676 1907 1870 1946 dehemus?
1886 1911 2176 1949 [inbecillitates

1194 1971 1436 2022 infirmorum
1450 1972 1546 2008 susti
1549 1984 1647 2007 nere.

1248 2034 1284 2068 222.
1307 2029 1437 2070 Viden'
1461 2030 1638 2080 quomodo
1657 2030 1737 2069 illos
1757 2031 1925 2069 encomiis
1952 2032 2087 2080 efferat,
2107 2047 2176 2071 non

1195 2092 1309 2129 solum
1325 2091 1422 2142 quod
1442 2100 1600 2143 potentes
1619 2100 1736 2141 vocet,
1759 2091 1822 2129 sed
1845 2093 1944 2142 quod
1959 2093 2038 2130 illos
2058 2108 2177 2132 secum

1195 2153 1350 2191 statuat?
1370 2154 1493 2203 Neque
1515 2152 1583 2190 hoc
1599 2153 1714 2190 solum
1733 2153 1854 2203 modo,
1882 2155 1944 2192 sed
1963 2169 2008 2192 ex
2028 2154 2178 2192 utilitate

1195 2216 1276 2253 illos
1295 2214 1418 2263 allicit,
1430 2223 1463 2252 et
1477 2214 1550 2252 sine
1566 2214 1683 2264 aliqua
1696 2214 1867 2252 molestia.
1881 2218 1938 2253 Tu
1952 2216 2046 2253 enim
2059 2225 2179 2267 potens

1194 2291 1243 2324 es,
1255 2275 1385 2326 inquit,
1402 2284 1435 2312 et
1448 2275 1477 2312 si
1493 2284 1526 2312 te
1535 2274 1714 2323 demittas,
1732 2274 1823 2312 nihil
1843 2275 1928 2313 hinc
1946 2276 2011 2312 tibi
2029 2276 2153 2313 damni
2171 2293 2177 2313 :

1195 2338 1256 2375 ille
1274 2350 1359 2375 vero
1373 2336 1417 2373 de
1437 2335 1603 2374 extremis
1616 2335 1849 2387 periclitatur,
1863 2336 1931 2374 nisi
1951 2345 2178 2374 sustentetur.

1196 2400 1320 2450 Neque
1337 2397 1446 2446 dixit,
1463 2397 1641 2446 Infirmos,
1656 2396 1729 2446 sed,
1754 2398 2046 2436 Imbecillitates
2066 2392 2182 2450 infir-

1198 2476 1360 2507 morum,
1385 2459 1431 2497 ad
1447 2458 1730 2497 misericordiam
1757 2459 1853 2511 ipsos
1871 2460 2050 2498 attrahens
2069 2470 2102 2499 et
2117 2460 2182 2498 ad-

1196 2536 1347 2561 vocans:
1362 2530 1401 2558 ut
1415 2520 1503 2558 alibi
1517 2519 1604 2557 dicit
1619 2535 1626 2555 :
1640 2521 1714 2556 Vos
1726 2521 1946 2570 spirituales
1959 2523 2183 2573 hujusmodi

1197 2585 1392 2621 hominem
1413 2583 1606 2619 instruite.
1620 2582 1746 2617 Potens
1765 2582 1878 2618 factus
1897 2581 1958 2618 es?
1973 2582 2095 2619 Redde
2109 2584 2180 2620 Deo

1197 2642 1410 2689 mercedem,
1439 2641 1501 2691 qui
1531 2649 1563 2677 te
1590 2640 1694 2677 talem
1725 2639 1964 2678 fecit2reddes
1995 2650 2126 2687 autem,
2151 2641 2181 2679 si

1197 2703 1321 2754 aegroti
1339 2701 1583 2740 infirmitatem
1603 2699 1854 2738 emendaveris.
1880 2702 1970 2738 Nam
1993 2710 2026 2737 et
2044 2714 2106 2738 nos
2122 2701 2179 2738 in-

1199 2764 1295 2802 firmi
1326 2776 1480 2808 eramus,
1512 2760 1572 2798 sed
1594 2775 1614 2798 a
1633 2761 1747 2812 gratia
1763 2770 1924 2823 potentes
1943 2761 2026 2798 facti
2046 2776 2180 2800 sumus.

1199 2827 1276 2863 Hoc
1294 2833 1413 2861 autem
1440 2835 1509 2859 non
1534 2822 1594 2859 hie
1625 2830 1764 2859 tantum
1796 2821 1999 2859 faciendum
2030 2832 2094 2870 est,
2122 2822 2183 2860 sed

1200 2887 1306 2924 etiam
1319 2898 1401 2935 erga
1417 2897 1488 2930 eos,
1503 2882 1565 2933 qui
1585 2882 1655 2919 alio
1670 2881 1778 2929 modo
1792 2882 2030 2920 infirmantur.
2048 2883 2184 2920 Exem-

1200 2948 1252 3000 pli
1275 2960 1396 2994 causa,
1428 2944 1455 2982 si
1489 2942 1680 2980 iracundus
1708 2943 1788 2993 quis
1818 2943 1924 2981 fuerit
1964 2952 2025 2980 aut
2058 2944 2181 2981 convi-

1202 3009 1323 3053 ciator,
1343 3015 1404 3044 aut
1424 3005 1453 3043 si
1474 3004 1592 3054 aliquo
1624 3003 1832 3054 hujusmodi
1863 3004 1952 3042 vitio
1977 3004 2128 3052 laboret,
2146 3003 2185 3041 id

1203 3069 1346 3108 sustine.
1370 3065 1556 3113 Quomodo
1573 3073 1689 3102 autem
1702 3064 1769 3101 hoc
1788 3065 1863 3111 fiat,
1885 3064 1971 3102 audi
1986 3065 2182 3114 sequentia.

1204 3132 1294 3169 Cum
1316 3129 1409 3167 enim
1429 3127 1592 3174 dixisset,
1614 3127 1806 3163 Debemus
1840 3128 2040 3170 sustinere,
2058 3125 2186 3178 adjun-

1203 3193 1272 3238 xit,
1290 3194 1325 3229 9.
1342 3191 1394 3227 Et
1408 3203 1485 3226 non
1503 3189 1610 3224 nobis
1637 3187 1803 3237 plaeere.
1830 3188 2102 3239 Unusquisque
2115 3202 2186 3225 ve-

1205 3262 1325 3291 strum
1348 3252 1522 3300 proximo
1543 3248 1700 3299 placeat
1721 3250 1762 3284 in
1789 3249 1929 3284 bonum
1945 3248 1998 3284 ad
2019 3248 2188 3300 aedifica-

1206 3318 1359 3353 tionem.
1378 3311 1422 3349 Id
1437 3319 1507 3348 est:
1522 3311 1649 3348 Potens
1669 3308 1730 3346 es?
1745 3307 2044 3361 Experimentum
2058 3317 2188 3361 poten-

1957 3487 1977 3523 Ut

1982 3488 2003 3522 4⁸-

2200 2535 2271 2561 Cal.
2286 2531 2314 2559 (ἶ.
2332 2541 2356 2559 1.
