2466 3805
689 249 730 279 IN
770 249 794 279 Α
800 248 884 278 CTA

142 334 280 372 ἀπιέναι
296 333 380 369 ἐκεῖ.
406 325 515 369 Οῧτοι
535 329 596 381 μὲν
616 330 683 383 γὰρ
707 330 795 381 μετὰ
815 329 975 380 σώματος
991 331 1052 368 οὐκ
1072 330 1161 366 ε’κω-

140 393 291 440 λύθησαν
311 393 368 430 τὸν
388 391 531 444 οὐρανὸν
552 393 655 428 οἰκεῖν
672 406 679 414 ·
700 393 822 429 ἐκεῖνοι
844 390 879 429 δὲ
899 389 1080 440 ἀσώματοι
1100 389 1160 426 ὄν-

139 471 194 497 τες
206 485 215 501 ,
232 456 293 491 οὒκ
308 453 526 500 ἠδυνήθησαν
546 457 660 502 μεῖναι
681 454 714 489 ἐν
732 454 876 504 οὐρανῷ.
895 451 1029 498 Μηδεὶς
1047 449 1159 488 τοίνυν

143 515 158 535 ²'
169 513 315 565 ἀλγείτω
331 513 418 564 μηδὲ
438 512 676 564 ἀγανακτείτω
690 513 774 564 πρὸς
789 512 852 559 τὴν
873 512 972 565 φύσιν
992 515 1038 554 ὥς
1051 512 1163 562 ἐμπο-

145 576 193 596 Nl?

142 591 312 621 οιςουσαν,
340 574 430 613 ἀλλὰ
455 575 540 626 πρὸς
570 574 632 621 τὴν
657 574 874 627 προαίρεσιν.
907 573 1006 611 Λέων
1034 575 1163 615 ἐκεῖνος

142 636 276 687 ἐγένετο
313 636 347 680 ἐξ
383 635 593 686 ἀσωμάτου·
621 635 692 673 ἰδοὺ
725 634 814 686 γὰρ,
847 633 951 686 φησὶ,
972 633 1016 671 ‘O
1044 632 1165 684 ἐχθρὸς

144 701 244 748 ἡμῶν
274 700 320 741 ὡς
348 697 436 735 λέων
463 696 658 749 ὠρυόμενος
683 696 923 748 περιέρχεται,
955 696 1066 739 ζητῶν
1088 692 1165 729 τίνα

146 759 300 811 καταπίῃ
317 775 324 782 ·
338 763 440 809 ἡμεῖς
460 758 600 810 ἄγγελοι
620 757 689 795 ἀπὸ
710 756 895 806 σωμάτων.
913 754 1082 805 Καθάπερ
1097 753 1164 805 γὰρ

920 246 1266 278 APOSTOLORUM.

1304 243 1460 275 liOMlL.
1501 240 1659 274 xxxm.
2132 237 2223 283 279

1233 326 1470 379 prohibentur
1492 324 1654 362 habitare
1677 319 1802 359 eaelum
1814 334 1824 370 3
1846 318 1899 356 illi
1922 331 2004 356 vero
2026 315 2224 367 incorporei

1233 387 1328 436 licet,
1347 401 1418 426 non
1444 393 1637 439 potuerunt
1655 383 1691 421 in
1710 381 1795 420 caelo
1813 393 1965 418 manere.
1984 379 2095 417 Nemo
2115 376 2224 427 igitur

1234 457 1386 500 angatur
1411 447 1469 487 vel
1494 445 1701 497 indignetur
1726 450 1847 483 contra
1867 449 2029 478 naturam
2052 437 2152 489 quasi
2177 436 2224 473 ab

1235 509 1297 547 illa
1316 508 1545 561 impediatur,
1561 506 1621 545 sed
1637 513 1757 543 contra
1771 500 1997 555 propositum
2011 496 2221 537 voluntatis.

1235 572 1306 609 Leo
1319 570 1484 608 diabolus
1508 569 1654 607 affectus
1675 575 1727 604 est
1744 579 1790 603 ex
1801 564 2007 615 incorporeo
2023 577 2030 598 :
2045 560 2152 610 Ecce,
2169 559 2223 596 in-

1236 633 1596 684 quit,Adversarius
1612 637 1739 667 noster
1753 626 1930 665 diabolus
1946 633 2146 675 tamquam
2162 620 2220 658 leo
2240 637 2265 657 ι.
2283 629 2350 657 Pet.
2371 628 2400 657 5.

1238 697 1392 746 rugiens
1409 695 1560 738 circuit,
1577 703 1750 743 quoerens
1771 701 1882 739 quem
1896 688 2049 724 devoret
2052 701 2067 731 ,·
2081 698 2144 721 nos
2159 697 2222 720 an-
2236 671 2267 702 8·

1240 755 1308 806 geli
1323 768 1344 791 a
1361 753 1581 805 corporibus.
1596 752 1646 789 Ut
1661 749 1753 787 enim
1769 748 1797 785 si
1817 747 1896 797 quis
1912 746 2065 799 pretiosa
2080 745 2222 783 inventa

149 820 244 862 εἴτις
257 819 345 865 ὕλην
358 818 465 871 εὑρὼν
483 819 685 868 πολύτιμον,
704 819 765 854 οὐκ
781 816 828 853 ὢν
847 815 1024 866 τεχνίτης,
1043 814 1082 850 ἂν
1102 830 1168 851 κα-
1179 841 1225 865 253
1240 814 1400 859 materia,
1416 827 1497 850 cum
1511 825 1579 849 non
1596 811 1642 848 sit
1660 809 1802 857 artifex,
1820 807 2016 858 despiciens
2036 806 2135 843 illam
2148 819 2223 842 ma-
2249 800 2252 804 ’

149 880 346 932 ταφρονήση
379 879 529 926 ταύτης,
565 878 723 930 μεγάλως
755 875 1034 923 ζημιωθήσεται,
1060 868 1165 920 οἷονῆ
1190 878 1216 906 A
1239 888 1308 926 gno
1334 874 1490 911 afficitur
1509 871 1658 919 damno,
1682 869 1756 906 sive
1780 867 2002 918 margaritas,
2020 866 2095 905 sive
2122 865 2224 902 unio-

150 941 379 993 μαργαρίτας,
399 939 420 984 ἢ
438 940 576 991 κόχλον,
597 938 618 983 ἢ
639 938 754 988 ἕτερόν
773 953 807 974 τι
826 939 976 973 τοιοῦτον
992 951 1000 958 ·
1019 934 1108 973 οὕτω
1125 934 1164 980 δὴ

147 1002 206 1039 καὶ
225 1006 326 1051 ἡμεῖς
348 1001 405 1039 ἐὰν
430 1000 655 1051 ἀγνοήσωμεν
676 998 737 1043 τὴν
755 995 929 1048 ἡμετέραν
948 995 1059 1047 φύσιν,
1082 995 1165 1046 σφό-

150 1064 213 1115 δρα
241 1065 348 1107 αὐτῆς
376 1059 704 1112 καταφρονήσομεν·
739 1058 777 1094 ἂν
808 1057 842 1095 δὲ
865 1058 1015 1107 γνῶμεν,
1033 1054 1167 1102 πολλὴν

149 1122 387 1172 ἕπιδειξόμεθα
407 1120 572 1166 σπουδὴν,
592 1120 651 1157 καὶ
669 1119 712 1156 τὰ
732 1118 880 1168 μέγιστα
898 1117 1166 1168 καρπωσόμεθα.

149 1183 231 1220 Ἀπὸ
252 1182 318 1233 γὰρ
336 1181 464 1227 ταύτης
481 1180 618 1230 ἱμάτιον
638 1179 770 1230 γίνεται
790 1178 983 1229 βασιλικὸν,
999 1177 1067 1216 ἀπὸ
1081 1177 1168 1214 ταύ-

149 1260 210 1291 της
231 1243 323 1281 οἰκία
341 1242 472 1294 γίνεται
498 1239 675 1292 βασιλικὴ,
694 1239 763 1278 ἀπὸ
785 1239 913 1285 ταύτης
931 1238 1019 1288 μέλη
1036 1237 1168 1289 γίνεται

152 1303 336 1354 βασιλικά·
358 1302 498 1340 *πάντα
523 1301 700 1352 βασιλικά.
724 1300 784 1347 Μὴ
803 1299 844 1346 δὴ
862 1298 1169 1350 καταχρησώμεθα

151 1367 198 1407 εἷς
219 1364 352 1415 {fldem
375 1367 418 1410 τῇ
443 1362 553 1413 οἰκείᾳ
573 1361 683 1414 φύσει.
712 1360 833 1414 Βραχύ
850 1376 883 1398 τι
900 1361 982 1412 παρ’
1004 1359 1170 1410 ἀγγέλους

151 1431 244 1476 ἡμᾶς
263 1425 445 1471 ἠλάττωσε
462 1455 471 1471 ,
499 1426 548 1477 τῷ
570 1424 705 1474 θανάτῳ
719 1424 811 1474 λέγω
825 1439 832 1446 ·
854 1422 943 1459 ἀλλὰ
976 1421 1035 1459 καὶ
1069 1425 1171 1460 τοῦτο

153 1487 393 1538 ἀπειλήφαμεν
427 1485 466 1523 τὸ
501 1484 625 1538 βραχύ.
648 1484 758 1522 Οὒῗὲν
779 1478 836 1521 οὖν
857 1483 897 1522 τὸ
920 1483 1051 1521 κωλύον
1077 1485 1172 1533 ἡμᾶς

153 1547 308 1598 ἀγγέλων
343 1548 500 1599 γενέσθαι
537 1544 658 1597 ἐγγὺς,
685 1545 724 1582 ἂν
754 1544 922 1595 θέλωμεν.
955 1543 1172 1594 Θελήσωμεν

152 1608 278 1654 τοίνυν,
300 1608 513 1657 Θελήσωμεν,
534 1606 593 1644 καὶ
614 1606 866 1652 ἐξασκήσαντες
901 1604 1043 1648 ἑαυτοὺς
1075 1605 1174 1649 δόξαν

153 1668 413 1720 ἁναπέμψωμεν
442 1670 492 1718 τῷ
524 1666 641 1718 Πατρὶ
669 1666 795 1718 καὶτῷ
812 1667 887 1717 Υἱῷ
919 1665 1048 1717 καὶτῷ
1085 1665 1174 1716 ἁγίῳ

154 1729 354 1779 Πνεύματι,
378 1732 436 1766 ν’ῦν
454 1729 513 1766 καὶ
533 1728 607 1776 ἀεὶ,
626 1727 685 1765 καὶ
702 1729 749 1770 εἷς
764 1726 841 1771 τοὺς
860 1728 987 1770 αἰῶνας
1002 1729 1070 1764 τῶν
1091 1726 1174 1764 αἰώ-

156 1807 233 1829 νων.
252 1791 371 1842 Ἀμήν.

201 1912 219 1935 b
241 1911 296 1943 Sic
313 1910 448 1953 quidam
466 1918 496 1943 et
515 1909 631 1952 Savil.3
646 1909 759 1942 Morels
781 1921 858 1943 vero
876 1914 1003 1952 ἀλγείτω
1020 1915 1093 1954 πρὸς
1105 1915 1158 1947 τὴν

157 1968 248 2008 Δώσω,
265 1964 412 1994 Priorem
427 1963 603 1995 lectionem
626 1964 803 2005 sequimur.
825 1974 895 2006 quae
911 1964 1010 1995 etiam
1032 1963 1075 1995 ab
1099 1963 1158 1995 In-

157 2023 301 2057 terprete
316 2014 438 2047 Latino
453 2014 539 2047 lecta
556 2014 675 2049 fuerat.

528 2250 704 2288 ouum
734 2249 803 2299 λγ.

160 2373 259 2411 Μετὰ
279 2373 314 2411 δὲ
333 2373 372 2410 τὸ
390 2374 532 2422 σιγῆσαι
561 2370 704 2419 αὐτοὺς,
731 2370 903 2422 ἀπεκρίθη
924 2369 1101 2415 Ἰάκωῧος,
1118 2369 1178 2407 λε’-

211 2450 281 2486 γων
294 2448 301 2455 ·
323 2433 443 2485 ἄνδρες
466 2431 618 2484 ἀδελφοὶ,
640 2430 811 2470 ἀκούσατέ
831 2447 911 2482 μου.
938 2430 1085 2482 Συμεὼν
1103 2430 1179 2475 ἐξη-

211 2494 344 2546 γήσατο
371 2493 484 2537 καθὼς
511 2496 648 2544 πρῶτον
669 2496 686 2531 ὃ
705 2493 795 2535 Θεὸς
815 2492 1033 2545 ἐπεσκέψατο
1057 2493 1176 2530 λαὸεῐν

210 2555 244 2600 ἐξ
260 2558 364 2593 ἐθνῶν
379 2555 460 2593 λαὸν
474 2557 523 2607 τῷ
539 2554 682 2605 ὀνόματι
695 2557 809 2592 αὐτοῦ.
825 2554 896 2593 Καὶ
909 2554 1020 2606 τούτῳ
1034 2570 1178 2606 συμφω-

210 2622 322 2656 νοῦσιν
339 2619 370 2655 οἱ
384 2615 482 2667 λόγοι
495 2618 564 2653 τῶν
584 2618 785 2667 προφητῶν.

212 2801 427 2844 Ἐπίσκοπος
454 2794 496 2847 ἦν
524 2802 586 2847 τῆς
620 2801 654 2838 ἐν
685 2798 938 2851 Ἱεροσολύμοις
965 2797 1180 2845 Ἔκκλησίας

161 2856 276 2905 οἶτος·
303 2862 354 2900 διὸ
378 2862 437 2900 καὶ
453 2861 592 2914 ὕστερος
607 2861 722 2912 λέγει·
748 2860 807 2898 καὶ
825 2860 885 2908 τὸ,
901 2859 987 2898 Ἐπὶ
1009 2859 1181 2909 στόματος

162 2921 222 2960 δύο
240 2921 262 2967 ἢ
282 2926 386 2973 τριῶν
408 2922 594 2976 μαρτύρων
615 2922 825 2968 σταθήσεται
843 2927 912 2960 πᾶν
934 2924 1048 2974 ῥῆμα,
1063 2923 1182 2959 ἐνταῦ-

163 2985 204 3019 θα
223 2984 428 3034 πληροῦται.
441 2983 538 3036 εὈρα
556 2982 591 3022 δὲ
606 2983 666 3022 καὶ
680 2982 800 3021 τούτου
815 2982 877 3029 τὴν
898 2981 1043 3028 σύνεσιν,
1061 2980 1130 3020 ἀπό
1143 2996 1182 3018 τε

163 3042 247 3079 νέων
276 3042 345 3081 ἀπό
363 3058 400 3080 τε
418 3045 600 3082 ξιπαλαιῶν
630 3043 878 3096 βεὸαιουμένου
897 3046 965 3081 τῶν
994 3045 1181 3096 προφητῶν

163 3104 221 3142 τὸν
245 3103 360 3155 λόγον.
393 3106 445 3142 Οὐ
473 3105 540 3157 γὰρ
567 3099 641 3158 εἶχέ
660 3122 695 3144 τι
722 3113 870 3157 πρᾶγμα
898 3104 1005 3148 δεῖξαι
1024 3103 1182 3155 καθάπερ

165 3164 321 3216 Πέτρος,
349 3165 506 3218 καθάπερ
536 3167 688 3210 Παῦλος.
721 3166 791 3204 Καὶ
816 3168 931 3208 καλῶς
951 3167 1182 3215 οἰκονομεῖται

166 3227 209 3262 δι’
226 3225 363 3263 ἐκείνων
382 3229 491 3263 ταῦτα
512 3226 670 3277 γενέσθαι
687 3229 755 3264 τῶν
773 3228 810 3264 οὔ
829 3226 1025 3277 μελλόντων
1046 3227 1183 3277 ἐπιχω-

171 3286 297 3337 ριάζειν
314 3292 383 3329 τοῖς
403 3285 672 3338 Ἱεροσολύμοις,
699 3288 819 3325 τοῦτόν
839 3303 876 3324 τε
895 3286 952 3324 τὸν
979 3285 1184 3324 διδάσκοντα

1239 949 1314 985 neS‚
1332 935 1406 973 sive
1420 932 1510 984 quid
1523 931 1638 970 simile
1654 930 1841 982 repererit:
1855 928 1905 966 sic
1917 936 2019 964 etnos
2036 927 2065 963 si
2080 926 2223 976 ignore—

1239 1011 1319 1035 mus
1338 1005 1502 1034 naturam
1521 1002 1689 1041 nostram,
1709 990 1903 1029 admodum
1928 989 2028 1026 illam
2048 986 2224 1038 despicie-

1239 1072 1319 1096 mus
1329 1072 1339 1106 ;
1356 1057 1386 1095 si
1401 1070 1485 1095 vero
1500 1067 1697 1103 noscamus,
1713 1052 1869 1089 multum
1886 1049 2137 1088 adhibebimus
2153 1057 2224 1085 stu-

1240 1120 1356 1170 dium,
1377 1128 1411 1157 et
1429 1131 1599 1169 magnum
1625 1116 1766 1154 lucrum
1784 1112 2056 1166 reportabimus.
2076 1110 2137 1148 Ex
2159 1111 2226 1147 hac.
2242 1118 2329 1147 Psal.
2349 1115 2378 1146 8.
2395 1118 2426 1147 6.

1239 1181 1333 1220 enim
1348 1180 1485 1232 regium
1496 1180 1537 1216 fit
1550 1177 1813 1225 indumentum,
1831 1189 1876 1213 ex
1886 1175 1954 1212 hac
1972 1173 2099 1212 domus
2112 1172 2224 1224 regia,

1240 1258 1285 1281 cx
1302 1243 1370 1280 hac
1385 1241 1481 1292 regia
1497 1239 1654 1278 membra
1675 1254 1682 1275 ι
1698 1237 1815 1275 omnia
1833 1236 1940 1287 regia.
1958 1236 2011 1274 Ne
2025 1243 2151 1273 natura
2167 1248 2226 1271 no-

1241 1313 1312 1343 stra
1342 1303 1532 1341 abutamur
1559 1301 1595 1338 in
1620 1300 1792 1337 damnum
1814 1306 1987 1335 nostrum.
2007 1297 2080 1334 Nos
2100 1310 2227 1348 parum

1242 1365 1395 1403 minores
1415 1363 1550 1415 angeiis
1577 1361 1672 1410 fecit,
1692 1374 1736 1397 ex
1757 1368 1881 1407 morte,
1901 1358 2068 1408 inquam3
2089 1356 2153 1395 sed‘
2167 1371 2230 1408 pa-

1242 1441 1324 1464 rum
1350 1424 1441 1463 illud
1466 1425 1542 1476 jam
1571 1421 1778 1474 recepimus.
1801 1419 1901 1457 Nihil
1928 1419 2038 1471 igitur
2066 1417 2232 1470 prohibet

1243 1486 1436 1539 quominus
1461 1484 1581 1523 statim
1601 1482 1717 1534 angeli
1746 1481 1871 1531 simus,
1895 1479 1925 1518 si
1946 1479 2108 1519 velimus.
2125 1478 2230 1518 Veli-

1197 1555 1220 1584 Β
1244 1562 1324 1586 mus
1348 1560 1444 1598 ergo,
1459 1544 1626 1592 velimus,
1647 1552 1679 1581 et
1705 1556 1768 1580 nos
1795 1542 1889 1594 ipsos
1908 1540 2140 1579 exercitantes
2157 1538 2232 1589 glo-

1203 2622 1226 2653 C

1245 1610 1335 1648 riam
1354 1609 1546 1647 referamus
1567 1605 1665 1643 Patri
1693 1614 1726 1642 et
1752 1603 1845 1642 Filio
1868 1611 1900 1641 et
1921 1601 2073 1654 Spiritui
2096 1609 2230 1649 sanem,

1247 1685 1342 1709 nunc
1359 1679 1391 1708 et
1416 1682 1568 1721 semper,
1590 1667 1677 1706 etin
1704 1665 1831 1705 saecula
1858 1664 2082 1703 saeculorum.
2104 1664 2228 1700 Amen.

1267 1908 1283 1924 ⁸
1309 1907 1410 1949 [Haec
1423 1931 1430 1946 ‚
1444 1910 1542 1940 πάντα.
1557 1908 1715 1949 βασιλικά,
1734 1899 1923 1933 addidimus
1939 1911 1955 1931 e
1966 1897 2075 1931 Codd.
2091 1899 2126 1929 Β.
2138 1898 2176 1930 C.
2192 1899 2232 1928 D.

1226 1969 1259 1992 et
1273 1970 1378 2003 marg.
1395 1958 1496 1992 Savil.
1514 1959 1640 1990 Desunt
1656 1967 1693 1988 ea
1709 1956 1742 1987 in
1757 1954 1882 1994 mitis,
1898 1953 1956 1986 sed
1973 1951 2050 1996 legit.
2066 1952 2234 1993 Interpre:

1228 2013 1397 2054 Latinus]

1529 2240 1741 2279 HOMILIA
1760 2236 1940 2277 XXXIII.

1251 2369 1343 2406 CAP.
1364 2365 1449 2406 XV.
1470 2380 1508 2404 v.
1532 2365 1594 2403 15.
1623 2365 1677 2402 Et
1693 2371 1901 2415 postquam
1930 2369 2147 2408 tacuerunt,
2177 2375 2234 2397 re-

1302 2429 1456 2481 spondit
1465 2429 1496 2466 J
1495 2429 1648 2475 acobus,
1663 2427 1790 2462 dicens
1804 2440 1812 2461 .·
1828 2424 2081 2476 Ve'risratre5‚
2102 2423 2234 2459 audite

1305 2505 1378 2529 me.
1397 2488 1461 2527 14.
1480 2489 1650 2537 Symeon
1664 2488 1842 2523 narravit
1861 2485 2051 2537 quomodo
2067 2486 2234 2535 primum.

1302 2554 1412 2591 Deus
1431 2551 1623 2595 visitavit,
1649 2555 1690 2585 ut
1716 2555 1883 2585 sumeret
1907 2560 1954 2583 ex
1973 2547 2148 2597 gentibus
2165 2557 2232 2595 po-

1301 2613 1437 2665 pulum
1464 2613 1508 2648 in
1538 2611 1691 2647 nomine
1709 2621 1789 2645 suo.
1815 2607 1875 2645 15.
1904 2608 1958 2644 Et
1989 2608 2077 2644 huic
2099 2619 2232 2644 conso-

1306 2682 1401 2712 nant
1416 2684 1610 2711 sermones
1627 2670 1914 2722 prophetarum.

1307 2799 1343 2834 1.
1375 2795 1443 2832 Hic
1464 2793 1650 2846 episcopus
1673 2799 1746 2829 erat
1773 2790 1809 2827 in
1841 2788 2138 2841 Jerosolymitana
2159 2787 2230 2825 Ec-

1252 2856 1383 2895 clesia:
1407 2855 1556 2905 ideoque
1575 2861 1774 2905 postremus
1794 2850 1950 2901 loquitur
1972 2865 1979 2886 :
2003 2858 2036 2887 et
2065 2849 2234 2901 impletur

1252 2919 1369 2957 illud:
1390 2920 1440 2956 In
1459 2931 1524 2955 ore
1547 2917 1711 2954 duorum
1727 2913 1794 2951 ‘vel
1811 2915 1926 2951 trium
1947 2914 2100 2950 testium
2115 2913 2232 2949 stabit
2251 2916 2338 2943 Dent.
2355 2914 2437 2951 17.6.

1254 2993 1367 3017 omne
1387 2981 1560 3017 verbum.
1582 2976 1676 3016 Vide
1688 2984 1807 3013 autem
1822 2983 1855 3012 et
1866 2973 1975 3025 hujus
1990 2972 2233 3024 prudentiam,

1254 3040 1316 3092 qui
1334 3055 1379 3078 ex
1397 3040 1500 3077 novis
1520 3047 1553 3076 et
1568 3051 1614 3075 ex
1629 3036 1807 3075 veteribus
1826 3034 2009 3086 prophetis
2027 3033 2235 3071 sententiam

1254 3115 1356 3140 suam
1379 3099 1579 3138 confirmat.
1612 3099 1691 3137 Non
1708 3095 1802 3133 enim
1828 3103 1963 3146 poterat
1982 3093 2127 3144 aliquod
2147 3107 2237 3145 opus

1255 3161 1438 3201 ostendere
1457 3170 1495 3198 ut
1509 3163 1647 3208 Petrus,
1663 3167 1703 3195 ut
1715 3156 1860 3194 Paulus.
1883 3155 1929 3193 Et
1944 3155 2034 3192 bene
2052 3154 2236 3207 provisum

1257 3233 1321 3269 est,
1345 3232 1385 3260 ut
1407 3222 1452 3260 ab
1484 3221 1557 3259 illis
1579 3220 1654 3257 haec
1682 3218 1819 3265 fierent,
1852 3216 1913 3267 qui
1945 3230 2013 3254 uon
2045 3215 2239 3253 habitaturi

1258 3293 1356 3323 crant
1383 3281 1639 3335 Jerosoly1nis;
1673 3288 1706 3318 et
1735 3278 1808 3330 hic7
1841 3277 1901 3329 qui
1926 3276 2241 3329 Jerosolymitanos

214 3418 225 3431 ³
251 3405 259 3450 [
275 3406 507 3443 Editimmov
525 3417 683 3453 προρητῶν
699 3412 923 3452 ,ιέεόαιονμένοα,
939 3406 1086 3440 Alterum
1102 3405 1225 3439 habent
1238 3405 1377 3439 Codices
1394 3404 1534 3445 omnes]
