2502 3810
647 195 693 224 IN
729 194 843 225 ACTA
881 192 1210 224 APOSTOLORUM
1246 192 1402 222 nonin..

1438 192 1594 222 xxxiv.
2068 177 2160 241 289

90 280 201 316 αὐτῶν
221 276 290 315 ἀπὸ
309 276 525 329 Παμφυλίας
548 276 597 328 μὴ
619 276 919 329 συμπαραλαῧεῖν·
936 274 1106 326 Kaootmp
1129 277 1153 308 C
1176 284 1366 335 Rogahat,
1397 283 1527 334 inquit,
1552 291 1594 320 ut
1616 282 1683 334 qui
1703 282 1936 319 discessisset
1963 283 2012 319 ab
2038 284 2091 319 eis
2117 284 2163 319 de

90 339 155 391 γάρ
174 355 226 381 τις
246 338 435 390 στρατηγὸς
454 339 517 375 οὐκ
543 336 582 374 ἂν
594 338 704 375 ἕλοιτο
720 338 776 376 τὸν
794 336 999 389 σκευοφόρον
1017 336 1108 386 ἔχειν

91 400 143 437 ἀεὶ
168 399 358 450 βάναυσον·
380 397 488 442 οὕτως
519 398 595 436 οὒῗὲ
627 401 644 436 ὁ
679 398 881 440 ἀπόστολος.
907 399 1020 436 Τοῦτο
1048 396 1109 433 καὶ

89 459 167 503 τοὺς
189 460 313 502 ἄλλους
342 458 518 505 ἐπαίδευε,
544 459 602 497 καὶ
624 459 725 497 αὐτὸν
747 458 947 512 ἐρρύθμιζεν
969 459 1109 495 ἐκεῖνον.

86 522 236 568 Οὐκοῦν,
257 521 358 572 φησὶ,
384 521 488 563 κακὸς
518 523 535 558 ὃ
563 519 765 574 Βαρνάὸας,
795 521 990 569 Οὐδαμῶς·
1019 516 1110 555 ἀλλὰ

90 582 149 620 καὶ
174 581 303 634 σφόδρα
330 581 458 619 ἄτοπον
489 581 528 619 τὸ
556 582 706 632 νομίζειν
738 585 850 618 τοῦτο.
871 582 954 622 Πῶς
986 578 1020 617 δὲ
1049 580 1110 615 οὐκ

92 643 219 680 ἄτοπον
242 641 328 695 ὑπὲρ
347 641 436 679 οὕτω
455 642 661 694 πράγματος
692 645 816 693 μικροῦ
844 644 963 678 τοῦτον
997 639 1110 689 λέγειν

89 703 249 753 γενέσθαι
271 703 395 751 κακόν,
425 702 516 741 Ἀλλ’
550 703 634 754 ὅρα,
662 702 714 740 ὅτι
743 704 880 753 πρῶτον
914 700 976 750 μὲν
1003 700 1110 737 κακὸν

91 764 190 802 οὐδὲν
211 765 360 816 γέγονεν,
382 767 410 802 εἷ
429 763 630 816 ὁλοκλήροις
650 763 778 801 ἔθνεσιν
800 765 1005 814 ἀρκοῦντες,
1020 763 1111 797 ἀπε-

92 824 285 875 σχίσθησαν
321 824 382 862 ἀπ’
416 825 590 871 ἀλλήλων,
623 822 712 861 ἀλλὰ
744 821 803 859 καὶ
838 821 928 871 μέγα
960 819 1088 870 ἀγαθόν
1101 833 1110 841 “

92 885 214 923 ἔπειτα
236 885 288 923 ὅτι
319 887 348 923 εἰ
369 885 417 935 μὴ
437 889 537 923 τοῦτο
563 879 618 930 ἦν,
649 884 711 921 οὐκ
738 882 777 920 ἂν
810 881 941 918 εἵλοντο
961 879 1111 921 εὐκόλως

93 949 227 997 ἀφεῖναι
246 947 428 993 ἀλλήλους.
448 945 498 983 Σὺ
521 945 557 983 δέ
576 960 633 994 μοι
661 942 840 993 θαύμασον
869 946 988 978 τοῦτον
1021 938 1109 990 μηδὲ

91 1013 190 1045 τοῦτο
206 1006 222 1026 ¹³
236 1007 427 1059 κρύψαντα.
450 1006 540 1043 ’Ἀλλ’
554 1008 583 1042 εἷ
598 1004 657 1042 καὶ
670 1005 886 1054 χωρισθῆναι
904 1000 991 1048 ἔδει,
1009 999 1111 1051 φησὶ,

91 1069 198 1120 χωρὶς
217 1067 450 1119 παροξυσμοῦ.
483 1066 649 1103 Μάλιστα
680 1064 741 1114 μὲν
779 1057 836 1100 οῦν
871 1062 930 1100 καὶ
958 1064 1109 1099 ἐντεῦθεν

91 1130 264 1167 δείκνυται
292 1127 336 1165 τὰ
369 1125 580 1179 ἀνθρώπινα.
610 1126 653 1163 Εἰ
681 1123 749 1177 γὰρ
784 1123 841 1161 ἐπὶ
867 1126 926 1161 τοῦ
957 1123 1112 1174 Χριστοῦ

89 1194 188 1228 τοῦτο
206 1189 274 1226 ἔδει
295 1187 473 1237 γενέσθαι,
492 1188 610 1237 πολλῷ
633 1187 764 1236 μᾶλλον
792 1187 950 1222 ἐνταῦθα.
979 1182 1112 1226 Ἄλλως

91 1250 125 1289 δὲ
144 1254 161 1288 ὁ
179 1247 398 1301 παροξυσμὸς
418 1250 479 1286 οὐκ
497 1249 535 1285 ἂν
557 1247 611 1293 εἴη
629 1248 756 1299 φαῦλος
769 1277 778 1294 ,
796 1245 877 1284 ὅταν
896 1244 982 1298 ὑπὲρ
1000 1244 1109 1282 τοιού-

89 1327 158 1349 των
192 1310 336 1354 ἕκαστος
367 1308 593 1361 ἀμφισὸητῇ,
621 1308 681 1346 καὶ
712 1307 800 1358 μετὰ
829 1306 963 1345 δικαίου
996 1305 1110 1358 λόγου.

91 1374 136 1410 Εἰ
160 1371 220 1423 μὲν
242 1365 298 1408 οῦν
314 1387 366 1414 τις
387 1372 498 1408 αὐτῶν
518 1369 557 1407 τὸ
579 1372 701 1407 ἑαυτοῦ
728 1370 839 1415 ζητῶν
866 1366 1109 1420 παρωξύνετο,

91 1433 148 1471 καὶ
170 1433 231 1480 τὴν
253 1434 299 1474 εἷς
327 1432 426 1470 αὐτὸν
442 1430 567 1481 τιμὴν,
588 1431 721 1473 καλῶς·
737 1431 766 1467 εἰ
795 1428 829 1468 δὲ
852 1429 1037 1467 παιδεῦσαι
1053 1426 1112 1465 καὶ

93 1494 227 1538 διδάξαι
243 1493 402 1545 ἑκάτερος
420 1492 624 1544 βουλόμενος
635 1522 644 1539 ,
661 1495 678 1529 ὃ
693 1491 754 1542 μὲν
771 1490 918 1538 ταύτην,
936 1493 953 1528 ὃ
973 1488 1009 1528 δὲ
1026 1488 1113 1527 ἐκεί-

92 1571 152 1602 νην
173 1554 312 1602 ὥδευον,
332 1559 432 1593 τοῦτο
451 1559 547 1592 ποῖον
566 1552 742 1603 ἔγκλημα,
764 1550 889 1589 Πολλὰ
906 1550 964 1588 καὶ
984 1553 1113 1603 ἀνθρω-

91 1616 176 1666 πίνῃ
194 1615 326 1666 διανοίᾳ
346 1615 500 1653 ἐποίουν·
522 1616 559 1651 οὐ
577 1614 643 1665 γὰρ
662 1608 751 1659 ἦσαν
775 1612 865 1650 λίθοι
882 1611 905 1657 ἢ
925 1611 1020 1656 ξύλα.
1043 1611 1114 1649 Καὶ

93 1677 157 1728 ὅρα
180 1677 316 1714 Παῦλον
340 1680 616 1727 κατηγοροῦντα,
646 1673 705 1711 καὶ
730 1673 792 1720 τὴν
823 1672 936 1711 αἰτίαν
957 1672 1114 1723 λέγοντα.

94 1735 232 1791 ᾜδεῖτο
246 1735 314 1787 γὰρ
330 1736 387 1774 τὸν
403 1735 589 1786 Βαρνάόαν
608 1734 676 1772 ἀπὸ
693 1732 1007 1786 ταπεινοφροσύνης
1024 1735 1114 1772 πολ-

92 1798 172 1842 λῆς,
194 1797 254 1834 ἅτε
273 1796 550 1843 κεκοινωνηκότα
583 1797 617 1833 ἐν
647 1794 821 1838 τοσούτοις
846 1796 938 1846 αὐτῷ
958 1794 1017 1832 καὶ
1039 1796 1114 1844 μετ’

93 1857 195 1894 αὐτοῦ
218 1857 300 1894 ὄντα
314 1871 322 1879 ·
345 1856 421 1896 ἀλλ’
441 1858 506 1909 οὐχ
527 1855 633 1899 οὕτως
655 1857 788 1907 ᾐδεῖτο,
814 1855 904 1893 ὥστε
932 1855 991 1893 καὶ
1011 1870 1116 1906 παρι-

92 1918 160 1954 δεῖν
181 1917 220 1955 τὸ
236 1917 325 1955 δέον.
348 1917 411 1960 Τίς
429 1917 490 1968 μὲν
512 1911 569 1955 οῦν
599 1917 738 1967 ἄμεινον
770 1915 1018 1963 ἐδουλεύσατο,
1050 1917 1115 1968 οὐχ

91 1980 191 2029 ἡμῶν
223 1978 487 2031 ἀποφήνασθαι·
509 1978 593 2021 τέως
629 1978 688 2025 δὲ,
721 1977 774 2016 ὅτι
810 1978 946 2029 μεγάλη
974 1977 1112 2028 γέγονεν

91 2039 292 2090 οἰκονομία,
316 2039 402 2089 εἴγε
419 2035 512 2077 οῦτοι
533 2039 593 2090 μὲν
620 2039 763 2090 ἔμελλον
787 2038 942 2092 δεύτερον
967 2038 1112 2076 ἐπισκέ-

90 2102 183 2152 ψεως
216 2100 553 2149 ἀξιοῦσθαι,ἐκεῖνοι
577 2100 612 2139 δὲ
643 2099 717 2138 οὒῗὲ
750 2099 852 2144 ἅπαξ.
885 2101 964 2151 Οὐχ
994 2100 1114 2142 ἁπλῶς

93 2161 263 2213 διέτριὸον
293 2164 327 2199 ἐν
349 2161 561 2213 Ἀντιοχείᾳ,
594 2164 669 2200 ἀλλ’
699 2161 890 2199 ἐδίδασκον.
911 2159 959 2198 Τί
995 2159 1112 2198 ἐδίδα-

93 2239 192 2270 σκον,
210 2222 244 2260 τί
261 2223 295 2260 δὲ
326 2222 603 2273 εὐηγγελίζοντο,
623 2221 713 2266 Τούς
731 2237 768 2259 τε
794 2221 862 2267 ἤδη
879 2220 1022 2264 πιστοὺς
1035 2220 1113 2266 τούς

91 2299 129 2321 τε
146 2283 292 2322 οὐδέπω.
313 2283 459 2329 Ἐπειδὴ
480 2281 547 2336 γὰρ
567 2282 674 2335 μυρία
696 2282 874 2321 σκάνδαλα
891 2278 946 2330 ἦν,
967 2283 1036 2321 ἔδει
1052 2285 1114 2328 τῆς

1177 345 1435 395 Pamphylia,
1467 357 1545 381 non
1571 344 1707 380 dehere
1737 345 1868 395 recipi.
1891 344 1942 380 Ut
1960 343 2054 380 enim
2086 344 2163 380 dux

1179 404 1355 442 exercitus
1385 405 1495 442 nollet
1522 404 1687 456 bajulum
1720 417 1857 455 semper
1892 403 2023 441 habere
2051 403 2165 442 sordi-

1179 465 1280 515 dum,
1294 465 1344 503 sic
1361 479 1472 516 neque
1491 465 1683 518 apostolus.
1698 465 1775 502 Hoc
1794 465 1899 503 etiam
1915 465 2003 503 alios
2025 465 2162 514 docuit,

1179 535 1213 564 et
1230 526 1336 563 illum
1363 526 1577 565 emendavit.
1596 526 1736 578 Ergone
1752 526 1936 578 improbus
1953 527 2133 564 Barnabas
2147 527 2165 564 3‘

1179 587 1346 637 Minime,
1374 588 1446 625 imo
1477 588 1581 628 valde
1615 588 1812 625 absurdum
1848 597 1935 626 esset
1965 587 2003 625 id
2022 598 2163 640 putare.

1181 649 1372 694 Quomodo
1392 663 1461 686 non
1492 648 1689 686 absurdum
1715 658 1816 699 esset,
1845 650 1890 686 ob
1909 664 1983 688 rem
2003 651 2090 688 adeo
2110 650 2166 688 le-

1178 721 1262 745 vem
1278 709 1382 746 illum
1397 709 1514 746 dicere
1542 709 1776 760 improbum?
1791 710 1863 747 Sed
1881 710 1964 748 vide
1978 741 1988 759 ,
2008 711 2167 763 primum

1178 767 1264 804 hinc
1285 768 1375 804 nihil
1393 769 1477 805 mali
1496 768 1712 819 provenisse,
1734 768 1763 805 si
1784 783 1864 806 cum
1887 770 2033 821 integris
2053 771 2169 822 genti-

1180 826 1247 864 bus
1277 828 1440 864 sufficere
1476 836 1641 879 possent,
1674 829 1919 879 separatisint3
1946 830 2018 868 imo
2061 832 2168 869 etiam

1179 887 1263 924 hinc
1290 901 1460 937 magnum
1489 887 1663 939 prodiisse
1694 888 1828 925 bonum
1845 904 1853 924 ε
1871 888 2012 938 deinde,
2045 891 2074 929 si
2101 893 2170 929 hoc

1180 960 1249 983 non
1272 947 1468 996 accidisset,
1488 962 1558 985 non
1574 948 1676 985 facile
1695 949 1852 1001 separari
1879 950 2088 988 voluissent.
2109 953 2168 990 Tu

1179 1020 1264 1046 vero
1283 1007 1422 1046 mireris
1456 1009 1585 1058 velim,
1609 1010 1704 1060 quod
1724 1011 1840 1047 Lucas
1857 1010 1925 1048 hoe
1946 1025 2016 1049 non
2035 1012 2170 1051 celave-

1179 1067 1238 1105 rit.
1256 1068 1326 1106 Sed
1345 1068 1375 1106 si
1390 1070 1545 1122 separari
1565 1070 1764 1122 oportebat,
1784 1071 1933 1121 inquies,
1951 1072 2076 1110 saltem
2095 1073 2172 1111 sine

1180 1129 1410 1167 dissensione.
1431 1132 1476 1167 At
1496 1130 1580 1168 hinc
1608 1132 1765 1169 maxime
1795 1132 1952 1170 humana
1974 1133 2169 1171 ostendun-

1179 1199 1250 1228 tur.
1271 1191 1363 1228 Nam
1383 1191 1412 1228 si
1431 1191 1467 1229 in
1489 1192 1631 1230 Christo
1651 1193 1835 1245 oportebat
1855 1193 1949 1246 fieri7
1971 1195 2084 1233 multo
2099 1210 2170 1234 ma-

1181 1251 1234 1302 gis
1260 1251 1331 1289 hic.
1362 1252 1533 1303 Alioquin
1559 1268 1644 1292 vero
1675 1254 1849 1292 dissensio
1881 1269 1951 1293 non
1984 1257 2077 1294 mala
2105 1267 2170 1301 est,

1180 1314 1325 1364 quando
1355 1314 1400 1352 de
1421 1315 1552 1353 talibus
1583 1316 1764 1368 quispiam
1790 1317 1996 1367 contendit,
2024 1327 2058 1356 et
2089 1333 2171 1356 cum

1175 1376 1271 1427 justa
1290 1375 1436 1414 ratione.
1457 1377 1497 1415 Si
1520 1386 1611 1415 certe
1639 1391 1761 1415 eorum
1796 1378 1972 1431 quispiam
2001 1394 2079 1430 quae
2108 1395 2170 1418 sua

1181 1446 1279 1474 erant
1309 1437 1366 1474 vel
1398 1437 1568 1475 honorem
1599 1453 1773 1489 quaerens,
1802 1450 2030 1492 exasperatus
2068 1451 2170 1489 esset,

1180 1497 1269 1535 bene
1286 1497 1568 1550 improbaretur:
1585 1499 1614 1536 si
1634 1514 1719 1538 vero
1748 1509 1895 1551 uterque
1914 1500 2039 1539 docere
2070 1502 2172 1540 insti-

1182 1567 1350 1610 tuereque
1367 1559 1501 1608 volens,
1513 1560 1602 1597 alter
1620 1561 1698 1609 bac,
1717 1562 1805 1599 alter
1821 1561 1890 1600 alia
1906 1562 1965 1600 via
1980 1563 2150 1614 processit
2164 1579 2171 1599 ε

1138 1614 1161 1644 Ε
1185 1619 1282 1670 quod
1300 1620 1432 1658 crimen
1454 1621 1584 1659 fuerit?
1603 1622 1719 1659 Multa
1740 1637 1784 1660 ex
1810 1623 1966 1661 humana
1986 1634 2101 1662 mente
2120 1626 2172 1662 fa-

1185 1679 1418 1718 ciebantznon
1434 1681 1529 1718 enim
1548 1691 1645 1719 erant
1661 1683 1797 1734 lapides
1819 1692 1879 1721 aut
1896 1684 2008 1735 ligna.
2026 1684 2072 1722 Et
2087 1685 2173 1724 vide

1184 1741 1338 1778 Paulum
1356 1751 1579 1779 accusantem
1594 1752 1627 1780 et
1646 1757 1788 1781 causam
1807 1744 1993 1782 dicentem.
2019 1746 2171 1784 Revere-

1184 1797 1290 1835 batur
1309 1799 1403 1836 enim
1432 1800 1630 1838 Barnabam
1652 1815 1724 1852 prae
1743 1801 1947 1840 humilitate
1968 1804 2093 1852 multa,
2110 1804 2172 1855 qui

1183 1858 1220 1896 in
1238 1859 1346 1897 tantis
1375 1860 1481 1898 rebus
1511 1861 1580 1899 sibi
1603 1875 1744 1899 consors
1765 1871 1799 1899 et
1818 1877 1937 1900 secum
1956 1864 2089 1915 suerat5
2111 1865 2172 1902 sed

1182 1934 1251 1958 non
1273 1920 1323 1958 ita
1347 1922 1595 1972 reverebatur,
1616 1932 1655 1960 ut
1675 1923 1832 1960 officium
1860 1924 2064 1976 negligeret.
2085 1927 2173 1964 Uter

1182 1995 1265 2033 ergo
1281 1982 1408 2020 melius
1431 1983 1660 2030 consuluerit,
1683 1998 1752 2022 non
1768 1993 1819 2021 est
1837 1994 1998 2023 nostrum
2017 2001 2172 2038 pronun-

1182 2042 1284 2090 tiare,
1307 2044 1366 2081 sed
1389 2044 1485 2094 quod
1504 2059 1631 2096 magna
1660 2045 1727 2081 fuit
1747 2046 1955 2095 oeconomia,
1978 2048 2006 2084 si
2027 2048 2174 2098 quidem

1182 2103 1222 2140 hi
1253 2103 1442 2141 secundam
1462 2104 1700 2142 visitationem
1720 2107 1946 2156 assequuturi
1975 2118 2092 2157 erant,
2112 2109 2174 2146 alii

1184 2165 1332 2202 nullam.
1350 2167 1429 2203 Non
1457 2166 1532 2203 sine
1558 2180 1663 2204 causa
1690 2175 1809 2203 autem
1828 2167 2026 2206 Antiochiae
2047 2172 2175 2208 morati

1184 2236 1279 2276 sunt,
1295 2227 1357 2264 sed
1367 2227 1554 2265 docebant.
1578 2227 1678 2274 Quid
1698 2227 1900 2266 docebant?
1917 2230 2006 2280 quid
2025 2245 2176 2284 evange-

1184 2288 1364 2326 lizabant?
1381 2289 1480 2327 Alios
1493 2289 1639 2340 quidem
1655 2289 1790 2337 fideles,
1802 2290 1890 2328 alios
1900 2291 2060 2329 nondum
2074 2293 2173 2331 tales.

93 2346 203 2382 αὐτῶν
219 2343 421 2395 παρουσίας.
446 2344 498 2382 Τὸ
519 2343 727 2394 ζητούμενον
742 2374 752 2391 ,
776 2345 841 2396 οὐχ
856 2343 907 2382 ὅτι
930 2344 1113 2396 διηνέχθη·
1128 2374 1174 2398 252
1188 2350 1283 2396 Quia
1299 2351 1393 2388 enim
1410 2352 1595 2389 innumera
1612 2351 1775 2390 scandala
1793 2362 1903 2402 erant,
1926 2368 2015 2406 opus
2037 2365 2110 2393 erat
2124 2356 2174 2394 il—

91 2420 155 2443 σαν
184 2406 218 2442 ἐν
238 2410 314 2447 ταῖς
344 2404 518 2456 γνώμαις,
540 2405 616 2441 ἀλλ’
639 2403 693 2442 ὅτι
714 2404 979 2455 συγκατέὸησαν
1007 2404 1115 2451 ἀλλή-

90 2467 162 2508 λοις
180 2467 275 2503 ἰδεῖν.
305 2464 408 2504 Οὕτω
439 2467 554 2515 μεῖζον
574 2469 588 2484 ³
601 2465 727 2516 ἀγαθὸν
749 2465 867 2517 γέγονε
886 2466 925 2503 τὸ
941 2469 1116 2518 χωρισθῆ-

92 2542 169 2574 ναι,
190 2526 249 2564 καὶ
275 2526 448 2579 πρόφασιν
481 2528 520 2564 ἐκ
536 2526 657 2564 τούτου
689 2527 728 2565 τὸ
755 2534 904 2579 πρᾶγμα
926 2528 1042 2566 ἔλαὸε.
1069 2527 1117 2566 Τί

92 2582 171 2635 οῦν,
188 2587 305 2640 ἐχθροὶ
321 2586 546 2641 ἀνεχώρησαν
558 2604 567 2635 3
580 2587 643 2634 Μὴ
658 2587 802 2640 γένοιτο.
820 2588 927 2642 Ὁρᾷς
941 2590 1008 2642 γὰρ
1027 2589 1116 2640 μετὰ

92 2653 193 2686 τοῦτο
217 2647 401 2702 Βαρνάὸαν
427 2649 565 2686 πολλῶν
587 2648 768 2700 ἐγκωμίων
789 2650 1005 2689 ἀπολαύοντα
1018 2651 1116 2705 παρὰ

93 2708 235 2747 Παύλου
269 2712 303 2747 ἐν
336 2715 411 2752 ταῖς
442 2708 680 2753 Ἐπιστολαῖς.
714 2711 943 2764 Παροξυσμὸς
955 2742 965 2760 ,
997 2712 1114 2763 φησὶν,

94 2770 246 2821 ἐγένετο,
267 2771 327 2809 οὐκ
346 2770 454 2823 ἔχθρα
473 2769 549 2809 οὐδὲ
566 2770 767 2822 φιλονεικία.
785 2774 959 2812 Τοσοῦτον
974 2775 1115 2826 ἴσχυσεν

95 2834 112 2869 ὅ
128 2832 346 2884 παροξυσμὸς
357 2863 367 2880 ,
381 2832 472 2871 ὥστε
483 2832 655 2886 χωρίσαι·
673 2834 731 2872 καὶ
747 2833 899 2878 εἰκότως.
917 2833 1035 2887 ‘'On-sp
1047 2835 1116 2887 γὰρ

94 2892 239 2935 ἕκαστος
262 2893 433 2931 ὑπέλαὸεν
459 2888 544 2931 εἶναι
563 2893 741 2937 λυσιτελὲς
755 2925 765 2942 ,
784 2899 885 2934 τοῦτο
900 2896 989 2946 μετὰ
1005 2900 1116 2934 ταῦτα

96 2955 133 2992 οὐ
156 2953 357 3004 προσήκατο
376 2954 432 2992 διὰ
452 2953 515 3001 τὴν
531 2955 617 3007 πρὸς
637 2958 763 2994 ἐκεῖνον
783 2957 975 2997 κοινωνίαν.

148 3014 254 3064 Ἐμοὶ
273 3014 365 3052 δοκεῖ
386 3014 445 3052 καὶ
467 3015 557 3053 κατὰ
580 3015 715 3054 σύνεσιν
735 3021 941 3069 γεγενῆσθαι
959 3019 1016 3058 τὸν
1037 3036 1113 3072 χω-

98 3075 233 3128 ρισμὸν,
255 3074 315 3112 καὶ
334 3075 419 3126 πρὸς
439 3077 608 3123 ἀλλήλους
630 3080 756 3116 εἰπεῖν·
777 3078 830 3116 ὅτι
849 3080 969 3127 ἐπειδὴ
988 3080 1055 3132 ἐγὼ
1076 3082 1114 3118 οὐ

99 3137 278 3188 βούλομαι,
300 3134 340 3172 σὺ
358 3135 393 3174 δὲ
415 3136 542 3187 βούλει,
557 3137 613 3175 ἵνα
634 3138 682 3188 μὴ
702 3138 911 3191 μαχώμεθα,
930 3141 1114 3192 διανειμώ-

100 3208 188 3255 μεθα
227 3201 304 3245 τοὺς
331 3202 466 3247 τόπους.
507 3204 619 3244 “sterce
646 3206 737 3245 πάνυ
773 3207 918 3252 εἴκοντες
953 3209 1117 3257 ἀλλήλοις

99 3272 200 3307 τοῦτο
218 3266 365 3306 ἐποίουν.
389 3267 573 3308 Ἐὃούλετο
586 3271 653 3324 γὰρ
669 3275 793 3320 στῆναι
810 3273 849 3313 τὸ
864 3274 1008 3314 Παύλου
1026 3277 1117 3329 Βαρ-

145 3387 160 3410 h
185 3386 276 3419 Unus
292 3388 461 3429 κρύψαντα,
479 3391 552 3425 ὅλως
569 3391 598 3422 ’δὲ
615 3394 637 3422 εἰ
654 3396 713 3424 mi.

1139 2411 1165 2440 Α
1186 2411 1305 2449 lorum
1331 2413 1528 2465 praesentia.
1544 2414 1586 2450 In
1605 2412 1672 2450 hac
1690 2413 1881 2464 quaestione
1899 2415 2175 2467 observandum,

1187 2488 1256 2512 non
1282 2474 1319 2511 in
1354 2489 1423 2525 quo
1457 2475 1697 2523 dissenserint,
1715 2475 1778 2513 sed
1796 2474 1832 2513 in
1860 2491 1930 2527 quo
1949 2488 2072 2517 mutuo
2093 2494 2176 2518 con-

1187 2536 1371 2575 senserint.
1391 2537 1451 2575 Sic
1473 2537 1588 2588 majus
1616 2537 1750 2574 bonum
1775 2550 1820 2574 ex
1842 2540 2061 2589 separatione
2089 2555 2174 2592 pro-

1187 2597 1267 2645 diit,
1282 2606 1388 2647 atque
1407 2597 1491 2635 inde
1510 2607 1626 2635 ortum
1648 2607 1709 2635 est.
1739 2596 1838 2643 Quid
1857 2599 1971 2649 ergo?
1992 2600 2176 2640 inimicine

1187 2659 1431 2696 recesserunt?
1447 2659 1568 2707 Absit;
1588 2658 1688 2696 vides
1721 2660 1815 2697 enim
1832 2669 1952 2713 postea
1972 2661 2175 2701 Barnabam

1188 2720 1311 2758 multis
1343 2719 1513 2757 laudibus
1542 2734 1562 2757 a
1591 2719 1702 2757 Paulo
1732 2721 1900 2758 celebrari
1924 2721 1961 2758 in
1990 2721 2172 2773 Epistolis.

1188 2782 1402 2827 Dissensio,
1420 2780 1674 2833 inquit,facta
1688 2789 1756 2828 est,
1770 2796 1839 2819 non
1856 2781 2043 2819 inimicitia
2060 2796 2174 2833 neque

1189 2841 1374 2880 contentio.
1399 2843 1557 2879 Tantum
1572 2841 1687 2878 valuit
1706 2841 1889 2891 dissensio,
1910 2850 1949 2879 ut
1973 2856 2175 2894 separaren-

1190 2912 1264 2951 tur,
1276 2912 1308 2940 et
1316 2903 1398 2954 jure
1411 2901 1567 2953 quidem.
1580 2903 1672 2939 Nam
1683 2901 1778 2952 quod
1787 2911 1934 2953 uterque
1946 2902 2094 2954 putabat
2106 2903 2173 2940 uti-

1189 2966 1222 3004 le
1235 2967 1449 3018 fore,postea
1460 2979 1528 3004 non
1545 2965 1754 3014 admisisset,
1764 2980 1803 3003 eo
1819 2965 1916 3016 quod
1930 2965 2036 3002 simul
2047 2975 2172 3003 essent.

1243 3032 1279 3067 2
1305 3028 1399 3065 Mihi
1418 3027 1561 3066 videtur
1580 3027 1680 3064 illam
1702 3027 1957 3079 separationem
1982 3027 2174 3079 prudenter

1188 3105 1263 3129 esse
1283 3091 1425 3139 factam,
1445 3090 1596 3140 illosque
1618 3099 1742 3127 mutuo
1762 3089 1896 3127 dixisse
1914 3105 1921 3125 z
1939 3090 2173 3141 Quandoqui-

1188 3153 1272 3190 dem
1289 3166 1353 3204 ego
1367 3152 1463 3202 nolo,
1479 3161 1518 3189 tu
1532 3161 1648 3189 autem
1662 3151 1735 3200 vis3
1754 3160 1793 3188 ut
1813 3165 1856 3188 ne
1864 3165 2076 3203 pugnemus,
2097 3153 2173 3190 loca

1189 3213 1457 3252 distribuamus.
1477 3213 1600 3263 Itaque
1617 3213 1771 3249 multum
1789 3212 1857 3250 sibi
1875 3222 1999 3250 mutuo
2014 3213 2175 3252 cedentes

1189 3275 1258 3326 hoe
1278 3273 1464 3311 faciebant.
1480 3272 1634 3312 Volebat
1656 3273 1835 3311 Barnabas
1855 3283 1947 3312 stare
1966 3274 2063 3325 quod
2082 3276 2175 3313 Pau-

1216 3403 1228 3418 a
1253 3397 1363 3436 ἀγαθὸν
1381 3394 1451 3425 εἶναι
1467 3397 1518 3431 τό,
1536 3391 1581 3422 sic
1597 3388 1745 3433 quidam.
