2466 3805
118 965 250 993 Μιηῑςιε-
262 954 304 988 in
327 952 553 1004 quotidiano
579 952 791 988 ministerio
821 948 953 985 viduoe
984 960 1125 985 eorum.
1151 945 1247 997 Ergo

65 1016 140 1033 rium
179 1017 252 1043 quo-

67 1047 208 1075 udianum

63 1089 144 1124 qnid-

279 255 365 299 132

271 351 401 388 domos
419 363 495 388 non
509 350 711 388 cessabant
725 348 903 384 docentes
921 352 957 381 et
976 340 1248 392 evangelizam
1269 341 1294 369 D

270 419 325 448 tes
351 412 545 449 Christum
575 410 723 447 Jesum.
757 408 806 442 In
840 405 974 440 diebus
1000 409 1131 439 autem
1155 399 1246 436 illis.

270 471 410 519 Quibus
433 469 586 508 diebus?
609 468 700 505 Cum
728 466 803 502 haec
822 463 963 510 fierent,
989 475 1071 498 cum
1088 458 1245 510 flagella,

269 544 351 568 cum
366 531 485 578 minae3
503 542 583 565 eum
602 523 770 577 discipuli
789 521 1142 574 multiplicarentur:
1164 528 1249 556 tunc

268 593 308 628 F
306 599 433 628 actum
454 598 509 627 est
531 599 715 625 murmur.
735 584 782 622 Et
799 582 956 621 fortassis
974 582 1019 619 ob
1038 579 1247 619 multitudi—

267 663 346 688 nem
374 649 524 699 contigit
548 664 556 684 ε
587 661 656 685 non
683 645 779 684 enim
807 652 920 697 potest
950 643 986 681 in
1017 640 1248 680 multitudine

263 719 381 748 tantus
410 709 497 747 ordo
521 708 665 747 servari.
689 709 743 745 Et
763 719 907 758 magna
928 706 1042 742 turba
1066 703 1248 741 sacerdo—

264 780 344 808 tum
372 770 572 807 'obediebat
590 769 705 821 fidei.
724 767 791 804 His
819 765 1087 812 subindicatur,
1108 777 1152 801 ex
1179 762 1246 809 iis,

263 830 323 881 qui
344 830 477 868 Christi
508 844 629 868 necem
652 827 846 866 machinati
874 835 969 872 sunt,
986 825 1118 863 multos
1133 822 1248 861 credi-

261 889 365 928 disse.
385 893 552 928 Factum
567 898 622 928 est
638 902 824 934 murmur,
844 887 948 940 quod
961 887 1248 937 despicerentur·

731 268 750 297 S
760 287 768 296 .
806 268 854 297 JO
860 265 991 295 ANNIS
1030 259 1271 292 CHRYSOST.

1270 954 1293 984 E

263 1012 511 1063 quotidianum
541 1011 779 1049 ministerium
817 1022 900 1061 erga
929 1006 1058 1046 viduas
1083 1015 1167 1044 erat.
1202 1006 1249 1043 Et

262 1073 357 1124 vide,
382 1073 560 1124 quomodo
573 1073 633 1111 hic
652 1071 892 1110 ministerium
906 1077 1027 1117 vocet,
1043 1077 1076 1106 et
1091 1081 1161 1105 non
1178 1076 1248 1105 sta-

260 1135 326 1173 tim
353 1135 626 1186 eleemosynam,
661 1133 781 1182 sicque
808 1140 841 1168 et
864 1144 922 1167 eos
950 1129 1012 1179 qui
1044 1128 1189 1175 darent,
1214 1136 1248 1165 et

259 1209 317 1233 eos
343 1195 404 1246 qui
432 1194 651 1246 acciperent,
677 1191 835 1230 extollat.
857 1189 932 1227 Hoc
958 1202 1027 1226 non
1047 1202 1093 1225 ex
1109 1187 1247 1225 malitia

258 1256 454 1303 oriebatur,
470 1254 532 1292 sed
549 1253 708 1292 fortassis
727 1266 772 1290 ex
786 1250 899 1288 turbae
917 1248 1144 1301 negligentia.
1158 1247 1245 1286 Ideo

256 1316 382 1354 hocin
402 1315 563 1353 medium
590 1313 739 1367 protulit
758 1315 842 1361 (non
872 1324 1026 1363 parvum
1052 1308 1146 1346 enim
1171 1323 1246 1346 ma-

257 1378 333 1416 lum
355 1381 459 1426 erat),
482 1374 578 1426 quod
597 1375 665 1413 cito
686 1371 887 1411 curandum
916 1369 1087 1423 oportuit.
1111 1368 1244 1408 Viden'

257 1438 435 1490 quomodo
454 1437 489 1474 in
505 1435 683 1489 principio
698 1434 792 1472 mala
811 1446 881 1470 non
900 1431 986 1469 foris
1001 1439 1140 1468 tantum
1152 1460 1162 1479 ,
1180 1429 1242 1468 sed

257 1499 363 1537 etiam
388 1499 483 1536 intus
505 1497 645 1535 essent?
671 1497 730 1533 Tu
748 1508 832 1533 vero
855 1507 925 1531 non
944 1492 1061 1530 solum
1084 1490 1243 1528 attendas

257 1560 352 1612 quod
370 1568 532 1598 curatum
545 1558 652 1596 fuerit
663 1587 673 1606 ,
695 1557 756 1595 sed
771 1556 877 1593 ctiam
893 1554 988 1605 quod
1002 1567 1172 1605 magnum
1190 1567 1243 1591 es-
1289 1597 1294 1606 Ι

256 1630 308 1659 set
325 1621 472 1659 malum.
495 1620 745 1658 Considerate
765 1631 866 1668 erg0,
878 1617 1047 1669 fratres,
1068 1617 1176 1652 viros
1196 1597 1301 1663 exffs

256 1683 369 1719 vobis
390 1689 543 1733 septem.
563 1681 643 1718 Non
663 1678 701 1716 id
723 1692 768 1715 ex
790 1674 934 1729 proprio
965 1686 1055 1713 nutu
1087 1675 1242 1724 faciunt,

257 1743 318 1781 sed
338 1743 436 1796 prius
459 1757 495 1781 se
520 1749 690 1780 excusant
717 1739 817 1792 apud
845 1737 1126 1775 multitudinem.
1142 1737 1196 1774 Ita
1213 1745 1246 1774 et

258 1817 352 1842 nunc
367 1803 447 1841 fieri
467 1810 657 1855 oporteret.
676 1802 767 1839 Non
785 1808 839 1837 est
859 1811 1024 1850 (equum,
1041 1797 1155 1847 aiunt,
1179 1810 1246 1835 nos

259 1865 525 1915 derelinquere
545 1863 707 1899 verbum
727 1861 816 1905 Dei,
836 1867 873 1896 et
891 1860 1112 1895 ministrare
1143 1871 1247 1894 men-

259 1927 323 1963 sis.
348 1924 469 1962 Primo
498 1921 755 1960 absurditatem
784 1919 938 1971 profert,
967 1917 1152 1955 ostendens
1178 1931 1247 1955 non

259 1999 359 2038 posse
375 1994 565 2035 utrumque
578 1990 739 2021 accurate
756 1979 916 2033 praestari
935 1994 942 2015 :
960 1978 1249 2030 quandoquidem

261 2061 342 2084 cum
359 2046 553 2084 Matthiam
568 2044 732 2083 ordinare
748 2041 918 2094 oportuit,
936 2040 1052 2091 primo
1070 2041 1121 2078 rei
1135 2050 1249 2078 osten-

264 2107 354 2145 dunt
374 2105 633 2153 necessitatem,
655 2104 739 2155 quia
767 2117 857 2140 unus
888 2102 1085 2150 defecerat,
1106 2110 1139 2139 et
1163 2101 1251 2140 duo-

264 2169 380 2207 decim
414 2182 486 2207 esse
521 2168 715 2220 oportebat.
752 2165 873 2203 Etiam
914 2164 975 2202 hic
1009 2164 1251 2202 necessitatem

267 2229 455 2269 ostendunt
475 2245 482 2265 ε
503 2243 566 2266 nec
585 2227 677 2265 illud
699 2235 779 2264 ante
794 2226 968 2274 fecerunt,
989 2224 1050 2262 sed
1067 2233 1250 2276 exspecta·

269 2300 352 2328 runt
371 2290 482 2328 donec
501 2302 665 2326 murmur
693 2287 864 2335 oriretur,
881 2298 994 2335 neque
1016 2293 1133 2323 tamen
1162 2284 1255 2337 passi

271 2360 354 2389 sunt
369 2360 409 2389 ut
420 2351 490 2389 hoc
507 2350 661 2387 multum
681 2355 859 2386 cresceret.

324 2414 360 2450 5.
379 2412 428 2450 Et
446 2411 530 2450 vide
538 2426 549 2461 3
567 2409 745 2462 judicium
775 2407 847 2445 illis
866 2406 1088 2459 permittunt,
1118 2414 1151 2443 et
1176 2406 1257 2444 illos

270 2474 463 2527 praeferunt
478 2472 538 2523 qui
559 2471 723 2509 omnibus
746 2470 938 2522 placerent,
961 2477 993 2506 et
1012 2467 1171 2505 omnium
1200 2476 1254 2505 te-

273 2534 436 2572 stimonio
448 2532 588 2585 probati
604 2539 727 2569 essent.
759 2530 851 2567 Cum
873 2528 1028 2581 oportuit
1064 2527 1255 2565 matthiam

273 2609 479 2648 proponere,
499 2596 669 2646 Oportet,
687 2591 866 2642 inquiunt,
889 2605 934 2628 ex
951 2593 1011 2636 iis,
1035 2592 1102 2642 qui
1128 2591 1255 2627 nobis-

275 2671 360 2695 cum
377 2665 465 2695 sunt
482 2657 586 2692 omni
611 2662 798 2705 tempore,-
832 2651 892 2688 hic
926 2660 1043 2688 autem
1075 2664 1144 2688 non
1179 2650 1254 2687 sie:

274 2731 343 2754 non
363 2717 457 2754 enim
476 2715 545 2753 tale
564 2713 746 2765 negotium
779 2720 863 2749 erat.
884 2711 969 2749 Ideo
988 2711 1055 2748 hoc
1074 2724 1142 2748 non
1172 2711 1256 2748 sorti

274 2778 531 2829 permiserunt,
548 2788 659 2826 neque
673 2788 753 2811 cum
768 2773 836 2825 ipsi
854 2782 994 2824 possent
1012 2771 1149 2824 Spiritu
1170 2772 1257 2810 moti

275 2839 417 2890 eligere,
442 2837 481 2874 id
499 2836 656 2884 faciunt,
677 2834 738 2873 sed
767 2848 812 2872 ex
843 2834 1038 2871 multorum
1058 2833 1258 2870 testimonio

276 2900 369 2950 quod
385 2898 556 2950 placitum
575 2905 663 2934 esset
682 2904 853 2933 statuunt.
876 2894 1045 2945 Alioquin
1062 2908 1159 2943 vero,
1191 2908 1257 2931 nu-

275 2976 411 3001 merum
429 2960 592 3011 definire,
615 2959 790 3007 ordinare,
811 2957 857 3006 ad
877 2958 981 2995 talem
1003 2972 1121 3007 usum,
1142 2957 1189 2995 ad
1213 2958 1257 2995 il-

273 3026 325 3062 los
345 3022 541 3076 pertinebat
549 3037 560 3071 3
579 3020 708 3072 eligere
730 3027 848 3056 autem
882 3017 976 3055 viros
1004 3018 1075 3055 illis
1108 3018 1255 3069 permit-

273 3094 362 3134 tunt,
378 3094 417 3121 ut
444 3097 486 3121 ne
518 3082 725 3121 viderentur
756 3079 803 3118 ad
837 3078 1073 3129 quorumdam
1103 3079 1255 3129 gratiam
1278 3086 1300 3116 C

271 3160 372 3197 agere
393 3161 399 3181 ε
423 3143 506 3194 quia
521 3153 554 3181 et
571 3144 669 3180 Deus
681 3140 800 3192 Moysi
815 3139 972 3192 permisit
985 3139 1115 3190 eligere
1137 3140 1252 3177 senio-

271 3217 338 3251 res,
360 3216 449 3253 quos
463 3209 618 3238 noverat.
648 3199 766 3237 Multa
782 3198 876 3236 enim
899 3197 1069 3250 sapientia
1088 3212 1176 3249 opus
1201 3209 1250 3236 est

271 3264 307 3301 in
322 3263 452 3300 talibus
471 3260 805 3313 dispensationibus.
827 3260 878 3297 Ne
889 3258 1018 3311 putetis
1034 3258 1147 3308 enim,
1164 3259 1248 3310 quia

1278 2467 1299 2496 Β

310 3412 322 3424 τ
339 3401 430 3432 Unus
446 3405 555 3436 τίθησιν
571 3403 607 3435 ὡς
622 3402 670 3431 οὐκ
686 3403 757 3431 ἐνόν,
778 3397 872 3438 [Mox
888 3397 928 3428 D.
947 3404 998 3434 τῆς
1014 3396 1165 3437 σπουδῆς.]

1313 258 1517 288 ARCHIEP.
1558 258 1916 289 CONSTANTINOP.

1319 353 1416 388 μενοι
1436 337 1570 383 Ἰησοῦν
1591 338 1754 389 Χριστόν.
1780 339 1842 377 Ἔν
1862 339 1897 377 δὲ
1916 345 1990 383 ταῖς
2019 339 2168 390 ἡμέραις
2185 338 2339 381 ταύταις.

1318 397 1444 441 Ποίαις
1471 398 1639 450 ἡμέραις,
1657 397 1746 436 tl0¹:13
1766 403 1876 437 ταῦτα
1905 399 2052 450 ἐγίνετο,
2072 400 2129 437 ὅτε
2150 399 2316 449 μάστιγες
2329 427 2339 444 ,

1318 457 1375 496 ὅτε
1403 460 1506 496 ἀπειλ
1509 474 1564 506 αι,
1580 474 1636 495 οτε
1658 459 1888 505 ἐπληθύνοντο
1907 462 1938 497 οἳ
1958 460 2129 510 μαθηταὶ,
2149 460 2227 498 τότε
2246 461 2306 497 Γο
2296 475 2340 510 (-

1318 519 1449 570 γυσμὸς
1467 519 1611 569 γίνεται.
1636 519 1719 557 Ἀπὸ
1746 536 1805 558 του
1834 520 1984 566 πλήθους
2012 520 2048 558 δὲ
2073 521 2167 573 τάχα
2191 520 2341 566 συνέὸη·

1318 581 1356 617 οὐ
1375 579 1442 632 γὰρ
1471 579 1563 617 ἔστιν
1589 579 1711 631 ἀκρίὸε
1716 595 1768 617 ιαν
1788 582 1822 618 ἐν
1849 580 1975 626 πλήθει
2005 585 2103 619 εἶναι.
2134 581 2204 619 Και
2236 580 2342 623 πολὺς

1319 640 1420 692 ὄχλος
1445 643 1514 677 τῶν
1529 639 1648 693 ἱερέων
1666 639 1820 685 ὑπήκουε
1849 643 1890 692 τῇ
1911 640 2039 678 πίστει.
2059 643 2172 679 Τοῦτο
2193 643 2344 680 αἰνιττο-

1321 701 1423 751 μένου
1444 701 1516 740 ἐστὶ
1535 702 1594 739 καὶ
1609 701 1815 748 δεικνύντος,
1833 701 1886 740 δ’τι
1903 704 1960 754 ἀφ’
1977 697 2024 740 ὧν
2047 706 2065 740 ὁ
2081 702 2172 740 κατὰ
2189 704 2343 753 Χριστοῦ

1320 762 1463 806 θάνατος
1479 763 1670 809 ἐσκευάσθη
1686 793 1696 810 ,
1723 763 1846 801 πολλοὶ
1871 762 1940 801 ἀπὸ
1961 763 2092 801 τούτων
2111 762 2341 801 πιστεύουσιν.

1320 824 1499 876 Ῥμνετο,
1517 840 1619 876 φησι,
1633 839 1674 876 (ο
1676 824 1849 876 γγυσμὸς,
1876 823 2257 881 ὅτιπαρεθεωρουντο’
2242 840 2277 861 εν
2299 826 2342 874 τῇ

1319 884 1476 936 διακονίᾳ
1490 888 1532 936 τῇ
1559 887 1774 937 καθημερινῃ
1795 901 1831 922 αι
1848 900 1957 937 χηραι
1974 886 2098 922 αὐτῶν.
2117 883 2204 937 Ἄρα
2229 887 2343 930 καθη-

1320 944 1442 997 μερινὴ
1464 945 1621 984 διακονία
1640 950 1682 992 ἠν
1704 951 1781 988 ταῖς
1806 946 1944 998 χήραις.
1977 944 2085 982 Και”
2065 959 2150 995 ορα,
2178 946 2252 988 πῶς
2284 945 2344 983 και

1319 1011 1415 1050 οὗτος
1435 1008 1608 1046 διακονίαν
1636 1009 1756 1052 καλεῖ,
1778 1007 1838 1044 καὶ
1860 1008 1896 1044 οὔ
1926 1005 2061 1057 ταχέως
2089 1004 2344 1055 ἐλεημοσύνην·

1319 1068 1393 1118 ἅμα
1423 1069 1482 1106 καὶ
1511 1068 1589 1114 τοὺς
1625 1068 1799 1115 διδόντας,
1818 1066 1877 1105 καὶ
1906 1065 1984 1110 τοὺς
2017 1065 2260 1116 λαμὸάνοντας
2289 1064 2345 1103 διὰ

1317 1129 1438 1167 τούτου
1460 1130 1623 1180 ἐπαίρων.
1645 1132 1759 1168 Τοῦτο
1781 1130 1819 1167 οὗ
1847 1127 1973 1170 κακίας
1987 1123 2043 1174 ἦν,
2067 1126 2156 1165 ἀλλὰ
2174 1131 2234 1164 τοῦ
2251 1126 2345 1173 πλή-

1318 1194 1395 1234 θους
1414 1190 1495 1234 ἴσως
1522 1191 1685 1243 ῥᾳθυμία.
1715 1190 1784 1229 Διὰ
1816 1194 1916 1227 τοῦτο
1952 1189 2012 1227 καὶ
2048 1188 2241 1241 προύθηκεν
2264 1187 2345 1225 αὐτὸ

1318 1253 1365 1292 εἰς
1382 1251 1485 1301 μέσον
1507 1255 1518 1299 (
1536 1254 1572 1289 οὐ
1595 1252 1716 1304 μικρὸν
1736 1250 1803 1303 γὰρ
1823 1251 1929 1288 κακὸν
1945 1244 1986 1295 ἦν
2006 1253 2033 1297 ),
2055 1249 2113 1287 ἵνα
2133 1247 2269 1301 ταχέως
2285 1247 2345 1285 καὶ

1546 1311 1672 1363 Ορᾶς,
1703 1327 1778 1354 πως
1808 1327 1868 1349 και
1894 1312 1928 1348 ἐν
1957 1313 2050 1362 ἀρχῇ
2080 1326 2124 1347 τοι
2144 1325 2238 1346 κακα
2267 1309 2346 1361 οὐχὶ

2027 1371 2077 1409 Συ
2106 1370 2141 1409 δε
2164 1372 2212 1421 μὴ
2243 1373 2345 1409 τοῦτο

1318 1312 1499 1364 διορθωθῃ.

1315 1372 1436 1418 ἔξωθεν
1459 1373 1560 1423 μόνον
1584 1377 1641 1421 ἠν,
1663 1372 1753 1411 ἀ7λα
1773 1388 1832 1410 και
1849 1372 1887 1410 ἔσ
1868 1376 1957 1410 ωΟε
1945 1388 1996 1419 -ν;

1316 1434 1417 1485 μόνον
1448 1435 1524 1486 ἴοῃς
1557 1435 1610 1473 ὅτι
1645 1434 1844 1486 διωρθώθη,
1864 1433 1942 1472 ἀλλ
1961 1433 2000 1472 ὅτ
2005 1449 2015 1470 ι
2049 1450 2090 1483 με
2083 1433 2139 1483 ’γα
2164 1431 2271 1470 κακὸν
2293 1431 2343 1469 ὅν.

1314 1496 1595 1548 Ἐπισκέψασθε,
1625 1496 1784 1547 ἀδελφοὶ,
1807 1495 1933 1546 ἄνδρας
1963 1494 1997 1538 ἐξ
2026 1496 2123 1544 ὑμῶν
2146 1493 2246 1531 ἑπτά.
2266 1494 2344 1531 Οὐκ

1313 1557 1424 1611 οἰκεία
1442 1557 1564 1610 γνώμῃ
1585 1557 1812 1609 πράττουσιν,
1835 1555 1925 1594 ἀλλὰ
1943 1555 2109 1608 πρότερον
2132 1556 2343 1603 ἀπολογοῦν-

1313 1634 1369 1656 ται
1390 1622 1438 1670 τῷ
1454 1619 1593 1666 πλήθει.
1610 1618 1712 1657 Οὕτω
1732 1618 1792 1656 καὶ
1810 1622 1867 1655 νῦν
1885 1617 2040 1667 γίνεσθαι
2058 1616 2138 1654 ἔδει.
2151 1617 2228 1654 Οὐκ
2247 1615 2341 1661 ἔστι,

1313 1680 1420 1732 φησὶ,
1438 1679 1580 1731 ἀρεστὸν
1598 1678 1854 1721 καταλιπόντας
1873 1682 1967 1728 ἡμας
1981 1678 2039 1716 τὸν
2055 1677 2157 1728 λόγον
2171 1693 2230 1715 του
2247 1679 2340 1716 Θεοῦ

1313 1742 1481 1779 οιακονεῖν
1496 1739 1695 1816 τραπέζαις.
1711 1742 1857 1792 Πρῶτον
1880 1755 1919 1777 το
1941 1738 2069 1777 ἄτοπον
2089 1737 2253 1786 ἔίτίθησι,
2269 1738 2340 1776 δει-

1313 1816 1411 1848 κνυς,
1431 1804 1476 1844 ὡς
1496 1804 1558 1840 οὐκ
1575 1802 1648 1839 ἐνὸν
1670 1800 1759 1852 μετὰ
1780 1801 1932 1845 σπουοης
1968 1799 2148 1851 ἀμφότερα
2162 1799 2340 1851 γίνεσθαι·

1315 1863 1390 1901 ἐπει
1409 1878 1468 1900 και
1485 1862 1542 1901 ὅτε
1561 1879 1617 1901 τον
1633 1862 1793 1901 Ματθίαν
1825 1867 2032 1914 χειροτονεῖν
2053 1860 2217 1911 ἔμελλον,
2242 1875 2342 1912 πρω-

1315 1939 1372 1961 τον
1395 1940 1456 1969 την
1475 1923 1595 1976 χρείαν
1614 1923 1804 1961 δεικνύουσι
1819 1937 1878 1960 του
1895 1922 1967 1973 προί
1969 1938 2117 1973 (ματος,
2135 1920 2188 1959 ὅτι
2207 1935 2245 1958 τε
2266 1919 2342 1958 ἔλι-

1317 2001 1379 2022 πεν
1402 1988 1466 2032 εἷς,
1485 1983 1583 2021 καὶ”
1565 2000 1633 2021 εοει
1652 1983 1810 2035 γενέσθαι
1830 1983 1975 2021 δώοεκα.
2013 1982 2083 2020 Και
2114 1983 2261 2019 ἐνταυθα
2279 1996 2341 2026 την

1316 2045 1473 2099 χρείαν,
1458 2045 1660 2092 εδηλιμωαν
1681 2044 1740 2082 καὶ
1761 2042 1839 2082 οὔτε
1857 2043 2022 2097 πρότερον
2046 2041 2229 2089 ἐποίησαν,
2254 2039 2344 2079 αλλὰ

1318 2103 1538 2156 περιέμειναν
1561 2102 1721 2154 γενεσθαι
1745 2118 1802 2140 τον
1819 2117 2036 2153 «μομυσμον,
2057 2100 2134 2138 οὔτε
2159 2099 2228 2151 μὴν
2258 2097 2343 2145 ἠνέ-

1321 2179 1446 2216 σχοντο
1461 2164 1517 2202 ἐπὶ
1537 2163 1625 2202 πολυ
1645 2179 1744 2202 τουτο
1765 2163 1882 2214 cup-6
1843 2179 1953 2209 ηναι.

1379 2405 1448 2444 Καὶ
1466 2407 1542 2456 ὅρα,
1562 2404 1625 2450 τὴν
1646 2403 1758 2456 κρίσιν
1780 2406 1892 2446 αὐτοῖς
1913 2402 2156 2455 ἐπιτρέπουσι,
2188 2403 2248 2440 καὶ
2267 2403 2345 2445 τοὺς

1326 2474 1429 2505 πᾶσιν
1457 2466 1665 2518 ἀρέσκοντας
1696 2464 1755 2503 καὶ
1783 2466 1849 2503 ὑπὸ
1874 2465 2012 2502 πάντων
2044 2463 2344 2515 μαρτυρουμένους

1326 2527 1473 2572 ἐκείνους
1489 2527 1756 2579 προὸάλλονται.
1774 2526 1865 2564 υΟτε
1885 2525 1946 2576 μὲν
1958 2520 2013 2563 οὖν
2027 2525 2083 2562 τὸν
2097 2524 2259 2562 Ματθίαν
2276 2524 2344 2562 ἔδει

1325 2589 1602 2641 προῧάλλεσθαι,
1633 2591 1718 2634 Δεῖ,
1751 2586 1867 2638 ἔλεγον
1883 2617 1893 2634 ,
1920 2588 1988 2623 τῶν
2010 2586 2240 2624 συνελθόντων
2260 2589 2343 2636 ’ἡμῖν

1325 2652 1455 2702 ἀνδρῶν
1478 2652 1513 2687 ἐν
1530 2650 1632 2688 παντὶ
1648 2652 1696 2702 τῷ
1715 2649 1829 2701 χρόνῳ
1843 2664 1850 2671 ·
1873 2649 2021 2685 ἐνταῦθα
2040 2646 2075 2684 δὲ
2091 2648 2155 2698 οὐχ
2168 2646 2286 2690 οὕτως·
2306 2648 2344 2684 οὐ

1326 2712 1391 2762 γὰρ
1411 2714 1562 2748 τοιοῦτον
1582 2705 1622 2756 ἧν
1642 2711 1681 2748 τὸ
1700 2717 1859 2761 πρᾶγμα.
1902 2709 1964 2746 Διὸ
1986 2707 2045 2745 καὶ
2065 2708 2102 2744 οὖ
2120 2707 2239 2759 κλήρῳ
2263 2707 2345 2745 αὐτὸ

1325 2772 1535 2824 ἐπέτρεψαν,
1574 2770 1651 2808 οὔτε
1688 2771 1791 2808 πάλιν
1805 2799 1814 2815 ,
1857 2769 2037 2818 δυνάμενοι
2073 2767 2170 2804 αὐτοὶ
2206 2766 2344 2810 ἐκλέξαι

1327 2833 1506 2882 Πνεύματι
1534 2830 1746 2881 κινούμενοι,
1774 2833 1874 2868 τοῦτο
1899 2832 2074 2867 ποιοῦσιν·
2108 2826 2177 2865 ἀπὸ
2196 2829 2258 2872 τῆς
2275 2829 2344 2864 τῶν

1327 2896 1394 2932 πα)
1395 2895 1464 2931 λων
1485 2891 1676 2944 μαρτυρίας
1693 2891 1731 2928 τὸ
1750 2891 1869 2928 οοκοῦν
1887 2891 1959 2939 μα7
1951 2890 2051 2926 λον
2044 2902 2195 2925 ιστωσιν.
2211 2886 2344 2930 Ἄλλως

1328 2972 1362 2993 οε
1378 2970 1416 2992 το
1439 2970 1480 2991 με
1484 2970 1500 2990 ν
1518 2952 1631 3005 ὁρίσαι
1646 2952 1702 2989 τὸν
1727 2951 1890 3003 ἀριθμον,
1911 2949 1969 2987 καὶ
1989 2963 2255 2999 χειροτονῆσαι,
2284 2963 2344 2985 και

1326 3032 1365 3054 το
1391 3017 1424 3053 ἐν
1444 3013 1546 3066 χρεία
1565 3013 1728 3063 τοιαύτῃ,
1747 3010 1888 3048 batorum
1909 3013 1970 3056 ἠν·
1995 3010 2070 3046 τὸ
2053 3023 2089 3046 οε
2110 3008 2246 3046 ἑλέσθαι
2267 3023 2345 3051 τους

1327 3079 1450 3128 ἅνορας
1472 3074 1612 3117 ἐκείνοις
1632 3072 1897 3125 ἐπιτρέπουσιν,
1923 3087 1977 3108 ινα
2006 3087 2053 3120 αν,
2078 3068 2218 3113 οοξωσιν
2247 3068 2343 3106 αὐτοι

1323 3139 1537 3190 χαρίζεσθαι·
1562 3134 1636 3173 ἐπει
1654 3150 1714 3171 και
1730 3136 1747 3171 6
1765 3133 1855 3175 Θεὸς
1868 3134 1982 3183 Μωστ,
2007 3130 2185 3183 ἐπιτρέπει
2206 3129 2344 3167 ἑλέσθαι

1323 3197 1576 3250 πρεσὸυτέρους
1590 3226 1599 3243 ,
1626 3194 1682 3238 οὓς
1702 3194 1782 3232 οἶοε.
1818 3192 1887 3230 Καὶ
1907 3191 1972 3244 γαρ
2002 3191 2123 3242 σοφίας
2141 3192 2272 3236 πο7λῆς
2293 3189 2342 3226 δεῖ

1322 3262 1355 3297 ἐν
1378 3264 1452 3302 ταῖς
1483 3254 1657 3299 τοιαύταις
1677 3252 1899 3303 οἰκονομίαις.
1930 3251 1991 3298 Μὴ
2012 3251 2079 3304 γὰρ
2101 3251 2140 3299 δὴ
2161 3250 2341 3302 νομίσητε,

1380 3396 1396 3420 b
1411 3392 1525 3426 Morel.
1543 3393 1598 3433 [et
1613 3391 1670 3432 D.]
1692 3393 1786 3424 αὐτῶν
1809 3394 1973 3428 ποιοῦνται,
1992 3393 2025 3421 τὸ
2055 3390 2096 3420 δέ.
