2466 3805
653 246 695 275 IN
731 245 816 275 Ac'r
823 246 849 273 A
886 242 970 273 ΑΡΟ
976 242 1056 272 STO
1062 240 1175 270 LORU
1181 240 1213 269 M
1223 259 1232 270 .

1270 240 1425 270 flOMlL.
1463 241 1560 271 ΧΙΧ.

2068 227 2152 290 169

87 327 302 379 Κατάγωσον
329 327 372 364 τὰ
392 326 529 378 βιὸλία·
562 327 656 379 τάχα
675 329 712 365 οὗ
735 329 885 364 τοιοῦτον
913 323 1044 376 κρίμα,
1061 323 1099 359 οὗ
1122 323 1146 353 C
1170 320 1305 359 dicium
1323 321 1403 372 erit,
1425 335 1494 359 non
1509 320 1587 359 talis
1605 335 1722 374 poena.
1741 320 1780 359 Si
1794 320 1873 372 quis
1892 321 1927 359 in
1952 322 2038 359 fimo
2057 322 2154 360 defo-

84 388 223 434 τοιαότη
239 388 391 430 κόλασις.
408 388 456 425 Εἴ
473 404 524 430 τις
541 387 776 439 καταχώσειεν
798 385 884 424 αὐτὰ
905 388 939 424 ἐν
963 384 1100 435 κόπρῳ,

83 448 141 486 καὶ
164 448 212 498 μὴ
241 449 359 486 ἀκούοι
393 451 516 496 αὐτῶν,
537 451 601 500 οὐχ
621 447 728 492 οὕτως
760 447 847 485 αὐτὰ
880 445 1028 498 ὑδρίζει,
1053 447 1099 488 ὡς

81 512 150 546 νῦν.
171 508 218 547 Τί
236 509 326 562 γὰρ,
346 509 421 546 εἶπέ
439 525 516 559 μοι,
532 509 570 547 τὸ
587 508 784 559 ὑδριστικὸν
802 511 891 555 ἐκεῖ,
909 506 995 543 εὈτι
1010 504 1098 544 αὐτὰ

81 569 272 622 κατέχωσε.
294 570 341 608 Τί
372 571 428 607 δαὶ
455 573 624 617 ἐνταῦθα,
654 570 740 608 ςὈτι
761 572 822 607 οὐκ
848 567 1017 616 ἀκούομεν
1040 567 1098 602 αὖ·

80 632 160 668 τῶν.
193 629 284 669 Εἰπέ
316 646 394 681 μοι,
425 631 478 674 τίς
502 646 586 669 ποτε
621 631 774 682 μάλιστα
800 629 995 680 ὑῧρίζεται·
1016 627 1096 664 ὅταν

81 693 280 734 σιωπῶντος
303 691 350 741 μὴ
373 691 623 743 ἀποκρίνηται,
643 690 665 736 ἢ
685 690 766 728 ὅταν
790 689 971 739 λέγοντος,
997 687 1097 724 Πάν-

81 768 148 794 τως
179 750 259 789 ὅταν
291 751 459 802 λέγοντος.
474 751 585 790 “sse-ce
610 751 734 802 μείζων
753 755 775 797 ἦ
803 750 899 800 ὕέρις
923 753 994 794 ν’ὗν,
1015 748 1095 785 ὅταν

81 812 139 848 καὶ
160 813 390 863 φθεγγομένου
419 812 466 862 μὴ
497 812 663 862 ἀκούσῃς,
695 811 818 860 μείζων
839 814 860 856 ἠ
882 808 1097 859 καταφρόνη-

81 887 141 912 σις.
164 871 223 917 Μὴ
237 874 374 910 λαλεῖτε
386 875 484 922 ἡμῖν,
498 871 598 923 φησὶ,
614 871 747 909 *πάλαι
758 870 917 907 Ἰουδαῖοι
927 875 998 910 τοῖς
1013 882 1098 918 προ-

79 932 203 982 φήταις
219 931 333 983 ἔλεγον
347 948 354 955 ·
371 936 468 982 ὑμεῖς
486 932 521 970 δὲ
539 937 654 982 χεῖρον
679 937 810 968 ποιεῖτε
821 958 829 974 ,
847 929 1022 979 λέγοντες,
1045 927 1093 977 μὴ

79 993 235 1038 λαλεῖτε,
257 994 294 1029 οὐ
324 996 500 1041 ποιοῦμεν.
529 991 679 1028 Ἐκεῖνοι
705 989 766 1040 μὲν
789 983 846 1026 οὖν
879 988 1094 1039 ἀπέστρεφον
1116 994 1140 1023 D

79 1051 199 1094 αὐτοὺς
230 1052 317 1102 μηδὲ
348 1051 574 1103 φθέγγεσθαι,
609 1054 655 1094 ὡς
676 1051 745 1088 ἀπὸ
772 1053 834 1096 τῆς
854 1052 969 1100 φωνῆς
997 1048 1096 1099 δεχό-

79 1111 176 1162 μενοί
203 1128 280 1150 τινα
310 1112 489 1155 εὐλαὸείας
508 1111 666 1164 ἀφορμήν
682 1127 690 1134 ·
712 1113 810 1161 ὑμεῖς
838 1110 873 1148 δὲ
905 1111 944 1148 ἐκ
963 1111 1096 1156 πολλῆς

75 1172 361 1224 καταφρονήσεως
374 1171 450 1209 οὐδὲ
465 1175 566 1210 τοῦτο
579 1177 720 1210 ποιεῖτε.
741 1171 975 1217 Πιστεύσατε,
1000 1173 1030 1208 εἶ
1051 1170 1095 1208 τὰ

76 1231 234 1282 στόματα
248 1234 327 1282 ὑμῖν
345 1231 551 1285 ἐνεφράξατε
562 1263 570 1279 ,
586 1231 647 1275 τὰς
661 1237 675 1253 ⁰
686 1238 805 1285 χεῖρας
821 1231 1013 1279 ἐπιθέντες,
1032 1232 1095 1269 οὔκ

76 1286 117 1338 ἦν
136 1292 287 1338 τοσαύτη
303 1296 324 1338 ἡ
345 1292 439 1345 ῧὸρις
459 1291 521 1339 ὅση
541 1296 611 1331 νῦν.
632 1292 721 1331 Εἰπὲ
740 1292 806 1344 γάρ
829 1309 911 1343 μοι,
929 1296 946 1331 ὃ
961 1292 1093 1331 ἀκούων

76 1352 135 1390 καὶ
160 1352 206 1403 μὴ
229 1353 448 1403 πειθόμενος,
475 1353 637 1404 μειζόνως
665 1359 896 1406 καταφρονεῖ,
917 1353 939 1400 ἢ
962 1356 980 1392 ὁ
1007 1353 1095 1404 μηδὲ

77 1414 209 1452 ἀκούων
225 1430 234 1459 ;

130 1481 233 1520 Ἀλλὰ
253 1481 335 1533 φέρε
369 1481 425 1520 ἐπὶ
457 1481 588 1534 ὕὸρεως
618 1482 657 1520 τὸ
687 1487 835 1534 πρᾶγμα
869 1480 1097 1532 ἐξετάσωμεν.

77 1542 123 1580 Εἴ
153 1559 203 1586 τις
239 1542 296 1579 τὸν
328 1542 509 1594 ὑδρίζοντα
540 1542 699 1594 κατέχοι,
721 1542 779 1580 καὶ
807 1544 1023 1592 ἐπιστομίζοι
1052 1545 1099 1587 ὣς

78 1603 191 1652 ἀλγῶν
219 1608 294 1645 ταῖς
318 1601 474 1653 ὕὸρεσιν,
494 1602 608 1655 ἕτερος
635 1602 670 1641 δὲ
697 1602 786 1653 μηδὲ
816 1601 987 1654 φροντίζοι
1010 1601 1096 1652 μηδὲ

77 1668 326 1713 προσποιοῖτο,
360 1663 412 1706 τίς
450 1665 578 1713 μᾶλλον
611 1669 846 1716 καταφρονεῖ,
881 1663 946 1714 οὐχ
977 1666 1094 1710 οὗτος,
1116 1671 1142 1701 Ε

79 1722 233 1766 Ἐκεῖνος
261 1723 321 1773 μὲν
339 1723 406 1775 γὰρ
426 1723 604 1775 ἐμφαίνει,
627 1723 679 1761 ὅτι
699 1723 837 1775 πληγὴν
859 1723 1015 1775 δέχεται·
1037 1727 1096 1760 οὓ-

78 1799 133 1826 τος
145 1783 179 1822 δὲ
196 1783 377 1836 μονονουχὶ
402 1784 441 1822 τὸ
456 1784 568 1835 στόμα
583 1785 772 1838 ἐμφράττει
783 1788 841 1822 τοῦ
859 1786 962 1823 Θεοῦ.
976 1785 1098 1837 Ἔφρί-

79 1844 157 1888 ξατε
176 1845 214 1882 τὸ
227 1845 325 1896 ῥηθέν
338 1862 347 1892 3
361 1845 453 1883 ἈλλΊ
473 1845 577 1883 ἄκουε
598 1846 658 1884 καὶ
676 1848 750 1889 πῶς
768 1850 867 1883 τοῦτο
884 1845 1028 1896 γίνεται.
1045 1845 1097 1884 Τὸ

79 1905 191 1955 στόμα
202 1937 210 1953 ,
233 1907 274 1943 δι’
292 1899 329 1942 οἷ
350 1909 367 1943 ὃ
380 1906 468 1948 Θεὸς
485 1905 670 1957 φθέγγεται
683 1935 691 1953 ,
705 1905 817 1955 στόμα
834 1905 906 1943 ἐστὶ
917 1910 975 1943 τοῦ
992 1907 1096 1944 Θεοῦ.

79 1966 246 2018 Καθάπερ
266 1965 333 2017 γὰρ
351 1969 450 2002 τοῦτο
468 1966 507 2002 τὸ
526 1965 638 2015 στόμα
660 1968 721 2011 τῆς
749 1967 862 2017 ψῦχῆς
881 1969 981 2016 ἡμῶν
1001 1968 1096 2013 ἐστι,

79 2025 192 2062 καίτοι
206 2027 320 2077 ψυχῆς
339 2026 401 2063 οὐκ
421 2025 566 2077 ἐχούσης
585 2025 699 2076 στόμα
713 2041 720 2048 ·
745 2025 833 2063 οὕτω
851 2026 910 2063 καὶ
932 2027 972 2064 τὸ
985 2026 1096 2077 στόμα

1168 379 1261 419 derit
1277 381 1368 430 illos,
1392 390 1426 420 et
1451 395 1520 420 non
1538 381 1620 420 illos
1637 381 1804 432 audierit,
1825 395 1895 420 non
1923 391 1995 420 tam
2023 392 2150 420 contu—

1170 441 1274 479 melia
1293 442 1416 491 afficit,
1436 451 1475 480 ut
1494 456 1588 480 nunc
1606 443 1658 480 fit.
1676 441 1774 489 Quid
1792 442 1887 480 enim
1899 473 1909 492 ,
1925 457 2059 494 quaeso,
2076 443 2152 481 illic

1169 503 1486 541 contumeliosum?
1500 503 1607 549 Quod
1624 504 1704 541 illos
1719 503 1906 542 defoderit.
1921 504 2020 551 Quid
2033 513 2152 542 autem

1168 562 1253 600 hic?
1274 563 1384 611 Quod
1414 578 1484 601 non
1515 563 1703 602 audiamus
1739 564 1830 601 illos.
1853 564 1921 602 Dic
1949 565 2040 602 mihi
2074 573 2151 602 uter

1168 623 1324 661 maxime
1341 624 1552 662 contumelia
1577 625 1699 673 afficit,
1723 625 1785 675 qui
1805 625 1935 673 silenti,
1953 639 1996 663 an
2017 625 2077 676 qui
2097 626 2150 663 lo-

1169 683 1291 731 quenti
1309 697 1379 721 non
1398 685 1612 736 respondet?
1633 686 1735 723 Certe
1752 685 1816 735 qui
1843 685 2011 736 loquenti.
2027 687 2151 737 Itaque

1167 743 1281 793 major
1300 757 1394 780 nunc
1421 753 1472 781 est
1492 745 1702 782 contumelia
1717 775 1728 794 ,
1752 760 1833 782 cum
1852 746 2051 796 loquentem
2079 761 2149 784 non

1166 803 1283 849 audis,
1306 805 1420 855 major
1445 814 1652 843 contemtus.
1682 807 1741 843 Ne
1767 807 1981 857 loquamini
2014 810 2147 854 nobis,

1165 864 1348 913 quondam
1376 864 1539 902 dicebant
1567 865 1749 916 prophetis
1779 868 1800 905 J
1804 866 1896 903 udaei
1911 883 1919 903 ε
1939 882 2003 905 vos
2034 878 2150 906 autem

1165 924 1266 974 pejus
1282 923 1409 972 facitis,
1429 924 1603 962 dicentes:
1619 926 1672 962 Ne
1686 925 1974 975 loquamini,non
1989 928 2151 967 facimus.

1166 984 1224 1021 Illi
1243 998 1325 1035 ergo
1354 985 1560 1023 avertebant
1578 999 1648 1033 eos,
1675 995 1715 1022 ut
1733 999 1776 1022 ne
1793 986 2034 1035 loquerentur,
2052 989 2153 1038 quasi

1165 1059 1211 1082 ex
1229 1045 1373 1083 illorum
1390 1060 1477 1085 voce
1495 1046 1652 1096 aliquam
1668 1046 1867 1097 acciperent
1892 1047 2034 1098 pietatis
2053 1062 2152 1086 occa-

1164 1104 1324 1142 sionem:
1352 1120 1417 1144 vos
1444 1115 1562 1144 autem
1584 1121 1659 1158 prae
1689 1107 1802 1144 multo
1835 1117 2013 1146 contemtu
2043 1123 2155 1159 neque

1164 1167 1233 1205 hoc
1261 1168 1389 1207 facitis.
1413 1169 1579 1218 Credite,
1600 1169 1630 1206 si
1649 1170 1814 1208 manibus
1844 1185 1904 1208 ora
1924 1172 2150 1221 obturaretis,

1166 1241 1235 1265 non
1252 1237 1349 1267 tanta
1365 1239 1453 1268 esset
1468 1230 1680 1268 contumelia
1697 1240 1828 1281 quanta
1844 1245 1952 1269 nunc.
1976 1233 2044 1270 Dic
2060 1233 2155 1271 enim

1166 1287 1268 1338 mihi,
1284 1290 1346 1340 qui
1365 1289 1468 1328 audit
1486 1299 1520 1328 et
1543 1304 1613 1328 non
1624 1291 1844 1343 obtemperat
1862 1323 1871 1341 ‚
1890 1293 2049 1344 magisne
2073 1308 2154 1332 con-

1166 1350 1305 1400 temnit,
1322 1364 1430 1402 quam
1445 1350 1507 1402 qui
1521 1364 1590 1388 non
1610 1350 1740 1389 audit?

1222 1474 1256 1512 5.
1287 1473 1360 1513 Sed
1377 1487 1456 1526 age,
1479 1473 1731 1512 contumeliam
1758 1474 1967 1527 hujusmodi
1993 1476 2156 1529 explore-

1169 1548 1258 1572 mus.
1275 1534 1315 1573 Si
1335 1534 1414 1584 quis
1440 1548 1537 1585 eum,
1559 1534 1621 1585 qui
1652 1535 1865 1572 contumelia
1898 1537 2022 1585 afficit,
2043 1537 2156 1575 conti-

1166 1605 1246 1634 neat
1273 1605 1306 1634 et
1325 1610 1363 1634 os
1379 1595 1519 1634 obturet
1535 1596 1587 1644 ei,
1622 1605 1804 1647 tamquam
1829 1611 1921 1649 aegre
1945 1599 2058 1636 ferens
2075 1613 2157 1637 con-

1166 1656 1350 1707 tumelias,
1371 1657 1462 1695 alius
1477 1671 1560 1695 vero
1576 1671 1689 1708 neque
1708 1667 1826 1707 curet,
1844 1673 1956 1710 neque
1975 1660 2158 1698 advertere

1166 1718 1330 1756 videatur
1348 1733 1356 1754 τ
1378 1727 1457 1756 uter
1474 1719 1588 1770 magis
1608 1720 1831 1758 contemnit?
1853 1735 1969 1759 annon
1991 1722 2075 1760 hic?
2091 1723 2157 1761 Ille

1167 1792 1319 1829 namque
1333 1778 1489 1817 declarat
1505 1793 1540 1817 se
1553 1780 1697 1831 plagam
1717 1781 1876 1833 accipere
1883 1798 1894 1832 3
1910 1783 1971 1821 hic
1989 1798 2073 1822 vero
2088 1785 2159 1822 fere

1166 1853 1204 1877 os
1220 1839 1363 1878 obturat
1389 1839 1470 1878 Dei.
1502 1840 1662 1878 Horretis
1689 1841 1826 1879 dictum
1840 1858 1851 1893 3
1875 1844 1936 1881 sed
1964 1845 2048 1882 audi
2068 1860 2158 1896 quo-

1167 1898 1273 1936 modo
1304 1899 1372 1937 hoc
1398 1899 1474 1937 fiat.
1501 1900 1574 1947 Os,
1593 1913 1656 1951 per
1683 1901 1781 1950 quod
1809 1901 1968 1952 loquitur
1988 1905 2102 1953 Deus,
2119 1919 2158 1943 os

1167 1959 1234 1997 Dei
1252 1968 1315 1997 est.
1335 1960 1436 1998 Sicut
1451 1960 1545 1997 enim
1559 1960 1628 1998 hoc
1644 1973 1682 1998 os
1697 1960 1823 1999 animae
1854 1972 1982 2000 nostrae
2008 1974 2073 2015 est,
2092 1966 2159 2003 etsi

1167 2019 1286 2056 anima
1310 2033 1349 2058 os
1375 2033 1445 2057 non
1475 2019 1604 2057 habeat
1621 2035 1628 2056 ε
1649 2020 1699 2057 sic
1720 2030 1754 2058 et
1771 2036 1809 2059 os
1827 2023 2083 2074 prophetarum
2108 2034 2160 2063 est

1168 2093 1206 2117 os
1225 2079 1305 2117 Dei.
1326 2080 1458 2118 Audite
1483 2089 1516 2118 et
1541 2080 1744 2118 horrescite.
1776 2082 1985 2122 Communis
2010 2093 2062 2122 est
2083 2084 2158 2123 dia·
2172 2106 2268 2134 Verba
2288 2105 2359 2134 Dia-

80 2146 235 2196 φρίξατε,
270 2146 389 2188 Κοινὸς
417 2145 590 2193 διάκονος,
622 2146 767 2193 ἕστηκεν
784 2151 801 2185 ὃ
826 2147 980 2191 διάκονος
1007 2147 1098 2198 μέγα
1168 2153 1276 2177 CODUS
1296 2140 1376 2188 ille,
1397 2140 1457 2190 qlll
1484 2149 1553 2178 Stat
1577 2149 1611 2178 et
1630 2141 1772 2189 Clamat,
1800 2142 2155 2191 Attendanzus;1d-
2171 2149 2245 2203 ⁰⁰¹-st
2264 2149 2292 2174 in
2323 2147 2359 2174 li·

82 2209 170 2256 βοῶν
201 2206 259 2243 χαὶ
290 2205 420 2256 λέγων,
445 2205 672 2257 πρόηωμεν-
702 2207 761 2244 καὶ
790 2210 890 2244 τοῦτο
917 2208 1096 2252 πολλάκις,
1169 2213 1236 2249 que
1266 2213 1358 2251 saepe
1386 2200 1526 2251 repetit.
1559 2200 1644 2237 Haee
1673 2214 1746 2238 vox
1773 2201 1929 2240 ecclesiae
1961 2195 2276 2245 commiinis¹u¹3'³'

81 2267 220 2312 Ἔκείνη
238 2270 258 2312 ἡ
276 2266 369 2318 φωνὴ
390 2266 486 2313 κοινὴ
514 2269 576 2312 τῆς
594 2267 781 2313 ἐκκλησίας
799 2267 910 2315 ἐστὶν,
939 2268 981 2314 ἣν
1001 2262 1097 2312 οὗτος
1107 2299 1154 2323 160
1169 2270 1241 2310 est,
1270 2269 1304 2299 et
1328 2274 1432 2298 nemo
1457 2260 1618 2298 attendit.
1647 2262 1730 2299 Post
1754 2262 1858 2301 illum
1892 2264 2019 2317 incipit
2050 2267 2160 2306 lector

80 2327 288 2379 ἀφίης-ι’,ςαὶ
299 2328 436 2370 οὖδεὶςὸ
451 2329 643 2381 προσέχων,
664 2329 755 2367 Μετ’
769 2331 896 2368 ἐκεῖνον
919 2330 1066 2381 ἄρχεται
1080 2334 1097 2369 ὃ
1119 2337 1144 2365 Α
1169 2321 1394 2374 prophetiam
1417 2321 1517 2359 Isaiae
1538 2336 1675 2372 :neque
1705 2323 1756 2360 sic
1782 2325 1934 2363 attendit
1958 2327 2158 2380 quispiam,

80 2087 146 2122 τῶν
164 2087 349 2136 προφητῶν
369 2085 483 2135 στόμα
502 2085 575 2124 ἐστὶ
606 2090 665 2124 τοῦ
700 2088 804 2125 Θεοῦ.
825 2086 1008 2126 Ἀκούσατε
1038 2088 1098 2126 καὶ

81 2387 301 2437 ἀναγνώστης
333 2391 395 2433 τῆς
421 2388 632 2441 προφητείας
648 2388 794 2427 (Ησαίου
807 2405 814 2412 ·
835 2390 894 2427 καὶ
913 2390 988 2427 οὐδὲ
1007 2389 1097 2429 οὕτω

80 2447 246 2500 προσέχει
261 2464 329 2496 τις,
341 2449 454 2487 καίτοι
470 2449 664 2502 προφητεία
678 2449 774 2487 οὐδὲν
786 2449 997 2501 ἀνθρώπινον
1013 2450 1096 2503 ἔχει.

80 2502 171 2546 Εἶτα
193 2511 239 2552 εἷς
256 2510 403 2556 ἐπήκοον
419 2513 561 2562 ἐκφωνεῖ
579 2510 689 2562 λέγων
702 2541 711 2558 ,
728 2510 824 2549 Τάδε
839 2511 932 2562 λέγει
951 2511 1096 2563 Κύριος,

82 2568 141 2605 καὶ
160 2569 234 2606 οὐδὲ
258 2569 345 2607 οὕτω
368 2570 533 2623 προσέχει
557 2587 619 2614 τις.
640 2571 687 2609 Τί
705 2570 818 2623 λέγω,
848 2571 993 2624 Φοὸερά
1021 2588 1099 2610 τινα

85 2628 292 2682 διεξέρχεται
311 2630 370 2668 καὶ
390 2631 544 2682 φρικώδη
558 2662 567 2679 ,
597 2631 656 2670 καὶ
683 2631 758 2670 οὐδὲ
785 2631 890 2676 οὕτως
910 2632 984 2670 ἐστί
1002 2649 1054 2676 τις
1082 2636 1099 2671 ὁ

83 2690 277 2740 προσέχων.
297 2691 397 2729 Ἀλλὰ
416 2691 466 2734 τίς
481 2695 498 2730 ὃ
517 2693 614 2743 λόγος
629 2694 697 2730 τῶν
716 2694 875 2741 πολλῶν,
891 2693 977 2741 Ἀεὶ,
996 2694 1099 2745 φησὶ,

84 2748 127 2786 τὰ
144 2750 230 2787 αὐτὰ
260 2751 543 2802 ἀναγινώσκεται.
570 2755 682 2791 Τοῦτο
705 2753 858 2804 μάλιστα
876 2756 966 2804 ὑμᾶς
986 2754 1100 2792 ἀπόλ-

84 2811 192 2848 λυσιν.
212 2813 257 2850 Εἰ
278 2811 338 2861 μὲν
355 2806 411 2850 οἶν
428 2813 543 2864 ᾔδειτε
559 2813 646 2852 αὐτὰ
658 2844 668 2861 ,
689 2814 842 2864 μάλιστα
863 2815 924 2865 μὲν
949 2815 1027 2853 οὐδὲ
1042 2814 1101 2853 οὗ-

85 2885 151 2914 τως
165 2872 354 2923 ἀπέχεσθαι
370 2873 456 2911 ἔδει·
473 2874 548 2912 ἐπεὶ
566 2874 625 2912 καὶ
646 2877 680 2913 ἓν
699 2880 769 2918 τοῖς
782 2880 797 2896 ³
812 2876 964 2928 Θεοίτροις
984 2876 1038 2914 ἀεὶ
1057 2874 1102 2913 τὰ

88 2931 174 2968 αὐτὰ
191 2931 343 2981 γίνεται,
365 2934 423 2971 καὶ
436 2933 529 2984 ὅμως
545 2936 582 2972 οὗ
603 2936 800 2986 λαμὸάνετε
817 2937 930 2989 κόρον.
950 2938 1044 2975 Ποῖα
1057 2936 1100 2974 τὰ

88 2991 172 3028 αὐτὰ
187 2993 315 3044 τολμᾷς
333 2996 452 3040 εἰπεῖν,
469 2997 486 3032 ὃ
507 2995 594 3045 μηδὲ
609 2999 676 3034 τῶν
691 3000 876 3049 προφητῶν
889 2996 932 3034 τὰ
946 2997 1100 3047 ὀνόματα

88 3049 183 3094 εἰδώς
194 3067 203 3097 ;
222 3053 298 3090 Οὐκ
316 3053 459 3106 αἷσΑύνῃ
477 3055 585 3106 λέγων
607 3055 668 3107 μὲν
686 3057 742 3095 διὰ
759 3063 859 3096 τοῦτο
879 3057 927 3108 μὴ
949 3057 1097 3105 ἀκούειν,

89 3111 204 3158 ἐπειδὴ
224 3113 267 3150 τὰ
285 3114 371 3152 αὐτὰ
389 3115 440 3152 ἀεὶ
459 3117 752 3167 ἀναγινώσκεται·
774 3119 835 3155 οὐκ
855 3118 952 3162 εἰδὼς
968 3118 1004 3156 δὲ
1023 3117 1099 3157 οὐδὲ

90 3170 132 3207 τὰ
151 3171 300 3221 ὀνόματα
315 3177 382 3212 τῶν
400 3176 745 3228 ἀναγινωσκομένων,
766 3179 826 3216 καὶ
847 3183 956 3217 ταῦτα
977 3178 1032 3216 ἀεὶ
1056 3178 1100 3216 τὰ

137 3293 152 3308 ⁸
171 3293 276 3334 [πάλαι
298 3296 472 3340 (Σοωῐῑιεὶ.,
501 3298 616 3341 Savil.,
642 3309 676 3333 et
697 3301 839 3334 Codices
867 3303 904 3334 A.
931 3303 969 3336 Β.
986 3303 1025 3337 C.
1052 3304 1092 3334 D.

93 3344 276 3386 Legebatur
287 3351 417 3389 παλαιά,
436 3348 537 3392 idque
555 3350 703 3384 reddidit
721 3354 892 3386 Erasmus.
916 3354 1020 3387 Porro
1037 3354 1097 3387 Sa-

94 3395 147 3427 *ss-
170 3404 201 3429 ct
215 3398 373 3431 Commel-
393 3411 506 3435 vocem
523 3403 646 3439 ἰουὸαῐοι
662 3405 746 3438 inter
763 3416 865 3438 uncos
881 3404 1034 3450 habent]

1168 2382 1233 2420 etsi
1250 2382 1438 2435 prophetia
1456 2382 1653 2420 humanum
1669 2384 1761 2421 nihil
1782 2384 1921 2423 habeat.
1943 2388 2080 2427 Deinde
2096 2405 2160 2428 au-

1169 2444 1277 2482 ditori
1300 2444 1478 2493 enuntiat,
1503 2447 1599 2483 Haec
1625 2447 1719 2484 dicit
1743 2449 1955 2495 Domita&
1971 2451 2161 2504 nullusque

1170 2505 1333 2543 attendit.
1358 2505 1456 2552 Quid
1483 2504 1595 2543 dico?
1616 2507 1817 2546 Tremenda
1847 2510 2010 2560 quaedam
2024 2522 2058 2551 et
2077 2514 2159 2552 hor-

1170 2566 1280 2605 renda
1298 2576 1418 2604 narrat
1440 2582 1447 2602 :
1468 2580 1580 2617 neque
1604 2567 1700 2605 ullus
1724 2578 1775 2606 est
1799 2570 1861 2619 qui
1885 2573 2056 2611 attendat.
2079 2577 2157 2614 Ve—

1172 2642 1252 2665 rum
1285 2626 1373 2677 quid
1405 2626 1530 2664 dicunt
1561 2627 1696 2664 multi?
1727 2629 1875 2680 Semper
1910 2631 2032 2670 eadem
2061 2634 2159 2685 legit.

1172 2689 1248 2726 floc
1272 2687 1426 2725 maxime
1457 2701 1519 2726 vos
1545 2686 1674 2739 perdit.
1702 2688 1740 2726 Si
1767 2689 1884 2739 itaque
1910 2691 1974 2729 illa
2001 2693 2158 2744 sciretis,

1172 2763 1284 2801 neque
1317 2749 1367 2786 sic
1400 2757 1577 2801 oporteret
1607 2748 1721 2786 averti
1755 2764 1763 2785 ·.
1799 2751 2086 2803 quandoquidem
2124 2756 2161 2794 in

1175 2809 1320 2849 theatris
1350 2809 1473 2848 eadem
1502 2810 1578 2862 ipsa
1603 2823 1740 2862 semper
1765 2811 1877 2862 fiunt,
1906 2827 2019 2865 neque
2044 2826 2161 2855 tamen

1173 2872 1365 2911 satiamini.
1389 2872 1520 2920 Qualia
1539 2871 1657 2909 dicere
1675 2872 1804 2921 audes,
1831 2874 1893 2924 qui
1913 2889 1956 2913 ne
1973 2878 2163 2929 propheta-

1174 2948 1254 2972 rum
1272 2933 1414 2971 nomina
1443 2932 1586 2984 quidem
1605 2932 1726 2970 nosti?
1755 2935 1833 2972 Non
1853 2944 1886 2972 te
1903 2937 2014 2988 pudet
2029 2939 2160 2995 dicere,

1175 3005 1208 3033 te
1226 2995 1307 3033 ideo
1323 3008 1392 3032 non
1411 2994 1552 3042 audire,
1575 2993 1658 3043 quia
1677 2993 1799 3032 eadem
1819 3009 1957 3048 semper
1976 2998 2157 3050 leguntur,

1174 3056 1236 3108 qui
1257 3070 1300 3094 ne
1316 3055 1458 3093 nomina
1472 3054 1620 3105 quidem
1633 3054 1847 3106 scriptorum
1862 3058 1954 3095 nosti
1966 3088 1977 3107 ,
1996 3059 2079 3099 licet
2096 3061 2160 3100 illa

1176 3130 1314 3169 semper
1341 3115 1494 3153 audias?
1521 3116 1612 3153 Nam
1635 3123 1672 3151 tu
1697 3129 1837 3166 quoque
1863 3118 2065 3167 confiteris,
2099 3136 2161 3160 ea-

1177 3177 1258 3215 dem
1272 3177 1349 3229 ipsa
1367 3175 1453 3213 dici.
1477 3175 1555 3225 Ego
1569 3174 1599 3212 si
1618 3184 1652 3212 te
1670 3176 1868 3214 accusando
1881 3177 1957 3217 haec.
1973 3179 2159 3234 dixissem,

1206 3312 1219 3326 θ
1235 3301 1329 3334 Unus
1347 3296 1432 3331 Cod·
1452 3305 1553 3342 χεῖρας
1568 3302 1783 3343 προστιθέντες.

1207 3365 1220 3379 ἢ
1237 3353 1298 3386 Alii
1316 3358 1448 3398 θεάτροις
1461 3355 1510 3385 οὐκ
1527 3356 1583 3384 ἀεὶ.
