2502 3810
114 772 218 801 Exod.
234 779 284 800 22.

115 813 165 842 28.

118 1387 142 1404 1.
164 1375 278 1415 Cornlf.

116 1427 162 1446 12.

327 190 420 246 404
778 200 796 229 s
807 219 816 229 .

319 285 499 334 praecepit
515 280 758 318 adstantibus
769 280 843 315 sibi
856 285 1050 328 percutere
1061 289 1101 313 os
1114 277 1208 327 ejus.
1221 275 1306 311 Pul-

321 344 404 380 chre
425 358 433 378 :
451 342 544 378 mitis
560 340 691 376 scilicet
711 337 875 388 princeps
893 335 1130 374 sacerdotum.
1147 337 1183 373 5.
1202 336 1308 372 Tunc

320 404 474 441 Paulus
490 402 588 437 dixit
600 400 654 435 ad
669 410 754 435 eum
769 412 779 431 :
790 397 985 433 Percutiet
1001 404 1036 433 te
1050 397 1169 444 Deus,
1179 397 1308 447 paries

321 463 509 499 dealbate.
541 458 594 496 Et
620 467 660 495 τα
678 458 813 495 sedens
825 458 983 508 judicas
1009 470 1068 493 me
1097 456 1308 505 secundum

319 522 450 572 legem,
465 528 500 556 et
515 527 652 556 contra
664 518 785 569 legem
788 518 902 569 jubes
918 531 977 554 me
990 506 1138 568 percuti
1151 518 1213 554 5³4.
1234 517 1308 566 Qui

316 589 444 617 autem
459 580 671 616 adstabant
684 579 866 615 dixerunt
878 579 915 614 ei
931 593 940 614 .-
963 578 1161 616 Summum
1178 590 1306 614 sacer-

316 641 442 677 dotem
460 640 538 676 Dei
551 639 752 676 maledicis
766 641 782 674 P
801 637 836 675 5.
853 639 966 675 Dixit
977 645 1108 675 autem
1120 637 1273 674 Paulus
1293 652 1303 672 .-

315 701 541 737 Nesciebam
557 728 570 746 ,
589 700 749 750 fratres,
769 699 874 750 quod
892 701 1072 750 princeps
1101 700 1151 735 sit
1170 711 1303 735 sacer-

316 761 447 798 dotum
465 775 472 796 ε
492 762 675 811 scriptam
695 768 749 797 est
771 762 873 797 enim
892 774 901 795 .·
919 760 1146 811 Principem
1169 758 1305 810 populi

316 824 372 858 tui
397 835 474 858 non
494 821 714 858 maledices.

367 885 406 920 9.
440 881 600 929 Quidam
618 881 743 918 dicunt
766 880 869 917 illum
886 879 1052 917 scientem
1074 892 1136 932 per
1154 878 1305 917 ironiam

312 942 503 992 loquutum
527 955 600 978 esse
619 957 626 977 :
645 940 736 978 mihi
755 949 874 978 autem
888 939 1031 978 videtur
1051 940 1170 992 ipsum
1189 939 1303 977 omni·

312 1015 357 1039 no
372 1001 562 1040 nescivisse
575 1001 673 1052 quod
687 1010 775 1039 esset
788 1001 953 1053 princeps
965 1000 1186 1038 sacerdotum
1199 1016 1206 1036 :
1217 1000 1304 1038 alio-

312 1064 397 1114 quin
415 1064 518 1101 illum
530 1064 746 1101 honorasset.
763 1063 846 1101 Ideo
869 1077 943 1100 sese
958 1072 1086 1115 purgat
1107 1072 1302 1112 accusatus,

312 1133 345 1162 et
364 1124 463 1163 addit
484 1140 492 1161 ε
515 1127 737 1176 Principem
755 1125 891 1176 populi
912 1127 968 1162 tui
985 1139 1063 1162 non
1077 1125 1298 1165 maledices.
1324 1122 1347 1151 Β

313 1185 414 1232 Quid
439 1199 533 1237 ergo,
559 1185 724 1235 inquies?
752 1185 782 1222 si
807 1184 900 1222 enim
918 1185 1082 1237 princeps
1107 1199 1176 1222 non
1196 1194 1300 1235 esset,

313 1245 422 1283 alium
439 1246 651 1283 contumelia
668 1245 808 1283 afficere
820 1246 1031 1298 oportebat?
1048 1245 1217 1295 Minime,
1231 1245 1303 1283 imo

313 1306 525 1344 contumelia
553 1305 766 1343 afficientem
797 1306 887 1343 ferre
912 1320 977 1357 par
1013 1314 1100 1343 crat.
1128 1307 1215 1344 Jure
1242 1305 1303 1343 hic

312 1376 504 1417 quaeratur,
530 1366 707 1416 quomodo
728 1366 770 1412 is,
791 1366 853 1416 qui
875 1366 964 1403 alibi
984 1365 1084 1414 dicit,
1108 1367 1204 1403 Cum
1221 1380 1303 1403 ma—

315 1428 533 1474 ledicimur,
559 1428 816 1464 benedicimus
828 1443 842 1471 ,·
860 1440 945 1464 cum
966 1429 1301 1478 persequutionem

311 1491 496 1539 patimur,
522 1490 775 1530 sustinemus5
795 1486 855 1523 hic
882 1486 1099 1523 contrarium
1118 1486 1216 1533 facit,
1239 1499 1302 1523 nec

316 1548 422 1586 modo
455 1547 689 1595 conviciatur,
712 1547 772 1584 sed
804 1547 910 1584 etiam
943 1547 1154 1584 maledicit?
1173 1547 1301 1583 Absit:

314 1618 481 1646 neutrum
499 1608 629 1646 horum
643 1608 766 1645 fecisse
781 1607 1079 1658 deprehenditur3
1098 1606 1157 1644 sed
1178 1606 1207 1643 si
1223 1605 1303 1656 quis

319 1680 481 1708 accurate
503 1669 714 1715 consideret,
734 1669 844 1705 libere
874 1667 1052 1717 loquentis
1075 1667 1190 1718 magis
1221 1676 1304 1705 sunt

314 1731 434 1778 verba,
458 1744 565 1780 quam
585 1730 666 1766 irati
683 1744 690 1764 :
712 1727 869 1778 alioquin
898 1742 981 1765 vcro
1001 1727 1144 1765 nolebat
1157 1727 1303 1765 tribuno

316 1790 566 1828 contemtibilis
584 1788 708 1826 videri.
724 1788 762 1826 Si
778 1789 872 1826 enim
885 1788 945 1826 ille
961 1803 980 1826 a
995 1788 1209 1839 flagellando
1223 1789 1303 1826 abs·
1325 1787 1348 1817 C

314 1851 442 1897 tinnit,
471 1859 593 1902 utpote
622 1849 740 1901 ipsum
769 1848 906 1888 Judaeis
931 1848 1141 1897 traditurus,
1164 1849 1260 1899 quod
1283 1863 1303 1887 a

313 1911 455 1949 famulis
475 1911 682 1960 caederetur,
707 1910 820 1961 magis
852 1910 956 1948 illum
983 1909 1154 1948 audacem
1177 1909 1301 1948 reddi-

313 1972 423 2010 disset
443 1987 450 2008 :
475 1972 554 2010 ideo
573 1986 643 2009 non
659 1971 878 2020 ministrum,
899 1970 962 2008 scd
981 1971 1100 2023 ipsum
1117 1971 1302 2022 jubentem

315 2033 534 2085 aggreditur.
556 2032 652 2070 Illud
670 2047 770 2081 vero,
794 2034 933 2070 Paries
950 2033 1147 2082 dealbate,
1169 2032 1300 2083 inquit,

316 2103 357 2131 ta
378 2095 512 2131 sedens
535 2095 691 2146 judicas
719 2108 779 2131 me
808 2094 1019 2131 secundum
1053 2094 1187 2145 legem,
1210 2107 1251 2131 ac
1273 2094 1303 2131 si

316 2155 447 2193 diceret
467 2172 474 2192 :
496 2157 589 2194 Reus
617 2171 697 2194 cum
728 2156 790 2206 sis,
814 2165 847 2193 et
866 2156 988 2193 multis
1009 2156 1125 2208 plagis
1153 2156 1299 2208 dignus.

316 2217 412 2255 Vide
433 2231 528 2267 ergo,
543 2217 724 2267 quomodo
745 2231 790 2254 ex
805 2218 880 2268 ejus
901 2216 1043 2254 dicendi
1057 2217 1218 2254 libertate
1232 2231 1300 2269 po—

317 2276 424 2328 pulus
452 2277 636 2328 perculsus
655 2277 775 2314 fuerit.
795 2278 887 2314 Cum
907 2276 1001 2313 enim
1020 2277 1233 2328 oportuisset
1252 2287 1305 2315 to-

318 2347 394 2374 tum
424 2338 643 2386 subvertere,
665 2337 786 2388 potius
816 2336 1091 2374 debacchantur.
1122 2338 1189 2374 Ille
1218 2352 1304 2375 vero

317 2399 431 2449 legem
451 2399 564 2450 ipsam
594 2398 694 2449 legit,
720 2407 758 2435 ut
778 2397 940 2435 ostendat
960 2411 995 2435 se
1028 2412 1096 2435 non
1126 2412 1169 2435 ex
1195 2408 1304 2448 metu,

317 2472 380 2496 nec
398 2457 494 2508 quod
514 2457 682 2508 indignus
702 2467 789 2495 essct
808 2458 870 2508 qui
889 2457 1043 2505 audiret,
1066 2458 1142 2495 haee
1157 2458 1304 2507 dixisse,

322 2520 383 2558 sed
405 2520 475 2571 legi
494 2520 764 2572 obtemperasse.
785 2519 833 2557 Et
852 2520 995 2557 omnino
1018 2534 1206 2572 persuasus
1225 2536 1302 2559 sum

317 2580 505 2618 nescivisse
523 2580 639 2628 illum,
660 2579 757 2630 quod
775 2580 940 2632 princeps
955 2579 1178 2618 sacerdotum
1199 2591 1302 2632 esset,

316 2640 414 2692 quod
434 2650 512 2692 post
530 2641 678 2692 longum
697 2650 837 2692 tempus
857 2640 1030 2690 rediisset,
1053 2655 1117 2678 nec
1138 2642 1303 2692 frequen-

316 2710 370 2739 ter
387 2701 530 2741 Judaeos
551 2701 784 2751 convenisset,
806 2701 1016 2752 videretque
1031 2716 1111 2739 cum
1126 2703 1162 2740 in
1186 2704 1302 2742 medio

316 2761 468 2799 aliorum
505 2762 701 2799 multorum
727 2777 734 2797 :
768 2775 838 2799 non
865 2761 958 2799 enim
992 2762 1199 2800 manifestus
1230 2773 1304 2802 erat

315 2823 480 2875 princeps
504 2822 726 2861 sacerdotum
745 2823 837 2861 inter
855 2824 985 2861 multos
1005 2833 1039 2861 et
1060 2824 1218 2862 diversos
1238 2825 1302 2863 ad-

315 2893 422 2922 stans.
442 2885 495 2921 Ita
512 2884 601 2921 mihi
622 2884 769 2921 videtur
790 2884 872 2922 illos
899 2884 1046 2934 alloqui,
1061 2885 1247 2924 ostendens
1267 2901 1302 2924 se

313 2944 384 2995 legi
406 2944 648 2996 obtemperare
661 2960 672 2993 ;
695 2944 844 2995 ideoque
859 2958 932 2982 sese
950 2955 1091 2996 purgat.
1110 2946 1181 2984 Sed
1195 2961 1301 2999 supe-

312 3005 387 3042 rius
400 3005 495 3042 dicta
510 3014 723 3057 repetamus.
745 3007 885 3043 Oranti
901 3007 994 3042 mihi
1015 3009 1055 3042 in
1077 3008 1231 3058 templo,
1247 3008 1301 3045 in-

313 3065 405 3115 quit,
421 3066 563 3103 accidit
574 3068 664 3102 utin
677 3066 1042 3117 exstasificrem.1jt
1057 3067 1217 3105 ostendat
1230 3082 1299 3105 non

310 3125 535 3176 phantasiam
546 3125 666 3174 fuisse,
680 3126 758 3164 ideo
771 3125 911 3163 addidit
924 3126 1030 3174 illud,
1043 3130 1182 3165 Oranti
1192 3130 1298 3165 milzi.
1322 3131 1346 3161 E

312 3188 474 3224 Festina
498 3195 533 3223 et
559 3189 621 3223 exi
641 3189 730 3232 cito,
761 3186 887 3236 inquit,
915 3190 1009 3238 quia
1037 3191 1297 3226 testimonium

353 3314 367 3328 ³
391 3313 465 3338 ποιεῖ
482 3304 573 3336 deest
595 3306 627 3336 in
646 3316 710 3337 uno
726 3304 810 3337 Cod.

353 3356 370 3378 b
393 3355 492 3388 Saxil.
512 3364 544 3387 ct
562 3367 643 3387 unus
659 3355 742 3388 Cod.
763 3363 946 3401 παραινοῦτι.
962 3357 1031 3399 [Sic
1049 3365 1081 3390 et
1096 3358 1257 3393 Commel.
1277 3369 1309 3394 et

853 198 1036 230 JOANNIS
1073 196 1313 227 CHRYSOST·
1354 195 1560 225 ARCHIEP.
1598 195 1952 227 CONSTANTINOP.

1377 274 1434 312 τὸν
1457 273 1622 326 ἀρχιερέα
1644 279 1703 312 τοῦ
1718 276 1810 312 Θεοῦ
1827 276 2012 326 λοιδορεῖς;
2027 276 2123 327 Ἔφη
2143 292 2180 314 τε
2199 278 2216 314 ὃ
2236 277 2395 318 Παῦλος·

1378 336 1439 372 οὔκ
1457 334 1564 386 ᾔδειν,
1585 334 1743 386 ἀδελφοὶ,
1776 334 1829 372 ὅτι
1861 335 1952 372 ἔστιν
1983 336 2178 387 ἀρχιερεύς·
2200 337 2397 389 γέγραπται

1377 394 1461 446 γάρ·
1480 394 1650 446 Ἄρχοντα
1670 399 1729 433 τοῦ
1745 397 1831 432 λαοῦ
1851 411 1910 433 σου
1931 397 1992 433 οὐκ
2011 398 2099 447 ἐρεῖς
2117 399 2243 441 κακῶς.

1427 874 1529 919 Τινὲς
1550 873 1612 925 μὲν
1643 869 1699 913 οὖν
1727 891 1842 927 φασιν,
1862 875 1916 915 ὅτι
1943 875 2042 921 εἰδὼς
2062 876 2296 929 εἷρωνεύεται·
2319 879 2397 929 ἐμοὶ

1371 935 1407 974 δὲ
1429 937 1543 982 δοκεῖ,
1571 935 1625 974 ὅτι
1641 936 1718 975 οὐδὲ
1737 936 1826 979 ὅλως
1839 937 1914 989 ᾔδει
1929 967 1939 985 ,
1965 937 2018 975 ὅτι
2031 937 2124 975 ἔστιν
2144 938 2322 990 ἀρχιερεύς
2336 954 2344 962 ·
2374 934 2397 985 ἦ

1370 995 1437 1049 γὰρ
1462 996 1502 1033 ἂν
1519 997 1578 1034 καὶ
1598 997 1742 1048 ἐτίμησε
1757 1013 1764 1020 ·
1786 997 1838 1035 διὸ
1854 997 1913 1035 καὶ
1932 1000 2156 1049 ἀπολογεῖται
2175 1001 2222 1042 ὡς
2245 1015 2397 1050 κατηγο-

1371 1056 1446 1107 ρίας
1460 1055 1580 1103 οὔσης,
1596 1058 1654 1094 καὶ
1668 1057 1808 1108 ἐπάγει,
1819 1056 1990 1110 Ἄρχοντα
2004 1063 2063 1096 τοῦ
2071 1060 2156 1097 λαοῦ
2168 1074 2227 1096 σου
2239 1061 2396 1110 οὐκέρεῖς

1370 1119 1534 1160 κακῶς.Τ
1539 1117 1549 1154 ί
1565 1111 1636 1167 οἶν,
1644 1117 1768 1170 φησίν,
1784 1120 1813 1156 εἷ
1824 1119 1891 1170 γὰρ
1907 1118 1955 1168 μὴ
1971 1119 2088 1170 ἅρχων
2100 1113 2154 1166 ἦν,
2166 1119 2268 1157 ἄλλον
2280 1121 2400 1162 ἁπλῶς

1369 1177 1517 1229 ὑέρίζειν
1530 1178 1618 1225 ἔδει,
1635 1180 1828 1229 Οὐδαμῶς,
1845 1179 1934 1217 ἀλλὰ
1951 1180 2009 1216 καὶ
2024 1179 2245 1232 ὑδριζόμενον
2260 1182 2391 1230 μᾶλλον

1370 1240 1531 1290 ἐνεγκεῖν.
1550 1238 1660 1282 Ἄξιον
1682 1239 1717 1278 ’δὲ
1736 1242 1898 1286 ζητῆσαι,
1914 1243 1988 1282 πῶς
2007 1241 2161 1291 ἀλλαχοῦ
2179 1244 2195 1277 ὃ
2216 1241 2316 1283 αὐτὸς
2334 1240 2395 1278 λέ-

1370 1315 1439 1350 γων
1452 1328 1461 1346 ,
1491 1299 1758 1352 Λοιδορούμενοι
1795 1302 2012 1350 εὐλογοῦμεν,
2033 1300 2237 1350 διωκόμενοι
2269 1300 2398 1351 ἀνεχό-

1371 1362 1476 1408 μεθα,
1499 1361 1645 1398 ἐνταῦθα
1670 1359 1866 1397 τοῦναντίον
1895 1365 2030 1405 8ποιεῖ,
2052 1359 2111 1396 καὶ
2130 1362 2166 1396 οὐ
2183 1361 2398 1413 λοιδορεῖται

1370 1420 1486 1469 μόνον,
1506 1420 1596 1458 ἀλλὰ
1624 1421 1683 1458 καὶ
1703 1423 1897 1473 ἐπαρᾶται;
1928 1420 2083 1472 Ἄπαγε,
2114 1420 2289 1473 οὐδέτερον
2314 1421 2394 1459 τού-

1370 1495 1436 1517 των
1458 1479 1615 1532 φαίνεται
1631 1480 1848 1527 πεποιηκώς·
1867 1480 1957 1518 ἀλλὰ
1973 1484 2022 1532 τῷ
2039 1481 2193 1532 &aptam
2210 1485 2396 1519 σκοποῦντι

1369 1540 1566 1591 παρρησίας
1587 1540 1717 1590 μᾶλλόν
1735 1542 1809 1578 ἐστι
1825 1541 1869 1578 τὰ
1890 1541 2032 1593 ῥήματα
2048 1542 2070 1587 ἢ
2088 1545 2213 1591 θυμοῦ·
2234 1543 2348 1586 ἄλλως
2359 1543 2394 1580 δὲ

1370 1602 1430 1637 οὐκ
1454 1600 1611 1638 &goffia-0
1638 1601 1935 1652 εὐκαταφρόνητος
1963 1606 2112 1653 φανῆναι
2134 1605 2182 1653 τῷ
2200 1603 2392 1655 χιλιάρχῳ.

1371 1662 1415 1698 Εἰ
1431 1660 1498 1713 γὰρ
1515 1661 1614 1704 αὐτὸς
1633 1661 1694 1711 μὲν
1721 1661 1884 1713 ἐφείσατο
1913 1661 2078 1712 μαστίξαι
2098 1665 2144 1705 ὡς
2162 1662 2203 1708 δὴ
2224 1668 2294 1706 τοῖς
2311 1663 2397 1700 Ἰου-

1372 1719 1479 1763 δαίοις
1498 1722 1692 1759 ἐκδίδοσθαι
1713 1722 1904 1771 μέλλοντα,
1923 1722 1962 1759 τὸ
1991 1722 2058 1759 ὑπὸ
2077 1725 2146 1760 τῶν
2166 1724 2308 1760 οἰκετῶν
2330 1724 2395 1762 τύ-

1373 1785 1537 1827 πτεσθαι,
1567 1784 1697 1833 μᾶλλον
1733 1781 1773 1819 ἂν
1794 1784 1920 1820 ἐκεῖνον
1953 1782 2161 1835 θρασύτερον
2190 1784 2375 1837 εἰργάσατο
2387 1800 2395 1808 ·

1372 1842 1428 1880 διὰ
1444 1846 1544 1881 τοῦτο
1559 1843 1636 1882 οὐδὲ
1651 1843 1736 1895 πρὸς
1752 1844 1809 1882 τὸν
1824 1844 1932 1880 παῖδα
1947 1843 2166 1882 ἀποτείνεται
2180 1873 2188 1889 ,
2211 1845 2299 1883 ἀλλὰ
2310 1846 2395 1898 πρὸς

1372 1902 1472 1941 αὐτὸν
1499 1903 1557 1941 τὸν
1585 1903 1797 1948 ἐπιτάξαντα
1810 1934 1819 1952 ,
1837 1909 1936 1942 τοῦτο
1954 1906 2237 1949 κατασκευάζων.
2258 1907 2310 1944 Τὸ
2332 1906 2367 1944 δὲ
2381 1935 2390 1951 ,

1369 1966 1479 2016 Τοῖχε
1497 1966 1738 2017 κεκονιαμένε,
1757 1965 1814 2003 καὶ
1837 1965 1877 2003 σὺ
1894 1966 1984 2017 κάθῃ
2010 1965 2135 2018 κρίνων
2162 1983 2206 2017 με
2224 1967 2316 2004 κατὰ
2338 1968 2396 2005 τὸν

1368 2024 1486 2075 νόμον,
1507 2019 1582 2063 εἷπε
1597 2058 1605 2074 ,
1625 2027 1808 2078 μονονουχὶ
1824 2031 1925 2064 τοῦτο
1954 2029 2046 2079 αὐτῷ
2065 2026 2190 2078 λέγων,
2208 2027 2397 2072 ὑπεύθυνος

1370 2085 1417 2123 ὢν
1447 2086 1506 2124 καὶ
1535 2087 1664 2141 μυρίων
1683 2089 1828 2138 πληγῶν
1853 2088 1958 2132 ἄξιος.
1988 2087 2082 2139 υΟρα
2097 2091 2178 2139 γοῦν
2196 2091 2270 2131 πῶς
2294 2091 2396 2127 αὐτοῦ

1370 2148 1639 2198 κατεπλάγησαν
1656 2148 1718 2195 τὴν
1733 2148 1932 2202 παρρησίαν
1950 2151 1967 2186 ὃ
1987 2149 2107 2199 δῆμος.
2124 2149 2210 2186 Δέον
2230 2148 2297 2201 γὰρ
2315 2152 2396 2187 ἀνα-

1370 2208 1496 2260 τρέψαι
1515 2209 1553 2246 τὸ
1571 2217 1653 2256 πᾶν,
1676 2209 1903 2262 ι’παροινοῦσι
1925 2212 2068 2260 μᾶλλον.
2090 2211 2199 2254 Αὐτὸς
2213 2211 2249 2248 δὲ
2265 2211 2325 2248 καὶ
2337 2211 2395 2249 τὸν

1370 2269 1472 2318 νόμον
1493 2269 1772 2320 ὓπαναγινώσκει
1785 2298 1793 2313 ,
1809 2270 1928 2316 ἐπειδὴ
1950 2270 2111 2321 βούλεται
2131 2270 2258 2319 δεῖξαι,
2284 2270 2336 2308 ὅτι
2354 2273 2391 2310 οὗ

1371 2329 1427 2367 διὰ
1440 2330 1478 2366 τὸ
1494 2330 1704 2380 φοὸηθῆναι,
1720 2330 1796 2367 οὐδὲ
1814 2329 1870 2366 διὰ
1888 2331 1927 2367 τὸ
1945 2330 1992 2379 μὴ
2011 2330 2103 2373 ἄξιον
2118 2325 2205 2368 εἶναι
2227 2334 2392 2379 ἀκοῦσαι,

1637 2384 1656 2392 ω

1370 2393 1481 2427 ταῦτα
1499 2389 1606 2433 οὕτως
1625 2394 1731 2437 εἶπεν,
1749 2389 1837 2427 ἀλλὰ
1858 2393 1907 2441 τῷ
1922 2390 2017 2442 νόμῳ
2034 2390 2093 2428 καὶ
2113 2392 2260 2429 ἐνταῦθα
2276 2392 2393 2430 πειθό·

1326 2460 1350 2489 D
1372 2465 1482 2500 μενος.
1504 2450 1573 2488 Καὶ
1589 2450 1719 2502 σφόδρα
1737 2450 1902 2500 πείθομαι
1919 2450 1966 2499 μὴ
1986 2452 2112 2488 εἰδέναι
2130 2452 2243 2499 αὐτὸν,
2260 2452 2314 2490 ὅτι
2331 2456 2393 2506 ἀρ-

1369 2510 1502 2563 χιερεύς
1522 2513 1615 2558 ἐστι,
1632 2510 1689 2548 διὰ
1705 2515 1838 2562 μακροῦ
1859 2510 1921 2561 μὲν
1934 2511 2165 2550 ἐπανελθόντα
2179 2512 2304 2564 χρόνου
2317 2542 2325 2557 ,
2343 2513 2392 2563 μὴ

1370 2572 1612 2622 συγγινόμενον
1642 2570 1677 2608 δὲ
1709 2574 1862 2623 συνεχῶς
1882 2571 2083 2619 Ἰουδαίοις,
2113 2575 2249 2625 ὁρῶντα
2275 2572 2390 2611 δὲκαὶ

1370 2635 1496 2671 ἐκεῖνον
1525 2633 1558 2669 ἐν
1579 2635 1629 2684 τῷ
1654 2632 1750 2684 με’σῳ
1772 2632 1861 2682 μετὰ
1880 2633 2018 2670 πολλῶν
2035 2632 2095 2670 καὶ
2112 2632 2256 2685 ἑτέρων·
2278 2634 2393 2672 οὐκέτι

1368 2693 1435 2746 γὰρ
1451 2694 1551 2739 δῆλος
1566 2687 1607 2732 ‘JV
1622 2696 1639 2730 ὃ
1656 2693 1835 2744 ἀρχιερεὺς
1852 2693 1990 2730 πολλῶν
2007 2692 2112 2730 ὄντων
2129 2693 2188 2730 καὶ
2203 2694 2392 2745 διαφόρων.

1368 2754 1473 2792 Οὕτω
1496 2769 1554 2803 μοι
1569 2752 1628 2791 καὶ
1644 2757 1744 2791 τοῦτο
1763 2753 1848 2803 πρὸς
1868 2751 1989 2795 αὐτοὺς
2009 2752 2257 2790 ἀποτείνασθαι
2274 2754 2389 2798 δοκεῖ,

1369 2812 1520 2860 δεικνὺς,
1541 2813 1593 2851 ὅτι
1616 2813 1711 2865 νόμῳ
1727 2812 1902 2859 πείθεται,
1923 2813 1982 2850 καὶ
2009 2812 2066 2850 διὰ
2092 2815 2193 2850 τοῦτο
2211 2815 2392 2864 ἀπολογεῖ-

1369 2890 1439 2912 ται.
1459 2873 1606 2924 Ἴδωμεν
1627 2873 1662 2911 δὲ
1686 2873 1813 2911 ἄνωθεν
1833 2872 1877 2910 τὰ
1896 2872 2077 2924 εἰρημένα.
2097 2873 2389 2925 Προσευχομένου

1371 2950 1435 2985 μου
1451 2965 1461 2982 ,
1479 2934 1596 2985 φησὶν,
1615 2935 1649 2970 ἐν
1669 2936 1718 2985 τῷ
1738 2936 1818 2984 ἱερῷ
1831 2963 1840 2979 ,
1869 2933 2002 2983 ἐγένετο
2030 2932 2188 2982 γενέσθαι
2217 2949 2260 2983 με
2279 2935 2312 2970 ἓν
2335 2937 2391 2972 ἐκ·

1370 2996 1500 3034 στάσει.
1524 2994 1602 3032 Ἵνα
1629 2993 1768 3046 δηλώσῃ
1783 3025 1792 3042 ,
1815 2994 1868 3032 ὅτι
1896 2995 1961 3045 οὐχ
1991 2994 2109 3038 ἅπλῶς
2134 2994 2307 3046 φαντασία
2329 2990 2387 3042 ἦν,

1368 3056 1424 3094 διὰ
1441 3060 1540 3094 τοῦτο
1559 3054 1751 3107 προσέθηκε
1775 3055 1834 3101 τὸ,
1855 3054 2140 3106 Προσευχομένου
2166 3071 2244 3105 μου.
2270 3056 2388 3093 Σπεῦ-

1368 3138 1426 3162 σον
1446 3122 1504 3161 καὶ
1524 3121 1635 3166 ἔξελθε
1652 3123 1685 3159 ἐν
1709 3121 1828 3173 τάχει,
1850 3120 1954 3172 φησὶ,
1973 3120 2059 3158 διότι
2074 3123 2111 3158 οὐ
2132 3121 2386 3173 παραδέξονταί

1368 3204 1427 3227 σου
1444 3188 1507 3235 τὴν
1539 3187 1742 3240 μαρτυρίαν.
1759 3187 1931 3225 Ἐνταῦθα
1947 3187 2130 3234 δείκνυσιν,
2152 3186 2204 3224 ὅτι
2224 3187 2301 3239 οὐχὶ
2328 3202 2386 3239 φο-

1374 3319 1489 3340 omnes
1505 3306 1614 3340 Codd.
1639 3306 1758 3350 nostri,
1773 3306 1842 3340 fort
1873 3314 1973 3349 recte,
1992 3306 2070 3340 licet
2086 3311 2255 3351 παροινοῦσι
2272 3306 2384 3340 reddi-

1376 3361 1462 3393 derit
1477 3360 1664 3401 Erasmus]
