2502 3810
695 275 739 304 IN
775 274 888 304 ACTA
925 274 951 303 A
958 272 1204 304 POSTOLORU
1212 275 1242 303 M
1251 293 1261 302 .

117 355 260 404 βασιλεῦ
281 352 476 405 Ἀγρίππα,
495 352 587 396 ὅπως
606 356 666 400 τῆς
694 354 907 407 ἀνακρίσεως
926 354 1128 406 γενομένης,

59 424 64 428 ’
116 417 192 465 σχῶ
221 430 255 451 τι
278 412 580 465 γράψαι.Ἄλογον
611 414 678 466 γάρ
710 430 769 464 μοι
802 416 916 462 δοκεῖ,
946 414 1129 464 πέμποντα

118 474 257 525 δέσμιον
280 473 327 524 μὴ
352 473 412 511 καὶ
430 473 492 516 τὰς
505 476 583 511 κατ’
603 475 705 512 αὐτοῦ
723 475 833 517 αἰτίας
852 481 1019 525 σημᾶναι.
1040 473 1130 512 Σκό-

116 550 191 582 πει,
212 550 286 577 πως
306 533 444 572 ἐκείνων
466 533 526 584 μὲν
552 540 754 586 κατηγορεῖ,
774 539 891 573 τοῦτον
914 535 948 573 δὲ
977 533 1130 585 ἀφίησιν.

115 594 164 633 Ὢ
190 610 252 640 της
238 611 338 638 ςτων
368 594 613 644 δικαιωμάτων
629 594 849 648 περιουσίας·
874 595 966 638 ὅπως
991 596 1132 632 καταδι-

117 656 208 707 κάσῃ
220 685 229 702 ,
247 657 314 707 οὐχ
331 654 481 707 εὑρίσκει
495 658 513 692 5
532 654 662 708 ἅρχων,
680 655 804 707 μυρίας
818 655 1004 706 γενομένης
1018 654 1132 698 ἐξετά-

117 731 219 758 σεως·
237 718 360 753 ἐκεῖνοι
391 714 426 753 δὲ
448 718 566 752 τοῦτον
587 714 678 758 ἄξιον
701 715 884 753 θανάτου”
866 731 1012 767 εφασκον
1033 709 1130 752 εἶναι.

118 776 186 814 Διὰ
204 779 305 813 τοῦτο
319 791 377 813 και
393 775 527 825 ἔλεγεν·
548 774 643 825 Ἔγω
663 773 698 812 δὲ
716 775 1014 824 καταλαὸόμενος,
1029 774 1131 825 φησὶ,

120 836 226 886 μηδὲν
246 837 286 880 ἅς
291 852 339 874 ιον
371 835 516 874 θανάτου
553 834 771 887 πεπραχέναι
800 834 920 871 αὐτόν·
941 839 1016 871 εἶτα
1044 834 1133 879 ἐπή-

118 913 226 948 γαγε,
247 897 367 948 λέγων,
385 898 474 950 Περι
493 900 530 934 οὓ
559 896 710 948 ἀσφαλές
736 911 769 932 τι
793 895 925 947 γράψαι
945 910 994 931 τι)
1025 893 1133 945 κυρίῳ

120 960 181 994 οὐκ
208 958 288 1009 ἔχω.
324 958 394 995 Καὶ
430 962 528 995 τοῦτο
558 960 620 1002 τῆς
641 960 700 994 τοῦ
730 956 872 993 Παύλου
901 954 1135 1029 καθαρότητος

119 1018 157 1055 τὸ
177 1018 263 1069 μηδὲ
267 1034 283 1055 ν
303 1018 393 1069 ἔχειν
416 1017 474 1054 τὸν
494 1016 671 1064 δικαστὴν,
696 1015 717 1054 5¹
738 1032 772 1053 τι
790 1032 815 1054 ε
807 1014 869 1066 ’ἷπῃ
899 1014 979 1066 περὶ
1018 1016 1133 1051 αυτοῦ.

119 1079 181 1120 Διὸ
201 1094 397 1129 προηγαγον
429 1077 543 1125 αὐτὸν,
571 1077 690 1129 φησὶν,
719 1078 770 1127 ἐφ’
787 1078 898 1124 ὑμῶν.
912 1074 1052 1125 Ἄλογον
1068 1075 1135 1126 γάρ

121 1154 177 1188 μοι
199 1141 290 1176 δοκεῖ
308 1143 419 1185 εἶναι,
440 1138 625 1188 πέμποντα
643 1136 795 1187 δέσμιον,
821 1151 869 1185 υη
890 1135 949 1173 καὶ
978 1134 1040 1178 τὰς
1057 1136 1135 1173 κατ’

120 1200 223 1235 αὐτοῦ
245 1197 356 1241 αἰτίας
373 1204 540 1248 σημᾶναι.
560 1197 657 1250 τΌρα
677 1199 724 1241 εἷς
738 1196 811 1239 οἵας
824 1198 875 1233 ἒνε
868 1196 985 1233 ὅαλον
1004 1197 1035 1232 οἱ
1049 1195 1134 1233 Ἰου-

121 1260 210 1296 δαῖοι
224 1257 303 1300 τους
323 1258 495 1310 ἄρχοντας
520 1260 630 1295 αυτῶν
661 1256 808 1310 ἀπορίας
826 1257 937 1308 μεγάλ
941 1272 991 1299 ας.
1012 1255 1059 1293 Τί
1077 1258 1134 1292 οὖν

120 1322 138 1357 5
157 1318 366 1370 Ἀγρίππας,
384 1323 397 1339 ³
424 1318 508 1356 Επι
535 1333 667 1361 του-τοις
704 1317 910 1368 βουλόμενός
935 1333 969 1354 τι
1003 1321 1136 1367 μαθεῖν,

121 1379 206 1430 πρὸς
230 1378 287 1417 τὸν
306 1380 446 1416 Παῦλον
476 1378 540 1430 ἔφη
556 1393 563 1402 ·
587 1378 838 1430 Ἐπιτρέπεταί
857 1393 911 1415 σοι
931 1377 1016 1429 ὑπὲρ
1035 1393 1137 1415 σεαυ-

121 1444 181 1478 τοῦ
210 1439 334 1490 λέγειν.
365 1442 421 1491 Τῇ
451 1441 563 1490 πολλῇ
593 1439 673 1492 περὶ
702 1443 761 1478 τοῦ
797 1441 941 1477 ἀκοῦσαι
973 1438 1138 1490 ἐπιθυμίᾳ

121 1500 300 1552 ἐπιτρέπει
319 1503 411 1553 αὐτῷ
425 1499 537 1551 λέγειν
557 1503 574 1537 ὃ
592 1499 763 1551 βασιλεύς.
782 1501 825 1537 tO
842 1499 877 1536 δὲ
894 1501 1034 1543 Παῦλος
1049 1499 1138 1550 μετὰ

123 1561 320 1614 παρρησίας
339 1561 521 1613 φθέγγεται
540 1561 675 1607 λοιπὸν,
690 1562 727 1597 οὔ
746 1560 957 1607 κολακεύων,
976 1561 1066 1599 ἀλλὰ
1082 1560 1138 1598 διὰ

124 1627 223 1660 τοῦτο
257 1622 424 1672 μακάριον
458 1621 578 1658 ἑαυτὸν
606 1620 751 1673 φάσκων
783 1615 886 1668 εἶναι,
903 1622 1022 1668 ἐπειδὴ
1054 1623 1140 1673 πρὸς

123 1682 239 1720 πάντα
259 1682 372 1720 εἰδότα
391 1682 446 1719 τὸν
466 1682 567 1732 λόγον
587 1688 756 1719 ποιεῖται·
776 1681 835 1719 καὶ
856 1681 908 1719 ὅτι
935 1682 992 1720 διὰ
1018 1686 1138 1731 τοῦτο,

123 1742 226 1780 ἄκουε
249 1741 269 1778 ἃ
290 1741 331 1788 δὴ
355 1741 413 1780 καὶ
438 1741 654 1793 προτείνεται
689 1742 816 1792 λέγων·
837 1742 928 1779 Τότε
955 1746 972 1780 ὃ
1000 1744 1140 1786 Παῦλος

124 1804 345 1853 ἀπελογεῖτο,
380 1803 532 1846 ἐκτείνας
562 1803 625 1849 τὴν
660 1808 773 1854 χεῖρα.
806 1803 896 1855 Περὶ
922 1805 1061 1842 πάντων
1092 1798 1139 1841 ὧν

121 1864 337 1914 ἐγκαλοῦμαι
357 1863 423 1900 ὑπὸ
444 1863 631 1910 Ἰουδαίων,
660 1865 803 1914 βασιλεῦ
836 1864 1024 1916 Ἀγρίππα,
1045 1865 1138 1915 ἥγη-

122 1938 187 1972 μαι
204 1923 353 1974 ἐμαυτὸν
375 1924 561 1976 μακάριον,
581 1923 638 1961 ἐπὶ
655 1927 715 1961 σοῦ
740 1923 874 1974 μέλλων
892 1926 1140 1976 ἀπολογεῖσθαι

122 1982 286 2034 σήμερον,
304 1984 456 2034 μάλιστα
473 1984 630 2035 γνώστην
658 1985 741 2023 ὄντα
757 2000 794 2022 σε
814 1984 951 2022 πάντων
965 1988 1034 2022 τῶν
1050 1985 1141 2024 κατὰ

122 2043 309 2086 Ἰουδαίους
331 2046 416 2082 ἐθῶν
437 2046 495 2082 καὶ
515 2046 741 2096 ζητημάτων·
773 2046 824 2084 διὸ
848 2046 969 2096 ’δέομαί
991 2061 1051 2084 σου
1068 2063 1140 2096 μα-

123 2104 304 2157 κροθύμως
327 2106 473 2144 ἀκοῦσαί
488 2123 565 2156 μου.
588 2107 711 2144 Καίτοι
729 2123 790 2158 γε,
806 2110 835 2144 εἷ
856 2108 994 2158 συνῄδει
1011 2109 1141 2158 ἑαυτῷ,

124 2166 317 2217 φοὸηθῆναι
338 2169 443 2219 ἐχρῆν
466 2167 562 2220 παρὰ
581 2170 629 2219 τῷ
645 2168 758 2206 πάντα
778 2167 882 2206 εἰδότι
901 2167 1140 2217 δικαζόμενον·

124 2227 213 2264 ἀλλὰ
240 2231 391 2279 καθαροῦ
411 2228 601 2271 συνειδότος
624 2228 724 2266 τοῦτο’
748 2228 906 2276 ἐστιν,το
937 2227 984 2278 μὴ
1011 2244 1142 2280 παραι-

123 2291 255 2325 τεῖσθαι
271 2287 437 2334 δικαστὴν
460 2287 515 2325 τὸν
539 2288 689 2339 ἀκριὸὦς
709 2288 822 2325 εἰδότα
846 2288 890 2325 τὰ
908 2288 1138 2338 γεγενημένα,

125 2349 213 2386 ἀλλὰ
230 2348 289 2385 καὶ
309 2347 561 2399 ι’χαίρειψὸἰθεν
577 2349 637 2386 καὶ
657 2349 827 2400 μακάριον
844 2349 962 2387 ἑαυτὸν
983 2352 1137 2400 ἡγεῖται,

124 2410 182 2447 καὶ
211 2409 321 2460 λέγει·
347 2408 481 2458 Δέομαί
515 2424 574 2448 σου
609 2408 842 2460 μακροθύμως
879 2409 1025 2447 ἀκοῦσαί
1060 2424 1137 2459 μου.

125 2470 269 2516 Ἐπειδὴ
292 2470 410 2519 μέλλει
439 2469 537 2521 λόγον
568 2469 728 2507 ἐκτείνειν
760 2470 819 2507 καὶ
851 2469 962 2522 λέγειν
994 2486 1027 2507 τι
1057 2470 1138 2522 περὶ

125 2533 247 2568 ἑαυτοῦ
259 2561 268 2578 ,
286 2529 342 2568 διὰ
360 2533 460 2567 τοῦτο
479 2529 662 2581 προλαὸὼν
687 2530 904 2582 παρεκάλεσε
920 2560 929 2577 ,
952 2530 1013 2568 καί
1031 2547 1137 2583 φησι·

124 2591 201 2637 Τὴν
217 2591 278 2641 μὲν
298 2586 354 2629 οῦν
373 2590 493 2641 βίωσίν
513 2607 576 2641 μου
593 2590 655 2637 τὴν
674 2593 712 2629 ἐκ
742 2591 912 2637 νεότητος,
935 2591 999 2638 τὴν
1017 2595 1136 2645 ἀπαρ-

123 2655 189 2703 yffi&
210 2652 394 2702 γενομένην
423 2654 456 2690 ἐν
492 2654 541 2703 τῷ
575 2651 662 2689 ἔθνει
693 2667 759 2702 μου
796 2654 830 2690 ἐν
863 2651 1137 2704 Ἱεροσολύμοις,

123 2713 217 2750 ἴσασι
236 2712 362 2754 πάντες
377 2713 407 2749 οἷ
427 2712 608 2759 Ἰουδαῖοι,
625 2711 918 2764 προγινώσκοντές
936 2729 980 2763 με
996 2714 1136 2761 ἄνωθεν,

122 2773 181 2810 ἐὰν
212 2772 336 2810 θέλωσι
365 2778 564 2825 μαρτυρεῖν,
593 2772 646 2810 ὅτι
675 2771 767 2810 κατὰ
785 2772 847 2819 τὴν
882 2773 1137 2825 ἀκριὸεστοίτην

123 2834 251 2886 αἵρεσιν
271 2849 332 2878 της
353 2849 399 2883 ημ
397 2833 524 2885 ετέρας
539 2832 721 2886 θρησκείας
741 2833 846 2881 ἔζησα
864 2835 1071 2886 Φαρισαῖος.
1088 2835 1136 2873 ζῸ

122 2893 232 2943 λέγει,
252 2893 350 2931 τοῦτό
385 2896 477 2932 ἐστι·
506 2896 580 2936 πῶς
613 2893 652 2931 ἂν
681 2893 931 2940 στασιαστὴς
916 2894 1041 2946 εγενόυ.
1043 2911 1097 2941 ην,
1119 2898 1136 2932 ὁ

123 2953 195 2995 νέος
208 2958 358 2996 τοιοῦτος
371 2970 417 2991 ων
428 2953 486 2992 καὶ
503 2954 808 3030 {up-cupougievcmog
792 2954 859 2993 υπὸ
874 2955 1031 2993 πάντ-οη·
1023 2986 1033 3003 ,
1048 2949 1136 2993 Εἶτα

124 3029 183 3050 και
204 3015 345 3060 ἀπὸτης
363 3014 526 3068 αἱρεσεως
542 3019 563 3062 ἡ
581 3015 696 3058 πίστις
715 3019 752 3053 οὑ
776 3019 888 3054 εἶπεν·
909 3017 1031 3068 επάγει
1049 3034 1135 3069 γαρ·

125 3073 226 3111 Κατὰ
238 3089 299 3120 την
317 3075 570 3126 ἀκριοεστάτην
586 3092 717 3128 αιρεσιν
732 3080 793 3123 τῆς
809 3077 1034 3130 θρησκείας”
1017 3081 1135 3125 εζησα.

125 3133 228 3170 Και
214 3149 288 3171 επει
305 3135 410 3172 πάλιν
425 3135 512 3178 εἰκὸς
538 3140 579 3183 ἠν
593 3137 688 3181 τινὰς
707 3139 830 3176 ειπεῖν·
848 3138 883 3176 τί
902 3143 972 3186 οὐν,
992 3141 1020 3176 εἷ
1035 3143 1078 3189 ἡ
1074 3140 1133 3178 μὲν

1146 3176 1193 3200 389

2090 265 2180 323 [437

1203 362 1239 390 et
1259 357 1426 391 maxime
1448 355 1501 391 ad
1527 363 1575 401 te,
1598 368 1666 394 rex
1686 356 1877 407 Agrippa,
1901 364 1941 394 ut
1966 358 2180 408 interroga-

1204 416 1307 450 tione
1320 415 1455 466 facta,
1484 415 1651 452 habeam
1679 416 1783 467 qaod
1807 418 1983 454 scribam.
2008 418 2072 457 97.
2094 418 2184 456 Sine

1203 476 1353 510 ratione
1371 476 1473 510 enim
1500 476 1597 511 milei
1622 476 1791 522 videtur,
1812 479 1961 514 mittere
1988 480 2178 524 vinctum,

1203 542 1239 570 et
1258 547 1396 571 causas
1417 537 1498 586 ejus
1528 549 1605 572 non
1631 536 1864 588 significare.
1887 537 1983 576 Vide
2002 538 2182 588 quomodo

1204 592 1282 630 illos
1299 592 1442 642 quidem
1461 603 1616 644 accusat,
1632 596 1726 633 hunc
1745 610 1828 634 vero
1844 597 2008 636 absolvit.
2030 599 2061 635 O
2074 599 2182 650 justi-

1202 653 1258 690 tiae
1273 654 1413 705 copiosa
1427 655 1655 704 argumenta!
1673 657 1830 694 Plurima
1845 658 1936 695 facta
1955 659 2180 710 perquisitio-

1203 728 1245 750 ne
1263 728 1331 751 non
1360 715 1495 752 invenit
1523 729 1648 766 praeses
1674 717 1851 765 quomodo
1881 718 2107 767 condemnet;
2128 720 2183 757 illi

1202 788 1287 812 vero
1314 783 1427 811 morte
1450 774 1602 825 dignum
1620 775 1797 813 dicebant.
1829 777 1913 815 Ideo
1932 779 2073 817 dicebat
2094 780 2177 817 ille:

1203 836 1288 884 Ego
1302 848 1395 871 vero
1412 837 1578 884 comperi
1593 837 1693 872 nihil
1707 837 1866 887 dignum
1881 848 2002 876 morte
2017 855 2102 878 eum
2117 842 2183 877 ad-

1204 896 1375 938 misisse;
1401 893 1528 931 deinde
1561 894 1705 945 adjicit:
1722 897 1783 932 De
1807 910 1883 948 quo
1914 901 2009 949 qnid
2038 909 2183 937 certam

1203 956 1370 990 scribam
1384 955 1438 990 ad
1455 955 1653 991 dominum
1668 969 1806 1004 meum,
1820 971 1897 993 non
1911 959 2044 996 habeo.
2057 960 2103 996 Et
2116 960 2185 997 hoc

1203 1026 1248 1049 ex
1263 1013 1366 1050 Pauli
1385 1013 1582 1051 innocentia
1600 1014 1722 1065 prodit
1735 1044 1745 1063 ‚
1772 1016 1870 1064 quod
1884 1016 1998 1067 judex
2016 1018 2104 1055 nihil
2121 1019 2185 1055 ha-

1203 1073 1282 1110 beat
1297 1072 1341 1110 de
1355 1073 1417 1111 illo
1435 1073 1639 1112 dicendum.
1651 1076 1744 1112 Ideo
1760 1077 1930 1127 produxi
1942 1091 2041 1124 eam,
2056 1078 2184 1128 inquit,

1204 1135 1259 1170 ad
1275 1148 1359 1173 vos.
1389 1135 1479 1173 Sine
1496 1138 1648 1172 ratione
1668 1139 1769 1173 enim
1792 1138 1886 1174 milii
1905 1139 2062 1176 videtur
2090 1153 2182 1185 esse,

1205 1197 1355 1233 mittere
1373 1198 1564 1243 vinctum,
1584 1205 1621 1233 et
1637 1211 1779 1235 causas
1796 1200 1876 1249 ejus
1898 1212 1974 1235 non
1990 1201 2187 1252 significa-

1204 1268 1256 1291 re.
1272 1254 1367 1293 Vide
1381 1255 1416 1292 in
1428 1264 1577 1305 quantas
1592 1256 1774 1307 angustias
1785 1259 1806 1296 J
1811 1257 1898 1295 udaei
1914 1258 2092 1310 principes
2106 1274 2187 1297 suos

1205 1315 1431 1366 conjecerim.
1455 1315 1552 1362 Quid
1574 1331 1658 1354 vero
1688 1317 1876 1369 Agrippa?
1900 1319 1953 1355 De
1983 1319 2039 1356 his
2066 1320 2188 1359 volens

1300 273 1454 306 HOMIL.
1492 274 1567 305 L11.

1206 1375 1344 1426 aliquid
1362 1375 1510 1426 discere,
1533 1377 1645 1414 Paulo
1667 1377 1780 1414 dixit:
1796 1380 1810 1414 1
1826 1408 1832 1415 .
1851 1380 2096 1417 Permittitur
2118 1383 2188 1418 tihi
2202 1393 2275 1421 Cae.
2295 1402 2377 1420 xxx-1.

1208 1436 1316 1489 loqui
1327 1451 1397 1488 pro
1417 1441 1626 1489 temetipso.
1646 1438 1704 1475 Ex
1724 1438 1837 1476 multo
1859 1439 2029 1478 audiendi
2048 1441 2188 1479 deside-

1207 1497 1260 1534 rio
1275 1498 1331 1534 illi
1353 1512 1418 1535 rex
1434 1498 1550 1536 dicere
1571 1499 1758 1551 permittit.
1785 1500 1920 1537 Paulus
1937 1515 2021 1539 vero
2041 1516 2121 1539 cum
2139 1503 2188 1540 fi-

1207 1557 1313 1596 ducia
1331 1558 1496 1611 deinceps
1518 1560 1692 1610 loquitur,
1715 1574 1783 1598 non
1803 1560 1984 1599 adulando
1995 1577 2007 1612 3
2030 1563 2092 1600 sed
2110 1564 2191 1602 ideo

1209 1633 1244 1656 se
1262 1620 1406 1657 beatum
1423 1634 1496 1658 esse
1511 1620 1611 1670 dicit,
1632 1621 1727 1671 quod
1743 1621 1775 1659 ei
1795 1621 1976 1672 loquatur,
1993 1623 2056 1673 qui
2073 1625 2191 1662 omnia

1209 1679 1330 1718 sciret:
1344 1690 1378 1718 et
1397 1681 1495 1732 quod
1513 1681 1606 1731 ideo,
1625 1682 1710 1719 audi
1730 1697 1807 1733 quae
1822 1684 1896 1735 ipse
1910 1685 2042 1736 profert
2058 1701 2065 1721 :
2084 1688 2117 1723 T
2117 1700 2191 1725 nnc

1208 1743 1359 1779 Paulas
1372 1750 1529 1779 extenta
1544 1754 1663 1779 manu
1682 1746 1792 1794 coepit
1811 1747 2002 1782 rationem
2020 1747 2189 1784 reddere.

1208 1805 1247 1840 92.
1267 1804 1329 1840 De
1347 1804 1536 1849 omnibus,
1560 1805 1700 1855 quibas
1719 1817 1880 1841 accusor
1897 1818 1922 1841 a
1941 1806 2103 1855 Judoei5‚
2123 1821 2192 1843 rex·

1211 1863 1403 1914 Agrippa7
1422 1865 1567 1900 aeStian
1584 1877 1644 1900 me
1664 1865 1832 1911 beatam,
1849 1866 1954 1916 apud
1969 1874 2005 1903 te
2017 1880 2103 1903 cum
2119 1869 2192 1904 sim

1211 1924 1440 1975 defensurus
1470 1937 1530 1961 me
1560 1925 1687 1971 hodie,
1718 1926 1756 1962 5.
1787 1929 1958 1963 maxime
1988 1935 2024 1964 te
2049 1931 2192 1966 sciente

1211 1996 1354 2030 omnes,
1375 1998 1459 2034 quoe
1479 1985 1583 2036 apud
1598 1985 1756 2022 Judoeos
1776 1993 1878 2031 sunt,
1899 1989 2193 2026 consuetudines

1211 2052 1247 2081 et
1267 2046 1519 2095 quaestiones:
1532 2053 1688 2095 propter
1706 2045 1811 2096 qaod
1829 2046 1983 2083 obsecro
1999 2050 2194 2098 patienter

1212 2120 1272 2142 me
1291 2107 1441 2143 audias.
1463 2106 1637 2151 Profecto,
1662 2105 1691 2143 si
1711 2106 1803 2143 male
1824 2106 1893 2143 sibi
1913 2108 2073 2146 conscius
2102 2110 2193 2146 fuis-

1212 2175 1278 2215 set,
1296 2165 1434 2203 turbari
1450 2165 1650 2216 oportebat,
1667 2165 1755 2203 dum
1771 2166 1869 2217 apud
1888 2181 1983 2215 eum,
1997 2169 2059 2218 qui
2075 2170 2193 2207 omnia

1212 2225 1328 2273 sciret,
1354 2240 1494 2263 causam
1526 2226 1679 2274 diceret;
1698 2225 1760 2263 sed
1785 2227 1878 2264 illud
1910 2236 1961 2264 est
1990 2243 2088 2279 purae
2112 2243 2193 2267 con-

1213 2286 1380 2333 scientiae‚
1402 2300 1471 2324 non
1501 2300 1664 2323 recusare
1687 2286 1849 2338 judicem
1870 2301 1923 2324 res
1950 2297 2064 2338 gestas
2085 2303 2192 2327 accu-

1212 2355 1287 2384 rate
1305 2348 1485 2396 scientem,
1505 2346 1566 2384 sed
1588 2355 1620 2384 et
1639 2346 1808 2397 gaudere.
1833 2347 1938 2385 Unde
1966 2348 2027 2386 ille
2052 2363 2087 2387 se
2105 2351 2190 2387 bea-

1212 2417 1288 2445 tum
1301 2417 1414 2460 putat,
1424 2417 1458 2446 et
1470 2408 1575 2446 dicit:
1588 2410 1751 2446 Obsecro
1761 2412 1956 2460 patienter
1968 2424 2028 2447 me
2041 2413 2190 2451 audias.

1211 2469 1305 2516 Quia
1333 2484 1529 2507 sermonem
1555 2478 1630 2507 erat
1657 2469 1898 2521 producturus
1919 2479 1953 2508 et
1979 2471 2120 2522 aliquid
2148 2473 2192 2511 de

1211 2531 1324 2582 seipso
1355 2530 1531 2577 dicturus,
1562 2529 1642 2567 ideo
1662 2544 1913 2582 praeoccupans
1939 2531 2102 2582 rogabat,
2131 2533 2191 2571 di-

1212 2594 1356 2630 cens:4.
1374 2594 1429 2629 Et
1455 2591 1608 2642 quidem
1636 2593 1763 2628 vitam
1791 2605 1916 2628 meam
1933 2605 1958 2628 a
1967 2593 2186 2643 juventate,

1212 2667 1296 2706 quoe
1307 2655 1356 2690 ab
1373 2655 1492 2702 initio
1495 2653 1573 2702 suit
1586 2653 1626 2687 in
1639 2659 1751 2702 gente
1766 2665 1851 2688 mea
1866 2653 1907 2687 in
1917 2652 1948 2689 J
1946 2653 2188 2702 erosolymis,

1213 2722 1399 2752 noverunt
1420 2725 1550 2750 omnes
1569 2712 1711 2757 Judaei,
1737 2711 1772 2749 5.
1792 2714 1859 2763 qui
1873 2715 1980 2762 prius
2001 2723 2190 2752 noverant

1211 2790 1271 2812 me
1286 2777 1334 2812 ab
1351 2776 1474 2819 initio,
1499 2775 1532 2810 si
1550 2773 1677 2809 velint
1697 2775 1955 2810 testimonium
1971 2774 2184 2824 perhibere,

1211 2836 1314 2889 quod
1325 2835 1533 2873 secandam
1549 2836 1877 2871 accuratissimam
1892 2842 2035 2872 sectam
2050 2845 2189 2873 nostroe

1208 2898 1406 2947 religionis
1425 2896 1591 2932 vixerim
1611 2895 1844 2931 Pharisaeus.
1858 2893 1900 2930 Id
1916 2903 1985 2931 est:
1999 2894 2188 2940 Quomodo

1208 2957 1397 2995 seditiosus
1413 2956 1554 3003 fuerim,
1571 2964 1644 2992 tam
1658 2954 1801 3006 juvenis
1817 2963 1851 2992 et
1864 2954 2104 2993 testimonium
2120 2957 2187 2994 ha—

1208 3019 1294 3056 bens
1318 3016 1502 3055 omnium?
1524 3014 1660 3053 Deinde
1690 3013 1729 3051 id
1759 3014 1885 3066 probat
1912 3029 1932 3052 a
1960 3024 2066 3063 secta,
2086 3015 2188 3054 addit

1208 3079 1302 3118 enim
1313 3095 1320 3116 ε
1331 3078 1545 3117 Secundum
1563 3078 1895 3114 accuratissimam
1909 3077 2105 3128 religionis
2121 3092 2187 3115 no-

1208 3151 1297 3179 stroe
1315 3148 1459 3178 sectam
1479 3140 1577 3176 vixi.
1602 3136 1647 3174 Et
1669 3136 1753 3185 quia
1767 3137 1961 3174 veiisimile
1978 3147 2064 3187 eiat,
2080 3153 2186 3189 quos-

126 3193 255 3244 αἵρεσις
276 3196 475 3245 θαυμαστὴ,
494 3213 533 3235 συ
550 3197 585 3235 δὲ
610 3198 778 3251 πονηρός,
798 3199 861 3251 ὅρα
879 3203 953 3242 πῶς
971 3200 1010 3238 τὸ
1028 3216 1135 3254 υφορ-
1158 3212 1182 3241 Α
1206 3201 1290 3239 dam
1316 3200 1473 3237 dicturos
1504 3211 1608 3236 esse:
1629 3195 1729 3244 Quid
1750 3209 1848 3246 ergo,
1875 3197 1904 3233 si
1931 3206 2023 3234 secta
2042 3198 2186 3248 qudem

168 3340 181 3354 ε
208 3331 299 3371 Haec,
319 3336 366 3366 ἐπὶ
381 3335 493 3371 τούτοις
507 3339 685 3379 βουλόμενός
698 3352 726 3371 τι
742 3343 858 3380 μαθεῖν,
871 3337 992 3371 desunt
1008 3339 1039 3371 in
1058 3350 1123 3370 uno

125 3381 207 3414 Cod.
226 3383 314 3423 [Mox
331 3384 370 3416 D.
388 3386 520 3427 tamma]

1234 3339 1250 3362 Β
1266 3343 1382 3383 χαίρειν
1398 3341 1445 3370 καὶ
1461 3341 1607 3381 μακάριον
1624 3337 1726 3368 ἑαυτὸν
1744 3337 1846 3376 λέγειν,
1862 3334 1909 3367 εἰς
1926 3346 2020 3368 unus.

1969 3442 2031 3480 50.
