2502 3810
697 239 738 267 ΙΝ
778 239 891 268 ACTA
930 239 1270 271 APOSTOLORUM.

138 319 283 366 ἤλπικεν
313 316 370 356 ἐπὶ
405 319 461 356 τὸν
484 318 586 365 Θεὸν,
610 319 668 356 καὶ
698 320 886 371 προσμένει
912 327 986 364 ταῖς
1020 321 1157 367 δεήσεσι

138 380 257 423 νυκτὸς
281 380 340 417 καὶ
366 379 514 430 ἡμέρας.
542 381 581 416 Εἰ
606 380 686 431 περὶ
712 381 823 433 χήρας
844 383 970 425 ἐκεῖνος
993 382 1028 419 δὲ
1049 386 1158 419 ταῦτα

137 439 241 491 λε’γει,
256 441 417 483 ἀσθενοῦς
436 439 612 489 γυναικὸς,
626 441 745 492 πολλῷ
763 442 892 490 μᾶλλον
913 442 992 493 περὶ
1013 443 1157 494 ἀνδρῶν.

136 500 206 538 Καὶ
236 499 304 546 ἤδη
322 499 502 550 διελέχθην
525 502 618 549 ὑμῖν,
640 501 699 538 καὶ
718 505 776 538 νῦν
797 503 864 554 ἐρῶ
879 518 886 525 ·
905 502 1158 554 διεγειρώμεθα

136 559 198 606 τὴν
220 560 325 598 νύκτα
338 576 345 583 ·
367 559 430 597 κᾶν
463 559 510 610 μὴ
531 560 662 603 πολλὰς
681 561 785 612 εὐχὰς
806 565 929 612 ποιῇς,
953 563 1035 612 μίαν
1055 563 1159 609 ποίη-

137 635 196 657 σον
224 620 311 670 μετὰ
333 620 486 671 νήψεως,
512 620 570 657 καὶ
591 623 710 671 ἀρκεῖ·
742 622 836 659 οὐδὲν
857 622 962 660 πλέον
999 626 1157 661 ἀπαιτῶ·

137 680 201 717 κᾶν
223 680 270 730 μὴ
289 680 522 730 μεσονύκτιον,
538 681 622 733 πρὸς
640 681 741 719 αὐτὸν
756 686 836 731 γοῦν
856 683 913 720 τὸν
933 683 1066 734 ὄρθρον.
1082 684 1159 719 Δεῖ-

139 739 206 787 ξον,
229 740 281 777 ὅτι
298 743 335 778 οὐ
353 744 412 777 τοῦ
432 740 594 790 σώματος
614 741 714 789 μόνον
733 741 825 778 ἐστὶν
844 745 865 786 ἧ
882 741 963 787 νὺξ,
993 741 1081 779 ἀλλὰ
1100 741 1159 778 καὶ

138 803 200 846 τῆς
217 803 351 852 ψυχῆς·
374 800 422 850 μὴ
441 801 576 852 ἀνάσχῃ
595 802 778 851 παρελθεῖν
801 801 906 847 αὐτὴν
930 802 1062 852 ἀργῶς,
1083 801 1160 837 ἀλλ’

141 859 290 911 ἄμειψαι
318 860 375 897 τὸν
397 859 577 906 Δεσπότην
609 859 760 909 ἀμοιδὴν
790 859 941 905 ταύτην·
972 861 1103 909 μᾶλλον
1124 859 1159 896 δὲ

141 920 199 957 καὶ
223 920 308 965 αὐτὴ
330 922 375 963 εἷς
397 920 433 959 σὲ
463 925 477 940 ⁰
491 919 729 971 περιέρχεται.
753 919 841 956 Εἰπὲ
859 919 900 965 δή
924 934 1003 968 μοι,
1021 921 1052 956 εἷ
1072 918 1161 969 πρά·
1183 925 1207 954 E

140 996 251 1030 γματι
275 979 521 1032 περιπέσωμεν
541 981 687 1030 χαλεπῷ
702 1009 711 1024 ,
727 979 805 1016 τίνα
825 980 887 1016 οὐκ
903 978 1080 1028 ἀξιοῦμεν;
1098 978 1163 1016 κᾶν

139 1040 273 1090 ταχέως
295 1042 357 1084 τῆς
377 1039 546 1085 αἰτήσεως
564 1038 740 1089 τύχωμεν,
763 1038 992 1087 ἀναπνέομεν.
1012 1037 1076 1080 Τίς
1107 1053 1162 1075 σοι

140 1100 187 1150 δῷ
209 1099 345 1148 ἕτοιμον
375 1093 460 1136 εἶναι
489 1099 546 1136 τὸν
577 1098 776 1147 ἀξιούμενον
799 1098 902 1149 χάριν
921 1113 974 1135 σοι
997 1097 1088 1149 ἔχειν
1108 1097 1162 1135 ὅτι

142 1158 265 1203 ἀξιοῖς;
286 1158 337 1200 τίς
353 1172 408 1195 σοι
428 1158 475 1207 δῷ
497 1157 544 1207 μὴ
560 1159 730 1208 περιιέναι
748 1157 806 1195 καὶ
823 1159 936 1203 ζητεῖν
958 1157 1037 1194 τίνα
1057 1156 1161 1201 ἀξιώ-

137 1233 229 1266 σεις,
246 1219 322 1256 ἀλλ’
341 1221 451 1271 εὑρεῖν
470 1218 628 1267 ἕτοιμον;
650 1218 697 1268 μὴ
715 1218 840 1270 ἑτέρων
861 1219 1017 1264 δεῖσθαι,
1039 1217 1095 1255 ἵνα
1118 1218 1160 1254 δι’

140 1278 279 1316 ἐκείνων
298 1277 468 1329 ἀξιώσης;
489 1278 536 1315 Τί
565 1277 685 1316 τούτου
704 1281 843 1328 μεῖζον,
864 1272 976 1320 Οῧτος
998 1276 1065 1328 γὰρ
1083 1277 1161 1314 τότε

137 1339 290 1388 μάλιστα
309 1344 425 1385 ποιεῖ,
447 1338 527 1376 ὅταν
557 1338 606 1388 μὴ
637 1338 763 1390 ἑτέρων
786 1341 962 1389 δεηθῶμεν
979 1354 985 1361 ·
1003 1339 1161 1389 καθάπερ

1311 242 1465 272 noim„
1505 243 1664 273 xxxx-1.
2125 234 2210 293 300

1232 331 1380 360 severat
1396 327 1436 360 ιή
1448 326 1624 374 precibus
1643 333 1752 362 nocte
1765 335 1800 363 et
1816 327 1889 363 (lie.
1907 326 1946 363 Si
1964 325 2007 363 de
2024 326 2143 371 vidua,
2158 328 2211 364 in-

1230 383 1334 421 firma
1350 383 1499 422 muliere
1511 413 1520 430 ,
1537 384 1614 422 haec
1635 384 1695 422 ille
1715 385 1816 435 dicit,
1830 386 1944 423 multo
1960 385 2073 436 magis
2093 386 2137 423 de
2152 386 2208 423 vi-

1229 442 1291 480 ris.
1312 442 1431 480 Etiam
1450 444 1529 481 dixi
1543 445 1660 492 vobis,
1682 453 1716 482 et
1731 459 1825 483 nunc
1843 445 1981 483 dicam:
1999 446 2210 485 Excitcmur

1230 512 1347 552 nocte,
1363 504 1499 542 etiamsi
1516 519 1585 542 non
1604 506 1734 543 multas
1747 506 1920 544 orationes
1937 506 2087 553 emittas,
2104 520 2211 545 unam

1230 564 1349 602 emitte
1371 579 1450 602 cum
1482 565 1682 617 vigilantia,
1705 576 1739 604 ct
1759 567 1889 604 sufficit
1908 584 1915 603 z
1935 567 2026 604 nihil
2057 568 2212 619 amplius

1231 634 1324 675 pcto.
1343 625 1380 662 Si
1400 640 1468 663 non
1488 626 1604 664 media
1623 636 1735 675 nocte,
1751 628 1875 664 saltem
1892 628 2061 665 diluculo.
2085 630 2212 665 Osten-

1229 684 1274 721 de
1292 694 1428 722 noctem
1446 700 1514 723 non
1536 687 1641 723 modo
1662 688 1817 737 corporis
1834 702 1919 737 esse,
1939 689 2121 726 sedetiam
2137 689 2213 726 ani—

1230 758 1294 781 mae
1308 760 1315 779 ε
1330 758 1372 781 ne
1385 745 1480 782 sinas
1499 745 1595 782 illam
1618 746 1791 783 inutiliter
1811 748 1969 794 transire,
1983 749 2044 785 sed
2060 749 2213 786 Domino

1229 803 1321 840 hanc
1336 804 1450 841 vicem
1469 803 1642 854 repende,
1658 805 1728 842 imo
1742 805 1817 855 ipsa
1837 806 1917 843 inte
1931 808 2132 845 revertitur.
2145 809 2215 846 Dic

1231 863 1335 911 mihi,
1356 863 1385 899 si
1404 863 1439 900 in
1457 877 1564 913 grave
1593 864 1773 914 negotium
1794 865 1998 914 incidimus,
2016 881 2121 916 quem
2144 883 2214 906 non

1230 922 1440 973 precamur?
1451 931 1484 959 et
1500 922 1527 959 si
1543 923 1749 973 petitionem
1780 924 1850 961 cito
1872 925 2114 976 impetramus,
2142 928 2213 964 uti—

1232 995 1300 1031 que
1312 982 1538 1033 respiramus.
1550 983 1639 1028 Quis
1654 983 1722 1021 tibi
1731 984 1802 1034 det,
1817 994 1857 1022 ut
1871 985 1900 1022 is
1910 986 1972 1036 qui
1984 995 2140 1037 rogatur,
2153 1002 2216 1038 pa-

1229 1050 1327 1079 ratus
1349 1042 1393 1079 sit
1412 1042 1459 1080 ad
1477 1042 1682 1081 habendum
1697 1044 1764 1081 tibi
1783 1045 1946 1095 gratiam,
1967 1046 2065 1096 quod
2086 1049 2216 1098 rogas?

1230 1102 1309 1152 quis
1324 1102 1390 1140 tibi
1407 1103 1476 1151 det,
1491 1112 1530 1140 ut
1545 1117 1613 1141 non
1634 1104 1841 1154 circumeas,
1858 1119 2017 1156 quaerens
2036 1121 2055 1143 a
2073 1121 2142 1157 quo
2155 1123 2217 1159 pe-

1231 1172 1331 1211 teres,
1347 1163 1409 1201 sed
1422 1173 1588 1216 paratum
1606 1164 1852 1215 invenias,nec
1870 1166 1950 1204 aliis
1965 1181 2054 1218 opus
2071 1167 2217 1217 habeas,

1230 1233 1294 1276 pe'r
1313 1238 1400 1274 quos
1419 1225 1546 1276 petas?
1569 1225 1668 1271 Quid
1687 1225 1754 1263 hoc
1774 1227 1889 1278 majus
1908 1228 1985 1265 cst?
2006 1228 2072 1266 Hic
2089 1229 2220 1280 quippe

1231 1294 1315 1323 tunc
1331 1285 1487 1324 maxime
1502 1286 1597 1334 facit,
1613 1300 1694 1324 cum
1710 1301 1779 1324 non
1796 1288 1884 1326 alios
1899 1302 2083 1339 rogamus,
2099 1299 2137 1326 ut
2151 1290 2221 1327 sin-

1232 1359 1332 1384 cerus
1345 1347 1478 1384 amicus
1493 1357 1578 1385 tunc
1595 1348 1752 1385 maxime
1771 1362 1833 1386 nos
1848 1349 2026 1401 objurgat,
2038 1350 2135 1400 quod
2152 1364 2222 1388 non

137 1400 234 1451 φίλῖς
248 1399 388 1450 γνῆσῑῡς
411 1400 489 1437 τότε
509 1400 664 1449 μάλιστα
688 1403 770 1450 ἡμῖν
793 1401 933 1451 ἐγκαλεῖ
953 1401 998 1442 ὡς
1018 1401 1055 1436 Οῧ
1078 1401 1159 1450 θαῤ·
1175 1443 1222 1468 279
1232 1407 1307 1458 ejus
1325 1407 1490 1445 amicitiae
1510 1408 1678 1457 fidamus,
1702 1423 1784 1447 cum
1813 1410 1901 1447 alios
1928 1411 2139 1449 adhibemus
2161 1412 2222 1463 qui

138 1463 251 1511 ῥῡῧῦῑν
269 1461 374 1497 αῧτῡῧ
390 1463 433 1511 τῇ
455 1459 574 1511 φιλίᾳ,
594 1460 673 1498 ὅταν
695 1459 821 1512 ἑτέρων
840 1461 926 1513 πρὸς
947 1459 1048 1497 αὐτὸν
1078 1459 1159 1505 85η-
1186 1480 1212 1508 Α
1233 1468 1352 1520 ipsum
1378 1478 1575 1521 precentur.
1604 1471 1664 1509 Sic
1681 1480 1715 1508 et
1734 1485 1798 1509 nos
1821 1471 1971 1509 facimus
2000 1472 2059 1522 iis,
2077 1473 2137 1523 qui
2159 1487 2222 1511 nos

137 1523 249 1570 θῶμεν
279 1521 346 1557 τῶν
368 1520 568 1564 ἀξιούντων.
589 1520 696 1559 Οὕτω
717 1521 777 1558 καὶ
798 1524 899 1570 ἦμεῖς
918 1524 1085 1570 ποιοῦμεν
1105 1520 1164 1558 ἐπὶ

134 1582 204 1617 τῶν
223 1583 317 1628 ἡμᾶς
346 1580 530 1623 ἀξιούντων
544 1595 552 1604 ·
572 1580 650 1618 τότε
672 1581 824 1631 μάλιστα
844 1583 958 1623 αὐτοῖς
976 1580 1162 1632 χαριζόμε-

141 1644 184 1677 θα
199 1669 207 1686 ,
224 1640 304 1678 ὅταν
320 1641 362 1678 δι’
386 1643 517 1678 ἑαυτῶν
532 1644 629 1692 ἡμῖν,
644 1641 702 1679 καὶ
719 1643 756 1679 οὗ
774 1642 816 1678 δι’
835 1641 960 1694 ἑτέρων
976 1642 1162 1694 προσίωσι.

137 1700 185 1738 Τί
214 1695 284 1747 οὖν,
305 1700 423 1752 φησιν,
449 1700 488 1738 ἂν
515 1700 802 1754 προσκεκρουκὼς
821 1695 870 1749 ὦ,
888 1703 1030 1740 Παῦσαι
1056 1717 1164 1753 προσ-

94 1796 96 1798 .
139 1760 272 1812 κρούων
287 1761 347 1798 καὶ
364 1762 550 1814 δάιρυσον,
575 1762 634 1799 καὶ
656 1762 746 1800 οὕτω
764 1762 932 1814 πρόσελθε
953 1762 1012 1800 καὶ
1029 1762 1165 1815 ταχέως

136 1822 193 1859 ἐπὶ
212 1827 282 1864 τοῖς
300 1822 481 1874 προτέροις
499 1823 599 1860 αὐτὸν
621 1823 724 1861 ἵλεων
745 1823 915 1870 ποιήσεις.
938 1822 1029 1861 Εἰπὲ
1046 1824 1161 1874 μόνον,

134 1881 188 1921 ὅτι
205 1883 463 1934 προσέκρουσα“
481 1883 555 1921 εἰπὲ
572 1885 610 1921 ἐκ
623 1885 738 1935 ψυχῆς
755 1883 814 1921 καὶ
826 1884 971 1935 γνησίοις
989 1884 1160 1931 διανοίας,

134 1942 194 1980 καὶ
215 1942 329 1980 πάντα
353 1942 506 1981 λέλυται.
527 1946 604 1982 Οὐκ
633 1946 814 1994 ἐπιθυμεῖς
838 1943 944 1988 οὕτως
957 1949 973 1965 a
993 1946 1161 1996 ἀφεθῆναι

133 2003 175 2041 σὺ
198 2004 258 2046 τὰς
274 2003 447 2055 ἁμαρτίας
468 2019 547 2049 σου,
567 2006 613 2047 ὡς
633 2004 735 2047 αὐτὸς
759 2006 921 2054 ἐπιθυμεῖ
945 2003 1083 2056 ἀφεῖναί
1099 2020 1158 2042 σου

135 2063 179 2101 τὰ
194 2064 446 2114 ἁμαρτήματα.
460 2063 545 2102 υΟτι
562 2065 628 2115 γὰρ
644 2067 706 2103 οὐκ
723 2067 903 2115 ἐπιθυμεῖς
918 2063 959 2103 σὺ
974 2096 983 2113 ,
1000 2065 1160 2112 ἐννόησον

135 2124 188 2162 ὅτι
210 2124 285 2162 οὐδὲ
304 2127 487 2174 ἀγρυπνεῖν
504 2125 682 2177 καταδέχῃ
703 2125 777 2163 οὐΡὲ
792 2126 960 2178 χρήματα
978 2125 1139 2178 προΐεσαι
1154 2141 1162 2149 ·

137 2185 237 2228 αὖτὸς
255 2185 290 2223 δὲ
304 2215 314 2232 ,
333 2185 388 2222 ἵνα
409 2188 478 2237 ἀφῇ
500 2189 599 2235 ἡμῶν
619 2185 680 2228 τὰς
700 2186 874 2237 ἁμαρτίας
889 2215 899 2233 ,
921 2190 980 2224 τοῦ
1003 2188 1160 2238 Μονογε-
1185 2196 1208 2225 Β

134 2248 211 2287 νοῦς
232 2247 292 2282 οὐκ
319 2244 497 2296 ἐφείσατο,
518 2251 577 2283 τοῦ
594 2245 735 2296 γνησίου
757 2244 906 2292 Παιδὸς,
933 2249 992 2282 τοῦ
1015 2246 1159 2297 συνθρο-

135 2320 206 2342 νου.
230 2304 360 2357 εΟρδιῖς,
376 2304 428 2342 ὅτι
444 2305 543 2348 αὐτὸς
556 2307 689 2355 μᾶλλον
707 2306 867 2355 ἐπιθυμεῖ
888 2304 1025 2357 ἀφεῖναί
1042 2320 1097 2343 σοι
1117 2305 1161 2343 τὰ

135 2366 396 2417 ἁμαρτήματα,
422 2366 484 2411 Μὴ
506 2366 546 2412 δὴ
567 2368 738 2416 ὄκνῶμεν,
762 2365 850 2415 μηδὲ
868 2365 1160 2416 ἀναὲαλλώμεθα.

131 2425 388 2478 Φιλάνθρωπός
411 2428 483 2463 ἔστι
514 2426 573 2464 καὶ
598 2426 741 2477 ἀγαθός·
764 2425 865 2476 μόνον
887 2426 1044 2479 ἀφορμὴν
1067 2427 1161 2478 αὐτῷ

133 2487 260 2536 δῶμεν,
289 2486 347 2523 καὶ
367 2489 487 2533 τοῦτο,
504 2485 560 2524 ἵνα
580 2489 682 2536 ἡμεῖς
697 2487 746 2536 μὴ
768 2486 939 2538 ἄχρηστοι
958 2485 1159 2538 γενώμεθα,

132 2547 210 2585 ἐπεὶ
226 2547 286 2584 καὶ
301 2547 409 2600 χωρὶς
425 2547 546 2585 τούτου
563 2547 734 2585 ἀπέλυσεν
751 2548 810 2585 ἄν·
829 2550 906 2585 ἀλλ’
924 2546 1042 2599 ὥσπερ
1059 2551 1161 2597 ἡμεῖς

133 2607 191 2644 ἐπὶ
210 2611 278 2645 τῶν
299 2610 441 2645 οἰκετῶν
459 2611 529 2645 τῶν
545 2607 724 2660 ἡμετέρων
746 2607 855 2659 μυρία
878 2607 1077 2658 πλάττομεν
1101 2608 1160 2645 καὶ

134 2667 354 2718 συντίθεμεν·
376 2667 465 2705 οὕτω
491 2667 550 2705 καὶ
571 2669 673 2712 αὐτὸς
691 2668 748 2706 ἐπὶ
765 2672 827 2715 τῆς
845 2684 853 2690 ·
872 2667 1019 2721 μετέρας
1039 2684 1159 2715 σωτη-

137 2727 211 2779 ρίας
225 2734 328 2766 ποιεῖ.
347 2728 612 2780 Προφθάσωμεν
637 2729 678 2767 τὸ
700 2728 887 2781 πρόσωπον
907 2732 1009 2767 αὐτοῦ
1032 2731 1064 2767 ἐν
1089 2728 1158 2772 ἐξο-

138 2788 348 2839 μολογήσει,
377 2788 430 2827 ὅτι
449 2788 601 2841 χρηστός
630 2790 704 2827 ἔστι
733 2789 792 2827 καὶ
813 2789 978 2836 ἐπιεικής.
1009 2788 1096 2827 Ἐὰν
1123 2789 1158 2827 δὲ

140 2847 189 2896 μὴ
212 2851 359 2899 ἐπικαλῗι
377 2852 410 2887 ἐν
428 2848 592 2902 ἀληθείᾳ,
611 2849 699 2899 μηδὲ
718 2849 818 2900 θέλῃς
837 2852 945 2888 εἰπεῖν
961 2851 1000 2888 ἐκ
1016 2849 1161 2901 καρδίας

140 2907 192 2945 ὅτι
212 2908 313 2959 ἄφες,
348 2910 423 2947 ἀλλ’
443 2909 512 2947 ἀπὸ
537 2909 730 2959 στόματος,
751 2910 784 2947 τί
803 2910 943 2957 ποιήσει
968 2910 1088 2957 αὐτός,
1113 2910 1160 2948 Τί
1184 2925 1207 2955 C

141 2970 246 3015 ἐστιν,
265 2970 298 3005 ἐν
328 2970 472 3020 ἀληθείᾳ
499 2971 639 3016 καλεῖν5
667 2969 769 3008 Μετὰ
791 2970 1043 3023 προαιρέσεως,
1072 2970 1161 3021 μετὰ

141 3028 354 3078 προθυμίας,
375 3030 463 3080 μετὰ
488 3029 638 3074 διανοίας
662 3033 865 3083 εἰλικρινοῦς
881 3047 888 3055 ·
914 3026 982 3070 οἷον
1010 3031 1066 3069 ἐπὶ
1091 3034 1159 3069 τῶν

144 3087 259 3137 μύρων
277 3087 445 3139 λέγουσιν,
463 3090 621 3137 ἀληθινόν
641 3093 748 3138 ἐστιν,
763 3091 860 3129 οὐδὲν
876 3091 949 3144 ἔχει
968 3092 1065 3131 νόθον
1080 3107 1087 3115 ·
1110 3092 1162 3130 οὕ·

143 3169 192 3190 τω
228 3153 286 3190 καὶ
316 3155 398 3192 ἐκεῖ.
429 3154 473 3192 ‘O
501 3156 605 3199 ὄντως
641 3157 741 3195 αὐτὸν
771 3159 900 3204 καλῶν,
921 3158 981 3195 καὶ
1009 3160 1026 3195 ὃ
1057 3158 1164 3200 ὄντως

147 3222 248 3257 αὐτοῦ
273 3219 429 3270 δεόμενος
442 3249 451 3266 ,
471 3222 690 3273 προσεδρεύει
709 3222 910 3270 διαπαντὸς,
935 3225 995 3260 οὐκ
1013 3222 1164 3273 ἀφίστα-

192 3365 202 3378 c
229 3353 315 3386 Alius
333 3361 555 3400 περιτρέπεται.

1231 1539 1356 1581 rogant
1373 1546 1380 1566 ε
1396 1539 1481 1568 tunc
1500 1530 1656 1569 maxime
1677 1531 1719 1569 iis
1741 1532 1893 1583 gratiam
1905 1532 2092 1584 largimur,
2109 1549 2222 1584 quan-

1231 1588 1278 1627 do
1301 1604 1364 1641 per
1397 1591 1545 1642 seipsos,
1571 1605 1641 1629 non
1668 1606 1730 1643 per
1757 1592 1860 1640 alios,
1880 1592 1929 1630 ad
1955 1607 2018 1631 nos
2036 1594 2220 1633 accedunt.

1234 1650 1333 1696 Quid
1345 1665 1439 1702 ergo,
1453 1651 1601 1702 inquies,
1614 1652 1640 1689 si
1653 1652 1885 1691 offenderim?
1899 1654 2089 1692 Offendere
2103 1654 2222 1693 desine

1233 1719 1266 1748 et
1285 1711 1460 1762 lacrymas
1479 1711 1605 1761 funde,
1623 1712 1673 1749 sic
1691 1713 1818 1750 accede
1837 1722 1871 1750 et
1890 1714 1959 1751 cito
1978 1715 2014 1751 in
2035 1715 2160 1766 primis
2177 1716 2221 1752 il-

1231 1772 1308 1810 lum
1327 1772 1508 1824 placatum
1528 1772 1698 1812 invenies.
1718 1773 1787 1811 Dic
1802 1782 1941 1811 tantum
1955 1790 1962 1810 :
1978 1775 2122 1813 Offendi
2138 1791 2146 1811 τ
2161 1776 2221 1814 dic

1231 1846 1276 1870 ex
1301 1832 1420 1870 animo
1440 1842 1473 1870 et
1492 1834 1627 1871 sincera
1648 1843 1777 1879 mente,
1797 1843 1830 1871 et
1849 1835 1963 1872 soluta
1983 1845 2065 1873 sunt
2086 1836 2218 1874 omnia.

1232 1894 1265 1930 N
1267 1906 1311 1930 on
1329 1892 1416 1930 adeo
1436 1892 1536 1945 cupis
1555 1893 1688 1931 remitti
1709 1893 1773 1931 tibi
1791 1903 1947 1945 peccata,
1980 1904 2019 1933 ut
2037 1895 2100 1933 illc
2120 1896 2220 1947 cupit

1230 1953 1416 1993 remittere.
1451 1952 1558 2000 Quod
1582 1962 1701 1991 autem
1726 1963 1766 1991 tu
1797 1968 1866 1992 non
1896 1955 2042 2007 cupias,
2083 1956 2218 2006 cogita3

1230 2027 1343 2064 neque
1354 2014 1448 2051 enim
1460 2013 1600 2064 vigilias
1618 2013 1781 2065 suscipis,
1796 2028 1908 2065 neque
1923 2015 2089 2066 pecunias
2106 2017 2221 2054 effun-

1229 2072 1372 2110 dis:ille
1387 2087 1472 2110 vero
1486 2082 1523 2110 ut
1539 2082 1679 2124 peccata
1689 2082 1806 2110 nostra
1819 2073 2013 2111 dimitteret
2027 2075 2220 2126 Unigenito

1229 2147 1298 2171 non
1311 2133 1481 2185 pepercit,
1495 2133 1647 2184 genuino
1660 2133 1752 2171 Filio
1765 2133 1992 2184 ejusdemque
2002 2135 2122 2172 throni
2136 2150 2219 2173 con-

1230 2202 1334 2231 sorte.
1351 2192 1483 2231 Viden’
1509 2207 1591 2230 eum
1614 2192 1728 2243 magis
1758 2207 1885 2244 cupere
1912 2202 1952 2230 ut
1977 2194 2220 2233 remissionem

1230 2262 1457 2305 peccatorum
1477 2252 1725 2302 consequaris?
1745 2253 1799 2290 Ne
1828 2266 1911 2303 ergo
1941 2267 2062 2304 segnes
2089 2254 2219 2303 simus,

1232 2328 1296 2351 nec
1315 2313 1625 2365 procrastinemus.
1649 2313 1811 2350 Clemens
1830 2322 1929 2351 estet
1949 2314 2065 2352 bonus
2080 2331 2087 2351 :
2103 2316 2220 2352 solum

1232 2388 1354 2412 ansam
1373 2373 1428 2410 illi
1453 2373 1676 2425 praebeamus
1694 2388 1704 2422 ;
1726 2382 1759 2410 et
1778 2373 1866 2421 hoc,
1886 2383 1926 2411 ut
1951 2388 2014 2412 nos
2044 2389 2114 2412 non
2134 2376 2216 2412 inu-

1231 2435 1310 2472 tiles
1331 2434 1456 2484 simus,
1477 2433 1614 2470 etiamsi
1631 2433 1732 2471 nobis
1753 2433 1816 2470 ille
1837 2433 1910 2472 sine
1931 2434 1998 2472 hae
2017 2435 2217 2473 conditione

1231 2495 1439 2533 remitteret.
1471 2493 1542 2531 Sed
1561 2502 1600 2530 ut
1618 2507 1680 2531 uos
1699 2493 1737 2531 in
1757 2493 1931 2532 ministris
1948 2495 2076 2532 nostris
2101 2496 2217 2533 millia

1230 2554 1466 2606 confingimus
1485 2562 1519 2591 et
1545 2553 1804 2604 componimus,
1824 2554 1876 2591 sic
1901 2563 1936 2592 et
1955 2555 2015 2592 ille
2045 2555 2092 2592 ad.
2123 2556 2217 2592 salu-

1230 2625 1301 2654 tem
1321 2623 1476 2652 nostram
1498 2613 1593 2651 facit.
1620 2615 1936 2665 Praeoccupemus
1951 2616 2104 2667 faciem
2133 2618 2214 2667 ejus

1229 2679 1270 2713 in
1284 2676 1537 2727 consessione,
1552 2673 1634 2724 quia
1647 2673 1761 2711 bonus
1776 2683 1809 2711 et
1824 2674 1976 2712 clemens
1994 2683 2056 2713 est.
2074 2676 2113 2713 Si
2129 2690 2213 2713 vero

1228 2750 1298 2774 non
1317 2734 1538 2773 invocaveris
1560 2734 1595 2771 in
1615 2733 1784 2780 veritate,
1808 2748 1870 2771 nec
1899 2748 1944 2772 ex
1974 2735 2079 2773 corde
2098 2736 2215 2774 dicere

1227 2797 1332 2846 velis,
1353 2795 1517 2845 Dimitte,
1539 2794 1602 2832 sed
1627 2808 1673 2831 ex
1702 2808 1761 2832 ore
1790 2803 1943 2841 tantum,
1965 2795 2052 2846 quid
2069 2796 2144 2848 ipse
2163 2798 2215 2834 fa-

1230 2858 1321 2896 ciet?
1344 2856 1444 2905 Quid
1457 2864 1524 2906 cst,
1549 2855 1714 2893 invocare
1731 2855 1767 2892 in
1786 2855 1959 2893 veritate?
1976 2857 2067 2894 Cum
2085 2857 2216 2895 alacri-

1230 2925 1313 2965 tate,
1331 2930 1376 2953 ex
1399 2914 1517 2951 animo
1550 2913 1707 2962 sincero;
1728 2922 1767 2950 ut
1787 2912 1831 2950 (lc
1850 2914 2038 2964 unguentis
2066 2913 2213 2961 dicitur,

1206 2984 1210 2987 '
1231 2978 1419 3016 Sincerum
1428 2984 1494 3024 est,
1511 2974 1602 3012 nihil
1618 2973 1862 3011 adulterinum
1875 2974 1981 3011 habet
1996 2974 2064 3012 :sic
2082 2983 2115 3012 et
2130 2975 2218 3014 illic.

1232 3038 1305 3085 Qui
1323 3050 1405 3077 vere
1430 3036 1548 3087 ipsum
1577 3035 1718 3072 invocat
1744 3042 1778 3071 et
1804 3043 1990 3085 precatur,
2019 3046 2221 3086 perseverat

1233 3113 1385 3151 semper,
1409 3111 1470 3134 nec
1485 3095 1628 3143 desinit,
1645 3095 1756 3132 donec
1774 3094 2012 3146 accipiattqui
2032 3109 2116 3134 vero
2134 3110 2220 3147 per-

1233 3159 1408 3199 functorie
1422 3157 1507 3207 agit,
1522 3156 1604 3193 licet
1619 3156 1668 3193 sic
1680 3156 1793 3205 legem
1814 3155 1973 3206 impleat,
1993 3170 2063 3194 non
2082 3157 2223 3195 invocat

1235 3221 1270 3258 in
1287 3219 1444 3258 veritate.
1461 3216 1633 3266 Quisquis
1650 3217 1760 3263 sis,ne
1773 3215 1873 3253 dicas
1890 3225 2043 3266 tantum,
2057 3217 2223 3256 Peccator

1259 3366 1272 3379 ²
1297 3353 1358 3386 Alii
1375 3355 1518 3398 &paeane
1536 3365 1589 3384 τοι.

1951 3406 2013 3440 ⁶22.

2259 452 2412 479 orandum

2225 499 2326 523 noctu.

2229 2625 2415 2665 Psal.9l4.2.

2275 2692 2415 2720 Invocam

2227 2735 2257 2760 in
2297 2736 2417 2761 veritate

2227 2775 2312 2812 quid.
