2502 3810
278 246 367 290 880

277 336 641 390 concupiscentiarum
670 330 870 368 tumoribus
890 327 1064 376 medetur,
1085 328 1252 380 volupta-

277 406 356 429 rum
372 390 500 426 febrem
519 388 633 436 fugat,
655 397 754 421 vante
772 383 893 434 gloriae
907 383 1037 419 fastum
1052 381 1165 432 pellit,
1183 381 1255 418 sol-

278 440 470 480 licitudinis
489 437 633 489 vigilias
661 436 776 487 ejicit,
803 435 989 473 oculorum
1021 432 1256 484 lippitudines

275 502 417 545 purgat,
435 490 592 542 corporis
609 497 642 525 et
663 488 789 525 animae
817 501 938 524 sensus
960 486 1127 524 emundat
1145 501 1152 521 :
1170 486 1257 522 arti-
1281 486 1305 515 Ε

275 548 334 583 sex
364 545 458 582 enim
486 543 547 580 illa
588 541 740 591 desuper
765 539 930 576 medendi
963 539 1040 577 vim
1070 537 1205 589 accepit
1236 552 1257 575 a

277 599 452 635 Creatore.
473 596 548 642 Qui
575 607 657 645 ergo
682 592 868 631 sanitatem
895 600 1003 637 amat,
1027 590 1162 642 jejunio
1185 604 1259 627 sese

278 658 415 702 promte
432 647 539 685 dedat
555 663 562 683 :
582 660 651 684 non
670 646 765 682 enim
783 644 896 695 exigit
923 643 1094 681 adhibitae
1113 641 1260 680 medici-

278 716 330 739 nae
360 699 621 753 pretium;imo
649 698 755 735 etiam
784 696 983 734 mercedem
1011 695 1122 734 addit.
1143 695 1260 741 Quam

278 752 497 792 mercedem?
517 752 585 789 boc
610 750 705 790 enim
722 763 836 801 operae
864 749 1018 800 pretium
1055 748 1162 784 fuerit
1187 747 1261 784 cdi-

280 821 385 844 sccre.
405 807 476 843 Dat
494 804 705 851 mercedem,
724 815 795 840 non
811 802 948 851 obolos,
969 800 1028 838 sed
1050 808 1261 851 temperatas

280 858 525 909 cogitationes,
544 871 614 895 non
642 869 784 903 aurum,
807 854 868 892 sed
894 854 1005 891 bonos
1032 866 1168 901 mores,
1191 865 1261 889 non

279 921 480 962 argentum,
504 910 566 947 sed
584 908 826 946 membrorum
846 906 1037 958 puritatem
1047 920 1058 953 5
1078 919 1147 941 non
1167 904 1261 955 lapi-

279 963 341 1001 des
356 964 541 1015 pretiosos,
563 961 625 1000 sed
645 961 724 1013 pios
746 959 918 1011 cogitatus
930 974 942 1008 3
964 972 1033 995 non
1054 956 1260 1009 splendidas

280 1025 405 1064 vestes,
418 1017 480 1054 sed
504 1015 659 1065 integros
686 1013 799 1051 carnis
820 1026 953 1050 sensus.
973 1012 1043 1048 Dat
1062 1009 1260 1047 meretrici-

278 1069 345 1106 bus
365 1069 576 1116 mercedem,
606 1066 814 1114 castitatem,
831 1063 977 1102 ebriosis
994 1062 1258 1111 abstinentiam,

280 1122 396 1159 avaris
409 1120 670 1167 liberalitatem,
682 1118 760 1155 auri
776 1117 993 1155 amatoribus
1005 1129 1161 1152 amorem
1174 1129 1262 1166 pau-

292 1188 418 1221 wrum,
436 1175 586 1211 fratrum
613 1171 775 1209 osoribus
801 1171 950 1207 fratrum
984 1168 1211 1205 dilectionem
1229 1176 1262 1204 et

279 1189 580 1277 hospitalitatem,
633 1222 872 1276 pusillanimis
930 1220 1259 1271 longanimitatem:

281 1279 447 1329 quodque
461 1279 577 1329 majus
591 1286 654 1323 cst,
671 1276 759 1313 dum
776 1274 951 1323 vivificat,
975 1275 1049 1310 Deo
1067 1271 1260 1323 conjungit.

280 1332 359 1368 Non
382 1340 528 1382 possunt
557 1330 663 1372 enim,
686 1342 756 1365 non
783 1335 928 1377 possunt
951 1339 1032 1361 cum
1051 1325 1126 1361 Deo
1146 1337 1263 1361 versa-

280 1383 322 1431 ri,
343 1385 403 1432 qui
421 1397 489 1419 non
504 1382 604 1434 prius
619 1379 748 1431 jejunii
768 1378 942 1416 medelam
957 1375 1197 1413 adhibuerint.
1211 1376 1263 1411 Ita

282 1435 374 1472 cuim
390 1449 409 1471 a
429 1435 559 1471 saeculo
593 1433 655 1470 alii
685 1431 832 1478 inimici,
852 1429 913 1466 alii
936 1428 1041 1465 amici
1067 1427 1132 1464 Dei
1163 1441 1263 1464 com-

294 1487 419 1524 ›robati
430 1495 525 1533 sunt,
537 1483 808 1536 intemperantia
818 1482 874 1520 vel
886 1480 1115 1532 temperantia
1126 1488 1265 1516 utrum-

281 1503 369 1577 libet
396 1539 580 1576 efficiente.
605 1538 719 1574 Adam
750 1533 999 1573 comedendoa
1015 1535 1089 1570 Deo
1113 1532 1207 1583 fugit
1226 1540 1265 1568 ut

283 1592 447 1629 inimicus
467 1607 473 1627 :
493 1592 595 1634 Cain,
615 1590 677 1640 qui
696 1588 830 1641 primos
854 1588 990 1624 fructus
1019 1587 1094 1622 Deo
1113 1598 1182 1621 non
1203 1583 1266 1621 de-

282 1645 394 1689 derat,
410 1643 661 1694 ingemiscebat
682 1651 714 1679 et
730 1640 902 1678 tremebat
929 1647 969 1675 ut
987 1638 1054 1675 Dei
1073 1636 1238 1674 inimicus
1255 1652 1263 1673 ε

282 1697 418 1734 deliciis
439 1710 474 1733 se
492 1696 657 1733 dedentes
686 1695 771 1731 >10ae
802 1691 979 1738 coaetanei,
1000 1689 1164 1729 Judicem
1183 1702 1264 1726 con-

283 1759 337 1786 tra
356 1764 390 1787 se
405 1749 603 1787 excitarunt
619 1764 626 1784 ε
645 1746 886 1798 voluptatibus
900 1743 1141 1781 incumbentes
1153 1741 1266 1779 Sodo-

284 1802 378 1839 mitae
391 1832 400 1850 ,
424 1811 462 1839 ut
482 1800 617 1838 inimici
637 1799 704 1838 Dei
723 1812 876 1850 superna
901 1809 1069 1847 excepere
1088 1794 1260 1832 tonitrua:

284 1856 450 1892 comestio
478 1853 667 1905 impedivit
698 1851 810 1899 Esaii,
833 1849 1022 1900 quominus
1050 1848 1202 1885 dilectus
1233 1855 1267 1884 et

285 1907 541 1958 primogenitus
561 1914 747 1944 vocaretur
765 1920 772 1939 :
802 1903 903 1940 cibus
926 1911 959 1939 et
977 1909 1081 1953 potus
1100 1900 1267 1937 lsraelem

287 1960 467 1997 constituit
496 1959 684 1996 inimicum
711 1957 801 2008 ejus,
821 1955 881 2005 qui
910 1955 1028 2006 ipsum
1056 1966 1137 1990 cum
1157 1953 1267 2002 signis

287 2021 319 2048 ct
343 2012 514 2063 prodigiis
534 2011 685 2048 duxerat
702 2025 708 2045 :
732 2023 792 2061 per
812 2009 935 2046 vinum
954 2016 987 2044 ct
1009 2006 1155 2043 siceram
1184 2018 1266 2056 pro-

287 2063 393 2113 pheta
413 2064 584 2117 populum
613 2061 790 2100 accusavit
808 2075 816 2096 :
835 2060 960 2099 vinum
979 2067 1011 2096 et
1030 2058 1179 2095 ebrietas
1198 2057 1267 2093 He-

288 2117 409 2154 rodem
440 2118 584 2157 Joannis
616 2125 649 2153 et
672 2112 807 2152 Christi
828 2112 985 2150 amicitia
1005 2110 1174 2162 privavit.
1195 2108 1268 2147 No-

289 2170 368 2207 stin'
386 2184 457 2216 cos,
491 2170 552 2219 qui
588 2183 651 2220 per
689 2164 999 2217 intemperantiam
1028 2161 1165 2199 inimici
1199 2161 1268 2199 Dei

287 2223 369 2259 sacti
403 2223 511 2259 sunt?
531 2222 634 2259 Disce
666 2234 735 2268 eos,
756 2220 817 2269 qui
847 2232 910 2269 per
928 2215 1106 2268 jejunium
1136 2214 1173 2251 in
1202 2214 1270 2251 Dei

288 2275 483 2312 amicitiam
512 2283 595 2311 sunt
614 2272 772 2311 admissi.
793 2272 871 2308 Non
891 2270 986 2306 enim
1015 2267 1112 2318 quod
1134 2275 1271 2317 gustas·

289 2336 339 2363 set
367 2327 469 2373 Abel,
488 2326 551 2363 sed
568 2325 664 2376 quod
694 2326 770 2361 Deo
789 2321 986 2366 obtulisset,
1006 2334 1042 2357 se
1063 2319 1130 2356 Dei
1148 2332 1271 2355 aman-

289 2388 360 2415 tem
391 2378 568 2416 ostendit:
587 2379 730 2429 Moyses
762 2375 847 2425 quia
877 2375 1112 2424 jejunaverat,
1137 2370 1272 2407 amicus

291 2431 440 2469 celebris
460 2440 494 2469 et
512 2430 629 2468 fidelis
653 2437 799 2466 vocatus
819 2435 871 2464 est
888 2434 1098 2477 :postquam
1113 2423 1271 2474 jejunas—

293 2493 343 2521 set
364 2484 474 2532 Elias,
494 2483 594 2534 quasi
621 2481 756 2519 amicus
778 2487 955 2516 assumtus
986 2485 1037 2514 est
1052 2491 1060 2512 :
1075 2489 1156 2513 cum
1175 2475 1271 2526 jeju-

297 2546 435 2574 nasscnt
459 2536 652 2588 prophetae,
673 2542 711 2571 ut
730 2531 836 2570 amici
871 2530 937 2568 Dei
962 2528 1131 2580 mysteria
1163 2541 1271 2565 nove-

299 2598 396 2626 runt:
412 2598 598 2641 postquam
611 2587 835 2638 jejunaverat
849 2579 1195 2632 lsaias,Seraphinos
1209 2593 1272 2618 sex

295 2641 432 2678 alarum
446 2641 538 2679 vidit
553 2650 587 2678 et
607 2637 794 2688 descripsit
811 2652 818 2673 :
835 2636 980 2687 jejunus
999 2632 1164 2671 Ezechiel
1179 2632 1272 2669 mul-

291 2694 335 2731 tis
357 2694 468 2731 oculis
499 2694 687 2731 instructos
708 2688 930 2728 Cherubinos
953 2695 1067 2724 mente
1088 2685 1246 2737 percepit
1263 2700 1271 2720 :

289 2761 346 2783 cos
372 2747 407 2784 in
427 2746 610 2798 Babylone
625 2744 687 2794 qui
703 2743 953 2795 jejunaverant
977 2738 1140 2777 visitavit
1160 2739 1274 2785 Deus,

290 2799 432 2837 mittens
454 2799 619 2848 angelum
638 2797 697 2846 iis,
715 2795 777 2846 qui
794 2795 830 2831 in
851 2794 991 2831 fornace
1003 2800 1116 2838 erant,
1136 2799 1169 2827 et
1190 2803 1274 2841 pro-

291 2852 434 2903 phetam
453 2852 618 2889 Habacuc
637 2849 683 2895 ei,
706 2847 768 2899 qui
788 2847 901 2884 inerat
915 2846 950 2882 in
969 2845 1050 2882 lacu
1066 2859 1073 2879 :
1090 2857 1135 2880 ex
1152 2842 1276 2880 inimi-

292 2905 342 2942 cis
360 2905 532 2942 Ninivitae
553 2917 614 2954 per
635 2900 813 2953 jejunium
831 2898 936 2936 amici
951 2897 1035 2934 facti
1055 2904 1160 2933 sunt:
1180 2894 1278 2932 simi-

292 2956 445 3007 literque
471 2954 591 2995 David
623 2968 669 2992 ex
704 2952 849 2990 inimico
879 2950 1014 2988 amicus
1044 2957 1095 2986 est
1114 2947 1275 2985 effectus.

292 3010 384 3046 Nam
417 3023 500 3047 cum
524 3008 623 3046 Uriae
641 3019 792 3044 uxorem
824 3003 972 3051 amavit,
1004 3001 1172 3039 inimicus
1207 3008 1281 3037 erat

292 3063 389 3111 Dc03
406 3076 487 3099 cum
515 3069 633 3098 autem
658 3060 695 3096 in
723 3057 860 3109 jejunio
889 3053 1097 3093 humiliavit
1123 3051 1281 3089 animam

299 3170 424 3204 virum
447 3167 655 3205 secundum
674 3178 740 3201 cor
758 3176 894 3200 meum.
912 3162 1063 3200 Joannes
1086 3158 1185 3195 filius
1205 3156 1277 3194 Za—

300 3220 425 3256 charia:
445 3218 563 3271 sponsi
585 3217 719 3255 amicus
738 3215 817 3253 fuit.
835 3213 978 3260 Quare?
999 3211 1092 3258 Quia
1109 3211 1143 3248 in
1162 3209 1280 3247 deser-

304 3280 337 3307 to
359 3273 520 3309 manebat
549 3271 701 3309 locustas
736 3268 921 3318 colligens,
942 3274 974 3303 ct
1001 3264 1069 3302 mel
1090 3263 1276 3316 sylvestre.

1224 249 1378 278 SPURIA
1389 269 1397 277 .

1331 328 1546 376 ταπλάττει,
1569 330 1635 366 τῶν
1655 329 1846 379 ἐπιθυμιῶν
1878 329 1954 372 τοὺς
1981 331 2099 382 ὄγκους
2127 337 2340 383 χειρουργεῖ,

1330 384 1398 419 τῷν
1426 383 1556 428 ἡδονῶν
1579 380 1656 424 τοὺς
1677 380 1843 432 πυρετοὺς
1863 382 2035 433 ἀφανίζει,
2067 387 2128 429 τ’ἧς
2144 377 2346 427 ’κενοδοξίας

1331 433 1392 476 τὰς
1414 433 1606 485 φαντασίας
1633 433 1784 477 ἐλαύνει,
1814 436 1876 478 τῆς
1895 434 2063 484 μερίμνης
2081 435 2142 477 τὰς
2158 436 2347 488 ἀγρυπνίας

1332 486 1539 534 ἀποδιώκει,
1561 487 1747 537 ὀφθαλμῶν
1771 485 1833 528 τὰς
1855 487 1969 535 λήμας
1990 486 2167 537 καθαίρει,
2187 487 2348 538 σώματος

1331 539 1390 577 καὶ
1421 541 1534 590 ψυχῆς
1565 539 1626 581 τὰς
1646 538 1824 584 αἰσθήσεις
1857 538 2073 590 ἐκκαθαίρει*
2102 545 2250 589 τεχνῖτις
2280 539 2348 591 γὰρ

1332 591 1418 637 αὕτη
1438 591 1566 628 ἄνωθεν
1586 591 1624 629 τὸ
1646 591 1813 641 ἰατρεύειν
1830 589 1998 640 δεξαμένη
2025 590 2121 641 παρὰ
2135 583 2194 627 τοῦ
2210 591 2348 629 κτίσαν-

1331 657 1401 687 τος.
1425 642 1468 682 ‘O
1489 643 1601 681 τοίνυν
1633 642 1763 694 ὑγιείας
1792 643 1939 695 ἐραστὴς
1961 643 2106 693 ἑτοίμως
2139 644 2181 693 τῇ
2208 643 2348 689 νηστεία

1334 696 1452 734 ἑαυτὸν
1471 695 1620 734 ἐπιδότω
1632 711 1639 718 ·
1660 698 1697 733 οὐ
1715 695 1781 747 γὰρ
1803 697 1943 732 ἀπαιτεῖ
1960 695 2167 748 ἷατρεύσασα
2187 684 2348 745 ἰατρικὰ,

1334 748 1424 787 ἀλλὰ
1439 748 1498 785 καὶ
1517 747 1730 801 προσδίόωσι
1751 747 1884 797 μισθόν.
1900 747 2042 785 ζΟποῐον
2058 742 2115 785 οῦν
2136 748 2348 798 προσδίδωσι

1334 801 1390 838 τὸν
1410 801 1549 850 μισθόν;
1567 801 1672 838 καλὸν
1697 800 1765 852 γὰρ
1786 799 1846 837 καὶ
1870 804 1970 838 τοῦτο
1988 803 2120 849 μαθεῖν.
2141 800 2272 836 Δίδωσι
2288 814 2349 848 μκ

1331 853 1423 900 σθὸν,
1435 855 1496 891 οὐκ
1511 851 1669 906 ὀβολοὺς,
1687 852 1777 890 ἀλλὰ
1791 852 1968 904 σώφρονας
1985 851 2187 902 λογισμούς·
2205 854 2242 889 οὗ
2262 866 2348 902 γρυ-

1333 906 1406 955 σὸν,
1431 906 1506 943 ἀλλ’
1524 909 1605 951 ἦθος
1633 904 1805 956 χρηστόν·
1825 907 1886 942 οὐκ
1915 904 2074 956 ἄργυρον,
2095 903 2185 941 ἀλλὰ
2203 897 2351 952 καθαρό-

1275 976 1322 1001 794
1333 974 1421 1004 τητα
1451 959 1584 1008 μελῶν·
1612 960 1650 995 οὗ
1674 958 1786 999 λίθους
1800 956 1954 1007 τιμίους,
1975 958 2051 994 ἀλλ’
2073 956 2228 998 εὐλαίῗεῐς
2257 956 2351 1004 λογι-

1286 1013 1311 1041 A
1333 1010 1455 1061 σμούς·
1486 1013 1547 1048 οὐκ
1567 1011 1714 1055 ἐσθῆτας
1729 1009 1912 1061 λαμπρὰς,
1928 1012 1941 1028 ⁸
1959 1010 2035 1046 ἀλλ’
2057 1008 2266 1050 ἀπταίστους
2289 1009 2351 1051 τῆς

1332 1063 1459 1114 σαρκὸς
1474 1063 1537 1106 τὰς
1557 1063 1744 1109 αἰσθήσεις.
1764 1062 1896 1099 Δίδωσι
1913 1061 2058 1113 πόρναις
2077 1061 2197 1111 μισθὸν
2217 1060 2279 1106 τὴν
2297 1075 2351 1098 σε-

1335 1117 1507 1163 μνότητα,
1536 1115 1695 1165 μεθύσοις
1722 1115 1761 1153 τὸ
1779 1114 1956 1166 νηφάλιον,
1978 1112 2219 1166 σμικρολόγοις
2239 1112 2278 1150 τὸ
2297 1128 2349 1163 φι-

1332 1168 1488 1218 λότιμον,
1505 1167 1728 1219 φιλαργύροις
1751 1167 1790 1204 τὸ
1807 1167 2041 1218 φιλόπτωχον,
2074 1165 2297 1216 μισαδέλφοις
2313 1165 2352 1201 τὸ

1334 1221 1540 1271 φιλάδελφον
1559 1220 1619 1257 καὶ
1638 1219 1825 1271 φιλόξενον,
1843 1218 2070 1271 μικροψύχοις
2103 1218 2142 1255 τὸ
2173 1216 2352 1268 μακρόθυ-

1336 1285 1417 1321 μον·
1438 1273 1478 1311 τὸ
1497 1272 1532 1311 δὲ
1554 1274 1680 1322 μεῖζον,
1710 1271 1881 1315 ζωώσασα
1907 1271 2072 1308 συνάπτει
2092 1272 2186 1321 Θεῷ.
2211 1271 2263 1307 Οὐ
2284 1268 2350 1319 γὰρ

1335 1324 1441 1370 ἔστιν,
1470 1327 1531 1362 οὐκ
1558 1324 1649 1361 ἔστιν
1670 1325 1781 1366 ἄλλως
1802 1326 1970 1372 ὁμιλῆσαι
1991 1324 2072 1373 Θεῷ
2086 1351 2095 1368 ,
2119 1323 2167 1371 μὴ
2185 1321 2352 1372 πρότερον

1337 1379 1384 1412 τῷ
1412 1380 1474 1422 τῆς
1505 1376 1664 1422 νηστείας
1684 1375 1859 1426 φαρμάκῳ
1886 1374 2224 1427 προσομιλήσαντας.
2252 1372 2357 1411 Οὕτω

1335 1444 1402 1479 γαρ
1420 1428 1454 1471 ἐξ
1472 1430 1594 1470 αἰῶνος
1614 1431 1644 1465 οἳ
1665 1428 1726 1477 μὲν
1746 1427 1861 1478 ἐχθροὶ
1876 1457 1885 1473 ,
1914 1429 1944 1464 οἱ
1972 1425 2006 1463 δὲ
2036 1426 2128 1477 φίλοι
2151 1425 2354 1476 ἐδείχθησαν

1335 1482 1447 1525 Θεοῦ,
1478 1480 1647 1545 ἀκρασίας
1669 1480 1728 1517 καὶ
1749 1479 1950 1528 ἐγκρατείας
1971 1477 2210 1530 ἐργασαμένης
2237 1477 2358 1515 ἑκάτε-

1338 1549 1406 1585 ρον.
1434 1534 1566 1583 Φαγων
1588 1532 1654 1584 γὰρ
1672 1531 1781 1582 Ἀδὰμ
1802 1532 1903 1584 ἔφυγε
1933 1531 2022 1570 Θεὸν
2045 1533 2090 1573 ὣς
2116 1530 2237 1583 ἐχθρός
2251 1546 2258 1553 ·
2286 1532 2354 1566 τῷν

1335 1587 1516 1636 πρωτείων
1545 1586 1634 1623 Κάϊν
1665 1587 1702 1623 οὗ
1734 1584 1998 1636 παραχωρήσας
2030 1586 2130 1636 Θεῷ,
2158 1583 2273 1620 ἔστενε
2298 1582 2358 1619 καὶ

1336 1637 1479 1690 ἔτρεμε,
1499 1640 1546 1680 ὡς
1565 1638 1686 1689 ἄφιλος
1703 1639 1786 1689 Θεῷ
1800 1653 1807 1660 ·
1829 1636 2118 1681 σπαταλήσαντες
2143 1638 2175 1673 οἱ
2199 1635 2257 1673 ἐπὶ
2277 1636 2357 1672 Νῶε

1335 1690 1477 1742 ἤγειραν
1506 1692 1583 1728 καθ’
1612 1693 1744 1728 ἑαυτῶν
1773 1692 1835 1735 τῆς
1855 1689 2000 1739 κρίσεως
2021 1689 2077 1726 τὸν
2106 1688 2245 1741 κριτήν·
2275 1686 2357 1738 θρέ-

1336 1745 1462 1794 ψαντες
1481 1742 1543 1785 τὰς
1559 1743 1682 1788 ἡδονὰς
1702 1745 1733 1780 οἱ
1758 1743 1792 1779 ἐν
1815 1741 2004 1791 Σοδόμοις,
2023 1740 2141 1791 ὥσπερ
2162 1740 2278 1792 ἐχθροὶ
2298 1743 2357 1777 τοῦ

1336 1799 1446 1843 Θεοῦ,
1476 1794 1555 1838 τοὺς
1578 1796 1706 1833 ἄνωθεν
1737 1795 1895 1838 ἐδέξαντο
1914 1793 2118 1845 κεραυνούς·
2155 1795 2282 1846 βρῶσις
2320 1794 2357 1830 οὐ

1337 1848 1559 1900 συνεχώρησε
1581 1848 1637 1886 τὸν
1657 1847 1770 1885 Ἡσαῦ
1792 1847 1952 1897 λέγεσθαι
1974 1846 2153 1896 ἀγαπητὸν
2176 1846 2234 1883 καὶ
2260 1861 2358 1897 πρω-

1337 1901 1500 1939 τότοκον·
1531 1902 1658 1953 βρῶσις
1692 1900 1752 1938 καὶ
1782 1899 1882 1943 πόσις
1909 1898 2122 1944 κατέστησεν
2152 1897 2273 1950 ἐγθρὸν
2299 1901 2359 1934 τοῦ

1337 1953 1483 2008 Ἲκσραὴλ
1501 1954 1559 1991 τὸν
1579 1955 1614 1990 ἐν
1636 1953 1794 2004 σημείοις
1816 1953 1875 1989 καὶ
1892 1952 2031 2004 τέρασιν
2051 1944 2287 2002 ὃδηγήσαντα·
2314 1951 2357 1987 δι’

1338 2011 1425 2061 centvm
1445 2005 1505 2043 καὶ
1529 2006 1651 2058 σίκερα
1671 2009 1688 2043 ὃ
1707 2006 1888 2058 προφήτης
1916 2003 2137 2056 κατηγόρησε
2167 2008 2226 2041 τοῦ
2251 2005 2355 2040 λαοῦ·

1338 2063 1426 2102 οἰνος
1441 2058 1500 2096 καὶ
1525 2059 1611 2107 μέθη
1632 2061 1693 2103 τῆς
1716 2057 1878 2096 Ἰωάννου
1899 2056 1958 2095 καὶ
1977 2059 2038 2101 τῆς
2064 2058 2216 2107 Χριστοῦ
2246 2054 2361 2107 φιλίας

1337 2112 1393 2149 τὸν
1423 2109 1584 2162 εΗριιθδτμ
1613 2111 1808 2163 ἐστέρησεν.
1839 2109 1976 2160 ’Έγνως
2005 2107 2084 2152 τοὺς
2115 2108 2158 2145 δι’
2191 2106 2361 2160 ἀκρασίας

1341 2163 1483 2216 ἐχθροὺς
1501 2163 1704 2214 γενομένους
1719 2167 1778 2199 τοῦ
1798 2164 1908 2209 Θεοῦ;
1936 2161 2101 2199 Μάνθανε
2124 2160 2183 2197 καὶ
2208 2160 2287 2203 τοὺς
2307 2159 2363 2196 διὰ

1341 2216 1501 2261 νηστείας
1532 2215 1649 2267 φίλους
1677 2214 1958 2257 κατασταθέντας
1991 2219 2050 2252 τοῦ
2082 2215 2187 2250 Θεοῦ.
2222 2214 2275 2250 Οὐ
2295 2211 2363 2261 γὰρ

1341 2268 1570 2318 γευσάμενος,
1587 2267 1677 2305 ἀλλὰ
1694 2266 1928 2318 προσενέγκας
1947 2265 2051 2303 ”Aegi
2067 2267 2150 2315 Θεῷ
2162 2294 2172 2311 ,
2193 2266 2362 2314 φιλοφρο-

1341 2321 1448 2366 νήσας
1468 2320 1576 2372 ἐφάνη
1596 2319 1686 2357 Θεόν
1700 2335 1707 2342 ·
1730 2319 1918 2365 νηστεύσας
1937 2319 2092 2361 Μωϋσῆς
2120 2316 2215 2366 φίλος
2235 2318 2364 2364 ὄνομα·

1343 2373 1421 2414 στὸς
1435 2373 1494 2409 καὶ
1515 2372 1635 2414 πιστὸς
1655 2371 1783 2417 ἐκλήθη
1797 2385 1804 2393 ·
1825 2369 2015 2416 νηστεύσας
2038 2368 2181 2415 Ἧλίας,
2202 2370 2247 2411 ὡς
2269 2368 2365 2419 φίλος

1342 2424 1539 2476 ἀνελήφθη·
1570 2423 1818 2469 νηστεύσαντες
1845 2424 2022 2473 προφῆται
2052 2420 2205 2472 ἔγνωσαν
2234 2420 2278 2458 τὰ
2304 2423 2364 2457 τοῦ

1342 2478 1446 2523 Θεοῦ,
1459 2480 1504 2518 ὡς
1515 2476 1620 2527 φίλοι,
1631 2475 1806 2526 μυστήρια
1819 2489 1826 2497 ·
1843 2474 2033 2520 νηστεύσας
2043 2471 2191 2514 Ἡσαΐας
2203 2471 2366 2523 ἱστόρησε

1342 2529 1386 2566 τὰ
1418 2528 1635 2581 ἑξαπτέρυγα
1659 2527 1838 2580 Σεραφίμ·
1866 2527 1983 2569 ἄσιτος
2001 2525 2183 2576 γενόμενος
2198 2523 2368 2570 Ἴεζεκιὴλ

1342 2581 1531 2627 κατενόησε
1549 2580 1594 2619 τὰ
1617 2581 1852 2631 πολυόμματα
1880 2578 2079 2631 Χερουὸίμ·
2111 2576 2367 2623 νηστεύσαντας

1343 2634 1420 2677 τοὺς
1439 2636 1472 2671 ἓν
1492 2633 1677 2671 Βαδυλῷνι
1701 2635 1746 2675 ὡς
1776 2631 1893 2683 φίλους
1916 2631 2104 2669 ἐπέσκεπεν
2134 2634 2151 2668 ὃ
2170 2630 2278 2677 Θεὸς,
2297 2634 2368 2672 τοῖς

1347 2686 1409 2737 μὲν
1429 2688 1463 2724 ἐν
1482 2688 1526 2736 τῇ
1547 2685 1685 2736 καμίνῳ
1704 2685 1762 2723 τὸν
1784 2683 1940 2735 ἄγγελον,
1962 2686 2012 2735 τῷ
2041 2683 2077 2720 δὲ
2113 2685 2146 2720 ἐν
2174 2684 2224 2733 τῷ
2247 2682 2368 2733 λάκκῳ

1347 2739 1555 2781 ἀποστείλας
1576 2739 1633 2776 τὸν
1652 2736 1879 2787 Ἀμὲακούμ-
1901 2736 1993 2787 φίλοι
2018 2735 2053 2778 ἐξ
2073 2737 2204 2787 ἐχθρῶν
2235 2736 2370 2772 Νινευῖ-

1345 2808 1405 2829 ται
1425 2791 1481 2829 διὰ
1505 2789 1665 2836 νηστείας
1696 2789 1870 2841 ἐγένοντο·
1896 2788 1992 2840 φίλος
2024 2787 2059 2830 ἐξ
2091 2790 2214 2839 ἐχθροῦ
2244 2786 2371 2836 ὁμοίως

1348 2844 1407 2883 καὶ
1429 2843 1555 2881 Δαυίδ.
1576 2842 1592 2856 ⁰
1630 2857 1666 2879 τε
1687 2842 1749 2892 μὲν
1768 2841 1836 2892 γὰρ
1854 2842 1916 2885 τῆς
1932 2845 1991 2878 τοῦ
2010 2839 2140 2891 Οὐρίου
2157 2839 2227 2890 ἤρα
2247 2854 2369 2888 γυναι-

1348 2897 1428 2944 κὸς,
1443 2897 1610 2949 ἤχθρααινε
1629 2896 1711 2946 Θεῷ
1725 2909 1732 2916 ·
1754 2894 1810 2931 ὅτε
1830 2892 1866 2930 δὲ
1885 2892 2065 2930 ἓταπείνου
2085 2894 2119 2930 ἓν
2145 2890 2288 2936 νηστεία
2308 2889 2370 2935 τὴν

1349 2949 1479 3001 ψυχὴν,
1496 2950 1624 3000 Ηῦρον,
1639 2946 1787 2993 ἤκουσε,
1805 2943 1916 2983 Δαυὶδ
1939 2943 1996 2982 τὸν
2023 2947 2082 2980 τοῦ
2102 2942 2252 2989 Ἰεσσαὶ,
2265 2944 2373 2993 ανδρα

1350 3002 1441 3039 κατὰ
1467 3000 1530 3047 τὴν
1560 2998 1705 3051 καρδίαν
1737 3014 1814 3048 μου.
1837 2996 1882 3034 ‘O
1912 2994 2089 3048 Ζαχαρίου
2114 2994 2280 3040 Ἰωάννης
2313 2998 2373 3032 τοῦ

1351 3053 1498 3105 νυμφίου
1517 3051 1632 3104 φίλος,
1659 3050 1717 3088 διὰ
1734 3050 1788 3095 τί;
1808 3048 1956 3095 Ἐπειδὴ
1975 3051 2008 3086 ἐν
2029 3051 2072 3099 τῇ
2093 3046 2214 3098 ἐρήμῳ
2242 3047 2374 3096 ἔμεινεν

93 3122 273 3151 Αιωζζκη.
291 3129 403 3160 suam,
422 3114 561 3152 audivit
572 3112 663 3150 illud
679 3127 686 3147 ε
703 3112 842 3148 Inveni
859 3107 1133 3159 Davidfilium
1148 3105 1280 3154 Jessae,
1305 3113 1330 3142 D
1353 3107 1497 3158 ἀκρίδας
1520 3103 1713 3152 συλλέγων,
1745 3102 1805 3139 καὶ
1841 3100 1920 3150 με’λι
1955 3100 2072 3152 ἄγριον
2105 3103 2252 3152 τρυγῶν.
2272 3099 2375 3136 Ἄννα

1354 3159 1411 3197 διὰ
1430 3157 1484 3206 τί;
1503 3155 1653 3201 Ἐπειδὴ
1672 3156 1705 3191 ἐν
1722 3153 1898 3200 νηστείαις
1913 3153 1971 3190 καὶ
1991 3152 2130 3198 δεήσεσι
2149 3150 2376 3204 λατρεύουσα,

1353 3211 1461 3249 νύκτα
1477 3209 1536 3248 καὶ
1550 3207 1683 3259 ἡμέραν
1700 3205 1908 3256 ἐλειτούργει
1927 3206 2022 3257 Θεῷ.
2035 3204 2170 3256 Πέτρος
2185 3204 2245 3241 καὶ
2259 3203 2376 3241 Ἰωάν-

1355 3279 1414 3309 νης
1434 3261 1525 3315 φίλοι
1557 3259 1613 3298 διὰ
1633 3259 1686 3305 τί,
1715 3257 1864 3303 'Fi-treis),
1887 3257 1999 3295 ἄσιτοι
2020 3257 2198 3299 ἀνέῧαινον
2229 3255 2284 3294 ἐπὶ
2313 3255 2375 3302 τὴν

340 3410 351 3424 ³
371 3400 448 3441 [Sic
464 3410 501 3430 cx
527 3401 611 3440 conj.
640 3397 800 3430 dedimus·
817 3396 1003 3440 chcbatur
1032 3400 1111 3429 ffb&
1134 3410 1297 3433 πτεστους.
1317 3393 1418 3428 Sat-il,
1439 3397 1517 3427 ἀλλὰ
1534 3393 1703 3433 misna]
