<?xml version="1.0" encoding="UTF-8"?>
<!DOCTYPE html PUBLIC "-//W3C//DTD XHTML 1.0 Transitional//EN"
    "http://www.w3.org/TR/xhtml1/DTD/xhtml1-transitional.dtd">
<html xmlns="http://www.w3.org/1999/xhtml" xml:lang="en" lang="en">
 <head>
  <title>
</title>
<meta http-equiv="Content-Type" content="text/html;charset=utf-8" />
  <meta name='ocr-system' content='tesseract 3.04.00' />
  <meta name='ocr-capabilities' content='ocr_page ocr_carea ocr_par ocr_line ocrx_word'/>
</head>
<body>
  <div class='ocr_page' id='page_1' title='image "./operaomniaquaeex09johnuoft/operaomniaquaeex09johnuoft_0275.png"; bbox 0 0 2466 3805; ppageno 0'>
   <div class='ocr_carea' id='block_1_1' title="bbox 626 260 668 290">
    <p class='ocr_par' dir='ltr' id='par_1_1' title="bbox 626 260 668 290">
     <span class='ocr_line' id='line_1_1' title="bbox 626 260 668 290; baseline 0.024 -1"><span class='ocrx_word' id='word_1_1' title='bbox 626 260 668 290; x_wconf 76' lang='grc' dir='ltr'><em>ΙΝ</em></span> 
     </span>
    </p>
   </div>
   <div class='ocr_carea' id='block_1_2' title="bbox 64 336 1089 1244">
    <p class='ocr_par' dir='ltr' id='par_1_2' title="bbox 64 336 1089 1244">
     <span class='ocr_line' id='line_1_2' title="bbox 75 336 1089 393; baseline 0.001 -18"><span class='ocrx_word' id='word_1_2' title='bbox 75 336 156 376; x_wconf 72' lang='grc' dir='ltr'>ὅταν</span> <span class='ocrx_word' id='word_1_3' title='bbox 188 337 370 388; x_wconf 84' lang='grc' dir='ltr'>Πνεύματι</span> <span class='ocrx_word' id='word_1_4' title='bbox 400 341 579 377; x_wconf 81' lang='grc' dir='ltr'>κινῶνται·</span> <span class='ocrx_word' id='word_1_5' title='bbox 601 341 639 378; x_wconf 79' lang='grc' dir='ltr'><em>οὗ</em></span> <span class='ocrx_word' id='word_1_6' title='bbox 666 339 732 393; x_wconf 79' lang='grc' dir='ltr'><em>γὰρ</em></span> <span class='ocrx_word' id='word_1_7' title='bbox 752 340 792 387; x_wconf 85' lang='grc' dir='ltr'><em>δὴ</em></span> <span class='ocrx_word' id='word_1_8' title='bbox 829 338 1089 392; x_wconf 79' lang='grc' dir='ltr'>ἐχειροτονήθη-</span> 
     </span>
     <span class='ocr_line' id='line_1_3' title="bbox 72 398 1089 452; baseline 0 -16"><span class='ocrx_word' id='word_1_9' title='bbox 72 415 135 437; x_wconf 90' lang='grc' dir='ltr'><em>σαν</em></span> <span class='ocrx_word' id='word_1_10' title='bbox 159 398 338 449; x_wconf 88' lang='grc' dir='ltr'>Πνεύματι</span> <span class='ocrx_word' id='word_1_11' title='bbox 371 399 485 450; x_wconf 85' lang='grc' dir='ltr'>μόνον,</span> <span class='ocrx_word' id='word_1_12' title='bbox 512 400 600 438; x_wconf 86' lang='grc' dir='ltr'>ἀλλὰ</span> <span class='ocrx_word' id='word_1_13' title='bbox 630 401 689 438; x_wconf 83' lang='grc' dir='ltr'><em>καὶ</em></span> <span class='ocrx_word' id='word_1_14' title='bbox 718 399 993 452; x_wconf 78' lang='grc' dir='ltr'>ἐξεπέμφθησαν.</span> <span class='ocrx_word' id='word_1_15' title='bbox 1020 399 1089 437; x_wconf 77' lang='grc' dir='ltr'><em>Καὶ</em></span> 
     </span>
     <span class='ocr_line' id='line_1_4' title="bbox 72 458 1088 512; baseline 0.002 -16"><span class='ocrx_word' id='word_1_16' title='bbox 72 458 248 509; x_wconf 87' lang='grc' dir='ltr'>γενόμενοι</span> <span class='ocrx_word' id='word_1_17' title='bbox 277 462 312 497; x_wconf 81' lang='grc' dir='ltr'>ἐν</span> <span class='ocrx_word' id='word_1_18' title='bbox 340 461 516 510; x_wconf 80' lang='grc' dir='ltr'>Σαλαμῖνι</span> <span class='ocrx_word' id='word_1_19' title='bbox 546 461 780 512; x_wconf 73' lang='grc' dir='ltr'>κατήγγελλον</span> <span class='ocrx_word' id='word_1_20' title='bbox 809 461 867 498; x_wconf 79' lang='grc' dir='ltr'><em>τὸν</em></span> <span class='ocrx_word' id='word_1_21' title='bbox 894 460 995 511; x_wconf 87' lang='grc' dir='ltr'>λόγον</span> <span class='ocrx_word' id='word_1_22' title='bbox 1028 463 1088 498; x_wconf 89' lang='grc' dir='ltr'><em>τοῦ</em></span> 
     </span>
     <span class='ocr_line' id='line_1_5' title="bbox 70 521 1088 574; baseline 0.001 -16"><span class='ocrx_word' id='word_1_23' title='bbox 70 521 162 558; x_wconf 89' lang='grc' dir='ltr'>Θεοῦ</span> <span class='ocrx_word' id='word_1_24' title='bbox 181 522 215 558; x_wconf 82' lang='grc' dir='ltr'>ἐν</span> <span class='ocrx_word' id='word_1_25' title='bbox 231 527 307 564; x_wconf 90' lang='grc' dir='ltr'>ταῖς</span> <span class='ocrx_word' id='word_1_26' title='bbox 327 528 541 573; x_wconf 82' lang='grc' dir='ltr'>συναγωγαῖς</span> <span class='ocrx_word' id='word_1_27' title='bbox 556 524 624 560; x_wconf 81' lang='grc' dir='ltr'><em>τῶν</em></span> <span class='ocrx_word' id='word_1_28' title='bbox 645 522 833 561; x_wconf 85' lang='grc' dir='ltr'>Ἰουδαίων.</span> <span class='ocrx_word' id='word_1_29' title='bbox 849 521 958 574; x_wconf 74' lang='grc' dir='ltr'>Ὁρᾷς</span> <span class='ocrx_word' id='word_1_30' title='bbox 972 529 1088 560; x_wconf 75' lang='grc' dir='ltr'>πᾶσαν</span> 
     </span>
     <span class='ocr_line' id='line_1_6' title="bbox 70 580 1087 634; baseline 0.002 -17"><span class='ocrx_word' id='word_1_31' title='bbox 70 580 222 627; x_wconf 82' lang='grc' dir='ltr'>σπουδὴν</span> <span class='ocrx_word' id='word_1_32' title='bbox 257 582 480 632; x_wconf 83' lang='grc' dir='ltr'>ποιουμένους</span> <span class='ocrx_word' id='word_1_33' title='bbox 515 582 637 626; x_wconf 73' lang='grc' dir='ltr'>αὐτοὺς</span> <span class='ocrx_word' id='word_1_34' title='bbox 671 583 811 626; x_wconf 83' lang='grc' dir='ltr'>ἐκείνοις</span> <span class='ocrx_word' id='word_1_35' title='bbox 841 583 1087 634; x_wconf 80' lang='grc' dir='ltr'>καταγγέλλειν</span> 
     </span>
     <span class='ocr_line' id='line_1_7' title="bbox 69 640 1087 696; baseline 0.001 -19"><span class='ocrx_word' id='word_1_36' title='bbox 69 640 126 678; x_wconf 86' lang='grc' dir='ltr'><em>τὸν</em></span> <span class='ocrx_word' id='word_1_37' title='bbox 145 640 247 692; x_wconf 90' lang='grc' dir='ltr'>λόγον</span> <span class='ocrx_word' id='word_1_38' title='bbox 265 642 417 694; x_wconf 80' lang='grc' dir='ltr'>πρώτοις</span> <span class='ocrx_word' id='word_1_39' title='bbox 431 674 440 691; x_wconf 95' lang='grc'>,</span> <span class='ocrx_word' id='word_1_40' title='bbox 460 643 516 681; x_wconf 83' lang='grc' dir='ltr'><em>ἵνα</em></span> <span class='ocrx_word' id='word_1_41' title='bbox 532 643 579 693; x_wconf 82' lang='grc' dir='ltr'>μὴ</span> <span class='ocrx_word' id='word_1_42' title='bbox 600 643 889 696; x_wconf 83' lang='grc' dir='ltr'>φιλονεικοτέρους</span> <span class='ocrx_word' id='word_1_43' title='bbox 905 643 1087 694; x_wconf 82' lang='grc' dir='ltr'>ἐργάσων-</span> 
     </span>
     <span class='ocr_line' id='line_1_8' title="bbox 68 700 1087 754; baseline 0.002 -17"><span class='ocrx_word' id='word_1_44' title='bbox 68 715 144 747; x_wconf 72' lang='grc' dir='ltr'>ται,</span> <span class='ocrx_word' id='word_1_45' title='bbox 164 702 234 739; x_wconf 81' lang='grc' dir='ltr'><em>Καὶ</em></span> <span class='ocrx_word' id='word_1_46' title='bbox 252 700 399 742; x_wconf 68' lang='grc' dir='ltr'><em>ι’ἐκεῖνοι</em></span> <span class='ocrx_word' id='word_1_47' title='bbox 414 706 474 742; x_wconf 81' lang='grc' dir='ltr'><em>οὐκ</em></span> <span class='ocrx_word' id='word_1_48' title='bbox 490 705 632 742; x_wconf 84' lang='grc' dir='ltr'>ἐλάλουν</span> <span class='ocrx_word' id='word_1_49' title='bbox 645 707 674 741; x_wconf 86' lang='grc' dir='ltr'><em>εἰ</em></span> <span class='ocrx_word' id='word_1_50' title='bbox 695 704 743 754; x_wconf 84' lang='grc' dir='ltr'>μὴ</span> <span class='ocrx_word' id='word_1_51' title='bbox 762 704 940 747; x_wconf 81' lang='grc' dir='ltr'>Ἰουδαίοις</span> <span class='ocrx_word' id='word_1_52' title='bbox 960 703 1087 753; x_wconf 86' lang='grc' dir='ltr'>μόνοις,</span> 
     </span>
     <span class='ocr_line' id='line_1_9' title="bbox 68 756 1086 815; baseline 0.001 -17"><span class='ocrx_word' id='word_1_53' title='bbox 68 761 127 799; x_wconf 80' lang='grc' dir='ltr'><em>καὶ</em></span> <span class='ocrx_word' id='word_1_54' title='bbox 143 756 236 800; x_wconf 69' lang='grc' dir='ltr'>οῦτοι</span> <span class='ocrx_word' id='word_1_55' title='bbox 253 765 300 806; x_wconf 84' lang='grc' dir='ltr'><em>εἷς</em></span> <span class='ocrx_word' id='word_1_56' title='bbox 319 763 380 806; x_wconf 80' lang='grc' dir='ltr'><em>τὰς</em></span> <span class='ocrx_word' id='word_1_57' title='bbox 408 764 609 815; x_wconf 79' lang='grc' dir='ltr'>συναγωγὰς</span> <span class='ocrx_word' id='word_1_58' title='bbox 637 764 806 815; x_wconf 77' lang='grc' dir='ltr'>ἀπῄεσαν.</span> <span class='ocrx_word' id='word_1_59' title='bbox 827 762 1026 806; x_wconf 83' lang='grc' dir='ltr'>Διελθόντες</span> <span class='ocrx_word' id='word_1_60' title='bbox 1050 761 1086 799; x_wconf 79' lang='grc' dir='ltr'><em>δὲ</em></span> 
     </span>
     <span class='ocr_line' id='line_1_10' title="bbox 67 818 1084 877; baseline 0 -18"><span class='ocrx_word' id='word_1_61' title='bbox 67 821 129 868; x_wconf 88' lang='grc' dir='ltr'><em>τὴν</em></span> <span class='ocrx_word' id='word_1_62' title='bbox 142 826 245 869; x_wconf 77' lang='grc' dir='ltr'>νῆσον</span> <span class='ocrx_word' id='word_1_63' title='bbox 266 824 348 870; x_wconf 77' lang='grc' dir='ltr'>ὅλην</span> <span class='ocrx_word' id='word_1_64' title='bbox 367 825 450 876; x_wconf 80' lang='grc' dir='ltr'>ἄχρι</span> <span class='ocrx_word' id='word_1_65' title='bbox 471 825 614 877; x_wconf 69' lang='grc' dir='ltr'>Πάφου,</span> <span class='ocrx_word' id='word_1_66' title='bbox 634 818 729 874; x_wconf 72' lang='grc' dir='ltr'>εῧρον</span> <span class='ocrx_word' id='word_1_67' title='bbox 748 823 857 876; x_wconf 79' lang='grc' dir='ltr'>ἄνδρα</span> <span class='ocrx_word' id='word_1_68' title='bbox 875 822 952 860; x_wconf 86' lang='grc' dir='ltr'>τινὰ</span> <span class='ocrx_word' id='word_1_69' title='bbox 974 822 1084 872; x_wconf 84' lang='grc' dir='ltr'>μάγον</span> 
     </span>
     <span class='ocr_line' id='line_1_11' title="bbox 66 880 1085 937; baseline -0.002 -17"><span class='ocrx_word' id='word_1_70' title='bbox 66 883 352 936; x_wconf 73' lang='grc' dir='ltr'>ψευδοπροφήτην</span> <span class='ocrx_word' id='word_1_71' title='bbox 379 886 556 932; x_wconf 82' lang='grc' dir='ltr'>Ἰουδαῖον,</span> <span class='ocrx_word' id='word_1_72' title='bbox 585 880 613 937; x_wconf 70' lang='grc' dir='ltr'>ᾧ</span> <span class='ocrx_word' id='word_1_73' title='bbox 639 885 747 933; x_wconf 82' lang='grc' dir='ltr'>ὄνομα</span> <span class='ocrx_word' id='word_1_74' title='bbox 773 883 849 934; x_wconf 86' lang='grc' dir='ltr'><em>Βὰρ</em></span> <span class='ocrx_word' id='word_1_75' title='bbox 871 881 1021 928; x_wconf 87' lang='grc' dir='ltr'>Ἰησοῦς,</span> <span class='ocrx_word' id='word_1_76' title='bbox 1049 882 1085 924; x_wconf 84' lang='grc' dir='ltr'><em>ὃς</em></span> 
     </span>
     <span class='ocr_line' id='line_1_12' title="bbox 65 937 1082 997; baseline -0.004 -16"><span class='ocrx_word' id='word_1_77' title='bbox 65 937 108 988; x_wconf 57' lang='grc' dir='ltr'>ἦν</span> <span class='ocrx_word' id='word_1_78' title='bbox 128 943 186 982; x_wconf 78' lang='grc' dir='ltr'><em>σὺν</em></span> <span class='ocrx_word' id='word_1_79' title='bbox 202 948 251 996; x_wconf 80' lang='grc' dir='ltr'><em>τῷ</em></span> <span class='ocrx_word' id='word_1_80' title='bbox 269 945 452 997; x_wconf 79' lang='grc' dir='ltr'>ἀνθυπάτῳ</span> <span class='ocrx_word' id='word_1_81' title='bbox 471 944 608 996; x_wconf 83' lang='grc' dir='ltr'>Σεργίῳ</span> <span class='ocrx_word' id='word_1_82' title='bbox 636 943 789 994; x_wconf 80' lang='grc' dir='ltr'>Παύλῳ,</span> <span class='ocrx_word' id='word_1_83' title='bbox 817 941 914 992; x_wconf 80' lang='grc' dir='ltr'>ἀνδρὶ</span> <span class='ocrx_word' id='word_1_84' title='bbox 934 944 1082 993; x_wconf 78' lang='grc' dir='ltr'>συνετῷ·</span> 
     </span>
     <span class='ocr_line' id='line_1_13' title="bbox 66 1001 1083 1057; baseline -0.003 -16"><span class='ocrx_word' id='word_1_85' title='bbox 66 1004 101 1047; x_wconf 79' lang='grc' dir='ltr'><em>ὃς</em></span> <span class='ocrx_word' id='word_1_86' title='bbox 117 1005 439 1057; x_wconf 85' lang='grc' dir='ltr'>προσκαλεσάμενος</span> <span class='ocrx_word' id='word_1_87' title='bbox 462 1005 646 1057; x_wconf 67' lang='grc' dir='ltr'>Βαρνάὸαν</span> <span class='ocrx_word' id='word_1_88' title='bbox 662 1003 720 1041; x_wconf 82' lang='grc' dir='ltr'><em>καὶ</em></span> <span class='ocrx_word' id='word_1_89' title='bbox 742 1003 891 1050; x_wconf 86' lang='grc' dir='ltr'>Σαῦλον,</span> <span class='ocrx_word' id='word_1_90' title='bbox 911 1001 1083 1049; x_wconf 81' lang='grc' dir='ltr'>ἐπεζήτη-</span> 
     </span>
     <span class='ocr_line' id='line_1_14' title="bbox 65 1061 1083 1116; baseline -0.001 -14"><span class='ocrx_word' id='word_1_91' title='bbox 65 1081 123 1103; x_wconf 90' lang='grc' dir='ltr'><em>σεν</em></span> <span class='ocrx_word' id='word_1_92' title='bbox 138 1068 284 1108; x_wconf 87' lang='grc' dir='ltr'>ἀκοῦσαι</span> <span class='ocrx_word' id='word_1_93' title='bbox 301 1067 358 1104; x_wconf 77' lang='grc' dir='ltr'><em>τὸν</em></span> <span class='ocrx_word' id='word_1_94' title='bbox 377 1066 476 1116; x_wconf 90' lang='grc' dir='ltr'>λόγον</span> <span class='ocrx_word' id='word_1_95' title='bbox 495 1069 554 1101; x_wconf 89' lang='grc' dir='ltr'><em>τοῦ</em></span> <span class='ocrx_word' id='word_1_96' title='bbox 575 1066 677 1102; x_wconf 83' lang='grc' dir='ltr'>Θεοῦ.</span> <span class='ocrx_word' id='word_1_97' title='bbox 694 1062 891 1102; x_wconf 82' lang='grc' dir='ltr'>Ἀνθίστατο</span> <span class='ocrx_word' id='word_1_98' title='bbox 912 1061 947 1100; x_wconf 80' lang='grc' dir='ltr'><em>δὲ</em></span> <span class='ocrx_word' id='word_1_99' title='bbox 967 1063 1083 1107; x_wconf 78' lang='grc' dir='ltr'>αὐτοῖς</span> 
     </span>
     <span class='ocr_line' id='line_1_15' title="bbox 66 1122 1081 1177; baseline -0.003 -14"><span class='ocrx_word' id='word_1_100' title='bbox 66 1126 220 1176; x_wconf 82' lang='grc' dir='ltr'>Ἐλύμας</span> <span class='ocrx_word' id='word_1_101' title='bbox 234 1128 251 1162; x_wconf 84' lang='grc' dir='ltr'><strong><em>ὃ</em></strong></span> <span class='ocrx_word' id='word_1_102' title='bbox 267 1125 375 1177; x_wconf 85' lang='grc' dir='ltr'>μάγος</span> <span class='ocrx_word' id='word_1_103' title='bbox 394 1124 505 1172; x_wconf 74' lang='grc' dir='ltr'>(οὕτω</span> <span class='ocrx_word' id='word_1_104' title='bbox 521 1124 588 1176; x_wconf 82' lang='grc' dir='ltr'><em>γὰρ</em></span> <span class='ocrx_word' id='word_1_105' title='bbox 610 1123 901 1175; x_wconf 79' lang='grc' dir='ltr'>μεθερμηνεύεται</span> <span class='ocrx_word' id='word_1_106' title='bbox 915 1123 955 1161; x_wconf 87' lang='grc' dir='ltr'><em>τὸ</em></span> <span class='ocrx_word' id='word_1_107' title='bbox 972 1122 1081 1174; x_wconf 77' lang='grc' dir='ltr'>ὄνομα</span> 
     </span>
     <span class='ocr_line' id='line_1_16' title="bbox 64 1183 1081 1244; baseline -0.001 -22"><span class='ocrx_word' id='word_1_108' title='bbox 64 1188 207 1233; x_wconf 81' lang='grc' dir='ltr'>αὐτοῦ),</span> <span class='ocrx_word' id='word_1_109' title='bbox 236 1187 346 1231; x_wconf 84' lang='grc' dir='ltr'>ζητῶν</span> <span class='ocrx_word' id='word_1_110' title='bbox 376 1184 580 1238; x_wconf 69' lang='grc' dir='ltr'>διαστρέψαι</span> <span class='ocrx_word' id='word_1_111' title='bbox 611 1183 668 1222; x_wconf 83' lang='grc' dir='ltr'><em>τὸν</em></span> <span class='ocrx_word' id='word_1_112' title='bbox 694 1183 894 1244; x_wconf 54' lang='grc' dir='ltr'><em>τἀνθύπατον</em></span> <span class='ocrx_word' id='word_1_113' title='bbox 919 1183 988 1221; x_wconf 74' lang='grc' dir='ltr'><em>ἀπὸ</em></span> <span class='ocrx_word' id='word_1_114' title='bbox 1018 1188 1081 1231; x_wconf 74' lang='grc' dir='ltr'><em>τῆς</em></span> 
     </span>
    </p>
   </div>
   <div class='ocr_carea' id='block_1_3' title="bbox 702 256 1197 289">
    <p class='ocr_par' dir='ltr' id='par_1_3' title="bbox 702 256 1197 289">
     <span class='ocr_line' id='line_1_17' title="bbox 702 256 1197 289; baseline 0 -1"><span class='ocrx_word' id='word_1_115' title='bbox 702 258 817 289; x_wconf 78' lang='lat' dir='ltr'>ACTA</span> <span class='ocrx_word' id='word_1_116' title='bbox 853 256 1197 288; x_wconf 82' lang='lat' dir='ltr'><strong>APOSTOLORUM.</strong></span> 
     </span>
    </p>
   </div>
   <div class='ocr_carea' id='block_1_4' title="bbox 1238 259 1594 293">
    <p class='ocr_par' dir='ltr' id='par_1_4' title="bbox 1238 259 1594 293">
     <span class='ocr_line' id='line_1_18' title="bbox 1238 259 1594 293; baseline 0.014 -5"><span class='ocrx_word' id='word_1_117' title='bbox 1238 259 1393 290; x_wconf 82' lang='lat' dir='ltr'><em>ssOMlL.</em></span> <span class='ocrx_word' id='word_1_118' title='bbox 1432 262 1594 293; x_wconf 73' lang='lat' dir='ltr'><em>xxvllt.</em></span> 
     </span>
    </p>
   </div>
   <div class='ocr_carea' id='block_1_5' title="bbox 2055 258 2137 313">
    <p class='ocr_par' dir='ltr' id='par_1_5' title="bbox 2055 258 2137 313">
     <span class='ocr_line' id='line_1_19' title="bbox 2055 258 2137 313; baseline 0.024 -16"><span class='ocrx_word' id='word_1_119' title='bbox 2055 258 2137 313; x_wconf 71' lang='lat'><em>241</em></span> 
     </span>
    </p>
   </div>
   <div class='ocr_carea' id='block_1_6' title="bbox 1112 341 2148 1248">
    <p class='ocr_par' dir='ltr' id='par_1_6' title="bbox 1112 341 2148 1248">
     <span class='ocr_line' id='line_1_20' title="bbox 1161 341 2146 395; baseline 0.013 -20"><span class='ocrx_word' id='word_1_120' title='bbox 1161 353 1288 390; x_wconf 71' lang='lat' dir='ltr'><em>quare,</em></span> <span class='ocrx_word' id='word_1_121' title='bbox 1304 341 1446 391; x_wconf 85' lang='lat' dir='ltr'><em>quando</em></span> <span class='ocrx_word' id='word_1_122' title='bbox 1462 343 1599 395; x_wconf 87' lang='lat' dir='ltr'>Spiritu</span> <span class='ocrx_word' id='word_1_123' title='bbox 1617 352 1801 383; x_wconf 84' lang='lat' dir='ltr'><em>moventur</em></span> <span class='ocrx_word' id='word_1_124' title='bbox 1813 360 1820 381; x_wconf 92' lang='lat'><strong>:</strong></span> <span class='ocrx_word' id='word_1_125' title='bbox 1832 359 1901 383; x_wconf 91' lang='lat' dir='ltr'><em>non</em></span> <span class='ocrx_word' id='word_1_126' title='bbox 1921 346 2035 385; x_wconf 90' lang='lat' dir='ltr'><em>solum</em></span> <span class='ocrx_word' id='word_1_127' title='bbox 2053 350 2146 388; x_wconf 90' lang='lat' dir='ltr'><em>enim</em></span> 
     </span>
     <span class='ocr_line' id='line_1_21' title="bbox 1162 401 2146 453; baseline 0.01 -13"><span class='ocrx_word' id='word_1_128' title='bbox 1162 401 1297 453; x_wconf 83' lang='lat' dir='ltr'>Spiritu</span> <span class='ocrx_word' id='word_1_129' title='bbox 1314 413 1395 441; x_wconf 88' lang='lat' dir='ltr'><em>sunt</em></span> <span class='ocrx_word' id='word_1_130' title='bbox 1413 404 1580 451; x_wconf 87' lang='lat' dir='ltr'><em>ordinati,</em></span> <span class='ocrx_word' id='word_1_131' title='bbox 1597 406 1656 444; x_wconf 87' lang='lat' dir='ltr'><em>sed</em></span> <span class='ocrx_word' id='word_1_132' title='bbox 1669 407 1775 445; x_wconf 82' lang='lat' dir='ltr'><em>etiam</em></span> <span class='ocrx_word' id='word_1_133' title='bbox 1788 408 1897 446; x_wconf 88' lang='lat' dir='ltr'><em>missi.</em></span> <span class='ocrx_word' id='word_1_134' title='bbox 1912 411 1966 447; x_wconf 83' lang='lat' dir='ltr'><em>Et</em></span> <span class='ocrx_word' id='word_1_135' title='bbox 1986 424 2071 448; x_wconf 85' lang='lat' dir='ltr'><em>cum</em></span> <span class='ocrx_word' id='word_1_136' title='bbox 2085 427 2146 450; x_wconf 83' lang='lat' dir='ltr'><em>ve-</em></span> 
     </span>
     <span class='ocr_line' id='line_1_22' title="bbox 1163 466 2148 519; baseline 0.011 -18"><span class='ocrx_word' id='word_1_137' title='bbox 1163 466 1307 502; x_wconf 87' lang='lat' dir='ltr'><em>nissent</em></span> <span class='ocrx_word' id='word_1_138' title='bbox 1328 466 1584 517; x_wconf 75' lang='lat' dir='ltr'><em>Salaminam,</em></span> <span class='ocrx_word' id='word_1_139' title='bbox 1596 470 1865 519; x_wconf 67' lang='lat' dir='ltr'><em>praedicabant</em></span> <span class='ocrx_word' id='word_1_140' title='bbox 1886 474 2046 511; x_wconf 81' lang='lat' dir='ltr'><em>verbum</em></span> <span class='ocrx_word' id='word_1_141' title='bbox 2071 475 2148 512; x_wconf 86' lang='lat' dir='ltr'><em>Dei</em></span> 
     </span>
     <span class='ocr_line' id='line_1_23' title="bbox 1161 526 2145 579; baseline 0.012 -18"><span class='ocrx_word' id='word_1_142' title='bbox 1161 526 1203 561; x_wconf 89' lang='lat' dir='ltr'><em>in</em></span> <span class='ocrx_word' id='word_1_143' title='bbox 1226 530 1436 579; x_wconf 68' lang='lat' dir='ltr'><em>synagogis</em></span> <span class='ocrx_word' id='word_1_144' title='bbox 1456 529 1694 568; x_wconf 80' lang='lat' dir='ltr'><em>Judoeorum.</em></span> <span class='ocrx_word' id='word_1_145' title='bbox 1711 530 1824 570; x_wconf 85' lang='lat' dir='ltr'><em>Vides</em></span> <span class='ocrx_word' id='word_1_146' title='bbox 1848 531 1928 570; x_wconf 87' lang='lat' dir='ltr'><em>illos</em></span> <span class='ocrx_word' id='word_1_147' title='bbox 1948 547 2030 571; x_wconf 89' lang='lat' dir='ltr'><em>cum</em></span> <span class='ocrx_word' id='word_1_148' title='bbox 2049 535 2145 573; x_wconf 89' lang='lat' dir='ltr'><em>omni</em></span> 
     </span>
     <span class='ocr_line' id='line_1_24' title="bbox 1160 584 2145 644; baseline 0.012 -22"><span class='ocrx_word' id='word_1_149' title='bbox 1160 584 1345 637; x_wconf 83' lang='lat' dir='ltr'>diligentia</span> <span class='ocrx_word' id='word_1_150' title='bbox 1376 589 1526 627; x_wconf 79' lang='lat' dir='ltr'><em>verbum</em></span> <span class='ocrx_word' id='word_1_151' title='bbox 1556 591 1720 628; x_wconf 80' lang='lat' dir='ltr'><em>nuntiare</em></span> <span class='ocrx_word' id='word_1_152' title='bbox 1741 592 1868 644; x_wconf 85' lang='lat' dir='ltr'><em>primis</em></span> <span class='ocrx_word' id='word_1_153' title='bbox 1896 593 1981 641; x_wconf 87' lang='lat' dir='ltr'><em>illis,</em></span> <span class='ocrx_word' id='word_1_154' title='bbox 1997 608 2041 632; x_wconf 89' lang='lat' dir='ltr'><em>ne</em></span> <span class='ocrx_word' id='word_1_155' title='bbox 2065 596 2145 634; x_wconf 90' lang='lat' dir='ltr'><em>illos</em></span> 
     </span>
     <span class='ocr_line' id='line_1_25' title="bbox 1112 644 2143 695; baseline 0.013 -14"><span class='ocrx_word' id='word_1_156' title='bbox 1112 644 1136 674; x_wconf 84' lang='lat' dir='ltr'>E</span> <span class='ocrx_word' id='word_1_157' title='bbox 1161 647 1444 686; x_wconf 85' lang='lat' dir='ltr'><em>contentiosiores</em></span> <span class='ocrx_word' id='word_1_158' title='bbox 1465 650 1676 689; x_wconf 75' lang='lat' dir='ltr'><strong>redderent?</strong></span> <span class='ocrx_word' id='word_1_159' title='bbox 1701 652 1747 690; x_wconf 87' lang='lat' dir='ltr'><em>Et</em></span> <span class='ocrx_word' id='word_1_160' title='bbox 1769 653 1823 690; x_wconf 90' lang='lat' dir='ltr'><em>illi</em></span> <span class='ocrx_word' id='word_1_161' title='bbox 1850 655 1988 692; x_wconf 88' lang='lat' dir='ltr'><em>nonnisi</em></span> <span class='ocrx_word' id='word_1_162' title='bbox 2009 656 2143 695; x_wconf 82' lang='lat' dir='ltr'><em>Judaeis</em></span> 
     </span>
     <span class='ocr_line' id='line_1_26' title="bbox 1159 704 2145 763; baseline 0.015 -23"><span class='ocrx_word' id='word_1_163' title='bbox 1159 704 1408 756; x_wconf 75' lang='lat' dir='ltr'><strong>loquebantur,</strong></span> <span class='ocrx_word' id='word_1_164' title='bbox 1425 718 1459 745; x_wconf 89' lang='lat' dir='ltr'><em>et</em></span> <span class='ocrx_word' id='word_1_165' title='bbox 1477 710 1515 746; x_wconf 92' lang='lat' dir='ltr'><em>hi</em></span> <span class='ocrx_word' id='word_1_166' title='bbox 1539 710 1586 747; x_wconf 83' lang='lat' dir='ltr'><em>ad</em></span> <span class='ocrx_word' id='word_1_167' title='bbox 1612 725 1810 763; x_wconf 81' lang='lat' dir='ltr'><em>synagogas</em></span> <span class='ocrx_word' id='word_1_168' title='bbox 1836 714 2010 753; x_wconf 87' lang='lat' dir='ltr'><em>abierunt.</em></span> <span class='ocrx_word' id='word_1_169' title='bbox 2029 718 2067 755; x_wconf 89' lang='lat'><em>6.</em></span> <span class='ocrx_word' id='word_1_170' title='bbox 2091 719 2145 755; x_wconf 85' lang='lat' dir='ltr'><em>Et</em></span> 
     </span>
     <span class='ocr_line' id='line_1_27' title="bbox 1159 769 2146 829; baseline 0.014 -28"><span class='ocrx_word' id='word_1_171' title='bbox 1159 778 1245 802; x_wconf 86' lang='lat' dir='ltr'><em>cum</em></span> <span class='ocrx_word' id='word_1_172' title='bbox 1257 769 1590 816; x_wconf 75' lang='lat' dir='ltr'><strong><em>perambulassent</em></strong></span> <span class='ocrx_word' id='word_1_173' title='bbox 1605 774 1825 810; x_wconf 76' lang='lat' dir='ltr'><em>universam</em></span> <span class='ocrx_word' id='word_1_174' title='bbox 1839 776 2007 813; x_wconf 87' lang='lat' dir='ltr'><em>insulam</em></span> <span class='ocrx_word' id='word_1_175' title='bbox 2026 790 2146 829; x_wconf 83' lang='lat' dir='ltr'><em>usque</em></span> 
     </span>
     <span class='ocr_line' id='line_1_28' title="bbox 1156 826 2142 884; baseline 0.016 -24"><span class='ocrx_word' id='word_1_176' title='bbox 1156 826 1338 875; x_wconf 77' lang='lat' dir='ltr'><em>Paphum</em></span> <span class='ocrx_word' id='word_1_177' title='bbox 1350 856 1362 871; x_wconf 90' lang='lat'><em>,</em></span> <span class='ocrx_word' id='word_1_178' title='bbox 1393 830 1622 866; x_wconf 76' lang='lat' dir='ltr'><em>invenerunt</em></span> <span class='ocrx_word' id='word_1_179' title='bbox 1650 834 1780 869; x_wconf 79' lang='lat' dir='ltr'><em>virum</em></span> <span class='ocrx_word' id='word_1_180' title='bbox 1817 837 2022 884; x_wconf 79' lang='lat' dir='ltr'><em>quemdam</em></span> <span class='ocrx_word' id='word_1_181' title='bbox 2058 852 2142 876; x_wconf 88' lang='lat' dir='ltr'><em>ma-</em></span> 
     </span>
     <span class='ocr_line' id='line_1_29' title="bbox 1154 888 2146 940; baseline 0.016 -21"><span class='ocrx_word' id='word_1_182' title='bbox 1154 897 1245 933; x_wconf 82' lang='lat' dir='ltr'><em>gum</em></span> <span class='ocrx_word' id='word_1_183' title='bbox 1274 888 1646 939; x_wconf 79' lang='lat' dir='ltr'><em>pseudoprophetam</em></span> <span class='ocrx_word' id='word_1_184' title='bbox 1674 892 1706 928; x_wconf 89' lang='lat' dir='ltr'><em>J</em></span> <span class='ocrx_word' id='word_1_185' title='bbox 1705 893 1855 930; x_wconf 80' lang='lat' dir='ltr'><em>udceum</em></span> <span class='ocrx_word' id='word_1_186' title='bbox 1866 923 1880 940; x_wconf 79' lang='grc'>,</span> <span class='ocrx_word' id='word_1_187' title='bbox 1917 898 1978 931; x_wconf 89' lang='lat' dir='ltr'><em>cui</em></span> <span class='ocrx_word' id='word_1_188' title='bbox 2006 911 2146 935; x_wconf 82' lang='lat' dir='ltr'><em>nomen</em></span> 
     </span>
     <span class='ocr_line' id='line_1_30' title="bbox 1155 945 2144 1008; baseline 0.014 -28"><span class='ocrx_word' id='word_1_189' title='bbox 1155 945 1320 995; x_wconf 85' lang='lat' dir='ltr'><em>Barjesu</em></span> <span class='ocrx_word' id='word_1_190' title='bbox 1330 975 1342 996; x_wconf 96' lang='lat'><em>,</em></span> <span class='ocrx_word' id='word_1_191' title='bbox 1375 948 1412 984; x_wconf 81' lang='lat'><em>7.</em></span> <span class='ocrx_word' id='word_1_192' title='bbox 1442 951 1508 1000; x_wconf 84' lang='lat' dir='ltr'><em>qui</em></span> <span class='ocrx_word' id='word_1_193' title='bbox 1541 959 1624 987; x_wconf 88' lang='lat' dir='ltr'><em>erat</em></span> <span class='ocrx_word' id='word_1_194' title='bbox 1650 964 1736 988; x_wconf 90' lang='lat' dir='ltr'><em>cum</em></span> <span class='ocrx_word' id='word_1_195' title='bbox 1764 955 1993 1002; x_wconf 78' lang='lat' dir='ltr'><em>proconsule</em></span> <span class='ocrx_word' id='word_1_196' title='bbox 2014 957 2144 1008; x_wconf 80' lang='lat' dir='ltr'><em>Sergio</em></span> 
     </span>
     <span class='ocr_line' id='line_1_31' title="bbox 1154 1005 2144 1062; baseline 0.016 -22"><span class='ocrx_word' id='word_1_197' title='bbox 1154 1005 1298 1051; x_wconf 86' lang='lat' dir='ltr'><em>Paulo,</em></span> <span class='ocrx_word' id='word_1_198' title='bbox 1319 1010 1404 1044; x_wconf 81' lang='lat' dir='ltr'><em>viro</em></span> <span class='ocrx_word' id='word_1_199' title='bbox 1421 1010 1612 1059; x_wconf 81' lang='lat' dir='ltr'><em>prudente</em></span> <span class='ocrx_word' id='word_1_200' title='bbox 1628 1026 1638 1046; x_wconf 89' lang='lat'><em>:</em></span> <span class='ocrx_word' id='word_1_201' title='bbox 1656 1015 1723 1062; x_wconf 85' lang='lat' dir='ltr'><em>qui</em></span> <span class='ocrx_word' id='word_1_202' title='bbox 1741 1017 1937 1052; x_wconf 78' lang='lat' dir='ltr'><em>accersitis</em></span> <span class='ocrx_word' id='word_1_203' title='bbox 1954 1018 2144 1057; x_wconf 87' lang='lat' dir='ltr'><em>Barnaba</em></span> 
     </span>
     <span class='ocr_line' id='line_1_32' title="bbox 1154 1066 2140 1116; baseline 0.015 -15"><span class='ocrx_word' id='word_1_204' title='bbox 1154 1073 1190 1102; x_wconf 87' lang='lat' dir='ltr'><em>et</em></span> <span class='ocrx_word' id='word_1_205' title='bbox 1231 1066 1368 1115; x_wconf 81' lang='lat' dir='ltr'><em>Saulo,</em></span> <span class='ocrx_word' id='word_1_206' title='bbox 1406 1070 1653 1109; x_wconf 77' lang='lat' dir='ltr'><em>desiderabat</em></span> <span class='ocrx_word' id='word_1_207' title='bbox 1684 1074 1821 1111; x_wconf 87' lang='lat' dir='ltr'><em>audire</em></span> <span class='ocrx_word' id='word_1_208' title='bbox 1861 1078 2016 1114; x_wconf 73' lang='lat' dir='ltr'><em>verbum</em></span> <span class='ocrx_word' id='word_1_209' title='bbox 2052 1079 2140 1116; x_wconf 89' lang='lat' dir='ltr'><em>Dei.</em></span> 
     </span>
     <span class='ocr_line' id='line_1_33' title="bbox 1153 1125 2143 1189; baseline 0.014 -26"><span class='ocrx_word' id='word_1_210' title='bbox 1153 1125 1189 1164; x_wconf 85' lang='grc'>8.</span> <span class='ocrx_word' id='word_1_211' title='bbox 1207 1128 1423 1168; x_wconf 81' lang='lat' dir='ltr'><em>Resistehat</em></span> <span class='ocrx_word' id='word_1_212' title='bbox 1450 1140 1580 1169; x_wconf 89' lang='lat' dir='ltr'><em>autem</em></span> <span class='ocrx_word' id='word_1_213' title='bbox 1600 1133 1681 1171; x_wconf 85' lang='lat' dir='ltr'><em>illis</em></span> <span class='ocrx_word' id='word_1_214' title='bbox 1700 1135 1870 1183; x_wconf 78' lang='lat' dir='ltr'><em>Elymas</em></span> <span class='ocrx_word' id='word_1_215' title='bbox 1901 1151 2036 1189; x_wconf 82' lang='lat' dir='ltr'><em>magus</em></span> <span class='ocrx_word' id='word_1_216' title='bbox 2056 1143 2143 1186; x_wconf 78' lang='lat' dir='ltr'><em>(sic</em></span> 
     </span>
     <span class='ocr_line' id='line_1_34' title="bbox 1152 1189 2142 1248; baseline 0.015 -25"><span class='ocrx_word' id='word_1_217' title='bbox 1152 1189 1253 1224; x_wconf 88' lang='lat' dir='ltr'><em>enim</em></span> <span class='ocrx_word' id='word_1_218' title='bbox 1266 1190 1541 1241; x_wconf 87' lang='lat' dir='ltr'><em>interpretatur</em></span> <span class='ocrx_word' id='word_1_219' title='bbox 1552 1207 1689 1231; x_wconf 88' lang='lat' dir='ltr'><em>nomen</em></span> <span class='ocrx_word' id='word_1_220' title='bbox 1700 1197 1782 1247; x_wconf 84' lang='lat' dir='ltr'><em>ejus</em></span> <span class='ocrx_word' id='word_1_221' title='bbox 1785 1200 1826 1243; x_wconf 65' lang='lat' dir='ltr'><em>J,</em></span> <span class='ocrx_word' id='word_1_222' title='bbox 1845 1211 2021 1248; x_wconf 83' lang='lat' dir='ltr'><em>quoerens</em></span> <span class='ocrx_word' id='word_1_223' title='bbox 2032 1213 2142 1238; x_wconf 65' lang='lat' dir='ltr'><em>aver-</em></span> 
     </span>
    </p>
   </div>
   <div class='ocr_carea' id='block_1_7' title="bbox 61 1240 2141 1310">
    <p class='ocr_par' dir='ltr' id='par_1_7' title="bbox 61 1240 2141 1310">
     <span class='ocr_line' id='line_1_35' title="bbox 61 1240 2141 1310; baseline 0.008 -28"><span class='ocrx_word' id='word_1_224' title='bbox 61 1243 223 1289; x_wconf 88' lang='grc' dir='ltr'>πίστεως.</span> <span class='ocrx_word' id='word_1_225' title='bbox 252 1245 366 1282; x_wconf 82' lang='grc' dir='ltr'>Πάλιν</span> <span class='ocrx_word' id='word_1_226' title='bbox 398 1245 506 1296; x_wconf 86' lang='grc' dir='ltr'>μάγος</span> <span class='ocrx_word' id='word_1_227' title='bbox 538 1240 716 1293; x_wconf 82' lang='grc' dir='ltr'>Ἰουδαῖος,</span> <span class='ocrx_word' id='word_1_228' title='bbox 751 1245 909 1296; x_wconf 89' lang='grc' dir='ltr'>καθάπερ</span> <span class='ocrx_word' id='word_1_229' title='bbox 943 1245 1138 1295; x_wconf 67' lang='grc' dir='ltr'>Σίμο)ν.221</span> <span class='ocrx_word' id='word_1_230' title='bbox 1153 1255 1231 1285; x_wconf 89' lang='lat' dir='ltr'><em>tere</em></span> <span class='ocrx_word' id='word_1_231' title='bbox 1259 1253 1528 1300; x_wconf 80' lang='lat' dir='ltr'><em>proconsulem</em></span> <span class='ocrx_word' id='word_1_232' title='bbox 1558 1269 1583 1291; x_wconf 90' lang='lat' dir='ltr'><em>a</em></span> <span class='ocrx_word' id='word_1_233' title='bbox 1602 1255 1702 1306; x_wconf 86' lang='lat' dir='ltr'><em>fide.</em></span> <span class='ocrx_word' id='word_1_234' title='bbox 1736 1257 1894 1295; x_wconf 81' lang='lat' dir='ltr'><em>Rursum</em></span> <span class='ocrx_word' id='word_1_235' title='bbox 1921 1273 2048 1310; x_wconf 82' lang='lat' dir='ltr'><em>magus</em></span> <span class='ocrx_word' id='word_1_236' title='bbox 2077 1262 2141 1300; x_wconf 88' lang='lat' dir='ltr'><em>Ju-</em></span> 
     </span>
    </p>
   </div>
   <div class='ocr_carea' id='block_1_8' title="bbox 35 1305 1079 3251">
    <p class='ocr_par' dir='ltr' id='par_1_8' title="bbox 35 1305 1079 3251">
     <span class='ocr_line' id='line_1_36' title="bbox 60 1305 1079 1358; baseline 0 -15"><span class='ocrx_word' id='word_1_237' title='bbox 60 1305 131 1343; x_wconf 81' lang='grc' dir='ltr'><em>Καὶ</em></span> <span class='ocrx_word' id='word_1_238' title='bbox 152 1305 215 1358; x_wconf 79' lang='grc' dir='ltr'><em>ὅρα</em></span> <span class='ocrx_word' id='word_1_239' title='bbox 239 1310 373 1354; x_wconf 87' lang='grc' dir='ltr'>τοῦτον,</span> <span class='ocrx_word' id='word_1_240' title='bbox 397 1307 453 1344; x_wconf 79' lang='grc' dir='ltr'><em>ὅτε</em></span> <span class='ocrx_word' id='word_1_241' title='bbox 485 1305 545 1357; x_wconf 77' lang='grc' dir='ltr'><em>μὲν</em></span> <span class='ocrx_word' id='word_1_242' title='bbox 571 1313 642 1349; x_wconf 93' lang='grc' dir='ltr'>τοῖς</span> <span class='ocrx_word' id='word_1_243' title='bbox 669 1306 785 1350; x_wconf 79' lang='grc' dir='ltr'>ἄλλοις</span> <span class='ocrx_word' id='word_1_244' title='bbox 811 1305 1012 1357; x_wconf 78' lang='grc' dir='ltr'>ἐκήρυττον,</span> <span class='ocrx_word' id='word_1_245' title='bbox 1042 1309 1079 1344; x_wconf 85' lang='grc' dir='ltr'><em>οὐ</em></span> 
     </span>
     <span class='ocr_line' id='line_1_37' title="bbox 61 1366 1079 1420; baseline 0.001 -16"><span class='ocrx_word' id='word_1_246' title='bbox 61 1366 192 1418; x_wconf 71' lang='grc' dir='ltr'>σφόδρα</span> <span class='ocrx_word' id='word_1_247' title='bbox 233 1370 513 1418; x_wconf 78' lang='grc' dir='ltr'>ἀγανακτοῦντα·</span> <span class='ocrx_word' id='word_1_248' title='bbox 549 1367 668 1413; x_wconf 77' lang='grc' dir='ltr'>ἐπειδὴ</span> <span class='ocrx_word' id='word_1_249' title='bbox 715 1368 750 1405; x_wconf 83' lang='grc' dir='ltr'><em>δὲ</em></span> <span class='ocrx_word' id='word_1_250' title='bbox 791 1370 841 1420; x_wconf 77' lang='grc' dir='ltr'><em>τῷ</em></span> <span class='ocrx_word' id='word_1_251' title='bbox 892 1367 1079 1419; x_wconf 76' lang='grc' dir='ltr'>ἀνθυπάτῳ</span> 
     </span>
     <span class='ocr_line' id='line_1_38' title="bbox 58 1427 1077 1479; baseline 0.001 -15"><span class='ocrx_word' id='word_1_252' title='bbox 58 1427 291 1479; x_wconf 67' lang='grc' dir='ltr'><em>ίίπροσῃέσαν,</em></span> <span class='ocrx_word' id='word_1_253' title='bbox 310 1428 399 1466; x_wconf 90' lang='grc' dir='ltr'>τότε.</span> <span class='ocrx_word' id='word_1_254' title='bbox 421 1428 472 1467; x_wconf 83' lang='grc' dir='ltr'><em>Τὸ</em></span> <span class='ocrx_word' id='word_1_255' title='bbox 492 1428 526 1467; x_wconf 80' lang='grc' dir='ltr'><em>δὲ</em></span> <span class='ocrx_word' id='word_1_256' title='bbox 553 1427 751 1478; x_wconf 80' lang='grc' dir='ltr'>θαυμαστὸν</span> <span class='ocrx_word' id='word_1_257' title='bbox 779 1432 838 1465; x_wconf 90' lang='grc' dir='ltr'><em>τοῦ</em></span> <span class='ocrx_word' id='word_1_258' title='bbox 865 1428 1077 1476; x_wconf 81' lang='grc' dir='ltr'>ἀνθυπάτου,</span> 
     </span>
     <span class='ocr_line' id='line_1_39' title="bbox 58 1488 1076 1542; baseline 0.001 -16"><span class='ocrx_word' id='word_1_259' title='bbox 58 1488 110 1526; x_wconf 81' lang='grc' dir='ltr'><em>ὅτι</em></span> <span class='ocrx_word' id='word_1_260' title='bbox 132 1489 190 1527; x_wconf 89' lang='grc' dir='ltr'><em>καὶ</em></span> <span class='ocrx_word' id='word_1_261' title='bbox 209 1490 554 1542; x_wconf 78' lang='grc' dir='ltr'>προκατειλημμένος</span> <span class='ocrx_word' id='word_1_262' title='bbox 573 1494 616 1542; x_wconf 74' lang='grc' dir='ltr'><em>τῇ</em></span> <span class='ocrx_word' id='word_1_263' title='bbox 638 1489 766 1542; x_wconf 76' lang='grc' dir='ltr'>μαγείᾳ</span> <span class='ocrx_word' id='word_1_264' title='bbox 785 1489 913 1528; x_wconf 78' lang='grc' dir='ltr'>ἐκείνου</span> <span class='ocrx_word' id='word_1_265' title='bbox 926 1518 936 1536; x_wconf 87' lang='grc'>,</span> <span class='ocrx_word' id='word_1_266' title='bbox 955 1490 1076 1536; x_wconf 80' lang='grc' dir='ltr'>ἤθελεν</span> 
     </span>
     <span class='ocr_line' id='line_1_40' title="bbox 59 1551 1076 1604; baseline 0.003 -18"><span class='ocrx_word' id='word_1_267' title='bbox 59 1551 204 1588; x_wconf 88' lang='grc' dir='ltr'>ἀκοῦσαι</span> <span class='ocrx_word' id='word_1_268' title='bbox 233 1554 301 1589; x_wconf 79' lang='grc' dir='ltr'><em>τῶν</em></span> <span class='ocrx_word' id='word_1_269' title='bbox 324 1552 538 1590; x_wconf 84' lang='grc' dir='ltr'>ἀποστόλων.</span> <span class='ocrx_word' id='word_1_270' title='bbox 568 1551 673 1589; x_wconf 80' lang='grc' dir='ltr'>Οὕτω</span> <span class='ocrx_word' id='word_1_271' title='bbox 706 1552 766 1589; x_wconf 83' lang='grc' dir='ltr'><em>καὶ</em></span> <span class='ocrx_word' id='word_1_272' title='bbox 796 1554 828 1589; x_wconf 86' lang='grc' dir='ltr'><em>οἱ</em></span> <span class='ocrx_word' id='word_1_273' title='bbox 855 1553 1076 1604; x_wconf 86' lang='grc' dir='ltr'>Σαμαρεῖται</span> 
     </span>
     <span class='ocr_line' id='line_1_41' title="bbox 57 1611 1076 1664; baseline 0.002 -16"><span class='ocrx_word' id='word_1_274' title='bbox 57 1611 223 1658; x_wconf 81' lang='grc' dir='ltr'>ἐποίησαν</span> <span class='ocrx_word' id='word_1_275' title='bbox 236 1626 244 1634; x_wconf 91' lang='grc'><em>·</em></span> <span class='ocrx_word' id='word_1_276' title='bbox 261 1612 320 1650; x_wconf 81' lang='grc' dir='ltr'><em>καὶ</em></span> <span class='ocrx_word' id='word_1_277' title='bbox 340 1612 409 1650; x_wconf 85' lang='grc' dir='ltr'><em>ἀπὸ</em></span> <span class='ocrx_word' id='word_1_278' title='bbox 430 1612 640 1663; x_wconf 81' lang='grc' dir='ltr'>συγκρίσεως</span> <span class='ocrx_word' id='word_1_279' title='bbox 659 1615 681 1658; x_wconf 78' lang='grc' dir='ltr'>ἦ</span> <span class='ocrx_word' id='word_1_280' title='bbox 709 1611 787 1658; x_wconf 85' lang='grc' dir='ltr'>νίκη</span> <span class='ocrx_word' id='word_1_281' title='bbox 816 1612 995 1664; x_wconf 77' lang='grc' dir='ltr'>φαίνεται,</span> <span class='ocrx_word' id='word_1_282' title='bbox 1013 1616 1076 1659; x_wconf 72' lang='grc' dir='ltr'><em>τῆς</em></span> 
     </span>
     <span class='ocr_line' id='line_1_42' title="bbox 59 1672 1073 1724; baseline 0.004 -17"><span class='ocrx_word' id='word_1_283' title='bbox 59 1672 205 1723; x_wconf 87' lang='grc' dir='ltr'>μαγείας</span> <span class='ocrx_word' id='word_1_284' title='bbox 230 1673 472 1723; x_wconf 78' lang='grc' dir='ltr'>ἁλισκομένης.</span> <span class='ocrx_word' id='word_1_285' title='bbox 506 1674 694 1724; x_wconf 88' lang='grc' dir='ltr'>Πανταχοῦ</span> <span class='ocrx_word' id='word_1_286' title='bbox 720 1676 741 1718; x_wconf 82' lang='grc' dir='ltr'>ἡ</span> <span class='ocrx_word' id='word_1_287' title='bbox 771 1672 945 1716; x_wconf 64' lang='grc' dir='ltr'>κενοδοξία</span> <span class='ocrx_word' id='word_1_288' title='bbox 971 1673 1030 1711; x_wconf 83' lang='grc' dir='ltr'><em>καὶ</em></span> <span class='ocrx_word' id='word_1_289' title='bbox 1051 1676 1073 1720; x_wconf 86' lang='grc' dir='ltr'>ἡ</span> 
     </span>
     <span class='ocr_line' id='line_1_43' title="bbox 56 1732 1072 1796; baseline 0.004 -28"><span class='ocrx_word' id='word_1_290' title='bbox 56 1732 253 1784; x_wconf 64' lang='grc' dir='ltr'>*φιλαρχία</span> <span class='ocrx_word' id='word_1_291' title='bbox 272 1733 380 1771; x_wconf 81' lang='grc' dir='ltr'>αἴτιαι</span> <span class='ocrx_word' id='word_1_292' title='bbox 396 1737 464 1771; x_wconf 86' lang='grc' dir='ltr'><em>τῶν</em></span> <span class='ocrx_word' id='word_1_293' title='bbox 480 1735 749 1776; x_wconf 80' lang='grc' dir='ltr'>κακῶν.Σαῦλος</span> <span class='ocrx_word' id='word_1_294' title='bbox 764 1732 798 1770; x_wconf 76' lang='grc' dir='ltr'><em>δὲ</em></span> <span class='ocrx_word' id='word_1_295' title='bbox 812 1736 829 1770; x_wconf 83' lang='grc' dir='ltr'>ὃ</span> <span class='ocrx_word' id='word_1_296' title='bbox 845 1733 902 1770; x_wconf 88' lang='grc' dir='ltr'><em>καὶ</em></span> <span class='ocrx_word' id='word_1_297' title='bbox 919 1735 1072 1796; x_wconf 63' lang='grc' dir='ltr'>Παῦλος,</span> 
     </span>
     <span class='ocr_line' id='line_1_44' title="bbox 55 1793 1074 1845; baseline 0.002 -16"><span class='ocrx_word' id='word_1_298' title='bbox 55 1793 221 1838; x_wconf 85' lang='grc' dir='ltr'>πλησθεὶς</span> <span class='ocrx_word' id='word_1_299' title='bbox 239 1793 444 1845; x_wconf 83' lang='grc' dir='ltr'>Πνεύματος</span> <span class='ocrx_word' id='word_1_300' title='bbox 463 1793 560 1845; x_wconf 82' lang='grc' dir='ltr'>ἁγίου</span> <span class='ocrx_word' id='word_1_301' title='bbox 574 1824 583 1841; x_wconf 91' lang='grc'>,</span> <span class='ocrx_word' id='word_1_302' title='bbox 608 1793 766 1836; x_wconf 85' lang='grc' dir='ltr'>ἀτενίσας</span> <span class='ocrx_word' id='word_1_303' title='bbox 785 1795 832 1837; x_wconf 88' lang='grc' dir='ltr'><em>εἷς</em></span> <span class='ocrx_word' id='word_1_304' title='bbox 847 1794 945 1831; x_wconf 76' lang='grc' dir='ltr'>αὐτὸν</span> <span class='ocrx_word' id='word_1_305' title='bbox 965 1798 1074 1831; x_wconf 81' lang='grc' dir='ltr'>εἶπεν·</span> 
     </span>
     <span class='ocr_line' id='line_1_45' title="bbox 51 1851 1074 1907; baseline 0.003 -18"><span class='ocrx_word' id='word_1_306' title='bbox 51 1851 80 1889; x_wconf 84' lang='grc' dir='ltr'>ὢ</span> <span class='ocrx_word' id='word_1_307' title='bbox 107 1852 244 1906; x_wconf 84' lang='grc' dir='ltr'>πλήρης</span> <span class='ocrx_word' id='word_1_308' title='bbox 271 1854 400 1897; x_wconf 80' lang='grc' dir='ltr'>παντὸς</span> <span class='ocrx_word' id='word_1_309' title='bbox 425 1854 524 1892; x_wconf 86' lang='grc' dir='ltr'>δόλου</span> <span class='ocrx_word' id='word_1_310' title='bbox 554 1854 613 1891; x_wconf 79' lang='grc' dir='ltr'><em>καὶ</em></span> <span class='ocrx_word' id='word_1_311' title='bbox 640 1854 756 1902; x_wconf 87' lang='grc' dir='ltr'>πάσης</span> <span class='ocrx_word' id='word_1_312' title='bbox 783 1854 1003 1907; x_wconf 79' lang='grc' dir='ltr'>ῥᾳδουργίας,</span> <span class='ocrx_word' id='word_1_313' title='bbox 1022 1854 1074 1893; x_wconf 80' lang='grc' dir='ltr'><em>υἱὲ</em></span> 
     </span>
     <span class='ocr_line' id='line_1_46' title="bbox 52 1912 1072 1967; baseline 0.004 -18"><span class='ocrx_word' id='word_1_314' title='bbox 52 1912 231 1963; x_wconf 70' lang='grc' dir='ltr'>διαὸόλου,</span> <span class='ocrx_word' id='word_1_315' title='bbox 252 1915 353 1967; x_wconf 79' lang='grc' dir='ltr'>ἐχθρὲ</span> <span class='ocrx_word' id='word_1_316' title='bbox 377 1915 492 1963; x_wconf 86' lang='grc' dir='ltr'>πάσης</span> <span class='ocrx_word' id='word_1_317' title='bbox 519 1915 758 1963; x_wconf 79' lang='grc' dir='ltr'>δικαιοσύνης,</span> <span class='ocrx_word' id='word_1_318' title='bbox 784 1917 821 1952; x_wconf 79' lang='grc' dir='ltr'><em>οὔ</em></span> <span class='ocrx_word' id='word_1_319' title='bbox 844 1917 962 1967; x_wconf 86' lang='grc' dir='ltr'>παύσῃ</span> <span class='ocrx_word' id='word_1_320' title='bbox 993 1917 1072 1953; x_wconf 85' lang='grc' dir='ltr'>δια-</span> 
     </span>
     <span class='ocr_line' id='line_1_47' title="bbox 51 1973 1072 2027; baseline 0.003 -16"><span class='ocrx_word' id='word_1_321' title='bbox 51 1973 207 2025; x_wconf 78' lang='grc' dir='ltr'>στρέφων</span> <span class='ocrx_word' id='word_1_322' title='bbox 227 1974 289 2019; x_wconf 80' lang='grc' dir='ltr'><em>τὰς</em></span> <span class='ocrx_word' id='word_1_323' title='bbox 306 1975 402 2019; x_wconf 76' lang='grc' dir='ltr'>ὁδοὺς</span> <span class='ocrx_word' id='word_1_324' title='bbox 425 1976 554 2027; x_wconf 87' lang='grc' dir='ltr'>Κυρίου</span> <span class='ocrx_word' id='word_1_325' title='bbox 573 1976 636 2020; x_wconf 84' lang='grc' dir='ltr'><em>τὰς</em></span> <span class='ocrx_word' id='word_1_326' title='bbox 656 1976 803 2024; x_wconf 73' lang='grc' dir='ltr'>εὐθείας,</span> <span class='ocrx_word' id='word_1_327' title='bbox 831 1977 901 2014; x_wconf 81' lang='grc' dir='ltr'><em>Καὶ</em></span> <span class='ocrx_word' id='word_1_328' title='bbox 922 1980 981 2014; x_wconf 87' lang='grc' dir='ltr'><em>νῦν</em></span> <span class='ocrx_word' id='word_1_329' title='bbox 1001 1975 1072 2015; x_wconf 76' lang='grc' dir='ltr'>ἰδοὺ</span> 
     </span>
     <span class='ocr_line' id='line_1_48' title="bbox 49 2034 1072 2089; baseline 0.003 -17"><span class='ocrx_word' id='word_1_330' title='bbox 49 2034 127 2086; x_wconf 80' lang='grc' dir='ltr'>χεὶρ</span> <span class='ocrx_word' id='word_1_331' title='bbox 145 2035 272 2088; x_wconf 89' lang='grc' dir='ltr'>Κυρίου</span> <span class='ocrx_word' id='word_1_332' title='bbox 295 2037 351 2074; x_wconf 81' lang='grc' dir='ltr'><em>ἐπὶ</em></span> <span class='ocrx_word' id='word_1_333' title='bbox 372 2036 429 2084; x_wconf 83' lang='grc' dir='ltr'><em>σὲ,</em></span> <span class='ocrx_word' id='word_1_334' title='bbox 450 2037 508 2074; x_wconf 88' lang='grc' dir='ltr'><em>καὶ</em></span> <span class='ocrx_word' id='word_1_335' title='bbox 530 2036 591 2088; x_wconf 81' lang='grc' dir='ltr'><em>ἔσῃ</em></span> <span class='ocrx_word' id='word_1_336' title='bbox 613 2037 757 2089; x_wconf 73' lang='grc' dir='ltr'>τυφλὸς,</span> <span class='ocrx_word' id='word_1_337' title='bbox 783 2036 830 2088; x_wconf 83' lang='grc' dir='ltr'>μὴ</span> <span class='ocrx_word' id='word_1_338' title='bbox 854 2038 990 2088; x_wconf 82' lang='grc' dir='ltr'>βλέπων</span> <span class='ocrx_word' id='word_1_339' title='bbox 1013 2037 1072 2076; x_wconf 81' lang='grc' dir='ltr'><em>τὸν</em></span> 
     </span>
     <span class='ocr_line' id='line_1_49' title="bbox 49 2093 1071 2149; baseline 0.005 -19"><span class='ocrx_word' id='word_1_340' title='bbox 49 2093 147 2139; x_wconf 78' lang='grc' dir='ltr'>ἥλιον</span> <span class='ocrx_word' id='word_1_341' title='bbox 164 2095 247 2146; x_wconf 80' lang='grc' dir='ltr'>ἄχρι</span> <span class='ocrx_word' id='word_1_342' title='bbox 267 2102 398 2149; x_wconf 89' lang='grc' dir='ltr'>καιροῦ.</span> <span class='ocrx_word' id='word_1_343' title='bbox 425 2097 597 2135; x_wconf 84' lang='grc' dir='ltr'>Ἐνταῦθα</span> <span class='ocrx_word' id='word_1_344' title='bbox 616 2097 654 2134; x_wconf 81' lang='grc' dir='ltr'><em>τὸ</em></span> <span class='ocrx_word' id='word_1_345' title='bbox 675 2097 784 2147; x_wconf 82' lang='grc' dir='ltr'>ὄνομα</span> <span class='ocrx_word' id='word_1_346' title='bbox 806 2098 910 2136; x_wconf 76' lang='grc' dir='ltr'>αὐτοῦ</span> <span class='ocrx_word' id='word_1_347' title='bbox 927 2098 1071 2148; x_wconf 69' lang='grc' dir='ltr'>ἀμείὸε-</span> 
     </span>
     <span class='ocr_line' id='line_1_50' title="bbox 48 2155 1068 2211; baseline 0.004 -20"><span class='ocrx_word' id='word_1_348' title='bbox 48 2169 105 2191; x_wconf 90' lang='grc' dir='ltr'><em>ται</em></span> <span class='ocrx_word' id='word_1_349' title='bbox 126 2155 214 2205; x_wconf 86' lang='grc' dir='ltr'>μετὰ</span> <span class='ocrx_word' id='word_1_350' title='bbox 242 2158 304 2202; x_wconf 77' lang='grc' dir='ltr'><em>τῆς</em></span> <span class='ocrx_word' id='word_1_351' title='bbox 331 2157 543 2208; x_wconf 78' lang='grc' dir='ltr'>χειροτονίας</span> <span class='ocrx_word' id='word_1_352' title='bbox 556 2185 566 2202; x_wconf 91' lang='grc'>,</span> <span class='ocrx_word' id='word_1_353' title='bbox 586 2157 670 2210; x_wconf 77' lang='grc' dir='ltr'>ὅπερ</span> <span class='ocrx_word' id='word_1_354' title='bbox 699 2157 758 2194; x_wconf 82' lang='grc' dir='ltr'><em>καὶ</em></span> <span class='ocrx_word' id='word_1_355' title='bbox 778 2157 835 2195; x_wconf 80' lang='grc' dir='ltr'><em>ἐπὶ</em></span> <span class='ocrx_word' id='word_1_356' title='bbox 853 2163 913 2196; x_wconf 87' lang='grc' dir='ltr'><em>τοῦ</em></span> <span class='ocrx_word' id='word_1_357' title='bbox 932 2158 1068 2211; x_wconf 81' lang='grc' dir='ltr'>Πέτρου</span> 
     </span>
     <span class='ocr_line' id='line_1_51' title="bbox 46 2215 1066 2270; baseline 0.005 -18"><span class='ocrx_word' id='word_1_358' title='bbox 46 2215 240 2265; x_wconf 81' lang='grc' dir='ltr'>γεγένηται.</span> <span class='ocrx_word' id='word_1_359' title='bbox 270 2217 341 2255; x_wconf 88' lang='grc' dir='ltr'><em>Καὶ</em></span> <span class='ocrx_word' id='word_1_360' title='bbox 367 2217 453 2269; x_wconf 77' lang='grc' dir='ltr'>ὅρα,</span> <span class='ocrx_word' id='word_1_361' title='bbox 493 2219 558 2269; x_wconf 77' lang='grc' dir='ltr'><em>οὐχ</em></span> <span class='ocrx_word' id='word_1_362' title='bbox 591 2217 688 2270; x_wconf 69' lang='grc' dir='ltr'>ὕὸρις</span> <span class='ocrx_word' id='word_1_363' title='bbox 718 2217 757 2255; x_wconf 85' lang='grc' dir='ltr'><em>τὸ</em></span> <span class='ocrx_word' id='word_1_364' title='bbox 785 2218 933 2269; x_wconf 82' lang='grc' dir='ltr'>πρᾶγμά</span> <span class='ocrx_word' id='word_1_365' title='bbox 961 2221 1066 2267; x_wconf 82' lang='grc' dir='ltr'>ἐστιν,</span> 
     </span>
     <span class='ocr_line' id='line_1_52' title="bbox 48 2275 1067 2332; baseline 0.008 -21"><span class='ocrx_word' id='word_1_366' title='bbox 48 2275 136 2313; x_wconf 89' lang='grc' dir='ltr'>ἀλλὰ</span> <span class='ocrx_word' id='word_1_367' title='bbox 151 2277 377 2325; x_wconf 84' lang='grc' dir='ltr'>κατάπληξις.</span> <span class='ocrx_word' id='word_1_368' title='bbox 393 2278 482 2322; x_wconf 79' lang='grc' dir='ltr'>Τοὺς</span> <span class='ocrx_word' id='word_1_369' title='bbox 496 2279 562 2330; x_wconf 89' lang='grc' dir='ltr'><em>γὰρ</em></span> <span class='ocrx_word' id='word_1_370' title='bbox 581 2277 723 2329; x_wconf 78' lang='grc' dir='ltr'>ἰταμοὺς</span> <span class='ocrx_word' id='word_1_371' title='bbox 739 2279 798 2317; x_wconf 86' lang='grc' dir='ltr'><em>καὶ</em></span> <span class='ocrx_word' id='word_1_372' title='bbox 818 2280 1067 2332; x_wconf 75' lang='grc' dir='ltr'>ἀναισχύντους</span> 
     </span>
     <span class='ocr_line' id='line_1_53' title="bbox 45 2335 1062 2394; baseline 0.007 -21"><span class='ocrx_word' id='word_1_373' title='bbox 45 2335 134 2374; x_wconf 70' lang='grc' dir='ltr'>οὕτω</span> <span class='ocrx_word' id='word_1_374' title='bbox 155 2338 205 2374; x_wconf 88' lang='grc' dir='ltr'><em>δεῖ</em></span> <span class='ocrx_word' id='word_1_375' title='bbox 225 2339 542 2386; x_wconf 87' lang='grc' dir='ltr'>καταπλήττεσθαι.</span> <span class='ocrx_word' id='word_1_376' title='bbox 556 2338 607 2378; x_wconf 69' lang='grc' dir='ltr'><em>’Ὼ</em></span> <span class='ocrx_word' id='word_1_377' title='bbox 637 2340 775 2392; x_wconf 81' lang='grc' dir='ltr'>πλήρης</span> <span class='ocrx_word' id='word_1_378' title='bbox 794 2341 920 2386; x_wconf 83' lang='grc' dir='ltr'>παντὸς</span> <span class='ocrx_word' id='word_1_379' title='bbox 940 2343 1062 2394; x_wconf 87' lang='grc' dir='ltr'>δόλου,</span> 
     </span>
     <span class='ocr_line' id='line_1_54' title="bbox 44 2397 1064 2456; baseline 0.006 -20"><span class='ocrx_word' id='word_1_380' title='bbox 44 2397 149 2448; x_wconf 82' lang='grc' dir='ltr'>φησὶ,</span> <span class='ocrx_word' id='word_1_381' title='bbox 174 2398 234 2436; x_wconf 80' lang='grc' dir='ltr'><em>καὶ</em></span> <span class='ocrx_word' id='word_1_382' title='bbox 254 2400 370 2447; x_wconf 90' lang='grc' dir='ltr'>πάσης</span> <span class='ocrx_word' id='word_1_383' title='bbox 400 2400 636 2454; x_wconf 66' lang='grc' dir='ltr'>ῥᾳδιουργίας,</span> <span class='ocrx_word' id='word_1_384' title='bbox 664 2403 715 2440; x_wconf 83' lang='grc' dir='ltr'><em>υἱὲ</em></span> <span class='ocrx_word' id='word_1_385' title='bbox 743 2402 929 2449; x_wconf 63' lang='grc' dir='ltr'>διαέόλου,</span> <span class='ocrx_word' id='word_1_386' title='bbox 960 2404 1064 2456; x_wconf 78' lang='grc' dir='ltr'>ἐχθρὲ</span> 
     </span>
     <span class='ocr_line' id='line_1_55' title="bbox 41 2456 1063 2508; baseline 0.008 -13"><span class='ocrx_word' id='word_1_387' title='bbox 41 2456 157 2504; x_wconf 84' lang='grc' dir='ltr'>πάσης</span> <span class='ocrx_word' id='word_1_388' title='bbox 186 2460 416 2508; x_wconf 83' lang='grc' dir='ltr'>δικαιοσύνης.</span> <span class='ocrx_word' id='word_1_389' title='bbox 436 2461 608 2500; x_wconf 81' lang='grc' dir='ltr'>Ἐνταῦθα</span> <span class='ocrx_word' id='word_1_390' title='bbox 629 2464 734 2501; x_wconf 81' lang='grc' dir='ltr'>αὐτοῦ</span> <span class='ocrx_word' id='word_1_391' title='bbox 761 2463 1000 2503; x_wconf 81' lang='grc' dir='ltr'>ἀποκαλύπτει</span> <span class='ocrx_word' id='word_1_392' title='bbox 1019 2465 1063 2503; x_wconf 88' lang='grc' dir='ltr'><em>τὰ</em></span> 
     </span>
     <span class='ocr_line' id='line_1_56' title="bbox 43 2518 1061 2576; baseline 0.012 -23"><span class='ocrx_word' id='word_1_393' title='bbox 43 2518 77 2553; x_wconf 85' lang='grc' dir='ltr'>ἐν</span> <span class='ocrx_word' id='word_1_394' title='bbox 97 2521 140 2569; x_wconf 78' lang='grc' dir='ltr'><em>τῇ</em></span> <span class='ocrx_word' id='word_1_395' title='bbox 161 2520 311 2572; x_wconf 82' lang='grc' dir='ltr'>διανοίᾳ,</span> <span class='ocrx_word' id='word_1_396' title='bbox 338 2522 564 2573; x_wconf 77' lang='grc' dir='ltr'>προσχήματι</span> <span class='ocrx_word' id='word_1_397' title='bbox 584 2523 759 2576; x_wconf 82' lang='grc' dir='ltr'>σωτηρίας</span> <span class='ocrx_word' id='word_1_398' title='bbox 789 2526 975 2564; x_wconf 85' lang='grc' dir='ltr'>ἀπολλύντι</span> <span class='ocrx_word' id='word_1_399' title='bbox 1003 2527 1061 2565; x_wconf 86' lang='grc' dir='ltr'><em>τὸν</em></span> 
     </span>
     <span class='ocr_line' id='line_1_57' title="bbox 43 2578 1062 2640; baseline 0.012 -25"><span class='ocrx_word' id='word_1_400' title='bbox 43 2578 248 2619; x_wconf 83' lang='grc' dir='ltr'>ἀνθύπατον.</span> <span class='ocrx_word' id='word_1_401' title='bbox 275 2584 328 2619; x_wconf 82' lang='grc' dir='ltr'><em>Οὐ</em></span> <span class='ocrx_word' id='word_1_402' title='bbox 357 2583 474 2635; x_wconf 84' lang='grc' dir='ltr'>παύσῃ</span> <span class='ocrx_word' id='word_1_403' title='bbox 487 2613 496 2630; x_wconf 95' lang='grc'>,</span> <span class='ocrx_word' id='word_1_404' title='bbox 517 2585 624 2636; x_wconf 78' lang='grc' dir='ltr'>φησὶ,</span> <span class='ocrx_word' id='word_1_405' title='bbox 644 2586 858 2640; x_wconf 78' lang='grc' dir='ltr'>διαστρέφων</span> <span class='ocrx_word' id='word_1_406' title='bbox 878 2587 939 2632; x_wconf 82' lang='grc' dir='ltr'><em>τὰς</em></span> <span class='ocrx_word' id='word_1_407' title='bbox 966 2588 1062 2632; x_wconf 77' lang='grc' dir='ltr'>ὁδοὺς</span> 
     </span>
     <span class='ocr_line' id='line_1_58' title="bbox 41 2640 1060 2702; baseline 0.013 -26"><span class='ocrx_word' id='word_1_408' title='bbox 41 2640 193 2691; x_wconf 80' lang='grc' dir='ltr'>Κυρίου;</span> <span class='ocrx_word' id='word_1_409' title='bbox 215 2642 284 2679; x_wconf 85' lang='grc' dir='ltr'><em>Καὶ</em></span> <span class='ocrx_word' id='word_1_410' title='bbox 310 2641 533 2692; x_wconf 82' lang='grc' dir='ltr'>ἀξιοπίστως,</span> <span class='ocrx_word' id='word_1_411' title='bbox 549 2648 614 2697; x_wconf 80' lang='grc' dir='ltr'><em>οὐχ</em></span> <span class='ocrx_word' id='word_1_412' title='bbox 628 2651 712 2697; x_wconf 74' lang='grc' dir='ltr'>ἡμῖν</span> <span class='ocrx_word' id='word_1_413' title='bbox 738 2651 923 2699; x_wconf 85' lang='grc' dir='ltr'>πολεμεῖς,</span> <span class='ocrx_word' id='word_1_414' title='bbox 942 2650 1060 2702; x_wconf 79' lang='grc' dir='ltr'>φησὶν,</span> 
     </span>
     <span class='ocr_line' id='line_1_59' title="bbox 41 2700 1060 2762; baseline 0.014 -26"><span class='ocrx_word' id='word_1_415' title='bbox 41 2700 115 2736; x_wconf 80' lang='grc' dir='ltr'>οὐδὲ</span> <span class='ocrx_word' id='word_1_416' title='bbox 136 2701 234 2754; x_wconf 89' lang='grc' dir='ltr'>μάχῃ</span> <span class='ocrx_word' id='word_1_417' title='bbox 249 2733 258 2750; x_wconf 94' lang='grc'>,</span> <span class='ocrx_word' id='word_1_418' title='bbox 280 2703 369 2741; x_wconf 84' lang='grc' dir='ltr'>ἀλλὰ</span> <span class='ocrx_word' id='word_1_419' title='bbox 392 2704 454 2748; x_wconf 88' lang='grc' dir='ltr'><em>τὰς</em></span> <span class='ocrx_word' id='word_1_420' title='bbox 479 2705 575 2750; x_wconf 76' lang='grc' dir='ltr'>ὁδοὺς</span> <span class='ocrx_word' id='word_1_421' title='bbox 601 2707 729 2758; x_wconf 88' lang='grc' dir='ltr'>Κυρίου</span> <span class='ocrx_word' id='word_1_422' title='bbox 751 2710 965 2762; x_wconf 75' lang='grc' dir='ltr'>διαστρέφεις</span> <span class='ocrx_word' id='word_1_423' title='bbox 999 2712 1060 2755; x_wconf 89' lang='grc' dir='ltr'><em>τὰς</em></span> 
     </span>
     <span class='ocr_line' id='line_1_60' title="bbox 39 2761 1057 2824; baseline 0.013 -27"><span class='ocrx_word' id='word_1_424' title='bbox 39 2761 193 2808; x_wconf 78' lang='grc' dir='ltr'>εὐθείας,</span> <span class='ocrx_word' id='word_1_425' title='bbox 213 2763 271 2801; x_wconf 81' lang='grc' dir='ltr'><em>καὶ</em></span> <span class='ocrx_word' id='word_1_426' title='bbox 288 2766 362 2815; x_wconf 86' lang='grc' dir='ltr'>μετ’</span> <span class='ocrx_word' id='word_1_427' title='bbox 382 2766 568 2816; x_wconf 82' lang='grc' dir='ltr'>ἐγκωμίου.</span> <span class='ocrx_word' id='word_1_428' title='bbox 583 2768 653 2806; x_wconf 83' lang='grc' dir='ltr'><em>Καὶ</em></span> <span class='ocrx_word' id='word_1_429' title='bbox 670 2774 726 2807; x_wconf 89' lang='grc' dir='ltr'><em>νῦν</em></span> <span class='ocrx_word' id='word_1_430' title='bbox 746 2770 817 2809; x_wconf 74' lang='grc' dir='ltr'>ἰδοὺ</span> <span class='ocrx_word' id='word_1_431' title='bbox 832 2770 909 2824; x_wconf 80' lang='grc' dir='ltr'>χεὶρ</span> <span class='ocrx_word' id='word_1_432' title='bbox 928 2772 1057 2824; x_wconf 87' lang='grc' dir='ltr'>Κυρίου</span> 
     </span>
     <span class='ocr_line' id='line_1_61' title="bbox 37 2819 1056 2885; baseline 0.013 -27"><span class='ocrx_word' id='word_1_433' title='bbox 37 2819 94 2857; x_wconf 82' lang='grc' dir='ltr'><em>ἐπὶ</em></span> <span class='ocrx_word' id='word_1_434' title='bbox 109 2821 147 2859; x_wconf 81' lang='grc' dir='ltr'><em>σὲ</em></span> <span class='ocrx_word' id='word_1_435' title='bbox 160 2849 170 2867; x_wconf 86' lang='grc'>,</span> <span class='ocrx_word' id='word_1_436' title='bbox 191 2823 250 2861; x_wconf 86' lang='grc' dir='ltr'><em>καὶ</em></span> <span class='ocrx_word' id='word_1_437' title='bbox 270 2824 331 2875; x_wconf 83' lang='grc' dir='ltr'><em>ἔσῃ</em></span> <span class='ocrx_word' id='word_1_438' title='bbox 358 2826 496 2878; x_wconf 60' lang='grc' dir='ltr'>τυφλός.</span> <span class='ocrx_word' id='word_1_439' title='bbox 519 2821 569 2882; x_wconf 62' lang='grc' dir='ltr'><em>ῗῼ.</em></span> <span class='ocrx_word' id='word_1_440' title='bbox 587 2829 686 2872; x_wconf 79' lang='grc' dir='ltr'>αὐτὸς</span> <span class='ocrx_word' id='word_1_441' title='bbox 701 2831 882 2883; x_wconf 89' lang='grc' dir='ltr'>προσήχθη</span> <span class='ocrx_word' id='word_1_442' title='bbox 904 2833 1056 2885; x_wconf 81' lang='grc' dir='ltr'>σημείῳ,</span> 
     </span>
     <span class='ocr_line' id='line_1_62' title="bbox 35 2880 1056 2943; baseline 0.014 -25"><span class='ocrx_word' id='word_1_443' title='bbox 35 2880 148 2934; x_wconf 86' lang='grc' dir='ltr'>τούτῳ</span> <span class='ocrx_word' id='word_1_444' title='bbox 177 2883 236 2921; x_wconf 85' lang='grc' dir='ltr'><em>καὶ</em></span> <span class='ocrx_word' id='word_1_445' title='bbox 269 2889 386 2923; x_wconf 84' lang='grc' dir='ltr'>τοῦτον</span> <span class='ocrx_word' id='word_1_446' title='bbox 416 2886 593 2935; x_wconf 68' lang='grc' dir='ltr'>ἠὸουλήθη</span> <span class='ocrx_word' id='word_1_447' title='bbox 623 2898 872 2943; x_wconf 84' lang='grc' dir='ltr'>προσαγαγεῖν.</span> <span class='ocrx_word' id='word_1_448' title='bbox 908 2894 978 2932; x_wconf 80' lang='grc' dir='ltr'><em>Καὶ</em></span> <span class='ocrx_word' id='word_1_449' title='bbox 996 2895 1056 2941; x_wconf 87' lang='grc' dir='ltr'><em>τὸ,</em></span> 
     </span>
     <span class='ocr_line' id='line_1_63' title="bbox 35 2940 1056 3006; baseline 0.015 -27"><span class='ocrx_word' id='word_1_450' title='bbox 35 2940 136 2994; x_wconf 85' lang='grc' dir='ltr'>Ἄχρι</span> <span class='ocrx_word' id='word_1_451' title='bbox 164 2950 284 2997; x_wconf 79' lang='grc' dir='ltr'>καιροῦ</span> <span class='ocrx_word' id='word_1_452' title='bbox 319 2946 377 2995; x_wconf 72' lang='grc' dir='ltr'>δὲ,</span> <span class='ocrx_word' id='word_1_453' title='bbox 407 2950 443 2985; x_wconf 81' lang='grc' dir='ltr'><em>οὐ</em></span> <span class='ocrx_word' id='word_1_454' title='bbox 470 2949 672 2994; x_wconf 88' lang='grc' dir='ltr'>κολάζοντος</span> <span class='ocrx_word' id='word_1_455' title='bbox 699 2946 739 2998; x_wconf 69' lang='grc' dir='ltr'>ἦν</span> <span class='ocrx_word' id='word_1_456' title='bbox 770 2954 808 2991; x_wconf 86' lang='grc' dir='ltr'><em>τὸ</em></span> <span class='ocrx_word' id='word_1_457' title='bbox 839 2957 952 3006; x_wconf 72' lang='grc' dir='ltr'>ῥῆμα,</span> <span class='ocrx_word' id='word_1_458' title='bbox 980 2958 1056 2994; x_wconf 82' lang='grc' dir='ltr'>ἀλλ’</span> 
     </span>
     <span class='ocr_line' id='line_1_64' title="bbox 39 3004 1053 3062; baseline 0.017 -23"><span class='ocrx_word' id='word_1_459' title='bbox 39 3004 311 3056; x_wconf 80' lang='grc' dir='ltr'>ἐπιστρέφοντος.</span> <span class='ocrx_word' id='word_1_460' title='bbox 340 3009 384 3045; x_wconf 87' lang='grc' dir='ltr'><em>Εἰ</em></span> <span class='ocrx_word' id='word_1_461' title='bbox 404 3009 471 3060; x_wconf 87' lang='grc' dir='ltr'><em>γὰρ</em></span> <span class='ocrx_word' id='word_1_462' title='bbox 494 3010 695 3054; x_wconf 85' lang='grc' dir='ltr'>κολάζοντος</span> <span class='ocrx_word' id='word_1_463' title='bbox 719 3006 775 3062; x_wconf 68' lang='grc' dir='ltr'><em>ἦν,</em></span> <span class='ocrx_word' id='word_1_464' title='bbox 798 3015 981 3059; x_wconf 84' lang='grc' dir='ltr'>διαπαντὸς</span> <span class='ocrx_word' id='word_1_465' title='bbox 1014 3018 1053 3055; x_wconf 79' lang='grc' dir='ltr'>ἂν</span> 
     </span>
     <span class='ocr_line' id='line_1_65' title="bbox 37 3063 1055 3130; baseline 0.017 -31"><span class='ocrx_word' id='word_1_466' title='bbox 37 3063 136 3100; x_wconf 81' lang='grc' dir='ltr'>αὐτὸν</span> <span class='ocrx_word' id='word_1_467' title='bbox 161 3066 303 3113; x_wconf 82' lang='grc' dir='ltr'>ἐποίησε</span> <span class='ocrx_word' id='word_1_468' title='bbox 322 3069 466 3120; x_wconf 73' lang='grc' dir='ltr'>τυφλόν·</span> <span class='ocrx_word' id='word_1_469' title='bbox 494 3077 552 3110; x_wconf 88' lang='grc' dir='ltr'><em>νῦν</em></span> <span class='ocrx_word' id='word_1_470' title='bbox 583 3073 617 3111; x_wconf 80' lang='grc' dir='ltr'><em>δὲ</em></span> <span class='ocrx_word' id='word_1_471' title='bbox 644 3075 681 3111; x_wconf 77' lang='grc' dir='ltr'><em>οὗ</em></span> <span class='ocrx_word' id='word_1_472' title='bbox 707 3079 825 3124; x_wconf 86' lang='grc' dir='ltr'>τοῦτο,</span> <span class='ocrx_word' id='word_1_473' title='bbox 857 3076 946 3114; x_wconf 81' lang='grc' dir='ltr'>ἀλλὰ</span> <span class='ocrx_word' id='word_1_474' title='bbox 970 3079 1055 3130; x_wconf 84' lang='grc' dir='ltr'>πρὸς</span> 
     </span>
     <span class='ocr_line' id='line_1_66' title="bbox 35 3125 1052 3189; baseline 0.017 -29"><span class='ocrx_word' id='word_1_475' title='bbox 35 3125 166 3176; x_wconf 80' lang='grc' dir='ltr'>καιρὸν,</span> <span class='ocrx_word' id='word_1_476' title='bbox 191 3125 247 3164; x_wconf 81' lang='grc' dir='ltr'><em>ἵνα</em></span> <span class='ocrx_word' id='word_1_477' title='bbox 268 3128 324 3166; x_wconf 84' lang='grc' dir='ltr'><em>τὸν</em></span> <span class='ocrx_word' id='word_1_478' title='bbox 346 3129 538 3169; x_wconf 80' lang='grc' dir='ltr'>ἀνθύπατον</span> <span class='ocrx_word' id='word_1_479' title='bbox 570 3135 730 3186; x_wconf 85' lang='grc' dir='ltr'>κερδάνῃ,</span> <span class='ocrx_word' id='word_1_480' title='bbox 765 3138 995 3189; x_wconf 75' lang='grc' dir='ltr'>Παραχρῆμα</span> <span class='ocrx_word' id='word_1_481' title='bbox 1017 3139 1052 3176; x_wconf 77' lang='grc' dir='ltr'><em>δὲ</em></span> 
     </span>
     <span class='ocr_line' id='line_1_67' title="bbox 35 3186 1050 3251; baseline 0.016 -29"><span class='ocrx_word' id='word_1_482' title='bbox 35 3186 201 3225; x_wconf 80' lang='grc' dir='ltr'>ἐπέπεσεν</span> <span class='ocrx_word' id='word_1_483' title='bbox 223 3189 276 3226; x_wconf 83' lang='grc' dir='ltr'><em>ἐπ’</em></span> <span class='ocrx_word' id='word_1_484' title='bbox 300 3190 399 3228; x_wconf 82' lang='grc' dir='ltr'>αὐτὸν</span> <span class='ocrx_word' id='word_1_485' title='bbox 424 3192 531 3244; x_wconf 72' lang='grc' dir='ltr'>ἀχλὺς</span> <span class='ocrx_word' id='word_1_486' title='bbox 553 3195 611 3233; x_wconf 83' lang='grc' dir='ltr'><em>καὶ</em></span> <span class='ocrx_word' id='word_1_487' title='bbox 637 3196 776 3245; x_wconf 86' lang='grc' dir='ltr'>σκότος,</span> <span class='ocrx_word' id='word_1_488' title='bbox 798 3198 857 3236; x_wconf 85' lang='grc' dir='ltr'><em>καὶ</em></span> <span class='ocrx_word' id='word_1_489' title='bbox 876 3200 1050 3251; x_wconf 87' lang='grc' dir='ltr'>περιάγων</span> 
     </span>
    </p>
   </div>
   <div class='ocr_carea' id='block_1_9' title="bbox 36 3324 1039 3419">
    <p class='ocr_par' dir='ltr' id='par_1_9' title="bbox 36 3324 1039 3419">
     <span class='ocr_line' id='line_1_68' title="bbox 80 3324 1039 3376; baseline -0.016 0"><span class='ocrx_word' id='word_1_490' title='bbox 80 3325 97 3348; x_wconf 70' lang='lat' dir='ltr'><strong>b</strong></span> <span class='ocrx_word' id='word_1_491' title='bbox 114 3324 173 3356; x_wconf 57' lang='lat' dir='ltr'><em>Alii</em></span> <span class='ocrx_word' id='word_1_492' title='bbox 187 3330 309 3363; x_wconf 54' lang='lat' dir='ltr'><em>&amp;zei-2025</em></span> <span class='ocrx_word' id='word_1_493' title='bbox 326 3330 374 3360; x_wconf 65' lang='grc' dir='ltr'>οὒκ</span> <span class='ocrx_word' id='word_1_494' title='bbox 390 3331 521 3363; x_wconf 56' lang='grc' dir='ltr'>ἐλάλοιν.</span> <span class='ocrx_word' id='word_1_495' title='bbox 539 3331 651 3373; x_wconf 79' lang='lat' dir='ltr'><em>[Infra</em></span> <span class='ocrx_word' id='word_1_496' title='bbox 669 3334 744 3366; x_wconf 85' lang='lat' dir='ltr'><em>Mss.</em></span> <span class='ocrx_word' id='word_1_497' title='bbox 766 3345 879 3367; x_wconf 84' lang='lat' dir='ltr'><em>omnes</em></span> <span class='ocrx_word' id='word_1_498' title='bbox 894 3340 1039 3376; x_wconf 58' lang='grc' dir='ltr'>ἐπεζήτη-</span> 
     </span>
     <span class='ocr_line' id='line_1_69' title="bbox 36 3375 383 3419; baseline -0.032 -9"><span class='ocrx_word' id='word_1_499' title='bbox 36 3391 92 3410; x_wconf 79' lang='grc' dir='ltr'>σεν.</span> <span class='ocrx_word' id='word_1_500' title='bbox 112 3375 198 3409; x_wconf 82' lang='lat' dir='ltr'><em>Editi</em></span> <span class='ocrx_word' id='word_1_501' title='bbox 215 3380 383 3419; x_wconf 36' lang='lat' dir='ltr'><em>&amp;qk-nvm]</em></span> 
     </span>
    </p>
   </div>
   <div class='ocr_carea' id='block_1_10' title="bbox 1096 1307 2141 2770">
    <p class='ocr_par' dir='ltr' id='par_1_10' title="bbox 1104 1307 2141 2099">
     <span class='ocr_line' id='line_1_70' title="bbox 1104 1307 2139 1371; baseline 0.016 -27"><span class='ocrx_word' id='word_1_502' title='bbox 1104 1308 1126 1336; x_wconf 77' lang='grc' dir='ltr'>Α</span> <span class='ocrx_word' id='word_1_503' title='bbox 1150 1307 1249 1347; x_wconf 80' lang='lat' dir='ltr'><em>daeus</em></span> <span class='ocrx_word' id='word_1_504' title='bbox 1268 1310 1358 1349; x_wconf 84' lang='lat' dir='ltr'><em>sicut</em></span> <span class='ocrx_word' id='word_1_505' title='bbox 1377 1313 1514 1352; x_wconf 87' lang='lat' dir='ltr'><em>Simon.</em></span> <span class='ocrx_word' id='word_1_506' title='bbox 1532 1315 1580 1353; x_wconf 91' lang='lat' dir='ltr'><em>Et</em></span> <span class='ocrx_word' id='word_1_507' title='bbox 1599 1316 1781 1355; x_wconf 83' lang='lat' dir='ltr'><em>considera</em></span> <span class='ocrx_word' id='word_1_508' title='bbox 1800 1319 1930 1371; x_wconf 88' lang='lat' dir='ltr'><em>ipsum,</em></span> <span class='ocrx_word' id='word_1_509' title='bbox 1951 1320 2039 1359; x_wconf 84' lang='lat' dir='ltr'><em>dum</em></span> <span class='ocrx_word' id='word_1_510' title='bbox 2058 1323 2139 1361; x_wconf 84' lang='lat' dir='ltr'><em>aliis</em></span> 
     </span>
     <span class='ocr_line' id='line_1_71' title="bbox 1150 1370 2137 1430; baseline 0.015 -23"><span class='ocrx_word' id='word_1_511' title='bbox 1150 1370 1406 1422; x_wconf 78' lang='lat' dir='ltr'><em>praedicabant,</em></span> <span class='ocrx_word' id='word_1_512' title='bbox 1425 1389 1493 1413; x_wconf 92' lang='lat' dir='ltr'><em>non</em></span> <span class='ocrx_word' id='word_1_513' title='bbox 1518 1377 1673 1415; x_wconf 89' lang='lat' dir='ltr'><em>multum</em></span> <span class='ocrx_word' id='word_1_514' title='bbox 1692 1378 1950 1430; x_wconf 77' lang='lat' dir='ltr'><em>indignantem,</em></span> <span class='ocrx_word' id='word_1_515' title='bbox 1968 1382 2029 1420; x_wconf 89' lang='lat' dir='ltr'><em>sed</em></span> <span class='ocrx_word' id='word_1_516' title='bbox 2056 1398 2137 1422; x_wconf 91' lang='lat' dir='ltr'><em>cum</em></span> 
     </span>
     <span class='ocr_line' id='line_1_72' title="bbox 1148 1434 2141 1494; baseline 0.014 -26"><span class='ocrx_word' id='word_1_517' title='bbox 1148 1434 1394 1483; x_wconf 85' lang='lat' dir='ltr'><em>proconsulem</em></span> <span class='ocrx_word' id='word_1_518' title='bbox 1412 1435 1594 1475; x_wconf 81' lang='lat' dir='ltr'><em>adiissent.</em></span> <span class='ocrx_word' id='word_1_519' title='bbox 1614 1438 1721 1484; x_wconf 84' lang='lat' dir='ltr'><em>Quod</em></span> <span class='ocrx_word' id='word_1_520' title='bbox 1737 1450 1854 1478; x_wconf 85' lang='lat' dir='ltr'><em>autem</em></span> <span class='ocrx_word' id='word_1_521' title='bbox 1876 1441 1910 1479; x_wconf 90' lang='lat' dir='ltr'><em>in</em></span> <span class='ocrx_word' id='word_1_522' title='bbox 1930 1445 2141 1494; x_wconf 82' lang='lat' dir='ltr'><em>proconsule</em></span> 
     </span>
     <span class='ocr_line' id='line_1_73' title="bbox 1149 1492 2140 1554; baseline 0.014 -25"><span class='ocrx_word' id='word_1_523' title='bbox 1149 1492 1280 1531; x_wconf 87' lang='lat' dir='ltr'><em>mirum</em></span> <span class='ocrx_word' id='word_1_524' title='bbox 1297 1504 1359 1545; x_wconf 87' lang='lat' dir='ltr'><em>est,</em></span> <span class='ocrx_word' id='word_1_525' title='bbox 1371 1496 1467 1546; x_wconf 84' lang='lat' dir='ltr'><em>quod</em></span> <span class='ocrx_word' id='word_1_526' title='bbox 1483 1497 1581 1536; x_wconf 86' lang='lat' dir='ltr'><em>illius</em></span> <span class='ocrx_word' id='word_1_527' title='bbox 1597 1500 1713 1551; x_wconf 82' lang='lat' dir='ltr'><em>magia</em></span> <span class='ocrx_word' id='word_1_528' title='bbox 1728 1512 2006 1554; x_wconf 77' lang='lat' dir='ltr'><em>praeoccupatuS,</em></span> <span class='ocrx_word' id='word_1_529' title='bbox 2018 1505 2140 1543; x_wconf 86' lang='lat' dir='ltr'><em>volue-</em></span> 
     </span>
     <span class='ocr_line' id='line_1_74' title="bbox 1148 1554 2138 1616; baseline 0.014 -25"><span class='ocrx_word' id='word_1_530' title='bbox 1148 1554 1194 1592; x_wconf 87' lang='lat' dir='ltr'><em>rit</em></span> <span class='ocrx_word' id='word_1_531' title='bbox 1212 1557 1388 1608; x_wconf 85' lang='lat' dir='ltr'><em>apostolos</em></span> <span class='ocrx_word' id='word_1_532' title='bbox 1408 1558 1540 1596; x_wconf 81' lang='lat' dir='ltr'><em>audire.</em></span> <span class='ocrx_word' id='word_1_533' title='bbox 1555 1560 1615 1599; x_wconf 83' lang='lat' dir='ltr'><em>Sic</em></span> <span class='ocrx_word' id='word_1_534' title='bbox 1629 1571 1661 1599; x_wconf 87' lang='lat' dir='ltr'><em>et</em></span> <span class='ocrx_word' id='word_1_535' title='bbox 1674 1563 1887 1600; x_wconf 78' lang='lat' dir='ltr'><em>Samaritani</em></span> <span class='ocrx_word' id='word_1_536' title='bbox 1912 1565 2091 1616; x_wconf 76' lang='lat' dir='ltr'><em>fecerunt,</em></span> <span class='ocrx_word' id='word_1_537' title='bbox 2105 1577 2138 1605; x_wconf 84' lang='lat' dir='ltr'><em>et</em></span> 
     </span>
     <span class='ocr_line' id='line_1_75' title="bbox 1149 1619 2137 1676; baseline 0.013 -23"><span class='ocrx_word' id='word_1_538' title='bbox 1149 1629 1192 1653; x_wconf 80' lang='lat' dir='ltr'><em>ex</em></span> <span class='ocrx_word' id='word_1_539' title='bbox 1217 1619 1478 1669; x_wconf 85' lang='lat' dir='ltr'><em>comparatione</em></span> <span class='ocrx_word' id='word_1_540' title='bbox 1493 1620 1640 1659; x_wconf 86' lang='lat' dir='ltr'><em>victoria</em></span> <span class='ocrx_word' id='word_1_541' title='bbox 1669 1633 1873 1675; x_wconf 83' lang='lat' dir='ltr'><em>apparet,ct</em></span> <span class='ocrx_word' id='word_1_542' title='bbox 1889 1626 2006 1676; x_wconf 80' lang='lat' dir='ltr'><em>magia</em></span> <span class='ocrx_word' id='word_1_543' title='bbox 2024 1627 2137 1666; x_wconf 86' lang='lat' dir='ltr'><em>vinci-</em></span> 
     </span>
     <span class='ocr_line' id='line_1_76' title="bbox 1147 1677 2136 1737; baseline 0.013 -25"><span class='ocrx_word' id='word_1_544' title='bbox 1147 1684 1216 1713; x_wconf 87' lang='lat' dir='ltr'><em>tur.</em></span> <span class='ocrx_word' id='word_1_545' title='bbox 1234 1677 1375 1728; x_wconf 85' lang='lat' dir='ltr'><em>Ubique</em></span> <span class='ocrx_word' id='word_1_546' title='bbox 1386 1693 1478 1717; x_wconf 84' lang='lat' dir='ltr'><em>vana</em></span> <span class='ocrx_word' id='word_1_547' title='bbox 1492 1681 1603 1731; x_wconf 84' lang='lat' dir='ltr'><em>gloria</em></span> <span class='ocrx_word' id='word_1_548' title='bbox 1619 1692 1652 1719; x_wconf 86' lang='lat' dir='ltr'><em>et</em></span> <span class='ocrx_word' id='word_1_549' title='bbox 1669 1697 1769 1721; x_wconf 84' lang='lat' dir='ltr'><em>amor</em></span> <span class='ocrx_word' id='word_1_550' title='bbox 1785 1685 2004 1737; x_wconf 78' lang='lat' dir='ltr'><em>principatus</em></span> <span class='ocrx_word' id='word_1_551' title='bbox 2021 1701 2136 1725; x_wconf 77' lang='lat' dir='ltr'><em>causae¹</em></span> 
     </span>
     <span class='ocr_line' id='line_1_77' title="bbox 1146 1737 2129 1798; baseline 0.014 -25"><span class='ocrx_word' id='word_1_552' title='bbox 1146 1737 1322 1776; x_wconf 82' lang='lat' dir='ltr'><em>malorum</em></span> <span class='ocrx_word' id='word_1_553' title='bbox 1344 1749 1438 1777; x_wconf 86' lang='lat' dir='ltr'><em>sunt.</em></span> <span class='ocrx_word' id='word_1_554' title='bbox 1451 1742 1487 1779; x_wconf 84' lang='lat'><em>9.</em></span> <span class='ocrx_word' id='word_1_555' title='bbox 1500 1742 1638 1781; x_wconf 83' lang='lat' dir='ltr'><em>Saulus</em></span> <span class='ocrx_word' id='word_1_556' title='bbox 1658 1753 1805 1792; x_wconf 84' lang='lat' dir='ltr'><em>autem,</em></span> <span class='ocrx_word' id='word_1_557' title='bbox 1825 1749 1891 1798; x_wconf 86' lang='lat' dir='ltr'><em>qui</em></span> <span class='ocrx_word' id='word_1_558' title='bbox 1907 1756 1944 1784; x_wconf 88' lang='lat' dir='ltr'><em>et</em></span> <span class='ocrx_word' id='word_1_559' title='bbox 1964 1750 2129 1796; x_wconf 89' lang='lat' dir='ltr'><em>Paulus,</em></span> 
     </span>
     <span class='ocr_line' id='line_1_78' title="bbox 1146 1799 2130 1857; baseline 0.013 -22"><span class='ocrx_word' id='word_1_560' title='bbox 1146 1799 1312 1849; x_wconf 84' lang='lat' dir='ltr'><em>repletus</em></span> <span class='ocrx_word' id='word_1_561' title='bbox 1321 1801 1464 1851; x_wconf 84' lang='lat' dir='ltr'><em>Spiritu</em></span> <span class='ocrx_word' id='word_1_562' title='bbox 1475 1807 1780 1853; x_wconf 88' lang='lat' dir='ltr'><em>sancto,intuens</em></span> <span class='ocrx_word' id='word_1_563' title='bbox 1795 1809 1837 1843; x_wconf 94' lang='lat' dir='ltr'><em>in</em></span> <span class='ocrx_word' id='word_1_564' title='bbox 1849 1810 2130 1857; x_wconf 69' lang='lat' dir='ltr'><em>eum,10.dixit:</em></span> 
     </span>
     <span class='ocr_line' id='line_1_79' title="bbox 1151 1860 2131 1920; baseline 0.014 -25"><span class='ocrx_word' id='word_1_565' title='bbox 1151 1860 1182 1896; x_wconf 90' lang='grc' dir='ltr'><em>Ο</em></span> <span class='ocrx_word' id='word_1_566' title='bbox 1194 1860 1309 1910; x_wconf 87' lang='lat' dir='ltr'><em>plene</em></span> <span class='ocrx_word' id='word_1_567' title='bbox 1326 1865 1431 1899; x_wconf 89' lang='lat' dir='ltr'><em>omni</em></span> <span class='ocrx_word' id='word_1_568' title='bbox 1449 1863 1538 1900; x_wconf 90' lang='lat' dir='ltr'><em>dolo</em></span> <span class='ocrx_word' id='word_1_569' title='bbox 1552 1873 1588 1902; x_wconf 86' lang='lat' dir='ltr'><em>et</em></span> <span class='ocrx_word' id='word_1_570' title='bbox 1604 1868 1710 1902; x_wconf 88' lang='lat' dir='ltr'><em>omni</em></span> <span class='ocrx_word' id='word_1_571' title='bbox 1709 1867 1903 1918; x_wconf 84' lang='lat' dir='ltr'><em>fallacia,</em></span> <span class='ocrx_word' id='word_1_572' title='bbox 1912 1869 1984 1920; x_wconf 88' lang='lat' dir='ltr'><em>fili</em></span> <span class='ocrx_word' id='word_1_573' title='bbox 1998 1872 2131 1909; x_wconf 89' lang='lat' dir='ltr'><em>diabo—</em></span> 
     </span>
     <span class='ocr_line' id='line_1_80' title="bbox 1150 1920 2131 1977; baseline 0.012 -19"><span class='ocrx_word' id='word_1_574' title='bbox 1150 1920 1192 1966; x_wconf 82' lang='lat' dir='ltr'><em>li,</em></span> <span class='ocrx_word' id='word_1_575' title='bbox 1209 1923 1362 1959; x_wconf 89' lang='lat' dir='ltr'><em>inimice</em></span> <span class='ocrx_word' id='word_1_576' title='bbox 1381 1927 1504 1962; x_wconf 89' lang='lat' dir='ltr'><em>omnis</em></span> <span class='ocrx_word' id='word_1_577' title='bbox 1517 1927 1695 1977; x_wconf 67' lang='lat' dir='ltr'><em>justitiae,</em></span> <span class='ocrx_word' id='word_1_578' title='bbox 1720 1941 1797 1965; x_wconf 89' lang='lat' dir='ltr'><em>non</em></span> <span class='ocrx_word' id='word_1_579' title='bbox 1815 1930 1956 1968; x_wconf 86' lang='lat' dir='ltr'><em>desinis</em></span> <span class='ocrx_word' id='word_1_580' title='bbox 1976 1934 2131 1970; x_wconf 76' lang='lat' dir='ltr'><em>subver-</em></span> 
     </span>
     <span class='ocr_line' id='line_1_81' title="bbox 1147 1985 2129 2031; baseline 0.012 -12"><span class='ocrx_word' id='word_1_581' title='bbox 1147 1990 1224 2020; x_wconf 83' lang='lat' dir='ltr'><em>tere</em></span> <span class='ocrx_word' id='word_1_582' title='bbox 1235 1986 1325 2021; x_wconf 81' lang='lat' dir='ltr'><em>vias</em></span> <span class='ocrx_word' id='word_1_583' title='bbox 1344 1985 1506 2022; x_wconf 88' lang='lat' dir='ltr'><em>Domini</em></span> <span class='ocrx_word' id='word_1_584' title='bbox 1526 1990 1700 2025; x_wconf 69' lang='lat' dir='ltr'><em>rectasM</em></span> <span class='ocrx_word' id='word_1_585' title='bbox 1712 1990 1726 2025; x_wconf 88' lang='grc'>1</span> <span class='ocrx_word' id='word_1_586' title='bbox 1739 1991 1808 2027; x_wconf 90' lang='lat' dir='ltr'><em>.Et</em></span> <span class='ocrx_word' id='word_1_587' title='bbox 1826 2004 1928 2028; x_wconf 86' lang='lat' dir='ltr'><em>nunc</em></span> <span class='ocrx_word' id='word_1_588' title='bbox 1943 2006 2028 2030; x_wconf 89' lang='lat' dir='ltr'><em>ecce</em></span> <span class='ocrx_word' id='word_1_589' title='bbox 2044 2008 2129 2031; x_wconf 90' lang='lat' dir='ltr'><em>ma—</em></span> 
     </span>
     <span class='ocr_line' id='line_1_82' title="bbox 1147 2046 2129 2099; baseline 0.013 -20"><span class='ocrx_word' id='word_1_590' title='bbox 1147 2057 1218 2080; x_wconf 89' lang='lat' dir='ltr'><em>nus</em></span> <span class='ocrx_word' id='word_1_591' title='bbox 1229 2046 1391 2082; x_wconf 88' lang='lat' dir='ltr'><em>Domini</em></span> <span class='ocrx_word' id='word_1_592' title='bbox 1404 2059 1517 2098; x_wconf 83' lang='lat' dir='ltr'><em>super</em></span> <span class='ocrx_word' id='word_1_593' title='bbox 1533 2056 1580 2094; x_wconf 85' lang='lat' dir='ltr'><em>te,</em></span> <span class='ocrx_word' id='word_1_594' title='bbox 1601 2057 1637 2085; x_wconf 90' lang='lat' dir='ltr'><em>et</em></span> <span class='ocrx_word' id='word_1_595' title='bbox 1649 2052 1723 2087; x_wconf 87' lang='lat' dir='ltr'><em>eris</em></span> <span class='ocrx_word' id='word_1_596' title='bbox 1736 2064 1871 2099; x_wconf 81' lang='lat' dir='ltr'><em>coecus,</em></span> <span class='ocrx_word' id='word_1_597' title='bbox 1896 2067 1974 2090; x_wconf 89' lang='lat' dir='ltr'><em>non</em></span> <span class='ocrx_word' id='word_1_598' title='bbox 1988 2055 2129 2093; x_wconf 74' lang='lat' dir='ltr'><em>‘videns</em></span> 
     </span>
    </p>

    <p class='ocr_par' dir='ltr' id='par_1_11' title="bbox 1096 2105 2128 2770">
     <span class='ocr_line' id='line_1_83' title="bbox 1096 2105 2128 2159; baseline 0.013 -19"><span class='ocrx_word' id='word_1_599' title='bbox 1096 2114 1119 2144; x_wconf 81' lang='grc' dir='ltr'>Β</span> <span class='ocrx_word' id='word_1_600' title='bbox 1144 2105 1263 2142; x_wconf 89' lang='lat' dir='ltr'><em>solem</em></span> <span class='ocrx_word' id='word_1_601' title='bbox 1281 2120 1400 2158; x_wconf 83' lang='lat' dir='ltr'><em>usque</em></span> <span class='ocrx_word' id='word_1_602' title='bbox 1416 2108 1470 2144; x_wconf 88' lang='lat' dir='ltr'><em>ad</em></span> <span class='ocrx_word' id='word_1_603' title='bbox 1493 2116 1650 2159; x_wconf 88' lang='lat' dir='ltr'><em>tempus.</em></span> <span class='ocrx_word' id='word_1_604' title='bbox 1672 2110 1738 2148; x_wconf 92' lang='lat' dir='ltr'><em>Hic</em></span> <span class='ocrx_word' id='word_1_605' title='bbox 1751 2125 1877 2150; x_wconf 88' lang='lat' dir='ltr'><em>nomen</em></span> <span class='ocrx_word' id='word_1_606' title='bbox 1897 2113 1995 2152; x_wconf 88' lang='lat' dir='ltr'><em>illius</em></span> <span class='ocrx_word' id='word_1_607' title='bbox 2010 2125 2128 2153; x_wconf 87' lang='lat' dir='ltr'><em>muta-</em></span> 
     </span>
     <span class='ocr_line' id='line_1_84' title="bbox 1143 2167 2128 2221; baseline 0.011 -19"><span class='ocrx_word' id='word_1_608' title='bbox 1143 2174 1202 2202; x_wconf 90' lang='lat' dir='ltr'><em>tur</em></span> <span class='ocrx_word' id='word_1_609' title='bbox 1220 2175 1299 2217; x_wconf 87' lang='lat' dir='ltr'><em>post</em></span> <span class='ocrx_word' id='word_1_610' title='bbox 1320 2167 1589 2218; x_wconf 81' lang='lat' dir='ltr'><em>ordinationem,</em></span> <span class='ocrx_word' id='word_1_611' title='bbox 1612 2170 1649 2207; x_wconf 85' lang='lat' dir='ltr'><em>id</em></span> <span class='ocrx_word' id='word_1_612' title='bbox 1670 2171 1766 2221; x_wconf 85' lang='lat' dir='ltr'><em>quod</em></span> <span class='ocrx_word' id='word_1_613' title='bbox 1784 2173 1891 2210; x_wconf 85' lang='lat' dir='ltr'><em>etiam</em></span> <span class='ocrx_word' id='word_1_614' title='bbox 1910 2175 2014 2212; x_wconf 85' lang='lat' dir='ltr'><em>Petro</em></span> <span class='ocrx_word' id='word_1_615' title='bbox 2029 2176 2128 2213; x_wconf 87' lang='lat' dir='ltr'><em>acci-</em></span> 
     </span>
     <span class='ocr_line' id='line_1_85' title="bbox 1141 2225 2123 2288; baseline 0.011 -24"><span class='ocrx_word' id='word_1_616' title='bbox 1141 2225 1207 2265; x_wconf 87' lang='lat' dir='ltr'><em>dit.</em></span> <span class='ocrx_word' id='word_1_617' title='bbox 1231 2227 1277 2265; x_wconf 89' lang='lat' dir='ltr'><em>Et</em></span> <span class='ocrx_word' id='word_1_618' title='bbox 1297 2228 1394 2279; x_wconf 81' lang='lat' dir='ltr'><em>vide,</em></span> <span class='ocrx_word' id='word_1_619' title='bbox 1412 2244 1482 2267; x_wconf 92' lang='lat' dir='ltr'><em>non</em></span> <span class='ocrx_word' id='word_1_620' title='bbox 1509 2232 1721 2270; x_wconf 83' lang='lat' dir='ltr'><em>contumelia</em></span> <span class='ocrx_word' id='word_1_621' title='bbox 1741 2242 1806 2282; x_wconf 87' lang='lat' dir='ltr'><em>est,</em></span> <span class='ocrx_word' id='word_1_622' title='bbox 1827 2234 1890 2272; x_wconf 88' lang='lat' dir='ltr'><em>sed</em></span> <span class='ocrx_word' id='word_1_623' title='bbox 1916 2235 2123 2288; x_wconf 83' lang='lat' dir='ltr'><em>increpatio.</em></span> 
     </span>
     <span class='ocr_line' id='line_1_86' title="bbox 1139 2287 2128 2348; baseline 0.011 -23"><span class='ocrx_word' id='word_1_624' title='bbox 1139 2287 1341 2327; x_wconf 83' lang='lat' dir='ltr'><em>Petulantes</em></span> <span class='ocrx_word' id='word_1_625' title='bbox 1369 2290 1463 2328; x_wconf 83' lang='lat' dir='ltr'><em>enim</em></span> <span class='ocrx_word' id='word_1_626' title='bbox 1482 2300 1516 2329; x_wconf 89' lang='lat' dir='ltr'><em>et</em></span> <span class='ocrx_word' id='word_1_627' title='bbox 1540 2292 1764 2345; x_wconf 87' lang='lat' dir='ltr'><em>impudentes</em></span> <span class='ocrx_word' id='word_1_628' title='bbox 1789 2295 1840 2333; x_wconf 88' lang='lat' dir='ltr'><em>sic</em></span> <span class='ocrx_word' id='word_1_629' title='bbox 1863 2306 2001 2348; x_wconf 86' lang='lat' dir='ltr'><em>oportet</em></span> <span class='ocrx_word' id='word_1_630' title='bbox 2017 2297 2128 2336; x_wconf 87' lang='lat' dir='ltr'><em>incre-</em></span> 
     </span>
     <span class='ocr_line' id='line_1_87' title="bbox 1137 2352 2126 2411; baseline 0.011 -25"><span class='ocrx_word' id='word_1_631' title='bbox 1137 2363 1234 2401; x_wconf 83' lang='lat' dir='ltr'><em>pare.</em></span> <span class='ocrx_word' id='word_1_632' title='bbox 1254 2353 1286 2389; x_wconf 86' lang='lat'><em>0</em></span> <span class='ocrx_word' id='word_1_633' title='bbox 1298 2352 1413 2403; x_wconf 89' lang='lat' dir='ltr'><em>plene</em></span> <span class='ocrx_word' id='word_1_634' title='bbox 1429 2356 1535 2391; x_wconf 88' lang='lat' dir='ltr'><em>omni</em></span> <span class='ocrx_word' id='word_1_635' title='bbox 1556 2355 1661 2406; x_wconf 88' lang='lat' dir='ltr'><em>dolo,</em></span> <span class='ocrx_word' id='word_1_636' title='bbox 1677 2355 1806 2406; x_wconf 85' lang='lat' dir='ltr'><em>inquit,</em></span> <span class='ocrx_word' id='word_1_637' title='bbox 1822 2365 1858 2395; x_wconf 90' lang='lat' dir='ltr'><em>et</em></span> <span class='ocrx_word' id='word_1_638' title='bbox 1873 2361 1978 2395; x_wconf 88' lang='lat' dir='ltr'><em>omni</em></span> <span class='ocrx_word' id='word_1_639' title='bbox 1985 2360 2126 2411; x_wconf 79' lang='lat' dir='ltr'><em>salla-</em></span> 
     </span>
     <span class='ocr_line' id='line_1_88' title="bbox 1138 2413 2124 2470; baseline 0.01 -22"><span class='ocrx_word' id='word_1_640' title='bbox 1138 2413 1297 2464; x_wconf 84' lang='lat' dir='ltr'><em>cia,szli</em></span> <span class='ocrx_word' id='word_1_641' title='bbox 1317 2415 1478 2461; x_wconf 79' lang='lat' dir='ltr'><em>diaboli,</em></span> <span class='ocrx_word' id='word_1_642' title='bbox 1499 2419 1653 2454; x_wconf 88' lang='lat' dir='ltr'><em>inimice</em></span> <span class='ocrx_word' id='word_1_643' title='bbox 1674 2420 2060 2470; x_wconf 81' lang='lat' dir='ltr'><em>omnisjustitice.Hic</em></span> <span class='ocrx_word' id='word_1_644' title='bbox 2073 2435 2124 2458; x_wconf 86' lang='lat' dir='ltr'><em>re-</em></span> 
     </span>
     <span class='ocr_line' id='line_1_89' title="bbox 1136 2473 2126 2529; baseline 0.008 -18"><span class='ocrx_word' id='word_1_645' title='bbox 1136 2473 1230 2511; x_wconf 79' lang='lat' dir='ltr'><em>velat</em></span> <span class='ocrx_word' id='word_1_646' title='bbox 1251 2488 1304 2524; x_wconf 86' lang='lat' dir='ltr'><em>ea,</em></span> <span class='ocrx_word' id='word_1_647' title='bbox 1327 2490 1404 2525; x_wconf 64' lang='lat' dir='ltr'><em>quae</em></span> <span class='ocrx_word' id='word_1_648' title='bbox 1435 2476 1470 2514; x_wconf 92' lang='lat' dir='ltr'><em>in</em></span> <span class='ocrx_word' id='word_1_649' title='bbox 1490 2487 1606 2515; x_wconf 87' lang='lat' dir='ltr'><em>mente</em></span> <span class='ocrx_word' id='word_1_650' title='bbox 1628 2478 1689 2516; x_wconf 89' lang='lat' dir='ltr'><em>ille</em></span> <span class='ocrx_word' id='word_1_651' title='bbox 1709 2479 1872 2529; x_wconf 81' lang='lat' dir='ltr'><em>habehat,</em></span> <span class='ocrx_word' id='word_1_652' title='bbox 1893 2480 1980 2518; x_wconf 85' lang='lat' dir='ltr'><em>dum</em></span> <span class='ocrx_word' id='word_1_653' title='bbox 2000 2482 2126 2519; x_wconf 88' lang='lat' dir='ltr'><em>salutis</em></span> 
     </span>
     <span class='ocr_line' id='line_1_90' title="bbox 1136 2533 2124 2592; baseline 0.01 -22"><span class='ocrx_word' id='word_1_654' title='bbox 1136 2533 1280 2572; x_wconf 84' lang='lat' dir='ltr'><em>obtentu</em></span> <span class='ocrx_word' id='word_1_655' title='bbox 1300 2537 1548 2586; x_wconf 85' lang='lat' dir='ltr'><em>proconsulem</em></span> <span class='ocrx_word' id='word_1_656' title='bbox 1577 2538 1748 2589; x_wconf 84' lang='lat' dir='ltr'><em>perderet.</em></span> <span class='ocrx_word' id='word_1_657' title='bbox 1771 2541 1860 2577; x_wconf 81' lang='lat' dir='ltr'><em>Non</em></span> <span class='ocrx_word' id='word_1_658' title='bbox 1886 2542 2045 2592; x_wconf 88' lang='lat' dir='ltr'><em>desinis,</em></span> <span class='ocrx_word' id='word_1_659' title='bbox 2069 2543 2124 2581; x_wconf 91' lang='lat' dir='ltr'><em>in-</em></span> 
     </span>
     <span class='ocr_line' id='line_1_91' title="bbox 1135 2595 2122 2649; baseline 0.008 -17"><span class='ocrx_word' id='word_1_660' title='bbox 1135 2595 1227 2646; x_wconf 85' lang='lat' dir='ltr'><em>quit,</em></span> <span class='ocrx_word' id='word_1_661' title='bbox 1243 2598 1460 2635; x_wconf 68' lang='lat' dir='ltr'><em>subvertere</em></span> <span class='ocrx_word' id='word_1_662' title='bbox 1477 2601 1565 2636; x_wconf 71' lang='lat' dir='ltr'><em>‘vias</em></span> <span class='ocrx_word' id='word_1_663' title='bbox 1583 2600 1758 2638; x_wconf 84' lang='lat' dir='ltr'><em>Domini.</em></span> <span class='ocrx_word' id='word_1_664' title='bbox 1779 2601 1825 2637; x_wconf 86' lang='lat' dir='ltr'><em>Et</em></span> <span class='ocrx_word' id='word_1_665' title='bbox 1841 2615 1922 2638; x_wconf 87' lang='lat' dir='ltr'><em>eum</em></span> <span class='ocrx_word' id='word_1_666' title='bbox 1942 2602 2024 2649; x_wconf 84' lang='lat' dir='ltr'><em>fide,</em></span> <span class='ocrx_word' id='word_1_667' title='bbox 2042 2604 2122 2641; x_wconf 91' lang='lat' dir='ltr'><em>Non</em></span> 
     </span>
     <span class='ocr_line' id='line_1_92' title="bbox 1134 2659 2119 2711; baseline 0.007 -16"><span class='ocrx_word' id='word_1_668' title='bbox 1134 2667 1254 2696; x_wconf 84' lang='lat' dir='ltr'><em>contra</em></span> <span class='ocrx_word' id='word_1_669' title='bbox 1270 2672 1331 2696; x_wconf 87' lang='lat' dir='ltr'><em>nos</em></span> <span class='ocrx_word' id='word_1_670' title='bbox 1347 2659 1504 2697; x_wconf 84' lang='lat' dir='ltr'><em>decertas</em></span> <span class='ocrx_word' id='word_1_671' title='bbox 1518 2669 1550 2697; x_wconf 84' lang='lat' dir='ltr'><em>et</em></span> <span class='ocrx_word' id='word_1_672' title='bbox 1565 2674 1714 2711; x_wconf 83' lang='lat' dir='ltr'><em>pugnas,</em></span> <span class='ocrx_word' id='word_1_673' title='bbox 1730 2661 1793 2711; x_wconf 86' lang='lat' dir='ltr'><em>ait,</em></span> <span class='ocrx_word' id='word_1_674' title='bbox 1808 2661 1868 2699; x_wconf 87' lang='lat' dir='ltr'><em>sed</em></span> <span class='ocrx_word' id='word_1_675' title='bbox 1882 2662 1958 2700; x_wconf 74' lang='lat' dir='ltr'><em>vias</em></span> <span class='ocrx_word' id='word_1_676' title='bbox 1974 2664 2119 2703; x_wconf 89' lang='lat' dir='ltr'><em>Domini</em></span> 
     </span>
     <span class='ocr_line' id='line_1_93' title="bbox 1141 2720 2119 2770; baseline 0.009 -14"><span class='ocrx_word' id='word_1_677' title='bbox 1141 2729 1252 2757; x_wconf 80' lang='lat' dir='ltr'><em>rectas</em></span> <span class='ocrx_word' id='word_1_678' title='bbox 1282 2720 1477 2770; x_wconf 81' lang='lat' dir='ltr'><em>subvertis,</em></span> <span class='ocrx_word' id='word_1_679' title='bbox 1498 2730 1531 2758; x_wconf 87' lang='lat' dir='ltr'><em>et</em></span> <span class='ocrx_word' id='word_1_680' title='bbox 1551 2735 1631 2758; x_wconf 86' lang='lat' dir='ltr'><em>cum</em></span> <span class='ocrx_word' id='word_1_681' title='bbox 1661 2722 1819 2760; x_wconf 87' lang='lat' dir='ltr'><em>encomio</em></span> <span class='ocrx_word' id='word_1_682' title='bbox 1844 2723 1919 2761; x_wconf 80' lang='lat' dir='ltr'><em>haec</em></span> <span class='ocrx_word' id='word_1_683' title='bbox 1942 2724 2040 2763; x_wconf 88' lang='lat' dir='ltr'><em>dicit.</em></span> <span class='ocrx_word' id='word_1_684' title='bbox 2065 2729 2119 2765; x_wconf 89' lang='lat' dir='ltr'><em>Et</em></span> 
     </span>
    </p>
   </div>
   <div class='ocr_carea' id='block_1_11' title="bbox 1083 2782 2115 2834">
    <p class='ocr_par' dir='ltr' id='par_1_12' title="bbox 1083 2782 2115 2834">
     <span class='ocr_line' id='line_1_94' title="bbox 1083 2782 2115 2834; baseline 0.007 -17"><span class='ocrx_word' id='word_1_685' title='bbox 1083 2793 1106 2823; x_wconf 73' lang='lat'><em>(2</em></span> <span class='ocrx_word' id='word_1_686' title='bbox 1133 2794 1234 2818; x_wconf 83' lang='lat' dir='ltr'><em>nunc</em></span> <span class='ocrx_word' id='word_1_687' title='bbox 1250 2795 1336 2818; x_wconf 85' lang='lat' dir='ltr'><em>ecce</em></span> <span class='ocrx_word' id='word_1_688' title='bbox 1355 2794 1492 2819; x_wconf 83' lang='lat' dir='ltr'><em>manus</em></span> <span class='ocrx_word' id='word_1_689' title='bbox 1512 2782 1674 2819; x_wconf 89' lang='lat' dir='ltr'><em>Domini</em></span> <span class='ocrx_word' id='word_1_690' title='bbox 1697 2796 1811 2834; x_wconf 88' lang='lat' dir='ltr'><em>super</em></span> <span class='ocrx_word' id='word_1_691' title='bbox 1829 2792 1878 2831; x_wconf 87' lang='lat' dir='ltr'><em>te,</em></span> <span class='ocrx_word' id='word_1_692' title='bbox 1897 2793 1933 2821; x_wconf 90' lang='lat' dir='ltr'><em>et</em></span> <span class='ocrx_word' id='word_1_693' title='bbox 1950 2788 2025 2823; x_wconf 86' lang='lat' dir='ltr'><em>eris</em></span> <span class='ocrx_word' id='word_1_694' title='bbox 2041 2800 2115 2824; x_wconf 80' lang='lat' dir='ltr'><em>cce-</em></span> 
     </span>
    </p>
   </div>
   <div class='ocr_carea' id='block_1_12' title="bbox 1125 2841 2117 3261">
    <p class='ocr_par' dir='ltr' id='par_1_13' title="bbox 1125 2841 2117 3261">
     <span class='ocr_line' id='line_1_95' title="bbox 1131 2841 2117 2894; baseline 0.005 -14"><span class='ocrx_word' id='word_1_695' title='bbox 1131 2856 1209 2881; x_wconf 86' lang='lat' dir='ltr'><em>cus.</em></span> <span class='ocrx_word' id='word_1_696' title='bbox 1223 2842 1303 2888; x_wconf 86' lang='lat' dir='ltr'><em>Quo</em></span> <span class='ocrx_word' id='word_1_697' title='bbox 1316 2842 1388 2893; x_wconf 86' lang='lat' dir='ltr'><em>ipse</em></span> <span class='ocrx_word' id='word_1_698' title='bbox 1401 2841 1569 2880; x_wconf 82' lang='lat' dir='ltr'><em>reductus</em></span> <span class='ocrx_word' id='word_1_699' title='bbox 1586 2852 1638 2880; x_wconf 86' lang='lat' dir='ltr'><em>est</em></span> <span class='ocrx_word' id='word_1_700' title='bbox 1653 2842 1768 2894; x_wconf 81' lang='lat' dir='ltr'><em>signo,</em></span> <span class='ocrx_word' id='word_1_701' title='bbox 1787 2843 1853 2881; x_wconf 90' lang='lat' dir='ltr'><em>hoc</em></span> <span class='ocrx_word' id='word_1_702' title='bbox 1870 2854 1902 2882; x_wconf 85' lang='lat' dir='ltr'><em>et</em></span> <span class='ocrx_word' id='word_1_703' title='bbox 1918 2845 2022 2884; x_wconf 88' lang='lat' dir='ltr'><em>illum</em></span> <span class='ocrx_word' id='word_1_704' title='bbox 2036 2848 2117 2885; x_wconf 84' lang='lat' dir='ltr'><em>vult</em></span> 
     </span>
     <span class='ocr_line' id='line_1_96' title="bbox 1128 2902 2117 2958; baseline 0.006 -19"><span class='ocrx_word' id='word_1_705' title='bbox 1128 2902 1305 2940; x_wconf 82' lang='lat' dir='ltr'><em>reducere.</em></span> <span class='ocrx_word' id='word_1_706' title='bbox 1317 2903 1364 2940; x_wconf 83' lang='lat' dir='ltr'><em>Et</em></span> <span class='ocrx_word' id='word_1_707' title='bbox 1379 2902 1485 2951; x_wconf 84' lang='lat' dir='ltr'><em>illud,</em></span> <span class='ocrx_word' id='word_1_708' title='bbox 1502 2905 1629 2955; x_wconf 78' lang='lat' dir='ltr'><em>Usque</em></span> <span class='ocrx_word' id='word_1_709' title='bbox 1643 2905 1696 2940; x_wconf 86' lang='lat' dir='ltr'><em>ad</em></span> <span class='ocrx_word' id='word_1_710' title='bbox 1711 2913 1867 2956; x_wconf 84' lang='lat' dir='ltr'><em>tempus,</em></span> <span class='ocrx_word' id='word_1_711' title='bbox 1882 2919 1950 2943; x_wconf 92' lang='lat' dir='ltr'><em>non</em></span> <span class='ocrx_word' id='word_1_712' title='bbox 1964 2907 2117 2958; x_wconf 88' lang='lat' dir='ltr'><em>punien-</em></span> 
     </span>
     <span class='ocr_line' id='line_1_97' title="bbox 1129 2962 2116 3018; baseline 0.006 -18"><span class='ocrx_word' id='word_1_713' title='bbox 1129 2964 1173 3001; x_wconf 87' lang='lat' dir='ltr'><em>tis</em></span> <span class='ocrx_word' id='word_1_714' title='bbox 1189 2962 1326 3001; x_wconf 88' lang='lat' dir='ltr'><em>dictum</em></span> <span class='ocrx_word' id='word_1_715' title='bbox 1345 2973 1407 3011; x_wconf 89' lang='lat' dir='ltr'><em>est,</em></span> <span class='ocrx_word' id='word_1_716' title='bbox 1426 2963 1487 3001; x_wconf 89' lang='lat' dir='ltr'><em>sed</em></span> <span class='ocrx_word' id='word_1_717' title='bbox 1507 2965 1752 3002; x_wconf 85' lang='lat' dir='ltr'><em>convertentis.</em></span> <span class='ocrx_word' id='word_1_718' title='bbox 1773 2967 1862 3002; x_wconf 85' lang='lat' dir='ltr'><em>Nam</em></span> <span class='ocrx_word' id='word_1_719' title='bbox 1885 2966 1912 3003; x_wconf 90' lang='lat' dir='ltr'><em>si</em></span> <span class='ocrx_word' id='word_1_720' title='bbox 1933 2967 2116 3018; x_wconf 88' lang='lat' dir='ltr'><em>punientis</em></span> 
     </span>
     <span class='ocr_line' id='line_1_98' title="bbox 1128 3025 2114 3077; baseline 0.006 -15"><span class='ocrx_word' id='word_1_721' title='bbox 1128 3034 1228 3076; x_wconf 88' lang='lat' dir='ltr'><em>esset,</em></span> <span class='ocrx_word' id='word_1_722' title='bbox 1249 3025 1353 3063; x_wconf 88' lang='lat' dir='ltr'><em>illum</em></span> <span class='ocrx_word' id='word_1_723' title='bbox 1375 3025 1411 3062; x_wconf 90' lang='lat' dir='ltr'><em>in</em></span> <span class='ocrx_word' id='word_1_724' title='bbox 1431 3035 1643 3077; x_wconf 87' lang='lat' dir='ltr'><em>perpetuum</em></span> <span class='ocrx_word' id='word_1_725' title='bbox 1672 3026 1810 3064; x_wconf 84' lang='lat' dir='ltr'><em>fecisset</em></span> <span class='ocrx_word' id='word_1_726' title='bbox 1837 3041 1969 3065; x_wconf 80' lang='lat' dir='ltr'><em>caecum</em></span> <span class='ocrx_word' id='word_1_727' title='bbox 1991 3044 1998 3065; x_wconf 95' lang='lat'>:</span> <span class='ocrx_word' id='word_1_728' title='bbox 2019 3044 2114 3068; x_wconf 78' lang='lat' dir='ltr'><em>nunc</em></span> 
     </span>
     <span class='ocr_line' id='line_1_99' title="bbox 1126 3086 2112 3139; baseline 0.005 -16"><span class='ocrx_word' id='word_1_729' title='bbox 1126 3100 1210 3124; x_wconf 69' lang='lat' dir='ltr'><em>vero</em></span> <span class='ocrx_word' id='word_1_730' title='bbox 1230 3100 1299 3123; x_wconf 89' lang='lat' dir='ltr'><em>non</em></span> <span class='ocrx_word' id='word_1_731' title='bbox 1318 3086 1386 3123; x_wconf 91' lang='lat' dir='ltr'><em>hoc</em></span> <span class='ocrx_word' id='word_1_732' title='bbox 1399 3086 1484 3137; x_wconf 81' lang='lat' dir='ltr'><em>agit,</em></span> <span class='ocrx_word' id='word_1_733' title='bbox 1500 3086 1561 3123; x_wconf 85' lang='lat' dir='ltr'><em>sed</em></span> <span class='ocrx_word' id='word_1_734' title='bbox 1577 3086 1623 3123; x_wconf 83' lang='lat' dir='ltr'><em>ad</em></span> <span class='ocrx_word' id='word_1_735' title='bbox 1642 3095 1794 3138; x_wconf 87' lang='lat' dir='ltr'><em>tempus,</em></span> <span class='ocrx_word' id='word_1_736' title='bbox 1811 3097 1849 3125; x_wconf 88' lang='lat' dir='ltr'><em>ut</em></span> <span class='ocrx_word' id='word_1_737' title='bbox 1863 3090 2112 3139; x_wconf 85' lang='lat' dir='ltr'><em>proconsulem</em></span> 
     </span>
     <span class='ocr_line' id='line_1_100' title="bbox 1125 3148 2112 3203; baseline 0.006 -19"><span class='ocrx_word' id='word_1_738' title='bbox 1125 3148 1294 3185; x_wconf 87' lang='lat' dir='ltr'><em>lucretur.</em></span> <span class='ocrx_word' id='word_1_739' title='bbox 1314 3149 1369 3184; x_wconf 90' lang='lat' dir='ltr'><em>Et</em></span> <span class='ocrx_word' id='word_1_740' title='bbox 1384 3148 1590 3199; x_wconf 75' lang='lat' dir='ltr'><em>confestim</em></span> <span class='ocrx_word' id='word_1_741' title='bbox 1609 3149 1746 3184; x_wconf 86' lang='lat' dir='ltr'><em>cecidit</em></span> <span class='ocrx_word' id='word_1_742' title='bbox 1764 3151 1805 3184; x_wconf 90' lang='lat' dir='ltr'><em>in</em></span> <span class='ocrx_word' id='word_1_743' title='bbox 1825 3162 1908 3186; x_wconf 89' lang='lat' dir='ltr'><em>eum</em></span> <span class='ocrx_word' id='word_1_744' title='bbox 1930 3151 2056 3203; x_wconf 82' lang='lat' dir='ltr'><em>caligo</em></span> <span class='ocrx_word' id='word_1_745' title='bbox 2075 3161 2112 3190; x_wconf 81' lang='lat' dir='ltr'><em>et</em></span> 
     </span>
     <span class='ocr_line' id='line_1_101' title="bbox 1127 3210 2112 3261; baseline 0.004 -15"><span class='ocrx_word' id='word_1_746' title='bbox 1127 3210 1305 3257; x_wconf 82' lang='lat' dir='ltr'><em>tenebrae,</em></span> <span class='ocrx_word' id='word_1_747' title='bbox 1324 3217 1360 3246; x_wconf 86' lang='lat' dir='ltr'><em>et</em></span> <span class='ocrx_word' id='word_1_748' title='bbox 1380 3210 1568 3246; x_wconf 83' lang='lat' dir='ltr'><em>circuiens</em></span> <span class='ocrx_word' id='word_1_749' title='bbox 1590 3210 1784 3259; x_wconf 71' lang='lat' dir='ltr'><em>quaerebat</em></span> <span class='ocrx_word' id='word_1_750' title='bbox 1806 3213 1872 3261; x_wconf 83' lang='lat' dir='ltr'><em>qui</em></span> <span class='ocrx_word' id='word_1_751' title='bbox 1898 3213 1933 3248; x_wconf 88' lang='lat' dir='ltr'><em>ei</em></span> <span class='ocrx_word' id='word_1_752' title='bbox 1952 3226 2112 3250; x_wconf 88' lang='lat' dir='ltr'><em>manum</em></span> 
     </span>
    </p>
   </div>
   <div class='ocr_carea' id='block_1_13' title="bbox 1149 3334 2109 3433">
    <p class='ocr_par' dir='ltr' id='par_1_14' title="bbox 1149 3334 2109 3433">
     <span class='ocr_line' id='line_1_102' title="bbox 1149 3334 2109 3384; baseline 0.008 -18"><span class='ocrx_word' id='word_1_753' title='bbox 1149 3346 1163 3360; x_wconf 71' lang='lat' dir='ltr'>a</span> <span class='ocrx_word' id='word_1_754' title='bbox 1179 3334 1247 3378; x_wconf 82' lang='lat' dir='ltr'><strong>[Sic</strong></span> <span class='ocrx_word' id='word_1_755' title='bbox 1261 3337 1296 3367; x_wconf 86' lang='grc' dir='ltr'>Α.</span> <span class='ocrx_word' id='word_1_756' title='bbox 1309 3336 1345 3367; x_wconf 92' lang='lat' dir='ltr'><em>B.</em></span> <span class='ocrx_word' id='word_1_757' title='bbox 1358 3337 1398 3367; x_wconf 90' lang='lat' dir='ltr'><em>D.</em></span> <span class='ocrx_word' id='word_1_758' title='bbox 1409 3340 1564 3381; x_wconf 57' lang='grc' dir='ltr'>προσίεσαν</span> <span class='ocrx_word' id='word_1_759' title='bbox 1578 3335 1616 3368; x_wconf 93' lang='lat' dir='ltr'><em>C.</em></span> <span class='ocrx_word' id='word_1_760' title='bbox 1628 3335 1804 3380; x_wconf 81' lang='lat' dir='ltr'><em>Commcl.,</em></span> <span class='ocrx_word' id='word_1_761' title='bbox 1816 3336 1914 3373; x_wconf 79' lang='lat' dir='ltr'><em>Savil.</em></span> <span class='ocrx_word' id='word_1_762' title='bbox 1926 3345 1959 3371; x_wconf 76' lang='lat' dir='ltr'><em>et</em></span> <span class='ocrx_word' id='word_1_763' title='bbox 1974 3339 2109 3384; x_wconf 64' lang='lat' dir='ltr'><em>Monffi]</em></span> 
     </span>
     <span class='ocr_line' id='line_1_103' title="bbox 1149 3386 1722 3433; baseline -0.002 -12"><span class='ocrx_word' id='word_1_764' title='bbox 1149 3388 1165 3404; x_wconf 61' lang='lat'>⁸</span> <span class='ocrx_word' id='word_1_765' title='bbox 1182 3387 1385 3433; x_wconf 67' lang='grc' dir='ltr'>[φιλαργυρία</span> <span class='ocrx_word' id='word_1_766' title='bbox 1400 3387 1454 3419; x_wconf 83' lang='lat' dir='ltr'><em>D.:</em></span> <span class='ocrx_word' id='word_1_767' title='bbox 1475 3399 1505 3420; x_wconf 75' lang='lat' dir='ltr'><em>v.</em></span> <span class='ocrx_word' id='word_1_768' title='bbox 1523 3397 1556 3428; x_wconf 83' lang='lat' dir='ltr'><em>p.</em></span> <span class='ocrx_word' id='word_1_769' title='bbox 1576 3387 1650 3429; x_wconf 75' lang='lat'><em>¹23,</em></span> <span class='ocrx_word' id='word_1_770' title='bbox 1668 3386 1722 3432; x_wconf 86' lang='lat' dir='ltr'><em>C.]</em></span> 
     </span>
    </p>
   </div>
  </div>
 </body>
</html>
