2502 3810
671 268 711 297 lN
750 264 890 295 EPIST-

929 260 988 291 AD
1023 256 1132 288 ROM.

1173 256 1328 285 nomn„
1369 257 1432 286 vl.
2008 236 2095 296 517

28 356 76 405 τῷ
95 354 196 403 Θεῷ·
215 356 269 389 νῦν
291 349 326 388 δὲ
347 351 464 401 πολλῷ
487 349 616 399 μᾶλλον
635 347 804 385 δείκνυσιν
817 375 826 392 ,
839 345 892 384 ὅτι
918 345 955 382 οὐ
976 342 1040 393 μό-
1065 341 1088 371 C
1118 337 1231 388 majus
1250 347 1314 384 est,
1336 336 1548 385 doctrinam,
1570 349 1638 373 non
1669 347 1769 386 posse
1789 333 1929 371 docenti
1946 334 2100 384 patroci-

27 428 81 451 νον
101 415 122 458 ἡ
139 410 315 463 ἀκρόασις,
332 409 421 448 ἀλλὰ
439 410 497 447 καὶ
509 440 518 457 ,
538 409 555 447 ὃ
571 407 674 446 πλέον
690 411 752 454 τῆς
772 405 969 459 ἀκροάσεως
987 398 1042 450 ἦν,

29 478 50 520 ἡ
72 472 278 512 διδασκαλία
298 472 374 510 οὐδὲ
393 471 481 517 αὐτὴ
508 470 690 517 δυνήσεται
707 471 900 522 προστῆναι
917 470 976 504 τοῦ
996 465 1044 501 δι-

30 535 212 577 δάσκοντος
232 534 279 584 μὴ
307 534 517 585 πράττοντος
540 532 640 583 ἅπερ,
667 531 769 583 φησὶ,
789 529 966 567 διδάσκει·
987 525 1047 564 καὶ

29 598 67 634 οὔ
86 595 186 646 μόνον
208 596 245 632 οὐ
267 594 516 646 προστήσεται,
533 593 622 631 ἀλλὰ
638 592 697 630 καὶ
712 591 853 629 κολάσει
873 588 1047 640 μειζόνως.

32 657 157 698 Καλῶς
185 655 219 692 δὲ
239 655 297 692 καὶ
317 660 392 697 ταῖς
415 654 528 698 λέξεσι
559 652 754 705 κέχρηται·
775 652 811 689 οὖ
839 649 906 701 γὰρ
934 642 1048 694 εἶπεν,

31 716 152 758 ἔλαὸες
171 715 295 765 νόμον,
317 716 407 763 ἀλλ’,
427 713 665 763 Ἐπαναπαύη
687 711 809 763 νόμῳέ·
830 708 969 761 καὶζγὰρ
989 710 1049 746 οὐκ

32 776 179 826 ἔκαμνεν
202 779 219 813 ὃ
245 776 410 818 Ἰουδαῖος
435 774 577 826 περιιὼν
597 773 655 812 καὶ
675 775 786 820 ζητῶν
805 771 850 809 τὰ
878 769 1048 821 πρακτέα,

34 838 108 874 ἀλλ’
130 836 164 880 ἐξ
185 836 341 879 εὐκολίας
368 830 441 887 εἶχε
468 835 525 873 τὸν
555 835 659 884 νόμον
693 832 872 871 δεικνύντα
896 830 959 876 τὴν
991 827 1049 866 ἐπὶ

33 896 95 942 τὴν
119 896 242 948 ἀρετὴν
264 897 431 948 φέρουσαν
451 895 539 933 ὁδόν.
561 897 605 933 Εἰ
634 894 701 945 γὰρ
722 892 781 930 καὶ
810 891 855 929 τὰ
875 890 954 935 ἔθνη
977 889 1050 939 ἔχει

33 959 89 995 τὸν
110 960 169 1003 τῆς
185 957 316 1009 φύσεως
333 957 512 1007 λογισμὸν,
531 955 606 993 ὅθεν
627 957 739 992 αὐτῶν
759 953 817 989 καὶ
837 953 1049 995 πλεονεκτεῖ,

33 1018 138 1068 χωρὶς
172 1017 368 1068 ἀκροάσεως
396 1018 442 1059 ὡς
470 1019 632 1053 ποιοῦντα
667 1013 826 1058 ἅπαντα,
855 1012 932 1047 ἀλλ’
956 1009 1050 1058 ὅμως

33 1081 103 1116 ἐκεῖ
118 1078 242 1127 μείζων
258 1081 278 1123 ἡ
299 1076 437 1114 εὐκολία
451 1070 506 1121 ἦν.
528 1077 570 1112 Εἰ
590 1075 624 1112 δὲ
639 1073 764 1124 λέγεις,
783 1071 835 1109 ὅτι
852 1074 914 1109 οὐκ
934 1070 1049 1108 ἀκούω

38 1136 161 1185 μόνον,
181 1136 270 1174 ἀλλὰ
291 1135 349 1173 καὶ
370 1137 422 1172 διδ

32 1196 212 1249 τιμωρίας.
236 1195 380 1242 Ἐπειδὴ
397 1195 463 1247 γὰρ
481 1195 590 1247 τούτῳ
607 1194 697 1246 μέγα
712 1193 885 1246 ἐφρόνουν,
900 1195 1050 1231 ἐντεῦθεν

426 1135 523 1172 άσκω
541 1150 548 1157 ·
569 1134 629 1172 καὶ
647 1137 747 1171 τοῦτο
767 1132 849 1170 αὐτὸ
867 1129 1049 1183 προσθήκη

36 1258 187 1308 μάλιστα
204 1255 324 1299 αὐτοὺς
339 1255 505 1294 δείκνυσιν
522 1255 620 1299 ὄντας
635 1254 924 1303 καταγελάστους.
938 1253 1051 1291 (Όταν

36 1318 70 1356 δὲ
90 1317 188 1369 λέγῃ,
205 1316 355 1367 <Οδηγὸν
373 1318 529 1368 τυφλῶν,
548 1315 738 1362 παιδευτὴν
756 1316 910 1369 ἀφρόνων
923 1346 931 1362 ,
952 1314 1052 1352 διδά-

35 1381 162 1416 σκαλον
183 1377 328 1425 νηπίων,
347 1378 404 1416 τὸν
419 1378 557 1416 ἐκείνων
576 1377 670 1429 λέγει
690 1383 792 1429 τῦφον
808 1393 816 1400 ·
835 1377 968 1428 σφόδρα
986 1376 1052 1427 γὰρ

37 1438 275 1490 ἀπεκέχρηντο
288 1444 356 1482 τοῖς
378 1437 604 1491 προσηλύτοις
618 1468 627 1485 ,
646 1437 705 1475 καὶ
732 1437 800 1475 ἀπὸ
820 1438 951 1476 τούτων
977 1437 1055 1475 ἐκά-

37 1501 117 1553 λουν
137 1503 203 1537 τῶν
223 1499 400 1550 ὀνομάτων
423 1499 557 1542 αὐτούς.

91 1560 153 1597 Διὸ
175 1560 233 1598 καὶ
252 1560 532 1612 ἓπιδαψιλεύεται
558 1566 628 1602 τοῖς
649 1561 804 1597 δοκοῦσιν
826 1561 942 1597 αὐτῶν
968 1553 1055 1597 εἶναι

38 1621 241 1671 ἐγκωμίοις,
270 1620 386 1668 εἰδὼς,
411 1620 464 1658 ὅτι
488 1621 640 1670 μείζονος
664 1620 874 1673 κατηγορίας
897 1620 1056 1662 ὑπόθεσις

39 1682 81 1718 τὰ
96 1681 276 1731 λεγόμενα.
296 1681 452 1733 ’Έχοντα
465 1681 528 1728 τὴν
551 1681 727 1733 μόρφωσιν
747 1685 808 1726 τῆς
822 1680 981 1732 γνώσεως
997 1680 1056 1718 καὶ

40 1744 100 1787 τ’ἧς
122 1741 282 1788 ἀληθείας
297 1745 330 1780 ἐν
351 1745 399 1794 τῷ
426 1742 534 1794 νόμῳ.
555 1742 572 1760 *
588 1741 721 1793 Ὠσπερ
743 1740 782 1778 ἂν
802 1741 833 1779 εἴ
849 1757 899 1784 τις
915 1740 976 1788 τὴν
995 1743 1056 1792 βα«

40 1803 177 1848 σιλικὴν
196 1803 311 1841 εἰκόνα
339 1803 442 1855 ἔχων,
462 1803 568 1853 μηδὲν
597 1804 682 1854 πρὸς
710 1802 843 1848 ἐκείνην
861 1803 986 1854 γράφοι
1002 1817 1009 1825 ·
1025 1805 1056 1840 οἱ

40 1863 74 1901 δὲ
92 1863 139 1913 μὴ
160 1863 394 1907 πιστευθέντες
413 1863 531 1911 αὐτὴν,
550 1863 608 1901 καὶ
627 1863 734 1916 χωρὶς
752 1867 811 1901 τοῦ
827 1864 1055 1914 πρωτοτύπου

41 1924 128 1974 μετὰ
145 1924 321 1976 ἀκριὸείας
340 1924 445 1972 αὐτὴν
470 1930 642 1975 μιμοῖντο.
662 1918 751 1962 Εἶτα
768 1925 873 1962 εἰπὼν
893 1925 936 1962 τὰ
956 1926 1058 1962 πλεο-

40 1985 258 2034 νεκτήματα,
281 1985 369 2038 ἅπερ
393 1985 493 2037 ἔσχον
509 1984 606 2036 παρὰ
625 1989 683 2022 τοῦ
699 1987 790 2023 Θεοῦ
807 2013 815 2028 ,
834 1984 929 2035 λέγει
945 1987 1055 2022 αὐτῶν

40 2046 84 2084 τὰ
100 2044 348 2096 ἐλαττώματα,
367 2046 456 2098 ἅπερ
470 2049 499 2084 οἱ
514 2049 690 2098 προφῆται
707 2045 932 2097 κατηγόρουν,
948 2050 1058 2083 ταῦτα

42 2109 88 2149 εἷς
115 2106 217 2157 μέσον
238 2106 365 2158 φέρων·
382 2105 426 2145 Ὁ
445 2100 501 2144 οἶν
520 2107 690 2145 διδάσκων
707 2105 836 2159 ἕτερον,
859 2106 1002 2144 σεαυτὸν
1019 2108 1056 2144 οὐ

43 2168 231 2214 διδάσκεις,
244 2170 260 2204 ὃ
275 2167 456 2219 κηρύσσων
471 2168 518 2219 μὴ
538 2168 711 2215 κλέπτειν,
725 2168 903 2215 κλέπτεις,
919 2171 936 2205 ὃ
948 2168 1056 2219 λέγων

42 2228 90 2278 μὴ
118 2228 303 2279 μοιχεύειν,
323 2228 829 2280 μοιχεύεις;ὃβδελυσσόμενος
847 2228 891 2266 τὰ
911 2229 1055 2276 εἴδωλα,

40 2291 245 2340 ἱεροσυλεῖς;
268 2289 336 2326 Καὶ
351 2289 419 2342 γὰρ
432 2289 564 2341 σφόδρα
575 2284 615 2336 ἦν
631 2290 911 2342 ἀπηγορευμένον
931 2294 998 2328 τῶν
1020 2293 1053 2328 ἐν

22 2352 29 2359 “’
38 2357 108 2393 τοῖς
127 2354 139 2369 ³
153 2349 338 2393 εἷδωλείοις
353 2349 522 2388 ἅπτεσθαι
539 2350 732 2402 χρημάτων
747 2350 804 2388 διὰ
819 2351 858 2389 τὸ
875 2351 1038 2403 βδελυρόν
1051 2367 1058 2375 ·

38 2416 59 2458 ἡ
84 2410 118 2449 δὲ
135 2415 195 2457 τῆς
215 2411 495 2463 φιλοχρηματίας
516 2411 695 2464 τυραννὶς,
718 2412 826 2464 φησὶ,
855 2412 913 2450 καὶ
937 2418 1057 2452 τοῦτον

39 2475 127 2522 ὑμᾶς
147 2472 263 2510 ἔπεισε
292 2475 542 2519 καταπατῆσαι
572 2473 629 2511 τὸν
660 2472 777 2524 νόμον.
800 2468 890 2511 Εἶτα
910 2474 948 2512 τὸ
968 2474 1057 2513 πολὺ

42 2533 225 2586 βαρύτερον
245 2533 383 2585 ὕστερον
403 2533 544 2585 ἐπάγει,
567 2535 695 2586 λέγων·
712 2534 778 2578 Ὃς
797 2537 831 2572 ἐν
849 2535 945 2588 νόμῳ
972 2553 1058 2576 καυ-

41 2601 168 2645 χᾶσαι,
189 2592 245 2630 διὰ
262 2596 323 2638 τῆς
342 2594 572 2646 παραὸάσεως
593 2599 652 2632 τοῦ
672 2595 779 2646 νόμου
794 2596 851 2634 τὸν
874 2598 963 2636 Θεὸν
982 2601 1059 2636 ἀτι-

43 2654 182 2704 μάζεις,
210 2653 279 2692 Δύο
308 2654 457 2692 τέθεικεν
485 2656 707 2705 ἐγκλήματα,
735 2658 865 2706 μᾶλλον
889 2658 924 2695 δὲ
957 2658 1058 2710 τρία·

41 2715 94 2753 ὅτι
114 2731 150 2753 τε
186 2714 414 2765 ἀτιμάζουσι,
435 2716 494 2754 καὶ
523 2715 576 2754 ὅτι
610 2718 652 2754 δι’
688 2711 735 2754 ὧν
756 2719 981 2768 ἐτιμήθησαν,
1001 2720 1060 2759 καὶ

41 2774 95 2812 ὅτι
123 2775 180 2813 τὸν
213 2775 412 2826 τιμήσαντα
444 2776 681 2827 ἀτιμάζουσιν,
714 2777 799 2830 ὅπερ
833 2772 874 2825 ἦν
910 2781 1060 2832 ἐσχάτης

43 2836 287 2886 ἀγνωμοσύνης
303 2837 488 2888 ὑπερὸολή.
509 2832 598 2876 Εἶτα
618 2837 673 2875 ἵνα
694 2838 742 2888 μὴ
760 2839 838 2892 δόξῃ
855 2826 1060 2894 κατηγορεῖν

43 2895 185 2942 οἴκοθεν,
218 2897 274 2935 τὸν
297 2898 477 2950 προφήτην
511 2898 684 2950 ἐπήγαγεν
710 2901 822 2937 αὐτῶν
857 2901 1061 2955 κατήγορον,

42 2960 98 2993 νῦν
118 2957 178 3006 μὲν
202 2959 234 2995 ἐν
256 2960 379 3011 βραχεῖ
395 2960 454 2998 καὶ
473 2959 651 3011 συντόμως
674 2962 732 2999 καὶ
752 2964 798 3005 ὡς
815 2963 849 2999 ἐν
865 2964 1061 3017 κεφαλαίῳ,

44 3016 182 3069 ὕστερον
203 3018 237 3056 δὲ
258 3020 316 3057 καὶ
335 3020 424 3058 κατὰ
446 3021 567 3073 μέρος,
586 3022 645 3060 καὶ
665 3027 721 3060 νῦν
743 3022 804 3073 μὲν
825 3024 882 3062 τὸν
898 3024 1062 3074 ζΗσαίάν,

47 3078 134 3126 μετὰ
160 3077 194 3117 δὲ
222 3086 329 3119 ταῦτα
349 3081 406 3119 τὸν
434 3083 564 3131 Δαυὶδ,
585 3083 642 3122 ὅτε
665 3084 724 3122 καὶ
746 3085 908 3129 πλείονας
927 3087 1061 3124 ἐπεδεί-

49 3136 128 3180 ξατο
146 3139 222 3183 τοὺς
239 3140 412 3192 ἐλέγχους.
429 3141 512 3181 ”Οτι
530 3143 619 3197 γὰρ,
645 3145 760 3196 φησὶν,
781 3149 843 3184 οὐκ
863 3146 930 3198 ἐγὼ
952 3148 1062 3185 λοιδο-

48 3198 209 3249 ρούμενος
223 3203 300 3250 ὑμῖν
313 3207 420 3240 ταῦτα
433 3203 535 3255 λέγω,
545 3204 689 3243 ἄκουσον
702 3206 736 3243 τί
750 3222 852 3259 φησιν
868 3211 885 3246 ὃ
898 3206 1046 3250 εΗσαίας
1055 3238 1064 3255 ,

48 3259 99 3296 ὅτι
119 3261 171 3298 Τὸ
190 3260 297 3310 ὄνομα
315 3266 373 3300 τοῦ
393 3265 484 3302 Θεοῦ
503 3265 545 3302 δι’
567 3268 656 3316 ὑμᾶς
673 3268 932 3319 βλασφημεῖται
947 3270 980 3306 ἐν
994 3275 1065 3312 τοῖς

94 3369 107 3383 “’
135 3367 251 3410 [Vuig.
270 3372 366 3412 ὥσπερ
379 3374 427 3402 ἐάν
438 3385 480 3408 τις
492 3398 499 3412 ,
518 3379 550 3403 et
567 3371 649 3405 infra
667 3378 839 3416 μιμοῦνται.
854 3375 1049 3417 Rs'cepimlls

49 3420 224 3453 lectionem
238 3419 370 3453 Codicis
387 3422 423 3453 A.
439 3421 447 3465 ]

1071 2266 1119 2292 474

1119 397 1209 447 nari,
1227 398 1339 435 sinon
1369 397 1474 435 faciat
1495 397 1556 434 illa
1582 411 1659 447 quae
1675 396 1776 434 docet
1787 411 1798 445 3
1827 408 1891 432 nec
1910 393 2015 432 modo
2031 407 2100 430 non

1119 457 1414 510 patrocinabitur,
1435 457 1496 495 sed
1514 457 1620 495 ctiam
1635 457 1804 509 majorem
1823 455 1974 493 attrahet
1988 453 2100 491 ultio—

1120 532 1211 556 nem.
1233 519 1339 556 Recte
1365 527 1484 555 autem
1509 517 1581 555 illis
1597 517 1813 555 dictionibus
1830 529 1913 553 usus
1933 524 1983 552 est
2004 529 2012 550 :
2033 527 2101 551 non

1120 579 1215 616 enim
1230 578 1337 623 dixit,
1361 578 1534 630 Accepisti
1561 579 1687 628 legem,
1707 577 1782 627 sed,
1817 578 2036 628 Requiescis
2062 577 2104 611 in

1123 639 1216 690 lege.
1238 640 1361 689 Neque
1379 638 1472 676 enim
1487 639 1662 677 laboravit
1675 640 1696 677 J
1702 637 1822 675 udaeus
1837 634 2103 681 circumeundo,

1122 710 1161 737 ut
1181 710 1351 750 quaereret
1366 715 1405 738 ea
1415 715 1492 751 quae
1509 700 1643 751 agenda
1657 708 1774 747 erant,
1786 698 1847 736 sed
1860 698 1963 736 facile
1977 697 2106 734 habuit

1120 762 1249 812 legem,
1267 776 1344 813 quae
1363 762 1459 801 viam
1478 761 1674 798 ostenderet
1685 760 1729 798 ad
1751 761 1931 798 virtutem.
1953 758 2105 796 Etiamsi

1123 822 1217 859 enim
1231 832 1350 873 gentes
1370 831 1501 859 naturae
1512 821 1906 867 ratiociniumhaheant,
1921 819 2015 857 unde
2026 820 2106 857 illos

1123 892 1305 934 superant,
1327 891 1448 934 utpote
1460 881 1521 931 qui
1538 880 1612 918 sine
1622 880 1803 918 auditione
1821 881 1939 918 onmia
1956 881 2105 927 faciant3

1122 952 1274 980 attamen
1290 942 1366 979 illic
1394 942 1506 992 major
1523 940 1674 977 facilitas
1705 949 1790 979 erat.
1805 941 1913 986 Quod.
1931 941 1957 977 si
1989 940 2104 988 dicas,

1072 1008 1096 1036 D
1123 1004 1202 1041 Non
1224 1004 1340 1040 solum
1351 1002 1473 1050 audio,
1490 1000 1552 1039 sed
1566 1001 1670 1038 etiam
1700 1001 1829 1050 doceo3
1848 1000 1940 1037 illud
1968 1013 2108 1050 quoque

1123 1063 1406 1100 additamentum
1425 1061 1594 1114 supplicii
1616 1071 1677 1099 est.
1700 1061 1794 1106 Quia
1821 1074 1902 1111 ergo
1920 1060 1987 1097 hac
2007 1059 2043 1097 in
2072 1075 2110 1097 re

1123 1124 1236 1161 altum
1246 1123 1443 1175 sapiebant,
1457 1123 1542 1160 hinc
1553 1122 1707 1160 maxime
1720 1122 1799 1159 illos
1810 1121 1980 1159 ridiculos
1994 1130 2110 1158 osten-

1123 1183 1187 1221 dit.
1209 1184 1299 1222 Cum
1314 1197 1397 1221 vero
1412 1182 1514 1233 dicit,
1531 1184 1680 1220 Ducem
1700 1195 1900 1227 caecorum,
1935 1181 2109 1218 erudito-

1124 1259 1203 1283 rem
1220 1247 1496 1296 insipientium,
1517 1247 1742 1296 magistrum
1776 1245 2006 1294 infantium,
2024 1241 2110 1278 illo-

1126 1320 1205 1343 rum
1217 1306 1348 1343 fastum
1367 1304 1536 1357 exprimit
1555 1320 1562 1340 :
1582 1318 1794 1356 magnopere
1813 1302 1907 1341 enim
1923 1300 2112 1354 proselytis

1127 1367 1374 1417 abutebantur,
1390 1376 1423 1404 et
1445 1366 1510 1404 hoc
1532 1366 1613 1403 illos
1630 1366 1770 1403 nomine
1791 1364 1979 1404 vocabant.

1182 1551 1218 1586 Ξ.
1238 1548 1321 1586 Ideo
1348 1547 1482 1585 Paulus
1498 1546 1596 1585 varie
1612 1546 1691 1583 illas
1707 1559 1785 1596 quae
1804 1544 2018 1584 videbantur
2043 1557 2116 1580 esse

1128 1608 1251 1646 laudes
1271 1623 1393 1646 eorum
1423 1609 1540 1656 refert,
1559 1607 1671 1645 sciens
1698 1606 1779 1643 illas
1799 1605 1942 1657 majoris
1969 1618 2114 1641 accusa-

1079 1689 1104 1719 Ε
1131 1671 1235 1709 tionis
1253 1685 1326 1709 esse
1338 1685 1493 1708 causam.
1518 1672 1736 1707 Habentem
1747 1670 1927 1720 formam
1947 1669 2117 1705 scientiae

1130 1742 1166 1771 et
1177 1735 1356 1770 veritatis
1365 1735 1404 1769 in
1416 1733 1508 1783 lege.
1519 1733 1568 1769 Ac
1582 1731 1609 1768 si
1619 1731 1698 1781 quis
1713 1729 2045 1781 regiamimaginem
2058 1728 2117 1765 ha·

1130 1794 1228 1842 bens,
1244 1794 1332 1831 nihil
1352 1795 1388 1830 in
1408 1793 1469 1830 illa
1485 1792 1668 1844 depingit,
1692 1791 1807 1829 iivero
1817 1790 1947 1840 quibus
1960 1789 2115 1827 illacon—

1133 1854 1264 1892 credita
1276 1868 1345 1891 non
1361 1862 1424 1903 est,
1439 1853 1513 1891 sine
1530 1861 1720 1904 prototypo
1739 1860 1900 1889 accurate
1915 1850 2015 1887 illam
2030 1849 2115 1886 imi-

1132 1926 1263 1954 tantur.
1284 1918 1476 1966 Postquam
1495 1913 1672 1952 enarravit
1697 1902 1965 1965 praerogatiVaS,
1985 1925 2072 1962 quas
2099 1926 2118 1948 a

1134 1981 1208 2017 Deo
1228 1979 1416 2025 habebant,
1439 1978 1584 2015 illorum
1604 1976 1693 2014 vitia
1724 1984 1889 2023 recenset,
1909 1973 2030 2011 eadem
2042 1971 2120 2025 ipsa

1133 2041 1169 2079 in
1193 2040 1350 2079 medium
1374 2040 1538 2088 afferens,
1560 2038 1605 2075 de
1627 2037 1759 2087 quibus
1776 2036 1956 2088 prophctae
1975 2049 2119 2073 accusa-

1132 2103 1219 2141 bant
1242 2118 1249 2138 :
1275 2103 1349 2152 Qui
1363 2114 1450 2152 ergo
1472 2101 1584 2137 doces
1604 2099 1740 2145 alium,
1763 2100 1923 2149 teipsum
1948 2111 2027 2134 non
2052 2098 2120 2134 do-

1133 2178 1194 2202 ces
1207 2180 1221 2207 ,·
1240 2166 1307 2214 qui
1320 2162 1509 2214 praedicas
1525 2174 1603 2197 non
1603 2160 1844 2214 furandum,
1850 2160 2009 2210 furaris
2022 2174 2038 2203 ;
2056 2160 2120 2196 92).

1134 2228 1199 2277 qui
1236 2226 1332 2261 dicis
1363 2237 1440 2260 non
1467 2222 1752 2266 moechandum,
1785 2222 1989 2257 moecharis
2003 2235 2017 2264 ,·
2055 2223 2122 2271 qui

1083 2303 1107 2331 Α
1133 2287 1371 2324 abominaris
1395 2284 1515 2330 idola,
1547 2282 1794 2333 sacrilegium
1814 2282 1947 2332 facis?
1979 2280 2121 2317 Etenim

1132 2346 1237 2384 valde
1256 2344 1480 2397 prohibitum
1499 2352 1588 2392 erat,
1606 2356 1648 2379 ne
1663 2341 1742 2392 quis
1767 2355 1822 2378 res
1837 2340 2017 2378 idolorum
2035 2354 2122 2378 con-

1132 2408 1283 2459 tingeret
1305 2407 1351 2444 ob
1376 2404 1676 2443 exsecrationem:
1696 2411 1731 2440 at
1761 2402 1919 2454 pecuniae
1948 2401 2122 2454 tyrannis,

1132 2470 1261 2521 inquit,
1281 2469 1372 2506 banc
1392 2480 1533 2518 quoquc
1556 2464 1761 2503 conculcare
1779 2464 1894 2514 legem
1914 2463 2018 2501 vobis
2041 2477 2122 2514 per-

1133 2531 1253 2570 suasit.
1264 2529 1402 2568 Deinde
1414 2527 1510 2579 quod
1517 2526 1662 2578 gravius
1671 2534 1758 2572 erat,
1769 2524 2057 2571 demumintulu,
2068 2523 2124 2560 di-

1134 2606 1232 2630 cens:
1247 2593 1309 2629 25.
1318 2592 1392 2640 Qui
1406 2593 1446 2626 in
1461 2590 1540 2640 lege
1553 2588 1747 2639 gloriaris,
1755 2587 2121 2637 perpraevaricatio-

1136 2668 1219 2690 nem
1230 2654 1323 2703 legis
1336 2653 1462 2688 Deum
1481 2650 1690 2686 inhonoras
1701 2651 1717 2683 Ρ
1733 2648 1814 2684 Duo
1823 2645 1971 2683 crimina
1983 2645 2121 2696 posuit,

1135 2715 1206 2752 imo
1214 2713 1333 2765 potius
1341 2709 1520 2760 t1·ia,quod
1535 2708 1776 2754 dehonestent,
1786 2706 1879 2756 quod
1890 2720 1952 2757 per
1962 2719 2013 2751 ea,
2021 2705 2122 2755 queis

1134 2774 1298 2813 honorati
1317 2781 1413 2817 sunt,
1431 2769 1527 2821 quod
1558 2783 1593 2806 se
1620 2766 2082 2805 honoranteminhonorent
2114 2781 2121 2800 :

1136 2835 1229 2887 quod
1245 2844 1317 2872 erat
1334 2833 1441 2870 animi
1454 2843 1591 2869 summe
1608 2827 1753 2879 ingrati.
1771 2827 1910 2865 Deinde
1929 2841 1971 2864 ne
1985 2826 2122 2865 videre-

1135 2907 1194 2935 tur
1213 2911 1257 2934 ex
1273 2909 1307 2933 se
1330 2907 1506 2939 accusare,
1523 2890 1734 2943 prophetam
1753 2897 1992 2926 accusatorem
2012 2886 2121 2924 indu-

1136 2959 1209 3007 xit,
1226 2971 1319 2995 nunc
1333 2954 1480 3006 quidem
1501 2952 1622 3005 paucis
1638 2960 1671 2988 et
1691 2949 1907 2998 summatim,
1918 2948 2046 2986 deinde
2062 2963 2123 2986 xe-

1088 3039 1110 3068 B
1137 3034 1176 3058 ro
1213 3033 1276 3070 per
1306 3026 1422 3069 partes
1441 3031 1448 3051 z
1468 3028 1560 3052 nunc
1593 3012 1734 3060 Isaiam,
1765 3020 1887 3063 postea
1924 3010 2123 3056 Davidem,

1136 3079 1277 3132 quando
1301 3079 1421 3131 plures
1447 3075 1570 3114 retulit
1606 3073 1870 3111 confutationes.
1897 3070 2004 3118 Quod
2030 3071 2124 3108 enim

1137 3157 1206 3181 non
1235 3155 1299 3192 ego
1320 3139 1422 3179 vobis
1441 3136 1659 3188 exprobrans
1679 3134 1754 3171 haec
1778 3133 1968 3185 proferam,
1991 3131 2121 3182 inquit,

1139 3203 1224 3242 audi
1250 3201 1336 3253 quid
1351 3200 1446 3238 dicat
1459 3198 1570 3235 Isaias
1588 3212 1594 3232 :
1617 3197 1681 3234 24.
1698 3196 1851 3232 Nomen
1871 3195 1947 3231 Dei
1966 3202 2124 3245 propter
2138 3208 2211 3235 lsai.
2226 3205 2276 3234 52,
2294 3204 2322 3233 5,

1131 3279 1201 3305 vos
1220 3263 1511 3314 blasphematur
1523 3261 1563 3294 in
1584 3258 1774 3308 gentibus.
1794 3254 1887 3292 Eece
1907 3254 2012 3291 aliam
2049 3254 2120 3291 du-

1162 3384 1174 3398 u
1199 3370 1287 3404 Alius
1304 3370 1349 3411 [et
1369 3367 1422 3408 A.]
1445 3368 1580 3401 εἰδώλοις-
