2502 3810
154 986 338 1023 J‹²1·.1t.14.

148 1466 211 1493 Jer.
233 1475 261 1494 2.
281 1475 330 1495 22.

903 231 1087 262 JOANNIS
1123 232 1362 261 CHRYSOST.

371 216 462 273 648
829 233 865 261 s.

368 328 432 365 pro
447 313 531 349 illis.
551 314 651 349 Nunc
666 324 804 361 quoque
819 311 977 362 idipsum
989 311 1074 348 facit
1090 327 1099 349 :
1117 311 1196 349 ideo
1210 312 1345 350 donum

367 371 577 422 precationis
604 370 753 420 largitus
774 378 836 406 est.
858 370 957 407 Illud
983 383 1065 408 vero
1090 371 1251 420 faciebat,
1277 384 1346 409 non

366 431 459 481 quod
482 431 490 467 i
495 445 554 483 pse
576 430 816 468 obsecratione
833 444 922 481 opus
940 430 1085 468 haberet
1100 445 1111 479 ;
1128 431 1190 469 sed
1208 445 1251 469 ne
1269 446 1344 481 nOS,

364 491 458 541 quod
475 490 563 528 salvi
584 490 708 536 simus,
728 489 918 528 deteriores
935 489 1138 529 evadamus.
1156 490 1238 529 Ideo
1254 506 1346 544 saepe

363 560 395 588 et
410 560 553 602 propter
572 549 693 588 David
710 559 744 587 et
762 559 906 602 propter
919 550 1031 588 alium
1048 560 1081 588 et
1095 551 1208 589 alium
1222 566 1258 590 se
1273 552 1344 591 illis

361 611 580 648 reconciliari
601 611 651 648 ait
671 627 678 647 :
698 610 765 648 hoc
787 611 904 662 ipsum
926 625 1115 663 apparans,
1137 621 1176 650 ut
1194 613 1344 651 formam

359 672 636 709 reconciliationi
655 671 785 721 addat,
802 686 1019 722 quamquam
1035 672 1222 724 benignior
1237 688 1343 726 appa-

358 742 448 770 reret
469 733 553 784 ipse,
574 733 603 770 si
623 746 691 770 non
711 746 773 784 per
791 732 903 770 alium
922 741 955 770 et
973 733 1099 783 alium,
1122 734 1183 771 sed
1201 748 1264 786 per
1282 749 1341 773 se-

357 793 474 845 ipsum
492 794 624 831 diceret
643 807 678 831 se
697 793 974 844 indignationem
994 808 1094 833 suam
1115 795 1202 847 ipsis
1220 796 1340 833 remit-

360 863 444 891 tere.
464 855 600 891 Verum
620 868 688 891 non
714 862 787 891 tam
806 854 872 892 hoc
893 854 954 892 ille
968 855 1096 904 voluit,
1114 870 1221 906 quam
1241 865 1279 893 ut
1298 870 1341 894 ne

356 914 412 961 iis,
431 915 491 965 qni
517 915 606 953 salvi
625 915 762 964 fierent,
783 915 1079 954 reconciliationis
1094 917 1220 955 modus
1238 917 1338 969 igna-

355 975 421 1012 τῖες
438 989 541 1013 causa
557 977 658 1013 soret.
677 975 760 1013 Ideo
777 975 937 1014 Jeremiae
954 976 1094 1015 dicebat
1109 992 1116 1013 :
1132 979 1192 1015 Ne
1202 992 1334 1029 prece-

352 1038 405 1073 ris
432 1050 501 1086 pro
526 1037 667 1087 populo
701 1037 786 1083 hoc,
815 1039 908 1088 quia
935 1050 1011 1074 non
1037 1039 1245 1075 exaudiam
1269 1047 1304 1076 te
1318 1055 1333 1083 ,-

351 1111 420 1134 non
440 1097 537 1147 qnod
554 1097 661 1135 vellet
684 1097 788 1134 illum
808 1097 973 1148 precandi
994 1098 1101 1136 finem
1119 1099 1234 1137 facere
1254 1104 1333 1146 (sa-

350 1157 460 1194 lutem
477 1157 610 1209 qnippe
635 1166 790 1194 nostram
811 1157 990 1195 desiderat
1004 1162 1038 1207 );
1059 1158 1119 1196 sed
1137 1159 1234 1210 quod
1253 1160 1334 1198 illos

350 1226 478 1255 terrere
494 1225 636 1268 cuperet
649 1232 656 1253 ε
669 1216 765 1267 quod
778 1217 980 1268 intelligens
994 1218 1181 1269 propheta,
1197 1220 1335 1271 precari

349 1292 419 1315 non
443 1279 605 1316 cessavit.
631 1277 679 1315 Et
699 1287 739 1315 ut
763 1277 892 1327 discas,
920 1279 1050 1326 Deum,
1076 1293 1143 1316 non
1166 1289 1206 1317 ut
1231 1280 1333 1318 illum

347 1347 535 1387 averteret,
557 1338 618 1376 sed
642 1348 681 1375 ut
707 1338 809 1375 illum
834 1337 1070 1390 pudefacerct,
1090 1339 1164 1376 haec
1189 1339 1334 1390 dixisse,

348 1398 434 1435 audi
469 1399 559 1448 quid
585 1399 681 1436 dicat
703 1415 711 1435 τ
734 1400 886 1436 Annon
913 1400 1038 1448 vides,
1062 1401 1156 1450 quid
1184 1402 1333 1453 illisa-

346 1462 453 1496 ciunt
472 1464 488 1496 Ρ
502 1459 682 1497 Adversus
699 1459 880 1498 civitatem
895 1473 978 1498 vero
995 1473 1076 1495 cum
1097 1459 1182 1497 dicit
1201 1476 1209 1496 :
1226 1461 1266 1498 Si
1280 1462 1335 1498 la—

348 1523 443 1557 veris
473 1528 509 1558 te
531 1523 631 1557 nitro
662 1529 698 1557 et
728 1520 1033 1557 accumulaveris
1059 1522 1131 1557 tibi
1165 1522 1335 1568 herbam,

344 1581 544 1618 maculata
558 1594 597 1618 es
611 1583 652 1617 in
667 1588 869 1630 conspectu
885 1593 967 1617 meo
981 1596 997 1624 ,·
1014 1594 1083 1617 non
1099 1589 1137 1617 ut
1153 1580 1190 1618 in
1208 1581 1334 1633 despe-

342 1642 514 1678 rationem
536 1641 721 1692 conjiceret
744 1639 844 1689 dicit,
866 1640 929 1678 sed
953 1650 992 1678 ut
1013 1641 1061 1678 ad
1088 1641 1334 1693 poenitentiam

341 1703 522 1741 excitaret.
544 1703 643 1740 Sient
664 1702 758 1740 enim
778 1702 875 1754 apud
896 1703 1091 1753 Ninivitas,
1112 1718 1195 1742 cum
1210 1704 1334 1742 indefi-

343 1764 414 1801 nite
435 1764 640 1802 sententiam
661 1762 825 1810 dixisset,
847 1777 911 1801 nec
933 1763 1065 1802 bonam
1086 1779 1185 1817 spem
1204 1766 1330 1804 subin—

339 1822 488 1872 dicaret,
505 1824 619 1875 magis
637 1823 719 1861 illos
744 1823 868 1861 terruit
887 1833 921 1862 et
940 1824 987 1862 ad
1000 1825 1245 1876 poenitentiam
1263 1827 1332 1865 de—

341 1883 446 1921 duxit
476 1900 483 1920 :
522 1885 572 1922 sic
602 1893 635 1922 et
671 1884 738 1922 hoc
767 1884 844 1923 loco
873 1885 969 1933 facit,
1003 1886 1083 1924 illos
1113 1887 1271 1926 excitans
1299 1897 1333 1926 et

1407 233 1612 263 Alienum.
1653 224 2006 264 εοΝεΤἊΝΤιικ-οι).

1415 313 1575 365 χάρισμα
1589 316 1691 366 εὒχῆς
1707 315 1968 353 ἐδίδου.Ἐποίει
1980 315 2015 352 δὲ
2026 318 2136 362 τοῦτο,
2149 318 2208 354 οὐκ
2219 318 2317 361 αὐτὸς
2330 333 2441 369 παρα-

1418 373 1574 420 κλήσεως
1589 375 1746 425 δεόμενος
1757 405 1767 423 ,
1785 377 1860 413 ἀλλ’
1877 374 1933 413 ἵνα
1943 379 2044 425 ἡμεῖς
2062 375 2128 425 μὴ,
2148 377 2266 420 ἁπλῶς
2279 379 2437 428 σωζόμε-

1414 450 1465 472 νοι
1478 465 1487 482 ,
1506 435 1710 487 φαυλότεροι
1728 437 1970 486 καταστῶμεν.
1991 435 2058 473 Διοί
2075 452 2129 474 τοι
2149 439 2251 475 τοῦτο
2270 439 2438 482 πολλάκις

1418 495 1474 534 διὰ
1486 496 1542 534 τὸν
1564 497 1673 534 Δαυὶδ
1689 497 1747 534 καὶ
1762 496 1818 534 τὸν
1839 497 1933 534 δεῖνα
1948 496 2006 534 καὶ
2020 496 2078 534 τὸν
2096 497 2191 535 δεῖνά
2207 513 2309 548 φησιν
2323 500 2438 541 αὐτοῖς

1419 556 1740 602 καταλλάττεσθαι,
1775 561 1875 595 τοῦτο
1912 556 1996 594 αὐτὸ
2032 558 2298 601 κατασκευάζων
2317 558 2436 604 πάλιν,

1369 623 1390 652 Β
1417 616 1472 654 ἵνα
1493 616 1552 654 καὶ
1572 620 1695 669 σχῆμα
1716 619 1855 667 ἕπιτεθῇ
1878 619 1920 668 τῇ
1942 619 2165 669 καταλλαγῇ·
2187 618 2299 656 καίτοι
2323 619 2435 669 μειζό-

1416 693 1480 720 νως
1500 677 1539 715 ἂν
1553 678 1652 720 αὐτὸς
1669 678 1776 729 ἐφάνη
1788 677 2026 729 φιλάνθρωπος
2038 707 2046 723 ,
2069 680 2097 715 εἰ
2117 677 2165 728 μὴ
2188 677 2244 716 διὰ
2263 678 2321 716 τὸν
2341 679 2435 717 δεῖνα

1414 738 1474 776 καὶ
1493 738 1549 777 τὸν
1570 739 1682 786 δεῖνα,
1703 737 1794 776 ἀλλὰ
1815 739 1857 776 δι’
1879 738 1999 776 ἑαυτὸν
2019 737 2133 789 ἔλεγεν
2156 740 2270 781 αὐτοῖς
2299 741 2434 790 ἀφεῖναι

1413 798 1474 845 τὴν
1495 799 1611 850 ὀργήν.
1631 800 1721 837 Ἀλλ’
1743 800 1807 850 οὐχ
1835 798 1924 837 οὕτω
1953 804 2051 838 τοῦτο
2073 799 2296 848 ἐσπούδακεν,
2323 802 2369 843 ὡς
2397 802 2437 839 τὸ

1412 865 1481 902 τοῖς
1503 860 1710 911 σωζομένοις
1730 859 1778 911 μὴ
1799 859 1958 910 γενέσθαι
1991 860 2161 911 ῥᾳθυμίας
2187 860 2347 912 ἀφορμὴν
2372 861 2434 908 τὴν

1410 923 1472 966 τῆς
1487 921 1712 971 καταλλαγῆς
1734 920 1907 958 ὑπόθεσιν.
1924 919 1991 957 Διὰ
2008 924 2108 958 τοῦτο
2138 921 2197 958 καὶ
2216 924 2265 973 τῷ
2279 920 2434 974 Ἱερεμίᾳ

1409 979 1504 1031 ἔλεγε
1519 1011 1529 1028 ,
1548 981 1609 1028 Μὴ
1627 981 1721 1025 ἀξίου
1734 980 1813 1033 περὶ
1834 985 1892 1019 τοῦ
1912 982 1997 1018 λαοῦ
2023 980 2167 1028 τούτου,
2188 981 2240 1019 ὅτι
2276 983 2337 1019 οὒκ
2367 985 2434 1020 εἷσ-

1409 1041 1601 1092 ακούσομαί
1636 1057 1718 1079 σου·
1750 1041 1826 1093 οὐχὶ
1854 1044 1986 1079 παῦσαι
2018 1041 2120 1079 αὐτὸν
2151 1041 2258 1080 θέλων
2274 1042 2432 1086 ἀξιοῦντα

1407 1101 1519 1149 (πολὺ
1549 1101 1615 1153 γὰρ
1649 1103 1810 1151 ἐπιθυμεῖ
1838 1104 1900 1147 τῆς
1929 1102 2102 1154 σωτηρίας
2131 1105 2193 1149 τ’ἧς
2218 1103 2431 1155 ἡμετέρας),

1408 1164 1483 1200 ἀλλ’
1498 1162 1647 1206 ἐκείνους
1667 1163 1837 1214 φοῧῆσαι·
1862 1161 1947 1214 ὅπερ
1963 1155 2021 1200 οῦν
2035 1162 2093 1200 καὶ
2118 1165 2135 1200 ὁ
2154 1163 2334 1216 προφήτης
2354 1179 2431 1201 συν-

1410 1222 1501 1270 ιδὼν,
1522 1226 1584 1260 οὐκ
1602 1222 1779 1260 ἐπαύσατο
1806 1221 1921 1266 ἀξιῶν.
1951 1223 2020 1261 Καὶ
2041 1222 2097 1260 ἵνα
2121 1223 2257 1274 μάθῃς,
2286 1223 2337 1261 ὅτι
2369 1225 2431 1261 οὐκ

1359 1289 1382 1319 C
1409 1285 1608 1328 ἀποστῆσαι
1640 1283 1742 1321 αὐτὸν
1760 1282 1890 1329 θέλων,
1911 1284 1987 1320 ἀλλ’
2009 1283 2193 1335 ἓντρέψαι,
2223 1287 2331 1321 ταῦτα
2350 1284 2430 1322 ἔλε-

1407 1359 1477 1393 γεν,
1495 1344 1638 1380 ἄκουσον
1658 1343 1691 1380 τί
1710 1359 1812 1394 φησιν
1824 1359 1831 1366 ·
1848 1341 1898 1380 ’Ἢ
1916 1344 1980 1393 οὐχ
1996 1345 2078 1394 ὁρᾷς
2097 1343 2130 1380 τί
2155 1344 2252 1381 αὐτοὶ
2269 1348 2427 1385 ποιοῦσι;

1407 1403 1477 1440 Καὶ
1506 1405 1591 1455 πρὸς
1623 1404 1686 1450 τὴν
1715 1405 1815 1442 πόλιν
1846 1403 1881 1441 δὲ
1912 1403 1994 1441 ὅταν
2014 1404 2116 1456 λέγῃ·
2140 1404 2226 1442 Ἐὰν
2247 1406 2427 1457 ἀποπλύνῃ

1407 1463 1532 1515 νίτρῳ,
1551 1465 1610 1502 καὶ
1630 1465 1804 1515 πληθύνῃς
1819 1467 1944 1515 σεαυτῇ
1961 1464 2063 1511 πόαν,
2083 1465 2316 1512 κεκηλίδωσαι
2332 1468 2431 1503 ἐναν-

1405 1522 1479 1559 τίον
1499 1538 1582 1574 μου·
1605 1525 1670 1576 οὐχ
1682 1523 1738 1562 ἵνα
1755 1527 1801 1567 εἰς
1821 1524 2018 1575 ἀπόγνωσιν
2035 1524 2173 1576 ε’μῧάλῃ
2186 1554 2195 1571 ,
2215 1524 2329 1575 λέγει,
2349 1526 2426 1563 ἀλλ’

1406 1583 1461 1621 ἵνα
1483 1586 1529 1627 εἷς
1562 1585 1745 1635 μετάνοιαν
1766 1585 1995 1637 διαναστῆσῃ.
2015 1584 2155 1637 “ssot-:ep
2173 1585 2240 1637 γὰρ
2268 1585 2324 1623 ἐπὶ
2358 1589 2427 1623 τῶν

1407 1647 1594 1683 Νινευιτῶν
1624 1644 1826 1696 ἀδιορίστως
1849 1645 1955 1683 εἰπὼν
1974 1645 2036 1692 τὴν
2065 1646 2251 1697 ἀπόφασιν,
2282 1645 2340 1683 καὶ
2377 1645 2425 1696 μὴ

1405 1705 1585 1748 ὑποτείνας
1610 1705 1767 1758 χρηστὰς
1787 1705 1946 1753 ἐλπίδας,
1967 1708 2097 1756 μᾶλλον
2119 1705 2267 1758 ἐφόὸησε
2289 1706 2347 1743 καὶ
2379 1709 2426 1749 εἷς

1406 1766 1590 1816 μετάνοιαν
1610 1766 1739 1818 ἤγαγεν
1753 1781 1760 1788 ·
1783 1764 1871 1804 οὕτω
1894 1765 1952 1804 καὶ
1973 1768 2119 1804 ἐνταῦθα
2149 1771 2258 1813 ποιεῖ,
2279 1765 2424 1809 ἐκείνους

1403 1842 1440 1865 τε
1462 1827 1637 1880 διεγείρων
1657 1827 1718 1865 καὶ
1743 1827 1802 1865 τὸν
1820 1826 2001 1880 προφήτην
2027 1825 2294 1879 αἰδεσιμώτερον
2314 1842 2424 1864 κατα-

1404 1889 1594 1934 σκευάζων,
1626 1887 1682 1926 ἵνα
1721 1887 1786 1925 κᾶν
1816 1887 1924 1930 οὕτως
1960 1889 2064 1925 αὐτοῦ
2099 1887 2305 1925 ἀκούσωσιν.
2333 1880 2423 1924 Εἶτα

340 1945 553 1996 prophetam
575 1945 871 1983 venerabiliorem
890 1945 1057 1997 reddens,
1082 1956 1121 1985 ut
1139 1947 1263 1986 saltem
1280 1949 1330 1986 sic
1351 1951 1376 1981 D
1403 1949 1521 1994 ἐπειδὴ
1537 1949 1656 1999 ἔμενον
1677 1947 1801 1986 ἀνίατα
1828 1952 2023 1996 νοσοῦντες,
2043 1948 2102 1986 καὶ
2121 1947 2197 1986 οὗῖὲ
2224 1951 2292 1985 τῶν
2309 1947 2423 1986 ἄλλων

338 2005 443 2042 illum
458 2006 634 2044 audirent.
660 2006 796 2044 Deinde
812 2007 896 2057 quia
919 2007 1110 2046 incurabili
1130 2009 1255 2047 morbo
1274 2010 1329 2047 la-

337 2067 527 2115 borabant,
549 2082 588 2104 ac
614 2081 656 2104 ne
678 2067 758 2105 aliis
778 2067 922 2117 quidem
944 2068 1110 2107 immissis
1136 2070 1324 2122 resipisce-

338 2127 435 2174 bant,
454 2127 570 2178 primo
586 2137 703 2165 monet
720 2128 811 2177 illos,
833 2137 871 2165 ut
886 2128 937 2166 ibi
954 2138 1117 2167 maneant
1141 2146 1148 2166 :
1168 2145 1249 2168 cum
1266 2146 1311 2169 au

338 2195 408 2224 tem
426 2187 464 2224 id
486 2187 694 2236 noluissent,
714 2187 777 2224 sed
797 2188 1037 2239 confugissent
1053 2189 1088 2226 in
1108 2189 1321 2243 AEgyptum,

339 2246 405 2283 hoc
427 2246 570 2296 quidem
589 2247 768 2294 concessit,
791 2248 890 2298 petiit
909 2257 1026 2285 autem
1044 2249 1089 2286 ab
1108 2249 1206 2301 ipsis,
1221 2260 1260 2288 ut
1281 2266 1324 2289 ne

337 2320 418 2343 cum
449 2307 606 2358 AEgypto
643 2306 689 2344 ad
722 2307 939 2359 impietatem
967 2308 1197 2347 declinarent.
1231 2311 1321 2349 Cum

335 2380 419 2404 vcro
438 2381 481 2404 ne
497 2367 532 2404 in
552 2367 619 2404 hoc
635 2366 781 2417 quidem
803 2367 988 2418 obsequuti
1004 2378 1129 2418 essent,
1145 2384 1227 2407 cum
1248 2371 1320 2409 illis

334 2427 546 2479 prophetam
564 2426 687 2476 mittit,
708 2436 747 2464 ut
770 2441 813 2465 ne
837 2427 979 2465 omnino
999 2428 1053 2466 illi
1070 2429 1318 2481 impingerent.

335 2488 428 2534 Quia
458 2488 552 2526 enini
580 2487 633 2524 illi
659 2488 798 2525 vocanti
830 2502 897 2525 non
919 2488 1214 2540 obsequebantur,
1238 2491 1320 2530 illos

334 2548 409 2599 ipse
425 2548 583 2598 sequitur
599 2547 790 2599 corrigens,
808 2557 840 2585 et
854 2548 1050 2600 impediens
1065 2563 1107 2587 ne
1119 2550 1268 2589 ulterius
1282 2552 1318 2590 in

333 2608 489 2658 nequitia
509 2607 717 2659 procedant,
734 2609 833 2647 velut
853 2617 952 2660 pater
969 2610 1079 2660 prolis
1099 2625 1233 2659 amanS,
1256 2613 1316 2663 qni

333 2670 449 2706 filium
465 2669 651 2707 infeliciter
666 2666 703 2706 in
726 2669 890 2707 omnibus
911 2679 1072 2721 agentem
1091 2672 1224 2723 ubique
1248 2675 1319 2711 eir-

333 2730 516 2768 eumdueit
537 2739 570 2767 et
589 2731 748 2781 sequitur
770 2745 921 2783 semper.
945 2731 1030 2770 Ideo
1046 2746 1115 2770 non
1138 2734 1245 2773 modo
1261 2738 1319 2775 Je-

332 2792 480 2828 remiam
498 2791 534 2828 in
547 2790 758 2842 AEgyptum,
778 2790 838 2828 sed
855 2791 961 2829 etiam
980 2792 1203 2833 Ezechielem
1218 2795 1317 2834 misit

329 2851 563 2903 Babylonem.
592 2851 653 2888 Illi
676 2866 760 2889 vero
783 2865 854 2889 non
882 2852 1187 2893 contradixerunt.
1220 2857 1316 2904 Quia

330 2911 425 2949 enim
445 2911 641 2948 Dominum
660 2926 764 2948 sunm
784 2911 952 2949 videbant
971 2913 1075 2950 valde
1091 2914 1172 2952 illos
1193 2930 1316 2955 aman-

329 2981 413 3021 tem,
430 2972 499 3023 ipsi
516 2986 654 3022 quoque
673 2973 740 3009 hoc
759 2972 897 3009 assidue
915 2972 1074 3011 fecerunt
1095 2990 1102 3010 :
1125 2990 1165 3013 ac
1184 2977 1214 3015 si
1236 2978 1316 3028 quis

328 3047 451 3071 servus
471 3033 605 3084 probus
625 3032 785 3070 inutilem
801 3033 918 3071 filium
932 3033 1075 3084 videns,
1092 3035 1318 3076 misereretur

328 3094 423 3144 ejus,
451 3103 587 3145 patrem
621 3108 765 3132 cernens
792 3093 837 3131 de
866 3094 927 3132 illo
955 3095 1146 3147 dolentem,
1176 3112 1317 3150 seseque

327 3156 599 3192 excruciantem.
630 3154 729 3200 Quid
757 3155 850 3192 enim
879 3169 948 3193 non
978 3157 1205 3208 patiebantur
1232 3175 1314 3212 pro-

326 3216 440 3266 phetae
458 3225 602 3269 propter
615 3216 694 3254 illos
707 3217 724 3254 ’9
735 3217 962 3267 Secabantur,
978 3218 1213 3271 pellebantur,
1229 3236 1312 3260 con-

371 3357 382 3371 a
407 3347 481 3378 Mss.
501 3349 603 3379 nostri
630 3351 822 3392 δυσαρέστως.
841 3347 919 3391 [Sic
939 3357 971 3381 et
987 3352 1023 3382 A.
1043 3359 1074 3383 et
1093 3363 1196 3395 marg.
1215 3353 1333 3396 saxu]

1401 2009 1660 2062 ἀπενεχθέντων
1684 2008 1999 2061 ἐσωφρονίσθησαν,
2029 2009 2068 2046 τὸ
2097 2008 2158 2059 μὲν
2185 2010 2321 2060 πρῶτον
2352 2024 2423 2045 πα-

1401 2076 1509 2122 ραινεῖ
1530 2070 1643 2120 μένειν
1666 2070 1783 2108 αὐτόθι
1795 2085 1802 2092 ·
1820 2072 1865 2113 ὡς
1887 2069 1921 2107 δὲ
1936 2072 1997 2108 οὐκ
2012 2068 2212 2121 ἠνείχοντο,
2227 2070 2302 2107 ἀλλ’
2321 2069 2421 2116 ηὐτο-

1400 2131 1526 2181 μόλουν
1548 2133 1596 2173 εἷς
1625 2130 1818 2181 Αἴγυπτον,
1846 2134 1945 2169 τοῦτο
1974 2130 2036 2181 μὲν
2059 2130 2312 2182 συνεχώρησεν,
2333 2132 2421 2167 αἰτεῖ

1397 2190 1431 2228 δὲ
1458 2193 1542 2243 παρ’
1578 2193 1690 2229 αὐτῶν
1710 2191 1749 2229 τὸ
1783 2190 1832 2241 μὴ
1855 2191 1932 2241 μετ’
1951 2190 2131 2242 Αἰγύπτου
2158 2191 2216 2228 καὶ
2250 2189 2336 2242 πρὸς
2357 2190 2420 2237 τὴν

1398 2251 1558 2289 ἅσέῧειαν
1580 2253 1831 2302 αὐτομολῆσαι.
1855 2251 1916 2294 Ὡς
1934 2252 1969 2290 ’δὲ
1988 2251 2065 2289 οὐδὲ
2077 2256 2177 2289 τοῦτο
2196 2251 2419 2298 ἐπείσθησαν,

1397 2311 1670 2361 συμπέμπειτὸν
1685 2312 1865 2362 προφήτην
1884 2314 2016 2356 αὐτοῖς,
2037 2311 2127 2349 ὥστε
2148 2311 2196 2361 μὴ
2211 2311 2326 2349 τέλεον
2346 2311 2418 2354 ἐξο-

1393 2374 1505 2409 κεῖλαι
1524 2372 1654 2409 λοιπόν.
1677 2371 1822 2418 Ἐπειδὴ
1851 2371 1917 2422 γὰρ
1952 2372 2048 2409 αὐτοὶ
2081 2374 2142 2409 οὐκ
2178 2371 2417 2418 ἠκολούθησαν

1393 2432 1484 2482 αὐτῷ
1503 2433 1684 2478 καλοῦντι,
1706 2431 1805 2474 αὐτὸς
1838 2434 1950 2474 αὐτοῖς
1983 2431 2104 2469 ἕπεται
2126 2432 2244 2470 λοιπὸν
2265 2432 2417 2484 διορθού-

1392 2506 1511 2540 μενος,
1531 2491 1590 2529 καὶ
1617 2490 1759 2529 κωλύων
1783 2491 1992 2544 προσωτέρω
2008 2492 2170 2543 φέρεσθαι
2188 2493 2252 2537 τῆς
2271 2492 2415 2540 κακίας,

2004 2552 2033 2565 ὐ
2080 2554 2123 2572 ax

1390 2552 1548 2604 καθάπερ
1562 2552 1678 2604 πατὴρ
1696 2552 1918 2605 φιλόστοργος
1935 2568 2062 2604 παιοιῳ
2105 2556 2281 2604 ουστυχῶς
2300 2553 2415 2605 ἔχοντι

1342 2622 1366 2652 Ε
1390 2614 1474 2665 πρὸς
1498 2614 1653 2661 ἅπαντα,
1673 2618 1853 2665 πανταχοῦ
1872 2613 2120 2664 συμπεριάγων
2137 2614 2196 2651 καὶ
2217 2629 2412 2666 συμπερια-

1391 2677 1578 2713 κολουθῶν.
1599 2674 1666 2712 Διὰ
1687 2673 1727 2721 δὴ
1746 2678 1846 2711 τοῦτο
1869 2676 1930 2711 οὐκ
1954 2676 2002 2717 εἷς
2034 2674 2210 2724 Αἴγυπτον
2234 2674 2337 2725 μόνον
2356 2674 2413 2713 τὸν

1391 2735 1576 2788 Ἱερεμίαν,
1595 2734 1683 2773 ἀλλὰ
1699 2734 1758 2773 καὶ
1772 2737 1820 2777 εἷς
1838 2736 2034 2773 &Comma
2052 2735 2108 2772 τὸν
2123 2735 2292 2782 Ἰεζεκιὴλ
2308 2735 2415 2786 ἔπεμ-

1390 2812 1465 2835 πεν.
1496 2798 1542 2834 Οἱ
1565 2795 1600 2834 δὲ
1627 2798 1688 2833 οὐκ
1715 2796 1909 2847 ἀντέλεγον.
1929 2795 2075 2841 Ἐπειδὴ
2103 2795 2170 2846 γὰρ
2203 2795 2261 2833 τὸν
2282 2798 2413 2833 ἑαυτῶν

1389 2854 1570 2903 Δεσπότην
1591 2850 1677 2894 εἶδον
1699 2856 1829 2909 σφόδρα
1866 2855 1988 2899 αὐτοὺς
2020 2857 2206 2907 φιλοῦντα,
2225 2856 2284 2893 καίΙ
2317 2857 2414 2894 αὐτοὶ

1388 2923 1487 2957 τοῦτο
1505 2921 1679 2960 ποιοῦν-,ες
1694 2917 1864 2955 διετέλουν
1877 2932 1885 2939 ·
1904 2915 2022 2967 ὥσπερ
2041 2915 2080 2953 ἂν
2101 2915 2194 2959 εἴτις
2209 2916 2280 2954 υἱὸν
2298 2917 2411 2968 ἄχρη-

1389 2995 1467 3018 στον
1505 2980 1623 3020 δοῦλος
1658 2977 1844 3029 εὐγνώμων
1867 2976 2054 3023 ἐλεήσειεν,
2089 2980 2178 3028 ὁρῶν
2198 2977 2255 3015 τὸν
2275 2977 2412 3029 πατέρα

1389 3043 1558 3092 ἀλγοῦντα
1588 3038 1672 3090 ὑπὲρ
1711 3041 1814 3077 αὐτοῦ
1841 3038 1900 3076 καὶ
1922 3037 2149 3087 κοπτόμενον.
2171 3037 2219 3075 Τί
2251 3037 2317 3088 γὰρ
2350 3040 2412 3076 οὐκ

1388 3102 1540 3153 ἔπασχον
1559 3101 1602 3137 δι’
1631 3098 1774 3145 αὐτούς;
1797 3098 2021 3150 Ἐπρίζοντο,
2043 3097 2250 3146 ἠλαύνοντο,
2271 3099 2409 3136 ὠνειδί-

1387 3165 1504 3208 ζοντο,
1531 3161 1747 3206 ε’λιθάζοντο,
1766 3159 1871 3211 μυρία
1896 3159 2048 3210 ἔπασχον
2081 3159 2175 3197 δεινοί
2193 3175 2200 3182 ·
2230 3159 2288 3197 καὶ
2320 3160 2409 3209 μετὰ

1386 3228 1496 3262 ταῦτα
1514 3223 1651 3261 ἅπαντα
1663 3251 1672 3269 ,
1698 3221 1783 3272 πρὸς
1802 3219 1923 3263 αὐτοὺς
1943 3219 2081 3271 ἔτρεχον
2107 3219 2224 3258 πάλιν.
2243 3220 2311 3258 Καὶ
2338 3218 2405 3271 γὰρ
