2466 3805
303 265 385 312 190
737 265 775 294 S.

293 349 397 381 omni
413 344 525 381 domo
543 355 625 381 sua.
643 340 724 379 Haec
740 340 840 388 dicit,
861 352 904 375 ne
921 345 1020 388 putes
1039 334 1085 373 ob
1105 333 1261 384 dignita-

291 415 360 443 tem
380 407 453 457 ejus
472 405 520 442 sic
538 404 776 455 dispensatum
794 400 914 437 fuisse.
937 396 1089 443 Quando
1108 395 1261 432 Paulum

290 465 421 503 adduci
439 464 632 515 oportebat,
656 474 724 498 non
743 459 897 510 angelus,
917 457 979 494 scd
993 457 1067 508 ipse
1085 455 1260 493 Dominus

292 534 458 576 apparet;
479 536 589 572 neque
606 521 715 558 mittit
735 534 815 558 eum
831 518 878 556 ad
890 518 1046 568 aliquam
1063 531 1104 554 ex
1125 515 1261 553 duode-

177 589 279 615 Pelrus
294 584 361 620 cim
375 583 457 629 illis,
475 581 533 618 sed
547 580 592 617 ad
607 580 790 617 Ananiam.
813 578 880 615 Hic
895 591 977 615 vero
997 586 1132 624 contra,
1160 589 1262 629 cory-

94 631 270 668 coryphaeus,

288 643 430 694 phaeum
448 641 567 687 mittit,
587 649 627 677 ut
650 639 859 691 Philippum
879 637 923 675 ad
943 637 1158 687 eunuchum,
1180 637 1262 674 illo-

287 716 364 740 rum
391 700 586 738 infirmitati
611 715 646 738 se
674 710 924 752 attemperans‚
947 698 1142 749 docensque
1175 712 1262 749 quo-

287 761 390 798 modo
409 761 540 798 talibus
563 760 616 798 uti
640 769 810 812 oporteat.
829 761 918 797 Nam
937 768 971 796 et
991 759 1154 796 Christus
1172 772 1262 810 saepe

285 830 428 873 apparet
453 821 508 870 iis⁷
524 821 585 872 qui
614 822 707 858 mala
733 821 929 873 patiuntur,
951 833 1014 857 nec
1037 828 1183 871 possunt
1200 833 1262 870 per

285 896 321 921 se
336 881 513 920 accedere.
532 882 627 921 Vide
643 891 759 919 autem
780 890 812 919 et
826 881 898 928 hic,
918 894 1048 931 quaeso,
1065 879 1163 917 aliud
1175 880 1262 917 elee-
1285 892 1310 922 F,

286 957 441 995 mosynae
467 943 681 990 encomium;
703 952 742 979 ut
769 951 802 980 et
831 942 905 979 illic
933 943 968 979 in
999 941 1168 979 Tabitha.
1196 943 1264 979 Vir

284 1007 382 1055 pius,
402 1004 531 1053 inquit,
551 1013 586 1040 et
607 1006 743 1040 timens
773 1004 899 1040 Deum
918 1016 1004 1039 eum
1028 1005 1133 1038 omni
1150 1003 1263 1039 domo

287 1077 369 1101 sua.
392 1064 586 1101 Audiamus
613 1072 784 1113 quotquot
812 1063 1021 1100 domesticos
1046 1062 1137 1099 nihil
1160 1077 1264 1100 cura-

287 1138 377 1161 mus.
399 1123 466 1160 Hic
496 1132 613 1160 autem
648 1132 681 1160 et
706 1123 860 1160 militum
896 1137 1017 1160 curam
1055 1123 1210 1174 gerebat,
1231 1133 1264 1161 et

284 1184 542 1235 eleemosynam
571 1183 737 1234 erogabat
762 1182 858 1220 omni
886 1183 1027 1234 populo.
1048 1184 1107 1220 Sic
1137 1192 1171 1220 et
1200 1182 1264 1220 do-

285 1253 403 1295 gmata
427 1254 459 1282 et
474 1244 548 1281 vita
576 1244 673 1281 illius
698 1253 789 1281 reeta
808 1244 963 1281 fuerunt.
985 1245 1090 1281 Vidit
1114 1247 1155 1281 in
1173 1247 1264 1282 ‘visu

286 1306 502 1358 manifeste,
525 1307 637 1357 quasi
669 1306 766 1342 liora
808 1305 884 1341 diei
927 1318 1052 1350 nona,
1084 1305 1264 1356 angelum

285 1366 634 1417 Dei-introeuntem
653 1366 706 1402 ad
723 1379 783 1413 se,
803 1373 840 1402 et
854 1366 1041 1402 dicentem
1055 1368 1141 1412 sibi,
1162 1367 1260 1403 Cor-

1276 1396 1324 1421 178

812 259 992 293 JOANNIS
1026 253 1264 285 CHRYSOST·
1304 253 1506 284 ARCHIEP.
1543 255 1893 286 CONSTANTINOP-

1336 349 1452 385 μερον.
1468 336 1624 382 Εὖσεὸὴς
1639 337 1698 375 καὶ
1711 336 1918 388 φοὸούμενος
1929 336 1986 375 τὸν
2002 336 2092 375 Θεὸν
2108 336 2169 375 σὺν
2183 337 2287 375 παντὶ
2300 339 2350 390 τῷ

1335 395 1420 446 οἴκῳ
1454 398 1567 434 αὐτοῦ.
1587 398 1711 434 Ταῦτα
1737 397 1852 447 λέγει,
1875 396 1932 434 ἵνα
1961 395 2009 447 μὴ
2030 396 2196 449 νομίσῃς,
2218 397 2271 435 ὅτι
2293 397 2351 434 διὰ

1335 454 1374 492 τὸ
1394 454 1530 505 ἀξίωμα
1549 455 1594 493 τὰ
1618 458 1695 494 κατ’
1727 458 1828 495 αὐτὸν
1860 456 1964 501 οὕτως
1994 460 2237 507 οἰκονομεῖται.
2260 457 2350 496 εὈτε

1336 509 1394 554 οῦν
1408 517 1550 554 Παῦλον
1567 520 1808 569 προσαχθῆναι
1821 517 1888 555 ἔδει
1902 547 1911 564 ,
1931 520 2080 568 οὐδαμοῦ
2097 519 2256 569 ἄγγελος,
2274 519 2352 555 ἀλλ’

1336 577 1438 621 αὐτὸς
1456 580 1473 615 ὁ
1494 577 1621 630 Κύριος
1636 577 1811 629 φαίνεται·
1832 578 1906 615 οὐδὲ
1922 578 2054 628 πέμπει
2075 579 2175 616 αὐτὸν
2192 579 2277 631 πρὸς
2292 578 2352 616 ἕνα

1539 637 1605 651 Nl&

1335 637 1414 676 τινὰ
1441 641 1508 676 τῶν
1536 652 1691 684 οωοεκα,
1712 637 1802 676 ἀλλὰ
1825 638 1911 690 πρὸς
1938 638 2106 676 Ἀνανίαν.
2125 638 2297 677 Ἐνταῦθα
2317 638 2353 677 δὲ

1333 699 1539 746 τούναντίον,
1565 698 1622 736 τὸν
1656 705 1841 752 κορυφαῖον
1866 699 1963 750 ἄγει,
1993 701 2039 741 ὡς
2058 699 2239 737 Φίλιππον
2266 700 2352 753 πρὸς

1332 759 1389 798 τὸν
1410 761 1582 811 εὐνοῦχον,
1597 759 1882 810 συγκαταὸαίνων
1904 762 2015 797 αὐτῶν
2033 762 2074 810 τῇ
2093 759 2272 811 ἀσθενείᾳ,
2293 760 2353 797 καὶ

1335 820 1517 867 διδάσκων,
1535 824 1608 864 πῶς
1628 824 1820 873 κεχρῆσθαι
1841 822 1890 858 δεῖ
1907 827 1978 864 τοῖς
1995 819 2179 864 τοιούτοις·
2199 820 2273 871 ἐπεὶ
2293 820 2353 858 καὶ

1334 884 1351 918 ὃ
1370 881 1519 932 Χριστὸς
1547 881 1647 924 αὐτὸς
1662 881 1773 918 ἀπιὼν
1797 881 1956 933 φαίνεται
1976 881 2145 924 πολλάκις
2162 880 2248 933 πρὸς
2275 879 2354 924 τοὺς

1333 945 1449 985 κακῶς
1468 941 1683 993 πάσχοντας,
1699 942 1758 979 καὶ
1778 943 1819 979 δι’
1837 943 1967 980 ἑαυτῶν
1982 941 2162 994 προσιέναι
2183 941 2231 991 μὴ
2253 943 2352 979 δυνα-

1335 1001 1467 1051 μένους.
1485 1002 1561 1040 Θέα
1576 1002 1613 1039 δέ
1631 1019 1689 1053 μοι
1703 1005 1879 1040 κάνταῦθα
1897 1003 2003 1041 πάλιν
2020 1001 2254 1052 ἓλεημοσύνης
2269 1002 2354 1040 ἄλλο

1335 1061 1521 1113 ἐγκώμιον,
1537 1062 1655 1115 ὥσπερ
1676 1065 1746 1100 ἐκεῖ
1761 1063 1817 1101 διὰ
1831 1067 1892 1109 τῆς
1904 1064 2084 1109 Ταὸηθδίς.
2098 1062 2199 1114 Ἀνὴρ
2209 1092 2218 1108 ,
2237 1063 2353 1115 φησὶν,

1336 1122 1476 1169 εὗσεὸὴς
1505 1123 1562 1161 καὶ
1579 1124 1785 1175 φοὲοόμενος
1807 1124 1862 1162 τὸν
1879 1124 1967 1163 Θεὸν
1990 1124 2049 1163 σὺν
2071 1125 2176 1162 παντὶ
2199 1130 2250 1177 τῷ
2270 1125 2354 1178 οἴκῳ

1337 1185 1450 1222 αὐτοῦ.
1470 1183 1697 1234 Ἀκούσωμεν,
1715 1185 1788 1222 ὅσοι
1804 1189 1872 1222 τῶν
1895 1184 2028 1222 οἰκείων
2047 1188 2254 1235 ἀμελοῦμεν.
2277 1180 2354 1224 Οἷ-

1334 1260 1391 1287 τος
1409 1244 1444 1282 δὲ
1463 1244 1522 1282 καὶ
1542 1248 1762 1296 στρατιωτῶν
1783 1247 1985 1296 ἐπεμελεῖτο
2000 1275 2008 1291 ,
2029 1249 2136 1283 ποιῶν
2156 1261 2194 1283 τε
2210 1247 2355 1296 ἐλεημο-

1909 1306 1917 1319 Χ
1962 1305 1971 1319 Χ

1337 1304 1440 1347 σύνας
1457 1305 1560 1342 παντὶ
1575 1308 1623 1358 τῷ
1638 1307 1724 1358 λαῷ.
1739 1305 1842 1344 Οὕτω
1861 1322 1922 1343 και
1937 1322 1980 1342 τα
1994 1306 2150 1357 δόγματα
2167 1305 2228 1344 καὶ
2246 1309 2262 1343 ὁ
2284 1306 2357 1357 βίος

1338 1369 1429 1419 αὐτῷ
1449 1365 1633 1418 διώρΟωτο.
1650 1361 1752 1405 Εἰδεν
1766 1370 1800 1405 ἐν
1816 1367 1965 1419 ὁράματι
1986 1371 2139 1420 φανερῶς
2153 1398 2162 1415 ,
2181 1367 2262 1404 ὡσεὶ
2282 1366 2357 1420 ὥρᾳ

286 1426 376 1464 neli.
413 1425 531 1471 Quare
559 1425 658 1463 videt
699 1426 888 1476 angelum?
918 1427 968 1463 L⁷t
1000 1426 1126 1463 certior
1165 1426 1264 1464 fieret
1288 1433 1314 1462 Α
1336 1427 1440 1479 ἐνάτη
1472 1429 1535 1472 τῆς
1560 1427 1713 1479 ἡμέρας,
1748 1427 1892 1478 ἄγγελον
1927 1428 2020 1465 Θεοῦ
2053 1426 2250 1466 εἰσελθόντα
2270 1428 2357 1479 πρὸς

245 1492 252 1495 “
285 1486 428 1534 Pon-1153
444 1485 515 1522 imo
544 1499 613 1522 non
636 1485 711 1533 ille,
729 1484 790 1522 sed
816 1485 878 1522 alii
904 1485 1126 1523 infirmiores.
1147 1487 1264 1523 Nona

284 1556 402 1584 autem
417 1549 526 1596 liora,
540 1546 679 1597 quando
693 1546 784 1584 curis
799 1547 891 1584 liber
906 1548 941 1584 in
956 1548 1072 1598 quiete
1088 1558 1171 1596 erat,
1184 1562 1265 1586 cum

284 1607 321 1644 in
337 1608 554 1645 orationibus
575 1617 608 1644 et
625 1607 661 1645 in
677 1608 945 1659 compunctione
968 1609 1185 1645 versabatur.
1201 1611 1265 1645 In-

286 1676 394 1705 tuens
406 1677 533 1705 autem
549 1668 672 1714 illum,
687 1671 821 1704 timore
835 1676 1041 1718 correptus,
1053 1668 1266 1707 dixit.Vide

284 1729 449 1779 angelum
478 1743 546 1766 non
574 1729 692 1765 statim
710 1727 883 1764 dicentem
902 1742 979 1778 quae
1001 1727 1161 1766 dicturus
1180 1739 1264 1776 erat,

284 1790 347 1827 sed
373 1790 471 1841 prius
493 1790 686 1828 solventem
715 1798 860 1836 metum,
878 1798 911 1826 et
930 1798 1081 1826 mentem
1101 1791 1175 1841 ejus
1198 1790 1266 1827 eri-

284 1860 434 1901 gentem.
455 1852 546 1888 Nam
575 1865 620 1887 ex
639 1850 716 1888 visu
743 1859 857 1886 metus
874 1850 960 1897 fuit;
979 1849 1038 1886 sed
1058 1859 1172 1888 metus
1191 1864 1266 1888 mo-

284 1911 443 1959 deratus,
472 1911 534 1961 qui
565 1911 668 1948 illum
700 1911 876 1948 intentum
912 1910 1074 1949 redderet
1113 1920 1262 1950 tantum.

285 1973 422 2010 Deinde
451 1973 558 2010 verba
588 1981 721 2009 metum
740 1971 932 2019 solverunt,
954 1972 1026 2009 imo
1040 1973 1158 2024 potius
1184 1973 1265 2010 lau-

283 2033 345 2070 des
365 2034 436 2070 illis
457 2033 630 2085 adjunctae
646 2033 783 2069 timoris
804 2033 1023 2084 asperitatem
1044 2034 1263 2085 mitigarunt.

288 2093 381 2129 Audi
401 2108 484 2130 vero
519 2107 594 2143 quae
625 2094 731 2130 verba
751 2108 758 2128 :
783 2095 984 2131 Orationes
1006 2103 1081 2131 tuoe
1112 2103 1147 2132 et
1166 2096 1266 2132 elee-

288 2166 458 2200 mosyna?
493 2161 568 2189 tuse
599 2153 854 2189 ascenderunt
890 2155 930 2188 in
962 2157 1185 2191 memoriam
1225 2158 1267 2191 in
1291 2167 1315 2196 Β

288 2222 490 2263 conspeetu
519 2214 605 2249 Dei.
628 2213 664 2249 5.
692 2214 808 2249 Nunc
838 2225 924 2262 ergo
952 2216 1059 2250 mitte
1088 2217 1195 2251 viros
1227 2218 1268 2252 in

288 2273 450 2322 Joppen,
481 2280 517 2308 et
546 2273 690 2308 accersi
721 2271 913 2308 Simonem
943 2273 1170 2322 quemdam,
1202 2275 1269 2324 qui

289 2334 584 2382 cognominatur
612 2332 762 2368 Petrus.
796 2331 848 2367 Nc
883 2330 930 2367 ad
963 2331 1073 2368 alium
1106 2332 1267 2380 veniant,

290 2407 360 2430 non
398 2407 418 2430 a
451 2392 656 2442 cognomine
694 2400 854 2438 tantum,
887 2391 949 2429 sed
985 2392 1091 2429 etiam
1132 2407 1152 2429 a
1193 2394 1269 2431 loco

290 2453 410 2491 virum
435 2453 587 2490 denotat.
619 2454 655 2490 6.
676 2454 752 2489 Hic
772 2453 988 2503 hospitatur
1014 2454 1120 2504 apud
1149 2455 1268 2492 Simo-

293 2528 379 2550 nem
410 2514 615 2565 quemdam
648 2515 868 2558 coriarium,
907 2515 1013 2565 cujus
1048 2523 1103 2551 est
1134 2515 1269 2553 domus

286 2576 403 2625 juxta
423 2588 537 2610 mare.
558 2572 732 2611 Vidistin'
753 2571 929 2621 quomodo
957 2573 1122 2624 apostoli,
1139 2574 1269 2611 solitu-

291 2633 384 2671 dinis
405 2643 437 2670 et
460 2634 588 2683 quictis
607 2642 776 2675 amantes,
797 2632 1001 2670 remotiores
1028 2634 1172 2671 urbium
1188 2650 1270 2686 par-

292 2703 342 2731 tes
359 2694 598 2731 sectarentur?
615 2691 714 2740 Quid
727 2692 838 2743 igitur
856 2723 865 2737 ,
886 2692 914 2730 si
937 2693 1139 2744 contigisset
1159 2695 1270 2733 alium

293 2768 364 2791 esse
385 2754 565 2793 Simonem
584 2762 617 2791 et
644 2753 761 2804 ipsum
787 2753 1004 2790 coriarium?
1025 2753 1095 2792 Sed
1115 2763 1148 2792 et
1163 2755 1269 2793 aliam
1294 2766 1317 2797 C

294 2823 411 2851 notam
430 2814 595 2861 habebat,
616 2812 713 2863 quod
730 2812 905 2850 habitaret
920 2814 1025 2864 juxta
1047 2829 1143 2852 mare
1166 2830 1173 2851 :
1202 2815 1271 2853 tria

295 2885 411 2912 autem
442 2875 504 2911 illa
532 2888 601 2911 non
629 2887 834 2911 concurrere
870 2883 1039 2924 poterant.
1060 2876 1133 2913 Nec
1162 2876 1270 2925 dixit,

295 2950 413 2985 quare,
433 2949 476 2972 ne
489 2935 684 2972 resolutum
699 2933 881 2982 redderet3
901 2934 963 2971 sed
982 2935 1130 2983 dimisit,
1150 2946 1190 2974 ut
1207 2952 1271 2975 au-

295 2996 417 3033 diendi
440 2995 614 3033 desiderio
631 2995 829 3032 teneretur?
850 2996 885 3031 7.
904 2997 956 3032 Et
975 3009 1061 3033 cum
1081 2998 1270 3036 discessis-

295 3065 350 3093 set
368 3057 541 3107 angelus,
563 3058 628 3108 qui
659 3055 886 3107 loquebatur
905 3056 1097 3104 Cornelio,
1116 3061 1273 3096 vocavit

296 3117 389 3153 duos
408 3117 633 3154 domesticos
661 3128 762 3161 suos,
786 3123 823 3153 et
839 3115 1013 3167 ‘'militem
1041 3126 1272 3156 metuentem

295 3216 586 3250 differunt.G1-aeci
608 3216 781 3249 cohortem
803 3221 889 3259 λόχον
911 3216 1045 3258 dicunt,
1061 3219 1151 3261 cujus
1174 3218 1293 3251 ductor

297 3273 438 3311 λοχαγὸςς
452 3277 484 3300 et
500 3277 577 3301 sunt
592 3268 730 3300 fortasse
747 3268 916 3312 quingenti
929 3269 1061 3304 milites.
1079 3268 1199 3314 Polyb.
1219 3269 1240 3302 l.
1260 3273 1293 3303 6:

295 3326 342 3354 καὶ
358 3326 392 3354 τὸ
407 3324 462 3363 μὲν
474 3327 565 3364 μέρος
580 3325 700 3354 ἕκαστον
710 3325 829 3354 ἐκάλεσε
841 3326 889 3355 καὶ
905 3326 1019 3364 τάγμα,
1035 3326 1083 3356 καὶ
1097 3331 1229 3367 σπεῖραν,
1247 3327 1295 3356 καὶ

298 3379 426 3413 σημεῖον.
451 3370 636 3402 Casaubon.
656 3370 713 3402 Ac
734 3371 885 3415 singulas
902 3380 1011 3415 partes
1031 3373 1215 3416 appellavit
1240 3385 1293 3404 or-

297 3423 406 3454 dinem
419 3448 427 3460 ,
449 3422 667 3464 manipulum,
681 3424 822 3466 signum.
1238 3416 1248 3428 ⁶

1338 1488 1452 1533 αὐτὸν,
1470 1487 1528 1525 καὶ
1544 1487 1684 1526 εἰπόντα
1704 1490 1813 1539 αὐτῷ,
1832 1486 2094 1538 Κορνήλιε.Διὰ
2108 1487 2141 1525 τί
2160 1487 2280 1539 βλέπει
2298 1488 2356 1526 τὸν

1337 1549 1480 1599 ἄγγελον
1496 1563 1505 1593 ;
1523 1548 1592 1585 Καὶ
1607 1552 1706 1586 τοῦτο
1726 1550 1772 1591 εἰς
1786 1546 2020 1600 πληροφορίαν
2047 1547 2183 1598 Πέτρου
2196 1563 2203 1570 ·
2224 1549 2356 1599 μᾶλλον

1339 1608 1373 1646 δὲ
1398 1609 1457 1646 οὐκ
1477 1608 1604 1646 ἐκείνου
1621 1636 1630 1653 ,
1650 1608 1740 1646 ἀλλὰ
1768 1612 1836 1646 τῶν
1858 1609 1972 1646 ἄλλων
1992 1611 2059 1646 τῶν
2085 1608 2354 1660 ἀσθενεστέρων.

1338 1668 1468 1719 Ἐνάτη
1486 1668 1521 1705 δὲ
1541 1669 1639 1720 ὥρα,
1661 1668 1719 1707 ὅτε
1738 1668 1924 1721 φροντίδων
1939 1668 2077 1720 ἠφίετο,
2098 1668 2157 1706 καὶ
2172 1670 2206 1706 ἐν
2225 1669 2358 1722 ἡσυχία

1337 1724 1378 1776 ἦν
1391 1759 1400 1775 ,
1417 1728 1472 1766 ὅτε
1492 1731 1526 1767 ἐν
1544 1731 1660 1781 εὐχαῖς
1675 1731 1733 1768 καὶ
1749 1732 1783 1767 ἐν
1804 1729 1997 1773 κατανύξει.
2015 1729 2187 1774 Ἀτενίσας
2206 1729 2242 1768 δὲ
2264 1731 2357 1782 αὐτῷ

1338 1789 1398 1827 καὶ
1416 1788 1565 1841 ἔμφοὲος
1585 1789 1764 1840 γενόμενος
1777 1820 1787 1836 ,
1808 1784 1916 1828 εἶπεν.
1936 1789 2034 1842 σΟρα
2053 1790 2108 1828 τὸν
2129 1791 2274 1841 ἄγγελον
2294 1793 2356 1829 οὐκ

1338 1850 1459 1892 εὐθέως
1477 1850 1640 1901 λέγοντα,
1661 1850 1683 1888 ἃ
1699 1850 1814 1902 λέγει,
1836 1850 1926 1889 ἀλλὰ
1942 1850 2133 1902 Ξι’πρότερον
2155 1850 2282 1888 λύοντα
2297 1850 2356 1888 τὸν

1337 1910 1440 1962 φόὲον
1463 1911 1522 1948 καὶ
1538 1911 1599 1958 τὴν
1620 1912 1769 1949 διάνοιαν
1791 1914 1894 1950 αὐτοῦ
1915 1911 2177 1964 μετεωρίζοντα.
2198 1911 2268 1949 Καὶ
2288 1911 2356 1963 γὰρ

1337 1972 1405 2009 ἀπὸ
1425 1974 1485 2017 τῆς
1499 1972 1608 2023 ὄψεως
1628 1972 1730 2023 φόὸος
1747 1971 1880 2023 ἐγένετο
1894 1987 1900 1994 ·
1917 1971 2007 2009 ἀλλὰ
2024 1971 2126 2023 φόὲος
2142 1971 2356 2025 σύμμετρος,

1337 2031 1413 2070 ὅσον
1435 2033 1640 2085 ἐπιστρέψαι
1669 2032 1782 2083 μόνον.
1812 2027 1903 2070 Εἶτα
1923 2031 1967 2070 τὰ
1994 2032 2134 2083 ῥήματα
2161 2032 2218 2069 τὸν
2252 2032 2356 2084 φόὸον

1337 2092 1453 2131 ἔλυσε·
1476 2095 1604 2143 μᾶλλον
1626 2092 1661 2131 δὲ
1690 2096 1707 2130 ὁ
1740 2094 1783 2130 δι’
1813 2095 1923 2130 αὐτῶν
1953 2092 2090 2135 ἔπαινος
2110 2091 2226 2130 τὸτοῦ
2249 2091 2357 2143 φόὲου

1337 2152 1448 2206 τραχὺ
1479 2152 1699 2190 κατελέανεν.
1714 2153 1836 2190 Ἄκουε
1855 2152 1891 2191 δὲ
1906 2153 1967 2190 καὶ
1986 2147 2041 2190 οἷα
2062 2152 2106 2190 τὰ
2126 2152 2267 2205 ῥήματα
2282 2167 2290 2175 ·
2310 2154 2357 2190 Αἱ

1340 2213 1440 2265 εὐχαί
1461 2229 1520 2251 σου
1542 2213 1600 2250 καὶ
1622 2216 1657 2251 αἱ
1677 2214 1904 2263 ἐλεημοσύναι
1923 2229 1982 2252 σου
2003 2213 2176 2260 ἀνέὸησαν
2196 2216 2243 2257 εἷς
2271 2229 2358 2263 μνη-

1342 2273 1488 2323 μόσυνον
1506 2273 1649 2311 ἐνώπιον
1668 2279 1726 2311 τοῦ
1742 2276 1844 2311 Θεοῦ.
1869 2276 1942 2311 Νῦν
1958 2268 2014 2311 οῦν
2034 2273 2171 2325 πέμψον
2193 2276 2239 2318 εἰς
2259 2274 2358 2313 Ἰόπ-

1340 2349 1409 2379 πην
1429 2333 1574 2385 ἄνδρας,
1595 2332 1654 2370 καὶ
1675 2333 1909 2382 μετακάλεσαι
1927 2333 2095 2383 Σίμωνα,
2122 2334 2158 2376 ὃς
2181 2335 2358 2372 ἐπικαλεῖ-

1340 2409 1398 2430 ται
1421 2393 1567 2446 Πέτρος.
1588 2393 1666 2430 Ἵνα
1692 2392 1739 2442 μὴ
1762 2393 1814 2430 ἐπ’
1835 2393 1936 2430 ἄλλον
1959 2392 2114 2437 ἔλθωσιν,
2133 2395 2194 2430 οὐκ
2214 2394 2282 2431 ἀπὸ
2297 2397 2357 2431 τοῦ

1341 2453 1519 2503 ἐπωνύμου
1550 2453 1663 2503 μόνον,
1684 2452 1772 2491 ἀλλὰ
1792 2453 1850 2490 καὶ
1876 2453 2022 2490 ἀπὸτοῦ
2049 2453 2154 2490 τόπου
2183 2454 2281 2498 δηλοῖ
2300 2454 2358 2491 τὸν

1342 2513 1460 2565 ἄνδρα.
1480 2514 1550 2551 Καὶ
1570 2513 1668 2556 αὐτός
1692 2516 1765 2551 ἐστι
1786 2512 1993 2562 ξενιζόμενος
2011 2513 2096 2564 πρὸς
2116 2513 2263 2563 Σίμωνά
2280 2530 2359 2552 τινα

1344 2573 1490 2624 βυρσέα,
1511 2567 1538 2626 ᾧ
1555 2575 1647 2611 ἐστιν
1667 2574 1759 2611 οἰκία
1776 2573 1871 2624 παρὰ
1888 2573 2077 2612 θάλασσαν.
2094 2568 2212 2622 Εἶδες,
2225 2578 2299 2618 πῶς
2314 2573 2360 2613 τὰ

1344 2633 1640 2686 ἀνακεχωρημένα
1668 2636 1735 2671 τῶν
1764 2633 1895 2671 πόλεων
1929 2634 2070 2671 ἐδίωκον
2099 2636 2129 2671 οἱ
2150 2634 2359 2683 ἀπόστολοι,

1343 2694 1488 2745 ἐρημίας
1507 2694 1598 2737 ὄντες
1623 2693 1714 2745 φίλοι
1735 2694 1794 2731 καὶ
1819 2694 1986 2746 ἧσυχίας;
2018 2694 2065 2733 Τί
2086 2688 2156 2741 οῦν,
2178 2697 2207 2733 εἰ
2232 2695 2358 2743 συνέὸη

1342 2754 1400 2792 καὶ
1429 2754 1532 2791 ἄλλον
1554 2747 1638 2791 εἶναι
1659 2754 1804 2805 Σίμωνα
1825 2755 1884 2793 καὶ
1912 2754 2064 2807 βυρσέα;
2089 2755 2179 2793 Ἀλλ’
2209 2749 2281 2807 εἶχε
2299 2755 2360 2793 καὶ

1343 2814 1427 2851 ἄλλο
1443 2820 1596 2863 σημεῖον,
1612 2814 1651 2852 τὸ
1670 2815 1767 2868 παρὰ
1783 2816 1960 2853 θάλασσαν
1977 2817 2094 2852 οἰκεῖν.
2109 2814 2166 2852 Τὰ
2195 2815 2274 2868 τρία
2297 2817 2360 2854 οὔκ

1342 2869 1383 2922 ἦν
1404 2875 1544 2912 δυνατὸν
1570 2881 1773 2925 συμπεσεῖν.
1796 2875 1864 2913 Καὶ
1881 2876 1941 2913 οὐκ
1961 2870 2058 2922 ε’ῖπε,
2083 2875 2139 2912 διὰ
2160 2876 2214 2923 τί,
2235 2875 2291 2914 ἵνα
2309 2876 2359 2926 μὴ

1344 2935 1468 2987 ἐκλύσῃ
1492 2935 1607 2973 αὐτόν·
1629 2935 1717 2972 ἀλλὰ
1743 2935 1914 2987 1’ἀφ-ἧκεν,
1940 2934 2030 2972 ὥστε
2052 2937 2086 2973 ἐν
2107 2936 2274 2988 ἐπιθυμία
2300 2937 2361 2975 καὶ

1343 2995 1438 3048 πόθῳ
1457 2999 1517 3041 τῆς
1537 2995 1733 3047 ἀκροάσεως
1750 2995 1918 3044 γενέσθαι.
1939 2994 2001 3037 Ὡς
2023 2996 2057 3033 δὲ
2082 2997 2233 3041 ἀπῆλθεν
2254 3000 2271 3034 ὃ
2292 2997 2359 3048 ἄγ-

1343 3059 1441 3108 γελος
1458 3057 1605 3094 ὁλαλῶν
1620 3058 1669 3108 τῷ
1688 3055 1869 3108 Κορνηλίῳ
1880 3085 1890 3103 ,
1910 3056 2071 3107 φωνήσας
2092 3056 2150 3095 δύο
2175 3060 2244 3095 τῶν
2267 3059 2360 3096 οἶκε-

1343 3119 1410 3156 τῶν
1437 3118 1560 3164 αὐτοῦ,
1580 3117 1639 3155 καὶ
1661 3116 1876 3169 στρατιώτην
1908 3117 2031 3164 sacae-71
2054 3121 2121 3156 τῶν
2148 3134 2364 3170 προσκαρτε-

1404 3229 1417 3244 n
1435 3217 1525 3252 Alius
1547 3226 1693 3265 πρότερον
1710 3225 1833 3263 αἴροντα
1850 3223 1940 3254 αὐτοῦ
1955 3225 2009 3258 τὴν
2025 3223 2151 3254 διάνοιαν
2166 3226 2215 3255 καὶ
2229 3236 2363 3266 μετεωρ.

1405 3273 1421 3296 b
1438 3270 1532 3303 Idem
1556 3277 1664 3315 ἀρῆιεν
1686 3274 1774 3304 αὐτὸν
1802 3275 1832 3303 ἐν
1855 3274 2007 3313 ἐπιθυμίᾳ.
2035 3271 2160 3313 [Supra
2189 3279 2266 3313 post.
2295 3277 2365 3317 τρία

1360 3324 1519 3355 insertum
1541 3325 1665 3362 ετεῑδέ,
1684 3320 1774 3365 quod
1790 3323 1989 3354 auctoritate.
2003 3322 2164 3356 Commel.
2177 3349 2184 3363 ,
2203 3323 2305 3356 Savil.
2332 3331 2366 3355 et

1361 3372 1522 3406 Codicum
1540 3380 1729 3406 nostrorum
1747 3371 1956 3414 delevimus]
