2502 3810
644 267 686 296 ΙΝ
724 265 838 295 ACTA
876 263 901 292 A
909 260 1157 293 POSTOLORU
1163 262 1195 291 M
1205 280 1214 290 .

35 355 210 404 τιμῶμεν,
240 350 485 403 ἐντρεπόμεθα.
515 351 596 401 Οὖχ
626 352 746 400 ὁρᾶτε,
779 348 851 389 πῶς
870 349 887 383 ὁ
908 344 1049 397 φοδερὸς

2006 238 2099 298 445

1127 351 1284 394 possunt,
1297 355 1366 378 non
1394 338 1626 378 aversamur?
1642 351 1756 376 nonne
1781 337 1884 383 feras,
1896 349 2010 374 nonne
2023 335 2103 375 vul-

1254 260 1406 290 HOMtL.
1442 260 1518 289 Lu.

33 415 94 452 καὶ
112 412 258 464 μισητός
276 415 349 450 ἐστι
368 411 427 449 καὶ
444 417 552 448 πᾶσιν
584 413 667 459 ἡμῖν
699 406 886 453 ἀπευκτος,
905 405 952 443 Τί
983 404 1049 455 γὰρ
1065 434 1112 458 395
1126 414 1198 455 tus,
1211 416 1326 440 nonne
1344 402 1435 447 loca,
1457 413 1573 438 nonne
1587 413 1715 448 aerem,
1734 398 1855 449 quales
1870 396 2021 435 tenebrae
2033 396 2052 434 Ξ)

33 478 100 512 τῶν
137 473 335 524 δυναμένων
364 472 480 524 φοδεῖν
518 471 618 522 μόνον
652 472 712 508 οὐκ
745 467 1048 520 ἅποστρεφόμεθα;
1075 469 1100 498 Α

33 535 108 586 οὐχὶ
124 533 225 586 Θηρία
239 564 248 581 ,
268 534 343 585 οὐχὶ
357 532 488 584 φωνὰς,
506 531 581 583 οὐχὶ
597 531 707 582 ὄψεις,
724 530 803 581 οὐχὶ
820 529 958 576 τόπους,
975 527 1051 579 οὐχὶ

33 595 140 647 ἀέρα,
159 589 227 632 οἷον
249 594 287 632 τὸ
305 594 447 640 σκότος,

85 655 146 702 Μὴ
173 654 213 702 δὴ
248 654 336 706 μέγα
365 654 584 704 νομίζωμεν,
617 654 644 690 εἷ
665 652 839 704 ἄνθρωποι
866 650 1049 702 φοέοῦνται

32 718 292 768 ἧμᾶς.Πρῶτον
307 716 368 766 μὲν
384 715 450 766 γὰρ
470 714 578 757 οὐδεὶς
594 714 612 732 *
625 717 718 764 ἡμᾶς
737 713 915 764 ἅνθρωπος
933 716 1050 748 πτοεῖ-

33 792 109 814 ται·
129 776 297 827 δεύτερον,
314 777 352 814 τὸ
367 775 424 813 καὶ
439 774 668 824 πτοουμένους
682 777 774 824 ἡμᾶς
786 773 834 822 μὴ
850 772 939 822 μέγα
950 775 1050 809 τοῦτο

35 830 132 873 εἶναι.
162 836 266 886 Μέγα
296 835 421 887 ἀγαθὸν
451 839 472 881 ἡ
507 834 637 887 ἀρετή·
669 833 728 871 καὶ
756 833 819 884 ὅρα
847 835 920 874 πῶς
946 830 1047 881 μέγα.

33 894 153 934 Ἀθλια
189 896 232 933 τὰ
273 896 466 949 πράγματα
508 894 718 945 νομίζοντες,
767 893 810 929 δι’
857 885 904 928 ὧν
947 889 1049 928 συνέ-

35 972 173 1005 στηκεν,
207 957 313 1002 αὐτὴν
345 955 566 1006 θαυμάζομεν
600 954 657 992 καὶ
691 952 938 1004 μακαρίζομεν.
987 949 1051 992 Τίς

34 1016 102 1069 γὰρ
132 1019 193 1054 οὐκ
228 1016 268 1053 ἂν
300 1015 505 1066 μακαρίσειε
532 1014 588 1051 τὸν
622 1012 824 1064 φιλόσοφον,
856 1010 969 1048 καίτοι
991 1025 1050 1047 πε-

33 1077 115 1123 νία,
156 1077 215 1114 καὶ
244 1075 309 1114 ὅσα
336 1079 504 1121 τοιαῦτα,
540 1074 642 1111 ἄθλια
670 1067 754 1123 εἶναι
786 1073 901 1118 δοκεῖ;
935 1069 1050 1108 ἰὈταν

34 1130 90 1173 οὖν
121 1135 176 1172 διὰ
206 1138 273 1172 τῶν
307 1134 433 1172 ἀθλίων
468 1128 554 1171 εἶναι
588 1132 777 1171 δοκούντων
809 1131 958 1181 λάμπῃ,
987 1129 1050 1180 ὅρα

32 1194 96 1241 τὴν
130 1193 342 1244 ὑπερὸολήν.
375 1192 479 1243 Μέγα
508 1198 639 1244 φρονεῖς
670 1192 726 1229 ἐπὶ
759 1191 964 1242 δυναστείᾳ,
991 1191 1052 1228 ἄν-

34 1259 168 1307 θρωπε;
198 1254 269 1293 Καὶ
299 1253 384 1292 ποία
416 1252 624 1300 δυναστεία,
659 1252 734 1290 εἶπέ
765 1267 848 1302 μοι,
880 1253 1051 1303 ἐχειροτο-

34 1316 145 1363 νήθη,
189 1314 295 1366 Παρὰ
334 1313 524 1366 ἀνθρώπων
560 1313 674 1365 ἐγένου
712 1312 877 1355 δυνατός·
919 1313 1051 1350 ἔνδοθεν

34 1376 275 1429 χειροτόνησον
305 1375 463 1414 σεαυτόν.
488 1375 625 1428 Ἄρχων
641 1374 708 1427 γὰρ
724 1376 789 1425 οὐχ
807 1377 824 1411 ὁ
842 1374 1052 1425 καλούμενός

35 1439 126 1474 ἐστιν
140 1466 151 1485 ,
184 1437 259 1473 ἀλλ’
282 1439 299 1473 ὁ
325 1435 384 1473 ὤν.
421 1434 561 1487 ςὨσπερ
579 1435 646 1487 γὰρ
670 1434 786 1486 ἰατρὸν
805 1436 867 1472 οὐκ
884 1433 924 1471 ἂν
943 1434 1051 1481 ποιή-

35 1512 104 1535 σειε
129 1495 289 1547 βασιλεὺς
319 1496 395 1534 οὐδὲ
416 1496 563 1549 ῥήτορα,
591 1495 698 1539 οὕτως
719 1494 794 1533 οὐδὲ
811 1495 963 1547 ἄρχοντα
980 1511 987 1518 ·
1014 1496 1051 1533 οὗ

34 1557 102 1609 γὰρ
131 1557 175 1595 τὰ
197 1557 390 1609 γράμματα
422 1564 514 1596 ποιεῖ
545 1557 721 1608 ἄρχοντα,
755 1555 831 1594 οὐδὲ
863 1556 902 1593 τὸ
932 1555 1052 1607 ὄνομα.

35 1619 158 1665 Ἐπεὶ,
186 1621 214 1656 εἷ
245 1618 384 1668 βούλει,
417 1616 641 1666 οἷκοδομείτω
674 1632 726 1660 τις
746 1618 911 1665 ἰατρεῖον,
943 1616 1054 1668 ἐχέτω

35 1679 95 1717 καὶ
117 1679 274 1729 μαθητὰς
289 1710 298 1727 ,
327 1679 435 1731 ἐχέτω
456 1678 513 1716 καὶ
538 1678 668 1730 ὄργανα
687 1677 747 1715 καὶ
767 1678 936 1728 φάρμακα
950 1707 959 1723 ,
993 1677 1052 1715 καὶ

37 1740 153 1778 εἰσίτω
177 1741 263 1793 πρὸς
287 1739 365 1782 τοὺς
381 1739 576 1790 κάμνοντας
591 1754 598 1761 ·
620 1743 687 1789 ἀρα
704 1740 802 1790 ἀρκεῖ
821 1742 931 1775 ταῦτα
950 1741 1054 1785 ποιῆ-

37 1816 95 1840 σαι
130 1800 271 1851 ἷατρόν;
302 1802 498 1850 Οὐδαμῶς·
530 1798 621 1837 ἀλλὰ
651 1800 701 1836 δεῖ
730 1802 792 1845 τῆς
820 1798 965 1850 τέχνης,
993 1798 1053 1836 καὶ

35 1860 163 1906 ταύτης
184 1862 273 1907 ἄνευ,
298 1863 335 1898 οὐ
364 1860 464 1911 μόνον
483 1863 593 1897 ταῦτα
613 1858 706 1897 οὐδὲν
724 1860 867 1911 ὠφελεῖ,
887 1859 975 1897 ἀλλὰ
995 1858 1053 1897 καὶ

1181 648 1214 684 5.
1235 646 1288 685 Ne
1317 645 1427 697 igitur
1444 658 1613 696 magnum
1631 653 1795 696 putemus
1818 656 1891 681 esse
1905 672 1915 692 ,
1942 642 1971 680 si
1989 643 2106 680 homi-

1126 721 1185 745 nes
1203 721 1265 744 nos
1297 707 1456 743 timeant.
1487 705 1649 742 Primum
1670 704 1763 741 enim
1785 704 1907 741 nullus
1935 717 2016 742 vere
2037 703 2104 740 ho-

1125 783 1183 805 mo
1203 782 1265 805 nos
1286 767 1400 804 timet:
1417 765 1627 813 seeundum,
1646 778 1714 801 non
1728 771 1896 814 magnum
1908 773 1958 801 cst
1972 763 2103 801 timeri.

1125 830 1298 878 Magnum
1311 827 1445 863 bonum
1464 824 1578 862 virtus
1593 832 1642 860 est
1665 839 1672 858 :
1694 832 1727 860 et
1740 822 1822 861 vide
1837 823 2013 873 quomodo
2032 838 2106 861 ma·
2121 867 2136 893 b
2155 825 2307 873 Quaxniurf»

2083 883 2089 890 ·
2141 877 2230 894 onum
2271 873 2309 895 nt

1125 901 1246 938 gnum.
1260 887 1337 924 Etsi
1353 899 1407 922 res
1440 884 1532 930 illas,
1554 883 1685 932 quibus
1704 891 1850 928 constat,
1873 883 2016 920 miseras
2035 897 2106 921 exi-

1124 948 1319 994 stimemus,
1333 945 1433 982 illam
1446 953 1563 981 tamen
1582 943 1782 980 mirabilem
1797 944 2005 993 beatamque
2020 958 2109 995 prae-

1126 1007 1298 1044 dicamus.
1320 1005 1410 1051 Quis
1430 1004 1524 1041 enim
1538 1017 1606 1040 non
1621 1004 1766 1040 beatum
1781 1002 1948 1054 praedicet
1957 1003 2111 1054 philoso—

1124 1068 1248 1119 phum,
1258 1067 1322 1104 etsi
1337 1073 1526 1118 paupertas
1543 1063 1711 1101 etsimilia
1732 1063 1860 1100 misera
1879 1077 1952 1100 esse
1969 1063 2111 1102 videan-

1125 1138 1183 1166 tur
1202 1129 1219 1166 ἒ)
1237 1129 1327 1165 Cum
1346 1141 1428 1178 ergo
1447 1141 1510 1178 per
1527 1140 1579 1174 ea,
1593 1140 1670 1176 quae
1687 1125 1813 1162 misera
1834 1139 1908 1162 esse
1926 1124 2109 1172 videntur,

1124 1189 1185 1226 ille
1202 1189 1350 1240 fulgeat,
1369 1187 1451 1226 vide
1461 1185 1718 1224 excellentiam.
1739 1185 1860 1222 Altum
1881 1185 1975 1236 sapis
1995 1185 2039 1222 de
2050 1199 2113 1237 po—

1126 1250 1248 1299 tentia,
1274 1264 1294 1286 0
1315 1249 1420 1286 homo
1440 1249 1457 1286 Ρ
1487 1248 1533 1285 Et
1551 1262 1630 1297 quae
1651 1247 1807 1299 potentia
1822 1277 1832 1295 ,
1859 1261 1990 1296 quaeso,
2011 1247 2111 1284 ordiw

1125 1319 1207 1348 nata
1233 1310 1315 1348 est?
1337 1309 1392 1346 Ab
1420 1308 1626 1346 hominibus
1653 1316 1775 1359 potens
1800 1308 1912 1346 factus
1932 1321 1967 1344 es
1987 1323 1995 1343 ε
2017 1307 2114 1345 intus

1125 1371 1250 1410 ordina
1269 1371 1437 1423 teipsum.
1461 1370 1631 1421 Princeps
1650 1369 1743 1406 enim
1760 1378 1823 1417 est,
1843 1383 1912 1406 non
1932 1369 1994 1419 qui
2010 1383 2114 1407 voca-

1125 1442 1196 1481 tur,
1212 1432 1272 1470 sed
1294 1432 1356 1483 qui
1371 1445 1453 1470 vere
1474 1439 1536 1468 θεῖ.
1558 1430 1659 1468 Sicut
1675 1430 1770 1468 enim
1793 1444 1856 1467 rex
1876 1444 1988 1480 neque
2000 1429 2115 1467 medi-

1127 1506 1207 1530 cum
1223 1506 1335 1543 neque
1358 1492 1537 1529 rhetorem
1556 1490 1672 1539 faciet,
1690 1490 1742 1527 sic
1759 1504 1872 1540 neque
1887 1490 2085 1542 principem
2103 1506 2114 1539 3

1125 1567 1238 1603 neque
1258 1552 1353 1590 enim
1371 1552 1428 1591 vel
1458 1552 1567 1590 literae
1594 1551 1650 1590 vel
1676 1564 1802 1588 nomen
1831 1551 2031 1602 principem
2063 1551 2115 1588 fa—

1125 1614 1234 1653 ciunt.
1258 1615 1365 1663 Nam,
1397 1613 1424 1651 si
1442 1613 1497 1651 vis
1515 1643 1523 1661 ,
1545 1621 1704 1650 exstruat
1730 1611 1809 1662 quis
1828 1612 2012 1650 medicinae
2029 1613 2114 1649 offl—

1125 1674 1255 1723 cinam,
1268 1674 1397 1710 habeat
1412 1673 1516 1710 etiam
1526 1672 1736 1723 discipulos,
1754 1672 1883 1710 habeat
1899 1672 2115 1710 instrumen-

1125 1742 1159 1771 ta
1173 1743 1204 1772 et
1212 1734 1419 1786 pharmaca,
1439 1742 1473 1770 et
1490 1732 1619 1771 invisat
1634 1741 1783 1782 aegrotos
1798 1749 1804 1769 :
1822 1746 1866 1769 an
1882 1733 1956 1769 haec
1965 1742 2115 1783 possunt

1124 1795 1261 1833 efficere
1274 1794 1452 1832 medicum
1463 1793 1636 1831 i'Minime
1648 1809 1659 1843 3
1674 1792 1734 1830 sed
1753 1802 1826 1830 arte
1839 1807 1928 1844 opus
1944 1802 2006 1841 est,
2025 1802 2057 1830 et
2067 1793 2114 1830 si—

1125 1870 1169 1894 ne
1185 1855 1248 1893 illa
1267 1869 1336 1893 non
1347 1855 1453 1892 modo
1470 1853 1562 1892 nihil
1580 1854 1656 1891 haec
1675 1862 1839 1905 prosunt,
1853 1852 1913 1890 sed
1936 1853 2042 1890 etiam
2051 1867 2114 1891 no-

2120 909 2224 936 virtus.

1127 1925 1224 1953 cent:
1249 1929 1331 1953 eum
1354 1914 1461 1961 enim,
1483 1914 1543 1964 qui
1563 1912 1721 1951 medicus
1741 1927 1810 1950 non
1831 1922 1881 1950 est
1899 1944 1907 1961 ,
1923 1912 2050 1950 melius
2063 1922 2116 1951 est

1128 1976 1317 2028 pharmaca
1331 1990 1400 2013 non
1415 1975 1632 2020 habereQui
1654 1988 1721 2012 non
1733 1974 1851 2021 habet,
1870 1988 1983 2024 neque
1999 1983 2116 2014 servat

1129 2051 1241 2087 neque
1252 2036 1378 2088 perdit3
1393 2036 1453 2086 qui
1464 2045 1580 2073 autem
1591 2035 1709 2084 habet,
1718 2034 1937 2086 pessumdat,
1960 2035 2116 2072 nesciens

1131 2097 1202 2136 illis
1216 2097 1271 2134 uti
1284 2096 1479 2147 :siquidem
1490 2110 1559 2134 non
1572 2096 1608 2133 in
1624 2096 1898 2148 pharmacorum
1907 2105 2031 2133 natura
2044 2106 2117 2134 tan-

1131 2158 1310 2195 tumsalus
1324 2166 1388 2205 est,
1405 2156 1464 2194 sed
1479 2156 1585 2194 etiam
1596 2157 1632 2193 in
1647 2165 1720 2193 arte
1733 2156 1862 2193 utentis
1882 2172 1889 2192 :
1907 2171 1985 2206 quae
2001 2156 2029 2193 si
2046 2171 2116 2194 non

1131 2217 1236 2264 adsit,
1258 2217 1376 2255 omnia
1394 2226 1555 2268 pereunt.
1571 2216 1670 2254 Talis
1684 2224 1716 2253 θῖ
1738 2216 1900 2267 princeps
1915 2226 1966 2254 est
1982 2232 1990 2254 :
2010 2216 2116 2255 habet

1132 2277 1363 2315 instrumenta
1378 2307 1390 2327 ,
1418 2291 1557 2327 vocem,
1581 2276 1686 2326 iram,
1712 2276 1867 2327 lictores,
1886 2277 2025 2326 exsilia,
2054 2277 2117 2315 ho-

1133 2353 1246 2389 nores,
1275 2339 1390 2386 dona,
1421 2338 1565 2387 laudes;
1593 2338 1700 2375 habet
1720 2347 1753 2375 et
1773 2337 1980 2390 pharmaca,
2002 2339 2096 2389 leges
2104 2355 2116 2389 3

1132 2401 1238 2439 habet
1271 2415 1396 2453 aegros,
1431 2400 1593 2438 homines
1604 2416 1614 2449 ;
1648 2400 1754 2438 habet
1790 2400 1982 2449 officinam,
2002 2401 2117 2438 tribu-

1131 2463 1207 2511 nal3
1223 2463 1331 2500 habet
1349 2462 1557 2513 discipulos,
1577 2461 1707 2500 milites
1724 2477 1731 2497 z
1751 2470 1786 2498 at
1807 2461 1836 2499 si
1857 2476 1925 2499 non
1943 2462 2038 2499 adsit
2060 2477 2117 2500 ars

1130 2525 1279 2573 medica,
1303 2525 1380 2561 haec
1395 2523 1487 2561 nihil
1508 2523 1560 2560 illi
1587 2522 1792 2574 proderunt.
1815 2522 1935 2562 Judex
1956 2523 2115 2561 medicus

39 1921 188 1972 βλάπτει
203 1936 210 1944 ·
231 1920 289 1958 τὸν
304 1920 371 1972 γὰρ
392 1922 453 1957 οὐκ
470 1920 585 1972 ἰατρὸν
608 1919 742 1970 βέλτιον
760 1919 846 1969 μηδὲ
864 1920 956 1971 ἔχειν
970 1921 1055 1973 φάρ-

39 1996 148 2030 μακα.
169 1981 212 2019 Ὁ
232 1980 293 2031 μὲν
309 1975 365 2018 οὖν
385 1980 433 2030 μὴ
449 1980 537 2032 ἔχων
554 1979 631 2018 οὔτε
645 1979 746 2024 σώζει
760 1980 836 2018 οὔτε
854 1980 1054 2019 ἀπόλλυσιν·

37 2045 76 2080 Βὸ
99 2041 134 2080 δὲ
154 2042 242 2093 ἔχων
260 2072 270 2089 ,
291 2041 498 2089 ἆπόλλυσιν,
523 2042 585 2079 οὐκ
609 2041 708 2084 εἰδὼς
724 2071 733 2089 ,
756 2040 848 2085 ὅπως
866 2044 1056 2093 χρήσηται·

39 2102 158 2148 ἐπειδὴ
179 2104 241 2139 οὐκ
257 2105 290 2140 ἐν
314 2106 356 2153 τῇ
380 2102 479 2154 φύσει
507 2105 574 2139 τῶν
595 2102 789 2154 φαρμάκων
824 2103 914 2141 ἐστὶν
939 2106 960 2149 ἡ
990 2119 1057 2141 σω-

39 2162 145 2214 τηρία
167 2162 289 2212 μόνον,
320 2162 408 2200 ἀλλὰ
435 2163 494 2201 καὶ
518 2166 551 2201 ἐν
580 2166 622 2214 τῇ
643 2163 749 2214 τέχνη
774 2165 833 2200 τοῦ
865 2163 1058 2215 προσάγον-

38 2238 94 2266 τος
111 2238 119 2245 ·
142 2222 263 2261 τούτου
279 2223 346 2275 γὰρ
363 2223 411 2274 μὴ
432 2223 537 2272 ὄντος,
553 2223 668 2261 πάντα
694 2222 907 2274 διέφθαρται.
933 2225 1059 2261 Τοιοῦ-

39 2299 96 2326 τος
129 2284 187 2321 καὶ
218 2288 236 2322 ὁ
275 2284 391 2336 ἅρχων
428 2284 541 2322 ἐστίν·
571 2283 643 2336 ἔχει
674 2284 815 2336 ὄργανα,
836 2283 898 2330 τὴν
930 2284 1058 2335 φωνὴν,

38 2344 95 2382 τὸν
133 2345 256 2394 Ουμὸν,
277 2344 352 2388 τοὺς
383 2344 544 2394 δημίους,
576 2345 639 2387 τὰς
672 2344 877 2397 ὑπερορίας,
905 2344 966 2388 τὰς
1007 2361 1059 2383 τι·

40 2403 124 2454 μὰς,
140 2404 201 2448 τὰς
233 2404 379 2457 δωρεὰς,
392 2404 469 2449 τοὺς
499 2405 674 2449 ἐπαίνους·
695 2406 768 2457 ἔχει
789 2405 848 2443 καὶ
867 2405 1058 2457 φάρμακα,

38 2464 115 2508 τοὺς
143 2466 284 2516 νόμους·
309 2465 380 2517 ἔχει
407 2466 466 2504 καὶ
495 2466 702 2517 κάμνοντας,
731 2465 810 2509 τοὺς
838 2466 1060 2518 ἀνθρώπους·

37 2524 114 2576 ἔχει
150 2526 400 2577 ἐργαστήριον,
433 2527 472 2565 τὸ
504 2527 745 2580 δικαστήριον·
781 2527 854 2579 ἔχει
889 2529 1058 2578 μαθητὰς,

39 2585 116 2628 τοὺς
136 2585 368 2638 στρατιώτας·
396 2586 436 2623 ἂν
453 2581 509 2624 οὖν
532 2586 580 2637 μὴ
598 2589 669 2638 εἰδῇ
690 2587 753 2634 τὴν
774 2588 969 2638 ἐπιστήμην
994 2589 1057 2635 τὴν
1082 2604 1107 2634 D
1130 2594 1181 2623 est
1201 2585 1411 2633 animarum,
1427 2597 1496 2620 non
1511 2597 1722 2634 corporum:
1742 2583 1771 2620 si
1792 2593 1909 2620 autem
1927 2598 2114 2636 corporum

1129 2646 1298 2686 valetudo
1312 2655 1406 2683 tanta
1425 2653 1502 2696 eget
1522 2658 1619 2691 cura,
1636 2645 1748 2681 multo
1770 2644 1884 2694 magis
1897 2645 2112 2692 animarum,

1130 2707 1212 2758 quia
1233 2708 1347 2758 major
1373 2705 1490 2743 anima
1517 2719 1673 2756 corpore.
1694 2706 1773 2742 Non
1796 2718 1879 2755 ergo
1898 2719 2025 2743 nomen
2050 2706 2114 2743 ha-

1129 2769 1212 2806 bere
1229 2767 1414 2820 principis,
1434 2775 1486 2803 est
1499 2780 1572 2803 esse
1583 2765 1781 2817 principem
1797 2781 1804 2802 :
1825 2766 2113 2817 quandoquidem

1130 2838 1302 2867 vocantur
1322 2836 1355 2864 et
1383 2827 1445 2864 alii
1474 2825 1612 2876 magnis
1629 2825 1832 2863 nominibus
1845 2855 1855 2875 ,
1874 2826 1975 2864 verbi
2001 2827 2114 2878 gratia

1132 2889 1277 2938 Paulus,
1297 2888 1611 2935 Petrus,.Jacobus,
1632 2887 1807 2935 Joanncs;
1826 2886 1887 2924 sed
1903 2901 1970 2924 non
1988 2902 2032 2925 ex
2051 2901 2113 2925 no·

1131 2949 1287 2987 minibus
1316 2949 1340 2985 ii
1367 2957 1449 2986 sunt
1479 2948 1539 2998 qui
1564 2956 1737 2985 vocantur
1766 2963 1773 2984 :
1807 2957 1845 2985 ut
1879 2957 1912 2985 et
1936 2962 2001 2999 ego
2034 2962 2114 2986 sum

1134 3010 1276 3061 quidem
1309 3009 1403 3046 beati
1436 3009 1534 3046 illius
1562 3009 1800 3060 homonymus
1822 3008 1896 3047 sive
1932 3009 2113 3059 cognomi-

45 3081 112 3103 των
141 3066 224 3104 εἰσὶν
254 3067 342 3119 ἅπερ
363 3069 570 3114 καλοῦνται,
590 3070 749 3121 καθάπερ
770 3070 846 3109 οὐδὲ
872 3070 962 3122 ἐγώ·
985 3073 1061 3109 ἀλλ’
1132 3072 1203 3120 nis,
1229 3085 1296 3109 non
1318 3080 1435 3108 autem
1465 3083 1686 3122 synonymus
1709 3086 1716 3106 ε
1739 3083 1808 3107 non
1841 3084 1921 3107 sum
1947 3072 2113 3118 Joannes,

49 3125 193 3175 εἷμίτοῧ
218 3127 388 3177 μακαρίου
408 3127 469 3178 μὲν
486 3129 614 3166 ἐκείνου
632 3129 878 3181 ὁμώνυμος,οὗ
897 3131 965 3181 μὴν
984 3147 1062 3169 συν·
1132 3131 1193 3169 sed
1223 3146 1342 3170 vocor.
1373 3131 1432 3170 Sic
1468 3140 1502 3168 et
1529 3131 1582 3168 illi
1619 3144 1688 3167 non
1722 3139 1802 3168 sunt
1830 3130 2026 3183 principes,
2053 3130 2115 3168 sed

47 3185 199 3235 ώνυμος·
225 3189 286 3224 οὐκ
314 3187 385 3237 εἰμὶ
400 3189 585 3236 Ἰωάννης,
614 3190 705 3228 ἀλλὰ
740 3192 925 3241 καλοῦμαι.
956 3191 1061 3229 Οὕτω
1086 3210 1108 3239 E
1131 3201 1314 3230 vocantur.
1347 3193 1437 3230 Sunt
1469 3200 1587 3228 autem
1619 3191 1672 3228 illi
1699 3190 1875 3242 principes
1908 3191 2013 3229 etiam
2042 3191 2116 3229 sine

49 3247 200 3283 κάκεῖνοι
224 3247 285 3283 οὐκ
303 3246 388 3284 εἰσὶν
405 3248 586 3299 ἄρχοντες,
604 3250 693 3288 ἀλλὰ
708 3253 905 3289 καλοῦνται.
925 3252 1006 3290 Εἰσὶ
1025 3251 1060 3290 δὲ
1131 3253 1187 3290 his
1205 3268 1212 3289 ε
1229 3253 1318 3290 sicut
1333 3262 1365 3290 et
1386 3251 1543 3290 medicus
1562 3252 1641 3289 licet
1670 3260 1743 3289 arte
1758 3266 1818 3289 sua
1843 3265 1910 3290 non
1931 3261 2063 3302 utatur,
2083 3255 2111 3291 si

40 2646 219 2697 ἰατρικὴν,
246 2646 341 2698 οὐδὲν
370 2646 497 2685 τούτων
526 2647 656 2699 ὄφελος.
688 2648 732 2686 Ὁ
759 2649 925 2695 δικαστὴς
944 2651 1059 2702 ἰατρὸς

41 2707 160 2757 ψυχῶν
179 2707 290 2753 ἐστιν,
319 2706 397 2758 οὐχὶ
416 2707 588 2755 σωμάτων
602 2724 609 2731 ·
634 2709 662 2745 εἰ
679 2707 713 2746 δὲ
737 2707 824 2754 αὕτη
843 2712 864 2755 ἠ
887 2710 1057 2760 σωμάτων

41 2765 212 2811 τοσαύτης
227 2767 336 2804 δεῖται
352 2767 563 2817 ἐπιμελείας,
584 2769 702 2820 πολλῷ
724 2770 853 2818 μᾶλλον
873 2773 894 2815 ἦ
911 2774 972 2816 τῆς
988 2772 1058 2822 ψυ-

43 2827 111 2876 χῆς
126 2826 269 2872 ,ἐπειδὴ
289 2826 348 2864 καὶ
368 2827 494 2877 μείζων
517 2827 609 2879 ψυχὴ
632 2829 819 2879 σωμάτων.
843 2832 919 2868 Οὐκ
940 2830 1006 2882 ἄρα
1021 2831 1060 2869 τὸ

44 2886 152 2935 ὄνομα
179 2886 270 2937 ἔχειν
300 2887 465 2940 ἄρχοντος
491 2888 646 2940 ἄρχοντά
665 2891 756 2927 ἐστιν
777 2883 863 2928 εἶναι
877 2906 884 2914 ·
905 2891 978 2929 ἐπεὶ
1000 2891 1060 2930 καὶ

45 2945 142 2983 ἄλλοι
169 2948 352 2984 καλοῦνται
376 2948 512 2999 μεγάλα
531 2949 705 2999 ὀνόματα·
735 2945 803 2989 οἷον
823 2953 975 3000 Παῦλος,
990 2952 1062 2990 Πέ·

45 3020 122 3057 τρος
136 3034 145 3051 ,
168 3006 346 3053 Ἰάκωὸος,
367 3007 531 3054 Ἰωάννης
546 3023 554 3031 ·
581 3008 658 3046 ἀλλ’
676 3011 736 3046 οὐκ
759 3010 828 3048 ἀπὸ
849 3012 914 3048 τῶν
934 3010 1063 3061 ὀνομά-

96 3375 106 3385 ”
123 3373 133 3414 [
150 3377 227 3414 ἡμᾶς
254 3372 474 3415 supplevimus
491 3387 508 3407 e
528 3376 635 3409 Codd.
654 3380 786 3410 nostris.
806 3380 882 3411 Mox
905 3381 940 3411 A.
960 3381 995 3411 Β.
1011 3381 1050 3411 C.

1117 3386 1195 3423 μέγα
1212 3381 1395 3422 ἀγαθόν,...]

57 3426 187 3468 δεύτερον
213 3428 292 3458 οὐδὲν
309 3428 387 3463 (οὐῖέ
402 3427 451 3467 B„
471 3427 502 3459 in
516 3428 551 3459 C.
570 3429 662 3461 abest
681 3430 824 3473 negatio)
840 3436 926 3465 τοῦτο
950 3436 1046 3474 μέγκ”

1161 3443 1172 3455 ³
1192 3433 1287 3469 llaec,
1307 3436 1320 3466 ὀ
1337 3435 1367 3465 δὲ
1384 3437 1457 3475 ἔχων
1483 3434 1651 3470 ἀπόλλυσιν,
1671 3429 1790 3464 desunt
1807 3431 1839 3463 in
1858 3442 1934 3463 uno.
