2502 3810
762 262 803 290 ΙΝ
842 260 983 290 EPtST.
1029 259 1087 287 AD
1125 258 1231 287 ROM.
1272 258 1427 287 flOMtL.
1469 258 1514 287 V.
2076 242 2157 287 501

100 348 207 382 δαστα
228 345 340 386 αὐτοῖς
373 349 385 364 ⁰
399 343 528 394 μᾶλλον
559 344 635 380 εἶσι.
665 342 726 388 Μὴ
757 342 824 393 γάρ
846 357 904 392 μοι
927 340 969 378 τὰ
989 340 1111 390 ἱμάτια
1184 347 1334 375 externa:
1352 337 1518 375 insaniae?
1535 337 1651 375 Multo
1670 337 1797 375 molius
1816 345 1865 374 est
1886 351 2074 389 pauperem
2095 352 2168 375 esse

99 405 190 454 ἴδῃς,
211 404 300 442 ἀλλὰ
321 404 537 455 ἀνακάλυψον
560 404 669 441 αὐτῶν
684 402 746 449 τὴν
769 402 895 454 ψυχὴν,
910 401 968 439 καί
984 401 1114 447 σκόπη·
1185 410 1218 438 et
1234 401 1269 438 in
1286 401 1418 439 virtute
1432 400 1543 439 vitam
1559 400 1698 450 ducere,
1718 415 1825 451 quam
1844 414 1925 438 cum
1942 400 2098 450 nequitia
2112 414 2165 437 rc-

99 480 156 502 σον
173 467 202 502 εἰ
228 465 275 515 μὴ
297 464 426 516 μυρίων
443 464 542 515 γέμει
559 464 779 516 τραυμάτων,
799 462 857 500 καὶ
887 463 992 514 ῥάκια
1010 477 1114 513 περι-
1186 477 1262 514 gem
1284 477 1368 500 esse.
1396 465 1535 515 Pauper
1559 463 1653 501 enim
1677 463 1777 515 apud
1804 478 1840 501 se
1855 463 1952 501 omni
1972 462 2165 500 secundum

98 524 283 571 ὃέὸληται,
310 526 368 563 καὶ
396 525 488 562 ἔστιν
523 525 649 576 ἔρημος
675 525 734 562 καὶ
762 523 1047 576 ἀπροστάτευτος.
1068 522 1116 560 Τί
1186 525 1343 561 animam
1361 524 1544 576 voluptate
1569 524 1710 574 fruitur,
1725 538 1837 575 neque
1858 524 1894 561 in
1916 537 2056 561 sensum
2071 524 2168 561 venit

99 579 156 623 οῧν
176 586 294 637 ὄφελος
310 588 371 631 τῆς
399 585 462 629 ἔξω
480 585 624 635 μανίας;
647 585 716 624 Καὶ
735 584 803 636 γὰρ
830 586 949 634 πολλῷ
980 583 1113 634 βέλτιον
1187 585 1284 622 illius
1301 594 1453 623 externae
1483 585 1714 636 paupertatis,
1739 585 1784 622 ob
1812 585 1968 622 internas
1984 583 2132 622 divitias
2155 600 2163 622 :

99 645 231 693 πένητα
250 641 336 684 εἶναι
352 649 385 684 ἐν
414 649 518 698 ἀρετῇ
540 648 673 693 ζῶντα,
700 645 722 692 ἢ
746 645 892 696 βασιλέα
917 644 998 681 ὄντα
1026 644 1114 694 μετὰ
1140 653 1161 681 Ε
1186 659 1248 683 rex
1276 659 1358 683 vero
1378 645 1414 682 in
1433 645 1571 683 deliciis
1602 645 1745 693 vivens,
1776 645 1810 682 in
1835 645 1893 694 iis,
1911 660 1988 695 quae
2013 659 2083 682 non
2101 645 2168 696 ipsi

100 705 275 757 πονηρίας.
293 706 337 744 Ὁ
369 706 430 756 μὲν
463 707 530 759 γὰρ
550 707 655 753 πένης
687 707 769 757 παρ’
803 707 914 755 ἑαυτῷ
947 704 1114 742 ἀπολαύει
1185 705 1415 755 congruentia
1431 714 1524 753 sunt,
1540 706 1574 742 in
1593 705 1636 742 iis
1653 719 1730 755 quae
1745 704 1901 742 maxime
1915 705 1959 742 ad
1977 705 2097 757 ipsum
2112 715 2168 742 at-

100 766 214 811 πασης
233 770 293 813 τῆς
312 768 401 805 κατὰ
420 767 534 819 ψυχὴν
554 770 701 819 τρυφῆς,
722 766 806 803 duat
817 765 893 802 οὐδὲ
915 768 976 810 τῆς
990 764 1112 808 ἔξωθεν
1185 764 1296 802 tinent
1330 765 1520 813 cruciatur,
1543 765 1579 802 in
1605 765 1737 813 anima,
1758 765 1794 802 in
1822 766 2108 816 cogitationibus,
2132 766 2167 802 iu

101 827 299 865 αἰσθάνεται
318 828 436 871 πενίας
458 828 513 866 διὰ
534 829 591 866 τὸν
611 829 704 866 ἔνδον
729 828 895 864 πλοῦτον·
918 829 935 863 ὃ
955 825 988 862 δὲ
1011 828 1113 875 βασι-
1186 823 1409 872 conscientia,
1432 839 1509 875 quae
1539 838 1608 861 una
1634 838 1753 861 secum
1782 825 1844 861 illo
1872 826 2170 876 commigrabunt.

99 887 331 939 λεὺς“τρυφῶν
351 890 384 926 ἐν
398 895 469 932 τοῖς
490 889 585 926 οὐδὲν
613 889 705 938 αὐτῷ
724 885 971 937 προσήκουσιν,
990 887 1023 922 ἐν
1044 889 1115 926 τοῖς
1186 886 1270 924 Haec
1296 888 1406 938 igitur
1431 901 1511 924 cum
1537 886 1701 932 sciamus,
1720 887 1930 925 vestimenta
1950 887 2094 937 quidem
2110 902 2173 925 au-

101 948 254 996 μάλιστα
280 951 372 1000 αὐτῷ
398 949 595 1000 διαφέρουσι
615 947 821 995 κολάζεται,
844 948 900 982 Εὲν
929 947 1024 995 ψυγῇ
1054 944 1113 982 καὶ
1184 963 1243 986 rea
1271 949 1501 1001 deponamus,
1520 949 1689 987 virtutem
1715 963 1934 987 assumamus
1954 960 1987 987 ct
2006 951 2171 1001 volupta-

99 1010 275 1058 λογισμοῖς
291 1009 349 1047 καὶ
368 1012 418 1060 τῷ
436 1008 618 1052 συνειδότι,
638 1013 708 1049 τοῖς
724 1008 794 1044 ἐκεῖ
814 1006 1112 1054 συναποδημοῦσιν
1184 1017 1255 1046 tem
1275 1023 1320 1046 ex
1340 1009 1402 1046 illa
1418 1017 1571 1060 partam.
1596 1008 1655 1046 Sic
1674 1008 1768 1046 enim
1788 1018 1821 1046 et
1839 1009 1899 1046 hic
1915 1018 1948 1046 et
1968 1010 2042 1046 illic
2056 1010 2170 1046 multa

99 1070 203 1120 αὐτῷ.
223 1071 332 1105 Ταῦτ’
360 1063 418 1105 οὖν
436 1067 580 1115 εἰδότες,
598 1067 641 1104 τὰ
666 1066 727 1116 μὲν
756 1065 880 1116 ἱμάτια
903 1064 1112 1114 ἀποθώμεθα
1183 1069 1343 1106 fruemur
1376 1070 1561 1121 voluptate
1576 1099 1585 1117 ,
1616 1071 1680 1118 [et
1714 1069 1889 1120 promissa
1917 1083 2171 1119 consequemur

97 1127 139 1165 τὰ
159 1135 292 1201 χρυσᾶ,
318 1127 520 1177 ἀνελώμεθα
547 1127 582 1164 δὲ
603 1125 728 1178 ἀρετὴν
749 1126 807 1163 καὶ
825 1124 888 1172 τὴν
918 1126 957 1162 ἐκ
985 1124 1114 1171 ταύτης
1184 1128 1313 1179 bona,]
1335 1129 1446 1180 gratia
1473 1138 1506 1166 et
1533 1129 1753 1180 benignitate
1782 1129 1927 1166 Domini
1947 1129 2057 1166 nostri
2088 1130 2170 1168 Jesu
2218 1127 2225 1133 '

96 1189 231 1234 ἡδονήν.
248 1188 351 1226 Οὕτω
366 1187 433 1240 γὰρ
449 1203 508 1225 και
524 1189 671 1224 ἐνταυθα
690 1202 750 1224 και
769 1183 1015 1232 εΞκεῖπολλῆςί
1024 1187 1111 1223 ἀπο·
1186 1189 1333 1240 Clu-isti,
1361 1190 1506 1240 quicum
1534 1190 1633 1228 Patri
1661 1199 1694 1228 et
1722 1190 1872 1242 Spiritui
1896 1199 2017 1228 sancto
2042 1189 2170 1240 gloria,

96 1249 266 1299 λαύσομεν
286 1265 347 1295 της
373 1251 504 1301 τρυφῆς
517 1278 526 1296 ,
548 1247 626 1298 [καὶ
651 1263 719 1284 των
741 1246 1008 1298 ἐπηγγελμένων
1036 1248 1114 1284 ἐπι-
1125 1250 1309 1306 4601101101)
1322 1250 1526 1302 imperium,
1545 1264 1639 1289 nunc
1655 1260 1687 1288 et
1706 1265 1854 1303 semper,
1868 1260 1900 1289 et
1919 1251 1953 1288 in
1967 1250 2093 1288 saecula
2108 1264 2172 1287 sae-

95 1308 255 1360 τύχωμεν
279 1312 415 1360 ἀγαθῶν
430 1310 445 1357 ]
458 1339 467 1356 ,
485 1309 604 1360 χάριτι
622 1307 681 1345 καὶ
702 1306 944 1360 φιλανθρωπία
963 1310 1022 1344 τοῦ
1039 1308 1110 1344 Κυ-
1137 1331 1162 1360 Α
1184 1311 1360 1351 culorum,
1384 1315 1508 1349 Amen,

98 1369 168 1419 ρίου
183 1372 282 1418 ἡμῶν
296 1369 412 1415 Ἰησοῦ
434 1371 605 1421 Χριστοῦ,
626 1370 700 1418 μεθ’
725 1363 763 1406 οἷ
782 1369 832 1419 τῷ
851 1366 969 1418 Πατρὶ
985 1367 1044 1405 καὶ
1063 1369 1113 1418 τῷ

96 1428 183 1481 ἁγίῳ
212 1429 393 1479 Πνεύματι
414 1428 493 1473 δόξα
509 1459 518 1476 ,
534 1429 643 1478 τιμὴ,
663 1428 787 1481 κράτος
806 1432 862 1466 νῦν
888 1426 946 1465 καὶ
977 1427 1029 1465 ἀεὶ
1056 1427 1114 1464 καὶ

97 1492 142 1533 εἷς
161 1489 237 1534 τοὺς
257 1493 383 1534 αἰῶνας
396 1493 463 1528 τῶν
482 1489 631 1528 αἰώνων.
651 1489 771 1540 Ἀμήν.

140 1605 152 1618 ⁰
177 1596 330 1637 [μάλιστα
347 1596 383 1626 Α.
405 1602 437 1626 et
454 1605 558 1636 marg.
576 1593 677 1626 Savil.
692 1594 704 1635 ]
1210 1597 1221 1610 θ
1245 1590 1305 1623 Alii
1324 1596 1352 1624 ἐν
1369 1599 1407 1635 τῇ
1421 1597 1499 1635 ψυχῇ
1512 1595 1603 1625 αὑτοῦ
1619 1597 1668 1625 καὶ
1685 1601 1725 1634 τῷ
1741 1595 1892 1626 συνειδότι.

140 1648 152 1664 ““
177 1647 309 1691 [wop-53
322 1671 329 1684 ‚
355 1649 418 1679 0382:
446 1654 497 1684 τῆς
525 1650 628 1685 ἔξωθεν
642 1651 741 1682 πενὶας
759 1649 967 1686 αἰσθανόμενος
984 1646 1031 1677 διὰ
1048 1648 1097 1676 τὸν
1207 1643 1219 1667 s
1246 1643 1501 1685 [ἀπολαυσὸμεθα
1517 1644 1555 1675 A.
1573 1643 1657 1675 Vide
1675 1642 1718 1675 ad
1736 1656 1767 1685 p.
1787 1645 1862 1683 757,
1882 1645 1906 1675 Α
1925 1645 1935 1685 ]

98 1700 209 1731 ε”νῖοθεν
226 1697 300 1741 RQ]

481 1935 660 1973 OMIAIA
688 1934 726 1973 ε’.
1531 1937 1744 1976 HOMILIA
1773 1940 1821 1978 V.

98 2057 218 2102 Καθὼς
237 2060 298 2096 οὐκ
319 2058 528 2108 ἐδοκίμασαν
552 2058 608 2096 τὸν
629 2058 719 2097 Θεὸν
736 2058 828 2110 ἔχειν
845 2061 880 2096 ἐν
907 2060 1110 2111 ἐπιγνώσει,
1185 2061 1274 2098 CAP.
1301 2062 1330 2098 I.
1373 2075 1405 2098 v.
1432 2059 1494 2097 98.
1517 2060 1621 2098 Sicut
1651 2074 1729 2097 non
1753 2062 2014 2111 probaverunt
2042 2061 2168 2098 Deum

150 2119 476 2172 παρέδωκενὸΘεὸς
500 2119 620 2162 αὐτοὺς
639 2121 686 2163 εἷς
706 2121 872 2171 ἀδόκιμον
890 2126 979 2170 νοῦν,
1000 2129 1110 2160 ποιεῖν
1238 2121 1383 2157 hahere
1406 2123 1448 2156 in
1478 2123 1618 2157 notitia
1637 2150 1648 2170 ,
1687 2121 1848 2158 tradidit
1878 2134 1941 2158 eos
1975 2121 2168 2158 Dominus

147 2181 190 2219 τὰ
208 2181 254 2231 μὴ
269 2181 477 2228 καθήκοντα.
1236 2183 1278 2217 in
1305 2183 1508 2232 reprobum
1532 2194 1684 2218 sensum
1699 2211 1710 2226 ,
1741 2189 1781 2218 ut
1805 2182 1983 2233 facerent
2008 2195 2054 2218 ea
2083 2195 2168 2232 (μία)

1237 2254 1315 2278 non
1334 2243 1578 2278 conveniunt.

143 2372 220 2410 Ἵνα
239 2372 288 2422 μὴ
309 2372 363 2410 8όῖ
348 2388 386 2422 ῃ
405 2372 524 2417 αὐτους
544 2373 806 2420 αἰνίττεσθαι,
792 2375 849 2413 επὶ
870 2374 956 2414 πολὺ
978 2392 1027 2413 τι)
1047 2392 1109 2422 της
1134 2380 1156 2409 Β
1235 2373 1270 2408 1.
1291 2372 1341 2409 Ut
1354 2385 1398 2408 ne
1415 2369 1598 2409 videretur
1614 2369 1693 2407 illos
1711 2369 1959 2418 subindicare,
1978 2378 2167 2422 postquam

90 2433 337 2486 παιδεραστίας
356 2434 579 2486 ἐνδιατρίὸων
601 2436 715 2487 λόγῳ,
736 2436 866 2487 μετεὸη
886 2436 1070 2475 *λοιπὸν”
1056 2438 1108 2489 αρ’
1180 2431 1244 2469 diu
1266 2432 1358 2469 circa
1376 2445 1569 2483 puerorum
1588 2444 1743 2468 amorem
1768 2439 1930 2469 versatus
1949 2431 2064 2468 fuerat
2078 2460 2089 2480 ,
2123 2431 2166 2467 ad

91 2495 189 2546 ἕτερα
205 2494 277 2540 εἴδη
294 2495 574 2547 ἁμαρτημάτων·
590 2496 642 2534 διὸ
661 2497 721 2535 καὶ
741 2499 792 2549 ἐφ’
817 2497 942 2549 ἑτέρων
967 2497 1108 2549 προσώ-
1179 2493 1249 2531 alia
1268 2492 1397 2530 deinde
1412 2500 1639 2543 peccatorum
1659 2505 1785 2541 genera
1804 2491 1970 2529 transivit
1990 2506 1997 2527 :
2019 2491 2167 2541 ideoque

92 2572 165 2593 πων
185 2555 329 2608 προάγει
349 2556 406 2593 τὸν
432 2556 533 2607 λόγον
565 2557 716 2597 ἅπαντα.
731 2559 802 2597 Καὶ
821 2559 940 2610 ὥσπερ
960 2560 1013 2598 ἀεὶ
1038 2565 1108 2603 τοῖς
1179 2554 1224 2592 ad
1249 2555 1336 2592 alias
1358 2566 1523 2606 personas
1545 2561 1659 2590 totum
1692 2567 1887 2590 sermonem
1906 2554 2082 2590 transfert.
2116 2556 2167 2591 Ac

92 2623 224 2658 πιστοῖς
245 2615 484 2667 διαλεγόμενος
501 2618 581 2669 περὶ
600 2619 879 2672 ἁμαρτημάτων,
904 2620 962 2657 καὶ
984 2621 1108 2672 βουλό-
1169 2611 1283 2653 'sicuti
1297 2629 1448 2666 semper,
1472 2629 1551 2651 cum
1572 2613 1741 2651 fidelibus
1757 2614 1801 2651 de
1817 2615 1970 2666 peccatis
1991 2615 2099 2653 verba
2116 2615 2166 2652 fa.

93 2693 191 2726 μενος
203 2680 313 2714 ταῦτα
329 2676 435 2721 δεῖξαι
449 2679 592 2729 φευκτὰ,
604 2680 754 2732 παράγει
774 2682 821 2723 εἷς
839 2681 942 2731 μέσον
954 2681 997 2719 τὰ
1013 2682 1107 2728 ἔθνη,
1180 2677 1273 2715 ciens
1290 2706 1302 2722 ,
1328 2685 1361 2713 et
1374 2676 1436 2713 illa
1456 2674 1625 2726 fugienda
1644 2688 1716 2712 esse
1736 2675 1857 2712 volens
1874 2684 2163 2722 commonstrare,

91 2738 217 2788 λέγων·
232 2737 292 2784 Μὴ
314 2739 348 2776 ἐν
362 2739 466 2776 πάθει
483 2740 679 2790 ἐπιθυμίας,
696 2742 853 2794 καθάπερ
869 2742 928 2780 καὶ
947 2742 992 2781 τὰ
1001 2742 1108 2781 λοιπὰ
1180 2746 1297 2789 ςθῦἲθὸ
1315 2737 1350 2773 in
1367 2735 1525 2772 medium
1539 2733 1706 2786 Pl'OdUCit
1717 2764 1726 2782 7
1744 2734 1866 2772 dicens
1885 2750 1893 2770 ²
1913 2736 2002 2772 Non
2017 2738 2058 2771 in
2072 2749 2164 2786 pas·
2184 2760 2208 2778 ι.
2226 2752 2364 2788 Thesssff.

89 2799 168 2845 ἔθνη
180 2799 223 2837 τὰ
239 2799 287 2849 μὴ
306 2799 420 2837 εἰδότα
434 2800 492 2838 τὸν
504 2800 593 2839 Θεόν
607 2817 614 2824 ·
638 2802 697 2840 καὶ
710 2802 828 2850 πάλιν,
846 2803 907 2850 Μὴ
923 2806 1107 2853 λυπεῖσθε,
1179 2802 1286 2837 sione
1302 2797 1509 2845 desiderii,
1525 2798 1624 2832 sicut
1652 2804 1688 2832 et
1711 2796 1870 2848 reliquae
1894 2804 2025 2847 gentes
2037 2826 2050 2842 ,
2081 2810 2164 2845 qzcoe
2178 2792 2209 2821 5·

89 2858 206 2911 ὥσπερ
218 2862 248 2897 οἱ
256 2860 370 2898 λοιποὶ
382 2863 412 2898 οἱ
425 2860 472 2911 μὴ
487 2861 623 2913 ἔχοντες
635 2862 770 2901 ἐλπίδα·
786 2863 945 2901 οὕτωκαὶ
960 2866 1107 2903 ἐνταῦθα
1180 2861 1307 2898 Deum
1320 2872 1396 2895 non
1418 2871 1540 2894 nove]
1541 2865 1638 2893 unt:
1657 2865 1690 2893 et
1709 2870 1866 2906 iursum,
1884 2858 1944 2894 Ne
1962 2860 2161 2895 contriste-
2178 2866 2255 2894 Ilid.
2269 2876 2300 2895 v
2317 2867 2363 2896 ι3.

89 2919 256 2957 δείκνυσιν
272 2920 410 2959 ἐκείνων
435 2921 479 2960 τὰ
510 2922 751 2974 ἁμαρτήματα
781 2924 883 2971 ὄντα,
912 2925 972 2962 καὶ
991 2925 1107 2971 πάσης
1180 2923 1302 2966 mini,
1336 2922 1433 2957 sicut
1453 2926 1490 2955 et
1508 2919 1636 2955 coeteri
1652 2946 1663 2963 ,
1688 2919 1754 2969 qui
1772 2931 1876 2969 spem
1898 2932 1975 2955 non
1991 2920 2160 2957 habenc-
2150 2949 2157 2955 .

90 2980 209 3023 αυτους
231 2983 412 3033 ἀποστερεῖ
439 2998 478 3020 συ
481 2983 659 3059 :symm-qq
686 2986 724 3022 οὐ
747 2985 814 3037 γὰρ
838 2984 993 3036 ἀγνοίας,
1017 2986 1108 3024 effi&
1131 2985 1154 3015 C
1178 2981 1229 3019 sic
1248 2990 1282 3018 et
1306 2980 1466 3017 hocloco
1486 2979 1631 3015 illorum
1662 2987 1803 3030 peccata
1823 2978 1993 3028 exhibet,
2013 2979 2162 3029 illosque

92 3041 235 3089 μελέτης
250 3035 335 3079 εἶναί
358 3057 441 3094 φησι
458 3043 502 3081 τα
523 3044 748 3095 τολμηματα.
767 3045 899 3097 Διόπερ
924 3049 985 3085 οὐκ
1012 3051 1106 3094 εἷπε,
1178 3043 1223 3079 ab
1247 3040 1343 3079 omui
1365 3040 1469 3078 venia
1488 3039 1653 3076 deturbat
1675 3054 1682 3074 ε
1704 3052 1772 3076 non
1798 3039 1892 3076 enim
1911 3053 1974 3091 per
1997 3039 2164 3091 ignoran-

91 3100 148 3136 καὶ
163 3101 275 3143 motus·
291 3104 351 3139 οὒκ
362 3103 527 3152 ἔγνωσαν,
545 3105 654 3154 ἄλλα,
675 3105 800 3149 Καθὼς
815 3109 876 3145 οὐκ
892 3106 1105 3158 ἐδοκίμασαν
1178 3104 1264 3141 tiam
1286 3102 1441 3140 admissa
1456 3131 1467 3151 ,
1495 3100 1556 3138 sed
1578 3099 1746 3138 meditata
1771 3099 1860 3137 dicit
1889 3114 1962 3138 esse
1994 3101 2160 3139 facinora.

90 3175 146 3197 τον
168 3161 256 3199 Θεὸν
286 3161 375 3213 ἔχειν
398 3165 432 3200 ἐν
459 3163 660 3214 ἐπιγνώσει·
679 3165 824 3218 κρίσεως
856 3167 1106 3219 διεφθαρμένης
1179 3166 1406 3217 Quapropter
1425 3177 1493 3201 non
1509 3162 1620 3200 dicit:
1639 3161 1685 3198 Et
1700 3161 1792 3199 sicut
1808 3176 1876 3199 non
1903 3172 2162 3212 cognoverunt3

92 3220 150 3256 καὶ
178 3222 383 3272 φιλονεικίας
409 3225 553 3272 μᾶλλον,
580 3227 617 3263 οὐ
637 3229 861 3279 συναρπαγῆς
880 3227 989 3278 λέγων
1019 3232 1106 3265 εἶναι
1179 3226 1240 3264 sod
1253 3256 1265 3276 ,
1287 3227 1392 3264 Sicut
1427 3238 1503 3261 non
1527 3225 1791 3275 probaverunt
1809 3225 1933 3261 Deum
1955 3224 2097 3261 habere
2122 3227 2164 3261 in

92 3296 130 3318 το
160 3281 274 3331 ἇυιάρτ
278 3298 371 3331 ηαα,
392 3298 452 3320 και
480 3283 611 3327 δεικνυς
637 3286 714 3337 οὗγι
734 3303 795 3333 της
827 3287 972 3338 σαρκὸς,
993 3288 1105 3332 καθώς
1181 3291 1342 3331 nomia,-
1366 3300 1409 3324 ex
1440 3294 1608 3336 corrupto
1641 3284 1780 3336 judicio
1810 3294 1841 3322 et
1871 3298 1915 3322 ex
1944 3284 2164 3322 contentione

144 3407 156 3418 ⁶
184 3408 305 3448 [λοιπὸν
321 3411 368 3440 καὶ
385 3410 428 3451 ἐρ’
447 3412 536 3452 ἕτερα
552 3408 609 3452 Α.]
