2502 3810
718 255 760 284 IN
798 252 937 282 EPIST.

75 335 138 382 λὴν
170 334 300 373 ἐκείνου
322 339 380 374 τοῦ
409 339 471 381 τῆς
505 334 749 386 ἁμαρτίας,οὐ
785 336 844 371 τοῦ
868 334 1093 370 Μωῦσαϊκοῦ.

75 396 189 434 ςὈταν
205 395 271 446 γὰρ
297 395 403 446 λέγῃ,
421 394 659 446 Ἧλευθέρωσέ
677 410 715 432 σε
742 394 810 431 ἀπὸ
836 398 895 431 τοῦ
914 392 1018 443 νόμου
1034 396 1095 438 τῆς

77 455 248 506 ἁμαρτίας
281 456 340 492 καὶ
377 459 436 493 τοῦ
472 455 618 493 θανάτου
631 485 640 502 ,
669 457 706 493 οὐ
738 454 796 491 τὸν
830 452 1008 494 Nemea->q
1036 451 1094 488 νο’-

78 531 141 566 μον
171 515 265 565 λέγει
284 517 450 553 ἐνταῦθα·
481 516 630 565 οὐδαμοῦ
654 515 721 566 γὰρ
742 513 842 551 αὐτὸν
857 512 959 561 νόμον
980 511 1094 562 ἆμαρ-

76 575 152 618 τίας
182 576 304 612 καλεῖ·
333 578 406 619 πῶς
441 574 525 626 γὰρ,
551 575 586 612 ὃν
623 575 753 612 δίκαιον
787 573 846 611 καὶ
882 572 977 623 ἅγιον
1010 574 1094 609 πολ-

78 636 178 678 λάκις
218 635 378 685 ὠνόμασε
399 665 408 682 ,
440 636 498 673 καὶ
529 635 702 686 ἁμαρτίας
741 632 956 685 ἀναιρετικόν
974 648 984 679 ;
1016 633 1092 670 ἀλλ’

80 697 208 733 ἐκεῖνον
241 696 298 733 τὸν
330 695 677 747 ἀντιστρατευόμενον
710 695 759 745 τῷ
792 694 887 745 νόμῳ
916 697 975 730 τοῦ
1006 691 1092 734 νοός.

81 757 212 794 Τοῦτον
232 754 298 806 γὰρ
320 755 376 793 τὸν
403 755 554 807 χαλεπὸν
573 753 741 792 κατέλυσε
767 752 918 802 πόλεμον
945 751 1094 789 θανατώ-

82 831 174 854 σασα
188 815 251 861 τὴν
268 815 440 866 ἁμαρτίαν
455 818 476 861 ἡ
491 820 550 852 τοῦ
561 813 764 863 Πνεύματος
777 812 878 863 χάρις
889 839 898 856 ,
917 812 975 849 καὶ
993 811 1094 857 ποιή-

83 891 174 913 σασα
192 875 249 913 τὸν
268 878 384 926 ἀγῶνα
401 880 523 926 κοῦφον
544 879 641 923 ἡμῖν,
659 874 718 910 καὶ
736 872 900 924 πρότερον
918 870 1096 922 στεφανώ-

84 951 194 982 σασα,
212 935 271 973 καὶ
299 935 376 972 τότε
398 934 487 984 μετὰ
517 936 648 979 πολλῆς
665 936 727 978 τῆς
746 930 948 982 συμμαχίας
969 931 1025 968 ἐπὶ
1051 930 1096 968 τὰ

84 996 312 1044 παλαίσματα
332 994 518 1032 ἑλκύσασα.
540 992 633 1030 ᾱΚαὶ
648 992 733 1042 ὅπερ
753 990 806 1028 ἀεὶ
822 995 913 1028 ποιεῖ
928 1019 938 1036 ,
955 990 1024 1027 ἀπὸ
1037 995 1096 1027 τοῦ

85 1056 169 1092 Υἱοῦ
189 1057 235 1097 εἰς
252 1054 291 1091 τὸ
306 1056 453 1103 Πνεῦμα
474 1051 708 1102 μεταδαίνων,
729 1051 798 1088 ἀπὸ
817 1054 876 1087 τοῦ
893 1049 1097 1098 Πνεύματος

84 1117 131 1158 εἷς
150 1115 207 1152 τὸν
228 1114 311 1151 Υἱὸν
343 1113 402 1150 καὶ
423 1113 479 1150 τὸν
500 1113 661 1163 Πατέρα,
684 1110 743 1147 καὶ
762 1113 804 1160 τῇ
826 1108 955 1161 Τριάδι
982 1109 1098 1146 πάντα

85 1174 128 1212 τὰ
152 1175 236 1224 παρ’
250 1175 350 1223 ἡμῶν
365 1171 583 1222 λογιζόμενος
595 1186 602 1194 ·
621 1174 720 1208 τοῦτο
739 1169 797 1207 καὶ
824 1171 969 1206 ἐνταῦθα
989 1168 1097 1220 ἐργά-

85 1237 191 1278 ζεται.
211 1232 280 1270 Καὶ
299 1232 366 1284 γὰρ
385 1230 503 1276 εἰπὼν,
520 1230 584 1273 Τίς
610 1246 652 1281 με
676 1230 815 1283 ῥύσεται
837 1231 875 1266 ἐκ
893 1233 951 1267 τοῦ
972 1228 1098 1279 σώμα-

87 1309 143 1336 τος
179 1297 238 1331 τοῦ
277 1292 424 1330 θανάτου
452 1290 588 1337 τούτου,
621 1289 724 1333 ἔδειξε
755 1289 898 1341 Πατέρα
924 1288 980 1327 διὰ
1013 1290 1099 1327 Υἱοῦ

88 1357 188 1391 τοῦτο
214 1357 391 1391 ποιοῦντα·
418 1345 492 1389 εἶτα
510 1351 615 1389 πάλιν
633 1351 673 1388 τὸ
683 1352 831 1400 Πνεῦμα
846 1350 885 1387 τὸ
902 1349 996 1400 ἅγιον
1013 1348 1101 1399 μετὰ

88 1420 147 1453 τοῦ
166 1416 250 1452 Tio&
263 1429 270 1436 ·
287 1413 330 1451 Ὁ
345 1413 412 1464 γὰρ
435 1412 538 1462 νόμος
557 1415 615 1449 τοῦ
636 1410 842 1462 Πνεύματος
861 1413 922 1456 τῆς
949 1412 1038 1456 ζωῆς
1066 1412 1099 1448 ἐν

90 1476 232 1526 Χριστῷ
248 1474 363 1519 Ἰησοῦ
378 1472 592 1523 ἦλευθέρωσέ
609 1488 666 1518 σε,
687 1471 809 1523 φησίν·
826 1464 902 1508 εἶτα
920 1471 1025 1508 πάλιν
1043 1470 1101 1507 τὸν

89 1534 232 1585 Πατέρα
252 1534 310 1571 καὶ
329 1533 386 1570 τὸν
408 1533 490 1570 Υἱόν
506 1548 513 1555 ·
530 1533 582 1570 Τὸ
609 1532 676 1583 γὰρ
706 1530 869 1568 ἀδύνατον
889 1535 948 1567 τοῦ
974 1530 1100 1579 νόμου,

91 1594 207 1646 φησὶν,
226 1596 259 1631 ἐν
281 1587 309 1644 ᾧ
328 1592 463 1639 ἠσθένει
480 1591 535 1630 διὰ
552 1595 613 1637 &iz
633 1591 775 1644 σαρκὸς,
794 1594 811 1629 ὃ
832 1591 920 1633 Θεὸς
938 1590 995 1628 τὸν
1021 1592 1101 1627 ἑαυ-

90 1658 150 1692 τοῦ
182 1654 264 1692 Υἱὸν
294 1654 432 1704 πέμψας
454 1655 487 1690 ἐν
521 1651 718 1701 ὁμοιώματι
753 1651 879 1701 σαρκὸς
911 1650 1102 1701 ἁμαρτίας,

93 1714 151 1752 καὶ
176 1714 254 1762 περὶ
285 1713 457 1765 ἁμαρτίας
487 1711 669 1764 κατέκρινε
697 1710 760 1757 τὴν
793 1710 965 1762 ἁμαρτίαν
993 1712 1027 1747 ἐν
1060 1713 1102 1760 τῇ

93 1774 207 1826 σαρκί.
224 1774 338 1811 Πάλιν
359 1774 451 1811 δοκεῖ
472 1772 532 1823 μὲν
555 1771 753 1810 διαέάλλειν
773 1771 830 1809 τὸν
862 1771 984 1821 νόμον·
1007 1772 1036 1808 εἰ
1068 1769 1104 1807 δέ

93 1851 143 1879 τις
159 1834 310 1886 ἀκριέῶς
324 1834 509 1885 προσέχοι,
525 1833 583 1871 καὶ
599 1833 731 1884 σφόδρα
742 1832 841 1869 αὐτὸν
856 1833 1005 1877 ἐπαινεῖ,
1017 1831 1104 1882 σύμ-

95 1911 204 1947 φωνον
221 1898 269 1945 τῷ
279 1895 422 1945 Χριστῷ
439 1894 591 1937 δεικνὺς,
607 1892 667 1930 καὶ
682 1891 726 1930 τὰ
742 1891 831 1929 αὐτὰ
849 1891 1103 1944 προῃρημένον.

94 1957 185 1995 Οὐδὲ
219 1956 286 2007 γὰρ
314 1949 409 2001 εἶπε,
432 1955 471 1992 τὸ
502 1952 650 2004 πονηρὸν
679 1957 737 1991 τοῦ
768 1953 893 2004 νόμου,
923 1953 1032 2000 ἀλλὰ,
1053 1952 1106 1990 Τὸ

97 2017 261 2054 ἀδύνατον
275 2032 282 2038 ·
304 2015 363 2052 καὶ
382 2015 501 2061 πάλιν,
520 2015 581 2052 Ἔν
603 2008 631 2065 ᾧ
652 2013 809 2061 ἠσθένει,
826 2015 904 2059 οὐκ,
925 2014 959 2051 ἓν
976 2006 1004 2065 ᾧ
1025 2015 1104 2050 ἐκα-

97 2076 235 2128 κούργει
249 2106 258 2123 ,
277 2075 526 2121 ἢὲπεὸούλευε.
541 2074 611 2113 Καὶ
631 2073 706 2112 οὐδὲ
725 2074 789 2119 τὴν
816 2073 992 2112 ἀσθένειαν
1013 2076 1106 2125 αὐτῷ

96 2137 285 2187 λογίζεται,
305 2135 393 2174 ἀλλὰ
412 2139 453 2186 τῇ
476 2134 599 2186 σαρκὶ,
623 2133 746 2184 λέγων,
761 2133 823 2172 Ἐν
847 2128 875 2185 ᾧ
896 2134 1032 2179 ἠσθένει
1045 2129 1108 2171 >διὰ

95 2200 156 2242 τῆς
176 2196 319 2249 σαρκός·
347 2196 459 2246 σάρκα
487 2195 592 2232 πάλιν
622 2196 767 2232 ἐνταῦθα
798 2193 875 2245 οὐχὶ
894 2192 957 2239 τὴν
990 2193 1107 2231 οὐσίαν

95 2256 201 2303 αὐτὴν
217 2256 275 2294 καὶ
290 2256 329 2294 τὸ
343 2256 579 2305 ὑποκείμενον,
596 2253 686 2292 ἀλλὰ
701 2254 739 2291 τὸ
757 2253 1012 2305 σαρκικώτερον
1027 2254 1109 2305 φρό-

95 2333 190 2368 νημα
210 2319 337 2355 καλῶν.
349 2318 402 2353 Δι’
419 2310 466 2353 ὧν
481 2315 540 2353 καὶ
558 2315 597 2353 τὸ
616 2317 718 2365 σῶμα
729 2315 789 2352 καὶ
807 2315 864 2353 τὸν
879 2314 982 2364 νόμον
999 2316 1109 2352 ἀπαλ-

94 2378 212 2415 λάττει
226 2376 453 2430 κατηγορίας·
471 2378 508 2415 οὐ
525 2375 581 2415 διὰ
601 2375 731 2414 τούτων
748 2374 783 2413 δὲ
810 2374 925 2425 μόνον,
945 2374 1034 2414 ἀλλὰ
1049 2376 1108 2414 καὶ

96 2438 151 2475 διὰ
175 2441 242 2476 τῶν
259 2437 349 2484 ἑξῆς.

99 2557 256 2607 βοήθειαν
277 2560 379 2596 αὐτοῦ
400 2558 633 2609 παραγέγονε,
649 2558 708 2596 καὶ
737 2559 776 2596 τὸ
804 2558 979 2609 δικαίωμα
1006 2562 1108 2597 αὐτοῦ

97 2620 241 2670 πληροῖ,
260 2618 318 2655 καὶ
339 2623 442 2671 χεῖρα
458 2617 561 2670 ὤρεξε
577 2618 787 2670 κατακρίνας
802 2619 864 2665 τὴν
882 2619 1054 2671 ἁμαρτίαν
1075 2622 1108 2658 ἐν

96 2682 138 2728 τῇ
159 2678 261 2731 σαρκί
277 2695 286 2725 ;
302 2681 415 2716 Τοῦτο
431 2678 497 2729 γὰρ
516 2683 529 2699 ³
545 2679 775 2717 ὑπολέλειπτο
786 2709 796 2727 ,
815 2680 1001 2733 ἐπειδήπερ
1013 2682 1048 2718 ἓν
1067 2685 1109 2733 τῇ

97 2741 191 2790 ψυχῇ
211 2739 322 2777 πάλαι
343 2742 360 2776 ὃ
377 2738 478 2789 νόμος
510 2739 617 2785 αὐτὴν
645 2739 856 2791 κατακρίνας
870 2735 925 2786 ἦν.
959 2741 1005 2778 Τί
1032 2736 1109 2787 οῦν;

96 2799 135 2836 τὸ
152 2801 264 2848 μεῖζον
281 2801 298 2836 ὃ
313 2799 415 2845 νόμος
443 2799 603 2846 ἐποίησε,
617 2799 655 2837 τὸ
675 2799 710 2837 δὲ
727 2799 869 2838 ἔλαττον
897 2803 915 2838 ὁ
941 2805 1001 2839 τοῦ
1020 2803 1111 2839 Θεοῦ

96 2859 311 2910 Μονογενής;
329 2861 515 2909 Οὐδαμῶς.
546 2859 712 2899 Μάλιστα
744 2859 806 2909 μὲν
833 2860 901 2912 γὰρ
929 2863 1067 2898 κάκεῖνο
1095 2864 1112 2898 ὃ

97 2919 185 2962 Θεὸς
202 2919 406 2971 εἰργάσατο,
426 2923 444 2957 ὃ
464 2920 521 2958 τὸν
541 2920 684 2971 φυσικὸν
716 2920 873 2963 δεδωκὼς
904 2921 1020 2971 νόμον,
1054 2921 1112 2958 καὶ

98 2979 154 3016 τὸν
183 2980 336 3030 γραπτὸν
366 2980 543 3032 προσθείς·
575 2981 689 3024 ἄλλως
725 2980 759 3018 δὲ
787 2983 883 3019 οὐδὲν
913 2982 1032 3033 ὄφελος
1053 2985 1112 3019 τοῦ

100 3039 250 3089 μείζονος
267 3034 322 3084 ἦν,
341 3045 399 3078 τοῦ
417 3039 598 3084 ἐλάττονος
617 3040 665 3091 μὴ
691 3041 958 3093 προσκειμένου.
982 3040 1029 3079 Τί
1047 3041 1114 3093 γὰρ

97 3099 214 3150 ὄφελος
239 3099 363 3137 εἰδέναι
391 3100 438 3139 τὰ,
460 3100 620 3152 πρακτέα
639 3100 713 3151 1’μὴ
732 3102 895 3151 μετιόντα
915 3102 1025 3148 αὐτά,
1044 3103 1115 3140 Οὐ·

97 3158 164 3205 δὲν,
180 3158 268 3196 ἀλλὰ
287 3160 345 3196 καὶ
365 3160 487 3209 μείζων
503 3161 718 3213 κατάκρισις.
732 3160 842 3200 (Ὥστε
859 3164 877 3199 ὁ
890 3161 950 3199 καὶ
968 3161 1030 3208 τὴν
1050 3163 1116 3214 ψο-

146 3277 161 3301 d
189 3277 199 3313 l
214 3280 275 3310 εἶτα
292 3281 364 3321 susp
393 3279 430 3310 A.
449 3290 524 3311 cum
540 3290 645 3323 marg.
661 3279 778 3322 SaviL]

145 3339 157 3353 ἢ
183 3327 310 3369 [Iidem
328 3332 530 3364 ὑπολέλειπτο.
550 3329 734 3373 Legebatur
752 3333 965 3373 in1>‚.·:').=-crr·to.]

978 251 1037 280 AD
1072 252 1179 281 ROM.

2059 229 2147 275 (321

1166 333 1279 384 legem
1294 333 1353 371 hic
1371 332 1458 370 dicit
1475 347 1482 368 :
1503 343 1677 381 nusquam
1694 328 1788 367 enim
1804 327 1902 365 illam
1928 327 2041 378 legem
2066 341 2153 378 pec-

1167 393 1235 430 cati
1254 402 1384 430 vocat:
1407 391 1585 443 quomodo
1613 390 1722 439 enim,
1761 402 1868 439 quam
1902 401 1992 438 saepe
2018 387 2151 438 justam

1167 461 1200 489 et
1218 462 1373 490 sanctam
1394 451 1535 489 vocavit
1560 459 1593 488 et
1611 457 1795 502 peccatum
1829 447 2081 493 destruentem,
2104 446 2153 482 ita

1166 525 1258 550 nunc
1279 512 1497 564 appellaret?
1513 510 1574 548 sed
1596 510 1696 548 illam
1711 521 1788 559 quae
1807 515 1942 559 pugnat
1956 515 2075 543 contra
2103 505 2153 543 le-

1167 584 1247 621 gem
1264 571 1402 609 mentis.
1425 571 1500 608 Hoc
1519 570 1613 608 enim
1632 582 1739 619 grave
1761 567 1867 605 solvit
1890 566 2040 613 bellum,
2070 578 2153 616 pec-

1168 640 1285 677 catum
1302 630 1529 679 interficiens,
1541 629 1696 680 Spiritus
1711 626 1840 678 gratia,
1853 634 1887 663 et
1898 633 2072 663 certamen
2085 638 2154 662 no—

1167 690 1222 728 his
1239 691 1317 728 leve
1330 690 1493 739 reddens,
1517 703 1579 727 nos
1589 689 1690 740 prius
1708 700 1892 735 coronans,
1913 694 1946 723 et
1976 695 2060 722 tunc
2074 699 2155 722 cum

1169 751 1281 788 multo
1311 751 1475 802 praesidio
1494 749 1540 787 ad
1561 748 1752 786 certamina
1776 747 1949 784 alliciens.
1980 745 2156 796 Quodque

1169 825 1305 862 semper
1319 812 1419 858 facit,
1445 825 1464 848 a
1484 809 1576 847 Filio
1600 808 1646 846 ad
1667 807 1841 859 Spiritum
1862 806 2047 855 transiens,
2070 816 2102 844 et
2136 821 2156 844 a

1171 870 1309 920 Spiritu
1329 870 1374 907 ad
1393 870 1529 907 Filium
1552 877 1586 905 et
1612 869 1768 912 Patrem,
1795 876 1828 904 et
1850 867 2020 903 Trinitati
2038 875 2156 904 nostra

1171 929 1290 966 omnia
1309 929 1464 966 referens
1486 944 1493 964 :
1514 928 1582 965 boc
1594 927 1711 978 ipsum
1727 935 1760 963 et
1778 926 1837 963 hic
1853 926 1948 964 facit.
1961 928 2052 963 Nam
2074 941 2157 963 cum

1170 988 1322 1026 dixisset
1340 1004 1347 1024 :
1370 990 1463 1038 Quis
1483 1003 1543 1025 me
1563 989 1744 1025 liberabit
1763 988 1810 1023 de
1839 999 1995 1037 corpore
2025 989 2159 1024 mortis

1172 1049 1311 1099 hujus?
1344 1047 1497 1086 ostendit
1529 1049 1669 1085 Patrem
1688 1060 1752 1098 per
1776 1046 1912 1083 Filium
1939 1045 2007 1082 hoc
2034 1046 2157 1083 facere.

1172 1107 1311 1145 Deinde
1330 1108 1506 1159 Spiritum
1531 1116 1691 1145 sanctum
1709 1120 1792 1143 cum
1811 1105 1903 1143 Filio
1922 1121 1929 1140 :
1948 1107 2028 1142 Lex
2059 1108 2162 1142 enim

1172 1171 1336 1222 Spiritus
1356 1174 1449 1208 vitae
1474 1173 1515 1207 in
1550 1171 1706 1208 Christo
1736 1169 1829 1207 Jesu
1867 1169 2047 1205 liberavit
2069 1182 2128 1204 me
2151 1184 2159 1203 :

1175 1231 1303 1268 deinde
1332 1233 1474 1269 Patrem
1502 1240 1534 1268 et
1554 1230 1690 1268 Filium
1708 1245 1716 1265 z
1732 1231 1768 1267 5.
1788 1230 1891 1267 Nam
1906 1229 2008 1280 quod
2021 1231 2162 1279 impos—

1175 1292 1285 1329 sibile
1296 1300 1380 1330 erat
1397 1292 1484 1343 legi,
1512 1290 1641 1342 inquit,
1663 1293 1704 1327 in
1718 1303 1793 1342 quo
1809 1289 2164 1341 infirmabaturper

1176 1367 1329 1391 carnem
1336 1383 1346 1402 ‚
1361 1355 1468 1391 Deus
1479 1355 1518 1390 F
1517 1356 1530 1390 i
1534 1353 1628 1390 lium
1643 1365 1753 1390 suum
1764 1353 1918 1387 mittens
1934 1353 1975 1386 in
1986 1352 2018 1387 si
2021 1364 2053 1386 m
2059 1351 2104 1386 ili
2107 1358 2163 1386 tzi-

1177 1415 1268 1451 dine
1286 1416 1416 1451 carnis
1428 1415 1579 1465 peccati
1597 1428 1607 1448 :
1630 1420 1666 1449 et
1685 1412 1732 1448 de
1747 1418 1905 1462 peccato
1927 1411 2162 1447 condemna-

1221 253 1375 282 HOMtL.
1412 251 1507 282 XIII.

1166 1477 1233 1519 yit
1247 1482 1448 1524 peccatum
1479 1476 1520 1510 in
1538 1486 1664 1510 carne.
1686 1473 1823 1510 Rursus
1855 1469 1999 1507 videtur
2017 1469 2162 1519 quidem

1177 1533 1380 1585 improbare
1397 1534 1534 1584 legem3
1553 1533 1581 1570 si
1601 1532 1682 1582 quis
1701 1541 1819 1569 autem
1832 1530 2031 1567 accuratius
2049 1538 2164 1568 atten-

1178 1594 1250 1641 dat,
1265 1593 1460 1631 admodum
1478 1592 1724 1641 laudatillam7
1741 1591 1882 1629 Christo
1904 1604 2090 1628 consonam
2109 1604 2162 1626 es-

1141 1655 1152 1684 ¹.
1179 1668 1215 1691 se
1231 1653 1485 1701 demonstrans,
1500 1662 1532 1690 et
1549 1652 1672 1690 eadem
1688 1651 1766 1703 ipsa
1791 1650 2164 1702 praescribe1·e.Neque

1180 1714 1272 1751 enim
1287 1713 1392 1759 dixit,
1407 1711 1513 1758 Quod
1527 1712 1664 1749 malum
1692 1710 1815 1748 eratin
1841 1710 1930 1759 lege,
1955 1709 2028 1757 sed,
2053 1711 2166 1759 Quod

1180 1775 1439 1826 impossibile;
1455 1783 1488 1811 et
1518 1787 1656 1821 rursus⁷
1681 1774 1731 1808 In
1756 1784 1833 1823 quo
1867 1771 2157 1822 infirmabatur,

1179 1849 1263 1884 non,
1285 1836 1325 1871 In
1341 1848 1410 1884 quo
1425 1833 1577 1885 maligne
1586 1833 1725 1883 agebat,
1743 1840 1803 1868 aut
1822 1829 2072 1868 insidiabatur.
2094 1831 2162 1867 Ne-

1180 1910 1248 1946 que
1264 1895 1508 1933 infirmitatem
1538 1893 1594 1932 illi
1609 1892 1796 1941 adscribit,
1818 1890 1880 1929 sed
1899 1889 2009 1937 carni,
2025 1889 2162 1937 dicens,

1179 1958 1228 1994 In
1258 1969 1332 2007 quo
1361 1955 1636 2007 infirmabatur
1654 1967 1720 2006 per
1735 1965 1914 1995 earnem;
1944 1963 2085 1987 carnem
2104 1949 2163 1986 hic

1179 2030 1308 2054 vocans
1321 2029 1390 2053 non
1418 2014 1532 2066 ipsam
1560 2012 1794 2051 substantiam
1818 2020 1850 2048 et
1869 2011 2082 2062 subjectum,
2104 2008 2165 2046 sed

1178 2076 1408 2114 carnaliorem
1443 2088 1596 2112 sensum.
1628 2073 1777 2110 Perhaec
1808 2085 1893 2109 vero
1923 2079 1956 2107 et
1983 2083 2110 2120 corpus
2132 2078 2166 2106 et

1178 2138 1292 2188 legem
1319 2151 1339 2174 a
1372 2135 1520 2173 crimine
1550 2134 1701 2183 liberat3
1735 2146 1804 2170 non
1831 2145 1894 2184 per
1922 2131 1999 2168 haec
2032 2130 2160 2176 solum,

1180 2197 1243 2236 sed
1267 2197 1372 2235 etiam
1402 2210 1466 2247 per
1497 2192 1757 2244 subsequentia.

147 2499 193 2535 Εἰ
213 2497 280 2549 γὰρ
301 2497 451 2540 ἐναντίος
473 2492 515 2544 ἦν
543 2500 561 2535 ὃ
590 2497 712 2548 νόμος,
742 2499 816 2541 πῶς
844 2499 861 2536 ὃ
891 2499 1042 2550 Χριστὸς
1062 2502 1109 2543 εἰς
1122 2475 1169 2539 5¹6<

1239 2498 1273 2536 5.
1302 2497 1395 2535 Nam
1412 2495 1439 2533 si
1452 2493 1625 2532 contraria
1645 2492 1765 2529 fuisset
1780 2491 1854 2541 lex,
1870 2489 2047 2540 quomodo
2065 2488 2170 2527 Chri-

1183 2568 1258 2597 stus
1289 2558 1324 2595 in
1333 2555 1511 2594 auxilium
1531 2553 1643 2605 ipsius
1659 2551 1859 2598 advenit‚et
1874 2550 2167 2602 justificationem

1183 2620 1257 2670 ejus
1275 2616 1452 2668 implevit,
1474 2625 1692 2662 manumque
1720 2609 1893 2658 extendit,
1931 2608 2169 2646 condemnans

1183 2687 1367 2731 peccatum
1387 2676 1423 2712 in
1441 2674 1571 2711 carne?
1588 2673 1663 2709 Hoc
1679 2671 1773 2708 enim
1801 2669 1967 2716 restabat,
1985 2668 2067 2718 quia
2093 2669 2171 2719 jam

1185 2739 1271 2776 olim
1283 2738 1342 2774 lex
1356 2736 1391 2773 in
1411 2734 1528 2772 anima
1546 2741 1730 2785 peccatum
1748 2729 2055 2767 condemnaverat.
2071 2727 2170 2773 Quid

1185 2798 1297 2849 ergo?
1325 2809 1370 2833 an
1391 2793 1491 2844 quod
1522 2793 1638 2844 majus
1665 2790 1832 2838 erat71ex
1861 2788 1957 2836 fecit,
1978 2787 2074 2838 quod
2102 2802 2169 2824 ve-

1185 2872 1224 2895 ro
1253 2856 1385 2902 minus,
1407 2853 1475 2892 Dei
1499 2850 1738 2903 Unigenitus?
1772 2850 2003 2899 Nequaquam
2033 2863 2041 2882 ε
2078 2846 2171 2884 illud

1186 2918 1280 2956 enim
1306 2919 1402 2954 Deus
1430 2913 1587 2951 maxime
1617 2911 1712 2957 fecit,
1744 2910 1808 2960 qui
1836 2908 2033 2947 naturalem
2073 2907 2171 2944 dedit

1185 2979 1315 3029 legem,
1332 2985 1364 3014 et
1392 2974 1559 3026 scriptam
1587 2970 1737 3009 addidit.
1768 2969 1937 3019 Alioquin
1968 2967 2058 3005 nihil
2090 2981 2171 3018 pro-

1188 3039 1312 3077 fuisset
1343 3036 1379 3074 id
1398 3066 1407 3084 ‚
1438 3035 1533 3086 quod
1560 3034 1674 3084 majus
1693 3040 1790 3077 erat,
1822 3030 1889 3068 nisi
1918 3028 1957 3066 id
1975 3027 2070 3079 quod
2097 3028 2171 3065 mi—

1190 3114 1256 3139 nus
1288 3107 1386 3146 erat,
1424 3095 1645 3149 propositum
1677 3092 1812 3130 fuisset.
1840 3092 1933 3128 Nam
1961 3103 2037 3139 quae
2072 3089 2172 3127 utili-

1191 3172 1244 3200 tas
1265 3161 1326 3199 illa
1345 3160 1447 3206 scire,
1469 3172 1547 3209 quae
1572 3155 1705 3208 agenda
1728 3163 1824 3205 sunt,
1849 3153 1917 3192 nisi
1942 3153 2071 3191 obeas?
2085 3152 2173 3191 Nul-

1214 3282 1228 3306 b
1253 3281 1329 3322 [Sic
1347 3277 1501 3321 praeclure
1522 3277 1560 3309 A.
1577 3274 1664 3307 Editi
1682 3278 1790 3317 μηκέτι
1806 3272 1904 3314 ὄντα]
