2502 3810
750 242 794 275 1N

104 324 233 374 στερῶν
248 321 368 366 αὐτοὺς
383 323 488 362 πάλιν
510 323 734 376 συγγνώμης,
753 325 822 363 ἀπὸ
840 326 908 362 τῶν
925 323 1116 375 εἰληφότων

103 381 272 420 δείκνυσιν
300 385 412 421 αὐτῦν
443 384 505 431 τὴν
529 385 791 435 ἀγνωμοσύνην,
811 385 902 423 οὕτω
921 384 1050 435 λεγων·
1072 383 1115 421 H

99 442 168 494 γὰρ
187 444 343 496 ἐκλογὴ
328 444 487 496 επέτυχε.
517 447 680 484 Κάκεῖνοι
702 446 841 489 τούτους
858 447 1116 497 κατακρινουσι.

101 501 218 556 Οπερ
234 508 290 542 οὖν
317 505 375 542 καὶ
393 508 409 542 ὁ
426 505 608 583 Χριστὸς
589 509 718 557 ελεγεν·
739 508 823 544 Εἰ
805 506 840 544 οὲ
868 506 936 556 ἐγὼ
956 508 988 544 ἐν
1006 505 1116 542 Rea>-

100 563 224 607 ζεὸουλ
244 565 405 603 ἐκὸάλλω
432 566 476 604 τὰ
507 566 691 617 δαιμόνια,
710 568 740 605 οἳ
770 566 835 605 υιοὶ
862 570 958 617 υμῶν
985 568 1019 604 ἐν
1049 564 1118 602 τίνι

102 623 327 671 ἐκέοίλλουσι,
347 625 415 664 Διὰ
445 630 546 665 τοῦτο
561 626 684 665 ὓαῦτοὶ
709 627 823 679 κριταὶ
852 628 948 676 ὑμῶν
969 625 1116 662 ἔσονται.

102 682 180 721 Ἵνα
204 684 270 735 γὰρ
305 686 424 735 μηδεὶς
444 690 486 738 τῇ
514 691 574 725 τοῦ
601 687 807 739 πράγματος
835 686 936 739 φύσει
964 685 1118 737 ἐγκαλῇ,

103 743 193 781 ἀλλὰ
211 747 254 795 τῇ
275 746 413 784 ἐκείνων
433 746 575 798 γνώμῃ,
595 747 742 786 δείκνυσι
763 746 822 785 καὶ
839 746 916 789 τοὺς
935 745 1117 796 ἐπιτυχόν-

103 820 175 847 τας.
194 805 257 843 Διὸ
283 807 342 844 καὶ
369 808 501 860 σφόδρα
521 809 739 860 ἐμφαντικῶς
757 810 800 858 τῇ
820 807 909 851 λέξει
927 805 1118 858 κέχρηται,

104 866 162 903 καὶ
178 867 239 913 τὴν
261 868 388 906 ἄνωθεν
410 869 514 920 χάριν
533 869 593 907 καὶ
614 868 676 915 τὴν
702 872 814 906 αὐτῶν
844 867 996 914 σπουδὴν
1017 869 1120 905 ἐνδει-

102 927 278 977 κνύμενος.
296 928 388 966 Οὐδὲ
416 929 484 982 γὰρ
501 929 558 967 ἵνα
585 929 689 981 ἀνέλῃ
705 930 744 967 τὸ
762 928 986 975 αὐτεξούσιον,
1003 927 1120 979 φησὶν,

100 987 155 1025 ὅτι
173 989 352 1040 ἐπέτυχον,
373 991 449 1027 ἀλλ’
468 990 525 1027 ἵνα
543 989 683 1041 δηλώσῃ
700 992 768 1027 τῶν
797 990 934 1039 ἀγαθῶν
954 988 993 1026 τὸ
1011 988 1118 1038 μέγε-

101 1049 176 1094 θος,
196 1048 255 1085 καὶ
274 1049 326 1087 ὅτι
341 1049 379 1086 τὸ
393 1049 526 1088 πλέον
510 1053 572 1096 τῆς
595 1049 737 1101 χάριτος
760 1043 816 1094 ἦν,
836 1050 872 1086 οὗ
889 1048 927 1085 τὸ
946 1055 1027 1086 πᾶν.
1048 1048 1119 1085 Καὶ

101 1106 170 1157 γὰρ
196 1107 255 1145 καὶ
272 1112 356 1157 ἡμῖν
376 1109 450 1152 ἔθος
467 1108 626 1159 λέγειν,
611 1126 630 1147 ο
650 1110 744 1146 δεῖνα
768 1107 948 1160 ἐπέτυχεν,
977 1110 994 1145 ὃ
1024 1108 1119 1145 δεῖνα

101 1170 178 1219 εὗρε
165 1183 211 1214 ν,
226 1183 306 1206 οταν
323 1168 409 1206 πολὺ
424 1169 463 1207 τὸ
478 1168 597 1222 κέρδος
611 1173 631 1220 ᾐ
652 1169 691 1207 τὸ
710 1169 901 1221 γινόμενον.
916 1171 930 1189 ⁰
945 1168 1037 1207 Οὐδὲ
1051 1167 1119 1220 γὰρ

55 1221 58 1224 Δ
100 1228 328 1279 ἀνθρωπίνοις
342 1228 475 1274 πόνοις,
499 1229 588 1268 ἀλλὰ
605 1229 679 1267 θεία
705 1230 818 1283 δωρεᾷ
836 1229 875 1268 τὸ
894 1227 999 1266 πλέον
1018 1227 1120 1279 γέγο-

100 1302 171 1324 νεν.
193 1290 239 1326 Οἳ.
260 1288 295 1326 δὲ
313 1288 428 1327 λοιποὶ
443 1289 693 1342 ἐπωρώθησαν.
709 1289 802 1343 εὈρα
823 1290 908 1329 πότε
933 1288 1121 1342 ἐθάρρησεν

101 1350 210 1386 εἰπεῖν
229 1349 339 1403 οἰκείᾳ
354 1353 450 1401 φωνῇ’
468 1351 529 1397 τὴν
549 1353 617 1388 τῶν
631 1353 762 1390 λοιπῶν
779 1351 938 1398 ἐκὸολῆν.
954 1345 1044 1389 Eius
1060 1350 1121 1401 μὲν

101 1408 169 1461 γὰρ
200 1409 307 1457 αὐτὴν
337 1411 395 1448 καὶ
427 1411 493 1458 ἤδη
509 1442 519 1457 ,
536 1411 626 1450 ἀλλὰ
658 1412 735 1456 τοὺς
765 1412 946 1464 προφήτας
974 1412 1122 1462 εἰσάγων

101 1475 398 1523 κατηγοροῦντας·
421 1473 567 1510 ἐνταῦθα
584 1472 619 1510 δὲ
639 1473 698 1511 καὶ
718 1473 816 1517 αὐτὸς
832 1473 951 1512 λοιπὸν
972 1471 1122 1524 ἀποφαί-

103 1546 210 1569 νεται.
233 1532 324 1569 Ἀλλ’
352 1531 446 1582 ὅμως
479 1532 556 1571 οὐδὲ
577 1535 723 1571 ἐνταῦθα
751 1535 909 1587 ἀρκεῖται
943 1536 985 1584 τῇ
1013 1532 1123 1585 οἰκείᾳ

103 1592 297 1642 ἀποφάσει,
317 1593 407 1630 ἀλλὰ
423 1593 527 1631 πάλιν
543 1593 600 1631 τὸν
618 1592 768 1632 (Ησαΐαν
797 1594 931 1644 εἰσάγει
949 1594 1006 1632 τὸν
1033 1609 1123 1646 προ-

103 1653 216 1704 φήτην
228 1669 235 1676 ·
273 1654 376 1692 εἰπὼν
407 1655 474 1707 γὰρ
509 1655 759 1707 ἐπωρώθησαν,
793 1655 947 1707 ἐπήγαγε
959 1685 968 1702 ,
998 1655 1123 1699 Καθὼς

101 1713 316 1765 γέγραπται·
337 1714 494 1754 ’Ἔδωκεν
524 1718 638 1760 αὐτοῖς
661 1720 678 1755 ὃ
698 1717 788 1760 Θεὸς
817 1721 957 1767 πνεῦμα
976 1716 1124 1754 κατανύ-

103 1773 194 1817 ξεως.
218 1775 286 1813 Καὶ
305 1775 408 1813 πόθεν
426 1775 443 1796 ‘¹
457 1775 568 1828 [μὲν]
594 1781 612 1824 ἡ
634 1777 798 1829 πώρωσις
820 1776 928 1825 αὕτη,
950 1771 1040 1816 Eine
1060 1776 1122 1827 μὲν

100 1835 161 1872 καὶ
178 1835 370 1887 ἔμπροσθεν
397 1837 458 1880 τὰς
478 1838 608 1886 αἰτίας,
629 1838 689 1876 καὶ
709 1839 747 1877 τὸ
766 1846 833 1877 πᾶν
855 1841 903 1882 εἰς
920 1838 982 1886 τὴν
1008 1840 1120 1876 αὐτῶν

99 1896 326 1949 περιέστρεψε
347 1898 515 1950 κεφαλὴν,
533 1899 663 1943 δεικνὺς
681 1900 734 1938 ὅτι
751 1899 785 1944 ἐξ
805 1900 950 1952 ἀκαίρου
975 1901 1121 1952 φιλονει-

101 1956 177 2000 κίας
196 1961 297 1995 τοῦτο
315 1959 517 2009 ὑπέμειναν.
547 1960 651 2010 Λέγει
671 1960 706 1998 δὲ
734 1960 793 1998 καὶ
812 1963 884 1999 ν’ῦν.
903 1958 1018 1998 σΟταν
1051 1959 1119 2012 γὰρ

100 2017 199 2068 εἴπῃ,
219 2020 444 2070 Ὀφθαλμοὺς
462 2025 522 2058 τοῦ
548 2020 598 2071 μὴ
622 2021 777 2072 βλέπειν,
794 2021 853 2059 καὶ
870 2013 947 2059 ὦτα
979 2023 1039 2058 τοῦ
1068 2020 1116 2071 μὴ

99 2077 250 2124 ἀκούειν,
271 2079 366 2117 οὐδὲν
392 2080 506 2133 ἕτερον
535 2081 557 2127 ἢ
584 2080 647 2128 τὴν
671 2081 812 2132 γνώμην
845 2083 956 2119 αὐτῶν
975 2080 1037 2128 την
1058 2097 1114 2132 φι-

829 243 970 274 EPIST.
1008 242 1066 272 AD
1100 241 1209 272 ΗΘΜ.

1129 2113 1176 2140 643

1248 241 1401 273 HOMIL.
1439 242 1534 274 XIX.

2078 247 2161 293 711

1189 331 1273 373 gnat
1291 322 1449 372 Judaeus,
1475 337 1632 374 quaerens
1648 323 1840 375 justitiam,
1860 336 1967 375 quam
1990 338 2060 363 non
2091 326 2170 364 vult

1189 384 1359 435 accipere.
1378 384 1515 423 Deinde
1529 399 1652 423 rursus
1667 386 1770 424 venia
1788 386 1869 424 illos
1882 386 2044 439 privans,
2065 387 2111 425 ab
2126 387 2170 425 iis

1188 456 1267 492 quae
1287 453 1494 495 acceperant
1509 444 1689 496 ingratum
1708 445 1854 483 illorum
1871 445 2032 483 animum
2051 445 2169 484 decla-

1189 508 1243 537 rat
1263 500 1318 538 his
1355 501 1472 539 verbis
1491 517 1498 538 :
1515 503 1667 540 Electio
1701 506 1802 541 enim
1834 513 2071 557 consequuta
2096 514 2165 543 est.
2184 508 2186 510 ’

1190 560 1236 597 Et
1256 561 1310 599 illi
1327 561 1391 599 hos
1420 562 1705 602 condemnabunt
1724 580 1731 601 :
1753 565 1793 602 id
1808 565 1903 616 quod
1931 566 2038 604 etiam
2058 566 2169 603 Chri-

1189 629 1264 658 stus
1282 621 1421 660 dicebat
1439 638 1446 658 :
1461 624 1502 661 Si
1526 633 1656 661 autem
1682 639 1749 677 ego
1776 628 1817 662 in
1832 627 2041 664 Beelzebul
2057 629 2169 678 ejicio
2184 635 2368 671 chc.11.19.

1190 681 1495 735 doemonia,leii
1505 687 1627 722 vestri
1638 688 1679 722 in
1698 700 1773 737 quo
1788 689 1969 739 ejiciunt?
1991 689 2086 726 Ideo
2096 691 2169 740 ipsi

1186 742 1334 790 judices
1360 745 1482 780 vestri
1497 753 1620 781 erunt.
1648 745 1702 782 Ne
1716 745 1796 795 quis
1823 745 1919 783 enim
1935 747 1985 785 rei
2006 757 2170 787 naturam

1191 802 1338 851 incuset,
1354 802 1415 840 sed
1439 803 1585 841 illorum
1598 813 1735 842 tantum
1754 806 1927 856 animum,
1943 807 2098 847 declarat
2113 823 2171 847 eos

1144 875 1169 904 1)
1192 861 1254 911 qui
1282 864 1487 913 consequuti
1516 873 1610 901 sunt.
1630 865 1871 912 Quamobrem
1887 866 1923 904 id
1945 882 2026 906 eum
2045 883 2173 920 magna

1190 922 1350 973 emphasi
1376 924 1522 975 profert,
1540 933 1574 962 et
1602 939 1789 976 supernam
1805 927 1968 977 gratiam,
1982 938 2015 966 et
2028 929 2174 968 illorum

1192 981 1349 1019 studium
1364 982 1559 1021 ostendens.
1584 986 1704 1035 Neque
1717 986 1811 1024 enim
1837 996 1877 1024 ut
1897 988 2051 1027 liberum
2071 991 2172 1028 arhi-

1191 1041 1301 1078 trium
1316 1042 1468 1092 tolleret,
1485 1043 1575 1081 dicit
1597 1045 1678 1082 illos
1693 1056 1924 1096 consequutos
1943 1062 2027 1098 esse,
2049 1050 2110 1087 sed
2135 1060 2174 1088 ut

1191 1101 1366 1140 bonorum
1400 1103 1685 1154 magnitudinem
1721 1105 1906 1157 indicaret,
1935 1122 1975 1146 ac
2005 1111 2177 1161 majorem

1191 1171 1342 1214 partem,
1362 1177 1426 1201 nec
1457 1173 1571 1202 totum
1599 1175 1714 1204 tamen
1734 1181 1778 1205 ex
1810 1169 1923 1219 gratia
1943 1169 2060 1210 fuisse,
2086 1173 2178 1210 Nam

1191 1222 1299 1260 etiam
1319 1237 1382 1262 nos
1401 1224 1519 1263 dicere
1539 1226 1693 1264 solemus
1717 1243 1724 1263 :
1743 1228 1810 1266 Ille
1843 1240 2081 1281 consequutus
2105 1242 2177 1279 cst;

1192 1283 1254 1322 ifle
1271 1284 1420 1336 invenit,
1441 1286 1583 1337 quando
1597 1288 1754 1326 multum
1771 1289 1862 1327 lucri
1878 1292 2040 1329 accessit.
2057 1294 2180 1344 Neque

1194 1345 1289 1384 enim
1308 1360 1354 1385 ex
1372 1346 1528 1387 humano
1548 1349 1682 1400 labore,
1711 1350 1774 1388 sed
1791 1365 1835 1389 ex
1857 1351 1982 1391 divino
2002 1353 2094 1392 dono
2105 1369 2180 1392 ma-

1191 1406 1248 1458 jor
1265 1421 1348 1459 pars
1364 1409 1477 1447 venit.
1502 1411 1641 1449 Coeteri
1659 1425 1753 1449 vero
1772 1417 1957 1452 excaecati
1969 1424 2069 1453 sunt
2084 1417 2118 1455 V
2122 1416 2180 1454 ide

1195 1468 1424 1518 quandonam
1450 1472 1597 1523 propria
1626 1485 1712 1512 voce
1744 1483 1952 1513 caeterorum
1974 1477 2178 1528 ejectionem

1146 1540 1171 1571 Ε
1195 1527 1312 1567 dicere
1330 1544 1438 1569 ausus
1458 1533 1514 1569 sit.
1536 1532 1640 1570 Illam
1654 1533 1827 1584 quidem
1812 1549 1889 1586 Jam
1905 1536 2012 1585 dixit,
2031 1538 2093 1575 scd
2114 1538 2177 1588 ita,

1195 1597 1234 1626 ut
1242 1590 1433 1642 prophetas
1445 1591 1594 1630 inducor
1596 1602 1628 1632 et
1636 1604 1857 1645 accusantes,
1871 1596 1929 1633 hic
1936 1611 1958 1634 v
1961 1611 1997 1634 er
2000 1611 2019 1635 o
2030 1598 2104 1650 ipse
2119 1598 2179 1637 de-

1195 1665 1295 1689 mum
1319 1653 1529 1691 sententiam
1561 1655 1707 1706 profert.
1727 1656 1891 1694 Attamen
1913 1672 2024 1709 neque
2037 1659 2097 1697 hic
2115 1675 2179 1699 sua

1194 1720 1379 1751 contentus
1407 1722 1458 1751 est
1497 1715 1686 1763 sententia,
1721 1715 1782 1753 sed
1800 1717 1930 1755 Isaiam
1965 1720 2178 1772 prophetam

1194 1772 1332 1812 inducit
1359 1790 1367 1810 ε
1398 1788 1480 1812 cum
1519 1775 1669 1814 dixisset
1702 1777 1808 1826 enim,
1837 1779 2038 1818 Excoecati
2071 1791 2174 1828 sunt,

1193 1834 1395 1886 subjunxit,
1413 1835 1520 1874 Sicut
1538 1839 1717 1888 scriptum
1732 1845 1789 1875 est
1810 1854 1819 1874 .·
1837 1840 1957 1877 Dedit
1970 1841 2051 1879 illis
2069 1844 2176 1881 Deus

1191 1897 1366 1945 spiritum
1403 1897 1777 1948 compunctionis.Et
1812 1899 1989 1939 undenam
2012 1902 2090 1940 haec
2109 1917 2173 1941 ex-

1191 1956 1361 1994 caecatio?
1383 1957 1516 1995 Causas
1545 1958 1643 1996 illius
1668 1959 1743 2010 jam
1765 1959 1864 2011 prius
1883 1962 2045 2012 protulit,
2070 1972 2102 2001 et
2122 1973 2175 2002 to-

1190 2025 1267 2055 tum
1283 2017 1318 2055 in
1335 2018 1480 2056 illorum
1499 2028 1604 2071 caput
1624 2021 1813 2071 convertit,
1829 2022 2016 2062 ostendens
2036 2024 2071 2062 id
2094 2026 2175 2065 illos

1189 2092 1233 2116 ex
1262 2079 1508 2131 intempestiva
1551 2081 1773 2120 contentione
1809 2097 1931 2135 passos
1959 2099 2046 2124 esse.
2080 2088 2173 2126 Cum

100 2137 252 2176 λόνεικον
280 2139 471 2178 διαὸάλλει
493 2141 563 2178 Καὶ
580 2141 648 2194 γὰρ
663 2141 893 2194 ὀφθαλμους”
875 2157 1010 2194 εχοντες
1025 2141 1116 2180 ὥστε
1140 2150 1166 2179 Α
1188 2139 1283 2177 enim
1301 2140 1401 2190 dicit,
1421 2142 1562 2180 Oculos
1576 2151 1617 2180 ιιι
1634 2156 1712 2179 non
1739 2144 1912 2194 videant,
1940 2154 1976 2183 et
2004 2161 2117 2186 aures
2132 2158 2173 2186 ut

101 2199 182 2236 ἷοεῖν
198 2199 242 2237 τὰ
262 2200 440 2251 θαύματα,
459 2202 518 2239 καὶ
537 2205 610 2240 ὠτα
629 2202 837 2253 κεκτημένοι
853 2203 943 2241 ὥστε
968 2206 1116 2241 ἄκουσαι

98 2274 161 2304 της
188 2263 390 2310 θαυμαστης
421 2262 647 2306 διδασκαλίας
674 2265 827 2310 ἐκείνης,
847 2263 958 2301 οὖδενι
984 2279 1114 2302 τουτων

96 2319 292 2371 ἐχρήσαντο
321 2323 367 2364 εἷς
398 2322 484 2360 δέον.
522 2323 574 2361 Τὸ
604 2323 640 2362 δὲ
653 2353 662 2367 ,
684 2323 853 2372 ”Εδωκεν,
887 2326 1034 2362 ἐνταῦθα
1066 2324 1114 2375 μὴ

98 2380 269 2432 ἐνέργειαν
289 2382 407 2432 νόμιζε
425 2377 532 2431 εἶναι,
553 2384 643 2422 ἀλλὰ
672 2385 906 2438 συγχώρησιν.
920 2385 1115 2430 Κατάνυξιν

97 2439 135 2478 δὲ
154 2442 298 2480 ἐνταῦθα
315 2442 377 2490 τὴν
393 2448 407 2464 ²¹
422 2444 501 2497 περὶ
518 2445 557 2483 τὸ
569 2451 686 2498 χεῖρον
700 2445 768 2490 ἕξιν
786 2450 848 2493 τ’ἧς
871 2449 987 2499 ψυχῆς
1009 2462 1116 2500 φησι,

98 2501 162 2548 τὴν
182 2502 329 2546 ἀνιάτως
345 2503 490 2555 ἔχουσαν
505 2505 564 2543 καὶ
583 2507 821 2557 ἀμεταθέτως·
836 2507 912 2546 ἐπεὶ
931 2508 990 2546 καὶ
1012 2509 1117 2546 ἀλλα-

98 2565 162 2613 χοῦ
178 2578 280 2613 φησιν
295 2568 312 2602 ὃ
328 2566 454 2614 Δαυὶδ,
470 2565 595 2611 εὈπως
615 2567 654 2604 ἂν
672 2569 788 2620 ψάλλῃ
812 2586 866 2608 σοι
887 2572 908 2615 ἡ
932 2569 1011 2613 δόξα
1033 2586 1116 2620 μου,

99 2623 158 2660 καὶ
187 2625 224 2660 οὐ
245 2625 293 2674 μὴ
312 2629 514 2678 κατανυγῶ·
532 2627 720 2676 τουτέστιν,
748 2631 784 2667 οὗ
817 2629 865 2680 μὴ
895 2630 1116 2680 μεταῦληθῶ.

99 2682 241 2737 εὨσπερ
260 2684 326 2736 γὰρ
346 2688 363 2723 ὁ
383 2688 415 2723 ἐν
433 2686 594 2740 εὐλαὸείᾳ
610 2689 905 2739 κατανενυγμένος
924 2691 986 2727 οὐκ
1002 2688 1041 2726 ἂν
1062 2691 1117 2726 εὖ·

97 2804 204 2843 πάλιν
225 2808 287 2844 οὐκ
314 2806 353 2845 ἂν
374 2807 498 2859 ῥᾳδίως
519 2808 751 2857 μεταδοίλοιτο
765 2824 774 2832 ·
797 2813 1031 2860 κατανυγῆναι
1048 2809 1117 2861 γὰρ

46 2898 49 2900 .
98 2866 193 2904 οὐδὲν
213 2866 329 2919 ἕτερόν
345 2870 438 2906 ἐστιν
456 2867 478 2914 ἢ
493 2868 532 2906 τὸ
554 2869 756 2920 ἓμπαγῆναί
772 2885 837 2908 που
855 2869 915 2908 καὶ
937 2871 1120 2922 προσηλῶ-

99 2929 191 2964 σθαι.
206 2927 259 2966 Τὸ
273 2927 384 2966 τοίνυν
401 2928 539 2967 ἀνίατον
556 2932 617 2976 τῆς
631 2929 772 2981 γνώμης
790 2933 903 2968 αὐτῶν
920 2931 978 2968 καὶ
997 2932 1120 2980 δυσμε-

99 2987 241 3025 τάθετον
259 2989 386 3036 δηλῶν,
398 2991 546 3043 Πνεῦμα
571 2990 788 3035 κατανύξεως
819 2985 924 3029 εἶπεν.
944 2985 1032 3030 Εἶτα
1049 2992 1120 3029 δει-

101 3046 199 3093 κνὺς,
216 3048 268 3086 ὅτι
286 3052 348 3095 τῆς
364 3050 529 3093 ἀπιστίας
550 3050 676 3098 ταύτης
695 3051 758 3097 τὴν
787 3052 941 3103 {cmiv-qv
971 3050 1122 3090 δώσουσι

103 3105 215 3153 δίκην,
231 3108 335 3146 πάλιν
360 3110 482 3162 ἐπάγει
496 3111 552 3149 τὸν
570 3111 751 3164 προφήτην
771 3111 814 3150 τὰ
830 3111 918 3150 αὐτὰ
935 3113 1121 3150 ἀπειλοῦν-

149 3213 164 3236 b
189 3213 296 3253 [αὐτοὶ
311 3213 403 3246 deest
419 3216 451 3247 in
468 3217 525 3259 A.]

146 3273 159 3286 0
184 3264 238 3305 [οὗ
255 3270 312 3309 γάρ
329 3267 365 3298 Α.
386 3265 437 3298 hic
453 3275 486 3299 et
510 3280 543 3310 p.
562 3270 637 3301 644.
668 3272 704 3303 A.
725 3271 850 3303 Contra
870 3270 958 3302 idem
975 3282 1008 3312 p.
1028 3271 1106 3311 438,

103 3315 143 3352 D,
162 3322 192 3346 et
210 3316 285 3355 738,
305 3317 342 3358 Β,
357 3316 501 3361 alibique
522 3322 585 3354 οὐδὲ
601 3325 659 3366 γάρ
672 3348 679 3362 ,
700 3319 755 3354 ubi
773 3322 869 3365 vulgo
887 3326 917 3356 o]
935 3322 1020 3367 γάρ]

299 3412 379 3437 ΤΟΜ
411 3415 463 3438 lx.

1189 2214 1267 2237 non
1289 2202 1470 2250 audiant,
1489 2202 1583 2240 nihil
1601 2192 1703 2241 aliud
1721 2218 1828 2254 quam
1847 2207 2107 2246 contentiosam
2129 2209 2173 2247 il-

1188 2261 1306 2299 lorum
1326 2271 1480 2301 mentem
1497 2263 1721 2301 criminatur.
1738 2265 1831 2302 Nam
1859 2280 1940 2304 cum
1959 2269 2082 2306 oculos
2109 2270 2156 2306 ha
2169 2291 2177 2298 .

1188 2322 1323 2372 herent,
1340 2333 1379 2361 ut
1394 2323 1555 2362 viderent
1572 2325 1756 2374 miracula,
1770 2335 1803 2363 et
1820 2341 1923 2365 aures
1938 2328 2120 2379 haberent,
2133 2340 2173 2368 ut

1188 2380 1351 2419 audirent
1380 2381 1583 2420 mirabilem
1610 2383 1711 2421 illam
1741 2384 1943 2425 doctrinam
1953 2402 1964 2437 3
1995 2388 2094 2426 nullo
2113 2403 2174 2426 eo—

1188 2456 1282 2490 rum,
1299 2451 1339 2480 ut
1358 2457 1421 2494 par
1441 2452 1529 2493 erat,
1549 2443 1606 2481 usi
1626 2452 1721 2482 sunt.
1742 2445 1840 2484 Illud
1854 2460 1952 2497 vero,
1981 2449 2115 2497 Dedit,
2129 2464 2172 2488 ne

1185 2512 1290 2555 putes
1310 2504 1549 2555 operationem
1582 2504 1796 2556 significare,
1825 2506 1887 2544 sed
1901 2509 2170 2548 concessionem.

1190 2564 1508 2616 Compunctionem
1525 2564 1584 2602 hie
1596 2565 1684 2603 dicit
1697 2566 1864 2604 affectum
1880 2569 1991 2606 animi
2006 2570 2098 2608 circa
2111 2585 2172 2622 pe·

1184 2624 1258 2675 jus,
1272 2625 1332 2674 qui
1346 2638 1410 2662 nec
1429 2625 1562 2673 curari,
1581 2639 1644 2663 nec
1662 2626 1793 2663 mutari
1807 2637 1934 2678 potest.
1949 2631 2042 2668 Nam
2062 2640 2095 2669 et
2106 2632 2170 2669 ali-

2233 1003 2372 1030 Liberum

2220 1045 2374 1071 arbitrium

2188 1087 2218 1113 in
2232 1086 2354 1112 acubus.

1187 2683 1225 2721 bi
1239 2684 1288 2722 ait
1305 2684 1423 2723 David
1446 2700 1453 2720 :
1482 2687 1533 2722 Ut
1547 2693 1679 2723 cantet
1692 2687 1762 2723 tibi
1777 2687 1905 2737 gloria
1924 2704 2022 2737 mea,
2042 2699 2079 2728 et
2093 2705 2170 2729 non
2185 2701 2273 2729 soal.
2298 2709 2347 2738 29.

99 2743 209 2787 κόλως
237 2745 428 2795 μετασταίη
442 2762 449 2769 ·
467 2746 556 2785 οὕτω
573 2748 632 2785 καὶ
651 2751 668 2786 ὁ
691 2750 725 2785 ἐν
745 2748 896 2802 πονηρίᾳ
912 2748 1117 2800 κατανυγεὶς
1142 2753 1165 2783 Β
1190 2757 1427 2796 compungar
1433 2760 1452 2793 ;
1468 2744 1536 2782 hoc
1549 2754 1614 2794 est,
1637 2759 1706 2782 non
1725 2747 1927 2797 transferar,
1943 2762 2012 2787 non
2032 2750 2169 2789 immu-
2187 2742 2234 2773 ¹3·

1189 2815 1252 2844 ter.
1273 2805 1374 2845 Sicut
1388 2805 1484 2843 enim
1498 2806 1540 2854 is,
1564 2806 1625 2856 qui
1653 2820 1734 2844 cum
1758 2806 1888 2859 pietate
1903 2812 2168 2864 compungitur,

1190 2880 1259 2905 non
1275 2866 1378 2903 facile
1391 2865 1474 2903 inde
1490 2866 1700 2903 transfertur
1720 2882 1727 2902 τ
1746 2867 1795 2905 ita
1831 2868 1872 2918 is,
1891 2870 1953 2920 qui
1983 2871 2020 2909 in
2036 2873 2172 2910 malitia

1191 2927 1455 2980 compungitur,
1485 2927 1569 2964 item
1584 2941 1653 2964 non
1672 2927 1775 2965 facile
1792 2938 1952 2969 mutatur
1973 2947 1980 2967 :
2001 2946 2171 2984 compun-

1191 2989 1228 3040 gi
1243 2988 1337 3026 enim
1351 3001 1420 3025 non
1440 2986 1538 3024 aliud
1554 2996 1620 3037 est,
1640 3001 1749 3037 quam
1765 2988 1866 3040 infigi
1896 3000 1927 3028 et
1945 2993 2046 3041 quasi
2060 2993 2172 3031 clavis

1192 3047 1353 3086 detineri.
1385 3047 1624 3085 Insanabileni
1658 3046 1780 3098 igitur,
1807 3057 1841 3086 et
1860 3050 2014 3089 multum
2035 3051 2171 3090 diffici-

1192 3109 1262 3147 lem
1289 3108 1447 3146 animum
1478 3107 1622 3144 illorum
1654 3106 1847 3159 declarans,
1870 3109 2052 3161 Spiritum
2071 3126 2174 3151 com-

1217 3217 1233 3241 d
1258 3216 1337 3258 [μέν
1353 3213 1546 3246 inclusimus
1563 3221 1698 3246 auctore
1713 3214 1766 3258 A.]

1217 3278 1229 3293 ἢ
1254 3268 1347 3300 Unus
1364 3267 1418 3308 [et
1430 3266 1483 3307 A.]
1499 3271 1544 3301 ἐπὶ
1561 3272 1594 3300 τὸ
1611 3274 1721 3311 χεῖρον.

1893 3400 1945 3436 49
