2502 3810
351 252 439 308 342
792 262 828 290 s.

346 347 464 385 lorum
480 345 671 384 Dominum
687 356 726 380 ac
745 343 859 379 Deum
873 341 1022 378 delectat
1032 355 1042 389 3
1053 340 1131 376 haec
1153 346 1267 375 totum
1285 337 1322 374 in

345 408 429 444 caelo
449 407 626 443 theatrum
645 402 775 439 excitat
781 416 791 449 3
808 401 885 438 haec
904 409 937 437 et
953 399 1156 437 daemonum
1167 398 1323 434 furorem

345 464 534 515 compescit
563 472 595 499 et
619 461 809 498 affectuum
838 459 1008 510 impetum
1028 457 1216 495 demulcet.
1239 456 1322 492 Haec

344 523 495 560 melodia
515 534 583 558 non
602 518 707 556 modo
730 519 877 555 affectus
900 517 1011 566 sedat,
1032 516 1092 554 sed
1110 529 1173 553 nec
1192 528 1321 553 exsur-

343 595 423 632 gere
441 580 536 628 sinit,
553 592 791 629 magnumque
804 577 886 615 facit
906 577 1098 614 silentium.
1113 575 1214 614 Sicut
1228 574 1323 612 enim

343 640 377 677 in
396 640 531 677 theatro
546 638 764 676 musicorum
783 651 902 675 omnes
920 637 1069 674 chorum
1089 649 1169 673 cum
1183 634 1322 672 silentio

343 699 500 747 audiunt,
514 698 705 748 nullusque
719 697 770 734 ibi
785 697 960 734 tumultus
974 705 1025 734 est
1039 711 1047 732 :
1061 696 1111 733 sic
1129 695 1221 732 inter
1234 694 1324 731 ami-

342 773 412 807 cos,
432 758 575 796 caritate
592 759 768 810 pulsante,
787 771 906 795 omnes
925 758 1070 794 affectus
1085 755 1271 807 quiescunt
1290 763 1323 791 et

339 819 520 866 sedantur,
538 827 578 856 ut
593 819 671 856 ferae
692 818 860 855 demulsae
882 827 914 855 et
932 817 1120 868 mitigatae3
1137 816 1239 863 sicut,
1258 814 1322 852 uhi

338 879 534 916 inimicitiae
555 887 651 927 sunt,
669 878 720 916 ihi
740 877 857 915 omnia
875 887 957 915 sunt
976 877 1162 915 contraria.
1179 875 1251 914 Sed
1269 868 1322 912 lii-

337 938 390 975 hil
406 939 482 990 jam
502 938 545 976 de
565 938 751 976 inimicitia
776 938 965 988 loquamur
984 937 1049 975 :de
1067 936 1223 974 amicitia
1242 944 1322 973 tan-

337 1007 414 1036 tum
433 999 606 1037 dicamus.
623 999 662 1037 Si
682 997 766 1049 quid
784 998 1010 1036 temerarium
1026 997 1136 1045 dieas,
1153 1010 1254 1034 nemo
1270 1005 1321 1034 est

326 1060 397 1108 -qui
417 1059 577 1110 insurgat
597 1059 633 1096 in
654 1067 698 1107 te,
720 1058 781 1095 sed
810 1072 929 1096 omnes
953 1058 1164 1109 ignoscunt,
1185 1057 1213 1094 si
1234 1057 1321 1108 quid

336 1118 455 1168 facias,
469 1133 571 1157 nemo
598 1119 811 1171 suspicatur,
828 1118 891 1156 sed
912 1131 1040 1169 magna
1060 1126 1110 1155 est
1130 1117 1321 1168 indulgen-

336 1177 384 1215 tia
408 1193 416 1214 ε
441 1179 578 1216 cadenti
615 1192 734 1217 omnes
764 1187 900 1230 promte
931 1193 1076 1216 manum
1108 1178 1296 1230 porrigunt
1305 1193 1318 1227 3

185 1248 324 1294 Amicitiae
337 1252 458 1276 omnes
492 1240 612 1291 ipsum
641 1248 732 1277 Stare
763 1248 898 1276 curant.
925 1240 1054 1276 Murus
1084 1252 1167 1276 vere
1199 1238 1320 1276 inCOn-

139 1295 224 1316 ratio.

338 1313 460 1337 cussus
477 1308 529 1337 est
546 1299 715 1349 amicitia,
732 1299 792 1349 qui
810 1313 872 1336 nec
891 1313 911 1336 a
926 1298 1069 1336 diabolo
1090 1299 1240 1350 capitur,
1260 1313 1320 1336 ne-

336 1359 423 1397 dum
434 1360 479 1397 ab
490 1360 707 1398 hominibus.
722 1361 802 1397 Non
817 1368 929 1411 potest
942 1359 977 1396 in
991 1359 1149 1411 pericula
1163 1358 1319 1397 incidere

335 1420 395 1470 qui
411 1420 543 1458 amicos
556 1420 662 1457 habet
681 1420 810 1457 multos
827 1435 834 1455 :
851 1420 951 1457 nulla
971 1419 1069 1457 adest
1090 1419 1150 1456 irae
1167 1420 1316 1466 occasio,

334 1480 395 1518 sed
412 1473 597 1519 suavitatis
616 1490 753 1518 tantum
771 1496 778 1516 :
796 1481 831 1518 in
851 1480 925 1517 risu
944 1494 1081 1532 semper
1100 1489 1150 1517 est
1171 1494 1211 1517 ac
1226 1480 1317 1517 deli-

333 1542 531 1580 ciis:nulla
560 1542 612 1579 ibi
640 1541 786 1580 invidiae
818 1541 967 1591 occasio,
984 1541 1082 1578 nulla
1104 1541 1317 1592 injuriarum

333 1605 514 1643 memoria.
530 1604 635 1641 Hunc
653 1604 738 1642 vide
765 1613 797 1641 et
816 1603 1016 1655 spiritualia
1037 1612 1070 1640 et
1091 1603 1245 1640 carnalia
1263 1604 1315 1640 fa-

333 1666 399 1702 cile
414 1665 639 1717 dirigentem.
657 1664 755 1710 Quid
770 1664 853 1701 huic
870 1678 935 1715 par
951 1664 1084 1700 fuerit?
1098 1664 1166 1700 Hic
1184 1672 1236 1700 est
1251 1677 1314 1701 ceu

325 1726 459 1764 civitas
479 1725 635 1775 undique
653 1725 764 1762 muris
783 1724 919 1772 cincta,
937 1723 998 1761 ille
1011 1737 1093 1761 vero
1107 1724 1198 1761 alius
1215 1725 1315 1774 quasi

331 1786 459 1824 civitas
488 1787 562 1823 sine
592 1785 715 1822 muris.
747 1786 886 1835 Magnae
920 1785 1100 1836 sapientiae
1130 1793 1197 1832 est,
1213 1799 1315 1836 posse

328 1847 504 1885 amicitias
543 1847 743 1884 conciliare.
773 1846 878 1883 Tolle
903 1845 1099 1883 amicitiam
1133 1855 1166 1883 et
1196 1847 1314 1885 omnia

328 1910 524 1958 sustuleris,
547 1910 665 1947 omnia
698 1908 912 1946 confuderis.
940 1909 979 1947 Si
1011 1917 1129 1946 autem
1150 1908 1314 1947 amicitiae

327 1969 444 2020 imago
460 1979 595 2007 tantam
608 1970 683 2008 vim
700 1969 821 2018 habet,
839 1969 915 2020 ipsa
934 1969 1066 2007 veritas
1081 1977 1211 2019 quanta
1225 1970 1311 2007 erit?

327 2030 468 2068 Amicos
483 2044 564 2081 ergo
579 2030 679 2068 nobis
693 2043 869 2081 paremus,
885 2029 1040 2077 obsecro,
1055 2038 1088 2066 et
1100 2029 1192 2067 hanc
1202 2039 1315 2068 artem

327 2091 445 2141 quivis
464 2099 635 2128 exerceat.
655 2090 703 2127 Et
723 2103 818 2137 ecce,
837 2089 995 2139 inquies,
1018 2103 1082 2140 ego
1107 2104 1234 2139 conor3
1254 2090 1315 2128 ille

326 2164 411 2188 vero
432 2164 502 2188 non
522 2159 632 2187 curat.
648 2151 765 2201 Major
780 2149 847 2186 tibi
865 2163 997 2186 merces
1013 2150 1063 2187 sic
1083 2150 1159 2187 erit.
1177 2150 1311 2200 Etiam,

327 2211 483 2261 inquies,
509 2210 571 2248 sed
601 2224 656 2247 res
685 2219 769 2247 tunc
796 2209 981 2246 difficilior
1014 2219 1076 2247 est.
1106 2210 1313 2259 Quomodo,

327 2272 474 2321 quaeso?
494 2271 586 2308 Ecce
616 2270 784 2308 testificor
816 2278 848 2307 et
866 2269 958 2317 dico,
976 2271 1005 2307 si
1025 2270 1147 2308 decem
1178 2281 1316 2310 tantum

868 259 1051 290 JOANMS
1087 256 1325 287 CHRYSOST.
1364 254 1567 284 ARCHIEP.
1605 254 1957 286 CONSTANTINOP.

1393 335 1449 373 νία
1463 365 1472 383 ,
1489 336 1585 374 οὐδὲν
1606 336 1740 387 ἀπηχὲς
1762 337 1889 388 ᾄδουσα
1910 338 2024 389 μέλος.
2047 341 2158 377 Τοῦτο
2173 339 2231 376 καὶ
2245 338 2411 389 ἀγγέλους

1394 396 1525 434 καὶτὸν
1547 396 1703 447 ἀγγέλων
1724 397 1905 443 Δεσπότην
1925 400 2015 437 Θεὸν
2038 399 2209 451 εὐφραίνει
2227 400 2265 437 τὸ
2287 399 2408 449 μέλος·

1392 458 1494 492 τοῦτο
1509 455 1586 492 ὅλον
1600 455 1639 493 τὸ
1653 457 1687 492 ἐν
1706 457 1755 506 τῷ
1772 457 1905 508 οὐρανῷ
1922 457 2062 510 θέατρον
2079 459 2273 505 διανίστησι
2289 473 2295 480 ·
2312 462 2411 495 τοῦτο

1393 515 1452 552 καὶ
1467 514 1638 564 δαιμόνων
1659 516 1758 561 κηλεῖ
1777 516 1896 565 θυμὸν,
1909 521 1922 536 ²³
1934 521 2052 554 παθῶν
2070 517 2274 569 καταθέλγει
2289 518 2409 570 ὁρμάς.

1393 575 1426 611 Τ
1429 578 1509 612 οῧτο
1529 575 1569 612 τὸ
1590 575 1691 624 μέλος
1711 576 1747 612 οὐ
1773 573 1874 624 μόνον
1893 575 1987 620 πάθη
2006 578 2125 623 κηλεῖ,
2143 579 2219 614 ἀλλ’
2238 576 2313 614 οὐδὲ
2336 579 2409 614 δια-

1392 636 1562 679 ναστῆναι
1593 634 1739 686 ἀφίησι,
1767 633 1826 671 καὶ
1851 634 1983 681 πολλὴν
2006 635 2068 681 τὴν
2087 637 2186 687 σιγὴν
2214 637 2407 687 ἐργάζεται.

1392 694 1559 747 Καθάπερ
1580 694 1647 748 γὰρ
1670 698 1703 733 ἓν
1724 695 1856 746 θεάτρῳ
1870 699 1975 746 χοροῦ
1994 700 2168 745 μουσικῶν
2184 697 2309 739 πάντες
2323 696 2411 747 μετὰ

1393 757 1491 805 σιγῆς
1515 754 1740 801 ἐπακούουσι,
1757 755 1816 792 καὶ
1836 755 1943 798 οὐδεὶς
1963 757 2033 792 ἐκεῖ
2053 756 2214 806 θόρυδος·
2235 756 2324 794 οὕτω
2351 756 2411 793 καὶ

1393 816 1426 851 ἐν
1446 821 1516 857 τοῖς
1535 815 1666 866 φίλοις,
1689 818 1750 860 τῆς
1771 814 1910 865 ἀγάπης
1931 816 2132 866 κρουούσης,
2154 816 2269 853 πάντα
2287 819 2411 868 ἠρεμεῖ

1390 874 1434 912 τὰ
1454 874 1547 920 πάθη
1575 875 1634 912 καὶ
1653 874 1956 923 κατακοιμίζεται,
1975 875 2131 927 καθάπερ
2152 875 2254 927 θηρία
2281 875 2411 922 κηλού-

1346 944 1368 974 Β
1391 949 1479 984 μενα
1505 935 1563 972 καὶ
1583 935 1793 986 Οελγόμενα,
1814 934 1932 986 ὥσπερ
1957 929 2014 973 οῧν
2035 936 2114 973 ἔνθα
2144 936 2269 988 ἔχθρα,
2296 936 2412 974 πάντα

1390 995 1433 1032 τὰ
1452 995 1601 1033 ἐναντία.
1620 995 1724 1033 Ἀλλὰ
1747 994 1854 1045 μηδὲν
1875 995 1955 1048 περὶ
1977 995 2103 1047 ἔχθρας
2121 995 2206 1039 τέως
2238 995 2389 1046 εἴπωμεν
2403 1011 2411 1019 ·

1389 1057 1470 1109 περὶ
1492 1057 1607 1109 φιλίας
1626 1057 1783 1107 λέγωμεν
1812 1057 1926 1107 μόνον.
1954 1055 2012 1094 Ἂν
2045 1057 2142 1108 εἴπῃς
2161 1073 2194 1094 τι
2224 1056 2412 1108 προπετὲς,

1391 1117 1499 1159 οὐδεὶς
1513 1120 1531 1154 ὁ
1550 1116 1886 1167 ἐπιλαμὲανόμενος,
1904 1117 1992 1154 ἀλλὰ
2010 1117 2138 1160 πάντες
2157 1116 2412 1167 συγγινώσκου-

1391 1192 1468 1214 σιν·
1501 1176 1540 1213 ἂν
1571 1176 1725 1229 πράξῃς,
1754 1176 1860 1219 οὐδεὶς
1890 1177 2091 1224 ὑποπτεύει,
2125 1177 2214 1215 ἀλλὰ
2245 1176 2356 1223 πολλὴ
2387 1180 2409 1223 ἡ

1391 1237 1578 1289 συγγνώμη
1595 1253 1602 1260 ·
1623 1238 1750 1280 πάντες
1767 1239 1797 1274 οἱ
1815 1243 1919 1289 χεῖρα
1937 1238 2112 1289 ὀρέγοντες
2132 1238 2294 1275 πίπτοντι
2318 1238 2410 1290 πρό-

1389 1313 1500 1349 χειροι
1517 1314 1524 1321 ·
1544 1297 1671 1340 πάντες
1690 1301 1720 1335 οἱ
1742 1297 1943 1348 βουλόμενοι
1975 1301 2097 1343 στῆναι
2119 1298 2303 1350 πρόθυμοι.
2330 1300 2411 1336 Τεῖ-

1389 1373 1450 1408 χος
1480 1358 1584 1400 ὄντως
1617 1358 1764 1410 ἇῤῥαγὲς
1789 1361 1809 1403 ἡ
1835 1359 1951 1409 φιλία,
1984 1359 2043 1395 καὶ
2073 1359 2147 1396 οὐδὲ
2176 1361 2225 1410 τῷ
2257 1358 2410 1410 διαὸόλῳ

1389 1418 1588 1467 ἁλώσιμον,
1612 1419 1698 1467 μήτι
1721 1434 1760 1468 γε
1783 1418 1987 1470 ἀνθρώποις.
2010 1420 2087 1456 Οὐκ
2113 1418 2161 1455 ἔνι
2180 1418 2327 1470 κινδύνῳ
2346 1435 2409 1457 πε-

1391 1483 1542 1529 ριπεσεῖν
1561 1478 1618 1515 τὸν
1644 1478 1759 1528 φίλους
1779 1478 1990 1527 κεκτημένον
2011 1478 2157 1521 πολλούς
2173 1494 2180 1501 ·
2202 1480 2262 1515 οὐκ
2286 1478 2334 1516 ἔνι
2352 1481 2408 1530 ὀρ-

1386 1541 1450 1587 γῆς
1472 1536 1632 1575 ὑπόθεσιν
1662 1543 1777 1588 σχεῖν,
1802 1538 1891 1575 ἀλλὰ
1909 1538 2089 1588 ’θυμηδίας
2105 1553 2112 1561 ·
2143 1540 2176 1576 ἐν
2198 1538 2323 1589 γέλωτι
2354 1539 2409 1576 ἀεί

1387 1599 1460 1634 ἐστι
1480 1597 1539 1633 καὶ
1557 1601 1667 1648 τρυφῇ
1686 1613 1694 1620 ·
1715 1599 1775 1634 οὐκ
1803 1597 1852 1634 ἔνι
1883 1598 2073 1647 βασκανίας
2107 1597 2266 1636 ὑπόθεσιν
2293 1605 2386 1650 σχεῖν
2400 1615 2407 1622 ·

1386 1657 1447 1693 οὐκ
1475 1656 1524 1693 ἔνι
1547 1656 1780 1705 μνησικακίας
1801 1657 1972 1707 ἀφορμήν.
1996 1656 2119 1708 ΜὈρα
2148 1658 2206 1695 τὸν
2235 1661 2408 1704 τοιοῦτον,

1385 1716 1444 1754 καὶ
1465 1715 1509 1753 τὰ
1529 1716 1750 1766 πνευματικὰ
1766 1717 1826 1754 καὶ
1846 1716 1890 1754 τὰ
1910 1717 2062 1769 σαρκικὰ
2081 1721 2314 1769 κατορθοῦντα
2330 1719 2408 1769 μετ’

1383 1776 1552 1819 εὐκολίας.
1569 1777 1616 1814 Τί
1637 1777 1677 1822 δὴ
1699 1771 1756 1815 οὖν
1778 1777 1897 1815 τούτου
1918 1777 1992 1815 ἴσον
2020 1777 2145 1828 γένοιτ’
2166 1778 2205 1815 ἄν
2223 1795 2232 1824 ;
2264 1778 2406 1831 εὨσπερ

1383 1838 1483 1880 πόλις
1508 1836 1751 1888 τετειχισμένη
1772 1837 1939 1875 πάντοθεν
1963 1832 2060 1881 οὗτός
2080 1839 2174 1875 ἐστιν
2190 1867 2199 1885 ,
2224 1840 2352 1882 ἐκεῖνος
2370 1840 2405 1876 δὲ

1383 1897 1500 1948 ὥσπερ
1518 1897 1619 1941 πόλις
1638 1897 1844 1949 ἀτείχιστος.
1865 1897 2032 1948 Μεγάλης
2053 1898 2172 1950 σοφίας
2185 1898 2224 1936 τὸ
2241 1899 2405 1936 δύνασθαι

1383 1957 1498 2010 φιλίας
1516 1951 1603 1995 εἶναι
1621 1958 1839 2010 δημιουργόν.
1853 1957 1972 1995 Ἄνελε
1992 1958 2054 2004 τὴν
2068 1958 2198 2010 φιλίαν,
2213 1959 2272 1996 καὶ
2291 1959 2406 1996 πάντα

1383 2021 1531 2065 ἀνεῖλες,
1553 2018 1670 2056 πάντα
1691 2020 1861 2070 συνέχεες.
1879 2021 1924 2057 Εἰ
1950 2019 1984 2057 δὲ
2011 2019 2112 2057 εἰκὼν
2140 2019 2258 2069 φιλίας
2279 2020 2405 2059 τοσαύ-

1382 2096 1445 2126 την
1462 2080 1535 2132 ἔχει
1555 2080 1617 2127 τὴν
1639 2080 1737 2132 ἰσχὺν
1750 2111 1759 2128 ,
1776 2081 1863 2127 αὐτὴ
1883 2084 1905 2127 ἧ
1927 2080 2072 2126 ἀλήθεια
2091 2080 2182 2127 πόση
2203 2097 2254 2124 τις
2276 2081 2315 2117 ἂν
2335 2080 2406 2128 εἴη;

1383 2141 1710 2189 Κατασκευάσωμεν
1729 2140 1840 2178 τοίνυν
1861 2143 1941 2191 ὑμῖν
1962 2140 2093 2192 φίλους,
2109 2143 2326 2192 παρακαλῶ,
2347 2141 2406 2178 καὶ

1383 2200 1513 2247 ταύτην
1535 2200 1681 2243 ἕκαστος
1699 2200 1809 2252 ἐχέτω
1828 2200 1890 2247 τὴν
1911 2200 2051 2252 τέχνην.
2069 2202 2163 2238 Ἀλλ’
2187 2200 2270 2248 ἰδοὺ,
2289 2201 2406 2252 φησὶν,

1384 2260 1452 2311 ἐγὼ
1481 2262 1683 2309 σπουδάζω,
1719 2264 1846 2304 ἐκεῖνος
1874 2261 1908 2298 δὲ
1937 2263 1974 2298 οὐ
2006 2261 2202 2305 σπουδάζει.
2225 2261 2362 2298 Πλείων
2389 2265 2407 2299 ὁ

325 2345 388 2370 vos
408 2331 677 2383 conjungeretis,
705 2339 738 2367 et
756 2344 845 2382 opus
867 2330 1085 2381 praedicandi
1111 2331 1202 2368 sicut
1226 2346 1314 2384 apo·
1339 2337 1363 2366 D
1385 2320 1505 2370 μισθὸς
1521 2321 1627 2364 Οὕτως
1644 2320 1742 2358 ἔσται
1759 2336 1826 2358 σθῑ·
1840 2321 1929 2368 Ναὶ,
1951 2321 2076 2372 φησὶν,
2095 2323 2184 2358 ἀλλὰ
2199 2321 2239 2358 τὸ
2259 2328 2406 2372 πρᾶγμα

326 2393 405 2430 stoli
426 2393 527 2431 vobis
547 2391 816 2439 constitueretis,
830 2399 864 2428 et
882 2391 971 2428 sicut
997 2392 1176 2443 proplietae
1204 2393 1313 2431 doce-

325 2452 426 2503 bant,
445 2454 496 2491 sic
516 2453 647 2490 amicos
666 2452 779 2489 facere
811 2451 1009 2501 studeretis,
1025 2467 1192 2504 magnam
1212 2455 1315 2492 vobis

324 2516 398 2553 fore
417 2515 625 2554 mercedem.
647 2515 777 2565 Regias
805 2514 907 2551 nobis
930 2514 1101 2566 imagines
1120 2530 1283 2567 paremus
1303 2533 1310 2552 :

324 2578 391 2616 hoc
410 2579 504 2616 enim
523 2577 785 2629 discipulorum
807 2577 1010 2629 symbolum
1025 2586 1087 2615 est.
1106 2578 1152 2615 Et
1167 2593 1229 2617 cur
1244 2593 1312 2618 non

324 2641 438 2692 majus
453 2639 640 2691 quidpiam
653 2638 816 2687 facimus,
831 2652 936 2688 quam
952 2638 979 2675 si
995 2638 1097 2676 nobis
1110 2639 1311 2677 facultatem

324 2702 585 2752 acquireremus
613 2709 772 2738 mortuos
817 2699 1040 2737 suscitandi?
1070 2699 1240 2738 Diadema
1279 2710 1311 2738 et

323 2776 485 2814 purpura
516 2775 635 2812 regem
668 2759 828 2797 indicant
852 2775 860 2795 τ
887 2760 915 2796 si
954 2759 1027 2797 haec
1064 2774 1133 2797 non
1166 2760 1307 2811 adsint,

324 2824 459 2861 etiamsi
477 2837 581 2860 aurea
600 2821 730 2859 habeat
748 2820 973 2869 vestimenta,
987 2820 1145 2858 nondum
1162 2835 1225 2858 rex
1238 2836 1311 2859 ma-

322 2884 504 2922 nifestatus
539 2892 602 2921 est.
629 2884 683 2920 Ita
703 2891 736 2919 et
757 2891 796 2918 tu
815 2894 909 2918 nunc
933 2881 1024 2918 hanc
1049 2881 1116 2919 tibi
1143 2890 1309 2920 tesseram

320 2947 439 2992 facito,
459 2956 491 2984 et
519 2945 585 2983 tibi
613 2954 647 2982 et
667 2944 748 2981 aliis
765 2942 897 2980 amicos
926 2943 1080 2995 parabis.
1111 2944 1224 2981 Nemo
1247 2944 1308 2994 qui

1385 2380 1652 2431 δυσκολώτερον.
1674 2382 1776 2427 Πῶς,
1799 2381 1875 2418 εἰπέ
1899 2396 1978 2430 μοι,
2000 2380 2088 2418 Ἰδοὺ
2124 2381 2406 2433 διαμαρτύρομαι

1382 2441 1442 2478 καὶ
1460 2441 1573 2492 λέγω,
1593 2441 1645 2479 ὅτι
1671 2441 1754 2479 δέκα
1785 2441 1886 2491 μόνον
1910 2442 1967 2479 ἐὰν
1996 2441 2221 2493 συμφράξητε
2246 2442 2404 2490 ἑαυτοὺς,

1382 2502 1442 2538 καὶ
1468 2500 1565 2552 ἔργον
1587 2506 1686 2539 τοῦτο
1707 2504 1788 2546 θῆτε
1818 2502 1973 2553 καθάπερ
1993 2506 2023 2540 οἱ
2042 2507 2054 2522 ‘³
2071 2503 2257 2540 ἀπόστολοι
2276 2502 2315 2540 τὸ
2334 2518 2404 2549 κη-

1385 2561 1514 2613 ρύττειν
1525 2589 1535 2608 ,
1555 2561 1712 2613 καθάπερ
1728 2564 1758 2598 οἱ
1774 2565 1949 2612 προφῆται
1966 2562 2004 2599 τὸ
2020 2561 2192 2599 διδάσκειν
2209 2592 2218 2610 ,
2233 2561 2320 2599 οὕτω
2345 2562 2404 2599 καὶ

1381 2623 1483 2670 ἡμεῖς
1502 2621 1540 2658 τὸ
1561 2620 1678 2672 φίλους
1697 2627 1806 2659 ποιεῖν
1820 2650 1828 2665 ,
1852 2622 1972 2670 μισθὸς
1989 2622 2086 2660 ἔσται
2108 2622 2228 2673 μέγας.
2255 2624 2402 2660 Βασιλι-

1380 2680 1442 2724 κὰς
1462 2680 1594 2723 εἰκόνας
1610 2684 1694 2731 ἡμῖν
1713 2684 1827 2724 αὐτοῖς
1845 2683 2156 2732 κατασκευάζωμεν
2171 2699 2178 2706 ·
2199 2686 2299 2720 τοῦτο
2315 2682 2402 2732 γνώ-

1382 2757 1489 2793 ρισμα
1510 2745 1688 2791 μαθητῶν.
1710 2742 1779 2780 Καὶ
1800 2744 1872 2784 πῶς
1890 2744 1927 2779 οὐ
1949 2745 2062 2792 μεῖζον
2079 2743 2311 2794 ἐργαζόμεθα,
2330 2743 2351 2787 ἢ
2372 2745 2402 2779 εἷ

1379 2801 1523 2851 δύναμιν
1542 2803 1655 2844 αὐτοῖς
1674 2802 1866 2851 ἐνετίθεμεν
1896 2802 2035 2854 νεκροὺς
2061 2804 2223 2853 ἀνιστᾷν,
2244 2802 2296 2840 Τὸ
2325 2802 2404 2840 διοί-

1379 2862 1475 2911 δημα
1499 2861 1558 2898 καὶ
1577 2865 1598 2906 ἡ
1621 2862 1779 2914 ἁλουργὶς
1808 2862 1958 2899 δείκνυσι
1978 2862 2035 2899 τὸν
2056 2862 2224 2912 βασιλέα,
2241 2863 2301 2900 καὶ
2319 2862 2400 2901 τού-

1378 2939 1446 2961 των
1464 2925 1526 2962 οὖκ
1542 2924 1661 2971 ὄντων,
1679 2925 1742 2962 κᾶν
1761 2931 1874 2976 χρυσᾶ
1896 2925 1959 2976 ἔχῃ
1980 2925 2104 2974 ἱμάτια
2118 2956 2127 2972 ,
2148 2926 2242 2963 οὔπω
2262 2930 2279 2964 ὃ
2296 2929 2401 2976 βασι-

321 3017 473 3057 ametur,
490 3006 570 3045 odio
597 3006 730 3043 habere
754 3004 853 3042 velit.
869 3003 1056 3042 Discamus
1076 3004 1209 3042 colores
1229 3004 1309 3042 illos
1332 2994 1355 3023 E
1378 2989 1456 3032 λῑὺς
1472 2991 1585 3036 δῆλος·
1606 2990 1711 3028 Οὕτω
1732 2991 1772 3036 δὴ
1794 2991 1852 3028 καὶ
1865 2995 1922 3027 νῦν
1939 3020 1948 3037 ν
1966 2991 2005 3029 τὸ
2023 2990 2207 3042 Υν(”)Ρῑ””μα
2227 2991 2267 3028 σὺ
2299 2991 2401 3044 {970²-

321 3070 381 3121 qui
399 3070 606 3114 miscentur,
627 3067 757 3118 quibus
772 3067 891 3117 imago
909 3066 971 3103 illa
991 3067 1218 3104 constituitur
1233 3083 1240 3103 :
1256 3067 1308 3104 di-

319 3129 402 3167 serti
419 3130 552 3167 simus:
567 3142 610 3165 ne
629 3135 874 3178 exspectemus
893 3126 1091 3178 proximos.
1112 3127 1165 3164 Ne
1182 3126 1279 3164 dicas
1295 3143 1303 3164 :

318 3190 356 3227 Si
375 3189 498 3228 videro
527 3188 681 3238 aliquem
701 3186 856 3235 tardum,
872 3199 936 3237 ego
961 3185 1114 3223 deterior
1142 3186 1189 3224 fio
1206 3202 1213 3222 :
1231 3187 1302 3225 imo

361 3338 373 3352 ³
397 3329 474 3359 Haec
485 3355 492 3369 ,
505 3333 605 3362 παθῶν
619 3330 792 3369 καταθέλγει
807 3329 921 3372 ὁρμάς,
936 3325 1055 3358 desunt
1071 3326 1104 3358 in
1121 3325 1318 3370 quibusdam

316 3380 390 3412 Mss.

1378 3060 1456 3103 ζου,
1476 3057 1536 3095 καὶ
1564 3057 1720 3103 ποιήσεις
1752 3060 1886 3109 σεαυτῷ
1912 3058 2029 3109 φίλους
2053 3059 2112 3096 καὶ
2132 3059 2260 3102 ἄλλοις.
2277 3058 2400 3101 Οὐδείς

1378 3125 1470 3161 ἔστιν
1489 3123 1582 3166 ὅστις
1609 3124 1809 3175 φιλούμενος
1831 3124 1968 3170 θελήσει
1997 3130 2122 3174 μισεῖν.
2147 3125 2324 3176 Μάθωμεν
2353 3124 2397 3161 τὰ

1376 3188 1563 3241 χρώματα,
1584 3191 1626 3227 δι’
1649 3193 1696 3227 ὡν
1713 3190 1934 3243 κεράννυνται
1947 3221 1956 3239 ,
1976 3192 2017 3229 δι’
2033 3186 2078 3229 ὧν
2101 3191 2185 3239 αὕτη
2203 3191 2394 3230 συντίθεται

1430 3330 1446 3353 1’
1471 3334 1527 3374 ὅρα
1543 3333 1631 3364 αὐτὸν
1647 3334 1696 3363 καὶ
1711 3334 1768 3368 τά,
1780 3328 1826 3361 sic
1843 3328 1977 3371 quidam
1995 3329 2061 3362 alii.

1428 3391 1440 3404 c
1466 3380 1558 3413 L'nus
1582 3385 1739 3416 ἀπόστολοι
1765 3384 1960 3426 ›tripla-roure,-
1985 3387 2131 3427 καθάπερ.
