<?xml version="1.0" encoding="UTF-8"?>
<!DOCTYPE html PUBLIC "-//W3C//DTD XHTML 1.0 Transitional//EN"
    "http://www.w3.org/TR/xhtml1/DTD/xhtml1-transitional.dtd">
<html xmlns="http://www.w3.org/1999/xhtml" xml:lang="en" lang="en">
 <head>
  <title>
</title>
<meta http-equiv="Content-Type" content="text/html;charset=utf-8" />
  <meta name='ocr-system' content='tesseract 3.04.00' />
  <meta name='ocr-capabilities' content='ocr_page ocr_carea ocr_par ocr_line ocrx_word'/>
</head>
<body>
  <div class='ocr_page' id='page_1' title='image "./operaomniaquaeex09johnuoft/operaomniaquaeex09johnuoft_0320.png"; bbox 0 0 2502 3810; ppageno 0'>
   <div class='ocr_carea' id='block_1_1' title="bbox 335 234 428 280">
    <p class='ocr_par' dir='ltr' id='par_1_1' title="bbox 335 234 428 280">
     <span class='ocr_line' id='line_1_1' title="bbox 335 234 428 280; baseline -0.011 0"><span class='ocrx_word' id='word_1_1' title='bbox 335 234 428 280; x_wconf 75' lang='lat'>286</span> 
     </span>
    </p>
   </div>
   <div class='ocr_carea' id='block_1_2' title="bbox 324 325 1357 3294">
    <p class='ocr_par' dir='ltr' id='par_1_2' title="bbox 324 325 1357 3109">
     <span class='ocr_line' id='line_1_2' title="bbox 335 325 1315 377; baseline -0.006 -10"><span class='ocrx_word' id='word_1_2' title='bbox 335 344 394 367; x_wconf 86' lang='lat' dir='ltr'>nes</span> <span class='ocrx_word' id='word_1_3' title='bbox 413 339 444 367; x_wconf 84' lang='lat' dir='ltr'>et</span> <span class='ocrx_word' id='word_1_4' title='bbox 460 328 631 366; x_wconf 87' lang='lat' dir='ltr'>tumultus</span> <span class='ocrx_word' id='word_1_5' title='bbox 647 343 654 363; x_wconf 92' lang='lat'>:</span> <span class='ocrx_word' id='word_1_6' title='bbox 671 326 766 376; x_wconf 86' lang='lat' dir='ltr'>quod</span> <span class='ocrx_word' id='word_1_7' title='bbox 782 327 911 377; x_wconf 84' lang='lat' dir='ltr'>dogma</span> <span class='ocrx_word' id='word_1_8' title='bbox 925 325 1082 375; x_wconf 73' lang='lat' dir='ltr'>eligam?</span> <span class='ocrx_word' id='word_1_9' title='bbox 1104 325 1201 374; x_wconf 87' lang='lat' dir='ltr'>quod</span> <span class='ocrx_word' id='word_1_10' title='bbox 1215 340 1315 376; x_wconf 84' lang='lat' dir='ltr'>prae-</span> 
     </span>
     <span class='ocr_line' id='line_1_3' title="bbox 339 385 1310 438; baseline -0.004 -10"><span class='ocrx_word' id='word_1_11' title='bbox 339 392 449 427; x_wconf 81' lang='lat' dir='ltr'>feram</span> <span class='ocrx_word' id='word_1_12' title='bbox 468 391 484 426; x_wconf 79' lang='grc' dir='ltr'>Ξ)</span> <span class='ocrx_word' id='word_1_13' title='bbox 519 388 658 438; x_wconf 81' lang='lat' dir='ltr'><strong>Singuli</strong></span> <span class='ocrx_word' id='word_1_14' title='bbox 691 387 817 423; x_wconf 89' lang='lat' dir='ltr'>dicunt</span> <span class='ocrx_word' id='word_1_15' title='bbox 840 402 848 422; x_wconf 74' lang='grc' dir='ltr'><strong><em>ε</em></strong></span> <span class='ocrx_word' id='word_1_16' title='bbox 875 386 951 436; x_wconf 88' lang='lat' dir='ltr'>Ego</span> <span class='ocrx_word' id='word_1_17' title='bbox 996 385 1180 422; x_wconf 73' lang='lat' dir='ltr'>veritatem</span> <span class='ocrx_word' id='word_1_18' title='bbox 1215 386 1310 424; x_wconf 88' lang='lat' dir='ltr'>dieo.</span> 
     </span>
     <span class='ocr_line' id='line_1_4' title="bbox 337 445 1314 496; baseline -0.002 -10"><span class='ocrx_word' id='word_1_19' title='bbox 337 450 403 486; x_wconf 84' lang='lat' dir='ltr'>Cui</span> <span class='ocrx_word' id='word_1_20' title='bbox 425 448 583 494; x_wconf 81' lang='lat' dir='ltr'>credam,</span> <span class='ocrx_word' id='word_1_21' title='bbox 602 446 661 495; x_wconf 89' lang='lat' dir='ltr'>qui</span> <span class='ocrx_word' id='word_1_22' title='bbox 691 446 782 482; x_wconf 90' lang='lat' dir='ltr'>nihil</span> <span class='ocrx_word' id='word_1_23' title='bbox 807 445 1072 496; x_wconf 80' lang='lat' dir='ltr'>Scripturarum</span> <span class='ocrx_word' id='word_1_24' title='bbox 1095 445 1233 482; x_wconf 76' lang='lat' dir='ltr'>sciam?</span> <span class='ocrx_word' id='word_1_25' title='bbox 1265 446 1314 484; x_wconf 91' lang='lat' dir='ltr'>Et</span> 
     </span>
     <span class='ocr_line' id='line_1_5' title="bbox 334 505 1313 556; baseline 0 -12"><span class='ocrx_word' id='word_1_26' title='bbox 334 508 387 544; x_wconf 83' lang='lat' dir='ltr'>illi</span> <span class='ocrx_word' id='word_1_27' title='bbox 412 507 575 556; x_wconf 85' lang='lat' dir='ltr'>utrinque</span> <span class='ocrx_word' id='word_1_28' title='bbox 605 505 699 541; x_wconf 88' lang='lat' dir='ltr'>idem</span> <span class='ocrx_word' id='word_1_29' title='bbox 740 505 938 556; x_wconf 84' lang='lat' dir='ltr'>proferunt.</span> <span class='ocrx_word' id='word_1_30' title='bbox 977 505 1068 542; x_wconf 82' lang='lat' dir='ltr'>Sane</span> <span class='ocrx_word' id='word_1_31' title='bbox 1098 505 1166 543; x_wconf 90' lang='lat' dir='ltr'>hoc</span> <span class='ocrx_word' id='word_1_32' title='bbox 1191 506 1313 544; x_wconf 78' lang='lat' dir='ltr'>admo-</span> 
     </span>
     <span class='ocr_line' id='line_1_6' title="bbox 333 565 1313 616; baseline 0.002 -13"><span class='ocrx_word' id='word_1_33' title='bbox 333 567 419 603; x_wconf 86' lang='lat' dir='ltr'>dum</span> <span class='ocrx_word' id='word_1_34' title='bbox 448 567 489 602; x_wconf 84' lang='lat' dir='ltr'>fit</span> <span class='ocrx_word' id='word_1_35' title='bbox 522 566 559 602; x_wconf 89' lang='lat' dir='ltr'>in</span> <span class='ocrx_word' id='word_1_36' title='bbox 589 565 701 602; x_wconf 86' lang='lat' dir='ltr'>nobis.</span> <span class='ocrx_word' id='word_1_37' title='bbox 743 567 835 602; x_wconf 75' lang='lat' dir='ltr'>Nam</span> <span class='ocrx_word' id='word_1_38' title='bbox 865 565 895 602; x_wconf 94' lang='lat' dir='ltr'>si</span> <span class='ocrx_word' id='word_1_39' title='bbox 927 565 1072 616; x_wconf 90' lang='lat' dir='ltr'>quidem</span> <span class='ocrx_word' id='word_1_40' title='bbox 1114 566 1313 605; x_wconf 83' lang='lat' dir='ltr'><strong>diceremus</strong></span> 
     </span>
     <span class='ocr_line' id='line_1_7' title="bbox 334 624 1313 673; baseline 0.002 -10"><span class='ocrx_word' id='word_1_41' title='bbox 334 640 394 663; x_wconf 89' lang='lat' dir='ltr'>nos</span> <span class='ocrx_word' id='word_1_42' title='bbox 435 624 627 662; x_wconf 78' lang='lat' dir='ltr'>ratiociniis</span> <span class='ocrx_word' id='word_1_43' title='bbox 666 624 807 663; x_wconf 86' lang='lat' dir='ltr'>credere</span> <span class='ocrx_word' id='word_1_44' title='bbox 819 656 828 673; x_wconf 95' lang='lat'>,</span> <span class='ocrx_word' id='word_1_45' title='bbox 867 626 992 664; x_wconf 85' lang='lat' dir='ltr'>merito</span> <span class='ocrx_word' id='word_1_46' title='bbox 1034 627 1229 665; x_wconf 81' lang='lat' dir='ltr'>turbareris</span> <span class='ocrx_word' id='word_1_47' title='bbox 1254 643 1262 664; x_wconf 79' lang='lat' dir='ltr'>z</span> <span class='ocrx_word' id='word_1_48' title='bbox 1283 628 1313 666; x_wconf 89' lang='lat' dir='ltr'>si</span> 
     </span>
     <span class='ocr_line' id='line_1_8' title="bbox 332 686 1312 740; baseline 0.004 -17"><span class='ocrx_word' id='word_1_49' title='bbox 332 701 414 723; x_wconf 72' lang='lat' dir='ltr'>vcro</span> <span class='ocrx_word' id='word_1_50' title='bbox 434 686 627 737; x_wconf 86' lang='lat' dir='ltr'>Scripturis</span> <span class='ocrx_word' id='word_1_51' title='bbox 653 700 715 723; x_wconf 89' lang='lat' dir='ltr'>nos</span> <span class='ocrx_word' id='word_1_52' title='bbox 735 687 876 725; x_wconf 89' lang='lat' dir='ltr'>credere</span> <span class='ocrx_word' id='word_1_53' title='bbox 907 687 1081 735; x_wconf 83' lang='lat' dir='ltr'>dicamus,</span> <span class='ocrx_word' id='word_1_54' title='bbox 1098 689 1209 740; x_wconf 85' lang='lat' dir='ltr'>iisque</span> <span class='ocrx_word' id='word_1_55' title='bbox 1226 689 1312 727; x_wconf 85' lang='lat' dir='ltr'>sim-</span> 
     </span>
     <span class='ocr_line' id='line_1_9' title="bbox 331 746 1313 801; baseline 0.006 -18"><span class='ocrx_word' id='word_1_56' title='bbox 331 746 482 798; x_wconf 84' lang='lat' dir='ltr'>plicibus</span> <span class='ocrx_word' id='word_1_57' title='bbox 497 754 530 782; x_wconf 88' lang='lat' dir='ltr'>et</span> <span class='ocrx_word' id='word_1_58' title='bbox 544 746 638 784; x_wconf 66' lang='lat' dir='ltr'>veris</span> <span class='ocrx_word' id='word_1_59' title='bbox 648 776 658 795; x_wconf 89' lang='lat'>,</span> <span class='ocrx_word' id='word_1_60' title='bbox 670 747 771 784; x_wconf 85' lang='lat' dir='ltr'>facile</span> <span class='ocrx_word' id='word_1_61' title='bbox 786 747 852 785; x_wconf 82' lang='lat' dir='ltr'>tibi</span> <span class='ocrx_word' id='word_1_62' title='bbox 871 749 976 786; x_wconf 83' lang='lat' dir='ltr'>fuerit</span> <span class='ocrx_word' id='word_1_63' title='bbox 990 749 1164 801; x_wconf 69' lang='lat' dir='ltr'>judicare.</span> <span class='ocrx_word' id='word_1_64' title='bbox 1182 751 1220 789; x_wconf 92' lang='lat' dir='ltr'>Si</span> <span class='ocrx_word' id='word_1_65' title='bbox 1234 751 1313 801; x_wconf 85' lang='lat' dir='ltr'>quis</span> 
     </span>
     <span class='ocr_line' id='line_1_10' title="bbox 332 807 1313 863; baseline 0.005 -18"><span class='ocrx_word' id='word_1_66' title='bbox 332 822 412 845; x_wconf 88' lang='lat' dir='ltr'>cum</span> <span class='ocrx_word' id='word_1_67' title='bbox 450 807 523 845; x_wconf 90' lang='lat' dir='ltr'>illis</span> <span class='ocrx_word' id='word_1_68' title='bbox 554 808 748 855; x_wconf 83' lang='lat' dir='ltr'>consentit,</span> <span class='ocrx_word' id='word_1_69' title='bbox 771 809 995 848; x_wconf 82' lang='lat' dir='ltr'>Christianus</span> <span class='ocrx_word' id='word_1_70' title='bbox 1025 820 1094 859; x_wconf 83' lang='lat' dir='ltr'>est3</span> <span class='ocrx_word' id='word_1_71' title='bbox 1119 811 1148 849; x_wconf 86' lang='lat' dir='ltr'>si</span> <span class='ocrx_word' id='word_1_72' title='bbox 1178 821 1313 863; x_wconf 81' lang='lat' dir='ltr'>pugnat</span> 
     </span>
     <span class='ocr_line' id='line_1_11' title="bbox 332 868 1313 924; baseline 0.007 -20"><span class='ocrx_word' id='word_1_73' title='bbox 332 882 408 905; x_wconf 86' lang='lat' dir='ltr'>cum</span> <span class='ocrx_word' id='word_1_74' title='bbox 430 868 515 915; x_wconf 83' lang='lat' dir='ltr'>illis,</span> <span class='ocrx_word' id='word_1_75' title='bbox 531 868 589 905; x_wconf 86' lang='lat' dir='ltr'>hic</span> <span class='ocrx_word' id='word_1_76' title='bbox 607 869 733 920; x_wconf 87' lang='lat' dir='ltr'>procul</span> <span class='ocrx_word' id='word_1_77' title='bbox 755 879 805 906; x_wconf 84' lang='lat' dir='ltr'>est</span> <span class='ocrx_word' id='word_1_78' title='bbox 831 884 850 906; x_wconf 83' lang='lat' dir='ltr'>a</span> <span class='ocrx_word' id='word_1_79' title='bbox 876 884 1017 909; x_wconf 81' lang='lat' dir='ltr'>canone.</span> <span class='ocrx_word' id='word_1_80' title='bbox 1048 871 1145 918; x_wconf 83' lang='lat' dir='ltr'>Quid</span> <span class='ocrx_word' id='word_1_81' title='bbox 1164 887 1260 924; x_wconf 90' lang='lat' dir='ltr'>crgo,</span> <span class='ocrx_word' id='word_1_82' title='bbox 1283 873 1313 911; x_wconf 88' lang='lat' dir='ltr'>si</span> 
     </span>
     <span class='ocr_line' id='line_1_12' title="bbox 331 929 1312 984; baseline 0.006 -18"><span class='ocrx_word' id='word_1_83' title='bbox 331 930 391 966; x_wconf 89' lang='lat' dir='ltr'>ille</span> <span class='ocrx_word' id='word_1_84' title='bbox 404 930 545 967; x_wconf 75' lang='lat' dir='ltr'>veniens</span> <span class='ocrx_word' id='word_1_85' title='bbox 558 929 700 978; x_wconf 71' lang='lat' dir='ltr'>dixerit,</span> <span class='ocrx_word' id='word_1_86' title='bbox 717 930 904 968; x_wconf 78' lang='lat' dir='ltr'>sichabere</span> <span class='ocrx_word' id='word_1_87' title='bbox 920 932 1143 984; x_wconf 81' lang='lat' dir='ltr'>Scripturam</span> <span class='ocrx_word' id='word_1_88' title='bbox 1156 943 1211 980; x_wconf 85' lang='lat' dir='ltr'>;tu</span> <span class='ocrx_word' id='word_1_89' title='bbox 1227 948 1312 972; x_wconf 65' lang='lat' dir='ltr'>vero</span> 
     </span>
     <span class='ocr_line' id='line_1_13' title="bbox 331 990 1313 1044; baseline 0.005 -17"><span class='ocrx_word' id='word_1_90' title='bbox 331 990 401 1028; x_wconf 83' lang='lat' dir='ltr'>alio</span> <span class='ocrx_word' id='word_1_91' title='bbox 419 990 521 1027; x_wconf 85' lang='lat' dir='ltr'>modo</span> <span class='ocrx_word' id='word_1_92' title='bbox 541 990 689 1040; x_wconf 73' lang='lat' dir='ltr'>dixeris,</span> <span class='ocrx_word' id='word_1_93' title='bbox 711 999 744 1028; x_wconf 88' lang='lat' dir='ltr'>et</span> <span class='ocrx_word' id='word_1_94' title='bbox 763 990 904 1028; x_wconf 74' lang='lat' dir='ltr'>diverse</span> <span class='ocrx_word' id='word_1_95' title='bbox 923 992 1201 1044; x_wconf 76' lang='lat' dir='ltr'>interpretemini</span> <span class='ocrx_word' id='word_1_96' title='bbox 1218 995 1313 1032; x_wconf 75' lang='lat' dir='ltr'>Scri-</span> 
     </span>
     <span class='ocr_line' id='line_1_14' title="bbox 331 1052 1314 1106; baseline 0.007 -18"><span class='ocrx_word' id='word_1_97' title='bbox 331 1060 465 1103; x_wconf 79' lang='lat' dir='ltr'>pturas,</span> <span class='ocrx_word' id='word_1_98' title='bbox 482 1066 602 1090; x_wconf 83' lang='lat' dir='ltr'>sensus</span> <span class='ocrx_word' id='word_1_99' title='bbox 617 1052 760 1090; x_wconf 80' lang='lat' dir='ltr'>illarum</span> <span class='ocrx_word' id='word_1_100' title='bbox 775 1052 1034 1092; x_wconf 69' lang='lat' dir='ltr'>distrahentes?</span> <span class='ocrx_word' id='word_1_101' title='bbox 1047 1057 1104 1093; x_wconf 87' lang='lat' dir='ltr'>Tu</span> <span class='ocrx_word' id='word_1_102' title='bbox 1118 1056 1240 1106; x_wconf 81' lang='lat' dir='ltr'>igitur,</span> <span class='ocrx_word' id='word_1_103' title='bbox 1255 1057 1314 1095; x_wconf 85' lang='lat' dir='ltr'>dic</span> 
     </span>
     <span class='ocr_line' id='line_1_15' title="bbox 332 1112 1314 1166; baseline 0.007 -18"><span class='ocrx_word' id='word_1_104' title='bbox 332 1112 432 1160; x_wconf 83' lang='lat' dir='ltr'>mihi,</span> <span class='ocrx_word' id='word_1_105' title='bbox 454 1122 649 1150; x_wconf 86' lang='lat' dir='ltr'>mentemne</span> <span class='ocrx_word' id='word_1_106' title='bbox 667 1113 775 1150; x_wconf 77' lang='lat' dir='ltr'>habes</span> <span class='ocrx_word' id='word_1_107' title='bbox 795 1127 835 1150; x_wconf 78' lang='lat' dir='ltr'>ac</span> <span class='ocrx_word' id='word_1_108' title='bbox 850 1112 1055 1164; x_wconf 75' lang='lat' dir='ltr'>judicium?</span> <span class='ocrx_word' id='word_1_109' title='bbox 1069 1116 1116 1152; x_wconf 87' lang='lat' dir='ltr'>Et</span> <span class='ocrx_word' id='word_1_110' title='bbox 1135 1117 1314 1166; x_wconf 88' lang='lat' dir='ltr'>quomodo</span> 
     </span>
     <span class='ocr_line' id='line_1_16' title="bbox 331 1174 1313 1227; baseline 0.006 -17"><span class='ocrx_word' id='word_1_111' title='bbox 331 1174 480 1225; x_wconf 85' lang='lat' dir='ltr'>possim;</span> <span class='ocrx_word' id='word_1_112' title='bbox 500 1174 648 1224; x_wconf 80' lang='lat' dir='ltr'>inquiet,</span> <span class='ocrx_word' id='word_1_113' title='bbox 672 1189 752 1212; x_wconf 89' lang='lat' dir='ltr'>cum</span> <span class='ocrx_word' id='word_1_114' title='bbox 772 1175 927 1212; x_wconf 79' lang='lat' dir='ltr'>nesciam</span> <span class='ocrx_word' id='word_1_115' title='bbox 949 1175 1147 1227; x_wconf 79' lang='lat' dir='ltr'>dijudicare</span> <span class='ocrx_word' id='word_1_116' title='bbox 1167 1180 1313 1216; x_wconf 70' lang='lat' dir='ltr'>vestra?</span> 
     </span>
     <span class='ocr_line' id='line_1_17' title="bbox 330 1235 1314 1289; baseline 0.005 -17"><span class='ocrx_word' id='word_1_117' title='bbox 330 1235 527 1286; x_wconf 88' lang='lat' dir='ltr'>discipulus</span> <span class='ocrx_word' id='word_1_118' title='bbox 547 1249 619 1272; x_wconf 86' lang='lat' dir='ltr'>esse</span> <span class='ocrx_word' id='word_1_119' title='bbox 635 1236 729 1283; x_wconf 72' lang='lat' dir='ltr'>volo,</span> <span class='ocrx_word' id='word_1_120' title='bbox 749 1245 789 1273; x_wconf 86' lang='lat' dir='ltr'>tu</span> <span class='ocrx_word' id='word_1_121' title='bbox 807 1250 890 1274; x_wconf 73' lang='lat' dir='ltr'>vero</span> <span class='ocrx_word' id='word_1_122' title='bbox 907 1251 963 1274; x_wconf 87' lang='lat' dir='ltr'>me</span> <span class='ocrx_word' id='word_1_123' title='bbox 977 1238 1050 1289; x_wconf 82' lang='lat' dir='ltr'>jam</span> <span class='ocrx_word' id='word_1_124' title='bbox 1070 1238 1250 1276; x_wconf 88' lang='lat' dir='ltr'>doctorem</span> <span class='ocrx_word' id='word_1_125' title='bbox 1264 1240 1314 1277; x_wconf 83' lang='lat' dir='ltr'>fa-</span> 
     </span>
     <span class='ocr_line' id='line_1_18' title="bbox 331 1296 1313 1352; baseline 0.007 -20"><span class='ocrx_word' id='word_1_126' title='bbox 331 1296 391 1333; x_wconf 88' lang='lat' dir='ltr'>cis.</span> <span class='ocrx_word' id='word_1_127' title='bbox 412 1296 450 1333; x_wconf 89' lang='lat' dir='ltr'>Si</span> <span class='ocrx_word' id='word_1_128' title='bbox 468 1296 543 1333; x_wconf 79' lang='lat' dir='ltr'>haee</span> <span class='ocrx_word' id='word_1_129' title='bbox 560 1296 703 1343; x_wconf 73' lang='lat' dir='ltr'>dixerit,</span> <span class='ocrx_word' id='word_1_130' title='bbox 721 1297 808 1347; x_wconf 86' lang='lat' dir='ltr'>quid</span> <span class='ocrx_word' id='word_1_131' title='bbox 828 1298 1148 1350; x_wconf 71' lang='lat' dir='ltr'>respondebimus?</span> <span class='ocrx_word' id='word_1_132' title='bbox 1166 1315 1313 1352; x_wconf 90' lang='lat' dir='ltr'>quomo-</span> 
     </span>
     <span class='ocr_line' id='line_1_19' title="bbox 329 1356 1313 1410; baseline 0.008 -18"><span class='ocrx_word' id='word_1_133' title='bbox 329 1356 374 1393; x_wconf 86' lang='lat' dir='ltr'>do</span> <span class='ocrx_word' id='word_1_134' title='bbox 398 1357 450 1394; x_wconf 89' lang='lat' dir='ltr'>illi</span> <span class='ocrx_word' id='word_1_135' title='bbox 472 1357 795 1408; x_wconf 69' lang='lat' dir='ltr'>persuadebimus?</span> <span class='ocrx_word' id='word_1_136' title='bbox 815 1359 1090 1410; x_wconf 82' lang='lat' dir='ltr'>Interrogemus,</span> <span class='ocrx_word' id='word_1_137' title='bbox 1117 1375 1161 1398; x_wconf 84' lang='lat' dir='ltr'>an</span> <span class='ocrx_word' id='word_1_138' title='bbox 1181 1362 1249 1399; x_wconf 88' lang='lat' dir='ltr'>hoe</span> <span class='ocrx_word' id='word_1_139' title='bbox 1268 1362 1313 1401; x_wconf 89' lang='lat' dir='ltr'>sit</span> 
     </span>
     <span class='ocr_line' id='line_1_20' title="bbox 330 1417 1314 1471; baseline 0.006 -17"><span class='ocrx_word' id='word_1_140' title='bbox 330 1417 785 1468; x_wconf 81' lang='lat' dir='ltr'>obtentus:interrogemus,</span> <span class='ocrx_word' id='word_1_141' title='bbox 798 1434 841 1457; x_wconf 81' lang='lat' dir='ltr'>an</span> <span class='ocrx_word' id='word_1_142' title='bbox 855 1420 1001 1471; x_wconf 87' lang='lat' dir='ltr'>gentiles</span> <span class='ocrx_word' id='word_1_143' title='bbox 1017 1420 1170 1461; x_wconf 77' lang='lat' dir='ltr'>damnet.</span> <span class='ocrx_word' id='word_1_144' title='bbox 1188 1423 1314 1461; x_wconf 89' lang='lat' dir='ltr'>Omni-</span> 
     </span>
     <span class='ocr_line' id='line_1_21' title="bbox 329 1476 1314 1530; baseline 0.009 -18"><span class='ocrx_word' id='word_1_145' title='bbox 329 1491 374 1513; x_wconf 87' lang='lat' dir='ltr'>no</span> <span class='ocrx_word' id='word_1_146' title='bbox 401 1476 586 1528; x_wconf 81' lang='lat' dir='ltr'>quidpiam</span> <span class='ocrx_word' id='word_1_147' title='bbox 616 1477 711 1516; x_wconf 89' lang='lat' dir='ltr'>dicet</span> <span class='ocrx_word' id='word_1_148' title='bbox 736 1495 743 1515; x_wconf 91' lang='lat'><strong>:</strong></span> <span class='ocrx_word' id='word_1_149' title='bbox 767 1493 880 1530; x_wconf 86' lang='lat' dir='ltr'>neque</span> <span class='ocrx_word' id='word_1_150' title='bbox 914 1481 1007 1518; x_wconf 89' lang='lat' dir='ltr'>enim</span> <span class='ocrx_word' id='word_1_151' title='bbox 1034 1495 1103 1519; x_wconf 87' lang='lat' dir='ltr'>non</span> <span class='ocrx_word' id='word_1_152' title='bbox 1136 1482 1314 1521; x_wconf 79' lang='lat' dir='ltr'>damnatis</span> 
     </span>
     <span class='ocr_line' id='line_1_22' title="bbox 328 1538 1313 1593; baseline 0.008 -19"><span class='ocrx_word' id='word_1_153' title='bbox 328 1538 412 1585; x_wconf 87' lang='lat' dir='ltr'>illis,</span> <span class='ocrx_word' id='word_1_154' title='bbox 425 1538 471 1575; x_wconf 83' lang='lat' dir='ltr'>ad</span> <span class='ocrx_word' id='word_1_155' title='bbox 486 1547 604 1576; x_wconf 87' lang='lat' dir='ltr'>nostra</span> <span class='ocrx_word' id='word_1_156' title='bbox 621 1540 773 1577; x_wconf 81' lang='lat' dir='ltr'>accedet.</span> <span class='ocrx_word' id='word_1_157' title='bbox 787 1542 1060 1593; x_wconf 86' lang='lat' dir='ltr'>Interrogemus,</span> <span class='ocrx_word' id='word_1_158' title='bbox 1072 1558 1141 1593; x_wconf 86' lang='lat' dir='ltr'>qua</span> <span class='ocrx_word' id='word_1_159' title='bbox 1152 1543 1196 1581; x_wconf 88' lang='lat' dir='ltr'>de</span> <span class='ocrx_word' id='word_1_160' title='bbox 1210 1559 1313 1582; x_wconf 81' lang='lat' dir='ltr'>causa</span> 
     </span>
     <span class='ocr_line' id='line_1_23' title="bbox 329 1598 1313 1642; baseline 0.008 -8"><span class='ocrx_word' id='word_1_161' title='bbox 329 1598 559 1636; x_wconf 80' lang='lat' dir='ltr'>condemnet:</span> <span class='ocrx_word' id='word_1_162' title='bbox 577 1614 645 1637; x_wconf 93' lang='lat' dir='ltr'>non</span> <span class='ocrx_word' id='word_1_163' title='bbox 668 1601 760 1638; x_wconf 90' lang='lat' dir='ltr'>enim</span> <span class='ocrx_word' id='word_1_164' title='bbox 791 1610 919 1640; x_wconf 86' lang='lat' dir='ltr'>temere</span> <span class='ocrx_word' id='word_1_165' title='bbox 949 1603 1172 1641; x_wconf 78' lang='lat' dir='ltr'>condemnat.</span> <span class='ocrx_word' id='word_1_166' title='bbox 1195 1605 1313 1642; x_wconf 84' lang='lat' dir='ltr'>Mani-</span> 
     </span>
     <span class='ocr_line' id='line_1_24' title="bbox 327 1660 1314 1713; baseline 0.007 -18"><span class='ocrx_word' id='word_1_167' title='bbox 327 1660 453 1696; x_wconf 81' lang='lat' dir='ltr'>festum</span> <span class='ocrx_word' id='word_1_168' title='bbox 479 1668 530 1697; x_wconf 88' lang='lat' dir='ltr'>est</span> <span class='ocrx_word' id='word_1_169' title='bbox 558 1660 737 1698; x_wconf 88' lang='lat' dir='ltr'>dicturum</span> <span class='ocrx_word' id='word_1_170' title='bbox 760 1676 851 1710; x_wconf 89' lang='lat' dir='ltr'>esse,</span> <span class='ocrx_word' id='word_1_171' title='bbox 870 1663 952 1713; x_wconf 83' lang='lat' dir='ltr'>quia</span> <span class='ocrx_word' id='word_1_172' title='bbox 973 1664 1119 1701; x_wconf 84' lang='lat' dir='ltr'>numina</span> <span class='ocrx_word' id='word_1_173' title='bbox 1140 1665 1203 1701; x_wconf 84' lang='lat' dir='ltr'>illa</span> <span class='ocrx_word' id='word_1_174' title='bbox 1232 1673 1314 1702; x_wconf 88' lang='lat' dir='ltr'>sunt</span> 
     </span>
     <span class='ocr_line' id='line_1_25' title="bbox 327 1723 1308 1771; baseline 0.007 -14"><span class='ocrx_word' id='word_1_175' title='bbox 327 1731 508 1771; x_wconf 59' lang='lat' dir='ltr'>creaturae,</span> <span class='ocrx_word' id='word_1_176' title='bbox 540 1736 603 1759; x_wconf 87' lang='lat' dir='ltr'>nec</span> <span class='ocrx_word' id='word_1_177' title='bbox 636 1737 710 1760; x_wconf 90' lang='lat' dir='ltr'>esse</span> <span class='ocrx_word' id='word_1_178' title='bbox 736 1723 799 1760; x_wconf 81' lang='lat' dir='ltr'>illa</span> <span class='ocrx_word' id='word_1_179' title='bbox 826 1724 1022 1762; x_wconf 77' lang='lat' dir='ltr'>increatum</span> <span class='ocrx_word' id='word_1_180' title='bbox 1041 1727 1168 1762; x_wconf 89' lang='lat' dir='ltr'>Deum.</span> <span class='ocrx_word' id='word_1_181' title='bbox 1190 1727 1308 1764; x_wconf 84' lang='lat' dir='ltr'>Recte.</span> 
     </span>
     <span class='ocr_line' id='line_1_26' title="bbox 326 1782 1310 1834; baseline 0.007 -16"><span class='ocrx_word' id='word_1_182' title='bbox 326 1782 362 1819; x_wconf 77' lang='lat' dir='ltr'>Si</span> <span class='ocrx_word' id='word_1_183' title='bbox 371 1782 437 1819; x_wconf 86' lang='lat' dir='ltr'>hoc</span> <span class='ocrx_word' id='word_1_184' title='bbox 450 1782 545 1834; x_wconf 83' lang='lat' dir='ltr'>apud</span> <span class='ocrx_word' id='word_1_185' title='bbox 559 1783 646 1821; x_wconf 75' lang='lat' dir='ltr'>alias</span> <span class='ocrx_word' id='word_1_186' title='bbox 657 1784 805 1822; x_wconf 74' lang='lat' dir='ltr'>haereses</span> <span class='ocrx_word' id='word_1_187' title='bbox 818 1785 988 1832; x_wconf 66' lang='lat' dir='ltr'>inveniat,</span> <span class='ocrx_word' id='word_1_188' title='bbox 998 1787 1215 1824; x_wconf 84' lang='lat' dir='ltr'>contrarium</span> <span class='ocrx_word' id='word_1_189' title='bbox 1227 1801 1310 1825; x_wconf 77' lang='lat' dir='ltr'>vero</span> 
     </span>
     <span class='ocr_line' id='line_1_27' title="bbox 325 1842 1309 1895; baseline 0.008 -17"><span class='ocrx_word' id='word_1_190' title='bbox 325 1842 419 1893; x_wconf 76' lang='lat' dir='ltr'>apud</span> <span class='ocrx_word' id='word_1_191' title='bbox 431 1857 503 1891; x_wconf 87' lang='lat' dir='ltr'>nos,</span> <span class='ocrx_word' id='word_1_192' title='bbox 513 1858 582 1893; x_wconf 85' lang='lat' dir='ltr'>quo</span> <span class='ocrx_word' id='word_1_193' title='bbox 593 1858 682 1895; x_wconf 87' lang='lat' dir='ltr'>opus</span> <span class='ocrx_word' id='word_1_194' title='bbox 696 1853 745 1882; x_wconf 86' lang='lat' dir='ltr'>est</span> <span class='ocrx_word' id='word_1_195' title='bbox 754 1846 938 1882; x_wconf 73' lang='lat' dir='ltr'>sermone?</span> <span class='ocrx_word' id='word_1_196' title='bbox 951 1847 1081 1884; x_wconf 87' lang='lat' dir='ltr'>Omnes</span> <span class='ocrx_word' id='word_1_197' title='bbox 1098 1848 1309 1887; x_wconf 82' lang='lat' dir='ltr'>eonfitemur</span> 
     </span>
     <span class='ocr_line' id='line_1_28' title="bbox 327 1904 1310 1960; baseline 0.007 -20"><span class='ocrx_word' id='word_1_198' title='bbox 327 1904 510 1941; x_wconf 87' lang='lat' dir='ltr'>Christum</span> <span class='ocrx_word' id='word_1_199' title='bbox 523 1919 595 1943; x_wconf 89' lang='lat' dir='ltr'>esse</span> <span class='ocrx_word' id='word_1_200' title='bbox 615 1906 742 1943; x_wconf 84' lang='lat' dir='ltr'>Deum.</span> <span class='ocrx_word' id='word_1_201' title='bbox 765 1906 833 1944; x_wconf 88' lang='lat' dir='ltr'>Sed</span> <span class='ocrx_word' id='word_1_202' title='bbox 851 1906 1033 1944; x_wconf 80' lang='lat' dir='ltr'>videamus</span> <span class='ocrx_word' id='word_1_203' title='bbox 1056 1908 1118 1958; x_wconf 86' lang='lat' dir='ltr'>qui</span> <span class='ocrx_word' id='word_1_204' title='bbox 1139 1919 1310 1960; x_wconf 81' lang='lat' dir='ltr'>pugnent,</span> 
     </span>
     <span class='ocr_line' id='line_1_29' title="bbox 328 1965 1311 2021; baseline 0.01 -21"><span class='ocrx_word' id='word_1_205' title='bbox 328 1965 387 2014; x_wconf 82' lang='lat' dir='ltr'>qui</span> <span class='ocrx_word' id='word_1_206' title='bbox 403 1980 470 2003; x_wconf 90' lang='lat' dir='ltr'>non</span> <span class='ocrx_word' id='word_1_207' title='bbox 491 1976 660 2018; x_wconf 82' lang='lat' dir='ltr'>pugnent.</span> <span class='ocrx_word' id='word_1_208' title='bbox 680 1969 752 2005; x_wconf 76' lang='lat' dir='ltr'>Nos</span> <span class='ocrx_word' id='word_1_209' title='bbox 769 1969 831 2018; x_wconf 89' lang='lat' dir='ltr'>qui</span> <span class='ocrx_word' id='word_1_210' title='bbox 851 1968 1004 2006; x_wconf 79' lang='lat' dir='ltr'>dicimus</span> <span class='ocrx_word' id='word_1_211' title='bbox 1027 1984 1098 2007; x_wconf 85' lang='lat' dir='ltr'>esse</span> <span class='ocrx_word' id='word_1_212' title='bbox 1118 1971 1249 2021; x_wconf 89' lang='lat' dir='ltr'>Deum,</span> <span class='ocrx_word' id='word_1_213' title='bbox 1260 1972 1311 2010; x_wconf 89' lang='lat' dir='ltr'>di-</span> 
     </span>
     <span class='ocr_line' id='line_1_30' title="bbox 327 2027 1312 2084; baseline 0.009 -22"><span class='ocrx_word' id='word_1_214' title='bbox 327 2039 394 2076; x_wconf 81' lang='lat' dir='ltr'>gna</span> <span class='ocrx_word' id='word_1_215' title='bbox 414 2028 488 2064; x_wconf 84' lang='lat' dir='ltr'>Deo</span> <span class='ocrx_word' id='word_1_216' title='bbox 503 2027 696 2077; x_wconf 83' lang='lat' dir='ltr'>loquimur,</span> <span class='ocrx_word' id='word_1_217' title='bbox 714 2028 808 2078; x_wconf 87' lang='lat' dir='ltr'>quod</span> <span class='ocrx_word' id='word_1_218' title='bbox 828 2039 1035 2081; x_wconf 81' lang='lat' dir='ltr'>potestatem</span> <span class='ocrx_word' id='word_1_219' title='bbox 1054 2031 1196 2081; x_wconf 78' lang='lat' dir='ltr'>habeat,</span> <span class='ocrx_word' id='word_1_220' title='bbox 1216 2034 1312 2084; x_wconf 89' lang='lat' dir='ltr'>quod</span> 
     </span>
     <span class='ocr_line' id='line_1_31' title="bbox 329 2087 1311 2144; baseline 0.009 -21"><span class='ocrx_word' id='word_1_221' title='bbox 329 2100 396 2123; x_wconf 84' lang='lat' dir='ltr'>non</span> <span class='ocrx_word' id='word_1_222' title='bbox 418 2087 462 2124; x_wconf 86' lang='lat' dir='ltr'>sit</span> <span class='ocrx_word' id='word_1_223' title='bbox 482 2102 614 2136; x_wconf 77' lang='lat' dir='ltr'>servus,</span> <span class='ocrx_word' id='word_1_224' title='bbox 627 2088 724 2137; x_wconf 81' lang='lat' dir='ltr'>qued</span> <span class='ocrx_word' id='word_1_225' title='bbox 735 2090 779 2126; x_wconf 86' lang='lat' dir='ltr'>sit</span> <span class='ocrx_word' id='word_1_226' title='bbox 795 2090 898 2137; x_wconf 71' lang='lat' dir='ltr'>liber,</span> <span class='ocrx_word' id='word_1_227' title='bbox 915 2091 1013 2140; x_wconf 85' lang='lat' dir='ltr'>quod</span> <span class='ocrx_word' id='word_1_228' title='bbox 1029 2106 1046 2128; x_wconf 79' lang='lat' dir='ltr'>a</span> <span class='ocrx_word' id='word_1_229' title='bbox 1061 2092 1175 2144; x_wconf 84' lang='lat' dir='ltr'>seipso</span> <span class='ocrx_word' id='word_1_230' title='bbox 1191 2094 1311 2132; x_wconf 91' lang='lat' dir='ltr'>omnia</span> 
     </span>
     <span class='ocr_line' id='line_1_32' title="bbox 327 2146 1311 2202; baseline 0.009 -20"><span class='ocrx_word' id='word_1_231' title='bbox 327 2146 433 2183; x_wconf 77' lang='lat' dir='ltr'>faciat</span> <span class='ocrx_word' id='word_1_232' title='bbox 448 2163 455 2182; x_wconf 90' lang='lat'>:</span> <span class='ocrx_word' id='word_1_233' title='bbox 470 2147 530 2184; x_wconf 85' lang='lat' dir='ltr'>ille</span> <span class='ocrx_word' id='word_1_234' title='bbox 546 2162 629 2185; x_wconf 73' lang='lat' dir='ltr'>vero</span> <span class='ocrx_word' id='word_1_235' title='bbox 650 2157 781 2185; x_wconf 83' lang='lat' dir='ltr'>contra.</span> <span class='ocrx_word' id='word_1_236' title='bbox 802 2151 959 2186; x_wconf 88' lang='lat' dir='ltr'>Rursum</span> <span class='ocrx_word' id='word_1_237' title='bbox 978 2151 1168 2202; x_wconf 84' lang='lat' dir='ltr'>interrogo,</span> <span class='ocrx_word' id='word_1_238' title='bbox 1189 2154 1217 2190; x_wconf 91' lang='lat' dir='ltr'>si</span> <span class='ocrx_word' id='word_1_239' title='bbox 1237 2168 1311 2191; x_wconf 91' lang='lat' dir='ltr'>me-</span> 
     </span>
     <span class='ocr_line' id='line_1_33' title="bbox 328 2206 1307 2263; baseline 0.009 -22"><span class='ocrx_word' id='word_1_240' title='bbox 328 2206 483 2243; x_wconf 80' lang='lat' dir='ltr'>dicinam</span> <span class='ocrx_word' id='word_1_241' title='bbox 501 2207 636 2245; x_wconf 78' lang='lat' dir='ltr'>discere</span> <span class='ocrx_word' id='word_1_242' title='bbox 654 2209 754 2255; x_wconf 71' lang='lat' dir='ltr'>velis,</span> <span class='ocrx_word' id='word_1_243' title='bbox 773 2223 859 2245; x_wconf 89' lang='lat' dir='ltr'>num</span> <span class='ocrx_word' id='word_1_244' title='bbox 879 2210 992 2246; x_wconf 84' lang='lat' dir='ltr'>obiter</span> <span class='ocrx_word' id='word_1_245' title='bbox 1011 2219 1043 2247; x_wconf 86' lang='lat' dir='ltr'>ct</span> <span class='ocrx_word' id='word_1_246' title='bbox 1058 2213 1307 2263; x_wconf 78' lang='lat' dir='ltr'>perfunctorie,</span> 
     </span>
     <span class='ocr_line' id='line_1_34' title="bbox 329 2267 1311 2321; baseline 0.011 -20"><span class='ocrx_word' id='word_1_247' title='bbox 329 2280 460 2315; x_wconf 81' lang='lat' dir='ltr'>quaeso,</span> <span class='ocrx_word' id='word_1_248' title='bbox 482 2281 519 2303; x_wconf 77' lang='lat' dir='ltr'>ea</span> <span class='ocrx_word' id='word_1_249' title='bbox 539 2282 615 2317; x_wconf 66' lang='lat' dir='ltr'>quse</span> <span class='ocrx_word' id='word_1_250' title='bbox 635 2267 802 2305; x_wconf 88' lang='lat' dir='ltr'>dicuntur</span> <span class='ocrx_word' id='word_1_251' title='bbox 822 2269 1013 2321; x_wconf 82' lang='lat' dir='ltr'>suscipies,</span> <span class='ocrx_word' id='word_1_252' title='bbox 1041 2273 1180 2309; x_wconf 77' lang='lat' dir='ltr'>tametsi</span> <span class='ocrx_word' id='word_1_253' title='bbox 1200 2275 1311 2312; x_wconf 87' lang='lat' dir='ltr'>multa</span> 
     </span>
     <span class='ocr_line' id='line_1_35' title="bbox 327 2328 1310 2383; baseline 0.011 -20"><span class='ocrx_word' id='word_1_254' title='bbox 327 2328 423 2378; x_wconf 73' lang='lat' dir='ltr'>apud</span> <span class='ocrx_word' id='word_1_255' title='bbox 438 2328 516 2365; x_wconf 89' lang='lat' dir='ltr'>illos</span> <span class='ocrx_word' id='word_1_256' title='bbox 533 2329 603 2365; x_wconf 84' lang='lat' dir='ltr'>sint</span> <span class='ocrx_word' id='word_1_257' title='bbox 617 2328 807 2379; x_wconf 68' lang='lat' dir='ltr'>dogmata?</span> <span class='ocrx_word' id='word_1_258' title='bbox 820 2330 857 2368; x_wconf 89' lang='lat' dir='ltr'>Si</span> <span class='ocrx_word' id='word_1_259' title='bbox 875 2344 957 2381; x_wconf 88' lang='lat' dir='ltr'>ergo</span> <span class='ocrx_word' id='word_1_260' title='bbox 973 2332 1179 2383; x_wconf 81' lang='lat' dir='ltr'>simpliciter</span> <span class='ocrx_word' id='word_1_261' title='bbox 1192 2336 1310 2374; x_wconf 83' lang='lat' dir='ltr'>onmia</span> 
     </span>
     <span class='ocr_line' id='line_1_36' title="bbox 327 2388 1309 2441; baseline 0.01 -17"><span class='ocrx_word' id='word_1_262' title='bbox 327 2403 404 2438; x_wconf 81' lang='lat' dir='ltr'>quae</span> <span class='ocrx_word' id='word_1_263' title='bbox 426 2388 546 2426; x_wconf 80' lang='lat' dir='ltr'>audies</span> <span class='ocrx_word' id='word_1_264' title='bbox 566 2389 731 2441; x_wconf 76' lang='lat' dir='ltr'>accipias,</span> <span class='ocrx_word' id='word_1_265' title='bbox 753 2391 821 2428; x_wconf 87' lang='lat' dir='ltr'>hoe</span> <span class='ocrx_word' id='word_1_266' title='bbox 841 2391 912 2429; x_wconf 71' lang='lat' dir='ltr'>viri</span> <span class='ocrx_word' id='word_1_267' title='bbox 928 2406 997 2429; x_wconf 88' lang='lat' dir='ltr'>non</span> <span class='ocrx_word' id='word_1_268' title='bbox 1014 2402 1102 2431; x_wconf 90' lang='lat' dir='ltr'>esset</span> <span class='ocrx_word' id='word_1_269' title='bbox 1120 2395 1171 2431; x_wconf 86' lang='lat' dir='ltr'>:si</span> <span class='ocrx_word' id='word_1_270' title='bbox 1193 2405 1309 2434; x_wconf 81' lang='lat' dir='ltr'>autem</span> 
     </span>
     <span class='ocr_line' id='line_1_37' title="bbox 324 2448 1311 2505; baseline 0.009 -20"><span class='ocrx_word' id='word_1_271' title='bbox 324 2448 462 2499; x_wconf 84' lang='lat' dir='ltr'>judicio</span> <span class='ocrx_word' id='word_1_272' title='bbox 475 2458 508 2486; x_wconf 93' lang='lat' dir='ltr'>et</span> <span class='ocrx_word' id='word_1_273' title='bbox 522 2458 636 2486; x_wconf 88' lang='lat' dir='ltr'>mente</span> <span class='ocrx_word' id='word_1_274' title='bbox 653 2450 782 2496; x_wconf 77' lang='lat' dir='ltr'>valeas,</span> <span class='ocrx_word' id='word_1_275' title='bbox 798 2450 891 2501; x_wconf 89' lang='lat' dir='ltr'>quod</span> <span class='ocrx_word' id='word_1_276' title='bbox 906 2451 1040 2490; x_wconf 89' lang='lat' dir='ltr'>bonum</span> <span class='ocrx_word' id='word_1_277' title='bbox 1053 2467 1246 2505; x_wconf 74' lang='lat' dir='ltr'>verumque</span> <span class='ocrx_word' id='word_1_278' title='bbox 1260 2466 1311 2494; x_wconf 86' lang='lat' dir='ltr'>est</span> 
     </span>
     <span class='ocr_line' id='line_1_38' title="bbox 328 2509 1310 2564; baseline 0.009 -19"><span class='ocrx_word' id='word_1_279' title='bbox 328 2509 471 2546; x_wconf 87' lang='lat' dir='ltr'>omnino</span> <span class='ocrx_word' id='word_1_280' title='bbox 487 2511 587 2547; x_wconf 86' lang='lat' dir='ltr'>scies.</span> <span class='ocrx_word' id='word_1_281' title='bbox 608 2510 739 2547; x_wconf 87' lang='lat' dir='ltr'>Filium</span> <span class='ocrx_word' id='word_1_282' title='bbox 759 2525 820 2549; x_wconf 89' lang='lat' dir='ltr'>nos</span> <span class='ocrx_word' id='word_1_283' title='bbox 839 2511 1003 2561; x_wconf 88' lang='lat' dir='ltr'>dicimus,</span> <span class='ocrx_word' id='word_1_284' title='bbox 1018 2523 1050 2550; x_wconf 93' lang='lat' dir='ltr'>et</span> <span class='ocrx_word' id='word_1_285' title='bbox 1071 2515 1167 2564; x_wconf 88' lang='lat' dir='ltr'>quod</span> <span class='ocrx_word' id='word_1_286' title='bbox 1185 2530 1310 2555; x_wconf 76' lang='lat' dir='ltr'>verum</span> 
     </span>
     <span class='ocr_line' id='line_1_39' title="bbox 327 2570 1310 2623; baseline 0.009 -17"><span class='ocrx_word' id='word_1_287' title='bbox 327 2579 376 2606; x_wconf 86' lang='lat' dir='ltr'>est</span> <span class='ocrx_word' id='word_1_288' title='bbox 392 2570 544 2608; x_wconf 87' lang='lat' dir='ltr'>dicimus</span> <span class='ocrx_word' id='word_1_289' title='bbox 560 2586 567 2606; x_wconf 71' lang='grc' dir='ltr'><em>τ</em></span> <span class='ocrx_word' id='word_1_290' title='bbox 582 2571 635 2607; x_wconf 88' lang='lat' dir='ltr'>illi</span> <span class='ocrx_word' id='word_1_291' title='bbox 651 2585 734 2608; x_wconf 72' lang='lat' dir='ltr'>vero</span> <span class='ocrx_word' id='word_1_292' title='bbox 748 2571 870 2610; x_wconf 82' lang='lat' dir='ltr'>dicunt</span> <span class='ocrx_word' id='word_1_293' title='bbox 888 2572 1045 2623; x_wconf 82' lang='lat' dir='ltr'>quidem,</span> <span class='ocrx_word' id='word_1_294' title='bbox 1062 2574 1124 2612; x_wconf 89' lang='lat' dir='ltr'>sed</span> <span class='ocrx_word' id='word_1_295' title='bbox 1143 2589 1212 2613; x_wconf 91' lang='lat' dir='ltr'>non</span> <span class='ocrx_word' id='word_1_296' title='bbox 1230 2591 1310 2615; x_wconf 87' lang='lat' dir='ltr'>con-</span> 
     </span>
     <span class='ocr_line' id='line_1_40' title="bbox 326 2631 1311 2686; baseline 0.008 -18"><span class='ocrx_word' id='word_1_297' title='bbox 326 2631 482 2669; x_wconf 85' lang='lat' dir='ltr'>fitentur.</span> <span class='ocrx_word' id='word_1_298' title='bbox 503 2634 552 2669; x_wconf 78' lang='lat' dir='ltr'>Ut</span> <span class='ocrx_word' id='word_1_299' title='bbox 571 2646 655 2670; x_wconf 74' lang='lat' dir='ltr'>vero</span> <span class='ocrx_word' id='word_1_300' title='bbox 678 2633 807 2671; x_wconf 85' lang='lat' dir='ltr'>clarius</span> <span class='ocrx_word' id='word_1_301' title='bbox 826 2633 964 2684; x_wconf 81' lang='lat' dir='ltr'>loquar,</span> <span class='ocrx_word' id='word_1_302' title='bbox 984 2635 1038 2672; x_wconf 90' lang='lat' dir='ltr'>illi</span> <span class='ocrx_word' id='word_1_303' title='bbox 1058 2636 1232 2686; x_wconf 82' lang='lat' dir='ltr'>quosdam</span> <span class='ocrx_word' id='word_1_304' title='bbox 1248 2638 1311 2676; x_wconf 81' lang='lat' dir='ltr'>ha·</span> 
     </span>
     <span class='ocr_line' id='line_1_41' title="bbox 327 2692 1312 2745; baseline 0.009 -17"><span class='ocrx_word' id='word_1_305' title='bbox 327 2692 420 2741; x_wconf 77' lang='lat' dir='ltr'>bont,</span> <span class='ocrx_word' id='word_1_306' title='bbox 441 2708 459 2730; x_wconf 82' lang='lat' dir='ltr'>a</span> <span class='ocrx_word' id='word_1_307' title='bbox 479 2693 610 2743; x_wconf 82' lang='lat' dir='ltr'>quibus</span> <span class='ocrx_word' id='word_1_308' title='bbox 629 2694 1116 2745; x_wconf 60' lang='lat' dir='ltr'>appellantur,haeresiarchae</span> <span class='ocrx_word' id='word_1_309' title='bbox 1135 2707 1226 2736; x_wconf 87' lang='lat' dir='ltr'>certe</span> <span class='ocrx_word' id='word_1_310' title='bbox 1242 2713 1312 2737; x_wconf 90' lang='lat' dir='ltr'>no-</span> 
     </span>
     <span class='ocr_line' id='line_1_42' title="bbox 328 2754 1310 2804; baseline 0.008 -15"><span class='ocrx_word' id='word_1_311' title='bbox 328 2767 405 2790; x_wconf 83' lang='lat' dir='ltr'>men</span> <span class='ocrx_word' id='word_1_312' title='bbox 420 2769 428 2789; x_wconf 75' lang='lat' dir='ltr'><em>z</em></span> <span class='ocrx_word' id='word_1_313' title='bbox 443 2754 492 2791; x_wconf 90' lang='lat' dir='ltr'>sic</span> <span class='ocrx_word' id='word_1_314' title='bbox 508 2754 655 2804; x_wconf 76' lang='lat' dir='ltr'>singulae</span> <span class='ocrx_word' id='word_1_315' title='bbox 677 2755 842 2804; x_wconf 69' lang='lat' dir='ltr'>haereses,</span> <span class='ocrx_word' id='word_1_316' title='bbox 859 2756 961 2794; x_wconf 82' lang='lat' dir='ltr'>nobis</span> <span class='ocrx_word' id='word_1_317' title='bbox 978 2757 1035 2794; x_wconf 70' lang='lat' dir='ltr'>vir</span> <span class='ocrx_word' id='word_1_318' title='bbox 1049 2758 1169 2796; x_wconf 86' lang='lat' dir='ltr'>nullus</span> <span class='ocrx_word' id='word_1_319' title='bbox 1184 2773 1310 2797; x_wconf 88' lang='lat' dir='ltr'>nomen</span> 
     </span>
     <span class='ocr_line' id='line_1_43' title="bbox 326 2813 1311 2868; baseline 0.009 -19"><span class='ocrx_word' id='word_1_320' title='bbox 326 2813 467 2862; x_wconf 85' lang='lat' dir='ltr'>indidit,</span> <span class='ocrx_word' id='word_1_321' title='bbox 483 2814 544 2851; x_wconf 87' lang='lat' dir='ltr'>sed</span> <span class='ocrx_word' id='word_1_322' title='bbox 555 2814 628 2866; x_wconf 80' lang='lat' dir='ltr'>ipsa</span> <span class='ocrx_word' id='word_1_323' title='bbox 642 2814 886 2854; x_wconf 55' lang='lat' dir='ltr'>fidesVerum</span> <span class='ocrx_word' id='word_1_324' title='bbox 902 2816 969 2854; x_wconf 90' lang='lat' dir='ltr'>hoc</span> <span class='ocrx_word' id='word_1_325' title='bbox 982 2827 1174 2868; x_wconf 78' lang='lat' dir='ltr'>praetextus</span> <span class='ocrx_word' id='word_1_326' title='bbox 1191 2820 1311 2858; x_wconf 82' lang='lat' dir='ltr'>obten-</span> 
     </span>
     <span class='ocr_line' id='line_1_44' title="bbox 325 2876 1310 2928; baseline 0.009 -18"><span class='ocrx_word' id='word_1_327' title='bbox 325 2883 450 2924; x_wconf 83' lang='lat' dir='ltr'>tusque</span> <span class='ocrx_word' id='word_1_328' title='bbox 466 2884 527 2913; x_wconf 88' lang='lat' dir='ltr'>est.</span> <span class='ocrx_word' id='word_1_329' title='bbox 541 2877 614 2913; x_wconf 84' lang='lat' dir='ltr'>Cur</span> <span class='ocrx_word' id='word_1_330' title='bbox 629 2876 735 2924; x_wconf 85' lang='lat' dir='ltr'>enim,</span> <span class='ocrx_word' id='word_1_331' title='bbox 749 2891 878 2926; x_wconf 84' lang='lat' dir='ltr'>quaeso,</span> <span class='ocrx_word' id='word_1_332' title='bbox 891 2877 1031 2928; x_wconf 81' lang='lat' dir='ltr'>quando</span> <span class='ocrx_word' id='word_1_333' title='bbox 1047 2889 1181 2917; x_wconf 69' lang='lat' dir='ltr'>vestem</span> <span class='ocrx_word' id='word_1_334' title='bbox 1196 2890 1310 2919; x_wconf 88' lang='lat' dir='ltr'>emtu-</span> 
     </span>
     <span class='ocr_line' id='line_1_45' title="bbox 324 2937 1309 2991; baseline 0.008 -19"><span class='ocrx_word' id='word_1_335' title='bbox 324 2950 383 2973; x_wconf 89' lang='lat' dir='ltr'>rus</span> <span class='ocrx_word' id='word_1_336' title='bbox 398 2950 447 2980; x_wconf 87' lang='lat' dir='ltr'>es,</span> <span class='ocrx_word' id='word_1_337' title='bbox 470 2937 634 2986; x_wconf 72' lang='lat' dir='ltr'>quamvis</span> <span class='ocrx_word' id='word_1_338' title='bbox 646 2937 682 2974; x_wconf 91' lang='lat' dir='ltr'>in</span> <span class='ocrx_word' id='word_1_339' title='bbox 698 2946 773 2974; x_wconf 84' lang='lat' dir='ltr'>arte</span> <span class='ocrx_word' id='word_1_340' title='bbox 787 2938 937 2975; x_wconf 79' lang='lat' dir='ltr'>textoria</span> <span class='ocrx_word' id='word_1_341' title='bbox 953 2939 1151 2991; x_wconf 86' lang='lat' dir='ltr'>imperitus,</span> <span class='ocrx_word' id='word_1_342' title='bbox 1163 2955 1232 2979; x_wconf 91' lang='lat' dir='ltr'>non</span> <span class='ocrx_word' id='word_1_343' title='bbox 1247 2943 1309 2980; x_wconf 86' lang='lat' dir='ltr'>illa</span> 
     </span>
     <span class='ocr_line' id='line_1_46' title="bbox 325 2996 1357 3051; baseline 0.012 -21"><span class='ocrx_word' id='word_1_344' title='bbox 325 2996 457 3046; x_wconf 80' lang='lat' dir='ltr'>profers</span> <span class='ocrx_word' id='word_1_345' title='bbox 466 2996 571 3034; x_wconf 73' lang='lat' dir='ltr'>verba</span> <span class='ocrx_word' id='word_1_346' title='bbox 584 3012 592 3032; x_wconf 71' lang='grc' dir='ltr'><strong><em>τ</em></strong></span> <span class='ocrx_word' id='word_1_347' title='bbox 605 2997 733 3034; x_wconf 88' lang='lat' dir='ltr'>Emere</span> <span class='ocrx_word' id='word_1_348' title='bbox 746 2998 875 3046; x_wconf 87' lang='lat' dir='ltr'>nescio,</span> <span class='ocrx_word' id='word_1_349' title='bbox 889 3013 944 3035; x_wconf 92' lang='lat' dir='ltr'>me</span> <span class='ocrx_word' id='word_1_350' title='bbox 959 2998 1162 3051; x_wconf 88' lang='lat' dir='ltr'>decipiunt;</span> <span class='ocrx_word' id='word_1_351' title='bbox 1181 3002 1241 3040; x_wconf 92' lang='lat' dir='ltr'>sed</span> <span class='ocrx_word' id='word_1_352' title='bbox 1257 3003 1311 3040; x_wconf 89' lang='lat' dir='ltr'>ni·</span> <span class='ocrx_word' id='word_1_353' title='bbox 1331 3014 1357 3043; x_wconf 92' lang='lat' dir='ltr'>D</span> 
     </span>
     <span class='ocr_line' id='line_1_47' title="bbox 325 3056 1310 3109; baseline 0.008 -17"><span class='ocrx_word' id='word_1_354' title='bbox 325 3056 376 3092; x_wconf 84' lang='lat' dir='ltr'>hil</span> <span class='ocrx_word' id='word_1_355' title='bbox 389 3071 455 3094; x_wconf 91' lang='lat' dir='ltr'>non</span> <span class='ocrx_word' id='word_1_356' title='bbox 468 3057 543 3107; x_wconf 84' lang='lat' dir='ltr'>agis</span> <span class='ocrx_word' id='word_1_357' title='bbox 560 3066 598 3094; x_wconf 91' lang='lat' dir='ltr'>ut</span> <span class='ocrx_word' id='word_1_358' title='bbox 613 3057 753 3095; x_wconf 72' lang='lat' dir='ltr'>diseas?</span> <span class='ocrx_word' id='word_1_359' title='bbox 770 3058 887 3096; x_wconf 87' lang='lat' dir='ltr'>Etiam</span> <span class='ocrx_word' id='word_1_360' title='bbox 899 3059 927 3096; x_wconf 88' lang='lat' dir='ltr'>si</span> <span class='ocrx_word' id='word_1_361' title='bbox 938 3059 1081 3109; x_wconf 87' lang='lat' dir='ltr'>quidvis</span> <span class='ocrx_word' id='word_1_362' title='bbox 1092 3061 1189 3099; x_wconf 82' lang='lat' dir='ltr'>aliud</span> <span class='ocrx_word' id='word_1_363' title='bbox 1197 3077 1310 3101; x_wconf 89' lang='lat' dir='ltr'>emere</span> 
     </span>
    </p>

    <p class='ocr_par' dir='ltr' id='par_1_3' title="bbox 325 3116 1309 3171">
     <span class='ocr_line' id='line_1_48' title="bbox 325 3116 1309 3171; baseline 0.009 -19"><span class='ocrx_word' id='word_1_364' title='bbox 325 3116 462 3167; x_wconf 80' lang='lat' dir='ltr'>cupias,</span> <span class='ocrx_word' id='word_1_365' title='bbox 491 3118 608 3155; x_wconf 84' lang='lat' dir='ltr'>omnia</span> <span class='ocrx_word' id='word_1_366' title='bbox 635 3119 771 3156; x_wconf 89' lang='lat' dir='ltr'>curiose</span> <span class='ocrx_word' id='word_1_367' title='bbox 788 3119 979 3171; x_wconf 79' lang='lat' dir='ltr'>perquiris3</span> <span class='ocrx_word' id='word_1_368' title='bbox 996 3120 1056 3158; x_wconf 92' lang='lat' dir='ltr'>hic</span> <span class='ocrx_word' id='word_1_369' title='bbox 1073 3135 1155 3159; x_wconf 76' lang='lat' dir='ltr'>vero</span> <span class='ocrx_word' id='word_1_370' title='bbox 1186 3122 1235 3160; x_wconf 83' lang='lat' dir='ltr'>ita</span> <span class='ocrx_word' id='word_1_371' title='bbox 1256 3124 1309 3161; x_wconf 93' lang='lat' dir='ltr'>lo-</span> 
     </span>
    </p>

    <p class='ocr_par' dir='ltr' id='par_1_4' title="bbox 325 3177 1303 3235">
     <span class='ocr_line' id='line_1_49' title="bbox 325 3177 1303 3235; baseline 0.01 -24"><span class='ocrx_word' id='word_1_372' title='bbox 325 3177 452 3225; x_wconf 78' lang='lat' dir='ltr'>queris.</span> <span class='ocrx_word' id='word_1_373' title='bbox 474 3178 596 3227; x_wconf 78' lang='lat' dir='ltr'>Itaque</span> <span class='ocrx_word' id='word_1_374' title='bbox 614 3178 664 3215; x_wconf 88' lang='lat' dir='ltr'>sic</span> <span class='ocrx_word' id='word_1_375' title='bbox 680 3178 836 3229; x_wconf 88' lang='lat' dir='ltr'>loquens,</span> <span class='ocrx_word' id='word_1_376' title='bbox 857 3179 947 3216; x_wconf 92' lang='lat' dir='ltr'>nihil</span> <span class='ocrx_word' id='word_1_377' title='bbox 962 3180 1106 3218; x_wconf 91' lang='lat' dir='ltr'>omnino</span> <span class='ocrx_word' id='word_1_378' title='bbox 1125 3183 1303 3235; x_wconf 85' lang='lat' dir='ltr'>suscipies.</span> 
     </span>
    </p>

    <p class='ocr_par' dir='ltr' id='par_1_5' title="bbox 327 3237 1305 3294">
     <span class='ocr_line' id='line_1_50' title="bbox 327 3237 1305 3294; baseline 0.01 -23"><span class='ocrx_word' id='word_1_379' title='bbox 327 3237 379 3273; x_wconf 72' lang='lat' dir='ltr'>Sit</span> <span class='ocrx_word' id='word_1_380' title='bbox 401 3237 493 3274; x_wconf 85' lang='lat' dir='ltr'>enim</span> <span class='ocrx_word' id='word_1_381' title='bbox 522 3238 651 3287; x_wconf 82' lang='lat' dir='ltr'>aliquis</span> <span class='ocrx_word' id='word_1_382' title='bbox 673 3239 813 3277; x_wconf 90' lang='lat' dir='ltr'>nullum</span> <span class='ocrx_word' id='word_1_383' title='bbox 841 3239 984 3278; x_wconf 87' lang='lat' dir='ltr'>omnino</span> <span class='ocrx_word' id='word_1_384' title='bbox 1005 3240 1133 3293; x_wconf 78' lang='lat' dir='ltr'>dogma</span> <span class='ocrx_word' id='word_1_385' title='bbox 1152 3241 1305 3294; x_wconf 77' lang='lat' dir='ltr'>habens;</span> 
     </span>
    </p>
   </div>
   <div class='ocr_carea' id='block_1_3' title="bbox 755 246 1294 278">
    <p class='ocr_par' dir='ltr' id='par_1_6' title="bbox 755 246 1294 278">
     <span class='ocr_line' id='line_1_51' title="bbox 755 246 1294 278; baseline -0.006 0"><span class='ocrx_word' id='word_1_386' title='bbox 755 249 792 278; x_wconf 84' lang='lat' dir='ltr'>S.</span> <span class='ocrx_word' id='word_1_387' title='bbox 831 248 1016 278; x_wconf 68' lang='lat' dir='ltr'>JOANMS</span> <span class='ocrx_word' id='word_1_388' title='bbox 1052 246 1294 275; x_wconf 75' lang='lat' dir='ltr'>CHRYSOST.</span> 
     </span>
    </p>
   </div>
   <div class='ocr_carea' id='block_1_4' title="bbox 1337 1007 1362 1034">
    <p class='ocr_par' dir='ltr' id='par_1_7' title="bbox 1337 1007 1362 1034">
     <span class='ocr_line' id='line_1_52' title="bbox 1337 1007 1362 1034; baseline 0 0"><span class='ocrx_word' id='word_1_389' title='bbox 1337 1007 1362 1034; x_wconf 83' lang='grc' dir='ltr'>Α</span> 
     </span>
    </p>
   </div>
   <div class='ocr_carea' id='block_1_5' title="bbox 370 3372 988 3420">
    <p class='ocr_par' dir='ltr' id='par_1_8' title="bbox 370 3372 988 3420">
     <span class='ocr_line' id='line_1_53' title="bbox 370 3372 988 3420; baseline 0.016 -18"><span class='ocrx_word' id='word_1_390' title='bbox 370 3372 385 3396; x_wconf 76' lang='lat' dir='ltr'>b</span> <span class='ocrx_word' id='word_1_391' title='bbox 411 3372 471 3404; x_wconf 76' lang='lat' dir='ltr'>Alit</span> <span class='ocrx_word' id='word_1_392' title='bbox 488 3378 716 3417; x_wconf 37' lang='lat' dir='ltr'>{wibba-2221.</span> <span class='ocrx_word' id='word_1_393' title='bbox 740 3384 765 3411; x_wconf 64' lang='grc' dir='ltr'>τί</span> <span class='ocrx_word' id='word_1_394' title='bbox 788 3379 850 3411; x_wconf 54' lang='grc' dir='ltr'>οὖνὲ</span> <span class='ocrx_word' id='word_1_395' title='bbox 871 3385 988 3420; x_wconf 52' lang='grc' dir='ltr'>παὶ-νηί.</span> 
     </span>
    </p>
   </div>
   <div class='ocr_carea' id='block_1_6' title="bbox 1326 968 1372 993">
    <p class='ocr_par' dir='ltr' id='par_1_9' title="bbox 1326 968 1372 993">
     <span class='ocr_line' id='line_1_54' title="bbox 1326 968 1372 993; baseline 0.043 -2"><span class='ocrx_word' id='word_1_396' title='bbox 1326 968 1372 993; x_wconf 84' lang='grc'>259</span> 
     </span>
    </p>
   </div>
   <div class='ocr_carea' id='block_1_7' title="bbox 1335 246 1934 281">
    <p class='ocr_par' dir='ltr' id='par_1_10' title="bbox 1335 246 1934 281">
     <span class='ocr_line' id='line_1_55' title="bbox 1335 246 1934 281; baseline 0.008 -5"><span class='ocrx_word' id='word_1_397' title='bbox 1335 246 1542 278; x_wconf 80' lang='lat' dir='ltr'>ARC111EP.</span> <span class='ocrx_word' id='word_1_398' title='bbox 1572 249 1934 281; x_wconf 71' lang='lat' dir='ltr'>CONSTANTINOP-</span> 
     </span>
    </p>
   </div>
   <div class='ocr_carea' id='block_1_8' title="bbox 1381 327 2409 1354">
    <p class='ocr_par' dir='ltr' id='par_1_11' title="bbox 1381 327 2409 1354">
     <span class='ocr_line' id='line_1_56' title="bbox 1385 327 2403 386; baseline 0.008 -22"><span class='ocrx_word' id='word_1_399' title='bbox 1385 327 1483 378; x_wconf 81' lang='grc' dir='ltr'>μοίχη</span> <span class='ocrx_word' id='word_1_400' title='bbox 1503 330 1587 380; x_wconf 83' lang='grc' dir='ltr'>παρ’</span> <span class='ocrx_word' id='word_1_401' title='bbox 1609 330 1690 378; x_wconf 78' lang='grc' dir='ltr'>ὑμῖν</span> <span class='ocrx_word' id='word_1_402' title='bbox 1719 330 1832 376; x_wconf 84' lang='grc' dir='ltr'>πολλὴ</span> <span class='ocrx_word' id='word_1_403' title='bbox 1861 330 1922 368; x_wconf 77' lang='grc' dir='ltr'>καὶ</span> <span class='ocrx_word' id='word_1_404' title='bbox 1950 331 2070 375; x_wconf 85' lang='grc' dir='ltr'>στάσις</span> <span class='ocrx_word' id='word_1_405' title='bbox 2085 363 2095 379; x_wconf 88' lang='grc'>,</span> <span class='ocrx_word' id='word_1_406' title='bbox 2115 333 2221 378; x_wconf 77' lang='grc' dir='ltr'>πολὺς</span> <span class='ocrx_word' id='word_1_407' title='bbox 2241 333 2403 386; x_wconf 62' lang='grc' dir='ltr'>θόρυέος·</span> 
     </span>
     <span class='ocr_line' id='line_1_57' title="bbox 1382 387 2406 444; baseline 0.008 -21"><span class='ocrx_word' id='word_1_408' title='bbox 1382 392 1480 424; x_wconf 84' lang='grc' dir='ltr'>ποῖον</span> <span class='ocrx_word' id='word_1_409' title='bbox 1499 387 1635 438; x_wconf 77' lang='grc' dir='ltr'>ἕλωμαι</span> <span class='ocrx_word' id='word_1_410' title='bbox 1656 389 1788 439; x_wconf 69' lang='grc' dir='ltr'>δόγμα,</span> <span class='ocrx_word' id='word_1_411' title='bbox 1808 390 1842 427; x_wconf 90' lang='grc' dir='ltr'>τί</span> <span class='ocrx_word' id='word_1_412' title='bbox 1864 391 2076 442; x_wconf 78' lang='grc' dir='ltr'>αἱρήσομαι;</span> <span class='ocrx_word' id='word_1_413' title='bbox 2098 393 2274 437; x_wconf 76' lang='grc' dir='ltr'>Ἕκαστος</span> <span class='ocrx_word' id='word_1_414' title='bbox 2291 393 2406 444; x_wconf 79' lang='grc' dir='ltr'>λέγει,</span> 
     </span>
     <span class='ocr_line' id='line_1_58' title="bbox 1382 446 2406 502; baseline 0.007 -18"><span class='ocrx_word' id='word_1_415' title='bbox 1382 446 1435 485; x_wconf 86' lang='grc' dir='ltr'>ὅτι</span> <span class='ocrx_word' id='word_1_416' title='bbox 1455 448 1523 499; x_wconf 78' lang='grc' dir='ltr'>ἐγὼ</span> <span class='ocrx_word' id='word_1_417' title='bbox 1546 449 1716 494; x_wconf 78' lang='grc' dir='ltr'>ἀληθεύω.</span> <span class='ocrx_word' id='word_1_418' title='bbox 1736 449 1817 487; x_wconf 88' lang='grc' dir='ltr'>Τίνι</span> <span class='ocrx_word' id='word_1_419' title='bbox 1841 455 1972 489; x_wconf 82' lang='grc' dir='ltr'>πεισθῶ</span> <span class='ocrx_word' id='word_1_420' title='bbox 1988 483 1998 499; x_wconf 84' lang='grc'>,</span> <span class='ocrx_word' id='word_1_421' title='bbox 2019 453 2126 502; x_wconf 72' lang='grc' dir='ltr'>μηδὲν</span> <span class='ocrx_word' id='word_1_422' title='bbox 2145 454 2233 497; x_wconf 89' lang='grc' dir='ltr'>ὅλως</span> <span class='ocrx_word' id='word_1_423' title='bbox 2254 454 2351 497; x_wconf 70' lang='grc' dir='ltr'>εἰδὼς</span> <span class='ocrx_word' id='word_1_424' title='bbox 2371 456 2406 491; x_wconf 83' lang='grc' dir='ltr'>ἐν</span> 
     </span>
     <span class='ocr_line' id='line_1_59' title="bbox 1381 510 2406 564; baseline 0.008 -19"><span class='ocrx_word' id='word_1_425' title='bbox 1381 513 1457 552; x_wconf 83' lang='grc' dir='ltr'>ταῖς</span> <span class='ocrx_word' id='word_1_426' title='bbox 1473 510 1626 562; x_wconf 74' lang='grc' dir='ltr'>Γραφαῖς</span> <span class='ocrx_word' id='word_1_427' title='bbox 1641 526 1650 556; x_wconf 89' lang='lat'>;</span> <span class='ocrx_word' id='word_1_428' title='bbox 1663 512 1828 547; x_wconf 76' lang='grc' dir='ltr'>Κάκεῖνοι</span> <span class='ocrx_word' id='word_1_429' title='bbox 1840 511 1879 548; x_wconf 74' lang='grc' dir='ltr'>τὸ</span> <span class='ocrx_word' id='word_1_430' title='bbox 1896 512 1979 549; x_wconf 74' lang='grc' dir='ltr'>αὐτὸ</span> <span class='ocrx_word' id='word_1_431' title='bbox 1992 511 2008 531; x_wconf 71' lang='lat'>¹³</span> <span class='ocrx_word' id='word_1_432' title='bbox 2020 514 2288 564; x_wconf 68' lang='grc' dir='ltr'>προὸάλλονται.</span> <span class='ocrx_word' id='word_1_433' title='bbox 2307 515 2406 552; x_wconf 80' lang='grc' dir='ltr'>Ποίνυ</span> 
     </span>
     <span class='ocr_line' id='line_1_60' title="bbox 1381 569 2407 625; baseline 0.006 -20"><span class='ocrx_word' id='word_1_434' title='bbox 1381 583 1421 619; x_wconf 87' lang='grc' dir='ltr'>γε</span> <span class='ocrx_word' id='word_1_435' title='bbox 1442 573 1542 607; x_wconf 74' lang='grc' dir='ltr'>τοῦτο</span> <span class='ocrx_word' id='word_1_436' title='bbox 1561 569 1650 622; x_wconf 77' lang='grc' dir='ltr'>ὑπὲρ</span> <span class='ocrx_word' id='word_1_437' title='bbox 1674 572 1787 621; x_wconf 83' lang='grc' dir='ltr'>ἡμῶν.</span> <span class='ocrx_word' id='word_1_438' title='bbox 1804 571 1850 608; x_wconf 85' lang='grc' dir='ltr'>Εἰ</span> <span class='ocrx_word' id='word_1_439' title='bbox 1879 571 1939 620; x_wconf 78' lang='grc' dir='ltr'>μὲν</span> <span class='ocrx_word' id='word_1_440' title='bbox 1959 571 2026 623; x_wconf 82' lang='grc' dir='ltr'>γὰρ</span> <span class='ocrx_word' id='word_1_441' title='bbox 2045 574 2224 624; x_wconf 76' lang='grc' dir='ltr'>λογισμοῖς</span> <span class='ocrx_word' id='word_1_442' title='bbox 2241 574 2407 625; x_wconf 79' lang='grc' dir='ltr'>ἐλέγομεν</span> 
     </span>
     <span class='ocr_line' id='line_1_61' title="bbox 1381 629 2408 685; baseline 0.004 -18"><span class='ocrx_word' id='word_1_443' title='bbox 1381 629 1573 678; x_wconf 77' lang='grc' dir='ltr'>πείθεσθαι,</span> <span class='ocrx_word' id='word_1_444' title='bbox 1592 630 1731 673; x_wconf 80' lang='grc' dir='ltr'>εἰκότως</span> <span class='ocrx_word' id='word_1_445' title='bbox 1751 630 1928 682; x_wconf 65' lang='grc' dir='ltr'>ἐθορύὸου·</span> <span class='ocrx_word' id='word_1_446' title='bbox 1945 633 1975 669; x_wconf 84' lang='grc' dir='ltr'>εἰ</span> <span class='ocrx_word' id='word_1_447' title='bbox 1995 631 2030 668; x_wconf 78' lang='grc' dir='ltr'>δὲ</span> <span class='ocrx_word' id='word_1_448' title='bbox 2049 639 2125 676; x_wconf 88' lang='grc' dir='ltr'>ταῖς</span> <span class='ocrx_word' id='word_1_449' title='bbox 2142 635 2296 685; x_wconf 69' lang='grc' dir='ltr'>Γραφαῖς</span> <span class='ocrx_word' id='word_1_450' title='bbox 2311 635 2408 685; x_wconf 79' lang='grc' dir='ltr'>λέγο-</span> 
     </span>
     <span class='ocr_line' id='line_1_62' title="bbox 1384 686 2408 739; baseline 0.005 -11"><span class='ocrx_word' id='word_1_451' title='bbox 1384 706 1445 739; x_wconf 90' lang='grc' dir='ltr'>μεν</span> <span class='ocrx_word' id='word_1_452' title='bbox 1460 690 1646 739; x_wconf 77' lang='grc' dir='ltr'>πιστεύειν,</span> <span class='ocrx_word' id='word_1_453' title='bbox 1659 686 1761 729; x_wconf 68' lang='grc' dir='ltr'>αῧται</span> <span class='ocrx_word' id='word_1_454' title='bbox 1776 690 1810 728; x_wconf 81' lang='grc' dir='ltr'>δὲ</span> <span class='ocrx_word' id='word_1_455' title='bbox 1827 692 1936 729; x_wconf 85' lang='grc' dir='ltr'>ἁπλαῖ</span> <span class='ocrx_word' id='word_1_456' title='bbox 1951 691 2009 729; x_wconf 70' lang='grc' dir='ltr'>καὶ</span> <span class='ocrx_word' id='word_1_457' title='bbox 2023 693 2178 739; x_wconf 75' lang='grc' dir='ltr'>ἀληθεῖς,</span> <span class='ocrx_word' id='word_1_458' title='bbox 2195 694 2332 732; x_wconf 83' lang='grc' dir='ltr'>εὔκολόν</span> <span class='ocrx_word' id='word_1_459' title='bbox 2354 711 2408 733; x_wconf 87' lang='grc' dir='ltr'>σοι</span> 
     </span>
     <span class='ocr_line' id='line_1_63' title="bbox 1381 748 2408 805; baseline 0.001 -15"><span class='ocrx_word' id='word_1_460' title='bbox 1381 751 1420 790; x_wconf 78' lang='grc' dir='ltr'>τὸ</span> <span class='ocrx_word' id='word_1_461' title='bbox 1438 751 1650 803; x_wconf 80' lang='grc' dir='ltr'>κρινόμενον.</span> <span class='ocrx_word' id='word_1_462' title='bbox 1672 752 1720 790; x_wconf 81' lang='grc' dir='ltr'>Εἴ</span> <span class='ocrx_word' id='word_1_463' title='bbox 1736 768 1787 794; x_wconf 86' lang='grc' dir='ltr'>τις</span> <span class='ocrx_word' id='word_1_464' title='bbox 1815 752 1963 795; x_wconf 78' lang='grc' dir='ltr'>ἐκείναις</span> <span class='ocrx_word' id='word_1_465' title='bbox 1991 760 2190 805; x_wconf 70' lang='grc' dir='ltr'>συμφωνεῖ,</span> <span class='ocrx_word' id='word_1_466' title='bbox 2208 748 2305 796; x_wconf 59' lang='grc' dir='ltr'>οὗτος</span> <span class='ocrx_word' id='word_1_467' title='bbox 2320 755 2408 805; x_wconf 81' lang='grc' dir='ltr'>Χρι-</span> 
     </span>
     <span class='ocr_line' id='line_1_64' title="bbox 1383 808 2409 866; baseline 0.001 -14"><span class='ocrx_word' id='word_1_468' title='bbox 1383 813 1539 857; x_wconf 86' lang='grc' dir='ltr'>στιανός·</span> <span class='ocrx_word' id='word_1_469' title='bbox 1563 814 1596 851; x_wconf 87' lang='grc' dir='ltr'>εἴ</span> <span class='ocrx_word' id='word_1_470' title='bbox 1618 830 1670 855; x_wconf 84' lang='grc' dir='ltr'>τις</span> <span class='ocrx_word' id='word_1_471' title='bbox 1699 813 1873 865; x_wconf 66' lang='grc' dir='ltr'>μάχεται,</span> <span class='ocrx_word' id='word_1_472' title='bbox 1893 808 1991 856; x_wconf 57' lang='grc' dir='ltr'>οὗτος</span> <span class='ocrx_word' id='word_1_473' title='bbox 2022 814 2142 866; x_wconf 71' lang='grc' dir='ltr'>πόρῥω</span> <span class='ocrx_word' id='word_1_474' title='bbox 2179 819 2238 852; x_wconf 78' lang='grc' dir='ltr'>τοῦ</span> <span class='ocrx_word' id='word_1_475' title='bbox 2266 815 2409 858; x_wconf 83' lang='grc' dir='ltr'>κανόνος</span> 
     </span>
     <span class='ocr_line' id='line_1_65' title="bbox 1382 868 2408 927; baseline 0.002 -16"><span class='ocrx_word' id='word_1_476' title='bbox 1382 874 1514 912; x_wconf 82' lang='grc' dir='ltr'>τούτου.</span> <span class='ocrx_word' id='word_1_477' title='bbox 1530 874 1577 912; x_wconf 89' lang='grc' dir='ltr'>Τί</span> <span class='ocrx_word' id='word_1_478' title='bbox 1594 868 1696 921; x_wconf 58' lang='grc' dir='ltr'>οὖν,</span> <span class='ocrx_word' id='word_1_479' title='bbox 1680 891 1719 912; x_wconf 90' lang='grc' dir='ltr'>αν</span> <span class='ocrx_word' id='word_1_480' title='bbox 1735 890 1792 912; x_wconf 89' lang='lat'><strong>37.3</strong></span> <span class='ocrx_word' id='word_1_481' title='bbox 1793 880 1862 917; x_wconf 86' lang='grc' dir='ltr'>ῖνος</span> <span class='ocrx_word' id='word_1_482' title='bbox 1875 874 1983 922; x_wconf 59' lang='lat' dir='ltr'>{Aeon</span> <span class='ocrx_word' id='word_1_483' title='bbox 1999 874 2078 926; x_wconf 81' lang='grc' dir='ltr'>εἴπῃ</span> <span class='ocrx_word' id='word_1_484' title='bbox 2093 905 2102 923; x_wconf 84' lang='grc'>,</span> <span class='ocrx_word' id='word_1_485' title='bbox 2117 890 2217 913; x_wconf 89' lang='grc' dir='ltr'>τουτο</span> <span class='ocrx_word' id='word_1_486' title='bbox 2230 876 2322 927; x_wconf 80' lang='grc' dir='ltr'>ἔχειν</span> <span class='ocrx_word' id='word_1_487' title='bbox 2343 892 2408 922; x_wconf 89' lang='grc' dir='ltr'>την</span> 
     </span>
     <span class='ocr_line' id='line_1_66' title="bbox 1384 934 2408 989; baseline 0.001 -16"><span class='ocrx_word' id='word_1_488' title='bbox 1384 934 1526 987; x_wconf 63' lang='grc' dir='ltr'>Γραῦὴν</span> <span class='ocrx_word' id='word_1_489' title='bbox 1510 952 1540 982; x_wconf 88' lang='grc' dir='ltr'>ν,</span> <span class='ocrx_word' id='word_1_490' title='bbox 1556 952 1596 973; x_wconf 90' lang='grc' dir='ltr'>συ</span> <span class='ocrx_word' id='word_1_491' title='bbox 1612 935 1681 973; x_wconf 65' lang='grc' dir='ltr'>δὲὲ</span> <span class='ocrx_word' id='word_1_492' title='bbox 1668 951 1704 972; x_wconf 86' lang='grc'>..-</span> <span class='ocrx_word' id='word_1_493' title='bbox 1693 950 1781 988; x_wconf 75' lang='grc' dir='ltr'>ερον</span> <span class='ocrx_word' id='word_1_494' title='bbox 1801 934 1928 987; x_wconf 79' lang='grc' dir='ltr'>λεγῃς,</span> <span class='ocrx_word' id='word_1_495' title='bbox 1947 951 2006 972; x_wconf 90' lang='grc' dir='ltr'>και</span> <span class='ocrx_word' id='word_1_496' title='bbox 2026 936 2139 978; x_wconf 80' lang='grc' dir='ltr'>ἄλλως</span> <span class='ocrx_word' id='word_1_497' title='bbox 2164 935 2408 989; x_wconf 81' lang='grc' dir='ltr'>παρεξηγησθε</span> 
     </span>
     <span class='ocr_line' id='line_1_67' title="bbox 1382 995 2408 1048; baseline 0 -15"><span class='ocrx_word' id='word_1_498' title='bbox 1382 995 1444 1039; x_wconf 75' lang='grc' dir='ltr'>τὰς</span> <span class='ocrx_word' id='word_1_499' title='bbox 1471 996 1624 1048; x_wconf 67' lang='grc' dir='ltr'>Γραῡὰς,</span> <span class='ocrx_word' id='word_1_500' title='bbox 1651 995 1713 1040; x_wconf 75' lang='grc' dir='ltr'>τὰς</span> <span class='ocrx_word' id='word_1_501' title='bbox 1743 995 1894 1039; x_wconf 80' lang='grc' dir='ltr'>διανοίας</span> <span class='ocrx_word' id='word_1_502' title='bbox 1925 998 1988 1034; x_wconf 75' lang='grc' dir='ltr'>αὐτ</span> <span class='ocrx_word' id='word_1_503' title='bbox 1990 998 2037 1033; x_wconf 84' lang='grc' dir='ltr'>ῶν</span> <span class='ocrx_word' id='word_1_504' title='bbox 2056 995 2231 1045; x_wconf 72' lang='grc' dir='ltr'>ἕλκοντες,</span> <span class='ocrx_word' id='word_1_505' title='bbox 2256 998 2306 1034; x_wconf 86' lang='grc' dir='ltr'>Σὺ</span> <span class='ocrx_word' id='word_1_506' title='bbox 2337 1001 2408 1045; x_wconf 73' lang='grc' dir='ltr'>οὖν,</span> 
     </span>
     <span class='ocr_line' id='line_1_68' title="bbox 1383 1056 2409 1108; baseline 0 -13"><span class='ocrx_word' id='word_1_507' title='bbox 1383 1056 1458 1095; x_wconf 82' lang='grc' dir='ltr'>εἶπέ</span> <span class='ocrx_word' id='word_1_508' title='bbox 1481 1071 1560 1106; x_wconf 85' lang='grc' dir='ltr'>μοι,</span> <span class='ocrx_word' id='word_1_509' title='bbox 1585 1060 1662 1094; x_wconf 74' lang='grc' dir='ltr'>νοῦν</span> <span class='ocrx_word' id='word_1_510' title='bbox 1683 1059 1744 1094; x_wconf 78' lang='grc' dir='ltr'>οὐκ</span> <span class='ocrx_word' id='word_1_511' title='bbox 1764 1057 1824 1108; x_wconf 77' lang='grc' dir='ltr'>ἔχε</span> <span class='ocrx_word' id='word_1_512' title='bbox 1809 1073 1855 1100; x_wconf 54' lang='grc' dir='ltr'>,ις</span> <span class='ocrx_word' id='word_1_513' title='bbox 1871 1056 1947 1094; x_wconf 73' lang='grc' dir='ltr'>οὖοὲ</span> <span class='ocrx_word' id='word_1_514' title='bbox 1966 1056 2095 1108; x_wconf 74' lang='grc' dir='ltr'>κρίσιν,</span> <span class='ocrx_word' id='word_1_515' title='bbox 2113 1057 2183 1095; x_wconf 68' lang='lat' dir='ltr'>Koa</span> <span class='ocrx_word' id='word_1_516' title='bbox 2202 1073 2277 1100; x_wconf 91' lang='grc' dir='ltr'>πως</span> <span class='ocrx_word' id='word_1_517' title='bbox 2291 1057 2330 1095; x_wconf 83' lang='grc' dir='ltr'>ἂν</span> <span class='ocrx_word' id='word_1_518' title='bbox 2351 1059 2409 1095; x_wconf 80' lang='grc' dir='ltr'>δυ-</span> 
     </span>
     <span class='ocr_line' id='line_1_69' title="bbox 1383 1116 2409 1170; baseline 0.002 -16"><span class='ocrx_word' id='word_1_519' title='bbox 1383 1117 1524 1167; x_wconf 86' lang='grc' dir='ltr'>ναίμην,</span> <span class='ocrx_word' id='word_1_520' title='bbox 1544 1118 1628 1169; x_wconf 67' lang='grc' dir='ltr'>φησὶ</span> <span class='ocrx_word' id='word_1_521' title='bbox 1641 1148 1650 1164; x_wconf 88' lang='grc'>,</span> <span class='ocrx_word' id='word_1_522' title='bbox 1673 1116 1760 1168; x_wconf 71' lang='grc' dir='ltr'>μηδὲ</span> <span class='ocrx_word' id='word_1_523' title='bbox 1784 1117 1882 1160; x_wconf 75' lang='grc' dir='ltr'>εἰδὼς</span> <span class='ocrx_word' id='word_1_524' title='bbox 1902 1118 2028 1170; x_wconf 74' lang='grc' dir='ltr'>κρίνειν</span> <span class='ocrx_word' id='word_1_525' title='bbox 2048 1118 2092 1156; x_wconf 83' lang='grc' dir='ltr'>τὰ</span> <span class='ocrx_word' id='word_1_526' title='bbox 2112 1117 2280 1169; x_wconf 75' lang='grc' dir='ltr'>ὑμέτερα,</span> <span class='ocrx_word' id='word_1_527' title='bbox 2295 1121 2409 1168; x_wconf 84' lang='grc' dir='ltr'>μαθη-</span> 
     </span>
     <span class='ocr_line' id='line_1_70' title="bbox 1383 1178 2407 1230; baseline 0 -14"><span class='ocrx_word' id='word_1_528' title='bbox 1383 1178 1445 1225; x_wconf 65' lang='grc' dir='ltr'>τὴς</span> <span class='ocrx_word' id='word_1_529' title='bbox 1478 1178 1646 1229; x_wconf 80' lang='grc' dir='ltr'>βούλομαι</span> <span class='ocrx_word' id='word_1_530' title='bbox 1674 1179 1851 1230; x_wconf 74' lang='grc' dir='ltr'>γενέσθαι,</span> <span class='ocrx_word' id='word_1_531' title='bbox 1873 1178 1913 1216; x_wconf 81' lang='grc' dir='ltr'>σὺ</span> <span class='ocrx_word' id='word_1_532' title='bbox 1949 1179 1986 1217; x_wconf 78' lang='grc' dir='ltr'>δέ</span> <span class='ocrx_word' id='word_1_533' title='bbox 2019 1196 2062 1229; x_wconf 84' lang='grc' dir='ltr'>με</span> <span class='ocrx_word' id='word_1_534' title='bbox 2095 1179 2162 1225; x_wconf 75' lang='grc' dir='ltr'>ἤδη</span> <span class='ocrx_word' id='word_1_535' title='bbox 2199 1179 2407 1217; x_wconf 74' lang='grc' dir='ltr'>διδάσκαλον</span> 
     </span>
     <span class='ocr_line' id='line_1_71' title="bbox 1383 1240 2406 1293; baseline 0.001 -15"><span class='ocrx_word' id='word_1_536' title='bbox 1383 1245 1503 1284; x_wconf 79' lang='grc' dir='ltr'>ποιεῖς.</span> <span class='ocrx_word' id='word_1_537' title='bbox 1522 1240 1582 1278; x_wconf 83' lang='grc' dir='ltr'>Ἂν</span> <span class='ocrx_word' id='word_1_538' title='bbox 1613 1246 1722 1279; x_wconf 76' lang='grc' dir='ltr'>ταῦτα</span> <span class='ocrx_word' id='word_1_539' title='bbox 1755 1240 1862 1292; x_wconf 81' lang='grc' dir='ltr'>λέγῃ,</span> <span class='ocrx_word' id='word_1_540' title='bbox 1890 1241 1946 1287; x_wconf 87' lang='grc' dir='ltr'>τί,</span> <span class='ocrx_word' id='word_1_541' title='bbox 1966 1241 2082 1292; x_wconf 66' lang='grc' dir='ltr'>φησιν,</span> <span class='ocrx_word' id='word_1_542' title='bbox 2118 1241 2406 1293; x_wconf 70' lang='grc' dir='ltr'>ἀποκρινώμεθα,</span> 
     </span>
     <span class='ocr_line' id='line_1_72' title="bbox 1842 1301 2408 1354; baseline 0.002 -15"><span class='ocrx_word' id='word_1_543' title='bbox 1842 1301 2116 1354; x_wconf 73' lang='grc' dir='ltr'>ἸΞριι)ττ’,σιι)μεν,</span> <span class='ocrx_word' id='word_1_544' title='bbox 2146 1305 2175 1339; x_wconf 86' lang='grc' dir='ltr'>εἰ</span> <span class='ocrx_word' id='word_1_545' title='bbox 2201 1302 2248 1352; x_wconf 82' lang='grc' dir='ltr'>μὴ</span> <span class='ocrx_word' id='word_1_546' title='bbox 2281 1304 2408 1354; x_wconf 64' lang='grc' dir='ltr'>σκῆψις</span> 
     </span>
    </p>
   </div>
   <div class='ocr_carea' id='block_1_9' title="bbox 1385 1301 1811 1352">
    <p class='ocr_par' dir='ltr' id='par_1_12' title="bbox 1385 1301 1811 1352">
     <span class='ocr_line' id='line_1_73' title="bbox 1385 1301 1811 1352; baseline 0 -13"><span class='ocrx_word' id='word_1_547' title='bbox 1385 1305 1457 1344; x_wconf 78' lang='grc' dir='ltr'>πῶς</span> <span class='ocrx_word' id='word_1_548' title='bbox 1494 1302 1595 1339; x_wconf 70' lang='grc' dir='ltr'>αὐτὸν</span> <span class='ocrx_word' id='word_1_549' title='bbox 1627 1301 1791 1352; x_wconf 83' lang='grc' dir='ltr'>πείσομεν</span> <span class='ocrx_word' id='word_1_550' title='bbox 1803 1319 1811 1349; x_wconf 82' lang='lat'>3</span> 
     </span>
    </p>
   </div>
   <div class='ocr_carea' id='block_1_10' title="bbox 1376 1362 2407 2446">
    <p class='ocr_par' dir='ltr' id='par_1_13' title="bbox 1376 1362 2407 2445">
     <span class='ocr_line' id='line_1_74' title="bbox 1384 1362 2407 1416; baseline 0 -16"><span class='ocrx_word' id='word_1_551' title='bbox 1384 1367 1494 1400; x_wconf 72' lang='grc' dir='ltr'>ταῦτα</span> <span class='ocrx_word' id='word_1_552' title='bbox 1513 1363 1572 1400; x_wconf 84' lang='grc' dir='ltr'>καὶ</span> <span class='ocrx_word' id='word_1_553' title='bbox 1602 1362 1796 1416; x_wconf 63' lang='grc' dir='ltr'>πρόφασις·</span> <span class='ocrx_word' id='word_1_554' title='bbox 1826 1363 2069 1414; x_wconf 76' lang='grc' dir='ltr'>ἐρωτήσωμεν,</span> <span class='ocrx_word' id='word_1_555' title='bbox 2089 1365 2118 1400; x_wconf 84' lang='grc' dir='ltr'>εἰ</span> <span class='ocrx_word' id='word_1_556' title='bbox 2147 1362 2302 1414; x_wconf 79' lang='grc' dir='ltr'>κατέγνω</span> <span class='ocrx_word' id='word_1_557' title='bbox 2338 1366 2407 1400; x_wconf 81' lang='grc' dir='ltr'>τῶν</span> 
     </span>
     <span class='ocr_line' id='line_1_75' title="bbox 1385 1423 2404 1477; baseline -0.001 -16"><span class='ocrx_word' id='word_1_558' title='bbox 1385 1424 1578 1470; x_wconf 79' lang='grc' dir='ltr'>ἽΞλλήνων.</span> <span class='ocrx_word' id='word_1_559' title='bbox 1596 1424 1743 1466; x_wconf 74' lang='grc' dir='ltr'>Πάντως</span> <span class='ocrx_word' id='word_1_560' title='bbox 1756 1440 1790 1461; x_wconf 86' lang='grc' dir='ltr'>τι</span> <span class='ocrx_word' id='word_1_561' title='bbox 1805 1426 1874 1477; x_wconf 72' lang='grc' dir='ltr'>ε’ρεῖ</span> <span class='ocrx_word' id='word_1_562' title='bbox 1888 1438 1896 1446; x_wconf 91' lang='grc'><em>·</em></span> <span class='ocrx_word' id='word_1_563' title='bbox 1914 1425 1952 1461; x_wconf 76' lang='grc' dir='ltr'>οὔ</span> <span class='ocrx_word' id='word_1_564' title='bbox 1987 1423 2054 1476; x_wconf 70' lang='grc' dir='ltr'>γὰρ</span> <span class='ocrx_word' id='word_1_565' title='bbox 2072 1423 2111 1469; x_wconf 73' lang='grc' dir='ltr'>δὴ</span> <span class='ocrx_word' id='word_1_566' title='bbox 2128 1423 2175 1474; x_wconf 83' lang='grc' dir='ltr'>μὴ</span> <span class='ocrx_word' id='word_1_567' title='bbox 2192 1423 2382 1475; x_wconf 76' lang='grc' dir='ltr'>καταγνοὺς</span> <span class='ocrx_word' id='word_1_568' title='bbox 2394 1453 2404 1471; x_wconf 94' lang='grc'>,</span> 
     </span>
     <span class='ocr_line' id='line_1_76' title="bbox 1384 1484 2407 1538; baseline 0 -15"><span class='ocrx_word' id='word_1_569' title='bbox 1384 1487 1428 1523; x_wconf 78' lang='grc' dir='ltr'>ἐπ</span> <span class='ocrx_word' id='word_1_570' title='bbox 1433 1501 1441 1522; x_wconf 89' lang='grc' dir='ltr'>ι</span> <span class='ocrx_word' id='word_1_571' title='bbox 1459 1485 1503 1523; x_wconf 75' lang='grc' dir='ltr'>τὰ</span> <span class='ocrx_word' id='word_1_572' title='bbox 1533 1484 1689 1538; x_wconf 72' lang='grc' dir='ltr'>ἡμετέρα</span> <span class='ocrx_word' id='word_1_573' title='bbox 1708 1485 1794 1530; x_wconf 69' lang='grc' dir='ltr'>γξει.</span> <span class='ocrx_word' id='word_1_574' title='bbox 1824 1485 2083 1538; x_wconf 60' lang='grc' dir='ltr'>ΙΞρωτήσωμεν</span> <span class='ocrx_word' id='word_1_575' title='bbox 2114 1485 2176 1527; x_wconf 78' lang='grc' dir='ltr'>τὰς</span> <span class='ocrx_word' id='word_1_576' title='bbox 2206 1485 2338 1533; x_wconf 84' lang='grc' dir='ltr'>αἰτίας,</span> <span class='ocrx_word' id='word_1_577' title='bbox 2361 1485 2407 1523; x_wconf 76' lang='grc' dir='ltr'>δι’</span> 
     </span>
     <span class='ocr_line' id='line_1_77' title="bbox 1385 1546 2406 1610; baseline 0.003 -27"><span class='ocrx_word' id='word_1_578' title='bbox 1385 1546 1425 1589; x_wconf 85' lang='grc' dir='ltr'>ἃς</span> <span class='ocrx_word' id='word_1_579' title='bbox 1443 1546 1528 1583; x_wconf 81' lang='grc' dir='ltr'>κατέ</span> <span class='ocrx_word' id='word_1_580' title='bbox 1529 1562 1614 1597; x_wconf 85' lang='grc' dir='ltr'>γνω·</span> <span class='ocrx_word' id='word_1_581' title='bbox 1636 1562 1673 1584; x_wconf 88' lang='grc' dir='ltr'>ου</span> <span class='ocrx_word' id='word_1_582' title='bbox 1701 1546 1765 1598; x_wconf 78' lang='grc' dir='ltr'>γὰρ</span> <span class='ocrx_word' id='word_1_583' title='bbox 1783 1546 1824 1593; x_wconf 76' lang='grc' dir='ltr'>οὴ</span> <span class='ocrx_word' id='word_1_584' title='bbox 1846 1547 1965 1590; x_wconf 80' lang='grc' dir='ltr'>ἇπλως</span> <span class='ocrx_word' id='word_1_585' title='bbox 1981 1547 2065 1584; x_wconf 79' lang='grc' dir='ltr'>κατέ</span> <span class='ocrx_word' id='word_1_586' title='bbox 2067 1547 2322 1610; x_wconf 55' lang='grc' dir='ltr'>-Γιο).ΝΞ1ὕοκ)ον</span> <span class='ocrx_word' id='word_1_587' title='bbox 2353 1547 2392 1586; x_wconf 87' lang='grc' dir='ltr'>ὅτ</span> <span class='ocrx_word' id='word_1_588' title='bbox 2397 1565 2406 1586; x_wconf 90' lang='grc' dir='ltr'>ι</span> 
     </span>
     <span class='ocr_line' id='line_1_78' title="bbox 1385 1601 2406 1658; baseline 0.003 -14"><span class='ocrx_word' id='word_1_589' title='bbox 1385 1608 1455 1658; x_wconf 79' lang='grc' dir='ltr'>ἐρεῖ</span> <span class='ocrx_word' id='word_1_590' title='bbox 1481 1608 1537 1645; x_wconf 78' lang='grc' dir='ltr'>διὰ</span> <span class='ocrx_word' id='word_1_591' title='bbox 1558 1607 1597 1644; x_wconf 83' lang='grc' dir='ltr'>τὸ</span> <span class='ocrx_word' id='word_1_592' title='bbox 1618 1607 1771 1658; x_wconf 83' lang='grc' dir='ltr'>κτίσματ</span> <span class='ocrx_word' id='word_1_593' title='bbox 1775 1623 1795 1644; x_wconf 89' lang='grc' dir='ltr'>α</span> <span class='ocrx_word' id='word_1_594' title='bbox 1824 1601 1930 1655; x_wconf 64' lang='grc' dir='ltr'>εἶναι,</span> <span class='ocrx_word' id='word_1_595' title='bbox 1962 1623 2022 1646; x_wconf 85' lang='grc' dir='ltr'>και</span> <span class='ocrx_word' id='word_1_596' title='bbox 2055 1608 2103 1657; x_wconf 84' lang='grc' dir='ltr'>μὴ</span> <span class='ocrx_word' id='word_1_597' title='bbox 2135 1623 2224 1645; x_wconf 85' lang='grc' dir='ltr'>ειναι</span> <span class='ocrx_word' id='word_1_598' title='bbox 2243 1609 2406 1647; x_wconf 78' lang='grc' dir='ltr'>οἴκτιστον</span> 
     </span>
     <span class='ocr_line' id='line_1_79' title="bbox 1384 1666 2407 1720; baseline 0.001 -14"><span class='ocrx_word' id='word_1_599' title='bbox 1384 1668 1488 1707; x_wconf 81' lang='grc' dir='ltr'>Θεόν.</span> <span class='ocrx_word' id='word_1_600' title='bbox 1513 1670 1648 1710; x_wconf 85' lang='grc' dir='ltr'>Καλως.</span> <span class='ocrx_word' id='word_1_601' title='bbox 1665 1666 1726 1707; x_wconf 76' lang='grc' dir='ltr'>Αν</span> <span class='ocrx_word' id='word_1_602' title='bbox 1746 1672 1803 1706; x_wconf 78' lang='grc' dir='ltr'>οὖν</span> <span class='ocrx_word' id='word_1_603' title='bbox 1821 1672 1920 1706; x_wconf 77' lang='grc' dir='ltr'>τοῦτο</span> <span class='ocrx_word' id='word_1_604' title='bbox 1948 1685 1990 1719; x_wconf 85' lang='grc' dir='ltr'>με</span> <span class='ocrx_word' id='word_1_605' title='bbox 1992 1685 2009 1705; x_wconf 90' lang='grc' dir='ltr'>ν</span> <span class='ocrx_word' id='word_1_606' title='bbox 2031 1684 2114 1720; x_wconf 81' lang='grc' dir='ltr'>ευρῃ</span> <span class='ocrx_word' id='word_1_607' title='bbox 2131 1681 2227 1720; x_wconf 82' lang='grc' dir='ltr'>παρα</span> <span class='ocrx_word' id='word_1_608' title='bbox 2246 1675 2321 1711; x_wconf 88' lang='grc' dir='ltr'>ταῖς</span> <span class='ocrx_word' id='word_1_609' title='bbox 2339 1669 2407 1707; x_wconf 83' lang='grc' dir='ltr'>ἄλ-</span> 
     </span>
     <span class='ocr_line' id='line_1_80' title="bbox 1383 1728 2407 1782; baseline 0.002 -16"><span class='ocrx_word' id='word_1_610' title='bbox 1383 1731 1460 1772; x_wconf 88' lang='grc' dir='ltr'>λαις</span> <span class='ocrx_word' id='word_1_611' title='bbox 1480 1728 1657 1780; x_wconf 76' lang='grc' dir='ltr'>αἱρέσεσι,</span> <span class='ocrx_word' id='word_1_612' title='bbox 1679 1729 1718 1766; x_wconf 78' lang='grc' dir='ltr'>τὸ</span> <span class='ocrx_word' id='word_1_613' title='bbox 1738 1728 1772 1766; x_wconf 69' lang='grc' dir='ltr'>δὲ</span> <span class='ocrx_word' id='word_1_614' title='bbox 1794 1728 1947 1766; x_wconf 77' lang='grc' dir='ltr'>ἐναντίον</span> <span class='ocrx_word' id='word_1_615' title='bbox 1965 1729 2051 1782; x_wconf 69' lang='grc' dir='ltr'>παρ’</span> <span class='ocrx_word' id='word_1_616' title='bbox 2070 1733 2168 1779; x_wconf 71' lang='grc' dir='ltr'>ἡμῖν,</span> <span class='ocrx_word' id='word_1_617' title='bbox 2184 1729 2283 1767; x_wconf 90' lang='grc' dir='ltr'>ποίου</span> <span class='ocrx_word' id='word_1_618' title='bbox 2303 1729 2407 1781; x_wconf 80' lang='grc' dir='ltr'>λόγου</span> 
     </span>
     <span class='ocr_line' id='line_1_81' title="bbox 1381 1789 2405 1843; baseline 0.003 -17"><span class='ocrx_word' id='word_1_619' title='bbox 1381 1789 1502 1841; x_wconf 77' lang='grc' dir='ltr'>χρεία;</span> <span class='ocrx_word' id='word_1_620' title='bbox 1536 1789 1673 1832; x_wconf 73' lang='grc' dir='ltr'>Πάντες</span> <span class='ocrx_word' id='word_1_621' title='bbox 1704 1791 1954 1841; x_wconf 71' lang='grc' dir='ltr'>ὁμολογοῦμεν,</span> <span class='ocrx_word' id='word_1_622' title='bbox 1987 1790 2042 1828; x_wconf 88' lang='grc' dir='ltr'>ὅτι</span> <span class='ocrx_word' id='word_1_623' title='bbox 2074 1793 2091 1828; x_wconf 86' lang='grc' dir='ltr'>ὃ</span> <span class='ocrx_word' id='word_1_624' title='bbox 2119 1791 2270 1843; x_wconf 79' lang='grc' dir='ltr'>Χριστὸς</span> <span class='ocrx_word' id='word_1_625' title='bbox 2304 1791 2405 1835; x_wconf 81' lang='grc' dir='ltr'>Θεός.</span> 
     </span>
     <span class='ocr_line' id='line_1_82' title="bbox 1381 1850 2404 1902; baseline -0.001 -14"><span class='ocrx_word' id='word_1_626' title='bbox 1381 1850 1473 1888; x_wconf 79' lang='grc' dir='ltr'>Ἀλλ’</span> <span class='ocrx_word' id='word_1_627' title='bbox 1491 1850 1619 1900; x_wconf 81' lang='grc' dir='ltr'>ἴδωμεν</span> <span class='ocrx_word' id='word_1_628' title='bbox 1638 1850 1728 1893; x_wconf 88' lang='grc' dir='ltr'>τίνες</span> <span class='ocrx_word' id='word_1_629' title='bbox 1749 1850 1945 1902; x_wconf 74' lang='grc' dir='ltr'>μάχονται,</span> <span class='ocrx_word' id='word_1_630' title='bbox 1969 1850 2027 1888; x_wconf 79' lang='grc' dir='ltr'>καὶ</span> <span class='ocrx_word' id='word_1_631' title='bbox 2044 1850 2133 1894; x_wconf 82' lang='grc' dir='ltr'>τίνες</span> <span class='ocrx_word' id='word_1_632' title='bbox 2159 1853 2196 1888; x_wconf 80' lang='grc' dir='ltr'>οὔ</span> <span class='ocrx_word' id='word_1_633' title='bbox 2219 1850 2404 1901; x_wconf 68' lang='grc' dir='ltr'>μάχονται.</span> 
     </span>
     <span class='ocr_line' id='line_1_83' title="bbox 1380 1910 2406 1963; baseline -0.001 -14"><span class='ocrx_word' id='word_1_634' title='bbox 1380 1910 1504 1962; x_wconf 73' lang='grc' dir='ltr'>εΗμεῖς</span> <span class='ocrx_word' id='word_1_635' title='bbox 1519 1911 1675 1963; x_wconf 78' lang='grc' dir='ltr'>λέγοντες</span> <span class='ocrx_word' id='word_1_636' title='bbox 1694 1911 1796 1959; x_wconf 82' lang='grc' dir='ltr'>Θεὸν,</span> <span class='ocrx_word' id='word_1_637' title='bbox 1815 1911 1893 1955; x_wconf 78' lang='grc' dir='ltr'>ἄξια</span> <span class='ocrx_word' id='word_1_638' title='bbox 1913 1914 2004 1950; x_wconf 64' lang='grc' dir='ltr'>Θεοῦ</span> <span class='ocrx_word' id='word_1_639' title='bbox 2021 1911 2080 1950; x_wconf 75' lang='grc' dir='ltr'>καὶ</span> <span class='ocrx_word' id='word_1_640' title='bbox 2100 1911 2335 1963; x_wconf 61' lang='grc' dir='ltr'>φθεγγόμεθα,</span> <span class='ocrx_word' id='word_1_641' title='bbox 2353 1911 2406 1948; x_wconf 76' lang='grc' dir='ltr'>ὅτι</span> 
     </span>
     <span class='ocr_line' id='line_1_84' title="bbox 1379 1972 2406 2047; baseline -0.001 -37"><span class='ocrx_word' id='word_1_642' title='bbox 1379 1972 1532 2016; x_wconf 80' lang='grc' dir='ltr'>ἐξουσίαν</span> <span class='ocrx_word' id='word_1_643' title='bbox 1553 1973 1648 2047; x_wconf 74' lang='grc' dir='ltr'>ἔχει,</span> <span class='ocrx_word' id='word_1_644' title='bbox 1667 1973 1719 2010; x_wconf 87' lang='grc' dir='ltr'>ὅτι</span> <span class='ocrx_word' id='word_1_645' title='bbox 1741 1975 1800 2010; x_wconf 78' lang='grc' dir='ltr'>οὐκ</span> <span class='ocrx_word' id='word_1_646' title='bbox 1819 1972 1892 2010; x_wconf 79' lang='grc' dir='ltr'>ἔστι</span> <span class='ocrx_word' id='word_1_647' title='bbox 1914 1974 2050 2019; x_wconf 71' lang='grc' dir='ltr'>δοῦλος,</span> <span class='ocrx_word' id='word_1_648' title='bbox 2070 1972 2122 2010; x_wconf 85' lang='grc' dir='ltr'>ὅτι</span> <span class='ocrx_word' id='word_1_649' title='bbox 2138 1973 2330 2024; x_wconf 73' lang='grc' dir='ltr'>ἐλεύθερος,</span> <span class='ocrx_word' id='word_1_650' title='bbox 2352 1972 2406 2010; x_wconf 83' lang='grc' dir='ltr'>ὅτι</span> 
     </span>
     <span class='ocr_line' id='line_1_85' title="bbox 1380 2032 2404 2085; baseline -0.002 -14"><span class='ocrx_word' id='word_1_651' title='bbox 1380 2035 1438 2085; x_wconf 73' lang='grc' dir='ltr'>ἀφ’</span> <span class='ocrx_word' id='word_1_652' title='bbox 1459 2035 1581 2072; x_wconf 74' lang='grc' dir='ltr'>ἑαυτοῦ</span> <span class='ocrx_word' id='word_1_653' title='bbox 1596 2034 1712 2072; x_wconf 82' lang='grc' dir='ltr'>πάντα</span> <span class='ocrx_word' id='word_1_654' title='bbox 1730 2040 1822 2071; x_wconf 86' lang='grc' dir='ltr'>ποιεῖ</span> <span class='ocrx_word' id='word_1_655' title='bbox 1833 2035 1983 2076; x_wconf 75' lang='grc' dir='ltr'>’ἐκεῖνος</span> <span class='ocrx_word' id='word_1_656' title='bbox 2001 2033 2036 2072; x_wconf 78' lang='grc' dir='ltr'>δὲ</span> <span class='ocrx_word' id='word_1_657' title='bbox 2057 2032 2268 2071; x_wconf 81' lang='grc' dir='ltr'>τουναντίον.</span> <span class='ocrx_word' id='word_1_658' title='bbox 2288 2032 2404 2070; x_wconf 82' lang='grc' dir='ltr'>Πάλιν</span> 
     </span>
     <span class='ocr_line' id='line_1_86' title="bbox 1379 2093 2405 2146; baseline -0.001 -15"><span class='ocrx_word' id='word_1_659' title='bbox 1379 2096 1517 2146; x_wconf 75' lang='grc' dir='ltr'>ἐρωτῶ,</span> <span class='ocrx_word' id='word_1_660' title='bbox 1539 2097 1567 2132; x_wconf 86' lang='grc' dir='ltr'>εἶ</span> <span class='ocrx_word' id='word_1_661' title='bbox 1588 2094 1703 2146; x_wconf 79' lang='grc' dir='ltr'>ἷατρος</span> <span class='ocrx_word' id='word_1_662' title='bbox 1721 2094 1885 2145; x_wconf 63' lang='grc' dir='ltr'>μελλοις3</span> <span class='ocrx_word' id='word_1_663' title='bbox 1902 2094 2103 2145; x_wconf 77' lang='grc' dir='ltr'>μανθανειν,</span> <span class='ocrx_word' id='word_1_664' title='bbox 2122 2099 2190 2144; x_wconf 80' lang='grc' dir='ltr'>ἀρα</span> <span class='ocrx_word' id='word_1_665' title='bbox 2207 2094 2326 2137; x_wconf 83' lang='grc' dir='ltr'>ἁπλως</span> <span class='ocrx_word' id='word_1_666' title='bbox 2345 2093 2405 2131; x_wconf 86' lang='grc' dir='ltr'>καὶ</span> 
     </span>
     <span class='ocr_line' id='line_1_87' title="bbox 1379 2153 2404 2206; baseline -0.001 -14"><span class='ocrx_word' id='word_1_667' title='bbox 1379 2158 1425 2198; x_wconf 84' lang='grc' dir='ltr'>ὡς</span> <span class='ocrx_word' id='word_1_668' title='bbox 1447 2171 1548 2206; x_wconf 78' lang='grc' dir='ltr'>ετυγε</span> <span class='ocrx_word' id='word_1_669' title='bbox 1535 2172 1581 2202; x_wconf 55' lang='lat'><strong>3³1,</strong></span> <span class='ocrx_word' id='word_1_670' title='bbox 1609 2155 1687 2193; x_wconf 80' lang='grc' dir='ltr'>εἰπέ</span> <span class='ocrx_word' id='word_1_671' title='bbox 1708 2171 1789 2205; x_wconf 70' lang='lat' dir='ltr'>imi,</span> <span class='ocrx_word' id='word_1_672' title='bbox 1814 2155 1857 2193; x_wconf 83' lang='grc' dir='ltr'>τὰ</span> <span class='ocrx_word' id='word_1_673' title='bbox 1877 2155 2052 2206; x_wconf 83' lang='grc' dir='ltr'>λεγόμενα</span> <span class='ocrx_word' id='word_1_674' title='bbox 2071 2153 2270 2206; x_wconf 69' lang='grc' dir='ltr'>καταδέχῃ·</span> <span class='ocrx_word' id='word_1_675' title='bbox 2263 2183 2271 2199; x_wconf 90' lang='grc'>,</span> <span class='ocrx_word' id='word_1_676' title='bbox 2290 2153 2404 2191; x_wconf 89' lang='grc' dir='ltr'>καίτοι</span> 
     </span>
     <span class='ocr_line' id='line_1_88' title="bbox 1379 2215 2403 2266; baseline 0.001 -15"><span class='ocrx_word' id='word_1_677' title='bbox 1379 2215 1492 2252; x_wconf 87' lang='grc' dir='ltr'>πολλα</span> <span class='ocrx_word' id='word_1_678' title='bbox 1511 2218 1592 2266; x_wconf 82' lang='grc' dir='ltr'>παρ’</span> <span class='ocrx_word' id='word_1_679' title='bbox 1611 2232 1666 2253; x_wconf 89' lang='grc' dir='ltr'>εκε</span> <span class='ocrx_word' id='word_1_680' title='bbox 1672 2216 1751 2258; x_wconf 86' lang='grc' dir='ltr'>ίνοις</span> <span class='ocrx_word' id='word_1_681' title='bbox 1766 2232 1825 2266; x_wconf 75' lang='grc' dir='ltr'>οογ</span> <span class='ocrx_word' id='word_1_682' title='bbox 1828 2232 1935 2266; x_wconf 87' lang='grc' dir='ltr'>ματα.</span> <span class='ocrx_word' id='word_1_683' title='bbox 1953 2218 1997 2254; x_wconf 80' lang='grc' dir='ltr'>1Ξῖ</span> <span class='ocrx_word' id='word_1_684' title='bbox 2013 2232 2055 2266; x_wconf 69' lang='grc' dir='ltr'>με</span> <span class='ocrx_word' id='word_1_685' title='bbox 2058 2233 2074 2253; x_wconf 93' lang='grc' dir='ltr'>ν</span> <span class='ocrx_word' id='word_1_686' title='bbox 2095 2220 2151 2254; x_wconf 82' lang='grc' dir='ltr'>οὐν</span> <span class='ocrx_word' id='word_1_687' title='bbox 2167 2217 2328 2263; x_wconf 76' lang='grc' dir='ltr'>ἁπλως,</span> <span class='ocrx_word' id='word_1_688' title='bbox 2314 2215 2403 2266; x_wconf 80' lang='grc' dir='ltr'>οίπερ</span> 
     </span>
     <span class='ocr_line' id='line_1_89' title="bbox 1380 2274 2402 2328; baseline 0.002 -17"><span class='ocrx_word' id='word_1_689' title='bbox 1380 2274 1419 2311; x_wconf 80' lang='grc' dir='ltr'>ἂν</span> <span class='ocrx_word' id='word_1_690' title='bbox 1440 2274 1609 2325; x_wconf 75' lang='grc' dir='ltr'>ἀκούσῃς,</span> <span class='ocrx_word' id='word_1_691' title='bbox 1632 2276 1809 2326; x_wconf 74' lang='grc' dir='ltr'>καταδέχῃ</span> <span class='ocrx_word' id='word_1_692' title='bbox 1826 2306 1834 2321; x_wconf 91' lang='grc'>,</span> <span class='ocrx_word' id='word_1_693' title='bbox 1857 2279 1919 2313; x_wconf 67' lang='grc' dir='ltr'>οὐκ</span> <span class='ocrx_word' id='word_1_694' title='bbox 1939 2276 2013 2313; x_wconf 82' lang='grc' dir='ltr'>ἔστι</span> <span class='ocrx_word' id='word_1_695' title='bbox 2032 2280 2133 2314; x_wconf 71' lang='grc' dir='ltr'>τοῦτο</span> <span class='ocrx_word' id='word_1_696' title='bbox 2154 2276 2294 2328; x_wconf 82' lang='grc' dir='ltr'>ἀνδρός·</span> <span class='ocrx_word' id='word_1_697' title='bbox 2311 2279 2342 2314; x_wconf 84' lang='grc' dir='ltr'>εἰ</span> <span class='ocrx_word' id='word_1_698' title='bbox 2367 2276 2402 2313; x_wconf 80' lang='grc' dir='ltr'>δὲ</span> 
     </span>
     <span class='ocr_line' id='line_1_90' title="bbox 1379 2335 2401 2387; baseline 0.002 -15"><span class='ocrx_word' id='word_1_699' title='bbox 1379 2335 1491 2385; x_wconf 74' lang='grc' dir='ltr'>κρίσιν</span> <span class='ocrx_word' id='word_1_700' title='bbox 1525 2335 1615 2386; x_wconf 75' lang='grc' dir='ltr'>ἔχεις</span> <span class='ocrx_word' id='word_1_701' title='bbox 1646 2335 1702 2372; x_wconf 59' lang='grc' dir='ltr'>καῖ</span> <span class='ocrx_word' id='word_1_702' title='bbox 1735 2340 1825 2382; x_wconf 67' lang='grc' dir='ltr'>νοῦν,</span> <span class='ocrx_word' id='word_1_703' title='bbox 1845 2336 1984 2379; x_wconf 79' lang='grc' dir='ltr'>πάντι·)ς</span> <span class='ocrx_word' id='word_1_704' title='bbox 2014 2337 2089 2387; x_wconf 78' lang='grc' dir='ltr'>εἴσῃ</span> <span class='ocrx_word' id='word_1_705' title='bbox 2119 2337 2157 2373; x_wconf 83' lang='grc' dir='ltr'>τὸ</span> <span class='ocrx_word' id='word_1_706' title='bbox 2184 2337 2301 2374; x_wconf 85' lang='grc' dir='ltr'>καλόν.</span> <span class='ocrx_word' id='word_1_707' title='bbox 2317 2337 2401 2374; x_wconf 76' lang='grc' dir='ltr'>Υἱὸν</span> 
     </span>
     <span class='ocr_line' id='line_1_91' title="bbox 1376 2395 2401 2446; baseline 0.001 -14"><span class='ocrx_word' id='word_1_708' title='bbox 1376 2395 1522 2445; x_wconf 80' lang='grc' dir='ltr'>λέγομεν</span> <span class='ocrx_word' id='word_1_709' title='bbox 1554 2399 1655 2445; x_wconf 73' lang='grc' dir='ltr'>ἤμει</span> <span class='ocrx_word' id='word_1_710' title='bbox 1630 2424 1676 2442; x_wconf 69' lang='lat'>.3‚</span> <span class='ocrx_word' id='word_1_711' title='bbox 1697 2413 1724 2434; x_wconf 91' lang='lat'>3</span> <span class='ocrx_word' id='word_1_712' title='bbox 1701 2397 1787 2433; x_wconf 65' lang='grc' dir='ltr'>’παλ</span> <span class='ocrx_word' id='word_1_713' title='bbox 1788 2395 1954 2440; x_wconf 56' lang='lat' dir='ltr'><strong>roano-332</strong></span> <span class='ocrx_word' id='word_1_714' title='bbox 1979 2395 1997 2433; x_wconf 79' lang='grc' dir='ltr'>ὃ</span> <span class='ocrx_word' id='word_1_715' title='bbox 2020 2396 2184 2446; x_wconf 65' lang='grc' dir='ltr'>ὶεγομεν·</span> <span class='ocrx_word' id='word_1_716' title='bbox 2216 2398 2339 2434; x_wconf 86' lang='grc' dir='ltr'>ἐκεῖνοι</span> <span class='ocrx_word' id='word_1_717' title='bbox 2364 2396 2401 2433; x_wconf 79' lang='grc' dir='ltr'>δὲ</span> 
     </span>
    </p>
   </div>
   <div class='ocr_carea' id='block_1_11' title="bbox 1941 2455 2022 2469">
    <p class='ocr_par' dir='ltr' id='par_1_14' title="bbox 1941 2455 2022 2469">
     <span class='ocr_line' id='line_1_92' title="bbox 1941 2455 2022 2469; baseline 0 0"><span class='ocrx_word' id='word_1_718' title='bbox 1941 2455 2022 2469; x_wconf 54' lang='lat' dir='ltr'>‘xlv</span> 
     </span>
    </p>
   </div>
   <div class='ocr_carea' id='block_1_12' title="bbox 1376 2455 2400 2750">
    <p class='ocr_par' dir='ltr' id='par_1_15' title="bbox 1376 2455 2400 2750">
     <span class='ocr_line' id='line_1_93' title="bbox 1376 2455 2400 2508; baseline 0.001 -15"><span class='ocrx_word' id='word_1_719' title='bbox 1376 2455 1541 2507; x_wconf 75' lang='grc' dir='ltr'>λέγουσι</span> <span class='ocrx_word' id='word_1_720' title='bbox 1537 2472 1578 2494; x_wconf 81' lang='grc' dir='ltr'>υ.ε</span> <span class='ocrx_word' id='word_1_721' title='bbox 1581 2471 1610 2503; x_wconf 92' lang='grc' dir='ltr'>ν</span> <span class='ocrx_word' id='word_1_722' title='bbox 1630 2458 1695 2507; x_wconf 68' lang='grc' dir='ltr'>οὐχ</span> <span class='ocrx_word' id='word_1_723' title='bbox 1713 2458 1800 2493; x_wconf 74' lang='grc' dir='ltr'>ὃαολ</span> <span class='ocrx_word' id='word_1_724' title='bbox 1794 2460 1918 2506; x_wconf 77' lang='grc' dir='ltr'>ογοῧσι</span> <span class='ocrx_word' id='word_1_725' title='bbox 1938 2466 1986 2494; x_wconf 84' lang='grc' dir='ltr'>οε.</span> <span class='ocrx_word' id='word_1_726' title='bbox 2024 2458 2083 2494; x_wconf 83' lang='grc' dir='ltr'>Ινα</span> <span class='ocrx_word' id='word_1_727' title='bbox 2103 2456 2137 2494; x_wconf 77' lang='grc' dir='ltr'>δὲ</span> <span class='ocrx_word' id='word_1_728' title='bbox 2155 2456 2214 2493; x_wconf 80' lang='grc' dir='ltr'>καὶ</span> <span class='ocrx_word' id='word_1_729' title='bbox 2232 2456 2400 2508; x_wconf 57' lang='grc' dir='ltr'>σαφέστε-</span> 
     </span>
     <span class='ocr_line' id='line_1_94' title="bbox 1379 2511 2400 2568; baseline -0.001 -14"><span class='ocrx_word' id='word_1_730' title='bbox 1379 2532 1434 2567; x_wconf 82' lang='grc' dir='ltr'>ρον</span> <span class='ocrx_word' id='word_1_731' title='bbox 1458 2515 1567 2562; x_wconf 84' lang='grc' dir='ltr'>εἴπω,</span> <span class='ocrx_word' id='word_1_732' title='bbox 1588 2517 1711 2554; x_wconf 83' lang='grc' dir='ltr'>ἐκεῖνοι</span> <span class='ocrx_word' id='word_1_733' title='bbox 1745 2516 1863 2568; x_wconf 73' lang='grc' dir='ltr'>ἔχουσί</span> <span class='ocrx_word' id='word_1_734' title='bbox 1884 2532 1980 2560; x_wconf 84' lang='grc' dir='ltr'>τινας</span> <span class='ocrx_word' id='word_1_735' title='bbox 2014 2518 2071 2567; x_wconf 64' lang='grc' dir='ltr'>ἀφ’</span> <span class='ocrx_word' id='word_1_736' title='bbox 2109 2511 2156 2553; x_wconf 65' lang='grc' dir='ltr'>ὧν</span> <span class='ocrx_word' id='word_1_737' title='bbox 2190 2517 2400 2564; x_wconf 76' lang='grc' dir='ltr'>καλοῦνται,</span> 
     </span>
     <span class='ocr_line' id='line_1_95' title="bbox 1378 2577 2399 2630; baseline 0.001 -15"><span class='ocrx_word' id='word_1_738' title='bbox 1378 2579 1481 2616; x_wconf 70' lang='grc' dir='ltr'>αὐτοῦ</span> <span class='ocrx_word' id='word_1_739' title='bbox 1499 2581 1557 2614; x_wconf 76' lang='grc' dir='ltr'>τοῦ</span> <span class='ocrx_word' id='word_1_740' title='bbox 1573 2578 1794 2630; x_wconf 74' lang='grc' dir='ltr'>αἱρεσιοίρχου</span> <span class='ocrx_word' id='word_1_741' title='bbox 1816 2578 1974 2624; x_wconf 81' lang='grc' dir='ltr'>δηλονότι</span> <span class='ocrx_word' id='word_1_742' title='bbox 1990 2577 2029 2616; x_wconf 80' lang='grc' dir='ltr'>τὸ</span> <span class='ocrx_word' id='word_1_743' title='bbox 2046 2578 2153 2628; x_wconf 81' lang='grc' dir='ltr'>ὄνομα</span> <span class='ocrx_word' id='word_1_744' title='bbox 2165 2608 2174 2625; x_wconf 92' lang='grc'>,</span> <span class='ocrx_word' id='word_1_745' title='bbox 2189 2577 2249 2615; x_wconf 72' lang='grc' dir='ltr'>καὶ</span> <span class='ocrx_word' id='word_1_746' title='bbox 2268 2578 2399 2626; x_wconf 74' lang='grc' dir='ltr'>ἑκάστη</span> 
     </span>
     <span class='ocr_line' id='line_1_96' title="bbox 2047 2638 2399 2688; baseline 0.003 -12"><span class='ocrx_word' id='word_1_747' title='bbox 2047 2639 2108 2688; x_wconf 81' lang='grc' dir='ltr'>μὲν</span> <span class='ocrx_word' id='word_1_748' title='bbox 2137 2638 2244 2681; x_wconf 69' lang='grc' dir='ltr'>οὐδεὶς</span> <span class='ocrx_word' id='word_1_749' title='bbox 2272 2639 2399 2677; x_wconf 79' lang='grc' dir='ltr'>ἔδωκεν</span> 
     </span>
     <span class='ocr_line' id='line_1_97' title="bbox 2020 2699 2400 2750; baseline 0.008 -15"><span class='ocrx_word' id='word_1_750' title='bbox 2020 2699 2124 2737; x_wconf 77' lang='grc' dir='ltr'>Ἀλλὰ</span> <span class='ocrx_word' id='word_1_751' title='bbox 2144 2701 2270 2750; x_wconf 62' lang='grc' dir='ltr'>σκῆψις</span> <span class='ocrx_word' id='word_1_752' title='bbox 2299 2703 2400 2738; x_wconf 75' lang='grc' dir='ltr'>τοῦτο</span> 
     </span>
    </p>
   </div>
   <div class='ocr_carea' id='block_1_13' title="bbox 1379 2637 2399 3296">
    <p class='ocr_par' dir='ltr' id='par_1_16' title="bbox 1379 2637 2399 3296">
     <span class='ocr_line' id='line_1_98' title="bbox 1379 2637 2017 2691; baseline 0.002 -16"><span class='ocrx_word' id='word_1_753' title='bbox 1379 2637 1507 2690; x_wconf 77' lang='grc' dir='ltr'>αἵρεσις</span> <span class='ocrx_word' id='word_1_754' title='bbox 1535 2637 1681 2687; x_wconf 78' lang='grc' dir='ltr'>ὁμοίως·</span> <span class='ocrx_word' id='word_1_755' title='bbox 1706 2641 1788 2691; x_wconf 78' lang='grc' dir='ltr'>παρ’</span> <span class='ocrx_word' id='word_1_756' title='bbox 1810 2642 1894 2689; x_wconf 66' lang='grc' dir='ltr'>ἡμῖν</span> <span class='ocrx_word' id='word_1_757' title='bbox 1929 2638 2017 2691; x_wconf 76' lang='grc' dir='ltr'>ἀνὴρ</span> 
     </span>
     <span class='ocr_line' id='line_1_99' title="bbox 1379 2698 1998 2748; baseline 0.005 -14"><span class='ocrx_word' id='word_1_758' title='bbox 1379 2701 1463 2748; x_wconf 79' lang='grc' dir='ltr'>ἡμῖν</span> <span class='ocrx_word' id='word_1_759' title='bbox 1492 2698 1621 2747; x_wconf 78' lang='grc' dir='ltr'>ὄνομα,</span> <span class='ocrx_word' id='word_1_760' title='bbox 1641 2701 1662 2743; x_wconf 79' lang='grc' dir='ltr'>ἡ</span> <span class='ocrx_word' id='word_1_761' title='bbox 1684 2698 1719 2736; x_wconf 78' lang='grc' dir='ltr'>δὲ</span> <span class='ocrx_word' id='word_1_762' title='bbox 1751 2698 1868 2742; x_wconf 84' lang='grc' dir='ltr'>πίστις</span> <span class='ocrx_word' id='word_1_763' title='bbox 1898 2700 1998 2746; x_wconf 72' lang='grc' dir='ltr'>αὐτή.</span> 
     </span>
     <span class='ocr_line' id='line_1_100' title="bbox 1380 2758 2398 2810; baseline 0.002 -14"><span class='ocrx_word' id='word_1_764' title='bbox 1380 2774 1440 2796; x_wconf 84' lang='grc' dir='ltr'>και</span> <span class='ocrx_word' id='word_1_765' title='bbox 1468 2758 1639 2810; x_wconf 64' lang='grc' dir='ltr'>ποόῡασις</span> <span class='ocrx_word' id='word_1_766' title='bbox 1646 2758 1742 2796; x_wconf 90' lang='grc' dir='ltr'>.Δια</span> <span class='ocrx_word' id='word_1_767' title='bbox 1778 2759 1811 2796; x_wconf 92' lang='grc' dir='ltr'>τί</span> <span class='ocrx_word' id='word_1_768' title='bbox 1828 2760 1916 2810; x_wconf 80' lang='grc' dir='ltr'>γὰρ,</span> <span class='ocrx_word' id='word_1_769' title='bbox 1934 2760 2010 2798; x_wconf 84' lang='grc' dir='ltr'>εἰπε</span> <span class='ocrx_word' id='word_1_770' title='bbox 2039 2775 2120 2810; x_wconf 89' lang='grc' dir='ltr'>μοι,</span> <span class='ocrx_word' id='word_1_771' title='bbox 2137 2759 2176 2796; x_wconf 83' lang='grc' dir='ltr'>ἂν</span> <span class='ocrx_word' id='word_1_772' title='bbox 2212 2775 2274 2809; x_wconf 86' lang='grc' dir='ltr'>μεν</span> <span class='ocrx_word' id='word_1_773' title='bbox 2313 2761 2398 2810; x_wconf 68' lang='grc' dir='ltr'>ἱμά-</span> 
     </span>
     <span class='ocr_line' id='line_1_101' title="bbox 1379 2796 2398 2892; baseline 0 -35"><span class='ocrx_word' id='word_1_774' title='bbox 1379 2834 1449 2857; x_wconf 83' lang='grc' dir='ltr'>τιον</span> <span class='ocrx_word' id='word_1_775' title='bbox 1474 2796 1603 2892; x_wconf 76' lang='grc' dir='ltr'>μελλης</span> <span class='ocrx_word' id='word_1_776' title='bbox 1624 2820 1812 2871; x_wconf 73' lang='grc' dir='ltr'>πρίασθαι,</span> <span class='ocrx_word' id='word_1_777' title='bbox 1832 2819 1947 2858; x_wconf 85' lang='grc' dir='ltr'>καίτοι</span> <span class='ocrx_word' id='word_1_778' title='bbox 1980 2837 2019 2872; x_wconf 79' lang='grc' dir='ltr'>γε</span> <span class='ocrx_word' id='word_1_779' title='bbox 2048 2824 2157 2873; x_wconf 66' lang='grc' dir='ltr'>ὑφαντ</span> <span class='ocrx_word' id='word_1_780' title='bbox 2146 2822 2237 2865; x_wconf 71' lang='grc' dir='ltr'>,ικῆς</span> <span class='ocrx_word' id='word_1_781' title='bbox 2256 2820 2398 2873; x_wconf 83' lang='grc' dir='ltr'>ἄπειρος</span> 
     </span>
     <span class='ocr_line' id='line_1_102' title="bbox 1379 2880 2398 2932; baseline 0.003 -15"><span class='ocrx_word' id='word_1_782' title='bbox 1379 2881 1426 2918; x_wconf 86' lang='grc' dir='ltr'>ὢν</span> <span class='ocrx_word' id='word_1_783' title='bbox 1447 2896 1595 2931; x_wconf 71' lang='grc' dir='ltr'>τεχνης,</span> <span class='ocrx_word' id='word_1_784' title='bbox 1617 2883 1654 2918; x_wconf 75' lang='grc' dir='ltr'>οὗ</span> <span class='ocrx_word' id='word_1_785' title='bbox 1672 2880 1733 2917; x_wconf 68' lang='grc' dir='ltr'>λε’-κ</span> <span class='ocrx_word' id='word_1_786' title='bbox 1720 2897 1781 2930; x_wconf 66' lang='grc' dir='ltr'>(εις</span> <span class='ocrx_word' id='word_1_787' title='bbox 1799 2884 1909 2918; x_wconf 77' lang='grc' dir='ltr'>ταῦτα</span> <span class='ocrx_word' id='word_1_788' title='bbox 1925 2880 1968 2918; x_wconf 79' lang='grc' dir='ltr'>τὰ</span> <span class='ocrx_word' id='word_1_789' title='bbox 1986 2883 2146 2932; x_wconf 76' lang='grc' dir='ltr'>ῥήματα,</span> <span class='ocrx_word' id='word_1_790' title='bbox 2167 2881 2220 2918; x_wconf 86' lang='grc' dir='ltr'>ὅτι</span> <span class='ocrx_word' id='word_1_791' title='bbox 2239 2883 2300 2919; x_wconf 73' lang='grc' dir='ltr'>οὐκ</span> <span class='ocrx_word' id='word_1_792' title='bbox 2321 2883 2398 2920; x_wconf 74' lang='grc' dir='ltr'>οἰδα</span> 
     </span>
     <span class='ocr_line' id='line_1_103' title="bbox 1380 2940 2398 2993; baseline 0.003 -16"><span class='ocrx_word' id='word_1_793' title='bbox 1380 2940 1567 2993; x_wconf 72' lang='grc' dir='ltr'>ἀγοράσαι,</span> <span class='ocrx_word' id='word_1_794' title='bbox 1587 2940 1791 2990; x_wconf 81' lang='grc' dir='ltr'>ἐμπαίζουσί</span> <span class='ocrx_word' id='word_1_795' title='bbox 1815 2956 1891 2990; x_wconf 87' lang='grc' dir='ltr'>μοι·</span> <span class='ocrx_word' id='word_1_796' title='bbox 1918 2942 2008 2978; x_wconf 83' lang='grc' dir='ltr'>ἀλλὰ</span> <span class='ocrx_word' id='word_1_797' title='bbox 2027 2941 2142 2979; x_wconf 77' lang='grc' dir='ltr'>πάντα</span> <span class='ocrx_word' id='word_1_798' title='bbox 2169 2948 2277 2985; x_wconf 79' lang='grc' dir='ltr'>ποιεῖς</span> <span class='ocrx_word' id='word_1_799' title='bbox 2307 2941 2398 2980; x_wconf 83' lang='grc' dir='ltr'>ὥστε</span> 
     </span>
     <span class='ocr_line' id='line_1_104' title="bbox 1380 3001 2397 3053; baseline 0.001 -14"><span class='ocrx_word' id='word_1_800' title='bbox 1380 3006 1524 3051; x_wconf 68' lang='grc' dir='ltr'>μαθεῖν,</span> <span class='ocrx_word' id='word_1_801' title='bbox 1547 3001 1620 3039; x_wconf 79' lang='grc' dir='ltr'>Κᾶν</span> <span class='ocrx_word' id='word_1_802' title='bbox 1638 3002 1723 3038; x_wconf 80' lang='grc' dir='ltr'>ἄλλο</span> <span class='ocrx_word' id='word_1_803' title='bbox 1740 3005 1851 3039; x_wconf 68' lang='grc' dir='ltr'>ὁτιοῦν</span> <span class='ocrx_word' id='word_1_804' title='bbox 1874 3003 2045 3053; x_wconf 68' lang='grc' dir='ltr'>βουληθῇς</span> <span class='ocrx_word' id='word_1_805' title='bbox 2060 3002 2257 3048; x_wconf 65' lang='grc' dir='ltr'>ὠνήσασθαι</span> <span class='ocrx_word' id='word_1_806' title='bbox 2273 3033 2281 3050; x_wconf 93' lang='grc'>,</span> <span class='ocrx_word' id='word_1_807' title='bbox 2302 3002 2397 3041; x_wconf 85' lang='grc' dir='ltr'>πάν-</span> 
     </span>
     <span class='ocr_line' id='line_1_105' title="bbox 1379 3062 2399 3114; baseline 0 -14"><span class='ocrx_word' id='word_1_808' title='bbox 1379 3078 1422 3100; x_wconf 87' lang='grc' dir='ltr'>τα</span> <span class='ocrx_word' id='word_1_809' title='bbox 1446 3069 1555 3105; x_wconf 87' lang='grc' dir='ltr'>ποιεῖς</span> <span class='ocrx_word' id='word_1_810' title='bbox 1573 3063 1873 3112; x_wconf 78' lang='grc' dir='ltr'>πολυπραγμονῶν</span> <span class='ocrx_word' id='word_1_811' title='bbox 1887 3077 1894 3084; x_wconf 89' lang='grc'><em>·</em></span> <span class='ocrx_word' id='word_1_812' title='bbox 1916 3064 2060 3100; x_wconf 70' lang='grc' dir='ltr'>ἐνταῦθα</span> <span class='ocrx_word' id='word_1_813' title='bbox 2088 3063 2122 3100; x_wconf 78' lang='grc' dir='ltr'>δὲ</span> <span class='ocrx_word' id='word_1_814' title='bbox 2145 3068 2256 3101; x_wconf 76' lang='grc' dir='ltr'>ταῦτα</span> <span class='ocrx_word' id='word_1_815' title='bbox 2275 3062 2399 3114; x_wconf 81' lang='grc' dir='ltr'>λέγεις.</span> 
     </span>
     <span class='ocr_line' id='line_1_106' title="bbox 1380 3122 2397 3175; baseline 0 -14"><span class='ocrx_word' id='word_1_816' title='bbox 1380 3123 1488 3161; x_wconf 66' lang='grc' dir='ltr'>Ἵὶστε</span> <span class='ocrx_word' id='word_1_817' title='bbox 1514 3122 1570 3160; x_wconf 77' lang='grc' dir='ltr'>ἐπὶ</span> <span class='ocrx_word' id='word_1_818' title='bbox 1603 3125 1652 3173; x_wconf 80' lang='grc' dir='ltr'>τῷ</span> <span class='ocrx_word' id='word_1_819' title='bbox 1684 3122 1777 3174; x_wconf 83' lang='grc' dir='ltr'>λόγῳ</span> <span class='ocrx_word' id='word_1_820' title='bbox 1815 3122 1926 3175; x_wconf 78' lang='grc' dir='ltr'>τούτῳ</span> <span class='ocrx_word' id='word_1_821' title='bbox 1965 3123 2061 3160; x_wconf 70' lang='grc' dir='ltr'>οὐδὲν</span> <span class='ocrx_word' id='word_1_822' title='bbox 2090 3122 2177 3166; x_wconf 80' lang='grc' dir='ltr'>ὅλως</span> <span class='ocrx_word' id='word_1_823' title='bbox 2211 3122 2397 3174; x_wconf 80' lang='grc' dir='ltr'>καταδέξῃ.</span> 
     </span>
     <span class='ocr_line' id='line_1_107' title="bbox 1379 3182 2398 3235; baseline -0.001 -14"><span class='ocrx_word' id='word_1_824' title='bbox 1379 3183 1498 3222; x_wconf 88' lang='grc' dir='ltr'>Ἔστω</span> <span class='ocrx_word' id='word_1_825' title='bbox 1516 3183 1582 3235; x_wconf 75' lang='grc' dir='ltr'>γάρ</span> <span class='ocrx_word' id='word_1_826' title='bbox 1602 3198 1654 3225; x_wconf 91' lang='grc' dir='ltr'>τις</span> <span class='ocrx_word' id='word_1_827' title='bbox 1679 3182 1786 3231; x_wconf 75' lang='grc' dir='ltr'>μηδὲν</span> <span class='ocrx_word' id='word_1_828' title='bbox 1808 3182 1895 3225; x_wconf 85' lang='grc' dir='ltr'>ὅλως</span> <span class='ocrx_word' id='word_1_829' title='bbox 1925 3183 2036 3234; x_wconf 77' lang='grc' dir='ltr'>δόγμα</span> <span class='ocrx_word' id='word_1_830' title='bbox 2057 3184 2159 3235; x_wconf 75' lang='grc' dir='ltr'>ἔχων,</span> <span class='ocrx_word' id='word_1_831' title='bbox 2181 3183 2220 3221; x_wconf 79' lang='grc' dir='ltr'>ἂν</span> <span class='ocrx_word' id='word_1_832' title='bbox 2240 3186 2398 3226; x_wconf 74' lang='grc' dir='ltr'>κάκεῖνος</span> 
     </span>
     <span class='ocr_line' id='line_1_108' title="bbox 1379 3243 2397 3296; baseline -0.001 -14"><span class='ocrx_word' id='word_1_833' title='bbox 1379 3244 1463 3295; x_wconf 79' lang='grc' dir='ltr'>λε’γη</span> <span class='ocrx_word' id='word_1_834' title='bbox 1480 3244 1497 3282; x_wconf 81' lang='grc' dir='ltr'>ὃ</span> <span class='ocrx_word' id='word_1_835' title='bbox 1518 3244 1598 3296; x_wconf 78' lang='grc' dir='ltr'>περὶ</span> <span class='ocrx_word' id='word_1_836' title='bbox 1612 3246 1679 3281; x_wconf 77' lang='grc' dir='ltr'>τῶν</span> <span class='ocrx_word' id='word_1_837' title='bbox 1696 3245 1916 3296; x_wconf 70' lang='grc' dir='ltr'>Χριστιανῶν</span> <span class='ocrx_word' id='word_1_838' title='bbox 1934 3243 1995 3291; x_wconf 69' lang='grc' dir='ltr'>σὺ,</span> <span class='ocrx_word' id='word_1_839' title='bbox 2011 3248 2170 3282; x_wconf 68' lang='grc' dir='ltr'>τοσοῦτον</span> <span class='ocrx_word' id='word_1_840' title='bbox 2191 3247 2321 3290; x_wconf 75' lang='grc' dir='ltr'>πλῆΟος</span> <span class='ocrx_word' id='word_1_841' title='bbox 2338 3245 2397 3281; x_wconf 86' lang='grc' dir='ltr'>ἀν-</span> 
     </span>
    </p>
   </div>
   <div class='ocr_carea' id='block_1_14' title="bbox 1437 3381 2392 3427">
    <p class='ocr_par' dir='ltr' id='par_1_17' title="bbox 1437 3381 2392 3427">
     <span class='ocr_line' id='line_1_109' title="bbox 1437 3381 2392 3427; baseline 0.002 -12"><span class='ocrx_word' id='word_1_842' title='bbox 1437 3392 1449 3406; x_wconf 79' lang='grc'>···</span> <span class='ocrx_word' id='word_1_843' title='bbox 1476 3383 1567 3415; x_wconf 79' lang='lat' dir='ltr'>Unus</span> <span class='ocrx_word' id='word_1_844' title='bbox 1583 3388 1758 3425; x_wconf 62' lang='grc' dir='ltr'>μανθάνειν·</span> <span class='ocrx_word' id='word_1_845' title='bbox 1779 3388 1872 3418; x_wconf 61' lang='grc' dir='ltr'>καίτοι</span> <span class='ocrx_word' id='word_1_846' title='bbox 1891 3387 2007 3427; x_wconf 60' lang='grc' dir='ltr'>πολλὰ,</span> <span class='ocrx_word' id='word_1_847' title='bbox 2028 3383 2155 3417; x_wconf 75' lang='lat' dir='ltr'>omissis</span> <span class='ocrx_word' id='word_1_848' title='bbox 2177 3381 2392 3417; x_wconf 75' lang='lat' dir='ltr'>intermediis.</span> 
     </span>
    </p>
   </div>
  </div>
 </body>
</html>
