2502 3810
671 208 711 236 ΙΝ
749 207 863 236 ACTA
901 207 1225 238 APOSTOLORUM
1236 227 1244 236 .

102 286 264 339 Χριστὸν,
283 288 341 325 καὶ
359 288 500 340 σωθήσῃ
523 287 564 326 σὺ
582 289 640 326 καὶ
659 292 677 326 ὃ
699 283 790 332 οἶκός
807 305 879 328 σου.
900 290 970 327 Καὶ
990 289 1114 336 ἐλάλη-

100 363 162 385 σαν
180 350 272 400 αὐτῷ
292 349 349 387 τὸν
371 349 472 400 λόγον
488 353 547 387 τοῦ
567 349 693 400 Κυρίου
708 379 716 395 ,
736 349 796 387 καὶ
823 356 909 387 πᾶσι
928 355 998 393 τοῖς
1017 351 1051 386 ἓν
1070 351 1113 400 τῇ

99 407 190 461 οἰκία
220 411 334 446 αὐτοῦ.
355 409 421 447 Ἕκ
441 413 500 447 τοῦ
528 409 650 452 εὐθέως
671 411 823 455 λαλῆσαι
854 412 947 462 αὐτῷ
979 409 1116 448 ἐπεδεί-

98 464 197 508 ξαντο
218 466 280 512 τὴν
297 467 376 519 περὶ
397 467 497 504 αὐτὸν
519 467 792 521 φιλανθρωπίαν.
808 468 878 505 Καὶ
899 467 1114 519 παραλαὲὼν

98 525 218 569 αὐτοὺς
238 528 271 563 ἐν
290 527 400 578 ἐκείνῃ
415 531 456 579 τῇ
474 527 548 581 ὥρα
568 531 629 574 τῆς
644 528 781 574 νυκτὸς,
801 528 939 566 ἔλουσεν
961 528 1029 566 ἀπὸ
1046 530 1115 565 τῶν

97 589 253 638 πληγῶν.
275 588 343 626 Καὶ
363 588 554 635 {Cautio-072
578 589 701 637 αὐτὸς,
730 588 789 626 καὶ
810 591 840 626 οἳ
861 590 962 626 αὐτοῦ
990 588 1116 632 πάντες

97 652 327 699 παραχρῆμα.
347 649 544 699 Ἀναγαγών
561 666 598 687 τε
626 648 747 692 αὐτοὺς
773 651 821 692 εἷς
839 649 896 686 τὸν
920 643 1024 694 οἷκον,
1043 664 1115 686 πα-

99 707 220 757 ρέθηκε
248 709 434 759 τράπεζαν,
454 710 513 747 καὶ
543 711 736 761 ἠγαλλιᾶτο
763 709 902 747 πανοικὶ
926 724 1116 746 πεπιστευ-

96 767 164 810 κὼς
181 771 230 820 τῷ
246 771 343 822 Θεῷ.
375 769 542 808 ’Έλουσεν
573 769 712 816 αὐτοὺς,
743 769 862 820 ὥσπερ
888 768 1115 818 ἀμειὸόμενος

96 827 158 873 τὴν
178 828 294 879 χάριν,
325 830 384 867 καὶ
415 833 526 880 τιμῶν
549 828 669 871 αὐτοὺς
689 830 731 866 δι’
754 823 800 865 ῶν
821 828 941 865 ἐποίει.
959 827 1115 876 Ἡμέρας

97 888 131 925 δὲ
154 889 356 940 γενομένης,
374 890 580 928 ἀπέστειλαν
607 892 638 926 οἱ
656 888 844 941 στρατηγοὶ
864 885 942 929 τοὺς
967 886 1113 937 ῥαὸδού-

94 964 197 1000 χους,
223 949 379 1001 λέγοντες
394 966 401 973 ·
424 950 595 988 ἀπόλυσον
620 949 698 990 τοὺς
727 945 926 997 ἀνθρώπους
953 944 1112 987 ἐκείνους.

93 1009 277 1060 Ἴίγνωσαν
301 1010 383 1052 ἴσως
410 1009 449 1047 τὸ
480 1009 617 1060 γεγονὸς
650 1010 680 1045 οἱ
713 1005 928 1058 στρατηγοὶ,
958 1005 1017 1041 καὶ
1052 1007 1113 1042 οὐκ

93 1069 250 1119 ἐτόλμων
270 1071 328 1120 ἀφ’
347 1072 476 1106 ἑαυτῶν
501 1071 648 1119 ἀφεῖναι.
670 1066 873 1116 Ἀπήγγειλε
894 1065 929 1102 δὲ
949 1068 966 1102 ὁ
986 1066 1113 1115 δεσμο-

93 1128 202 1180 φύλαξ
215 1128 292 1171 τοὺς
307 1128 427 1180 λόγους
447 1130 465 1148 *
480 1127 620 1170 τούτους
639 1127 723 1178 πρὸς
740 1127 797 1164 τὸν
822 1126 964 1163 Παῦλον
984 1125 1112 1176 φήσας,

91 1188 144 1225 ὅτι
163 1188 421 1226 ἀπεστάλκασιν
445 1190 476 1225 οἱ
501 1187 709 1238 στρατηγοὶ,
730 1189 785 1223 ἵνα
816 1187 1022 1230 ἀπολυθῆτε.
1040 1187 1113 1223 Νῦν

91 1242 147 1286 οῦν
168 1247 358 1292 ἐξελθόντες
387 1248 572 1301 πορεύεσθε
602 1250 635 1285 ἐν
670 1247 801 1299 εἰρήνῃ.
831 1246 875 1284 ‘O
906 1245 941 1283 δὲ
974 1248 1113 1289 Παῦλος

91 1309 155 1361 ἔφη
175 1310 260 1361 πρὸς
287 1309 407 1352 αὐτούς
422 1325 430 1332 ·
459 1309 630 1360 δείραντες
648 1311 743 1358 ἡμᾶς
771 1306 947 1359 δημοσία,
971 1309 1111 1344 ἀκαταα

90 1370 246 1423 κρίτους,
273 1369 472 1421 ἀνθρώπους
497 1368 695 1419 “Ρωμαίους
722 1367 960 1419 ὑπάρχοντας,
990 1367 1113 1405 ἔὸαλον

90 1432 138 1473 εἰς
157 1431 322 1482 φυλακήν.
352 1430 421 1468 Καὶ
449 1434 504 1467 νῦν
536 1429 648 1480 λάθρᾳ
675 1432 768 1478 ἡμᾶς
798 1427 1030 1474 ἐκέάλλουσι,
1060 1428 1112 1465 Οὐ

90 1491 177 1543 γάρ·
199 1490 287 1528 ἀλλὰ
308 1490 461 1532 ἐλθόντες
476 1489 571 1527 αὐτοὶ
590 1493 684 1539 ἡμᾶς
699 1487 975 1539 ἐξαγαγέτωσαν.
994 1487 1114 1539 Ἀνήγ-

89 1553 207 1603 γειλαν
236 1551 270 1589 δὲ
290 1558 359 1595 τοῖς
391 1556 596 1602 στρατηγοῖς
622 1553 653 1587 οἱ
689 1549 876 1601 ῥαέδοῦχοι
902 1547 946 1585 τὰ
973 1548 1113 1598 ῥήματα

90 1617 220 1650 ταῦτα·
247 1613 306 1650 καὶ
335 1612 555 1663 ἐφοὸήθησαν
596 1610 823 1655 ἀκούσαντες,
856 1608 910 1647 ὅτι
940 1607 1112 1658 Ῥωμαῖοι

91 1673 168 1712 εἷσί.
190 1673 259 1711 Καὶ
275 1672 464 1716 ἐξελθόντες
484 1672 725 1722 παρεκάλεσαν
746 1669 884 1716 αὐτοὺς,
907 1669 965 1706 καὶ
982 1669 1112 1720 ἐξαγα-

90 1734 207 1786 γόντες
220 1734 362 1786 ἠρώτων
379 1733 523 1777 ἐξελθεῖν
542 1736 604 1778 τῆς
615 1731 762 1774 πόλεως.
785 1729 1001 1774 Ἐξελθόντες
1022 1730 1056 1768 δὲ
1073 1732 1113 1768 ἐκ

91 1798 153 1841 τῆς
172 1797 328 1848 φυλακῆς
342 1825 351 1842 ,
369 1796 526 1839 εἰσῆλθον
547 1793 631 1844 πρὸς
650 1792 713 1839 τὴν
739 1791 881 1836 Λυδίαν,
901 1791 960 1829 καὶ
985 1791 1112 1834 ἰδόντες

90 1856 168 1900 τοὺς
185 1855 350 1908 ἀδελφοὺς
368 1854 609 1906 παρεκάλεσαν
623 1852 761 1900 αὐτοὺς,
780 1852 840 1890 καὶ
860 1852 1011 1898 ἐξῆλθον.
1038 1852 1109 1890 Καὶ

945 1916 958 1931 ‘¹
973 1911 1112 1964 ἐξέρχε-

90 1993 165 2016 ται·
185 1978 279 2029 τάχα
299 1976 355 2014 διὰ
374 1975 436 2022 τὴν
457 1974 669 2021 Λυδίαν,καὶ
688 1973 766 2016 τοὺς
788 1974 913 2016 ἀλλους
933 1973 1109 2024 ἀδελφούς·

90 2039 112 2084 ἢ
147 2039 206 2076 καὶ
235 2038 348 2090 φοὸῶν
384 2036 526 2082 αὐτοὺς,
558 2034 614 2072 ἵνα
644 2034 693 2086 μὴ
728 2037 936 2085 νομισθῶσιν
966 2033 1111 2079 ἠξιωκό-

88 2116 142 2143 τες
160 2097 467 2142 ἀπολελύσθαι,καὶ
485 2095 541 2133 ἵνα
570 2095 629 2134 καὶ
649 2095 726 2138 τοὺς
746 2096 868 2137 ἄλλους
882 2097 916 2133 ἐν
932 2094 1112 2147 παρρησίᾳ

90 2159 348 2205 καταστήσωσι.
376 2159 566 2210 Τριπλοῦν,
598 2155 793 2207 ἀγαπητοὶ,
812 2155 852 2192 τὸ
877 2153 1037 2205 ἔγκλημα
1053 2150 1108 2202 ἦν,

88 2220 142 2258 ὅτι
170 2221 229 2259 καὶ
248 2218 464 2270 Ῥωμαίους,
496 2218 555 2256 καὶ
577 2216 849 2268 ἀκατακρίτους,
870 2215 929 2252 καὶ
958 2214 1110 2266 δημοσίᾳ

89 2281 210 2319 {eoam
241 2283 287 2323 εἰς
312 2279 482 2332 φυλακήν.
511 2278 636 2330 Ὁρᾷς,
661 2278 713 2314 ὅτι
733 2276 792 2314 καὶ
824 2275 1023 2328 ἀνθρώπινα
1050 2292 1110 2314 κα<

88 2341 290 2385 τεσκεύαζον
325 2340 454 2378 πολλά.
486 2338 730 2389 Ἐξετάσωμεν
765 2337 850 2390 πρὸς
878 2337 1013 2384 ἐκείνην
1046 2337 1109 2384 τὴν

87 2402 195 2440 νύκτα
226 2401 355 2445 ταύτας
390 2400 450 2444 τὰς
484 2399 630 2447 νύκτας,
661 2398 742 2437 ἔνθα
767 2400 881 2449 κῶμοι
910 2398 970 2436 καὶ
1006 2399 1108 2449 μέθαι

87 2463 146 2502 καὶ
164 2463 359 2514 ἀσέλγειαι,
382 2461 461 2499 ἔνθα
484 2460 589 2503 ὕπνος
611 2460 757 2498 θανάτου
779 2459 873 2497 οὐδὲν
895 2457 1106 2507 διεστηκὼς,

87 2524 166 2562 ἔνθα
186 2522 374 2574 ἀγρυπνίαι
393 2521 499 2560 ὕπνου
517 2520 776 2572 χαλεπώτεραι.
796 2522 843 2558 Οἱ
871 2519 932 2570 μὲν
962 2519 1029 2572 γὰρ
1045 2536 1107 2558 κα-

86 2584 258 2623 θεύδουσιν
285 2582 561 2628 ἀνεπαισθήτως,
581 2583 612 2618 οἱ
632 2580 667 2619 δὲ
695 2579 921 2633 ἐγρηγόρασιν
954 2582 1109 2623 ἐλεεινῶς

87 2645 146 2684 καὶ
166 2645 302 2692 ἀθλίως,
317 2643 435 2686 δόλους
449 2642 647 2695 ῥάπτοντες,
662 2642 748 2694 ὑπὲρ
761 2642 955 2695 χρημάτων
972 2641 1109 2694 φροντί-

87 2713 212 2755 ζοντες,
223 2709 314 2751 ὅπως
326 2706 525 2758 ἀμύνωνται
537 2705 614 2748 τοὺς
629 2706 831 2748 ἀδικοῦντας
846 2705 1108 2751 σπουδάζοντες,

88 2770 213 2823 ἔχθραν
242 2770 464 2820 μελετῶντες,
488 2768 629 2819 ῥήματα
649 2766 834 2818 ὖὸριστικὰ
860 2768 935 2817 μεθ’
972 2766 1107 2818 ἡμέραν

88 2829 351 2880 ἀναλεγόμενοι·
372 2829 460 2867 οὕτω
474 2829 513 2866 τὸ
534 2834 602 2880 πῦρ
619 2827 826 2866 σκαλεύουσι
844 2831 905 2874 τῆς
925 2829 1044 2879 ὀργῆς,
1062 2826 1107 2864 τὰ

89 2890 246 2941 ἀφόρητα
270 2890 503 2941 ἐργαζόμενοι.
517 2889 649 2927 Σκόπει
674 2892 747 2932 πῶς
763 2888 897 2940 Πέτρος
911 2889 1105 2927 ἐκάθευδεν.

88 2953 328 3000 Οἰκονομικῶς
350 2952 459 2988 ἐκεῖνο
477 2950 632 3002 γέγονεν·
650 2953 667 2988 ὁ
687 2950 832 3001 ἅγγελος
853 2950 921 3002 γὰρ
953 2949 1106 3000 παρεγέ-

88 3027 181 3056 νετο,
200 3010 260 3048 καὶ
280 3011 399 3049 οὐδένα
414 3013 520 3062 ἐχρῆν
544 3012 625 3049 ἰδεῖν
644 3011 684 3049 τὸ
703 3010 902 3062 γενόμενον·
922 3011 982 3048 καὶ
1006 3015 1106 3049 τοῦτο

87 3072 191 3110 πάλιν
208 3073 323 3114 καλῶς
335 3100 345 3118 ,
367 3071 423 3109 ἵνα
441 3074 578 3124 κωλυθῇ
596 3076 614 3110 ὁ
634 3070 853 3123 δεσμοφύλαξ
873 3073 1004 3110 ἀνελεῖν
1023 3074 1105 3110 ἑαυ-

85 3132 158 3171 τόν.
180 3131 250 3171 Καὶ
271 3131 326 3169 διὰ
343 3131 377 3170 τί
395 3132 443 3182 μὴ
466 3133 550 3170 ἄλλο
567 3139 708 3184 σημεῖον
729 3132 885 3184 γέγονεν,
906 3132 989 3171 εὈτι
1004 3136 1105 3171 τοῦτο

90 1920 158 1955 τῶν
178 1918 380 1968 στρατηγῶν
403 1914 632 1961 δηλωσάντων
663 1915 681 1950 ὁ
700 1914 841 1955 Παῦλος
856 1914 918 1950 οὒκ

132 3272 148 3285 ⁸
173 3273 314 3314 [τούτους
330 3271 423 3303 abest
437 3272 471 3303 in
493 3272 531 3304 C.
550 3280 583 3305 et
599 3273 640 3305 D,
662 3285 802 3316 quorum
828 3273 881 3306 ille
906 3285 984 3308 mox
1008 3280 1092 3321 φησίν

87 3334 148 3366 Γ,Γο
166 3332 269 3367 φήσας.
283 3324 318 3355 Β.
336 3328 385 3357 τὸν
403 3327 486 3366 λόγον
502 3328 574 3369 πρὸς
591 3328 708 3365 αὐτοὺς,
723 3330 767 3359 ὅτι
784 3326 908 3367 duzan]

2077 197 2100 210 ,-

1286 209 1447 239 nomm
1487 209 1646 239 xxxw.
2078 195 2165 241 305

1188 289 1236 327 rit
1253 290 1466 328 admiratio?
1495 293 1558 330 51.
1581 291 1640 329 At
1670 290 1731 327 illi
1758 286 1939 328 dixerunt
1958 305 1968 325 :
1984 290 2104 327 Crede
2127 293 2169 327 in

1189 351 1403 388 Dominum
1428 352 1561 389 Jesum
1591 353 1801 397 Christum,
1828 359 1864 388 et
1887 351 2019 388 salvus
2039 354 2111 389 eris
2128 360 2169 388 tu

1188 419 1225 447 et
1238 411 1372 449 domus
1390 420 1467 449 tua.
1486 413 1547 449 52:
1567 413 1618 449 Et
1649 412 1798 463 loquuti
1827 420 1917 448 sunt
1945 413 1980 447 ei
2006 414 2170 449 verbum

1188 471 1362 518 Domini,
1382 480 1418 509 et
1437 474 1612 510 omnibus
1641 475 1707 524 qui
1726 480 1836 509 erant
1861 475 1902 508 in
1931 473 2044 509 domo
2072 474 2167 524 ejus.

1189 531 1282 577 Quia
1301 532 1418 569 statim
1447 533 1584 582 loquuti
1605 541 1684 570 sunt
1701 533 1769 580 illi,
1789 532 2013 570 declararunt
2032 532 2169 570 miseri-

1189 592 1346 629 cordiam
1363 607 1444 643 erga
1463 593 1580 631 illuni.
1597 594 1658 631 55.
1680 595 1734 630 Et
1753 597 1933 630 assumtis
1953 594 2031 631 illis
2051 596 2092 630 in
2108 607 2171 630 ea-

1189 654 1275 689 dem
1295 655 1391 690 liora
1408 656 1541 699 noctis,
1556 655 1651 690 lavit
1663 654 1801 704 plagas
1821 668 1950 690 eorum
1968 669 1978 689 :
1994 662 2031 690 et
2047 656 2171 704 bapti-

1189 721 1299 749 zatus
1320 721 1375 749 est
1401 715 1493 763 ipse,
1516 721 1553 749 et
1575 715 1697 749 omnis
1722 714 1856 750 domus
1875 716 1955 765 ejus
1972 717 2167 751 continuo.

1188 773 1250 808 54.
1269 773 1440 823 Cumque
1456 773 1697 822 perduxisset
1719 786 1780 809 eos
1807 776 1849 809 in
1868 774 2022 810 domum
2044 788 2151 810 suam
2156 804 2168 820 ,

1188 834 1364 882 apposuit
1376 844 1562 875 mensam,
1582 840 1619 868 et
1636 833 1847 868 exsultavit
1865 846 1949 868 cum
1964 842 2044 870 tota
2060 835 2173 870 domo

1187 891 1346 927 credens
1363 891 1459 928 Deo.
1471 890 1577 928 Lavit
1591 905 1660 937 eos,
1680 890 1781 940 quasi
1799 892 1950 941 gratiam
1969 893 2174 943 rependens,

1187 950 1289 991 etsie
1319 950 1399 987 illos
1428 951 1621 988 honorans.
1648 952 1712 988 55.
1737 953 1791 988 Et
1824 965 1911 988 cum
1943 953 2023 989 dies
2042 953 2175 1003 factus

1186 1019 1296 1056 esset,
1314 1013 1501 1048 miserunt
1521 1014 1770 1062 magistratus
1793 1012 1960 1058 lictores,
1984 1013 2173 1050 dicentes:

1186 1071 1351 1108 Dimitte
1370 1072 1542 1108 homines
1557 1072 1657 1109 illos.
1675 1072 1923 1122 Cognoverant
1938 1072 2027 1109 forte
2042 1072 2174 1110 factum

1186 1131 1424 1181 magistratus,
1437 1141 1471 1169 et
1481 1146 1549 1169 non
1564 1131 1741 1169 audebant
1757 1147 1820 1184 per
1837 1133 1970 1185 seipsos
1982 1133 2173 1171 dimittere.

1186 1192 1249 1230 56.
1264 1193 1472 1231 Nuntiavit
1489 1202 1616 1230 autem
1631 1202 1759 1231 custos
1774 1197 1940 1232 carceris
1956 1196 2078 1232 verba
2094 1196 2176 1232 lzoec

1185 1252 1327 1298 Paulo,
1359 1253 1491 1290 dicens
1510 1269 1520 1288 .·
1536 1254 1729 1290 Miserunt
1762 1258 2025 1305 magistratus,
2051 1263 2092 1291 ut
2114 1256 2173 1291 di-

1185 1315 1406 1350 mittamini.
1432 1315 1548 1352 ]Vunc
1567 1317 1685 1365 igitur
1718 1324 1911 1361 exeuntes,
1935 1319 1986 1352 ite
2003 1319 2044 1352 in
2062 1330 2170 1367 pace.

1182 1375 1336 1411 Paulus
1358 1383 1487 1411 autem
1507 1376 1607 1412 dixit
1627 1379 1680 1413 eis
1701 1391 1708 1412 :
1727 1377 1789 1414 57.
1810 1378 1936 1414 Ccesos
1958 1391 2024 1415 nos
2044 1378 2174 1428 publi-

1183 1447 1238 1479 ce,
1263 1435 1520 1480 indemnatos,
1552 1436 1726 1473 homines
1753 1437 1964 1482 Romanos,
1990 1440 2174 1475 miserunt

1183 1498 1225 1532 in
1239 1509 1432 1533 carcerem
1441 1512 1455 1540 ,·
1471 1505 1507 1533 et
1523 1510 1624 1533 nunc
1640 1497 1789 1534 occulte
1805 1511 1872 1535 nos
1889 1500 2072 1549 ejiciunt?
2084 1500 2174 1535 Non

1182 1557 1252 1601 ita,
1272 1556 1341 1593 sed
1356 1558 1535 1603 veniant,
1550 1555 1615 1594 58.
1633 1565 1669 1593 et
1689 1559 1763 1608 ipsi
1783 1570 1852 1594 nos
1872 1559 2042 1609 ejiciant.
2060 1559 2174 1595 Nun-

1183 1619 1331 1654 tiarunt
1352 1625 1481 1654 autem
1503 1620 1793 1668 magistratibus
1816 1619 1968 1655 lictores
1985 1619 2066 1656 hcec
2085 1633 2174 1656 ver-

1183 1679 1232 1714 ba
1247 1693 1257 1713 .·
1276 1681 1559 1729 timueruntque
1575 1680 1789 1728 audientes,
1809 1679 1913 1731 quod
1928 1680 2097 1716 Romani
2113 1693 2174 1717 es-

1180 1747 1276 1776 sent.
1298 1739 1362 1776 59.
1381 1741 1435 1776 Et
1453 1742 1592 1790 egressi
1609 1740 1803 1790 deprecati
1819 1748 1910 1777 sunt
1932 1754 2010 1786 eos,
2027 1750 2064 1778 et
2081 1742 2171 1778 edu-

1135 1802 1160 1831 D
1182 1806 1263 1835 ctos
1304 1789 1519 1850 rogabant,
1558 1807 1599 1836 ut
1635 1800 1907 1850 egrederentur
1939 1814 1960 1837 e
1995 1802 2169 1837 civitate.

1180 1858 1244 1896 40.
1262 1860 1419 1910 Egressi
1437 1867 1568 1896 autem
1582 1860 1629 1896 de
1648 1873 1814 1905 carcere,
1834 1862 1996 1911 ingressi
2012 1869 2101 1897 sunt
2121 1862 2176 1897 ad

1181 1919 1374 1966 Lydiam:
1390 1927 1426 1956 et
1442 1920 1747 1970 visisfi‘atribus
1767 1920 1964 1957 exhortati
1981 1929 2070 1956 sunt
2090 1934 2167 1965 eos,

1180 1987 1217 2015 et
1236 1979 1402 2030 projecti
1418 1987 1519 2016 sunt.
1535 1978 1656 2015 Etiam
1675 1979 1943 2029 magistratibus
1962 1979 2173 2018 denuntian-

1179 2037 1276 2075 tibus
1299 2038 1432 2075 Paulus
1463 2052 1533 2075 non
1559 2038 1649 2087 exit,
1672 2039 1762 2076 forte
1780 2048 1924 2091 propter
1948 2039 2120 2092 Lydiam,
2140 2050 2173 2078 et

1180 2097 1266 2136 alios
1286 2099 1430 2147 fratres,
1450 2099 1508 2136 vel
1540 2107 1580 2135 ut
1611 2108 1737 2136 terreat
1767 2099 1863 2145 illos,
1897 2114 1940 2137 ne
1968 2110 2175 2152 putarentur

1180 2169 1307 2210 rogatu
1339 2174 1402 2197 suo
1436 2160 1576 2197 dimissi
1609 2160 1731 2207 fuisse,
1757 2170 1797 2198 ut
1824 2161 1930 2199 etiam
1965 2162 2046 2198 aliis
2074 2162 2173 2198 fidu-

1180 2220 1271 2257 ciam
1291 2220 1464 2259 inderent.
1481 2221 1646 2272 Triplex,
1659 2221 1792 2271 dilecti,
1810 2221 1943 2260 crimen
1971 2231 2044 2259 erat
2058 2238 2065 2258 τ
2078 2224 2175 2272 quod

1180 2281 1372 2331 Romanos,
1395 2281 1491 2331 quod
1521 2295 1591 2318 non
1621 2281 1806 2319 damnatos
1822 2312 1832 2331 ,
1853 2282 1947 2332 quod
1970 2283 2114 2334 publice
2135 2285 2172 2322 in

1179 2354 1353 2378 carcerem
1368 2341 1606 2392 conjecissent.
1617 2342 1732 2380 Vides
1750 2342 1831 2379 illos
1846 2342 2003 2393 plurima
2018 2343 2173 2381 humano

1178 2415 1276 2438 more
1294 2401 1429 2453 fecisse.
1445 2401 1693 2451 Exquiramus
1714 2411 1853 2439 noctem
1873 2402 1987 2453 illam,
2008 2417 2090 2440 cum
2111 2418 2174 2441 110-

1179 2462 1295 2500 ctibus
1328 2462 1457 2501 nostris
1496 2462 1755 2514 comparando,
1795 2463 1857 2501 ubi
1888 2465 2172 2514 comessationes,

1179 2523 1348 2573 ebrietas,
1378 2523 1525 2561 lascivia
1533 2539 1543 2573 3
1562 2523 1625 2560 ubi
1644 2537 1787 2561 somnus
1807 2538 1824 2560 a
1849 2533 1963 2562 morte
1981 2526 2074 2563 nihil
2095 2526 2171 2562 dif-

1178 2585 1303 2634 ferens,
1320 2584 1382 2621 ubi
1393 2583 1527 2634 vigiliae
1543 2598 1665 2621 somno
1681 2584 1758 2635 ipso
1776 2584 1969 2634 graviores.
1988 2586 2063 2622 Alii
2076 2586 2171 2623 enim

1179 2645 1382 2694 dormiunt,
1404 2644 1453 2681 ita
1472 2653 1511 2681 ut
1530 2645 1620 2682 nihil
1641 2644 1815 2692 sentiant;
1835 2644 1896 2681 alii
1917 2645 2171 2684 miserabiliter

1178 2707 1347 2757 vigilant,
1368 2705 1468 2743 dolos
1487 2714 1674 2753 struentes,
1697 2705 1741 2742 de
1759 2705 1920 2757 pecuniis
1942 2715 2114 2755 curantes,
2132 2716 2171 2744 Ut

1180 2767 1398 2805 ulciscantur
1417 2780 1474 2804 eos
1489 2766 1548 2816 qui
1571 2780 1606 2803 se
1625 2766 1791 2803 laeserunt
1809 2765 2002 2816 studentes,
2019 2767 2171 2804 inimici-

1178 2829 1243 2866 tias
1273 2827 1494 2876 meditantes,
1514 2827 1625 2866 verba
1643 2827 1897 2865 contumeliosa
1916 2837 2091 2865 transacto
2111 2828 2170 2866 die

1177 2903 1295 2927 secum
1309 2897 1530 2940 reputantes:
1548 2888 1598 2925 sic
1612 2888 1672 2925 irae
1688 2887 1803 2939 ignem
1820 2888 2049 2938 succendunt,
2064 2897 2097 2926 ct
2113 2889 2167 2926 in-

1177 2950 1374 2988 tolerabilia
1395 2958 1610 3001 perpetrant.
1632 2949 1814 3001 Perpende
1836 2949 2013 2999 quomodo
2042 2952 2168 2987 Petrus

1176 3011 1386 3049 dormiebat.
1416 3011 1483 3047 Per
1509 3009 1808 3062 dispensationem
1827 3010 1919 3047 illud
1940 3011 2074 3048 factum
2093 3019 2165 3048 est:

1178 3072 1323 3124 angelus
1353 3071 1446 3109 enim
1477 3070 1635 3121 advenit,
1661 3071 1905 3121 neminemque
1927 3085 2003 3108 rem
2032 3080 2165 3123 gestam

1179 3132 1267 3171 scire
1285 3132 1485 3185 oportebat,
1506 3141 1539 3169 et
1558 3132 1625 3170 hoc
1646 3131 1735 3169 hene
1761 3131 1913 3180 factum,
1933 3141 1971 3170 ut
1988 3145 2030 3170 nc
2048 3141 2166 3170 custos

1200 3285 1214 3300 ⁸
1237 3274 1297 3307 Alii
1317 3279 1485 3321 ἐξέρχεται,
1506 3278 1585 3308 ἀλλὰ
1601 3278 1648 3308 καὶ
1665 3277 1712 3308 διὰ
1728 3280 1781 3314 τὴν
1797 3276 1912 3308 Λυδίαν,
