2502 3810
728 256 771 285 ΙΝ
807 257 948 286 EPIST.

982 255 1040 285 AD
1076 254 1184 285 ROM-

1227 253 1380 285 nomm.
1420 254 1530 284 xxx.
2094 236 2121 280 8
2135 251 2187 298 ¹9

111 337 219 376 Ταῦτ’
234 329 290 374 οὖν
306 334 434 377 εἰδότες
450 334 702 386 ὑποδεχώμεοα
716 336 793 379 τοὺς
808 336 946 388 ἁγίους,
965 336 1021 374 ἵνα
1038 333 1128 386 λάμ·
1151 338 1174 366 l)
1200 333 1354 385 hospitio
1375 333 1642 386 suscipiebant?
1672 332 1755 370 Haec
1785 345 1866 370 cum
1898 331 2066 381 sciamus,
2101 345 2184 368 san-

111 412 160 447 πῃ
178 400 199 442 ἡ
220 396 332 441 οἰκία,
351 395 407 433 ἵνα
428 396 694 442 ἀπαλλάττηται
712 400 779 434 τῶν
804 400 973 442 ἀκανθῶν,
998 396 1054 433 ἵνα
1075 398 1128 433 λι·

113 456 181 505 μὴν
195 456 335 506 γένηται
348 455 387 493 τὸ
404 455 595 505 δωμάτιον·
614 457 672 494 καὶ
689 456 938 508 ὑποδεχώμεθα
949 486 958 504 ,
978 456 1037 494 καὶ
1052 454 1130 497 τοὺς

111 516 220 558 πόδας
237 517 424 566 νίπτωμεν.
445 518 520 554 Οὐκ
540 510 571 554 εἷ
583 516 623 554 σὺ
639 520 702 564 τῆς
720 517 858 569 Σάῤῥας
880 517 1025 568 βελτίων
1051 514 1128 553 οὐδὲ

112 577 333 628 εὐγενεστέρα
366 577 442 614 οὐδὲ
476 579 718 629 εὐπορωτέρα,
753 577 816 617 κᾶν
857 578 1043 628 βασίλισσα
1076 571 1129 627 ᾗς.

111 640 144 676 Τ
149 638 338 691 ριακοσίους
370 643 449 689 γοῦν
482 639 540 676 καὶ
562 638 798 676 δεκακαιοκτὼ
825 641 1008 688 οἰκογενεῖς
1039 630 1130 687 εἶχεν

111 699 223 746 ἐκείνη
240 730 248 746 ,
267 699 323 737 ὅτε
340 700 398 737 καὶ
417 699 455 737 τὸ
484 699 542 736 δύο
558 701 684 742 παῖδας
713 699 803 750 ἔχειν
825 699 970 740 πλοῦτος
987 692 1041 743 ἦν.
1061 697 1130 734 Καὶ

111 760 145 797 τί
173 760 265 810 λέγω
296 759 513 811 τριακοσίους
532 760 590 797 καὶ
613 758 851 797 δεκακαιοκτὼ
874 758 1033 803 οἰκέτας,
1053 757 1129 804 Τὴν

111 821 315 870 οἰκουμένην
336 821 474 858 ἅπασαν
495 823 528 858 ἐν
546 823 594 870 τῷ
617 820 793 872 σπέρματι
811 819 870 857 καὶ
887 825 962 861 ταῖς
978 820 1130 869 ἐπαγγε-

110 881 201 924 λίαις
223 882 408 928 ἐκέκτητο,
427 880 484 919 τον
503 896 562 917 του
578 882 668 918 Θεου
687 881 784 932 φίλον
805 874 938 931 εἷχεν”
917 880 1046 932 ανδρα,
1069 880 1132 916 αὐ-

110 957 168 979 τον
197 958 255 980 τον
285 942 374 980 Θεὸν
392 941 604 992 προστάτην,
626 941 644 978 ὃ
664 940 780 985 πάσης
803 939 981 990 βασιλείας
1016 941 1132 989 μεῖζον

109 1005 164 1047 ἠν.
185 1001 276 1039 Ἀλλ’
298 1002 391 1051 ὅμως
406 1004 439 1038 ἐν
457 1000 610 1051 τοσαύτῃ
630 1004 714 1038 οὐσα
732 1015 774 1036 πε
781 999 937 1051 ριφανείᾳ
956 1015 1016 1036 και
1037 998 1093 1036 δό
1080 1014 1131 1049 ῃ,

1200 402 1271 430 ctos
1290 393 1521 445 excipiamus,
1547 403 1587 430 ut
1608 392 1789 445 splendeat
1811 392 1949 440 domus,
1971 401 2011 429 ut
2029 406 2048 428 a
2069 390 2183 443 spinis

1199 454 1381 501 liberetur,
1402 463 1441 490 ut
1466 454 1682 491 domuncula
1703 463 1826 505 portus
1848 453 1926 501 fiat3
1947 452 2183 503 excipiamus,

1200 524 1233 552 et
1255 515 1360 566 pedes
1387 515 1530 551 illorum
1551 515 1752 551 abluamus.
1787 515 1865 551 Non
1886 528 1920 551 es
1942 523 1981 551 tu
2003 514 2089 550 Sara
2110 526 2184 549 me-

1200 575 1280 623 lior,
1303 589 1366 612 nec
1384 574 1539 612 nobilior
1557 583 1617 611 aut
1636 575 1760 623 ditior,
1782 574 1921 612 etiamsi
1937 574 2057 625 regina
2081 587 2183 611 esses.

1202 636 1392 673 Trecentos
1413 636 1474 672 illa
1498 649 1539 672 ac
1558 635 1678 672 decem
1698 644 1730 672 et
1749 644 1826 672 octo
1848 635 2055 673 vernaculos
2074 635 2185 672 habe-

1199 695 1277 739 bat,
1307 708 1377 745 quo
1397 705 1554 746 tempore
1578 695 1635 731 vel
1654 694 1742 731 duos
1762 695 1891 731 habere
1911 708 2029 732 servos
2046 693 2185 732 divitiae

1201 764 1312 794 erant.
1337 755 1477 805 Ecquid
1506 755 1587 792 dico
1615 762 1786 791 trecentos
1809 754 1930 791 decem
1959 764 1992 791 et
2010 763 2087 791 octo
2113 754 2185 791 do·-

1202 818 1392 855 mesticosi‘
1424 818 1558 854 Totum
1578 817 1699 854 orbem
1722 816 1757 853 in
1778 817 1908 853 semine
1926 825 1958 853 et
1979 817 2184 868 promissio-

1202 878 1308 917 nibus
1337 877 1539 930 possidebat
1557 893 1564 915 :
1582 877 1701 915 virum
1728 877 1880 914 habebat
1912 877 1981 914 Dei
2011 878 2182 927 amicum,

1204 940 1321 991 ipsum
1337 941 1454 977 Deum
1469 948 1671 991 patronum,
1687 938 1783 988 quod
1799 938 1916 988 regnis
1935 938 2099 975 omnibus
2113 953 2186 975 ma-

1199 1000 1259 1051 jus
1286 1009 1371 1037 erat.
1402 1002 1581 1047 Attamen,
1616 1013 1697 1036 cum
1722 999 1756 1035 in
1775 1007 1872 1035 tanto
1893 997 2079 1049 splendore
2097 1007 2188 1037 esset

111 1062 198 1108 αὐτὴ
214 1062 315 1114 ἔφυρε
331 1061 375 1099 τὰ
388 1062 537 1113 ἄλευρα,
556 1061 670 1098 καὶτὰ
687 1061 776 1098 ἅλλα
793 1060 907 1097 πάντα
925 1061 1131 1106 διηκονεῖτο,
1156 1064 1180 1093 Ε
1203 1070 1234 1098 et
1254 1060 1378 1111 gloria,
1413 1060 1489 1112 ipsa
1520 1060 1671 1097 farinam
1700 1059 1885 1107 miscebat,
1922 1068 1954 1096 ct
1984 1058 2020 1095 in
2040 1058 2186 1108 reliquis

110 1122 169 1159 καὶ
190 1123 409 1172 ἑστιωμένοις
430 1122 656 1173 παρειστήκει
674 1121 778 1159 πάλιν
801 1123 835 1159 ἐν
852 1120 947 1164 τοίξει
964 1125 1133 1172 θεραπαι-

109 1182 210 1225 νίδος.
230 1185 306 1221 Οὐκ
326 1177 357 1220 εἶ
374 1182 414 1221 σὺ
432 1187 490 1221 τοῦ
512 1182 671 1233 Ἀδραὰμ
690 1182 945 1234 εὐγενέστερος,
963 1182 998 1225 ὃς
1024 1182 1067 1220 τὰ
1083 1185 1132 1220 οἷ-

109 1246 218 1280 κετῶν
249 1243 419 1295 ἔπραττε,
442 1242 530 1293 μετὰ
556 1242 601 1280 τὰ
620 1242 772 1295 τρόπαια
799 1245 933 1290 ἐκεῖνα,
961 1242 1048 1293 μετὰ
1068 1242 1132 1286 τὰς

109 1303 222 1350 νίκας,
241 1304 329 1354 μετὰ
349 1303 410 1349 τὴν
427 1303 532 1354 τιμὴν
548 1307 607 1341 τοῦ
632 1302 803 1353 βασιλέως
823 1303 1000 1354 Αἰγύπτου
1014 1333 1023 1351 ,
1042 1303 1131 1353 μετὰ

109 1364 148 1401 τὸ
163 1364 240 1407 τοὺς
253 1366 399 1416 Περσῶν
417 1364 540 1402 ἐλάσαι
557 1366 710 1415 βασιλεῖς
722 1395 731 1411 ,
748 1364 806 1401 καὶ
822 1364 865 1401 τὰ
882 1364 1031 1417 λαμπρὰ
1051 1368 1131 1411 στῆ-

107 1440 168 1462 σαι
189 1424 351 1475 τρόπαια.
372 1426 472 1471 Μηδὲ
491 1429 592 1463 τοῦτο
611 1424 703 1477 ἴδῃς,
723 1425 776 1462 ὅτι
795 1426 970 1469 *εὐτελεῖς
989 1426 1028 1464 τὸ
1049 1442 1130 1477 φαι-

109 1484 248 1535 νόμενον
269 1489 300 1523 οἱ
315 1486 406 1535 ἅγιοι
422 1487 452 1524 οἳ
470 1486 556 1536 πρὸς
574 1485 612 1524 σὲ
639 1485 889 1537 καταγόμενοι,
910 1486 969 1524 καὶ
995 1487 1131 1539 πτωχοὶ

109 1545 168 1582 καὶ
194 1546 458 1597 ῥακοδυτοῧντες
479 1546 667 1592 πολλάκις,
701 1547 777 1584 ἀλλ’
807 1546 940 1593 ἐκείνης
973 1564 1015 1585 υε
1019 1563 1132 1597 μνησο

107 1621 170 1651 της
193 1609 308 1657 φωνῆς
339 1608 399 1651 τῆς
431 1606 616 1657 λεγούσης
646 1606 723 1658 Ego'
756 1605 834 1644 ὅσον
862 1607 1048 1653 ἐποιησατε
1083 1610 1131 1645 ἑνὶ

108 1666 236 1705 τούτων
255 1671 323 1705 τῶν
344 1667 550 1719 ἐλαχίστων,
568 1667 645 1717 ἐμοι
662 1667 868 1713 ἐποιησατε·
889 1667 966 1714 καὶ,
986 1668 1046 1714 Μη
1064 1684 1128 1705 κα-

107 1728 349 1779 ταφρονήσητε
368 1728 440 1771 ἑνὸς
459 1730 526 1764 τῶν
549 1731 682 1780 μικρῶν
702 1727 844 1773 τούτων,
867 1727 920 1765 ὅτι
941 1730 970 1765 οἱ
991 1729 1130 1779 ἄγγελοι

1202 1121 1367 1159 omnibus
1396 1121 1634 1167 ministrabat,
1666 1119 2002 1169 comedentibusque
2026 1118 2189 1156 adstabat

1202 1183 1313 1220 instar
1331 1183 1482 1220 ancillae.
1504 1184 1582 1221 Non
1599 1197 1635 1220 es
1654 1192 1692 1220 tu
1714 1182 1916 1226 Abrahamo
1935 1181 2104 1231 nobilior,
2125 1181 2189 1231 qui

1202 1258 1241 1282 ea
1269 1259 1346 1294 quae
1371 1244 1587 1281 famulorum
1617 1256 1716 1281 eiant
1745 1243 1908 1289 faciebat,
1945 1252 2025 1294 post
2055 1251 2190 1294 tropaea

1200 1306 1278 1355 illa,
1317 1315 1397 1358 post
1436 1306 1607 1343 honoiem
1638 1319 1658 1342 a
1692 1319 1773 1355 iege
1802 1305 1868 1342 AE‘y
1849 1304 1952 1359 gypti
1990 1313 2188 1355 acceptum,

1201 1376 1389 1419 postquam
1404 1381 1501 1418 reges
1520 1368 1709 1404 Persarum
1725 1365 1992 1417 Ι)ΓοίΙί3·-,3νοιειῐ
2019 1373 2052 1401 et
2071 1364 2191 1415 splen-

1200 1429 1285 1466 dida
1301 1438 1461 1470 erexerat
1476 1438 1619 1481 tropaea.
1640 1430 1762 1478 Neque
1780 1426 1962 1478 respicias,
1983 1425 2081 1476 quod
2097 1425 2189 1463 viles

1201 1491 1370 1542 adspectu
1395 1491 1506 1528 sancti
1534 1491 1595 1541 qui
1618 1489 1714 1541 apud
1740 1498 1773 1526 te
1791 1489 1986 1537 divertunt,
2018 1501 2191 1540 pauperes

1201 1560 1234 1588 ct
1254 1552 1400 1603 pannosi
1416 1552 1644 1603 plerumque3
1665 1549 1725 1587 sed
1741 1549 1839 1586 illius
1854 1564 1986 1586 memor
2005 1558 2077 1586 esto
2093 1548 2191 1585 vocis

1201 1612 1375 1649 dicentis:
1397 1614 1594 1663 Quantum
1611 1613 1759 1663 fecistis
1780 1614 1848 1648 uni
1868 1625 1914 1648 ex
1938 1612 1997 1648 his
2021 1612 2191 1647 minimis
2209 1626 2318 1654 asam]
2339 1626 2390 1654 25

1203 1687 1310 1719 meis,
1335 1675 1430 1710 milii
1435 1675 1614 1725 s'eczsti53
1635 1682 1682 1719 et,
1705 1674 1764 1710 lte
1788 1674 2044 1709 contemnatis
2072 1685 2190 1708 unum
2205 1664 2255 1704 40·
2286 1677 2315 1697 0²
2344 1671 2390 1699 ¹8·

1211 1749 1259 1771 er
1291 1736 1351 1772 his
1387 1737 1555 1771 minimis
1596 1736 1717 1779 meis,
1757 1736 1850 1784 quia
1889 1734 2018 1784 angeli
2061 1746 2190 1769 eorum

108 1789 221 1825 αὖῖῶν
238 1788 423 1830 διαπαντὸς
444 1786 611 1838 βλέπουσι
629 1788 668 1826 τὸ
685 1787 870 1839 πρόσωπον
900 1791 958 1825 ‘50U
989 1788 1191 1846 ΠῡῐτρόςηΔ
1204 1809 1350 1846 semper
1381 1796 1518 1832 ‘vident
1542 1796 1695 1847 faciem
1723 1796 1856 1831 Patris
1886 1796 2021 1840 nostri,
2041 1796 2120 1845 ,qui
2149 1796 2191 1830 in

107 1851 207 1899 ἡμῶν
224 1852 294 1887 ’τοῦ
328 1851 361 1887 ἓν
384 1851 559 1900 oopavotg·
579 1847 638 1886 καὶ
672 1847 774 1899 δέχου
813 1848 901 1898 μετὰ
935 1849 1129 1901 πρῦθυμίας
1155 1858 1180 1886 Α
1202 1858 1306 1894 coelis
1326 1865 1406 1894 est:
1425 1856 1575 1906 illosque
1599 1856 1762 1893 alacriter
1789 1855 1927 1907 excipe,
1955 1857 2015 1905 qui
2042 1870 2105 1907 per
2133 1870 2191 1893 sa-

951 1908 1030 1947 ἷιδιὰ
1061 1925 1129 1947 των

108 1909 248 1957 αὐτοὺς,
280 1913 324 1948 τὰ
358 1909 465 1963 μυρία
497 1924 552 1948 σοι
583 1909 788 1960 κομίζοντας
811 1909 924 1960 ἀγαθὰ

107 1973 303 2020 ἀσπασμῶν
316 1974 378 2016 τῆς
395 1970 542 2021 εἰρήνης.
562 1969 631 2007 Καὶ
648 1969 736 2019 μετὰ
755 1973 817 2016 τῆς
835 1970 975 2023 Σάρρας
993 1969 1128 2020 λογίζου

106 2031 164 2068 καὶ
191 2029 254 2076 τὴν
275 2029 479 2077 Ῥεόέκκαν,
503 2030 525 2075 ἣ
546 2030 605 2067 καὶ
626 2030 784 2082 ὑδρεύετο
812 2030 870 2067 καὶ
900 2030 1035 2073 ἐπότιζε
1070 2031 1129 2068 καὶ

104 2091 222 2129 ἐκάλει
241 2091 298 2128 τὸν
319 2090 410 2135 ξένον
432 2091 538 2135 ἔνδον,
561 2090 676 2130 πάντα
699 2090 984 2135 καταπατήσασα
1004 2096 1106 2143 τῦφον
1120 2107 1127 2115 ·

104 2152 162 2190 διά
181 2168 234 2189 τοι
253 2155 354 2190 τοῦτο
373 2151 432 2188 καὶ
453 2151 624 2201 μεγάλους
652 2153 716 2196 τῆς
737 2148 928 2202 φιλοξενίας
949 2152 1127 2201 ἐλάμὸανε

102 2209 179 2253 τοὺς
199 2209 350 2259 μισθούς.
372 2208 421 2247 Σὺ
438 2209 491 2253 δὲ,
513 2211 541 2246 εἰ
563 2208 789 2259 βουληθείης,
809 2209 867 2246 καὶ
887 2208 1020 2259 μείζους
1041 2208 1129 2247 ἐκεί-

102 2285 169 2306 νων
182 2269 291 2321 λήψῃ.
309 2271 363 2307 Οὐ
380 2268 446 2320 γὰρ
460 2269 596 2306 παιδίον
616 2269 718 2319 μόνον
740 2269 842 2306 δώσει
858 2284 911 2307 σοι
930 2273 947 2307 ὁ
964 2270 1053 2312 Θεὸς
1068 2270 1126 2307 τὸν

101 2330 247 2380 καρπὸν,
265 2329 356 2367 ἀλλὰ
379 2330 438 2367 καὶ
456 2329 514 2366 τὸν
542 2330 683 2380 οὐρανὸν
699 2330 758 2367 καὶ
778 2330 822 2367 τὰ
842 2332 913 2368 ἐκεῖ
936 2330 1051 2380 ἀγαθὰ
1067 2330 1128 2368 καὶ

100 2391 240 2441 γεέννης
262 2390 471 2441 ἀπαλλαγὴν
503 2390 563 2428 καὶ
596 2391 860 2442 ἁμαρτημάτων
881 2391 1105 2443 συγχώρησιν
1119 2407 1127 2415 ·

101 2451 159 2488 καὶ
192 2451 260 2501 γὰρ
291 2451 418 2501 μέγας,
439 2451 498 2488 καὶ
529 2450 661 2504 σφόδρα
681 2451 789 2503 με’γας
808 2455 825 2490 ὃ
846 2456 909 2498 τῆς
937 2451 1129 2504 φιλοξενίας

101 2511 244 2562 καρπός.
265 2511 370 2549 Οὕτω
385 2512 444 2548 καὶ
461 2514 478 2548 ὁ
501 2511 609 2562 Ἰοθὸρ
624 2542 633 2559 ,
663 2512 722 2549 καὶ
742 2517 852 2550 ταῦτα
876 2513 1049 2588 βάρδοιρος
1067 2512 1128 2560 ὢν,
1156 2529 1176 2557 [3

101 2570 303 2617 κηδεστὴνε
290 2571 394 2608 ἕλαὸε
410 2570 466 2608 τὸν
485 2587 527 2622 τῃ
544 2573 697 2623 Θαλάττῃ
720 2573 810 2622 μετὰ
827 2573 995 2620 τοσαύτης
1006 2574 1129 2611 ἐπιτά-

104 2631 210 2675 ξαντα
228 2647 291 2675 της
307 2631 482 2675 ἐξουσίας·
512 2631 571 2668 καὶ
601 2632 668 2705 γὰρ
701 2635 736 2670 αἱ
774 2632 957 2684 Θυγατέρες
977 2636 1070 2671 αὐτω
1089 2635 1129 2672 τὸ

100 2692 205 2729 καλον
223 2695 323 2729 τοῦτο
345 2692 521 2743 θήραμα
507 2692 754 2743 εσαγήνευσαν.
776 2695 885 2730 Ταυτ
911 2697 968 2731 οὐν
988 2710 1126 2732 εννοου-

105 2768 173 2799 σα,
192 2752 251 2790 καὶ
270 2752 333 2798 τὴν
351 2752 510 2804 ἀνδρείαν
533 2769 601 2790 των
631 2768 803 2804 γυναικων
824 2753 963 2792 ἐκείνων
990 2757 1126 2806 λογιζο-

100 2812 186 2863 με’νη
212 2813 271 2850 καὶ
295 2813 358 2859 τὴν
384 2813 601 2865 φιλοσοφίαν,
621 2813 870 2860 καταπάτησον
890 2815 948 2853 τὸν
964 2816 1122 2867 παρόντα

97 2878 214 2925 τῦφον,
232 2874 290 2912 τὸν
311 2877 379 2912 τῶν
403 2874 553 2924 ἱματίων
575 2876 840 2926 καλλωπισμὸν,
859 2875 922 2922 τὴν
943 2878 1013 2913 τῶν
1031 2893 1122 2929 χρυ-

98 2934 179 2973 σίων
211 2935 543 2982 πολυτέλειαν,’τῶν
580 2935 696 2987 μύρων
724 2935 787 2982 τὴν
809 2937 953 2989 ἀλοιφήν
970 2953 977 2961 ·
998 2938 1056 2975 καὶ
1083 2939 1123 2976 τὸ

96 2997 338 3034 κατακλᾶσθαι
370 2996 428 3034 καὶ
463 2996 677 3048 ΘρύπτεσΟαι
711 2996 771 3034 καὶ
810 3000 930 3049 ῥυθμῷ
968 2999 1118 3049 βαδίζειν

99 3056 256 3105 ἀφιεῖσα,
274 3061 389 3092 πᾶσαν
405 3056 535 3103 ταύτην
553 3056 615 3103 τὴν
637 3057 840 3107 ἐπιμέλειαν
859 3059 907 3100 εἰς
924 3057 986 3104 τὴν
1003 3059 1118 3110 ψυχὴν

100 3119 283 3171 εἰσάγαγε,
300 3120 360 3158 καὶ
375 3121 431 3159 τὸν
448 3125 516 3159 τῶν
534 3124 688 3175 οὐρανῶν
706 3122 810 3161 πόθον
828 3123 958 3175 ἅναψον
981 3124 1038 3162 ἐπὶ
1059 3127 1121 3170 τῆς

1160 2129 1164 2132 .
1198 2100 1337 2151 spitem,
1358 2099 1454 2136 omni
1473 2099 1605 2136 calcato
1620 2099 1710 2135 fastu
1727 2112 1739 2144 ζ

1201 1917 1389 1954 lutationes
1408 1917 1502 1968 pacis
1530 1917 1713 1953 innumera
1739 1916 1804 1953 tibi
1829 1916 1922 1953 bona
1951 1916 2115 1953 afferunt.
2144 1915 2190 1952 Et

1206 1991 1288 2015 eum
1311 1980 1397 2016 Sara
1416 1977 1521 2014 etiam
1542 1977 1736 2014 Rebeccam
1754 1985 1870 2013 tecum
1893 1986 2031 2028 reputa,
2064 1989 2139 2026 quae
2158 1984 2192 2013 et

1203 2038 1394 2089 adaquavit
1424 2047 1458 2075 et
1485 2047 1609 2089 potum
1630 2037 1742 2084 dedit,
1774 2046 1807 2074 et
1826 2037 1918 2074 intro
1951 2037 2093 2074 vocavit
2122 2036 2192 2074 ho-

1768 2097 1918 2147 ideoque
1936 2111 2099 2148 magnam
2125 2097 2191 2134 ho-

1197 2161 1400 2212 spitalitatis
1421 2160 1557 2212 accepit
1586 2159 1794 2197 mercedem.
1820 2160 1879 2196 Tu
1902 2173 1999 2206 vcro,
2030 2161 2059 2195 si
2081 2158 2188 2211 velis,

1198 2221 1302 2259 etiam
1328 2222 1498 2273 majorem
1523 2221 1684 2272 accipies.
1714 2221 1793 2258 Non
1821 2219 1916 2256 enim
1944 2220 2011 2256 filii
2031 2220 2189 2256 fructum

1197 2283 1422 2320 solummodo
1448 2282 1549 2320 dabit
1569 2282 1634 2319 tibi
1655 2283 1766 2329 Deus,
1800 2281 1861 2318 scd
1881 2281 1986 2318 etiam
2010 2281 2137 2317 caelum
2157 2290 2190 2318 et

1199 2344 1291 2381 bona
1308 2358 1385 2394 quae
1400 2344 1475 2381 illic
1492 2353 1587 2392 sunt,
1610 2352 1714 2394 atque
1731 2358 1750 2379 a
1771 2343 1929 2393 gehenna
1943 2342 2190 2379 liberationem

1197 2407 1497 2456 peccaterumque
1526 2404 1667 2441 veniam
1685 2419 1692 2439 τ
1709 2418 1792 2440 nam
1811 2417 1960 2453 magnus
1980 2411 2045 2450 est,
2069 2402 2191 2452 utique

1201 2480 1351 2516 magnus
1370 2465 1624 2517 hospitalitatis
1644 2465 1795 2501 fructus.
1827 2464 1887 2502 Sic
1910 2473 1943 2501 et
1958 2463 2096 2512 lothor,
2126 2462 2191 2500 etsi

1199 2527 1389 2575 barbarus,
1429 2539 1596 2577 generum
1617 2525 1744 2561 habuit
1772 2524 1887 2571 illum,
1911 2524 1974 2573 qui
1993 2537 2074 2560 cum
2094 2532 2190 2560 tanta

1199 2596 1371 2638 potestate
1403 2586 1493 2623 mari
1526 2584 1839 2636 imperavit:nam
1871 2584 1957 2620 filiae
1986 2585 2062 2634 ejus
2094 2583 2190 2621 hunc

1200 2648 1375 2699 optimum
1390 2655 1558 2683 venatum
1572 2646 1636 2683 reti
1651 2659 1714 2684 suo
1727 2653 1906 2695 ceperunt.
1922 2644 2004 2681 Haec
2017 2644 2188 2694 cogitanS,

1199 2717 1232 2745 et
1250 2708 1441 2744 mulierum
1460 2706 1604 2742 illarum
1620 2705 1829 2743 virilitatem
1846 2703 2085 2753 considerans,
2108 2718 2188 2741 nec-

1200 2782 1269 2806 non
1301 2781 1422 2805 earum
1450 2765 1730 2818 philosophiam,
1765 2774 1974 2818 praesentem
2005 2765 2101 2803 calca
2136 2766 2188 2803 fa-

1199 2838 1306 2876 stum,
1323 2828 1475 2867 vestium
1489 2836 1665 2875 ornatum,
1686 2840 1875 2863 aureorum
1889 2826 2107 2874 varietatem,
2126 2840 2188 2864 un-

1199 2899 1411 2940 guentorum
1441 2903 1569 2936 usum;
1601 2897 1633 2925 et
1652 2887 1759 2925 missa
1786 2885 1937 2924 mollitie
1970 2886 2188 2937 delicataque

1199 2949 1328 3000 agendi
1349 2958 1380 2987 et
1399 2948 1585 2987 incedendi
1610 2948 1759 2996 ratione,
1782 2961 1923 2984 omnem
1946 2947 2046 2984 illam
2066 2961 2187 2985 curam

1199 3010 1235 3047 in
1266 3011 1421 3047 animam
1452 3010 1616 3058 transfer,
1650 3008 1756 3058 inque
1787 3017 1902 3046 mente
1931 3017 1991 3045 tua
2019 3008 2188 3046 caelorum

1198 3071 1417 3109 desiderium
1440 3069 1598 3107 incende.
1624 3070 1715 3107 Nam
1736 3068 1765 3105 si
1792 3077 1825 3105 te
1851 3068 1911 3105 hic
1930 3082 2029 3105 amor
2054 3069 2183 3120 capiat,

1196 3146 1336 3169 coenum
1366 3141 1398 3169 et
1423 3131 1539 3167 lutum
1564 3129 1820 3181 deprehendes,
1852 3138 1885 3166 et
1913 3143 1951 3166 ea
1984 3143 2061 3179 quae
2090 3142 2186 3168 nunc

98 3185 262 3229 διανοίας.
279 3183 340 3224 Ἂν
359 3186 426 3239 γὰρ
441 3182 539 3231 οῧτός
559 3205 597 3227 σε
617 3192 634 3226 ὃ
650 3189 736 3240 ἔρως
753 3189 836 3241 ἕλῃ,
856 3190 932 3242 ὄψει
955 3190 1013 3229 τὸν
1035 3191 1121 3244 βόρ-
1146 3193 1169 3223 C
1195 3193 1338 3230 miraris
1373 3190 1579 3229 deridebis:
1596 3204 1666 3227 non
1690 3198 1804 3242 potest
1831 3189 1925 3227 enim
1958 3190 2088 3228 mulier
2110 3190 2185 3247 spi-

141 3313 151 3322 '
176 3311 325 3352 [εὐτελεῖς
351 3310 490 3344 debetur
506 3312 623 3346 codici
641 3316 675 3348 Α.
695 3315 855 3360 Idemque
872 3319 1029 3361 expressit
1049 3330 1106 3352 ve—

97 3371 149 3395 tus
165 3364 346 3405 InterpreS.
360 3364 451 3396 Ediii
469 3365 610 3410 εὐτελές]

1218 3332 1229 3345 2·
1254 3322 1347 3353 Unus
1361 3318 1475 3354 Codex
1493 3320 1540 3361 [et
1558 3320 1582 3350 A
1594 3320 1616 3361 .]
1630 3321 1678 3353 διὰ
1693 3323 1745 3353 τοῦ
1762 3322 1931 3362 ἀσπασμοῦ.
1965 3315 1969 3318 ⁴

2211 1717 2257 1737 10.
