2502 3810
1008 243 1065 273 DE
1100 239 1336 271 PATtENTm
1348 259 1356 267 .

92 330 204 382 ραζεὶν
225 329 375 375 ἐκάθητο
393 331 435 380 τῇ
461 331 616 379 ὑπομονῇ
648 327 937 381 προσκαρτερῶν,
957 325 1016 362 καὶ
1040 323 1106 361 ὑπὸ

91 383 238 434 κόρακος
269 379 499 433 τρεφόμενος·
521 381 635 419 καίτοι
663 384 680 418 ὁ
710 378 816 430 κόραξ
844 377 985 428 νομικὸν
1017 375 1104 414 ἀκά-

92 440 228 485 θαρτον.
249 434 423 485 Παρέστω
455 437 472 471 6
490 433 666 476 Ἰουδαῖος.
698 434 780 476 Πῶς
799 434 816 469 6
845 428 1027 482 προφήτης
1047 442 1106 466 σου

92 488 157 525 ὑπὸ
175 485 369 537 ἀκαθάρτου
383 486 544 537 ἐτρέφετο
556 503 564 532 ;
578 489 652 528 πῶς
658 489 763 539 Σοῦτο
774 514 783 532 ,
801 482 876 521 εἶπέ
891 496 967 531 μοι,
987 480 1032 519 ‘O
1045 478 1108 529 μὲν
1131 486 1154 515 C

93 541 248 584 Μωϋσῆς
276 537 471 589 ἀκάθαρτον
505 538 621 588 ἔλεγεν
646 541 733 575 εἶναι
762 536 819 574 τὸν
844 534 1002 586 κόρακα·
1021 535 1038 570 6
1073 530 1108 569 δὲ

94 591 273 643 προφήτης
299 607 358 629 σου
386 590 451 628 ὑπὸ
482 591 677 643 ἀκαθάρτου
698 588 760 636 τὴν
795 586 922 642 τροφὴν
959 584 1107 636 ἐδέχετο.

96 646 177 694 Οὐχ
190 645 326 694 ὑπ’ἧρχε
340 642 406 694 γὰρ
426 643 540 695 ἕτερον
560 641 736 689 πετεινόν;
756 641 818 678 οὐκ
836 643 878 686 ἠν
897 640 931 675 ἐν
947 641 989 689 τῇ
1009 636 1108 688 χώρᾳ

97 697 134 733 οὐ
152 694 300 745 τρυγὼν,
320 697 357 732 οὐ
373 696 571 748 περισωτερὰ,
587 694 673 733 διότι
688 694 754 732 ὑπὸ
767 692 913 744 κόρακος
931 689 1110 741 ἐτρέφετο,

97 746 333 798 Ἑρμήνευσόν
356 763 413 796 μοι
430 778 438 793 ,
461 750 489 784 ὠ
505 748 663 794 Ἰουδαῖε,
681 746 744 792 τὴν
758 749 817 783 τοῦ
833 746 987 782 πετεινοῦ
1006 741 1111 787 ζήτη-

99 816 164 838 σιν.
186 801 239 837 Οὔ
268 802 421 845 Μωϋσῆς
446 799 640 850 ἐνομοθέτει
667 798 747 851 περὶ
775 800 834 835 τοῦ
854 795 1025 850 κόρακος,
1054 792 1113 830 καὶ

101 854 134 889 ἐν
152 858 222 895 τοῖς
247 852 454 904 ἀκαθάρτοις
477 852 578 890 αὐτὸν
595 852 746 897 τέθεικε;
767 851 840 891 πῶς
859 852 916 887 οὐν
939 851 957 886 ὑ
977 845 1112 897 προφή-

102 920 176 951 της,
208 903 244 941 ὃν
273 905 467 956 προσδοκᾷς
486 904 671 957 ἔρχεσθαι,
693 907 710 942 6
729 899 946 948 ἐπιὸεῧηκὼς
964 899 1021 938 ἐπὶ
1055 897 1114 949 ἅρ-

103 972 209 1006 ματος
226 957 368 1007 πυρίνου
381 987 391 1005 ,
411 957 469 994 καὶ
488 958 546 1010 τωὸν
565 956 705 1008 οὐρανὸν
722 954 862 996 κλείσας
884 952 940 991 ἐπὶ
958 952 1018 997 ἔτη
1037 950 1117 1002 τρία

102 1009 162 1046 καὶ
180 1013 290 1058 μῆνας
310 1008 362 1053 ἒξ,
381 1011 454 1052 πῶς
481 1013 578 1052 οὑτος
594 1013 612 1047 ὃ
638 1009 680 1046 δι’
696 1009 800 1058 εὐχῆς
816 1005 948 1057 ἐγείρας
967 1002 1118 1057 νεκροὺς,

100 1061 168 1098 ὑπὸ
184 1061 330 1113 κόρακος
348 1061 528 1112 ἐτρέφετο;
549 1063 610 1099 οὐκ
623 1061 773 1106 ἠδύνατο
786 1058 853 1110 γὰρ
873 1061 890 1095 ὃ
904 1058 960 1095 τὸν
977 1055 1117 1107 οὐρανὸν

102 1113 241 1155 κλείσας
261 1113 384 1164 ἄρτους
399 1116 512 1150 ἓαυτῶ
532 1118 749 1164 κατενεγκεῖν
765 1127 774 1157 ;
789 1112 880 1149 Ἀλλ’
903 1109 960 1146 ἵνα
979 1106 1119 1161 σοιξεί-

104 1165 144 1215 ξη
158 1195 168 1212 ,
184 1164 238 1202 ὅτι
266 1168 288 1209 ἡ
315 1165 451 1202 παλαιὰ
470 1153 513 1202 ‘tiit
532 1169 590 1203 τοῦ
616 1165 722 1214 νόμου
744 1164 918 1214 ἀνέτρεπε,
938 1161 1007 1199 Καὶ
1025 1164 1122 1202 οὗτος

105 1217 161 1254 διὰ
193 1217 433 1267 μακροθυμίας
463 1217 522 1254 καὶ
542 1221 715 1267 ὑπομονῆς
734 1216 886 1262 ἀθλήσας
917 1215 1034 1264 διῆγε,
1064 1212 1122 1250 καὶ

107 1270 264 1312 ἅπαντας
289 1267 367 1312 τοὺς
391 1269 508 1321 ἁγίους
529 1269 672 1321 εὕρομεν
695 1271 737 1307 δι’
757 1269 932 1318 ὑπομονῆς
951 1265 1122 1311 ἀθλήσαν-
1146 1277 1170 1305 D

106 1338 179 1365 τας.
197 1321 335 1359 Θέασαι
356 1322 393 1359 δέ
415 1337 496 1372 μοι,
515 1324 543 1360 εἷ
560 1323 664 1370 δοκεῖ,
679 1322 741 1360 καὶ
756 1321 812 1359 τὸν
830 1319 1000 1370 μακάριον
1015 1317 1125 1356 aaut&

108 1375 163 1412 τὸν
180 1373 328 1425 ἔσχατον
345 1377 412 1411 τῶν
432 1374 621 1427 ἀνθρώπων
654 1374 834 1426 γενόμενον
857 1372 916 1409 καὶ
939 1373 1007 1409 τῶν
1027 1371 1126 1408 ἀδελ-

110 1430 180 1478 φῶν
201 1428 318 1473 αὐτοῦ,
346 1425 488 1479 ὕστερον
516 1426 552 1464 δὲ
581 1426 834 1478 βασιλεύσαντα
867 1426 934 1462 τῶν
970 1424 1127 1474 ἀδελφῶν

110 1481 212 1516 αὐτοῦ
231 1495 237 1501 ·
255 1479 315 1516 καὶ
338 1479 395 1516 τὸν
414 1481 616 1525 τηλικοῦτον
637 1478 803 1528 πολέμιον
829 1477 916 1529 λίθῳ
945 1475 1128 1520 κατέὸαλε,

110 1531 168 1569 καὶ
187 1530 249 1577 τὴν
273 1531 436 1582 φάλαγγα
457 1532 561 1569 αὐτοῦ
578 1531 840 1583 καταστρέψας,
861 1529 918 1566 καὶ
952 1527 1014 1574 τὴν
1031 1527 1129 1565 δύνα-

111 1601 168 1633 μιν
197 1585 300 1621 αὐτοῦ
320 1586 367 1627 ὡς
385 1584 540 1635 ἀράχνην
565 1582 760 1624 διασπάσας
772 1598 779 1605 ·
798 1582 857 1620 καί
877 1580 916 1600 '‘³‘'
928 1580 1049 1617 τούτου
1071 1582 1129 1617 τοῦ

111 1636 217 1678 οὕτως
237 1635 450 1682 ἀθλήσαντος
464 1665 472 1678 ,
489 1635 595 1678 οὕτως
617 1637 819 1684 ἐπολεμεῖτο
837 1633 904 1670 ὑπὸ
917 1636 977 1670 τοῦ
1002 1630 1142 1672 Σαούλ,

111 1689 235 1726 Καίτοι
252 1690 436 1739 εὐεργετῶν
455 1683 497 1735 ἦν
507 1688 609 1726 αὐτὸν
618 1687 743 1734 Δαυὶδ,
754 1686 812 1724 καὶ
827 1685 1016 1737 ψάλλοντος
1031 1686 1134 1721 αὐτοῦ

111 1741 149 1778 τὸ
169 1739 345 1790 δαιμόνιον
367 1741 596 1793 ἐδραπέτευε,
616 1739 676 1778 καὶ
703 1739 872 1781 πολλάκις
901 1736 1057 1789 εὑρόντος
1076 1737 1135 1774 αὖ·

112 1793 168 1830 τον
184 1797 242 1830 τοῦ
272 1793 383 1830 Δαυὶδ
397 1795 444 1835 εἰς
472 1792 609 1844 σφαγὴν
636 1791 787 1841 ἕτοιμον,
814 1791 890 1828 ἀλλ’
907 1793 1001 1840 ὅμως
1027 1789 1133 1827 πάλιν

113 1847 154 1895 τῇ
175 1844 374 1889 ἀνεξικακία
389 1847 568 1898 ὑπερορᾷ·
586 1845 645 1883 καὶ
661 1844 830 1886 πολλάκις
857 1845 949 1894 αὐτῷ
970 1841 1136 1879 ἐπελθόν-

113 1914 168 1941 τος
186 1901 245 1935 τοῦ
271 1897 389 1935 Σαοὺλ
419 1897 509 1936 ὥστε
530 1898 631 1936 αὐτὸν
651 1900 870 1941 θανατῶσαι,
885 1895 991 1933 πάλιν
1026 1894 1138 1932 Δαυὶδ

557 1951 625 1964 2'5lx

116 1950 202 2001 πρὸς
221 1949 278 1987 τὸν
297 1949 386 1987 Θεὸν
406 1950 446 1988 τὸ
464 1957 533 1988 πᾶν
553 1958 675 1988 εοιοου.

165 2001 274 2066 (ὈραΙ
294 2002 330 2040 δέ
353 2018 412 2052 μοι
431 2004 490 2040 καὶ
510 2003 567 2040 τὸν
601 2002 772 2053 μακάριον
802 2000 956 2055 'ulmo-*mh
990 1999 1046 2037 τὸν
1075 2002 1138 2045 τῆς
1161 2005 1185 2035 E

116 2070 337 2107 σωφροσυνης
357 2055 566 2104 αγωνιστὴν,
586 2058 661 2099 πῶς
692 2055 752 2092 καὶ
785 2058 882 2097 οὗτος
908 2057 951 2102 τῇ
978 2054 1136 2103 ὑπομονῇ

116 2106 366 2158 ἐφιλοσόφησε·
397 2111 534 2158 πρῶτον
565 2106 626 2157 μὲν
652 2107 720 2160 γὰρ
747 2105 1053 2155 ἐπιδουλευόμενος
1072 2105 1138 2143 ὑπὸ

117 2163 183 2197 τῶν
207 2160 363 2211 ἀδελφῶν
394 2161 451 2198 διὰ
486 2160 529 2197 τὰ
560 2160 735 2212 ὀνείρατα.
757 2159 827 2197 Καὶ
855 2158 919 2210 ὅρα
946 2158 1136 2208 βασκανίαν

117 2214 284 2264 ἀδελφῶν.
305 2213 348 2249 Εἰ
363 2211 425 2262 μὲν
447 2215 558 2258 ἀληθῆ
574 2212 617 2250 τὰ
644 2212 785 2250 ἐνύπνια
799 2242 808 2258 ,
830 2211 882 2256 τίς
903 2209 1045 2262 μηχανὴ
1063 2212 1138 2253 πῶς

121 2264 200 2315 ουχὶ
216 2264 354 2307 πάντως
366 2265 512 2310 ἐκὸἦναι
523 2265 568 2303 τὰ
582 2264 835 2317 προοραθέντα,
854 2266 883 2302 εἷ
900 2263 934 2300 δὲ
953 2264 1089 2314 ψευδεῖς
1104 2264 1139 2299 αἱ

118 2320 185 2354 τῶν
205 2316 391 2370 ὀνειράτων
410 2317 505 2369 ὄψεις
517 2348 525 2364 ,
544 2317 578 2355 τί
597 2317 802 2368 βαρ-καίνετε
821 2318 870 2367 τῷ
890 2316 1138 2367 σφαλλομένῳ;

118 2369 187 2407 Καὶ
207 2368 271 2422 ὅρα
300 2370 339 2407 τὸ
360 2370 570 2420 θαυμαστὸν,
601 2369 773 2421 ἀγαπητέ.
792 2363 896 2407 Εἷδεν
928 2368 1048 2406 ἑαυτὸν
1073 2368 1141 2406 ὑπὸ

120 2421 218 2467 ἡλίου
238 2422 298 2459 καὶ
317 2423 464 2469 σελήνης
482 2422 541 2460 καὶ
561 2423 684 2461 ἕνδεκα
710 2422 863 2474 ἀστέρων
883 2420 1141 2472 προσκυνούμε-

119 2489 192 2511 νον.
213 2473 394 2512 Ἤκουσαν
409 2481 510 2513 τοῧτο
523 2479 554 2514 οἳ
572 2476 695 2513 τούτου
714 2474 855 2526 ἀδελφοὶ
868 2504 879 2521 ,
901 2475 1032 2523 μᾶλλον
1055 2473 1091 2511 δὲ
1111 2474 1142 2511 οἱ

121 2530 181 2564 τοῦ
200 2525 364 2564 διαὸόλου
383 2528 557 2576 μαθηταὶ,
576 2529 607 2564 οἳ
621 2528 717 2580 παρὰ
733 2531 792 2564 τοῦ
808 2526 939 2577 πατρὸς
954 2527 1068 2563 αὐτῶν
1083 2528 1141 2562 τοῦ

123 2577 283 2615 διαὸόλου
305 2579 524 2630 διδαχθέντες
543 2579 662 2630 φθόνον
685 2578 744 2616 καὶ
770 2578 883 2630 φόνον,
903 2577 968 2620 τὰς
993 2576 1143 2627 ἀδελφὰς

125 2633 237 2669 αὐτῶν
258 2631 423 2681 ἀνομίας,
452 2631 492 2674 ἃς
523 2631 583 2669 καὶ
615 2633 754 2674 Παῦλος
785 2629 994 2676 συνέζευξεν,
1017 2628 1143 2667 εἰπών·

128 2683 284 2725 Μεστοὺς
316 2683 439 2735 φθόνου
452 2714 461 2731 ,
492 2683 607 2735 φόνου.
638 2683 818 2721 Ἤκουσαν
853 2681 915 2728 τὴν
951 2680 1146 2731 μέλλουσαν

127 2735 348 2786 διαδέχεσθαι
367 2737 480 2773 αὐτῶν
509 2736 703 2787 βασιλείαν,
719 2735 779 2772 καὶ
798 2734 976 2773 ἐνύττοντο
1002 2737 1062 2771 τοῦ
1091 2737 1148 2770 θα-

128 2791 284 2826 νατῶσαι
301 2788 419 2826 αὐτόν.
440 2788 485 2826 ‘O
504 2788 539 2826 δὲ
570 2788 740 2839 μακάριος
757 2786 888 2838 Ἰωσὴφ
916 2785 979 2831 τὴν
1003 2786 1148 2832 ἄθλησιν

2061 231 2152 278 90⁴.)

1178 321 1371 369 mensibus,
1386 318 1565 370 quomodo
1577 318 1635 355 hic
1655 317 1716 368 qui
1731 317 1886 354 oratione
1904 324 2061 352 mortuos
2078 328 2154 351 sus-

1177 373 1300 411 citavit
1331 387 1350 410 a
1379 386 1485 411 corvo
1518 369 1764 408 nutriebatur?
1793 382 1907 406 annon
1938 375 2074 419 poterat
2107 366 2150 415 is,

1178 425 1240 475 qui
1259 425 1384 462 caelum
1401 425 1587 470 clauserat,
1603 436 1708 474 panes
1727 421 1796 459 sibi
1811 420 2011 459 deducere?
2029 417 2099 458 Sed
2115 427 2155 455 ut

1178 478 1374 515 ostenderet
1389 477 1456 514 tibi
1477 485 1628 515 veterem
1644 475 1758 525 legem
1777 488 1815 511 ea
1834 488 1912 524 qua:
1938 472 2027 523 legis
2056 480 2156 509 erant

1179 538 1346 569 evertere.
1367 529 1414 566 Et
1433 529 1491 566 hic
1509 542 1571 580 per
1585 526 1880 578 perseverantiam
1895 534 1930 563 et
1949 524 2156 576 patientiam

1180 582 1361 620 decertans
1379 581 1491 620 vitam
1509 579 1637 631 exegit,
1651 593 1840 629 omnesque
1858 586 1994 615 sanctos
2007 590 2156 627 compe—

1181 635 1292 672 rimus
1320 648 1382 685 per
1409 633 1617 685 patientiam
1648 640 1873 670 concertasse.
1911 630 2159 681 Contemplare

1182 686 1284 735 mihi,
1305 687 1335 724 si
1353 686 1420 733 vis,
1437 696 1470 723 et
1489 685 1634 723 beatum
1647 684 1835 731 Davidem,
1856 682 2022 720 ultimum
2036 680 2157 719 homi—

1183 753 1283 788 num,
1312 738 1479 776 ultimum
1509 739 1671 784 fratrum,
1706 736 1858 786 denique
1889 743 2092 785 regnantem
2123 733 2160 770 in

1184 793 1309 829 fratres
1324 805 1418 841 suos,
1437 789 1498 840 qui
1525 799 1663 827 tantum
1680 789 1817 826 hostem
1828 787 1945 838 lapide
1959 785 2161 837 prostravit,

1185 853 1219 882 et
1230 844 1441 895 phalangem
1455 843 1529 894 ejus
1550 841 1764 894 profligavit,
1778 840 2018 888 virtutemque
2029 839 2105 890 ejus
2123 846 2162 875 ut

1187 910 1349 934 araneam
1364 895 1448 933 dissi
1455 895 1569 947 pavit3
1586 894 1648 944 qui
1668 903 1784 931 tamen
1799 906 1879 930 cum
1896 892 1942 929 ita
1963 899 2163 942 pugnasset,

1188 965 1208 987 a
1235 949 1340 987 Saule
1367 947 1658 999 impugnabatur,
1681 946 1818 983 etiamsi
1843 945 1895 981 illi
1918 943 2038 981 David
2059 944 2164 980 hene-

1189 1002 1270 1039 ficia
1290 1001 1508 1049 contulisset,
1528 999 1768 1051 psallenteque
1788 998 1851 1034 illo
1872 996 2086 1033 daemonium
2106 995 2165 1031 su·-

1192 1063 1333 1113 garetur
1352 1071 1358 1090 :
1378 1062 1411 1090 et
1439 1066 1518 1089 cum
1554 1065 1646 1103 saepe
1679 1051 1781 1087 illum
1810 1049 1998 1087 invenisset
2034 1046 2167 1092 David,

1193 1117 1240 1144 ita
1263 1116 1301 1144 ut
1332 1106 1435 1143 facile
1451 1104 1609 1142 occidere
1627 1113 1754 1154 posset,
1775 1103 1878 1139 illum
1896 1111 2010 1138 tamen
2030 1098 2168 1150 injuriae

1194 1159 1380 1196 immemor
1401 1158 1549 1194 illaesum
1585 1157 1729 1206 reliquit
1752 1172 1758 1192 :
1777 1164 1807 1192 et
1842 1168 1924 1191 cum
1959 1166 2049 1203 saepe
2087 1150 2172 1188 Sa'ul

1195 1212 1311 1262 ipsum
1345 1210 1531 1248 invasisset
1549 1209 1743 1258 occisurus,
1771 1206 1883 1246 David
1911 1219 2032 1243 rursus
2060 1212 2173 1242 totum

1196 1265 1271 1303 Deo
1288 1263 1537 1303 committebat.

1267 1995 1357 2035 Vide
1378 2003 1496 2032 autem
1518 1993 1607 2031 mihi
1630 2001 1662 2030 et
1680 1993 1824 2032 beatum
1849 1992 2057 2044 Joseplium,
2079 1993 2185 2030 casti—

1211 2049 1292 2086 tatis
1310 2047 1496 2096 athletam,
1522 2046 1699 2096 quomodo
1719 2055 1752 2083 et
1773 2045 1846 2097 ipse
1867 2045 2044 2097 patientia:
2064 2045 2186 2096 philo-

1210 2101 1373 2153 sophiam
1394 2109 1544 2137 sectatus
1569 2099 1626 2137 sit.
1655 2098 1773 2135 Primo
1797 2098 1941 2148 quidem
1961 2097 2101 2135 insidiis
2119 2111 2187 2148 ap-

1209 2154 1341 2205 petitus
1365 2168 1385 2190 a
1409 2152 1579 2190 fratribus
1598 2160 1741 2203 propter
1764 2151 1909 2188 somnia.
1939 2150 1982 2188 Et
2008 2149 2088 2188 vide
2111 2150 2188 2186 fra-

1210 2216 1306 2244 trum
1339 2207 1500 2244 livorem.
1535 2205 1573 2243 Si
1611 2218 1694 2241 vera
1725 2204 1879 2250 somnia,
1914 2217 1984 2253 qua
2027 2202 2191 2239 machina

1211 2259 1287 2296 fieri
1309 2267 1458 2310 poterat,
1483 2266 1521 2294 ut
1540 2271 1617 2307 quae
1638 2256 1784 2308 praevisa
1804 2257 1940 2294 fuerant
1965 2269 2033 2293 non
2054 2254 2190 2292 aecide-

1212 2312 1310 2349 rent?
1338 2311 1369 2349 si
1387 2324 1469 2350 vero
1487 2309 1672 2347 mendaces
1691 2309 1907 2346 somniorum
1924 2308 2089 2356 visiones,
2108 2306 2195 2357 quid

1209 2364 1379 2401 invidetis
1395 2364 1425 2401 ei
1445 2363 1506 2413 qui
1521 2362 1688 2413 deceptus
1707 2362 1780 2399 est?
1799 2362 1851 2399 Et
1860 2361 1945 2399 vide
1961 2375 2035 2398 rem
2048 2361 2191 2405 miram,

1212 2417 1341 2455 dilecte
1360 2435 1366 2452 :
1390 2415 1546 2467 seipsum
1573 2414 1663 2452 vidit
1683 2428 1702 2451 a
1724 2414 1796 2452 sole
1818 2423 1851 2451 et
1868 2415 1952 2451 luna
1972 2422 2004 2451 et
2031 2412 2195 2450 undecim

1213 2470 1322 2507 stellis
1342 2469 1543 2507 adoratum.
1564 2468 1640 2504 Hoc
1658 2467 1845 2504 audierunt
1863 2468 1937 2518 ejus
1954 2467 2077 2503 fratres
2093 2481 2103 2514 3
2124 2465 2196 2502 imo

1214 2522 1332 2574 potius
1361 2520 1529 2572 discipuli
1548 2519 1698 2564 diaboli,
1723 2519 1784 2568 qui
1804 2533 1824 2556 a
1844 2528 1942 2570 patre
1967 2532 2030 2555 suo
2054 2517 2196 2555 diabolo

1215 2573 1330 2611 edocti
1349 2583 1448 2610 erant
1473 2571 1648 2611 invidiam
1669 2580 1702 2607 et
1725 2571 1871 2617 eaedem,
1896 2584 2032 2608 sorores
2058 2569 2196 2619 iniqui—

1215 2627 1296 2663 tatis
1315 2626 1486 2677 ipsorum,
1502 2638 1589 2674 quas
1606 2623 1738 2661 Paulus
1758 2623 1942 2674 conjunxit
1956 2621 2089 2670 dicens,
2109 2622 2196 2658 Ple·
2212 2626 2388 2661 Rutu-129-

1218 2692 1285 2716 nos
1297 2678 1447 2715 invidia
1461 2685 1496 2714 et
1510 2677 1623 2714 ccede.
1638 2674 1837 2712 Audiet-unt
1851 2688 1999 2725 regnum
2013 2674 2048 2710 in
2066 2673 2198 2724 seipsos

1216 2729 1311 2782 quod.
1326 2730 1399 2781 ipsc
1411 2738 1485 2766 erat
1501 2737 1722 2779 accepturus,
1739 2737 1772 2764 et
1787 2727 1832 2764 ad
1847 2727 1949 2764 illum
1966 2725 2199 2764 occidendum

1219 2782 1382 2821 concitati
1401 2791 1496 2819 sunt.
1521 2781 1650 2819 Beatus
1669 2793 1753 2818 vero
1771 2780 1903 2830 Joscph
1924 2792 2071 2829 agonem
2096 2779 2198 2815 illum

127 2841 311 2891 ὑπέμεινε,
330 2841 390 2879 καὶ
406 2842 644 2895 ἀπελθόντωνΝ
656 2841 793 2891 βόσκειν
807 2841 875 2876 τῶν
906 2840 1061 2890 ἀδελφῶν
1090 2840 1147 2875 αὖ·
1161 2859 1207 2884 817
1220 2835 1388 2874 sustinuit
1401 2850 1412 2885 3
1435 2843 1469 2871 et
1486 2847 1567 2871 cum
1584 2833 1708 2870 fratres
1726 2833 1802 2883 ejus
1820 2832 2002 2879 abiissent,
2024 2840 2064 2868 ut
2084 2844 2197 2881 pasce»

126 2897 184 2932 τοῦ
205 2893 366 2945 πρόὸατα
386 2895 432 2937 εἷς
452 2894 593 2945 Συχὲμ,
614 2898 708 2932 εἶπεν
738 2896 756 2931 6
780 2891 898 2943 πατὴρ
927 2893 1029 2928 αὐτοῦ
1045 2920 1055 2937 ,
1071 2892 1151 2928 Οὐκ
1174 2897 1199 2924 Α
1222 2897 1299 2927 rent
1323 2901 1405 2927 oves
1437 2887 1472 2924 in
1500 2885 1669 2937 Sychem,
1703 2884 1797 2922 dixit
1826 2893 1926 2936 pater
1944 2885 2019 2935 ejus
2037 2885 2200 2922 :Nonne
2217 2892 2290 2918 Cen.
2305 2889 2356 2924 37-

1222 2955 1308 2979 ecce
1330 2942 1484 2993 fratres
1518 2941 1574 2975 tui
1604 2945 1768 2988 pascunt
1801 2939 1843 2973 in
1870 2937 2066 2985 Sychem?
2101 2937 2199 2973 Veni
2217 2934 2262 2963 ¹3·

128 2951 199 2989 ἱδοὺ
215 2955 247 2991 οἱ
267 2952 408 3005 ἀδελφοί
428 2969 487 2991 σου
510 2953 693 3003 βόσκουσιν
710 2951 756 2993 εἷς
772 2949 917 3001 Συχέμ,
938 2950 1049 3000 Δεῦρο
1068 2951 1150 2986 ἀπο-

128 3010 254 3047 στείλω
273 3025 330 3057 σε,
350 3011 410 3048 καὶ
433 3010 542 3061 βλέπε
573 3013 603 3049 εἷ
631 3008 842 3060 ὑγιαίνουσιν
861 3010 893 3045 οἳ
925 3006 1067 3058 ἀδελφοί
1091 3021 1151 3044 σου

128 3068 186 3105 καὶ
203 3068 248 3105 τὰ
279 3068 458 3120 πρόὸατα,
490 3069 552 3107 καὶ
585 3066 790 3119 ἀνάγγειλόν
820 3082 891 3116 μοι.
911 3063 1152 3117 Πορευομένου

130 3125 165 3163 δὲ
185 3126 291 3163 αὐτοῦ
304 3156 313 3172 ,
335 3120 421 3163 εἶδον
442 3127 545 3165 αὐτὸν
570 3126 741 3178 μακρόθεν
763 3124 963 3176 ἐρχόμενον,
983 3122 1042 3159 καὶ
1058 3115 1154 3159 εἶπον

128 3182 212 3234 πρὸς
227 3182 419 3230 ἀλλήλους,
438 3183 527 3233 Ἰδὲ,
547 3187 564 3222 ὃ
584 3182 817 3230 ἐνυπνιαστὴς
844 3184 972 3224 ἐκεῖνος
992 3181 1154 3233 ἔρχεται·

131 3242 227 3278 δεῦτε
262 3240 522 3290 ἀποκτείνωμεν
555 3242 672 3287 αὐτὸν,
703 3241 762 3279 καὶ
791 3240 918 3290 ἴδωμεν
946 3238 979 3276 τί
999 3238 1096 3276 ἔσται
1115 3236 1158 3274 τὰ

132 3298 274 3336 ἐνύπνια
287 3299 403 3336 αὐτοῦ.
416 3293 514 3343 Εἶδες
526 3299 739 3349 συμὲουλίαν
757 3297 1022 3350 ἀδελφοκτονίαν
1039 3299 1159 3347 βουλο-

134 3357 243 3404 μένων
259 3357 483 3408 ἐργάσασθαι.
494 3358 608 3396 Πάλιν
623 3361 640 3395 6
652 3357 810 3399 διάέολος
823 3356 954 3400 τούτοις
969 3356 1161 3406 σύμῧουλος

135 3415 286 3466 ἐγένετο,
312 3417 465 3453 κάκεῖνοι
492 3416 536 3454 τὰ
561 3415 752 3465 μαθήματα
779 3414 933 3465 ὀξύτερον
961 3414 1160 3463 ἐμάνθανον.

1224 2996 1377 3031 mittam
1409 3000 1458 3037 te,
1486 2997 1521 3027 et
1551 2990 1643 3026 vide
1665 2992 1699 3026 si
1720 2990 1884 3026 valeant
1900 2990 2053 3040 fratres
2077 2990 2133 3024 tui
2163 2996 2200 3025 et

1222 3058 1375 3097 pecora,
1404 3052 1439 3081 et
1463 3044 1658 3079 annuntia
1677 3043 1785 3078 mihi.
1811 3041 1876 3078 Illo
1895 3049 2008 3087 eunte,
2036 3039 2202 3078 viderunt

1225 3112 1305 3136 eum
1320 3095 1442 3148 procul
1462 3094 1671 3142 venientem,
1693 3102 1726 3130 et
1745 3102 1868 3130 mutuo
1885 3092 2054 3129 dixerunt
2071 3107 2081 3129 ε
2101 3093 2203 3130 Ecce
2220 3104 2294 3130 Gen.
2311 3101 2359 3137 37.

1227 3151 1440 3187 somniator
1461 3147 1528 3183 ille
1551 3148 1671 3183 venit.
1700 3147 1832 3182 Venite
1850 3146 2069 3182 occidamus
2087 3159 2173 3183 eum
2188 3174 2200 3192 ,
2223 3153 2268 3182 ¹9·
2288 3151 2337 3170 20¹

1229 3211 1263 3240 et
1284 3202 1486 3238 videamus
1502 3201 1535 3236 si
1550 3201 1697 3249 prosint
1718 3199 1781 3234 illi
1795 3200 1947 3235 somnia
1970 3211 2053 3235 sua.
2074 3197 2203 3237 Viden’

1230 3253 1415 3292 consilium
1435 3251 1481 3289 ad
1496 3252 1614 3288 sratris
1633 3249 1763 3287 caedem
1782 3249 2045 3301 peragendam?
2074 3251 2209 3288 Rursus

1231 3306 1396 3344 diabolus
1416 3304 1501 3356 ipsis
1521 3302 1743 3340 consiliarius
1766 3303 1846 3348 fuit,
1872 3312 1905 3340 et
1930 3302 1997 3353 ipsi
2017 3302 2081 3339 lias
2099 3302 2209 3340 disci-

1232 3359 1349 3411 plinas
1362 3356 1559 3394 accuratius
1572 3355 1789 3393 didicerunt.
1809 3356 1919 3393 Venit
1937 3355 2042 3393 frater
2055 3354 2102 3392 ad
2118 3354 2209 3402 illos,

1235 3422 1265 3450 et
1288 3419 1460 3450 exuerunt
1485 3423 1564 3447 eum
1590 3408 1731 3455 tunica;
1767 3407 1827 3446 sed
1849 3421 1915 3445 non
1950 3407 2015 3445 tuit
2044 3407 2210 3458 patientia
