2502 3810
722 243 765 272 IN
803 241 943 272 EPIST.

108 329 286 378 μενον,κα“ι
306 331 488 368 ἀποθανεῖν
504 330 541 368 οὗ
557 329 716 379 θέλοντα,
733 331 791 368 καὶ
819 324 848 382 ᾧ
873 333 983 368 ταῦτα
1011 329 1123 380 ἀμφό-

104 404 188 438 τερα
222 390 352 438 μᾶλλον
387 391 486 439 ἡμῶν
517 390 682 442 διαφέρει.
711 390 778 428 Διὰ
802 390 868 442 γὰρ
899 390 1028 427 τούτων
1051 389 1121 426 δεί-

103 463 236 495 κνυσιν,
251 449 304 487 ὅτι
324 449 426 487 πλέον
446 453 545 499 ἡμῶν
563 450 664 493 αὐτὸς
676 454 777 501 ἡμῶν
797 450 938 496 κήδεται
957 450 1015 487 καὶ
1037 451 1123 498 μᾶλ-

102 509 160 544 λον
179 510 291 557 ἡμῶν,
311 509 370 546 καὶ
391 511 538 547 πλοῦτον
555 510 618 556 τὴν
637 510 809 561 ἡμετέραν
828 514 842 530 ⁶
854 509 943 555 ζωὴν
963 513 1098 561 ἡγεῖται
1109 537 1120 555 ,

103 567 161 604 καὶ
183 568 310 616 ζημίαν
326 569 383 606 τὸν
411 569 567 607 θάνατον.
592 572 645 607 Οὐ
664 570 730 621 γὰρ
755 572 888 612 ἑαυτοῖς
908 569 1123 614 ἀποθνήσκο-

105 643 166 677 μεν
185 628 299 678 μόνον,
322 630 411 666 ἀλλὰ
432 629 491 666 καὶ
524 632 573 681 τῷ
593 630 773 681 Δεσπότῃ,
793 629 831 666 ἂν
853 629 921 680 ἄρα
944 628 1123 666 ἀποθάνω-

105 702 179 736 μεν.
201 688 362 726 Θάνατον
383 688 418 726 δὲ
436 691 581 726 ἐνταῦθα
602 690 659 728 τὸν
680 691 719 727 ἐκ
749 693 810 735 τῆς
840 689 990 731 πίστεως
1017 689 1123 738 λέγει.

102 745 236 784 Ἱκανὸν
271 748 332 797 μὲν
375 743 431 785 οὖν
463 750 522 787 καὶ
556 753 657 787 τοῦτο
689 755 809 786 πεῖσαι
825 778 834 794 ,
868 748 921 786 ὅτι
955 748 1125 800 φροντίζει

102 809 218 856 ἡμῶν,
235 807 287 845 ὅτι
307 811 399 860 αὐτῷ
415 811 540 859 ζῶμεν,
556 809 614 847 καὶ
632 812 724 860 αὐτῷ
734 809 1006 858 ἀποθνήσκομεν.
1023 808 1123 854 Πλὴν

977 868 993 888 ‘¹
1004 867 1123 906 εἰπών·

103 867 165 903 οὐκ
181 869 338 918 ἀρκεῖται
358 869 487 921 τούτῳ,
505 869 595 907 ἀλλὰ
611 870 669 906 καὶ
685 869 799 922 ἕτερον
817 870 955 919 ἐπάγει,

103 927 188 965 Ἔοίν
205 943 242 965 τε
258 923 314 966 οῧν
337 931 461 978 ζῶμεν,
479 930 537 967 ἐάν
559 945 596 966 τε
617 929 902 978 ἀποθνήσκωμεν,
919 932 978 965 τοῦ
995 928 1123 980 Κυρίου

103 987 221 1036 ἐσμέν.
254 989 324 1026 Καὶ
340 990 400 1026 ἀπ’
418 988 546 1025 ἐκείνου
573 993 633 1026 τοῦ
656 987 802 1025 θανάτου
830 987 888 1024 ἐπὶ
908 987 964 1025 τὸν
981 987 1123 1037 φυσικὸν

103 1048 276 1096 μεταὸὰς,
291 1048 346 1086 ἵνα
363 1048 411 1097 μὴ
430 1048 508 1098 δόξῃ
528 1048 707 1100 τραχύνειν
728 1046 916 1097 τὸνλόγον,
931 1046 1047 1097 ἕτερον
1063 1062 1124 1092 ση-

103 1113 196 1156 μεῖον
217 1114 367 1146 ποιεῖται
386 1113 448 1154 τῆς
463 1111 567 1146 αὐτοῦ
582 1107 743 1158 προνοίας
763 1106 937 1157 μέγιστον.
958 1108 1063 1143 Ποῖον
1081 1105 1121 1152 δὴ

100 1171 220 1214 τοῦτο;
244 1170 306 1210 Εἷς
323 1173 423 1205 τοῦτο
443 1167 527 1219 γὰρ,
543 1167 644 1219 φησὶ,
663 1167 811 1219 Χριστὸς
825 1166 884 1202 καὶ
904 1165 1052 1203 ἀπέθανε
1064 1166 1123 1202 καὶ

100 1226 226 1274 ἀνέστη
238 1228 297 1265 καὶ
311 1227 442 1275 ἔζησεν,
451 1227 506 1264 ἵνα
515 1227 575 1264 καὶ
585 1229 713 1277 νεκρῶν
722 1226 782 1264 καὶ
795 1226 930 1269 ζώντων
944 1226 1122 1276 κυριεύσῃ.

99 1285 208 1325 σΩ-στε
226 1288 286 1325 καὶ
310 1287 411 1325 τοῦτό
441 1303 478 1325 σε
506 1286 674 1333 πειθέτω,
704 1285 756 1323 ὅτι
788 1286 840 1324 ἀεὶ
863 1285 1034 1339 φροντίζει
1061 1289 1123 1332 τῆς

100 1347 274 1398 σωτηρίας
289 1351 388 1397 ἡμῶν
405 1347 464 1385 καὶ
480 1347 703 1400 διορθώσεως.
730 1348 775 1384 Εἰ
797 1346 864 1398 γὰρ
881 1345 929 1396 μὴ
949 1346 1121 1393 τοσαύτην

99 1411 200 1457 ἡμῶν
219 1410 368 1446 ἐποιεῖτο
385 1408 561 1459 πρόνοιαν,
582 1407 633 1450 τίς
650 1407 753 1458 χρεία
767 1410 829 1452 τῆς
848 1407 1044 1457 οἰκονομίας
1062 1403 1123 1453 ἧν;

104 1467 150 1506 ‘O
168 1468 280 1505 τοίνυν
305 1467 477 1515 τοσαύτην
496 1467 646 1514 σπουδὴν
665 1467 804 1518 θέμενος
823 1466 909 1517 ὑπὲρ
926 1472 1005 1513 τοῦ,
1024 1469 1125 1505 αὐτοῦ

99 1528 259 1578 γενέσθαι
277 1532 371 1578 ἡμᾶς
382 1559 391 1575 ,
408 1531 453 1571 ὡς
472 1528 531 1566 καὶ
544 1527 662 1566 δούλου
678 1527 811 1580 μορφὴν
827 1527 946 1565 λαὸεῖν
957 1528 1015 1564 καὶ
1033 1530 1123 1565 ἀπο-

99 1593 227 1636 θανεῖν,
260 1584 356 1632 οῧτος
388 1588 475 1639 μετὰ
498 1589 537 1626 τὸ
564 1589 721 1639 γενέσθαι
746 1588 1021 1641 καταφρονήσει,
1046 1590 1122 1626 Οὐκ

98 1649 173 1687 ἔστι
191 1655 305 1695 τοῦτο,
329 1652 391 1687 οὐκ
412 1649 504 1686 ἔστιν
517 1665 524 1672 ·
546 1650 613 1687 οὐδ’
634 1648 673 1685 ἂν
694 1649 807 1686 ἕλοιτο
825 1648 995 1694 τοσαύτην
1015 1649 1122 1699 προέ-

99 1714 178 1748 σθαι
205 1710 446 1762 πραγματείαν
461 1724 469 1732 ·
489 1711 551 1753 Εἰς
568 1713 668 1747 τοῦτο
681 1709 760 1761 γὰρ,
782 1709 887 1761 φησὶ,
915 1709 973 1746 καὶ
988 1708 1118 1746 ἀπέθα-

97 1786 152 1808 νεν
166 1787 173 1794 ·
197 1773 243 1814 ὡς
271 1770 309 1808 ἂν
339 1770 429 1808 εἴποι
456 1786 524 1816 τις,
545 1773 562 1807 ὃ
583 1771 677 1807 δεῖνα
704 1772 765 1808 οὐκ
785 1770 824 1806 ἂν
841 1769 1027 1821 ἀνάσχοιτο
1047 1785 1117 1806 κα-

95 1834 310 1883 ταφρονῆσαι
335 1834 393 1868 τοῦ
412 1829 530 1868 δούλου
545 1846 552 1853 ·
569 1835 628 1868 τοῦ
649 1830 716 1883 γὰρ
741 1829 865 1868 οἰκείου
887 1831 1030 1877 κήδεται
1054 1833 1117 1880 βα-

95 1891 247 1930 λαντίου.
265 1891 333 1929 Καὶ
351 1891 418 1942 γὰρ
435 1893 500 1942 οὔχ
518 1890 624 1933 οὕτως
640 1894 739 1940 ἡμεῖς
754 1890 948 1943 χρημάτων
969 1892 1115 1941 ἐρῶμεν,

95 1955 141 1996 ὡς
174 1952 273 1995 αὐτὸς
304 1955 366 1997 τῆς
403 1950 579 2002 σωτηρίας
613 1954 672 1997 τῆς
705 1951 890 2001 ἡμετέρας.
914 1953 1047 1989 Οὐκοῦν
1079 1954 1116 1989 οὐ

94 2012 280 2064 χρήματα,
301 2012 391 2050 ἀλλὰ
422 2012 461 2049 τὸ
482 2006 570 2061 αἷμα
592 2012 630 2049 τὸ
652 2014 772 2049 ἑαυτοῦ
792 2011 877 2062 ὑπὲρ
896 2015 997 2061 ἡμῶν
1013 2012 1116 2050 κατέ-

95 2073 197 2111 ὃαλε·
220 2073 279 2111 καὶ
298 2073 355 2110 διὰ
372 2077 472 2111 τοῦτο
491 2075 554 2110 οὐκ
579 2072 618 2109 ἂν
639 2072 828 2123 ἀνάσχοιτο
853 2072 1020 2123 προέσθαι
1037 2073 1115 2110 τού-

93 2148 189 2180 τους,
207 2133 293 2183 ὑπὲρ
324 2127 372 2170 ῶν
395 2133 565 2179 τοσαύτην
594 2132 699 2182 τιμὴν
725 2133 928 2178 κατέθηκεν.
949 2133 1044 2185 “Optat
1078 2133 1113 2173 δὲ

94 2192 153 2229 καὶ
171 2192 232 2239 τὴν
256 2193 400 2242 δύναμιν
419 2195 522 2230 αὐτοῦ
536 2222 546 2240 ,
563 2195 636 2235 πῶς
654 2191 822 2229 δείκνυσιν
843 2193 975 2244 ἄφατον
995 2187 1112 2232 οὖσαν.

91 2255 154 2297 Εἷς
169 2258 269 2291 τοῦτο
290 2252 377 2304 γὰρ,
408 2253 532 2304 φησὶν,
553 2253 702 2291 ἀπέθανε
731 2253 790 2291 καὶ
822 2254 953 2301 ἔζησεν,
972 2253 1028 2292 ἵνα
1055 2254 1113 2292 καὶ

89 2318 219 2366 νεκρῶν
251 2314 309 2351 καὶ
334 2313 469 2356 ζώντων
489 2313 651 2364 κυριεύσῃ
664 2329 671 2337 ·
688 2314 747 2351 καὶ
767 2314 929 2365 ἀνωτέρω
942 2345 951 2362 ,
970 2316 1058 2353 Ἔοίν
1076 2331 1114 2353 τε

88 2373 155 2425 γὰρ
171 2376 296 2424 ζῶμεν,
313 2374 370 2411 ε’άν
383 2390 420 2411 τε
440 2372 730 2423 ἀποθνήσκωμεν,
751 2377 854 2412 αὐτοῦ
879 2377 993 2424 ἐσμεν,
1011 2369 1114 2419 Εἶδες

89 2435 290 2472 δεσποτείαν
304 2433 554 2484 ἐπιτεταμένην
572 2450 580 2480 ;
605 2428 690 2478 εἶδες
711 2434 809 2486 ἰσχὺν
836 2435 974 2487 ἄμαχον
992 2452 1001 2483 ;
1028 2429 1114 2480 εἶδες

88 2494 250 2547 πρόνοιαν
261 2494 504 2546 ἧκριῧωμένην
515 2510 524 2541 ;
537 2494 597 2540 Μὴ
611 2495 678 2546 γάρ
694 2510 753 2545 μοι
764 2494 841 2538 τοὺς
858 2498 988 2539 ζῶντας
1001 2496 1111 2547 εἴπης,

89 2554 184 2605 φησί·
205 2555 264 2591 καὶ
274 2558 342 2591 τῶν
364 2554 580 2591 ἀπελθόντων
600 2561 808 2606 προνοεῖται.
824 2557 868 2592 Εἰ
882 2555 918 2593 δὲ
929 2558 996 2593 τῶν
1007 2558 1113 2594 ἀπελ-

89 2615 230 2660 θόντων,
255 2614 396 2660 εὔδηλον
416 2614 469 2652 ὅτι
487 2615 547 2652 καὶ
563 2618 632 2652 τῶν
651 2615 805 2659 ζώντων·
826 2615 921 2653 οὐδὲν
937 2615 1004 2666 γὰρ
1025 2616 1111 2667 ὑπὲρ

88 2678 151 2721 τῆς
180 2673 382 2716 δεσποτείας
406 2673 536 2720 ταύτης
551 2673 741 2726 παρέλιπε,
761 2674 905 2712 πλείονα
920 2675 1109 2727 ἀνθρώπων

86 2734 146 2772 καὶ
165 2733 388 2784 δικαιώματα
405 2736 518 2785 ἑαυτῷ
536 2734 826 2782 κατασκευάζων,
840 2734 899 2771 καὶ
918 2735 1025 2787 χωρὶς
1042 2739 1109 2773 τῶν

85 2794 199 2831 ἄλλων
224 2794 387 2831 ἁπάντων
404 2796 451 2836 εἰς
466 2793 504 2831 τὸ
521 2799 678 2844 προνοεῖν
696 2797 810 2843 ἡμῶν.
836 2793 1032 2845 Ἄνθρωπος
1047 2795 1108 2845 μὲν

83 2854 150 2906 γὰρ
178 2853 337 2905 ἀργύριον
354 2853 588 2902 καταὲοίλλει,
605 2855 666 2891 καὶ
686 2853 743 2892 διὰ
764 2857 864 2892 τοῦτο
885 2854 1016 2906 σφόδρα
1050 2858 1109 2893 ἀν-

82 2915 222 2966 τέχεται
244 2919 303 2953 τοῦ
323 2914 407 2952 ἰδίου
423 2915 561 2952 δούλου·
584 2914 685 2957 αὐτὸς
702 2914 737 2952 Ρὲ
755 2914 902 2952 θάνατον
916 2916 1108 2963 κατέὸαλε,

81 2975 141 3012 καὶ
171 2977 232 3012 οὐκ
259 2974 298 3012 ἂν
315 2974 372 3012 τὸν
393 2974 564 3020 τοσαύτης
586 2978 690 3024 τιμῆς
711 2975 971 3026 ἀγορασθέντα,
993 2976 1053 3014 καὶ
1071 2971 1108 3014 οῧ

79 3035 141 3082 τὴν
159 3035 360 3074 δεσποτείαν
382 3035 471 3086 μετὰ
491 3035 663 3082 τοσαύτης
683 3035 854 3080 ἐκτήσατο
874 3038 1027 3083 σπουδῆς
1049 3037 1109 3075 καὶ

78 3097 319 3149 πραγματείας
330 3127 339 3144 ,
350 3097 470 3136 τούτου
484 3097 546 3144 τὴν
567 3097 743 3150 σωτηρίαν
757 3099 790 3135 ἐν
803 3098 912 3135 οὐδενὶ
927 3100 1108 3149 λογιεῖται.

78 3164 111 3200 Τ
114 3167 200 3201 αῧτα
221 3163 256 3200 δὲ
275 3164 390 3215 λέγει,
414 3163 586 3216 ἐντρέπων
615 3164 672 3201 τὸν
696 3162 930 3212 ἷουδαίζοντα,
947 3165 1006 3202 καὶ
1025 3165 1108 3204 πεί-

80 3230 145 3265 θων
166 3229 430 3278 ἀναμνησθῆναι
445 3230 505 3265 τοῦ
528 3228 690 3278 μεγέθους
712 3232 775 3275 τῆς
804 3229 1017 3282 εὐεργεσίας,
1043 3231 1105 3269 καὶ

125 3362 136 3375 ⁰
161 3353 219 3392 [A.
239 3360 270 3384 et
284 3364 386 3395 marg.
402 3352 502 3387 Savil.
522 3356 694 3399 von-cpiam]

983 240 1042 270 AD
1077 240 1187 270 ROM-

1225 242 1380 272 1101111..
1420 242 1530 272 xxv.
2082 227 2170 286 773

1193 330 1252 380 qui
1268 330 1346 368 vult
1359 344 1421 368 nos
1437 331 1571 379 vivere,
1599 338 1633 367 et
1645 342 1715 366 non
1738 327 1816 367 vult
1826 340 1888 365 nos
1907 326 1999 365 mori
2017 342 2027 363 ι
2049 335 2082 364 et
2098 326 2174 364 haec

1191 390 1296 428 ambo
1314 390 1428 441 magis
1446 390 1491 428 ad
1511 390 1615 427 illum
1635 398 1806 441 spectant,
1827 402 1935 438 quam
1949 386 1995 424 ad
2015 400 2092 424 nos.
2109 387 2175 424 His

1191 450 1283 488 enim
1299 451 1450 488 ostendit
1466 452 1583 502 ipsum
1613 450 1726 500 magis
1745 463 1808 487 nos
1828 462 1962 496 curare,
1984 462 2091 498 quam
2112 461 2175 485 nos

1191 513 1257 564 ipsi
1273 528 1447 560 curemus,
1464 523 1497 551 et
1526 513 1672 551 divitias
1693 526 1773 550 suas
1798 511 1909 550 vitam
1927 519 2081 548 nostram
2102 525 2173 562 pu-

1191 581 1279 622 tare,
1308 583 1527 623 mortemque
1555 582 1710 610 nostram
1748 571 1920 608 damnum
1952 584 2068 608 suum.
2095 571 2176 607 Non

1190 632 1284 669 enim
1298 633 1399 670 nobis
1415 633 1501 684 ipsis
1529 632 1702 670 morimur
1717 640 1869 678 tantum,
1884 629 1946 667 sed
1960 629 2128 676 Domino,
2145 629 2175 667 si

1191 692 1335 742 quidem
1354 694 1560 730 moriamur.
1579 694 1734 730 Mortem
1753 705 1835 729 vero
1868 691 1928 728 hic
1943 705 2018 728 eam
2037 705 2113 740 quae
2131 704 2177 728 ex

1192 755 1264 792 fide
1277 764 1327 793 est
1344 755 1445 793 dicit.
1465 756 1558 793 Satis
1570 754 1716 804 quidem
1732 753 1826 790 illud
1838 763 1888 790 est
1904 754 1950 791 ad
1962 754 2177 805 persuaden-

1192 817 1292 864 dum,
1323 817 1420 867 quod
1451 819 1548 854 Deus
1583 831 1705 854 curam
1735 816 1845 852 nostri
1875 825 1984 866 gerat,
2018 816 2111 866 quod
2144 825 2178 853 et

1193 878 1261 929 ipsi
1278 879 1444 916 vivamus
1467 887 1500 915 et
1523 878 1591 929 ipsi
1619 877 1841 914 moriamur:
1860 891 1986 914 verum
2013 891 2082 914 non
2109 877 2178 915 hoc

1193 948 1390 987 contentus,
1413 938 1511 975 aliud
1529 937 1728 988 subjungit,
1752 936 1895 973 dicens:
1911 937 1998 974 Sive
2013 951 2100 988 ergo
2119 940 2178 974 vi·

1195 1000 1328 1044 vimus,
1345 1001 1425 1035 sive
1441 1000 1640 1042 morimur,
1663 997 1826 1033 Domini
1837 1010 1982 1034 sumus.
2003 996 2050 1033 Et
2073 996 2118 1033 ab
2137 996 2178 1033 il-

1190 1057 1225 1095 la
1258 1068 1370 1096 morte
1407 1058 1453 1095 ad
1486 1057 1681 1094 naturalem
1714 1056 1901 1104 transiens,
1934 1070 1979 1094 ne
2015 1057 2178 1095 videatur

1191 1119 1406 1170 asperiorem
1434 1119 1549 1154 facere
1581 1130 1794 1164 sermonem,
1813 1115 1913 1153 aliud
1941 1116 2114 1166 signum,v
2131 1116 2179 1153 il-

1191 1178 1324 1229 ludque
1354 1178 1555 1216 maximum
1590 1177 1823 1229 providentiae
1856 1191 1927 1214 suae
1959 1176 2031 1214 dat.
2064 1178 2180 1225 Quale

1191 1248 1242 1276 est
1261 1239 1381 1276 illud?
1400 1240 1436 1277 9.
1457 1241 1506 1275 In
1535 1240 1606 1275 hoe
1631 1240 1733 1274 enim
1755 1239 1931 1274 Christus
1950 1246 1986 1274 et
2009 1246 2180 1275 mortuus

1191 1308 1248 1337 est
1272 1308 1307 1336 et
1331 1301 1546 1338 resurrexit
1558 1307 1595 1335 et
1621 1301 1776 1343 revixit,
1810 1307 1851 1335 ut
1876 1307 1913 1335 et
1944 1308 2181 1336 mortuorum

1191 1369 1228 1398 et
1247 1364 1426 1398 vivorum
1461 1362 1690 1396 dominetur.
1720 1360 1846 1409 Itaque
1876 1368 1909 1396 et
1927 1358 1994 1396 hoc
2013 1359 2079 1396 tibi
2100 1374 2181 1411 per-

1191 1421 1337 1459 suadeat
1370 1422 1488 1473 ipsum
1521 1434 1659 1471 semper
1679 1433 1802 1456 curare
1828 1420 1978 1456 salutem
2005 1429 2037 1456 et
2057 1434 2179 1457 emen-

1192 1482 1372 1519 dationem
1398 1490 1568 1518 nostram.
1607 1480 1683 1517 Nisi
1711 1479 1805 1516 euim
1834 1488 1967 1517 tantam
2000 1493 2082 1530 erga
2117 1494 2180 1518 nos

1190 1542 1451 1594 providentiam
1471 1541 1665 1587 habuisset,
1683 1554 1760 1589 quae
1781 1540 1965 1577 necessitas
1985 1549 2057 1577 erat
2081 1554 2178 1582 oeco-

1190 1604 1317 1642 nomiae
1343 1618 1404 1641 seu
1421 1602 1703 1640 incarnationis?
1720 1602 1792 1649 Qui
1812 1616 1894 1653 ergo
1909 1611 2041 1640 tantam
2057 1617 2179 1642 curam

1191 1665 1296 1716 gerit,
1314 1674 1353 1702 ut
1369 1678 1432 1702 nos
1446 1663 1499 1701 sui
1512 1663 1722 1710 efficiamur,
1746 1672 1784 1700 ut
1798 1663 1903 1700 etiam
1921 1664 2071 1700 formam
2086 1665 2179 1704 servi

1191 1725 1362 1776 acceperit
1380 1733 1414 1761 ct
1441 1732 1602 1761 mortuus
1629 1722 1686 1769 sit,
1711 1722 1786 1773 ipse
1801 1732 1988 1774 postquam
2021 1724 2075 1760 sui
2094 1725 2178 1762 facti

1190 1799 1313 1822 sumus
1343 1799 1405 1822 nos
1442 1783 1664 1821 contemnet?
1702 1783 1781 1819 Non
1813 1791 1862 1819 est
1891 1783 1969 1829 hoc,
2002 1797 2071 1821 non
2100 1783 2178 1821 uti-

1190 1861 1257 1896 que
1287 1856 1360 1895 est,
1398 1845 1505 1883 nollet
1531 1844 1624 1882 enim
1644 1853 1783 1881 tantum
1816 1844 1948 1895 negotii
1981 1837 2176 1896 projicere:

1188 1910 1237 1944 In
1258 1909 1329 1944 hoc
1353 1909 1468 1952 enim,
1484 1905 1612 1956 inquit,
1631 1913 1666 1942 et
1686 1913 1859 1942 mortuus
1875 1914 1930 1942 est
1944 1922 1958 1949 ,-
1979 1906 2080 1955 quasi
2097 1907 2177 1956 quis

1188 1967 1298 2016 dieat,
1325 1968 1392 2005 Ille
1414 1980 1558 2003 servum
1594 1979 1699 2002 suum
1719 1973 1942 2002 contemnere
1962 1979 2030 2002 non
2046 1966 2175 2017 possit;

1188 2042 1292 2065 suum
1311 2029 1405 2066 enim
1430 2036 1529 2064 curat
1555 2025 1789 2076 marsupium.
1821 2026 1945 2076 Neque
1974 2026 2023 2063 ita
2040 2041 2102 2064 nos
2115 2040 2175 2078 pe·

1187 2090 1307 2127 cunias
1337 2102 1508 2135 amamus,
1539 2096 1577 2124 ut
1612 2087 1672 2123 ille
1709 2087 1859 2123 salutem
1888 2096 2055 2124 nostram.
2091 2087 2174 2125 Ideo

1186 2162 1254 2186 non
1286 2148 1468 2200 pecunias,
1507 2146 1569 2184 sed
1596 2146 1805 2197 sanguinem
1843 2161 1949 2183 suum
1977 2161 2041 2198 pro
2073 2147 2175 2185 nobis

1125 2228 1172 2252 705
1186 2209 1313 2246 effudit
1339 2224 1346 2245 ε
1374 2218 1406 2246 et
1428 2207 1507 2244 ideo
1526 2220 1723 2256 numquam
1743 2221 1800 2244 eos
1813 2207 1965 2258 abjicere
1984 2207 2093 2258 possit
2109 2222 2174 2258 pro

1137 2265 1163 2294 Λ
1186 2268 1318 2317 quibus
1348 2276 1486 2305 tantum
1507 2266 1659 2317 pretium
1689 2266 1804 2303 solvit.
1834 2266 1930 2304 Vide
1944 2275 2062 2303 autem
2081 2280 2175 2316 quo-

1186 2327 1292 2364 modo
1315 2326 1509 2378 potentiam
1533 2325 1608 2376 ejus
1642 2325 1859 2362 ineffabilem
1894 2339 1967 2362 esse
1999 2325 2172 2363 ostendat.

1185 2390 1234 2424 In
1247 2389 1319 2424 hoe
1342 2389 1458 2432 enim,
1477 2385 1608 2435 inquit,
1633 2394 1806 2422 mortuus
1823 2394 1929 2423 estet
1956 2388 2111 2436 revixit,
2133 2395 2175 2423 ut

1190 2450 1350 2485 mortuis
1378 2456 1413 2484 et
1442 2448 1666 2489 viventibus
1698 2446 1920 2483 dominetur
1927 2462 1942 2490 ;
1973 2455 2006 2483 et
2033 2460 2141 2498 supra
2165 2463 2172 2483 :

1185 2509 1274 2546 Sive
1311 2511 1481 2546 vivimus
1513 2510 1593 2545 sive
1634 2510 1840 2553 morimur,
1875 2511 1992 2558 ipsius
2022 2523 2167 2546 szcrnus.

1183 2569 1316 2607 Viden'
1351 2570 1526 2606 intensam
1546 2567 1854 2605 dominationem?
1875 2569 2001 2607 viden’
2029 2571 2174 2607 fortitu-

1186 2629 1308 2667 dinem
1361 2628 1676 2680 inexpugnabilem
1702 2628 1718 2664 Ξ)
1753 2628 1875 2666 viden’
1911 2629 2174 2679 providentiam

1183 2689 1511 2727 accuratissimam?
1544 2690 1598 2726 Ne
1633 2688 1721 2725 mihi
1743 2684 1907 2727 'viventes
1935 2689 2085 2738 dixeris,
2113 2691 2173 2728 in-

1183 2750 1282 2800 quit,
1306 2750 1411 2786 etiam
1435 2748 1611 2786 defunctis
1631 2748 1806 2800 providet.
1830 2750 1869 2788 Si
1895 2759 2014 2788 autem
2040 2751 2174 2789 defun—-

1181 2811 1259 2855 ctis,
1279 2809 1352 2847 sine
1369 2809 1481 2846 dubio
1501 2818 1534 2846 et
1555 2808 1757 2847 viventibus
1780 2825 1787 2845 :
1808 2810 1899 2847 nihil
1929 2810 2022 2848 enim
2039 2812 2172 2860 omisit,

1180 2869 1279 2921 quod
1293 2869 1339 2906 ad
1352 2868 1448 2906 illud
1459 2865 1658 2906 dominium
1683 2870 1845 2919 attineat,
1863 2871 2102 2922 majoremque
2123 2873 2169 2909 si-

1180 2930 1216 2967 bi
1228 2931 1264 2967 in
1274 2929 1436 2967 homines
1447 2928 1734 2980 jurisdictionem
1754 2931 1955 2980 apparavit,
1979 2940 2017 2968 ut
2029 2932 2173 2969 seorsim

1180 2991 1225 3029 ab
1237 2991 1316 3028 aliis
1328 2990 1493 3027 omnibus
1506 2990 1614 3027 nostri
1632 3003 1752 3027 euram
1766 2990 1905 3028 habeat.
1916 2992 2030 3029 Homo
2041 2993 2174 3044 quippe

1180 3060 1365 3102 argentum
1383 3050 1543 3102 deponit,
1564 3050 1714 3100 ideoque
1734 3064 1877 3089 servum
1897 3066 2001 3090 suum
2020 3052 2089 3090 sibi
2110 3053 2172 3090 di-

1179 3112 1411 3163 ligentissime
1441 3111 1565 3149 retinet
1583 3127 1590 3147 :
1611 3111 1685 3163 ipse
1707 3126 1790 3150 vero
1822 3123 1971 3151 mortem
1992 3113 2172 3166 deposuit,

1181 3181 1214 3209 et
1244 3181 1340 3209 tanto
1373 3171 1456 3209 emti
1482 3172 1613 3223 pretio,
1642 3173 1742 3223 cujus
1774 3172 1975 3212 dominium
2003 3175 2070 3212 sibi
2090 3189 2172 3213 cum

1181 3241 1279 3270 tanto
1290 3231 1408 3269 studio
1426 3240 1459 3268 et
1487 3231 1626 3283 negotio
1643 3232 1847 3282 acquisivit,
1869 3234 2018 3273 salutem
2033 3249 2102 3274 non
2117 3236 2171 3273 ni-

1143 1591 1167 1621 E

1217 3359 1233 3383 d
1258 3359 1371 3400 [εἰπὼν
1387 3363 1444 3403 γάρ
1462 3358 1515 3399 Α.]
