2502 3810
358 215 449 269 420
815 229 850 257 s.

359 309 393 345 in
412 307 568 359 periculo
589 315 760 355 versante,
776 319 842 343 non
861 306 1040 353 item);sed
1057 315 1156 356 tacet,
1170 316 1203 345 et
1220 309 1335 346 solum

358 382 429 404 sese
441 375 581 418 purgat,
598 366 661 402 etsi
677 366 860 402 innumera
873 365 989 403 dicere
1003 366 1182 418 potuisset.
1198 368 1274 406 Hoc
1292 369 1336 406 il-

356 427 430 462 lum
448 427 482 462 in
497 427 651 461 Caesarea
671 424 806 461 clarum
828 424 1007 475 reddebat,
1022 426 1115 476 quod
1140 441 1221 466 cum
1240 437 1337 467 tanto

354 484 493 534 agmine
502 482 662 521 venisset.
674 485 699 518 I
698 497 722 519 n
731 485 868 534 quibus
879 486 1105 523 invenerunt
1117 500 1189 533 me,
1203 488 1336 538 inquit,

350 544 597 594 purificatum
621 546 662 580 in
675 544 828 594 templo.
851 544 1040 590 Quomodo
1062 560 1145 598 ergo
1164 547 1339 588 violavit?

354 605 520 642 nonenim
533 605 691 656 ejusdem
701 605 856 644 hominis
872 617 959 653 erat,
974 609 1337 660 p111·ificai·i,adorare,

352 675 383 703 et
398 665 475 703 ideo
486 667 615 715 venire,
631 676 665 704 et
675 667 819 705 violare.
836 668 912 706 Hoc.
926 678 1043 707 autem
1058 669 1102 707 ad
1111 670 1338 722 justificatio-

350 739 430 763 nem
449 728 604 764 conferre
626 727 805 778 videatur,
822 728 918 778 quod
938 743 1006 767 non
1025 729 1060 766 in
1074 730 1221 781 longum
1241 731 1335 769 inci-

350 785 410 823 dat
428 801 637 825 sermonem.
655 788 702 825 Et
724 789 1085 841 gratificaturjudici.
1106 790 1198 828 Mihi
1218 800 1334 830 autem

350 847 494 884 videtur
508 847 613 885 etiam
632 848 699 886 hoc
725 848 965 887 defensionem
985 865 1085 888 suam
1115 851 1334 890 contrahere.

349 908 420 946 Sed
439 909 600 960 superius
622 910 716 947 dieta
736 919 946 961 repetamus.
966 912 1060 960 Quia
1075 911 1223 950 antehac
1243 913 1336 951 mul-

350 977 426 1006 tum
443 969 666 1007 concionatus
682 980 755 1007 erat
773 971 969 1018 Tertullus,
988 972 1172 1010 ostendens
1190 987 1226 1011 se
1240 987 1336 1011 com-

348 1030 480 1080 pendio
499 1030 640 1068 studere
654 1061 664 1080 ‚
688 1045 757 1069 non
770 1031 879 1081 dixit,
900 1032 995 1070 Audi
1011 1047 1108 1083 rem3
1131 1033 1207 1083 sed,
1226 1036 1286 1072 Ne
1299 1043 1334 1072 te

349 1091 493 1128 diutius
510 1105 646 1137 morer,
670 1105 760 1144 rogo
776 1094 914 1131 audias
937 1107 1005 1131 nos
1021 1107 1091 1145 pro
1115 1103 1182 1132 tua
1199 1095 1333 1132 huma-

350 1153 482 1188 nitate.
505 1152 609 1190 Forte
628 1162 667 1189 ut
693 1154 844 1203 gratiam
869 1154 945 1205 ejus
964 1164 1160 1207 aucupetur
1187 1155 1238 1193 sic
1256 1169 1330 1194 ser—

349 1226 488 1250 monem
501 1223 650 1265 apparat
671 1230 678 1250 z
700 1215 755 1253 vel
773 1215 879 1253 etiam
892 1216 1173 1254 mansuetudinis
1190 1218 1330 1269 signum

349 1282 412 1321 est,
426 1287 508 1310 cnm
526 1274 605 1324 quis
625 1275 730 1327 plura
749 1275 866 1313 dicere
887 1276 1020 1325 valens,
1039 1291 1150 1328 pauca
1171 1277 1271 1326 dicit,
1293 1288 1333 1316 ut

350 1346 392 1370 ue
412 1333 613 1371 molestiam
647 1335 775 1386 pariat.
810 1338 1054 1385 Invenimus,
1075 1337 1202 1388 inquit,
1231 1339 1334 1377 hunc

349 1395 478 1430 virum
492 1396 718 1447 pestiferum
734 1411 744 1431 :
761 1399 841 1447 qui,
855 1396 982 1446 inquit,
1001 1405 1036 1434 et
1054 1399 1237 1448 templum
1251 1401 1335 1436 vio—

350 1454 432 1491 lare
453 1458 629 1492 tentavit.
647 1455 744 1505 Ergo
763 1470 832 1493 non
848 1456 1007 1494 violavit.
1026 1457 1125 1502 Quid
1146 1457 1256 1508 igitur
1276 1489 1284 1507 ‚
1306 1458 1336 1496 si

349 1515 436 1552 alibi
472 1516 539 1554 hoc
576 1517 687 1554 fecit?
707 1518 857 1556 Minime
882 1535 887 1555 :
911 1519 997 1556 alias
1026 1520 1119 1556 enim
1160 1520 1333 1571 dixisset3

1362 438 1386 467 D

888 228 1070 258 JOANNJS
1106 229 1343 261 CHRYSOST.
1384 230 1589 262 ARCHIEP.
1628 233 1982 265 CONSTANTINOP-

1411 311 1485 362 ρεία
1505 312 1611 349 ἐποίει
1630 313 1792 364 λαμπρὸν
1808 342 1817 359 ,
1849 330 1888 351 το
1916 315 2005 364 μετὰ
2035 317 2204 364 τοσαύτης
2232 321 2339 357 ἐλθεῖν
2363 335 2428 356 πα-

1413 372 1595 423 ρατάξεως.
1628 373 1689 410 Εν
1710 378 1757 416 οἱς
1786 368 1882 426 εὗρόν
1912 391 1975 424 με,
2003 391 2127 427 φησιν,
2149 379 2356 429 ἡγνισμένον
2394 382 2427 416 ἐν

1410 447 1459 468 τιι)
1475 434 1569 484 ἱερῶ.
1600 434 1684 476 Πως
1703 437 1760 470 οὖν
1781 434 1837 472 3⁹36
1824 434 2016 483 δήλωσεν,
2033 437 2070 473 οὐ
2095 436 2163 488 γὰρ
2182 442 2223 483 ἠν
2240 454 2298 476 του
2325 442 2427 477 αὐτου

1410 491 1469 528 καὶ
1486 491 1681 543 ἁγνίζεσθαι
1695 493 1753 530 καὶ
1770 501 1986 546 προσκυνεῖν,
2000 496 2058 532 καὶ
2074 496 2130 534 διὰ
2148 512 2248 535 τουτο
2267 498 2430 549 ἔρχεσθαι

1410 564 1469 586 και
1485 550 1594 600 βεὸη)
1596 555 1667 588 οῦν.
1687 552 1759 588 lou
1762 566 1800 588 ιο
1811 567 1869 588 ναι
1885 552 2117 603 δικαιολογίας
2131 553 2320 605 ὑποψίαν
2303 571 2376 606 εχει
2391 557 2430 593 τὸ

1412 608 1461 658 μὴ
1484 610 1530 652 εἷς
1550 625 1681 662 μακρον
1703 610 1889 661 ἐμπίπτειν
1908 612 1965 650 τὸν
1986 612 2120 663 λόγονῙ)
2129 616 2202 665 ἐᾷν.
2230 614 2299 652 lxm
2324 616 2430 667 [etpi-

1412 670 1506 713 ζεται
1525 673 1576 722 τῷ
1595 672 1752 722 δικαστῇ.
1778 670 1884 722 Ἐμοὶ
1899 673 1934 709 33
1955 673 2046 711 δοκεῖ
2065 654 2214 725 κάκείνῳ
2234 675 2430 713 συστέλλειν

1411 728 1473 776 τὴν
1498 729 1698 781 ἀπολογίαν.
1736 729 1826 768 Ἀλλ’
1864 731 1991 782 ἴδωμεν
2030 734 2158 771 ἄνωθεν
2180 734 2224 772 τὰ
2253 735 2429 785 εἰρημένα

1411 789 1558 837 Ἐπειδὴ
1572 790 1639 841 πρὸ
1652 789 1772 828 τούτου
1787 791 1904 843 μακρὰ
1920 793 2181 846 ἐδημηγόρησεν
2196 797 2213 832 ὃ
2225 794 2432 846 Τέρτυλλος,

1410 851 1445 888 33
1432 866 1542 894 εικνυς
1557 850 1610 888 ότι
1627 853 1641 888 ἐ
1643 851 1852 902 γκόπτεται,
1870 854 1932 890 οὐκ
1954 858 2070 900 εἶπεν,
2100 854 2247 892 ἄκουσον
2261 871 2320 893 του
2336 857 2428 907 πρά-

1409 925 1561 962 γματος·
1582 913 1671 956 ἀλλ’,
1711 913 1770 949 [vor.
1788 927 1827 949 σε
1847 912 1933 962 μὴ’
1917 913 1975 950 επὶ
1994 916 2143 951 πλεῖον’
2128 914 2299 965 εγκόπτω,
2319 929 2432 965 παρα-

1409 973 1505 1009 καλῶ
1522 971 1669 1009 ἀκοῧσαί
1692 987 1729 1009 σε
1748 974 1849 1022 ἡμῶν
1868 977 1910 1025 τῇ
1938 977 1980 1024 σῇ
2001 974 2181 1026 ἐπιεικείᾳ.
2203 974 2311 1026 Τάχα
2333 978 2432 1026 θερα-

1409 1031 1522 1070 πεύων
1544 1031 1631 1070 οὕτω
1649 1031 1706 1070 τὸν
1732 1032 1834 1084 λόγον
1859 1035 2128 1079 κατασκευάζει·
2151 1034 2173 1081 ἢ
2207 1035 2266 1072 καὶ
2296 1037 2433 1082 ἀληθῶς

1406 1097 1507 1131 τοῦτο
1527 1092 1713 1136 ἐπιεικείας
1740 1094 1928 1146 τεκμήριον
1941 1124 1951 1142 ,
1978 1097 2008 1133 εἰ
2039 1096 2149 1146 παρὸν
2166 1095 2279 1133 πολλὰ
2299 1097 2406 1133 εἰπεῖν
2422 1125 2432 1142 ,

1406 1155 1491 1207 ὑπὲρ
1518 1159 1577 1193 τοῦ
1598 1154 1646 1205 μὴ
1667 1156 1817 1207 ἐνοχλεῖν
1839 1156 1938 1208 ὀλίγα
1970 1173 2022 1200 τις
2048 1157 2156 1207 λέγοι.
2188 1157 2344 1208 Εῧρομεν
2364 1157 2432 1210 γὰρ

1405 1216 1463 1254 τὸν
1490 1216 1597 1268 ἄνδρα
1615 1220 1734 1254 τοῦτον
1750 1216 1888 1266 λοιμόν·
1909 1217 1962 1265 ὃς,
1976 1217 2058 1269 φησι
2071 1248 2080 1264 ,
2101 1217 2160 1255 καὶ
2179 1218 2218 1255 τὸ
2233 1218 2321 1269 ἱερὸν
2338 1219 2432 1256 ἐπεί-

1407 1291 1488 1327 ρασε
1522 1276 1733 1326 βεὲηλῶσαι.
1758 1279 1894 1316 Οὐκοῦν
1912 1280 1973 1316 οὐκ
1995 1277 2205 1324 §geg-rixose.
2232 1278 2280 1316 Τί
2306 1283 2377 1326 οὖν,
2403 1281 2431 1317 εἰ

1931 1339 2128 1389 Οὐδαμιι)ς·
2154 1342 2175 1384 ἠ
2209 1337 2276 1390 γαρ
2312 1338 2351 1376 ἂν
2373 1338 2432 1376 καὶ

1408 1399 1500 1433 εἰπε·
1513 1412 1570 1433 νυν
1592 1397 1626 1434 33
1641 1396 1853 1451 Ἐπείρασε
1848 1399 1909 1436 μὲν
1924 1399 2087 1449 λέγει,τὸ
2104 1398 2139 1436 33
2160 1400 2299 1444 πιι)ς,οὐ
2321 1413 2431 1450 προσ-

1407 1337 1561 1387 ἀλλαχοῦ
1588 1340 1688 1374 τοῦτο
1719 1337 1899 1386 ἐποίησεν;

1409 1455 1536 1502 τίθησι.
1559 1456 1630 1494 Καὶ
1667 1457 1710 1494 τὰ
1753 1458 1812 1508 μὲν
1844 1459 1932 1497 κατα
1962 1459 2105 1497 Παύλου
2145 1458 2251 1501 οὕτως
2282 1460 2429 1512 ἐπηρεν·

1410 1515 1472 1567 ὅρα
1492 1517 1528 1554 33
1543 1516 1587 1554 τὰ
1608 1520 1718 1555 αὐτῶν
1738 1522 1812 1561 πῶς
1833 1520 1980 1558 ἐλαττοῖ.
2005 1520 2073 1558 θΟν
2095 1520 2154 1558 καὶ
2174 1520 2430 1571 ἐκρατήσαμεν,

345 1576 420 1625 jam
439 1591 536 1624 vero,
561 1579 753 1625 Teutavit‚
769 1577 876 1624 dicit3
899 1593 968 1628 quo
988 1588 1106 1616 autem
1125 1579 1246 1628 modo,
1267 1594 1336 1617 non
1350 1604 1397 1631 :574
1411 1577 1494 1627 φησὶ
1507 1605 1517 1625 ,
1539 1577 1597 1614 καὶ
1617 1578 1836 1629 ἠθελήσαμεν
1856 1585 1972 1631 κρῖναι
2000 1580 2091 1618 κατὰ
2119 1580 2175 1617 τὸν
2192 1580 2360 1632 ἡμέτερον
2376 1580 2432 1619 νό-

348 1636 461 1674 addit.
483 1637 528 1674 Et
542 1652 618 1687 quae
641 1638 798 1674 Paulum
811 1637 956 1687 quidem
972 1638 1188 1689 spectabant,
1208 1639 1258 1676 sic
1277 1653 1337 1677 ex·
1361 1641 1385 1669 Α
1413 1650 1487 1684 μον.
1504 1636 1695 1688 Παρελθὼν
1718 1637 1753 1676 33
1781 1638 1913 1681 Λυσίας
1930 1642 1947 1676 ὃ
1966 1639 2172 1692 χιλίαρχος,
2192 1640 2280 1690 μετὰ
2299 1642 2431 1687 πολλῆς

348 1697 430 1733 tulit
446 1712 456 1744 3
476 1697 558 1734 vide
577 1706 706 1745 autem,
723 1696 899 1747 quomodo
915 1711 992 1747 quse
1013 1711 1075 1734 sua
1091 1707 1171 1735 sunt
1185 1698 1334 1737 minuat.

352 1757 472 1805 Quem
487 1758 834 1807 apprehendimus,
859 1756 988 1806 inquit,
1011 1765 1047 1794 et
1065 1758 1333 1812 ‘voluimusju-

345 1818 476 1854 dicare
492 1819 699 1855 secuudum
714 1819 833 1869 legem
851 1827 1037 1856 nostram.
1057 1820 1333 1871 Superveniens

344 1887 473 1915 autem
489 1880 632 1927 Lysias
659 1881 846 1928 tribunus,
868 1893 954 1917 cum
984 1881 1110 1917 multa
1130 1885 1173 1918 vi
1189 1896 1236 1918 ex
1253 1895 1333 1921 ma-

349 1943 460 1978 nibus
494 1944 632 1979 uostris
652 1944 833 1994 abripuit.
862 1942 929 1979 llic
949 1942 1125 1993 ostendit,
1152 1944 1222 1982 sibi
1253 1959 1331 1984 mo-

343 2000 471 2039 lestum
491 2016 564 2039 esse
579 2002 624 2040 ad
644 2012 809 2040 extranea
824 2003 1018 2041 tribunalia
1037 2004 1171 2054 venire,
1186 2014 1219 2043 et
1237 2007 1332 2056 quod

344 2075 412 2099 non
430 2062 496 2114 ipsi
509 2064 647 2102 molesti
668 2064 828 2111 fuissent,
846 2064 912 2102 nisi
932 2064 1006 2115 ipse
1027 2065 1205 2116 coegisset,
1221 2067 1332 2118 quod-

346 2138 413 2173 que
428 2138 496 2162 non
517 2124 560 2162 ad
578 2126 681 2163 illum
696 2126 887 2177 pertineret
905 2127 1023 2163 virum
1040 2127 1201 2180 abripere
1221 2145 1228 2165 :
1249 2144 1332 2168 nam

346 2184 484 2236 injuriat
515 2195 633 2223 contra
657 2200 720 2223 nos
741 2196 854 2235 erant,
888 2195 921 2223 et
939 2186 1121 2238 judicium
1148 2189 1245 2240 apud
1272 2204 1334 2228 nos

347 2246 423 2282 fieri
456 2246 649 2297 oportebat.
683 2246 790 2292 Quod
816 2256 934 2283 autem
952 2261 1006 2284 res
1031 2247 1081 2285 sic
1107 2248 1249 2296 habeat,
1281 2265 1334 2288 se—

345 2306 489 2356 quentia
523 2307 633 2344 vide:
657 2309 754 2344 Cum
774 2308 897 2344 mulia
920 2311 976 2353 vi,
1003 2308 1132 2357 inquit.
1156 2310 1224 2347 Vis
1240 2311 1335 2348 enim
1359 2312 1381 2341 Β

346 2374 433 2401 erat.
457 2364 498 2401 A
519 2378 594 2416 quo
611 2367 754 2415 poteris
773 2378 1006 2415 cognoscere.
1030 2367 1151 2416 Neque
1169 2382 1335 2406 accusare

350 2422 454 2459 audet
473 2438 479 2457 :
503 2431 579 2459 erat
606 2422 703 2459 enim
722 2422 778 2460 vir
797 2422 949 2460 clemens
971 2438 977 2458 ε
1000 2437 1112 2472 neque
1133 2423 1208 2461 sine
1229 2439 1333 2463 cansa

349 2483 600 2534 prsetereurrit.
612 2482 752 2519 Deinde
764 2482 906 2531 iterum,
924 2495 966 2519 ne
985 2482 1128 2520 mentiri
1137 2483 1332 2534 videretur,

349 2545 467 2595 ipsum
490 2544 643 2582 Paulum
663 2543 717 2580 sni
737 2542 850 2594 ipsius
866 2553 1105 2581 accusatorem
1123 2543 1273 2583 inducit.
1291 2547 1332 2583 A

350 2619 425 2655 quo
435 2614 557 2656 potes,
581 2604 707 2654 inquit,
733 2605 779 2641 de
799 2605 858 2641 liis
897 2606 1072 2642 omnibus
1105 2606 1331 2656 dijudicans

350 2680 585 2716 cognoscere.
628 2664 807 2702 Accedunt
841 2673 959 2716 postea
989 2665 1166 2703 dictorum
1196 2675 1298 2705 testes
1319 2683 1328 2704 :

351 2727 592 2778 Adjecerunt
617 2734 744 2763 autem
762 2733 797 2762 et
817 2726 846 2762 J
847 2726 961 2774 udoei,
982 2726 1152 2764 dicentes
1171 2728 1254 2765 haec
1274 2731 1331 2766 ita

349 2801 388 2824 se
402 2789 551 2824 habere.
574 2789 801 2824 Accusatores
821 2794 902 2823 sunt
921 2794 953 2823 et
973 2794 1075 2824 testes
1093 2796 1125 2824 et
1150 2798 1330 2827 accusato-

347 2862 412 2886 res.
431 2850 473 2885 At
488 2848 619 2885 Paulus
634 2848 818 2898 respondet
837 2847 986 2885 :Sciens
1004 2862 1050 2885 ex
1066 2850 1198 2887 multis
1214 2854 1329 2889 annis

349 2916 385 2945 te
404 2922 483 2945 esse
492 2911 639 2959 justum
648 2909 831 2959 judicem.
846 2907 923 2944 Non
943 2921 1026 2958 ergo
1047 2910 1256 2961 peregrinus
1278 2921 1329 2949 est

347 2979 460 3016 neque
475 2967 610 3003 alienus
622 2980 734 3016 neque
749 2975 914 3011 novator,
934 2966 961 3003 si
977 2980 995 3003 a
1012 2968 1134 3005 multis
1153 2968 1254 3006 annis
1266 2983 1328 3007 no-

348 3026 399 3063 vit
423 3026 594 3077 judicem.
617 3026 664 3063 Et
683 3035 775 3063 recte
795 3025 936 3063 addidit
956 3026 1061 3075 illud,
1082 3029 1252 3075 histum,
1289 3039 1331 3068 ut

346 3100 390 3124 ne
410 3087 456 3124 ad
469 3101 647 3124 summum
665 3086 871 3138 pontificem
893 3086 1095 3138 respiceret,
1114 3088 1172 3126 vel
1189 3088 1235 3126 ad
1264 3104 1328 3141 po-

346 3148 487 3199 pulum,
513 3148 571 3185 vel
589 3147 634 3184 ad
652 3156 905 3185 accusatorem.
923 3146 1038 3196 Vide,
1062 3148 1241 3198 quomodo
1258 3164 1327 3190 non

345 3208 514 3260 processit
545 3207 591 3246 ad
622 3208 882 3258 contumeliam,
910 3206 975 3246 etsi
1001 3209 1188 3248 necessitas
1225 3221 1326 3251 esset.

1351 2977 1374 3007 C

389 3337 405 3361 b
422 3340 470 3378 ἐᾷ)
486 3335 578 3368 deest
593 3336 624 3368 in
643 3335 839 3379 quibusdam
856 3335 931 3369 Mss.

1409 1695 1486 1746 βίας
1506 1698 1545 1734 ἐκ
1575 1699 1642 1735 τῶν
1671 1701 1798 1749 χειρῶν
1816 1702 1917 1749 ἡμῶν
1946 1700 2139 1751 ἀπήγαγεν.
2159 1702 2334 1739 Ἐνταυθα
2365 1702 2431 1739 δεί-

1406 1771 1540 1805 κνυσιν,
1562 1757 1616 1796 ὅτι
1634 1758 1693 1796 καὶ
1713 1760 1962 1810 ἐπηρεάζονται
1986 1763 2032 1803 εἷς
2051 1761 2259 1813 δικαστήρια
2287 1762 2431 1815 ἐρχόμε-

1406 1833 1457 1856 νοι
1476 1818 1553 1862 ξένα
1565 1848 1574 1865 ,
1588 1819 1646 1857 καὶ
1665 1819 1718 1858 ὅτι
1733 1822 1793 1858 οὐκ
1810 1819 1849 1857 ἂν
1863 1820 2074 1872 ἠνώχλησαν
2096 1822 2208 1868 αὐτὸν,
2229 1822 2320 1871 εἰμὴ
2339 1825 2431 1861 ἐκεῖ-

1405 1893 1460 1921 νος
1480 1879 1677 1931 ἠνάγκασε,
1698 1881 1756 1918 καὶ
1777 1885 1823 1924 ὡς
1843 1882 1879 1918 οὗ
1901 1886 2078 1934 προσ-ἧκον
2097 1883 2192 1934 αὐτῷ
2210 1882 2347 1935 ἥρπασε
2371 1883 2429 1920 τὸν

1408 1940 1530 1991 ἄνδρα·
1551 1941 1610 1979 καὶ
1634 1941 1700 1993 γὰρ
1720 1941 1765 1979 τὰ
1784 1942 1985 1993 ἀδικήματα
2005 1943 2089 1995 πρὸς
2108 1946 2202 1994 ἡμᾶς
2228 1938 2270 1989 ἦν
2284 1973 2293 1990 ,
2312 1943 2371 1981 καὶ
2391 1945 2430 1983 τὸ

2144 2004 2226 2042 εΌτι
2245 2004 2312 2057 γὰρ
2331 2005 2431 2044 τοῦτο’

1408 2061 1514 2108 ἐστιν,
1531 2062 1594 2114 ὅρα
1622 2063 1660 2101 τὸ
1687 2063 1762 2110 ἑξῆς
1778 2079 1786 2087 ·
1811 2064 1914 2102 Μετὰ
1934 2066 2087 2112 πολλῆς,
2106 2065 2211 2116 φησὶ,
2235 2064 2322 2115 βίας.
2362 2065 2429 2103 Βία

1406 2121 1475 2174 γαρ
1495 2122 1596 2161 τοῦτό
1615 2139 1700 2162 εστι.
1733 2125 1826 2175 Παρ’
1848 2118 1885 2162 οῧ
1920 2124 2064 2163 ’δύνασαι
2084 2127 2223 2177 γνῶναι.
2243 2125 2333 2163 Οὐδὲ
2363 2141 2429 2163 κα-

1408 2001 1629 2053 δικαστήριον
1654 2002 1738 2054 παρ’
1756 2006 1840 2053 ἡμῖν
1860 2004 1929 2041 ἔδει
1946 2003 2118 2055 γενέσθαι.

1406 2198 1600 2236 τηγορησαι
1626 2187 1760 2236 τολμᾶ·
1780 2186 2058 2235 συγγνωμονικὸς
2079 2186 2147 2239 γὰρ
2159 2185 2259 2272 ἀνὴρ
2270 2190 2333 2232 ἠν·
2353 2188 2428 2225 0633

1407 2243 1526 2285 ἁπλῶς
1544 2259 1774 2294 παρερχεται.
1798 2239 1887 2282 Εἶτα
1906 2245 2029 2294 παλιν,
2048 2245 2105 2283 ἵνα
2126 2246 2174 2296 μὴ
2203 2246 2259 2284 δόζ
2245 2263 2282 2298 ῃ
2304 2247 2404 2299 'ln-:633
2408 2270 2428 2275 -

1408 2307 1504 2348 σθαι,
1521 2304 1621 2341 αυτὸν
1642 2304 1820 2355 ἐφίστησιν
1837 2307 1959 2343 ἑαυτου
1974 2307 2087 2352 Ξ’κατ-η
2091 2322 2189 2380 γορρν
2201 2307 2258 2345 τὸν
2274 2310 2427 2346 Παῦλον,

1407 2365 1499 2415 Παρ’
1514 2367 1569 2408 οὓ,
1592 2364 1692 2415 φησὶ,
1716 2364 1897 2402 δύνασαι
1878 2366 2064 2439 ανακρίνας
2086 2367 2164 2419 περὶ
2184 2367 2324 2405 πάντων
2344 2367 2428 2405 τού-

1406 2439 1474 2460 των
1497 2425 1697 2475 ἐπιγνωναι.
1726 2418 1815 2463 Εἶτα
1845 2425 1904 2462 καὶ
1935 2427 2107 2479 μάρτυρες
2126 2443 2193 2464 των
2214 2428 2426 2480 εἰρημένων·

1407 2485 1639 2522 Συνεπέθεντο
1659 2484 1693 2522 δὲ
1714 2485 1772 2522 καὶ
1793 2488 1823 2523 οἱ
1841 2485 1967 2523 Ιουδαῖ
1958 2501 2001 2524 οι
2029 2502 2217 2538 φασκοντες
2238 2504 2347 2526 ταυτα
2364 2489 2426 2526 οὕ-

1404 2560 1471 2587 τως
1495 2544 1599 2596 ἔχειν.
1626 2547 1671 2583 Οἱ
1700 2545 1904 2599 κατήγοροι,
1940 2547 2035 2585 αὐτοὶ
2064 2547 2122 2585 καὶ
2163 2548 2336 2600 μάρτυρες
2368 2549 2427 2587 καὶ

1404 2605 1604 2657 κατήγοροι.
1628 2606 1717 2644 Ἀλλ’
1738 2610 1755 2644 ὁ
1772 2608 1930 2655 Παῦλος,
1943 2607 2010 2646 Ἕκ
2029 2610 2166 2646 πολλῶν
2187 2611 2271 2647 ἐτῶν
2291 2611 2373 2648 ὄντα
2389 2627 2427 2649 σε

1403 2663 1523 2715 κριτὴν
1546 2663 1773 2714 ἐπιστάμενος
1804 2664 1948 2713 δίκαιον,
1972 2666 2210 2718 ἀποκρίνεται.
2246 2669 2323 2705 Οὐκ
2358 2669 2427 2720 ἄρα

1402 2723 1491 2768 ξένος
1508 2724 1559 2767 τίς
1580 2726 1669 2762 ἐστιν
1690 2724 1764 2762 οὐδὲ
1785 2724 1963 2776 ἀλλότριος
1993 2726 2070 2764 οὐδὲ
2109 2728 2352 2778 νεωτεροποιὸς
2366 2758 2376 2775 ,
2397 2728 2429 2766 εἴ

2189 2817 2195 2824 .
2217 2787 2288 2827 Καὶ
2309 2790 2426 2833 καλῶς

1401 2847 1554 2898 ἐπήγαγε
1571 2847 1610 2884 τὸ
1625 2875 1634 2892 ,
1655 2846 1818 2894 Δίκαιον,
1840 2845 1895 2883 ἵνα
1912 2845 1962 2896 μὴ
1983 2847 2067 2897 πρὸς
2087 2846 2142 2884 τὸν
2165 2847 2330 2900 ἀρχιερέα
2349 2849 2425 2900 ἴδῃ,

1401 2908 1488 2958 μηδὲ
1502 2907 1587 2959 πρὸς
1601 2907 1659 2944 τὸν
1682 2907 1807 2955 δῆμον,
1824 2906 1911 2956 μηδὲ
1925 2907 2009 2958 πρὸς
2021 2907 2077 2944 τὸν
2098 2907 2423 2961 κατή·(ορον.“ορα,

1398 2982 1473 3010 πως
1495 2969 1532 3004 06
1551 2966 1713 3018 προήχθη
1735 2968 1782 3008 εἰς
1794 2966 1908 3018 ὕὸριν·
1930 2966 2043 3004 καίτοι
2058 2984 2097 3018 γε
2113 2967 2172 3005 καὶ
2193 2969 2346 3019 ἀνάγκης
2363 2970 2421 3008 οὔ-

1400 3043 1476 3074 σης.
1504 3026 1701 3072 Πιστεύων
1722 3041 1826 3078 φησι,
1853 3043 1940 3064 πασι
1963 3032 2033 3070 τοῖς
2060 3027 2150 3065 κατὰ
2170 3028 2286 3078 νόμον.
2306 3031 2421 3068 Τουτο

1400 2802 1439 2837 γε
1472 2788 1510 2824 ἐκ
1544 2787 1683 2824 πολλῶν
1714 2788 1798 2824 ἐτῶν
1830 2780 1898 2823 οἶδε
1942 2787 1998 2824 τὸν
2019 2786 2184 2832 δικαστήν

1400 3093 1495 3136 εἰπε,
1516 3086 1703 3134 δεικνυς,’
1683 3103 1736 3125 οτι
1756 3088 1817 3123 οὐκ
1845 3103 1884 3124 αν
1914 3088 2112 3138 ανθριι)πος,
2132 3089 2304 3127 πιστεύων
2333 3091 2421 3128 ἀνοί-

1401 3164 1551 3188 στασιν
1538 3147 1693 3192 ἔσεσθαι,
1713 3152 1855 3185 τοιαυτα
1888 3147 2028 3199 πράξειε
2059 3165 2160 3198 ποτε,
2181 3150 2221 3196 ἣν
2243 3150 2302 3187 καὶ
2323 3151 2419 3188 αὐτοὶ

1399 3206 1493 3250 οὗτοι
1516 3209 1727 3262 ἐκδέχονται.
1746 3211 1822 3246 Οὐκ
1847 3203 1921 3247 εἶπε
1940 3210 2018 3262 περὶ
2039 3210 2186 3260 τούτων,
2202 3212 2255 3250 ὅτι
2274 3211 2418 3249 πιστεύ-

1449 3349 1463 3364 ·
1479 3339 1572 3371 Unus
1588 3336 1674 3370 Cod.
1695 3345 1859 3384 κατήγορον
1877 3341 1946 3373 ὄντα
1963 3343 2092 3373 Παῦλον.
