2466 3805
682 267 727 296 IN

106 342 202 392 οὗτος
216 348 282 399 οὐχ
299 346 421 394 οὕτως,
443 346 533 385 ἀλλὰ
552 346 642 397 μετὰ
659 351 721 394 τῆς
745 348 854 391 οἰκίας
884 348 1023 394 ἁπάσης
1040 347 1056 369 b
1067 347 1124 386 τὸν

105 410 194 449 Θεὸν
214 408 381 461 ἕφοὸεῖτο,
401 411 437 446 οὐ
459 408 560 458 μόνον
580 407 698 461 ὥσπερ
717 409 829 452 κοινὸς
847 409 965 461 πατὴρ
984 409 1124 448 πάντων

105 473 174 508 τῶν
196 472 270 520 μετ’
292 471 396 508 αὐτοῦ
413 470 472 515 ὢν,
489 469 578 508 ἀλλὰ
595 469 654 508 καὶ
669 473 736 508 τῶν
756 470 815 508 ὑπ’
833 470 935 508 αὐτὸν
955 485 1124 522 στρατιω-

104 533 185 569 τῶν.
205 529 325 567 Ἄκουε
353 528 387 567 δὲ
416 529 475 567 καὶ
500 529 535 567 τί
560 545 661 582 φασιν
685 529 820 582 ἕτερον·
841 530 1038 581 ἀναγκαίως
1056 530 1124 582 γὰρ

763 267 879 297 ACTA
917 267 1248 297 APOSTOLORDM
1285 267 1440 296 nomn„
1478 266 1592 296 xxu.

2096 251 2180 313 195

1199 347 1260 398 qui
1291 361 1372 386 cum
1399 346 1477 399 ipso
1515 354 1635 394 erant,
1673 344 1734 383 sed
1765 346 1871 383 etiam
1904 345 2061 383 militum
2098 359 2182 384 suo—

1197 422 1292 446 rum.
1323 407 1439 457 Audi,
1463 407 1551 458 quid
1580 406 1680 444 aliud
1706 405 1828 444 dicant
1850 406 2069 444 :necessario
2091 407 2186 444 enim

1196 467 1290 506 illud
1320 468 1497 507 additur:
1519 470 1794 506 Testimonium
1824 469 1970 505 habens
2007 469 2057 505 ab
2083 471 2188 504 omni

1195 538 1322 581 gente;
1343 543 1386 567 ne
1413 528 1493 579 quis
1512 529 1644 566 diceret
1667 528 1787 575 :Quid
1803 558 1814 578 ,
1855 528 1885 565 si
1922 527 2189 566 incircumcisus

105 590 346 643 προστέθειται
361 590 412 638 τὸ,
430 590 721 642 Μαρτυρούμενος
740 591 807 629 ὑπὸ
825 590 904 629 ὅλου
919 596 979 629 τοῦ
998 591 1123 634 ἔθνους·
1136 617 1184 642 182
1198 598 1248 627 est
1272 590 1289 627 Ξ)
1324 590 1370 627 Et
1406 590 1427 628 J
1432 589 1538 639 udaei‚
1577 589 1703 640 inquit,
1739 589 1973 627 testificantur
2009 589 2055 627 ei.
2092 589 2189 640 Ergo

105 650 161 688 ἵνα
182 651 302 701 μηδεὶς
321 650 415 700 εἴπῃ,
431 650 465 688 τί
486 651 564 702 γὰρ,
585 654 614 689 εἰ
630 651 843 704 ἀκρόὸυστος
861 645 921 698 ἦν,
942 651 1011 689 Καὶ
1032 653 1125 689 ἐκεῖ-
1149 654 1176 683 Α
1199 650 1287 687 nihil
1303 664 1369 702 par
1393 650 1642 701 eleemosynae:
1658 650 1728 687 imo
1743 659 1839 687 tanta
1855 649 1905 687 rei
1922 650 1978 688 vis
1997 659 2060 699 est,
2078 664 2191 700 quan-

106 728 176 760 νοι,
199 712 304 764 φησὶ,
332 716 562 764 μαρτυροῦσιν
584 713 690 765 αὐτῷ.
711 711 796 764 Ἄρα
816 711 912 750 οὐδὲν
930 711 1123 762 ἐλεημοσύ-

106 789 167 818 νης
192 773 264 811 ἴσον
279 788 286 796 ·
304 774 434 823 μᾶλλον
454 772 488 809 δὲ
516 771 606 811 οὕτω
633 772 767 825 μεγάλη
789 775 849 810 τοῦ
877 772 1084 823 πράγματος
1101 776 1123 818 ἡ

108 832 220 884 ἰσχὺς,
247 832 328 871 ὅταν
345 834 384 870 ἔκ
409 835 569 885 καθαρῶν
595 832 789 884 προχέηται
818 831 984 882 ταμείων,
1015 835 1061 874 ὡς
1082 833 1127 869 τά

107 910 146 943 γε
178 893 398 946 προχεόμενα
429 893 462 937 ἐξ
491 892 617 931 ἀδίκων
653 892 818 944 βόρὸορον
849 893 958 930 ἔοικεν
988 892 1125 944 ἀφιείσῃ

107 959 203 1007 πηγῇ
220 971 227 978 ·
248 955 292 993 τὰ
308 954 344 993 δὲ
363 958 402 993 ἐκ
419 954 560 992 δικαίων
584 956 732 1006 κερδῶν,
748 953 906 1005 καθάπερ
931 960 1026 1004 νᾶμα
1045 955 1128 991 διει-

108 1015 162 1058 δές
180 1032 216 1053 τε
233 1016 291 1053 καὶ
311 1015 459 1068 καθαρὸν
478 1016 512 1052 ἐν
540 1014 754 1066 παραδείσῳ,
772 1013 836 1059 ἡδὺ
860 1012 921 1064 μὲν
947 1014 1042 1060 ἰδεῖν,
1061 1012 1126 1058 ἡδὺ

108 1075 143 1112 δὲ
171 1075 336 1127 ἅψασθαι,
357 1074 490 1126 κοῦφόνμ
503 1090 539 1111 τε
561 1074 622 1112 καὶ
640 1073 772 1125 ψυχρὸν
793 1074 828 1110 ἐν
844 1072 1052 1126 μεσημὸρίᾳ
1072 1073 1125 1110 δι-

108 1136 261 1186 δόμενον.
289 1134 413 1177 Οὕτως
437 1134 528 1172 ἐστὶν
551 1137 573 1180 ἡ
605 1132 832 1184 ἐλεημοσύνη.
864 1132 972 1185 Παρὰ
997 1132 1127 1180 ταύτην

106 1195 168 1241 τὴν
188 1194 304 1246 πηγὴν
324 1197 386 1233 οὐκ
405 1195 549 1247 αἴγειροι
569 1195 628 1232 καὶ
657 1198 794 1240 πεῦκαι,
812 1193 888 1232 οὐδὲ
905 1193 1128 1247 κυπάρισσοι,

107 1258 182 1294 ἀλλ’
207 1256 308 1308 ἕτερα
326 1255 453 1293 τούτων
477 1257 597 1308 πολλῷ
624 1253 750 1305 βελτίω
775 1253 866 1306 φυτὰ
888 1254 1023 1304 εὐμήκη
1043 1254 1127 1293 εἰσί·

106 1317 204 1369 φιλία
219 1318 322 1364 Θεοῦ,
342 1316 479 1359 ἔπαινος
495 1315 699 1366 ἀνθρώπων,
719 1314 800 1359 δόξα
817 1319 839 1362 ἡ
859 1317 905 1358 εἷς
933 1316 1021 1354 Θεὸν
1034 1347 1043 1364 ,
1071 1314 1128 1354 εὔ-

106 1393 182 1416 νοια
202 1377 298 1429 παρὰ
313 1376 465 1423 πάντων,
486 1376 750 1428 ἁμαρτημάτων
767 1376 972 1428 ἀφανισμὸς,
994 1380 1131 1429 παῤῥη·

109 1441 167 1480 σία
187 1440 320 1489 πολλὴ,
335 1441 528 1494 χρημάτων
553 1439 743 1493 ὑπεροψία,
771 1439 985 1490 ἐλεημοσύνη
998 1471 1007 1489 ,
1025 1441 1069 1478 δι’
1091 1437 1132 1488 ἧς

107 1505 169 1549 τῆς
199 1502 339 1553 ἀγάπης
367 1501 406 1539 τὸ
439 1501 545 1554 φυτὸν
577 1501 750 1554 τρέφεται.
785 1500 898 1540 Οὐδὲν
927 1501 996 1553 γὰρ
1023 1501 1132 1546 οὕτως

109 1563 248 1615 ἀγάπην
273 1562 407 1616 τρέφειν
436 1562 552 1600 εἴωθεν
568 1592 577 1609 ,
605 1565 652 1606 ὡς
670 1562 710 1600 τὸ
734 1562 906 1612 ἐλεήμονα
930 1556 1017 1600 εἶναί
1040 1579 1130 1601 τινα.

109 1625 207 1671 Αὕτη
223 1624 300 1668 τοὺς
319 1624 466 1668 κλάδους
482 1627 529 1667 εἷς
548 1624 631 1675 ὕψος
646 1623 802 1676 αἴρεσθαι
816 1630 927 1661 ποιεῖ·
949 1623 1036 1671 αὕτη
1057 1626 1132 1676 βελ-

107 1685 188 1723 τίων
204 1688 226 1731 ἡ
243 1684 340 1736 πηγὴ
361 1687 423 1730 τ’ἧς
442 1687 475 1722 ἐν
491 1687 540 1735 τῷ
560 1684 779 1736 παραδείσῳ,
804 1686 865 1722 οὒκ
892 1686 939 1727 εἷς
959 1685 1131 1738 τέσσαρας

108 1746 220 1799 ἀρχὰς
239 1745 454 1797 διαιρομένη,
475 1745 550 1782 ἀλλ’
580 1746 627 1787 εἷς
652 1743 710 1782 τὸν
742 1744 883 1797 οὐρανὸν
915 1745 1018 1783 αὐτὸν
1052 1749 1130 1799 ἀφι-

107 1807 275 1857 κνουμένη
292 1823 299 1830 ·
322 1806 407 1854 αὕτη
430 1806 540 1844 τίκτει
561 1806 618 1844 τὸν
645 1805 804 1857 ποταμὸν
833 1808 959 1844 ἐκεῖνον
988 1807 1044 1844 τὸν
1068 1808 1131 1845 ἁλ-

106 1867 248 1919 λόμενον
267 1870 313 1911 εἷς
328 1867 418 1914 ζωὴν
445 1867 581 1905 αἰώνιον
598 1883 606 1891 ·
629 1869 677 1911 εἷς
695 1867 824 1914 ταύτην
852 1866 994 1911 θάνατος
1016 1869 1128 1918 ἐμπε-

107 1928 189 1977 σὼν,
216 1928 374 1980 καθάπερ
397 1927 545 1979 σπινθὴρ
567 1928 793 1966 ἀναλίσκεται
814 1928 883 1966 ἀπὸ
911 1930 974 1974 τῆς
992 1933 1129 1980 πηγῆς*

108 1989 235 2037 οὕτως,
270 1988 424 2041 ὅπουπερ
462 1988 502 2025 ἂν
552 1988 734 2040 ἔπιστάξῃ,
772 1989 908 2040 μεγάλα
951 1990 1130 2041 ἐργάζεται

107 2050 232 2101 ἀγαθά.
265 2049 363 2095 Αὕτη
391 2053 451 2087 τοῦ
477 2048 584 2101 πυρὸς
610 2049 667 2087 τὸν
692 2048 849 2100 ποταμὸν
881 2049 1061 2088 σὸέννυσιν
1080 2054 1126 2095 ὡς

109 2113 280 2162 σπινθῆρα
296 2126 304 2133 ·
325 2109 413 2155 αὕτη
443 2109 500 2147 τὸν
527 2109 695 2157 σκώληκα
723 2109 831 2153 οὕτως
857 2109 1062 2162 ἀποπνίγει,
1082 2113 1129 2155 ὡς

107 2172 215 2210 οὐδέν.
232 2171 277 2210 ‘O
297 2170 425 2218 ταύτην
445 2171 533 2222 ἔχων
545 2202 554 2219 ,
575 2171 612 2209 οὖ
643 2170 764 2224 βρύχει
781 2169 859 2215 τοὺς
873 2171 1024 2214 ὀδόντας.
1045 2171 1128 2211 Ἀπὸ

105 2238 165 2272 τοῦ
184 2233 329 2285 ξῦδατος
377 2232 504 2278 ταύτης
546 2231 587 2271 ἂν
630 2231 798 2283 ἐπιστάξῃ
832 2233 879 2275 εἷς
914 2231 959 2270 τὰ
995 2233 1125 2283 δεσμὰ,

106 2297 229 2347 διαιρεῖ
249 2294 334 2332 αὐτά
351 2311 358 2318 ·
379 2293 443 2332 κᾶν
473 2295 519 2336 εἷς
545 2293 606 2338 τὰς
630 2292 797 2343 καμίνους
820 2294 954 2346 ἐμπέσῃ
968 2324 977 2342 ,
1011 2295 1126 2339 πάσας

105 2357 293 2396 σὸέννυσιν.

153 2416 293 2470 σΩσπερ
312 2412 369 2456 οὖν
391 2421 413 2464 ἡ
431 2419 465 2456 ἓν
482 2418 683 2471 παραδείσῳ
702 2417 799 2470 πηγὴ
815 2421 853 2457 οὐ
873 2422 931 2457 νῦν
951 2418 1013 2470 μὲν
1036 2435 1123 2472 προ·

101 2478 176 2531 χέει
190 2478 348 2529 νάματα,
363 2484 421 2518 νῦν
438 2478 475 2517 δὲ
495 2478 692 2532 ξηραίνεται
713 2480 812 2527 (ἐπεὶ
832 2481 892 2518 οὒκ
914 2480 953 2518 ἂν
974 2481 1026 2528 εἴη
1045 2483 1123 2522 λοι-

102 2539 166 2577 πὸν
181 2539 312 2591 πηγή),
332 2541 408 2577 ἀλλ’
430 2540 483 2578 ἀεὶ
504 2540 708 2585 ἀναὸλύζει·
729 2540 820 2579 οὕτω
840 2541 899 2580 καὶ
918 2546 939 2589 ἡ
968 2543 1121 2595 ἡμετέρα

101 2604 115 2620 ‘¹
129 2601 184 2638 ἀεὶ
203 2600 448 2653 δαψιλέστερον
468 2600 643 2653 προχείτω
664 2601 703 2640 τὸ
725 2609 822 2653 νᾶμα
851 2603 936 2655 πρὸς
958 2604 1035 2648 τοὺς
1056 2605 1122 2655 μά-

1197 710 1243 748 do
1262 725 1306 748 ex
1329 710 1509 762 penuariis
1523 710 1623 762 puris
1652 711 1894 761 profunditur,
1922 720 1960 748 ut
1976 725 2030 760 ea,
2051 725 2128 761 quae
2145 726 2191 749 ex

1197 771 1328 822 injuste
1351 771 1462 822 partis
1493 780 1659 817 manant,
1690 771 1823 808 similia
1852 771 1922 809 sint
1947 773 2037 810 sonti
2071 773 2190 810 lutum

1197 832 1387 880 emittenti,
1409 845 1488 881 quae
1507 844 1593 868 vero
1605 845 1652 868 ex
1678 831 1773 882 juste
1794 832 1920 882 partis,
1945 833 2046 870 alveo
2066 833 2191 885 limpi-

1196 890 1243 928 do
1258 900 1292 928 et
1311 905 1418 942 puro,
1441 891 1478 927 in
1500 891 1664 942 paradiso
1691 891 1865 939 mananti,
1881 893 1941 941 qui
1958 893 2079 930 suavis
2094 894 2190 940 visu,

1197 951 1318 989 suavis
1339 960 1372 988 et
1391 960 1499 999 tactu,
1517 949 1603 1000 quid
1621 950 1698 988 lene
1717 959 1751 987 et
1767 950 1941 1001 frigidum
1960 952 2049 989 dans
2067 953 2101 989 in
2117 967 2190 990 me-

1197 1010 1300 1048 ridie.
1319 1011 1378 1048 Sic
1394 1020 1445 1048 est
1459 1019 1493 1048 et
1509 1011 1743 1061 eleemosyna.
1762 1010 1818 1047 Ad
1835 1010 1930 1048 hunc
1956 1012 2089 1049 fontem
2121 1026 2191 1050 non

1197 1072 1322 1124 populi
1347 1072 1506 1121 arbores,
1527 1084 1597 1109 non
1617 1071 1708 1123 pini,
1729 1085 1798 1108 non
1814 1072 1985 1123 cypressi,
2006 1072 2067 1109 sed
2087 1073 2191 1124 plan-

1198 1141 1242 1169 tae
1259 1132 1333 1169 illis
1351 1132 1455 1183 longe
1473 1131 1636 1169 meliores
1665 1140 1699 1168 et
1717 1132 1934 1183 proceriores
1966 1142 2048 1170 sunt
2066 1149 2073 1169 :
2092 1148 2192 1171 amor

1199 1192 1279 1241 Dei,
1301 1192 1379 1230 laus
1394 1192 1594 1241 hominum,
1623 1192 1734 1243 gloria
1752 1192 1787 1230 in
1811 1194 1940 1241 Deum,
1974 1193 2192 1232 benevolen-

1202 1253 1249 1290 tia
1263 1253 1424 1291 omnium
1438 1283 1449 1302 ,
1469 1262 1695 1305 peccatorum
1718 1253 1880 1304 abolitio,
1905 1254 2039 1292 fiducia
2055 1256 2188 1304 multa,

1152 1324 1176 1354 Β
1200 1327 1311 1366 opum
1323 1323 1537 1364 contemtus,
1561 1314 1796 1366 eleemosyna,
1819 1329 1881 1366 per
1900 1329 2008 1365 quam
2035 1316 2191 1354 caritatis

1200 1375 1323 1427 planta
1353 1375 1521 1413 nutritur.
1553 1375 1654 1413 Nihil
1684 1376 1780 1412 enim
1808 1376 1859 1413 sic
1889 1376 2069 1415 caritatem
2100 1377 2191 1415 alere

1201 1436 1290 1474 solet
1309 1465 1321 1486 ,
1347 1445 1387 1474 ut
1405 1436 1434 1474 si
1454 1437 1533 1486 quis
1547 1436 1747 1474 misericors
1764 1437 1884 1474 fuerit.
1908 1438 1991 1475 Haec
2004 1453 2121 1476 ramos
2154 1439 2190 1477 in

1201 1497 1316 1535 altum
1334 1497 1440 1548 erigit
1458 1513 1466 1534 :
1487 1498 1546 1536 hic
1566 1498 1691 1536 melior
1710 1499 1787 1536 fons
1806 1508 1857 1536 est
1872 1499 1950 1549 illo,
1974 1500 2037 1550 qui
2068 1501 2104 1538 in
2129 1515 2191 1552 pa-

1201 1559 1320 1598 radiso
1335 1569 1421 1608 erat,
1445 1574 1515 1598 non
1533 1559 1568 1597 in
1588 1569 1742 1611 quatuor
1762 1560 1876 1612 capita
1895 1560 2048 1612 divisus,
2066 1562 2128 1600 sed
2145 1562 2193 1600 ad

1202 1621 1329 1658 eaelum
1344 1621 1464 1674 ipsum
1475 1621 1676 1673 pertingens
1694 1637 1701 1657 :
1716 1620 1776 1659 hie
1798 1622 1890 1673 parit
1911 1622 2064 1660 fluvium
2088 1623 2192 1661 illum

1203 1682 1384 1720 salientem
1414 1682 1449 1719 in
1471 1682 1584 1720 vitam
1603 1691 1770 1720 aeternam
1786 1698 1794 1718 ε
1809 1682 1844 1719 in
1864 1682 1959 1720 hunc
1990 1698 2085 1721 mors
2103 1684 2192 1723 inci-

1201 1743 1300 1794 dens,
1319 1744 1420 1795 quasi
1441 1744 1594 1782 scintilla
1613 1744 1814 1781 absumitur
1832 1758 1853 1781 a
1872 1745 1966 1782 fonte
1987 1745 2097 1783 :adeo
2128 1746 2188 1784 hic

1201 1805 1418 1856 ubicumque
1437 1806 1560 1854 stillet,
1580 1819 1708 1856 magna
1725 1814 1891 1857 operatur
1911 1806 2016 1843 bona.
2038 1807 2105 1844 Hic
2124 1807 2190 1845 ssu-

1202 1868 1303 1906 vium
1314 1867 1407 1919 ignis
1422 1868 1523 1918 quasi
1532 1868 1724 1905 scintillam
1733 1868 1929 1919 exstinguit
1946 1884 1953 1905 :
1965 1869 2024 1907 hic
2034 1884 2191 1908 vermem

1202 1929 1306 1967 illum
1326 1929 1376 1967 ita
1395 1929 1544 1967 suffocat
1558 1929 1660 1979 quasi
1679 1929 1848 1967 nihilum.
1864 1930 1937 1978 Qui
1954 1931 2049 1969 hune
2067 1931 2187 1981 habet,

1202 2004 1271 2028 non
1294 1990 1461 2028 dentibus
1478 1989 1615 2027 stridet.
1638 1989 1697 2027 Ex
1722 2004 1816 2040 aqua
1844 1989 1911 2028 ista
1944 1990 1973 2027 si
1994 2005 2063 2041 qua
2094 1991 2190 2029 stilla

1153 2059 1176 2090 C
1201 2051 1364 2090 inciderit
1383 2051 1420 2089 in
1446 2051 1604 2099 vincula,
1627 2051 1758 2089 scindit
1783 2051 1843 2089 illa
1867 2067 1874 2087 :
1900 2052 1927 2089 si
1964 2052 2000 2090 in
2031 2053 2188 2091 fornaces

1202 2113 1377 2162 inciderit,
1397 2125 1518 2150 omnes
1549 2111 1758 2163 exstinguit.

1250 2414 1287 2451 4.
1317 2413 1418 2452 Sicut
1443 2414 1503 2451 ille
1521 2414 1599 2451 fons
1617 2413 1791 2466 paradisi,
1817 2428 1885 2452 non
1917 2414 2022 2453 modo
2052 2415 2182 2453 fluenta

1196 2476 1336 2526 emittit,
1373 2475 1480 2513 modo
1519 2475 1671 2513 siccatur
1698 2475 1877 2526 (alioquin
1907 2476 1984 2528 jam
2014 2477 2092 2514 fons
2113 2490 2182 2514 non

1195 2541 1315 2585 esset),
1335 2536 1395 2575 sed
1411 2551 1549 2588 semper
1558 2536 1705 2574 scaturit
1725 2552 1732 2572 :
1754 2537 1803 2574 ita
1819 2546 1852 2575 et
1866 2538 1944 2575 fons
1959 2547 2076 2576 noster
2091 2552 2181 2575 sem-

1194 2614 1257 2652 per
1274 2598 1410 2650 largius
1436 2599 1567 2636 fluenta
1594 2598 1754 2636 effundat
1769 2598 1815 2636 ad
1832 2612 1889 2636 eos
1905 2599 2085 2647 maxime,
2117 2600 2179 2649 qui

101 2662 204 2698 λιστα
231 2661 470 2712 ἓπιδεομένους
501 2663 634 2710 ἐλέους,
664 2662 721 2701 ἵνα
753 2663 838 2715 μένῃ
859 2665 968 2716 πηγή,
1007 2668 1122 2705 Τοῦτο
1148 2684 1171 2713 D
1194 2660 1437 2699 misericordia
1458 2668 1594 2711 egeant,
1610 2668 1650 2696 ut
1666 2660 1743 2697 fons
1758 2669 1910 2697 maneat.
1928 2660 2004 2697 Hoc
2029 2660 2179 2699 hilarem

102 2722 219 2773 ἱλαρὸν
239 2728 330 2759 ποιεῖ
348 2722 406 2760 τὸν
433 2722 677 2773 λαμὸάνοντα·
697 2728 797 2762 τοῦτο
816 2725 1051 2776 ἐλεημοσύνη,
1074 2726 1121 2777 μὴ

102 2783 246 2835 σφοδρὸν
269 2782 370 2833 μόνον
396 2787 602 2836 προχεῖσθαι
622 2785 659 2822 τὸ
686 2791 800 2835 νᾶμα,
820 2785 911 2824 ἀλλὰ
930 2786 989 2825 καὶ
1009 2788 1122 2833 διηνε-

99 2842 169 2886 κές.
190 2845 234 2881 Εἰ
265 2844 399 2895 βούλει,
419 2844 537 2898 ὥσπερ
558 2848 596 2884 ἐκ
622 2848 743 2897 πηγῶν
765 2862 819 2884 σοι
844 2847 1034 2899 ἐπομὲρεῖν
1063 2853 1121 2888 τοῦ

100 2905 191 2942 Θεοῦ
215 2905 272 2943 τὸν
303 2905 409 2953 ἔλεον,
437 2905 496 2944 καὶ
530 2906 571 2945 σὺ
605 2908 723 2958 πηγὴν
755 2908 826 2960 ἔχε.
847 2908 959 2947 Οὐδὲν
991 2910 1121 2956 ταύτης

100 2964 185 3003 ἴσον.
203 2963 263 3004 Ἂν
283 2966 324 3004 σὺ
343 2966 471 3014 ταύτης
493 2971 554 3014 τῆς
572 2972 688 3020 πηγῆς
710 2968 846 3020 ἀνοίξῃς
865 2968 909 3007 τὰ
941 2969 1118 3020 στόματα,

100 3029 160 3071 τῆς
175 3030 290 3077 πηγῆς
305 3033 364 3066 τοῦ
379 3030 470 3067 Θεοῦ
489 3032 634 3067 τοιαῦτα
653 3029 753 3068 ἔσται
769 3030 813 3068 τὰ
830 3030 988 3082 στόματα
1000 3062 1009 3078 ,
1028 3031 1116 3070 ὥστε

99 3093 214 3124 πᾶσαν
234 3087 381 3126 ἄὸυσσον
406 3093 559 3136 νικῆσαι.
580 3090 756 3142 Ἀφορμὴν
784 3093 878 3138 ζητεῖ
902 3092 1003 3143 μόνον
1034 3094 1118 3146 παρ’

99 3151 198 3197 ἡμῶν
219 3148 336 3186 λαὸεῖν
357 3153 374 3187 ὁ
393 3150 502 3198 Θεὸς,
519 3150 578 3188 καὶ
600 3158 782 3203 προχεῖται
805 3154 844 3190 ἐκ.
874 3156 942 3191 τῶν
963 3154 1116 3204 ταμείων

100 3208 203 3246 αὐτοῦ
221 3207 265 3246 τὰ
281 3209 404 3260 ἀγαθά.
423 3208 537 3248 ζὈτοιν
554 3211 723 3264 ἀναλίσκῃ
739 3242 747 3259 ,
763 3213 843 3250 ὅταν
863 3214 1000 3266 δαπανᾷ
1012 3243 1021 3261 ,
1037 3214 1115 3253 τότε

139 3333 156 3356 b
174 3336 223 3365 τὸν
247 3336 309 3364 θεὸν
334 3335 480 3376 ἐξοδεὶτο,
505 3337 537 3367 03
553 3342 652 3377 μόνον,
677 3333 745 3367 liaec
767 3336 896 3368 omittit
917 3335 970 3370 ille
986 3336 1098 3371 Codex

97 3384 152 3426 qui
170 3381 288 3425 ubique
300 3381 402 3414 ferme
417 3384 451 3414 in
467 3385 604 3418 vocibus
620 3394 650 3418 et
668 3386 749 3418 serie
767 3388 884 3420 variat.

280 3450 375 3474 TOM.
413 3451 467 3474 lx.

1192 2722 1313 2760 reddit
1333 2735 1429 2769 cum,
1452 2720 1515 2770 qui
1535 2719 1665 2771 accipit
1690 2737 1696 2756 ε
1717 2719 1786 2757 hoe
1804 2720 2025 2772 eleemosyna
2049 2730 2125 2770 est,
2149 2721 2180 2759 si

1192 2798 1262 2821 non
1292 2782 1396 2821 modo
1416 2781 1583 2833 rapidum
1607 2781 1779 2818 fluentum
1809 2781 1958 2828 emittat,
1987 2781 2051 2820 sed
2073 2782 2179 2820 etiam

1191 2853 1412 2896 perpetuum.
1435 2842 1473 2881 Si
1487 2842 1556 2888 vis,
1579 2841 1678 2892 quasi
1695 2856 1736 2879 ex
1755 2842 1912 2879 fontibus
1936 2842 2003 2880 tibi
2023 2843 2089 2881 Dei
2107 2843 2176 2880 mi-

1190 2905 1419 2944 sericordiam
1448 2904 1623 2956 impluere
1637 2934 1645 2948 ,
1667 2913 1700 2940 et
1719 2912 1756 2940 tu
1783 2903 1915 2941 fontem
1931 2903 2178 2942 habetaNihil

1189 2968 1241 3005 illi
1256 2982 1322 3020 par
1339 2975 1402 3004 est.
1427 2965 1464 3004 Si
1489 2975 1525 3003 tu
1544 2964 1650 3002 fontis
1670 2964 1778 3016 hujus
1803 2978 1863 3002 ora
1883 2965 2076 3016 aperueris,
2099 2965 2177 3002 son-

1187 3029 1233 3066 tis
1246 3028 1313 3067 Dei
1327 3028 1411 3066 talia
1430 3035 1533 3064 erunt
1552 3040 1612 3064 ora
1636 3056 1644 3072 ‚
1666 3035 1704 3063 ut
1724 3026 1895 3077 abyssum
1912 3040 2051 3063 omnem
2072 3039 2177 3078 supe-

1187 3099 1278 3129 rent.
1312 3089 1541 3128 Occasionem
1569 3087 1685 3124 solum
1706 3086 1831 3137 quaerit
1855 3100 1871 3123 a
1892 3087 1995 3124 nobis
2018 3087 2176 3138 accipere

1187 3154 1296 3201 Deus,
1317 3160 1351 3188 et
1378 3148 1566 3202 profundit
1594 3148 1688 3185 bona
1717 3161 1760 3184 ex
1779 3147 1958 3198 penuariis
1979 3148 2064 3186 suis.
2085 3149 2175 3186 Cum

1186 3212 1346 3258 insumit,
1372 3225 1454 3249 cum
1476 3207 1662 3261 impendit,
1679 3216 1762 3246 tunc
1781 3207 1882 3246 dives
1907 3218 1968 3255 est,
1989 3218 2072 3248 tunc
2087 3224 2176 3262 opuu

1211 3346 1223 3360 ³
1243 3341 1287 3369 ἀεὶ
1307 3337 1531 3379 δαψιλέστερον,
1551 3330 1620 3363 liaec
1639 3330 1755 3362 desunt
1777 3329 1809 3363 in
1828 3328 1884 3362 illo
1901 3329 1986 3363 Cod.

1939 3438 1986 3474 1,]

2281 1395 2391 1423 Carinas

2244 1438 2394 1472 quomodo

2204 1477 2308 1505 alatur.

2206 1638 2294 1667 Joan.
2319 1640 2350 1678 4.

2211 1681 2258 1718 14.
