2466 3805
633 274 675 302 IN
714 274 827 303 ACTA
865 273 1187 303 APOSTOLORUM
1197 292 1206 302 .

84 362 185 406 ἦλθεν
203 359 243 397 ἄν
261 374 343 397 ποτε
369 360 472 402 πόθος
501 359 636 410 γυναικὶ
662 359 757 410 παρὰ
776 359 924 411 λάρνακι
951 373 1101 410 κρυπτο-

86 420 172 470 μένῃ
197 420 256 457 καὶ
285 419 516 471 περιμενούσῃ
546 419 608 465 τὴν
639 419 876 472 θεραπαινίδα,
894 418 987 460 ὅπως
1017 416 1098 468 ἔλθῃ

82 480 271 531 κομίζουσα
290 482 436 528 δεῖπνον,
453 481 512 518 καὶ
533 480 745 532 φοίουμένῃ,
772 480 820 531 μή
840 496 913 524 πως
933 481 1026 530 ἁλῷ,
1041 477 1100 516 καὶ

84 541 241 592 καθάπερ
261 542 295 578 ἐν
312 541 450 593 καμίνῳ
468 545 518 593 τῷ
539 541 636 592 τάφῳ
656 541 797 617 κειμένῃ
813 556 821 564 ·
839 536 906 592 ἀρα
926 540 992 591 γὰρ
1009 541 1098 577 ἐνθυ-

86 601 257 651 μήσεται,
285 602 338 639 ὅτι
360 601 481 652 γέγονέ
507 618 590 639 ποτε
614 601 747 654 τρυφη,
776 600 828 639 ὅτι
858 601 986 651 κόσμος
1014 599 1100 642 ὅλως

85 661 198 709 ἐστίν,
225 661 379 714 Ορᾶς,
367 664 419 700 ότι
435 679 491 700 νυν
517 664 591 701 ἐστι
620 665 751 713 μᾶλλον
771 665 827 699 ὁ
809 675 978 712 οιωγυ.ος,
995 660 1102 698 καθά-

86 738 152 772 περ
167 722 284 773 θηρίον
307 726 374 760 των
401 726 521 761 παθων
539 723 783 773 ἐπιτιθεμένων
804 726 886 772 ἡμῖν
915 721 1103 766 πάντοθεν,

88 784 193 820 Νῦν
180 799 272 820 εστιν
291 786 308 820 ὁ
323 784 476 835 χαλεπὸς
495 784 663 835 διωμιος,
684 799 791 834 ταυτῃ
808 799 864 830 τε,
880 798 939 820 και
960 781 1014 819 ὅτι
1028 779 1104 818 οὐδὲ

88 844 264 894 νομίζεται
284 848 370 883 εἶναι
398 845 558 895 διω(υ.ός.
579 844 648 882 Και
664 844 732 897 γὰρ
758 844 817 881 καὶ
841 858 942 880 τουτο
971 842 1043 893 ἔχει
1067 840 1106 878 τὸ

88 906 241 958 χαλεπον
271 911 366 949 οὗτος
395 910 412 944 ὁ
432 906 603 956 πόλεμος,
625 905 660 948 ὃς
679 905 798 958 εἷρηνη
828 903 1025 954 νομίζεται,
1050 900 1107 938 ἵνα

92 969 139 1016 μὴ
161 965 385 1017 ὁπλιζώμεθα
414 982 480 1004 κατ
510 968 633 1013 αὐτοῦ,
655 964 742 1016 μηδε
773 965 1031 1013 διαναστῶμεν·
1053 962 1107 998 οὗ·

91 1027 158 1069 δεὶς
180 1027 342 1074 δέδοικεν,
369 1027 477 1068 οὐδεὶς
505 1025 640 1077 τρέμει.
668 1028 712 1063 Εἰ
741 1024 776 1062 δε
810 1026 1009 1069 ἀπιστεῖτε,
1031 1020 1107 1063 τους

90 1087 268 1133 Ἕλληνας
287 1058 504 1140 ἐρωτήσατε,
530 1086 609 1128 τοὺς
639 1085 844 1131 διώκοντας,
861 1083 946 1121 πότε
969 1083 1013 1121 τὰ
1039 1085 1106 1120 τῶν

91 1149 308 1198 Χριστιανῶν
329 1146 558 1198 ἀκριὲέστερα
570 1174 579 1191 ,
595 1146 680 1184 πότε
703 1144 932 1196 δοκιμώτεροι
960 1144 1107 1186 πάντες·
1100 1173 1109 1189 ,

90 1208 152 1251 Εἷς
170 1208 282 1257 ὄλιγον
301 1224 362 1259 μεν
379 1208 613 1261 περιειστήκει
627 1207 705 1245 τότε
720 1223 759 1244 το
777 1208 919 1252 πλῆθος·
936 1208 983 1249 εἰς
1001 1203 1107 1242 πολυν

91 1267 126 1305 δε
147 1271 271 1321 ἀρετῆς
287 1270 471 1306 πλουτον
454 1285 509 1314 ην.
535 1269 582 1306 Τί
599 1268 666 1319 γὰρ
687 1268 827 1319 ὄφελος,
848 1266 923 1305 εἶπέ
945 1282 1028 1316 μοι,
1047 1281 1109 1304 πο-

91 1328 152 1367 λυν
169 1333 256 1367 εἶναι
271 1329 407 1381 χόρτον,
423 1330 561 1381 Ἅὺπαρὸν
576 1330 690 1373 λίθους
706 1334 794 1367 εἶναι
812 1328 963 1376 τιμίους;
981 1328 1091 1365 Οὖκ’
1076 1342 1110 1364 εν

91 1392 141 1442 τῷ
160 1390 286 1437 πλήθει
300 1395 360 1427 τοῦ
388 1391 554 1444 ἀριθμοῦ,
568 1392 644 1428 ἀλλ’
674 1393 707 1428 ἐν
740 1393 782 1441 τῇ
814 1389 1016 1439 δοκιμότητι
1049 1389 1112 1432 τῆς

102 1452 112 1463 o
177 1454 198 1461 ax·
275 1450 283 1463 x
372 1454 392 1462 ω
427 1451 434 1462 t
475 1453 484 1464 ³
594 1450 603 1462 t
672 1450 681 1462 ³
747 1449 754 1462 t
843 1445 863 1462 “r'
908 1445 927 1464 ‘3’
1007 1451 1016 1462 2
1066 1448 1075 1461 ³
1098 1451 1108 1463 t

92 1465 218 1501 αρετης
251 1466 291 1488 το
322 1453 452 1497 πλῆθος
470 1466 576 1489 εστιν.
606 1453 638 1489 O
684 1452 797 1493 Ηλιας
828 1465 876 1492 εις
905 1466 947 1496 ην
961 1465 968 1473 ·
998 1450 1065 1486 αλλ
1095 1464 1113 1485 ο

92 1511 220 1561 κόσμος
239 1514 301 1550 οὐκ
317 1506 360 1558 ἦν
377 1515 478 1551 αὐτοῦ
495 1512 664 1556 ἀντάξιος.
686 1511 756 1550 Καὶ
773 1511 840 1561 μὴν
860 1514 877 1548 ὃ
901 1511 1029 1561 κόσμος
1050 1525 1114 1560 μυ-

95 1571 206 1622 ριάδες
222 1572 324 1610 εἰσίν·
342 1575 417 1611 ἀλλ’
439 1575 500 1611 οὐκ
515 1573 579 1611 εἶσὶ
597 1573 760 1624 μυριάδες
773 1603 782 1620 ,
803 1571 884 1610 ὅταν
901 1571 987 1622 μηδὲ
1005 1570 1115 1622 ι’πρὸς

92 1631 150 1670 τὸν
172 1632 229 1670 ἕνα
246 1633 435 1677 ἐξισῶνται.
451 1633 632 1685 Κρείσσων
646 1628 692 1677 εἷς
711 1637 818 1671 ποιῶν
835 1633 874 1671 τὸ
890 1632 1027 1682 θέλημα
1040 1634 1113 1670 Κυ-

97 1694 186 1745 ρίου,
201 1694 223 1739 ἢ
251 1695 365 1746 μύριοι
381 1695 589 1747 παράνομοι.
605 1697 720 1732 Τοῦτο
734 1695 793 1732 καί
811 1711 863 1737 τις
888 1694 990 1746 σοφὸς
1011 1696 1118 1732 αἰνιτ-

95 1755 237 1804 τόμενος
257 1754 345 1792 οὕτω
364 1772 438 1799 πως
454 1755 557 1807 φησί·
579 1755 639 1802 Μὴ
662 1755 821 1805 ἐπιθύμει
840 1756 970 1801 πλῆθος
988 1755 1115 1793 τέκνων

95 1816 293 1866 ἀχρήστων.
315 1810 423 1853 Οὗτοι
441 1817 501 1854 καὶ
532 1817 757 1868 βλασφημίαν
780 1816 1048 1868 προστρίὸονται
1067 1819 1116 1868 τῷ

95 1878 177 1927 Θεῷ
198 1876 372 1926 μᾶλλον,ἢ
393 1879 421 1914 εἰ
435 1876 482 1927 μὴ
498 1872 586 1924 ἦσαν
599 1876 818 1929 Χριστιανοί.
833 1877 880 1915 Τί
895 1878 1013 1927 μοιδεῖ
1028 1877 1118 1923 πλή-

96 1940 193 1983 οους;
213 1938 336 1989 Τροφὴ
356 1938 485 1976 πλείων
508 1942 557 1990 τῷ
577 1938 675 1991 πυρί.
698 1941 811 1977 Τοῦτο
839 1938 899 1976 καὶ
919 1941 957 1976 ἐκ
977 1942 1036 1976 τῶ
1051 1937 1117 1975 σώ-

97 2012 204 2048 ματος
223 1998 338 2049 γνοίης
359 1999 411 2045 ἂν,
433 1999 487 2038 ὅτι
507 1999 652 2050 βελτίων
676 2000 874 2052 σύμμετρος
892 1998 1002 2052 τροφὴ
1027 1998 1117 2049 μετὰ

96 2058 226 2109 ὑγιείας
239 2089 247 2105 ,
263 2058 285 2104 ἢ
302 2059 413 2111 τρυφὴ
436 2059 524 2110 μετὰ
543 2059 741 2103 κακώσεως.
760 2060 854 2106 Αὕτη
877 2060 1005 2098 πλείων
1022 2060 1115 2098 ἐκεί-

97 2135 157 2164 νης
174 2124 195 2165 ἡ
216 2120 345 2171 τροφή·
369 2125 468 2158 τοῦτο
496 2121 604 2173 τροφὴ
620 2152 629 2168 ,
654 2124 763 2159 ἐκεῖνο
790 2121 900 2164 νόσος.
926 2123 1038 2159 Τοῦτο
1057 2120 1116 2158 καὶ

97 2181 132 2216 ἐν
153 2180 297 2232 πολέμῳ
313 2180 378 2218 ἴδοι
400 2197 452 2224 τις
472 2181 525 2226 ἂν,
543 2181 676 2232 βέλτιον
708 2176 795 2220 εἶναι
823 2182 908 2220 δέκα
934 2181 1117 2232 ἐμπείρους

97 2240 156 2278 καὶ
176 2241 347 2292 γενναίους
361 2241 541 2293 ἅνδρας,ἢ
561 2242 702 2293 μυρίους
719 2241 891 2294 ἀπείρους.
906 2235 1015 2279 Οὗτοι
1033 2240 1118 2293 πρὸς

97 2303 147 2352 τῷ
181 2300 288 2351 μηδὲν
321 2301 534 2353 ἐργάσασθαι
565 2302 722 2345 καὶτοὺς
741 2301 991 2355 ἐργαζομένους
1019 2300 1115 2351 ἐγκό-

97 2377 233 2400 πτουσι.
252 2363 365 2400 Τοῦτο
389 2362 448 2400 καὶ
471 2362 528 2399 ἐπὶ
561 2363 682 2401 πλοίου
702 2362 795 2415 εὕροι
826 2379 878 2406 τις
909 2362 961 2410 ἂν,
984 2362 1115 2413 βέλτιον

97 2416 184 2459 εἶναι
204 2422 264 2460 δύο
289 2423 415 2466 ναύτας
433 2423 638 2478 ἐμπείρους,
662 2423 684 2469 ἢ
710 2423 829 2475 μυρίον
861 2426 992 2469 πλῆθος
1014 2424 1114 2461 ἀπεί-

100 2497 166 2533 ρων
179 2499 186 2506 ·
208 2481 300 2521 οὗτοι
320 2483 385 2535 γὰρ
405 2484 444 2522 τὸ
462 2485 580 2522 πλοῖον
603 2484 662 2523 καὶ
683 2484 924 2523 καταδύσουσι.

154 2797 276 2833 Ταῦτα
303 2796 412 2846 λέγω,
432 2797 508 2847 οὐχὶ
527 2797 612 2848 πρὸς
627 2796 666 2834 τὸ
685 2800 815 2843 πλῆθος
837 2802 933 2849 ὑμῶν
958 2801 1118 2851 ἀπεχθῶς

103 2857 204 2908 ἔχων,
223 2856 311 2894 ἀλλὰ
328 2857 533 2908 βουλόμενος
550 2857 681 2901 πάντας
695 2853 782 2897 εἶναι
799 2859 978 2910 δοκίμους,
993 2861 1051 2898 καὶ
1070 2867 1117 2911 μή

102 2920 151 2968 τῷ
181 2917 304 2963 πλήθει
331 2921 480 2972 θαρρεῖν.
500 2920 628 2972 Πολλῷ
651 2920 789 2964 πλείους
822 2921 906 2958 εἰσὶν
936 2925 967 2959 οἱ
986 2924 1035 2964 εἷς
1055 2922 1118 2968 τὴν

104 2977 241 3027 γέενναν
262 2979 443 3023 εἰσιόντες·
466 2979 555 3018 ἀλλὰ
578 2980 703 3031 μείζων
726 2983 831 3027 αὐτῆς
852 2981 943 3020 ἐστὶν
975 2985 995 3028 ἡ
1018 2985 1120 3033 βασι-

103 3038 203 3084 λεία,
224 3038 286 3075 κᾶν
311 3039 444 3091 ὀλίγους
464 3041 543 3092 ἔχῃ.
575 3041 636 3085 (Ως
655 3045 677 3088 ἡ
710 3042 827 3093 ἅμμος
855 3045 918 3088 τῆς
944 3043 1120 3090 θαλάσσης

106 3095 146 3146 ἦν
168 3099 206 3137 τὸ
235 3101 363 3146 πλῆθος
380 3106 438 3140 τοῦ
463 3105 568 3150 λαοῦ,
588 3105 663 3141 ἀλλ’
684 3098 730 3146 εἷς
750 3103 877 3142 ἔσωσεν
898 3103 1034 3147 αὐτούς.
1060 3099 1121 3148 Εἷς

106 3156 147 3207 ἦν
167 3165 184 3199 ὃ
204 3164 355 3209 Μωῦσῑῆς
371 3193 380 3210 ,
399 3164 459 3201 καὶ
477 3164 616 3202 πάντων
639 3165 779 3216 μείζονα
797 3165 939 3217 ἴσχυσεν
954 3181 962 3189 ·
979 3159 1026 3209 εἷς
1045 3160 1086 3212 ἦν
1103 3170 1121 3204 ὃ

107 3223 260 3271 Ἰησοῦς,
279 3223 337 3261 καὶ
353 3226 421 3261 τῶν
443 3224 627 3269 ἑξακοσίων
649 3227 816 3277 χιλιάδων
834 3225 936 3264 πλέον
957 3226 1120 3273 ἠδυνήθη.

110 3281 169 3327 Μὴ
191 3287 290 3321 τοῦτο
310 3285 568 3335 σπουδάζωμεν,
586 3285 678 3329 ὅπως
697 3286 818 3324 πολλοὶ
837 3285 990 3336 γένοιντο
1008 3286 1121 3336 μόνον,

110 3343 199 3381 ἀλλὰ
225 3344 293 3396 πρὸ
317 3344 457 3392 τούτου,
478 3344 571 3387 ὅπως
603 3345 760 3395 δόκιμον
782 3345 864 3383 ὅταν
884 3350 984 3384 τοῦτο
1013 3362 1120 3384 κατα-

157 3450 172 3472 ¹¹
188 3447 248 3479 Alli
266 3454 338 3492 πρὸς
356 3454 405 3482 *rb-1
422 3452 470 3482 ἕνα
489 3454 645 3492 {pyra-aruc.
668 3455 816 3495 κρείσσων.

2125 255 2148 267 n

1245 273 1402 302 HOMIL.
1441 270 1564 300 xxtv.
2063 271 2109 298 21
2126 266 2150 297 ὁ

1172 372 1254 395 cum
1281 366 1448 409 perpetua
1482 357 1573 394 fame
1604 354 1855 393 conflictantes.
1887 353 2012 405 Cogita
2042 365 2123 403 ergo
2139 378 2172 400 ,-

1172 433 1260 456 num
1290 418 1432 456 mulieri
1462 417 1508 455 ad
1534 417 1738 469 sepulcrum
1765 415 1888 453 latenti
1923 423 1956 452 et
1987 413 2154 451 ancillam

1170 479 1337 516 ferentem
1366 492 1501 516 coenam
1522 476 1751 529 exspectanti,
1775 491 1816 514 ac
1838 490 1880 513 ne
1904 484 2087 527 caperetur
2110 474 2155 511 ti-

1171 539 1414 589 menti‚atquc
1439 539 1475 576 in
1499 539 1661 591 sepulcro
1680 538 1779 588 quasi
1795 538 1829 575 in
1852 538 1991 574 fornace
2005 534 2155 583 sedenti,

1172 600 1319 650 aliquod
1335 601 1393 638 vcl
1422 609 1604 638 sumtuum
1629 600 1685 638 vel
1711 598 1919 636 deliciarum
1938 596 2158 635 desiderium

1171 660 1278 697 fuerit
1298 675 1306 695 ε
1330 674 1415 697 num
1434 670 1519 698 tunc
1547 659 1726 712 putaverit
1750 659 1807 697 vel
1823 658 1968 696 delicias
1979 657 2037 695 vel
2055 670 2158 694 mun—

1175 721 1265 758 dum
1290 721 1486 758 exsistere?
1507 721 1637 762 Viden’
1658 734 1751 758 nunc
1767 720 1936 770 majorem
1952 733 2025 756 esse
2039 731 2158 770 perse-

1176 781 1395 831 quutionem,
1417 781 1504 818 dum
1527 781 1637 818 animi
1651 781 1797 817 affectus
1813 779 1913 830 quasi
1929 780 2010 816 ferae
2026 793 2088 815 nos
2101 777 2156 814 in—

1128 846 1151 876 C
1176 840 1338 879 vadunt?
1361 842 1464 878 Nunc
1488 850 1580 878 certe
1600 840 1720 891 gravis
1747 850 1797 877 est
1817 839 2054 891 persequutio,
2073 838 2161 875 dum

1179 911 1324 953 putatur
1339 902 1476 939 nullam
1486 916 1559 939 esse
1573 901 1893 953 persequutionem.
1903 903 1947 937 At
1960 901 2054 938 enim
2067 900 2163 937 istud

1176 962 1312 999 bellum
1340 962 1408 999 hoc
1444 963 1698 1013 gravissimum
1726 962 1848 1011 habet,
1871 961 1966 1012 quod
1988 976 2060 1013 pax
2092 976 2165 999 esse

1179 1022 1357 1070 credatur3
1369 1023 1418 1059 ita
1435 1032 1475 1059 ut
1487 1037 1585 1060 arma
1602 1037 1670 1060 non
1684 1036 1880 1071 sumamus,
1894 1035 1958 1058 nec
1969 1031 2088 1059 contra
2101 1021 2165 1058 ini-

1179 1083 1312 1120 micum
1332 1083 1560 1134 insurgamus
1580 1099 1589 1119 :
1611 1083 1733 1120 nullus
1748 1081 1918 1119 formidat
1931 1112 1940 1130 ,
1960 1082 2081 1120 nullus
2096 1092 2165 1119 trc-

1179 1143 1258 1180 mit.
1281 1143 1320 1181 Si
1338 1153 1456 1181 autem
1480 1157 1549 1181 non
1571 1143 1736 1192 creditis,
1771 1143 1986 1193 interrogate
2021 1143 2167 1195 gentiles

1180 1205 1242 1255 qui
1261 1214 1534 1257 persequuntur,
1557 1204 1782 1255 quandonam
1813 1219 1867 1242 res
1883 1204 2169 1242 Christianorum

1181 1268 1380 1305 accuratius
1406 1277 1635 1319 gererentur,
1664 1267 1889 1318 quandonam
1923 1267 2089 1304 clariores
2115 1267 2170 1304 illi

1180 1337 1305 1366 essent.
1320 1329 1423 1366 Tunc
1443 1328 1627 1380 pauciores
1644 1342 1789 1365 numero
1813 1337 1925 1377 erant,
1950 1328 2010 1365 sed
2033 1342 2169 1379 magnae

1180 1398 1279 1427 erant
1309 1389 1485 1428 virtutum
1521 1389 1671 1428 divitiae.
1708 1391 1797 1437 Quae
1825 1389 1959 1427 utilitas
1978 1419 1990 1439 ,
2021 1404 2167 1440 quaeso,

1183 1450 1338 1488 multum
1360 1465 1434 1489 esse
1460 1451 1620 1501 foenum,
1646 1451 1735 1488 dum
1763 1450 1932 1503 possibile
1957 1460 2007 1488 est
2037 1450 2172 1503 lapides

1135 1525 1160 1554 1)
1183 1511 1353 1563 pretiosos
1368 1511 1508 1549 adesse?
1522 1513 1600 1549 Non
1619 1511 1655 1548 in
1678 1511 1919 1561 multitudine,
1933 1511 2043 1549 sedin
2058 1511 2173 1549 virtu-

1184 1573 1231 1611 tis
1258 1573 1445 1625 splendore
1468 1581 1583 1610 totum
1613 1573 1819 1611 aestimatur.
1841 1572 1939 1610 Elias
1972 1587 2062 1610 unus
2081 1582 2172 1620 erat,

1188 1633 1250 1671 sed
1269 1633 1424 1671 mundus
1450 1647 1521 1672 non
1544 1642 1619 1671 erat
1638 1633 1700 1670 illo
1719 1632 1861 1684 dignus.
1888 1633 1995 1683 Atqui
2018 1632 2172 1670 mundus

1188 1694 1303 1732 millia
1334 1695 1448 1732 multa
1477 1694 1740 1746 complectitur;
1755 1693 1813 1731 sed
1839 1694 1951 1731 millia
1982 1708 2051 1731 non
2078 1703 2171 1742 sunt,

1188 1755 1330 1805 quando
1350 1769 1463 1806 neque
1479 1755 1540 1792 uni
1566 1764 1806 1805 coaequantur.
1826 1755 1971 1792 Melior
1990 1769 2088 1793 unus
2098 1756 2172 1807 sa-
2185 1766 2281 1796 Esca.
2307 1768 2349 1796 16.

1188 1819 1291 1854 ciens
1323 1818 1570 1854 voluntatem
1601 1818 1763 1854 Domini
1782 1846 1793 1861 ,
1816 1829 1934 1868 quam
1958 1817 2065 1853 mille
2090 1819 2170 1853 ini-

1188 1880 1266 1928 qui.
1282 1877 1356 1915 Hoc
1383 1877 1522 1929 sapiens
1541 1876 1689 1927 quidam
1725 1876 1956 1914 subindicans
1988 1876 2172 1914 dicitlee
2186 1886 2265 1914 Jbid.
2293 1897 2319 1912 v.
2345 1895 2368 1912 ι.

1187 1939 1376 1976 desideres
1413 1939 1700 1975 multitudinem
1732 1938 1914 1990 filiorum
1953 1939 2165 1975 inutilium.

1186 1999 1231 2036 Hi
1244 1999 1358 2050 magis
1373 1998 1632 2051 blasphemiam
1650 1998 1687 2035 in
1707 1999 1823 2035 Deum
1844 1998 2019 2036 concitant
2034 2028 2044 2047 ‚
2065 2013 2173 2049 quam

1187 2061 1216 2098 si
1239 2060 1433 2098 Christiani
1452 2074 1521 2097 non
1539 2069 1664 2097 essent.
1687 2059 1786 2106 Quid
1803 2059 1893 2097 mihi
1911 2074 1999 2112 opus
2010 2069 2061 2098 cst
2079 2061 2174 2098 mul·

1138 2135 1160 2164 E
1186 2126 1366 2164 titudine?
1386 2124 1605 2162 Alimentum
1618 2123 1868 2175 ampliusigni.
1887 2124 1963 2161 Hoc
1987 2133 2080 2161 etex
2100 2138 2174 2162 cor-

1186 2202 1272 2239 pore
1299 2186 1506 2238 cognoveris
1527 2201 1534 2222 :
1558 2185 1684 2222 melior
1703 2185 1835 2237 quippe
1854 2194 1904 2223 cst
1923 2186 2024 2223 cibus
2049 2186 2175 2223 mode-

1187 2258 1284 2286 ratus
1312 2262 1392 2285 cum
1415 2246 1575 2294 sanitate,
1595 2260 1702 2296 quam
1722 2246 1859 2283 deliciae
1889 2260 1972 2283 cum
2002 2247 2172 2284 molestia.

1187 2309 1262 2347 Hoc
1276 2308 1484 2346 alimentum
1495 2307 1559 2344 illo
1569 2306 1724 2358 amplius
1742 2322 1749 2342 ε
1765 2306 1833 2344 hoc
1845 2307 2070 2356 alimentum,
2082 2307 2174 2344 illud

1188 2370 1334 2407 morbus
1351 2378 1415 2406 est.
1438 2368 1522 2405 Haec
1538 2376 1571 2404 et
1590 2367 1626 2404 in
1639 2366 1733 2404 bello
1748 2367 1829 2416 quis
1845 2367 1973 2405 viderit
1991 2383 1998 2403 :
2014 2368 2175 2405 meliores

1189 2445 1262 2469 esse
1280 2430 1402 2468 decem
1424 2429 1521 2468 viros
1537 2437 1697 2465 strenuos
1723 2436 1756 2464 et
1791 2427 1879 2465 belli
1900 2428 2030 2480 peritos
2043 2459 2052 2475 ,
2067 2443 2175 2479 quam

1188 2494 1391 2530 innumeros
1414 2489 1609 2541 imperitos.
1629 2489 1676 2526 Hi
1690 2498 1926 2541 praeterquam
1960 2490 2056 2540 quod
2084 2490 2174 2528 nihil

1190 2563 1393 2608 operantur,
1410 2553 1498 2590 alios
1511 2582 1522 2602 ,
1542 2552 1608 2602 qui
1628 2560 1837 2603 operantur,
1864 2552 2073 2604 impediunt.
2101 2554 2176 2591 Hoc

1189 2626 1221 2654 et
1247 2616 1283 2653 in
1313 2615 1395 2652 navi
1428 2613 1507 2664 quis
1538 2612 1726 2659 invenerit,
1755 2613 1918 2650 meliores
1948 2627 2021 2650 esse
2050 2623 2175 2651 nautas

1188 2677 1277 2714 duos
1310 2675 1440 2728 peritos
1460 2703 1472 2723 ,
1498 2687 1605 2723 quam
1635 2687 1800 2724 magnam
1821 2673 2066 2725 imperitorum
2100 2683 2175 2711 tur-

1189 2739 1271 2775 bam
1294 2753 1300 2773 :
1317 2736 1355 2773 hi
1374 2748 1524 2785 namque
1539 2733 1659 2772 navim
1673 2733 1780 2771 etiam
1800 2733 2039 2785 submergent.

1206 2794 1220 2802 ⁸
1243 2801 1279 2836 4.
1300 2798 1384 2834 Haec
1407 2796 1498 2843 dico,
1517 2809 1586 2833 non
1604 2793 1701 2845 quod
1731 2794 2001 2832 multitudinem
2021 2804 2175 2834 vestram

1190 2858 1338 2907 oderim,
1358 2856 1418 2895 sed
1436 2855 1532 2907 quod
1552 2856 1659 2894 velim
1674 2869 1794 2892 omnes
1809 2869 1882 2892 esse
1894 2856 2066 2923 probatos
2083 2886 2094 2905 ,
2113 2870 2177 2895 nec

1132 2954 1178 2977 193
1191 2918 1416 2958 multitudml
1437 2917 1559 2955 fidere.
1581 2916 1699 2954 Multo
1724 2916 1843 2968 plures
1865 2925 1957 2965 sunt,
1975 2917 2037 2966 qui
2056 2917 2093 2954 in
2115 2931 2177 2969 ge-

1145 2992 1167 3019 Α
1192 2982 1345 3019 hennam
1363 2979 1549 3027 incidunt3
1573 2977 1634 3015 sed
1662 2977 1777 3028 majus
1796 2976 1858 3014 illa
1871 2985 1921 3014 est
1941 2990 2106 3027 regnum,
2127 2987 2177 3015 et-

1192 3044 1221 3081 si
1242 3056 1375 3095 paucos
1393 3041 1532 3078 habeat.
1553 3040 1655 3077 Sicut
1673 3052 1777 3076 alena
1793 3038 1901 3075 malis
1919 3047 1993 3075 erat
2013 3039 2175 3077 multitu-

1193 3104 1238 3142 do
1245 3103 1382 3156 populi,
1395 3101 1456 3140 sed
1468 3115 1557 3138 unus
1568 3099 1722 3138 servavit
1734 3112 1803 3136 eos.
1817 3100 1919 3136 Unus
1935 3108 2009 3136 erat
2020 3101 2177 3152 Moyses,

1193 3165 1257 3203 sed
1272 3165 1353 3217 plus
1367 3177 1474 3214 quam
1490 3175 1609 3199 omnes
1619 3159 1734 3212 potuit
1756 3175 1762 3195 :
1783 3173 1874 3196 unus
1892 3168 1966 3196 erat
1985 3161 2098 3208 Jcsus,
2118 3161 2177 3199 sed

1194 3226 1275 3278 plus
1306 3224 1422 3277 potuit
1444 3236 1551 3273 quam
1582 3229 1743 3258 sexcenta
1766 3219 1890 3256 millia.
1916 3220 1997 3257 Non
2032 3220 2100 3258 hoc
2121 3235 2178 3259 so-

1194 3288 1270 3324 lum
1292 3298 1466 3332 curemus,
1478 3292 1516 3320 ut
1532 3281 1636 3319 multi
1647 3281 1730 3330 sint,
1752 3279 1811 3318 sed
1828 3289 1861 3317 et
1876 3281 2012 3332 magis,
2035 3291 2074 3319 ut
2107 3282 2177 3320 sint

1201 3345 1381 3398 praeclari:
1401 3358 1482 3381 cum
1507 3342 1573 3379 hoc
1594 3341 1788 3393 perfectum
1804 3341 1910 3378 fuerit
1929 3371 1938 3389 ,
1968 3351 2052 3379 tunc
2086 3341 2175 3380 illud

1210 3451 1223 3464 ⁸*
1249 3450 1259 3490 [
1279 3447 1379 3480 Savil.
1396 3452 1491 3491 παρὸν
1513 3451 1528 3483 ἦ
1548 3449 1642 3482 λίθους
1659 3450 1769 3486 τιμίους
1785 3449 1802 3482 ἡ
1819 3448 1926 3489 χρυσὸν
1943 3450 2132 3490 way-ivm]

1914 3492 1976 3526 10.

2187 1810 2215 1838 3.
