2466 3805
283 227 345 285 (34

280 323 361 360 tuit.
396 322 495 360 Sicut
524 320 616 358 enim
634 320 708 358 dies
727 333 867 357 serenus
885 327 919 356 et
938 319 1040 354 laetus
1051 346 1063 366 ,
1094 325 1127 353 et
1146 315 1259 352 hiems

281 382 473 421 admodum
509 381 619 419 tristis
635 409 647 429 ,
683 378 856 417 contraria
883 386 964 414 sunt
989 392 997 412 :
1021 377 1068 413 ita
1099 373 1261 411 iracundi

279 450 313 480 et
332 439 507 478 mansueti
531 439 667 475 animae.
689 438 735 472 At
755 434 913 472 nondum
931 447 969 470 ea
983 463 992 480 ,
1016 447 1095 482 quae
1115 432 1151 469 in
1172 431 1261 469 alios

280 510 423 538 manant
453 496 693 543 incommoda,
722 494 784 532 sed
802 507 878 543 quae
907 492 975 530 sibi
1000 492 1088 543 ipsis
1107 491 1263 528 inferunt

280 560 476 600 videamus.
501 556 607 606 Atqui
635 556 702 591 hoc
728 567 797 591 non
816 567 968 604 parvum
993 561 1044 589 est
1069 551 1262 601 damnum,

278 621 389 657 alium
413 618 542 655 damno
562 616 701 652 afficere
719 629 727 650 ε
754 626 880 651 verum
904 612 1046 651 interim
1065 612 1157 650 illud
1178 627 1263 650 con-

277 679 481 718 sideremus.
502 676 592 722 Quis
614 676 772 713 carnifex
791 674 842 712 sic
861 674 970 712 latera
990 673 1183 711 dilacerare
1201 687 1263 725 po—

279 738 388 776 terit?
410 751 488 787 quae
514 751 618 775 verua
639 736 749 787 ignita
779 736 829 773 sic
864 750 993 787 corpus
1025 734 1262 785 transfigere?

277 799 355 849 quis
371 799 469 835 furor
482 798 531 835 ita
544 812 563 835 a
578 812 661 835 sana
674 806 788 834 mente
800 796 952 845 excutit,
966 804 1005 833 ut
1021 795 1072 832 ira
1092 803 1125 832 et
1140 795 1263 832 furor?

276 859 410 897 Multos
430 859 514 898 novi
533 860 596 909 qui
621 859 666 896 ab
689 857 876 896 iracundia
902 857 939 894 in
961 856 1104 894 morbos
1128 855 1260 893 incide-

276 929 360 958 runt
382 936 390 956 ε
410 920 465 958 hae
485 929 565 958 sunt
585 919 802 971 gravissimae
827 918 987 956 omnium
1006 916 1133 954 febres.
1156 915 1263 963 Quod

274 981 305 1018 si
323 995 450 1033 corpus
465 981 514 1019 ita
529 981 753 1031 labefactent,
770 980 926 1018 animam
944 978 1068 1030 cogita.
1090 979 1142 1016 Ne
1155 977 1263 1015 ratio-

275 1041 423 1089 cineris,
455 1042 538 1093 quia
575 1056 644 1080 non
662 1041 762 1081 vides
778 1057 789 1090 3
811 1041 873 1079 sed
892 1040 1005 1091 cogita
1018 1069 1029 1089 ,
1057 1038 1154 1090 quod
1173 1039 1202 1076 si
1234 1038 1263 1076 is

275 1104 339 1156 qui
359 1104 534 1141 malitiam
562 1103 715 1155 concipit
742 1103 790 1140 ita
818 1101 984 1151 laeditur,
1020 1101 1058 1138 id
1088 1099 1184 1151 quod
1204 1100 1264 1137 ille

276 1165 389 1217 pariet
419 1174 591 1215 quantum
619 1164 790 1201 damnum
820 1163 969 1200 afferet?
1003 1162 1113 1200 Multi
1142 1161 1263 1198 oculos

276 1225 525 1276 perdiderunt,
555 1225 660 1262 multi
689 1225 725 1262 in
745 1224 975 1275 gravissimos
994 1221 1149 1260 incidere
1168 1236 1260 1259 mor-

276 1286 353 1326 bos.
378 1288 450 1334 Qui
469 1301 552 1325 vero
570 1286 707 1324 fortiter
736 1286 884 1331 tolerat,
908 1284 1025 1322 omnia
1045 1284 1147 1321 facile
1165 1284 1262 1320 feret.

279 1351 444 1386 Attamen
472 1347 553 1385 licet
582 1356 655 1384 tam
687 1360 832 1384 onerosa
850 1344 1052 1398 praecipiat,
1073 1354 1106 1382 et
1135 1345 1265 1381 horum

276 1409 474 1447 mercedem
494 1409 688 1460 gehennam
707 1416 900 1460 proponat,
922 1407 1004 1444 licet
1025 1406 1085 1444 ille
1101 1405 1266 1443 diabolus

278 1469 323 1507 sit
336 1500 345 1518 ,
363 1479 396 1507 et
415 1470 539 1507 salutis
560 1478 687 1507 nostrae
712 1468 897 1518 inimicus,
919 1467 1033 1518 magis
1055 1467 1110 1504 illi
1129 1467 1264 1504 obtem-

277 1544 466 1581 peramus,
497 1544 603 1581 quam
634 1529 777 1567 Christo
809 1528 1003 1577 Servatori,
1038 1527 1263 1576 benefactori,

278 1600 311 1629 et
329 1591 414 1629 talia
429 1591 578 1640 dicenti,
598 1604 674 1641 quae
690 1599 724 1627 et
743 1589 927 1638 suaviora,
944 1598 976 1626 et
997 1588 1142 1625 utiliora
1161 1596 1264 1636 sunt,

278 1653 450 1703 nobisque
478 1661 511 1689 et
539 1651 853 1689 contubernalibus
874 1664 1002 1702 magna
1021 1650 1115 1687 bona
1145 1649 1263 1686 confe-

279 1723 368 1752 rant.
406 1714 508 1752 Nihil
529 1713 582 1750 ira
611 1714 735 1765 pejus,
771 1713 921 1762 dilecte,
955 1721 988 1749 et
1017 1711 1266 1763 intempestivo

279 1775 420 1814 furore:
440 1789 510 1813 non
536 1775 600 1812 fert
616 1775 761 1825 longam
776 1787 913 1811 moram
925 1788 936 1823 3
958 1781 1080 1810 acutus
1099 1780 1150 1809 est
1171 1785 1268 1809 mor-

278 1836 356 1874 bus.
386 1837 487 1888 Saepe
506 1836 583 1886 quis
603 1835 754 1873 verbum
782 1849 827 1872 ex
855 1835 907 1872 ira
926 1833 1076 1885 profert,
1106 1832 1202 1883 quod
1228 1841 1268 1870 ut

278 1906 429 1949 reparet,
444 1906 516 1935 tota
533 1897 605 1934 vita
624 1910 711 1948 opus
730 1896 861 1945 habet,
879 1904 913 1932 et
929 1892 1067 1945 aliquid
1082 1902 1264 1945 operatur,

279 1958 378 2009 quod
405 1967 515 1995 totam
543 1958 619 2009 ejus
638 1957 751 1995 vitam
779 1956 974 1994 subvertat.
1009 1954 1118 2001 Quod
1148 1963 1267 1992 autem

280 2018 531 2071 gravissimum
562 2027 642 2068 est,
680 2017 781 2055 brevi
812 2026 970 2069 tempore
987 2046 996 2064 ,
1031 2030 1100 2054 uno
1132 2029 1264 2067 opere,

280 2095 350 2119 uno
365 2081 476 2119 verbo
499 2094 589 2132 saepe
608 2079 747 2117 aeternis
766 2079 951 2131 privamur
966 2077 1086 2126 bonis,
1106 2078 1267 2114 innume-

279 2156 405 2193 rosque
432 2141 532 2179 nobis
551 2141 709 2193 parimus
731 2140 880 2177 labores.
902 2139 1143 2184 Quamobrem
1170 2151 1268 2189 rogo,

279 2203 396 2241 omnia
426 2202 616 2251 faciamus,
642 2210 682 2238 ut
700 2202 790 2238 banc
808 2201 919 2238 feram
936 2200 1126 2237 frenemus.
1150 2201 1266 2237 Caete-

280 2279 362 2302 rum
382 2264 458 2301 baec
485 2263 530 2300 de
558 2262 826 2300 mansuetudine
856 2270 889 2298 et
917 2260 970 2297 ira
999 2260 1094 2297 dicta
1114 2260 1197 2298 sint.
1229 2260 1268 2297 Si

282 2325 361 2375 quis
391 2338 475 2363 vero
502 2324 572 2361 alia
601 2336 760 2360 sermone
778 2330 921 2369 tractet,
956 2331 995 2359 ut
1025 2320 1213 2359 avaritiam
1235 2330 1268 2359 et

281 2385 484 2437 despectum
503 2383 756 2436 pecuniarum,
779 2382 964 2419 lasciviam
990 2391 1024 2419 et
1049 2381 1265 2431 castitatem,

282 2445 456 2485 invidiam
479 2454 513 2483 et
539 2443 863 2491 mansuetudinem,
888 2443 1021 2493 illaque
1040 2451 1164 2479 mutuo
1185 2456 1269 2479 con-

281 2507 369 2544 ferat
384 2536 395 2556 ,
416 2507 485 2544 alia
502 2520 642 2557 quoque
656 2504 861 2543 discrimina
879 2503 975 2541 sciet.
995 2503 1164 2550 Vidistis,
1180 2517 1268 2552 quo-

282 2567 388 2605 modo
419 2581 465 2604 cx
491 2566 674 2619 praeceptis
703 2573 840 2602 tantum
868 2573 902 2601 et
930 2566 1025 2602 Deus
1053 2573 1086 2601 et
1105 2563 1269 2602 diabolus

283 2627 595 2664 internoscantur?
633 2626 927 2676 Obtemperemus
964 2638 1047 2675 ergo
1080 2625 1177 2675 Deo,
1210 2638 1269 2662 ne-

283 2703 351 2740 que
375 2704 438 2727 nos
459 2689 493 2726 in
513 2688 680 2726 barathra
707 2687 956 2738 conjiciamus,
983 2686 1041 2724 sed
1069 2686 1157 2724 dum
1175 2696 1267 2724 tem-

283 2765 350 2802 pus
376 2759 450 2797 cst,
473 2750 661 2787 abluamus
687 2748 805 2786 omnia
832 2762 908 2798 quae
936 2748 1091 2785 animam
1120 2747 1270 2796 foedant,

284 2821 323 2848 ut
336 2821 463 2849 aeterna
479 2824 733 2861 consequamur
747 2809 839 2846 bona
850 2838 860 2857 ,
876 2808 989 2860 gratia
1007 2818 1040 2846 et
1054 2808 1272 2860 benignitate

285 2872 430 2910 Domini
448 2872 558 2910 nostri
576 2873 659 2910 Jesu
680 2870 814 2908 Christi
827 2900 838 2919 ,
856 2870 1000 2920 quicum
1017 2870 1113 2907 Patri
1133 2883 1271 2921 unaque
1293 2904 1323 2927 55

286 2932 435 2985 Spiritui
466 2942 585 2970 sancto
606 2932 718 2984 gloria
735 2961 745 2979 ,
775 2931 989 2983 imperium,
1012 2931 1125 2968 honor
1137 2960 1148 2977 ,
1178 2945 1271 2969 nunc
1295 2941 1321 2970 A

287 3002 319 3030 et
346 3008 508 3046 semper,
527 2993 615 3032 etin
641 2992 769 3031 saecula
790 2991 1012 3030 saeculorum.
1042 2993 1163 3030 Amen.

721 241 758 271 S.

331 3345 343 3359 a
368 3335 458 3366 Unus
476 3338 675 3378 ε’κθηριοῦται·
695 3337 771 3370 πλὴν
788 3338 810 3366 εἰ
826 3338 869 3375 μὴ
888 3339 924 3370 εἰς
941 3327 1011 3373 ἕξιν.

335 3388 349 3412 b
376 3387 471 3421 Haec,
491 3390 577 3429 ἕτερα
594 3389 729 3421 :immam
748 3391 815 3425 εἰσὶ,
830 3385 952 3417 desunt
967 3386 999 3418 in
1018 3396 1082 3418 uno
1100 3384 1184 3418 (jod,

797 239 983 270 JOANNIS
1019 236 1262 268 CHRYSOST.
1302 233 1512 263 ARCHIEP.
1552 232 1918 264 CONSTANTINOP-

1333 316 1453 350 τοῦτον
1476 312 1511 350 δὲ
1530 312 1649 356 ὁσάκις
1677 312 1717 350 ἂν
1739 313 1948 366 ἡμερώσῃς,
1969 313 2075 352 πάλιν
2092 315 2355 364 ί1ἐκθηριοῦται,

1334 371 1426 416 ἅπαξ
1447 374 1494 416 εἷς
1512 371 1579 416 ἕξιν
1600 373 1720 410 ἑαυτόν
1735 390 1814 411 τινα
1836 374 2000 421 τοιαύτην
2024 373 2259 420 καταστήσας.
2276 375 2356 412 Κα-

1335 431 1444 484 θάπερ
1459 431 1525 483 γὰρ
1542 432 1658 485 ἡμέρα
1671 433 1777 480 λευκὴ
1789 434 1849 472 καὶ
1864 435 2005 487 φαιδρὰ,
2021 435 2081 473 καὶ
2094 434 2226 487 χειμὼν
2239 433 2355 485 γέμων

1334 493 1468 537 πολλῆς
1487 495 1550 538 τῆς
1570 492 1774 544 κατηφείας,
1795 493 1923 547 1’ἕτερα
1941 496 2101 542 ἀλλήλων
2124 495 2208 533 εἷσίν
2221 510 2229 518 ·
2251 493 2358 538 οὕτως

1335 554 1356 597 ἡ
1386 556 1446 589 τοῦ
1476 551 1696 604 ὀργιζομένου
1718 554 1814 605 ψυχὴ
1850 554 1910 591 καὶ
1941 559 2001 592 τοῦ
2040 557 2223 597 ἐπιεικοῦς.
2253 553 2358 592 Ἀλλὰ

1340 611 1446 662 μήπω
1464 611 1508 649 τὰ
1523 618 1594 656 τοῖς
1617 613 1734 656 ἄλλοις
1761 613 1890 665 ἴδωμεν
1922 614 2076 667 βλαὸερὰ
2099 614 2356 665 συμῧαίνοντα,

1338 673 1428 711 ἀλλὰ
1447 672 1492 711 τὰ
1513 676 1647 718 ἑαυτοῖς
1661 690 1669 698 ·
1690 674 1805 712 καίτοι
1825 675 1884 712 καὶ
1902 680 2002 713 τοῦτο
2021 678 2058 713 οὗ
2086 675 2194 727 μικρὰ
2223 675 2357 726 βλάὸη,

1337 733 1444 786 ἑτέρῳ
1459 750 1492 772 τι
1509 735 1626 772 δοῦναι
1647 735 1771 773 κακόν·
1784 735 1876 782 πλὴν
1896 735 1985 774 ἀλλὰ
2000 735 2085 779 τέως
2103 738 2203 773 τοῦτο
2223 737 2358 773 σκοπῶ-

1339 811 1414 846 μεν.
1429 797 1535 839 Ποῖος
1551 796 1674 847 δήμιος
1685 796 1837 849 πλευρὰς
1850 796 1939 834 οὕτω
1951 796 2141 841 καταξᾶναι
2157 796 2358 844 δυνήσεται,

1336 856 1425 899 τίνες
1449 856 1623 895 ὀδελίσκοι
1655 857 1900 909 πεπυρωμένοι
1925 857 2098 908 διέπειραν
2132 860 2252 907 σῶμα;
2274 855 2359 894 ποία

1339 917 1446 968 μανία
1465 917 1570 961 οὕτως
1594 919 1791 965 ἐκστήσειεν
1809 918 1848 956 ἂν
1866 920 1934 956 τῶν
1963 919 2053 957 κατὰ
2083 918 2181 970 φύσιν
2205 920 2357 970 φρενῶν,

1337 981 1383 1021 ὡς
1414 978 1498 1032 ὀργὴ
1526 978 1584 1016 καὶ
1612 977 1858 1031 παραπληξία,
1877 972 1969 1016 Οἶδα
1992 979 2139 1022 πολλοὺς
2165 979 2234 1016 ἀπὸ
2254 980 2359 1030 ὀργῆς

1336 1039 1455 1082 νόσους
1474 1038 1647 1083 τεκόντας.
1674 1039 1744 1077 Καὶ
1772 1042 1803 1077 οἱ
1824 1040 1972 1091 χαλεποὶ
2001 1043 2069 1077 τῶν
2089 1041 2246 1092 πυρετῶν
2259 1068 2268 1086 ,
2291 1039 2359 1089 μά-

1336 1102 1438 1138 λιστα
1457 1094 1551 1138 οὗτοί
1569 1102 1666 1138 εἰσιν.
1688 1102 1732 1138 Εἰ
1756 1099 1791 1138 δὲ
1817 1103 1919 1150 σῶμα
1938 1100 2027 1138 οὕτω
2045 1100 2290 1151 λυμαίνονται,
2306 1101 2360 1137 ἐν·

1337 1162 1459 1208 νόησον
1485 1161 1549 1208 τὴν
1577 1161 1703 1212 ψυχήν.
1733 1161 1794 1207 Μὴ
1825 1161 1893 1212 γὰρ
1919 1161 2055 1212 λογίσῃ,
2080 1161 2134 1200 ὅτι
2166 1164 2229 1212 οὐχ
2258 1164 2358 1214 ὁρᾷς’

1338 1224 1414 1260 ἀλλ’
1441 1222 1598 1269 ἐννόησον
1611 1251 1620 1268 ,
1640 1221 1694 1260 ὅτι
1723 1224 1752 1259 εἷ
1777 1222 1816 1259 τὸ
1836 1222 2020 1274 δεχόμενον
2040 1223 2103 1269 τὴν
2127 1222 2250 1260 κακίαν
2270 1221 2359 1259 οὕτω

1339 1283 1545 1333 βλάπτεται,
1562 1282 1602 1321 τὸ
1624 1282 1741 1320 τίκτον
1766 1282 1878 1328 πόσην
1909 1282 1948 1319 ἂν
1968 1282 2175 1330 ὑποδέξηται
2204 1282 2359 1333 βλάὸην;

1337 1344 1469 1382 Πολλοὶ
1487 1343 1565 1387 τοὺς
1593 1342 1790 1396 ὀφθαλμοὺς
1818 1343 2025 1391 ἀπώλεσαν,
2044 1343 2166 1382 πολλοὶ
2193 1345 2239 1386 εἷς
2261 1342 2359 1382 νόσον

1340 1404 1536 1458 βαρυτάτην
1569 1404 1772 1442 κατέπεσον.
1802 1403 1846 1442 ‘O
1879 1404 1996 1454 μέντοι
2032 1404 2143 1457 φέρων
2179 1404 2358 1455 γενναίως,

1338 1466 1453 1504 πάντα
1474 1466 1708 1513 ὓποστήσεται
1731 1465 1891 1508 εὐκόλως.
1907 1465 1998 1503 Ἀλλ’
2022 1465 2115 1517 ὅμως
2132 1465 2192 1504 καῖΙ
2217 1470 2360 1504 τοιαῦτα

1338 1529 1517 1565 ἐπιτάττει
1546 1526 1711 1579 φορτικὰ,
1737 1526 1796 1564 καὶ
1823 1525 1954 1564 τούτων
1982 1528 2102 1577 μισθὸν
2135 1530 2219 1578 ἡμῖν
2243 1527 2360 1573 τίθησι

1338 1587 1401 1633 τὴν
1421 1588 1571 1639 γέενναν.
1589 1586 1658 1625 Καὶ
1679 1585 1836 1629 διάὸολός
1858 1589 1930 1625 ἐστι
1950 1586 2010 1625 καὶ
2030 1587 2149 1639 ἐχθρὸς
2164 1591 2226 1634 τῆς
2244 1603 2360 1634 σωτη-

1343 1648 1418 1700 ρίας
1444 1652 1506 1695 τῆς
1534 1647 1728 1701 ἡμετέρας,
1750 1648 1810 1685 καὶ
1836 1649 1965 1698 μᾶλλον
1986 1647 2098 1701 τούτῳ
2125 1647 2315 1699 πειθόμεθα
2336 1647 2359 1694 ἢ

1339 1712 1388 1762 τῷ
1408 1710 1563 1761 Χριστῷ,
1591 1710 1732 1761 Σωτῆρι
1755 1709 1827 1746 ὄντι
1852 1709 1912 1746 καὶ
1941 1708 2115 1762 εὐεργέτῃ,
2137 1709 2196 1746 καὶ
2217 1714 2361 1761 τοιαῦτα

1338 1770 1496 1821 λέγοντι,
1513 1769 1535 1807 ἃ
1553 1770 1612 1807 καὶ
1632 1770 1719 1816 ἡδίω
1738 1769 1796 1808 καὶ
1821 1770 2073 1822 ὠφελιμώτερα
2091 1770 2150 1808 καὶ
2175 1769 2360 1823 χρησιμώ-

1340 1832 1427 1885 τερά
1446 1834 1542 1881 ἐστι,
1562 1831 1620 1869 καὶ
1639 1835 1732 1883 ἡμᾶς
1750 1832 1810 1870 καὶ
1833 1831 1912 1875 τοὺς
1943 1832 2106 1875 συνόντας
2125 1836 2209 1882 ἡμῖν
2235 1833 2362 1884 ὠφελεῖ

1340 1893 1383 1931 τὰ
1416 1893 1580 1944 μέγιστα.
1616 1892 1726 1932 Οὐδὲν
1762 1896 1866 1947 ὀργῆς
1887 1899 2003 1946 χεῖρον
2016 1924 2024 1940 ,
2055 1893 2234 1944 ἀγαπητὲ,
2266 1893 2361 1932 οὐδὲν

1341 1953 1485 2005 ἀκαίρου
1503 1958 1610 2005 θυμοῦ
1628 1970 1635 1977 ·
1656 1956 1693 1992 οὔ
1718 1956 1827 1992 δεῖται
1848 1956 1978 2001 πολλῆς
1999 1957 2062 2001 τῆς
2090 1954 2282 2000 ἀναὸολῆς·
2304 1954 2361 1998 ὀξὺ

1340 2013 1380 2052 τὸ
1404 2014 1512 2057 πάθος
1534 2013 1618 2053 ἔστί.
1647 2014 1826 2058 Πολλάκις
1853 2014 1913 2052 καὶ
1937 2017 2031 2066 ῥῆμα
2055 2013 2196 2058 ἐξέδαλέ
2214 2030 2266 2058 τις
2295 2014 2362 2052 ὑπὸ

1341 2079 1470 2125 θυμοῦ,
1495 2069 1533 2112 οἷ
1558 2078 1606 2118 εἷς
1628 2075 1690 2123 τὴν
1715 2075 1898 2129 θεραπείαν
1918 2075 2108 2128 ὁλοκλήρου
2136 2076 2244 2114 δεῖται
2269 2074 2361 2126 βίου·

1341 2136 1399 2172 καὶ
1419 2136 1606 2188 εἷργάσατό
1624 2153 1671 2185 τι,
1691 2137 1709 2174 ὃ
1729 2143 1845 2175 πᾶσαν
1863 2140 1966 2174 αὐτοῦ
1983 2136 2046 2183 τὴν
2070 2136 2158 2183 ζωὴν
2185 2136 2361 2188 ἀνέτρεψε.

1342 2197 1395 2234 Τὸ
1412 2196 1478 2249 γὰρ
1497 2197 1651 2248 χαλεπὸν
1666 2198 1766 2235 τοῦτό
1783 2201 1887 2246 ἐστιν,
1900 2197 1952 2236 ὅτι
1968 2197 2027 2235 καὶ
2044 2200 2078 2234 ἓν
2095 2201 2221 2250 βραχεῖ
2237 2200 2362 2249 καιρῷ,

1342 2257 1401 2295 καὶ
1422 2257 1478 2295 διὰ
1497 2264 1577 2308 μιᾶς
1592 2258 1760 2310 πράξεως,
1781 2259 1840 2296 καὶ
1858 2259 1902 2296 δι’
1923 2258 1992 2302 ἑνὸς
2011 2259 2163 2310 ῥήματος
2177 2258 2279 2308 μόνον
2293 2261 2361 2296 τῶν

1344 2319 1492 2358 αἰωνίων
1522 2323 1615 2370 ἡμᾶς
1643 2321 1813 2364 πολλάκις
1843 2320 2002 2364 ἐξέόαλεν
2031 2323 2189 2371 ἀγαθῶν,
2213 2320 2272 2358 καὶ
2301 2336 2364 2371 μυ-

1347 2380 1437 2433 ρίους
1457 2380 1605 2419 ἓκένωσε
1624 2381 1758 2424 πόνους.
1780 2381 1843 2419 Διὸ
1870 2382 2085 2433 παρακαλῶ,
2102 2381 2217 2419 πάντα
2240 2386 2363 2428 ποιεῖν,

1342 2441 1432 2479 ὥστε
1459 2441 1498 2479 τὸ
1525 2441 1641 2494 θηρίον
1665 2445 1767 2479 τοῦτο
1800 2443 1974 2493 χαλινοῧν.
2008 2441 2136 2479 οἈλλὰ
2165 2444 2274 2478 ταῦτα
2302 2439 2364 2491 μὲν

1342 2502 1422 2554 περὶ
1449 2502 1634 2546 ἐπιεικείας
1660 2503 1719 2540 καὶ
1751 2506 1880 2553 θυμοῦ·
1913 2505 1942 2540 εἷ
1968 2501 2002 2540 δὲ
2036 2502 2094 2540 καὶ
2123 2502 2167 2539 τὰ
2194 2503 2284 2540 ἄλλα
2312 2518 2364 2545 τις

1341 2563 1603 2615 προχειρίσαιτο
1628 2566 1678 2616 τῷ
1704 2563 1814 2616 λόγῳ,
1839 2557 1907 2602 οἷον
1927 2562 2144 2611 πλεονεξίαν,
2172 2562 2364 2615 ὑπεροψίαν

1340 2624 1548 2675 χρημάτων,
1569 2623 1751 2675 ἀσέλγειαν
1763 2655 1771 2671 ,
1793 2624 2015 2676 σιτ-φροσόνην
2026 2654 2038 2674 ,
2056 2623 2176 2676 φθόνον
2188 2655 2197 2671 ,
2215 2640 2240 2676 χ
2244 2622 2366 2676 ρηστό·

1342 2700 1450 2732 τητα,
1468 2685 1528 2722 καὶ
1546 2684 1777 2731 ἀντεξετάσοι,
1797 2685 1856 2722 καὶ
1872 2685 1958 2722 ἄλλο
1977 2684 2106 2722 εἴσεται
2123 2684 2174 2722 ἔτι
2191 2685 2364 2735 διάφορον.

1377 2745 1487 2791 ἴδετε,
1521 2746 1596 2787 πῶς
1630 2744 1700 2782 ἀπὸ
1729 2748 1798 2783 τῶν
1823 2744 2103 2797 προσταγμάτων
2132 2744 2232 2794 μόνον
2260 2747 2277 2781 ὃ
2302 2743 2364 2794 μὲν

1344 2805 1450 2853 Θεὸς,
1466 2808 1483 2843 ὁ
1503 2804 1538 2842 δὲ
1563 2805 1721 2848 διάὲολος
1738 2804 1784 2842 ὢν
1806 2805 1999 2852 δείκνυται;
2019 2804 2229 2854 Πειθώμεθα
2252 2804 2365 2842 τοίνυν

1343 2868 1392 2917 τῷ
1412 2867 1518 2918 Θεῷ,
1543 2865 1602 2903 καὶ
1624 2865 1672 2915 μὴ
1704 2868 1752 2910 εἷς
1775 2866 1934 2918 βάραθρα
1965 2863 2104 2908 ἑαυτοὺς
2137 2865 2365 2916 ἐμὸάλωμεν,

1344 2928 1420 2965 ἀλλ’
1449 2926 1512 2969 ἕως
1541 2927 1613 2965 ἐστὶ
1643 2927 1783 2977 καιρὸς,
1810 2925 1926 2963 πάντα
1952 2924 2203 2976 ἀπονιψώμεθα
2228 2926 2273 2965 τὰ
2301 2925 2365 2974 τὴν

1343 2986 1458 3039 ψυχὴν
1479 2988 1731 3038 λυμαινόμενα,
1750 2986 1807 3025 ἵνα
1826 2989 1893 3024 τῶν
1915 2986 2062 3024 αἰωνίων
2084 2987 2220 3037 ἀγαθῶν
2243 2987 2366 3026 ἐπιτύ-

1343 3063 1481 3100 χωμεν,
1506 3047 1627 3099 χάριτι
1660 3047 1718 3086 καὶ
1744 3047 1988 3099 φιλανθρωπία
2017 3052 2077 3086 τοῦ
2108 3047 2237 3100 Κυρίου
2265 3051 2366 3099 ἡμῶν

1344 3110 1461 3155 Ἰησοῦ
1486 3110 1651 3161 Χριστοῦ,
1689 3110 1764 3159 μεθ’
1795 3103 1832 3147 οἷ
1872 3112 1922 3159 τῷ
1952 3109 2070 3161 Πατρὶ
2099 3109 2173 3160 ἅμα
2197 3111 2248 3161 τῷ
2279 3109 2367 3161 ἁγίῳ

1345 3169 1527 3220 Πνεύματι
1553 3169 1651 3216 δόξα,
1677 3169 1816 3220 κράτος,
1836 3168 1920 3219 τιμὴ
1935 3198 1945 3217 ,
1966 3173 2023 3207 νῦν
2052 3169 2111 3208 καὶ
2132 3169 2207 3218 ἀεὶ,
2229 3169 2287 3207 καὶ
2321 3171 2368 3212 εἷς

1343 3229 1421 3272 τοὺς
1440 3231 1567 3274 αἰῶνας
1582 3232 1651 3267 τῶν
1670 3229 1816 3267 αἰώνων.
1833 3229 1956 3280 Ἀμήν.

1393 3344 1405 3359 e
1430 3338 1519 3368 ἀλλά.
1540 3339 1607 3373 καί,
1627 3345 1720 3367 unus.
