<?xml version="1.0" encoding="UTF-8"?>
<!DOCTYPE html PUBLIC "-//W3C//DTD XHTML 1.0 Transitional//EN"
    "http://www.w3.org/TR/xhtml1/DTD/xhtml1-transitional.dtd">
<html xmlns="http://www.w3.org/1999/xhtml" xml:lang="en" lang="en">
 <head>
  <title>
</title>
<meta http-equiv="Content-Type" content="text/html;charset=utf-8" />
  <meta name='ocr-system' content='tesseract 3.04.00' />
  <meta name='ocr-capabilities' content='ocr_page ocr_carea ocr_par ocr_line ocrx_word'/>
</head>
<body>
  <div class='ocr_page' id='page_1' title='image "./operaomniaquaeex09johnuoft_0577.png"; bbox 0 0 2502 3810; ppageno 0'>
   <div class='ocr_carea' id='block_1_1' title="bbox 784 245 1004 275">
    <p class='ocr_par' dir='ltr' id='par_1_1' title="bbox 784 245 1004 275">
     <span class='ocr_line' id='line_1_1' title="bbox 784 245 1004 275; baseline -0.005 0"><span class='ocrx_word' id='word_1_1' title='bbox 784 247 826 275; x_wconf 83' lang='lat' dir='ltr'>IN</span> <span class='ocrx_word' id='word_1_2' title='bbox 863 245 1004 275; x_wconf 81' lang='lat' dir='ltr'><strong>EplsT.</strong></span> 
     </span>
    </p>
   </div>
   <div class='ocr_carea' id='block_1_2' title="bbox 143 324 1155 439">
    <p class='ocr_par' dir='ltr' id='par_1_2' title="bbox 143 324 1155 439">
     <span class='ocr_line' id='line_1_2' title="bbox 144 324 1155 377; baseline -0.006 -10"><span class='ocrx_word' id='word_1_3' title='bbox 144 345 218 377; x_wconf 89' lang='grc' dir='ltr'>τος,</span> <span class='ocrx_word' id='word_1_4' title='bbox 239 333 294 366; x_wconf 71' lang='grc' dir='ltr'>νῦν</span> <span class='ocrx_word' id='word_1_5' title='bbox 321 329 380 366; x_wconf 76' lang='grc' dir='ltr'>καί</span> <span class='ocrx_word' id='word_1_6' title='bbox 412 328 481 375; x_wconf 77' lang='grc' dir='ltr'>ἀεὶ,</span> <span class='ocrx_word' id='word_1_7' title='bbox 512 327 570 365; x_wconf 78' lang='grc' dir='ltr'>καὶ</span> <span class='ocrx_word' id='word_1_8' title='bbox 591 328 636 369; x_wconf 89' lang='grc' dir='ltr'>εἷς</span> <span class='ocrx_word' id='word_1_9' title='bbox 660 325 737 369; x_wconf 66' lang='grc' dir='ltr'>τοὺς</span> <span class='ocrx_word' id='word_1_10' title='bbox 763 328 889 368; x_wconf 81' lang='grc' dir='ltr'>αἰῶνας</span> <span class='ocrx_word' id='word_1_11' title='bbox 915 329 983 363; x_wconf 80' lang='grc' dir='ltr'>τῶν</span> <span class='ocrx_word' id='word_1_12' title='bbox 1011 324 1155 362; x_wconf 81' lang='grc' dir='ltr'>αἰώνων.</span> 
     </span>
     <span class='ocr_line' id='line_1_3' title="bbox 143 389 262 439; baseline 0 -13"><span class='ocrx_word' id='word_1_13' title='bbox 143 389 262 439; x_wconf 72' lang='grc' dir='ltr'>Ἀμήν.</span> 
     </span>
    </p>
   </div>
   <div class='ocr_carea' id='block_1_3' title="bbox 230 510 742 516">
    <p class='ocr_par' dir='ltr' id='par_1_3' title="bbox 230 510 742 516">
     <span class='ocr_line' id='line_1_4' title="bbox 230 510 742 516; baseline 0 0"><span class='ocrx_word' id='word_1_14' title='bbox 230 510 742 516; x_wconf 95' lang='lat' dir='ltr'> </span> 
     </span>
    </p>
   </div>
   <div class='ocr_carea' id='block_1_4' title="bbox 537 611 771 655">
    <p class='ocr_par' dir='ltr' id='par_1_4' title="bbox 537 611 771 655">
     <span class='ocr_line' id='line_1_5' title="bbox 537 611 771 655; baseline -0.013 -5"><span class='ocrx_word' id='word_1_15' title='bbox 537 613 711 650; x_wconf 81' lang='grc' dir='ltr'>ΟΜΙΛῙΑ</span> <span class='ocrx_word' id='word_1_16' title='bbox 732 611 771 655; x_wconf 87' lang='grc' dir='ltr'>ζ’.</span> 
     </span>
    </p>
   </div>
   <div class='ocr_carea' id='block_1_5' title="bbox 143 726 1200 1503">
    <p class='ocr_par' dir='ltr' id='par_1_5' title="bbox 143 726 1200 1503">
     <span class='ocr_line' id='line_1_6' title="bbox 143 726 1158 785; baseline -0.005 -15"><span class='ocrx_word' id='word_1_17' title='bbox 143 732 189 770; x_wconf 87' lang='grc' dir='ltr'>Τί</span> <span class='ocrx_word' id='word_1_18' title='bbox 213 726 286 779; x_wconf 59' lang='grc' dir='ltr'>οὖν,</span> <span class='ocrx_word' id='word_1_19' title='bbox 320 732 559 785; x_wconf 69' lang='grc' dir='ltr'>προεχόμεθα3</span> <span class='ocrx_word' id='word_1_20' title='bbox 591 734 643 770; x_wconf 82' lang='grc' dir='ltr'>Οὐ</span> <span class='ocrx_word' id='word_1_21' title='bbox 678 730 838 773; x_wconf 87' lang='grc' dir='ltr'>πάντως·</span> <span class='ocrx_word' id='word_1_22' title='bbox 861 729 1158 782; x_wconf 79' lang='grc' dir='ltr'>,προῃτιασάμεθα</span> 
     </span>
     <span class='ocr_line' id='line_1_7' title="bbox 194 790 1158 844; baseline -0.004 -14"><span class='ocrx_word' id='word_1_23' title='bbox 194 793 260 844; x_wconf 85' lang='grc' dir='ltr'>γὰρ</span> <span class='ocrx_word' id='word_1_24' title='bbox 278 793 465 834; x_wconf 80' lang='grc' dir='ltr'>Ἰουδαίους</span> <span class='ocrx_word' id='word_1_25' title='bbox 484 808 519 829; x_wconf 88' lang='grc' dir='ltr'>τε</span> <span class='ocrx_word' id='word_1_26' title='bbox 543 792 601 828; x_wconf 84' lang='grc' dir='ltr'>καὶ</span> <span class='ocrx_word' id='word_1_27' title='bbox 617 791 795 836; x_wconf 64' lang='grc' dir='ltr'>ζΈλληνας</span> <span class='ocrx_word' id='word_1_28' title='bbox 813 790 945 832; x_wconf 80' lang='grc' dir='ltr'>πάντας</span> <span class='ocrx_word' id='word_1_29' title='bbox 966 791 1020 841; x_wconf 64' lang='grc' dir='ltr'>ὑφ’</span> <span class='ocrx_word' id='word_1_30' title='bbox 1040 791 1158 840; x_wconf 85' lang='grc' dir='ltr'>ἁμαρ-</span> 
     </span>
     <span class='ocr_line' id='line_1_8' title="bbox 194 847 1159 902; baseline -0.005 -12"><span class='ocrx_word' id='word_1_31' title='bbox 194 854 269 891; x_wconf 83' lang='grc' dir='ltr'>τίαν</span> <span class='ocrx_word' id='word_1_32' title='bbox 303 847 408 890; x_wconf 65' lang='grc' dir='ltr'>εἶναι·</span> <span class='ocrx_word' id='word_1_33' title='bbox 443 851 556 895; x_wconf 79' lang='grc' dir='ltr'>καθὼς</span> <span class='ocrx_word' id='word_1_34' title='bbox 586 852 804 902; x_wconf 85' lang='grc' dir='ltr'>γέγραπται·</span> <span class='ocrx_word' id='word_1_35' title='bbox 827 851 903 888; x_wconf 77' lang='grc' dir='ltr'>Οὐκ</span> <span class='ocrx_word' id='word_1_36' title='bbox 936 849 1009 886; x_wconf 82' lang='grc' dir='ltr'>ἔστι</span> <span class='ocrx_word' id='word_1_37' title='bbox 1030 849 1159 891; x_wconf 77' lang='grc' dir='ltr'>δίκαιος</span> 
     </span>
     <span class='ocr_line' id='line_1_9' title="bbox 194 908 1157 959; baseline -0.005 -8"><span class='ocrx_word' id='word_1_38' title='bbox 194 914 268 951; x_wconf 70' lang='grc' dir='ltr'>οὐδὲ</span> <span class='ocrx_word' id='word_1_39' title='bbox 289 908 354 959; x_wconf 68' lang='grc' dir='ltr'>εἷς,</span> <span class='ocrx_word' id='word_1_40' title='bbox 375 914 435 951; x_wconf 80' lang='grc' dir='ltr'>οὐκ</span> <span class='ocrx_word' id='word_1_41' title='bbox 458 912 548 950; x_wconf 85' lang='grc' dir='ltr'>ἔστιν</span> <span class='ocrx_word' id='word_1_42' title='bbox 570 915 586 949; x_wconf 84' lang='grc' dir='ltr'><em>ὃ</em></span> <span class='ocrx_word' id='word_1_43' title='bbox 607 915 729 950; x_wconf 81' lang='grc' dir='ltr'>συνιῶν</span> <span class='ocrx_word' id='word_1_44' title='bbox 742 941 752 958; x_wconf 92' lang='grc'>,</span> <span class='ocrx_word' id='word_1_45' title='bbox 771 912 831 948; x_wconf 74' lang='grc' dir='ltr'>οὐκ</span> <span class='ocrx_word' id='word_1_46' title='bbox 850 909 942 947; x_wconf 75' lang='grc' dir='ltr'>ἔστιν</span> <span class='ocrx_word' id='word_1_47' title='bbox 968 912 985 946; x_wconf 86' lang='grc' dir='ltr'>ὃ</span> <span class='ocrx_word' id='word_1_48' title='bbox 1005 911 1157 954; x_wconf 72' lang='grc' dir='ltr'>ἐκζητῶν</span> 
     </span>
     <span class='ocr_line' id='line_1_10' title="bbox 194 968 1156 1020; baseline -0.007 -8"><span class='ocrx_word' id='word_1_49' title='bbox 194 975 250 1011; x_wconf 74' lang='grc' dir='ltr'>τὸν</span> <span class='ocrx_word' id='word_1_50' title='bbox 279 974 381 1012; x_wconf 88' lang='grc' dir='ltr'>Θεόν.</span> <span class='ocrx_word' id='word_1_51' title='bbox 415 973 550 1015; x_wconf 79' lang='grc' dir='ltr'>Πάντες</span> <span class='ocrx_word' id='word_1_52' title='bbox 579 972 771 1018; x_wconf 78' lang='grc' dir='ltr'>ἐξέκλιναν,</span> <span class='ocrx_word' id='word_1_53' title='bbox 793 971 867 1020; x_wconf 88' lang='grc' dir='ltr'>ἅμα</span> <span class='ocrx_word' id='word_1_54' title='bbox 895 968 1156 1020; x_wconf 76' lang='grc' dir='ltr'>ἠχρειώθησαν·</span> 
     </span>
     <span class='ocr_line' id='line_1_11' title="bbox 192 1028 1155 1082; baseline -0.004 -12"><span class='ocrx_word' id='word_1_55' title='bbox 192 1035 252 1070; x_wconf 79' lang='grc' dir='ltr'>οὐκ</span> <span class='ocrx_word' id='word_1_56' title='bbox 271 1033 342 1070; x_wconf 81' lang='grc' dir='ltr'>ἔστι</span> <span class='ocrx_word' id='word_1_57' title='bbox 362 1034 469 1069; x_wconf 83' lang='grc' dir='ltr'>ποιῶν</span> <span class='ocrx_word' id='word_1_58' title='bbox 499 1031 738 1082; x_wconf 70' lang='grc' dir='ltr'>χρηστότητα,</span> <span class='ocrx_word' id='word_1_59' title='bbox 763 1031 826 1068; x_wconf 81' lang='grc' dir='ltr'>οὔκ</span> <span class='ocrx_word' id='word_1_60' title='bbox 857 1029 947 1066; x_wconf 80' lang='grc' dir='ltr'>ἔστιν</span> <span class='ocrx_word' id='word_1_61' title='bbox 980 1028 1043 1071; x_wconf 79' lang='grc' dir='ltr'>ἕως</span> <span class='ocrx_word' id='word_1_62' title='bbox 1071 1028 1155 1071; x_wconf 84' lang='grc' dir='ltr'>ἑνός.</span> 
     </span>
     <span class='ocr_line' id='line_1_12' title="bbox 192 1088 1156 1143; baseline -0.005 -13"><span class='ocrx_word' id='word_1_63' title='bbox 192 1093 308 1143; x_wconf 64' lang='grc' dir='ltr'>Τάφος</span> <span class='ocrx_word' id='word_1_64' title='bbox 324 1091 538 1143; x_wconf 77' lang='grc' dir='ltr'>ἀνεῳγμένος</span> <span class='ocrx_word' id='word_1_65' title='bbox 555 1094 573 1128; x_wconf 86' lang='grc' dir='ltr'><em>ὃ</em></span> <span class='ocrx_word' id='word_1_66' title='bbox 589 1090 716 1143; x_wconf 77' lang='grc' dir='ltr'>λάρυγξ</span> <span class='ocrx_word' id='word_1_67' title='bbox 736 1092 847 1128; x_wconf 72' lang='grc' dir='ltr'>αὐτῶν</span> <span class='ocrx_word' id='word_1_68' title='bbox 860 1121 869 1138; x_wconf 89' lang='grc'>,</span> <span class='ocrx_word' id='word_1_69' title='bbox 888 1095 964 1132; x_wconf 80' lang='grc' dir='ltr'>ταῖς</span> <span class='ocrx_word' id='word_1_70' title='bbox 982 1088 1156 1140; x_wconf 80' lang='grc' dir='ltr'>γλώσσαις</span> 
     </span>
     <span class='ocr_line' id='line_1_13' title="bbox 191 1148 1156 1200; baseline -0.002 -12"><span class='ocrx_word' id='word_1_71' title='bbox 191 1154 301 1189; x_wconf 79' lang='grc' dir='ltr'>αὐτῶν</span> <span class='ocrx_word' id='word_1_72' title='bbox 324 1151 519 1188; x_wconf 76' lang='grc' dir='ltr'>ἐδολιοῦσαν</span> <span class='ocrx_word' id='word_1_73' title='bbox 533 1180 543 1198; x_wconf 97' lang='grc'>,</span> <span class='ocrx_word' id='word_1_74' title='bbox 573 1151 620 1194; x_wconf 74' lang='grc' dir='ltr'>ἰὸς</span> <span class='ocrx_word' id='word_1_75' title='bbox 637 1150 791 1188; x_wconf 78' lang='grc' dir='ltr'>ἀσπίδων</span> <span class='ocrx_word' id='word_1_76' title='bbox 814 1150 880 1188; x_wconf 74' lang='grc' dir='ltr'>ὑπὸ</span> <span class='ocrx_word' id='word_1_77' title='bbox 906 1149 948 1187; x_wconf 83' lang='grc' dir='ltr'>τὰ</span> <span class='ocrx_word' id='word_1_78' title='bbox 969 1148 1068 1200; x_wconf 72' lang='grc' dir='ltr'>χείλη</span> <span class='ocrx_word' id='word_1_79' title='bbox 1093 1150 1156 1186; x_wconf 81' lang='grc' dir='ltr'>αὐ·-</span> 
     </span>
     <span class='ocr_line' id='line_1_14' title="bbox 189 1205 1200 1263; baseline -0.003 -14"><span class='ocrx_word' id='word_1_80' title='bbox 189 1214 255 1249; x_wconf 79' lang='grc' dir='ltr'>τῶν</span> <span class='ocrx_word' id='word_1_81' title='bbox 274 1227 281 1234; x_wconf 85' lang='grc'><em>·</em></span> <span class='ocrx_word' id='word_1_82' title='bbox 302 1205 348 1248; x_wconf 66' lang='grc' dir='ltr'>ὧν</span> <span class='ocrx_word' id='word_1_83' title='bbox 368 1211 407 1248; x_wconf 80' lang='grc' dir='ltr'>τὸ</span> <span class='ocrx_word' id='word_1_84' title='bbox 432 1210 543 1260; x_wconf 84' lang='grc' dir='ltr'>στόμα</span> <span class='ocrx_word' id='word_1_85' title='bbox 572 1214 656 1262; x_wconf 80' lang='grc' dir='ltr'>ἀρᾶς</span> <span class='ocrx_word' id='word_1_86' title='bbox 684 1211 743 1249; x_wconf 76' lang='grc' dir='ltr'>καὶ</span> <span class='ocrx_word' id='word_1_87' title='bbox 769 1211 910 1263; x_wconf 76' lang='grc' dir='ltr'>πικρίας</span> <span class='ocrx_word' id='word_1_88' title='bbox 929 1210 1045 1261; x_wconf 78' lang='grc' dir='ltr'>γέμει,</span> <span class='ocrx_word' id='word_1_89' title='bbox 1071 1209 1156 1253; x_wconf 80' lang='grc' dir='ltr'>ὀξεῖς</span> <span class='ocrx_word' id='word_1_90' title='bbox 1178 1217 1200 1246; x_wconf 90' lang='grc' dir='ltr'>Β</span> 
     </span>
     <span class='ocr_line' id='line_1_15' title="bbox 189 1266 1154 1323; baseline -0.003 -13"><span class='ocrx_word' id='word_1_91' title='bbox 189 1275 219 1310; x_wconf 80' lang='grc' dir='ltr'>οἱ</span> <span class='ocrx_word' id='word_1_92' title='bbox 241 1271 473 1316; x_wconf 76' lang='grc' dir='ltr'>πόδεςαῦτῶν</span> <span class='ocrx_word' id='word_1_93' title='bbox 497 1271 616 1323; x_wconf 70' lang='grc' dir='ltr'>ἐκχέαι</span> <span class='ocrx_word' id='word_1_94' title='bbox 645 1266 754 1322; x_wconf 61' lang='grc' dir='ltr'>αἷμα·</span> <span class='ocrx_word' id='word_1_95' title='bbox 778 1272 980 1323; x_wconf 82' lang='grc' dir='ltr'>σύντριμμα</span> <span class='ocrx_word' id='word_1_96' title='bbox 1007 1271 1066 1308; x_wconf 81' lang='grc' dir='ltr'>καὶ</span> <span class='ocrx_word' id='word_1_97' title='bbox 1088 1286 1154 1307; x_wconf 89' lang='grc' dir='ltr'>τα-</span> 
     </span>
     <span class='ocr_line' id='line_1_16' title="bbox 187 1331 1155 1383; baseline -0.003 -13"><span class='ocrx_word' id='word_1_98' title='bbox 187 1331 363 1383; x_wconf 85' lang='grc' dir='ltr'>λαιπωρία</span> <span class='ocrx_word' id='word_1_99' title='bbox 391 1333 425 1369; x_wconf 86' lang='grc' dir='ltr'>ἐν</span> <span class='ocrx_word' id='word_1_100' title='bbox 447 1338 522 1375; x_wconf 85' lang='grc' dir='ltr'>ταῖς</span> <span class='ocrx_word' id='word_1_101' title='bbox 548 1333 636 1376; x_wconf 77' lang='grc' dir='ltr'>ὁδοῖς</span> <span class='ocrx_word' id='word_1_102' title='bbox 663 1334 798 1379; x_wconf 77' lang='grc' dir='ltr'>αὐτῶν,</span> <span class='ocrx_word' id='word_1_103' title='bbox 818 1332 878 1370; x_wconf 81' lang='grc' dir='ltr'>καὶ</span> <span class='ocrx_word' id='word_1_104' title='bbox 908 1332 984 1370; x_wconf 83' lang='grc' dir='ltr'>ὁδὸν</span> <span class='ocrx_word' id='word_1_105' title='bbox 1017 1331 1155 1382; x_wconf 73' lang='grc' dir='ltr'>εἰρήνης</span> 
     </span>
     <span class='ocr_line' id='line_1_17' title="bbox 187 1392 1153 1444; baseline 0 -15"><span class='ocrx_word' id='word_1_106' title='bbox 187 1395 247 1430; x_wconf 74' lang='grc' dir='ltr'>οὐκ</span> <span class='ocrx_word' id='word_1_107' title='bbox 270 1393 421 1443; x_wconf 81' lang='grc' dir='ltr'>ἔγνωσαν</span> <span class='ocrx_word' id='word_1_108' title='bbox 441 1407 448 1414; x_wconf 95' lang='grc'>·</span> <span class='ocrx_word' id='word_1_109' title='bbox 469 1395 529 1430; x_wconf 77' lang='grc' dir='ltr'>οὐκ</span> <span class='ocrx_word' id='word_1_110' title='bbox 549 1392 622 1431; x_wconf 83' lang='grc' dir='ltr'>ἔστι</span> <span class='ocrx_word' id='word_1_111' title='bbox 650 1393 753 1444; x_wconf 69' lang='grc' dir='ltr'>φόὸος</span> <span class='ocrx_word' id='word_1_112' title='bbox 771 1396 862 1432; x_wconf 74' lang='grc' dir='ltr'>Θεοῦ</span> <span class='ocrx_word' id='word_1_113' title='bbox 893 1392 1058 1431; x_wconf 79' lang='grc' dir='ltr'>ἀπέναντι</span> <span class='ocrx_word' id='word_1_114' title='bbox 1085 1395 1153 1430; x_wconf 70' lang='grc' dir='ltr'>τῶν</span> 
     </span>
     <span class='ocr_line' id='line_1_18' title="bbox 188 1452 524 1503; baseline -0.006 -13"><span class='ocrx_word' id='word_1_115' title='bbox 188 1453 372 1503; x_wconf 61' lang='grc' dir='ltr'>ὀφθαλμῶν</span> <span class='ocrx_word' id='word_1_116' title='bbox 399 1452 524 1489; x_wconf 81' lang='grc' dir='ltr'>αὐτῶν.</span> 
     </span>
    </p>
   </div>
   <div class='ocr_carea' id='block_1_6' title="bbox 135 1756 1204 2775">
    <p class='ocr_par' dir='ltr' id='par_1_6' title="bbox 135 1756 1204 2775">
     <span class='ocr_line' id='line_1_19' title="bbox 191 1756 1155 1810; baseline -0.002 -14"><span class='ocrx_word' id='word_1_117' title='bbox 191 1759 440 1809; x_wconf 79' lang='grc' dir='ltr'>Κατηγόρησεν</span> <span class='ocrx_word' id='word_1_118' title='bbox 471 1756 668 1805; x_wconf 80' lang='grc' dir='ltr'>Ἑλλήνων,</span> <span class='ocrx_word' id='word_1_119' title='bbox 692 1756 928 1810; x_wconf 78' lang='grc' dir='ltr'>κατηγόρησεν</span> <span class='ocrx_word' id='word_1_120' title='bbox 957 1756 1155 1796; x_wconf 80' lang='grc' dir='ltr'>Ἰουδαίων·</span> 
     </span>
     <span class='ocr_line' id='line_1_20' title="bbox 138 1813 1157 1865; baseline -0.001 -9"><span class='ocrx_word' id='word_1_121' title='bbox 138 1819 321 1858; x_wconf 77' lang='grc' dir='ltr'>ἀκόλουθον</span> <span class='ocrx_word' id='word_1_122' title='bbox 338 1813 379 1865; x_wconf 64' lang='grc' dir='ltr'>ἦν</span> <span class='ocrx_word' id='word_1_123' title='bbox 406 1820 513 1856; x_wconf 78' lang='grc' dir='ltr'>εἰπεῖν</span> <span class='ocrx_word' id='word_1_124' title='bbox 534 1817 595 1864; x_wconf 70' lang='grc' dir='ltr'>τὴν</span> <span class='ocrx_word' id='word_1_125' title='bbox 626 1817 842 1864; x_wconf 77' lang='grc' dir='ltr'>δικαιοσύνην</span> <span class='ocrx_word' id='word_1_126' title='bbox 870 1819 989 1856; x_wconf 71' lang='grc' dir='ltr'>λοιπὸν</span> <span class='ocrx_word' id='word_1_127' title='bbox 1009 1818 1071 1865; x_wconf 79' lang='grc' dir='ltr'>τὴν</span> <span class='ocrx_word' id='word_1_128' title='bbox 1102 1818 1157 1856; x_wconf 75' lang='grc' dir='ltr'>διὰ</span> 
     </span>
     <span class='ocr_line' id='line_1_21' title="bbox 137 1878 1158 1932; baseline 0 -16"><span class='ocrx_word' id='word_1_129' title='bbox 137 1882 199 1924; x_wconf 60' lang='grc' dir='ltr'>τῆς</span> <span class='ocrx_word' id='word_1_130' title='bbox 217 1879 377 1921; x_wconf 79' lang='grc' dir='ltr'>πίστεως.</span> <span class='ocrx_word' id='word_1_131' title='bbox 394 1880 438 1917; x_wconf 81' lang='grc' dir='ltr'>Εἰ</span> <span class='ocrx_word' id='word_1_132' title='bbox 452 1878 519 1932; x_wconf 75' lang='grc' dir='ltr'>γὰρ</span> <span class='ocrx_word' id='word_1_133' title='bbox 541 1879 628 1929; x_wconf 74' lang='grc' dir='ltr'>μήτε</span> <span class='ocrx_word' id='word_1_134' title='bbox 643 1881 659 1915; x_wconf 83' lang='grc' dir='ltr'><strong><em>ὃ</em></strong></span> <span class='ocrx_word' id='word_1_135' title='bbox 685 1881 746 1924; x_wconf 74' lang='grc' dir='ltr'>τῆς</span> <span class='ocrx_word' id='word_1_136' title='bbox 765 1878 896 1930; x_wconf 62' lang='grc' dir='ltr'>φύσεως</span> <span class='ocrx_word' id='word_1_137' title='bbox 916 1878 1029 1923; x_wconf 81' lang='grc' dir='ltr'>ὤνησε</span> <span class='ocrx_word' id='word_1_138' title='bbox 1043 1878 1158 1928; x_wconf 86' lang='grc' dir='ltr'>νόμος,</span> 
     </span>
     <span class='ocr_line' id='line_1_22' title="bbox 137 1937 1158 1992; baseline 0 -16"><span class='ocrx_word' id='word_1_139' title='bbox 137 1940 224 1988; x_wconf 78' lang='grc' dir='ltr'>μήτε</span> <span class='ocrx_word' id='word_1_140' title='bbox 254 1943 270 1977; x_wconf 84' lang='grc' dir='ltr'>ὃ</span> <span class='ocrx_word' id='word_1_141' title='bbox 295 1939 447 1990; x_wconf 75' lang='grc' dir='ltr'>γραπτὸς</span> <span class='ocrx_word' id='word_1_142' title='bbox 469 1938 612 1985; x_wconf 80' lang='grc' dir='ltr'>ἐποίησέ</span> <span class='ocrx_word' id='word_1_143' title='bbox 640 1954 674 1975; x_wconf 88' lang='grc' dir='ltr'>τι</span> <span class='ocrx_word' id='word_1_144' title='bbox 697 1937 823 1985; x_wconf 78' lang='grc' dir='ltr'>πλέον,</span> <span class='ocrx_word' id='word_1_145' title='bbox 859 1941 934 1976; x_wconf 87' lang='grc' dir='ltr'>ἀλλ’</span> <span class='ocrx_word' id='word_1_146' title='bbox 970 1938 1158 1992; x_wconf 71' lang='grc' dir='ltr'>ἀμφότεροι</span> 
     </span>
     <span class='ocr_line' id='line_1_23' title="bbox 136 1998 1160 2051; baseline -0.001 -15"><span class='ocrx_word' id='word_1_147' title='bbox 136 1999 211 2043; x_wconf 64' lang='grc' dir='ltr'>τοὺς</span> <span class='ocrx_word' id='word_1_148' title='bbox 235 2002 295 2037; x_wconf 77' lang='grc' dir='ltr'>οὐκ</span> <span class='ocrx_word' id='word_1_149' title='bbox 314 2002 360 2042; x_wconf 86' lang='grc' dir='ltr'>εἷς</span> <span class='ocrx_word' id='word_1_150' title='bbox 387 1999 460 2036; x_wconf 76' lang='grc' dir='ltr'>δέον</span> <span class='ocrx_word' id='word_1_151' title='bbox 486 2001 599 2041; x_wconf 75' lang='grc' dir='ltr'>αὐτοῖς</span> <span class='ocrx_word' id='word_1_152' title='bbox 618 1998 860 2050; x_wconf 73' lang='grc' dir='ltr'>χρησαμένους</span> <span class='ocrx_word' id='word_1_153' title='bbox 882 1998 1080 2051; x_wconf 61' lang='grc' dir='ltr'>ἐδάρησαν,</span> <span class='ocrx_word' id='word_1_154' title='bbox 1101 1998 1160 2036; x_wconf 79' lang='grc' dir='ltr'>καί</span> 
     </span>
     <span class='ocr_line' id='line_1_24' title="bbox 137 2058 1160 2109; baseline 0.001 -14"><span class='ocrx_word' id='word_1_155' title='bbox 137 2059 289 2108; x_wconf 78' lang='grc' dir='ltr'>μείζονος</span> <span class='ocrx_word' id='word_1_156' title='bbox 305 2058 434 2101; x_wconf 73' lang='grc' dir='ltr'>ἔδειξαν</span> <span class='ocrx_word' id='word_1_157' title='bbox 454 2059 630 2101; x_wconf 76' lang='grc' dir='ltr'>κολάσεως</span> <span class='ocrx_word' id='word_1_158' title='bbox 646 2059 745 2102; x_wconf 80' lang='grc' dir='ltr'>ὄντας</span> <span class='ocrx_word' id='word_1_159' title='bbox 760 2058 882 2107; x_wconf 80' lang='grc' dir='ltr'>ἀξίους,</span> <span class='ocrx_word' id='word_1_160' title='bbox 901 2059 1072 2109; x_wconf 76' lang='grc' dir='ltr'>ἀναγκαία</span> <span class='ocrx_word' id='word_1_161' title='bbox 1092 2061 1160 2097; x_wconf 91' lang='grc' dir='ltr'>λοι-</span> 
     </span>
     <span class='ocr_line' id='line_1_25' title="bbox 137 2118 1158 2172; baseline -0.001 -16"><span class='ocrx_word' id='word_1_162' title='bbox 137 2119 199 2157; x_wconf 84' lang='grc' dir='ltr'>πὸν</span> <span class='ocrx_word' id='word_1_163' title='bbox 222 2123 243 2164; x_wconf 81' lang='grc' dir='ltr'>ἦ</span> <span class='ocrx_word' id='word_1_164' title='bbox 264 2119 320 2157; x_wconf 74' lang='grc' dir='ltr'>διὰ</span> <span class='ocrx_word' id='word_1_165' title='bbox 347 2123 409 2166; x_wconf 72' lang='grc' dir='ltr'>τῆς</span> <span class='ocrx_word' id='word_1_166' title='bbox 429 2120 571 2172; x_wconf 75' lang='grc' dir='ltr'>χάριτος</span> <span class='ocrx_word' id='word_1_167' title='bbox 593 2118 764 2169; x_wconf 86' lang='grc' dir='ltr'>σωτηρία,</span> <span class='ocrx_word' id='word_1_168' title='bbox 785 2118 875 2157; x_wconf 78' lang='grc' dir='ltr'>Εἰπὲ</span> <span class='ocrx_word' id='word_1_169' title='bbox 904 2119 1015 2156; x_wconf 88' lang='grc' dir='ltr'>τοίνυν</span> <span class='ocrx_word' id='word_1_170' title='bbox 1040 2118 1158 2165; x_wconf 73' lang='grc' dir='ltr'>αὐτὴν,</span> 
     </span>
     <span class='ocr_line' id='line_1_26' title="bbox 136 2173 1160 2231; baseline -0.001 -14"><span class='ocrx_word' id='word_1_171' title='bbox 136 2173 164 2216; x_wconf 63' lang='grc' dir='ltr'>ὦ</span> <span class='ocrx_word' id='word_1_172' title='bbox 187 2181 318 2227; x_wconf 79' lang='grc' dir='ltr'>Παῦλε,</span> <span class='ocrx_word' id='word_1_173' title='bbox 339 2180 397 2217; x_wconf 76' lang='grc' dir='ltr'>καὶ</span> <span class='ocrx_word' id='word_1_174' title='bbox 417 2179 537 2223; x_wconf 76' lang='grc' dir='ltr'>δεῖξον.</span> <span class='ocrx_word' id='word_1_175' title='bbox 560 2179 650 2217; x_wconf 81' lang='grc' dir='ltr'>Ἀλλ’</span> <span class='ocrx_word' id='word_1_176' title='bbox 669 2179 805 2217; x_wconf 78' lang='grc' dir='ltr'>οὐδέπω</span> <span class='ocrx_word' id='word_1_177' title='bbox 826 2182 961 2231; x_wconf 73' lang='grc' dir='ltr'>Θαῤῥεῖ,</span> <span class='ocrx_word' id='word_1_178' title='bbox 977 2179 1014 2216; x_wconf 78' lang='grc' dir='ltr'>τὸ</span> <span class='ocrx_word' id='word_1_179' title='bbox 1038 2180 1160 2229; x_wconf 82' lang='grc' dir='ltr'>ἰταμὸν</span> 
     </span>
     <span class='ocr_line' id='line_1_27' title="bbox 137 2239 1158 2292; baseline -0.001 -14"><span class='ocrx_word' id='word_1_180' title='bbox 137 2242 203 2278; x_wconf 84' lang='grc' dir='ltr'>τῶν</span> <span class='ocrx_word' id='word_1_181' title='bbox 224 2239 400 2278; x_wconf 68' lang='grc' dir='ltr'>Ἰουδαίων</span> <span class='ocrx_word' id='word_1_182' title='bbox 420 2239 657 2292; x_wconf 67' lang='grc' dir='ltr'>ὑφορώμενος,</span> <span class='ocrx_word' id='word_1_183' title='bbox 686 2242 761 2278; x_wconf 80' lang='grc' dir='ltr'>ἀλλ’</span> <span class='ocrx_word' id='word_1_184' title='bbox 783 2240 836 2277; x_wconf 59' lang='grc' dir='ltr'>ἐπὶ</span> <span class='ocrx_word' id='word_1_185' title='bbox 863 2241 925 2286; x_wconf 75' lang='grc' dir='ltr'>τὴν</span> <span class='ocrx_word' id='word_1_186' title='bbox 945 2240 1158 2292; x_wconf 82' lang='grc' dir='ltr'>κατηγορίαν</span> 
     </span>
     <span class='ocr_line' id='line_1_28' title="bbox 138 2300 1159 2353; baseline 0.002 -17"><span class='ocrx_word' id='word_1_187' title='bbox 138 2301 252 2337; x_wconf 76' lang='grc' dir='ltr'>αὐτῶν</span> <span class='ocrx_word' id='word_1_188' title='bbox 271 2300 377 2338; x_wconf 82' lang='grc' dir='ltr'>πάλιν</span> <span class='ocrx_word' id='word_1_189' title='bbox 406 2300 481 2351; x_wconf 76' lang='grc' dir='ltr'>ἄγει</span> <span class='ocrx_word' id='word_1_190' title='bbox 505 2300 563 2338; x_wconf 80' lang='grc' dir='ltr'>τὸν</span> <span class='ocrx_word' id='word_1_191' title='bbox 593 2301 693 2350; x_wconf 84' lang='grc' dir='ltr'>λόγον</span> <span class='ocrx_word' id='word_1_192' title='bbox 709 2330 717 2346; x_wconf 68' lang='lat' dir='ltr'>e</span> <span class='ocrx_word' id='word_1_193' title='bbox 753 2300 811 2338; x_wconf 83' lang='grc' dir='ltr'>καὶ</span> <span class='ocrx_word' id='word_1_194' title='bbox 832 2300 998 2353; x_wconf 84' lang='grc' dir='ltr'>πρότερον</span> <span class='ocrx_word' id='word_1_195' title='bbox 1028 2300 1159 2352; x_wconf 75' lang='grc' dir='ltr'>εἰσάγει</span> 
     </span>
     <span class='ocr_line' id='line_1_29' title="bbox 135 2360 1157 2412; baseline 0.001 -15"><span class='ocrx_word' id='word_1_196' title='bbox 135 2360 325 2412; x_wconf 74' lang='grc' dir='ltr'>κατήγορον</span> <span class='ocrx_word' id='word_1_197' title='bbox 340 2361 397 2398; x_wconf 79' lang='grc' dir='ltr'>τὸν</span> <span class='ocrx_word' id='word_1_198' title='bbox 414 2360 523 2398; x_wconf 75' lang='grc' dir='ltr'>Δαυὶδ</span> <span class='ocrx_word' id='word_1_199' title='bbox 538 2365 649 2398; x_wconf 70' lang='grc' dir='ltr'>ταῦτα</span> <span class='ocrx_word' id='word_1_200' title='bbox 663 2360 809 2412; x_wconf 82' lang='grc' dir='ltr'>λέγοντα</span> <span class='ocrx_word' id='word_1_201' title='bbox 826 2361 882 2399; x_wconf 81' lang='grc' dir='ltr'>διὰ</span> <span class='ocrx_word' id='word_1_202' title='bbox 897 2363 1048 2408; x_wconf 82' lang='grc' dir='ltr'>πολλῶν,</span> <span class='ocrx_word' id='word_1_203' title='bbox 1067 2361 1157 2411; x_wconf 84' lang='grc' dir='ltr'>ἅπερ</span> 
     </span>
     <span class='ocr_line' id='line_1_30' title="bbox 137 2415 1159 2473; baseline 0.002 -16"><span class='ocrx_word' id='word_1_204' title='bbox 137 2423 171 2457; x_wconf 84' lang='grc' dir='ltr'>ἐν</span> <span class='ocrx_word' id='word_1_205' title='bbox 190 2423 313 2471; x_wconf 71' lang='grc' dir='ltr'>βραχεῖ</span> <span class='ocrx_word' id='word_1_206' title='bbox 333 2421 448 2458; x_wconf 83' lang='grc' dir='ltr'>πάντα</span> <span class='ocrx_word' id='word_1_207' title='bbox 464 2415 557 2458; x_wconf 65' lang='grc' dir='ltr'>εἶπεν</span> <span class='ocrx_word' id='word_1_208' title='bbox 576 2420 726 2464; x_wconf 76' lang='grc' dir='ltr'>&lt;Ησαίόις</span> <span class='ocrx_word' id='word_1_209' title='bbox 740 2450 749 2466; x_wconf 89' lang='grc'>,</span> <span class='ocrx_word' id='word_1_210' title='bbox 772 2422 912 2473; x_wconf 76' lang='grc' dir='ltr'>ἰσχυρὸν</span> <span class='ocrx_word' id='word_1_211' title='bbox 940 2422 1159 2459; x_wconf 82' lang='grc' dir='ltr'>κατασκευά-</span> 
     </span>
     <span class='ocr_line' id='line_1_31' title="bbox 137 2480 1158 2532; baseline 0.003 -15"><span class='ocrx_word' id='word_1_212' title='bbox 137 2484 201 2523; x_wconf 78' lang='grc' dir='ltr'>ζων</span> <span class='ocrx_word' id='word_1_213' title='bbox 224 2483 338 2522; x_wconf 80' lang='grc' dir='ltr'>αὐτοῖς</span> <span class='ocrx_word' id='word_1_214' title='bbox 359 2481 520 2531; x_wconf 77' lang='grc' dir='ltr'>χαλινὸν,</span> <span class='ocrx_word' id='word_1_215' title='bbox 541 2480 631 2518; x_wconf 74' lang='grc' dir='ltr'>ὥστε</span> <span class='ocrx_word' id='word_1_216' title='bbox 657 2480 706 2531; x_wconf 80' lang='grc' dir='ltr'>μὴ</span> <span class='ocrx_word' id='word_1_217' title='bbox 731 2483 958 2528; x_wconf 70' lang='grc' dir='ltr'>ἀποπηδῆσαι</span> <span class='ocrx_word' id='word_1_218' title='bbox 981 2482 1069 2532; x_wconf 80' lang='grc' dir='ltr'>μηδὲ</span> <span class='ocrx_word' id='word_1_219' title='bbox 1090 2485 1158 2520; x_wconf 78' lang='grc' dir='ltr'>τῶν</span> 
     </span>
     <span class='ocr_line' id='line_1_32' title="bbox 136 2539 1204 2592; baseline 0.004 -16"><span class='ocrx_word' id='word_1_220' title='bbox 136 2539 215 2590; x_wconf 81' lang='grc' dir='ltr'>περὶ</span> <span class='ocrx_word' id='word_1_221' title='bbox 235 2543 295 2585; x_wconf 64' lang='grc' dir='ltr'>τῆς</span> <span class='ocrx_word' id='word_1_222' title='bbox 319 2541 467 2583; x_wconf 82' lang='grc' dir='ltr'>πίστεως</span> <span class='ocrx_word' id='word_1_223' title='bbox 488 2541 756 2591; x_wconf 80' lang='grc' dir='ltr'>γυμναζομένων</span> <span class='ocrx_word' id='word_1_224' title='bbox 781 2541 893 2592; x_wconf 85' lang='grc' dir='ltr'>λόγων</span> <span class='ocrx_word' id='word_1_225' title='bbox 916 2542 1036 2580; x_wconf 81' lang='grc' dir='ltr'>λοιπὸν</span> <span class='ocrx_word' id='word_1_226' title='bbox 1052 2543 1160 2581; x_wconf 77' lang='grc' dir='ltr'>ίιοἰπο-</span> <span class='ocrx_word' id='word_1_227' title='bbox 1179 2546 1204 2575; x_wconf 89' lang='lat' dir='ltr'>D</span> 
     </span>
     <span class='ocr_line' id='line_1_33' title="bbox 138 2599 1159 2655; baseline 0.006 -20"><span class='ocrx_word' id='word_1_228' title='bbox 138 2599 324 2652; x_wconf 73' lang='grc' dir='ltr'>σκιρτῆσαί</span> <span class='ocrx_word' id='word_1_229' title='bbox 338 2615 413 2637; x_wconf 89' lang='grc' dir='ltr'>τινα</span> <span class='ocrx_word' id='word_1_230' title='bbox 423 2603 491 2637; x_wconf 82' lang='grc' dir='ltr'>τῶν</span> <span class='ocrx_word' id='word_1_231' title='bbox 504 2601 709 2649; x_wconf 82' lang='grc' dir='ltr'>ἀκουόντων,</span> <span class='ocrx_word' id='word_1_232' title='bbox 724 2604 850 2645; x_wconf 76' lang='grc' dir='ltr'>ἱκανῶς</span> <span class='ocrx_word' id='word_1_233' title='bbox 863 2609 938 2646; x_wconf 88' lang='grc' dir='ltr'>ταῖς</span> <span class='ocrx_word' id='word_1_234' title='bbox 949 2606 1016 2640; x_wconf 81' lang='grc' dir='ltr'>τῶν</span> <span class='ocrx_word' id='word_1_235' title='bbox 1029 2618 1159 2655; x_wconf 69' lang='grc' dir='ltr'>προφη-</span> 
     </span>
     <span class='ocr_line' id='line_1_34' title="bbox 138 2661 1159 2717; baseline 0.004 -20"><span class='ocrx_word' id='word_1_236' title='bbox 138 2663 203 2697; x_wconf 77' lang='grc' dir='ltr'>τῶν</span> <span class='ocrx_word' id='word_1_237' title='bbox 220 2661 564 2711; x_wconf 77' lang='grc' dir='ltr'>προκατειλημμένον</span> <span class='ocrx_word' id='word_1_238' title='bbox 583 2662 817 2714; x_wconf 83' lang='grc' dir='ltr'>κατηγορίαις.</span> <span class='ocrx_word' id='word_1_239' title='bbox 833 2664 902 2701; x_wconf 78' lang='grc' dir='ltr'>Καὶ</span> <span class='ocrx_word' id='word_1_240' title='bbox 916 2664 984 2715; x_wconf 83' lang='grc' dir='ltr'>γὰρ</span> <span class='ocrx_word' id='word_1_241' title='bbox 997 2669 1089 2717; x_wconf 81' lang='grc' dir='ltr'>τρεῖς</span> <span class='ocrx_word' id='word_1_242' title='bbox 1108 2664 1159 2701; x_wconf 89' lang='grc' dir='ltr'>τί-</span> 
     </span>
     <span class='ocr_line' id='line_1_35' title="bbox 138 2721 1161 2775; baseline 0.003 -17"><span class='ocrx_word' id='word_1_243' title='bbox 138 2725 235 2767; x_wconf 84' lang='grc' dir='ltr'>Οησιν</span> <span class='ocrx_word' id='word_1_244' title='bbox 258 2721 450 2773; x_wconf 63' lang='grc' dir='ltr'>ὑπερὲολὰς</span> <span class='ocrx_word' id='word_1_245' title='bbox 471 2725 487 2760; x_wconf 80' lang='grc' dir='ltr'><em>ὃ</em></span> <span class='ocrx_word' id='word_1_246' title='bbox 507 2723 706 2775; x_wconf 69' lang='grc' dir='ltr'>προφήτης,</span> <span class='ocrx_word' id='word_1_247' title='bbox 724 2723 778 2761; x_wconf 79' lang='grc' dir='ltr'>ὅτι</span> <span class='ocrx_word' id='word_1_248' title='bbox 799 2740 837 2762; x_wconf 87' lang='grc' dir='ltr'>τε</span> <span class='ocrx_word' id='word_1_249' title='bbox 857 2724 986 2766; x_wconf 83' lang='grc' dir='ltr'>πάντες</span> <span class='ocrx_word' id='word_1_250' title='bbox 1006 2728 1091 2774; x_wconf 68' lang='grc' dir='ltr'>ὁμοῦ</span> <span class='ocrx_word' id='word_1_251' title='bbox 1119 2723 1161 2761; x_wconf 85' lang='grc' dir='ltr'>τὰ</span> 
     </span>
    </p>
   </div>
   <div class='ocr_carea' id='block_1_7' title="bbox 807 2783 823 2804">
    <p class='ocr_par' dir='ltr' id='par_1_7' title="bbox 807 2783 823 2804">
     <span class='ocr_line' id='line_1_36' title="bbox 807 2783 823 2804; baseline 0 0"><span class='ocrx_word' id='word_1_252' title='bbox 807 2783 823 2804; x_wconf 96' lang='lat' dir='ltr'>b</span> 
     </span>
    </p>
   </div>
   <div class='ocr_carea' id='block_1_8' title="bbox 136 2782 1161 2835">
    <p class='ocr_par' dir='ltr' id='par_1_8' title="bbox 136 2782 1161 2835">
     <span class='ocr_line' id='line_1_37' title="bbox 136 2782 1161 2835; baseline 0.005 -17"><span class='ocrx_word' id='word_1_253' title='bbox 136 2782 226 2820; x_wconf 77' lang='grc' dir='ltr'>κακὰ</span> <span class='ocrx_word' id='word_1_254' title='bbox 241 2782 423 2835; x_wconf 80' lang='grc' dir='ltr'>ἔπραττον,</span> <span class='ocrx_word' id='word_1_255' title='bbox 438 2782 561 2834; x_wconf 78' lang='grc' dir='ltr'>λέγων,</span> <span class='ocrx_word' id='word_1_256' title='bbox 579 2783 638 2821; x_wconf 78' lang='grc' dir='ltr'>καὶ</span> <span class='ocrx_word' id='word_1_257' title='bbox 655 2783 708 2821; x_wconf 79' lang='grc' dir='ltr'>ὅτι</span> <span class='ocrx_word' id='word_1_258' title='bbox 725 2786 787 2822; x_wconf 77' lang='grc' dir='ltr'>οὐκ</span> <span class='ocrx_word' id='word_1_259' title='bbox 833 2783 998 2834; x_wconf 79' lang='grc' dir='ltr'>ἀνέμιξαν</span> <span class='ocrx_word' id='word_1_260' title='bbox 1014 2785 1057 2822; x_wconf 79' lang='grc' dir='ltr'>τὰ</span> <span class='ocrx_word' id='word_1_261' title='bbox 1068 2785 1161 2823; x_wconf 80' lang='grc' dir='ltr'>καλὰ</span> 
     </span>
    </p>
   </div>
   <div class='ocr_carea' id='block_1_9' title="bbox 136 2842 1160 2896">
    <p class='ocr_par' dir='ltr' id='par_1_9' title="bbox 136 2842 1160 2896">
     <span class='ocr_line' id='line_1_38' title="bbox 136 2842 1160 2896; baseline 0.003 -17"><span class='ocrx_word' id='word_1_262' title='bbox 136 2848 204 2886; x_wconf 85' lang='grc' dir='ltr'>τοῖς</span> <span class='ocrx_word' id='word_1_263' title='bbox 223 2848 361 2888; x_wconf 85' lang='grc' dir='ltr'>κακοῖς,</span> <span class='ocrx_word' id='word_1_264' title='bbox 383 2842 473 2880; x_wconf 81' lang='grc' dir='ltr'>ἀλλὰ</span> <span class='ocrx_word' id='word_1_265' title='bbox 490 2843 551 2889; x_wconf 79' lang='grc' dir='ltr'>τὴν</span> <span class='ocrx_word' id='word_1_266' title='bbox 569 2843 736 2896; x_wconf 87' lang='grc' dir='ltr'>πονηρίαν</span> <span class='ocrx_word' id='word_1_267' title='bbox 757 2845 864 2895; x_wconf 84' lang='grc' dir='ltr'>μόνην</span> <span class='ocrx_word' id='word_1_268' title='bbox 887 2845 1058 2896; x_wconf 72' lang='grc' dir='ltr'>μετῄεσαν</span> <span class='ocrx_word' id='word_1_269' title='bbox 1073 2875 1082 2891; x_wconf 90' lang='grc'>,</span> <span class='ocrx_word' id='word_1_270' title='bbox 1100 2845 1160 2883; x_wconf 77' lang='grc' dir='ltr'>καὶ</span> 
     </span>
    </p>
   </div>
   <div class='ocr_carea' id='block_1_10' title="bbox 136 2902 1162 3197">
    <p class='ocr_par' dir='ltr' id='par_1_10' title="bbox 136 2902 1162 3197">
     <span class='ocr_line' id='line_1_39' title="bbox 137 2902 1159 2956; baseline 0.003 -17"><span class='ocrx_word' id='word_1_271' title='bbox 137 2902 189 2939; x_wconf 82' lang='grc' dir='ltr'>ὅτι</span> <span class='ocrx_word' id='word_1_272' title='bbox 202 2905 276 2951; x_wconf 85' lang='grc' dir='ltr'>μετ’</span> <span class='ocrx_word' id='word_1_273' title='bbox 288 2903 477 2946; x_wconf 82' lang='grc' dir='ltr'>ἐπιτάσεως</span> <span class='ocrx_word' id='word_1_274' title='bbox 488 2903 617 2950; x_wconf 79' lang='grc' dir='ltr'>ταύτην</span> <span class='ocrx_word' id='word_1_275' title='bbox 632 2905 780 2952; x_wconf 80' lang='grc' dir='ltr'>ἁπάσης.</span> <span class='ocrx_word' id='word_1_276' title='bbox 793 2907 881 2943; x_wconf 81' lang='grc' dir='ltr'>Εἶτα</span> <span class='ocrx_word' id='word_1_277' title='bbox 893 2905 948 2943; x_wconf 76' lang='grc' dir='ltr'>ἵνα</span> <span class='ocrx_word' id='word_1_278' title='bbox 961 2905 1008 2955; x_wconf 76' lang='grc' dir='ltr'>μὴ</span> <span class='ocrx_word' id='word_1_279' title='bbox 1018 2906 1159 2956; x_wconf 79' lang='grc' dir='ltr'>λέγωσι,</span> 
     </span>
     <span class='ocr_line' id='line_1_40' title="bbox 136 2957 1161 3018; baseline 0.004 -20"><span class='ocrx_word' id='word_1_280' title='bbox 136 2962 168 2998; x_wconf 80' lang='grc' dir='ltr'>τί</span> <span class='ocrx_word' id='word_1_281' title='bbox 189 2957 263 3006; x_wconf 67' lang='grc' dir='ltr'>οὖν,</span> <span class='ocrx_word' id='word_1_282' title='bbox 283 2965 311 3000; x_wconf 88' lang='grc' dir='ltr'>εἰ</span> <span class='ocrx_word' id='word_1_283' title='bbox 328 2964 411 3015; x_wconf 77' lang='grc' dir='ltr'>πρὸς</span> <span class='ocrx_word' id='word_1_284' title='bbox 428 2964 562 3015; x_wconf 77' lang='grc' dir='ltr'>ἑτέρους</span> <span class='ocrx_word' id='word_1_285' title='bbox 577 2970 686 3003; x_wconf 74' lang='grc' dir='ltr'>ταῦτα</span> <span class='ocrx_word' id='word_1_286' title='bbox 703 2966 860 3018; x_wconf 85' lang='grc' dir='ltr'>εἴρηται;</span> <span class='ocrx_word' id='word_1_287' title='bbox 881 2966 1054 3017; x_wconf 67' lang='grc' dir='ltr'>ἐπήγαγεν</span> <span class='ocrx_word' id='word_1_288' title='bbox 1067 2982 1074 2989; x_wconf 91' lang='grc'><em>·</em></span> <span class='ocrx_word' id='word_1_289' title='bbox 1096 2966 1161 3004; x_wconf 87' lang='grc' dir='ltr'>Οἴ-</span> 
     </span>
     <span class='ocr_line' id='line_1_41' title="bbox 140 3022 1162 3077; baseline 0.004 -20"><span class='ocrx_word' id='word_1_290' title='bbox 140 3022 245 3070; x_wconf 74' lang='grc' dir='ltr'>δαμεν</span> <span class='ocrx_word' id='word_1_291' title='bbox 261 3022 308 3068; x_wconf 73' lang='grc' dir='ltr'>δὲ,</span> <span class='ocrx_word' id='word_1_292' title='bbox 325 3023 376 3060; x_wconf 75' lang='grc' dir='ltr'>ὅτι</span> <span class='ocrx_word' id='word_1_293' title='bbox 395 3023 459 3062; x_wconf 77' lang='grc' dir='ltr'>ὅσα</span> <span class='ocrx_word' id='word_1_294' title='bbox 478 3027 494 3061; x_wconf 84' lang='grc' dir='ltr'>ὁ</span> <span class='ocrx_word' id='word_1_295' title='bbox 514 3024 616 3074; x_wconf 84' lang='grc' dir='ltr'>νόμος</span> <span class='ocrx_word' id='word_1_296' title='bbox 633 3025 747 3076; x_wconf 81' lang='grc' dir='ltr'>λέγει,</span> <span class='ocrx_word' id='word_1_297' title='bbox 770 3032 839 3068; x_wconf 89' lang='grc' dir='ltr'>τοῖς</span> <span class='ocrx_word' id='word_1_298' title='bbox 860 3028 893 3064; x_wconf 82' lang='grc' dir='ltr'>ἐν</span> <span class='ocrx_word' id='word_1_299' title='bbox 913 3028 962 3077; x_wconf 77' lang='grc' dir='ltr'>τῷ</span> <span class='ocrx_word' id='word_1_300' title='bbox 982 3026 1078 3077; x_wconf 86' lang='grc' dir='ltr'>νόμῳ</span> <span class='ocrx_word' id='word_1_301' title='bbox 1096 3027 1162 3062; x_wconf 89' lang='grc' dir='ltr'>λα-</span> 
     </span>
     <span class='ocr_line' id='line_1_42' title="bbox 138 3082 1162 3136; baseline 0.004 -18"><span class='ocrx_word' id='word_1_302' title='bbox 138 3082 206 3118; x_wconf 78' lang='grc' dir='ltr'>λεῖ.</span> <span class='ocrx_word' id='word_1_303' title='bbox 233 3082 299 3119; x_wconf 66' lang='lat' dir='ltr'><em>Atei</em></span> <span class='ocrx_word' id='word_1_304' title='bbox 319 3099 370 3121; x_wconf 90' lang='grc' dir='ltr'>τοι</span> <span class='ocrx_word' id='word_1_305' title='bbox 396 3088 494 3121; x_wconf 66' lang='grc' dir='ltr'>τοῦτο</span> <span class='ocrx_word' id='word_1_306' title='bbox 523 3084 609 3134; x_wconf 81' lang='grc' dir='ltr'>μετὰ</span> <span class='ocrx_word' id='word_1_307' title='bbox 635 3085 691 3123; x_wconf 68' lang='grc' dir='ltr'>τὸν</span> <span class='ocrx_word' id='word_1_308' title='bbox 721 3085 870 3124; x_wconf 58' lang='lat' dir='ltr'><em>‘flentem</em></span> <span class='ocrx_word' id='word_1_309' title='bbox 892 3086 950 3123; x_wconf 78' lang='grc' dir='ltr'>τὸν</span> <span class='ocrx_word' id='word_1_310' title='bbox 975 3086 1162 3136; x_wconf 77' lang='grc' dir='ltr'>ὡμολογη-</span> 
     </span>
     <span class='ocr_line' id='line_1_43' title="bbox 136 3143 1161 3197; baseline 0.002 -17"><span class='ocrx_word' id='word_1_311' title='bbox 136 3143 251 3192; x_wconf 77' lang='grc' dir='ltr'>μένως</span> <span class='ocrx_word' id='word_1_312' title='bbox 284 3143 368 3194; x_wconf 76' lang='grc' dir='ltr'>πρὸς</span> <span class='ocrx_word' id='word_1_313' title='bbox 401 3144 521 3187; x_wconf 71' lang='grc' dir='ltr'>αὐτοὺς</span> <span class='ocrx_word' id='word_1_314' title='bbox 553 3146 836 3197; x_wconf 83' lang='grc' dir='ltr'>ἀποτεινόμενον,</span> <span class='ocrx_word' id='word_1_315' title='bbox 865 3146 1074 3196; x_wconf 65' lang='grc' dir='ltr'>ἐπεισήγαγε</span> <span class='ocrx_word' id='word_1_316' title='bbox 1104 3145 1161 3182; x_wconf 82' lang='grc' dir='ltr'>τὸν</span> 
     </span>
    </p>
   </div>
   <div class='ocr_carea' id='block_1_11' title="bbox 366 3208 430 3222">
    <p class='ocr_par' dir='ltr' id='par_1_11' title="bbox 366 3208 430 3222">
     <span class='ocr_line' id='line_1_44' title="bbox 366 3208 430 3222; baseline 0.016 -1"><span class='ocrx_word' id='word_1_317' title='bbox 366 3208 430 3222; x_wconf 54' lang='lat' dir='ltr'>hl?</span> 
     </span>
    </p>
   </div>
   <div class='ocr_carea' id='block_1_12' title="bbox 140 3207 1160 3259">
    <p class='ocr_par' dir='ltr' id='par_1_12' title="bbox 140 3207 1160 3259">
     <span class='ocr_line' id='line_1_45' title="bbox 140 3207 1160 3259; baseline 0.003 -14"><span class='ocrx_word' id='word_1_318' title='bbox 140 3207 270 3253; x_wconf 69' lang='grc' dir='ltr'>Δαυὶό,</span> <span class='ocrx_word' id='word_1_319' title='bbox 286 3208 342 3245; x_wconf 72' lang='grc' dir='ltr'>ἵνα</span> <span class='ocrx_word' id='word_1_320' title='bbox 363 3223 454 3259; x_wconf 75' lang='grc' dir='ltr'>οειςῃ</span> <span class='ocrx_word' id='word_1_321' title='bbox 480 3211 539 3247; x_wconf 82' lang='grc' dir='ltr'>καὶ</span> <span class='ocrx_word' id='word_1_322' title='bbox 567 3215 677 3248; x_wconf 75' lang='grc' dir='ltr'>ταῦτα</span> <span class='ocrx_word' id='word_1_323' title='bbox 706 3215 767 3258; x_wconf 67' lang='grc' dir='ltr'>τῆς</span> <span class='ocrx_word' id='word_1_324' title='bbox 784 3215 891 3258; x_wconf 67' lang='grc' dir='ltr'>αὔτῆἶς</span> <span class='ocrx_word' id='word_1_325' title='bbox 909 3211 994 3249; x_wconf 77' lang='grc' dir='ltr'>ὄντα</span> <span class='ocrx_word' id='word_1_326' title='bbox 1015 3211 1160 3249; x_wconf 82' lang='grc' dir='ltr'>ἀκολου-</span> 
     </span>
    </p>
   </div>
   <div class='ocr_carea' id='block_1_13' title="bbox 142 3271 1209 3330">
    <p class='ocr_par' dir='ltr' id='par_1_13' title="bbox 142 3271 1209 3330">
     <span class='ocr_line' id='line_1_46' title="bbox 142 3271 1209 3330; baseline 0.003 -18"><span class='ocrx_word' id='word_1_327' title='bbox 142 3274 230 3316; x_wconf 75' lang='grc' dir='ltr'>()ι’τι.ς.</span> <span class='ocrx_word' id='word_1_328' title='bbox 252 3275 343 3312; x_wconf 85' lang='grc' dir='ltr'>Ποία</span> <span class='ocrx_word' id='word_1_329' title='bbox 364 3274 430 3326; x_wconf 73' lang='grc' dir='ltr'>γὰρ</span> <span class='ocrx_word' id='word_1_330' title='bbox 449 3271 490 3321; x_wconf 67' lang='grc' dir='ltr'>ἦν</span> <span class='ocrx_word' id='word_1_331' title='bbox 511 3277 657 3326; x_wconf 79' lang='grc' dir='ltr'>ἀνάγκη,</span> <span class='ocrx_word' id='word_1_332' title='bbox 680 3277 794 3329; x_wconf 68' lang='grc' dir='ltr'>φησὶν,</span> <span class='ocrx_word' id='word_1_333' title='bbox 815 3278 945 3330; x_wconf 80' lang='grc' dir='ltr'>ἑτέρων,</span> <span class='ocrx_word' id='word_1_334' title='bbox 959 3284 1162 3329; x_wconf 78' lang='grc' dir='ltr'>κατηγορεῖν</span> <span class='ocrx_word' id='word_1_335' title='bbox 1186 3289 1209 3317; x_wconf 80' lang='lat' dir='ltr'>E</span> 
     </span>
    </p>
   </div>
   <div class='ocr_carea' id='block_1_14' title="bbox 186 3390 463 3436">
    <p class='ocr_par' dir='ltr' id='par_1_14' title="bbox 186 3390 463 3436">
     <span class='ocr_line' id='line_1_47' title="bbox 186 3390 463 3436; baseline 0.004 -15"><span class='ocrx_word' id='word_1_336' title='bbox 186 3403 196 3415; x_wconf 73' lang='lat'>¹·</span> <span class='ocrx_word' id='word_1_337' title='bbox 223 3390 280 3421; x_wconf 68' lang='lat' dir='ltr'><em>Alii</em></span> <span class='ocrx_word' id='word_1_338' title='bbox 302 3400 463 3436; x_wconf 41' lang='lat' dir='ltr'>:ffrr‘fisss</span> 
     </span>
    </p>
   </div>
   <div class='ocr_carea' id='block_1_15' title="bbox 1045 245 1248 274">
    <p class='ocr_par' dir='ltr' id='par_1_15' title="bbox 1045 245 1248 274">
     <span class='ocr_line' id='line_1_48' title="bbox 1045 245 1248 274; baseline 0 -2"><span class='ocrx_word' id='word_1_339' title='bbox 1045 245 1103 273; x_wconf 71' lang='lat' dir='ltr'>AD</span> <span class='ocrx_word' id='word_1_340' title='bbox 1140 245 1248 274; x_wconf 75' lang='lat' dir='ltr'><strong>ROM.</strong></span> 
     </span>
    </p>
   </div>
   <div class='ocr_carea' id='block_1_16' title="bbox 1167 609 1214 634">
    <p class='ocr_par' dir='ltr' id='par_1_16' title="bbox 1167 609 1214 634">
     <span class='ocr_line' id='line_1_49' title="bbox 1167 609 1214 634; baseline -0.085 0"><span class='ocrx_word' id='word_1_341' title='bbox 1167 609 1214 634; x_wconf 70' lang='lat'>48⁶2</span> 
     </span>
    </p>
   </div>
   <div class='ocr_carea' id='block_1_17' title="bbox 1289 223 2202 287">
    <p class='ocr_par' dir='ltr' id='par_1_17' title="bbox 1289 223 2202 287">
     <span class='ocr_line' id='line_1_50' title="bbox 1289 223 2202 287; baseline -0.003 -14"><span class='ocrx_word' id='word_1_342' title='bbox 1289 243 1441 273; x_wconf 67' lang='lat' dir='ltr'><em>nomm.</em></span> <span class='ocrx_word' id='word_1_343' title='bbox 1484 242 1563 272; x_wconf 81' lang='lat' dir='ltr'>vn.</span> <span class='ocrx_word' id='word_1_344' title='bbox 2112 223 2202 287; x_wconf 81' lang='lat'>527</span> 
     </span>
    </p>
   </div>
   <div class='ocr_carea' id='block_1_18' title="bbox 1230 321 2210 421">
    <p class='ocr_par' dir='ltr' id='par_1_18' title="bbox 1230 321 2210 421">
     <span class='ocr_line' id='line_1_51' title="bbox 1230 321 2210 376; baseline -0.002 -15"><span class='ocrx_word' id='word_1_345' title='bbox 1230 324 1432 376; x_wconf 88' lang='lat' dir='ltr'><em>imperium,</em></span> <span class='ocrx_word' id='word_1_346' title='bbox 1458 336 1552 361; x_wconf 90' lang='lat' dir='ltr'><em>nunc</em></span> <span class='ocrx_word' id='word_1_347' title='bbox 1576 331 1609 360; x_wconf 85' lang='lat' dir='ltr'>et</span> <span class='ocrx_word' id='word_1_348' title='bbox 1636 336 1798 374; x_wconf 78' lang='lat' dir='ltr'><strong>semper,</strong></span> <span class='ocrx_word' id='word_1_349' title='bbox 1825 331 1859 359; x_wconf 86' lang='lat' dir='ltr'>et</span> <span class='ocrx_word' id='word_1_350' title='bbox 1884 321 1919 359; x_wconf 91' lang='lat' dir='ltr'>in</span> <span class='ocrx_word' id='word_1_351' title='bbox 1943 321 2071 359; x_wconf 77' lang='lat' dir='ltr'><em>saecula</em></span> <span class='ocrx_word' id='word_1_352' title='bbox 2097 335 2210 359; x_wconf 84' lang='lat' dir='ltr'><em>saecu-</em></span> 
     </span>
     <span class='ocr_line' id='line_1_52' title="bbox 1230 384 1504 421; baseline -0.004 0"><span class='ocrx_word' id='word_1_353' title='bbox 1230 384 1357 421; x_wconf 91' lang='lat' dir='ltr'><em>lorum.</em></span> <span class='ocrx_word' id='word_1_354' title='bbox 1380 385 1504 420; x_wconf 90' lang='lat' dir='ltr'><em>Amen.</em></span> 
     </span>
    </p>
   </div>
   <div class='ocr_carea' id='block_1_19' title="bbox 1556 610 1879 652">
    <p class='ocr_par' dir='ltr' id='par_1_19' title="bbox 1556 610 1879 652">
     <span class='ocr_line' id='line_1_53' title="bbox 1556 610 1879 652; baseline 0.003 -5"><span class='ocrx_word' id='word_1_355' title='bbox 1556 610 1766 648; x_wconf 88' lang='lat' dir='ltr'><strong>HOMILIA</strong></span> <span class='ocrx_word' id='word_1_356' title='bbox 1795 611 1879 652; x_wconf 86' lang='lat' dir='ltr'>VII.</span> 
     </span>
    </p>
   </div>
   <div class='ocr_carea' id='block_1_20' title="bbox 1231 732 2218 1671">
    <p class='ocr_par' dir='ltr' id='par_1_20' title="bbox 1231 732 2218 1671">
     <span class='ocr_line' id='line_1_54' title="bbox 1231 732 2212 783; baseline 0 -15"><span class='ocrx_word' id='word_1_357' title='bbox 1231 732 1318 768; x_wconf 72' lang='lat' dir='ltr'>CAP.</span> <span class='ocrx_word' id='word_1_358' title='bbox 1338 732 1405 768; x_wconf 89' lang='lat' dir='ltr'><strong>III.</strong></span> <span class='ocrx_word' id='word_1_359' title='bbox 1427 744 1464 770; x_wconf 85' lang='lat' dir='ltr'>v.</span> <span class='ocrx_word' id='word_1_360' title='bbox 1495 733 1531 769; x_wconf 85' lang='lat'>9.</span> <span class='ocrx_word' id='word_1_361' title='bbox 1565 733 1667 781; x_wconf 80' lang='lat' dir='ltr'><em>Quid</em></span> <span class='ocrx_word' id='word_1_362' title='bbox 1686 737 1800 783; x_wconf 77' lang='lat' dir='ltr'><em>ergo?</em></span> <span class='ocrx_word' id='word_1_363' title='bbox 1827 733 2084 783; x_wconf 59' lang='lat' dir='ltr'><em>praecellimus</em></span> <span class='ocrx_word' id='word_1_364' title='bbox 2113 747 2180 771; x_wconf 84' lang='lat' dir='ltr'>nos</span> <span class='ocrx_word' id='word_1_365' title='bbox 2195 736 2212 768; x_wconf 71' lang='grc' dir='ltr'><em>Ρ</em></span> 
     </span>
     <span class='ocr_line' id='line_1_55' title="bbox 1282 792 2210 846; baseline 0.003 -18"><span class='ocrx_word' id='word_1_366' title='bbox 1282 792 1404 829; x_wconf 75' lang='lat' dir='ltr'><em>qullo</em></span> <span class='ocrx_word' id='word_1_367' title='bbox 1424 793 1535 828; x_wconf 84' lang='lat' dir='ltr'><em>modo</em></span> <span class='ocrx_word' id='word_1_368' title='bbox 1549 807 1565 836; x_wconf 86' lang='lat'><em>;</em></span> <span class='ocrx_word' id='word_1_369' title='bbox 1587 795 1715 829; x_wconf 81' lang='lat' dir='ltr'><em>causis</em></span> <span class='ocrx_word' id='word_1_370' title='bbox 1735 795 1835 829; x_wconf 82' lang='lat' dir='ltr'><em>enim</em></span> <span class='ocrx_word' id='word_1_371' title='bbox 1853 802 1943 830; x_wconf 81' lang='lat' dir='ltr'><em>ante</em></span> <span class='ocrx_word' id='word_1_372' title='bbox 1964 795 2098 831; x_wconf 76' lang='lat' dir='ltr'><em>allatis</em></span> <span class='ocrx_word' id='word_1_373' title='bbox 2120 808 2210 846; x_wconf 85' lang='lat' dir='ltr'><em>pro-</em></span> 
     </span>
     <span class='ocr_line' id='line_1_56' title="bbox 1284 853 2212 906; baseline 0.004 -18"><span class='ocrx_word' id='word_1_374' title='bbox 1284 854 1456 889; x_wconf 69' lang='lat' dir='ltr'><em>bavimus</em></span> <span class='ocrx_word' id='word_1_375' title='bbox 1476 853 1635 889; x_wconf 80' lang='lat' dir='ltr'><em>Judoeos</em></span> <span class='ocrx_word' id='word_1_376' title='bbox 1654 861 1691 888; x_wconf 81' lang='lat' dir='ltr'>et</span> <span class='ocrx_word' id='word_1_377' title='bbox 1708 854 1869 903; x_wconf 81' lang='lat' dir='ltr'><em>gentiles</em></span> <span class='ocrx_word' id='word_1_378' title='bbox 1889 868 2019 892; x_wconf 85' lang='lat' dir='ltr'><em>omnes</em></span> <span class='ocrx_word' id='word_1_379' title='bbox 2040 857 2108 892; x_wconf 84' lang='lat' dir='ltr'><em>sub</em></span> <span class='ocrx_word' id='word_1_380' title='bbox 2125 870 2212 906; x_wconf 84' lang='lat' dir='ltr'><em>pec-</em></span> 
     </span>
     <span class='ocr_line' id='line_1_57' title="bbox 1281 912 2215 964; baseline 0.006 -17"><span class='ocrx_word' id='word_1_381' title='bbox 1281 919 1368 948; x_wconf 83' lang='lat' dir='ltr'><em>cato</em></span> <span class='ocrx_word' id='word_1_382' title='bbox 1391 925 1494 954; x_wconf 83' lang='lat' dir='ltr'><em>esse;</em></span> <span class='ocrx_word' id='word_1_383' title='bbox 1525 912 1589 948; x_wconf 85' lang='grc'>10.</span> <span class='ocrx_word' id='word_1_384' title='bbox 1621 914 1718 948; x_wconf 83' lang='lat' dir='ltr'><em>sicut</em></span> <span class='ocrx_word' id='word_1_385' title='bbox 1742 915 1922 964; x_wconf 83' lang='lat' dir='ltr'><em>scriptum</em></span> <span class='ocrx_word' id='word_1_386' title='bbox 1947 923 2002 951; x_wconf 81' lang='lat' dir='ltr'>est</span> <span class='ocrx_word' id='word_1_387' title='bbox 2020 930 2028 950; x_wconf 91' lang='grc'>.-</span> <span class='ocrx_word' id='word_1_388' title='bbox 2049 916 2139 952; x_wconf 75' lang='lat' dir='ltr'>IVon</span> <span class='ocrx_word' id='word_1_389' title='bbox 2159 924 2215 953; x_wconf 79' lang='lat' dir='ltr'>est</span> 
     </span>
     <span class='ocr_line' id='line_1_58' title="bbox 1273 973 2212 1024; baseline 0.004 -17"><span class='ocrx_word' id='word_1_390' title='bbox 1273 973 1418 1021; x_wconf 82' lang='lat' dir='ltr'><em>justus,</em></span> <span class='ocrx_word' id='word_1_391' title='bbox 1442 985 1562 1022; x_wconf 84' lang='lat' dir='ltr'><em>neque</em></span> <span class='ocrx_word' id='word_1_392' title='bbox 1582 984 1680 1008; x_wconf 82' lang='lat' dir='ltr'><em>unus</em></span> <span class='ocrx_word' id='word_1_393' title='bbox 1699 987 1709 1006; x_wconf 91' lang='grc'>.-</span> <span class='ocrx_word' id='word_1_394' title='bbox 1729 973 1791 1010; x_wconf 81' lang='grc'>11.</span> <span class='ocrx_word' id='word_1_395' title='bbox 1820 986 1898 1008; x_wconf 85' lang='lat' dir='ltr'>non</span> <span class='ocrx_word' id='word_1_396' title='bbox 1930 981 1985 1010; x_wconf 80' lang='lat' dir='ltr'>est</span> <span class='ocrx_word' id='word_1_397' title='bbox 2008 977 2074 1024; x_wconf 81' lang='lat' dir='ltr'>qui</span> <span class='ocrx_word' id='word_1_398' title='bbox 2099 976 2212 1011; x_wconf 80' lang='lat' dir='ltr'><em>intel-</em></span> 
     </span>
     <span class='ocr_line' id='line_1_59' title="bbox 1281 1031 2214 1082; baseline 0.003 -15"><span class='ocrx_word' id='word_1_399' title='bbox 1281 1031 1400 1081; x_wconf 76' lang='lat' dir='ltr'><em>ligat,</em></span> <span class='ocrx_word' id='word_1_400' title='bbox 1425 1034 1678 1082; x_wconf 78' lang='lat' dir='ltr'><em>azctrequirat</em></span> <span class='ocrx_word' id='word_1_401' title='bbox 1693 1032 1832 1069; x_wconf 79' lang='lat' dir='ltr'><em>Deum.</em></span> <span class='ocrx_word' id='word_1_402' title='bbox 1855 1034 1916 1070; x_wconf 60' lang='lat'>12.</span> <span class='ocrx_word' id='word_1_403' title='bbox 1938 1034 2078 1070; x_wconf 82' lang='lat' dir='ltr'><em>Omnes</em></span> <span class='ocrx_word' id='word_1_404' title='bbox 2097 1035 2214 1070; x_wconf 79' lang='lat' dir='ltr'><em>decti-</em></span> 
     </span>
     <span class='ocr_line' id='line_1_60' title="bbox 1281 1092 2217 1145; baseline 0.003 -17"><span class='ocrx_word' id='word_1_405' title='bbox 1281 1100 1485 1138; x_wconf 76' lang='lat' dir='ltr'><em>naverunt,</em></span> <span class='ocrx_word' id='word_1_406' title='bbox 1506 1092 1623 1129; x_wconf 83' lang='lat' dir='ltr'><em>simul</em></span> <span class='ocrx_word' id='word_1_407' title='bbox 1639 1092 1795 1129; x_wconf 80' lang='lat' dir='ltr'><em>inutiles</em></span> <span class='ocrx_word' id='word_1_408' title='bbox 1807 1093 1911 1145; x_wconf 81' lang='lat' dir='ltr'><em>facti</em></span> <span class='ocrx_word' id='word_1_409' title='bbox 1928 1102 2041 1137; x_wconf 77' lang='lat' dir='ltr'><em>sunt,-</em></span> <span class='ocrx_word' id='word_1_410' title='bbox 2069 1107 2146 1130; x_wconf 84' lang='lat' dir='ltr'>non</span> <span class='ocrx_word' id='word_1_411' title='bbox 2161 1103 2217 1132; x_wconf 80' lang='lat' dir='ltr'>est</span> 
     </span>
     <span class='ocr_line' id='line_1_61' title="bbox 1279 1153 2211 1204; baseline 0.003 -16"><span class='ocrx_word' id='word_1_412' title='bbox 1279 1154 1346 1203; x_wconf 86' lang='lat' dir='ltr'>qui</span> <span class='ocrx_word' id='word_1_413' title='bbox 1361 1153 1490 1202; x_wconf 79' lang='lat' dir='ltr'><em>saciat</em></span> <span class='ocrx_word' id='word_1_414' title='bbox 1512 1154 1667 1198; x_wconf 79' lang='lat' dir='ltr'><em>bonum,</em></span> <span class='ocrx_word' id='word_1_415' title='bbox 1694 1166 1772 1189; x_wconf 84' lang='lat' dir='ltr'>non</span> <span class='ocrx_word' id='word_1_416' title='bbox 1793 1161 1848 1190; x_wconf 80' lang='lat' dir='ltr'>est</span> <span class='ocrx_word' id='word_1_417' title='bbox 1867 1166 1986 1204; x_wconf 83' lang='lat' dir='ltr'><em>usque</em></span> <span class='ocrx_word' id='word_1_418' title='bbox 2006 1155 2060 1190; x_wconf 82' lang='lat' dir='ltr'><em>ad</em></span> <span class='ocrx_word' id='word_1_419' title='bbox 2078 1167 2211 1192; x_wconf 84' lang='lat' dir='ltr'><em>unum.</em></span> 
     </span>
     <span class='ocr_line' id='line_1_62' title="bbox 1279 1213 2217 1265; baseline 0.005 -17"><span class='ocrx_word' id='word_1_420' title='bbox 1279 1214 1342 1251; x_wconf 71' lang='lat'>15.</span> <span class='ocrx_word' id='word_1_421' title='bbox 1361 1213 1583 1264; x_wconf 79' lang='lat' dir='ltr'><em>Sepulcrum</em></span> <span class='ocrx_word' id='word_1_422' title='bbox 1601 1222 1739 1265; x_wconf 80' lang='lat' dir='ltr'><em>patens</em></span> <span class='ocrx_word' id='word_1_423' title='bbox 1761 1222 1816 1251; x_wconf 80' lang='lat' dir='ltr'>est</span> <span class='ocrx_word' id='word_1_424' title='bbox 1831 1223 1965 1265; x_wconf 83' lang='lat' dir='ltr'><em>guttur</em></span> <span class='ocrx_word' id='word_1_425' title='bbox 1979 1229 2128 1252; x_wconf 85' lang='lat' dir='ltr'><em>eorum:</em></span> <span class='ocrx_word' id='word_1_426' title='bbox 2142 1217 2217 1253; x_wconf 80' lang='lat' dir='ltr'><em>lin-</em></span> 
     </span>
     <span class='ocr_line' id='line_1_63' title="bbox 1278 1275 2218 1328; baseline 0.004 -18"><span class='ocrx_word' id='word_1_427' title='bbox 1278 1276 1362 1325; x_wconf 80' lang='lat' dir='ltr'><em>guis</em></span> <span class='ocrx_word' id='word_1_428' title='bbox 1381 1276 1460 1311; x_wconf 80' lang='lat' dir='ltr'><em>suis</em></span> <span class='ocrx_word' id='word_1_429' title='bbox 1477 1275 1609 1312; x_wconf 80' lang='lat' dir='ltr'><em>dolose</em></span> <span class='ocrx_word' id='word_1_430' title='bbox 1625 1284 1783 1325; x_wconf 81' lang='lat' dir='ltr'><em>egerunt</em></span> <span class='ocrx_word' id='word_1_431' title='bbox 1795 1291 1808 1311; x_wconf 91' lang='lat'>.·</span> <span class='ocrx_word' id='word_1_432' title='bbox 1823 1290 2017 1313; x_wconf 79' lang='lat' dir='ltr'><em>venenum</em></span> <span class='ocrx_word' id='word_1_433' title='bbox 2038 1278 2218 1328; x_wconf 83' lang='lat' dir='ltr'><em>aspidum</em></span> 
     </span>
     <span class='ocr_line' id='line_1_64' title="bbox 1279 1334 2216 1387; baseline 0.004 -17"><span class='ocrx_word' id='word_1_434' title='bbox 1279 1336 1346 1371; x_wconf 78' lang='lat' dir='ltr'><em>sub</em></span> <span class='ocrx_word' id='word_1_435' title='bbox 1371 1334 1488 1371; x_wconf 79' lang='lat' dir='ltr'><em>labiis</em></span> <span class='ocrx_word' id='word_1_436' title='bbox 1507 1348 1661 1372; x_wconf 85' lang='lat' dir='ltr'><em>eorum:</em></span> <span class='ocrx_word' id='word_1_437' title='bbox 1686 1335 1748 1371; x_wconf 69' lang='lat'>44.</span> <span class='ocrx_word' id='word_1_438' title='bbox 1783 1349 1945 1387; x_wconf 83' lang='lat' dir='ltr'><em>quorum</em></span> <span class='ocrx_word' id='word_1_439' title='bbox 1982 1350 2022 1374; x_wconf 84' lang='lat' dir='ltr'>os</span> <span class='ocrx_word' id='word_1_440' title='bbox 2049 1338 2216 1374; x_wconf 78' lang='lat' dir='ltr'><em>maledi—</em></span> 
     </span>
     <span class='ocr_line' id='line_1_65' title="bbox 1278 1397 2217 1448; baseline 0.006 -17"><span class='ocrx_word' id='word_1_441' title='bbox 1278 1398 1405 1432; x_wconf 81' lang='lat' dir='ltr'><em>ctione</em></span> <span class='ocrx_word' id='word_1_442' title='bbox 1417 1404 1454 1443; x_wconf 82' lang='lat' dir='ltr'>et</span> <span class='ocrx_word' id='word_1_443' title='bbox 1467 1397 1728 1433; x_wconf 77' lang='lat' dir='ltr'><em>amaritudine</em></span> <span class='ocrx_word' id='word_1_444' title='bbox 1737 1397 1895 1448; x_wconf 72' lang='lat' dir='ltr'><em>plenum</em></span> <span class='ocrx_word' id='word_1_445' title='bbox 1911 1407 1987 1435; x_wconf 83' lang='lat' dir='ltr'><em>est:</em></span> <span class='ocrx_word' id='word_1_446' title='bbox 2000 1399 2217 1437; x_wconf 61' lang='lat' dir='ltr'><em>t5meloces</em></span> 
     </span>
     <span class='ocr_line' id='line_1_66' title="bbox 1276 1457 2214 1510; baseline 0.004 -18"><span class='ocrx_word' id='word_1_447' title='bbox 1276 1457 1391 1507; x_wconf 81' lang='lat' dir='ltr'><em>pedes</em></span> <span class='ocrx_word' id='word_1_448' title='bbox 1416 1470 1547 1494; x_wconf 83' lang='lat' dir='ltr'><em>eorum</em></span> <span class='ocrx_word' id='word_1_449' title='bbox 1574 1458 1628 1494; x_wconf 82' lang='lat' dir='ltr'><em>ad</em></span> <span class='ocrx_word' id='word_1_450' title='bbox 1652 1458 1936 1508; x_wconf 78' lang='lat' dir='ltr'><em>efficndendum</em></span> <span class='ocrx_word' id='word_1_451' title='bbox 1956 1462 2181 1510; x_wconf 79' lang='lat' dir='ltr'><em>sanguinem</em></span> <span class='ocrx_word' id='word_1_452' title='bbox 2204 1476 2214 1495; x_wconf 91' lang='lat'><em>:</em></span> 
     </span>
     <span class='ocr_line' id='line_1_67' title="bbox 1281 1516 2217 1567; baseline 0.004 -17"><span class='ocrx_word' id='word_1_453' title='bbox 1281 1516 1342 1551; x_wconf 86' lang='grc'>16.</span> <span class='ocrx_word' id='word_1_454' title='bbox 1368 1517 1548 1551; x_wconf 78' lang='lat' dir='ltr'><em>contritio</em></span> <span class='ocrx_word' id='word_1_455' title='bbox 1579 1523 1614 1552; x_wconf 81' lang='lat' dir='ltr'>et</span> <span class='ocrx_word' id='word_1_456' title='bbox 1649 1516 1862 1567; x_wconf 62' lang='lat' dir='ltr'><em>iufelicitas</em></span> <span class='ocrx_word' id='word_1_457' title='bbox 1888 1519 1929 1553; x_wconf 83' lang='lat' dir='ltr'>in</span> <span class='ocrx_word' id='word_1_458' title='bbox 1964 1520 2042 1554; x_wconf 82' lang='lat' dir='ltr'><em>viis</em></span> <span class='ocrx_word' id='word_1_459' title='bbox 2060 1531 2217 1561; x_wconf 79' lang='lat' dir='ltr'><em>eorum,-</em></span> 
     </span>
     <span class='ocr_line' id='line_1_68' title="bbox 1280 1574 2215 1626; baseline 0.003 -18"><span class='ocrx_word' id='word_1_460' title='bbox 1280 1574 1340 1608; x_wconf 82' lang='grc'>17.</span> <span class='ocrx_word' id='word_1_461' title='bbox 1374 1581 1410 1609; x_wconf 78' lang='lat' dir='ltr'>et</span> <span class='ocrx_word' id='word_1_462' title='bbox 1452 1575 1561 1610; x_wconf 77' lang='lat' dir='ltr'><em>viam</em></span> <span class='ocrx_word' id='word_1_463' title='bbox 1596 1576 1704 1624; x_wconf 78' lang='lat' dir='ltr'><em>pacis</em></span> <span class='ocrx_word' id='word_1_464' title='bbox 1728 1588 1806 1611; x_wconf 85' lang='lat' dir='ltr'>non</span> <span class='ocrx_word' id='word_1_465' title='bbox 1833 1583 2117 1626; x_wconf 78' lang='lat' dir='ltr'><em>cognoverunt;</em></span> <span class='ocrx_word' id='word_1_466' title='bbox 2152 1574 2215 1613; x_wconf 71' lang='lat'>18.</span> 
     </span>
     <span class='ocr_line' id='line_1_69' title="bbox 1282 1632 2078 1671; baseline 0.004 -4"><span class='ocrx_word' id='word_1_467' title='bbox 1282 1643 1358 1667; x_wconf 84' lang='lat' dir='ltr'>non</span> <span class='ocrx_word' id='word_1_468' title='bbox 1375 1639 1429 1668; x_wconf 81' lang='lat' dir='ltr'>est</span> <span class='ocrx_word' id='word_1_469' title='bbox 1447 1633 1562 1668; x_wconf 85' lang='lat' dir='ltr'><em>timor</em></span> <span class='ocrx_word' id='word_1_470' title='bbox 1575 1632 1652 1668; x_wconf 84' lang='lat' dir='ltr'>Dei</span> <span class='ocrx_word' id='word_1_471' title='bbox 1670 1640 1762 1669; x_wconf 83' lang='lat' dir='ltr'><em>ante</em></span> <span class='ocrx_word' id='word_1_472' title='bbox 1781 1633 1911 1670; x_wconf 80' lang='lat' dir='ltr'><em>oculos</em></span> <span class='ocrx_word' id='word_1_473' title='bbox 1933 1646 2078 1671; x_wconf 85' lang='lat' dir='ltr'><em>eorum.</em></span> 
     </span>
    </p>
   </div>
   <div class='ocr_carea' id='block_1_21' title="bbox 1227 1752 2218 1926">
    <p class='ocr_par' dir='ltr' id='par_1_21' title="bbox 1227 1752 2218 1926">
     <span class='ocr_line' id='line_1_70' title="bbox 1283 1752 2217 1805; baseline 0.003 -15"><span class='ocrx_word' id='word_1_474' title='bbox 1283 1754 1316 1790; x_wconf 84' lang='grc'>1.</span> <span class='ocrx_word' id='word_1_475' title='bbox 1333 1752 1523 1790; x_wconf 76' lang='lat' dir='ltr'>Accusavit</span> <span class='ocrx_word' id='word_1_476' title='bbox 1543 1752 1712 1805; x_wconf 81' lang='lat' dir='ltr'><em>gentiles,</em></span> <span class='ocrx_word' id='word_1_477' title='bbox 1734 1753 1914 1792; x_wconf 81' lang='lat' dir='ltr'><em>accusavit</em></span> <span class='ocrx_word' id='word_1_478' title='bbox 1935 1752 2096 1803; x_wconf 76' lang='lat' dir='ltr'><em>Judae053</em></span> <span class='ocrx_word' id='word_1_479' title='bbox 2129 1768 2217 1793; x_wconf 83' lang='lat' dir='ltr'><em>con-</em></span> 
     </span>
     <span class='ocr_line' id='line_1_71' title="bbox 1227 1813 2214 1866; baseline 0 -13"><span class='ocrx_word' id='word_1_480' title='bbox 1227 1828 1375 1865; x_wconf 87' lang='lat' dir='ltr'><em>sequens</em></span> <span class='ocrx_word' id='word_1_481' title='bbox 1404 1823 1477 1852; x_wconf 86' lang='lat' dir='ltr'><em>erat</em></span> <span class='ocrx_word' id='word_1_482' title='bbox 1498 1823 1536 1851; x_wconf 88' lang='lat' dir='ltr'>ut</span> <span class='ocrx_word' id='word_1_483' title='bbox 1568 1814 1733 1866; x_wconf 77' lang='lat' dir='ltr'>deinceps</span> <span class='ocrx_word' id='word_1_484' title='bbox 1759 1815 1961 1864; x_wconf 86' lang='lat' dir='ltr'><em>loqueretur</em></span> <span class='ocrx_word' id='word_1_485' title='bbox 1985 1813 2029 1852; x_wconf 91' lang='lat' dir='ltr'>de</span> <span class='ocrx_word' id='word_1_486' title='bbox 2043 1815 2182 1866; x_wconf 84' lang='lat' dir='ltr'><em>justitia</em></span> <span class='ocrx_word' id='word_1_487' title='bbox 2203 1846 2214 1864; x_wconf 95' lang='lat'><em>,</em></span> 
     </span>
     <span class='ocr_line' id='line_1_72' title="bbox 1227 1875 2218 1926; baseline 0 -14"><span class='ocrx_word' id='word_1_488' title='bbox 1227 1890 1306 1925; x_wconf 87' lang='lat' dir='ltr'>quae</span> <span class='ocrx_word' id='word_1_489' title='bbox 1337 1884 1387 1912; x_wconf 84' lang='lat' dir='ltr'>est</span> <span class='ocrx_word' id='word_1_490' title='bbox 1417 1889 1480 1926; x_wconf 90' lang='lat' dir='ltr'>per</span> <span class='ocrx_word' id='word_1_491' title='bbox 1510 1875 1633 1912; x_wconf 88' lang='lat' dir='ltr'><em>fidem.</em></span> <span class='ocrx_word' id='word_1_492' title='bbox 1667 1877 1705 1913; x_wconf 91' lang='lat' dir='ltr'>Si</span> <span class='ocrx_word' id='word_1_493' title='bbox 1725 1875 1820 1912; x_wconf 87' lang='lat' dir='ltr'><em>enim</em></span> <span class='ocrx_word' id='word_1_494' title='bbox 1845 1875 1905 1912; x_wconf 75' lang='lat' dir='ltr'>lex</span> <span class='ocrx_word' id='word_1_495' title='bbox 1932 1875 2104 1913; x_wconf 83' lang='lat' dir='ltr'><em>naturalis</em></span> <span class='ocrx_word' id='word_1_496' title='bbox 2124 1875 2218 1912; x_wconf 91' lang='lat' dir='ltr'><em>nihil</em></span> 
     </span>
    </p>
   </div>
   <div class='ocr_carea' id='block_1_22' title="bbox 1180 1934 2219 1988">
    <p class='ocr_par' dir='ltr' id='par_1_22' title="bbox 1180 1934 2219 1988">
     <span class='ocr_line' id='line_1_73' title="bbox 1180 1934 2219 1988; baseline 0.001 -16"><span class='ocrx_word' id='word_1_497' title='bbox 1180 1952 1202 1981; x_wconf 72' lang='lat'>(3</span> <span class='ocrx_word' id='word_1_498' title='bbox 1224 1936 1342 1987; x_wconf 80' lang='lat' dir='ltr'><em>juvit,</em></span> <span class='ocrx_word' id='word_1_499' title='bbox 1376 1950 1440 1973; x_wconf 89' lang='lat' dir='ltr'>nec</span> <span class='ocrx_word' id='word_1_500' title='bbox 1459 1934 1546 1986; x_wconf 90' lang='lat' dir='ltr'><em>quid</em></span> <span class='ocrx_word' id='word_1_501' title='bbox 1583 1936 1739 1988; x_wconf 86' lang='lat' dir='ltr'><em>amplius</em></span> <span class='ocrx_word' id='word_1_502' title='bbox 1768 1936 1850 1973; x_wconf 89' lang='lat' dir='ltr'><em>feeit</em></span> <span class='ocrx_word' id='word_1_503' title='bbox 1880 1936 1939 1973; x_wconf 76' lang='lat' dir='ltr'>lex</span> <span class='ocrx_word' id='word_1_504' title='bbox 1969 1936 2122 1988; x_wconf 79' lang='lat' dir='ltr'><em>scripta3</em></span> <span class='ocrx_word' id='word_1_505' title='bbox 2157 1936 2219 1974; x_wconf 87' lang='lat' dir='ltr'>sed</span> 
     </span>
    </p>
   </div>
   <div class='ocr_carea' id='block_1_23' title="bbox 1227 1995 2224 3324">
    <p class='ocr_par' dir='ltr' id='par_1_23' title="bbox 1227 1995 2224 3324">
     <span class='ocr_line' id='line_1_74' title="bbox 1229 1995 2217 2047; baseline 0 -14"><span class='ocrx_word' id='word_1_506' title='bbox 1229 2005 1376 2046; x_wconf 78' lang='lat' dir='ltr'><em>utraque</em></span> <span class='ocrx_word' id='word_1_507' title='bbox 1394 1995 1459 2044; x_wconf 89' lang='lat' dir='ltr'><em>iis,</em></span> <span class='ocrx_word' id='word_1_508' title='bbox 1493 1995 1553 2045; x_wconf 86' lang='lat' dir='ltr'>qui</span> <span class='ocrx_word' id='word_1_509' title='bbox 1570 1995 1643 2033; x_wconf 91' lang='lat' dir='ltr'><em>illis</em></span> <span class='ocrx_word' id='word_1_510' title='bbox 1664 2010 1732 2033; x_wconf 92' lang='lat' dir='ltr'>non</span> <span class='ocrx_word' id='word_1_511' title='bbox 1763 2005 1801 2033; x_wconf 90' lang='lat' dir='ltr'><em>ut</em></span> <span class='ocrx_word' id='word_1_512' title='bbox 1829 2010 1894 2047; x_wconf 87' lang='lat' dir='ltr'>par</span> <span class='ocrx_word' id='word_1_513' title='bbox 1919 2005 1993 2033; x_wconf 87' lang='lat' dir='ltr'><em>erat</em></span> <span class='ocrx_word' id='word_1_514' title='bbox 2020 1997 2075 2033; x_wconf 88' lang='lat' dir='ltr'>usi</span> <span class='ocrx_word' id='word_1_515' title='bbox 2111 2006 2217 2045; x_wconf 91' lang='lat' dir='ltr'><em>sunt,</em></span> 
     </span>
     <span class='ocr_line' id='line_1_75' title="bbox 1229 2055 2215 2108; baseline 0 -14"><span class='ocrx_word' id='word_1_516' title='bbox 1229 2056 1323 2094; x_wconf 83' lang='lat' dir='ltr'><em>oneri</em></span> <span class='ocrx_word' id='word_1_517' title='bbox 1341 2056 1423 2104; x_wconf 88' lang='lat' dir='ltr'><em>fuit,</em></span> <span class='ocrx_word' id='word_1_518' title='bbox 1447 2065 1480 2093; x_wconf 87' lang='lat' dir='ltr'>et</span> <span class='ocrx_word' id='word_1_519' title='bbox 1500 2056 1626 2107; x_wconf 82' lang='lat' dir='ltr'><em>majori</em></span> <span class='ocrx_word' id='word_1_520' title='bbox 1646 2056 1774 2107; x_wconf 82' lang='lat' dir='ltr'><em>dignos</em></span> <span class='ocrx_word' id='word_1_521' title='bbox 1795 2056 1971 2108; x_wconf 87' lang='lat' dir='ltr'><em>supplicio</em></span> <span class='ocrx_word' id='word_1_522' title='bbox 1999 2055 2082 2094; x_wconf 89' lang='lat' dir='ltr'><em>illos</em></span> <span class='ocrx_word' id='word_1_523' title='bbox 2102 2066 2215 2094; x_wconf 90' lang='lat' dir='ltr'><em>osten-</em></span> 
     </span>
     <span class='ocr_line' id='line_1_76' title="bbox 1228 2117 2215 2170; baseline 0 -14"><span class='ocrx_word' id='word_1_524' title='bbox 1228 2119 1283 2156; x_wconf 88' lang='lat' dir='ltr'>dit</span> <span class='ocrx_word' id='word_1_525' title='bbox 1308 2134 1316 2154; x_wconf 88' lang='lat'><strong>:</strong></span> <span class='ocrx_word' id='word_1_526' title='bbox 1338 2117 1535 2155; x_wconf 81' lang='lat' dir='ltr'><em>necessa1ia</em></span> <span class='ocrx_word' id='word_1_527' title='bbox 1564 2117 1709 2155; x_wconf 90' lang='lat' dir='ltr'><em>demum</em></span> <span class='ocrx_word' id='word_1_528' title='bbox 1735 2127 1786 2155; x_wconf 86' lang='lat' dir='ltr'>est</span> <span class='ocrx_word' id='word_1_529' title='bbox 1814 2118 1908 2155; x_wconf 87' lang='lat' dir='ltr'><em>salus</em></span> <span class='ocrx_word' id='word_1_530' title='bbox 1939 2118 2016 2167; x_wconf 78' lang='lat' dir='ltr'><em>illa,</em></span> <span class='ocrx_word' id='word_1_531' title='bbox 2048 2132 2125 2168; x_wconf 85' lang='lat' dir='ltr'>quae</span> <span class='ocrx_word' id='word_1_532' title='bbox 2150 2133 2215 2170; x_wconf 90' lang='lat' dir='ltr'>per</span> 
     </span>
     <span class='ocr_line' id='line_1_77' title="bbox 1230 2178 2219 2231; baseline 0 -15"><span class='ocrx_word' id='word_1_533' title='bbox 1230 2179 1379 2231; x_wconf 82' lang='lat' dir='ltr'>gratiam</span> <span class='ocrx_word' id='word_1_534' title='bbox 1398 2180 1548 2231; x_wconf 89' lang='lat' dir='ltr'><em>paritur.</em></span> <span class='ocrx_word' id='word_1_535' title='bbox 1567 2179 1636 2216; x_wconf 88' lang='lat' dir='ltr'>Dic</span> <span class='ocrx_word' id='word_1_536' title='bbox 1655 2178 1765 2229; x_wconf 81' lang='lat' dir='ltr'><em>igitur</em></span> <span class='ocrx_word' id='word_1_537' title='bbox 1780 2179 1890 2227; x_wconf 80' lang='lat' dir='ltr'><em>illam,</em></span> <span class='ocrx_word' id='word_1_538' title='bbox 1908 2178 2031 2225; x_wconf 81' lang='lat' dir='ltr'><em>Paule,</em></span> <span class='ocrx_word' id='word_1_539' title='bbox 2054 2188 2087 2215; x_wconf 87' lang='lat' dir='ltr'>et</span> <span class='ocrx_word' id='word_1_540' title='bbox 2104 2188 2219 2216; x_wconf 79' lang='lat' dir='ltr'><em>osten-</em></span> 
     </span>
     <span class='ocr_line' id='line_1_78' title="bbox 1228 2237 2220 2290; baseline -0.001 -13"><span class='ocrx_word' id='word_1_541' title='bbox 1228 2240 1314 2277; x_wconf 83' lang='lat' dir='ltr'>dito.</span> <span class='ocrx_word' id='word_1_542' title='bbox 1336 2240 1406 2278; x_wconf 85' lang='lat' dir='ltr'>Sed</span> <span class='ocrx_word' id='word_1_543' title='bbox 1423 2239 1581 2277; x_wconf 86' lang='lat' dir='ltr'><em>nondum</em></span> <span class='ocrx_word' id='word_1_544' title='bbox 1599 2238 1706 2278; x_wconf 77' lang='lat' dir='ltr'><em>audet</em></span> <span class='ocrx_word' id='word_1_545' title='bbox 1721 2268 1733 2288; x_wconf 89' lang='grc'>,</span> <span class='ocrx_word' id='word_1_546' title='bbox 1757 2237 1968 2277; x_wconf 85' lang='lat' dir='ltr'><em>Judaeorum</em></span> <span class='ocrx_word' id='word_1_547' title='bbox 1985 2238 2220 2290; x_wconf 79' lang='lat' dir='ltr'>petulantiam</span> 
     </span>
     <span class='ocr_line' id='line_1_79' title="bbox 1229 2298 2221 2352; baseline 0 -15"><span class='ocrx_word' id='word_1_548' title='bbox 1229 2309 1429 2352; x_wconf 83' lang='lat' dir='ltr'><em>suspectam</em></span> <span class='ocrx_word' id='word_1_549' title='bbox 1468 2301 1602 2338; x_wconf 88' lang='lat' dir='ltr'><em>habens</em></span> <span class='ocrx_word' id='word_1_550' title='bbox 1618 2315 1630 2349; x_wconf 76' lang='lat'><em>3</em></span> <span class='ocrx_word' id='word_1_551' title='bbox 1667 2313 1789 2337; x_wconf 87' lang='lat' dir='ltr'><em>verum</em></span> <span class='ocrx_word' id='word_1_552' title='bbox 1819 2298 1864 2336; x_wconf 94' lang='lat' dir='ltr'>ad</span> <span class='ocrx_word' id='word_1_553' title='bbox 1896 2298 1978 2336; x_wconf 86' lang='lat' dir='ltr'><em>illos</em></span> <span class='ocrx_word' id='word_1_554' title='bbox 2006 2299 2221 2337; x_wconf 81' lang='lat' dir='ltr'><em>accusandos</em></span> 
     </span>
     <span class='ocr_line' id='line_1_80' title="bbox 1228 2358 2218 2411; baseline -0.001 -15"><span class='ocrx_word' id='word_1_555' title='bbox 1228 2374 1351 2397; x_wconf 89' lang='lat' dir='ltr'><em>rursus</em></span> <span class='ocrx_word' id='word_1_556' title='bbox 1382 2374 1579 2399; x_wconf 88' lang='lat' dir='ltr'><em>sermonem</em></span> <span class='ocrx_word' id='word_1_557' title='bbox 1611 2359 1811 2397; x_wconf 80' lang='lat' dir='ltr'><em>convertit:</em></span> <span class='ocrx_word' id='word_1_558' title='bbox 1831 2368 1863 2396; x_wconf 92' lang='lat' dir='ltr'>et</span> <span class='ocrx_word' id='word_1_559' title='bbox 1895 2358 2010 2411; x_wconf 85' lang='lat' dir='ltr'><em>primo</em></span> <span class='ocrx_word' id='word_1_560' title='bbox 2041 2358 2218 2397; x_wconf 85' lang='lat' dir='ltr'>Davidem</span> 
     </span>
     <span class='ocr_line' id='line_1_81' title="bbox 1227 2419 2221 2470; baseline -0.001 -12"><span class='ocrx_word' id='word_1_561' title='bbox 1227 2421 1304 2458; x_wconf 73' lang='lat' dir='ltr'><em>hate</em></span> <span class='ocrx_word' id='word_1_562' title='bbox 1333 2421 1455 2458; x_wconf 85' lang='lat' dir='ltr'><em>multis</em></span> <span class='ocrx_word' id='word_1_563' title='bbox 1483 2420 1662 2458; x_wconf 83' lang='lat' dir='ltr'><em>dicentem</em></span> <span class='ocrx_word' id='word_1_564' title='bbox 1692 2429 1931 2457; x_wconf 78' lang='lat' dir='ltr'><em>accusatorem</em></span> <span class='ocrx_word' id='word_1_565' title='bbox 1958 2419 2110 2468; x_wconf 82' lang='lat' dir='ltr'><em>inducit,</em></span> <span class='ocrx_word' id='word_1_566' title='bbox 2142 2434 2221 2470; x_wconf 80' lang='lat' dir='ltr'>quae</span> 
     </span>
     <span class='ocr_line' id='line_1_82' title="bbox 1228 2479 2220 2533; baseline -0.003 -14"><span class='ocrx_word' id='word_1_567' title='bbox 1228 2481 1347 2519; x_wconf 86' lang='lat' dir='ltr'><em>omnia</em></span> <span class='ocrx_word' id='word_1_568' title='bbox 1367 2481 1490 2533; x_wconf 84' lang='lat' dir='ltr'><em>paucis</em></span> <span class='ocrx_word' id='word_1_569' title='bbox 1509 2481 1627 2532; x_wconf 81' lang='lat' dir='ltr'><em>tetigit</em></span> <span class='ocrx_word' id='word_1_570' title='bbox 1647 2481 1769 2526; x_wconf 86' lang='lat' dir='ltr'><em>Isaias,</em></span> <span class='ocrx_word' id='word_1_571' title='bbox 1791 2480 1956 2518; x_wconf 88' lang='lat' dir='ltr'><em>validum</em></span> <span class='ocrx_word' id='word_1_572' title='bbox 1972 2479 2059 2531; x_wconf 87' lang='lat' dir='ltr'><em>ipsis</em></span> <span class='ocrx_word' id='word_1_573' title='bbox 2079 2480 2220 2517; x_wconf 82' lang='lat' dir='ltr'><em>frenum</em></span> 
     </span>
     <span class='ocr_line' id='line_1_83' title="bbox 1228 2542 2223 2595; baseline -0.001 -15"><span class='ocrx_word' id='word_1_574' title='bbox 1228 2558 1419 2595; x_wconf 69' lang='lat' dir='ltr'><em>apparens,</em></span> <span class='ocrx_word' id='word_1_575' title='bbox 1448 2552 1487 2580; x_wconf 86' lang='lat' dir='ltr'>ut</span> <span class='ocrx_word' id='word_1_576' title='bbox 1513 2557 1556 2580; x_wconf 88' lang='lat' dir='ltr'>ne</span> <span class='ocrx_word' id='word_1_577' title='bbox 1575 2543 1746 2590; x_wconf 84' lang='lat' dir='ltr'><em>resiliant,</em></span> <span class='ocrx_word' id='word_1_578' title='bbox 1776 2556 1863 2579; x_wconf 86' lang='lat' dir='ltr'><em>neve</em></span> <span class='ocrx_word' id='word_1_579' title='bbox 1889 2556 1909 2579; x_wconf 92' lang='lat' dir='ltr'><em>a</em></span> <span class='ocrx_word' id='word_1_580' title='bbox 1935 2542 2156 2579; x_wconf 84' lang='lat' dir='ltr'><em>sermonibus</em></span> <span class='ocrx_word' id='word_1_581' title='bbox 2177 2542 2223 2579; x_wconf 89' lang='lat' dir='ltr'>de</span> 
     </span>
     <span class='ocr_line' id='line_1_84' title="bbox 1228 2601 2221 2655; baseline -0.004 -13"><span class='ocrx_word' id='word_1_582' title='bbox 1228 2605 1301 2642; x_wconf 86' lang='lat' dir='ltr'>fide</span> <span class='ocrx_word' id='word_1_583' title='bbox 1334 2605 1481 2655; x_wconf 87' lang='lat' dir='ltr'><em>quidam</em></span> <span class='ocrx_word' id='word_1_584' title='bbox 1513 2603 1693 2641; x_wconf 81' lang='lat' dir='ltr'><em>auditores</em></span> <span class='ocrx_word' id='word_1_585' title='bbox 1725 2601 1932 2649; x_wconf 85' lang='lat' dir='ltr'><em>abscedant,</em></span> <span class='ocrx_word' id='word_1_586' title='bbox 1963 2603 2037 2652; x_wconf 89' lang='lat' dir='ltr'><em>jam</em></span> <span class='ocrx_word' id='word_1_587' title='bbox 2070 2602 2171 2653; x_wconf 89' lang='lat' dir='ltr'><em>prius</em></span> <span class='ocrx_word' id='word_1_588' title='bbox 2201 2617 2221 2639; x_wconf 83' lang='lat' dir='ltr'><em>a</em></span> 
     </span>
     <span class='ocr_line' id='line_1_85' title="bbox 1231 2662 2221 2717; baseline -0.003 -16"><span class='ocrx_word' id='word_1_589' title='bbox 1231 2665 1486 2717; x_wconf 81' lang='lat' dir='ltr'><em>prophetarum</em></span> <span class='ocrx_word' id='word_1_590' title='bbox 1518 2663 1802 2701; x_wconf 82' lang='lat' dir='ltr'><em>accusationibus</em></span> <span class='ocrx_word' id='word_1_591' title='bbox 1835 2662 2039 2714; x_wconf 75' lang='lat' dir='ltr'><em>praepediti.</em></span> <span class='ocrx_word' id='word_1_592' title='bbox 2076 2662 2221 2699; x_wconf 87' lang='lat' dir='ltr'><em>Etenim</em></span> 
     </span>
     <span class='ocr_line' id='line_1_86' title="bbox 1229 2722 2222 2775; baseline -0.005 -12"><span class='ocrx_word' id='word_1_593' title='bbox 1229 2726 1297 2763; x_wconf 88' lang='lat' dir='ltr'><em>tria</em></span> <span class='ocrx_word' id='word_1_594' title='bbox 1331 2739 1468 2763; x_wconf 87' lang='lat' dir='ltr'><em>summe</em></span> <span class='ocrx_word' id='word_1_595' title='bbox 1491 2724 1611 2775; x_wconf 81' lang='lat' dir='ltr'><em>gravia</em></span> <span class='ocrx_word' id='word_1_596' title='bbox 1636 2723 1733 2775; x_wconf 84' lang='lat' dir='ltr'><em>ponit</em></span> <span class='ocrx_word' id='word_1_597' title='bbox 1753 2722 1924 2774; x_wconf 83' lang='lat' dir='ltr'><em>propheta</em></span> <span class='ocrx_word' id='word_1_598' title='bbox 1945 2752 1953 2769; x_wconf 89' lang='lat'><em>,</em></span> <span class='ocrx_word' id='word_1_599' title='bbox 1983 2722 2080 2772; x_wconf 87' lang='lat' dir='ltr'><em>quod</em></span> <span class='ocrx_word' id='word_1_600' title='bbox 2102 2736 2222 2759; x_wconf 86' lang='lat' dir='ltr'><em>omncs</em></span> 
     </span>
     <span class='ocr_line' id='line_1_87' title="bbox 1230 2782 2221 2837; baseline -0.003 -14"><span class='ocrx_word' id='word_1_601' title='bbox 1230 2787 1322 2823; x_wconf 86' lang='lat' dir='ltr'><em>mala</em></span> <span class='ocrx_word' id='word_1_602' title='bbox 1345 2793 1585 2837; x_wconf 83' lang='lat' dir='ltr'><em>perpetrarent</em></span> <span class='ocrx_word' id='word_1_603' title='bbox 1613 2783 1746 2830; x_wconf 83' lang='lat' dir='ltr'><em>dicens,</em></span> <span class='ocrx_word' id='word_1_604' title='bbox 1769 2791 1802 2819; x_wconf 89' lang='lat' dir='ltr'>et</span> <span class='ocrx_word' id='word_1_605' title='bbox 1830 2782 1927 2832; x_wconf 85' lang='lat' dir='ltr'><em>quod</em></span> <span class='ocrx_word' id='word_1_606' title='bbox 1947 2796 2016 2819; x_wconf 88' lang='lat' dir='ltr'>non</span> <span class='ocrx_word' id='word_1_607' title='bbox 2044 2782 2221 2820; x_wconf 88' lang='lat' dir='ltr'><em>admisce—</em></span> 
     </span>
     <span class='ocr_line' id='line_1_88' title="bbox 1232 2844 2220 2895; baseline -0.004 -10"><span class='ocrx_word' id='word_1_608' title='bbox 1232 2858 1307 2885; x_wconf 84' lang='lat' dir='ltr'><em>rent</em></span> <span class='ocrx_word' id='word_1_609' title='bbox 1323 2848 1415 2884; x_wconf 86' lang='lat' dir='ltr'><em>bona</em></span> <span class='ocrx_word' id='word_1_610' title='bbox 1436 2846 1554 2894; x_wconf 81' lang='lat' dir='ltr'><em>malis,</em></span> <span class='ocrx_word' id='word_1_611' title='bbox 1574 2845 1636 2883; x_wconf 86' lang='lat' dir='ltr'>sed</span> <span class='ocrx_word' id='word_1_612' title='bbox 1655 2845 1850 2895; x_wconf 85' lang='lat' dir='ltr'><em>nequitiam</em></span> <span class='ocrx_word' id='word_1_613' title='bbox 1870 2844 1985 2882; x_wconf 87' lang='lat' dir='ltr'><em>solum</em></span> <span class='ocrx_word' id='word_1_614' title='bbox 2004 2853 2220 2894; x_wconf 83' lang='lat' dir='ltr'><em>exercerent,</em></span> 
     </span>
     <span class='ocr_line' id='line_1_89' title="bbox 1232 2904 2222 2960; baseline -0.004 -15"><span class='ocrx_word' id='word_1_615' title='bbox 1232 2908 1399 2960; x_wconf 81' lang='lat' dir='ltr'><em>quodque</em></span> <span class='ocrx_word' id='word_1_616' title='bbox 1419 2907 1518 2944; x_wconf 88' lang='lat' dir='ltr'><em>illam</em></span> <span class='ocrx_word' id='word_1_617' title='bbox 1538 2920 1618 2943; x_wconf 87' lang='lat' dir='ltr'>eum</span> <span class='ocrx_word' id='word_1_618' title='bbox 1639 2904 1764 2957; x_wconf 86' lang='lat' dir='ltr'><em>grandi</em></span> <span class='ocrx_word' id='word_1_619' title='bbox 1787 2914 1924 2943; x_wconf 79' lang='lat' dir='ltr'><em>conam.</em></span> <span class='ocrx_word' id='word_1_620' title='bbox 1946 2904 2084 2942; x_wconf 87' lang='lat' dir='ltr'><em>Deinde</em></span> <span class='ocrx_word' id='word_1_621' title='bbox 2103 2918 2146 2942; x_wconf 88' lang='lat' dir='ltr'>ne</span> <span class='ocrx_word' id='word_1_622' title='bbox 2164 2904 2222 2941; x_wconf 89' lang='lat' dir='ltr'>di-</span> 
     </span>
     <span class='ocr_line' id='line_1_90' title="bbox 1233 2964 2222 3017; baseline -0.006 -10"><span class='ocrx_word' id='word_1_623' title='bbox 1233 2977 1349 3007; x_wconf 88' lang='lat' dir='ltr'><em>cerent</em></span> <span class='ocrx_word' id='word_1_624' title='bbox 1368 2984 1374 3004; x_wconf 92' lang='lat'>:</span> <span class='ocrx_word' id='word_1_625' title='bbox 1394 2966 1491 3013; x_wconf 88' lang='lat' dir='ltr'><em>Quid</em></span> <span class='ocrx_word' id='word_1_626' title='bbox 1527 2980 1610 3017; x_wconf 81' lang='lat' dir='ltr'><em>ergo</em></span> <span class='ocrx_word' id='word_1_627' title='bbox 1642 2965 1671 3002; x_wconf 90' lang='lat' dir='ltr'>si</span> <span class='ocrx_word' id='word_1_628' title='bbox 1704 2965 1875 3003; x_wconf 70' lang='lat' dir='ltr'><em>adversus</em></span> <span class='ocrx_word' id='word_1_629' title='bbox 1907 2964 1993 3002; x_wconf 89' lang='lat' dir='ltr'><em>alios</em></span> <span class='ocrx_word' id='word_1_630' title='bbox 2023 2965 2098 3002; x_wconf 85' lang='lat' dir='ltr'>haee</span> <span class='ocrx_word' id='word_1_631' title='bbox 2125 2965 2222 3002; x_wconf 89' lang='lat' dir='ltr'><em>dicta</em></span> 
     </span>
     <span class='ocr_line' id='line_1_91' title="bbox 1234 3026 2222 3079; baseline -0.006 -11"><span class='ocrx_word' id='word_1_632' title='bbox 1234 3030 1346 3068; x_wconf 71' lang='lat' dir='ltr'><em>sunt?</em></span> <span class='ocrx_word' id='word_1_633' title='bbox 1376 3027 1564 3079; x_wconf 78' lang='lat' dir='ltr'><em>subjunxit</em></span> <span class='ocrx_word' id='word_1_634' title='bbox 1583 3043 1589 3062; x_wconf 92' lang='lat'>:</span> <span class='ocrx_word' id='word_1_635' title='bbox 1609 3027 1668 3064; x_wconf 77' lang='lat'>19.</span> <span class='ocrx_word' id='word_1_636' title='bbox 1684 3027 1830 3064; x_wconf 82' lang='lat' dir='ltr'><em>Scimus</em></span> <span class='ocrx_word' id='word_1_637' title='bbox 1851 3034 1979 3063; x_wconf 72' lang='lat' dir='ltr'><em>alitem</em></span> <span class='ocrx_word' id='word_1_638' title='bbox 1998 3026 2102 3077; x_wconf 79' lang='lat' dir='ltr'><em>quod</em></span> <span class='ocrx_word' id='word_1_639' title='bbox 2119 3039 2222 3077; x_wconf 61' lang='grc' dir='ltr'>(μισε-</span> 
     </span>
     <span class='ocr_line' id='line_1_92' title="bbox 1235 3088 2219 3144; baseline -0.007 -14"><span class='ocrx_word' id='word_1_640' title='bbox 1235 3105 1398 3144; x_wconf 81' lang='lat' dir='ltr'><em>cumque</em></span> <span class='ocrx_word' id='word_1_641' title='bbox 1419 3091 1481 3127; x_wconf 67' lang='lat' dir='ltr'>lex</span> <span class='ocrx_word' id='word_1_642' title='bbox 1501 3091 1682 3140; x_wconf 76' lang='lat' dir='ltr'><em>loquitur,</em></span> <span class='ocrx_word' id='word_1_643' title='bbox 1705 3090 1751 3125; x_wconf 80' lang='lat' dir='ltr'>iis</span> <span class='ocrx_word' id='word_1_644' title='bbox 1768 3090 1834 3139; x_wconf 86' lang='lat' dir='ltr'>qui</span> <span class='ocrx_word' id='word_1_645' title='bbox 1852 3089 1893 3124; x_wconf 88' lang='lat' dir='ltr'>in</span> <span class='ocrx_word' id='word_1_646' title='bbox 1909 3088 1989 3138; x_wconf 79' lang='lat' dir='ltr'><em>lege</em></span> <span class='ocrx_word' id='word_1_647' title='bbox 2003 3095 2093 3124; x_wconf 84' lang='lat' dir='ltr'><em>sunt</em></span> <span class='ocrx_word' id='word_1_648' title='bbox 2111 3088 2219 3124; x_wconf 82' lang='lat' dir='ltr'><em>dicit.</em></span> 
     </span>
     <span class='ocr_line' id='line_1_93' title="bbox 1235 3147 2223 3203; baseline -0.005 -13"><span class='ocrx_word' id='word_1_649' title='bbox 1235 3153 1374 3191; x_wconf 81' lang='lat' dir='ltr'><em>Idcirco</em></span> <span class='ocrx_word' id='word_1_650' title='bbox 1392 3160 1472 3203; x_wconf 83' lang='lat' dir='ltr'><em>post</em></span> <span class='ocrx_word' id='word_1_651' title='bbox 1490 3150 1631 3197; x_wconf 82' lang='lat' dir='ltr'><em>Isaiain,</em></span> <span class='ocrx_word' id='word_1_652' title='bbox 1653 3148 1725 3198; x_wconf 86' lang='lat' dir='ltr'><em>qui,</em></span> <span class='ocrx_word' id='word_1_653' title='bbox 1744 3157 1782 3185; x_wconf 85' lang='lat' dir='ltr'>ut</span> <span class='ocrx_word' id='word_1_654' title='bbox 1802 3147 1837 3184; x_wconf 91' lang='lat' dir='ltr'>in</span> <span class='ocrx_word' id='word_1_655' title='bbox 1858 3147 2013 3185; x_wconf 87' lang='lat' dir='ltr'><em>confesso</em></span> <span class='ocrx_word' id='word_1_656' title='bbox 2033 3156 2120 3196; x_wconf 87' lang='lat' dir='ltr'><em>erat,</em></span> <span class='ocrx_word' id='word_1_657' title='bbox 2143 3147 2223 3185; x_wconf 85' lang='lat' dir='ltr'><em>illos</em></span> 
     </span>
     <span class='ocr_line' id='line_1_94' title="bbox 1236 3207 2224 3265; baseline -0.004 -15"><span class='ocrx_word' id='word_1_658' title='bbox 1236 3212 1459 3265; x_wconf 77' lang='lat' dir='ltr'><em>respiciebat,</em></span> <span class='ocrx_word' id='word_1_659' title='bbox 1495 3208 1673 3247; x_wconf 75' lang='lat' dir='ltr'><em>Davidem</em></span> <span class='ocrx_word' id='word_1_660' title='bbox 1693 3207 1847 3256; x_wconf 77' lang='lat' dir='ltr'><em>induxit,</em></span> <span class='ocrx_word' id='word_1_661' title='bbox 1872 3217 1911 3245; x_wconf 89' lang='lat' dir='ltr'>ut</span> <span class='ocrx_word' id='word_1_662' title='bbox 1930 3208 2129 3245; x_wconf 85' lang='lat' dir='ltr'><em>ostenderet</em></span> <span class='ocrx_word' id='word_1_663' title='bbox 2147 3208 2224 3246; x_wconf 82' lang='lat' dir='ltr'>haec</span> 
     </span>
     <span class='ocr_line' id='line_1_95' title="bbox 1236 3268 2224 3324; baseline -0.005 -14"><span class='ocrx_word' id='word_1_664' title='bbox 1236 3287 1377 3324; x_wconf 84' lang='lat' dir='ltr'><em>quoque</em></span> <span class='ocrx_word' id='word_1_665' title='bbox 1396 3271 1467 3308; x_wconf 88' lang='lat' dir='ltr'><em>illis</em></span> <span class='ocrx_word' id='word_1_666' title='bbox 1485 3269 1622 3307; x_wconf 89' lang='lat' dir='ltr'><em>annecti</em></span> <span class='ocrx_word' id='word_1_667' title='bbox 1642 3268 1779 3307; x_wconf 88' lang='lat' dir='ltr'><em>debere.</em></span> <span class='ocrx_word' id='word_1_668' title='bbox 1802 3268 1890 3315; x_wconf 86' lang='lat' dir='ltr'><em>Quae</em></span> <span class='ocrx_word' id='word_1_669' title='bbox 1911 3269 2004 3306; x_wconf 87' lang='lat' dir='ltr'><em>enim</em></span> <span class='ocrx_word' id='word_1_670' title='bbox 2021 3268 2224 3315; x_wconf 76' lang='lat' dir='ltr'><em>necessitas,</em></span> 
     </span>
    </p>
   </div>
   <div class='ocr_carea' id='block_1_24' title="bbox 1261 3392 1526 3433">
    <p class='ocr_par' dir='ltr' id='par_1_24' title="bbox 1261 3392 1526 3433">
     <span class='ocr_line' id='line_1_96' title="bbox 1261 3392 1526 3433; baseline 0.004 -11"><span class='ocrx_word' id='word_1_671' title='bbox 1261 3395 1275 3417; x_wconf 80' lang='lat'>1¹</span> <span class='ocrx_word' id='word_1_672' title='bbox 1302 3393 1359 3433; x_wconf 73' lang='lat' dir='ltr'>[A.</span> <span class='ocrx_word' id='word_1_673' title='bbox 1381 3392 1526 3432; x_wconf 63' lang='grc' dir='ltr'>ἀναμίξ]</span> 
     </span>
    </p>
   </div>
  </div>
 </body>
</html>
