2466 3805
614 389 723 519 P
757 385 1076 526 RAE
1110 384 1693 523 FATIO

943 663 1028 710 AD
1061 663 1358 711 HOMILIAS

463 855 575 929 IN
631 850 919 927 ACTA
978 851 1828 934 APOSTOLORUM.

163 1270 204 1310 In
216 1270 357 1310 nullum
371 1268 563 1308 incidimus
580 1269 618 1308 S.
635 1267 783 1309 „Ioannis
803 1267 1052 1321 Chrysostomi
1071 1281 1174 1321 opus,
1189 1282 1210 1306 a
1230 1275 1396 1308 consueto
1415 1275 1449 1306 et
1464 1267 1616 1322 eleganti
1634 1270 1723 1308 tanti
1743 1270 1891 1310 artificis
1907 1272 2001 1325 stylo
2029 1273 2076 1312 ita
2097 1275 2187 1314 alie-

111 1347 210 1385 num,
226 1343 266 1373 ut
284 1342 366 1373 sunt
385 1333 550 1373 Homiliae
564 1332 601 1371 in
621 1334 721 1372 Acta.
741 1331 920 1371 Hactenus
936 1331 1107 1371 orationis
1132 1330 1308 1384 poliendae
1323 1340 1358 1371 et
1373 1331 1542 1372 ornandae
1562 1341 1724 1373 autorem
1744 1335 2065 1388 locupletissimum
2089 1337 2187 1377 vidi-

111 1411 189 1436 mus
196 1412 207 1446 ;
226 1396 287 1435 hic
305 1405 480 1435 oratorem
500 1394 738 1448 conspicimus
753 1394 966 1447 plerumque
982 1394 1173 1445 humilem,
1191 1394 1371 1447 jejunum,
1388 1394 1612 1445 intricatum3
1633 1395 1747 1435 sicubi
1767 1406 1886 1436 autem
1908 1397 2100 1450 pristinum
2118 1400 2190 1438 elo-

111 1459 262 1510 quentiae
293 1458 446 1511 gradum
465 1465 635 1508 1115οω31,
667 1455 818 1496 subinde
836 1455 961 1495 recidit
990 1455 1028 1494 in
1056 1455 1236 1507 abjectum
1263 1464 1297 1494 et
1332 1455 1526 1508 strigosum
1549 1455 1694 1496 dicendi
1729 1457 1888 1497 modum.
1915 1459 2008 1498 Hinc
2045 1460 2191 1499 suborta

110 1519 284 1558 dissensio
299 1519 368 1558 fuit
389 1519 480 1558 inter
498 1519 652 1568 criticos,
666 1517 748 1557 aliis
764 1517 933 1556 homilias
953 1517 1059 1556 hasce
1071 1517 1326 1570 Chrysostomo
1340 1518 1398 1557 vel
1416 1517 1707 1570 abjudicantibus
1722 1520 1780 1559 vel
1799 1529 1839 1558 ut
1857 1530 2039 1574 suspectas
2056 1521 2191 1560 hahen-

112 1583 225 1634 tibus;
241 1583 323 1622 aliis
337 1583 418 1622 illas
431 1592 470 1621 ut
489 1583 633 1623 omnino
654 1583 829 1634 elegantes
851 1581 1146 1630 defendentibus;
1166 1581 1259 1631 aliis,
1280 1581 1412 1633 quibus
1430 1596 1495 1620 nos
1514 1581 1792 1635 adstipulamur,
1811 1584 2022 1637 plerumque
2039 1584 2191 1623 incultas

111 1646 204 1696 illas,
226 1645 287 1684 sed
305 1646 449 1698 γνησίας
465 1655 500 1684 et
519 1660 601 1686 vere
615 1644 864 1698 Chrysostomi
882 1658 956 1683 esse
971 1643 1227 1697 pugnantibus.
1252 1645 1302 1682 Ut
1319 1653 1439 1682 autem
1459 1644 1583 1683 ordine
1616 1645 1785 1697 quopiam
1814 1645 2042 1698 procedatur,
2074 1646 2192 1699 primo

111 1709 294 1749 variorum
308 1708 488 1747 sententiae
500 1709 707 1757 referentur,
721 1707 807 1746 hinc
820 1716 982 1748 veterum
1000 1706 1216 1758 testimonia,
1246 1706 1375 1746 deinde
1394 1707 1484 1759 quid
1501 1721 1616 1746 causae
1634 1708 1741 1746 fuerit
1756 1708 1987 1761 indagabitur
1999 1722 2061 1748 0111·
2076 1709 2194 1763 Chry-

111 1780 288 1810 sostomus
310 1771 433 1810 hiulca
448 1770 659 1824 hujusmodi
680 1779 713 1809 et
732 1771 868 1810 inculta
886 1770 1078 1810 invexerit.
1100 1769 1312 1821 Ibidemque
1325 1779 1501 1809 asseretur
1512 1771 1698 1823 γνησιότης
1725 1771 1842 1824 operis
1864 1780 1938 1809 tam
1957 1785 2003 1811 ex
2030 1780 2193 1811 veterum

110 1834 334 1885 testimoniis,
357 1848 467 1885 quam
484 1834 600 1884 exiis,
616 1847 694 1885 quae
716 1834 790 1886 ipse
808 1833 1085 1886 Chrysostomus
1104 1846 1186 1870 cum
1203 1832 1307 1871 solita
1327 1832 1527 1884 eloquentia
1554 1833 1689 1884 passim
1710 1832 1902 1884 interserit,
1921 1833 2078 1872 maxime
2109 1848 2192 1872 cum

109 1896 153 1935 de
169 1897 328 1935 moribus
347 1896 580 1935 informandis
597 1897 728 1948 agitur.
746 1898 903 1935 Demum
915 1895 960 1934 de
976 1910 1067 1935 anno
1080 1895 1275 1934 disseretur
1290 1910 1362 1947 quo
1383 1895 1440 1934 hae
1458 1895 1618 1934 homiliae
1639 1895 1743 1935 dictae
1773 1896 1882 1947 fuere,
1901 1896 2079 1948 adjunctis
2112 1897 2191 1948 qui-

110 1960 263 1999 busdam
275 1958 322 1998 ad
334 1973 410 2000 rem
429 1959 590 1998 eamdem
605 1959 877 2011 pertinentibus.

470 2107 741 2147 Recentiorum
759 2109 990 2159 scriptorum
1009 2109 1140 2159 opinio
1159 2109 1275 2153 circa,
1285 2107 1402 2146 hasce
1415 2108 1457 2144 in
1476 2105 1586 2145 Acta
1608 2106 1818 2145 Homilias.

160 2230 273 2268 Nemo
303 2238 397 2268 certe
420 2230 614 2268 tractandis
633 2230 883 2283 Chrysostomi
898 2230 1042 2283 scriptis
1055 2239 1217 2270 assuetus
1236 2244 1305 2270 non
1329 2232 1507 2281 fateatur,
1528 2230 1589 2269 hic
1607 2230 1865 2283 Chiystomum
1880 2230 1994 2269 multa
2013 2231 2193 2269 effundere

106 2293 180 2330 sine
198 2292 351 2343 delectu,
370 2306 480 2344 eaque
495 2292 644 2343 inculta,
664 2306 706 2331 ac
724 2292 936 2345 plerumque
956 2293 1143 2346 perplexa,
1163 2293 1236 2331 imo
1250 2305 1506 2343 nonnunquam
1525 2292 1643 2330 lacera
1662 2301 1696 2330 et
1713 2291 1847 2342 hiulca,
1871 2291 2027 2331 maxime
2040 2307 2126 2331 vero
2155 2292 2191 2330 in

105 2353 316 2391 concionum
335 2353 525 2406 principio,
550 2362 583 2392 et
604 2367 688 2392 cum
706 2354 832 2392 allatos
853 2354 1049 2407 Scripturae
1068 2353 1266 2394 versiculos
1281 2352 1452 2405 explicat,
1478 2351 1588 2403 idque
1607 2361 1661 2390 sat
1686 2353 1808 2405 jejune
1825 2362 1860 2391 et
1884 2352 2026 2391 exiliter
2045 2369 2053 2390 ε
2080 2361 2114 2391 et
2129 2354 2192 2391 ubi

101 2417 177 2467 jam
205 2416 382 2469 explicata
408 2416 571 2466 resumit,
590 2416 659 2454 1100
683 2417 741 2456 vel
759 2416 869 2455 simili
886 2417 1070 2469 praemisso
1091 2416 1202 2462 dicto,
1219 2416 1298 2455 ἀλλ’
1318 2416 1448 2466 ἴδωμεν
1468 2415 1599 2454 ἄνωθεν
1622 2415 1666 2454 τὰ
1700 2415 1881 2468 εἰρημένα,
1906 2417 1976 2454 sed
1992 2419 2191 2468 superiora

104 2487 320 2530 repetamus
339 2494 350 2514 .-
369 2478 469 2530 quod
495 2478 542 2517 ad
559 2493 728 2518 nauseam
747 2493 859 2531 usque
894 2479 1034 2532 repetit.
1056 2479 1128 2518 Has
1155 2479 1323 2518 homilias
1339 2492 1421 2516 cum
1441 2477 1566 2517 Latine
1585 2486 1790 2516 convertere
1815 2477 1976 2530 coepisset
2005 2477 2189 2526 Erasmus,

104 2551 202 2580 tanto
213 2543 361 2581 affectus
375 2541 482 2581 taedio
501 2542 582 2593 fuit,
596 2551 636 2581 ut
648 2543 686 2581 in
705 2543 854 2596 epistola
867 2542 1022 2594 quadam
1037 2542 1084 2581 ad
1104 2542 1335 2581 Tonstallum
1350 2541 1508 2592 Anglum
1524 2540 1600 2578 haec
1620 2539 1790 2580 scriberet
1805 2556 1812 2577 :
1830 2542 1894 2578 Ex
1911 2541 2190 2590 Chrysostomo

104 2607 146 2642 in
161 2604 270 2643 Acta
285 2613 481 2644 verteram
495 2606 677 2644 homilias
697 2608 788 2644 treis
807 2621 817 2642 .·
836 2607 949 2659 cujas
974 2618 1097 2658 operte
1117 2619 1177 2644 me
1195 2607 1387 2657 poenitaic,
1405 2617 1494 2642 cum
1512 2604 1576 2641 hic
1596 2603 1698 2640 nihil
1718 2603 1895 2641 viderem
1905 2604 2187 2652 Chrysostomi.

109 2669 189 2704 Tuo
212 2675 346 2705 tamen
364 2669 522 2707 hortatu
536 2671 661 2720 recepi
676 2669 846 2708 codicem
865 2672 908 2707 in
921 2683 1107 2707 manum.-
1132 2669 1200 2707 sed
1228 2668 1329 2706 nihil
1349 2680 1522 2719 unquam
1542 2666 1616 2718 legi
1635 2666 1840 2704 indoctius.
1861 2666 2006 2704 Ebrius
2020 2679 2067 2704 ac
2095 2674 2189 2704 ster-

104 2738 187 2768 tens
205 2731 409 2768 scriberem
426 2730 600 2769 meliora.
618 2732 747 2769 Habet
756 2732 926 2784 frigidos
938 2732 1165 2778 sensicalos,
1183 2744 1252 2769 nec
1268 2743 1332 2768 eos
1340 2731 1436 2768 satis
1451 2729 1650 2767 commode
1662 2735 1789 2779 potest
1814 2727 2023 2779 explicare.
2041 2727 2082 2765 In
2097 2742 2187 2780 prae-

103 2788 233 2827 satione
247 2798 366 2828 autem
381 2791 665 2844 interpretationi
683 2805 754 2830 suae
768 2792 906 2831 Latinae
922 2792 1086 2845 praefixa,
1100 2793 1145 2829 de
1164 2800 1308 2829 auctore
1320 2789 1557 2829 subdubitare
1567 2803 1603 2827 se
1618 2788 1729 2836 dixit,
1752 2789 1865 2839 Quod
1880 2788 2010 2837 stylus
2031 2790 2188 2826 haberet

104 2854 297 2890 concisum
316 2854 501 2905 quiddam
519 2862 556 2892 et
570 2856 778 2906 abruptam
788 2871 803 2900 ,-
824 2856 866 2892 id
884 2856 989 2907 quod
1001 2869 1026 2893 a
1041 2855 1178 2907 phrasi
1199 2854 1473 2905 Chrysostomi
1488 2852 1649 2890 videtur
1666 2851 1852 2890 alienam.
1873 2850 1913 2889 Si
1932 2849 2037 2889 docti
2054 2859 2185 2888 tamen

105 2917 309 2954 censebunt
325 2929 418 2967 opus
436 2917 714 2966 chrysostomo
733 2918 907 2970 dignam,
927 2918 1094 2956 libenter
1109 2919 1182 2956 hoc
1196 2916 1388 2970 quidquid
1405 2924 1461 2954 est
1480 2917 1710 2967 suspicionis
1721 2927 1878 2966 ponam.
1894 2912 1981 2950 Haec
1998 2913 2184 2964 Erasmus;

107 2976 169 3026 qui
188 2990 268 3016 cum
281 2978 389 3016 semel
402 2978 583 3018 incidisset
593 2979 630 3018 in
642 2980 719 3031 illa,
742 2995 819 3031 quae
833 2994 896 3019 nos
912 2980 983 3034 ipsi
998 2980 1135 3019 inculta
1146 2989 1180 3019 et
1195 2979 1376 3018 salebrosa
1395 2992 1470 3017 esse
1482 2978 1649 3028 fatemur,
1671 2990 1741 3014 non
1754 2975 1951 3015 advertisse
1961 2973 2107 3013 videtur
2118 2975 2189 3013 alia

107 3037 374 3078 hisintermixta
384 3054 469 3090 esse,
488 3055 565 3092 quae
581 3041 881 3094 Chrysostomum
899 3056 983 3082 vere
996 3042 1137 3095 sapiant
1155 3051 1188 3080 et
1207 3050 1304 3080 tanto
1322 3040 1469 3079 doctore
1486 3038 1595 3091 digna
1615 3038 1695 3076 sint.
1708 3037 1802 3075 Huic
1818 3035 2007 3089 subjunxit
2028 3036 2187 3076 Savilius

107 3100 281 3139 Jacobum
293 3102 455 3154 Billium,
468 3103 532 3154 qui
546 3103 696 3143 Erasmo
712 3119 851 3158 semper
862 3105 1034 3158 infensus,
1050 3105 1151 3156 dicit,
1166 3105 1235 3143 hoc
1250 3105 1288 3142 in
1304 3106 1394 3142 Acta
1405 3102 1659 3155 Apostolorum
1676 3100 1770 3139 libro
1791 3099 1881 3138 nihil
1901 3098 1991 3150 fingi
2005 3112 2106 3151 posse
2117 3099 2186 3137 ele-

107 3162 259 3213 gantius,
278 3164 440 3216 nihilque
459 3165 716 3219 Chrysostomo
729 3167 893 3220 dignius;
915 3168 976 3207 sed
990 3169 1076 3207 huic
1092 3168 1239 3221 opponit
1259 3166 1477 3206 Flaminium
1509 3164 1711 3213 Nobilium,
1728 3163 1790 3213 qui
1810 3175 1878 3200 non
1893 3170 1998 3213 negat
2013 3161 2080 3199 hoc
2096 3176 2186 3214 opus

107 3224 354 3277 Chrysostomi
368 3241 453 3278 esse,
467 3228 529 3268 sed
550 3229 600 3267 ait
616 3239 746 3269 scatere
764 3231 917 3283 mendis,
939 3241 972 3270 et
994 3231 1112 3272 videri
1125 3245 1170 3270 ex
1189 3230 1343 3270 diversis
1356 3228 1589 3268 librariorum
1616 3226 1758 3278 scriptis
1790 3224 2085 3263 consarcinatum.
2107 3226 2183 3262 De-

108 3299 274 3337 mumque
292 3303 393 3328 suam
411 3290 569 3330 Savilius
585 3292 687 3331 affert
707 3292 921 3346 opinionem,
938 3294 1057 3346 aitque
1076 3308 1166 3347 opus
1192 3293 1338 3345 quidem
1367 3291 1586 3330 salebrosum
1612 3297 1646 3327 et
1666 3287 1878 3340 perplexum
1899 3299 1986 3337 esse,
2011 3299 2052 3324 ac
2074 3287 2185 3324 multa

108 3346 236 3388 hahere
254 3352 487 3403 ὑποσόλοικα;
504 3353 565 3393 sed
584 3355 746 3407 quaedam
761 3357 895 3408 passim
913 3357 991 3396 auri
1006 3365 1177 3408 ramenta,
1192 3369 1269 3408 quae
1289 3353 1427 3394 nonnisi
1447 3353 1492 3391 ab
1509 3365 1615 3390 aurea
1629 3350 1690 3390 illa
1709 3363 1798 3388 vena
1818 3362 1962 3388 manare
1976 3356 2188 3399 potuerunt;
