2466 3805
835 250 1012 281 JOANMS
1048 248 1285 278 CHRYSOST.

324 246 406 274 100
760 251 797 280 S.

312 329 453 379 quidem
482 344 526 368 ex
547 333 709 370 satanicis
736 335 917 371 cantilenis
937 334 1055 382 aliqua
1084 340 1286 379 mutuatus,

310 401 388 436 quse
428 390 543 440 potuit
574 393 739 429 memoria
770 393 930 441 retinere,
960 392 1160 441 frequenter
1187 391 1285 429 domi
1309 397 1331 428 C

309 459 443 499 cantat3
464 452 578 489 senior
595 462 726 501 autem,
743 462 864 504 utpote
879 452 1035 504 gravior,
1052 451 1120 490 hoc
1137 452 1285 503 quidem

308 522 375 546 non
406 511 502 557 facit,
521 512 583 549 sed
612 513 726 549 omnia
755 526 833 562 quae
861 513 912 550 ibi
943 512 1036 550 dicta
1065 521 1149 550 sunt
1178 514 1284 551 verba

305 579 485 606 memorat.
509 570 593 607 Inde
606 572 696 608 nihil
712 572 880 610 habentes
898 572 1099 610 absceditis.
1123 573 1170 611 Et
1191 587 1281 624 quo-

304 628 407 666 modo
426 643 494 666 non
506 630 551 667 sit
563 631 655 668 illud
671 632 822 683 dignum
839 633 1002 685 pudore?
1013 634 1144 685 Legem
1158 635 1282 686 posui-

105 692 217 720 Mattlz.
239 691 288 720 23
303 689 571 738 010551ωο000
586 705 648 730 005
662 706 865 744 posuimus
886 694 998 744 absit3
1017 696 1150 733 Nolite
1162 710 1281 735 voca-

105 732 134 759 8.
299 762 353 793 re,
376 748 504 799 inquit,
520 761 744 803 magzstrum
760 766 873 805 super
885 762 1043 799 terram‚·
1079 755 1194 807 legem
1216 771 1280 809 po-

298 808 367 845 suit
396 809 575 854 Chiistus,
594 826 637 850 ne
655 814 735 864 quis
756 814 863 866 ι101.οῑ
885 815 996 862 Quid,
1028 830 1160 867 quaeso,
1184 818 1278 856 circa

297 869 387 907 11300
405 870 517 921 legem
535 873 666 911 factum
684 874 762 911 est?
782 888 893 926 neque
911 875 1006 913 enim
1024 876 1131 913 finem
1149 877 1277 916 faciam

95 941 126 960 2-
146 931 216 960 Cor.
235 932 282 962 13-
296 929 362 967 hac
382 930 426 968 (10
451 946 488 970 re
514 933 691 984 loquendi,
708 936 888 988 JVeforte
920 939 1059 974 iterum
1095 941 1272 986 veniens,

97 983 126 999 ²⁴
296 999 335 1028 ut
354 992 403 1029 ait
422 994 613 1044 apostolus,
630 1009 707 1032 non
723 1009 896 1047 parcam.
920 997 1015 1034 Num
1033 997 1074 1035 id
1095 999 1273 1037 curastis?

293 1065 377 1090 011111
408 1054 551 1091 solliciti
586 1055 702 1094 fuistis
724 1065 783 1094 aut
803 1057 979 1095 studiosi-,⁰
999 1072 1043 1096 an
1064 1058 1186 1097 eadem
1211 1074 1273 1098 no-

290 1112 346 1150 bis
364 1128 484 1152 rursus
501 1115 647 1154 dicenda
664 1119 773 1155 sunt?
791 1119 868 1156 Imo
889 1118 964 1157 sive
983 1119 1124 1171 aliquid
1139 1121 1272 1160 factum

289 1173 348 1222 sit,
366 1174 442 1213 six-e
460 1189 543 1220 000,
561 1177 683 1216 cadem
709 1178 784 1230 ipsa
807 1178 1069 1230 aggrediemur,
1090 1190 1129 1218 ut
1148 1196 1271 1221 curam

287 1234 458 1283 habeatis,
481 1246 518 1274 ut
546 1238 637 1275 illud
657 1240 794 1278 fimiius
813 1241 1007 1278 observetis
1027 1250 1060 1278 et
1078 1242 1166 1280 alios
1184 1243 1270 1282 hor-

286 1297 422 1335 temini.
450 1298 556 1336 Unde
584 1313 667 1351 ergo
698 1301 938 1353 incipiemus?
961 1303 1072 1340 vultis
1103 1318 1122 1341 3
1158 1307 1269 1344 veteri

285 1356 386 1407 103οΡ
405 1359 513 1409 Atqui
538 1360 605 1397 hoc
624 1361 724 1399 nobis
752 1362 882 1413 pudori
910 1372 972 1412 est,
995 1363 1095 1414 quod
1113 1379 1166 1414 ea,
1189 1380 1267 1416 quae

283 1416 318 1453 in
334 1419 441 1455 veteri
466 1419 542 1470 lege
561 1429 655 1469 sunt,
677 1436 754 1471 quae
773 1436 987 1474 exsuperare
1013 1433 1204 1475 oporteret,
1224 1440 1266 1464 ne

281 1491 459 1516 servemus
480 1480 636 1530 quidem.
659 1483 731 1520 Nos
764 1492 856 1521 certe
884 1497 954 1521 non
983 1484 1027 1522 de
1056 1484 1112 1522 his
1143 1486 1266 1525 andire

281 1539 695 1587 conveniebatffludaicae
715 1542 806 1580 enim
824 1543 973 1581 vilitatis
992 1544 1068 1582 haec
1086 1557 1265 1599 praecepta

281 1603 409 1649 sunt),
424 1600 485 1637 scd
508 1601 569 1638 illa
588 1603 757 1653 perfecta:
772 1604 896 1655 Abjice
920 1606 1100 1656 pecunias,
1119 1616 1170 1644 sta
1193 1609 1266 1646 for-

274 1658 374 1703 titer,
405 1661 561 1698 30101301
604 1677 667 1713 pro
704 1663 957 1715 praedicatione
991 1665 1088 1714 dato,
1127 1676 1264 1707 terrena

275 1720 391 1757 omnia
421 1720 513 1770 ride,
547 1721 640 1759 nihil
663 1723 731 1760 tibi
765 1724 810 1761 sit
839 1738 1024 1763 commune
1056 1741 1137 1764 011111
1163 1743 1261 1780 prae-

273 1780 361 1817 senti
383 1781 478 1831 vita,
499 1782 527 1819 si
547 1784 627 1833 quis
663 1792 696 1821 te
725 1783 845 1835 laedat,
863 1786 1058 1824 benefacito
1066 1803 1076 1836 5
1093 1788 1121 1825 si
1141 1798 1175 1826 te
1198 1789 1262 1828 dc-

271 1842 423 1886 fraudet,
458 1844 655 1882 benedicito
670 1861 682 1894 5
728 1846 758 1883 51
792 1856 914 1884 contra
953 1856 985 1885 te
1016 1848 1260 1900 blasphemet,

270 1901 462 1940 110001310
453 1933 463 1951 ,
500 1905 664 1942 omnibus
695 1906 855 1956 supeiior
900 1915 987 1947 esto.
1024 1907 1108 1945 Haec
1141 1918 1175 1946 et
1209 1910 1260 1948 si-

151 1971 256 1999 Conna
270 1963 367 2000 milia
396 1964 519 2002 31101110
537 1966 730 2017 oportebat.
756 1968 859 2005 Nunc
878 1977 994 2006 autem
1016 1968 1258 2021 dejuramen—

64 2009 245 2047 flmmeum·
271 2032 305 2060 to
323 2024 525 2093 1000110015
542 2035 647 2076 atque
674 2027 831 2079 idipsum
859 2029 1052 2081 contingit,
1069 2045 1110 2068 30
1129 2032 1157 2069 51
1176 2034 1256 2083 quis

270 2100 363 2136 cum,
388 2086 449 2136 qui
476 2088 552 2138 jam
572 2087 698 2125 debeat
720 2088 990 2141 philosophaii‚
1011 2105 1030 2128 3
1051 2091 1257 2131 doctoribus

269 2145 342 2181 suis
360 2145 555 2194 abstrahat,
578 2155 682 2196 atque
704 2147 860 2198 syllabas
888 2158 922 2186 et
950 2150 1120 2189 elementa
1140 2152 1255 2203 103010
1274 2191 1305 2214 37

269 2214 384 2255 cogat.
410 2206 534 2256 Cogita
560 2206 650 2243 mihi
678 2217 830 2257 quantus
858 2209 975 2260 pudoi
1003 2210 1048 2247 sit
1072 2210 1254 2251 hominem
1275 2227 1301 2255 A

267 2266 481 2316 profundam
499 2266 686 2304 habentem
704 2267 872 2317 balbam,
891 2269 1062 2307 1130111010
1082 2271 1253 2311 scientem

267 2335 299 2362 ct
318 2326 484 2377 pallium,
504 2325 549 2363 ad
569 2327 755 2377 magistros
770 2342 851 2366 cum
869 2329 988 2380 pueris
1007 2330 1118 2379 abire,
1136 2342 1175 2369 ut
1195 2347 1251 2371 ea-

266 2386 348 2424 dem
368 2401 449 2424 cum
468 2386 542 2424 illis
568 2387 681 2425 discat
696 2404 703 2424 ε
718 2402 831 2426 00000
859 2389 944 2427 11100
963 2404 1113 2443 magnus
1133 2394 1250 2432 risus?

266 2448 336 2486 Sed
345 2450 421 2500 jam
437 2450 550 2501 major
565 2464 609 2487 ex
624 2450 739 2488 nobis.
759 2452 838 2488 Non
859 2451 952 2489 enim
971 2461 1109 2492 tantum
1123 2455 1250 2494 discri-

264 2510 371 2547 minis
395 2520 446 2548 est
468 2511 733 2563 philosophiam
758 2511 848 2551 inter
866 2522 898 2550 et
925 2514 1116 2565 elementa,
1138 2532 1247 2568 quan-

262 2581 339 2609 tum
352 2572 599 2611 interJudaica
615 2583 647 2612 et
661 2583 800 2624 nostra,
815 2575 877 2612 sed
891 2586 1066 2626 quantum
1078 2578 1166 2617 inter
1177 2595 1245 2618 30-

261 2633 356 2683 30105
369 2642 401 2671 et
410 2634 581 2672 homines.
600 2635 637 2673 Si
649 2634 860 2686 quis,quaeso
871 2645 916 2683 te,
932 2638 1098 2688 angelum
1106 2639 1150 2678 de
1161 2643 1244 2680 caelo

260 2693 453 2732 deductum
471 2695 613 2747 juberet
625 2696 683 2733 hic
699 2705 790 2734 stare
802 2705 835 2734 et
850 2698 959 2735 verba
974 2708 1092 2737 nostra
1106 2701 1242 2751 audire,

259 2766 297 2794 ut
317 2757 509 2795 secundum
529 2771 568 2794 03
587 2772 623 2796 50
637 2767 872 2810 componeret,
890 2773 1005 2797 annon
1022 2761 1141 2812 pudor
1159 2763 1242 2803 inde

256 2825 288 2853 et
307 2817 398 2854 risus
418 2826 622 2867 sequeretur
635 2819 652 2855 ¹?
666 2817 704 2856 Si
724 2832 808 2856 vero
826 2818 870 2856 de
888 2819 932 2856 iis
946 2820 1021 2871 jam
1037 2822 1171 2861 erudiri
1191 2825 1240 2862 ri-

254 2876 414 2915 diculum
441 2887 509 2925 est,
528 2878 585 2915 his
612 2892 655 2915 ne
690 2877 836 2927 quidem
870 2879 1073 2928 attendere,
1103 2894 1235 2933 quanta
1260 2895 1282 2925 Β

252 2938 455 2977 damnatio?
476 2947 629 2990 quantus
647 2938 788 2990 pudor?
807 2938 853 2976 Et
881 2941 1059 2990 quomodo
1078 2957 1148 2981 non
1167 2959 1233 2997 pu—

1294 1127 1319 1156 D

292 3072 308 3096 b
324 3072 415 3103 Unus
431 3077 556 3116 Χριστὸς
571 3076 615 3114 μή
632 3074 764 3114 ὀμνύναι.

291 3133 303 3148 c
319 3123 379 3155 Alii
395 3129 482 3158 πόθεν
497 3125 544 3157 οὖν
560 3129 641 3165 ἡμῖν,
658 3128 745 3158 πόθεν
760 3127 902 3168 ἀρκτέον.

288 3175 302 3193 ‘¹
317 3176 359 3206 In
381 3174 468 3206 hunc
493 3174 602 3206 locum
632 3174 701 3206 haec
729 3181 827 3206 notat
847 3175 1011 3205 Donamus
1034 3175 1125 3216 apud
1154 3177 1249 3209 Savi-

243 3226 325 3257 lium
343 3239 348 3256 :
368 3226 451 3257 Haec
472 3226 619 3269 insignia
634 3233 708 3257 sunl
722 3224 1125 3269 plzilosoplzorunz‚m;74‚-,
1139 3233 1242 3271 ,yffi-35,

243 3283 412 3320 βακτηρία,
428 3281 532 3318 ἐξωμίς
547 3288 649 3319 quam
672 3276 842 3318 caputium
864 3278 1072 3319 interpretor,
1093 3279 1184 3321 quod
1199 3280 1247 3310 acl

241 3329 431 3371 magisteria
453 3334 565 3358 nostra
589 3327 721 3358 videtur
744 3340 764 3357 a
786 3327 896 3369 prisco
920 3337 1006 3357 more
1032 3329 1239 3368 translatam,

239 3390 442 3423 quamquam
465 3379 633 3410 thcianus
663 3379 696 3410 in
727 3377 842 3410 habitu
863 3377 1134 3421 philosophorum
1162 3393 1241 3414 nas-

1325 251 1526 281 ARCHIEP.
1564 253 1910 286 CONSTANTINOP-

1358 333 1421 372 ὅσα
1435 335 1556 388 ἴσχυσε
1574 339 1618 388 τῇ
1648 339 1768 390 μνήμῃ
1799 341 2031 387 καταθέσθαι,
2061 345 2212 394 συνεχῶς
2234 344 2290 380 ἐπὶ
2314 346 2374 389 vx<

1357 395 1467 439 οἰκίας
1481 397 1556 448 ᾄδει
1569 413 1576 420 ·
1588 401 1605 436 ὃ
1621 398 1656 436 δὲ
1671 400 1870 452 πρεσὸύτης
1880 430 1890 447 ,
1907 400 1967 438 ἅτε
1982 401 2023 448 δὴ
2041 402 2243 454 σεμνότερος
2253 433 2263 450 ,
2274 406 2374 441 τοῦτο

1357 454 1418 504 μὲν
1441 459 1480 494 οὐ
1498 463 1608 506 ποιεῖ,
1627 461 1696 495 τῶν
1713 460 1749 497 δὲ
1766 462 1876 498 ἐκεῖσε
1896 461 2090 512 λεγομένων
2123 463 2288 514 ῥημάτων
2309 463 2374 512 μέ-

1357 531 1484 565 μνηται
1507 518 1658 557 πάντων.
1678 522 1857 559 Ἐντεῦθεν
1884 521 1979 559 οὐδὲν
2002 521 2138 573 ἔχοντες
2164 523 2278 561 ἄπιτε.
2301 519 2371 561 Καὶ

1354 578 1427 619 πῶς
1446 580 1506 616 οὐκ
1521 579 1685 631 αἰσχύνης
1701 580 1815 629 ἄξιον5
1831 581 1950 631 Νόμον
1967 582 2139 633 ἐθήκαμεν
2153 599 2160 606 ·
2184 586 2313 634 μᾶλλον
2334 583 2369 621 δὲ

1353 638 1417 689 οὐχ
1433 641 1534 689 ἡμεῖς
1552 640 1725 691 ἐθήκαμεν
1738 657 1746 664 ·
1764 641 1812 692 μὴ
1833 642 1984 693 γένοιτο·
2001 642 2063 688 Μὴ
2090 643 2156 694 γὰρ
2178 643 2367 690 καλέσητε,

1353 700 1455 752 φησὶ,
1472 701 1678 740 διδάσκαλον
1699 703 1756 741 ἐπὶ
1771 706 1834 749 τῆς
1853 707 1916 755 γῆς
1930 718 1938 726 ·
1955 703 2058 753 νόμον
2079 703 2200 749 ἔθηκεν
2216 707 2234 741 ὃ
2252 703 2268 723 ¹²
2281 706 2366 756 Χρι-

1351 762 1447 809 στὸς,
1466 762 1556 800 ὥστε
1582 762 1713 813 μηδένα
1742 762 1898 813 ὀμνύναι.
1924 763 1972 801 Τί
2002 763 2154 814 γέγονεν,
2186 763 2262 802 εἶπέ
2289 781 2366 814 μοι,

1348 823 1427 873 περὶ
1445 823 1563 862 τούτου
1577 827 1636 862 τοῦ
1656 824 1762 875 νόμου
1774 842 1783 872 5
1797 828 1834 863 οὗ
1862 825 1929 877 γὰρ
1948 825 2130 876 παύσομαι
2145 825 2225 877 περὶ
2245 825 2366 864 τούτου

1348 884 1610 935 διαλεγόμενος,
1628 885 1688 931 Μή
1712 902 1787 929 πως
1804 886 1909 925 πάλιν
1930 886 2050 933 ἐλθὼν,
2070 886 2161 925 κατὰ
2186 887 2243 925 τὸν
2274 887 2365 926 ἀπό-

1347 945 1480 989 στολον,
1501 947 1537 982 οὐ
1559 944 1745 996 φείσωμαι.
1765 947 1879 1019 Αρα’
1865 945 2124 1022 εμεριμνήσατε
2139 946 2177 984 τὸ
2192 952 2361 999 πρᾶγμα
2352 977 2362 994 ,

1347 1009 1414 1055 ἀρα
1430 1004 1669 1055 εφροντίσατε5
1690 1010 1757 1058 ἀρα
1773 1006 1892 1057 γέγονέ
1909 1022 1960 1049 τις
1973 1009 2056 1056 ὑμῖν
2081 1005 2211 1052 σπουδὴ
2225 1036 2234 1053 ,
2252 1005 2273 1052 ἢ
2288 1007 2362 1044 πά-

1344 1065 1397 1102 λιν
1416 1081 1484 1102 των
1501 1068 1612 1103 αὐτων
1633 1065 1792 1117 ἇμόμεθα
1809 1066 1861 1104 λ«0’
1851 1083 1940 1118 γο1ν5
1956 1068 2099 1104 Μᾶλλον
2116 1066 2150 1104 δὲ
2177 1066 2246 1104 εἴτε
2259 1066 2362 1118 γέγο-

1343 1141 1409 1173 νεν,
1433 1126 1499 1164 εἴτε
1516 1126 1563 1176 μὴ
1578 1156 1588 1173 ,
1601 1142 1669 1164 των
1695 1127 1808 1164 αὐτων
1831 1127 1989 1165 ἁὼόμεθα
2007 1126 2134 1177 λόγων,
2149 1143 2203 1164 ινα
2222 1142 2327 1179 φρον-
2316 1126 2359 1164 ί-

1342 1202 1442 1232 σητε·
1455 1189 1484 1224 εἰ
1501 1186 1536 1225 δὲ
1551 1187 1818 1263 ἓμεριμνήσατε,
1832 1187 1887 1224 ἵνα
1903 1187 2008 1226 πάλιν
2024 1187 2087 1238 βερ
2047 1186 2242 1239 οαιότερον
2257 1203 2359 1226 τουτο

1338 1247 1551 1321 ἐργάσησθε,
1568 1262 1628 1285 και
1656 1247 1733 1291 τους
1754 1247 1878 1291 ἄλὶους
1908 1247 2160 1299 παρακαλέσητ
2164 1264 2190 1286 ε.
2217 1248 2358 1287 οΠόθεν

1338 1311 1395 1344 οὐν
1417 1311 1501 1357 ἡμῖν
1523 1307 1665 1358 ἀρκτέον
1690 1323 1750 1345 του
1767 1308 1890 1382 λόγου5
1913 1307 2075 1359 βούλεσθε
2101 1308 2170 1346 ἀπὸ
2195 1313 2258 1356 τῆς
2275 1312 2357 1348 Πα-

1335 1370 1452 1415 λαιας5
1473 1368 1577 1407 Ἀλλὰ
1593 1373 1690 1407 τοῦτο
1714 1368 1869 1421 ἡμετέρα
1889 1368 2061 1421 αἰσχύνη,
2089 1385 2142 1406 οτι
2165 1370 2210 1408 τὰ
2241 1372 2276 1408 ἓν
2308 1374 2352 1423 τῇ

1335 1430 1499 1481 Παλαιᾷ,
1520 1429 1541 1466 ἃ
1561 1429 1779 1481 ὑπερὸαίνειν
1797 1429 1887 1477 ἔδει,
1903 1429 1979 1467 οὐδὲ
2004 1429 2094 1468 οὕτω
2119 1431 2353 1482 φυλάττομεν.

1332 1489 1448 1539 (Ημδὶς
1474 1490 1541 1541 γὰρ
1574 1491 1612 1527 οὗ
1649 1490 1730 1543 περὶ
1757 1489 1885 1529 τούτων
1908 1489 2045 1528 ἀκούειν
2071 1491 2139 1528 ἔδει
2167 1491 2251 1542 (τῆς
2283 1491 2352 1543 γὰρ

1332 1551 1524 1596 Ἰουδαϊκῆς
1543 1551 1713 1594 εὐτελείας
1731 1555 1841 1589 ταῦτα
1859 1551 1904 1590 τὰ
1927 1551 2228 1602 παραγγέλματα)
2242 1582 2251 1597 ,
2271 1554 2350 1590 ἀλλ’

1333 1613 1447 1649 ἐκεῖνα
1472 1611 1516 1649 τὰ
1548 1611 1663 1649 τέλεια
1675 1628 1682 1635 ·
1713 1612 1809 1663 ῥῖψον
1841 1611 1885 1650 τὰ
1918 1611 2107 1663 χρήματα,
2139 1615 2241 1658 στ’ῆθι
2269 1628 2350 1663 γεν-

1333 1673 1457 1720 ναίως,
1477 1672 1539 1719 τὴν
1556 1673 1672 1725 ψυχὴν
1698 1672 1812 1716 ἐπίδος
1831 1672 1918 1724 ὑπὲρ
1937 1677 1997 1710 τοῦ
2022 1672 2264 1724 κηρύγματος,
2284 1689 2352 1711 κα-

1330 1733 1520 1784 ταγέλασον
1542 1735 1608 1770 τῶν
1628 1733 1685 1771 ἐπὶ
1704 1736 1764 1779 τῆς
1783 1736 1846 1783 γῆς
1866 1733 2042 1779 ἁπάντων,
2063 1733 2170 1783 μηδὲν
2189 1733 2278 1772 ἔστω
2295 1750 2349 1773 σοι

1330 1794 1440 1831 κοινὸν
1461 1794 1546 1844 πρὸς
1565 1794 1622 1832 τὸν
1641 1793 1798 1846 παρόντα
1822 1793 1913 1844 βίον·
1931 1793 1970 1830 ἂν
1988 1794 2137 1845 ἀδικήσῃ
2158 1810 2231 1841 τις,
2254 1796 2348 1846 εὔερ-

1331 1854 1489 1906 γέτησον·
1511 1854 1550 1891 ἂν
1569 1855 1806 1906 πλεονεκτήσῃ
1819 1885 1829 1902 ,
1865 1855 2052 1906 εὐλόγησον
2065 1870 2073 1878 ·
2111 1854 2150 1892 ἂν
2183 1857 2346 1907 βλασφη-

1330 1914 1444 1966 μήσῃ,
1464 1914 1610 1966 τίμησον
1621 1930 1629 1938 ·
1645 1915 1784 1953 πάντων
1805 1915 1973 1967 ἀνώτερος
1990 1916 2059 1954 ἔσο.
2076 1917 2200 1953 Ταῦτα
2220 1916 2280 1954 καὶ
2303 1916 2348 1955 τὰ

1327 1980 1471 2014 τοιαῦτα
1488 1975 1622 2013 ἀκούειν
1642 1975 1723 2013 ἔδει.
1754 1975 1842 2014 Νυνὶ
1862 1975 1898 2014 δὲ
1931 1975 2017 2027 ὑπὲρ
2051 1975 2153 2027 ὅρκου
2185 1977 2346 2027 διαλεγό-

1329 2041 1417 2087 μεθα
1431 2053 1438 2059 ·
1458 2035 1519 2074 καὶ
1537 2034 1659 2074 ταύτὸν
1683 2034 1835 2087 γίνεται,
1855 2035 1973 2086 ὥσπερ
1994 2035 2034 2073 ἂν
2054 2035 2087 2073 εἴ
2097 2051 2150 2078 τις
2174 2036 2232 2074 τὸν
2249 2036 2344 2088 ὀφεί-

1325 2099 1430 2134 λοντα
1459 2099 1669 2149 φιλοσοφεῖν,
1690 2097 1886 2148 ἀφελκύσας
1916 2098 1983 2133 τῶν
2012 2095 2228 2134 διδασκάλων
2257 2097 2345 2134 ἐκεί-

1324 2172 1402 2203 νων,
1420 2157 1595 2200 συλλαὸὰς
1611 2158 1662 2195 ἔτι
1678 2157 1788 2195 καὶτὸ
1803 2157 1893 2194 κατὰ
1905 2163 2076 2208 στοιχεῖον
2093 2156 2342 2208 ἀναγινώσκειν

1325 2222 1431 2253 ποιοῖ.
1450 2215 1466 2235 ‘¹
1480 2216 1663 2263 Ἐννύησόν
1685 2233 1743 2267 μοι
1761 2217 1825 2263 ὅση
1848 2216 1941 2254 ἐστὶν
1970 2217 2117 2268 αἰσχύνη
2131 2247 2140 2264 ,
2161 2216 2342 2268 ἄνθρωπόν

1324 2291 1401 2313 τινα
1420 2276 1552 2323 ὑπήνην
1583 2280 1723 2327 βαθεῖαν
1755 2278 1902 2329 ἔχοντα,
1921 2278 1981 2315 καὶ
2012 2278 2162 2329 ῥόπαλον
2183 2276 2343 2329 ἐπιφερό-

1323 2353 1437 2387 μενον,
1449 2338 1508 2375 καὶ
1527 2337 1678 2388 ἐξωμίδα
1697 2338 1841 2390 ἔχοντα,
1859 2340 1906 2381 εἷς
1925 2339 2152 2380 διδασκάλους
2169 2338 2257 2385 μετὰ
2272 2340 2340 2374 τῶν

1320 2398 1453 2436 παίδων
1474 2398 1633 2442 ἀπιέναι,
1654 2399 1714 2436 καὶ
1729 2398 1774 2436 τὰ
1789 2398 1874 2436 αὐτὰ
1891 2398 2031 2441 ἐκείνοις
2047 2397 2231 2448 μανθάνειν
2272 2392 2341 2449 ἀρα

1320 2461 1357 2497 οὐ
1370 2458 1508 2502 πολυς
1495 2475 1513 2497 ο
1531 2475 1568 2509 ·Ξ(
1555 2459 1658 2501 ;λ·ως
1651 2488 1660 2505 ,
1677 2458 1781 2496 {ma
1794 2458 1922 2496 πλείων
1940 2453 2067 2502 οὗτος(
2055 2475 2072 2496 ο
2085 2463 2138 2508 ἥμ
2142 2458 2266 2509 ε’τερος.
2285 2460 2338 2496 Οὐ

1318 2537 1385 2573 γαρ
1402 2519 1481 2558 ὅσον
1497 2519 1698 2571 φιλοσοφίας
1720 2519 1759 2557 τὸ
1789 2518 1892 2569 μέσον
1927 2535 1987 2557 και
2017 2518 2253 2571 γραμμάτιον,
2281 2534 2338 2555 το-

1317 2596 1435 2619 σουτον
1453 2597 1513 2627 της
1532 2581 1724 2625 Ἰουδαϊκῆς
1741 2579 1916 2622 πολιτείας
1936 2579 1996 2616 καὶ
2017 2581 2079 2625 τῆς
2103 2578 2276 2630 ἡμετέρας
2297 2578 2338 2616 τὸ

1316 2641 1489 2692 διάφορον,
1511 2642 1586 2677 ἀλλ’
1607 2640 1685 2678 ὅσον
1707 2640 1861 2690 ἀγγέλων
1884 2639 1944 2677 καὶ
1973 2638 2175 2690 ἀνθρώπων.
2192 2639 2238 2676 Εἴ
2261 2654 2334 2683 τις,

1315 2702 1391 2740 εἰπέ
1408 2717 1489 2753 μοι,
1516 2702 1658 2752 ἄγγελον
1674 2702 1712 2738 ἐκ
1731 2704 1791 2737 τοῦ
1813 2702 1956 2751 οὐρανοῦ
1972 2698 2194 2748 καταγαγὼν,
2215 2698 2334 2736 κελεύ-

1313 2779 1400 2801 σειεν
1419 2765 1564 2800 ἐνταῦθα
1587 2760 1729 2798 ἑστάναι
1758 2760 1817 2798 καὶ
1847 2762 2036 2811 ἀκροᾶσθαι
2063 2761 2132 2796 τῶν
2149 2757 2327 2809 ἡμετέρων

1311 2824 1433 2874 λόγων,
1450 2825 1495 2866 ὡς
1514 2822 1694 2874 ὀφείλοντα
1722 2820 1790 2859 ἀπὸ
1820 2820 1951 2858 τούτων
1986 2819 2226 2872 ῥυθμίζεσθαι,
2258 2814 2327 2870 ἀρα

1308 2888 1368 2924 οὐκ
1389 2883 1535 2936 αἷσγύνη
1553 2883 1612 2921 καὶ
1631 2882 1741 2934 γέλως
1759 2877 1819 2929 ἦν5
1839 2883 1883 2920 Εἰ
1903 2881 1938 2920 δὲ
1957 2882 1995 2919 τὸ
2022 2881 2103 2933 περὶ
2129 2879 2263 2927 τούτων,
2273 2881 2324 2918 ἔτι

1305 2930 1528 2984 παιδεύεσθαι
1546 2943 1671 2996 γέλως·
1693 2943 1732 2981 τὸ
1763 2942 1851 2993 μηδὲ
1875 2941 2008 2984 τούτοις
2025 2940 2223 2993 προσέχειν,
2248 2941 2324 2979 εἶπέ

1317 3088 1419 3120 qaam
1436 3075 1527 3118 quod
1540 3074 1691 3112 memini,
1704 3078 1862 3103 memorat
1876 3085 1929 3108 την
1945 3071 2052 3110 ἐξωμὶ
2039 3084 2075 3101 ον.
2085 3092 2095 3108 ,
2110 3068 2170 3099 sed
2185 3067 2321 3100 barbam

1312 3130 1522 3170 promissam,
1536 3125 1703 3163 baculum,
1715 3131 1748 3155 et
1764 3127 1933 3169 τριέώνιου,
1949 3119 2011 3151 hoc
2027 3127 2074 3151 est
2084 3121 2228 3159 ‚trinum
2250 3119 2323 3162 pal-

1314 3178 1405 3209 lium.
1424 3177 1478 3209 Λι
1492 3177 1605 3207 ιῙιιῖὶιι5
1622 3174 1764 3212 Pollux,
1780 3179 1894 3214 κωμικὴ
1910 3175 1940 3204 δὲ
1961 3176 2044 3210 ἐσθὴς
2034 3196 2054 3212 ,
2072 3176 2189 3212 εξωμίς.
2214 3176 2275 3205 ἔστι
2291 3175 2322 3205 δὲ

1310 3236 1401 3273 χιτὼν
1418 3233 1521 3266 λευκὸς
1534 3234 1665 3270 ἄσημος,
1682 3231 1760 3258 κατὰ
1776 3231 1827 3262 τὴν
1844 3229 2005 3278 ἀριστεράν
2017 3227 2148 3269 πλευρὰν
2161 3227 2320 3280 ῥαφὴν-οὐκ

1310 3286 1401 3323 ἕγωω
1422 3289 1455 3312 et
1476 3278 1548 3311 vult
1568 3289 1637 3310 esse
1664 3275 1789 3308 servilis
1817 3275 2006 3307 vestimenti
2031 3285 2144 3317 genus,
2167 3275 2214 3305 sic
2234 3273 2318 3305 dicti

1308 3317 1399 3374 qiiod
1429 3331 1532 3363 latere
1558 3336 1675 3371 aperto
1713 3326 1868 3358 dextrum
1891 3325 2067 3358 humerum
2105 3323 2311 3358 exserebant.

1307 3383 1421 3424 [Paulo
1439 3391 1515 3415 ame
1531 3383 1571 3415 D.
1599 3383 1744 3418 συλλαῖὰς
1757 3384 1836 3413 κατὰ
1850 3386 1999 3420 στοιχεῖον.
2012 3378 2023 3419 ]
