2466 3805
652 239 693 267 ΙΝ
733 237 846 268 ACTA
882 235 1228 268 APOSTOLORUM.

57 322 164 361 δεινόν
180 339 187 346 ·
205 323 338 373 μᾶλλον
357 320 424 374 γὰρ
443 321 501 360 ἐπὶ
519 328 588 366 τοῖς
615 322 735 366 δεινοῖς
758 322 951 375 χαίρουσιν,
969 321 991 368 ἢ
1014 321 1072 360 ἐπὶ

55 388 125 426 τοῖς
144 384 296 433 ἀγαθοῖς.
320 382 367 420 Εἴ
384 399 435 426 τις
454 382 596 434 ἐφίλησε
612 383 669 421 τὸν
689 384 851 434 Χριστὸν,
869 377 956 421 οἶδεν
976 383 994 421 ὃ
1014 383 1070 421 λε’-

53 457 115 491 γω.
132 440 237 479 Ἀλλὰ
255 440 307 489 τί,
323 440 512 493 ἀσφαλείας
530 440 643 479 ἕνεκεν
661 441 676 461 ¹²
691 442 833 492 ἔμελλον
853 441 897 479 τὰ
918 442 1068 493 δυσχερῆ

52 500 205 552 φεύγειν,
220 501 290 539 Καὶ
309 502 360 546 τίς
373 532 383 550 ,
403 501 480 539 εἰπέ
500 517 580 553 μοι,
601 502 720 555 μυρίον
741 501 952 552 κεκτημένος
966 503 1070 540 πλοῦ-

50 575 121 605 τον,
146 560 327 606 τοσούτους
348 562 522 605 κινδύνους
549 562 703 608 ἠδυνήθη
740 563 928 614 διαφυγεῖν,
959 561 1070 599 ἔθνεσι

50 620 222 664 τοσούτοις
241 625 371 672 ὁμιλῶν
391 622 476 674 ὑπὲρ
491 623 734 673 μεταστάσεως
749 622 925 665 πολιτείας
946 621 1068 673 μόνης;

52 674 160 719 Οῧτοι
190 682 226 719 δὲ
263 683 380 736 ὥσπερ
413 683 446 728 ἐξ
475 683 709 734 ἐπιτάγματος
740 684 920 734 βασιλικοῦ
953 682 1069 720 πάντα

51 740 164 788 ἤνυον,
191 745 321 793 μᾶλλον
353 743 388 782 δὲ
411 744 470 781 καὶ
500 746 619 795 πολλῷ
639 742 764 795 ῥᾴδιον.
795 745 848 781 Οὔ
879 741 947 795 γὰρ
963 740 1070 785 οὕτως

51 800 229 852 ἐπίταγμα
249 804 440 854 βασιλικὸν,
469 807 516 848 ὡς
542 803 585 841 τὰ
604 803 741 841 ἐκείνων
766 802 905 855 ῥήματα
931 802 1068 839 ἅπαντα
1093 811 1117 841 Ε

52 861 180 908 ἤνυσαν
198 880 204 886 ·
227 864 267 902 τὸ
287 864 355 917 γὰρ
373 865 549 916 ἐπίταγμα
567 864 606 902 τὸ
628 863 806 914 βασιλικὸν
831 861 965 912 ἀνάγκῃ
983 861 1069 899 ἐποί-

51 939 148 973 γεται
158 954 167 971 ,
178 919 269 964 οὗτοι
281 925 316 963 δὲ
324 925 462 968 ἑκόντας
475 924 534 963 καὶ
544 922 854 975 προαιρουμένους,
869 921 927 959 καὶ
942 920 1068 973 μυρίαν

51 984 154 1036 χάριν
167 986 310 1029 εἰδότας.
326 988 432 1024 Ποῖον
449 986 625 1035 ἐπίταγμα
637 982 814 1034 βασιλικὸν
830 982 969 1020 πάντων
987 983 1070 1020 ἀπο·

53 1048 176 1091 στῆναι
197 1050 264 1084 τῶν
290 1046 495 1098 χρημάτων,
518 1044 577 1082 καὶ
597 1047 686 1090 στῆς
713 1045 827 1094 ψυχῆς
853 1041 987 1080 ἔπεισεν
1014 1042 1069 1090 ἂν,

51 1106 110 1143 καὶ
138 1110 399 1157 καταφρονῆσαι
427 1105 557 1149 οἰκίας,
584 1103 767 1156 πατρίδος,
796 1105 982 1154 συγγενῶν,
1008 1103 1068 1141 καὶ

50 1169 112 1212 τῆς
126 1166 298 1218 σωτηρίας
318 1167 443 1212 αὐτ-ἦς
464 1166 554 1204 Ἀλλ’
575 1168 610 1203 αἱ
627 1167 695 1202 τῶν
717 1163 840 1201 ἁλιέων
860 1164 920 1201 καὶ
939 1179 1066 1210 σκηνο-

48 1230 154 1265 ποιῶν
175 1227 322 1280 ἴσχυσαν
340 1227 463 1280 φωναί.
478 1227 594 1266 εὩστε
618 1227 676 1265 καὶ
700 1229 733 1265 ἐν
752 1227 858 1278 ἡδονῇ
878 1221 988 1274 ἦσαν,
1008 1228 1067 1265 καὶ

49 1287 276 1341 δυνατώτεροι
308 1289 367 1326 καὶ
398 1289 612 1341 ἷο-Αυρότεροι
642 1287 796 1325 πάντων.
829 1287 921 1335 Ναὶ,
949 1288 1066 1340 φησὶν,

49 1349 191 1396 ἐκεῖνοι,
208 1348 327 1395 ἐπειδὴ
350 1349 394 1388 τὰ
421 1354 551 1400 σημεῖα
569 1347 719 1387 ἐποίουν.
739 1350 785 1386 Οἱ
805 1347 841 1386 δὲ
855 1349 1068 1387 πιστεύσαν-

50 1424 125 1456 τες,
154 1409 229 1448 εἰπέ
250 1426 328 1459 μοι,
351 1415 436 1448 ποῖα
469 1416 598 1460 σημεῖα
621 1409 831 1457 ἐποίουν,οἱ
858 1409 1068 1461 τρισγίλιοι,

891 1472 912 1480 ,,.
934 1471 948 1482 κ
964 1474 985 1481 ω

50 1486 108 1508 και
123 1470 453 1523 πεντακισγίλιοι,οἳ
467 1471 565 1509 καιέν
582 1472 695 1521 ἀγαλ)
701 1470 911 1521 ιασειπολλῃ
931 1486 985 1517 οιη
989 1486 1067 1522 γον
1081 1513 1128 1538 108

2042 225 2129 273 125

1145 319 1226 358 tatis
1255 334 1360 359 causa
1379 321 1454 360 haec
1472 321 1566 360 mala
1594 322 1714 374 fugere
1742 321 1942 360 debebant?
1965 322 2012 361 Et
2031 325 2126 375 quis,

1144 396 1276 433 quaeso,
1295 382 1489 422 innumeris
1508 383 1700 422 instructus
1717 383 1859 437 opibus,
1879 398 1960 422 cum
1975 394 2026 423 tot
2042 399 2127 437 gen-

1143 443 1238 480 tibus
1254 458 1412 495 versans,
1433 454 1484 483 tot
1499 445 1656 497 pericula
1675 446 1830 497 effugere
1846 446 2016 498 potuerit,
2035 447 2065 484 si
2082 446 2128 485 de

1142 505 1346 556 reipublicae
1363 506 1558 544 mutatione
1577 506 1732 558 agatur}>
1750 506 1798 544 Hi
1816 516 1935 545 autem
1959 508 2061 558 quasi
2083 522 2129 546 ex

1139 565 1240 616 jussu
1268 567 1365 618 regio
1395 568 1513 605 omnia
1532 568 1782 620 perficiebant3
1802 568 1874 606 imo
1895 578 1929 607 et
1947 569 2060 608 multo
2076 570 2129 608 fa-

1142 625 1257 664 cilius.
1273 628 1395 678 Neque
1407 628 1499 666 enim
1515 629 1635 680 jussus
1653 629 1772 680 regius
1785 629 1849 667 illa
1863 629 1960 668 valet
1972 630 2126 681 efficere,

1142 701 1219 737 quae
1239 688 1402 739 ipsorum
1431 690 1542 727 verba
1571 690 1811 741 operabantur
1827 691 1969 742 :jussus
1994 692 2130 745 quippe

1142 748 1261 798 regius
1283 762 1328 786 ex
1357 750 1559 787 necessitate
1589 751 1698 801 cogit,
1725 751 1763 788 hi
1794 756 1878 790 vero
1900 762 2126 804 spontaneos,

1140 808 1310 857 libentes,
1347 818 1381 847 et
1416 810 1516 847 mille
1550 812 1682 862 gratias
1718 813 1904 851 referentes
1938 814 2127 854 ducebant.

1142 868 1232 913 Quis
1243 869 1364 919 jussus
1391 870 1510 920 regius
1529 885 1613 922 opes
1632 886 1751 910 omnes
1770 874 1954 924 ipsamque
1973 876 2128 915 animam

1140 927 1338 978 relinquere
1350 930 1527 979 suasisset,
1539 931 1685 968 domum
1705 941 1938 981 contemnere,
1957 936 2126 1004 patriam,

1143 998 1328 1040 cognatos,
1349 990 1533 1043 ipsamque
1551 993 1730 1030 salutem?
1752 993 1826 1032 Sed
1847 994 1883 1031 id
1901 1004 2048 1046 potuere
2065 998 2128 1049 pi-

1142 1059 1319 1089 scatorum
1343 1062 1377 1090 et
1403 1053 1600 1104 pellionum
1620 1069 1741 1105 v;oces
1761 1055 1810 1092 ita
1831 1065 1872 1094 ut
1894 1056 1931 1094 in
1945 1057 2129 1110 voluptate

1140 1109 1327 1162 degentes,
1346 1113 1558 1181 potentiores
1579 1124 1613 1152 et
1630 1115 1685 1152 sor
1687 1124 1754 1153 t101
1756 1130 1790 1153 es
1809 1116 1975 1155 omnibus
2002 1129 2125 1158 essent.

1142 1171 1263 1209 Etiam
1271 1172 1451 1223 ,inquies,
1471 1174 1554 1226 quia
1584 1175 1685 1226 signa
1715 1176 1875 1215 edebant.
1897 1179 1946 1216 At
1963 1178 2025 1229 qui
2052 1194 2129 1218 cre-

1141 1202 1281 1270 debant
1298 1248 1375 1284 quae
1401 1235 1502 1286 signa
1521 1236 1713 1284 faciebant,
1735 1237 1795 1275 illa
1817 1252 1943 1290 nempe
1956 1239 2024 1277 tria
2041 1240 2129 1278 mil—

1141 1292 1190 1331 lia
1209 1303 1243 1331 et
1259 1293 1416 1345 quinque
1434 1296 1549 1333 millia
1565 1296 1752 1334 hominum
1764 1327 1773 1345 ,
1795 1298 1856 1348 qui
1878 1307 1995 1337 tamen
2013 1299 2048 1338 in
2066 1315 2130 1340 ex-

1141 1354 1329 1392 sultatione
1347 1356 1457 1394 multa
1476 1356 1675 1408 degebant?
1695 1357 1742 1395 Et
1755 1359 1837 1410 jure
1857 1359 2002 1409 quidem
2020 1376 2028 1397 z
2046 1375 2129 1400 nam

1142 1415 1303 1453 omnium
1344 1430 1448 1455 causa
1485 1432 1693 1469 moerorum,
1732 1421 1967 1473 pecuniaium
2002 1436 2130 1475 nempe

1143 1477 1329 1528 possessio,
1357 1478 1497 1516 sublata
1530 1488 1615 1517 erat.
1647 1480 1715 1518 Illa
1746 1495 1899 1532 namque
1929 1483 2106 1521 bellorum
2118 1513 2130 1534 ,

1269 236 1422 267 HOMIL.
1459 237 1556 268 xm.

50 1531 225 1575 Εἷκῠτως·
245 1531 373 1584 ἡγὰρ
362 1548 484 1570 πασων
500 1548 567 1570 των
587 1532 740 1581 ἀθυμῑῡΝ
761 1531 941 1579 ὖπόθῑσῑς,
962 1533 1067 1577 'fuum‘
1094 1553 1117 1579 Α
1143 1539 1431 1588 contentionum,
1469 1541 1635 1579 moeroris
1677 1541 1907 1593 omniumque
1952 1545 2129 1584 maloium

48 1592 239 1643 χρημάτων
259 1596 380 1639 κτῆσις
400 1592 567 1645 ἀνῃρητο.
585 1591 727 1639 'Exest-12
749 1591 841 1645 γὰρ,
863 1592 975 1639 ἐκείνη
1010 1609 1068 1630 και

48 1653 223 1704 πολεμων,
244 1670 303 1692 και
330 1654 468 1706 μάχης,
485 1670 543 1692 και
570 1652 704 1702 λύπης,
736 1670 795 1692 και
818 1652 988 1704 ἀθυμίας,
1009 1669 1068 1691 και

48 1714 187 1752 πάντων
224 1714 318 1753 αἰτία
351 1718 420 1752 τῶν
446 1716 563 1752 κακῶν
593 1709 657 1761 ἦν·
685 1718 707 1761 ἡ
734 1714 792 1752 τὸν
815 1713 885 1765 βίον
907 1714 1067 1753 ἐπίπονον

47 1779 195 1814 ποιοῦσα
221 1776 280 1813 καὶ
299 1775 546 1828 λυπηρότερον,
574 1775 686 1823 ἐκείνη
712 1775 796 1814 ἐστί.
831 1774 901 1813 Καὶ
928 1774 1080 1831 πλείουςγ

47 1834 140 1888 εὕροι
158 1852 209 1879 τις
229 1836 268 1873 ἂν
291 1837 421 1887 μᾶλλον
443 1836 585 1888 ἔχοντας
604 1836 776 1887 ὃάθυμίας
795 1835 973 1880 ὑποθέσεις
989 1836 1068 1880 τοὺς

46 1899 80 1935 ἐν
99 1896 238 1949 πλούτῳ
253 1927 262 1945 ,
279 1896 301 1944 ἢ
323 1897 401 1942 τοὺς
416 1900 450 1936 ἐν
469 1897 582 1949 πενίᾳ.
602 1898 648 1935 Εἰ
668 1897 703 1934 δὲ
721 1897 770 1947 μὴ
792 1898 884 1935 δοκεῖ
900 1912 990 1934 τισιν
1010 1896 1067 1935 οὕ-

45 1974 113 2002 τως
130 1957 234 2010 ἔχειν,
252 1961 289 1996 οὐ
310 1959 408 2010 παρὰ
428 1958 490 2006 τὴν
510 1962 578 1997 τῶν
599 1958 817 2009 πραγμάτων
838 1957 952 2010 φύσιν,
977 1958 1066 1997 ἀλλὰ

46 2018 141 2070 παρὰ
161 2019 224 2065 τὴν
242 2019 338 2063 δόξαν
357 2022 485 2057 αὐτῶν.
506 2021 550 2057 Εἰ
569 2019 606 2056 δέ
626 2035 703 2057 τινα
727 2018 846 2070 ἔχουσι
863 2019 922 2057 καὶ
940 2018 1064 2067 ἡδονὴν

45 2083 76 2118 οἳ
98 2082 131 2118 ἐν
153 2079 314 2131 πλούτῳ,
336 2079 430 2118 οὐδὲν
459 2079 668 2130 θαυμαστόν.
699 2080 768 2118 Καὶ
788 2079 855 2131 γὰρ
884 2082 915 2117 οἱ
947 2080 1066 2133 ψώρας

46 2140 371 2191 ἀναπεπλησμένοι,
405 2144 439 2180 ἐν
471 2143 584 2192 πολλῇ
612 2143 697 2179 εἰσιν
728 2142 848 2192 ἡδονῇ.

46 2202 184 2240 ἐκείνων
196 2202 291 2240 οὐδὲν
305 2202 522 2255 διαφέρουσιν
538 2204 569 2240 οἱ
580 2204 824 2247 πλουτοῦντες,
839 2202 915 2239 ἀλλ’
931 2204 952 2247 ἡ
969 2201 1064 2253 ψυχὴ

45 2263 187 2310 τοιαύτη
206 2263 256 2306 τίς
272 2265 364 2301 ἐστιν
385 2265 518 2309 αὐτοῖς,
547 2264 650 2309 δῆλον
672 2264 812 2300 ἐκεῖθεν.
829 2262 985 2300 Ἀνιῶσιν
1007 2264 1067 2300 αὖ·

44 2324 122 2367 τοὺς
139 2324 324 2376 φροντίδες,
341 2324 400 2362 καὶ
417 2323 534 2374 belum
552 2323 733 2374 βούλονται
747 2325 867 2366 αὐταῖς
886 2323 1066 2375 ἐνέχεσθαι

45 2385 101 2424 διὰ
119 2385 181 2432 τὴν
201 2385 410 2439 πρόσκαιρον
426 2384 550 2432 ἡδονήν
563 2401 571 2408 ·
590 2387 620 2422 οἳ
641 2383 676 2423 δὲ
694 2384 822 2423 τούτων
839 2384 1067 2436 ἀπηλλαγμέ-

43 2461 112 2491 νοι,
128 2449 162 2484 ἐν
182 2446 280 2498 ὑγεία
300 2446 366 2484 εἰσὶ
386 2445 444 2484 καὶ
465 2445 614 2496 ἀθυμίας
631 2444 739 2488 ἐκτός.

95 2506 143 2545 Τί
170 2506 279 2555 ἥδιον,
313 2506 389 2545 εἶπέ
420 2523 500 2557 μοις
531 2505 566 2544 τί
598 2506 654 2544 δαὶ
676 2505 954 2558 ἀσφαλέστερονς
975 2506 1063 2560 ὑπὲρ

43 2568 146 2620 ἄρτου
162 2567 349 2620 φροντίζειν
371 2568 443 2611 ἑνὸς
460 2567 520 2605 καὶ
543 2568 759 2618 ἐνδυμάτων,
780 2567 801 2614 ἢ
820 2567 906 2620 ὑπὲρ
929 2568 1061 2621 μυρίων

42 2629 101 2666 καὶ
120 2631 259 2667 οἰκετῶν
285 2629 344 2667 καὶ
365 2630 564 2682 ἐλευθέρων,
583 2628 628 2667 τὰ
654 2631 729 2667 καθ’
751 2630 870 2668 ἑαυτὸν
892 2628 940 2679 μὴ
963 2646 1062 2683 μερι-

43 2691 204 2740 μνῶντα;
226 2690 395 2744 Καθάπερ
427 2690 524 2742 *γὰρ
553 2684 649 2733 οὗτος
682 2689 768 2743 ὑπὲρ
796 2692 919 2728 ἑαυτοῦ
945 2690 1059 2729 δέδοι-

40 2766 114 2788 κεν·
141 2749 231 2788 οὕτω
259 2750 318 2788 καὶ
346 2750 386 2788 σὺ
405 2750 490 2803 ὑπὲρ
519 2754 588 2789 τῶν
613 2754 675 2798 τῆς
707 2754 769 2797 σῆς
789 2751 1058 2802 ἐκκρεμαμένων

37 2812 201 2863 κεφαλῆς.
221 2811 291 2850 Καὶ
310 2811 344 2849 τί
363 2811 492 2858 δήποτε
520 2812 663 2864 φευκτὸν
683 2815 704 2859 ἡ
731 2811 833 2849 πενία
853 2812 970 2860 δοκεῖ,
993 2828 1059 2864 φη-

39 2871 113 2919 σίν;
140 2871 287 2918 Ἐπειδὴ
319 2871 377 2909 καὶ
410 2871 454 2910 τὰ
482 2871 572 2910 ἀλλὰ
592 2872 705 2923 ἀγαθὰ
735 2872 891 2910 ἀπευκτὰ
918 2874 1059 2918 πολλοῖς
1083 2886 1106 2916 C

38 2931 202 2983 vta-(Lubet
214 2963 223 2980 ‚
238 2933 327 2984 ἅπερ
344 2933 428 2971 εἰσὶν
443 2935 480 2971 οὗ
501 2932 557 2970 διὰ
575 2933 614 2971 τὸ
631 2933 787 2971 ἀπευκτὰ
804 2927 892 2972 εἶναι
906 2935 1034 2987 φευκτὰ
1046 2965 1056 2983 ,

40 2991 129 3030 ἀλ)α
160 2992 215 3030 δια
240 2993 279 3031 τὸ
313 2993 591 3046 δυσκατόρθωτα.
622 2995 757 3032 Οὔκουν
786 3011 845 3032 και
880 2995 968 3042 αὕτη
997 2999 1059 3035 οὐκ

41 3052 215 3100 ἀπευκτὴ,
237 3054 325 3092 ἄλλα
345 3054 622 3106 δυσκατόρθωτος
638 3071 645 3078 ·
665 3053 756 3093 ὥστε
778 3054 811 3093 εἴ
825 3071 866 3107 γε
879 3073 931 3101 τις
950 3057 1056 3104 αυτὴν

40 3115 189 3163 ἐνεγκεῖν
209 3113 368 3163 ἠδύνατο,
385 3117 448 3154 οὐκ
468 3115 507 3153 ἂν
529 3120 571 3162 ἠν
591 3115 759 3162 ἀπευκτη.
779 3116 878 3155 Διὰ
858 3117 892 3155 τί
912 3118 979 3170 γὰρ
995 3121 1056 3157 οὐκ

41 3172 239 3224 ἀπηύγοντο
256 3173 362 3221 αὐτὴν
382 3178 413 3213 οι
433 3176 641 3224 ἀπόστολοι,
667 3175 724 3213 διὰ
740 3176 776 3214 τί
796 3178 918 3216 πολλοὶ
934 3179 993 3216 καὶ
1009 3182 1061 3218 αἶ-

86 3290 102 3311 l’
120 3289 208 3329 llaeC‚
226 3293 350 3330 ἔμελλον
363 3294 402 3323 τὰ
417 3293 542 3336 δυσχερῆ
558 3294 680 3337 φεύγειν,
697 3291 816 3325 desunt
832 3294 866 3326 in
884 3305 949 3327 uno
960 3295 1043 3327 COd.

91 3354 94 3362 ·
119 3340 238 3382 [Caret
257 3339 396 3373 articulo
413 3342 469 3384 Π]

85 3406 97 3418 ι·
116 3392 259 3433 Quidam
283 3398 408 3435 ἀθυμίας
430 3397 575 3433 ὑποθέσεις
598 3399 662 3433 τοὺς
679 3402 706 3429 ἐν
728 3401 778 3431 rt).
797 3410 800 3427 :
821 3406 853 3429 et
876 3399 921 3430 sic
947 3399 1044 3430 etiarn

884 2139 969 2179 “Ort
998 2141 1066 2193 γὰρ
1091 2146 1113 2175 I'·

1143 1616 1247 1639 causa
1273 1609 1368 1649 erat,
1391 1615 1470 1652 quae
1499 1602 1612 1641 vitam
1637 1603 1851 1642 laboiiosam
1876 1606 2130 1658 molestamque

1141 1662 1312 1701 reddebat
1329 1679 1336 1699 :
1353 1662 1527 1714 longeque
1553 1665 1672 1717 plures
1691 1675 1833 1704 moestos
1852 1668 2008 1719 reperias
2033 1668 2130 1708 divi-

1142 1732 1192 1762 tes
1204 1754 1215 1774 ,
1235 1740 1343 1776 quam
1372 1740 1555 1778 pauperes.
1572 1727 1676 1773 Quod
1693 1728 1723 1765 si
1745 1728 1962 1778 quibusdam
1981 1744 2051 1768 non
2067 1731 2127 1769 vi-

1140 1784 1267 1824 deatur
1288 1786 1337 1824 ita
1357 1800 1450 1836 esse,
1472 1801 1542 1825 non
1560 1802 1606 1825 ex
1621 1802 1741 1826 rerum
1769 1798 1916 1839 natura,
1936 1790 2000 1828 sed
2015 1805 2060 1829 ex
2073 1806 2130 1830 eo·

1140 1859 1223 1883 rum
1250 1846 1415 1897 opinione
1433 1847 1484 1884 sic
1505 1861 1541 1884 se
1559 1861 1614 1885 res
1636 1848 1755 1886 habet.
1777 1849 1886 1895 Quod
1902 1849 1932 1887 si
1948 1850 2036 1900 quid
2064 1852 2129 1890 ha-

1140 1905 1246 1943 beant
1262 1906 1391 1945 divites
1409 1907 1621 1959 voluptatis,
1637 1908 1729 1945 nihil
1740 1908 1887 1946 mirum.
1908 1910 2001 1947 Nam
2018 1920 2051 1948 et
2066 1912 2128 1962 qui

1139 1966 1256 2003 scabie
1276 1966 1371 2018 pleni
1388 1976 1489 2015 sunt,
1510 1967 1547 2004 in
1563 1981 1692 2018 magna
1707 1977 1790 2006 sunt
1804 1969 2000 2021 voluptate.
2021 1971 2129 2017 Quod

1139 2036 1257 2064 autem
1275 2028 1320 2064 ab
1336 2027 1408 2065 illis
1427 2027 1519 2065 nihil
1542 2028 1709 2066 differant
1738 2028 1890 2079 djvites,
1914 2030 1972 2068 sed
2002 2032 2127 2071 eodem

1139 2085 1210 2124 sint
1221 2086 1351 2135 animo,
1367 2086 1451 2124 hinc
1472 2088 1591 2139 palam
1609 2098 1670 2126 est.
1686 2089 1772 2127 Illos
1791 2103 1884 2127 curae
1899 2099 2053 2130 atterunt
2060 2109 2072 2143 3
2094 2103 2129 2132 et

1138 2155 1255 2184 tamen
1286 2147 1414 2184 volunt
1444 2147 1518 2184 illis
1543 2148 1694 2186 detineri
1713 2149 1759 2186 ob
1781 2158 2045 2201 temporaneam
2066 2168 2129 2191 vo-

1139 2206 1311 2259 luptatem
1329 2222 1337 2242 :
1358 2207 1420 2257 qui
1441 2217 1560 2246 autem
1575 2218 1658 2246 sunt
1673 2224 1694 2247 a
1716 2210 1811 2248 curis
1828 2210 1954 2262 liberi,
1975 2212 2012 2251 in
2031 2213 2127 2252 sani-

1138 2278 1210 2308 tate
1224 2284 1372 2308 moerore
1389 2270 1494 2310 vacui
1510 2270 1655 2323 degunt.

1191 2498 1228 2535 4.
1251 2497 1349 2545 Quid
1369 2498 1527 2549 dulcius,
1554 2514 1696 2553 quaeso,
1720 2502 1807 2553 quid
1837 2503 1968 2554 tutius,
1992 2504 2036 2543 de
2056 2520 2126 2544 uno

1135 2574 1228 2612 pane
1246 2559 1335 2598 etde
1351 2569 1446 2599 veste
1461 2561 1653 2600 sollicitum
1670 2576 1743 2601 esse
1753 2593 1762 2610 ‚
1780 2578 1824 2601 an
1840 2563 1885 2602 de
1900 2565 1999 2603 mille
2013 2567 2128 2605 servis

1136 2630 1169 2659 et
1186 2621 1329 2671 liberis,
1351 2635 1391 2658 ac
1409 2621 1454 2659 de
1472 2621 1587 2675 seipso
1606 2622 1698 2661 nihil
1715 2625 1868 2662 curare}>
1887 2626 2126 2672 Quemadmo—

1134 2684 1222 2722 dum
1237 2685 1328 2722 enim
1347 2684 1407 2722 hic
1425 2699 1490 2737 pro
1508 2685 1622 2737 seipso
1642 2686 1741 2724 timet
1754 2702 1766 2724 :2
1785 2687 1835 2725 ita
1857 2697 1890 2726 et
1911 2697 1949 2726 tu
1969 2704 2034 2741 pro
2055 2690 2126 2742 iis,

1135 2745 1198 2796 qui
1223 2759 1269 2783 ex
1293 2744 1407 2797 capite
1437 2754 1500 2783 tuo
1525 2745 1692 2798 pendent.
1713 2746 1760 2784 Et
1776 2761 1840 2784 cur
1858 2758 2047 2800 paupertas
2065 2751 2125 2788 fu·-

1134 2806 1261 2860 gienda
1293 2805 1458 2855 videtur,
1474 2806 1643 2858 inquies?
1666 2807 1761 2855 Quia
1781 2808 1851 2846 alia
1871 2824 2011 2861 quoque
2030 2811 2125 2851 bona

1134 2869 1239 2908 multi
1257 2877 1485 2916 aversantur,
1507 2883 1577 2907 non
1592 2869 1688 2920 quod
1705 2869 1896 2921 fugienda,
1932 2871 1995 2909 sed
2025 2874 2123 2923 quod

1133 2939 1213 2968 actu
1233 2928 1397 2967 djfficilia
1416 2929 1497 2966 sint.
1517 2929 1634 2981 Igitur
1651 2939 1840 2982 paupertas
1857 2945 1926 2969 non
1941 2933 2122 2984 fugienda,

1132 2992 1193 3031 sed
1222 2990 1390 3029 exercitio
1423 2990 1583 3028 djfficilis
1612 3000 1676 3029 est.
1704 2992 1830 3042 Itaque
1861 2993 1891 3030 si
1918 2994 1998 3044 quis
2022 2994 2120 3033 illam

1130 3054 1220 3091 ferre
1244 3061 1376 3105 posset,
1402 3051 1500 3089 haud
1518 3051 1687 3103 fugienda
1717 3051 1907 3092 videretur.
1928 3054 2000 3092 Cur
2027 3055 2122 3095 enim

1129 3115 1231 3153 illam
1245 3128 1314 3152 non
1337 3113 1591 3151 aversabantur
1615 3112 1790 3165 apostoli?
1819 3127 1883 3151 cur
1906 3114 2006 3153 illam
2018 3117 2122 3155 multi

1129 3177 1264 3228 eligunt
1280 3205 1291 3226 ,
1321 3188 1385 3213 nec
1416 3173 1522 3212 modo
1558 3173 1657 3211 illam
1693 3187 1761 3211 non
1791 3185 1999 3215 aversantur
2012 3208 2024 3225 ,
2058 3179 2120 3217 sed

1113 3292 1214 3327 Savil.
1235 3293 1275 3324 In
1291 3290 1406 3324 Morel.
1424 3288 1600 3334 [Commel.
1621 3296 1654 3321 et
1668 3290 1727 3333 D.]
1744 3293 1891 3332 ὑποθέσεις
1906 3291 2009 3328 deest.

1156 3347 1173 3371 b
1189 3350 1268 3387 ὅμως
1291 3341 1385 3375 deest
1405 3342 1438 3374 in
1461 3338 1661 3383 quibusdam
1685 3341 1759 3373 Mss.

1157 3398 1172 3412 ⁸
1190 3398 1200 3438 1
1215 3402 1271 3441 γάρ
1288 3406 1354 3427 non
1371 3393 1473 3425 habet
1486 3394 1542 3434 D.]
