2502 3810
330 275 424 337 574
787 285 823 313 S·

329 370 426 407 mille
444 369 573 405 talenta
589 365 686 410 auri,
703 373 737 400 et
747 364 906 401 vinctum
923 362 961 398 in
977 360 1091 411 regias
1105 358 1196 397 aedes
1207 357 1310 395 indu-

329 439 397 473 cat,
411 438 514 477 atque
530 427 565 463 in
583 425 710 463 solium
726 423 958 461 celsissimum
985 422 1151 469 colldcet‚
1169 433 1310 458 consor-

329 499 468 538 temque
484 485 639 538 supremi
658 483 802 521 honoris
822 493 854 521 et
867 482 1065 535 splendoris
1083 480 1226 528 reddat3
1249 480 1311 530 qui

329 550 448 587 decem
464 547 586 584 obolos
604 544 913 589 commodaverat,
936 557 1058 581 eorum
1089 542 1181 579 ultra
1207 541 1312 578 remi-

329 609 417 647 nisci
431 622 498 645 non
514 606 642 658 poterit
660 622 666 641 ε
690 606 739 643 sic
756 615 789 643 et
809 605 844 642 in
865 605 967 642 nobis
994 603 1152 653 contigit.
1192 603 1313 652 Longe

328 670 432 721 plura
454 668 549 705 enim
577 681 685 717 quam
704 666 896 703 debeamus
929 665 1034 702 solvit
1061 663 1245 710 Christus,
1279 671 1313 699 et

328 738 424 766 tanto
436 729 539 781 plura
552 757 562 776 ‚
584 736 716 777 quanto
730 726 940 763 immensum
958 725 1103 777 pelagus
1119 723 1165 760 ad
1181 723 1313 761 stillam

328 804 428 840 aquae
451 789 618 826 collatum
649 788 764 839 majus
795 796 856 825 est.
885 787 938 823 Ne
964 787 1082 836 itaque
1109 784 1270 833 dubites,
1292 798 1312 821 o

328 851 458 898 homo,
480 863 561 886 cum
586 857 702 886 tantas
720 847 895 885 bonorum
914 845 1061 884 divitias
1083 844 1202 883 videas
1215 874 1225 891 ‚
1251 858 1313 881 nec

330 924 465 960 quaeras
495 908 671 960 quomodo
703 908 764 945 illa
792 908 917 945 mortis
935 916 969 944 et
996 905 1130 957 peccati
1158 905 1313 943 scintilla

331 974 502 1011 exstincta
518 973 585 1021 sit,
607 987 688 1010 cum
708 972 744 1009 in
767 971 867 1008 illam
881 979 932 1008 tot
949 970 1203 1007 charismatum
1218 982 1314 1006 mare

330 1034 529 1071 immissum
548 1033 666 1070 fuerit.
687 1032 763 1068 Hoc
778 1031 872 1068 enim
889 1039 923 1067 et
951 1030 1083 1067 Paulus
1106 1028 1312 1066 subindica-

330 1092 383 1128 vit
402 1091 544 1140 dicens,
571 1092 644 1141 Qui
673 1091 956 1127 abundantiam
983 1091 1119 1140 gratiae
1139 1096 1176 1124 et
1192 1090 1311 1139 justi-

699 1156 739 1190 in
770 1155 859 1190 vita
889 1153 1104 1204 regnabunt
1126 1167 1136 1186 .·
1165 1159 1198 1187 et
1219 1158 1315 1201 post-

335 1229 442 1264 quam
463 1214 556 1251 illud
572 1214 663 1251 clare
679 1213 967 1251 commonstravit
981 1242 992 1261 ,
1017 1226 1140 1249 rursus
1158 1211 1316 1263 primum

333 1158 394 1191 tice
416 1163 643 1205 acceperunt
656 1184 665 1201 ,

333 1275 585 1327 syllogismum
604 1275 709 1312 refert
724 1304 733 1321 ,
754 1283 788 1311 et
808 1273 1014 1325 repetitione
1051 1273 1238 1310 confirmat
1257 1272 1313 1309 di-

333 1350 431 1373 cens:
449 1335 478 1372 si
498 1344 643 1387 propter
659 1334 827 1372 delictum
842 1333 939 1370 illius
956 1347 1075 1370 omnes
1095 1332 1222 1369 dedere
1239 1346 1314 1384 poe-

331 1412 412 1445 nas,
433 1398 518 1435 hinc
536 1411 637 1449 posse
655 1397 735 1434 illos
750 1396 954 1447 justificari.
974 1395 1215 1442 Quamobrem
1237 1395 1286 1431 ait
1305 1410 1312 1430 :

332 1458 393 1496 18.
423 1461 548 1509 Igitur
574 1461 671 1496 sicut
687 1471 756 1508 per
775 1459 888 1494 unius
919 1457 1105 1493 delictum
1125 1459 1166 1492 in
1185 1468 1314 1492 omnes

331 1521 506 1556 homines
526 1520 579 1556 ad
592 1519 953 1556 condemnationem
967 1532 977 1551 :
993 1519 1048 1553 sie
1067 1525 1103 1552 et
1117 1529 1188 1565 per
1202 1519 1314 1553 unius

325 1585 419 1633 justi
417 1582 646 1632 ficationem
666 1586 706 1618 in
727 1594 859 1617 omnes
874 1580 1043 1616 homines
1060 1580 1114 1615 ad
1122 1579 1315 1630 justifica-

331 1648 474 1681 tionem
493 1647 598 1681 vitce.
621 1642 669 1679 Et
685 1643 751 1679 hac
768 1641 813 1679 de
832 1656 873 1679 re
892 1642 1021 1678 iterum
1049 1650 1225 1678 concertat
1259 1640 1316 1678 his

329 1707 447 1743 verbis
466 1722 473 1742 :
498 1707 557 1744 19.
574 1707 680 1743 Sicut
698 1708 798 1742 enim
817 1718 886 1755 per
901 1706 1012 1741 unius
1036 1705 1202 1754 hominis
1227 1707 1315 1741 ino·
1329 1720 1376 1743 ³23

331 1769 564 1804 bedientiam
582 1768 755 1804 homines·
788 1766 899 1802 multi
929 1773 1150 1817 peccatores
1181 1767 1316 1817 effecti

329 1836 418 1864 sunt
441 1843 452 1862 .-
469 1830 523 1865 sic
537 1836 573 1863 et
581 1840 650 1877 per
664 1829 777 1864 unius
797 1827 1051 1863 obedientiam
1062 1829 1162 1877 justi
1174 1829 1316 1863 consti-

330 1895 487 1924 tuentur
503 1888 628 1925 multi.
659 1889 706 1924 Ac
729 1885 872 1925 videtur
887 1885 1031 1936 quidem
1052 1885 1190 1924 dictum
1223 1886 1317 1924 illud

330 1961 400 1984 uon
420 1961 568 1998 parvam
582 1947 711 1985 inferre
730 1946 955 1997 quaestionem
969 1962 980 1995 3
998 1947 1028 1983 si
1042 1946 1122 1997 quis
1141 1960 1227 1984 vero
1244 1956 1317 1984 stu-

328 2010 430 2048 diose
459 2010 675 2058 attenderit,
705 2010 769 2047 illa
797 2009 900 2047 facile
932 2010 1098 2048 solvetur.
1139 2011 1314 2057 Quaenam

338 2074 451 2124 igitur
469 2074 530 2111 illa
548 2074 697 2124 quaestio
713 2083 763 2111 est
776 2075 799 2111 Ps
811 2075 947 2125 Nempe
966 2073 1100 2120 dicere,
1116 2087 1180 2124 per
1199 2073 1318 2111 inobe-

329 2133 618 2172 dientiamunius
631 2135 761 2172 multos
774 2134 866 2172 effici
881 2143 1089 2186 peccatores.
1102 2128 1208 2181 Quod
1224 2134 1318 2172 enim

330 2193 394 2230 illo
414 2203 580 2245 peccante
595 2204 627 2231 et
641 2195 781 2232 mortali
796 2196 899 2242 facto,
917 2194 978 2244 qui
996 2207 1040 2231 ex
1054 2194 1114 2231 illo
1130 2195 1199 2232 orti
1219 2204 1315 2244 sunt,

332 2254 422 2290 tales
443 2254 663 2302 efficiantur,
693 2255 731 2291 id
757 2269 777 2291 a
803 2253 990 2291 verisimili
1028 2268 1098 2292 non
1129 2255 1317 2304 abhorret;

333 2313 430 2362 quod
453 2322 572 2350 autem
590 2328 635 2350 ex
656 2313 894 2351 inobedientia
924 2314 1023 2351 illius
1049 2315 1137 2351 alter
1155 2324 1318 2366 peccator

332 2374 413 2420 fiat,
442 2373 478 2410 id
504 2387 612 2423 quam
633 2373 916 2423 consequentiam
937 2373 1130 2411 hahuerit?
1153 2374 1318 2411 Invenie-

333 2443 390 2470 tur
409 2432 542 2485 quippe
561 2432 622 2470 ille
650 2433 699 2469 ita
718 2446 781 2470 nec
806 2446 926 2484 poenas
949 2432 1099 2484 dehere,
1133 2433 1202 2472 nisi
1225 2447 1268 2471 ex
1285 2448 1320 2471 se

333 2504 496 2546 peccator
512 2495 630 2532 fuerit.

386 2558 423 2593 5.
447 2556 545 2601 Quid
578 2556 688 2606 igitur
716 2556 776 2593 hic
797 2557 974 2608 significat
1003 2557 1107 2603 illud,
1131 2559 1318 2596 Peccato-

334 2630 394 2653 res
407 2621 422 2652 9
438 2617 531 2654 Mihi
553 2616 696 2666 quidem
726 2616 882 2665 videtur,
904 2618 1078 2669 supplicio
1098 2619 1269 2657 obnoxios
1289 2628 1322 2657 et

334 2676 383 2713 ad
404 2685 553 2713 mortem
581 2676 776 2714 damnatos.
800 2677 908 2722 Quod
930 2678 1040 2728 igitur
1070 2678 1207 2716 Adamo
1227 2693 1322 2717 mor-

335 2747 409 2783 tuo,
425 2751 545 2775 omnes
562 2738 674 2775 simu-s
695 2738 860 2776 mortales
882 2739 1010 2789 effecti,
1025 2739 1062 2776 id
1076 2741 1168 2778 clare
1189 2750 1223 2778 et
1239 2742 1322 2793 plu-

335 2798 434 2835 ribus
461 2798 634 2835 ostendit:
650 2798 746 2848 quod
767 2799 938 2849 quaeritur
958 2808 1076 2837 autem
1095 2809 1159 2847 est,
1183 2815 1246 2838 cur
1272 2802 1322 2839 ita

334 2860 468 2897 factum
483 2860 538 2896 sit.
557 2859 626 2897 Sed
643 2860 802 2897 nondum
821 2860 914 2897 illud
933 2860 1083 2913 adji‹eit;
1100 2876 1211 2912 neque
1229 2863 1323 2900 enim

336 2917 374 2954 id
397 2917 443 2954 ad
467 2932 543 2954 rem
566 2928 773 2969 praesentem
812 2919 1075 2969 pertinetznam
1102 2929 1223 2958 contra
1253 2922 1321 2960 Ju-

337 2980 454 3016 daemn
468 2979 678 3025 decertatur,
693 2980 754 3030 qui
771 2979 914 3017 dubitat
930 2994 970 3017 ac
989 2980 1126 3018 deridet
1145 2982 1242 3019 illam
1260 2997 1324 3034 per

341 3054 450 3076 unum
470 3040 650 3077 hominem
665 3040 854 3091 justitiam.
880 3040 964 3077 Ideo
995 3050 1185 3092 postquam
1212 3052 1323 3080 osteu-

339 3099 394 3136 dit
439 3100 657 3151 supplicium
692 3101 737 3137 ab
769 3115 839 3138 uno
874 3100 909 3137 in
940 3115 1062 3139 omnes
1101 3101 1318 3150 derivatum,

339 3176 400 3197 cur
432 3160 467 3198 id
487 3162 619 3198 sactum
653 3161 712 3209 sit,
752 3175 821 3198 non
851 3161 975 3198 addit:
996 3176 1109 3212 neque
1138 3163 1232 3200 enim
1265 3179 1323 3202 su—
1348 3176 1371 3205 (3

339 3223 471 3271 perflue
501 3222 673 3271 loquitur,
697 3221 757 3259 sed
776 3221 868 3259 circa
890 3222 1082 3259 necessaria
1109 3231 1247 3261 tantum
1269 3224 1323 3261 in-

383 3358 397 3377 ¹›
425 3355 511 3386 deti
526 3365 627 3394 ami-2,
647 3356 740 3388 male.
762 3359 914 3399 [κοινωνόν
931 3360 1117 3401 conjecerat
1134 3359 1223 3392 Savil
1242 3362 1252 3401 ]

381 3418 392 3431 ἢ
419 3407 491 3439 ,les
510 3411 587 3440 οὶῦὲν
613 3414 682 3449 γάρ.
699 3408 767 3449 [S'c
795 3412 828 3440 A.
859 3420 888 3440 et
920 3421 1021 3452 marg.
1040 3409 1140 3444 Savll.
1171 3410 1342 3453 Iidemque

1339 1758 1365 1785 A
1391 1747 1564 1793 στάθησαν
1586 1748 1616 1783 οἱ
1633 1746 1777 1793 πολλοὶ,

862 281 1045 312 10ANMS
1081 277 1321 308 CHRYSOST.
1360 275 1567 305 ARCfflEP.
1607 273 1962 304 CONSTANTINOP-

1334 360 1359 389 D
1385 356 1538 406 ρίσαιτο,
1559 354 1618 393 καὶ
1636 357 1684 397 εἷς
1714 353 1896 405 βασιλικὰς
1916 353 2019 395 αὐλὰς
2050 350 2229 401 εἷσαγάγοι
2249 350 2305 388 τὸν
2336 348 2395 386 δε-

1384 415 1526 465 σμώτην
1542 444 1552 461 ,
1586 415 1645 452 καὶ
1682 417 1729 458 εἷς
1761 414 1876 467 θρόνον
1921 415 2031 466 ἀρχῆς
2061 410 2280 463 ὓψηλοτάτης
2292 439 2304 457 ,
2338 408 2401 447 καὶ

1383 474 1398 495 ¹³
1410 475 1570 514 κοινωνὸν
1589 479 1651 522 τῆς
1670 474 1849 520 ἀνωτάτης
1867 477 1971 523 τιμῆς
1990 473 2146 519 ποιήσειε
2164 471 2223 509 καὶ
2243 474 2305 516 τῆς
2336 470 2402 506 ἄλ-

1383 537 1447 581 λης
1471 535 1715 587 περιφανείας,
1744 536 1805 573 οὐκ
1826 534 1866 571 ἂν
1893 534 2030 571 δύναιτο
2058 532 2177 570 λοιπὸν
2205 533 2404 580 μεμνῆσθαι

1385 599 1452 634 τῶν
1472 596 1555 634 δέκα
1574 596 1705 634 ὀὸολῶν
1722 598 1739 633 ὁ
1761 594 1919 637 δανείσας
1935 609 1941 617 ·
1965 593 2054 632 οὕτω
2071 593 2131 631 καὶ
2150 594 2201 643 ἐφ’
2222 594 2323 641 ἡμῶν
2347 589 2402 639 γε’-

1386 672 1473 707 γονε.
1495 658 1622 708 Πολλῷ
1649 655 1718 708 γὰρ
1743 655 1887 694 πλείονα
1912 649 1958 692 ὧν
1978 653 2156 704 ὀφείλομεν
2176 650 2364 688 κατέὸαλεν
2385 651 2404 685 ὁ

1386 718 1553 770 Χριστὸς,
1583 718 1641 755 καὶ
1660 717 1813 768 τοσούτῳ
1829 715 1990 763 πλείονα,
2006 715 2075 765 ὅσῳ
2094 713 2178 764 πρὸς
2197 711 2318 764 ῥανίδα
2338 725 2402 759 μι-

1386 779 1471 829 κρὰν
1488 778 1637 830 πέλαγος
1652 779 1805 829 ἄπειρον.
1819 776 1882 823 Μὴ
1902 776 2014 814 τοίνυν
2033 774 2233 827 ἀμφίὸαλλε
2244 802 2253 819 ,
2270 772 2403 823 ἄνθρω-

1386 855 1446 885 πε,
1461 844 1621 877 τοσοῦτον
1635 840 1782 876 πλοῦτον
1797 839 1891 889 ὁρῶνν
1903 839 2058 888 ἀγαθῶν,
2075 833 2162 885 μηδὲ
2180 833 2275 879 ζήτει
2289 834 2362 874 πῶς
2384 834 2403 868 ὃ

1386 899 1533 951 σπινθὴρ
1549 902 1674 943 ἐκεῖνος
1690 903 1749 936 τοῦ
1769 898 1917 937 θανάτου
1937 898 1996 935 καὶ
2016 899 2078 943 τῆς
2099 895 2270 947 ἁμαρτίας
2286 893 2402 939 ἐλύθη,

1385 960 1554 1006 τοσαύτης
1582 960 1754 1006 θαλάττης
1781 958 2010 1012 χαρισμάτων
2028 955 2269 1008 ἓπενεχθείσης
2295 955 2403 1005 αὐτῷ.

1386 1022 1500 1059 Τοῦτο
1517 1019 1584 1072 γὰρ
1599 1020 1658 1058 καὶ
1677 1022 1816 1063 Παῦλος
1836 1019 1974 1070 ᾐνίξατο
1992 1017 2111 1064 εἰπὼν,
2126 1019 2180 1054 ὅτι
2194 1019 2240 1055 Οἱ
2257 1014 2317 1061 τὴν
2344 1030 2407 1052 πε-

1390 1080 1541 1132 ρισσείαν
1567 1084 1628 1126 τῆς
1647 1080 1789 1132 χάριτος
1817 1080 1876 1118 καὶ
1904 1083 1967 1126 τῆς
1987 1078 2204 1125 δικαιοσύνης
2224 1076 2406 1121 λαίόντες,

1389 1144 1423 1179 ἐν
1443 1144 1511 1193 ζωῇ
1542 1141 1806 1192 βασιλεύσουσι·
1827 1140 1886 1178 καὶ
1908 1140 2026 1186 ἐπειδὴ
2054 1142 2171 1190 σαφῶς
2185 1141 2298 1176 ’τοῦτο
2318 1136 2407 1175 ἀπέ-

1390 1200 1497 1247 δειξε,
1518 1202 1622 1240 πάλιν
1642 1205 1692 1253 τῷ
1716 1201 1844 1253 πρώτῳ
1867 1200 2038 1252 κέχρηται
2066 1200 2308 1250 συλλογισμῷ,
2328 1200 2409 1235 ἐπι-

1390 1261 1541 1314 σφίγγων
1557 1263 1657 1300 αὐτὸν
1678 1265 1719 1312 τῇ
1740 1261 1957 1312 ἐπαναλήψει
1971 1290 1981 1307 ,
1999 1261 2058 1298 καὶ
2076 1259 2200 1310 λέγων,
2217 1258 2284 1307 ὅτι,
2303 1260 2332 1295 εἷ
2354 1255 2412 1295 διὰ

1389 1328 1448 1361 τσῦ
1463 1323 1752 1376 παραπτώματος
1766 1322 1895 1361 ἐκείνου
1910 1322 2144 1367 ἐκολάσθησαν
2163 1321 2311 1363 ἅπαντες
2323 1349 2333 1365 ,
2353 1318 2410 1356 δύ-

1389 1386 1495 1420 ναιντ’
1525 1383 1564 1419 ἂν
1596 1383 1656 1421 καὶ
1680 1385 1834 1420 ἐντεῦθεν
1867 1383 2104 1426 δικαιωθῆναι.
2121 1381 2184 1418 Διὸ
2209 1380 2268 1417 καὶ
2296 1380 2409 1430 λέγει·

1388 1443 1425 1481 Ἄ
1433 1459 1475 1495 ρα
1490 1436 1547 1481 οἶν
1561 1445 1606 1486 ὡς
1625 1445 1657 1480 δι
1671 1444 1754 1486 ’ἑνὸς
1770 1442 2056 1492 παραπτώματος
2073 1443 2121 1484 εἷς
2133 1440 2266 1483 πάντας
2284 1438 2412 1491 ἀνθρώ-

1389 1519 1474 1546 πους
1497 1506 1543 1546 εἷς
1563 1503 1785 1556 κατάκριμα,
1805 1502 1894 1540 οὕτω
1923 1503 1979 1540 καὶ
2016 1503 2058 1539 δι’
2079 1501 2151 1545 ἑνὸς
2179 1500 2412 1550 δικαιώματος

1391 1566 1437 1606 εἷς
1455 1563 1588 1606 πάντας
1609 1564 1809 1615 ἀνθρώπους
1828 1565 1874 1606 εἷς
1895 1562 2070 1601 δικαίωσιν
2098 1564 2199 1607 ζωῆς.
2225 1561 2296 1599 Καὶ
2324 1564 2412 1599 ἐπα·

1390 1624 1571 1676 γωνίζεται
1594 1625 1700 1663 πάλιν
1727 1627 1832 1675 αὐτῷ,
1849 1623 1940 1662 οὕτω
1963 1624 2072 1675 λέγων
2088 1639 2095 1646 ·
2114 1622 2255 1674 εὨσπερ
2269 1621 2336 1674 γὰρ
2355 1621 2411 1660 διὰ

1389 1688 1451 1731 τῆς
1478 1687 1658 1737 παρακοῆς
1677 1688 1735 1723 τοῦ
1757 1685 1828 1728 ἑνὸς
1851 1683 2033 1735 ἀνθρώπου
2068 1683 2270 1736 ἁμαρτωλοὶ
2303 1698 2412 1719 κατε-

1806 1745 1894 1784 οῧτω
1919 1746 1979 1783 καὶ
2010 1745 2067 1782 διὰ
2085 1747 2148 1790 τῆς
2175 1745 2331 1789 ὑπακοῆς
2351 1746 2411 1780 τοῦ

1390 1807 1462 1850 ἑνὸς
1491 1807 1618 1844 δίκαιοι
1645 1805 1970 1852 κατασταθήσονται
1996 1807 2027 1843 οἱ
2059 1803 2191 1842 πολλοί.
2218 1804 2289 1841 Καὶ
2320 1804 2413 1840 δοκεῖ

1391 1884 1452 1918 μεν
1474 1867 1589 1918 ζητημ
1593 1883 1614 1905 α
1634 1883 1671 1905 ου
1694 1883 1753 1918 μι>
1747 1867 1816 1918 ρὸν
1836 1867 1925 1918 ἔχειν
1949 1866 1987 1904 τὸ
2016 1865 2218 1917 εἰρημένον·
2244 1864 2283 1902 ἂν
2305 1864 2341 1901 δέ
2359 1879 2413 1906 τις

1391 1928 1572 1981 ακριὸῶς
1561 1928 1719 1981 προσέχῃ
1732 1957 1741 1975 ,
1761 1943 1820 1965 και
1840 1943 1939 1966 τουτο
1971 1927 2118 1970 εὐκόλως
2146 1926 2346 1972 λυθησεται.
2365 1924 2414 1962 Τί

1391 1991 1468 2027 ποτ’
1498 2005 1554 2027 ουν
1575 2005 1650 2026 εστι
1669 1989 1708 2026 τὸ
1727 1988 1789 2034 ζήτ
1778 2003 1886 2038 ημα;
1907 1988 1959 2026 Τὸ
1978 1987 2019 2025 λέ
2020 2003 2092 2026 [ειν
2120 1985 2176 2024 διὰ
2201 1989 2263 2033 τῆς
2292 2000 2412 2038 παρα-

1391 2067 1412 2088 κ
1416 2066 1473 2096 οης
1494 2055 1554 2088 τοῦ
1573 2050 1645 2093 ἑνὸς
1665 2049 1892 2101 ἁμαρτωλους
1914 2048 2072 2100 γενεσθαι
2090 2047 2248 2090 πολλους.
2268 2047 2320 2084 Τὸ
2350 2046 2414 2096 μὲν

1391 2110 1457 2162 γὰρ
1484 2110 1697 2161 ἁμαρτόντος
1727 2109 1857 2148 ἐκείνου
1885 2084 1943 2147 mit
1966 2107 2149 2160 γενομένου
2180 2110 2323 2154 θνητοῦ,
2353 2106 2415 2144 καὶ

1390 2170 1469 2214 τοὺς
1494 2171 1528 2215 ἐξ
1559 2174 1663 2209 αὐτοῦ
1687 2170 1859 2212 τοιούτους
1884 2163 1993 2217 εἶναι,
2014 2168 2109 2206 οὐδὲν
2135 2166 2276 2211 ἀπεικός
2293 2183 2300 2190 ·
2319 2167 2416 2206 τὸδὲ

1391 2233 1430 2268 ἐκ
1448 2235 1510 2277 τῆς
1528 2234 1710 2282 παρακοῆς
1732 2230 1865 2268 ἐκείνου
1877 2230 1991 2282 ἕτερον
2011 2228 2217 2281 ἁμαρτωλὸν
2237 2227 2415 2278 γενέσθαι,

1392 2291 1493 2328 ποίαν
1515 2291 1555 2327 ἂν
1587 2290 1789 2328 ἀκολουθίαν
1810 2289 1932 2340 σχοίη,
1958 2290 2198 2341 Εὸρεθήσεται
2225 2288 2293 2339 γὰρ
2323 2287 2415 2324 οὕτω

1393 2351 1480 2399 μηδὲ
1497 2351 1595 2396 δίκην
1613 2350 1757 2401 ὀφείλων
1778 2353 1795 2387 ὃ
1813 2353 1974 2398 τοιοῦτος,
1989 2349 2021 2387 εἴ
2030 2365 2068 2400 γε
2089 2348 2137 2398 μὴ
2159 2348 2290 2386 οἴκοθεν
2308 2363 2412 2399 γεγο-

1393 2426 1445 2447 νεν
1464 2410 1682 2462 ἁμαρτωλός.

1445 2559 1492 2597 Τί
1512 2553 1568 2597 οὖν
1590 2562 1683 2597 ἐστιν
1713 2561 1862 2596 ἐνταῦθα
1886 2559 1942 2604 τὸ,
1966 2557 2207 2609 Ἀμαρτωλοί,
2230 2557 2335 2608 Ἐμοὶ
2363 2559 2417 2595 δο-

1393 2627 1446 2659 κεῖ
1464 2622 1502 2659 τὸ
1528 2620 1709 2663 ὑπεύθυνοι
1735 2619 1875 2658 κολάσει
1905 2619 1965 2657 καὶ
1997 2619 2329 2670 καταδεδικασμένοι
2348 2622 2415 2656 θα-

1392 2682 1498 2733 νάτῳ.
1525 2680 1610 2719 Ν’Ότι
1641 2680 1701 2730 μὲν
1732 2675 1790 2717 οἶν
1818 2684 1876 2718 τοῦ
1899 2680 2008 2730 Ἀδὰμ
2034 2678 2262 2722 ἀποθανόντος
2289 2679 2418 2721 πάντες

1394 2742 1579 2792 ἐγενόμεθα
1605 2741 1743 2787 θνητοὶ,
1764 2743 1883 2792 σαφῶς
1911 2740 1970 2778 καὶ
1997 2739 2055 2778 διὰ
2072 2741 2209 2778 πολλῶν
2231 2739 2356 2783 ἔδειξε·
2376 2739 2418 2775 τὸ

1394 2802 1430 2839 δὲ
1449 2801 1654 2851 ζητούμενον
1669 2831 1677 2847 ,
1695 2800 1786 2844 τίνος
1802 2800 1916 2838 ἕνεκεν
1937 2805 2038 2838 τοῦτο
2057 2800 2204 2851 γέγονεν.
2221 2799 2314 2837 Ἀλλ’
2335 2801 2417 2837 οὔκ-

1395 2862 1446 2900 ἑτι
1476 2867 1575 2900 τοῦτο
1602 2861 1828 2914 προστίθησιν
1845 2877 1852 2884 ·
1871 2866 1886 2882 ³
1900 2860 1977 2899 οὐδὲ
1994 2861 2062 2912 γὰρ
2083 2862 2174 2912 αὐτῷ
2191 2859 2275 2911 πρὸς
2294 2859 2333 2897 τὸ
2348 2875 2417 2897 πα-

1397 2924 1452 2976 ρὸν
1475 2924 1626 2960 συντελεῖ
1646 2938 1652 2945 ·
1673 2923 1757 2974 πρὸς
1776 2922 1843 2973 γὰρ
1862 2923 2026 2960 Ἰουδαῖον
2046 2924 2066 2966 ἡ
2091 2921 2188 2972 μάχη
2215 2921 2271 2958 τὸν
2302 2922 2418 2971 ἀμφι-

1395 2984 1567 3022 ὃάλλοντα
1603 2981 1662 3020 καὶ
1697 2985 1948 3033 καταγελῶντα
1979 2984 2041 3027 τῆς
2076 2981 2132 3018 διὰ
2161 2985 2221 3018 τοῦ
2259 2980 2331 3023 ἑνὸς
2363 2981 2419 3017 δι-

1395 3043 1591 3090 καιοσύνης.
1609 3043 1677 3080 Διὰ
1705 3048 1805 3081 τοῦτο
1831 3043 1942 3086 δείξας
1965 3043 2024 3081 καὶ
2046 3042 2108 3089 τὴν
2132 3041 2274 3079 κόλασιν
2294 3040 2327 3084 ἐξ
2347 3042 2419 3084 ἑνὸς

1396 3105 1628 3156 ἐξενεχθεῖσαν
1649 3106 1694 3146 εἷς
1712 3104 1882 3149 ἅπαντας,
1910 3103 2000 3146 τίνος
2026 3103 2139 3140 ἕνεκεν
2164 3105 2266 3139 τοῦτο
2284 3101 2416 3153 γέγονε,

1396 3165 1511 3203 οὐκέτι
1539 3164 1751 3215 προσέθηκεν
1768 3179 1776 3186 ·
1799 3167 1835 3201 οὐ
1864 3163 1930 3215 γάρ
1950 3166 2022 3202 ἐστι
2041 3162 2217 3214 περιττὸς,
2240 3161 2328 3199 ἀλλὰ
2349 3163 2418 3198 τῶν

1397 3224 1595 3275 ἀναγκαίων
1614 3224 1730 3274 ἔχεται
1746 3223 1859 3273 μόνον.
1878 3226 1910 3262 Τ
1913 3228 1992 3261 οῧτο
2005 3223 2072 3274 γὰρ
2087 3225 2146 3260 οὐκ
2167 3223 2268 3260 αὐτὸν
2286 3222 2416 3271 μᾶλλον

1412 3376 1507 3395 ’1725ἴὲ

1506 3362 1581 3403 ·>=-·]
