2502 3810
747 276 790 304 IN
828 275 967 304 EPIST-

102 358 160 395 καὶ
180 357 227 407 μὴ
248 357 350 406 μόνον
370 359 530 408 ἐνεργεῖν,
551 357 640 395 ἀλλὰ
656 356 714 393 καὶ
731 363 866 406 κοπιᾷν.
889 356 964 401 Τὴν
980 355 1015 394 δὲ
1031 357 1120 406 Περ-

102 416 181 454 σίδα
201 416 260 454 καὶ
291 415 475 468 ἀγαπητὴν
509 418 629 464 καλεῖ,
658 415 788 459 δεικνὺς
821 415 960 465 μείζονα
988 414 1118 452 τούτων

102 471 220 514 οὖσαν.
249 476 467 515 Ἀσπάσασθε
485 476 573 529 γὰρ,
596 476 699 527 φησὶ,
720 476 877 528 Περσίδα
892 476 954 522 τὴν
976 478 1119 525 ἀγαπη-

101 536 177 582 τήν.
192 537 260 574 Καὶ
274 537 381 575 πολὺν
400 539 486 587 αὐτῇ
501 542 670 588 μαρτυρεῖ
685 536 855 587 κάματον,
870 535 999 586 λέγων·
1015 534 1119 577 ‘'H—ng

101 596 216 635 πολλὰ
232 597 416 636 ἐκοπίασεν
433 600 466 635 ἐν
480 598 610 649 Κυρίῳ.
626 597 746 639 Οὕτως
762 591 851 634 οἶδεν
866 595 1012 633 ἕκαστον
1028 594 1119 632 κατὰ

100 657 163 704 τὴν
185 658 280 702 ἀξίαν
298 658 490 709 ὀνομάζειν,
509 658 646 700 τούτους
661 674 699 695 τε
714 656 990 710 προθυμοτέρους
1009 658 1117 692 ποιῶν

102 721 151 770 τῷ
172 719 315 769 μηδενὸς
333 722 401 756 τῶν
426 719 625 771 προσόντων
659 721 771 760 αὐτοῖς
796 721 1009 767 ἀποστερεῖν,
1031 714 1120 753 ἀλλὰ

102 779 162 816 καὶ
179 779 242 826 τὴν
270 780 482 832 μικροτάτην
503 779 676 831 ὑπεροχὴν
698 777 963 829 ἀνακηρύττειν·
986 776 1064 818 τούς
1083 791 1120 812 τε

103 839 236 891 ἑτέρους
269 840 553 892 σπουδαιοτέρους
578 838 857 884 κατασκευάζων,
890 837 949 875 καὶ
986 839 1032 879 εἷς
1063 836 1120 874 τὸν

105 901 205 938 αὐτὸν
244 901 374 952 ἐνάγων
409 903 510 947 ζῆλον
541 906 612 943 τοῖς
644 899 723 951 περὶ
760 898 889 936 τούτων
924 897 1119 948 ἐγκωμίοις.

103 961 325 1000 Ἀσπάσασθε
345 961 487 1012 Ῥοῦφον
507 961 564 999 τὸν
593 960 752 998 ἐκλεκτὸν
770 962 804 997 ἐν
826 959 962 1011 Κυρίῳ,
983 958 1041 996 καὶ
1058 957 1120 1003 τὴν

104 1022 239 1075 μητέρα
268 1024 371 1060 αὐτοῦ
400 1022 459 1059 καὶ
485 1023 581 1071 ἐμοῦ.
616 1021 818 1071 “Ολόκληρα
849 1020 956 1057 πάλιν
977 1020 1122 1057 ἐνταῦθα

102 1082 146 1119 τὰ
166 1082 292 1133 ἀγαθὰ,
322 1082 402 1119 ὅταν
428 1082 486 1119 καὶ
515 1085 532 1119 ὁ
550 1087 633 1122 παῖς
648 1083 800 1121 τοιοῦτος
817 1074 858 1130 ἦ,
884 1079 943 1116 καὶ
961 1082 981 1125 ἠ
1004 1079 1121 1129 μήτηρ

102 1142 266 1189 τοιαύτη,
295 1142 353 1178 καὶ
374 1142 511 1194 πλήρης
539 1144 556 1186 ἡ
588 1139 680 1178 οἰκία
710 1139 889 1190 εὐλογίας,
920 1138 1020 1184 καὶὴ
1047 1138 1122 1190 ῥίζα

101 1205 151 1254 τῷ
167 1204 292 1252 καρπῷ
308 1201 497 1252 συμῧαίνῃ.
529 1200 620 1239 Οὐδὲ
641 1200 708 1252 γὰρ
722 1200 840 1242 ἁπλῶς
856 1193 932 1237 εἷπε
944 1229 954 1246 ,
975 1198 1122 1251 Μητέρα

102 1263 202 1300 αὐτοῦ
223 1262 282 1300 καὶ
301 1264 405 1312 ἔμοῧ,
435 1264 465 1299 εἰ
489 1261 537 1312 μὴ
558 1260 690 1307 πολλὴν
712 1260 900 1312 ἐμαρτύρει
923 1263 965 1311 τῇ
985 1260 1123 1311 γυναικὶ

100 1322 162 1369 τὴν
209 1322 348 1374 ἀρετήν.
392 1321 612 1360 Ἀσπάσασθε
643 1321 875 1372 Ἀσύγκριτον,
915 1321 1098 1373 Φλέγοντα
1114 1352 1122 1367 ,

100 1383 251 1436 Ἑρμᾶν,
266 1383 467 1434 Πατρόὸαν,
482 1382 632 1434 Ἑρμῆν,
647 1382 707 1420 καὶ
722 1381 799 1425 τοὺς
815 1381 874 1419 σὺν
894 1384 1008 1425 αὐτοῖς
1025 1384 1124 1420 ἀδελ-

109 1444 200 1496 φούς.
230 1443 402 1482 Ἐνταῦθα
423 1443 469 1493 μὴ
492 1447 592 1480 τοῦτο
614 1442 687 1494 ἴδῃς
702 1471 711 1488 ,
742 1442 795 1480 ὅτι
810 1442 916 1495 χωρὶς
942 1443 1124 1494 ἐγκωμίων

109 1505 230 1557 αὐτοὺς
256 1504 408 1552 τίθησιν,
438 1506 514 1542 ἀλλ’
540 1502 765 1555 ὅτΠσφόδρα
791 1504 850 1540 καὶ
878 1503 956 1547 τοὺς
976 1505 1126 1541 καταδε-

109 1565 266 1617 εστέρους
294 1566 393 1609 ὄντας
413 1565 575 1603 ἁπάντων
601 1566 663 1601 οὐκ
683 1564 858 1610 ἀπηξίωσε
878 1568 939 1610 τῆς
960 1567 1041 1616 παρ’
1065 1566 1127 1602 αὐ-

108 1630 168 1663 τοῦ
185 1626 426 1679 προσρήσεως·
444 1627 575 1676 μᾶλλον
591 1624 625 1663 δὲ
641 1629 678 1665 03
696 1625 816 1677 μικρὸν
833 1625 891 1663 καὶ
906 1630 1005 1664 τοῦτο
1021 1626 1127 1677 ἐγκώ-

111 1702 202 1737 μιον,
221 1687 259 1724 τὸ
281 1687 339 1724 καὶ
369 1686 534 1738 ἀδελφοὺς
566 1686 685 1730 αὐτοὺς
704 1688 843 1733 καλεῖν,
869 1690 1045 1740 ὡσπεροῧν
1068 1688 1127 1726 καὶ

108 1747 187 1790 τοὺς
207 1749 280 1798 μετ’
297 1747 418 1790 αὐτοὺς
433 1747 565 1798 ἁγίους·
589 1746 808 1785 Ἀσπάσασθε
823 1747 902 1799 γὰρ,
922 1748 1006 1800 φησὶ
1025 1778 1034 1795 ,
1056 1750 1126 1786 (bv.-

108 1807 250 1858 λόλογον
283 1808 343 1846 καὶ
372 1807 534 1856 Ἰουλίαν,
562 1808 621 1846 καὶ
655 1807 777 1860 Νηρέα
809 1809 867 1846 καὶ
888 1808 950 1854 τὴν
973 1810 1125 1861 ἀδελφὴν

110 1871 231 1914 αὐτοῦ,
259 1869 318 1906 καὶ
344 1870 530 1919 Ὀλυμπᾶν
562 1868 621 1906 καὶ
655 1869 733 1912 τοὺς
766 1868 826 1907 σὺν
853 1871 968 1912 αὐτοῖς
994 1870 1127 1914 πάντας

109 1929 243 1978 ἁγίους·
269 1929 355 1981 ὅπερ
381 1929 543 1979 μέγιστον
574 1923 614 1975 ἦν
635 1929 793 1980 ἀξίωμα,
813 1929 873 1967 καὶ
894 1933 998 1981 τιμῆς
1020 1931 1126 1983 μέγε-

110 1993 165 2033 θος
189 1990 334 2041 ἄφατον.
369 1984 472 2037 Εἶτα,
500 1990 557 2028 ἵνα
579 1991 733 2040 μηδεμία
765 1992 956 2042 φιλονεικία
985 1992 1126 2043 γένηται

111 2052 160 2101 τῷ
196 2050 273 2093 τοὺς
316 2051 377 2102 μὲν
412 2052 516 2098 οὕτω,
565 2052 643 2094 τοὺς
669 2051 705 2089 δὲ
742 2052 831 2089 οὕτω
864 2056 1127 2105 προσειρῆσθαι,

110 2111 170 2148 καὶ
206 2111 283 2154 τοὺς
316 2111 378 2163 μὲν
412 2113 597 2163 ὀνομαστὶ,
629 2112 707 2155 τοὺς
741 2112 775 2150 δὲ
810 2113 1036 2164 ἀδιορίστως,
1070 2114 1128 2151 καὶ

111 2172 189 2216 τοὺς
219 2173 282 2223 μὲν
312 2173 401 2224 μετὰ
431 2174 599 2213 πλειόνων
636 2173 832 2225 ἐγκωμίων,
860 2174 939 2217 τοὺς
970 2173 1006 2212 δὲ
1042 2175 1128 2225 μετὰ

112 2234 314 2282 ἐλαττόνων,
350 2236 519 2286 ἇνακιρνᾷ
548 2235 654 2272 πάλιν
683 2234 803 2277 αὐτοὺς
834 2238 877 2285 τῇ
902 2238 964 2281 τῆς
991 2236 1130 2285 ἀγάπης

112 2294 265 2346 ἰσοτιμίᾳ
289 2295 347 2334 καὶ
365 2298 415 2346 τῷ
436 2295 524 2348 ἁγίῳ
544 2295 733 2345 φιλήματι,
754 2294 863 2347 λέγων
880 2310 887 2318 ·
911 2295 1131 2334 Ἀσπάσασθε

111 2355 281 2401 ἀλλήλους
300 2359 333 2394 ἐν
356 2357 528 2408 φιλήματι
548 2356 637 2409 ἁγίῳ
650 2372 657 2379 ·
680 2355 736 2394 διὰ
756 2359 818 2402 τῆς
840 2356 977 2408 εἰρήνης
1004 2357 1132 2405 ταύτης

97 2415 226 2465 επάντα
259 2416 437 2455 ἐκὸάλλων
478 2417 689 2469 θορυὸοῦντα
724 2416 844 2460 αὐτοὺς
876 2417 1042 2470 λογισμὸν
1071 2419 1130 2456 καὶ

110 2481 123 2496 ³
139 2477 372 2529 μικροψυχίας
390 2478 564 2530 ἀφορμὴν,
581 2478 638 2516 ἵνα
658 2478 746 2528 μήτε
765 2481 782 2516 ὁ
805 2479 912 2529 μέγας
929 2483 1128 2531 καταφρονῇ

110 2540 169 2574 τοῦ
189 2538 392 2585 ἐλάττονος,
422 2538 511 2589 μήτε
530 2543 547 2577 ὃ
571 2539 691 2590 μικρὸς
713 2539 884 2591 βασκαίνῃ
907 2543 957 2591 τῷ
979 2541 1128 2589 μείζονι·

113 2596 202 2635 ἀλλὰ
219 2597 276 2635 καὶ
291 2598 463 2650 ὑπεροψία
479 2599 537 2636 καὶ
554 2598 672 2650 φθόνος
685 2599 938 2647 ἀπελαύνηται,
954 2604 1014 2637 τοῦ
1029 2601 1130 2651 φιλή-

111 2673 219 2708 ματος
238 2658 358 2696 τούτου
377 2659 491 2697 πάντα
514 2658 817 2711 καταπραΰνοντός
842 2675 880 2697 τε
899 2660 958 2697 καὶ
980 2660 1130 2706 ἐξισοῧν-

111 2734 179 2762 τος.
209 2719 272 2757 Διὸ
291 2721 328 2758 οὔ
354 2720 456 2771 μόνον
476 2719 597 2763 αὐτοὺς
617 2720 842 2758 ἀσπάσασθαι
856 2720 990 2759 κελεύει
1009 2721 1129 2770 οὕτως,

111 2779 127 2799 ¹²
143 2780 233 2818 ἀλλὰ
258 2781 318 2819 καὶ
344 2781 400 2819 τὸν
430 2784 552 2820 πασῶν
578 2781 798 2827 Ἐκκλησιῶν
819 2782 1004 2832 ἀσπασμὸν
1026 2783 1131 2827 οὕτως

113 2843 227 2885 αὐτοῖς
252 2842 499 2893 διαπέμπεται.
533 2842 760 2886 Ἀσπάζονται
785 2842 852 2894 γὰρ
866 2873 875 2890 ,
893 2843 1009 2894 φησὶν,
1030 2847 1131 2894 ὑμᾶς,

110 2902 226 2940 οὐκέτι
246 2903 301 2941 τὸν
322 2904 416 2941 δεῖνα
441 2902 501 2941 καὶ
515 2902 573 2940 τὸν
595 2903 687 2940 δεῖνα
707 2905 784 2940 κατ’
807 2902 909 2949 ἰδίαν,
928 2903 1018 2942 ἀλλὰ
1033 2909 1130 2952 κοινῆ

111 2962 267 3011 πάντας,
300 2966 345 3002 Αἱ
380 2963 562 3011 ἐκκλησίαι
593 2968 652 3003 τοῦ
682 2964 848 3015 Χριστοῦ.
877 2960 978 3009 Εἶδες
1002 2969 1075 3009 πῶς
1095 2950 1132 3004 oi}

115 3030 224 3082 μικρὰ
248 3031 307 3069 καὶ
343 3032 412 3070 ἀπὸ
441 3034 510 3070 τῶν
542 3032 769 3085 προσρήσεων
790 3032 920 3071 τούτων
940 3034 1131 3086 ε’κερδάνα-

116 3110 198 3145 μεν;
217 3095 346 3140 εΌσους
365 3097 554 3149 θησαυροὺς
568 3097 760 3149 ἐμέλλομεν
778 3100 1026 3152 παρατρέχειν,
1042 3103 1070 3138 εἰ
1083 3100 1131 3148 μὴ

116 3161 175 3199 καὶ
193 3162 288 3200 ‘tom-*t
304 3163 343 3201 τὸ
363 3163 465 3216 μέρος
483 3167 545 3210 τῆς
560 3167 744 3211 ἐπιστολῆς
762 3165 849 3216 μετὰ
863 3167 1042 3219 ἀκριὸείας
1056 3166 1131 3213 ἐξη-

161 3298 177 3316 *
203 3299 263 3340 [A.
279 3302 408 3344 σφόδρα,
428 3304 466 3338 ὡς
480 3304 554 3335 ἔοικε
589 3304 862 3348 καταδεεστέρους]

161 3359 175 3374 ²
197 3355 412 3394 μικροψυχίας,
427 3362 510 3393 saepe
525 3351 672 3383 occurrit
697 3353 767 3385 haec
789 3365 853 3386 vox
869 3353 985 3386 eodem
1008 3365 1122 3395 sensu,

127 3400 385 3445 uertendumque
415 3402 610 3445 simultatis,
639 3415 705 3437 non
727 3406 1022 3447 pusillanimitatis
1049 3419 1124 3440 cum

1013 274 1069 302 AD
1105 273 1213 302 ROM.

2156 252 2178 296 5

2087 253 2144 297 82

1194 354 1407 403 encomium,
1443 366 1567 404 nempe
1599 351 1635 389 in
1665 352 1833 403 operibus
1865 350 2010 389 omnino
2031 349 2178 395 versari,

1193 428 1255 452 nec
1274 414 1379 452 modo
1409 413 1558 465 operari,
1574 412 1635 450 sed
1661 412 1766 450 etiam
1795 412 1965 449 laborare.
1995 409 2176 448 Persidem

1145 483 1169 511 E
1193 488 1275 513 vero
1294 475 1400 512 etiam
1433 474 1600 511 dilectam
1638 481 1761 521 vocat,
1779 472 1872 509 hanc
1902 485 1975 510 esse
2006 471 2178 522 majorem

1191 535 1393 571 ostendens:
1412 547 1492 570 nam
1505 533 1564 580 ait,
1572 533 1747 570 Salutate
1761 532 1961 569 Persidem
1975 531 2177 574 dilectam,-

1191 595 1414 645 multumque
1432 594 1530 631 illam
1564 593 1757 644 suscepisse
1776 593 1932 629 laborem
1968 591 2181 629 testificatur

1189 655 1326 704 dicens,
1351 657 1445 705 szce
1465 654 1629 690 multum
1650 653 1843 689 laboravit
1858 655 1899 688 ιή
1923 653 2104 689 Domino.
2122 652 2176 688 Ita

1190 715 1324 752 solebat
1340 714 1499 765 singulos
1515 712 1712 750 secundum
1740 712 1949 762 dignitatem
1968 726 2066 749 suam
2085 725 2181 748 com-

1191 776 1325 826 pellare
1343 791 1349 811 :
1370 775 1434 812 hos
1469 772 1656 810 alacriores
1684 771 1857 819 reddens,
1886 771 1972 807 dum
1999 785 2056 808 eos
2079 771 2180 808 nulla

1192 836 1311 873 debita
1326 835 1430 872 laude
1442 833 1619 886 privaret,
1646 832 1707 870 sed
1719 831 1825 869 etiam
1838 831 1895 869 vel
1909 831 2091 868 minimam
2105 831 2179 869 vir—

1193 906 1303 934 tutem
1317 895 1524 948 praedicaret
1541 909 1549 941 ;
1571 893 1659 930 alios
1677 906 1761 929 vero
1773 890 2002 929 studiosiores
2017 890 2181 937 reddens,

1204 966 1236 994 et
1260 956 1307 994 ad
1327 955 1494 993 eumdem
1512 954 1625 991 zelum
1656 952 1788 989 talibus
1804 950 1972 989 encomiis
1991 950 2180 987 concitans.

1196 1018 1257 1055 45.
1281 1017 1459 1055 Salutate
1484 1015 1629 1066 Rufum
1656 1014 1819 1050 electum
1843 1014 1884 1048 in
1917 1012 2111 1055 Domino,
2146 1019 2182 1046 et

1136 1105 1183 1130 749
1195 1086 1358 1114 matrem
1397 1076 1505 1112 illius
1528 1084 1565 1111 et
1596 1087 1737 1111 meam.
1760 1072 1828 1109 Hic
1860 1085 2001 1122 quoque
2018 1070 2183 1108 universa

1148 1143 1172 1170 Λ
1194 1138 1287 1175 bona
1310 1146 1406 1184 sunt,
1439 1134 1582 1186 quando
1614 1143 1648 1171 et
1674 1133 1789 1171 Filius
1820 1132 1899 1170 talis
1919 1141 1952 1169 et
1976 1140 2088 1169 mater
2104 1130 2184 1167 talis

1194 1209 1259 1251 est,
1285 1209 1319 1237 et
1351 1199 1454 1251 plena
1482 1197 1610 1236 domus
1639 1206 1690 1234 est
1724 1194 1989 1243 benedictione,
2025 1201 2059 1231 et
2078 1192 2186 1230 radix

1197 1275 1279 1311 cum
1318 1261 1439 1298 fructu
1472 1257 1648 1296 convenit.
1693 1258 1815 1306 Neque
1845 1254 1940 1293 enim
1972 1253 2184 1305 simpliciter

1194 1323 1358 1369 dixisset,
1383 1323 1554 1358 Matrem
1584 1320 1690 1356 illius
1707 1327 1744 1355 et
1760 1331 1899 1363 meam,
1930 1316 1998 1354 nisi
2017 1328 2186 1366 magnam

1195 1382 1355 1421 mulieris
1389 1381 1560 1419 virtutem
1604 1379 1864 1416 testificaretur.
1910 1377 1974 1413 44.
2009 1376 2187 1414 Salutate

1197 1446 1482 1494 Asyncritum,
1537 1443 1819 1493 Plzlegontem,
1860 1441 2061 1485 Hermam,
2099 1439 2186 1475 Pa-

1198 1511 1370 1557 troham,
1403 1509 1599 1554 Hermen,
1620 1513 1657 1542 et
1686 1517 1748 1541 eos
1769 1506 1835 1555 qui
1861 1516 1947 1541 cum
1981 1504 2073 1553 ipsis
2094 1509 2185 1539 sunt

1187 1574 1355 1625 fratres.
1392 1570 1459 1608 Hic
1493 1583 1536 1606 ne
1569 1567 1755 1620 respicias,
1782 1566 1881 1617 quod
1919 1566 1984 1603 hos
2005 1565 2080 1602 sine
2109 1565 2184 1601 lau—

1197 1636 1306 1673 dibus
1338 1642 1522 1681 memoret,
1562 1631 1625 1670 sed
1652 1630 1751 1682 quod
1786 1630 1890 1668 etiam
1925 1643 1982 1666 eos
2001 1628 2062 1679 qui
2083 1628 2188 1679 longe

1200 1696 1365 1734 omnihus
1397 1694 1579 1732 inferiores
1605 1701 1702 1730 erant
1733 1691 1944 1729 salutatione
1983 1703 2051 1727 non
2082 1689 2188 1726 dedi·

1201 1755 1482 1809 gnareturzimo
1517 1768 1600 1794 vcro
1633 1767 1703 1791 non
1735 1752 1882 1790 minima
1911 1751 1988 1789 laus
2020 1750 2096 1788 haec
2125 1759 2188 1797 est,

1200 1818 1296 1871 quod
1332 1819 1457 1856 fratres
1487 1816 1567 1854 illos
1588 1823 1700 1864 vocet,
1742 1811 2043 1864 quemadmodum
2075 1819 2108 1848 et
2133 1825 2187 1848 se-

1200 1891 1344 1933 quentes
1367 1889 1503 1918 sanctos
1522 1879 1702 1931 appellat:
1725 1891 1807 1914 nam
1828 1877 1877 1914 ait
1900 1892 1907 1912 :
1930 1876 1994 1913 15.
2012 1875 2189 1913 Salutate

1200 1943 1447 1993 Plzilologum
1479 1950 1516 1978 et
1545 1940 1721 1989 Juliam,
1752 1947 1789 1976 et
1820 1939 1988 1976 lvereum
2025 1945 2062 1974 et
2087 1949 2188 1973 soro-

1201 2018 1280 2042 rem
1312 2006 1407 2055 ejus,
1433 2011 1469 2039 et
1497 2002 1707 2051 Olympum
1727 2007 1764 2036 et
1791 1999 2001 2050 omnesqui
2031 2010 2118 2034 cum
2135 1998 2187 2033 eis

1202 2074 1290 2104 sunt
1315 2072 1481 2102 sanctos.
1519 2061 1626 2108 Quod
1657 2060 1804 2111 quidem
1836 2059 1993 2096 maxima
2029 2057 2189 2108 dignitas

1203 2136 1290 2175 erat,
1311 2135 1344 2163 et
1378 2124 1522 2162 honoris
1549 2121 1741 2160 ineffabilis
1777 2119 2000 2171 magnitudo,
2033 2118 2184 2167 Deinde,

1203 2201 1246 2225 ne
1280 2202 1349 2238 qua
1381 2184 1555 2224 contentio
1577 2183 1743 2231 oriretur,
1768 2180 1864 2231 quod
1897 2180 1962 2217 hos
1991 2178 2078 2225 hoc,
2107 2178 2189 2215 illos

1205 2251 1275 2288 alio
1307 2249 1413 2287 modo
1444 2248 1643 2295 salutasset,
1669 2245 1757 2282 alios
1776 2242 2000 2292 nominatim,
2022 2242 2110 2280 alios
2133 2241 2189 2278 in-

1205 2311 1365 2359 definite,
1385 2309 1472 2347 alios
1495 2322 1575 2345 cum
1598 2305 1809 2357 majoribus,
1839 2304 1928 2341 alios
1953 2317 2033 2340 cum
2067 2301 2187 2339 mino—

1205 2373 1306 2410 ribus
1329 2370 1497 2409 encomiis
1515 2385 1522 2406 z
1544 2369 1620 2420 jam
1639 2367 1718 2404 illos
1736 2365 1937 2404 commiscet
1952 2373 1985 2401 ct
2004 2363 2189 2415 conjungit

1206 2435 1406 2474 dilectionis
1422 2434 1501 2486 pari
1521 2433 1666 2480 honore,
1681 2439 1714 2468 et
1729 2429 1849 2467 osculo
1870 2437 2009 2476 sancte,
2038 2427 2158 2465 dicens
2180 2442 2187 2462 :

1206 2498 1268 2535 16.
1290 2496 1468 2534 Salutate
1499 2495 1663 2530 invicem
1706 2492 1748 2527 ιή
1779 2489 1909 2527 osculo
1941 2496 2088 2525 sancto.
2122 2487 2189 2524 Per

1203 2558 1294 2595 hanc
1328 2569 1451 2608 pacem
1481 2552 1728 2604 cogitationem
1762 2563 1901 2587 omnem
1933 2562 2010 2598 quae
2047 2547 2191 2585 turbare

1204 2627 1322 2670 posset
1358 2623 1510 2663 amovet,
1535 2622 1568 2650 ct
1587 2611 1778 2650 simultatis
1808 2623 1928 2646 ansam
1959 2607 2132 2657 eliminat,
2149 2615 2189 2643 ut

1202 2693 1246 2716 ne
1261 2678 1377 2729 major
1412 2675 1586 2713 minorem
1616 2672 1828 2723 despiceret,
1863 2682 1926 2706 nec
1948 2668 2066 2705 minor
2104 2681 2184 2704 ma-

1200 2739 1274 2791 J'ori
1302 2736 1502 2783 invideret3
1523 2732 1582 2771 sed
1603 2742 1637 2770 et
1655 2730 1820 2784 superbia
1853 2738 1887 2767 et
1915 2727 2053 2766 invidia
2072 2727 2186 2779 pelle-

1204 2809 1315 2849 retur,
1335 2799 1403 2836 hoe
1421 2796 1542 2835 osculo
1569 2793 1685 2832 omnia
1716 2791 1901 2843 mitigante
1913 2799 1947 2828 et
1965 2788 2185 2839 adaequante.

1206 2864 1394 2914 Propterea
1423 2872 1492 2897 11011
1531 2857 1646 2894 solum
1677 2854 1831 2892 salutare
1853 2853 1934 2889 illos
1971 2850 2039 2887 hoc
2081 2848 2188 2887 modo

1201 2923 1319 2976 jubet,
1352 2921 1413 2959 sed
1436 2929 1468 2957 et
1500 2917 1660 2956 omnium
1691 2913 1933 2952 Ecclesiarum
1960 2911 2110 2949 salutem
2139 2909 2189 2947 sic

1205 2985 1277 3023 illis
1298 2982 1430 3021 mittit:
1451 2994 1533 3018 nam
1561 2978 1625 3027 ait,
1666 2976 1848 3015 Salzttant
1884 2985 1968 3021 vos,
1995 2985 2064 3009 non
2091 2971 2189 3008 hunc

1206 3045 1262 3084 vel
1295 3044 1400 3081 illum
1428 3039 1624 3092 speciatim,
1642 3035 1703 3074 sed
1731 3035 1768 3072 in
1790 3032 1969 3072 communi
1988 3031 2187 3079 universos,

1207 3105 1393 3144 Ecclesiae
1416 3102 1574 3140 Christi.
1597 3095 1729 3137 Viden’
1751 3093 1928 3145 quomodo
1945 3106 1990 3129 ex
2007 3090 2192 3129 salutatio*

1157 3176 1182 3206 D
1205 3166 1313 3204 nibus
1331 3163 1409 3202 istis
1440 3175 1509 3199 non
1540 3158 1681 3198 modica
1707 3154 1834 3194 lucrati
1863 3152 2067 3191 fuerimus?
2091 3153 2192 3200 Quot

1250 273 1402 302 HOMiL.
1444 272 1552 301 xxxi
1562 290 1570 299 .

1156 2546 1180 2577 C

1192 3303 1294 3337 veteri
1310 3303 1511 3342 Inter-prete.

1234 3355 1251 3379 1›
1274 3355 1368 3386 Unus
1384 3351 1498 3384 Codex
1516 3350 1562 3392 [et
1579 3348 1633 3390 A.]
1649 3349 1730 3381 ἀλλὰ
1746 3349 1794 3380 καὶ
1823 3348 1872 3379 τὸν
1896 3348 1983 3388 παρὰ
2003 3350 2061 3378 τῶν
2086 3346 2192 3381 ἐκκλη-

1192 3415 1259 3442 σιῶν
1276 3411 1444 3447 ἀσπασμόν.

1975 3459 2027 3496 56
