2466 3805
609 243 651 271 ΙΝ
691 243 805 272 ACTA
841 241 1185 271 APOSTOLORUM.
1225 232 1379 270 ll'oMtL.
1417 239 1512 269 xm.
2018 224 2101 268 123

42 323 129 374 ’(ίαν·
141 328 154 344 ⁰
165 322 240 366 τοὺς
250 322 503 366 Σαδδουκαίους
515 324 630 366 αὐτοῖς
642 325 839 375 ἐφιστῶσιν,
848 322 886 360 »οἳ
901 322 1054 373 μάλιστα

39 384 165 434 ἤλγουν
196 383 253 420 ἐπὶ
280 386 322 434 τῇ
346 383 545 421 ἀναστάσει.
565 384 654 421 Ἀλλ’
687 385 781 421 οὐδὲν
808 386 869 429 τ’ῆς
888 382 1055 434 πονηρίας

41 443 233 482 ἀπώναντο.
250 444 340 482 Ἀλλ’
358 444 440 487 ἴσως
454 447 523 496 ἐρεῖ
543 461 595 488 τις
607 461 614 468 ·
634 445 694 483 καὶ
712 445 763 488 τίς
786 445 964 498 ἄνθρωπος
979 461 1054 483 τοι-

41 504 147 542 ούτων
176 505 372 553 ἀπολαύων,
403 505 481 543 οἵων
513 508 544 543 οἱ
573 506 778 553 ἀπόστολοι,
805 508 865 544 οὐκ
882 505 921 544 ἂν
950 505 1057 556 μέγας

40 565 196 617 ἐγένετο,
213 567 303 604 Ἀλλ’
319 566 384 618 ὅρα
406 583 464 618 μοι
478 567 559 618 πρὶν
573 566 594 612 ἢ
611 569 806 605 ἀπολαῦσαι
820 570 881 612 τῆς
895 568 1058 619 χάριτος,

39 629 112 669 πῶς
132 620 221 672 ἦσαν
240 632 577 680 προσκαρτεροῦντες
599 628 817 678 ὁμοθυμαδὸν
847 631 889 679 τῇ
906 643 1056 680 προσευ-

1124 321 1226 358 aliter
1241 319 1443 372 persuaderi
1463 327 1636 371 poterant,
1656 331 1763 369 quam
1779 316 1936 355 docendo
1956 317 2038 355 illos
2056 318 2106 356 sic

1124 383 1213 420 bene
1233 391 1371 419 acturos
1391 381 1490 419 esse?
1507 380 1554 418 Et
1571 379 1656 419 vide
1673 379 1932 431 malignitatem
1946 394 1953 415 ε
1968 378 2107 416 Saddu-

1125 456 1211 480 cceos
1227 443 1299 480 illis
1320 442 1509 491 inducunt,
1532 441 1593 491 qui
1613 439 1768 478 maxime
1792 439 1837 477 de
1854 439 2108 477 resurrectione

1125 504 1317 553 dolebant3
1340 504 1401 542 sed
1422 503 1514 540 nihil
1534 502 1606 539 illis
1632 500 1770 539 malitia
1799 499 1945 553 profuit.
1968 501 2109 539 Verum

1124 565 1270 602 fortasse
1302 564 1396 602 dicet
1426 564 1625 616 quispiam:
1643 562 1776 612 Ecquis
1806 561 1938 599 talibus
1968 561 2107 612 fruens,

1126 625 1291 675 qualibus
1306 625 1472 677 apostoli,
1492 624 1610 673 bonis,
1626 638 1695 661 non
1707 637 1857 675 magnus
1867 623 1979 660 factus
1994 623 2109 661 essct?

40 689 106 737 χῆ,
143 687 201 724 καὶ
237 687 429 731 ἐλπίζοντες
451 688 508 726 ἐπὶ
534 687 595 735 τὴν
615 689 743 726 ἄνωθεν
765 688 885 739 ῥοπήν.
916 687 985 725 Καὶ
1016 687 1055 725 σὺ
1067 713 1114 737 ,οὗ
1130 687 1175 721 At
1185 684 1268 723 vide
1281 684 1468 735 quomodo,
1479 693 1667 733 antequam
1681 683 1793 734 gratia
1804 684 2014 732 fruerentur,
2029 697 2110 735 per-

41 746 189 790 ἐλπίζεις
203 777 212 794 ,
244 748 423 799 ἀγαπητὲ,
460 748 637 799 βασιλείαν
671 751 836 801 οὐρανῶν,
857 750 932 785 ἀλλ’
962 748 1055 785 οὐδὲν
1078 751 1104 778 Α
1128 754 1324 783 severantes
1343 744 1557 781 unanimiter
1577 753 1674 782 crant
1694 746 1731 782 in
1749 745 1917 793 oratione,
1939 752 1973 781 et
1996 743 2033 781 in
2052 757 2111 781 su-

42 807 241 858 ὑπομένεις
279 809 337 846 καὶ
370 809 410 847 σὺ
443 811 587 859 Πνεῦμα
608 808 750 856 ἕλαὲες,
773 810 849 846 ἀλλ’
865 811 902 846 οὐ
916 812 1058 846 τοιαῦτα

43 867 209 919 πάσχεις,
242 869 317 908 οὐδὲ
347 870 571 917 κινδυνεύεις,
599 870 750 906 Ἐκεῖνοι
769 867 820 915 δὲ,
852 868 931 919 πρὶν
949 867 970 912 ἢ
989 871 1058 904 τῶν

46 928 218 980 προτέρων
239 931 465 977 ἀναπνεῦσαι,
498 930 602 968 πάλιν
623 930 674 980 ἐφ’
693 927 793 979 ἕτερα
822 928 958 979 ἤγοντο.
988 928 1058 965 Καὶ

49 992 142 1026 τοῦτο
163 990 197 1027 δὲ
218 991 301 1029 αὐτὸ
315 991 353 1028 τὸ
375 990 422 1041 μὴ
447 993 663 1041 τυφωθῆναι,
686 989 725 1026 τὸ
747 987 795 1038 μὴ
815 988 1055 1037 κενοδοξῆσαι,

44 1050 149 1088 πόσον
166 1051 258 1088 ἐστὶν
275 1051 420 1102 ἀγαθόν,
440 1052 479 1089 τὸ
502 1050 589 1101 μετὰ
608 1049 793 1092 ἐπιεικείας
817 1048 1059 1099 διαλέγεσθαι,

44 1111 149 1148 πόσον
167 1112 240 1148 ἐστὶ
259 1111 398 1163 κέρδος,
418 1113 470 1149 Οὐ
488 1111 555 1162 γὰρ
570 1110 610 1157 δὴ
632 1110 747 1148 πάντα
763 1113 825 1156 τῆς
839 1109 982 1161 χάριτος
997 1104 1059 1157 ἦν,

44 1171 133 1209 ἀλλὰ
147 1171 205 1209 καὶ
224 1176 285 1218 τῆς
305 1175 415 1210 αὐτῶν
445 1173 595 1217 σπουδῆς
614 1171 727 1209 πολλὰ
745 1171 789 1209 τὰ
805 1170 990 1223 τεκμήρια.
1008 1171 1060 1208 Τὸ

44 1232 110 1284 γὰρ
129 1234 163 1270 ἐν
181 1234 294 1274 αὐτοῖς
312 1232 356 1271 τὰ
374 1235 435 1279 τ’ῆς
460 1232 603 1284 χάριτος
623 1231 844 1282 διαλάμπειν,
865 1234 925 1278 τῆς
945 1233 1058 1270 αὐτῶν

44 1293 243 1344 ἐπιμελείας
265 1288 318 1341 ἦν.

96 1416 191 1469 υΟρα
211 1421 288 1470 γοῦν
312 1417 406 1461 εὐθὺς
426 1417 459 1462 ἐξ
481 1418 612 1468 ἀρχῆς,
633 1418 706 1459 πῶς
726 1416 1028 1469 μεμεριμνημένος
1046 1419 1063 1454 ὁ
1083 1420 1106 1449 Β

44 1477 178 1529 Πέτρος
198 1479 271 1516 ἐστὶ
283 1509 292 1526 ,
311 1481 388 1521 πῶς
406 1477 522 1529 νήφων
549 1477 608 1515 καὶ
631 1476 827 1530 ἐγρηγορὼς
839 1507 848 1524 ,
865 1480 938 1521 πῶς
957 1480 987 1515 οἱ
1005 1493 1062 1514 πι-

45 1538 246 1582 στεύσαντες
264 1539 307 1577 τὰ
321 1538 488 1591 χρήματα
505 1539 783 1592 ἔῤῥι’1ιαν.οὐδὲν
798 1538 882 1576 ἴδιον
903 1532 1009 1590 εἶχον,
1029 1540 1063 1575 ἐν

46 1601 129 1651 εὐχῇ
147 1595 248 1648 ἦσαν,
273 1600 432 1651 ὁμόνοιαν
453 1599 708 1647 ἐπεδείκνυντο,
730 1602 763 1638 ἐν
790 1600 965 1647 νηστείαις
985 1601 1063 1645 διῆ-

43 1677 114 1711 γον.
144 1663 266 1699 Ταῦτα
287 1661 387 1704 ποίας
414 1661 577 1713 χάριτος,
596 1661 671 1699 εἶπέ
707 1676 778 1711 μοι.
799 1660 866 1699 Διὰ
886 1666 986 1700 τοῦτο
1003 1661 1063 1699 καὶ

44 1723 87 1759 δι’
111 1724 222 1759 αὐτῶν
249 1728 339 1760 ποιεῖ
357 1721 514 1774 γενέσθαι
541 1723 598 1760 τὸν
621 1721 764 1773 ἔλεγχον
784 1723 852 1758 τῶν
882 1724 1062 1774 ὑπηρετῶν

45 1784 176 1820 αὐτῶν·
201 1782 233 1820 οἳ
251 1783 309 1820 καὶ
326 1782 445 1835 ὥσπερ
468 1785 525 1821 ἐπὶ
540 1787 599 1821 τοῦ
617 1783 769 1833 Χριστοῦ
785 1782 900 1834 ἔλεγον
921 1784 952 1820 οἱ
972 1799 1063 1833 πεμ-

44 1844 197 1895 φθέντες,
217 1844 393 1882 Οὐδέποτε
422 1843 529 1886 οὕτως
557 1843 734 1895 ἄνθρωπος
758 1844 925 1889 ἐλάλησεν
942 1846 987 1886 ὡς
1007 1838 1063 1881 οῦ-

44 1920 100 1948 τος
117 1908 134 1942 ὃ
154 1905 352 1956 ἄνθρωπος,
370 1904 586 1956 ἀπήγγειλαν
609 1904 885 1956 ὑποστρέψαντες
902 1904 991 1958 ἅπερ
1012 1898 1063 1942 εἷ-

46 1967 113 2004 δον.
134 1965 182 2003 Σὺ
204 1966 240 2003 δέ
262 1981 321 2016 μοι
343 1965 465 2004 σκόπει
491 1968 636 2003 ἐνταῦθα
658 1965 717 2002 καὶ
739 1966 850 2003 αὐτῶν
867 1965 929 2012 τὴν
950 1966 1054 2004 ἐπιεί-

46 2042 154 2073 κειαν,
169 2029 242 2068 πῶς
259 2026 402 2073 εἴκουσι,
420 2025 479 2064 καὶ
493 2030 553 2063 τοῦ
574 2026 762 2078 ἀρχιερέως
775 2025 837 2071 τὴν
853 2026 1060 2077 πεπλασμέ-

46 2102 106 2133 νην
129 2086 286 2137 γνώμην.
304 2086 493 2129 Ἔπιεικῶς
511 2085 578 2137 γὰρ
607 2087 705 2133 δῆθεν
725 2088 837 2129 αὐτοῖς
851 2086 1060 2138 διαλέγεται,

46 2149 105 2186 ἅτε
140 2148 364 2200 φοῧούμενος,
394 2147 452 2185 καὶ
485 2148 640 2186 κωλῦσαι
672 2149 803 2198 μᾶλλον
837 2147 1017 2197 ἐὸούλετο,
1037 2149 1059 2195 ἢ

44 2211 190 2256 ἀνελεῖν,
208 2214 222 2230 ²¹
233 2209 350 2255 ἐπειδὴ
367 2212 467 2246 τοῦτο
486 2210 546 2245 οὐκ
561 2207 722 2253 ἠδύνατο.
738 2207 808 2245 Καὶ
823 2207 914 2246 ὥστε
927 2208 1061 2252 πάντας

43 2272 200 2315 κινῆσαι,
217 2269 274 2308 καὶ
304 2269 384 2321 περὶ
414 2270 482 2306 τῶν
505 2268 661 2320 ἐσχάτων
682 2270 796 2312 αὐτοῖς
825 2268 1059 2321 ἓπικρεμοὶσαι

41 2331 98 2369 τὸν
121 2330 286 2376 κίνδυνον,
318 2329 504 2377 Βούλεσθε,
539 2329 655 2381 φησὶν,
676 2331 863 2381 ἐπαγαγεῖν
882 2331 934 2382 ἐφ’
966 2334 1060 2381 ἡμᾶς

41 2391 78 2428 τὸ
100 2385 188 2441 αἷμα
207 2394 265 2428 τοῦ
287 2388 467 2442 ἀνθρώπου
495 2388 635 2438 τούτου,
661 2388 744 2427 ”En
771 2389 949 2441 ἄνθρωπος
972 2385 1059 2428 εἷναί

41 2466 95 2489 σοι
121 2453 231 2498 δοκεῖ,
250 2450 370 2493 Οὕτως
392 2443 487 2497 εἷπε,
509 2448 660 2497 δεικνὺς,
679 2449 730 2487 ὅτι
753 2450 926 2502 ἀναγκαία
945 2454 966 2497 ἦ
984 2467 1057 2489 πα-

42 2512 241 2564 ρακέλευσις
259 2511 396 2563 γέγονεν
417 2512 541 2555 αὐτοῖς.
563 2511 653 2548 Ἀλλ’
675 2510 738 2562 ὅρα
753 2511 812 2549 καὶ
833 2511 890 2550 τὸν
908 2511 1055 2564 Πέτρον,

41 2573 74 2611 τί
85 2589 186 2625 φησιν
201 2588 208 2595 ·
226 2574 356 2610 Τοῦτον
375 2575 392 2610 ὁ
407 2572 495 2616 Θεὸς
515 2571 668 2624 ἀρχηγὸν
692 2572 750 2610 καὶ
769 2574 922 2625 Σωτῆρα
939 2573 1057 2626 ὕψωσε

40 2638 83 2685 τῇ
105 2633 197 2685 δεξιᾷ
226 2635 348 2681 αὐτοῦ,
370 2637 429 2670 τοῦ
459 2633 574 2671 δοῦναι
607 2633 791 2684 μετάνοιαν
821 2636 869 2685 τῷ
891 2634 1054 2686 Ἰσραὴλ,

41 2694 100 2732 καὶ
132 2695 251 2746 ἄφεσιν
282 2694 472 2746 ἁμαρτιῶν.
505 2693 679 2731 Ἐνταῦθα
707 2696 744 2732 οὗ
781 2694 956 2745 μέμνηται
985 2698 1055 2733 τῶν

41 2757 158 2802 ἐθνῶν,
180 2754 235 2792 ἵνα
256 2754 303 2805 μὴ
324 2757 372 2807 δῷ
391 2754 514 2801 λαὸήν.
538 2754 608 2793 Καὶ
626 2755 825 2803 ἐὲούλοντο,
847 2756 963 2808 φησὶν,
980 2758 1056 2795 ἀνε-

39 2818 110 2854 λεῖν
131 2815 265 2859 αὐτούς.
283 2815 380 2869 υΟρα
410 2815 514 2854 πάλιν
531 2815 670 2859 τούτους
688 2819 721 2854 ἐν
740 2817 870 2870 ἀπορίᾳ
882 2849 891 2866 ,
919 2818 1057 2862 τούτους

40 2877 74 2913 ἐν
92 2876 193 2928 ὀδύνῃ
209 2892 216 2900 ·
243 2876 390 2920 ἐκείνους
424 2876 459 2914 δὲ
481 2879 514 2915 ἐν
542 2876 655 2916 ἀνέσει
675 2877 734 2915 καὶ
767 2878 913 2932 εὐθυμία
938 2880 996 2918 καὶ
1020 2882 1055 2918 ἓν

41 2940 164 2988 τρυφῇ.
203 2938 282 2988 Οὐχ
319 2938 438 2981 ἁπλῶς
473 2939 654 2976 ὠδυνῶντο
665 2968 677 2988 ,
712 2939 803 2978 ἀλλὰ
836 2941 1053 2991 Διεπρίοντο.

41 2995 152 3034 Τοῦτό
171 2998 260 3034 ἐστιν
277 2997 343 3049 ἄρα
360 2998 418 3046 τὸ,
437 3000 554 3042 κακῶς
577 3003 697 3037 παθεῖν
730 3001 769 3039 τὸ
787 3004 903 3046 κακῶς
921 3007 1030 3041 ποιεῖν
1046 3017 1053 3025 ·

41 3056 197 3107 καθάπερ
224 3057 283 3094 καὶ
310 3061 455 3097 ἐνταῦθα
488 3059 580 3098 ἔστιν
609 3061 707 3099 ἰδεῖν.
729 3062 790 3100 Ἐν
811 3064 949 3113 δεσμοῖς
967 3058 1054 3110 ἦσαν

41 3111 153 3179 οῦτοιω,
172 3119 461 3168 παρειστήκεισαν
481 3121 693 3175 δικαστηρίῳ
705 3151 714 3168 ,
734 3122 792 3161 καὶ
811 3125 840 3161 οἱ
868 3123 884 3142 ¹³
898 3124 1055 3168 δικάζον-

41 3193 95 3220 τες
120 3181 208 3223 ἦσαν
233 3179 267 3215 ἓν
289 3179 434 3231 ἀπορίᾳ,
462 3183 495 3219 ἐν
516 3182 698 3236 ἀμηχανία
724 3185 852 3236 πολλῇ.
885 3185 1053 3237 Καθάπερ

12 3241 14 3244 ’
42 3236 107 3288 γὰρ
126 3239 143 3274 ὃ
162 3237 217 3275 τὸν
239 3239 418 3290 ἀδάμαντα
451 3243 629 3291 πλήττων,
665 3244 766 3288 αὐτὸς
799 3245 969 3295 λαμὸάνει
992 3245 1054 3292 τὴν

87 3366 98 3377 s
118 3354 127 3395 [
141 3362 199 3391 τοῖς
215 3358 422 3395 Σαῦῖοικαίοτς.
436 3359 493 3401 D.]

89 3418 100 3431 ἃ
118 3407 208 3438 Unus
225 3411 322 3446 ἐπειδὴ
339 3413 428 3443 ἐκεῖνο
446 3415 476 3444 οὐ
493 3415 623 3447 δυνατόν-

1126 819 1235 856 perna
1264 805 1378 855 gratia
1406 814 1597 857 sperantes.
1631 805 1677 842 Et
1709 814 1745 842 tu
1752 835 1762 854 ,
1784 805 1932 853 dilecte,
1962 819 2112 857 regnum

1129 865 1295 903 caelorum
1313 879 1446 916 speras,
1466 874 1500 902 et
1518 864 1609 901 nihil
1629 865 1803 902 sustines?
1824 874 1856 902 ct
1878 875 1916 901 tu
1935 866 2111 916 Spiritum

1129 925 1307 976 accepisti,
1326 939 1388 962 nec
1406 925 1490 962 talia
1506 925 1650 976 pateris,
1671 939 1782 974 neque
1800 925 2039 976 periclitaris?
2053 926 2114 963 Illi

1128 985 1338 1037 priusquam
1356 1000 1376 1023 a
1395 985 1575 1037 prioribus
1593 986 1822 1037 respirarent,
1841 999 1964 1022 rursus
1980 985 2026 1022 ad
2045 986 2114 1023 alia

1129 1043 1362 1081 ducebantur.
1387 1044 1482 1081 Illud
1501 1053 1619 1081 autem
1640 1044 1760 1095 ipsum
1788 1058 1856 1081 non
1888 1044 2024 1093 inflari,
2052 1058 2115 1082 nee

1130 1118 1221 1142 vana
1238 1104 1351 1154 gloria
1366 1104 1476 1149 affici,
1493 1113 1667 1154 quantum
1680 1113 1731 1141 est
1745 1104 1905 1141 bonum?
1920 1118 2002 1141 cum
2014 1118 2114 1142 man-

1128 1165 1313 1203 suetudine
1328 1165 1438 1216 loqui,
1453 1174 1625 1215 quantum
1641 1174 1690 1202 est
1703 1164 1870 1202 lucrum?
1883 1166 2004 1215 Neque
2018 1166 2112 1204 enim
2126 1187 2233 1218 Graiiae
2255 1196 2316 1218 stu-

1129 1226 1247 1263 omnia
1275 1225 1397 1276 gratiae
1424 1234 1539 1273 erant3
1571 1224 1633 1262 sed
1663 1225 1808 1262 illorum
1836 1239 1976 1276 quoque
2004 1227 2113 1265 studii
2127 1227 2230 1258 dium'
2260 1243 2315 1260 no-

1130 1286 1263 1325 indicia
1283 1287 1394 1324 multa
1413 1295 1506 1324 sunt.
1530 1287 1622 1324 Nam
1637 1285 1732 1336 quod
1742 1286 1864 1337 gratia:
1879 1286 1970 1325 dona
1991 1287 2027 1326 in
2043 1288 2114 1327 illis
2127 1275 2315 1344 {ffiffilmff'd‘

1132 1347 1369 1400 splenderent,
1391 1361 1512 1386 eorum
1530 1361 1623 1385 curae
1641 1356 1675 1385 et
1691 1347 1885 1399 diligentiae
1896 1358 1981 1386 erat.

1185 1411 1224 1448 5.
1247 1409 1342 1448 Vide
1361 1423 1513 1460 namque
1532 1409 1652 1446 statim
1671 1424 1691 1446 a
1712 1409 1888 1462 principio
1915 1425 2023 1461 quam
2049 1412 2117 1450 sol-

1133 1472 1252 1510 licitus
1270 1472 1314 1510 sit
1334 1474 1473 1520 Petrus,
1491 1485 1597 1521 quam
1610 1471 1701 1522 vigil
1717 1480 1749 1508 et
1765 1471 1905 1509 sobrius
1912 1488 1922 1521 3
1938 1474 2117 1523 quomodo

1133 1533 1309 1571 credentes
1333 1532 1502 1586 pecunias
1534 1532 1758 1584 abjiciebant.
1796 1533 1899 1570 Nihil
1929 1534 2116 1585 proprium

1130 1595 1325 1643 habebant,
1354 1593 1390 1631 in
1413 1592 1574 1642 oratione
1603 1593 1863 1642 versabantur,
1892 1595 2117 1632 concordiam

1131 1656 1360 1701 exhibebant,
1374 1654 1411 1692 in
1423 1654 1570 1706 jejuniis
1589 1654 1750 1704 agebant.
1768 1654 1853 1691 Haec
1879 1668 1924 1692 ex
1949 1669 2018 1705 qua
2037 1669 2118 1706 gra-

1131 1717 1193 1765 tia,
1209 1717 1356 1768 quaeso?
1372 1715 1458 1753 Ideo
1475 1714 1512 1752 id
1531 1715 1656 1765 efficit,
1679 1724 1719 1752 ut
1742 1729 1806 1766 per
1832 1715 2014 1754 ministros
2035 1731 2118 1755 suos

1130 1777 1390 1829 redarguantur
1404 1792 1414 1825 3
1437 1776 1499 1826 qui
1516 1775 1634 1824 etiam,
1649 1785 1688 1813 ut
1703 1775 1802 1828 apud
1822 1776 2004 1814 Christum
2019 1777 2117 1815 missi

1131 1839 1311 1887 dicebant,
1342 1839 1567 1890 Numquam
1601 1839 1714 1874 homo
1743 1840 1798 1875 sic
1837 1838 2017 1890 loquutus
2045 1848 2114 1887 est,

1129 1904 1227 1939 sicut
1244 1902 1306 1938 hic
1327 1901 1454 1942 homo,
1477 1899 1777 1937 annuntiaverunt
1799 1900 1940 1941 reversi
1962 1915 2039 1951 quae
2064 1901 2119 1941 vi-

1129 1960 1265 1999 derant.
1278 1961 1336 1998 Tu
1353 1969 1470 1998 autem
1482 1959 1571 1996 mihi
1584 1959 1645 1996 hie
1662 1958 1844 1997 considera
1858 1959 2005 1998 illorum
2019 1953 2119 1999 man-

1130 2021 1362 2070 suetudinem,
1375 2019 1552 2072 quomodo
1567 2019 1696 2057 cedunt
1702 2035 1712 2069 3
1734 2034 1868 2057 necnon
1884 2021 2004 2058 fictam
2016 2022 2119 2074 prin-

1129 2084 1218 2136 cipis
1234 2082 1456 2122 sacerdotum
1478 2090 1643 2119 mentem.
1662 2082 1845 2119 Mansuete
1862 2082 1956 2119 enim
1972 2082 2045 2120 illis
2065 2084 2118 2121 lo-

1129 2146 1265 2197 quitur,
1281 2153 1402 2196 utpote
1415 2144 1564 2192 timens,
1578 2151 1611 2180 et
1626 2142 1815 2194 prohibere
1831 2143 1944 2194 magis
1960 2143 2115 2192 volebat,

1128 2221 1236 2257 quam
1265 2205 1447 2254 occidere,
1475 2204 1559 2254 quia
1590 2203 1630 2240 id
1660 2217 1730 2240 non
1762 2212 1911 2255 poterat.
1936 2205 2119 2254 Atque·ut

1128 2282 1249 2305 omnes
1270 2275 1422 2315 moveat,
1438 2279 1479 2303 ac
1499 2265 1544 2302 de
1563 2264 1731 2302 extremis
1747 2265 1940 2316 periclitari
1957 2266 2117 2316 suadeat,

1131 2330 1268 2378 mltis,
1295 2328 1426 2379 inquit,
1450 2327 1631 2364 inducere
1655 2322 1768 2377 super
1793 2340 1860 2364 nos
1890 2330 2117 2379 sanguinem

1129 2390 1293 2427 hominis
1321 2389 1426 2426 illius
1443 2392 1459 2424 Ρ
1479 2386 1607 2424 Adhuc
1626 2386 1733 2424 homo
1755 2386 1822 2424 tibi
1852 2386 1998 2426 videtur
2015 2389 2116 2426 esse?

1129 2452 1183 2489 Ita
1198 2450 1305 2499 dixit,
1319 2448 1506 2488 ostendens
1525 2448 1593 2485 hoc
1609 2456 1831 2500 praeceptum
1845 2458 1877 2485 et
1889 2448 2029 2500 jussum
2046 2450 2116 2488 sibi

1131 2511 1224 2564 ipsis.
1247 2509 1482 2549 necessarium
1509 2522 1592 2546 esse.
1613 2506 1684 2546 Sed
1702 2507 1786 2546 vide
1805 2507 1895 2558 quid
1914 2510 2039 2547 Petrus
2058 2509 2114 2547 di-

1131 2581 1186 2610 cat
1197 2588 1204 2608 ε
1216 2574 1332 2609 Hunc
1345 2572 1556 2622 principem
1571 2577 1608 2605 et
1621 2567 1862 2606 salvatorem
1882 2570 1988 2607 Deus
2005 2571 2114 2608 exal-

1131 2636 1229 2672 tavit
1257 2634 1416 2670 dextera
1443 2644 1528 2676 sua,
1559 2629 1613 2666 ad
1642 2629 1816 2665 dandam
1847 2632 2114 2680 poenitentiam

1128 2695 1282 2740 Israeli,
1309 2701 1345 2730 et
1370 2693 1633 2729 remissionem
1658 2698 1916 2741 peccatorum.
1944 2691 2011 2728 Hic
2043 2705 2113 2729 non

1129 2755 1288 2794 meminit
1313 2753 1495 2805 gentium,
1520 2760 1560 2789 ut
1586 2764 1628 2788 ne
1646 2765 1766 2788 ansam
1794 2750 1905 2788 daret.
1925 2753 1978 2789 Et
2003 2753 2115 2791 vole-

1131 2820 1240 2867 bant,
1259 2815 1387 2866 inquit,
1407 2814 1577 2852 occidere
1595 2813 1696 2849 illos.
1715 2811 1810 2852 Vide
1830 2826 1975 2849 rursum
1994 2812 2060 2850 hos
2075 2812 2112 2851 in

1129 2877 1290 2930 angustia
1308 2885 1340 2914 et
1360 2875 1505 2924 dolore,
1524 2874 1604 2911 illos
1624 2887 1708 2912 vero
1724 2872 1760 2910 in
1777 2872 1907 2923 quiete,
1930 2873 2054 2911 laetitia
2079 2883 2113 2912 et

1128 2940 1323 2991 voluptate.
1344 2938 1424 2974 Non
1440 2934 1651 2987 simpliciter
1666 2934 1720 2971 illi
1739 2933 1917 2983 dolebant,
1937 2933 1998 2971 sed
2023 2936 2112 2972 Dis-

1127 3001 1371 3038 secabantur.
1395 2997 1473 3034 Hoc
1491 3004 1542 3033 est
1564 2995 1669 3043 illud,
1690 2994 1780 3032 male
1800 2993 1893 3046 pati,
1910 2994 2001 3032 male
2022 2995 2111 3033 face-

1126 3075 1164 3098 re
1182 3076 1189 3096 :
1208 3069 1247 3096 ut
1265 3072 1358 3096 nunc
1377 3056 1498 3095 videre
1516 3064 1578 3093 est.
1601 3055 1646 3092 Hi
1666 3055 1702 3091 in
1723 3068 1858 3091 carcere
1876 3063 1989 3105 erant,
2005 3054 2111 3107 judi-

1125 3123 1179 3161 cio
1196 3122 1428 3170 sistebantur3
1451 3128 1482 3157 et
1497 3118 1635 3170 judices
1658 3117 1694 3154 in
1717 3116 1877 3167 angustia
1898 3126 2009 3166 erant,
2026 3131 2109 3155 con-

1126 3185 1198 3224 silii
1220 3186 1364 3237 prorsus
1382 3190 1552 3234 expertes.
1575 3180 1674 3218 Sicut
1694 3179 1788 3216 enim
1802 3179 1844 3228 is,
1863 3180 1925 3230 qui
1944 3179 2112 3219 adaman-

1126 3255 1196 3284 tem
1215 3244 1379 3298 percutit,
1401 3244 1476 3295 ipse
1493 3242 1636 3294 plagam
1650 3239 1805 3292 excipit:
1822 3239 1871 3278 ita
1892 3249 1926 3278 et
1945 3240 2002 3279 his
2020 3241 2112 3279 acci-

2131 1868 2220 1897 Joan.
2233 1866 2317 1906 7-46,

2124 3026 2279 3064 Adagium.

1152 3364 1167 3386 h
1186 3360 1278 3394 Idem
1298 3359 1409 3393 Codex
1429 3362 1593 3399 δικάζοντες
1614 3362 1642 3390 ἐν
1660 3359 1775 3399 κῑνσῖὐνῳ
1793 3361 1883 3397 ἦσαν,
1899 3361 1928 3390 ἐν
1944 3362 2068 3401 ἀπορίᾳ.
