2502 3810
765 290 808 319 IN
845 288 985 319 EpisT.
1026 287 1085 317 AD
1121 287 1228 317 ROM.
1269 287 1418 318 HOMlL.
1457 289 1518 320 xl.

108 373 196 411 ὥστε.
227 372 282 409 τὸν
305 372 484 418 Δεσπότην
516 372 677 409 ἁπάντων
703 373 748 414 εἷς
768 370 912 408 θάνατον
932 370 1122 416 κατελθεῖν,

107 433 165 471 καὶ
181 433 269 472 οὕτω
289 435 392 471 λ’ὔσαι
409 433 448 470 τὸ
469 432 588 475 κακὸν,
610 432 697 482 μετὰ
712 431 774 478 τὴν
794 430 962 477 τοσαύτην
979 429 1122 481 δωρεὰν,

106 494 165 531 καὶ
195 493 388 545 ἐλευθερίαν
417 493 647 544 λαμὸάνουσά
680 508 718 530 σε
750 491 872 530 ἑκόντα
900 490 988 536 αὕτη
1018 491 1122 528 πάλιν

105 553 500 604 ἃὺποκατακλινόμενον,
514 553 549 591 τί
562 557 622 592 οὐκ
638 553 837 605 ἐργάσεται,
858 552 920 598 Μὴ
937 551 1050 589 τοίνυν
1066 550 1124 588 ἐπὶ

108 619 267 654 τοσοῦτον
292 615 428 667 δράμῃς
449 614 633 667 βάραθρον,
653 613 740 665 μηδὲ
766 612 853 651 ἑκὼν
873 612 1017 650 σεαυτὸν
1036 626 1124 664 προ-

109 678 187 728 δῷς.
217 676 302 714 Ἐπὶ
329 676 389 726 μὲν
417 675 484 729 γὰρ
502 679 569 713 τῶν
591 676 752 725 πολέμων
773 674 831 712 καὶ
852 674 991 716 ἄκοντες
1011 688 1125 724 παρα-

111 738 261 775 δίδονται
286 737 456 781 πολλάκις
482 740 513 775 οἱ
541 740 768 790 στρατιῶται·
791 737 938 772 ἐνταῦθα
956 733 992 771 δὲ
1015 733 1053 770 ἂν
1075 732 1123 783 μὴ

113 797 212 840 αὐτὸς
228 796 488 848 αὐτομολήσῃς,
504 796 612 840 οὐδείς
631 811 690 834 σου
709 795 901 847 περιέσται.
934 792 1126 845 Ἐντρέψας

112 859 222 897 τοίνυν
240 858 308 897 ἀπὸ
324 862 382 896 τοῦ
393 858 594 911 πρέποντος,
609 858 706 909 φοὸεῖ
719 857 777 894 καὶ
791 855 860 894 ἀπὸ
873 858 940 893 τῶν
956 855 1126 900 ἐπάθλων,

114 920 171 957 καὶ
194 919 326 966 τίθησιν
345 918 548 970 ἀμφοτέρων
570 918 613 970 τὰ
637 917 813 968 ἐπίχειρα,
832 914 1050 960 δικαιοσύνην
1068 913 1127 951 καὶ

114 981 276 1018 θάνατον·
300 981 444 1018 θάνατον
465 978 499 1017 δὲ
518 980 555 1016 οὐ
575 981 745 1026 τοιοῦτον,
775 976 864 1014 ἀλλὰ
885 976 1005 1026 πολλῷ
1024 975 1128 1025 χαλε-

113 1040 280 1091 πώτερον.
304 1042 348 1077 Εἰ
364 1039 431 1090 γὰρ
447 1038 562 1076 οὐκέτι
577 1039 800 1076 ἀποθανεῖται
816 1034 967 1086 Χριστὸς
978 1063 988 1081 ,
1004 1034 1056 1076 τίς
1069 1033 1127 1070 λύ-

113 1116 164 1137 σει
184 1100 240 1136 τὸν
262 1100 405 1137 θάνατον
425 1101 573 1144 ἐκεῖνον,
595 1096 729 1140 Οὐδείς.
750 1098 886 1133 Οὐκοῦν
902 1094 1036 1146 ἀνάγκη
1054 1093 1127 1131 διό-

111 1162 172 1198 λου
190 1160 397 1202 κολάζεσθαι
415 1158 474 1195 καὶ
494 1162 721 1211 τιμωρεῖσθαι
737 1173 744 1180 ·
765 1156 881 1194 οὐκέτι
900 1155 967 1208 γὰρ
984 1155 1128 1198 θάνατος

110 1220 338 1273 παραγίνεται
367 1219 527 1265 αἰσθητὸς
543 1249 551 1265 ,
571 1218 730 1272 καθάπερ
749 1220 895 1256 ἐνταῦθα
911 1247 920 1264 ,
941 1215 1128 1254 ἀναπαύων

113 1283 152 1320 τὸ
184 1284 304 1331 σῶμα,
333 1278 392 1318 καὶ
423 1281 485 1325 τῆς
513 1280 626 1331 ψυχῆς
658 1279 798 1331 διαιρῶν
811 1293 818 1300 ·
852 1276 1031 1329 Ἔσχατος
1063 1276 1130 1329 γὰρ

114 1340 233 1394 ἐχθρὸς
248 1345 473 1391 καταργεῖται
493 1342 510 1377 ὁ
529 1339 684 1383 θάνατος.
715 1338 823 1377 εὈθεν
845 1338 1014 1381 ἀθάνατος
1033 1337 1130 1375 ἔσται

112 1405 134 1447 ἡ
152 1400 314 1445 κόλασις,
334 1401 410 1437 ἀλλ’
430 1399 507 1452 οὐχὶ
525 1405 594 1443 τοῖς
613 1399 826 1438 ὑπακούουσι
844 1401 926 1451 Θεῷ
941 1428 951 1445 ,
969 1397 1059 1436 ἀλλὰ
1076 1398 1131 1435 δι-

114 1459 281 1506 καιοσύνη
295 1490 305 1508 ,
338 1459 397 1498 καὶ
428 1459 471 1497 τὰ
503 1461 542 1498 ἐκ
569 1459 696 1507 ταύτης
732 1459 972 1511 βλαστάνοντα
1005 1458 1132 1510 ἀγαθὰ,

115 1520 211 1558 ἔσται
231 1519 275 1557 τὰ
296 1519 440 1558 ἔπαθλα.
469 1520 581 1572 Χάρις
603 1520 639 1558 δὲ
663 1523 712 1572 τῷ
731 1523 835 1574 Θεῷ,
863 1519 916 1558 ὅτι
937 1515 999 1566 ἦτε
1020 1520 1134 1557 δοῦλοι

116 1584 178 1627 τῆς
197 1581 386 1634 ἁμαρτίας,
408 1580 628 1629 ὑπηκούσατε
644 1581 679 1620 δὲ
699 1582 738 1619 ἐκ
754 1580 897 1633 καρδίας
913 1583 959 1623 εἷς
974 1581 1009 1619 ὃν
1026 1596 1134 1633 παρε-

2087 275 2180 338 539

1195 367 1355 405 omnium
1384 368 1430 407 ad
1466 378 1615 407 mortem
1647 368 1884 421 descenderet,
1907 378 1938 407 et
1967 370 2016 408 sie
2047 371 2181 408 malum

1196 428 1378 467 tolleretur
1397 445 1404 466 :
1422 440 1500 482 post
1526 439 1664 469 tantum
1690 430 1840 478 donum,
1865 441 1944 484 post
1971 431 2181 482 acquisitam

1197 491 1409 542 libertatem,
1428 501 1612 544 peccatum
1628 501 1662 530 te
1677 493 1752 545 jam
1772 495 2062 532 succumbentem
2080 494 2182 532 inva-

1198 552 1299 604 dens,
1319 554 1407 605 quid
1420 568 1489 593 non
1509 555 1640 594 faciet?
1658 557 1710 594 Ne
1730 556 1850 607 itaque
1865 556 1909 594 ad
1925 565 2063 594 tantum
2078 557 2183 594 bara-

1198 614 1321 652 thrum
1349 629 1523 665 accurras,
1539 629 1650 667 neque
1676 617 1770 655 ultro
1797 626 1830 654 te
1861 618 2001 670 prodas.
2020 619 2060 655 ln
2079 617 2184 655 bellis

1198 677 1293 715 enim
1316 692 1406 730 saepe
1428 679 1559 716 milites
1586 679 1692 717 inviti
1711 679 1915 731 produntur
1937 696 1944 717 ε
1964 680 2024 718 hic
2052 689 2183 729 autem,

1197 739 1267 776 nisi
1289 749 1414 791 sponte
1436 741 1665 791 transfugias‚
1689 754 1791 779 nemo
1815 750 1846 780 te
1872 743 2065 794 superabit.
2082 744 2184 781 Post-

1200 813 1308 849 quam
1329 813 1374 838 ex
1393 799 1518 838 decore
1538 799 1712 852 pudorem
1732 800 1866 851 intulit,
1885 803 1958 854 jam
1985 817 2004 840 a
2030 803 2185 854 praemiis

1199 870 1320 911 terret,
1342 871 1376 899 et
1396 861 1496 914 ponit
1522 862 1707 912 utriusque
1729 862 1940 913 mercedem,
1955 864 2132 915 justitiam
2153 874 2187 903 et

1199 934 1367 973 mortem;
1384 933 1532 962 mortem
1563 939 1649 963 vero
1676 925 1818 976 vulgari
1844 940 1913 963 non
1939 927 2105 977 similem,
2127 928 2187 966 sed

1199 985 1303 1034 longe
1322 984 1533 1034 graviorem.
1556 984 1596 1024 Si
1615 984 1710 1022 enim
1732 985 1894 1023 Christus
1910 1000 1978 1024 non
1999 988 2092 1025 ultra
2113 1002 2188 1026 mo—

1198 1044 1332 1081 riturus
1345 1053 1410 1094 est,
1423 1044 1503 1095 quis
1518 1044 1618 1082 illam
1632 1045 1744 1084 solvet
1762 1046 1938 1083 mortem?
1955 1047 2078 1085 Nemo.
2092 1047 2189 1098 Ergo

1199 1119 1301 1156 poena
1314 1114 1419 1156 atque
1433 1105 1652 1157 supplicium
1668 1115 1719 1144 est
1733 1106 1926 1144 necessario
1940 1107 2164 1144 subeundum
2180 1123 2188 1143 :

1204 1179 1318 1216 neque
1339 1166 1435 1204 enim
1455 1167 1549 1205 ultra
1567 1181 1663 1206 mors
1682 1167 1825 1207 advenit
1846 1168 2037 1220 sensibilis,
2059 1179 2097 1207 ut
2120 1169 2190 1218 hic,

1202 1241 1279 1276 quae
1300 1241 1429 1280 corpus
1451 1228 1628 1279 quiescere
1644 1237 1677 1266 et
1692 1229 1737 1266 ab
1756 1229 1873 1266 anima
1894 1230 2049 1282 separari
2065 1239 2161 1268 curet
2179 1246 2187 1267 ε

1202 1289 1428 1327 Postremus
1447 1292 1548 1327 enim
1565 1291 1744 1327 inimicus
1760 1291 1941 1329 aboletur
1954 1305 2068 1330 mors.
2085 1291 2192 1330 Unde

1203 1348 1402 1387 immortale
1421 1350 1638 1403 supplicium
1657 1351 1735 1401 erit,
1749 1351 1813 1389 sed
1831 1365 1900 1389 non
1916 1352 2192 1403 obsequentibus

1204 1410 1298 1460 Deo;
1323 1410 1394 1449 illis
1418 1425 1569 1462 namque
1589 1412 1741 1464 justitia,
1759 1413 1923 1463 bonaque
1955 1414 2039 1452 inde
2064 1414 2192 1466 germi-

1205 1472 1338 1522 nantia,
1359 1473 1506 1525 praemia
1533 1482 1649 1511 erunt.
1681 1476 1742 1513 47.
1776 1476 1916 1515 Gratia
1942 1484 2071 1514 autem
2091 1477 2189 1522 Deo,

1206 1536 1300 1584 quia
1327 1537 1446 1571 eratis
1474 1537 1576 1573 servi
1597 1538 1767 1587 peccam)-
1784 1537 1964 1575 obedistis
1994 1545 2124 1575 autem
2145 1551 2193 1574 ex

1206 1593 1320 1630 corde
1333 1596 1374 1630 ἱη
1389 1608 1475 1632 eam
1502 1595 1886 1648 doctrinaesormam,
1904 1599 1946 1634 in
1974 1611 2091 1648 quam
2115 1606 2193 1635 tra-

122 1642 242 1687 ὃόθητε
263 1642 367 1680 τύπον
388 1643 543 1694 &th-[Nm
580 1641 774 1693 Ἐντρέψας
795 1643 864 1680 ἀπὸ
882 1645 943 1688 τ’ἧς
963 1641 1134 1689 δουλείας,
1150 1673 1197 1696 535
1209 1653 1281 1690 diti
1296 1656 1399 1692 estis.
1417 1656 1610 1705 Postquam
1627 1670 1647 1693 a
1667 1655 1837 1695 servitute
1850 1656 2039 1708 pudorem,
2058 1673 2077 1695 a
2098 1672 2192 1711 prae-

120 1702 276 1753 ’Ῠθὸήσας
297 1702 366 1741 ἀπὸ
394 1704 460 1740 τῶν
492 1702 649 1740 ἐπάθλων
677 1702 736 1741 καὶ
756 1702 971 1756 προτρέψας)
1002 1703 1137 1755 avopooz
1161 1710 1186 1738 Α
1209 1716 1290 1754 miis
1317 1724 1486 1754 terrorem
1512 1716 1634 1755 intulit
1651 1726 1684 1755 et
1705 1717 1867 1755 hortatus
1892 1727 1961 1768 est3
1980 1719 2084 1770 erigit
2108 1734 2193 1757 rur-

119 1763 223 1800 πάλιν
263 1762 332 1801 ἀπὸ
364 1765 425 1809 τ’ἧς
470 1763 609 1813 μνήμης
645 1765 712 1800 τῶν
758 1764 960 1816 εὐεργεσιῶν
1005 1762 1136 1806 αὐτούς.

119 1823 186 1861 Διὰ
202 1823 269 1874 γὰρ
285 1822 413 1861 τούτων
432 1823 614 1870 δείκνυσιν,
633 1823 686 1862 ὅτι
702 1840 739 1862 τε
756 1824 916 1875 μεγάλων
934 1823 1139 1875 ἀπηλλάγη-

121 1900 183 1923 σαν
204 1887 337 1931 κακῶν,
356 1885 415 1922 καὶ
433 1884 487 1923 ὅτι
503 1886 565 1922 οὐκ
584 1884 617 1929 ἐξ
637 1884 771 1924 οἰκείων
793 1885 920 1933 πόνων,
946 1884 1006 1922 καὶ
1022 1885 1076 1924 ὅτι
1093 1884 1138 1923 τὰ

121 1944 293 1993 μέλλοντα
310 1944 537 1997 εὖκολώτερα.
567 1945 735 1997 Καθάπερ
756 1945 822 1997 γάρ
838 1961 889 1988 τις
904 1948 1001 1997 ὠμοῦ
1015 1945 1139 2000 τυράν-

120 2021 177 2043 νου
198 2006 255 2044 τὸν
288 2006 512 2058 αἰχμάλωτον
545 2005 761 2056 ἐξελόμενος,
796 2007 855 2044 καὶ
884 2009 1063 2059 παραινῶν
1089 2005 1138 2057 μὴ

120 2067 402 2118 παλινδρομῆσαι
421 2067 505 2119 πρὸς
525 2067 641 2115 αὐτὸν,
662 2067 920 2118 ἀναμιμνήσκει
948 2070 1009 2114 τῆς
1027 2069 1138 2120 χαλε-

121 2130 188 2173 πῆς
211 2129 312 2165 αὐτοῦ
334 2127 550 2179 τυραννίδος·
581 2127 670 2166 οὕτω
690 2128 749 2166 καὶ
770 2132 787 2167 ὃ
814 2129 954 2172 Παῦλος
974 2131 1138 2181 ἐμφαντι-

123 2186 262 2224 κώτατα
281 2186 324 2223 τὰ
349 2187 567 2239 παρελθόντα
587 2187 798 2226 ἐνδείκνυται
817 2188 910 2226 κακὰ
929 2188 987 2227 διὰ
1003 2193 1063 2227 τοῦ
1080 2191 1138 2227 εὖ-

123 2254 299 2299 χαριστεῖν
318 2250 368 2300 τῷ
387 2249 481 2299 Θεῷ.
516 2248 608 2287 Οὐδὲ
627 2248 694 2300 γὰρ
714 2249 931 2302 ἀνθρωπίνης
951 2249 1067 2302 ἰσχύος
1086 2244 1141 2297 ἦν,

123 2308 248 2359 φησὶν,
268 2307 405 2346 ἐκείνων
428 2311 522 2359 ἡμᾶς
553 2308 752 2352 ἀπαλλάξαι
775 2309 915 2348 πάντων
930 2339 940 2358 ,
975 2309 1064 2347 ἀλλὰ
1091 2313 1141 2362 τῷ

123 2370 204 2420 Θεῷ
224 2368 326 2420 χάρις
344 2371 393 2420 τῷ
408 2373 561 2407 τοσαῦτα
575 2369 634 2407 καὶ
652 2369 853 2420 βουληθέντι
872 2371 931 2409 καὶ
952 2370 1140 2417 δυνηθέντι.

123 2429 194 2468 Καὶ
212 2432 326 2473 καλῶς
343 2424 452 2477 εἶπεν,
474 2429 718 2478 Ὑπηκούσατε
737 2433 776 2469 ἐκ
794 2431 940 2484 καρδίας
952 2447 960 2455 ·
981 2430 1058 2470 οὐδὲ
1075 2431 1142 2484 γὰρ

125 2490 368 2540 ἠναγκάσθητε
387 2489 461 2529 οὐδὲ
483 2490 678 2537 ἐὸιάσθητε,
704 2492 781 2530 ἀλλ’
797 2491 932 2536 ἑκόντες
947 2491 1033 2543 μετὰ
1053 2508 1143 2545 προ-

125 2549 247 2599 θυμίας
274 2549 458 2597 ἀπέστητε.
493 2552 607 2589 Τοῧτο
624 2550 659 2588 δὲ
679 2551 738 2589 καὶ
758 2551 1032 2602 ἐγκωμιάζοντος
1051 2554 1145 2590 ἐστιν

126 2614 235 2661 ὁμοῦ,
256 2610 315 2648 καὶ
335 2611 612 2662 καθαπτομένου.
641 2614 687 2650 Οἱ
705 2612 772 2665 γὰρ
793 2612 926 2656 ἑκόντες
942 2614 1146 2665 προσελθόν-

128 2687 205 2718 τες,
233 2671 291 2708 καὶ
321 2671 493 2722 μηδεμίαν
520 2671 767 2722 ὑπομείναντες
790 2673 956 2724 ἀνάγκην,
976 2673 1079 2712 ποίαν
1106 2674 1145 2712 ἂν

130 2731 271 2783 σήοίητε
293 2731 518 2783 συγγνώμην,
539 2731 617 2768 τίνα
633 2731 668 2770 δὲ
683 2732 871 2783 ἀπολογίαν
894 2732 951 2772 ἐπὶ
968 2738 1012 2772 τὰ
1027 2734 1148 2788 πρότε-

128 2807 170 2843 ρα
185 2792 513 2844 παλινδρομοῦντες,
538 2787 627 2830 Εἶτα
651 2791 708 2830 ἵνα
726 2793 839 2844 μάθῃς
852 2823 861 2841 ,
883 2793 939 2832 ὅτι
955 2795 992 2832 οὗ
1010 2797 1073 2840 τῆς
1092 2797 1149 2833 αὖ·

129 2855 196 2890 τῶν
214 2852 475 2903 εὐγνωμοσύνης
496 2852 612 2903 μόνον,
631 2852 721 2891 ἀλλὰ
737 2853 796 2891 καὶ
813 2856 875 2900 τῆς
892 2858 953 2892 τοῦ
973 2856 1065 2893 Θεοῦ
1082 2855 1148 2907 χά-

133 2928 221 2963 ριτος
240 2913 278 2950 τὸ
295 2920 363 2951 πᾶν
378 2913 528 2964 γέγονεν,
545 2912 665 2962 εἰπὼν,
681 2913 926 2961 εΥπηκούσατε
940 2916 978 2953 ἐκ
992 2915 1148 2967 καρδίας,

132 2973 319 3024 ἐπήγαγεν,
342 2974 405 3016 Εἷς
429 2973 465 3011 δν
483 2973 697 3025 παρεδόθητε
714 2974 821 3013 τύπον
843 2976 1000 3028 διδαχῆς.
1022 2975 1067 3014 ‘H
1088 2976 1151 3027 μὲν

132 3033 199 3085 γὰρ
214 3033 349 3080 ὑπακοὴ
371 3036 393 3079 ἦ
415 3035 452 3072 ἐκ
465 3033 611 3086 καρδίας
625 3035 664 3073 τὸ
682 3035 898 3079 αὐτεξούσιον
916 3037 1035 3084 δηλοῖ,
1061 3037 1150 3076 τὸδὲ

134 3093 394 3143 παραδοθῆναι,
413 3093 476 3140 τὴν
491 3098 550 3132 τοῦ
565 3096 657 3134 Θεοῦ
678 3095 840 3147 βοήθειαν
861 3096 1060 3135 αἰνίττεται.
1086 3097 1152 3141 Τίς

136 3152 171 3191 δὲ
199 3157 216 3191 ὃ
241 3153 345 3196 τύπος
365 3157 427 3200 τῆς
453 3155 615 3206 διδαχῆς
634 3155 770 3209 Ὀρθῶς
784 3159 844 3208 ζῇν
864 3157 922 3194 καὶ
943 3157 1032 3205 μετὰ
1046 3161 1151 3196 πολι-

136 3213 228 3256 τείας
247 3211 403 3265 ἀρίστης.
418 3214 726 3266 Ἐλευθερωθέντες
745 3217 782 3256 δὲ
800 3216 869 3256 ἀπὸ
884 3220 946 3264 τῆς
966 3218 1153 3269 ἁμαρτίας,

137 3280 349 3326 ἐδουλώθητε
368 3283 410 3331 τῇ
439 3281 650 3333 δικαιοσύνῃ.
677 3282 746 3321 Δύο
765 3286 909 3322 ἐνταῦθα
927 3283 1079 3322 δείκνυσι
1095 3289 1154 3323 τοῦ

140 3348 230 3383 Θεοῦ
261 3346 410 3398 δωρεὰς,
439 3346 477 3383 τό
507 3361 543 3383 τε
569 3347 740 3398 ἁμαρτίας
767 3351 1016 3402 ἐλευθερῶσαι,
1037 3351 1096 3389 καὶ
1117 3351 1156 3389 τὸ

1208 1792 1287 1816 sum
1319 1777 1400 1816 illos
1430 1791 1475 1816 ex
1505 1777 1760 1817 beneficiorum
1786 1779 1969 1819 memoria.
2004 1779 2069 1817 His
2099 1781 2193 1819 enim

1208 1838 1362 1876 ostendit
1386 1838 1468 1877 illos
1496 1838 1542 1876 ab
1572 1838 1774 1890 ingentibus
1793 1839 1897 1877 malis
1917 1839 2086 1878 liberatos
2105 1855 2193 1892 esse,

1209 1913 1272 1937 nec
1304 1913 1349 1937 ex
1378 1898 1532 1952 propriis
1558 1899 1764 1949 laboribu83
1791 1909 1897 1950 atque
1931 1900 2091 1938 faciliora
2123 1916 2196 1941 esse

1210 1974 1262 2010 ea,
1278 1974 1355 2011 quae
1372 1960 1492 1998 futura
1513 1968 1607 1997 sunt.
1629 1959 1941 2009 Quemadmodum
1958 1961 2052 1998 enim
2070 1961 2098 1999 si
2116 1963 2196 2013 quis

1210 2021 1392 2073 captivum
1407 2036 1427 2059 a
1443 2020 1578 2059 crudeli
1595 2029 1747 2073 tyranno
1766 2021 1984 2068 liberaverit,
2003 2022 2196 2062 adhortans

1209 2082 1328 2133 illum,
1350 2096 1394 2120 ne
1415 2081 1461 2120 ad
1488 2082 1608 2135 ipsum
1637 2090 1847 2131 revertatur,
1869 2083 2116 2135 gravissimam
2146 2085 2196 2122 il-

1210 2143 1282 2180 lam
1298 2141 1525 2195 tyrannidem
1544 2153 1796 2181 commemorat
1818 2159 1825 2179 :
1845 2144 1894 2182 ita
1915 2153 1947 2181 et
1963 2145 2096 2183 Paulus
2115 2160 2198 2184 eum

1211 2204 1371 2256 emphasi
1398 2204 1580 2256 praeterita
1611 2204 1705 2243 mala
1734 2204 1916 2254 describit,
1943 2205 2030 2243 dum
2067 2208 2199 2258 gratias

1211 2262 1286 2314 agit
1309 2263 1397 2301 Deo.
1418 2262 1541 2313 Neque
1559 2261 1668 2312 enim,
1687 2261 1815 2312 inquit,
1831 2262 1995 2301 humanae
2011 2265 2198 2304 fortitudi-

1212 2323 1267 2360 nis
1281 2331 1369 2373 erat,
1388 2322 1434 2360 ab
1450 2321 1522 2359 illis
1537 2335 1604 2360 nos
1615 2322 1719 2360 malis
1738 2336 1860 2361 eruere
1869 2338 1880 2374 3
1906 2324 1966 2361 sed
1981 2325 2094 2376 gratia
2108 2328 2199 2375 Deo,

1213 2382 1276 2434 qui
1293 2383 1332 2421 id
1351 2391 1385 2421 et
1402 2380 1517 2422 voluit
1538 2391 1572 2420 et
1593 2383 1720 2434 potuit.
1739 2384 1789 2421 Ae
1815 2393 1908 2422 reete
1932 2385 2039 2435 dixit,
2062 2389 2201 2425 ohedi-

1213 2447 1283 2483 stis
1306 2458 1354 2482 ex
1381 2445 1496 2483 corde
1518 2459 1528 2480 ,-
1550 2457 1664 2494 neque
1683 2444 1778 2482 enim
1804 2445 1916 2483 coacti
1935 2446 2067 2498 fuistis,
2089 2461 2201 2499 neque

1216 2519 1277 2557 per
1301 2505 1392 2553 vim,
1408 2503 1470 2542 sed
1496 2513 1620 2556 sponte
1650 2518 1731 2541 cum
1762 2505 1942 2544 alacritate
1973 2508 2200 2547 abscessistis.

1215 2564 1292 2603 Hoc
1312 2574 1431 2602 autem
1449 2573 1483 2602 et
1500 2564 1681 2602 laudantis
1701 2573 1753 2602 est
1776 2565 1885 2603 simul
1905 2574 1938 2604 et
1964 2568 2199 2620 corripientis.

1215 2626 1308 2664 Nam
1326 2624 1387 2677 qui
1403 2634 1541 2677 sponte,
1562 2632 1595 2662 et
1610 2625 1686 2662 sine
1703 2624 1777 2662 ulla
1795 2625 1894 2663 illata
1914 2627 2117 2666 necessitate
2143 2626 2201 2667 ai:-

1216 2685 1380 2734 cessistis,
1394 2699 1466 2736 qua
1488 2684 1607 2735 venia,
1628 2699 1697 2736 qua
1722 2686 1949 2724 excusatione
1966 2687 2067 2738 digni
2086 2689 2198 2739 eritis,

1217 2746 1246 2784 si
1262 2746 1307 2784 ad
1325 2745 1475 2798 pristina
1493 2745 1748 2783 revertamini?
1767 2746 1906 2785 Deinde
1924 2756 1962 2785 ut
1981 2748 2111 2800 discas,
2131 2765 2200 2789 non

1217 2820 1262 2845 ex
1276 2807 1423 2845 illorum
1438 2806 1616 2858 probitate
1632 2815 1780 2855 tantum,
1795 2807 1855 2845 sed
1870 2808 1937 2846 Dei
1956 2810 2069 2860 gratia
2088 2819 2201 2850 totum

1218 2869 1350 2906 factum
1380 2867 1508 2916 fuisse3
1531 2876 1719 2919 postquam
1746 2867 1908 2919 dixerat,
1939 2870 2129 2910 Oba-distis
2155 2887 2202 2910 ex

1219 2930 1347 2977 corde,
1366 2927 1521 2978 addidit,
1543 2929 1594 2966 In
1620 2941 1707 2966 eam
1735 2929 1920 2967 doctrinoe
1948 2932 2134 2983 sormam,
2163 2936 2204 2971 in

1220 3003 1338 3041 quam
1362 2990 1496 3026 traditi
1510 2991 1613 3027 estis.
1631 2987 1840 3026 Obedientia
1861 2990 1955 3027 enim
1973 3005 2018 3029 ex
2033 2992 2137 3030 corde
2156 2993 2201 3030 li-

1219 3050 1346 3088 berum
1360 3049 1547 3088 arbitrium
1564 3048 1705 3087 denotat
1715 3064 1725 3097 ;
1739 3050 1834 3100 quod
1851 3058 1967 3090 autem
1982 3053 2105 3090 traditi
2121 3053 2204 3103 sint,

1221 3110 1260 3148 id.
1277 3110 1345 3148 Dei
1369 3109 1548 3148 auxilium
1573 3109 1784 3147 subindicat.
1807 3112 1980 3158 Quaenam
2011 3122 2126 3150 autem
2156 3123 2206 3152 est

1222 3173 1336 3210 forma
1360 3170 1558 3209 doctrinae?
1576 3170 1682 3208 Recte
1705 3179 1739 3208 et
1767 3185 1848 3209 cum
1881 3173 2016 3225 optimo
2045 3174 2207 3213 instituto

1223 3233 1355 3271 vivere.
1373 3231 1438 3270 18.
1461 3233 1633 3268 Liberati
1648 3239 1778 3269 autem
1797 3246 1822 3269 a
1835 3243 2005 3284 peccato,
2025 3238 2125 3273 servi
2132 3235 2208 3289 sa-

1226 3295 1279 3330 ctt'
1313 3294 1404 3329 estis
1424 3293 1597 3342 justitioe.
1618 3291 1699 3329 Duo
1730 3291 1790 3329 hic
1816 3292 1908 3331 dona
1935 3295 2002 3332 Dei
2027 3296 2207 3334 ostendit:

1218 3353 1312 3403 quod
1330 3366 1349 3389 a
1370 3352 1523 3403 peccatis
1547 3349 1767 3399 liberaverit,
1792 3362 1823 3391 et
1843 3353 1937 3404 quod
1959 3355 2106 3407 justitiae
2126 3356 2210 3394 sub-

184 3477 194 3490 ³
221 3467 275 3499 Sic
294 3468 370 3501 Mss.
389 3468 436 3509 [et
453 3467 498 3500 sic
516 3469 702 3510 conjecerat
716 3469 833 3512 satit]
852 3470 940 3503 Editi
967 3471 1049 3504 male
1077 3475 1393 3519 οποκατακρινόμενον.

2208 1299 2322 1328 1.C0r.
2342 1298 2391 1327 15.

2206 1340 2255 1369 26.
