2502 3810
138 3261 323 3293 Psal.81.6.

141 3304 223 3336 Ihid,
241 3313 270 3331 2.
293 3314 322 3342 7.

139 3345 287 3383 Exotlss.

137 3391 191 3410 22.

140 3424 267 3465 Ilom.9.
292 3427 321 3466 ξι,

348 232 441 278 636

348 345 442 378 03115,
463 330 628 380 gehennae
655 328 850 366 cruciatum
866 337 899 366 et
924 328 1154 380 supplicium.
1174 329 1266 379 Imo,
1293 328 1321 366 si

348 390 426 439 quis
446 389 522 425 haec
552 397 712 425 accurate
741 388 1011 434 examinaverit,
1033 388 1070 425 in
1099 389 1166 426 hac
1184 402 1324 438 quoque

344 446 418 483 vita
434 446 514 483 talis
529 446 634 483 homo
653 454 812 483 mortuus
827 455 889 494 est,
908 456 947 483 ut
962 446 999 483 in
1017 446 1231 498 praecedenti
1242 460 1322 484 eon·
1346 457 1372 488 D

347 507 444 544 010110
474 507 566 543 clare
598 506 700 545 vobis
733 506 1098 545 commonstravimus.
1125 508 1165 546 Si
1193 516 1323 545 autem

345 568 485 618 Spiritu
501 569 623 619 sacta
652 570 781 606 carnis
806 568 1144 618 mortificaveritis,
1169 571 1321 606 vivetis.

345 626 476 664 Viden’
491 626 592 664 illum
603 641 672 664 11011
691 627 735 664 (10
755 627 912 678 corporis
928 636 1052 665 natura
1069 628 1182 679 loqui,
1199 628 1258 666 sed
1279 628 1323 666 de

344 686 544 723 carnalibus
573 686 860 738 ope1·ibus?N0n
885 687 980 724 enirn
1001 687 1109 738 dixit,
1140 688 1179 726 Si
1204 697 1322 726 autem

343 745 479 797 Spiritu
499 756 663 784 naturam
679 747 836 799 corporis
846 747 1158 795 mortificaveritis,
1171 748 1301 787 vivetis
1311 764 1322 798 ;

343 805 420 855 sed,
434 808 574 855 Facta,
593 821 706 857 neque
719 817 835 845 tamen
847 808 980 858 omnia,
999 808 1059 846 sed
1073 823 1206 861 prav33
1227 811 1324 860 quod

342 867 460 917 palam
479 877 528 905 est
551 882 595 905 ex
614 868 841 917 sequentibus
857 883 865 904 ι
881 868 919 906 Si
948 869 1043 906 enim
1063 869 1131 907 hoc
1159 870 1322 920 feceritis,

343 929 485 977 vivetis,
518 928 646 979 inquit.
667 931 712 967 Et
742 929 920 979 quomodo
951 940 1067 981 posset
1100 931 1192 980 fieri,
1221 932 1250 970 si
1279 932 1324 970 de

342 988 482 1026 actibus
508 989 672 1026 omnibus
690 988 969 1039 intelligeretur?
989 1004 1070 1027 nam
1092 990 1228 1041 videre,
1255 1006 1320 1030 au-

343 1048 435 1098 dire,
458 1049 569 1099 loqui,
594 1049 790 1096 ambulare,
810 1050 965 1101 eorporis
996 1060 1072 1088 acta
1105 1061 1186 1089 sunt
1194 1067 1205 1101 ;
1227 1061 1260 1090 et
1293 1054 1322 1091 si

342 1109 405 1146 illa
424 1110 678 1147 mortificemus
699 1119 733 1147 et
751 1111 1033 1162 exstinguamus,
1055 1121 1195 1150 tantum
1211 1113 1324 1152 aberit

342 1179 383 1207 ut
407 1170 586 1220 vivamus,
605 1179 645 1207 111
674 1170 779 1208 etiam
809 1171 997 1210 homicidii
1028 1186 1149 1224 poenas
1179 1173 1318 1213 demus.

343 1232 515 1278 Quaenam
532 1246 614 1271 vero
634 1233 724 1270 sacta
753 1232 841 1270 dicit
868 1247 941 1270 esse
966 1235 1238 1274 mortificanda?
1255 1237 1322 1275 Illa

342 1307 419 1343 quae
440 1293 486 1330 ad
506 1293 677 1330 malitiam
704 1303 903 1342 moventur,
919 1309 996 1345 quae
1016 1295 1062 1332 ad
1082 1296 1216 1334 malum
1236 1312 1320 1349 per-

341 1362 444 1403 gunt,
473 1367 550 1402 quae
582 1367 651 1391 non
682 1362 827 1404 possunt
859 1354 930 1391 alio
961 1355 1168 1392 mortificari
1199 1356 1320 1407 modO,

342 1428 448 1464 quam
469 1428 532 1465 per
560 1415 748 1466 Spiritum.
769 1416 860 1453 Nam
880 1415 949 1452 alia
977 1416 1007 1452 si
1026 1416 1245 1467 exstinguas,
1265 1427 1318 1455 te-

339 1474 459 1525 ipsum
478 1474 625 1524 occidis,
644 1474 739 1524 quod
768 1488 836 1511 non
857 1475 1036 1521 licet3has
1065 1489 1144 1514 vero
1164 1490 1226 1527 per
1241 1477 1320 1528 Spi-

340 1535 449 1571 ritum
469 1534 702 1573 solummodo.
728 1534 767 1571 Si
797 1534 889 1571 enim
910 1534 969 1571 ille
987 1535 1090 1583 adsit,
1108 1550 1226 1574 omnes
1244 1537 1319 1574 ssu-

340 1605 416 1632 etus
436 1595 666 1644 sedabuntur,
685 1594 794 1630 animi
810 1594 924 1630 morbi
940 1594 1190 1646 reprimentur,
1208 1596 1319 1635 nihil-

338 1668 405 1704 que
425 1664 544 1692 contra
574 1668 636 1691 nos
655 1655 826 1704 insurget.
851 1653 982 1692 Viden’
1012 1655 1190 1705 quomodo
1209 1670 1271 1695 1105
1299 1673 1318 1697 a

337 1715 479 1762 futuris,
506 1724 545 1752 ut
571 1715 645 1766 jam
667 1713 758 1763 dixi,
778 1714 950 1763 hortetur,
968 1723 1000 1752 et
1029 1716 1193 1754 ostendat
1219 1718 1318 1756 debi-

336 1785 428 1814 tores
445 1791 530 1822 esse,
556 1790 626 1814 non
643 1776 757 1813 solum
776 1777 821 1814 ab
840 1776 896 1825 iis,
917 1791 993 1827 quae
1005 1778 1080 1828 jam
1099 1778 1190 1816 facta
1207 1781 1317 1818 sunt?

336 1838 415 1874 Non
437 1836 530 1874 enim
549 1837 614 1874 1100
633 1836 748 1874 50111111
764 1845 829 1885 est,
850 1836 978 1886 inquit,
1002 1837 1213 1876 beneficium
1226 1840 1315 1893 Spi-
1341 1852 1366 1882 Α

334 1897 437 1945 ritus,
456 1897 550 1946 quod
565 1897 741 1949 praeterita
760 1906 902 1949 peccata
919 1897 1021 1935 nobis
1043 1898 1231 1950 remiserit,
1254 1901 1317 1941 sed

336 1958 439 1996 etiam
460 1957 556 2007 quod
572 1958 619 1995 ad
641 1959 761 1995 futura
781 1958 1076 2010 inexpugnabiles
1106 1959 1315 2011 reddiderit,

335 2027 368 2055 et
384 2018 577 2055 immortali
596 2019 671 2057 vita
699 2019 866 2069 dignatus
883 2019 939 2056 sit.
968 2019 1106 2057 Deinde
1124 2021 1231 2059 aliam
1251 2038 1313 2076 ap-

334 2092 466 2129 ponens
485 2077 694 2126 mercedem,
711 2078 853 2116 addidit
864 2080 944 2117 214.
963 2081 1200 2132 Quicumque
1213 2086 1315 2122 enim

335 2140 477 2190 Spiritu
495 2141 570 2179 Dei
585 2148 767 2192 aguntur,
787 2143 815 2176 ii
828 2141 1007 2193 szcntfilii
1021 2143 1108 2180 Dei.

812 245 848 273 S.
887 244 1070 274 JOANNJS
1107 243 1345 273 CHRYSGST.

1346 1061 1370 1091 E

388 2262 426 2299 ⁵2.
446 2261 530 2298 Haec
547 2273 670 2297 rursus
698 2273 825 2298 corona
845 2261 949 2312 longe
977 2264 1092 2314 major
1110 2274 1161 2302 est
1183 2266 1313 2317 priore.

336 2321 421 2359 Ideo
435 2335 505 2358 non
525 2320 730 2371 simpliciter
745 2320 839 2358 dixit
855 2337 862 2356 ι
879 2322 1104 2373 Quicumque
1120 2326 1214 2362 enim
1229 2328 1313 2378 Spi-

338 2382 410 2419 ritu
434 2381 500 2418 Dei
526 2380 655 2418 vivunt
664 2395 676 2429 3
699 2380 776 2428 sed,
810 2382 1045 2434 Quicumque
1067 2385 1209 2435 Spiritu
1242 2388 1318 2425 Dei

338 2450 526 2493 aguntum
547 2439 731 2478 ostendens
746 2441 795 2478 510
814 2441 917 2479 iilum
935 2443 1026 2481 velle
1043 2443 1228 2484 dominum
1245 2461 1318 2487 esse

337 2503 419 2539 vitae
438 2511 577 2550 nostrae,
600 2510 640 2538 ut
658 2502 929 2552 gubernatorem
943 2504 1092 2554 navigii,
1107 2514 1141 2542 et
1156 2508 1319 2559 aurigam

337 2561 429 2611 bigce
461 2575 644 2611 equorum.
666 2561 738 2597 Nec
762 2560 868 2598 modo
896 2576 1037 2614 corpus,
1065 2565 1126 2602 sed
1155 2575 1187 2604 et
1205 2567 1319 2618 ipsam

338 2622 493 2658 animam
513 2620 569 2658 his
586 2620 733 2657 habenis
751 2621 916 2673 subjicit:
930 2636 1042 2673 neque
1059 2625 1152 2663 enim
1171 2628 1248 2665 vult
1267 2628 1319 2666 il·-

337 2682 406 2718 lam
424 2680 668 2719 auctoritatem
682 2680 825 2729 habere,
842 2682 905 2719 sed
921 2683 1018 2721 1111115
1033 2687 1226 2736 potentiam
1243 2689 1319 2726 vir-

337 2742 406 2780 tuti
419 2742 574 2793 Spiritus
593 2741 750 2792 subjicit.
763 2743 816 2779 Ne
835 2743 928 2780 enim
946 2743 1081 2783 lavacri
1099 2746 1192 2785 dono
1209 2749 1320 2787 confi-

337 2804 381 2851 si,
403 2803 616 2853 subsequens
643 2803 723 2840 vi‘tae
743 2802 945 2841 institutum
964 2806 1196 2859 negligerent,
1215 2810 1317 2860 dicit,

337 2873 385 2913 te,
400 2864 537 2901 etiamsi
550 2864 770 2915 baptismum
787 2865 973 2916 acceperis,
986 2881 1099 2917 neque
1107 2879 1227 2921 postea
1240 2873 1318 2923 spi<

337 2927 410 2963 ritu
443 2925 599 2974 ducaris,
630 2925 794 2962 collatam
823 2925 1034 2976 dignitatem
1062 2939 1095 2967 et
1120 2931 1320 2984 adoptionis

338 2985 611 3037 praerogativam
626 2984 833 3036 perdidisse.
845 2986 928 3023 Ideo
942 3000 1011 3025 non
1027 2988 1132 3039 dixit,
1145 2993 1319 3039 Quieum-
1343 2999 1367 3030 C

338 3062 406 3097 que
424 3047 599 3098 Spiritum
620 3055 828 3097 acceperunt
840 3061 853 3097 3
878 3046 950 3095 sed,
977 3049 1214 3103 Quicumque
1231 3053 1319 3105 Spi-

337 3110 415 3144 rim
434 3109 510 3144 Dei
537 3114 703 3157 aguntur
719 3121 729 3142 .·
746 3105 783 3143 id
811 3116 874 3153 est,
895 3107 1110 3159 quicumque
1126 3126 1190 3163 per
1208 3122 1317 3153 totam

338 3167 448 3204 vitam
467 3167 515 3203 ita
533 3180 568 3203 50
586 3175 725 3216 gerunt,
739 3167 968 3220 hisuntfilii
984 3170 1070 3207 Del.
1083 3171 1219 3210 Deinde
1235 3174 1318 3224 quia

336 3226 414 3264 11300
442 3226 598 3277 dignitas
631 3226 767 3265 Judaeis
801 3241 942 3278 quoque
967 3228 1050 3267 data
1082 3231 1215 3270 fuerat:
1235 3248 1318 3273 nam

338 3287 499 3336 aittEgo
517 3286 611 3332 dixi,
630 3287 698 3323 Dii
716 3289 821 3333 estis,
841 3288 970 3340 etfilii
985 3291 1145 3330 Excelsi
1158 3307 1316 3340 omnes,-

339 3355 370 3383 et
398 3360 533 3391 rursus,
559 3348 683 3383 Filios
710 3350 824 3397 genui
856 3357 891 3385 et
925 3351 1119 3396 exaltavi,-
1149 3362 1193 3402 et,
1233 3357 1316 3393 Pri-

340 3408 551 3457 mogenitus
568 3419 672 3443 meus
693 3408 844 3451 Israel‚·
863 3417 894 3445 ct
910 3409 1042 3448 Paulus
1063 3412 1126 3463 ait,
1145 3415 1316 3464 Quorum

1329 1817 1377 1840 577

1385 243 1574 273 ARCHIEP
1582 263 1592 273 .
1631 244 1713 273 CON
1721 244 1966 276 STANTINOP
1974 265 1983 274 0

1394 328 1451 367 τὸν
1471 329 1615 368 θάνατον
1635 332 1719 379 ἡμῖν
1739 330 1971 381 αἰνιττόμενος
1997 331 2124 369 ἐκεῖνον
2145 330 2200 368 τὸν
2229 332 2411 379 ἀθάνατον,

1394 389 1457 436 τὴν
1481 393 1515 428 ἐν
1534 394 1577 440 τῇ
1599 390 1718 442 γεέννῃ
1745 390 1888 429 κόλασιν
1907 391 1966 429 καὶ
1986 391 2171 443 τιμωρίαν.
2192 393 2336 431 Μᾶλλον
2357 393 2412 440 δὲ,

1395 450 1426 487 εἴ
1443 467 1495 494 τις
1515 451 1667 503 ἀκριὸῶς
1686 451 1856 495 ἐξετάσειε
1877 456 1997 500 τοῦτο,
2016 452 2075 490 καὶ
2093 454 2127 490 ἐν
2146 455 2188 502 τῇ
2209 454 2279 504 ζωῇ
2301 453 2412 502 ταύτῃ

1393 510 1557 557 τέθνηκεν
1573 514 1591 549 ὃ
1610 514 1762 555 τοιοῦτος
1777 527 1784 535 ·
1799 511 1884 563 ὅπερ
1901 506 1957 549 οῦν
1976 511 2036 550 καὶ
2054 514 2088 549 ἐν
2119 516 2161 563 τῇ
2191 513 2259 565 πρὸ
2286 512 2414 558 ταύτης

1395 571 1542 615 διαλέξει
1572 571 1677 623 σαφὲς
1704 574 1786 622 ὑμῖν
1819 571 2076 622 πεποιήκαμεν.
2096 573 2141 609 Ei
2171 572 2207 611 δὲ
2232 572 2416 622 Πνεύματι

1395 630 1457 674 τὰς
1478 631 1618 684 πράξεις
1641 636 1701 670 τοῦ
1729 631 1890 682 σώματος
1907 635 2091 669 θανατοῦτε
2103 662 2113 679 ,
2131 632 2286 678 ζήσεσθε.
2305 632 2415 685 (Ορᾷς

1397 692 1449 729 ὅτι
1469 693 1506 729 οὗ
1536 691 1768 744 περὶφύσεως
1800 690 1995 743 διαλέγεται
2016 691 2193 742 σώματος,
2216 692 2305 730 ἀλλὰ
2333 693 2414 743 περὶ

1396 752 1553 804 πράξεων
1583 754 1779 804 σαρκικῶν,
1796 753 1848 790 Οὖ
1869 751 1937 805 γὰρ
1967 745 2074 800 εἶπεν,
2102 754 2132 789 εἷ
2166 751 2200 790 δὲ
2230 752 2414 802 Πνεύματι

1397 812 1459 858 τὴν
1480 813 1580 865 φύσιν
1611 817 1670 852 τοῦ
1705 812 1866 862 σώματος
1897 816 2104 858 θανατοῦτε,
2127 812 2288 861 ζήσεσθε,
2303 812 2415 861 ἀλλὰ,

1396 873 1471 916 Τὰς
1488 872 1646 924 πράξεις,
1671 873 1729 911 καὶ
1749 871 1826 910 οὐδὲ
1851 871 1980 916 ταύτας
1994 872 2131 920 πάσας,
2157 873 2246 910 ἀλλὰ
2274 873 2336 917 τὰς
2351 889 2414 911 πο-

1396 934 1502 987 νηράς
1517 950 1524 958 ·
1549 934 1726 972 καὶτοῦτο
1749 934 1850 979 δῆλον
1880 935 1914 971 ἐν
1942 938 2013 975 τοῖς
2043 932 2142 978 ἑξῆς·
2166 935 2194 970 εἷ
2214 933 2281 985 γὰρ
2312 937 2416 972 τοῦτο

1395 993 1578 1041 ποιήσετε,
1613 994 1774 1042 ζήσεσθε,
1803 992 1900 1045 φησί.
1922 993 1992 1030 Καὶ
2014 994 2087 1035 πῶς
2109 992 2158 1030 ἔνι
2186 998 2287 1031 τοῦτο
2312 994 2413 1044 γενέ-

1397 1058 1497 1103 σθαι,
1517 1056 1545 1092 εἷ
1575 1054 1654 1107 περὶ
1673 1057 1795 1092 πασῶν
1814 1056 1831 1090 ὃ
1849 1053 1949 1103 λόγος
1968 1048 2010 1099 ἦν
2042 1053 2155 1104 αὐτῷ,
2183 1053 2242 1090 καὶ
2266 1053 2334 1106 γὰρ
2353 1054 2415 1092 καὶ

1396 1115 1434 1152 τὸ
1454 1118 1548 1166 ὃρᾷν,
1568 1115 1627 1152 καὶ
1645 1115 1684 1152 τὸ
1704 1113 1853 1162 ἀκούειν,
1882 1114 1941 1152 καὶ
1970 1114 2010 1151 τὸ
2035 1113 2263 1164 φθέγγεσθαι,
2285 1114 2344 1151 καὶ
2373 1113 2413 1151 τὸ

1398 1175 1547 1226 βαδίζειν
1559 1206 1568 1223 ,
1583 1179 1642 1213 τοῦ
1660 1173 1820 1224 σώματος
1838 1173 1978 1225 πράξεις
1997 1174 2082 1222 εἶσὶ,
2103 1173 2161 1212 καὶ
2180 1175 2208 1211 εἷ
2224 1173 2413 1224 μέλλοιμεν

1397 1235 1502 1279 αὐτὰς
1518 1239 1698 1283 θανατοῦν,
1717 1240 1875 1273 τοσοῦτον
1903 1233 2069 1286 ἀφέξομεν
2091 1238 2150 1271 τοῦ
2171 1236 2244 1285 ζῇν,
2276 1233 2328 1271 ὅτι
2351 1234 2414 1271 καὶ

1396 1296 1616 1348 ἀνδροφονίας
1637 1295 1790 1345 δώσομεν
1823 1294 1934 1340 δίκην.
1952 1293 2064 1337 Ποίας
2089 1288 2145 1331 οῦν
2166 1293 2307 1346 πράξεις
2328 1293 2413 1345 φησὶ

1395 1360 1579 1404 θανατοῦν,
1594 1356 1669 1398 Τὰς
1688 1355 1747 1392 ἐπὶ
1766 1354 1933 1407 πονηρίαν
1955 1354 2178 1403 κινουμένας,
2194 1353 2255 1396 τὰς
2273 1354 2330 1392 ἐπὶ
2351 1369 2414 1391 κα-

1394 1416 1472 1454 κίαν
1491 1416 1671 1468 χωρούσας
1684 1446 1693 1463 ,
1709 1415 1748 1458 ἃς
1761 1414 1840 1453 οὐδὲ
1860 1415 1974 1457 ἄλλως
1990 1414 2063 1452 ἔστι
2079 1415 2298 1461 θανατῶσαι,
2317 1413 2339 1459 ἢ
2357 1413 2415 1451 διὰ

1392 1477 1609 1526 Πνεύματος.
1629 1475 1703 1519 Τὰς
1726 1474 1788 1525 μὲν
1808 1474 1874 1526 γὰρ
1894 1474 2003 1517 ἄλλας
2023 1473 2296 1518 ἀποκτείναντα,
2314 1489 2414 1512 σεαυ-

1392 1537 1448 1575 τὸν
1469 1539 1598 1574 ἀνελεῖν
1614 1538 1720 1585 ἐστιν,
1738 1535 1822 1586 ὅπερ
1840 1537 1877 1572 οὐ
1897 1534 1994 1586 θέμις
2009 1551 2016 1558 ·
2031 1534 2157 1578 ταύτας
2177 1534 2212 1572 δὲ
2229 1533 2285 1572 διὰ
2300 1534 2411 1573 Πνεύ-

1394 1613 1499 1648 ματος
1523 1597 1635 1648 μόνον.
1651 1595 1711 1634 Ἂν
1731 1595 1797 1648 γὰρ
1819 1601 1918 1634 τοῦτο
1942 1599 2036 1647 παρῇ
2050 1626 2059 1643 ,
2075 1596 2191 1633 πάντα
2207 1595 2252 1633 τὰ
2271 1595 2414 1645 κύματα

1392 1657 1760 1701 καταστέλλεται,καὶ
1787 1656 1831 1694 τὰ
1861 1656 1956 1702 πάθη
1988 1656 2210 1706 κατέπτηχε,
2227 1655 2286 1693 καὶ
2315 1655 2411 1693 οὗδὲν

1390 1721 1489 1769 ἡμῶν
1509 1717 1808 1762 κατεξανίσταται.
1827 1711 1930 1759 Εἶδες
1952 1720 2026 1760 πῶς
2043 1715 2112 1754 ἀπὸ
2127 1718 2195 1753 τῶν
2215 1715 2413 1765 μελλόντων

1398 1782 1409 1788 ·
1445 1786 1467 1793 ω

1391 1791 1500 1829 ἡμας,
1517 1778 1602 1829 ὅπερ
1624 1778 1816 1829 ἔμπροσθεν
1837 1770 1944 1824 εἶπον,
1964 1775 2172 1829 προτρέπει,
2191 1776 2250 1814 καὶ
2280 1776 2412 1814 δείκνυ-

1390 1854 1443 1875 σιν
1463 1837 1639 1890 ὄφειλέτας
1659 1840 1720 1876 οὐκ
1747 1837 1816 1875 ἀπὸ
1832 1839 1900 1874 τῶν
1928 1836 1996 1884 ἤδη
2028 1835 2268 1887 γεγενημένων
2289 1836 2411 1885 μόνον,

1390 1899 1442 1935 Οὔ
1462 1897 1530 1949 γὰρ
1561 1901 1662 1935 τοῦτο
1691 1897 1791 1947 μόνον
1811 1896 1906 1941 ἐστὶ,
1928 1896 2032 1947 φησὶ,
2057 1896 2096 1933 τὸ
2125 1896 2335 1948 κατόρθωμα
2353 1899 2412 1933 τοῦ

1390 1953 1610 2009 Πνεύματος,
1626 1959 1678 1996 ὅτι
1697 1961 1764 1995 τῶν
1784 1956 2025 2009 παρελθόντων
2042 1959 2174 2008 ἀφ’-ἧκεν
2193 1960 2288 2006 ἡμᾶς
2301 1956 2413 2007 ἁμαρ-

1389 2020 1566 2068 τημάτων,
1586 2020 1662 2056 ἀλλ’
1684 2017 1737 2055 ὅτι
1756 2017 1816 2056 καὶ
1837 2018 1923 2067 πρὸς
1940 2016 1984 2054 τὰ
2013 2017 2184 2066 μέλλοντα
2201 2015 2413 2067 ἀχειρώτους

1389 2079 1657 2127 κατασκευάζει,
1676 2078 1736 2117 καὶ
1753 2081 1843 2125 ζωῆς
1858 2078 1947 2122 ἀξιοῖ
1961 2080 2024 2123 τῆς
2040 2077 2221 2116 ἀθανάτου.
2241 2072 2331 2116 Εἶτα
2353 2078 2413 2115 καὶ

1389 2140 1503 2192 ἕτερον
1522 2140 1627 2183 τιθεὶς
1645 2139 1779 2191 μισθὸν,
1801 2139 1974 2190 ἐπήγαγεν
1991 2154 1999 2161 ·
2019 2138 2127 2177 εὈσοι
2143 2138 2212 2191 γὰρ
2231 2138 2414 2189 Πνεύματι

1389 2203 1479 2239 Θεοῦ
1501 2201 1661 2251 ἄγονται,
1681 2195 1774 2239 officii
1793 2202 1879 2237 εἰσιν
1899 2200 1967 2237 υἱοὶ
1987 2201 2091 2237 Θεοῦ.

1441 2266 1552 2314 Οῦτος
1574 2271 1641 2323 γὰρ
1667 2270 1772 2308 πάλιν
1799 2272 1918 2321 πολλῷ
1953 2274 2013 2307 τοῦ
2045 2270 2214 2321 προτέρου
2243 2268 2367 2320 μείζων
2393 2272 2412 2306 ὃ

1391 2330 1566 2382 στέφανος.
1589 2331 1652 2369 Διὸ
1670 2327 1747 2368 οὐδὲ
1770 2330 1889 2372 ἁπλῶς
1905 2324 2011 2376 εἶπεν,
2038 2329 2110 2367 ὅσοι
2134 2330 2201 2380 γὰρ
2226 2329 2412 2379 Πνεύματι

1391 2392 1482 2429 Θεοῦ
1502 2393 1618 2436 ζῶσιν,
1633 2389 1832 2437 ἀλλ’,υΟο-οι
1850 2388 2034 2439 Πνεύματι
2049 2391 2140 2427 Θεοῦ
2159 2390 2300 2441 ἄγονται
2314 2419 2324 2436 ,
2342 2390 2412 2427 δει-

1393 2451 1472 2494 7.qu
1491 2451 1543 2489 ὅτι
1562 2450 1651 2489 οὕτω
1674 2451 1835 2502 βούλεται
1852 2450 1933 2488 αὐτὸ
1953 2450 2068 2503 κύριον
2089 2445 2176 2488 εἶναι
2194 2454 2257 2497 τῆς
2275 2450 2409 2500 ἡμετέ-

1396 2528 1455 2564 ρας
1475 2514 1565 2557 ζωῆς
1581 2539 1590 2556 ,
1610 2514 1656 2554 ὡς
1685 2512 1742 2549 τὸν
1763 2511 1976 2564 κυὸερνήτην
2006 2515 2064 2548 τοῦ
2087 2510 2208 2549 πλοίου
2225 2541 2234 2558 ,
2269 2511 2329 2549 καὶ
2352 2511 2410 2548 τὸν

1394 2572 1530 2624 ἡνίοχον
1550 2575 1609 2609 τοῦ
1630 2572 1767 2623 ζεύγους
1794 2574 1862 2610 τῶν
1891 2571 2023 2610 ἵππων.
2047 2571 2117 2609 Καὶ
2137 2571 2214 2623 οὐχὶ
2246 2572 2286 2610 τὸ
2308 2574 2412 2622 σῶμα

1395 2633 1509 2683 μόνον,
1539 2633 1628 2671 ἀλλὰ
1659 2632 1717 2671 καὶ
1744 2632 1847 2679 αὐτὴν
1874 2631 1936 2679 τὴν
1969 2632 2085 2684 ψυχὴν
2116 2631 2305 2670 ὓποὸοίλλει
2335 2637 2412 2674 ταῖς

1392 2693 1566 2736 τοιαύταις
1580 2693 1704 2739 ἡνίαις.
1722 2692 1812 2731 Οὐδὲ
1827 2692 1894 2744 γὰρ
1908 2692 2040 2740 ἐκείνην
2052 2692 2210 2743 βούλεται
2226 2694 2411 2737 αὐθεντεῖν,

1394 2754 1483 2792 ἀλλὰ
1499 2755 1557 2792 καὶ
1577 2755 1709 2800 ἐκείνης
1734 2753 1796 2801 τὴν
1816 2752 1970 2797 ἐξουσίαν
1990 2753 2056 2791 ὑπὸ
2073 2756 2115 2803 τῇ
2131 2756 2190 2789 τοῦ
2206 2751 2412 2802 Πνεύματος

1393 2814 1495 2860 ἔθηκε
1514 2814 1670 2864 δυνάμει.
1688 2814 1766 2851 Ἵνα
1788 2813 1854 2864 γὰρ
1880 2812 1927 2863 μὴ
1960 2815 2004 2863 τῇ
2038 2813 2150 2864 δωρεᾷ
2183 2817 2242 2850 τοῦ
2269 2813 2412 2863 λουτροῦ

1394 2874 1626 2926 θαρρήσαντες
1641 2904 1651 2921 ,
1665 2876 1732 2919 τῆς
1752 2873 1841 2923 μετὰ
1859 2876 1969 2909 ταῦτα
1990 2872 2193 2922 ἀμελήσωσι
2211 2871 2410 2918 πολιτείας,

1394 2934 1510 2986 φησὶν,
1528 2934 1581 2972 ὅτι
1600 2933 1664 2970 κᾶν
1684 2934 1866 2984 βάπτισμα
1882 2932 1995 2982 λάὸῃς
2007 2962 2015 2978 ,
2035 2932 2082 2983 μὴ
2099 2932 2234 2983 ’μέλλῃς
2249 2931 2284 2969 δὲ
2299 2930 2412 2969 Πνεύ-

1396 3010 1481 3046 ματι
1500 2995 1587 3045 μετὰ
1607 2999 1715 3032 ταῦτα
1735 2994 1880 3043 ἄγεσθαι,
1898 3022 1906 3039 ,
1936 2991 2119 3035 ἀπώλεσας
2140 2991 2204 3038 τὴν
2224 2991 2409 3041 δεδομένην

1395 3056 1504 3102 ἀξίαν,
1534 3054 1593 3093 καὶ
1612 3057 1673 3100 τῆς
1704 3052 1874 3096 υἱοθεσίας
1896 3051 1957 3098 τὴν
1991 3051 2187 3103 προεδρίαν.
2221 3051 2289 3088 Διὰ
2309 3055 2410 3090 τοῦτο

1393 3119 1454 3155 οὔκ
1469 3111 1576 3164 εἶπεν,
1596 3117 1669 3153 ὅσοι
1688 3116 1835 3165 Πνεῦμα
1852 3114 1989 3160 ἔλαὲον,
2012 3113 2210 3161 ἀλλ’,σΟσοι
2228 3113 2409 3163 Πνεύματι

1392 3180 1483 3216 Θεοῦ
1516 3177 1656 3228 ἄγονται
1673 3191 1681 3198 ·
1701 3174 1889 3220 τουτέστιν,
1921 3173 1994 3212 ὅσοι
2015 3173 2111 3226 παρὰ
2131 3173 2245 3211 πάντα
2262 3173 2318 3211 τὸν
2337 3173 2409 3224 βίον

1391 3236 1480 3274 οὕτω
1502 3234 1737 3274 πολιτεύονται
1754 3264 1764 3281 ,
1781 3228 1874 3270 οῦτοί
1889 3234 1974 3269 εἰσιν
1995 3232 2059 3270 υἱοὶ
2082 3233 2185 3270 Θεοῦ.
2203 3225 2293 3270 Εἶτα
2313 3235 2410 3270 ἐπει-

1392 3297 1431 3344 δὴ
1451 3300 1550 3334 τοῦτο
1569 3295 1608 3333 τὸ
1624 3294 1759 3344 ἀξίωμα
1776 3293 1834 3332 καὶ
1861 3299 1930 3335 τοῖς
1948 3292 2125 3335 Ἰουδαίοις
2144 3287 2185 3338 ἦν
2208 3291 2386 3342 δεδομένον
2399 3307 2406 3315 ·

1390 3356 1485 3407 Ἐγὼ
1504 3356 1570 3407 γὰρ
1590 3350 1697 3399 εἶπον,
1728 3353 1812 3405 φησὶ
1829 3383 1838 3400 ,
1860 3352 1929 3390 θεοί
1948 3353 2026 3389 ἐστε
2045 3382 2054 3399 ,
2074 3352 2132 3388 καὶ
2152 3351 2218 3389 υἱοὶ
2241 3351 2408 3401 εΥψίστου

1390 3418 1536 3460 πάντες·
1558 3416 1615 3454 καί
1640 3415 1761 3462 πάλιν,
1778 3412 1884 3456 Υἱοῦς
1906 3413 2071 3463 ἐγέννησα
2091 3412 2148 3449 καὶ
2167 3411 2288 3462 ὕψωσα
2307 3427 2315 3435 ·
2335 3412 2406 3460 καὶ,
