<?xml version="1.0" encoding="UTF-8"?>
<!DOCTYPE html PUBLIC "-//W3C//DTD XHTML 1.0 Transitional//EN"
    "http://www.w3.org/TR/xhtml1/DTD/xhtml1-transitional.dtd">
<html xmlns="http://www.w3.org/1999/xhtml" xml:lang="en" lang="en">
 <head>
  <title>
</title>
<meta http-equiv="Content-Type" content="text/html;charset=utf-8" />
  <meta name='ocr-system' content='tesseract 3.04.00' />
  <meta name='ocr-capabilities' content='ocr_page ocr_carea ocr_par ocr_line ocrx_word'/>
</head>
<body>
  <div class='ocr_page' id='page_1' title='image "./operaomniaquaeex09johnuoft/operaomniaquaeex09johnuoft_0543.png"; bbox 0 0 2502 3810; ppageno 0'>
   <div class='ocr_carea' id='block_1_1' title="bbox 740 282 960 313">
    <p class='ocr_par' dir='ltr' id='par_1_1' title="bbox 740 282 960 313">
     <span class='ocr_line' id='line_1_1' title="bbox 740 282 960 313; baseline 0.005 -2"><span class='ocrx_word' id='word_1_1' title='bbox 740 283 780 311; x_wconf 59' lang='lat' dir='ltr'>IN</span> <span class='ocrx_word' id='word_1_2' title='bbox 821 282 960 313; x_wconf 71' lang='lat' dir='ltr'>EPIST.</span> 
     </span>
    </p>
   </div>
   <div class='ocr_carea' id='block_1_2' title="bbox 79 363 1097 778">
    <p class='ocr_par' dir='ltr' id='par_1_2' title="bbox 79 363 1097 778">
     <span class='ocr_line' id='line_1_2' title="bbox 80 363 1095 414; baseline 0.001 -13"><span class='ocrx_word' id='word_1_3' title='bbox 80 367 148 407; x_wconf 79' lang='grc' dir='ltr'>κῶς</span> <span class='ocrx_word' id='word_1_4' title='bbox 164 380 170 387; x_wconf 84' lang='grc'>·</span> <span class='ocrx_word' id='word_1_5' title='bbox 189 364 246 401; x_wconf 78' lang='grc' dir='ltr'>καὶ</span> <span class='ocrx_word' id='word_1_6' title='bbox 266 363 321 401; x_wconf 76' lang='grc' dir='ltr'>διὰ</span> <span class='ocrx_word' id='word_1_7' title='bbox 349 363 487 400; x_wconf 82' lang='grc' dir='ltr'>πάντων</span> <span class='ocrx_word' id='word_1_8' title='bbox 506 363 686 409; x_wconf 75' lang='grc' dir='ltr'>δείκνυσιν,</span> <span class='ocrx_word' id='word_1_9' title='bbox 711 364 762 401; x_wconf 81' lang='grc' dir='ltr'>ὅτι</span> <span class='ocrx_word' id='word_1_10' title='bbox 779 364 816 401; x_wconf 85' lang='grc' dir='ltr'>τὸ</span> <span class='ocrx_word' id='word_1_11' title='bbox 836 367 878 414; x_wconf 78' lang='grc' dir='ltr'>τῇ</span> <span class='ocrx_word' id='word_1_12' title='bbox 899 364 1008 403; x_wconf 82' lang='grc' dir='ltr'>κτίσει</span> <span class='ocrx_word' id='word_1_13' title='bbox 1033 366 1095 402; x_wconf 85' lang='grc' dir='ltr'>λα-</span> 
     </span>
     <span class='ocr_line' id='line_1_3' title="bbox 79 422 1094 476; baseline 0.003 -16"><span class='ocrx_word' id='word_1_14' title='bbox 79 423 223 474; x_wconf 83' lang='grc' dir='ltr'>τρεύειν,</span> <span class='ocrx_word' id='word_1_15' title='bbox 241 423 458 470; x_wconf 81' lang='grc' dir='ltr'>Ἑλληνικόν.</span> <span class='ocrx_word' id='word_1_16' title='bbox 477 423 545 461; x_wconf 72' lang='grc' dir='ltr'>Καὶ</span> <span class='ocrx_word' id='word_1_17' title='bbox 557 422 619 476; x_wconf 74' lang='grc' dir='ltr'>ὅρα</span> <span class='ocrx_word' id='word_1_18' title='bbox 634 426 707 467; x_wconf 88' lang='grc' dir='ltr'>πῶς</span> <span class='ocrx_word' id='word_1_19' title='bbox 724 424 779 461; x_wconf 77' lang='grc' dir='ltr'>τὸν</span> <span class='ocrx_word' id='word_1_20' title='bbox 798 424 897 475; x_wconf 87' lang='grc' dir='ltr'>λόγον</span> <span class='ocrx_word' id='word_1_21' title='bbox 913 425 1094 471; x_wconf 81' lang='grc' dir='ltr'>ἐδήλωσεν.</span> 
     </span>
     <span class='ocr_line' id='line_1_4' title="bbox 79 477 1096 536; baseline 0.001 -15"><span class='ocrx_word' id='word_1_22' title='bbox 79 486 130 521; x_wconf 83' lang='grc' dir='ltr'>Οὐ</span> <span class='ocrx_word' id='word_1_23' title='bbox 149 483 216 536; x_wconf 82' lang='grc' dir='ltr'>γὰρ</span> <span class='ocrx_word' id='word_1_24' title='bbox 235 477 328 522; x_wconf 60' lang='grc' dir='ltr'>εἶπεν</span> <span class='ocrx_word' id='word_1_25' title='bbox 348 485 484 530; x_wconf 84' lang='grc' dir='ltr'>ἁπλῶς,</span> <span class='ocrx_word' id='word_1_26' title='bbox 522 484 730 536; x_wconf 77' lang='grc' dir='ltr'>ἐλάτρευσαν</span> <span class='ocrx_word' id='word_1_27' title='bbox 763 487 806 536; x_wconf 77' lang='grc' dir='ltr'>τῇ</span> <span class='ocrx_word' id='word_1_28' title='bbox 841 485 979 534; x_wconf 84' lang='grc' dir='ltr'>κτίσει,</span> <span class='ocrx_word' id='word_1_29' title='bbox 1006 485 1096 523; x_wconf 82' lang='grc' dir='ltr'>ἀλλὰ</span> 
     </span>
     <span class='ocr_line' id='line_1_5' title="bbox 79 545 1096 597; baseline 0 -14"><span class='ocrx_word' id='word_1_30' title='bbox 79 545 185 597; x_wconf 80' lang='grc' dir='ltr'>Παρὰ</span> <span class='ocrx_word' id='word_1_31' title='bbox 210 545 267 583; x_wconf 81' lang='grc' dir='ltr'>τὸν</span> <span class='ocrx_word' id='word_1_32' title='bbox 306 545 493 583; x_wconf 79' lang='grc' dir='ltr'>κτίσαντα·</span> <span class='ocrx_word' id='word_1_33' title='bbox 521 548 701 596; x_wconf 74' lang='grc' dir='ltr'>πανταχοῦ</span> <span class='ocrx_word' id='word_1_34' title='bbox 724 545 832 597; x_wconf 77' lang='grc' dir='ltr'>ταύτῃ</span> <span class='ocrx_word' id='word_1_35' title='bbox 864 546 904 584; x_wconf 80' lang='grc' dir='ltr'>τὸ</span> <span class='ocrx_word' id='word_1_36' title='bbox 935 546 1096 597; x_wconf 80' lang='grc' dir='ltr'>ἔγκλημα</span> 
     </span>
     <span class='ocr_line' id='line_1_6' title="bbox 79 605 1097 658; baseline 0 -14"><span class='ocrx_word' id='word_1_37' title='bbox 79 605 243 658; x_wconf 79' lang='grc' dir='ltr'>ἐπαίρων,</span> <span class='ocrx_word' id='word_1_38' title='bbox 259 607 318 644; x_wconf 80' lang='grc' dir='ltr'>καὶ</span> <span class='ocrx_word' id='word_1_39' title='bbox 331 608 372 657; x_wconf 73' lang='grc' dir='ltr'>τῇ</span> <span class='ocrx_word' id='word_1_40' title='bbox 389 611 402 627; x_wconf 71' lang='lat'><strong>⁶</strong></span> <span class='ocrx_word' id='word_1_41' title='bbox 414 605 603 657; x_wconf 80' lang='grc' dir='ltr'>παραθέσει</span> <span class='ocrx_word' id='word_1_42' title='bbox 617 605 731 652; x_wconf 86' lang='grc' dir='ltr'>πάσης</span> <span class='ocrx_word' id='word_1_43' title='bbox 752 606 957 657; x_wconf 81' lang='grc' dir='ltr'>συγγνώμης</span> <span class='ocrx_word' id='word_1_44' title='bbox 976 605 1097 649; x_wconf 83' lang='grc' dir='ltr'>αὐτοὺς</span> 
     </span>
     <span class='ocr_line' id='line_1_7' title="bbox 332 665 1093 717; baseline -0.003 -11"><span class='ocrx_word' id='word_1_45' title='bbox 332 666 398 709; x_wconf 68' lang='grc' dir='ltr'>εὈς</span> <span class='ocrx_word' id='word_1_46' title='bbox 432 669 523 704; x_wconf 80' lang='grc' dir='ltr'>ἐστιν</span> <span class='ocrx_word' id='word_1_47' title='bbox 554 666 737 717; x_wconf 71' lang='grc' dir='ltr'>εὐλογητὸς</span> <span class='ocrx_word' id='word_1_48' title='bbox 769 668 816 710; x_wconf 88' lang='grc' dir='ltr'>εἷς</span> <span class='ocrx_word' id='word_1_49' title='bbox 849 665 925 709; x_wconf 79' lang='grc' dir='ltr'>τοὺς</span> <span class='ocrx_word' id='word_1_50' title='bbox 956 669 1093 711; x_wconf 79' lang='grc' dir='ltr'>αἰῶνας.</span> 
     </span>
     <span class='ocr_line' id='line_1_8' title="bbox 81 726 1094 778; baseline 0 -14"><span class='ocrx_word' id='word_1_51' title='bbox 81 727 200 777; x_wconf 73' lang='grc' dir='ltr'>Ἀμήν.</span> <span class='ocrx_word' id='word_1_52' title='bbox 218 727 310 765; x_wconf 81' lang='grc' dir='ltr'>Αλλ’</span> <span class='ocrx_word' id='word_1_53' title='bbox 331 728 368 766; x_wconf 81' lang='grc' dir='ltr'>οὐ</span> <span class='ocrx_word' id='word_1_54' title='bbox 390 727 446 764; x_wconf 77' lang='grc' dir='ltr'>διὰ</span> <span class='ocrx_word' id='word_1_55' title='bbox 464 726 565 764; x_wconf 83' lang='grc' dir='ltr'>τουτό</span> <span class='ocrx_word' id='word_1_56' title='bbox 587 743 621 764; x_wconf 88' lang='grc' dir='ltr'>τι</span> <span class='ocrx_word' id='word_1_57' title='bbox 634 726 840 777; x_wconf 52' lang='grc' dir='ltr'>παρεῗλαῗη</span> <span class='ocrx_word' id='word_1_58' title='bbox 854 757 863 774; x_wconf 87' lang='grc'>,</span> <span class='ocrx_word' id='word_1_59' title='bbox 886 726 1010 778; x_wconf 67' lang='grc' dir='ltr'>φησίν·</span> <span class='ocrx_word' id='word_1_60' title='bbox 1033 729 1094 764; x_wconf 79' lang='grc' dir='ltr'>αὖ·</span> 
     </span>
    </p>
   </div>
   <div class='ocr_carea' id='block_1_3' title="bbox 79 669 294 717">
    <p class='ocr_par' dir='ltr' id='par_1_3' title="bbox 79 669 294 717">
     <span class='ocr_line' id='line_1_9' title="bbox 79 669 294 717; baseline 0.005 -14"><span class='ocrx_word' id='word_1_61' title='bbox 79 669 279 717; x_wconf 82' lang='grc' dir='ltr'>ἀποστερῶν</span> <span class='ocrx_word' id='word_1_62' title='bbox 287 697 294 704; x_wconf 95' lang='grc'><strong><em>.</em></strong></span> 
     </span>
    </p>
   </div>
   <div class='ocr_carea' id='block_1_4' title="bbox 74 786 1144 1503">
    <p class='ocr_par' dir='ltr' id='par_1_4' title="bbox 74 786 1097 1503">
     <span class='ocr_line' id='line_1_10' title="bbox 78 786 1095 839; baseline -0.001 -14"><span class='ocrx_word' id='word_1_63' title='bbox 78 804 133 830; x_wconf 84' lang='grc' dir='ltr'>τος</span> <span class='ocrx_word' id='word_1_64' title='bbox 153 787 195 837; x_wconf 68' lang='grc' dir='ltr'>μὲ</span> <span class='ocrx_word' id='word_1_65' title='bbox 197 804 213 824; x_wconf 93' lang='grc' dir='ltr'>ν</span> <span class='ocrx_word' id='word_1_66' title='bbox 234 787 309 839; x_wconf 74' lang='grc' dir='ltr'>γὰρ</span> <span class='ocrx_word' id='word_1_67' title='bbox 322 789 366 830; x_wconf 85' lang='grc' dir='ltr'>εἷς</span> <span class='ocrx_word' id='word_1_68' title='bbox 382 786 458 830; x_wconf 89' lang='grc' dir='ltr'>τους</span> <span class='ocrx_word' id='word_1_69' title='bbox 482 789 607 830; x_wconf 84' lang='grc' dir='ltr'>αἰῶνας</span> <span class='ocrx_word' id='word_1_70' title='bbox 622 786 816 837; x_wconf 83' lang='grc' dir='ltr'>εὖλογητός.</span> <span class='ocrx_word' id='word_1_71' title='bbox 839 787 1011 825; x_wconf 74' lang='grc' dir='ltr'>Ἐνταῦθα</span> <span class='ocrx_word' id='word_1_72' title='bbox 1027 787 1095 825; x_wconf 85' lang='grc' dir='ltr'>δεί-</span> 
     </span>
     <span class='ocr_line' id='line_1_11' title="bbox 79 846 1096 900; baseline 0 -15"><span class='ocrx_word' id='word_1_73' title='bbox 79 865 209 896; x_wconf 81' lang='grc' dir='ltr'>κνυσιν,</span> <span class='ocrx_word' id='word_1_74' title='bbox 225 848 278 886; x_wconf 75' lang='grc' dir='ltr'>ὅτι</span> <span class='ocrx_word' id='word_1_75' title='bbox 299 851 362 900; x_wconf 69' lang='grc' dir='ltr'>οὐχ</span> <span class='ocrx_word' id='word_1_76' title='bbox 374 851 486 886; x_wconf 82' lang='grc' dir='ltr'>εαυτῶ</span> <span class='ocrx_word' id='word_1_77' title='bbox 505 848 645 898; x_wconf 87' lang='grc' dir='ltr'>ἀμύνων</span> <span class='ocrx_word' id='word_1_78' title='bbox 662 847 772 885; x_wconf 83' lang='grc' dir='ltr'>εἴασεν</span> <span class='ocrx_word' id='word_1_79' title='bbox 794 846 937 892; x_wconf 78' lang='grc' dir='ltr'>αὐτους,</span> <span class='ocrx_word' id='word_1_80' title='bbox 953 863 1037 885; x_wconf 88' lang='grc' dir='ltr'>οπου</span> <span class='ocrx_word' id='word_1_81' title='bbox 1057 863 1096 897; x_wconf 84' lang='grc' dir='ltr'>γε</span> 
     </span>
     <span class='ocr_line' id='line_1_12' title="bbox 81 901 1095 960; baseline -0.004 -13"><span class='ocrx_word' id='word_1_82' title='bbox 81 910 179 953; x_wconf 75' lang='grc' dir='ltr'>αὐτὸς</span> <span class='ocrx_word' id='word_1_83' title='bbox 195 909 288 955; x_wconf 68' lang='grc' dir='ltr'>οὐδὲν</span> <span class='ocrx_word' id='word_1_84' title='bbox 309 909 473 960; x_wconf 60' lang='grc' dir='ltr'>ἔπασχεν.</span> <span class='ocrx_word' id='word_1_85' title='bbox 497 910 540 946; x_wconf 68' lang='lat' dir='ltr'>Ei</span> <span class='ocrx_word' id='word_1_86' title='bbox 566 907 633 960; x_wconf 77' lang='grc' dir='ltr'>γὰρ</span> <span class='ocrx_word' id='word_1_87' title='bbox 652 907 710 944; x_wconf 80' lang='grc' dir='ltr'>καὶ</span> <span class='ocrx_word' id='word_1_88' title='bbox 730 901 822 944; x_wconf 62' lang='grc' dir='ltr'>οὗτοι</span> <span class='ocrx_word' id='word_1_89' title='bbox 841 906 999 958; x_wconf 65' lang='grc' dir='ltr'>ὕὸρισαν,</span> <span class='ocrx_word' id='word_1_90' title='bbox 1019 909 1095 944; x_wconf 86' lang='grc' dir='ltr'>ἀλλ’</span> 
     </span>
     <span class='ocr_line' id='line_1_13' title="bbox 79 966 1097 1022; baseline -0.004 -15"><span class='ocrx_word' id='word_1_91' title='bbox 79 973 203 1012; x_wconf 77' lang='grc' dir='ltr'>ἐκεῖνος</span> <span class='ocrx_word' id='word_1_92' title='bbox 217 972 280 1021; x_wconf 72' lang='grc' dir='ltr'>οὐχ</span> <span class='ocrx_word' id='word_1_93' title='bbox 299 969 440 1022; x_wconf 64' lang='grc' dir='ltr'>ὕόριστο</span> <span class='ocrx_word' id='word_1_94' title='bbox 455 997 464 1015; x_wconf 91' lang='grc'>,</span> <span class='ocrx_word' id='word_1_95' title='bbox 480 968 556 1006; x_wconf 70' lang='grc' dir='ltr'>οὐδὲ</span> <span class='ocrx_word' id='word_1_96' title='bbox 575 966 846 1019; x_wconf 83' lang='grc' dir='ltr'>ἠκρωτηριάσθη</span> <span class='ocrx_word' id='word_1_97' title='bbox 863 966 908 1004; x_wconf 82' lang='grc' dir='ltr'>τὰ</span> <span class='ocrx_word' id='word_1_98' title='bbox 924 969 986 1012; x_wconf 80' lang='grc' dir='ltr'>τ’ἧς</span> <span class='ocrx_word' id='word_1_99' title='bbox 1001 966 1097 1013; x_wconf 83' lang='grc' dir='ltr'>δόξης</span> 
     </span>
     <span class='ocr_line' id='line_1_14' title="bbox 81 1026 1096 1079; baseline -0.002 -14"><span class='ocrx_word' id='word_1_100' title='bbox 81 1033 191 1079; x_wconf 74' lang='grc' dir='ltr'>αὐτῷ,</span> <span class='ocrx_word' id='word_1_101' title='bbox 213 1030 302 1067; x_wconf 84' lang='grc' dir='ltr'>ἀλλὰ</span> <span class='ocrx_word' id='word_1_102' title='bbox 331 1030 424 1079; x_wconf 79' lang='grc' dir='ltr'>μένει</span> <span class='ocrx_word' id='word_1_103' title='bbox 445 1027 630 1069; x_wconf 78' lang='grc' dir='ltr'>διαπαντὸς</span> <span class='ocrx_word' id='word_1_104' title='bbox 659 1027 855 1077; x_wconf 80' lang='grc' dir='ltr'>εὖλογητός.</span> <span class='ocrx_word' id='word_1_105' title='bbox 876 1028 921 1064; x_wconf 84' lang='grc' dir='ltr'>Εἰ</span> <span class='ocrx_word' id='word_1_106' title='bbox 946 1026 1012 1078; x_wconf 81' lang='grc' dir='ltr'>γὰρ</span> <span class='ocrx_word' id='word_1_107' title='bbox 1036 1027 1096 1064; x_wconf 85' lang='grc' dir='ltr'>ἄν-</span> 
     </span>
     <span class='ocr_line' id='line_1_15' title="bbox 77 1085 1094 1139; baseline -0.002 -14"><span class='ocrx_word' id='word_1_108' title='bbox 77 1093 211 1139; x_wconf 83' lang='grc' dir='ltr'>θρωπος</span> <span class='ocrx_word' id='word_1_109' title='bbox 228 1089 395 1131; x_wconf 76' lang='grc' dir='ltr'>πολλάκις</span> <span class='ocrx_word' id='word_1_110' title='bbox 410 1090 601 1139; x_wconf 75' lang='grc' dir='ltr'>φιλοσοφῶν</span> <span class='ocrx_word' id='word_1_111' title='bbox 619 1087 716 1124; x_wconf 78' lang='grc' dir='ltr'>οὐδὲν</span> <span class='ocrx_word' id='word_1_112' title='bbox 736 1085 776 1123; x_wconf 78' lang='grc' dir='ltr'>ἂν</span> <span class='ocrx_word' id='word_1_113' title='bbox 790 1085 894 1123; x_wconf 83' lang='grc' dir='ltr'>πάθοι</span> <span class='ocrx_word' id='word_1_114' title='bbox 911 1086 1008 1139; x_wconf 78' lang='grc' dir='ltr'>παρὰ</span> <span class='ocrx_word' id='word_1_115' title='bbox 1027 1088 1094 1123; x_wconf 86' lang='grc' dir='ltr'>τῶν</span> 
     </span>
     <span class='ocr_line' id='line_1_16' title="bbox 76 1145 1094 1200; baseline -0.001 -16"><span class='ocrx_word' id='word_1_116' title='bbox 76 1149 296 1200; x_wconf 61' lang='grc' dir='ltr'>ὑδριζόντων,</span> <span class='ocrx_word' id='word_1_117' title='bbox 318 1150 437 1200; x_wconf 81' lang='grc' dir='ltr'>πολλῷ</span> <span class='ocrx_word' id='word_1_118' title='bbox 455 1148 585 1197; x_wconf 75' lang='grc' dir='ltr'>μᾶλλον</span> <span class='ocrx_word' id='word_1_119' title='bbox 606 1148 625 1184; x_wconf 84' lang='grc' dir='ltr'><strong>ὁ</strong></span> <span class='ocrx_word' id='word_1_120' title='bbox 650 1146 758 1190; x_wconf 78' lang='grc' dir='ltr'>Θεὸς,</span> <span class='ocrx_word' id='word_1_121' title='bbox 780 1149 800 1192; x_wconf 85' lang='grc' dir='ltr'>ἡ</span> <span class='ocrx_word' id='word_1_122' title='bbox 823 1145 1012 1198; x_wconf 84' lang='grc' dir='ltr'>ἀνώλεθρος</span> <span class='ocrx_word' id='word_1_123' title='bbox 1035 1146 1094 1183; x_wconf 81' lang='grc' dir='ltr'>καὶ</span> 
     </span>
     <span class='ocr_line' id='line_1_17' title="bbox 74 1206 1144 1261; baseline -0.001 -15"><span class='ocrx_word' id='word_1_124' title='bbox 74 1210 241 1261; x_wconf 79' lang='grc' dir='ltr'>ἄτρεπτος</span> <span class='ocrx_word' id='word_1_125' title='bbox 256 1209 354 1260; x_wconf 81' lang='grc' dir='ltr'>φύσις</span> <span class='ocrx_word' id='word_1_126' title='bbox 365 1238 375 1255; x_wconf 91' lang='grc'>,</span> <span class='ocrx_word' id='word_1_127' title='bbox 388 1211 410 1253; x_wconf 81' lang='grc' dir='ltr'>ἡ</span> <span class='ocrx_word' id='word_1_128' title='bbox 428 1207 654 1249; x_wconf 84' lang='grc' dir='ltr'>ἀναλλοίωτος</span> <span class='ocrx_word' id='word_1_129' title='bbox 667 1206 727 1244; x_wconf 79' lang='grc' dir='ltr'>καὶ</span> <span class='ocrx_word' id='word_1_130' title='bbox 741 1206 901 1254; x_wconf 81' lang='grc' dir='ltr'>ἀκίνητος</span> <span class='ocrx_word' id='word_1_131' title='bbox 917 1206 1009 1251; x_wconf 81' lang='grc' dir='ltr'>δόξα.</span> <span class='ocrx_word' id='word_1_132' title='bbox 1025 1207 1144 1245; x_wconf 80' lang='grc' dir='ltr'>ΚαὶΑ</span> 
     </span>
     <span class='ocr_line' id='line_1_18' title="bbox 74 1267 1092 1321; baseline -0.003 -14"><span class='ocrx_word' id='word_1_133' title='bbox 74 1269 139 1320; x_wconf 80' lang='grc' dir='ltr'>γὰρ</span> <span class='ocrx_word' id='word_1_134' title='bbox 153 1270 327 1321; x_wconf 82' lang='grc' dir='ltr'>ἅνθρωποι</span> <span class='ocrx_word' id='word_1_135' title='bbox 342 1270 419 1306; x_wconf 84' lang='grc' dir='ltr'>κατ’</span> <span class='ocrx_word' id='word_1_136' title='bbox 437 1267 520 1305; x_wconf 76' lang='grc' dir='ltr'>αὐτὸ</span> <span class='ocrx_word' id='word_1_137' title='bbox 536 1270 734 1318; x_wconf 78' lang='grc' dir='ltr'>ὃμοιοῧνται</span> <span class='ocrx_word' id='word_1_138' title='bbox 753 1268 836 1319; x_wconf 79' lang='grc' dir='ltr'>Θεῶ</span> <span class='ocrx_word' id='word_1_139' title='bbox 849 1297 859 1314; x_wconf 89' lang='grc'>,</span> <span class='ocrx_word' id='word_1_140' title='bbox 880 1267 963 1306; x_wconf 71' lang='grc' dir='ltr'>ὅταν</span> <span class='ocrx_word' id='word_1_141' title='bbox 984 1267 1092 1318; x_wconf 81' lang='grc' dir='ltr'>μηδὲν</span> 
     </span>
     <span class='ocr_line' id='line_1_19' title="bbox 75 1328 1093 1383; baseline -0.002 -15"><span class='ocrx_word' id='word_1_142' title='bbox 75 1330 236 1383; x_wconf 77' lang='grc' dir='ltr'>πάσχωσι</span> <span class='ocrx_word' id='word_1_143' title='bbox 244 1329 340 1382; x_wconf 78' lang='grc' dir='ltr'>παρὰ</span> <span class='ocrx_word' id='word_1_144' title='bbox 350 1332 417 1367; x_wconf 87' lang='grc' dir='ltr'>τῶν</span> <span class='ocrx_word' id='word_1_145' title='bbox 426 1328 630 1380; x_wconf 82' lang='grc' dir='ltr'>ἐπηρεάζειν</span> <span class='ocrx_word' id='word_1_146' title='bbox 642 1328 870 1380; x_wconf 82' lang='grc' dir='ltr'>βουλομένων,</span> <span class='ocrx_word' id='word_1_147' title='bbox 882 1328 971 1379; x_wconf 79' lang='grc' dir='ltr'>μηδὲ</span> <span class='ocrx_word' id='word_1_148' title='bbox 981 1329 1093 1380; x_wconf 57' lang='grc' dir='ltr'>’ὑδρι-</span> 
     </span>
     <span class='ocr_line' id='line_1_20' title="bbox 1032 1389 1094 1436; baseline 0.016 -9"><span class='ocrx_word' id='word_1_149' title='bbox 1032 1389 1094 1436; x_wconf 74' lang='grc' dir='ltr'>ηδὲ</span> 
     </span>
     <span class='ocr_line' id='line_1_21' title="bbox 74 1450 1094 1503; baseline 0 -14"><span class='ocrx_word' id='word_1_150' title='bbox 74 1453 334 1503; x_wconf 75' lang='grc' dir='ltr'>καταγελῶνται</span> <span class='ocrx_word' id='word_1_151' title='bbox 350 1450 620 1502; x_wconf 82' lang='grc' dir='ltr'>καταγελώντων</span> <span class='ocrx_word' id='word_1_152' title='bbox 641 1450 765 1502; x_wconf 76' lang='grc' dir='ltr'>ἑτέρων</span> <span class='ocrx_word' id='word_1_153' title='bbox 787 1450 919 1494; x_wconf 78' lang='grc' dir='ltr'>αὐτούς.</span> <span class='ocrx_word' id='word_1_154' title='bbox 938 1451 1006 1489; x_wconf 76' lang='grc' dir='ltr'>Καὶ</span> <span class='ocrx_word' id='word_1_155' title='bbox 1020 1454 1094 1494; x_wconf 80' lang='grc' dir='ltr'>πῶς</span> 
     </span>
    </p>
   </div>
   <div class='ocr_carea' id='block_1_5' title="bbox 72 1388 1098 2174">
    <p class='ocr_par' dir='ltr' id='par_1_5' title="bbox 72 1388 1098 2174">
     <span class='ocr_line' id='line_1_22' title="bbox 72 1388 1029 1442; baseline -0.003 -13"><span class='ocrx_word' id='word_1_156' title='bbox 72 1391 197 1436; x_wconf 78' lang='grc' dir='ltr'>ζόντων</span> <span class='ocrx_word' id='word_1_157' title='bbox 208 1391 416 1442; x_wconf 62' lang='grc' dir='ltr'>ὑδρίζωνται</span> <span class='ocrx_word' id='word_1_158' title='bbox 427 1420 436 1438; x_wconf 87' lang='grc'>,</span> <span class='ocrx_word' id='word_1_159' title='bbox 450 1389 538 1440; x_wconf 79' lang='grc' dir='ltr'>μηδὲ</span> <span class='ocrx_word' id='word_1_160' title='bbox 552 1388 750 1427; x_wconf 85' lang='grc' dir='ltr'>τυπτόντων</span> <span class='ocrx_word' id='word_1_161' title='bbox 764 1389 986 1437; x_wconf 84' lang='grc' dir='ltr'>τύπτωνται,</span> <span class='ocrx_word' id='word_1_162' title='bbox 1004 1406 1029 1439; x_wconf 88' lang='grc' dir='ltr'>μ</span> 
     </span>
     <span class='ocr_line' id='line_1_23' title="bbox 77 1510 1093 1564; baseline 0 -14"><span class='ocrx_word' id='word_1_163' title='bbox 77 1513 126 1550; x_wconf 86' lang='grc' dir='ltr'>ἔνι</span> <span class='ocrx_word' id='word_1_164' title='bbox 138 1512 296 1563; x_wconf 82' lang='grc' dir='ltr'>γενέσθαι</span> <span class='ocrx_word' id='word_1_165' title='bbox 308 1516 425 1560; x_wconf 77' lang='grc' dir='ltr'>τοῦτο,</span> <span class='ocrx_word' id='word_1_166' title='bbox 442 1511 544 1564; x_wconf 64' lang='grc' dir='ltr'>φησίν</span> <span class='ocrx_word' id='word_1_167' title='bbox 561 1529 569 1558; x_wconf 83' lang='grc'><strong>;</strong></span> <span class='ocrx_word' id='word_1_168' title='bbox 586 1510 667 1549; x_wconf 83' lang='grc' dir='ltr'>Ἔνι</span> <span class='ocrx_word' id='word_1_169' title='bbox 678 1542 687 1559; x_wconf 91' lang='grc'>,</span> <span class='ocrx_word' id='word_1_170' title='bbox 705 1512 763 1549; x_wconf 80' lang='grc' dir='ltr'>καὶ</span> <span class='ocrx_word' id='word_1_171' title='bbox 775 1512 906 1564; x_wconf 69' lang='grc' dir='ltr'>σφόδρα</span> <span class='ocrx_word' id='word_1_172' title='bbox 919 1513 968 1551; x_wconf 81' lang='grc' dir='ltr'>ἔνι</span> <span class='ocrx_word' id='word_1_173' title='bbox 983 1542 992 1559; x_wconf 88' lang='grc'>,</span> <span class='ocrx_word' id='word_1_174' title='bbox 1012 1513 1093 1551; x_wconf 80' lang='grc' dir='ltr'>ὅταν</span> 
     </span>
     <span class='ocr_line' id='line_1_24' title="bbox 77 1571 1096 1624; baseline -0.002 -13"><span class='ocrx_word' id='word_1_175' title='bbox 77 1573 124 1623; x_wconf 79' lang='grc' dir='ltr'>μὴ</span> <span class='ocrx_word' id='word_1_176' title='bbox 146 1576 254 1624; x_wconf 68' lang='grc' dir='ltr'>ἀλγῇς</span> <span class='ocrx_word' id='word_1_177' title='bbox 272 1579 342 1617; x_wconf 86' lang='grc' dir='ltr'>τοῖς</span> <span class='ocrx_word' id='word_1_178' title='bbox 376 1571 576 1624; x_wconf 85' lang='grc' dir='ltr'>γινομένοις.</span> <span class='ocrx_word' id='word_1_179' title='bbox 606 1572 676 1609; x_wconf 84' lang='grc' dir='ltr'>Καὶ</span> <span class='ocrx_word' id='word_1_180' title='bbox 706 1573 780 1614; x_wconf 85' lang='grc' dir='ltr'>πῶς</span> <span class='ocrx_word' id='word_1_181' title='bbox 803 1571 852 1609; x_wconf 84' lang='grc' dir='ltr'>ἔνι</span> <span class='ocrx_word' id='word_1_182' title='bbox 882 1571 930 1622; x_wconf 85' lang='grc' dir='ltr'>μὴ</span> <span class='ocrx_word' id='word_1_183' title='bbox 967 1574 1096 1624; x_wconf 82' lang='grc' dir='ltr'>ἀλγεῖν,</span> 
     </span>
     <span class='ocr_line' id='line_1_25' title="bbox 76 1626 1098 1685; baseline 0 -14"><span class='ocrx_word' id='word_1_184' title='bbox 76 1634 184 1685; x_wconf 39' lang='lat' dir='ltr'>qno&amp;</span> <span class='ocrx_word' id='word_1_185' title='bbox 208 1635 291 1676; x_wconf 85' lang='grc' dir='ltr'>Πῶς</span> <span class='ocrx_word' id='word_1_186' title='bbox 310 1633 359 1670; x_wconf 81' lang='grc' dir='ltr'>ἔνι</span> <span class='ocrx_word' id='word_1_187' title='bbox 377 1632 437 1682; x_wconf 81' lang='grc' dir='ltr'>μὲν</span> <span class='ocrx_word' id='word_1_188' title='bbox 461 1626 516 1669; x_wconf 59' lang='grc' dir='ltr'>οὖν</span> <span class='ocrx_word' id='word_1_189' title='bbox 534 1634 674 1683; x_wconf 84' lang='grc' dir='ltr'>ἀλγεῖν;</span> <span class='ocrx_word' id='word_1_190' title='bbox 700 1632 792 1670; x_wconf 80' lang='grc' dir='ltr'>Εἰπὲ</span> <span class='ocrx_word' id='word_1_191' title='bbox 812 1632 877 1684; x_wconf 84' lang='grc' dir='ltr'>γάρ</span> <span class='ocrx_word' id='word_1_192' title='bbox 906 1648 985 1683; x_wconf 86' lang='grc' dir='ltr'>μοι,</span> <span class='ocrx_word' id='word_1_193' title='bbox 1005 1635 1035 1670; x_wconf 86' lang='grc' dir='ltr'>εἷ</span> <span class='ocrx_word' id='word_1_194' title='bbox 1058 1634 1098 1672; x_wconf 82' lang='grc' dir='ltr'>τὸ</span> 
     </span>
     <span class='ocr_line' id='line_1_26' title="bbox 82 1687 1098 1746; baseline 0 -15"><span class='ocrx_word' id='word_1_195' title='bbox 82 1694 262 1746; x_wconf 79' lang='grc' dir='ltr'>παιδάριον</span> <span class='ocrx_word' id='word_1_196' title='bbox 283 1692 434 1745; x_wconf 63' lang='grc' dir='ltr'>ὕέρίσειέ</span> <span class='ocrx_word' id='word_1_197' title='bbox 454 1708 492 1730; x_wconf 87' lang='grc' dir='ltr'>σε</span> <span class='ocrx_word' id='word_1_198' title='bbox 511 1693 549 1730; x_wconf 84' lang='grc' dir='ltr'>τὸ</span> <span class='ocrx_word' id='word_1_199' title='bbox 577 1693 649 1739; x_wconf 83' lang='grc' dir='ltr'>σὸν,</span> <span class='ocrx_word' id='word_1_200' title='bbox 669 1687 736 1744; x_wconf 64' lang='grc' dir='ltr'>ἆρα</span> <span class='ocrx_word' id='word_1_201' title='bbox 767 1692 864 1744; x_wconf 71' lang='grc' dir='ltr'>ὕὸριν</span> <span class='ocrx_word' id='word_1_202' title='bbox 896 1693 1011 1745; x_wconf 78' lang='grc' dir='ltr'>ἡγήσῃ</span> <span class='ocrx_word' id='word_1_203' title='bbox 1035 1693 1098 1740; x_wconf 78' lang='grc' dir='ltr'>τὴν</span> 
     </span>
     <span class='ocr_line' id='line_1_27' title="bbox 82 1753 1097 1806; baseline 0.001 -15"><span class='ocrx_word' id='word_1_204' title='bbox 82 1754 201 1805; x_wconf 55' lang='lat' dir='ltr'>&amp;epm</span> <span class='ocrx_word' id='word_1_205' title='bbox 229 1755 262 1791; x_wconf 90' lang='grc' dir='ltr'>τί</span> <span class='ocrx_word' id='word_1_206' title='bbox 285 1756 340 1801; x_wconf 69' lang='grc' dir='ltr'>δε,</span> <span class='ocrx_word' id='word_1_207' title='bbox 371 1754 553 1805; x_wconf 64' lang='grc' dir='ltr'>ἀλγήσεις,</span> <span class='ocrx_word' id='word_1_208' title='bbox 584 1754 776 1803; x_wconf 79' lang='grc' dir='ltr'>Οὐδαμῶς·</span> <span class='ocrx_word' id='word_1_209' title='bbox 798 1753 837 1791; x_wconf 84' lang='grc' dir='ltr'>ἃν</span> <span class='ocrx_word' id='word_1_210' title='bbox 858 1754 894 1792; x_wconf 82' lang='grc' dir='ltr'>δὲ</span> <span class='ocrx_word' id='word_1_211' title='bbox 918 1754 1097 1806; x_wconf 83' lang='grc' dir='ltr'>ἀλγήσῃς,</span> 
     </span>
     <span class='ocr_line' id='line_1_28' title="bbox 80 1814 1096 1866; baseline 0.001 -14"><span class='ocrx_word' id='word_1_212' title='bbox 80 1820 92 1834; x_wconf 81' lang='lat'><strong>³</strong></span> <span class='ocrx_word' id='word_1_213' title='bbox 104 1816 141 1852; x_wconf 76' lang='grc' dir='ltr'>οὐ</span> <span class='ocrx_word' id='word_1_214' title='bbox 161 1815 238 1853; x_wconf 79' lang='grc' dir='ltr'>τότε</span> <span class='ocrx_word' id='word_1_215' title='bbox 258 1815 318 1866; x_wconf 81' lang='grc' dir='ltr'>ἔσῃ</span> <span class='ocrx_word' id='word_1_216' title='bbox 340 1814 618 1865; x_wconf 82' lang='grc' dir='ltr'>καταγέλαστος;</span> <span class='ocrx_word' id='word_1_217' title='bbox 638 1814 743 1852; x_wconf 79' lang='grc' dir='ltr'>Οὕτω</span> <span class='ocrx_word' id='word_1_218' title='bbox 762 1815 820 1852; x_wconf 83' lang='grc' dir='ltr'>καὶ</span> <span class='ocrx_word' id='word_1_219' title='bbox 841 1816 898 1853; x_wconf 70' lang='grc' dir='ltr'>ἐπὶ</span> <span class='ocrx_word' id='word_1_220' title='bbox 916 1818 983 1853; x_wconf 89' lang='grc' dir='ltr'>τῶν</span> <span class='ocrx_word' id='word_1_221' title='bbox 1004 1818 1096 1862; x_wconf 88' lang='grc' dir='ltr'>πλη-</span> 
     </span>
     <span class='ocr_line' id='line_1_29' title="bbox 81 1875 1096 1926; baseline 0.002 -13"><span class='ocrx_word' id='word_1_222' title='bbox 81 1875 152 1913; x_wconf 77' lang='grc' dir='ltr'>σίον</span> <span class='ocrx_word' id='word_1_223' title='bbox 180 1875 454 1925; x_wconf 84' lang='grc' dir='ltr'>διακεισώμεθα,</span> <span class='ocrx_word' id='word_1_224' title='bbox 471 1875 530 1913; x_wconf 81' lang='grc' dir='ltr'>καὶ</span> <span class='ocrx_word' id='word_1_225' title='bbox 552 1876 645 1914; x_wconf 77' lang='grc' dir='ltr'>οὐδὲν</span> <span class='ocrx_word' id='word_1_226' title='bbox 662 1875 853 1926; x_wconf 80' lang='grc' dir='ltr'>πεισόμεθα</span> <span class='ocrx_word' id='word_1_227' title='bbox 880 1876 982 1924; x_wconf 81' lang='grc' dir='ltr'>ἀηδές</span> <span class='ocrx_word' id='word_1_228' title='bbox 1000 1879 1012 1924; x_wconf 89' lang='grc'>(</span> <span class='ocrx_word' id='word_1_229' title='bbox 1029 1880 1096 1915; x_wconf 83' lang='grc' dir='ltr'>τῶν</span> 
     </span>
     <span class='ocr_line' id='line_1_30' title="bbox 79 1936 1097 1989; baseline 0 -14"><span class='ocrx_word' id='word_1_230' title='bbox 79 1937 144 1988; x_wconf 61' lang='grc' dir='ltr'>γὰρ</span> <span class='ocrx_word' id='word_1_231' title='bbox 159 1937 290 1974; x_wconf 72' lang='grc' dir='ltr'>παίδων</span> <span class='ocrx_word' id='word_1_232' title='bbox 306 1940 336 1975; x_wconf 81' lang='grc' dir='ltr'>οἱ</span> <span class='ocrx_word' id='word_1_233' title='bbox 351 1936 542 1989; x_wconf 60' lang='grc' dir='ltr'>ὗὸρίζοντες</span> <span class='ocrx_word' id='word_1_234' title='bbox 559 1937 815 1989; x_wconf 84' lang='grc' dir='ltr'>ἀνοητότεροι),</span> <span class='ocrx_word' id='word_1_235' title='bbox 833 1937 922 1989; x_wconf 74' lang='grc' dir='ltr'>μηδὲ</span> <span class='ocrx_word' id='word_1_236' title='bbox 939 1941 1097 1988; x_wconf 81' lang='grc' dir='ltr'>ζητῶμεν</span> 
     </span>
     <span class='ocr_line' id='line_1_31' title="bbox 80 1998 1096 2051; baseline 0.001 -15"><span class='ocrx_word' id='word_1_237' title='bbox 80 1999 128 2049; x_wconf 81' lang='grc' dir='ltr'>μὴ</span> <span class='ocrx_word' id='word_1_238' title='bbox 149 1999 365 2051; x_wconf 63' lang='grc' dir='ltr'>ὓέρίζεσθαι,</span> <span class='ocrx_word' id='word_1_239' title='bbox 385 1998 474 2037; x_wconf 85' lang='grc' dir='ltr'>ἀλλὰ</span> <span class='ocrx_word' id='word_1_240' title='bbox 493 1998 711 2050; x_wconf 63' lang='grc' dir='ltr'>ὑὸριζόμενοι</span> <span class='ocrx_word' id='word_1_241' title='bbox 731 1999 889 2051; x_wconf 76' lang='grc' dir='ltr'>φέρωμεν</span> <span class='ocrx_word' id='word_1_242' title='bbox 915 2000 1096 2051; x_wconf 83' lang='grc' dir='ltr'>γενναίως·</span> 
     </span>
     <span class='ocr_line' id='line_1_32' title="bbox 950 2061 1096 2101; baseline 0.007 -1"><span class='ocrx_word' id='word_1_243' title='bbox 950 2061 1037 2100; x_wconf 66' lang='lat' dir='ltr'>“Ort</span> <span class='ocrx_word' id='word_1_244' title='bbox 1057 2062 1096 2101; x_wconf 78' lang='grc' dir='ltr'>σὺ</span> 
     </span>
     <span class='ocr_line' id='line_1_33' title="bbox 80 2119 1096 2174; baseline 0.003 -17"><span class='ocrx_word' id='word_1_245' title='bbox 80 2120 194 2172; x_wconf 80' lang='grc' dir='ltr'>κύριος</span> <span class='ocrx_word' id='word_1_246' title='bbox 212 2119 356 2167; x_wconf 80' lang='grc' dir='ltr'>τούτου,</span> <span class='ocrx_word' id='word_1_247' title='bbox 377 2120 506 2158; x_wconf 82' lang='grc' dir='ltr'>ἐκείνου</span> <span class='ocrx_word' id='word_1_248' title='bbox 529 2119 563 2158; x_wconf 77' lang='grc' dir='ltr'>δὲ</span> <span class='ocrx_word' id='word_1_249' title='bbox 581 2119 707 2171; x_wconf 77' lang='grc' dir='ltr'>ἕτερος.</span> <span class='ocrx_word' id='word_1_250' title='bbox 728 2121 809 2173; x_wconf 80' lang='grc' dir='ltr'>Οὐχ</span> <span class='ocrx_word' id='word_1_251' title='bbox 827 2125 908 2174; x_wconf 71' lang='grc' dir='ltr'>ὁρᾷς</span> <span class='ocrx_word' id='word_1_252' title='bbox 929 2121 986 2160; x_wconf 79' lang='grc' dir='ltr'>τὸν</span> <span class='ocrx_word' id='word_1_253' title='bbox 1011 2123 1096 2160; x_wconf 78' lang='grc' dir='ltr'>ἀδά-</span> 
     </span>
    </p>
   </div>
   <div class='ocr_carea' id='block_1_6' title="bbox 81 2059 930 2112">
    <p class='ocr_par' dir='ltr' id='par_1_6' title="bbox 81 2059 930 2112">
     <span class='ocr_line' id='line_1_34' title="bbox 81 2059 930 2112; baseline 0.001 -15"><span class='ocrx_word' id='word_1_254' title='bbox 81 2060 164 2106; x_wconf 80' lang='grc' dir='ltr'>αὕτη</span> <span class='ocrx_word' id='word_1_255' title='bbox 187 2060 254 2112; x_wconf 87' lang='grc' dir='ltr'>γάρ</span> <span class='ocrx_word' id='word_1_256' title='bbox 276 2061 369 2097; x_wconf 83' lang='grc' dir='ltr'>ἐστιν</span> <span class='ocrx_word' id='word_1_257' title='bbox 392 2063 414 2105; x_wconf 82' lang='grc' dir='ltr'>ἡ</span> <span class='ocrx_word' id='word_1_258' title='bbox 448 2059 573 2110; x_wconf 70' lang='grc' dir='ltr'>βεὸαία</span> <span class='ocrx_word' id='word_1_259' title='bbox 589 2060 687 2109; x_wconf 79' lang='grc' dir='ltr'>τιμή.</span> <span class='ocrx_word' id='word_1_260' title='bbox 708 2060 756 2098; x_wconf 89' lang='grc' dir='ltr'>Τί</span> <span class='ocrx_word' id='word_1_261' title='bbox 775 2060 930 2109; x_wconf 70' lang='grc' dir='ltr'>δήποτε,</span> 
     </span>
    </p>
   </div>
   <div class='ocr_carea' id='block_1_7' title="bbox 80 2180 1102 2597">
    <p class='ocr_par' dir='ltr' id='par_1_7' title="bbox 80 2180 1102 2597">
     <span class='ocr_line' id='line_1_35' title="bbox 82 2180 1096 2233; baseline 0.002 -15"><span class='ocrx_word' id='word_1_262' title='bbox 82 2198 195 2231; x_wconf 79' lang='grc' dir='ltr'>μαντα</span> <span class='ocrx_word' id='word_1_263' title='bbox 226 2183 260 2218; x_wconf 78' lang='grc' dir='ltr'>ἐν</span> <span class='ocrx_word' id='word_1_264' title='bbox 291 2183 340 2233; x_wconf 80' lang='grc' dir='ltr'>τῷ</span> <span class='ocrx_word' id='word_1_265' title='bbox 369 2180 532 2218; x_wconf 83' lang='grc' dir='ltr'>παίεσθαι</span> <span class='ocrx_word' id='word_1_266' title='bbox 567 2180 784 2229; x_wconf 69' lang='grc' dir='ltr'>πλήττοντα,</span> <span class='ocrx_word' id='word_1_267' title='bbox 806 2181 898 2222; x_wconf 82' lang='grc' dir='ltr'>Ἀλλ’</span> <span class='ocrx_word' id='word_1_268' title='bbox 925 2187 946 2229; x_wconf 78' lang='grc' dir='ltr'>ἡ</span> <span class='ocrx_word' id='word_1_269' title='bbox 978 2182 1096 2233; x_wconf 79' lang='grc' dir='ltr'>φύσις,</span> 
     </span>
     <span class='ocr_line' id='line_1_36' title="bbox 80 2240 1097 2295; baseline 0.003 -17"><span class='ocrx_word' id='word_1_270' title='bbox 80 2241 183 2293; x_wconf 74' lang='grc' dir='ltr'>φησὶ,</span> <span class='ocrx_word' id='word_1_271' title='bbox 200 2246 299 2279; x_wconf 76' lang='grc' dir='ltr'>τοῦτο</span> <span class='ocrx_word' id='word_1_272' title='bbox 317 2241 401 2292; x_wconf 71' lang='grc' dir='ltr'>ἔχει.</span> <span class='ocrx_word' id='word_1_273' title='bbox 419 2240 523 2279; x_wconf 81' lang='grc' dir='ltr'>Ἀλλὰ</span> <span class='ocrx_word' id='word_1_274' title='bbox 546 2241 606 2278; x_wconf 78' lang='grc' dir='ltr'>καὶ</span> <span class='ocrx_word' id='word_1_275' title='bbox 633 2241 686 2279; x_wconf 77' lang='grc' dir='ltr'>σοὶ</span> <span class='ocrx_word' id='word_1_276' title='bbox 706 2242 847 2280; x_wconf 70' lang='grc' dir='ltr'>δυνατὸν</span> <span class='ocrx_word' id='word_1_277' title='bbox 863 2244 898 2280; x_wconf 79' lang='grc' dir='ltr'>ἐν</span> <span class='ocrx_word' id='word_1_278' title='bbox 916 2246 958 2294; x_wconf 79' lang='grc' dir='ltr'>τῇ</span> <span class='ocrx_word' id='word_1_279' title='bbox 979 2258 1097 2295; x_wconf 90' lang='grc' dir='ltr'>προαι-</span> 
     </span>
     <span class='ocr_line' id='line_1_37' title="bbox 82 2301 1098 2355; baseline 0.001 -15"><span class='ocrx_word' id='word_1_280' title='bbox 82 2303 172 2354; x_wconf 81' lang='grc' dir='ltr'>ρέσει</span> <span class='ocrx_word' id='word_1_281' title='bbox 189 2301 344 2352; x_wconf 84' lang='grc' dir='ltr'>γενέσθαι</span> <span class='ocrx_word' id='word_1_282' title='bbox 359 2305 524 2349; x_wconf 76' lang='grc' dir='ltr'>τοιοῦτον,</span> <span class='ocrx_word' id='word_1_283' title='bbox 538 2301 623 2352; x_wconf 80' lang='grc' dir='ltr'>ὅπερ</span> <span class='ocrx_word' id='word_1_284' title='bbox 644 2302 713 2339; x_wconf 77' lang='grc' dir='ltr'>ἀπὸ</span> <span class='ocrx_word' id='word_1_285' title='bbox 729 2302 862 2354; x_wconf 72' lang='grc' dir='ltr'>φύσεως</span> <span class='ocrx_word' id='word_1_286' title='bbox 874 2304 993 2355; x_wconf 79' lang='grc' dir='ltr'>ἐκείνῳ</span> <span class='ocrx_word' id='word_1_287' title='bbox 1010 2319 1098 2354; x_wconf 87' lang='grc' dir='ltr'>συμ-</span> 
     </span>
     <span class='ocr_line' id='line_1_38' title="bbox 80 2356 1099 2418; baseline 0.003 -18"><span class='ocrx_word' id='word_1_288' title='bbox 80 2363 201 2400; x_wconf 63' lang='grc' dir='ltr'>δαίνει.</span> <span class='ocrx_word' id='word_1_289' title='bbox 221 2362 268 2400; x_wconf 86' lang='grc' dir='ltr'>Τί</span> <span class='ocrx_word' id='word_1_290' title='bbox 300 2361 360 2409; x_wconf 79' lang='grc' dir='ltr'>δέ;</span> <span class='ocrx_word' id='word_1_291' title='bbox 389 2364 451 2400; x_wconf 77' lang='grc' dir='ltr'>οὐκ</span> <span class='ocrx_word' id='word_1_292' title='bbox 471 2356 557 2405; x_wconf 60' lang='grc' dir='ltr'>εἶδες</span> <span class='ocrx_word' id='word_1_293' title='bbox 576 2363 653 2405; x_wconf 84' lang='grc' dir='ltr'>τοὺς</span> <span class='ocrx_word' id='word_1_294' title='bbox 677 2364 805 2406; x_wconf 77' lang='grc' dir='ltr'>παῖδας</span> <span class='ocrx_word' id='word_1_295' title='bbox 834 2366 868 2401; x_wconf 81' lang='grc' dir='ltr'>ἐν</span> <span class='ocrx_word' id='word_1_296' title='bbox 897 2366 940 2415; x_wconf 77' lang='grc' dir='ltr'>τῇ</span> <span class='ocrx_word' id='word_1_297' title='bbox 961 2364 1099 2418; x_wconf 82' lang='grc' dir='ltr'>καμίνῳ</span> 
     </span>
     <span class='ocr_line' id='line_1_39' title="bbox 81 2421 1099 2477; baseline 0.003 -18"><span class='ocrx_word' id='word_1_298' title='bbox 81 2424 128 2473; x_wconf 77' lang='grc' dir='ltr'>μὴ</span> <span class='ocrx_word' id='word_1_299' title='bbox 150 2422 375 2472; x_wconf 77' lang='grc' dir='ltr'>καιομένους;</span> <span class='ocrx_word' id='word_1_300' title='bbox 394 2422 452 2460; x_wconf 84' lang='grc' dir='ltr'>καὶ</span> <span class='ocrx_word' id='word_1_301' title='bbox 473 2422 531 2460; x_wconf 82' lang='grc' dir='ltr'>τὸν</span> <span class='ocrx_word' id='word_1_302' title='bbox 551 2421 687 2469; x_wconf 78' lang='grc' dir='ltr'>Δανιὴλ</span> <span class='ocrx_word' id='word_1_303' title='bbox 711 2424 746 2460; x_wconf 81' lang='grc' dir='ltr'>ἐν</span> <span class='ocrx_word' id='word_1_304' title='bbox 774 2427 823 2476; x_wconf 82' lang='grc' dir='ltr'>τῷ</span> <span class='ocrx_word' id='word_1_305' title='bbox 842 2423 962 2477; x_wconf 82' lang='grc' dir='ltr'>λάκκῳ</span> <span class='ocrx_word' id='word_1_306' title='bbox 992 2426 1099 2476; x_wconf 73' lang='grc' dir='ltr'>μηδὲν</span> 
     </span>
     <span class='ocr_line' id='line_1_40' title="bbox 81 2482 1099 2537; baseline 0.003 -16"><span class='ocrx_word' id='word_1_307' title='bbox 81 2484 261 2535; x_wconf 73' lang='grc' dir='ltr'>πάσχοντα</span> <span class='ocrx_word' id='word_1_308' title='bbox 294 2483 420 2531; x_wconf 79' lang='grc' dir='ltr'>δεινόν;</span> <span class='ocrx_word' id='word_1_309' title='bbox 443 2483 585 2528; x_wconf 82' lang='grc' dir='ltr'>Ἔξεστι</span> <span class='ocrx_word' id='word_1_310' title='bbox 619 2484 678 2521; x_wconf 83' lang='grc' dir='ltr'>καὶ</span> <span class='ocrx_word' id='word_1_311' title='bbox 697 2482 756 2522; x_wconf 77' lang='grc' dir='ltr'>νῦν</span> <span class='ocrx_word' id='word_1_312' title='bbox 789 2488 891 2522; x_wconf 80' lang='grc' dir='ltr'>τοῦτο</span> <span class='ocrx_word' id='word_1_313' title='bbox 922 2486 1099 2537; x_wconf 83' lang='grc' dir='ltr'>γενέσθαι·</span> 
     </span>
     <span class='ocr_line' id='line_1_41' title="bbox 83 2543 1102 2597; baseline 0.005 -17"><span class='ocrx_word' id='word_1_314' title='bbox 83 2543 323 2594; x_wconf 76' lang='grc' dir='ltr'>παρεστήκασι</span> <span class='ocrx_word' id='word_1_315' title='bbox 356 2544 415 2581; x_wconf 86' lang='grc' dir='ltr'>καὶ</span> <span class='ocrx_word' id='word_1_316' title='bbox 438 2547 522 2594; x_wconf 74' lang='grc' dir='ltr'>ἡμῖν</span> <span class='ocrx_word' id='word_1_317' title='bbox 557 2543 711 2591; x_wconf 82' lang='grc' dir='ltr'>λέοντες,</span> <span class='ocrx_word' id='word_1_318' title='bbox 755 2545 884 2596; x_wconf 79' lang='grc' dir='ltr'>θυμὸς,</span> <span class='ocrx_word' id='word_1_319' title='bbox 917 2547 1102 2597; x_wconf 80' lang='grc' dir='ltr'>ἐπιθυμία,</span> 
     </span>
    </p>
   </div>
   <div class='ocr_carea' id='block_1_8' title="bbox 84 2604 1150 2684">
    <p class='ocr_par' dir='ltr' id='par_1_8' title="bbox 84 2604 1150 2684">
     <span class='ocr_line' id='line_1_42' title="bbox 84 2604 1150 2684; baseline 0.005 -43"><span class='ocrx_word' id='word_1_320' title='bbox 84 2605 256 2655; x_wconf 69' lang='grc' dir='ltr'>χαλεποὺς</span> <span class='ocrx_word' id='word_1_321' title='bbox 269 2604 427 2684; x_wconf 53' lang='grc' dir='ltr'>ἔχοντεςϋ</span> <span class='ocrx_word' id='word_1_322' title='bbox 418 2604 557 2648; x_wconf 76' lang='grc' dir='ltr'>ὀδόντας</span> <span class='ocrx_word' id='word_1_323' title='bbox 570 2634 579 2651; x_wconf 86' lang='grc'>,</span> <span class='ocrx_word' id='word_1_324' title='bbox 596 2606 810 2648; x_wconf 82' lang='grc' dir='ltr'>διασπῶντες</span> <span class='ocrx_word' id='word_1_325' title='bbox 828 2607 886 2645; x_wconf 81' lang='grc' dir='ltr'>τὸν</span> <span class='ocrx_word' id='word_1_326' title='bbox 905 2607 1099 2658; x_wconf 83' lang='grc' dir='ltr'>ἐμπίπτον·</span> <span class='ocrx_word' id='word_1_327' title='bbox 1127 2620 1150 2650; x_wconf 83' lang='lat' dir='ltr'>C</span> 
     </span>
    </p>
   </div>
   <div class='ocr_carea' id='block_1_9' title="bbox 82 2663 1103 3201">
    <p class='ocr_par' dir='ltr' id='par_1_9' title="bbox 82 2663 1103 3201">
     <span class='ocr_line' id='line_1_43' title="bbox 84 2663 1102 2720; baseline 0.006 -19"><span class='ocrx_word' id='word_1_328' title='bbox 84 2681 138 2702; x_wconf 86' lang='grc' dir='ltr'>τα.</span> <span class='ocrx_word' id='word_1_329' title='bbox 156 2666 260 2702; x_wconf 88' lang='grc' dir='ltr'>Γενου</span> <span class='ocrx_word' id='word_1_330' title='bbox 280 2664 391 2702; x_wconf 82' lang='grc' dir='ltr'>τοίνυν</span> <span class='ocrx_word' id='word_1_331' title='bbox 410 2663 525 2702; x_wconf 72' lang='grc' dir='ltr'>1’κατὰ</span> <span class='ocrx_word' id='word_1_332' title='bbox 543 2681 601 2703; x_wconf 87' lang='grc' dir='ltr'>τον</span> <span class='ocrx_word' id='word_1_333' title='bbox 617 2666 774 2712; x_wconf 87' lang='grc' dir='ltr'>Δανιὴλ,</span> <span class='ocrx_word' id='word_1_334' title='bbox 797 2682 857 2704; x_wconf 91' lang='grc' dir='ltr'>και</span> <span class='ocrx_word' id='word_1_335' title='bbox 877 2667 926 2717; x_wconf 85' lang='grc' dir='ltr'>μὴ</span> <span class='ocrx_word' id='word_1_336' title='bbox 946 2669 1012 2720; x_wconf 81' lang='grc' dir='ltr'>δως</span> <span class='ocrx_word' id='word_1_337' title='bbox 1030 2675 1102 2712; x_wconf 92' lang='grc' dir='ltr'>τοῖς</span> 
     </span>
     <span class='ocr_line' id='line_1_44' title="bbox 84 2724 1100 2781; baseline 0.004 -19"><span class='ocrx_word' id='word_1_338' title='bbox 84 2724 207 2762; x_wconf 76' lang='grc' dir='ltr'>πάθεσι</span> <span class='ocrx_word' id='word_1_339' title='bbox 237 2740 368 2767; x_wconf 88' lang='grc' dir='ltr'>τουτοις</span> <span class='ocrx_word' id='word_1_340' title='bbox 390 2724 469 2768; x_wconf 82' lang='grc' dir='ltr'>τοὺς</span> <span class='ocrx_word' id='word_1_341' title='bbox 498 2724 639 2768; x_wconf 80' lang='grc' dir='ltr'>ὀδόντας</span> <span class='ocrx_word' id='word_1_342' title='bbox 657 2726 810 2776; x_wconf 81' lang='grc' dir='ltr'>ἐμπηξαί</span> <span class='ocrx_word' id='word_1_343' title='bbox 842 2743 902 2765; x_wconf 90' lang='grc' dir='ltr'>σου</span> <span class='ocrx_word' id='word_1_344' title='bbox 923 2731 967 2780; x_wconf 78' lang='grc' dir='ltr'>τ’ᾐ·</span> <span class='ocrx_word' id='word_1_345' title='bbox 992 2731 1100 2781; x_wconf 73' lang='grc' dir='ltr'>ψυχῃ.</span> 
     </span>
     <span class='ocr_line' id='line_1_45' title="bbox 82 2785 1101 2841; baseline 0.004 -18"><span class='ocrx_word' id='word_1_346' title='bbox 82 2785 171 2823; x_wconf 74' lang='grc' dir='ltr'>Ἀλλ’</span> <span class='ocrx_word' id='word_1_347' title='bbox 192 2787 316 2830; x_wconf 83' lang='grc' dir='ltr'>ἐκεῖνος</span> <span class='ocrx_word' id='word_1_348' title='bbox 344 2802 405 2831; x_wconf 83' lang='grc' dir='ltr'>της</span> <span class='ocrx_word' id='word_1_349' title='bbox 432 2786 574 2838; x_wconf 76' lang='grc' dir='ltr'>χάριτος</span> <span class='ocrx_word' id='word_1_350' title='bbox 603 2801 642 2824; x_wconf 88' lang='grc' dir='ltr'>το</span> <span class='ocrx_word' id='word_1_351' title='bbox 659 2785 739 2825; x_wconf 78' lang='grc' dir='ltr'>ὅλον</span> <span class='ocrx_word' id='word_1_352' title='bbox 764 2792 837 2840; x_wconf 69' lang='grc' dir='ltr'>εἴγε</span> <span class='ocrx_word' id='word_1_353' title='bbox 865 2790 1101 2841; x_wconf 86' lang='grc' dir='ltr'>συμπράττον,</span> 
     </span>
     <span class='ocr_line' id='line_1_46' title="bbox 83 2845 1103 2902; baseline 0.006 -19.012"><span class='ocrx_word' id='word_1_354' title='bbox 83 2845 178 2896; x_wconf 74' lang='grc' dir='ltr'>φησί</span> <span class='ocrx_word' id='word_1_355' title='bbox 216 2847 359 2889; x_wconf 85' lang='grc' dir='ltr'>Καλῶς·</span> <span class='ocrx_word' id='word_1_356' title='bbox 392 2846 511 2893; x_wconf 80' lang='grc' dir='ltr'>ἐπειδὴ</span> <span class='ocrx_word' id='word_1_357' title='bbox 533 2862 662 2892; x_wconf 66' lang='grc' dir='ltr'>ταυτης</span> <span class='ocrx_word' id='word_1_358' title='bbox 699 2847 743 2885; x_wconf 86' lang='grc' dir='ltr'>τὰ</span> <span class='ocrx_word' id='word_1_359' title='bbox 774 2851 837 2894; x_wconf 79' lang='grc' dir='ltr'>τ’ἧς</span> <span class='ocrx_word' id='word_1_360' title='bbox 870 2850 1103 2902; x_wconf 79' lang='grc' dir='ltr'>προαιρέσεως</span> 
     </span>
     <span class='ocr_line' id='line_1_47' title="bbox 83 2905 1103 2959; baseline 0.009 -19"><span class='ocrx_word' id='word_1_361' title='bbox 83 2906 323 2956; x_wconf 81' lang='grc' dir='ltr'>προηγήσατο.</span> <span class='ocrx_word' id='word_1_362' title='bbox 344 2905 455 2944; x_wconf 70' lang='grc' dir='ltr'>εΏστε</span> <span class='ocrx_word' id='word_1_363' title='bbox 474 2906 532 2945; x_wconf 80' lang='grc' dir='ltr'>ἐὰν</span> <span class='ocrx_word' id='word_1_364' title='bbox 554 2907 707 2958; x_wconf 82' lang='grc' dir='ltr'>θέλωμεν</span> <span class='ocrx_word' id='word_1_365' title='bbox 727 2908 788 2946; x_wconf 78' lang='grc' dir='ltr'>καὶ</span> <span class='ocrx_word' id='word_1_366' title='bbox 807 2912 909 2959; x_wconf 81' lang='grc' dir='ltr'>ἡμεῖς</span> <span class='ocrx_word' id='word_1_367' title='bbox 929 2910 1103 2953; x_wconf 84' lang='grc' dir='ltr'>τοιούτους</span> 
     </span>
     <span class='ocr_line' id='line_1_48' title="bbox 84 2965 1103 3023; baseline 0.008 -22"><span class='ocrx_word' id='word_1_368' title='bbox 84 2965 223 3008; x_wconf 77' lang='grc' dir='ltr'>ἑαυτοὺς</span> <span class='ocrx_word' id='word_1_369' title='bbox 245 2966 538 3015; x_wconf 64' lang='grc' dir='ltr'>εκατασκευάσαι,</span> <span class='ocrx_word' id='word_1_370' title='bbox 554 2968 704 3020; x_wconf 84' lang='grc' dir='ltr'>πάρεστι</span> <span class='ocrx_word' id='word_1_371' title='bbox 717 2969 776 3007; x_wconf 82' lang='grc' dir='ltr'>καὶ</span> <span class='ocrx_word' id='word_1_372' title='bbox 790 2972 848 3007; x_wconf 76' lang='grc' dir='ltr'>νῦν</span> <span class='ocrx_word' id='word_1_373' title='bbox 862 2974 884 3016; x_wconf 80' lang='grc' dir='ltr'>ἡ</span> <span class='ocrx_word' id='word_1_374' title='bbox 901 2971 1020 3023; x_wconf 81' lang='grc' dir='ltr'>χάρις·</span> <span class='ocrx_word' id='word_1_375' title='bbox 1040 2971 1103 3009; x_wconf 79' lang='grc' dir='ltr'>κᾶν</span> 
     </span>
     <span class='ocr_line' id='line_1_49' title="bbox 84 3026 1101 3084; baseline 0.008 -22"><span class='ocrx_word' id='word_1_376' title='bbox 84 3032 185 3077; x_wconf 74' lang='grc' dir='ltr'>πεινᾷ</span> <span class='ocrx_word' id='word_1_377' title='bbox 202 3026 246 3064; x_wconf 79' lang='grc' dir='ltr'>τὰ</span> <span class='ocrx_word' id='word_1_378' title='bbox 261 3026 384 3078; x_wconf 84' lang='grc' dir='ltr'>θηρία,</span> <span class='ocrx_word' id='word_1_379' title='bbox 399 3029 465 3079; x_wconf 75' lang='grc' dir='ltr'>οὐχ</span> <span class='ocrx_word' id='word_1_380' title='bbox 484 3028 609 3080; x_wconf 77' lang='grc' dir='ltr'>ἅψεταί</span> <span class='ocrx_word' id='word_1_381' title='bbox 629 3044 688 3067; x_wconf 88' lang='grc' dir='ltr'>σου</span> <span class='ocrx_word' id='word_1_382' title='bbox 708 3032 770 3075; x_wconf 74' lang='grc' dir='ltr'>τῆς</span> <span class='ocrx_word' id='word_1_383' title='bbox 789 3032 951 3083; x_wconf 85' lang='grc' dir='ltr'>πλευρᾶς.</span> <span class='ocrx_word' id='word_1_384' title='bbox 973 3033 1016 3069; x_wconf 87' lang='grc' dir='ltr'>Εἰ</span> <span class='ocrx_word' id='word_1_385' title='bbox 1034 3031 1101 3084; x_wconf 82' lang='grc' dir='ltr'>γὰρ</span> 
     </span>
     <span class='ocr_line' id='line_1_50' title="bbox 84 3087 1102 3143; baseline 0.008 -20"><span class='ocrx_word' id='word_1_386' title='bbox 84 3088 186 3136; x_wconf 87' lang='grc' dir='ltr'>σῶμα</span> <span class='ocrx_word' id='word_1_387' title='bbox 207 3087 362 3126; x_wconf 81' lang='grc' dir='ltr'>δουλικὸν</span> <span class='ocrx_word' id='word_1_388' title='bbox 386 3087 513 3132; x_wconf 80' lang='grc' dir='ltr'>ἰδόντες</span> <span class='ocrx_word' id='word_1_389' title='bbox 537 3089 744 3140; x_wconf 82' lang='grc' dir='ltr'>ᾐδέσθησαν,</span> <span class='ocrx_word' id='word_1_390' title='bbox 764 3090 808 3128; x_wconf 84' lang='grc' dir='ltr'>τὰ</span> <span class='ocrx_word' id='word_1_391' title='bbox 828 3091 916 3141; x_wconf 77' lang='grc' dir='ltr'>μέλη</span> <span class='ocrx_word' id='word_1_392' title='bbox 939 3096 998 3130; x_wconf 76' lang='grc' dir='ltr'>τοῦ</span> <span class='ocrx_word' id='word_1_393' title='bbox 1019 3094 1102 3143; x_wconf 88' lang='grc' dir='ltr'>Χρι-</span> 
     </span>
     <span class='ocr_line' id='line_1_51' title="bbox 84 3148 1102 3201; baseline 0.008 -18"><span class='ocrx_word' id='word_1_394' title='bbox 84 3151 164 3184; x_wconf 73' lang='grc' dir='ltr'>στοῦ</span> <span class='ocrx_word' id='word_1_395' title='bbox 187 3148 390 3197; x_wconf 82' lang='grc' dir='ltr'>θεασάμενοι</span> <span class='ocrx_word' id='word_1_396' title='bbox 418 3151 537 3196; x_wconf 74' lang='grc' dir='ltr'>(τοῦτο</span> <span class='ocrx_word' id='word_1_397' title='bbox 562 3149 628 3201; x_wconf 88' lang='grc' dir='ltr'>γάρ</span> <span class='ocrx_word' id='word_1_398' title='bbox 648 3154 752 3201; x_wconf 81' lang='grc' dir='ltr'>ἐσμεν</span> <span class='ocrx_word' id='word_1_399' title='bbox 778 3154 808 3189; x_wconf 81' lang='grc' dir='ltr'>οἱ</span> <span class='ocrx_word' id='word_1_400' title='bbox 839 3153 1001 3201; x_wconf 81' lang='grc' dir='ltr'>πιστοί),</span> <span class='ocrx_word' id='word_1_401' title='bbox 1028 3156 1102 3197; x_wconf 87' lang='grc' dir='ltr'>πῶς</span> 
     </span>
    </p>
   </div>
   <div class='ocr_carea' id='block_1_10' title="bbox 85 3288 1093 3498">
    <p class='ocr_par' dir='ltr' id='par_1_10' title="bbox 86 3288 1084 3384">
     <span class='ocr_line' id='line_1_52' title="bbox 128 3288 1084 3341; baseline 0.012 -22"><span class='ocrx_word' id='word_1_402' title='bbox 128 3296 136 3305; x_wconf 79' lang='grc'>““</span> <span class='ocrx_word' id='word_1_403' title='bbox 162 3288 274 3322; x_wconf 62' lang='lat' dir='ltr'>florei.</span> <span class='ocrx_word' id='word_1_404' title='bbox 287 3289 368 3321; x_wconf 73' lang='lat' dir='ltr'>male</span> <span class='ocrx_word' id='word_1_405' title='bbox 386 3295 520 3334; x_wconf 70' lang='grc' dir='ltr'>προθέσει</span> <span class='ocrx_word' id='word_1_406' title='bbox 533 3292 638 3334; x_wconf 84' lang='lat' dir='ltr'>[Infra</span> <span class='ocrx_word' id='word_1_407' title='bbox 653 3295 676 3326; x_wconf 83' lang='grc' dir='ltr'>Α</span> <span class='ocrx_word' id='word_1_408' title='bbox 696 3299 781 3333; x_wconf 62' lang='grc' dir='ltr'>αὐτὸς</span> <span class='ocrx_word' id='word_1_409' title='bbox 792 3301 848 3341; x_wconf 69' lang='grc' dir='ltr'>γὰρ</span> <span class='ocrx_word' id='word_1_410' title='bbox 865 3299 946 3338; x_wconf 75' lang='grc' dir='ltr'>μένει</span> <span class='ocrx_word' id='word_1_411' title='bbox 960 3300 1084 3339; x_wconf 62' lang='grc' dir='ltr'>εὐλογη-</span> 
     </span>
     <span class='ocr_line' id='line_1_53' title="bbox 86 3343 343 3384; baseline 0.012 -12"><span class='ocrx_word' id='word_1_412' title='bbox 86 3348 131 3377; x_wconf 61' lang='grc' dir='ltr'>&gt;&gt;ς</span> <span class='ocrx_word' id='word_1_413' title='bbox 155 3347 192 3378; x_wconf 72' lang='grc' dir='ltr'>εἷς</span> <span class='ocrx_word' id='word_1_414' title='bbox 204 3345 266 3378; x_wconf 64' lang='grc' dir='ltr'>τοὺς</span> <span class='ocrx_word' id='word_1_415' title='bbox 286 3343 343 3384; x_wconf 53' lang='lat' dir='ltr'>ab]</span> 
     </span>
    </p>

    <p class='ocr_par' dir='ltr' id='par_1_11' title="bbox 85 3393 1093 3498">
     <span class='ocr_line' id='line_1_54' title="bbox 129 3393 1086 3437; baseline 0.008 -12"><span class='ocrx_word' id='word_1_416' title='bbox 129 3397 136 3404; x_wconf 85' lang='lat'>’</span> <span class='ocrx_word' id='word_1_417' title='bbox 163 3394 361 3437; x_wconf 40' lang='grc' dir='ltr'>[μῆιιζὼτωυ</span> <span class='ocrx_word' id='word_1_418' title='bbox 393 3393 585 3427; x_wconf 80' lang='lat' dir='ltr'>addidimus</span> <span class='ocrx_word' id='word_1_419' title='bbox 606 3407 643 3428; x_wconf 80' lang='lat' dir='ltr'>cx</span> <span class='ocrx_word' id='word_1_420' title='bbox 667 3396 767 3430; x_wconf 74' lang='lat' dir='ltr'>Savil.</span> <span class='ocrx_word' id='word_1_421' title='bbox 785 3405 817 3429; x_wconf 86' lang='lat' dir='ltr'>et</span> <span class='ocrx_word' id='word_1_422' title='bbox 834 3400 870 3430; x_wconf 82' lang='grc' dir='ltr'>Α.</span> <span class='ocrx_word' id='word_1_423' title='bbox 890 3397 983 3432; x_wconf 78' lang='lat' dir='ltr'>Idem</span> <span class='ocrx_word' id='word_1_424' title='bbox 1001 3399 1086 3434; x_wconf 86' lang='lat' dir='ltr'>Cod.</span> 
     </span>
     <span class='ocr_line' id='line_1_55' title="bbox 85 3445 1093 3498; baseline 0.01 -22"><span class='ocrx_word' id='word_1_425' title='bbox 85 3457 179 3487; x_wconf 66' lang='lat' dir='ltr'>§upra</span> <span class='ocrx_word' id='word_1_426' title='bbox 196 3445 293 3477; x_wconf 67' lang='lat' dir='ltr'>habet</span> <span class='ocrx_word' id='word_1_427' title='bbox 307 3452 382 3480; x_wconf 63' lang='lat' dir='ltr'>aezw&#39;.</span> <span class='ocrx_word' id='word_1_428' title='bbox 396 3453 480 3480; x_wconf 64' lang='grc' dir='ltr'>τοῦτο</span> <span class='ocrx_word' id='word_1_429' title='bbox 493 3451 707 3489; x_wconf 62' lang='grc' dir='ltr'>ὁμοτοῦνταε,οι</span> <span class='ocrx_word' id='word_1_430' title='bbox 721 3448 804 3481; x_wconf 73' lang='lat' dir='ltr'>infra</span> <span class='ocrx_word' id='word_1_431' title='bbox 815 3451 939 3483; x_wconf 84' lang='lat' dir='ltr'>omittit</span> <span class='ocrx_word' id='word_1_432' title='bbox 957 3454 1093 3498; x_wconf 60' lang='grc' dir='ltr'>ἑτέρων]</span> 
     </span>
    </p>
   </div>
   <div class='ocr_carea' id='block_1_11' title="bbox 1003 283 1204 313">
    <p class='ocr_par' dir='ltr' id='par_1_12' title="bbox 1003 283 1204 313">
     <span class='ocr_line' id='line_1_56' title="bbox 1003 283 1204 313; baseline 0.005 -2"><span class='ocrx_word' id='word_1_433' title='bbox 1003 283 1059 311; x_wconf 73' lang='lat' dir='ltr'>AD</span> <span class='ocrx_word' id='word_1_434' title='bbox 1096 284 1185 313; x_wconf 67' lang='lat' dir='ltr'>Bou</span> <span class='ocrx_word' id='word_1_435' title='bbox 1196 304 1204 312; x_wconf 91' lang='lat'>.</span> 
     </span>
    </p>
   </div>
   <div class='ocr_carea' id='block_1_12' title="bbox 1245 285 1501 315">
    <p class='ocr_par' dir='ltr' id='par_1_13' title="bbox 1245 285 1501 315">
     <span class='ocr_line' id='line_1_57' title="bbox 1245 285 1501 315; baseline 0.008 -2"><span class='ocrx_word' id='word_1_436' title='bbox 1245 285 1398 315; x_wconf 79' lang='lat' dir='ltr'><strong>HOMIL.</strong></span> <span class='ocrx_word' id='word_1_437' title='bbox 1438 286 1501 315; x_wconf 89' lang='lat'>111.</span> 
     </span>
    </p>
   </div>
   <div class='ocr_carea' id='block_1_13' title="bbox 1109 274 2153 1215">
    <p class='ocr_par' dir='ltr' id='par_1_14' title="bbox 1109 274 2153 1215">
     <span class='ocr_line' id='line_1_58' title="bbox 2055 274 2146 335; baseline 0.033 -3"><span class='ocrx_word' id='word_1_438' title='bbox 2055 274 2146 335; x_wconf 60' lang='lat'>40²³</span> 
     </span>
     <span class='ocr_line' id='line_1_59' title="bbox 1169 366 2149 418; baseline 0.005 -16"><span class='ocrx_word' id='word_1_439' title='bbox 1169 366 1266 417; x_wconf 83' lang='lat' dir='ltr'>ponit</span> <span class='ocrx_word' id='word_1_440' title='bbox 1280 382 1291 415; x_wconf 76' lang='lat'><em>3</em></span> <span class='ocrx_word' id='word_1_441' title='bbox 1321 381 1399 417; x_wconf 85' lang='lat' dir='ltr'>quae</span> <span class='ocrx_word' id='word_1_442' title='bbox 1419 381 1503 404; x_wconf 87' lang='lat' dir='ltr'>vero</span> <span class='ocrx_word' id='word_1_443' title='bbox 1528 366 1690 418; x_wconf 79' lang='lat' dir='ltr'>graviora</span> <span class='ocrx_word' id='word_1_444' title='bbox 1714 375 1826 416; x_wconf 73' lang='lat' dir='ltr'>erant,</span> <span class='ocrx_word' id='word_1_445' title='bbox 1856 366 2063 418; x_wconf 74' lang='lat' dir='ltr'>generaliter</span> <span class='ocrx_word' id='word_1_446' title='bbox 2084 384 2090 404; x_wconf 91' lang='lat'>:</span> <span class='ocrx_word' id='word_1_447' title='bbox 2110 384 2149 407; x_wconf 87' lang='lat' dir='ltr'>ac</span> 
     </span>
     <span class='ocr_line' id='line_1_60' title="bbox 1168 427 2150 481; baseline 0.004 -18"><span class='ocrx_word' id='word_1_448' title='bbox 1168 440 1230 477; x_wconf 85' lang='lat' dir='ltr'>per</span> <span class='ocrx_word' id='word_1_449' title='bbox 1259 427 1334 464; x_wconf 82' lang='lat' dir='ltr'>haec</span> <span class='ocrx_word' id='word_1_450' title='bbox 1348 427 1466 465; x_wconf 81' lang='lat' dir='ltr'>omnia</span> <span class='ocrx_word' id='word_1_451' title='bbox 1481 427 1647 478; x_wconf 78' lang='lat' dir='ltr'>ostendit,</span> <span class='ocrx_word' id='word_1_452' title='bbox 1666 436 1833 465; x_wconf 73' lang='lat' dir='ltr'><strong>creaturae</strong></span> <span class='ocrx_word' id='word_1_453' title='bbox 1851 427 1987 466; x_wconf 89' lang='lat' dir='ltr'>cultum</span> <span class='ocrx_word' id='word_1_454' title='bbox 2002 428 2045 466; x_wconf 82' lang='lat' dir='ltr'>ad</span> <span class='ocrx_word' id='word_1_455' title='bbox 2063 443 2150 481; x_wconf 84' lang='lat' dir='ltr'>gen—</span> 
     </span>
     <span class='ocr_line' id='line_1_61' title="bbox 1168 486 2150 543; baseline 0.006 -20"><span class='ocrx_word' id='word_1_456' title='bbox 1168 486 1246 525; x_wconf 82' lang='lat' dir='ltr'><strong>tiles</strong></span> <span class='ocrx_word' id='word_1_457' title='bbox 1260 487 1445 539; x_wconf 86' lang='lat' dir='ltr'>pertinere.</span> <span class='ocrx_word' id='word_1_458' title='bbox 1466 488 1511 526; x_wconf 91' lang='lat' dir='ltr'>Et</span> <span class='ocrx_word' id='word_1_459' title='bbox 1528 488 1611 528; x_wconf 89' lang='lat' dir='ltr'>vide</span> <span class='ocrx_word' id='word_1_460' title='bbox 1627 488 1803 539; x_wconf 91' lang='lat' dir='ltr'>quomodo</span> <span class='ocrx_word' id='word_1_461' title='bbox 1822 503 2017 528; x_wconf 89' lang='lat' dir='ltr'>sermonem</span> <span class='ocrx_word' id='word_1_462' title='bbox 2035 492 2150 543; x_wconf 82' lang='lat' dir='ltr'>expli-</span> 
     </span>
     <span class='ocr_line' id='line_1_62' title="bbox 1167 548 2152 602; baseline 0.007 -18"><span class='ocrx_word' id='word_1_463' title='bbox 1167 548 1327 586; x_wconf 85' lang='lat' dir='ltr'><strong>caverit:</strong></span> <span class='ocrx_word' id='word_1_464' title='bbox 1351 563 1419 587; x_wconf 89' lang='lat' dir='ltr'>non</span> <span class='ocrx_word' id='word_1_465' title='bbox 1448 549 1542 587; x_wconf 86' lang='lat' dir='ltr'>enim</span> <span class='ocrx_word' id='word_1_466' title='bbox 1566 549 1775 602; x_wconf 63' lang='lat' dir='ltr'>simpliciter</span> <span class='ocrx_word' id='word_1_467' title='bbox 1802 550 1923 601; x_wconf 79' lang='lat' dir='ltr'>dixit,</span> <span class='ocrx_word' id='word_1_468' title='bbox 1957 552 2152 591; x_wconf 78' lang='lat' dir='ltr'>Coluerunt</span> 
     </span>
     <span class='ocr_line' id='line_1_63' title="bbox 1121 609 2150 663; baseline 0.008 -20"><span class='ocrx_word' id='word_1_469' title='bbox 1121 619 1144 648; x_wconf 82' lang='lat' dir='ltr'>E</span> <span class='ocrx_word' id='word_1_470' title='bbox 1168 616 1380 657; x_wconf 81' lang='lat' dir='ltr'>creaturam,</span> <span class='ocrx_word' id='word_1_471' title='bbox 1395 609 1458 647; x_wconf 89' lang='lat' dir='ltr'>sed</span> <span class='ocrx_word' id='word_1_472' title='bbox 1474 609 1627 659; x_wconf 81' lang='lat' dir='ltr'>addidit,</span> <span class='ocrx_word' id='word_1_473' title='bbox 1644 612 1779 648; x_wconf 78' lang='lat' dir='ltr'>Potius</span> <span class='ocrx_word' id='word_1_474' title='bbox 1791 625 1907 663; x_wconf 80' lang='lat' dir='ltr'><em>quam</em></span> <span class='ocrx_word' id='word_1_475' title='bbox 1917 613 2150 651; x_wconf 79' lang='lat' dir='ltr'><em>Creatorem:</em></span> 
     </span>
     <span class='ocr_line' id='line_1_64' title="bbox 1169 668 2150 718; baseline 0.009 -14"><span class='ocrx_word' id='word_1_476' title='bbox 1169 668 1300 718; x_wconf 88' lang='lat' dir='ltr'>ubique</span> <span class='ocrx_word' id='word_1_477' title='bbox 1320 669 1386 707; x_wconf 87' lang='lat' dir='ltr'>hac</span> <span class='ocrx_word' id='word_1_478' title='bbox 1407 670 1541 708; x_wconf 82' lang='lat' dir='ltr'>ratione</span> <span class='ocrx_word' id='word_1_479' title='bbox 1559 671 1690 709; x_wconf 84' lang='lat' dir='ltr'>crimen</span> <span class='ocrx_word' id='word_1_480' title='bbox 1707 672 1882 718; x_wconf 79' lang='lat' dir='ltr'>attollens,</span> <span class='ocrx_word' id='word_1_481' title='bbox 1903 683 1936 711; x_wconf 90' lang='lat' dir='ltr'>et</span> <span class='ocrx_word' id='word_1_482' title='bbox 1954 674 2022 712; x_wconf 87' lang='lat' dir='ltr'>hoc</span> <span class='ocrx_word' id='word_1_483' title='bbox 2039 675 2150 713; x_wconf 76' lang='lat' dir='ltr'>addi-</span> 
     </span>
     <span class='ocr_line' id='line_1_65' title="bbox 1167 729 2150 782; baseline 0.01 -18"><span class='ocrx_word' id='word_1_484' title='bbox 1167 736 1320 765; x_wconf 77' lang='lat' dir='ltr'>tamento</span> <span class='ocrx_word' id='word_1_485' title='bbox 1346 729 1427 766; x_wconf 91' lang='lat' dir='ltr'>illos</span> <span class='ocrx_word' id='word_1_486' title='bbox 1443 730 1544 767; x_wconf 80' lang='lat' dir='ltr'>venia</span> <span class='ocrx_word' id='word_1_487' title='bbox 1573 731 1728 782; x_wconf 86' lang='lat' dir='ltr'>privans.</span> <span class='ocrx_word' id='word_1_488' title='bbox 1757 732 1831 782; x_wconf 77' lang='lat' dir='ltr'>Qui</span> <span class='ocrx_word' id='word_1_489' title='bbox 1857 742 1913 771; x_wconf 83' lang='lat' dir='ltr'>est</span> <span class='ocrx_word' id='word_1_490' title='bbox 1931 736 2150 774; x_wconf 75' lang='lat' dir='ltr'>benedictus</span> 
     </span>
     <span class='ocr_line' id='line_1_66' title="bbox 1168 789 2150 845; baseline 0.01 -21"><span class='ocrx_word' id='word_1_491' title='bbox 1168 789 1209 823; x_wconf 80' lang='lat' dir='ltr'>in</span> <span class='ocrx_word' id='word_1_492' title='bbox 1227 789 1382 825; x_wconf 67' lang='lat' dir='ltr'>saecula.</span> <span class='ocrx_word' id='word_1_493' title='bbox 1410 789 1552 826; x_wconf 85' lang='lat' dir='ltr'>Amen.</span> <span class='ocrx_word' id='word_1_494' title='bbox 1576 791 1711 828; x_wconf 86' lang='lat' dir='ltr'>Verum</span> <span class='ocrx_word' id='word_1_495' title='bbox 1739 791 1806 828; x_wconf 90' lang='lat' dir='ltr'>hoc</span> <span class='ocrx_word' id='word_1_496' title='bbox 1826 793 1918 830; x_wconf 85' lang='lat' dir='ltr'>nihil</span> <span class='ocrx_word' id='word_1_497' title='bbox 1937 795 1989 831; x_wconf 90' lang='lat' dir='ltr'>illi</span> <span class='ocrx_word' id='word_1_498' title='bbox 2019 797 2150 845; x_wconf 85' lang='lat' dir='ltr'>nocuit,</span> 
     </span>
     <span class='ocr_line' id='line_1_67' title="bbox 1169 848 2152 899; baseline 0.011 -13"><span class='ocrx_word' id='word_1_499' title='bbox 1169 848 1284 899; x_wconf 85' lang='lat' dir='ltr'>inquit</span> <span class='ocrx_word' id='word_1_500' title='bbox 1302 866 1309 886; x_wconf 72' lang='grc' dir='ltr'><strong><em>ε</em></strong></span> <span class='ocrx_word' id='word_1_501' title='bbox 1327 860 1377 888; x_wconf 88' lang='lat' dir='ltr'>est</span> <span class='ocrx_word' id='word_1_502' title='bbox 1409 851 1500 888; x_wconf 85' lang='lat' dir='ltr'>enim</span> <span class='ocrx_word' id='word_1_503' title='bbox 1527 851 1587 889; x_wconf 86' lang='lat' dir='ltr'>ille</span> <span class='ocrx_word' id='word_1_504' title='bbox 1609 852 1814 890; x_wconf 85' lang='lat' dir='ltr'>benedictus</span> <span class='ocrx_word' id='word_1_505' title='bbox 1844 855 1878 892; x_wconf 92' lang='lat' dir='ltr'>in</span> <span class='ocrx_word' id='word_1_506' title='bbox 1911 858 2053 895; x_wconf 82' lang='lat' dir='ltr'>saecula.</span> <span class='ocrx_word' id='word_1_507' title='bbox 2083 860 2152 897; x_wconf 85' lang='lat' dir='ltr'>Hic</span> 
     </span>
     <span class='ocr_line' id='line_1_68' title="bbox 1169 911 2153 958; baseline 0.011 -11"><span class='ocrx_word' id='word_1_508' title='bbox 1169 911 1320 948; x_wconf 81' lang='lat' dir='ltr'>ostendit</span> <span class='ocrx_word' id='word_1_509' title='bbox 1346 911 1449 950; x_wconf 89' lang='lat' dir='ltr'>illum</span> <span class='ocrx_word' id='word_1_510' title='bbox 1475 926 1543 949; x_wconf 89' lang='lat' dir='ltr'>non</span> <span class='ocrx_word' id='word_1_511' title='bbox 1572 921 1609 949; x_wconf 91' lang='lat' dir='ltr'>ut</span> <span class='ocrx_word' id='word_1_512' title='bbox 1639 927 1675 950; x_wconf 88' lang='lat' dir='ltr'>se</span> <span class='ocrx_word' id='word_1_513' title='bbox 1700 913 1928 953; x_wconf 85' lang='lat' dir='ltr'>ulcisceretur</span> <span class='ocrx_word' id='word_1_514' title='bbox 1958 918 2153 958; x_wconf 87' lang='lat' dir='ltr'>deseruisse</span> 
     </span>
     <span class='ocr_line' id='line_1_69' title="bbox 1169 969 2153 1026; baseline 0.014 -21"><span class='ocrx_word' id='word_1_515' title='bbox 1169 969 1277 1020; x_wconf 78' lang='lat' dir='ltr'>ipsos,</span> <span class='ocrx_word' id='word_1_516' title='bbox 1312 971 1599 1022; x_wconf 81' lang='lat' dir='ltr'>quandoquidem</span> <span class='ocrx_word' id='word_1_517' title='bbox 1630 973 1723 1010; x_wconf 88' lang='grc'><strong>1111111</strong></span> <span class='ocrx_word' id='word_1_518' title='bbox 1755 989 1878 1026; x_wconf 85' lang='lat' dir='ltr'>passus</span> <span class='ocrx_word' id='word_1_519' title='bbox 1906 987 1967 1015; x_wconf 88' lang='lat' dir='ltr'>est.</span> <span class='ocrx_word' id='word_1_520' title='bbox 2001 980 2153 1019; x_wconf 79' lang='lat' dir='ltr'>Etiamsi</span> 
     </span>
     <span class='ocr_line' id='line_1_70' title="bbox 1169 1031 2153 1087; baseline 0.012 -19"><span class='ocrx_word' id='word_1_521' title='bbox 1169 1031 1264 1069; x_wconf 87' lang='lat' dir='ltr'>enim</span> <span class='ocrx_word' id='word_1_522' title='bbox 1279 1032 1334 1070; x_wconf 85' lang='lat' dir='ltr'>illi</span> <span class='ocrx_word' id='word_1_523' title='bbox 1350 1033 1468 1085; x_wconf 85' lang='lat' dir='ltr'>ipsum</span> <span class='ocrx_word' id='word_1_524' title='bbox 1487 1036 1699 1074; x_wconf 74' lang='lat' dir='ltr'>contumelia</span> <span class='ocrx_word' id='word_1_525' title='bbox 1714 1037 1914 1087; x_wconf 75' lang='lat' dir='ltr'>affecerint5</span> <span class='ocrx_word' id='word_1_526' title='bbox 1931 1049 1966 1077; x_wconf 85' lang='lat' dir='ltr'>at</span> <span class='ocrx_word' id='word_1_527' title='bbox 1986 1041 2046 1079; x_wconf 89' lang='lat' dir='ltr'>illc</span> <span class='ocrx_word' id='word_1_528' title='bbox 2071 1057 2153 1080; x_wconf 81' lang='lat' dir='ltr'>con·</span> 
     </span>
     <span class='ocr_line' id='line_1_71' title="bbox 1168 1096 2153 1156; baseline 0.012 -25"><span class='ocrx_word' id='word_1_529' title='bbox 1168 1096 1352 1134; x_wconf 86' lang='lat' dir='ltr'>tumeliam</span> <span class='ocrx_word' id='word_1_530' title='bbox 1372 1111 1440 1134; x_wconf 92' lang='lat' dir='ltr'>non</span> <span class='ocrx_word' id='word_1_531' title='bbox 1462 1112 1585 1149; x_wconf 88' lang='lat' dir='ltr'>passus</span> <span class='ocrx_word' id='word_1_532' title='bbox 1602 1108 1664 1146; x_wconf 85' lang='lat' dir='ltr'>est,</span> <span class='ocrx_word' id='word_1_533' title='bbox 1686 1113 1797 1151; x_wconf 89' lang='lat' dir='ltr'>neque</span> <span class='ocrx_word' id='word_1_534' title='bbox 1816 1101 1927 1151; x_wconf 80' lang='lat' dir='ltr'>glmia</span> <span class='ocrx_word' id='word_1_535' title='bbox 1946 1104 2020 1156; x_wconf 87' lang='lat' dir='ltr'>ejus</span> <span class='ocrx_word' id='word_1_536' title='bbox 2040 1105 2153 1143; x_wconf 86' lang='grc'><strong>11111111-</strong></span> 
     </span>
     <span class='ocr_line' id='line_1_72' title="bbox 1109 1160 2153 1215; baseline 0.009 -17"><span class='ocrx_word' id='word_1_537' title='bbox 1109 1168 1252 1199; x_wconf 62' lang='grc'><strong>1531111111</strong></span> <span class='ocrx_word' id='word_1_538' title='bbox 1279 1160 1356 1208; x_wconf 84' lang='lat' dir='ltr'>suit,</span> <span class='ocrx_word' id='word_1_539' title='bbox 1385 1161 1447 1198; x_wconf 90' lang='lat' dir='ltr'>sed</span> <span class='ocrx_word' id='word_1_540' title='bbox 1467 1171 1585 1199; x_wconf 84' lang='lat' dir='ltr'>manet</span> <span class='ocrx_word' id='word_1_541' title='bbox 1603 1177 1742 1215; x_wconf 84' lang='lat' dir='ltr'>semper</span> <span class='ocrx_word' id='word_1_542' title='bbox 1767 1164 1983 1205; x_wconf 80' lang='lat' dir='ltr'>benedictus.</span> <span class='ocrx_word' id='word_1_543' title='bbox 2013 1169 2105 1207; x_wconf 84' lang='lat' dir='ltr'>Nam</span> <span class='ocrx_word' id='word_1_544' title='bbox 2124 1171 2153 1208; x_wconf 90' lang='lat' dir='ltr'>si</span> 
     </span>
    </p>
   </div>
   <div class='ocr_carea' id='block_1_14' title="bbox 1131 1223 2163 2947">
    <p class='ocr_par' dir='ltr' id='par_1_15' title="bbox 1131 1223 2163 2947">
     <span class='ocr_line' id='line_1_73' title="bbox 1167 1223 2154 1284; baseline 0.011 -24"><span class='ocrx_word' id='word_1_545' title='bbox 1167 1223 1375 1275; x_wconf 63' lang='lat' dir='ltr'>plerumque</span> <span class='ocrx_word' id='word_1_546' title='bbox 1402 1225 1461 1263; x_wconf 80' lang='lat' dir='ltr'>vir</span> <span class='ocrx_word' id='word_1_547' title='bbox 1493 1225 1553 1276; x_wconf 90' lang='lat' dir='ltr'>qui</span> <span class='ocrx_word' id='word_1_548' title='bbox 1581 1226 1866 1279; x_wconf 70' lang='lat' dir='ltr'>philosophum</span> <span class='ocrx_word' id='word_1_549' title='bbox 1900 1230 1989 1268; x_wconf 85' lang='lat' dir='ltr'>nihil</span> <span class='ocrx_word' id='word_1_550' title='bbox 2021 1233 2154 1284; x_wconf 79' lang='lat' dir='ltr'>patitur</span> 
     </span>
     <span class='ocr_line' id='line_1_74' title="bbox 1165 1285 2154 1341; baseline 0.012 -19.037"><span class='ocrx_word' id='word_1_551' title='bbox 1165 1286 1210 1323; x_wconf 77' lang='lat' dir='ltr'>ab</span> <span class='ocrx_word' id='word_1_552' title='bbox 1242 1285 1297 1334; x_wconf 84' lang='lat' dir='ltr'>iis,</span> <span class='ocrx_word' id='word_1_553' title='bbox 1321 1286 1381 1336; x_wconf 88' lang='lat' dir='ltr'>qui</span> <span class='ocrx_word' id='word_1_554' title='bbox 1405 1288 1658 1326; x_wconf 86' lang='lat' dir='ltr'>contumeliam</span> <span class='ocrx_word' id='word_1_555' title='bbox 1690 1289 1866 1341; x_wconf 78' lang='lat' dir='ltr'>inscium,</span> <span class='ocrx_word' id='word_1_556' title='bbox 1896 1294 2010 1331; x_wconf 85' lang='lat' dir='ltr'>multo</span> <span class='ocrx_word' id='word_1_557' title='bbox 2037 1295 2154 1334; x_wconf 88' lang='lat' dir='ltr'>minus</span> 
     </span>
     <span class='ocr_line' id='line_1_75' title="bbox 1166 1322 2153 1405; baseline 0.011 -21"><span class='ocrx_word' id='word_1_558' title='bbox 1166 1348 1278 1397; x_wconf 80' lang='lat' dir='ltr'>Deus,</span> <span class='ocrx_word' id='word_1_559' title='bbox 1307 1348 1517 1387; x_wconf 81' lang='lat' dir='ltr'>immortalis</span> <span class='ocrx_word' id='word_1_560' title='bbox 1546 1359 1580 1388; x_wconf 91' lang='lat' dir='ltr'>et</span> <span class='ocrx_word' id='word_1_561' title='bbox 1599 1350 1833 1390; x_wconf 81' lang='lat' dir='ltr'>immutabilis</span> <span class='ocrx_word' id='word_1_562' title='bbox 1853 1322 1914 1391; x_wconf 74' lang='lat' dir='ltr'>illa</span> <span class='ocrx_word' id='word_1_563' title='bbox 1934 1364 2072 1405; x_wconf 82' lang='lat' dir='ltr'>natura,</span> <span class='ocrx_word' id='word_1_564' title='bbox 2093 1357 2153 1395; x_wconf 86' lang='lat' dir='ltr'>in-</span> 
     </span>
     <span class='ocr_line' id='line_1_76' title="bbox 1166 1410 2154 1464; baseline 0.01 -17"><span class='ocrx_word' id='word_1_565' title='bbox 1166 1410 1349 1448; x_wconf 79' lang='lat' dir='ltr'>variabilis</span> <span class='ocrx_word' id='word_1_566' title='bbox 1369 1420 1403 1448; x_wconf 87' lang='lat' dir='ltr'>et</span> <span class='ocrx_word' id='word_1_567' title='bbox 1430 1411 1577 1449; x_wconf 84' lang='lat' dir='ltr'>immota</span> <span class='ocrx_word' id='word_1_568' title='bbox 1599 1412 1723 1464; x_wconf 83' lang='lat' dir='ltr'>gloria.</span> <span class='ocrx_word' id='word_1_569' title='bbox 1748 1415 1889 1453; x_wconf 86' lang='lat' dir='ltr'>Etenim</span> <span class='ocrx_word' id='word_1_570' title='bbox 1907 1417 2068 1456; x_wconf 85' lang='lat' dir='ltr'>homines</span> <span class='ocrx_word' id='word_1_571' title='bbox 2088 1419 2154 1457; x_wconf 72' lang='lat' dir='ltr'>hnc</span> 
     </span>
     <span class='ocr_line' id='line_1_77' title="bbox 1168 1471 2154 1530; baseline 0.012 -22"><span class='ocrx_word' id='word_1_572' title='bbox 1168 1471 1202 1508; x_wconf 90' lang='lat' dir='ltr'>in</span> <span class='ocrx_word' id='word_1_573' title='bbox 1224 1485 1261 1509; x_wconf 88' lang='lat' dir='ltr'>re</span> <span class='ocrx_word' id='word_1_574' title='bbox 1287 1474 1363 1510; x_wconf 87' lang='lat' dir='ltr'>Deo</span> <span class='ocrx_word' id='word_1_575' title='bbox 1389 1472 1523 1511; x_wconf 86' lang='lat' dir='ltr'>similes</span> <span class='ocrx_word' id='word_1_576' title='bbox 1550 1474 1655 1524; x_wconf 81' lang='lat' dir='ltr'>fiunt,</span> <span class='ocrx_word' id='word_1_577' title='bbox 1685 1489 1765 1513; x_wconf 87' lang='grc'><strong>011111</strong></span> <span class='ocrx_word' id='word_1_578' title='bbox 1794 1477 1883 1515; x_wconf 88' lang='lat' dir='ltr'>nihil</span> <span class='ocrx_word' id='word_1_579' title='bbox 1902 1479 2088 1530; x_wconf 83' lang='lat' dir='ltr'>patiuntur</span> <span class='ocrx_word' id='word_1_580' title='bbox 2108 1483 2154 1521; x_wconf 79' lang='lat' dir='ltr'>ab</span> 
     </span>
     <span class='ocr_line' id='line_1_78' title="bbox 1168 1533 2154 1587; baseline 0.012 -17"><span class='ocrx_word' id='word_1_581' title='bbox 1168 1533 1211 1571; x_wconf 90' lang='lat' dir='ltr'>iis</span> <span class='ocrx_word' id='word_1_582' title='bbox 1225 1534 1287 1584; x_wconf 91' lang='lat' dir='ltr'>qui</span> <span class='ocrx_word' id='word_1_583' title='bbox 1309 1535 1506 1573; x_wconf 82' lang='lat' dir='ltr'>molestiam</span> <span class='ocrx_word' id='word_1_584' title='bbox 1525 1536 1652 1575; x_wconf 86' lang='lat' dir='ltr'>inferre</span> <span class='ocrx_word' id='word_1_585' title='bbox 1666 1538 1802 1587; x_wconf 80' lang='lat' dir='ltr'>volunt,</span> <span class='ocrx_word' id='word_1_586' title='bbox 1823 1554 1886 1578; x_wconf 84' lang='lat' dir='ltr'>nec</span> <span class='ocrx_word' id='word_1_587' title='bbox 1902 1544 2154 1582; x_wconf 80' lang='lat' dir='ltr'>contumeliam</span> 
     </span>
     <span class='ocr_line' id='line_1_79' title="bbox 1168 1597 2154 1654; baseline 0.013 -21"><span class='ocrx_word' id='word_1_588' title='bbox 1168 1597 1358 1648; x_wconf 72' lang='lat' dir='ltr'>accipiunt,</span> <span class='ocrx_word' id='word_1_589' title='bbox 1378 1600 1535 1650; x_wconf 84' lang='lat' dir='ltr'>percussi</span> <span class='ocrx_word' id='word_1_590' title='bbox 1565 1615 1634 1638; x_wconf 91' lang='lat' dir='ltr'>non</span> <span class='ocrx_word' id='word_1_591' title='bbox 1661 1603 1921 1654; x_wconf 78' lang='lat' dir='ltr'>percutiuntur,</span> <span class='ocrx_word' id='word_1_592' title='bbox 1944 1606 2023 1644; x_wconf 80' lang='lat' dir='ltr'>alus</span> <span class='ocrx_word' id='word_1_593' title='bbox 2036 1607 2154 1646; x_wconf 81' lang='lat' dir='ltr'>iiden</span> 
     </span>
     <span class='ocr_line' id='line_1_80' title="bbox 1170 1660 2153 1722; baseline 0.014 -26"><span class='ocrx_word' id='word_1_594' title='bbox 1170 1660 1264 1697; x_wconf 82' lang='lat' dir='ltr'>tibus</span> <span class='ocrx_word' id='word_1_595' title='bbox 1285 1674 1352 1698; x_wconf 91' lang='lat' dir='ltr'>non</span> <span class='ocrx_word' id='word_1_596' title='bbox 1373 1675 1455 1700; x_wconf 82' lang='lat' dir='ltr'>vere</span> <span class='ocrx_word' id='word_1_597' title='bbox 1472 1662 1679 1701; x_wconf 81' lang='lat' dir='ltr'>iiridentui.</span> <span class='ocrx_word' id='word_1_598' title='bbox 1706 1665 1753 1703; x_wconf 88' lang='lat' dir='ltr'>Et</span> <span class='ocrx_word' id='word_1_599' title='bbox 1771 1668 1961 1718; x_wconf 84' lang='lat' dir='ltr'>quomodo,</span> <span class='ocrx_word' id='word_1_600' title='bbox 1988 1670 2153 1722; x_wconf 71' lang='lat' dir='ltr'>inquies7</span> 
     </span>
     <span class='ocr_line' id='line_1_81' title="bbox 1169 1720 2156 1779; baseline 0.013 -22"><span class='ocrx_word' id='word_1_601' title='bbox 1169 1721 1237 1758; x_wconf 87' lang='lat' dir='ltr'>hoc</span> <span class='ocrx_word' id='word_1_602' title='bbox 1260 1720 1338 1758; x_wconf 87' lang='lat' dir='ltr'>fieri</span> <span class='ocrx_word' id='word_1_603' title='bbox 1354 1722 1495 1773; x_wconf 75' lang='lat' dir='ltr'>possit?</span> <span class='ocrx_word' id='word_1_604' title='bbox 1519 1724 1649 1774; x_wconf 80' lang='lat' dir='ltr'>Potest,</span> <span class='ocrx_word' id='word_1_605' title='bbox 1671 1726 1794 1776; x_wconf 88' lang='lat' dir='ltr'>utique</span> <span class='ocrx_word' id='word_1_606' title='bbox 1812 1737 1938 1779; x_wconf 82' lang='lat' dir='ltr'>potest,</span> <span class='ocrx_word' id='word_1_607' title='bbox 1959 1731 1988 1767; x_wconf 90' lang='lat' dir='ltr'>si</span> <span class='ocrx_word' id='word_1_608' title='bbox 2006 1745 2073 1768; x_wconf 91' lang='lat' dir='ltr'>non</span> <span class='ocrx_word' id='word_1_609' title='bbox 2091 1732 2156 1770; x_wconf 86' lang='lat' dir='ltr'>do-</span> 
     </span>
     <span class='ocr_line' id='line_1_82' title="bbox 1170 1755 2153 1842; baseline 0.015 -25"><span class='ocrx_word' id='word_1_610' title='bbox 1170 1780 1239 1818; x_wconf 82' lang='lat' dir='ltr'>leas</span> <span class='ocrx_word' id='word_1_611' title='bbox 1262 1781 1340 1819; x_wconf 88' lang='lat' dir='ltr'>de</span> <span class='ocrx_word' id='word_1_612' title='bbox 1331 1782 1373 1820; x_wconf 87' lang='grc'>115</span> <span class='ocrx_word' id='word_1_613' title='bbox 1396 1797 1473 1833; x_wconf 81' lang='lat' dir='ltr'>quae</span> <span class='ocrx_word' id='word_1_614' title='bbox 1492 1755 1671 1824; x_wconf 42' lang='lat' dir='ltr'>accidunyt</span> <span class='ocrx_word' id='word_1_615' title='bbox 1696 1786 1743 1824; x_wconf 86' lang='lat' dir='ltr'>Et</span> <span class='ocrx_word' id='word_1_616' title='bbox 1765 1789 1966 1839; x_wconf 82' lang='lat' dir='ltr'>quomodo,</span> <span class='ocrx_word' id='word_1_617' title='bbox 1989 1792 2153 1842; x_wconf 82' lang='lat' dir='ltr'>inquies,</span> 
     </span>
     <span class='ocr_line' id='line_1_83' title="bbox 1170 1845 2158 1902; baseline 0.014 -23"><span class='ocrx_word' id='word_1_618' title='bbox 1170 1856 1315 1893; x_wconf 83' lang='lat' dir='ltr'>possum</span> <span class='ocrx_word' id='word_1_619' title='bbox 1339 1857 1409 1881; x_wconf 89' lang='lat' dir='ltr'>non</span> <span class='ocrx_word' id='word_1_620' title='bbox 1432 1845 1582 1883; x_wconf 69' lang='lat' dir='ltr'>dolere?</span> <span class='ocrx_word' id='word_1_621' title='bbox 1614 1849 1658 1884; x_wconf 83' lang='lat' dir='ltr'>At</span> <span class='ocrx_word' id='word_1_622' title='bbox 1688 1849 1863 1898; x_wconf 88' lang='lat' dir='ltr'>quomodo</span> <span class='ocrx_word' id='word_1_623' title='bbox 1886 1861 1984 1902; x_wconf 86' lang='lat' dir='ltr'>potes</span> <span class='ocrx_word' id='word_1_624' title='bbox 2011 1853 2158 1892; x_wconf 64' lang='lat' dir='ltr'>dolere?</span> 
     </span>
     <span class='ocr_line' id='line_1_84' title="bbox 1171 1905 2159 1961; baseline 0.011 -18"><span class='ocrx_word' id='word_1_625' title='bbox 1171 1905 1239 1944; x_wconf 86' lang='lat' dir='ltr'>Dic</span> <span class='ocrx_word' id='word_1_626' title='bbox 1284 1907 1378 1945; x_wconf 88' lang='lat' dir='ltr'>enim</span> <span class='ocrx_word' id='word_1_627' title='bbox 1424 1908 1513 1945; x_wconf 87' lang='lat' dir='ltr'>mihi</span> <span class='ocrx_word' id='word_1_628' title='bbox 1535 1925 1541 1945; x_wconf 93' lang='lat'>:</span> <span class='ocrx_word' id='word_1_629' title='bbox 1560 1910 1597 1947; x_wconf 91' lang='lat' dir='ltr'>Si</span> <span class='ocrx_word' id='word_1_630' title='bbox 1638 1911 1808 1961; x_wconf 83' lang='lat' dir='ltr'>puerulus</span> <span class='ocrx_word' id='word_1_631' title='bbox 1843 1922 1924 1951; x_wconf 86' lang='lat' dir='ltr'>tuus</span> <span class='ocrx_word' id='word_1_632' title='bbox 1970 1924 2004 1952; x_wconf 85' lang='lat' dir='ltr'>te</span> <span class='ocrx_word' id='word_1_633' title='bbox 2035 1926 2159 1954; x_wconf 85' lang='lat' dir='ltr'>contu-</span> 
     </span>
     <span class='ocr_line' id='line_1_85' title="bbox 1131 1967 2159 2024; baseline 0.012 -21"><span class='ocrx_word' id='word_1_634' title='bbox 1131 1995 1133 1998; x_wconf 25' lang='grc'><strong><em>4</em></strong></span> <span class='ocrx_word' id='word_1_635' title='bbox 1171 1967 1275 2005; x_wconf 84' lang='lat' dir='ltr'>melia</span> <span class='ocrx_word' id='word_1_636' title='bbox 1311 1968 1467 2007; x_wconf 83' lang='lat' dir='ltr'>afficeret</span> <span class='ocrx_word' id='word_1_637' title='bbox 1484 1999 1495 2019; x_wconf 83' lang='lat'><em>‚</em></span> <span class='ocrx_word' id='word_1_638' title='bbox 1536 1984 1580 2008; x_wconf 88' lang='lat' dir='ltr'>an</span> <span class='ocrx_word' id='word_1_639' title='bbox 1614 1971 1705 2009; x_wconf 80' lang='lat' dir='ltr'>iilud</span> <span class='ocrx_word' id='word_1_640' title='bbox 1738 1987 1803 2024; x_wconf 87' lang='lat' dir='ltr'>pro</span> <span class='ocrx_word' id='word_1_641' title='bbox 1845 1976 2058 2014; x_wconf 87' lang='lat' dir='ltr'>contumelia</span> <span class='ocrx_word' id='word_1_642' title='bbox 2096 1978 2159 2016; x_wconf 81' lang='lat' dir='ltr'>ha-</span> 
     </span>
     <span class='ocr_line' id='line_1_86' title="bbox 1169 2028 2158 2087; baseline 0.012 -22"><span class='ocrx_word' id='word_1_643' title='bbox 1169 2028 1296 2066; x_wconf 72' lang='lat' dir='ltr'>beres?</span> <span class='ocrx_word' id='word_1_644' title='bbox 1331 2044 1375 2067; x_wconf 83' lang='lat' dir='ltr'>an</span> <span class='ocrx_word' id='word_1_645' title='bbox 1403 2030 1568 2069; x_wconf 67' lang='lat' dir='ltr'>doleres?</span> <span class='ocrx_word' id='word_1_646' title='bbox 1605 2032 1755 2071; x_wconf 87' lang='lat' dir='ltr'>Minime</span> <span class='ocrx_word' id='word_1_647' title='bbox 1775 2034 1830 2071; x_wconf 90' lang='lat' dir='ltr'>:si</span> <span class='ocrx_word' id='word_1_648' title='bbox 1863 2035 2013 2087; x_wconf 77' lang='lat' dir='ltr'>doleres,</span> <span class='ocrx_word' id='word_1_649' title='bbox 2042 2052 2158 2077; x_wconf 87' lang='lat' dir='ltr'>annon</span> 
     </span>
     <span class='ocr_line' id='line_1_87' title="bbox 1168 2089 2158 2149; baseline 0.012 -23"><span class='ocrx_word' id='word_1_650' title='bbox 1168 2089 1344 2131; x_wconf 83' lang='lat' dir='ltr'>ridiculus</span> <span class='ocrx_word' id='word_1_651' title='bbox 1361 2106 1452 2130; x_wconf 85' lang='lat' dir='ltr'>esses</span> <span class='ocrx_word' id='word_1_652' title='bbox 1467 2093 1484 2130; x_wconf 70' lang='grc' dir='ltr'>ἶ)</span> <span class='ocrx_word' id='word_1_653' title='bbox 1503 2093 1563 2131; x_wconf 89' lang='lat' dir='ltr'>Sic</span> <span class='ocrx_word' id='word_1_654' title='bbox 1580 2107 1661 2145; x_wconf 84' lang='lat' dir='ltr'>erga</span> <span class='ocrx_word' id='word_1_655' title='bbox 1677 2095 1883 2146; x_wconf 77' lang='lat' dir='ltr'>proximum</span> <span class='ocrx_word' id='word_1_656' title='bbox 1899 2098 2014 2136; x_wconf 79' lang='lat' dir='ltr'>affecti</span> <span class='ocrx_word' id='word_1_657' title='bbox 2035 2099 2158 2149; x_wconf 83' lang='lat' dir='ltr'>simus,</span> 
     </span>
     <span class='ocr_line' id='line_1_88' title="bbox 1169 2151 2160 2210; baseline 0.012 -23"><span class='ocrx_word' id='word_1_658' title='bbox 1169 2159 1202 2187; x_wconf 85' lang='lat' dir='ltr'>et</span> <span class='ocrx_word' id='word_1_659' title='bbox 1221 2151 1312 2189; x_wconf 86' lang='lat' dir='ltr'>nihil</span> <span class='ocrx_word' id='word_1_660' title='bbox 1330 2152 1461 2204; x_wconf 83' lang='lat' dir='ltr'>ingrati</span> <span class='ocrx_word' id='word_1_661' title='bbox 1483 2153 1658 2205; x_wconf 83' lang='lat' dir='ltr'>patiemur</span> <span class='ocrx_word' id='word_1_662' title='bbox 1677 2156 1817 2206; x_wconf 86' lang='lat' dir='ltr'>(pueris</span> <span class='ocrx_word' id='word_1_663' title='bbox 1848 2158 1955 2205; x_wconf 88' lang='lat' dir='ltr'>enim,</span> <span class='ocrx_word' id='word_1_664' title='bbox 1987 2159 2046 2210; x_wconf 89' lang='lat' dir='ltr'>qui</span> <span class='ocrx_word' id='word_1_665' title='bbox 2072 2175 2160 2199; x_wconf 88' lang='lat' dir='ltr'>con—</span> 
     </span>
     <span class='ocr_line' id='line_1_89' title="bbox 1169 2211 2160 2269; baseline 0.012 -22"><span class='ocrx_word' id='word_1_666' title='bbox 1169 2211 1354 2249; x_wconf 83' lang='lat' dir='ltr'>tumeliam</span> <span class='ocrx_word' id='word_1_667' title='bbox 1398 2212 1574 2262; x_wconf 85' lang='lat' dir='ltr'>inferunt,</span> <span class='ocrx_word' id='word_1_668' title='bbox 1609 2215 1869 2267; x_wconf 86' lang='lat' dir='ltr'>insipientiores</span> <span class='ocrx_word' id='word_1_669' title='bbox 1908 2225 2018 2267; x_wconf 82' lang='lat' dir='ltr'>sunt)</span> <span class='ocrx_word' id='word_1_670' title='bbox 2042 2236 2053 2269; x_wconf 77' lang='lat'>3</span> <span class='ocrx_word' id='word_1_671' title='bbox 2097 2235 2160 2259; x_wconf 82' lang='grc'><strong>1100</strong></span> 
     </span>
     <span class='ocr_line' id='line_1_90' title="bbox 1173 2275 2157 2327; baseline 0.01 -18"><span class='ocrx_word' id='word_1_672' title='bbox 1173 2287 1374 2322; x_wconf 82' lang='lat' dir='ltr'>quaeramus</span> <span class='ocrx_word' id='word_1_673' title='bbox 1399 2275 1624 2314; x_wconf 84' lang='lat' dir='ltr'>contumeliis</span> <span class='ocrx_word' id='word_1_674' title='bbox 1652 2290 1721 2314; x_wconf 91' lang='lat' dir='ltr'>non</span> <span class='ocrx_word' id='word_1_675' title='bbox 1751 2278 1860 2327; x_wconf 78' lang='lat' dir='ltr'>affici,</span> <span class='ocrx_word' id='word_1_676' title='bbox 1874 2288 1908 2316; x_wconf 91' lang='lat' dir='ltr'>et</span> <span class='ocrx_word' id='word_1_677' title='bbox 1937 2279 1981 2317; x_wconf 88' lang='lat' dir='ltr'>iis</span> <span class='ocrx_word' id='word_1_678' title='bbox 2009 2281 2126 2319; x_wconf 84' lang='lat' dir='ltr'>affecti</span> <span class='ocrx_word' id='word_1_679' title='bbox 2149 2313 2157 2327; x_wconf 93' lang='lat'><strong>‚</strong></span> 
     </span>
     <span class='ocr_line' id='line_1_91' title="bbox 1169 2333 2159 2391; baseline 0.011 -23"><span class='ocrx_word' id='word_1_680' title='bbox 1169 2333 1308 2370; x_wconf 83' lang='lat' dir='ltr'>fortiter</span> <span class='ocrx_word' id='word_1_681' title='bbox 1319 2334 1473 2372; x_wconf 79' lang='lat' dir='ltr'>feramus</span> <span class='ocrx_word' id='word_1_682' title='bbox 1490 2351 1497 2371; x_wconf 74' lang='grc' dir='ltr'>ι</span> <span class='ocrx_word' id='word_1_683' title='bbox 1511 2336 1572 2373; x_wconf 89' lang='grc'><strong>1110</strong></span> <span class='ocrx_word' id='word_1_684' title='bbox 1584 2345 1634 2375; x_wconf 85' lang='lat' dir='ltr'>est</span> <span class='ocrx_word' id='word_1_685' title='bbox 1647 2337 1740 2374; x_wconf 82' lang='lat' dir='ltr'>enim</span> <span class='ocrx_word' id='word_1_686' title='bbox 1755 2352 1858 2377; x_wconf 71' lang='lat' dir='ltr'>verus</span> <span class='ocrx_word' id='word_1_687' title='bbox 1870 2339 1995 2379; x_wconf 83' lang='lat' dir='ltr'>honor.</span> <span class='ocrx_word' id='word_1_688' title='bbox 2016 2343 2159 2391; x_wconf 68' lang='lat' dir='ltr'>Quare?</span> 
     </span>
     <span class='ocr_line' id='line_1_92' title="bbox 1174 2396 2161 2449; baseline 0.009 -17"><span class='ocrx_word' id='word_1_689' title='bbox 1174 2396 1268 2443; x_wconf 85' lang='lat' dir='ltr'>Quia</span> <span class='ocrx_word' id='word_1_690' title='bbox 1300 2405 1339 2433; x_wconf 90' lang='lat' dir='ltr'>tu</span> <span class='ocrx_word' id='word_1_691' title='bbox 1371 2396 1480 2449; x_wconf 87' lang='lat' dir='ltr'>hujus</span> <span class='ocrx_word' id='word_1_692' title='bbox 1510 2396 1657 2435; x_wconf 81' lang='lat' dir='ltr'>lionoris</span> <span class='ocrx_word' id='word_1_693' title='bbox 1676 2397 1843 2437; x_wconf 85' lang='lat' dir='ltr'>dominus</span> <span class='ocrx_word' id='word_1_694' title='bbox 1870 2414 1930 2448; x_wconf 84' lang='lat' dir='ltr'>es,</span> <span class='ocrx_word' id='word_1_695' title='bbox 1962 2402 2058 2440; x_wconf 91' lang='lat' dir='ltr'>illius</span> <span class='ocrx_word' id='word_1_696' title='bbox 2078 2417 2161 2440; x_wconf 77' lang='lat' dir='ltr'>vero</span> 
     </span>
     <span class='ocr_line' id='line_1_93' title="bbox 1172 2456 2163 2514; baseline 0.009 -21"><span class='ocrx_word' id='word_1_697' title='bbox 1172 2456 1275 2494; x_wconf 85' lang='lat' dir='ltr'>alius.</span> <span class='ocrx_word' id='word_1_698' title='bbox 1293 2459 1420 2495; x_wconf 88' lang='lat' dir='ltr'>Annon</span> <span class='ocrx_word' id='word_1_699' title='bbox 1436 2457 1536 2495; x_wconf 80' lang='lat' dir='ltr'>vides</span> <span class='ocrx_word' id='word_1_700' title='bbox 1553 2458 1775 2496; x_wconf 73' lang='lat' dir='ltr'>adamantem</span> <span class='ocrx_word' id='word_1_701' title='bbox 1793 2474 1874 2498; x_wconf 87' lang='lat' dir='ltr'>cum</span> <span class='ocrx_word' id='word_1_702' title='bbox 1895 2463 2094 2514; x_wconf 84' lang='lat' dir='ltr'>percutitur</span> <span class='ocrx_word' id='word_1_703' title='bbox 2110 2478 2163 2501; x_wconf 86' lang='lat' dir='ltr'>re-</span> 
     </span>
     <span class='ocr_line' id='line_1_94' title="bbox 1174 2517 2160 2574; baseline 0.009 -21"><span class='ocrx_word' id='word_1_704' title='bbox 1174 2517 1457 2569; x_wconf 73' lang='lat' dir='ltr'>percutientem?</span> <span class='ocrx_word' id='word_1_705' title='bbox 1488 2517 1557 2555; x_wconf 86' lang='lat' dir='ltr'>Sed</span> <span class='ocrx_word' id='word_1_706' title='bbox 1578 2518 1652 2556; x_wconf 85' lang='lat' dir='ltr'>haec</span> <span class='ocrx_word' id='word_1_707' title='bbox 1671 2527 1736 2569; x_wconf 78' lang='lat' dir='ltr'>est,</span> <span class='ocrx_word' id='word_1_708' title='bbox 1759 2519 1909 2570; x_wconf 85' lang='lat' dir='ltr'>inquies,</span> <span class='ocrx_word' id='word_1_709' title='bbox 1929 2523 2003 2574; x_wconf 86' lang='lat' dir='ltr'>ejus</span> <span class='ocrx_word' id='word_1_710' title='bbox 2024 2534 2160 2562; x_wconf 82' lang='lat' dir='ltr'>natura.</span> 
     </span>
     <span class='ocr_line' id='line_1_95' title="bbox 1228 2578 2159 2633; baseline 0.011 -20"><span class='ocrx_word' id='word_1_711' title='bbox 1228 2579 1274 2614; x_wconf 89' lang='lat' dir='ltr'>At</span> <span class='ocrx_word' id='word_1_712' title='bbox 1294 2586 1394 2629; x_wconf 86' lang='lat' dir='ltr'>potes</span> <span class='ocrx_word' id='word_1_713' title='bbox 1412 2586 1450 2615; x_wconf 87' lang='lat' dir='ltr'>tu</span> <span class='ocrx_word' id='word_1_714' title='bbox 1469 2592 1513 2615; x_wconf 82' lang='lat' dir='ltr'>ex</span> <span class='ocrx_word' id='word_1_715' title='bbox 1535 2578 1716 2630; x_wconf 84' lang='lat' dir='ltr'>proposito</span> <span class='ocrx_word' id='word_1_716' title='bbox 1736 2580 1928 2619; x_wconf 82' lang='lat' dir='ltr'>voluntatis</span> <span class='ocrx_word' id='word_1_717' title='bbox 1944 2583 2024 2621; x_wconf 85' lang='lat' dir='ltr'>talis</span> <span class='ocrx_word' id='word_1_718' title='bbox 2043 2585 2135 2622; x_wconf 86' lang='lat' dir='ltr'>effici</span> <span class='ocrx_word' id='word_1_719' title='bbox 2149 2616 2159 2633; x_wconf 84' lang='lat'>,</span> 
     </span>
     <span class='ocr_line' id='line_1_96' title="bbox 1175 2637 2161 2687; baseline 0.01 -14"><span class='ocrx_word' id='word_1_720' title='bbox 1175 2637 1290 2687; x_wconf 82' lang='lat' dir='ltr'>qualis</span> <span class='ocrx_word' id='word_1_721' title='bbox 1317 2638 1379 2676; x_wconf 90' lang='lat' dir='ltr'>ille</span> <span class='ocrx_word' id='word_1_722' title='bbox 1409 2652 1454 2675; x_wconf 78' lang='lat' dir='ltr'>ex</span> <span class='ocrx_word' id='word_1_723' title='bbox 1478 2647 1609 2676; x_wconf 84' lang='lat' dir='ltr'>natura</span> <span class='ocrx_word' id='word_1_724' title='bbox 1638 2649 1701 2677; x_wconf 84' lang='lat' dir='ltr'>est.</span> <span class='ocrx_word' id='word_1_725' title='bbox 1729 2640 1829 2686; x_wconf 87' lang='lat' dir='ltr'>Quid</span> <span class='ocrx_word' id='word_1_726' title='bbox 1867 2644 2015 2680; x_wconf 72' lang='lat' dir='ltr'>autem?</span> <span class='ocrx_word' id='word_1_727' title='bbox 2045 2659 2161 2683; x_wconf 85' lang='lat' dir='ltr'>annon</span> 
     </span>
     <span class='ocr_line' id='line_1_97' title="bbox 1174 2700 2161 2752; baseline 0.009 -15"><span class='ocrx_word' id='word_1_728' title='bbox 1174 2700 1296 2738; x_wconf 86' lang='lat' dir='ltr'>vidisti</span> <span class='ocrx_word' id='word_1_729' title='bbox 1314 2715 1443 2752; x_wconf 85' lang='lat' dir='ltr'>pueros</span> <span class='ocrx_word' id='word_1_730' title='bbox 1461 2701 1497 2738; x_wconf 91' lang='lat' dir='ltr'>in</span> <span class='ocrx_word' id='word_1_731' title='bbox 1522 2702 1663 2739; x_wconf 77' lang='lat' dir='ltr'>fornace</span> <span class='ocrx_word' id='word_1_732' title='bbox 1681 2717 1750 2740; x_wconf 91' lang='lat' dir='ltr'>non</span> <span class='ocrx_word' id='word_1_733' title='bbox 1771 2703 1944 2742; x_wconf 75' lang='lat' dir='ltr'>adustos?</span> <span class='ocrx_word' id='word_1_734' title='bbox 1978 2707 2161 2746; x_wconf 83' lang='lat' dir='ltr'>Danielem</span> 
     </span>
     <span class='ocr_line' id='line_1_98' title="bbox 1175 2764 2162 2821; baseline 0.007 -20"><span class='ocrx_word' id='word_1_735' title='bbox 1175 2764 1211 2801; x_wconf 89' lang='lat' dir='ltr'>in</span> <span class='ocrx_word' id='word_1_736' title='bbox 1237 2764 1315 2801; x_wconf 79' lang='lat' dir='ltr'>lacu</span> <span class='ocrx_word' id='word_1_737' title='bbox 1346 2764 1435 2801; x_wconf 90' lang='lat' dir='ltr'>nihil</span> <span class='ocrx_word' id='word_1_738' title='bbox 1457 2764 1540 2801; x_wconf 86' lang='lat' dir='ltr'>mali</span> <span class='ocrx_word' id='word_1_739' title='bbox 1560 2764 1779 2815; x_wconf 72' lang='lat' dir='ltr'>patientem?</span> <span class='ocrx_word' id='word_1_740' title='bbox 1801 2767 1963 2819; x_wconf 87' lang='lat' dir='ltr'>Idipsum</span> <span class='ocrx_word' id='word_1_741' title='bbox 1988 2770 2063 2821; x_wconf 84' lang='lat' dir='ltr'>jam</span> <span class='ocrx_word' id='word_1_742' title='bbox 2084 2771 2162 2808; x_wconf 86' lang='lat' dir='ltr'>fieri</span> 
     </span>
     <span class='ocr_line' id='line_1_99' title="bbox 1174 2827 2161 2881; baseline 0.009 -18"><span class='ocrx_word' id='word_1_743' title='bbox 1174 2835 1289 2878; x_wconf 84' lang='lat' dir='ltr'>potest</span> <span class='ocrx_word' id='word_1_744' title='bbox 1320 2842 1328 2862; x_wconf 92' lang='lat'>:</span> <span class='ocrx_word' id='word_1_745' title='bbox 1357 2827 1486 2864; x_wconf 83' lang='lat' dir='ltr'>adsunt</span> <span class='ocrx_word' id='word_1_746' title='bbox 1519 2827 1625 2864; x_wconf 87' lang='lat' dir='ltr'>etiam</span> <span class='ocrx_word' id='word_1_747' title='bbox 1656 2827 1758 2866; x_wconf 87' lang='lat' dir='ltr'>nohis</span> <span class='ocrx_word' id='word_1_748' title='bbox 1806 2829 1948 2881; x_wconf 80' lang='grc'><strong>1001105,</strong></span> <span class='ocrx_word' id='word_1_749' title='bbox 1976 2831 2040 2881; x_wconf 81' lang='lat' dir='ltr'>im,</span> <span class='ocrx_word' id='word_1_750' title='bbox 2073 2848 2161 2872; x_wconf 87' lang='lat' dir='ltr'>con—</span> 
     </span>
     <span class='ocr_line' id='line_1_100' title="bbox 1174 2888 2161 2947; baseline 0.007 -20"><span class='ocrx_word' id='word_1_751' title='bbox 1174 2888 1414 2941; x_wconf 83' lang='lat' dir='ltr'>cupiscentia,</span> <span class='ocrx_word' id='word_1_752' title='bbox 1444 2890 1626 2928; x_wconf 82' lang='lat' dir='ltr'>acerrimis</span> <span class='ocrx_word' id='word_1_753' title='bbox 1665 2890 1832 2929; x_wconf 78' lang='lat' dir='ltr'>dentibus</span> <span class='ocrx_word' id='word_1_754' title='bbox 1866 2893 2060 2945; x_wconf 77' lang='lat' dir='ltr'>instructi,</span> <span class='ocrx_word' id='word_1_755' title='bbox 2101 2898 2161 2947; x_wconf 85' lang='lat' dir='ltr'>qui</span> 
     </span>
    </p>
   </div>
   <div class='ocr_carea' id='block_1_15' title="bbox 1125 1887 1147 1915">
    <p class='ocr_par' dir='ltr' id='par_1_16' title="bbox 1125 1887 1147 1915">
     <span class='ocr_line' id='line_1_101' title="bbox 1125 1887 1147 1915; baseline 0 0"><span class='ocrx_word' id='word_1_756' title='bbox 1125 1887 1147 1915; x_wconf 82' lang='lat' dir='ltr'>B</span> 
     </span>
    </p>
   </div>
   <div class='ocr_carea' id='block_1_16' title="bbox 1175 2956 2165 3143">
    <p class='ocr_par' dir='ltr' id='par_1_17' title="bbox 1175 2956 2165 3143">
     <span class='ocr_line' id='line_1_102' title="bbox 1175 2956 2161 3012; baseline 0.005 -17"><span class='ocrx_word' id='word_1_757' title='bbox 1175 2957 1284 2995; x_wconf 80' lang='lat' dir='ltr'>obvia</span> <span class='ocrx_word' id='word_1_758' title='bbox 1313 2957 1533 3009; x_wconf 82' lang='lat' dir='ltr'>discerpunt.</span> <span class='ocrx_word' id='word_1_759' title='bbox 1580 2956 1667 2994; x_wconf 87' lang='lat' dir='ltr'>Esto</span> <span class='ocrx_word' id='word_1_760' title='bbox 1696 2956 1806 3008; x_wconf 85' lang='lat' dir='ltr'>igitur</span> <span class='ocrx_word' id='word_1_761' title='bbox 1836 2959 1964 2998; x_wconf 88' lang='lat' dir='ltr'>similis</span> <span class='ocrx_word' id='word_1_762' title='bbox 1996 2962 2161 3012; x_wconf 81' lang='lat' dir='ltr'>Danieli,</span> 
     </span>
     <span class='ocr_line' id='line_1_103' title="bbox 1178 3023 2163 3078; baseline 0.007 -17"><span class='ocrx_word' id='word_1_763' title='bbox 1178 3033 1210 3061; x_wconf 88' lang='lat' dir='ltr'>et</span> <span class='ocrx_word' id='word_1_764' title='bbox 1232 3039 1275 3062; x_wconf 91' lang='lat' dir='ltr'>ne</span> <span class='ocrx_word' id='word_1_765' title='bbox 1303 3024 1395 3062; x_wconf 86' lang='lat' dir='ltr'>sinas</span> <span class='ocrx_word' id='word_1_766' title='bbox 1421 3023 1601 3076; x_wconf 86' lang='lat' dir='ltr'>passiones</span> <span class='ocrx_word' id='word_1_767' title='bbox 1626 3023 1747 3062; x_wconf 82' lang='lat' dir='ltr'>dentes</span> <span class='ocrx_word' id='word_1_768' title='bbox 1769 3025 1917 3078; x_wconf 80' lang='lat' dir='ltr'>infigere</span> <span class='ocrx_word' id='word_1_769' title='bbox 1942 3028 1976 3065; x_wconf 92' lang='lat' dir='ltr'>in</span> <span class='ocrx_word' id='word_1_770' title='bbox 2008 3029 2163 3068; x_wconf 79' lang='lat' dir='ltr'>animam</span> 
     </span>
     <span class='ocr_line' id='line_1_104' title="bbox 1176 3091 2165 3143; baseline 0.007 -14"><span class='ocrx_word' id='word_1_771' title='bbox 1176 3101 1287 3130; x_wconf 84' lang='lat' dir='ltr'>tuam.</span> <span class='ocrx_word' id='word_1_772' title='bbox 1328 3094 1373 3129; x_wconf 89' lang='lat' dir='ltr'>At</span> <span class='ocrx_word' id='word_1_773' title='bbox 1406 3091 1481 3141; x_wconf 80' lang='lat' dir='ltr'>ille,</span> <span class='ocrx_word' id='word_1_774' title='bbox 1518 3091 1670 3142; x_wconf 80' lang='lat' dir='ltr'>inquies,</span> <span class='ocrx_word' id='word_1_775' title='bbox 1709 3093 1860 3143; x_wconf 82' lang='lat' dir='ltr'>gratiam</span> <span class='ocrx_word' id='word_1_776' title='bbox 1900 3103 2010 3133; x_wconf 80' lang='lat' dir='ltr'>totam</span> <span class='ocrx_word' id='word_1_777' title='bbox 2039 3096 2165 3136; x_wconf 83' lang='lat' dir='ltr'>habuit</span> 
     </span>
    </p>
   </div>
   <div class='ocr_carea' id='block_1_17' title="bbox 1175 3158 2165 3216">
    <p class='ocr_par' dir='ltr' id='par_1_18' title="bbox 1175 3158 2165 3216">
     <span class='ocr_line' id='line_1_105' title="bbox 1175 3158 2165 3216; baseline 0.006 -20"><span class='ocrx_word' id='word_1_778' title='bbox 1175 3172 1294 3196; x_wconf 82' lang='lat' dir='ltr'>secum</span> <span class='ocrx_word' id='word_1_779' title='bbox 1313 3166 1526 3210; x_wconf 83' lang='lat' dir='ltr'>operantem.</span> <span class='ocrx_word' id='word_1_780' title='bbox 1548 3158 1654 3208; x_wconf 70' lang='lat' dir='ltr'>Bene,</span> <span class='ocrx_word' id='word_1_781' title='bbox 1676 3159 1757 3208; x_wconf 80' lang='lat' dir='ltr'>quia</span> <span class='ocrx_word' id='word_1_782' title='bbox 1795 3159 1886 3198; x_wconf 79' lang='lat' dir='ltr'>hanc</span> <span class='ocrx_word' id='word_1_783' title='bbox 1911 3160 2061 3200; x_wconf 78' lang='lat' dir='ltr'>ducebat</span> <span class='ocrx_word' id='word_1_784' title='bbox 2084 3177 2165 3216; x_wconf 86' lang='lat' dir='ltr'>pro-</span> 
     </span>
    </p>
   </div>
   <div class='ocr_carea' id='block_1_18' title="bbox 1195 3296 1884 3341">
    <p class='ocr_par' dir='ltr' id='par_1_19' title="bbox 1195 3296 1884 3341">
     <span class='ocr_line' id='line_1_106' title="bbox 1195 3296 1884 3341; baseline 0.011 -14"><span class='ocrx_word' id='word_1_785' title='bbox 1195 3306 1207 3320; x_wconf 75' lang='lat'><strong>³</strong></span> <span class='ocrx_word' id='word_1_786' title='bbox 1235 3296 1321 3328; x_wconf 75' lang='lat' dir='ltr'>Alius</span> <span class='ocrx_word' id='word_1_787' title='bbox 1335 3312 1366 3329; x_wconf 72' lang='grc' dir='ltr'>συ</span> <span class='ocrx_word' id='word_1_788' title='bbox 1383 3303 1450 3330; x_wconf 68' lang='lat' dir='ltr'>ro&#39;r:</span> <span class='ocrx_word' id='word_1_789' title='bbox 1468 3301 1498 3330; x_wconf 64' lang='grc' dir='ltr'>ἔς</span> <span class='ocrx_word' id='word_1_790' title='bbox 1501 3312 1529 3333; x_wconf 80' lang='grc' dir='ltr'>η</span> <span class='ocrx_word' id='word_1_791' title='bbox 1543 3296 1585 3328; x_wconf 75' lang='lat' dir='ltr'>Et</span> <span class='ocrx_word' id='word_1_792' title='bbox 1603 3308 1678 3329; x_wconf 69' lang='lat' dir='ltr'>mox</span> <span class='ocrx_word' id='word_1_793' title='bbox 1697 3313 1731 3332; x_wconf 75' lang='lat' dir='ltr'>n:</span> <span class='ocrx_word' id='word_1_794' title='bbox 1735 3305 1817 3341; x_wconf 67' lang='grc' dir='ltr'>ισόιιε</span> <span class='ocrx_word' id='word_1_795' title='bbox 1807 3303 1884 3334; x_wconf 70' lang='grc' dir='ltr'>-θαῧ</span> 
     </span>
    </p>
   </div>
   <div class='ocr_carea' id='block_1_19' title="bbox 1199 3341 1520 3442">
    <p class='ocr_par' dir='ltr' id='par_1_20' title="bbox 1199 3341 1520 3442">
     <span class='ocr_line' id='line_1_107' title="bbox 1199 3341 1520 3389; baseline 0 -8"><span class='ocrx_word' id='word_1_796' title='bbox 1199 3341 1215 3364; x_wconf 83' lang='lat' dir='ltr'>b</span> <span class='ocrx_word' id='word_1_797' title='bbox 1238 3348 1328 3389; x_wconf 79' lang='grc' dir='ltr'>[κατ</span> <span class='ocrx_word' id='word_1_798' title='bbox 1344 3353 1450 3381; x_wconf 72' lang='grc' dir='ltr'>ἐκεῖνον</span> <span class='ocrx_word' id='word_1_799' title='bbox 1466 3350 1501 3382; x_wconf 84' lang='grc' dir='ltr'>Α.</span> <span class='ocrx_word' id='word_1_800' title='bbox 1509 3348 1520 3389; x_wconf 87' lang='grc'>]</span> 
     </span>
     <span class='ocr_line' id='line_1_108' title="bbox 1202 3400 1378 3442; baseline -0.011 -10"><span class='ocrx_word' id='word_1_801' title='bbox 1202 3412 1213 3426; x_wconf 78' lang='lat' dir='ltr'>c</span> <span class='ocrx_word' id='word_1_802' title='bbox 1239 3400 1326 3433; x_wconf 80' lang='lat' dir='ltr'>Alius</span> <span class='ocrx_word' id='word_1_803' title='bbox 1342 3401 1378 3442; x_wconf 73' lang='lat' dir='ltr'>[A</span> 
     </span>
    </p>
   </div>
   <div class='ocr_carea' id='block_1_20' title="bbox 1946 3302 2118 3348">
    <p class='ocr_par' dir='ltr' id='par_1_21' title="bbox 1946 3302 2118 3348">
     <span class='ocr_line' id='line_1_109' title="bbox 1946 3302 2118 3348; baseline 0 -13"><span class='ocrx_word' id='word_1_804' title='bbox 1946 3302 2118 3348; x_wconf 61' lang='lat' dir='ltr'>v.[SicA.]</span> 
     </span>
    </p>
   </div>
   <div class='ocr_carea' id='block_1_21' title="bbox 1387 3400 1666 3443">
    <p class='ocr_par' dir='ltr' id='par_1_22' title="bbox 1387 3400 1666 3443">
     <span class='ocr_line' id='line_1_110' title="bbox 1387 3400 1666 3443; baseline 0.004 -9"><span class='ocrx_word' id='word_1_805' title='bbox 1387 3400 1409 3442; x_wconf 94' lang='lat'>]</span> <span class='ocrx_word' id='word_1_806' title='bbox 1427 3406 1666 3443; x_wconf 62' lang='grc' dir='ltr'>παρασκευάσαι.</span> 
     </span>
    </p>
   </div>
  </div>
 </body>
</html>
