2466 3805
618 268 661 296 lm
703 265 818 296 ACTA
853 262 1181 294 APOSTOLORUM
1218 263 1372 293 nomn„
1412 264 1508 295 xlv.

59 351 254 396 ἀπέστησεν
273 351 389 390 ἱκανὸν
416 351 498 390 λαὸν
519 352 631 391 ὀπίσω
653 354 773 390 αὑτοῦ·
800 353 956 394 κάκεῖνος
975 348 1077 388 ἀπώ-

57 413 155 459 λετο,
184 411 244 449 καὶ
277 412 404 455 πάντες
440 412 514 451 ὅσοι
546 413 721 452 ἐπείθοντο
745 414 861 464 αὐτῷ,
882 409 1077 461 &eomput-

58 476 202 519 σθησαν.
225 472 294 511 Καὶ
325 480 426 514 τανῦν
458 475 549 527 λε’γω
578 477 679 526 ὑμῖν,
705 475 879 520 ἀπόστητε
909 472 977 510 ἀπὸ
995 474 1076 534 Ντῶν

57 532 246 584 ἀνθρώπων
266 534 411 583 τούτων,
429 535 490 573 καὶ
511 535 635 574 ἐάσατε
667 534 809 578 αὐτούς·
830 536 900 580 ὅτι,
919 532 1014 583 ἐὰνῄ
1043 531 1077 575 ἐξ

57 594 248 647 ἀνθρώπων
267 599 288 642 ἡ
312 595 416 646 βουλὴ
437 595 526 642 αὕτη
551 595 573 642 ἢ
596 597 636 634 τὸ
660 595 757 648 ἔργον
778 599 893 640 τοῦτο,
925 594 1076 631 καταλυ-

56 653 221 700 θήσεται·
250 655 333 693 εἰδὲ
356 658 395 693 ἐκ
415 658 506 695 Θεοῦ
536 659 651 704 ἐστιν,
682 658 719 693 οὗ
755 655 941 701 δυνήσεσθε
970 668 1076 692 κατα-

54 716 157 753 λῦσαι
191 716 288 754 αὐτό.
321 716 418 756 Ὡσεὶ
455 716 568 768 ἔλεγεν
582 733 589 740 ·
615 716 826 768 ἀνάσχεσθε,
857 714 917 753 καὶ
951 714 1009 752 ἐὰν
1042 712 1076 757 ἐξ

56 777 186 814 ἑαυτῶν
207 778 266 815 καὶ
285 773 378 816 οὗτοι
394 778 608 825 συνέστησαν
623 806 633 823 ,
649 777 744 815 οὐδὲν
759 776 910 815 κωλύσει
934 775 993 814 καὶ
1016 776 1076 812 αὖ-

54 837 132 881 τοὺς
164 840 411 885 καταλυθῆναι.
442 839 590 885 Μήποτε
620 839 679 876 καὶ
704 837 871 889 θεομάχοι
903 837 1075 887 εὑρεθῆτε.

54 897 125 936 Καὶ
144 898 201 936 διὰ
216 904 275 938 τοῦ
294 899 479 947 ἀδυνάτου,
507 899 566 938 καὶ
597 899 653 936 διὰ
685 903 744 936 τοῦ
775 895 975 948 ἀσυμφόρου
993 897 1076 932 ἀπο-

53 959 173 1011 τρέπει
192 960 324 1003 αὐτούς.
345 962 422 998 Οὔκ
455 955 529 997 εἷπε
559 955 597 997 δὲ
634 958 702 996 ὑπὸ
728 957 820 1000 τίνος
842 954 1075 1007 ἀνῃρέθησαν,

56 1021 132 1058 ἀλλ’
156 1022 292 1068 ἁπλῶς,
307 1020 360 1059 ὅτι
382 1019 598 1066 διελύθησαν,
621 1019 716 1070 τάχα
739 1019 786 1060 ὡς
815 1016 1001 1069 παρέλκον.
1020 1015 1074 1052 Δι’

54 1074 101 1118 ὧν
119 1080 154 1118 δὲ
184 1080 386 1128 ὑποτίθησι,
407 1079 580 1125 διδάσκει,
599 1079 651 1117 ὅτι
674 1081 703 1116 εἰ
722 1078 784 1128 μὲν
805 1075 1017 1130 ἀνθρώπινον
1037 1073 1077 1112 τὸ

54 1140 165 1194 ἔργον,
187 1140 282 1179 οὐδὲν
294 1140 409 1186 δεήσει
423 1139 640 1191 πραγμάτων
651 1141 732 1190 ὑμῖν
743 1153 752 1162 ·
768 1140 797 1176 εἰ
813 1137 848 1176 δὲ
867 1137 955 1176 θεῖόν
971 1139 1076 1183 ἔστιν,

53 1200 127 1239 οὐδὲ
149 1201 237 1252 μετὰ
254 1200 471 1252 πραγμάτων
488 1200 674 1246 δυνήσεσθε
700 1198 952 1251 περιγενέσθαι.
973 1198 1076 1237 Οὕτω

52 1265 132 1313 γοῦν
152 1262 245 1300 καὶὸ
262 1262 364 1313 λόγος
382 1262 520 1305 συνετὸς
551 1260 676 1307 ἔδοξεν,
696 1260 749 1298 ὅτι
776 1260 835 1298 καὶ
867 1259 1075 1307 ἐπείσθησαν

52 1322 142 1361 ὥστε
159 1323 208 1373 μὴ
230 1325 360 1361 ἀνελεῖν
377 1322 517 1367 αὐτοὺς,
534 1321 624 1360 ἀλλὰ
643 1321 807 1373 μαστίξαι
826 1321 940 1372 μόνον.
956 1321 1076 1360 Ἐπεί-

53 1388 184 1432 σΟησαν
203 1384 270 1438 γὰρ
298 1385 407 1436 αὐτῷ,
431 1383 533 1436 φησί·
564 1383 624 1421 καὶ
650 1382 973 1434 προσκαλεσάμενοι
998 1381 1077 1427 τοὺς

53 1445 263 1490 ἀποστόλους
277 1476 286 1493 ,
316 1444 487 1498 δείραντες
502 1444 742 1496 παρήγγειλαν
762 1443 810 1494 μὴ
824 1445 941 1481 λαλεῖν
955 1443 1012 1481 ἐπὶ
1026 1445 1076 1495 τῷ

52 1506 197 1558 ὀνόματι
216 1511 275 1545 τοῦ
295 1506 411 1553 Ἰησοῦ
422 1536 431 1554 ,
451 1505 510 1544 καὶ
527 1504 703 1543 ἀπέλυσαν
715 1504 847 1547 αὐτούς.
859 1503 956 1555 ζὈρα
968 1533 976 1550 ,
988 1504 1077 1554 μετὰ

51 1567 143 1605 πόσα
173 1567 395 1619 μαστίζονται
413 1566 609 1618 ὃθαύματα.
636 1565 706 1604 Καὶ
726 1565 819 1616 ὅμως
849 1564 954 1602 πάλιν
974 1568 996 1611 ἠ
1023 1565 1076 1602 δι-

54 1629 225 1666 δασκαλία
245 1628 454 1667 ἐπετείνετο·
474 1627 533 1666 καὶ
558 1627 626 1680 γὰρ
654 1626 712 1665 καὶ
734 1628 767 1664 ἐν
788 1626 880 1677 οἰκία
898 1626 957 1663 καὶ
976 1628 1009 1664 ἕν
1025 1628 1075 1678 τῷ

52 1689 135 1741 ἱερῷ
161 1688 350 1728 ἐδίδασκον.
371 1690 418 1727 Οἱ
441 1687 502 1740 μὲν
521 1683 576 1727 οῧν
592 1687 793 1741 ἐπορεύοντο
810 1687 989 1739 χαίροντες
1006 1687 1075 1726 ἀπὸ

53 1749 240 1801 προσώπου
259 1753 318 1788 τοῦ
340 1749 532 1802 συνεδρίου,
559 1749 611 1787 ὅτι
637 1748 723 1800 ὑπὲρ
744 1752 804 1787 τοῦ
822 1748 988 1798 ὀνόματος
1016 1749 1075 1786 τοῦ

53 1812 206 1862 Χριστοῦ
220 1809 482 1856 κατηξιώθησαν
495 1812 745 1860 ἀτιμασθῆναι,
760 1808 875 1847 πᾶσάν
886 1823 923 1845 τε
937 1807 1072 1860 ἡμέραν

53 1873 88 1909 ἐν
106 1875 155 1924 τῷ
177 1874 258 1924 ἱερῷ
282 1871 341 1909 καὶ
361 1873 438 1909 κατ’
458 1865 548 1909 οἷκον
573 1874 633 1910 οὐκ
656 1871 824 1909 ἐπαύοντο
857 1869 1073 1912 διδάσκοντες

49 1932 108 1971 καὶ
122 1932 419 1984 εὐαγγελιζόμενοι
433 1932 569 1981 Ἰησοῦν
582 1933 745 1985 Χριστόν.
763 1932 822 1969 Ἔν
844 1931 878 1968 δὲ
895 1936 970 1974 ταῖς
984 1929 1075 1981 ἡμέ-

53 2011 127 2048 ραις
151 1994 292 2038 ταύταις
307 1994 548 2040 πληθυνόντων
565 1997 632 2031 τῶν
655 1994 831 2044 μαθητῶν,
845 1991 980 2043 ἐγένετο
993 2008 1074 2044 γογ-

49 2056 180 2107 γυσμὸς
200 2059 268 2093 τῶν
288 2055 525 2101 Ἑλληνιστῶν
558 2055 644 2106 πρὸς
679 2053 758 2097 τοὺς
785 2052 990 2107 Ὲὸραίους,
1022 2055 1074 2091 ὅτι

49 2119 329 2169 παρεθεωροῦντο
347 2117 381 2152 ἓν
400 2118 443 2167 τῇ
469 2113 623 2165 διακονία
647 2116 690 2165 τῇ
715 2115 931 2165 καθημερινῇ
953 2116 988 2151 αἱ
1005 2116 1073 2166 χῆ-

53 2192 109 2229 ραι
136 2179 261 2214 αὐτῶν.
278 2179 354 2215 Οὐκ.
373 2177 408 2213 ἐν
432 2175 577 2219 ἐκείναις
594 2174 734 2218 πάντως
748 2174 841 2225 λέγει
866 2180 942 2218 ταῖς
956 2172 971 2192 ¹³
985 2178 1018 2224 ἦι
1041 2174 1072 2211 ε’-

53 2250 143 2286 ραις·
163 2237 239 2273 ἀλλ’
260 2234 335 2273 ἐπεὶ
363 2234 524 2281 συνήθεια
542 2233 683 2279 τοιαύτη
705 2232 778 2270 ἐστὶ
794 2235 836 2283 τῇ
855 2233 883 2269 Γ
887 2236 996 2284 ραφῆ,
1012 2232 1072 2270 καὶ

51 2295 95 2334 τὰ
121 2295 290 2346 μέλλοντα
323 2295 523 2345 συμὸαίνειν
543 2297 589 2337 ὡς
619 2293 738 2346 ἐφεξῆς
766 2292 929 2344 γινόμενα
958 2293 1069 2345 λέγει,

52 2356 109 2394 διὰ
133 2361 232 2394 τοῦτο
261 2356 368 2399 οὕτως
387 2349 492 2393 εἷπεν.
519 2354 751 2401 Ἑλληνιστὰς
771 2354 805 2393 δὲ
822 2350 921 2406 οἶμαι
940 2357 1070 2402 καλεῖν,

51 2416 128 2461 τοὺς
160 2417 335 2464 ἑλληνιστὶ
364 2415 630 2469 φθεγγομένους·
667 2411 762 2454 οῦτοι
791 2417 857 2469 γὰρ
894 2417 1070 2465 ἑλληνιστὶ

51 2478 241 2530 διελέγοντο
260 2477 421 2530 εΕΰῖραῖοι
441 2478 546 2521 ὄντες.
565 2477 653 2516 Ἰδοὺ
666 2478 724 2516 καὶ
745 2479 846 2522 ἄλλος
860 2479 1068 2531 πειρασμός·

54 2541 182 2591 μᾶλλον
203 2539 238 2578 δὲ
254 2539 313 2577 καὶ
331 2539 370 2578 σὺ
387 2541 416 2577 εἰ
437 2539 551 2591 βούλει
580 2546 721 2578 σκοπεῖν
733 2571 743 2588 ,
764 2540 839 2592 ὄψει
858 2541 917 2578 καὶ
945 2540 1070 2579 ἔσωθεν

52 2598 111 2635 καὶ
128 2597 249 2642 ἔξωθεν
265 2597 343 2641 τοὺς
369 2598 541 2648 πολέμους
561 2597 659 2642 ὄντας
676 2599 709 2644 ἐξ
729 2601 853 2652 ἀρχῆς.
872 2602 1073 2652 Προσκαλε·

53 2657 194 2708 σάμενοι
214 2659 268 2708 δὲ,
289 2659 393 2711 φησὶ,
411 2662 441 2697 οἱ
458 2659 592 2697 δώδεκα
604 2660 643 2698 τὸ
661 2662 791 2707 πλῆθος
809 2662 878 2698 τῶν
894 2662 1071 2711 μαθητῶν,

52 2713 146 2757 εἶπον
159 2735 167 2742 ·
196 2723 258 2759 οὐκ
275 2720 417 2776 ἀρεστόν
443 2723 516 2759 ἐστι
537 2721 793 2765 καταλιπόντας
813 2725 906 2772 ἡμᾶς
932 2722 989 2759 τὸν
1009 2722 1070 2759 λό-

51 2795 110 2831 γον
140 2786 199 2820 τοῦ
219 2784 328 2829 Θεοῦ,
351 2783 519 2820 διακονεῖν
537 2781 735 2834 τραπέζαις.
755 2784 897 2826 Καλῶς·
917 2785 984 2820 τῶν
1004 2781 1071 2835 γὰρ

50 2845 246 2896 ἀναγκαίων
260 2846 304 2885 τὰ
315 2844 567 2898 ἀναγκαιότερα
579 2843 926 2898 προτιμότερα.”ορα
938 2844 986 2892 δὲ,
996 2848 1071 2887 πῶς

51 2905 172 2949 εὐθέως
193 2906 251 2944 καὶ
270 2906 401 2945 τούτων
431 2905 593 2960 πρόνοιαν
615 2909 805 2954 ποιοῦνται,
816 2906 875 2944 καὶ
889 2910 949 2944 τοῦ
964 2906 1070 2959 κηρύ-

49 2980 180 3016 γματος
204 2970 264 3005 οὒκ
285 2969 485 3019 ἀμελοῦσιν.
505 2967 571 3011 εΩς
598 2966 860 3020 αἰδεσιμώτεροι
881 2966 917 3026 δὲ
946 2970 1069 3006 ἐκεῖνοι

47 3021 149 3073 ῆσαν·
166 3027 216 3066 διὸ
234 3028 292 3066 καὶ
313 3029 568 3081 προκρίνονται.
586 3029 848 3081 Ἐπισκέψασθε
867 3030 938 3078 οὖν,
961 3030 1067 3067 ἀδελ-

47 3087 114 3139 φοὶ,
137 3087 261 3141 ἄνδρας
285 3089 319 3133 ἐξ
342 3092 438 3140 ὑμῶν
462 3089 763 3142 μαρτυρουμένους
786 3091 888 3138 ἑπτὰ,
922 3091 1068 3143 πλήρεις

46 3147 250 3198 Πνεύματος
278 3149 337 3187 καὶ
367 3151 504 3203 σοφίας,
528 3151 584 3194 οὒς
625 3151 892 3202 καταστήσομεν
921 3152 978 3190 ἐπὶ
1003 3155 1067 3198 τῆς

43 3208 163 3260 χρείας
181 3209 318 3256 ταύτης.
330 3210 452 3261 εΗμεῖς
462 3213 497 3250 δὲ
513 3216 555 3264 τῇ
576 3213 836 3266 προσευχῆ,καὶ
850 3218 892 3266 τῆ
910 3213 1066 3266 διακονία

43 3274 102 3308 τοῦ
123 3270 224 3321 λόγου
241 3272 602 3325 προσκαρτερήσομεν.
618 3275 688 3313 Καὶ
707 3275 856 3328 ἤρεσενὸ
869 3276 968 3326 λόγος
982 3274 1067 3316 ἐνώ-

87 3423 100 3436 a
122 3416 260 3455 θαύματα
276 3412 367 3445 deest
384 3414 417 3445 iu
435 3425 510 3445 uno.

2050 269 2136 315 129

1149 348 1229 385 dite
1243 350 1292 386 ab
1309 349 1526 388 hominibus
1545 352 1640 389 istis.
1656 351 1719 389 57.
1735 351 1830 388 Post
1849 349 1954 389 hune
1970 354 2137 389 surrexit

1150 409 1180 445 J
1179 409 1277 447 udas
1294 409 1486 449 Galiloeus
1496 413 1538 448 in
1553 412 1686 449 diebus
1697 413 1963 464 professionis,
1977 419 2015 448 et
2029 425 2136 449 aver-

1151 471 1195 506 tit
1220 470 1405 521 populum
1430 472 1595 509 multum
1623 481 1710 524 post
1734 485 1793 520 se;
1817 480 1852 510 et
1881 474 1960 523 ipse
1984 485 2137 524 quoque

1147 532 1277 579 periit;
1298 539 1332 568 et
1347 544 1490 578 omnes,
1513 541 1700 585 quotquot
1719 541 1995 571 consenserunt
2008 536 2056 580 ei,
2077 535 2135 571 di-

1149 595 1269 643 spersi
1282 603 1384 632 sunt.
1396 594 1459 633 58.
1471 597 1524 633 Et
1539 610 1642 634 nunc
1654 599 1786 648 itaque
1803 597 1889 634 dico
1904 599 2031 647 vobis,
2045 598 2136 635 Dis-

1150 653 1272 689 cedite
1307 656 1356 690 ab
1395 657 1614 694 hominibus
1652 659 1749 702 istis,
1784 666 1822 695 et
1854 660 1969 695 sinite
2002 659 2092 696 illos
2124 673 2133 693 ε

1150 716 1334 764 quoniam
1346 717 1380 752 si
1396 724 1451 753 est
1470 731 1517 754 ex
1536 718 1754 759 hominibus
1767 719 1971 756 consilium
1981 721 2052 757 hoc
2068 727 2138 757 aut

1150 786 1256 823 opus,
1281 776 1527 819 dissolvetur,·
1548 778 1611 814 59.
1631 781 1774 815 sivero
1796 793 1843 815 ex
1858 781 1943 817 Deo
1964 790 2033 828 est,
2058 795 2137 818 non

1100 843 1123 871 Β
1146 835 1320 883 poteritis
1354 835 1565 873 dissolvere
1599 837 1714 876 illud.
1742 840 1793 875 Ac
1823 839 1851 876 si
1881 839 2042 878 diceret:
2063 841 2137 880 Ex-

1150 901 1316 943 spectate,
1336 903 1370 931 et
1385 895 1415 931 si
1429 909 1474 932 ex
1489 895 1614 947 seipsis
1633 896 1687 934 illi
1706 899 1818 935 coacti
1836 908 1937 946 sunt,
1958 901 2049 938 nihil
2072 901 2137 939 im-

1148 952 1269 1004 pediet
1288 955 1479 1004 quominus
1508 957 1762 997 dissolvantur.
1786 962 1845 997 Ne
1860 963 1973 1012 forte
1990 971 2026 1000 et
2052 965 2136 1001 Deo

1150 1027 1364 1066 repugnare
1382 1019 1650 1056 inveniamini.
1668 1019 1715 1057 Et
1732 1034 1777 1058 ex
1792 1020 2020 1072 impossibili,
2039 1033 2072 1061 et
2093 1038 2137 1063 ex

1149 1073 1268 1113 inutili
1286 1077 1415 1115 avertit
1429 1092 1497 1116 eos,
1512 1080 1586 1117 Nee
1601 1079 1704 1130 dicit,
1725 1094 1745 1118 a
1760 1096 1830 1132 quo
1846 1082 2023 1122 interemti
2041 1085 2109 1123 sint
2123 1103 2134 1136 5

1150 1135 1212 1173 sed
1239 1137 1460 1189 simpliciter,
1480 1140 1578 1190 quod
1604 1141 1675 1178 sint
1698 1142 1875 1194 dissipati,
1897 1143 1986 1182 forte
2013 1159 2135 1198 super-

1150 1196 1263 1235 fluum
1279 1198 1411 1237 ducens
1426 1200 1530 1252 plura
1550 1201 1692 1240 addere.
1709 1202 1767 1241 Ex
1786 1204 1830 1241 iis
1844 1218 1943 1253 vero,
1960 1220 2038 1255 quae
2054 1207 2136 1245 sub-

1144 1258 1279 1309 jungit,
1307 1259 1410 1299 docet
1434 1262 1498 1300 :Si
1525 1262 1725 1301 humanum
1750 1264 1798 1301 sit
1827 1279 1938 1317 opus,
1967 1281 2037 1305 non
2065 1277 2135 1317 est,

1150 1320 1245 1369 quod
1276 1320 1327 1358 rei
1355 1335 1478 1360 curam
1509 1325 1647 1375 agati53
1670 1324 1725 1362 sin
1751 1325 1934 1375 divinum,
1956 1328 2136 1379 quidquid

1147 1379 1316 1428 feceritis,
1331 1396 1400 1420 non
1420 1384 1580 1436 poteritis
1599 1399 1775 1438 superare.
1791 1386 1850 1425 Sic
1868 1401 1981 1426 sermo
1997 1390 2136 1441 sapiens

1147 1441 1246 1480 visus
1274 1452 1326 1481 est
1346 1459 1353 1480 ε
1373 1459 1454 1483 nam
1485 1447 1643 1498 persuasi
1669 1457 1751 1486 sunt
1777 1458 1817 1486 ut
1842 1463 1911 1488 non
1938 1450 2136 1489 occiderent

1100 1510 1123 1540 C
1147 1501 1244 1553 illos,
1267 1504 1326 1542 sed
1349 1505 1570 1557 flagellarent
1585 1517 1735 1547 tantum.
1756 1511 2042 1550 Consenserunt
2064 1528 2134 1551 au-

1149 1570 1223 1600 tem
1243 1565 1317 1611 illi,
1343 1565 1476 1617 inquit3
1492 1568 1556 1606 40.
1582 1577 1619 1606 et
1647 1580 1902 1608 convocantes
1922 1574 2131 1624 apostolos,

1148 1627 1255 1662 caesis
1268 1626 1607 1676 denuntiaverunt,
1615 1644 1662 1667 ne
1673 1631 1922 1682 loquerentur
1932 1635 1973 1669 in
1981 1637 2136 1671 nomine

1148 1686 1180 1723 J
1177 1699 1242 1723 esu
1244 1703 1260 1731 ;
1273 1696 1309 1725 et
1322 1689 1550 1728 dimiserunt
1564 1705 1637 1731 eos.
1652 1692 1759 1741 Vide,
1770 1702 1849 1745 post
1862 1704 1948 1744 quot
1962 1695 2135 1734 miracula

1147 1744 1372 1797 flagellantur
1387 1748 1395 1788 Ι
1417 1750 1464 1788 Et
1479 1759 1594 1789 tamen
1607 1752 1735 1791 iterum
1749 1754 1910 1792 doctrina
1926 1755 2136 1794 extendeba-

1147 1815 1208 1844 tur
1224 1823 1232 1843 :
1250 1822 1330 1845 nam
1345 1819 1379 1847 et
1392 1810 1427 1847 in
1442 1811 1547 1850 domo
1561 1822 1595 1850 et
1607 1813 1643 1851 in
1657 1815 1788 1866 templo
1804 1814 1990 1855 docebant.
2000 1817 2063 1854 41.
2079 1819 2135 1855 Et

1146 1868 1209 1905 illi
1224 1870 1377 1920 quidem
1404 1873 1517 1910 ibant
1539 1875 1751 1925 gaudentes
1765 1890 1790 1913 a
1809 1886 2011 1928 conspectu
2037 1892 2134 1916 con-

1146 1928 1242 1974 cilii,
1266 1933 1451 1981 quoniam
1477 1934 1586 1985 digni
1614 1936 1738 1973 hahiti
1767 1946 1858 1974 sunt
1883 1952 1953 1988 pro
1980 1941 2134 1975 nomine

1149 1989 1295 2027 Christi
1309 1993 1585 2031 contumeliam
1596 1998 1682 2046 pati
1699 2011 1710 2032 .·
1727 1997 1791 2034 42
1809 1999 1913 2034 omni
1927 2007 2056 2036 autem
2072 2000 2134 2036 die

1150 2063 1227 2086 non
1242 2054 1445 2090 cessabant
1457 2056 1498 2090 in
1513 2056 1653 2107 templo
1671 2065 1709 2094 et
1724 2059 1829 2094 circa
1848 2059 1979 2095 domos
1992 2060 2132 2097 docen-

1150 2118 1204 2149 tes
1230 2121 1267 2149 et
1295 2115 1607 2166 evangelizantes
1633 2119 1769 2156 Jesum
1799 2120 2007 2159 Christum.
2027 2122 2063 2159 1.
2082 2123 2132 2157 In

1148 2174 1282 2210 diebus
1305 2183 1434 2211 autem
1453 2177 1547 2223 illis,
1571 2188 1764 2217 crescente
1788 2194 1946 2218 numero
1970 2182 2134 2232 discipu-

1148 2233 1287 2281 lorum,
1298 2236 1460 2287 factum
1480 2245 1536 2274 est
1558 2252 1731 2276 murmur
1748 2240 1970 2279 Graecorum
1991 2243 2133 2280 adver-

1147 2307 1211 2332 sus
1230 2297 1427 2344 Hebraeos,
1451 2312 1495 2335 eo
1522 2300 1626 2351 quod
1646 2302 1931 2353 despicerentur
1954 2305 1996 2340 in
2022 2306 2134 2341 mini-

1145 2359 1260 2394 sterio
1284 2360 1514 2410 quotidiano
1544 2363 1675 2400 viduae
1705 2377 1844 2402 eorum.
1879 2366 1958 2402 Non
1991 2365 2027 2402 in
2058 2365 2133 2403 illis

1145 2417 1288 2455 omnino
1304 2418 1391 2456 dicit
1406 2419 1532 2459 diebus
1539 2437 1549 2470 ;
1569 2422 1632 2460 sed
1650 2424 1734 2474 quia
1749 2424 1825 2462 haec
1843 2434 1893 2463 est
1913 2426 2131 2464 consuetudo

1144 2478 1352 2530 Scripturae7
1370 2489 1410 2518 ut
1425 2495 1502 2532 quae
1518 2482 1638 2521 futura
1651 2493 1761 2533 erant,
1781 2486 1881 2536 quasi
1898 2487 2018 2525 statim
2039 2488 2131 2526 facta

1145 2538 1241 2577 dicat
1261 2555 1269 2576 ε
1289 2539 1368 2578 ideo
1394 2541 1445 2579 sic
1460 2543 1628 2593 loquitur.
1649 2544 1861 2583 Hellenistas
1879 2557 1967 2599 puto
1986 2548 2045 2586 hic
2064 2563 2129 2587 vo-

1144 2601 1215 2638 cari
1230 2615 1309 2650 eos,
1328 2602 1388 2653 qui
1410 2604 1534 2641 Graece
1551 2604 1808 2657 loquebantur3
1833 2607 1873 2644 hi
1893 2609 2130 2648 enimGraeca

1144 2662 1268 2714 lingua
1296 2664 1500 2713 utebantur,
1526 2665 1608 2703 licet
1634 2665 1775 2704 Hebraei
1802 2678 1928 2706 essent.
1951 2669 2045 2707 Eece
2059 2671 2130 2710 alia

1145 2725 1310 2775 tentatio;
1330 2725 1401 2763 imo
1417 2735 1450 2764 et
1466 2735 1526 2776 tu,
1544 2727 1574 2764 si
1595 2727 1784 2766 observare
1811 2729 1899 2767 velis
1910 2760 1920 2779 ,
1940 2731 2132 2783 perspicies

1146 2785 1191 2823 ab
1213 2785 1316 2824 initio
1338 2786 1432 2824 bella
1447 2796 1480 2824 et
1495 2787 1590 2825 intus
1619 2796 1653 2825 et
1675 2788 1760 2826 soris
1786 2789 1905 2827 fuisse.
1926 2792 1962 2827 9.
1980 2792 2131 2830 Convo-

1145 2856 1288 2895 cantes,
1312 2848 1444 2899 inquit,
1469 2850 1671 2887 duodecim
1706 2851 1990 2888 multitudinem
2016 2854 2130 2891 disci-

1140 2910 1336 2960 pulorum,
1356 2911 1536 2949 dixerunt
1554 2926 1565 2946 .-
1586 2911 1677 2948 Non
1693 2919 1749 2949 est
1770 2925 1921 2963 aequum
1942 2926 2009 2950 nos
2022 2914 2128 2951 dere-

1143 2971 1317 3023 linquere
1349 2974 1508 3009 verbum
1539 2973 1626 3020 Dei,
1655 2980 1692 3009 et
1724 2975 1946 3010 ministrare
1974 2977 2126 3012 mensis.

1141 3031 1238 3068 Bene
1269 3048 1277 3068 ε
1312 3032 1515 3070 necessariis
1548 3032 1639 3069 enim
1671 3032 1784 3083 magis
1820 3033 2014 3071 necessaria
2046 3043 2128 3072 sunt

1138 3092 1369 3144 praeferenda.
1394 3092 1489 3133 Vide
1513 3102 1647 3141 autem,
1670 3092 1848 3143 quomodo
1877 3093 1996 3131 statim
2013 3103 2046 3132 et
2064 3094 2129 3132 ho-

1138 3168 1220 3191 rum
1239 3168 1360 3192 curam
1386 3155 1555 3202 habeant,
1574 3163 1607 3192 et
1626 3153 1914 3206 praedicationem
1929 3168 1999 3192 non
2014 3155 2127 3207 negli-

1138 3224 1233 3266 gant.
1251 3216 1363 3262 Quasi
1383 3225 1501 3253 autem
1520 3214 1793 3253 venerabiliores
1813 3214 1867 3251 illi
1888 3224 2023 3265 essent,
2045 3215 2125 3254 ideo

1138 3277 1388 3328 praeferuntur.
1403 3278 1442 3314 5.
1459 3277 1709 3314 Considerate
1722 3288 1822 3327 erg0‚
1828 3276 1997 3328 fratres,
2018 3280 2125 3315 viros

1101 2180 1123 2208 Ι)

1145 3424 1161 3447 b
1181 3420 1325 3463 Quidam
1340 3419 1415 3450 Mss.
1434 3423 1569 3463 ἡμέραις.
1589 3422 1722 3456 συνήθεια
1739 3422 1795 3462 γὰρ
1812 3421 1944 3455 τοιαύτη.

2145 2129 2220 2158 CAP.
2236 2140 2275 2158 vx.

2235 2567 2330 2596 Graeci

2143 2611 2259 2647 quinam
2281 2609 2330 2636 di-

2144 2656 2258 2678 cantur.
