2466 3805
712 264 759 292 {N
800 263 912 292 ACTA
949 259 1294 291 APOSTOLORUM.

98 343 209 394 ἀρχαὶ
223 342 376 394 χαλεπαί
390 357 427 378 τε
440 342 499 379 καὶ
515 341 685 379 δύσκολοι.
711 343 781 381 Τὸν
797 343 1002 381 διδάσκαλον
1027 341 1119 379 ἀνεί-

97 404 199 450 λετε,
227 402 286 440 καὶ
315 403 377 438 οὐκ
411 401 596 447 ἕστησατε·
630 403 689 440 καὶ
712 407 788 450 νῦν,
815 402 853 441 ἂν
884 402 1120 449 ἀπειλήσητε,

98 464 314 516 προσδοκᾶτε
332 462 541 509 ἀποστήσειν
561 466 672 513 ἡμᾶς,
692 463 737 502 ‘O
763 464 886 513 δεσμὸς
907 465 969 500 οὐκ
985 463 1118 501 ἔπεισεν

96 523 287 574 ὑφειμένως
303 524 546 575 διαλεχθῆναι,
571 524 630 562 καὶ
647 527 743 575 ὗμεὶς
761 524 915 570 πείσετε;
935 523 1035 561 Πάνυ
1057 538 1095 573 γε
1110 552 1118 568 ,

94 583 174 627 τοὺς
196 583 290 622 οὐδὲν
306 586 396 634 ὑμᾶς
417 584 624 636 ἡγουμένους
644 585 703 623 καὶ
728 587 966 627 ἀπειλοῦντας.
988 585 1034 622 Εἰ
1063 583 1119 621 δί-

96 643 194 682 καιόν
212 646 303 692 ἐστι,
331 644 433 696 φησὶν
446 675 455 693 ,
476 644 620 682 ἐνώπιον
640 650 700 683 τοῦ
733 647 844 690 Θεοῦ,
874 647 971 694 ὑμῶν
988 644 1119 693 μᾶλλον

98 703 233 742 ἀκούειν
263 703 286 749 ἢ
315 709 374 742 τοῦ
402 707 508 743 Θεοῦ.
533 704 708 742 Ἐνταῦθα
730 709 790 742 τοῦ
812 706 902 743 Θεοῦ
922 719 1023 755 φασιν
1046 703 1121 739 ἀντὶ

96 770 156 803 τοῦ
174 767 338 818 Χριστοῦ.
363 760 485 811 Εἶδες,
515 768 589 809 πῶς
616 769 674 802 νῦν
690 768 722 803 3
709 764 789 811 ζέὸη
817 763 834 802 ὃ
863 769 956 802 εἶπεν
981 766 1119 805 αὐτοῖς·

97 825 187 863 Ἰδου·
206 827 234 863 3·
224 842 274 876 γω
291 827 494 864 ἀποστέλλω
522 829 611 875 ὓμας
628 828 674 868 ὡς
695 825 855 877 πρόὸατα
888 826 923 862 3v
940 823 1036 874 μέσῳ
1059 822 1120 860 λύ-

96 902 166 923 κων
179 902 186 909 ·
211 885 258 935 μὴ
281 887 454 937 φοὸηθῆτε
475 885 604 927 αὐτούς.

150 1128 240 1171 Εἶτα
258 1133 363 1171 πάλιν
383 1133 446 1180 τὴν
468 1133 657 1170 ἀνάστασιν
691 1131 873 1183 βεὸαιοῦσι
891 1131 933 1167 δι’
955 1124 1002 1168 ὧν
1030 1129 1118 1167 εἶπά-

424 1193 549 1243 εΗμεῖς
568 1194 605 1231 οὗ
641 1191 816 1242 δυνάμεθα
851 1190 900 1241 μὴ
931 1192 1063 1235 λαλεῖν,
1097 1190 1118 1226 ἃ

566 1252 679 1291 Ώστε
707 1257 809 1303 ἡμεῖς
839 1251 900 1303 μὲν
925 1251 1119 1296 ἀξιόπιστοί

94 1209 191 1243 γουσι
222 1193 377 1244 λέγοντες
402 1209 410 1216 ·

96 1254 229 1304 εἴδομεν
245 1254 304 1292 καὶ
329 1253 542 1304 ἠκούσαμεν.

95 1317 198 1366 ἐσμεν
217 1315 408 1367 μάρτυρες,
430 1318 529 1365 ὑμεῖς
544 1315 580 1353 63
595 1316 931 1366 προσαπειλοῦντες,
954 1315 1029 1364 εἷκῃ
1047 1312 1117 1351 πά-

94 1378 147 1413 λιν
170 1378 354 1414 ἀπειλεῖτε.
368 1376 454 1414 Δέον
472 1380 530 1414 οὐν
550 1375 864 1425 μετοιοάλλεσθαι’
850 1375 901 1425 εφ’
921 1377 970 1416 οῖς
995 1377 1012 1411 ὃ
1035 1373 1117 1417 λαος

95 1435 232 1480 ἐδόξαζε
245 1452 304 1474 τον
324 1437 427 1484 Θεον,
447 1438 477 1474 οἳ
499 1435 535 1473 δε
561 1452 621 1474 και
640 1437 773 1474 ἀνελεῖν
794 1436 1011 1473 ἀπειλοῦσιν·
1027 1434 1116 1472 οὕτω

96 1496 262 1548 θεομάχοι
281 1501 382 1543 ἦσαν.
403 1499 450 1535 Οἱ
477 1497 513 1536 6=
544 1495 911 1548 προσαπειλησάμενοι
940 1495 1116 1533 ἀπέλυσαν

265 1556 444 1595 Ἐντεῦθεν
473 1557 759 1609 περιφανέστεροι
792 1572 852 1594 και
879 1555 1117 1608 λαμπρότεροι

120 1616 285 1667 εγένοντο.
309 1617 355 1655 ‘H
381 1618 449 1671 γὰρ
476 1618 619 1669 δύναμίς
649 1632 737 1668 μου,
756 1632 873 1669 φησιν,
902 1618 937 1654 ἓν
959 1617 1117 1655 ἀσθενεία

93 1679 300 1716 τελειοῦται.
322 1678 452 1726 ΗΗδη
437 1678 684 1730 εμαρτύρησαν
698 1682 790 1715 ουτοι
810 1677 921 1731 πρὸς
910 1678 1025 1716 πάντα
1042 1695 1115 1716 πα-

96 1556 229 1600 αὐτούς.

92 1616 135 1637 11

96 1738 340 1789 ραταξάμενοι.
364 1739 446 1776 Τί
431 1755 536 1786 εστιν,
556 1739 682 1789 ‘Ham
703 1740 741 1776 οὐ
765 1738 957 1789 δυνάμεθα,
977 1739 998 1776 ἃ
1021 1740 1116 1778 εἴδω

97 1814 159 1847 μεν
183 1799 243 1836 καὶ
268 1800 480 1850 ηκούσαμεν,
512 1799 560 1850 μὴ
582 1801 713 1838 λαλεῖν.
733 1801 778 1837 Εἰ
799 1800 906 1851 ψευδη
921 1827 930 1844 ,
950 1800 1066 1851 φησὶν,
1095 1799 1116 1836 ἃ

94 1858 252 1933 λέγομεν,
274 1838 460 1899 ἐπιλαὸδῦ·
481 1862 510 1898 εἷ
531 1860 566 1898 δὲ
598 1862 711 1906 ἀληθη
725 1890 734 1907 ,
753 1859 788 1897 τί
814 1859 978 1908 κι)λύεις;
992 1863 1114 1900 Τοιοῦ-

93 1933 151 1956 τον
168 1921 189 1964 ἡ
210 1919 404 1971 φιλοσοφία.
431 1920 620 1958 Ἐκεῖνοι’
606 1936 639 1958 εν
668 1919 814 1972 ἀπορία,
830 1922 921 1957 οὗτοι
942 1922 976 1957 ἓν
992 1922 1113 1973 εὐφρο-

92 1978 199 2028 συνῃ·
220 1981 342 2016 ἐκεῖνοι
361 1980 493 2025 πολλης
512 1980 675 2031 γέμοντες
695 1980 860 2031 αἷσγύνης
875 2009 884 2026 ,
903 1974 996 2018 οὗτοι
1024 1980 1113 2031 μετὰ

94 2038 292 2088 παρρησίας
311 2039 426 2076 πάντα
451 2040 679 2091 πράττοντες·
699 2043 823 2078 ἐκεῖνοι
844 2043 878 2079 ἐν
897 2043 947 2078 τῶ
967 2041 1114 2080 δεδοικέ-

95 2114 175 2143 ναι,
195 2102 287 2136 οὗτοι
304 2101 338 2137 ἐν
355 2115 404 2136 τω
427 2101 576 2151 θαρρεῖν.
598 2100 701 2143 Τίνες
722 2100 789 2175 γὰρ
807 2105 909 2148 ἦσαν,
939 2102 1016 2140 εἰπέ
1035 2117 1111 2152 μοι,

96 2172 126 2196 οι
145 2159 371 2209 φοὸούμενοι;
385 2163 416 2198 οἱ
433 2160 609 2212 λέγοντες,
624 2160 703 2198 Ἵνα
732 2161 780 2211 μὴ
805 2162 861 2199 ἐπὶ
880 2162 984 2200 πλέον
1003 2165 1112 2201 διανε-

99 2222 191 2269 ussto-(1
213 2221 259 2262 εἷς
288 2219 345 2257 τὸν
373 2220 508 2268 λαὸν,
489 2237 510 2265 η
539 2224 570 2258 οἱ
598 2221 775 2271 λέγοντες,
792 2223 845 2259 Οὐ
872 2221 1070 2273 δυνάμεθα,
1091 2224 1112 2261 ἃ

96 2278 229 2328 εἴδομεν
245 2279 304 2316 καὶ
319 2280 531 2330 ἠκούσαμεν,
550 2280 598 2330 μὴ
615 2281 754 2318 λαλεῖν·
746 2310 756 2328 ,
775 2281 875 2319 Και’
861 2297 895 2319 εν
909 2283 1036 2334 ἡδονῃ,
1054 2284 1114 2322 καὶ

96 2341 130 2376 ἐν
150 2339 347 2392 παρρησίᾳ,
363 2340 423 2377 καὶ
442 2342 476 2378 ἐν
493 2356 681 2392 ευφροσυνῃ
699 2341 827 2391 μείζονι
840 2342 979 2381 πάντων
1000 2348 1113 2383 οὗτοι·

96 2401 219 2437 ἐκεῖνοι
234 2400 268 2436 ἐν
285 2399 436 2450 ἀθυμίᾳ,
453 2402 486 2438 ἐν
505 2401 652 2452 αἰσχύνη
666 2431 675 2448 ,
693 2404 726 2439 ἐν
746 2401 864 2454 φόὸῳ·
880 2403 936 2441 τὸν
950 2403 1017 2455 γὰρ
1030 2405 1113 2443 λαὸν

95 2459 322 2498 ἐδεδοίκεσαν.
338 2459 378 2498 Ἀ
399 2430 579 2499 ἑδούλοντο
591 2462 827 2515 ,ἓφθέγςαντο
845 2467 955 2503 οὗτοι·
973 2467 1115 2514 ἐκεῖνοι,

97 2521 119 2559 ἃ
139 2522 340 2568 ἐὸούλοντο,
361 2523 423 2560 οὒκ
455 2522 636 2570 ἐποίησαν.
658 2523 763 2567 Τίνες
792 2527 881 2569 ἦσαν
916 2528 950 2564 ἓν
978 2527 1117 2577 δεσμοῖς

97 2582 157 2619 καὶ
179 2585 213 2620 ἐν
231 2581 417 2629 κινδύνοις;
436 2583 514 2634 οὐχὶ
528 2577 620 2622 οὗτοι
640 2584 814 2633 μάλιστα;
835 2585 1029 2636 Ἐχώμεθα
1045 2587 1116 2624 τοί-

97 2658 154 2680 νυν
166 2645 227 2689 τῆς
247 2643 371 2694 ἀρετῆς
386 2657 394 2664 ·
413 2642 460 2693 μὴ
478 2643 584 2696 μέχρι
596 2643 749 2696 τέρψεως
766 2644 810 2682 τὰ
826 2645 994 2697 λεγόμενα
1009 2646 1112 2696 ἔστω,

99 2702 186 2753 μηδὲ
207 2702 313 2756 μέχρι
337 2704 560 2755 παραμυθίας
579 2706 680 2748 τινός.
702 2708 780 2743 Οὐκ
805 2705 879 2744 ἔστι
904 2706 943 2744 τὸ
972 2706 1113 2760 θέατρον

95 2769 213 2811 τοῦτο,
233 2763 417 2815 ἀγαπητὲ,
447 2767 651 2819 κιθαρῳδῶν
680 2765 756 2804 οὐδὲ
785 2768 1011 2819 ἔιτραγῳδῶν,
1033 2769 1113 2807 ἔνθα

96 2824 201 2876 μέχρι
214 2827 277 2871 τῆς
295 2825 448 2878 τέρψεως
462 2830 479 2864 ὃ
500 2827 655 2879 καρπὸς,
675 2827 734 2865 καὶ
753 2830 815 2874 τῆς
839 2828 974 2879 ἡμέρας
1001 2845 1114 2881 παρα·

95 2884 293 2936 δραμούσης
309 2888 485 2937 παρῆλθεν
508 2890 530 2933 ἥ
561 2887 692 2939 τέρψις.
722 2888 795 2926 Καὶ
818 2888 886 2927 εἴθε
918 2884 960 2935 ἦν
995 2890 1113 2943 τέρψις

95 2946 196 2995 μόνη,
210 2946 270 2984 καὶ
290 2946 339 2996 μὴ
354 2947 414 2984 καὶ
435 2946 548 2997 βλάοη
568 2947 656 2998 μετὰ
669 2950 732 2994 τ’ἧς
747 2951 910 3000 τερψεως·
929 2950 1040 2988 ἄλλη
1019 2967 1114 3000 ομως

96 3006 232 3044 ἄπεισιν
253 3007 381 3044 ἐκεῖθεν
405 3006 521 3044 οἴκαδε
548 3007 714 3057 ἕκαστος,
739 3009 900 3063 καθάπερ
929 3010 998 3048 ἀπό
1024 3026 1114 3053 τινος

95 3066 209 3116 λύμης
233 3065 496 3117 ἀναμαξάμενος
512 3068 627 3106 πολλὰ
645 3071 715 3106 τῶν
747 3068 887 3107 αὐτόθι·
919 3070 978 3108 καὶ
1007 3074 1024 3109 ὃ
1053 3071 1113 3121 μὲν

96 3126 168 3170 νέος
187 3126 372 3165 ἀπολαὸών
390 3143 469 3165 τινα
485 3131 552 3166 τῶν
587 3131 782 3167 σατανικῶν
805 3131 971 3181 ᾀσμάτων
1003 3132 1113 3182 με’λη,

142 3259 153 3276 ‘¹
170 3259 229 3299 [D.
257 3264 398 3300 ἐγένοντο.
421 3264 538 3302 μᾶλλον
559 3265 588 3294 δὲ
611 3265 664 3299 η”ὖη
686 3267 898 3309 ἐμαρτύρησαν
925 3267 1000 3298 οὕτω
1030 3273 1104 3308 πρός

101 3316 180 3349 etc„
197 3309 325 3341 omissis
340 3312 457 3352 quaein
475 3311 585 3343 medio
600 3314 706 3354 sunt.]

145 3369 157 3382 ὃ
175 3363 343 3403 τραγῳδῶν.
362 3363 440 3394 Post
462 3362 548 3395 hanc
572 3375 687 3397 vocem
712 3376 792 3397 unus
815 3364 910 3398 addit
934 3366 1018 3399 male
1043 3370 1106 3401 οὐδὲ

288 3437 385 3461 TUM.
421 3440 475 3462 IX.

1334 259 1490 289 1101111..
1528 262 1576 290 Χ.
2106 264 2169 309 09

1193 340 1488 378 Comminemur.
1512 342 1610 388 Quid
1644 343 1788 380 dicitis?
1815 355 1857 379 an
1890 342 1996 379 minis
2024 343 2171 393 speratis

1144 414 1168 443 D
1190 414 1253 438 vos
1279 400 1566 452 praedicationem
1595 416 1668 441 esse
1697 402 1942 440 cohibituros‘)
1963 401 2022 440 Sic
2041 401 2171 451 ubique

1189 462 1366 515 principia
1392 473 1474 501 sunt
1491 464 1601 502 ardua
1628 473 1661 502 et
1685 463 1860 502 difficilia.
1880 463 2094 515 Magistrum
2119 463 2171 499 in-

1188 523 1388 570 teremistis,
1403 538 1466 562 nee
1480 524 1767 576 praedicationem
1786 524 2016 573 cohibuistis,
2033 532 2065 560 et
2079 537 2172 560 nunc

1189 583 1295 621 minis
1316 598 1376 622 vos
1409 585 1541 636 putatis
1559 586 1744 623 absterreri
1774 600 1836 623 nos
1870 585 1996 637 posse?
2017 583 2172 623 Vincula

1191 657 1259 681 non
1291 655 1478 682 suaserunt
1506 655 1546 683 ut
1576 647 1758 684 remissius
1782 640 2026 697 loqueremur,
2048 656 2081 684 et
2111 659 2172 684 vos

1192 703 1411 742 suaclehitis?
1432 706 1542 743 Nobis
1557 735 1567 753 ,
1587 706 1746 756 inquam,
1764 707 1826 757 qui
1844 722 1907 744 vos
1927 706 2170 745 x-elrminitan—

1190 772 1242 801 tes
1262 764 1366 800 nihili
1384 764 1544 802 facimus.
1564 766 1604 803 Si
1617 769 1767 817 justum
1792 777 1860 813 est,
1883 768 2008 817 inquit,
2025 770 2066 804 in
2081 781 2174 804 con-

1192 831 1322 872 spectu
1352 824 1446 869 Dei,
1472 838 1544 861 vos
1576 829 1698 876 magis
1725 829 1861 864 audire
1894 842 2010 878 quam
2033 829 2172 865 Deum.

1191 882 1258 919 Hic
1277 884 1392 919 Deum
1415 896 1480 934 pro
1513 883 1654 922 Christo
1674 885 1810 922 dicunt.
1838 887 1970 925 Viden’
1999 888 2174 937 quomodo

1191 955 1286 979 nunc
1305 942 1459 979 evenerit
1476 943 1573 992 quod
1591 943 1733 982 dicebat
1752 945 1837 993 illis,
1856 948 1959 983 Ecce
1977 961 2044 997 ego
2065 950 2174 985 mitto

1191 1016 1261 1040 vos
1279 1005 1379 1040 sicut
1400 1016 1487 1040 oves
1506 1006 1547 1039 in
1564 1005 1688 1041 medio
1717 1005 1892 1056 luporum
1911 1021 1920 1041 .·
1941 1020 1987 1043 ne
2007 1009 2175 1045 timueri-

1189 1065 1238 1099 tis
1260 1076 1334 1100 eos.

1242 1126 1279 1161 4.
1300 1123 1438 1162 Deinde
1467 1126 1760 1165 resurrectionem
1794 1129 2006 1166 confirmant
2033 1144 2096 1181 per
2117 1144 2175 1176 ea,

1189 1198 1266 1234 quae
1282 1185 1456 1236 adjiciunt
1471 1202 1478 1222 :
1491 1189 1571 1225 Nos
1592 1202 1670 1224 non
1684 1202 1886 1240 possumus
1903 1205 1987 1242 quse
2004 1193 2177 1229 vidimus

1189 1254 1226 1283 et
1254 1248 1473 1285 audivimus
1498 1262 1577 1285 non
1609 1249 1729 1301 loqui.
1754 1250 1878 1300 Itaque
1904 1265 1966 1288 nos
1986 1251 2058 1289 fide
2078 1251 2177 1303 digni

1188 1314 1290 1343 testes
1319 1321 1443 1346 sumus
1452 1337 1462 1356 ,
1489 1322 1551 1345 vos
1581 1318 1696 1346 autem
1722 1311 1855 1348 frustra
1882 1312 2173 1350 interminamini.

1190 1366 1280 1404 Cum
1295 1380 1379 1418 ergo
1394 1368 1606 1420 oportuisset
1621 1371 1753 1407 mutari
1768 1385 1827 1408 eos
1843 1386 1909 1423 pro
1926 1386 1964 1409 ea
1982 1387 2029 1420 re,
2049 1372 2093 1411 de
2108 1388 2179 1424 qua

1188 1429 1342 1480 populus
1358 1430 1474 1466 Deum
1490 1430 1729 1481 glorificabat,
1744 1431 1799 1469 illi
1813 1442 1933 1470 contra
1949 1447 2069 1471 necem
2083 1448 2178 1471 00111-

1188 1488 1395 1538 minantur3
1414 1490 1462 1527 ita
1486 1490 1553 1527 Dei
1576 1491 1694 1529 hostes
1713 1502 1822 1530 erant.
1839 1494 1886 1531 Et
1905 1494 2037 1532 additis
2053 1495 2178 1543 minis,

1186 1548 1399 1588 dimiserunt
1417 1551 1512 1588 illos.
1537 1552 1630 1589 Hinc
1650 1553 1705 1590 illi
1720 1554 1885 1592 clariores
1900 1555 2179 1606 illustrioresque

1186 1611 1269 1648 tacti
1295 1620 1388 1649 sunt.
1409 1613 1502 1650 Nam
1521 1614 1652 1651 Virtus
1672 1628 1770 1660 mea,
1794 1614 1926 1665 inquit,
1950 1618 1991 1653 in
2011 1619 2050 1653 in
2050 1618 2179 1668 firmi—

1186 1680 1267 1709 tate
1281 1672 1495 1724 perficitur.
1522 1674 1603 1712 Jam
1622 1673 1676 1711 illi
1697 1674 1877 1712 testificati
1905 1685 1987 1714 sunt
2009 1677 2078 1715 adv
2081 1691 2179 1714 ersus

1185 1733 1303 1771 omnia
1330 1733 1508 1773 instincti.
1538 1734 1636 1780 Quid
1667 1735 1738 1772 sibi
1765 1736 1844 1773 vult
1864 1736 1974 1786 illud,
1995 1739 2076 1776 Nos
2099 1752 2179 1775 non

1183 1806 1387 1844 possumus
1407 1808 1466 1840 ea,
1495 1808 1580 1846 quoe
1596 1796 1768 1833 vidimus
1789 1805 1826 1834 et
1844 1799 2079 1845 audivimus,
2099 1813 2177 1836 non

1187 1855 1305 1906 loqui.
1327 1854 1365 1892 Si
1384 1854 1473 1891 salsa
1503 1864 1599 1902 sunt,
1629 1856 1742 1904 aiunt,
1761 1871 1799 1894 ea
1822 1872 1899 1908 quae
1928 1858 2098 1909 dicimus,
2121 1874 2175 1897 re-

1134 1897 1164 1961 ὃ(
1185 1914 1386 1966 plehende3
1408 1914 1462 1951 sin
1483 1929 1587 1963 xer,a
1607 1929 1672 1952 0111
1699 1916 1895 1968 plohibes?
1916 1919 2016 1956 Talis
2043 1933 2097 1957 ies
2123 1930 2175 1958 est

1184 1973 1425 2026 philosophia.
1463 1974 1552 2012 1111
1542 1989 1579 2012 111
1599 1976 1783 2026 angustia,
1815 1977 1854 2014 hi
1884 1977 1922 2016 in
1952 1978 2101 2017 laetitia:
2120 1981 2176 2018 illi

1184 2035 1297 2072 multo
1322 2034 1460 2086 pudore
1485 2035 1597 2087 pleni,
1618 2036 1658 2073 hi
1687 2036 1836 2075 fidenter
1865 2039 1985 2077 omnia
2013 2041 2172 2079 faciunt:

1183 2095 1239 2133 illi
1258 2096 1397 2145 timent,
1416 2095 1454 2132 hi
1470 2095 1603 2133 fiducia
1623 2097 1718 2149 pleni
1737 2107 1829 2137 sunt.
1851 2099 2023 2151 Quinam,
2041 2117 2174 2152 quaeso,

1183 2155 1381 2193 timebant?
1399 2155 1469 2193 iine
1487 2156 1549 2206 qui
1567 2155 1734 2194 dicebant
1751 2173 1759 2194 :
1780 2160 1840 2196 Ne
1854 2161 2020 2211 amplius
2048 2163 2173 2200 divul-

1182 2224 1294 2268 getur
1314 2219 1356 2253 in
1383 2216 1527 2267 vulgus
1542 2232 1557 2260 ,-
1577 2230 1621 2254 an
1641 2217 1702 2267 qui
1735 2217 1916 2270 dicebant,
1938 2223 2028 2258 Non
2042 2237 2173 2273 possu-

1185 2292 1269 2316 mus
1283 2291 1343 2324 ea,
1356 2291 1442 2330 quoe
1457 2279 1628 2317 vidimus
1641 2289 1678 2318 ec
1693 2282 1927 2329 audivimus,
1947 2297 2024 2321 non
2041 2285 2148 2337 loqui
2160 2291 2174 2323 ‚³

1185 2341 1232 2378 Hi
1248 2349 1341 2379 certe
1358 2339 1395 2377 in
1415 2339 1550 2392 majore
1567 2340 1773 2393 voluptate,
1802 2343 1965 2382 libertate
1989 2355 2024 2383 et
2050 2346 2173 2385 laetitia

1185 2401 1417 2442 versabantur
1429 2415 1441 2451 3
1456 2400 1512 2437 illi
1529 2400 1566 2438 in
1587 2415 1749 2451 moerore,
1766 2404 1904 2454 pudore
1919 2414 1954 2442 et
1978 2415 2074 2444 metu
2088 2423 2095 2444 ε
2110 2423 2173 2459 po-

1186 2463 1314 2515 pulum
1341 2462 1436 2500 enim
1466 2461 1648 2502 timebant.
1675 2463 1723 2500 Hi
1742 2478 1821 2514 quae
1844 2465 2033 2516 volebant,
2051 2468 2174 2519 loque-

1186 2527 1333 2574 bantur3
1350 2525 1404 2562 illi
1424 2539 1502 2575 quae
1519 2525 1699 2576 volebant,
1721 2540 1791 2564 non
1809 2527 1996 2569 faciebant.
2017 2531 2174 2577 Quinam

1139 2598 1161 2626 B
1187 2601 1270 2626 vero
1296 2586 1333 2624 in
1354 2585 1508 2624 vinculis
1531 2594 1565 2623 et
1593 2585 1629 2622 in
1654 2586 1822 2638 perieulis
1845 2591 2095 2630 ei'ant?nonne
2114 2594 2173 2631 1511

1184 2647 1370 2685 maxime?
1405 2645 1543 2685 Virtuti
1574 2660 1658 2697 ergo
1693 2647 1890 2686 haereamus
1909 2665 1916 2685 ε
1942 2664 1986 2688 ne
2019 2652 2065 2689 ad
2101 2668 2168 2692 vo-

1183 2709 1357 2760 luptatem
1393 2714 1427 2743 et
1462 2705 1736 2743 consolationem
1770 2716 1909 2746 tantum
1944 2709 2049 2749 dictis
2086 2721 2169 2750 uta-

1184 2782 1275 2806 nun.
1307 2767 1386 2804 Non
1418 2773 1470 2802 est
1504 2764 1572 2802 hoc
1597 2764 1796 2815 theatrum,
1829 2767 1978 2817 dilecte,
2004 2770 2168 2810 011113108-

2189 961 2301 988 Malth.
2326 969 2359 989 10

2193 1000 2238 1028 16.
2252 1002 2298 1029 26.

2223 2784 2369 2814 Theatra-

1182 2829 1311 2866 dolum
1343 2826 1401 2865 vel
1422 2824 1686 2876 tragmoedorum
1711 2827 1812 2878 cujus
1836 2828 1972 2867 fluctus
1995 2840 2045 2868 est
2065 2832 2166 2870 volu-
2181 2836 2248 2854 '⁰¹¹¹
2290 2837 2372 2854 ‘²¹⁰¹‘

1181 2898 1260 2941 ptas
1294 2896 1452 2935 tantum,
1485 2894 1520 2923 et
1553 2885 1700 2924 (10011150
1732 2887 1790 2924 die
1817 2891 1956 2928 tiansiit
1987 2892 2167 2945 xoluptas

1184 2954 1301 3000 Atque
1328 2948 1464 2986 utinam
1482 2946 1648 2998 voluptas
1673 2956 1812 2986 tantum
1834 2959 1941 3001 esset,
1963 2961 1996 2989 et
2016 2966 2085 2990 non
2106 2954 2173 2992 da-

1184 3023 1308 3047 mnum
1332 3022 1415 3046 cum
1438 3007 1622 3059 voluptate
1645 3008 1874 3059 conjunctum
1881 3025 1892 3058 ;
1915 3020 2069 3050 attamen
2091 3014 2173 3052 inde

1185 3070 1333 3107 domum
1367 3067 1500 3118 singuli
1527 3081 1562 3104 se
1590 3067 1791 3118 recipiunt,
1819 3069 1903 3107 hinc
1928 3072 2040 3110 multa
2071 3075 2173 3124 quasi

1187 3146 1231 3169 ex
1258 3129 1413 3181 quadam
1445 3129 1502 3166 lue
1536 3137 1653 3166 coacta
1686 3129 1891 3168 referentes:
1910 3141 1942 3169 et
1971 3133 2172 3173 adolescens

1171 3270 1256 3310 νιθαρ
1263 3280 1318 3297 ιστ
1312 3273 1358 3296 512.
1378 3261 1426 3293 Ad
1443 3262 1521 3305 quid
1538 3261 1622 3292 enim
1642 3273 1698 3303 pos
1695 3269 1756 3296 -;1γ
1762 3269 1795 3297 6-
1864 3274 1899 3299 ’ν
1925 3263 2069 3298 addatur
2093 3273 2172 3301 moy.-

1172 3333 1199 3360 f
1204 3332 1248 3349 cr
1243 3326 1289 3354 lm,
1305 3314 1394 3358 quod
1411 3314 1553 3356 idipsum
1570 3312 1635 3344 est?

1957 3434 1979 3471 8

2183 2873 2234 2895 tas.
