2466 3805
645 220 688 249 IN
721 220 834 250 ACTA
875 218 1206 249 APOSPOLORUM
1243 216 1399 246 nomn„

1438 215 1568 244 xvm.
2049 197 2133 243 153

75 304 278 342 ἐπίστευσαν
313 306 362 356 τῷ
403 303 576 355 Φιλίππῳ
612 302 904 354 εὐαγγελιζομένῳ
935 301 978 339 τὰ
1011 298 1091 351 περὶ
1113 302 1137 332 E
1160 299 1341 344 dicentes,
1366 298 1443 334 Hic
1462 304 1517 334 est
1530 298 1656 333 virtus
1675 295 1750 333 Dei
1764 307 1917 345 magna.
1933 292 2028 333 Vide
2047 293 2137 330 mihi

73 374 134 417 τῆς
164 371 341 423 βασιλείας
372 374 431 408 τοῦ
462 374 552 410 Θεοῦ
582 371 640 409 καὶ
676 374 734 409 τοῦ
776 370 942 421 ὀνόματος
975 368 1091 414 Ἰησοῦ

75 439 246 491 Χριστοῦ,
279 438 504 483 ἓὸαπτίζοντο
531 438 649 491 ἄνδρες
677 453 714 476 τε
745 437 804 476 καὶ
830 442 998 488 γυναῖκες.
1017 432 1088 470 b‘O

75 503 111 542 δὲ
148 504 269 555 Σίμων
301 504 361 542 καὶ
393 504 492 547 αὐτὸς
529 504 731 550 ἐπίστευσε,
763 504 821 542 καὶ
862 501 1090 554 βαπτισΟεὶς,

73 565 115 617 ἦν
144 574 412 624 προσκαρτερῶν
444 574 494 624 τῷ
526 571 710 623 Φιλίππῳ.
743 572 895 622 Θεωρῶν
925 569 959 607 δὲ
993 568 1092 606 δυνά-

75 654 150 690 μεις
172 639 325 690 μεγάλας
350 639 409 677 καὶ
428 645 558 690 σημεῖα
582 639 760 691 γινόμενα,
787 637 954 682 ἐξίστατο.
976 635 1092 674 Ἀκού-

53 722 196 750 σαντες
231 707 265 745 δὲ
297 708 328 745 οἳ
364 708 398 744 ἐν
432 705 683 758 Ἱεροσολύμοις
713 704 928 751 ἀπόστολοι,
957 704 1010 741 ὅτι
1042 701 1093 739 δέ·

79 774 196 810 δεκται
219 776 239 818 ἦ
268 772 453 825 Σαμάρεια
478 773 535 810 τὸν
551 773 650 823 λόγον
675 776 733 810 τοῦ
757 774 866 817 Θεοῦ,
888 770 1094 809 ἀπέστειλαν

77 838 162 888 πρὸς
188 838 307 881 αὐτοὺς
322 838 456 891 Πέτρον
475 839 533 876 καὶ
547 839 710 884 Ἰωάννην
721 854 728 862 ·
751 838 872 881 οἵτινες
885 835 1099 876 καταὲάντες

78 904 316 956 προσ-ηὔξαντο
329 905 408 956 περὶ
428 907 553 952 αὐτῶν,
569 905 662 948 ὅπως
676 905 811 943 λοίὸωσι
823 906 970 954 Πνεῦμα
990 902 1158 966 οἵγιονᾟδ6

1156 359 1264 396 aliam
1282 357 1520 405 tentationem,
1535 370 1659 408 nempe
1673 354 1837 394 Simonis.
1859 356 1901 392 ’11
1916 384 1922 392 .
1945 355 1988 392 A
1992 355 2138 392 ttende-

1160 422 1253 457 bant
1270 428 1399 457 autem
1413 422 1448 457 ei
1468 421 1601 465 turbae,
1618 425 1773 470 propter
1792 417 1896 469 quod
1913 416 2035 453 multo
2049 423 2141 452 tem-

1155 495 1248 533 pore
1262 483 1398 533 magiis
1412 483 1490 519 suis
1506 481 1761 517 dementasset
1772 492 1847 516 eos.
1858 479 1872 515 1
1884 480 1921 515 Q.
1939 478 2035 515 Cum
2049 490 2142 513 vero

1159 544 1409 581 credidissent
1428 543 1611 593 Philippo
1641 540 1928 592 evangelizanti
1952 540 1999 576 de
2027 551 2144 590 regno

1160 606 1238 641 Dei
1255 612 1291 642 et
1312 605 1360 641 de
1379 606 1532 641 nomine
1553 603 1647 640 Jesu
1665 603 1823 650 Christi,
1845 602 2146 652 baptizabantur

1161 667 1240 701 viri
1259 673 1294 701 et
1311 665 1498 703 mulieres.
1515 665 1576 701 45.
1597 665 1702 700 Tunc
1726 663 1857 701 Simon
1871 671 1906 699 et
1927 664 2006 713 ipse
2024 662 2145 699 credi-

1163 727 1233 771 dit,
1250 733 1286 762 et
1305 723 1392 762 cum
1417 727 1634 775 baptizatus
1665 732 1775 773 esset,
1806 724 2028 760 adhaerebat
2049 724 2147 760 Plu·-

1167 785 1279 835 Iipp0.
1300 786 1333 821 V
1333 785 1442 821 idens
1457 786 1574 820 etiam
1593 786 1704 834 signa
1726 791 1763 819 et
1775 785 1940 820 virtutes
1956 785 2148 819 maximas

1157 845 1264 897 fieri,
1288 853 1444 895 stupens
1460 844 1739 880 admirabatur.
1758 842 1820 880 124.
1836 844 1931 880 Cum
1952 844 2149 880 audissent

1169 912 1298 941 autem
1323 904 1501 955 apostoli,
1526 905 1591 955 qui
1618 911 1729 940 erant
1753 903 2024 950 Jerosolymis,
2050 904 2154 953 quod

78 973 229 1012 Οὐδέπω
243 971 309 1024 γὰρ
324 966 365 1018 ἦν
393 973 447 1008 ἐπ’
464 971 574 1009 οὐδενὶ
591 973 702 1009 αὐτῶν
721 969 980 1015 ἐπιπεπτωκὸς,
997 967 1099 1019 μόνον
1121 980 1147 1007 Α
1169 967 1372 1016 recepisset
1394 965 1576 1002 Samaria
1596 965 1760 1001 ‘verbum
1780 964 1870 1009 Dei,
1892 965 2078 1000 miserunt
2104 963 2156 999 ad

79 1039 113 1078 δὲ
143 1037 412 1090 βεβαπτισμένοι
437 1039 594 1089 ὑπῆρχον
612 1039 658 1081 εἷς
684 1037 723 1075 τὸ
755 1037 864 1087 ὄνομα
888 1039 947 1075 τοῦ
971 1033 1100 1087 Κυρίου

78 1107 207 1153 Ἰησοῦ.
235 1105 326 1143 Τότε
359 1104 534 1142 ἐπετίθουν
558 1103 620 1147 τὰς
645 1109 764 1156 χεῖρας
791 1107 844 1142 ἐπ’
872 1103 992 1145 αὐτοὺς
1008 1133 1017 1150 ,
1041 1102 1101 1139 καὶ

78 1172 272 1222 ἐλάμὸανον
300 1173 446 1222 Πνεῦμα
479 1171 587 1223 ἅγιον.
608 1170 706 1208 Ἰδὼν
739 1170 775 1209 δὲ
801 1170 943 1221 Σίμων,
968 1169 1021 1208 ὅτι
1045 1168 1101 1206 διὰ

78 1242 140 1285 τ’ἦς
160 1239 343 1282 ἐπιθέσεως
362 1241 430 1276 τῶν
450 1241 578 1290 χειρῶν
604 1240 673 1275 τῶν
697 1236 898 1276 ἀποστόλων
916 1236 1047 1274 δίδοται
1062 1235 1100 1273 τὸ

79 1308 225 1357 Πνεῦμα
242 1306 281 1344 τὸ
305 1307 413 1358 ἅγιον,
434 1305 667 1356 προσήνεγκεν
689 1305 802 1347 αὐτοῖς
823 1304 1012 1357 χρήματα,
1037 1303 1101 1340 λε’-

81 1390 169 1424 γων”
187 1373 262 1411 δότε
279 1374 386 1424 κάμοὶ
401 1372 463 1419 τὴν
484 1372 638 1416 ἐξουσίαν
653 1371 796 1419 ταύτην,
811 1372 869 1408 ἵνα
886 1365 914 1423 ᾧ
934 1371 972 1408 ἂν
994 1372 1102 1408 ἐπιθῶ

80 1441 142 1486 τὰς
156 1447 294 1494 χεῖρας,
312 1441 476 1492 λαμέἀνῃ
498 1442 644 1491 Πνεῦμα
660 1440 768 1488 ἅγιον.
793 1441 877 1483 Πῶς
896 1433 952 1478 οῦν
968 1469 977 1485 ,
999 1439 1103 1493 φησὶ,

78 1511 226 1559 Πνεῦμα
246 1509 307 1546 οὐκ
318 1508 440 1547 ἕλαὸον
461 1502 571 1555 οῦτοι,
590 1509 736 1557 Πνεῦμα
753 1507 875 1545 {Quem
891 1507 930 1545 τὸ
945 1510 1007 1554 τῆς
1024 1506 1104 1559 ἀφέ-

81 1592 185 1624 σεως,
214 1577 252 1615 τὸ
276 1576 312 1614 δὲ
344 1579 410 1613 τῶν
431 1575 585 1626 σημείων
610 1575 705 1613 οὔπω
731 1569 819 1622 ἦσαν
838 1573 1012 1617 λαέόντες.
1035 1574 1106 1612 Καὶ

81 1644 135 1683 ὅτι
152 1643 251 1681 τοῦτό
266 1646 340 1681 ἐστι
353 1673 363 1692 ,
387 1643 498 1680 καὶτὸ
513 1646 581 1680 τῶν
598 1643 751 1693 σημείων
766 1644 913 1692 Πνεῦμα
937 1643 999 1679 οὐκ
1025 1641 1107 1681 ἕλα-

86 1712 157 1758 Εον,
175 1710 260 1763 ὅρα,
282 1714 356 1753 πῶς
380 1709 460 1748 ἰδὼν
478 1713 495 1747 ὃ
510 1709 645 1760 Σίμων,
671 1711 845 1761 προσῆλθε
865 1712 963 1746 τοῦτο
985 1710 1103 1747 αἰτῶν.
1125 1723 1148 1752 Β

84 1779 129 1816 Εἰ
154 1777 212 1815 καὶ
232 1777 392 1828 ἐνίσχυσε
415 1776 450 1814 δὲ
478 1775 556 1814 τότε
580 1776 734 1826 μάλιστα
753 1779 770 1813 ὁ
790 1775 956 1826 διωγμὸς,
976 1774 1069 1825 ὅμως
1087 1777 1104 1811 ὃ

84 1845 173 1888 Θεὸς
200 1844 304 1882 πάλιν
339 1842 458 1886 αὐτοὺς
485 1841 650 1890 ἐξείλετο,
675 1840 892 1893 ἐπιτειχίσας
917 1844 1030 1884 αὐτοῖς
1060 1840 1105 1879 τὰ

84 1919 225 1962 σημεῖα.
249 1913 302 1949 Οὐ
320 1910 418 1961 μὴνὸ
435 1909 577 1952 θάνατος
598 1908 632 1946 δὲ
653 1909 830 1960 Στεφάνου
851 1909 990 1947 ἔσδεσεν
1013 1908 1104 1946 ἐκεί-

84 1996 149 2016 νων
178 1980 233 2017 τὸν
265 1979 384 2029 θυμὸν,
406 1977 483 2015 οἰλλ7
502 1977 653 2014 ἐπέτεινε
671 1977 823 2026 μᾶλλον,
844 1977 895 2014 διὸ
922 1976 981 2014 καὶ
1006 1992 1104 2030 σκορ-

86 2046 242 2090 πίζονται
268 2048 299 2083 οἳ
326 2044 552 2090 διδάσκαλοι,
576 2041 666 2080 ὥστε
695 2042 836 2080 πλείονα
855 2043 1013 2094 γενέσθαι
1041 2044 1103 2092 τὴν

87 2109 289 2159 μαθητείαν.
317 2109 406 2146 Ἀλλ’
423 2108 486 2160 ὅρα
516 2108 573 2145 καὶ
603 2107 708 2146 πάλιν
729 2108 956 2159 διαδεχόμενα
984 2108 1105 2153 αὐτοὺς

85 2176 128 2213 τὰ
149 2176 307 2228 χρηστὰ,
327 2174 386 2213 καὶ
410 2177 443 2212 ἐν
472 2181 567 2226 χαρᾷ
592 2174 702 2217 ὄντας.
734 2174 837 2226 Χαρὰ
867 2174 952 2228 γὰρ,
979 2176 1103 2228 φησὶν,

85 2244 217 2294 ἐγένετο
237 2245 269 2281 ἐν
287 2245 330 2292 τῇ
356 2241 455 2279 πόλει
480 2239 634 2291 μεγάλη·
656 2240 770 2278 καίτοι
788 2241 847 2278 καὶ
866 2242 1010 2284 κοπετὸς
1029 2242 1103 2292 ἐγέ-

82 2325 159 2346 νετο
187 2308 306 2359 μέγας.
336 2306 458 2350 Οὕτως
486 2306 584 2344 εἴωθε
602 2313 712 2344 ποιεῖν
731 2306 813 2344 ciet&
832 2306 937 2351 Θεὸς,
959 2307 1104 2352 καὶτοῖς

83 2378 247 2428 λυπηροῖς
273 2374 316 2412 τὰ
337 2373 563 2426 εὐφραίνοντα
592 2372 773 2425 μιγνύναι,
798 2373 855 2411 ἵνα
882 2374 941 2413 καὶ
969 2377 1101 2425 μᾶλλον

84 2444 311 2493 Θαυμάζηται.
333 2442 405 2494 Ἀφ’
428 2444 544 2480 ἱκανοῦ
566 2442 601 2479 δὲ
620 2441 743 2493 χρόνου
763 2441 802 2479 τὸ
824 2442 960 2493 νόσημα
978 2437 1019 2490 ἦν
1035 2443 1099 2482 Σί-
1122 2451 1146 2480 C

86 2527 193 2562 μωνι·
220 2510 271 2548 διὸ
295 2509 369 2548 οὐδὲ
395 2509 501 2551 οὕτως
520 2511 622 2546 αὐτοῦ
643 2509 916 2547 ἀπαλλάττεται.
940 2510 1024 2553 Πῶς
1045 2511 1101 2549 δαὶ

87 2578 184 2616 αὐτὸν
205 2579 264 2615 καὶ
282 2577 483 2624 {goim-mem
500 2576 641 2628 εὨσπερ
663 2575 723 2614 καὶ
744 2575 799 2614 τὸν
821 2577 953 2616 Ἰούδαν
971 2581 987 2616 ὃ
1008 2579 1101 2632 Χρι-

87 2646 162 2689 στὸς
182 2645 365 2690 ἐξελέξατο.
383 2647 493 2687 Οὗτος
513 2645 647 2695 θεωρῶν
668 2650 796 2694 σημεῖα
821 2644 1006 2696 γινόμενα,
1033 2645 1099 2691 ἐξί-

86 2729 209 2751 σταται
230 2712 306 2764 μὲν,
323 2714 360 2750 οὗ
381 2712 494 2762 τολμᾷ
527 2710 562 2748 δὲ
583 2710 645 2757 τὴν
664 2710 768 2763 χάριν
785 2715 853 2750 τῶν
874 2713 1027 2763 σημείων
1051 2716 1104 2760 αἷῂ

84 2784 126 2805 „gv
230 2783 239 2795 ³
273 2796 284 2802 .
307 2780 336 2803 ιχ·
365 2779 410 2802 a>vx
493 2779 508 2791 *J
668 2777 674 2788 ¹
695 2795 714 2802 ,-
797 2779 845 2795 ³⁶ss
909 2780 919 2795 x
973 2781 986 2794 ³1

92 2796 205 2828 .ησαι,
225 2796 343 2827 επειον,
370 2796 441 2830 Ιηοει
471 2795 566 2817 ουπω
587 2778 755 2822 λαῧονιας
774 2794 849 2819 ουοε
868 2796 946 2825 τους
966 2783 1101 2825 αλλους.

85 2850 167 2891 Πῶς
181 2842 236 2885 οῦν
254 2847 354 2885 αὐτὸν
372 2848 434 2885 οὐκ
457 2848 601 2894 ἀνεῖλον,
617 2845 736 2899 ὥσπερ
756 2847 913 2886 Ἀνανίαν
928 2848 986 2886 καὶ
999 2849 1101 2888 Σάπ-

260 2914 275 2927 U
416 2913 424 2927 ἲ
481 2913 490 2925 ¹
640 2914 648 2924 ⁸
702 2917 711 2930 ε
762 2914 771 2931 x
802 2914 835 2928 r!
1015 2917 1041 2930 tr

87 2929 228 2966 φειραν,
276 2916 342 2953 Οτι
370 2930 430 2952 και
460 2930 499 2952 το
527 2916 674 2952 παλαιον
699 2931 716 2952 0
736 2931 780 2953 τοι
802 2917 884 2959 ςυλα
919 2918 1102 2965 συλλεςας,

85 2985 98 2999 “”·
113 2980 299 3032 ἀναιρεθεὶς
313 2983 360 3023 εἷς
373 2980 496 3032 ἑτέρων
517 2982 769 3033 σωφρονισμὸν,
785 2982 899 3020 οὐκέτι
925 2983 1039 3036 ἕτερος
1066 2984 1104 3021 τὸ

87 3047 169 3085 αὐτὸ
181 3048 362 3086 πέπονθεν.
384 3047 489 3086 Οὕτω
504 3049 563 3086 καὶ
581 3053 639 3086 νῦν
666 3049 800 3102 Πέτρος
825 3055 936 3097 ποιεῖ,
958 3051 1018 3088 καὶ
1040 3066 1103 3089 κο-

86 3113 194 3156 λάσας
216 3114 377 3162 ἐκείνους,
397 3120 514 3153 τοῦτον
545 3117 582 3152 οὐ
615 3115 772 3164 κολάζει,
795 3117 886 3155 ἀλλά
907 3133 992 3169 φησι
1021 3117 1106 3169 πρὸς

1170 1026 1260 1063 illos
1284 1027 1444 1063 Petrum
1475 1034 1511 1063 et
1539 1025 1733 1063 Joannem
1754 1040 1764 1060 :
1788 1024 1850 1061 15.
1883 1026 1950 1076 qui
1974 1037 2060 1061 cum
2089 1037 2156 1060 ‘ve-

1172 1090 1331 1134 nissent,
1356 1096 1562 1125 oraverunt
1575 1100 1645 1138 pro
1664 1089 1755 1138 ipsis
1774 1094 1816 1123 ut
1837 1088 2055 1136 acciperent
2069 1085 2155 1136 Spi-

1171 1151 1291 1186 ritum
1321 1157 1511 1186 sanctum.
1544 1150 1605 1186 16.
1636 1148 1819 1185 Nondum
1848 1149 2009 1184 enimin
2029 1159 2157 1198 quem-

1172 1224 1289 1262 quam
1312 1210 1471 1247 illorum
1493 1217 1672 1255 venerat,
1695 1210 1764 1246 sed
1785 1210 1975 1259 baptizati
2006 1216 2160 1245 tantum

1171 1279 1283 1309 erant
1298 1273 1340 1307 in
1357 1273 1512 1308 nomine
1529 1271 1692 1307 Domini
1703 1270 1809 1307 Jesu.
1829 1270 1891 1307 17.
1908 1270 2016 1306 Tunc
2036 1271 2157 1319 impo-

1172 1334 1317 1369 nebant
1341 1345 1480 1368 manus
1507 1344 1621 1382 super
1638 1344 1713 1377 eos,
1736 1339 1773 1368 et
1790 1331 2032 1381 accipiebant
2046 1329 2161 1380 Spiri-

1173 1402 1253 1431 tum
1271 1401 1461 1431 sanctum.
1481 1391 1543 1430 18.
1559 1393 1656 1430 Cum
1675 1392 1837 1429 vidisset
1864 1400 1993 1428 autem
2012 1391 2159 1437 Simon,

1173 1456 1265 1506 quia
1277 1468 1347 1506 per
1362 1456 1646 1506 impositionem
1666 1467 1804 1491 manus
1821 1452 2079 1504 apostolorum
2093 1452 2162 1490 cla-

1173 1523 1279 1553 retur
1300 1515 1463 1566 Spiritus
1489 1522 1661 1560 sanctus,
1696 1514 1836 1551 obtulit
1860 1516 1914 1550 eis
1938 1516 2158 1565 pecuniam,

1175 1577 1237 1615 19.
1264 1577 1394 1614 dicens
1411 1591 1422 1612 .-
1439 1576 1544 1613 Date
1558 1576 1707 1612 etmihi
1735 1576 1837 1612 hanc
1858 1583 2102 1626 potestatem,
2122 1583 2163 1612 ut

1173 1640 1399 1689 cuicumque
1424 1639 1638 1688 imposuero
1669 1650 1822 1682 manus,
1850 1638 2019 1687 accipiat
2045 1636 2163 1687 Spiri-

1175 1707 1255 1737 tum
1289 1707 1481 1737 sanctum.
1511 1697 1717 1747 Quomodo,
1748 1697 1884 1747 inquies
1901 1728 1910 1743 ,
1929 1697 1967 1734 hi
1987 1697 2163 1749 Spiritum

1174 1775 1242 1798 non
1261 1760 1496 1813 acceperant?
1512 1759 1689 1811 Spiritum
1706 1768 1913 1811 acceperant
1932 1759 2161 1809 remissionis,

1173 1820 1349 1872 Spiritum
1368 1834 1452 1858 vero
1466 1820 1648 1872 signorum
1662 1819 1832 1857 nondum.
1851 1819 1965 1869 Vide,
1984 1821 2163 1871 quomodo

1172 1883 1240 1920 hoc
1266 1896 1408 1920 cernens
1436 1882 1576 1931 Simon,
1599 1881 1743 1919 accessit
1762 1882 1830 1919 hoc
1849 1890 1982 1933 petens.
2012 1883 2163 1921 Etian1S1

1173 1956 1257 1981 vero
1285 1951 1369 1979 tunc
1396 1940 1552 1978 maxime
1585 1939 1810 1992 persequutio
1837 1939 1985 1990 vigeret,
2010 1950 2163 1980 attamen

1172 2004 1270 2041 Deus
1290 2003 1384 2055 ipsos
1402 2016 1546 2040 rursum
1570 2001 1737 2040 liberavit
1755 2000 1940 2052 signorum
1960 2015 2026 2054 ope
2044 2003 2162 2041 muni-

1172 2073 1239 2101 tos.
1259 2064 1380 2114 Neque
1398 2062 1492 2101 enim
1518 2076 1613 2099 mors
1630 2061 1802 2113 Stephani
1831 2061 1977 2099 illorum
1995 2063 2161 2102 restinxit

1173 2125 1343 2174 furorem,
1367 2125 1438 2161 imo
1459 2123 1573 2174 magis
1591 2122 1694 2160 auxit
1706 2137 1716 2171 ;
1736 2122 1887 2173 ideoque
1906 2123 2163 2175 disperguntur

1172 2188 1347 2237 doctores,
1378 2196 1418 2224 ut
1446 2185 1608 2223 doctrina
1638 2185 1792 2236 amplius
1826 2195 2053 2237 propagetur.
2089 2187 2161 2225 Sed

1172 2249 1254 2287 vide
1272 2249 1401 2286 iterum
1420 2248 1500 2285 illos
1514 2247 1551 2284 in
1570 2247 1673 2284 bonis
1690 2255 1882 2295 versantes,
1897 2256 1928 2284 et
1945 2247 1980 2284 in
2000 2247 2131 2298 gaudio
2149 2265 2158 2285 τ

1172 2325 1253 2349 nam
1270 2310 1319 2348 ait
1336 2326 1343 2346 ι
1366 2311 1535 2348 Factum
1561 2317 1617 2346 est
1640 2309 1826 2360 gaudium
1848 2322 2032 2360 magnum
2051 2312 2093 2346 in
2107 2313 2160 2348 ci-

1175 2375 1309 2418 vitate;
1329 2371 1468 2410 etiamsi
1491 2370 1608 2408 luctus
1632 2384 1771 2421 quoque
1790 2384 1938 2421 magnus
1960 2371 2078 2409 suerit.
2100 2372 2159 2410 Sic

1172 2434 1260 2472 solet
1286 2435 1383 2472 Deus
1414 2446 1550 2485 semper
1576 2432 1702 2479 facere,
1734 2431 1894 2470 tristibus
1926 2446 2051 2485 nempe
2078 2433 2158 2472 laeta

1171 2494 1379 2540 admiscere,
1396 2503 1435 2532 ut
1451 2493 1565 2544 magis
1596 2493 1630 2530 in
1657 2491 1891 2530 admiratione
1914 2493 1972 2531 sit.
1995 2496 2024 2531 A
2043 2496 2157 2533 multo

1170 2565 1289 2594 autem
1297 2556 1373 2607 jam
1388 2564 1545 2606 tempore
1559 2553 1684 2591 morbo
1697 2553 1881 2591 laborabat
1896 2554 2018 2592 Simon
2031 2571 2042 2605 5
2061 2556 2157 2594 unde

1172 2631 1282 2668 neque
1301 2616 1350 2654 sie
1366 2616 1411 2653 ab
1427 2615 1490 2652 illo
1507 2614 1691 2652 liberatur.
1712 2614 1900 2660 Quomodo
1913 2625 2031 2653 autem
2050 2616 2154 2655 illum

1171 2678 1389 2731 baptizavit?
1407 2677 1508 2715 Sicut
1534 2685 1567 2714 et
1595 2675 1726 2715 Judam
1756 2675 1920 2714 Christus
1945 2677 2065 2728 elegit.
2086 2679 2155 2717 Hic

1173 2741 1272 2792 signa
1291 2739 1428 2786 videns,
1449 2736 1665 2789 obstupescit
1679 2736 1835 2787 quidem,
1859 2750 1928 2774 non
1946 2738 2051 2776 audet
2070 2753 2154 2778 vero

1173 2802 1325 2854 gratiam
1345 2801 1527 2851 signorum
1544 2808 1674 2852 petere,
1691 2798 1775 2849 quia
1794 2797 1924 2836 sciebat
1943 2799 2048 2837 etiam
2066 2801 2154 2840 alios

1172 2863 1332 2902 nondum
1350 2860 1535 2913 accepisse.
1556 2858 1746 2907 Quomodo
1765 2858 1876 2910 igitur
1891 2859 1997 2897 illum
2015 2875 2083 2899 non
2099 2877 2154 2901 oc-

1173 2924 1332 2962 ciderunt
1348 2921 1439 2959 sicut
1454 2920 1627 2958 Ananiam
1643 2928 1675 2957 et
1690 2918 1929 2971 Sapphiram?
1945 2920 2039 2967 Quia
2051 2922 2157 2961 etiam

1173 2986 1260 3024 olim
1279 2986 1323 3035 is,
1339 2983 1401 3035 qui
1418 2983 1515 3034 ligna
1537 2982 1739 3033 collegerat,
1757 2980 1892 3018 occisus
1908 2992 1959 3019 est
1978 2983 2013 3020 in
2033 2998 2154 3022 exem-

1174 3051 1295 3104 plum,
1322 3062 1434 3100 neque
1452 3048 1546 3085 ultra
1563 3046 1655 3084 alius
1674 3045 1854 3097 quispiam
1880 3045 1916 3083 id
1941 3061 2066 3098 passus
2089 3058 2153 3087 est.

1178 3118 1238 3157 Sic
1257 3127 1290 3155 et
1308 3130 1401 3154 nunc
1432 3117 1557 3153 Petrus
1585 3114 1670 3151 facit
1690 3129 1698 3149 ε
1717 3113 1858 3163 illisque
1882 3114 2039 3165 punitis,
2063 3115 2160 3153 hunc

88 3180 189 3218 αὐτόν
204 3196 211 3203 ·
233 3181 284 3219 Τὸ
310 3181 468 3234 ἀργύριόν
489 3198 548 3222 σου
577 3183 637 3222 σὺν
664 3184 717 3222 σοὶ
746 3183 799 3231 εἴη
832 3187 879 3229 εἷς
911 3185 1107 3233 ἀπώλειαν,
1132 3191 1157 3220 D
1180 3199 1250 3223 non
1266 3184 1385 3237 punit,
1407 3182 1469 3221 sed
1488 3182 1538 3220 ait
1556 3181 1609 3219 illi
1631 3196 1639 3217 :
1659 3181 1721 3218 90.
1742 3181 1918 3217 Pecunia
1943 3190 2011 3219 tua
2037 3191 2161 3221 tecum

132 3312 148 3334 ἲ»
165 3312 226 3342 Hic
252 3311 353 3344 multa
380 3312 542 3354 superflue
573 3314 806 3356 repetebantur
832 3315 866 3347 in
892 3315 1030 3356 Morel.‚
1059 3324 1091 3348 et

91 3371 252 3404 perpetum
281 3372 357 3396 sunt
380 3365 556 3398 verborum
578 3368 756 3399 varietates
782 3369 813 3399 in
842 3368 1091 3411 Manuscriptis,

1159 3315 1214 3348 sed
1233 3314 1350 3348 eodem
1366 3325 1461 3347 sensu
1478 3323 1608 3355 semper
1629 3309 1834 3354 proceditur.

1203 3379 1214 3393 ἢ
1232 3367 1291 3400 Alii
1309 3370 1450 3412 ἀνῃρέθη.

2239 1773 2365 1810 Spiritus

2216 1815 2366 1850 signorum

2176 1856 2308 1892 quinam.
