2466 3805
270 209 330 255 ὅ),
721 225 758 256 S.

269 304 460 343 iracundus
476 335 485 352 ‚
505 314 538 342 et
555 305 627 342 fera
647 305 759 356 magis
779 317 888 354 quam
906 303 1024 340 homo.
1048 301 1245 340 Videamus

267 376 355 426 quid
368 376 502 425 utilius,
514 375 599 425 quid
612 373 855 425 opportunius
869 373 944 408 Imo
957 385 1000 408 ne
1012 371 1078 407 hoc
1089 378 1246 418 tantum3

265 445 326 483 sed
357 445 470 495 cogita
499 443 602 480 illum
623 455 694 479 esse
719 440 921 477 diabolum:
942 438 1035 476 illud
1057 437 1149 475 enim
1172 452 1248 474 ma-

264 514 359 552 xime
377 515 407 551 si
425 513 703 550 demonstratum
729 518 791 557 est,
806 510 881 561 jam
902 506 1106 559 triumphus
1134 507 1248 558 major

262 583 341 620 erit.
368 583 444 619 Non
463 581 556 618 enim
584 579 643 629 qui
663 578 780 616 facilia
808 578 981 629 imperat,
1009 586 1151 614 curator
1171 585 1246 624 est,

261 649 321 688 sed
340 649 401 698 qui
425 648 538 685 utilia.
568 648 660 685 Nam
683 655 800 698 patres
827 659 972 684 onerosa
997 646 1187 697 imperant,
1213 653 1246 682 et
1266 676 1290 706 E

259 717 333 754 heri
346 730 487 767 quoque
501 716 628 764 εει-τῖε,
638 715 702 753 sed
717 715 796 753 ideo
810 715 850 752 hi
861 714 1006 765 quidem
1019 724 1136 767 patres
1146 723 1242 764 sunt,

256 787 310 824 illi
333 801 418 825 vero
445 787 523 825 heri
538 817 547 834 ,
576 780 778 837 subigentes
800 795 833 823 et
851 785 1042 837 perniciosi
1071 794 1105 822 et
1125 784 1245 822 omnia

252 856 438 894 contraria.
463 858 595 896 Verum
615 855 710 907 quod
731 856 951 907 voluptatem
969 855 1134 902 habeant,
1149 854 1236 892 hinc

253 926 372 978 palam
391 936 455 965 est.
480 928 561 975 Qua
587 927 681 964 enim
710 926 910 964 conditione
936 935 1039 978 putas
1066 939 1139 963 esse
1174 925 1243 963 ira-

77 1014 183 1043 Anima
194 1013 246 1054 ju·
258 996 432 1045 cundum,
451 1011 520 1048 qua
538 996 730 1049 patientem
759 1005 792 1033 et
810 995 960 1032 mitens?
989 995 1115 1032 Nonne
1134 994 1242 1046 hujus

57 1058 94 1084 sti
158 1067 244 1094 quam

55 1098 174 1125 disserat
211 1098 244 1124 ah

258 1066 375 1104 anima
391 1066 517 1104 similis
529 1074 578 1104 est
597 1064 781 1103 solitudini
798 1064 955 1116 cuipiam
974 1063 1123 1101 multam
1141 1063 1241 1114 quie-

59 1141 158 1166 anima
173 1149 240 1176 rec
258 1143 329 1173 tem
347 1135 515 1184 habenti;
535 1134 632 1172 illius
650 1148 734 1171 vero
750 1133 880 1179 anima,
900 1133 990 1179 folo,
1022 1132 1243 1180 tu1bae,ubi

59 1182 173 1208 catoris.

258 1204 392 1242 multus
421 1204 554 1241 clamor
569 1202 789 1253 sequentium
809 1201 972 1250 camelos,
988 1201 1103 1238 mulos
1125 1210 1158 1239 et
1174 1201 1244 1238 asi-

257 1288 333 1321 nos,
348 1273 410 1324 qui
429 1273 624 1311 occlamant
642 1271 890 1310 accedentibus
905 1285 948 1309 ne
968 1271 1241 1308 conculcentur?

257 1357 371 1381 nonne
389 1343 489 1380 illius
508 1343 625 1380 anima
649 1341 775 1379 mediis
794 1340 999 1378 civitatibus
1021 1340 1149 1378 similis
1167 1348 1240 1387 est,
1259 1375 1289 1399 5³

257 1411 320 1449 ubi
340 1412 423 1449 hinc
443 1404 652 1459 aurificum,
669 1410 753 1448 inde
772 1409 978 1447 aerariorum
999 1423 1149 1461 magnus
1168 1410 1290 1446 {ra-A

258 1495 346 1533 gor3
368 1491 402 1520 et
426 1482 487 1519 alii
511 1481 655 1532 quidem
670 1480 820 1529 laedunt,
840 1480 901 1517 alii
920 1494 1004 1518 vero
1030 1480 1207 1518 laeduntur
1225 1481 1242 1518 Ξ)

259 1551 329 1591 Sed
347 1551 454 1603 hujus
481 1552 599 1589 anima
619 1550 744 1589 similis
766 1559 816 1588 est
844 1550 969 1588 vertici
996 1551 1144 1597 montis,
1172 1551 1242 1588 leni

257 1637 342 1660 aura
362 1622 490 1660 fruenti
511 1623 681 1674 purisque
696 1621 806 1659 radiis
819 1652 827 1669 ,
839 1621 986 1673 limpida
1005 1621 1156 1659 fontium
1176 1622 1242 1659 ssu—

259 1704 337 1732 enta
356 1694 621 1733 emittenti:ubi
643 1694 763 1731 multae
792 1693 922 1731 florum
947 1693 1081 1744 gratiae,
1097 1693 1243 1745 perinde

259 1774 363 1815 atque
388 1765 424 1802 in
446 1765 565 1803 vernis
583 1764 696 1816 pratis
715 1773 747 1801 et
765 1762 893 1812 hortis,
913 1777 990 1813 quae
1012 1763 1158 1815 plantis,
1180 1764 1242 1800 sso-

259 1834 359 1872 ribus
375 1843 407 1872 et
423 1833 659 1872 defluentibus
675 1832 776 1883 aquis
795 1841 987 1870 ornantur:
1007 1831 1037 1869 si
1059 1831 1138 1882 quis
1157 1846 1242 1870 vero

258 1918 363 1942 sonus
379 1904 555 1952 audiatur,
576 1903 694 1941 suavis
723 1911 774 1940 est
795 1911 828 1940 et
858 1902 1008 1939 multam
1030 1901 1148 1939 fundit
1178 1916 1240 1939 au-

257 1972 437 2011 dientibus
452 1972 684 2024 voluptatem.
702 1972 795 2008 Nam
816 1971 875 2009 vel
891 1985 972 2008 aves
988 1979 1070 2008 sunt
1092 1971 1240 2009 summis

258 2042 425 2079 arborum
440 2042 477 2079 in
496 2041 604 2079 ramis
629 2041 849 2079 cantillantes
860 2056 870 2089 3
891 2040 950 2078 vel
970 2039 1111 2089 cicadae,
1132 2041 1240 2079 lusci-

258 2111 339 2161 niae,
363 2110 593 2157 hirundines,
618 2109 827 2147 concordem
851 2118 884 2147 et
910 2123 1017 2146 unam
1047 2110 1240 2160 quamdam

257 2180 417 2218 efficiunt
447 2179 642 2228 musicam;
668 2179 727 2217 vel
753 2178 930 2230 zephyrus
961 2178 1093 2216 blande
1125 2194 1240 2217 ramos

256 2249 425 2287 arborum
441 2247 570 2296 allidit,
580 2248 747 2300 pinorum
766 2245 933 2285 stridulos
948 2260 1050 2284 sonos
1062 2255 1095 2284 et
1112 2261 1240 2299 cycnos

255 2319 462 2371 plerumque
481 2318 642 2355 imitatur
655 2332 665 2366 3
680 2317 737 2355 vel
756 2326 896 2368 pratum
914 2330 1009 2353 rosas
1028 2316 1189 2354 emittens
1208 2326 1241 2354 et

254 2389 345 2434 lilia,
366 2403 444 2439 quae
463 2402 499 2426 se
514 2396 639 2424 mutuo
659 2385 844 2434 collidunt,
861 2385 960 2436 quasi
982 2385 1128 2437 pelagus
1157 2386 1241 2424 item

257 2459 396 2496 lenibus
413 2457 520 2495 undis
542 2465 768 2494 commotum.
788 2455 863 2492 Imo
889 2454 1019 2492 multas
1038 2454 1117 2505 quis
1142 2454 1241 2493 inve-

257 2528 345 2565 nerit
359 2527 543 2578 imagines.
558 2526 652 2564 Nam
668 2525 695 2563 si
711 2525 790 2575 quis
808 2538 905 2562 rosas
924 2525 1100 2577 inspiciat,
1113 2525 1242 2563 iridem

255 2612 292 2636 se
320 2597 441 2636 videre
462 2596 627 2649 putabit3
649 2595 679 2633 si
699 2595 814 2633 violas
828 2625 839 2645 ,
861 2609 957 2633 mare
987 2594 1162 2633 undosum
1175 2612 1185 2646 ;
1212 2597 1241 2634 si

255 2667 345 2717 lilia,
366 2668 501 2705 caelum.
516 2667 640 2716 Neque
659 2665 860 2716 spectaculo
878 2674 912 2702 et
927 2665 1007 2704 visu
1023 2674 1161 2703 tantum
1181 2665 1241 2703 de-

254 2738 418 2783 lectatur,
435 2735 497 2774 sed
510 2735 615 2773 etiam
634 2747 801 2786 corpore:
816 2734 877 2772 ille
895 2748 1047 2785 namque
1065 2745 1242 2774 recreatur

300 2851 316 2874 b
341 2847 488 2889 Quidam
515 2847 592 2879 Mss.
617 2849 865 2892 ἀνδραποὸἰσται,
884 2851 910 2879 oi
927 2849 957 2879 δὲ
976 2850 1134 2890 λυμεῶνες.
1155 2846 1258 2879 Savil.

257 2908 282 2935 οἱ
300 2904 330 2934 δὲ
346 2903 408 2934 ἀνο-
428 2904 477 2933 καὶ
495 2903 524 2931 λ.
541 2902 631 2933 πάλιν
649 2904 687 2931 τὰ
703 2903 743 2931 ἐν.

297 2963 310 2977 c
336 2953 418 2994 [τοῖς
439 2956 538 2994 siim&
550 2950 637 2993 conj.
653 2949 938 2981 Dounaeus.T0tus
962 2960 1039 2980 vero
1056 2949 1148 2982 locus
1163 2949 1261 2992 paulo

255 3004 386 3037 diverso
403 3002 519 3035 ordine
532 3028 540 3042 ‚
559 3001 616 3034 sed
634 3001 748 3033 iisdem
767 3000 834 3032 fere
858 2999 966 3032 verbis
988 3010 1158 3043 expressus
1184 3002 1260 3046 legi—

257 3065 309 3087 tur
326 3055 359 3087 in
376 3058 411 3087 A.
431 3056 466 3086 B.
488 3054 540 3092 C„
559 3052 614 3095 qui
632 3052 759 3085 librim
776 3053 809 3083 in
826 3063 955 3083 summa
972 3053 1057 3084 inter
1075 3065 1108 3085 se
1130 3056 1260 3096 conspi-

258 3116 350 3150 rant,
367 3118 406 3139 ex
432 3105 632 3148 eodemque,
651 3113 688 3137 ut
711 3103 855 3144 videtur,
873 3103 966 3135 fonte
991 3113 1068 3136 sunt
1084 3105 1194 3148 ducti,
1214 3108 1259 3138 ita

257 3161 299 3191 ab
316 3166 447 3202 quarto,
462 3168 559 3199 quem
580 3159 789 3188 nominamus
806 3157 861 3196 D.,
875 3165 959 3196 soepe
972 3167 1171 3199 magnopere
1191 3158 1259 3191 dis-

257 3218 394 3253 crepant
419 3208 469 3242 vel
493 3208 617 3249 verbis,
644 3207 695 3240 vel
716 3207 876 3241 orationis
893 3216 1075 3250 structura,
1091 3212 1142 3243 vel
1158 3214 1255 3244 etiam

257 3263 492 3296 sententiarum
517 3260 633 3293 ordine
669 3257 706 3292 et
727 3258 828 3291 modo
866 3261 1097 3293 enarrationis.
1125 3263 1258 3296 Scilicet

258 3327 337 3359 quas
354 3312 436 3346 duas
453 3311 613 3344 intellexit
626 3313 688 3344 Sat
695 3312 788 3343 ilius'
777 3323 846 3354 Jam
865 3311 940 3344 inde
955 3313 998 3344 ab
1015 3315 1158 3357 antiquis
1173 3323 1239 3348 tem

256 3365 393 3410 poribus
418 3378 450 3397 cs
454 3377 485 3396 se
502 3365 607 3397 factas
625 3364 741 3395 harum
759 3364 969 3396 homiliarum
988 3369 1068 3400 ἐκδ
1039 3382 1111 3392 ννννν
1120 3379 1256 3403 earum

258 3420 398 3453 alteram
421 3416 576 3451 exhibent
604 3424 668 3449 trcs
694 3416 739 3450 illi
760 3416 855 3459 libri,
874 3417 1011 3451 alteram
1027 3431 1135 3463 ,saepe
1162 3420 1259 3464 paulo

793 225 969 254 JOANMS
1005 223 1244 253 CHRYSOST.
1287 222 1489 252 ARCHIEP.
1527 224 1876 256 CONSTANTmoP.

1314 316 1431 352 φησιν,
1459 303 1577 355 ἄγριος
1597 304 1655 342 ἔσο
1676 306 1735 344 καὶ
1759 307 1947 359 ἀνήμερος,
1972 309 2031 347 καὶ
2055 309 2243 361 ἀκρόχολος
2273 311 2331 347 καὶ

1314 362 1470 424 ὀργίλος,
1500 365 1559 402 καὶ
1586 365 1701 419 θηρίον
1734 369 1878 417 μᾶλλον,
1910 369 1932 415 ἢ
1967 371 2156 421 ἄνθρωπος.
2184 370 2331 420 Ἴόωμεν

1315 427 1394 471 οὖν,
1426 425 1460 462 τί
1491 427 1773 480 χρησιμώτερον,
1796 429 1831 466 τί
1856 430 1912 468 δαὶ
1934 431 2210 483 ὠφελιμώτερον.
2227 431 2333 470 Ἀλλὰ

1316 483 1364 534 μὴ
1383 501 1484 524 τουτο
1511 487 1636 537 μόνον,
1665 489 1741 526 ἀλλ’
1775 489 1953 539 ἐννόησον,
1973 492 2026 529 ὅτι
2044 495 2062 529 6
2085 491 2146 542 μὲν
2175 491 2333 535 διοίοολός

1315 545 1407 583 ἐστι·
1429 546 1582 596 μάλιστα
1598 547 1665 599 γὰρ
1687 548 1726 585 ἂν
1748 550 1858 587 ἐκεῖνο
1884 551 2026 602 δειχθῇ,
2047 552 2153 590 πάλιν
2175 569 2219 590 τα
2232 568 2333 599 intr,

1313 605 1418 657 τῆρια
1446 607 1544 645 ἔσται
1562 608 1711 658 μείζονα.
1732 612 1785 648 Οὐ
1797 611 1865 662 γὰρ
1886 614 1904 649 ὃ
1924 611 2080 649 εὔκολα’
2065 613 2257 651 επιτάττιυ
2277 607 2333 669 <36-

1278 685 1283 694 ⁴
1313 683 1370 711 τος
1387 668 1564 719 κηδεμὼν,
1596 672 1673 707 ἀλλ’
1687 673 1705 708 ὁ
1724 671 1920 722 συμφέροντ
1908 687 1955 710 α.
1970 672 2073 710 Ἐπεὶ
2099 674 2158 711 καὶ
2186 674 2333 726 πατέρες

1313 729 1460 782 φορτικὰ
1480 730 1721 778 ἐπιτάττουσι,
1738 733 1796 770 καὶ
1817 732 1982 770 δεσπόται
1998 733 2131 771 πάλιν
2117 735 2243 784 ομοίως
2260 736 2333 774 δού-

1311 792 1383 833 λοις
1397 806 1404 814 ·
1422 791 1511 829 ἀλλὰ
1533 791 1588 829 διὰ
1603 796 1703 830 τοῦτο
1721 795 1752 831 οἳ
1771 793 1832 843 μέν
1851 795 1916 831 εἰσι
1932 793 2097 845 πατέρες,
2113 798 2144 832 οἱ
2157 794 2192 832 δὲ
2212 796 2334 833 δεσπό-

1310 867 1391 889 ται·
1424 855 1546 891 ἐκεῖνοι
1581 852 1616 890 δε
1653 852 1954 907 1’οἰνδροιποδισϊαι
1988 855 2047 893 καὶ
2072 857 2246 906 )υμεωνες
2273 872 2333 894 και

1310 913 1425 951 πάντα
1446 913 1490 952 τὰ
1508 914 1657 953 εναντία.
1676 915 1845 962 Πλὴνὸτι
1875 916 1934 953 καὶ
1965 916 2091 963 ἡδονὴν
2118 917 2208 969 ἔχει,
2229 918 2331 963 δηλον

1311 976 1450 1013 εκεῐθεν.
1474 975 1536 1014 Ἐν
1564 976 1633 1015 τίσι
1660 976 1727 1051 γὰρ
1754 976 1905 1027 νομίζεις
1939 981 2025 1015 εἶναι
2045 977 2102 1014 τὸν
2123 978 2332 1030 ἀκρόχολον,

1311 1039 1345 1075 ἐν
1363 1037 1433 1075 τίσι
1454 1036 1488 1076 δε
1507 1038 1564 1075 τὸν
1579 1038 1776 1082 ἀνεξίκακον
1793 1055 1875 1076 και
1864 1046 1997 1092 πρᾶον;
2008 1039 2084 1091 οὖγι
2095 1039 2214 1077 τούτου
2234 1039 2295 1078 μὲν
2310 1043 2331 1086 ἡ

1313 1098 1409 1150 ψυχὴ
1437 1098 1565 1150 ἐρημίᾳ
1584 1115 1651 1136 τινι
1667 1098 1773 1137 πολ·)
1758 1116 1798 1145 τν
1817 1099 1944 1150 ἐχούσῃ
1960 1099 2022 1146 την
2036 1100 2185 1151 ἡσυχίαν
2205 1100 2332 1138 ἔοικεν·

1310 1163 1332 1206 ἦ
1345 1159 1473 1197 ἐκείνου
1485 1159 1520 1196 δὲ
1535 1162 1643 1212 ἀγορᾶΙ
1653 1160 1712 1197 καὶ
1720 1159 1865 1213 Θορύὲῳ,
1875 1160 1953 1197 ἔνθα
1964 1161 2076 1208 πολλὴ
2085 1165 2106 1207 ἦ
2119 1161 2252 1213 κραυγὴ
2264 1165 2333 1200 τῶν

1313 1220 1509 1259 ἀκολούθων
1528 1221 1587 1257 καὶ
1607 1220 1798 1268 καμήλοις,
1811 1220 1867 1258 καὶ
1889 1221 2134 1270 ἦμιόνοις,κα“ι
2155 1223 2254 1269 ὄνοις,
2271 1239 2332 1273 με-

1311 1282 1402 1332 γάλα
1426 1286 1497 1323 τοῖς
1522 1285 1720 1331 προσιοῦσιν
1745 1279 1963 1330 ἕμὲοώντων,
1984 1280 2074 1319 ὥστε
2095 1281 2142 1331 μὴ
2168 1297 2332 1321 καταπα-

1311 1345 1477 1389 τηθηναι;
1496 1343 1559 1392 οὐχ
1582 1344 1603 1387 ἦ
1627 1357 1688 1391 μεν
1711 1346 1771 1379 τοῦ
1791 1341 1945 1379 τοιούτου
1972 1346 2070 1385 ςταῖς
2091 1342 2211 1387 μέσαις
2227 1344 2333 1382 πάλιν

1313 1421 1379 1443 των
1400 1403 1468 1442 πέλ
1470 1419 1533 1441 ειη
1555 1402 1686 1441 ἐοικυῖοί
1704 1404 1816 1450 ἐστιν,
1839 1402 1919 1440 ἔνθα
1940 1419 1997 1440 νυν
2018 1419 2080 1454 μεν
2100 1405 2250 1442 ἐντεῦθεν
2271 1407 2333 1456 ἀρ-

1312 1480 1524 1517 γυροκοπων,
1544 1468 1601 1501 νῦν
1623 1463 1692 1501 65³
1680 1466 1806 1502 ἐκεῖθεν
1834 1466 1902 1500 τῶν
1933 1464 2166 1515 χαλκοτύπων
2196 1468 2214 1502 6
2248 1469 2333 1517 ἦχος

1311 1525 1418 1568 ποὶυς
1436 1524 1584 1576 γίνεται,
1606 1541 1665 1562 και
1690 1523 1804 1574 οἱμὲν
1836 1524 2103 1577 ἐπηρεάζουσιν,
2132 1527 2163 1563 οἱ
2183 1526 2217 1563 δὲ
2243 1543 2332 1573 επη-

1315 1587 1509 1638 ρεάζονται;
1531 1585 1622 1623 Ἀλλ’
1643 1588 1665 1630 ἦ
1687 1584 1807 1623 τούτου
1835 1588 1967 1637 κορυφῇ
1991 1602 2059 1624 τινι
2089 1585 2197 1624 ἔοικεν
2215 1587 2330 1639 ὅρους,

1312 1647 1443 1694 λεπτὴν
1465 1646 1526 1697 μὲν
1543 1646 1657 1697 ἔχοντι
1681 1644 1742 1691 τὴν
1760 1645 1879 1698 αὔραν,
1902 1645 2057 1697 καθαρὰν
2077 1646 2111 1683 δὲ
2130 1648 2192 1692 τὴν
2209 1650 2331 1685 ἀκτῖνα

1314 1708 1618 1761 δεχομένῳ,διειδῆ
1632 1706 1676 1744 τὰ
1690 1707 1831 1757 νάματα
1844 1707 2027 1759 προχέοντι
2043 1710 2111 1745 τῶν
2126 1712 2262 1759 πηγῶν,
2273 1709 2332 1746 καὶ

1312 1771 1442 1814 πολλὰς
1464 1773 1531 1808 τῶν
1552 1768 1680 1807 ἀνθέων
1697 1769 1970 1822 προὲαλλομένῳ
1990 1769 2051 1813 τὰς
2077 1770 2243 1822 χάριτας,
2262 1773 2330 1808 τῶν

1312 1835 1456 1886 ἐαρινῶν
1476 1831 1602 1882 ὁμοίως
1621 1829 1801 1881 λειμώνων
1821 1846 1857 1867 τε
1874 1830 1931 1868 καὶ
1946 1830 2181 1882 παραδείσων,
2197 1831 2256 1869 καὶ
2273 1848 2330 1883 φυ-

1311 1901 1380 1937 τοῖς
1399 1894 1457 1931 καὶ
1483 1893 1599 1930 ἄνθεσι
1624 1890 1811 1941 κομώντων
1832 1890 1889 1928 καὶ
1915 1891 2169 1944 *καταρρύτοις
2193 1891 2330 1931 ὕδασιν·

1311 1955 1344 1993 εἴ
1361 1972 1412 1999 τις
1431 1954 1466 1993 δὲ
1487 1953 1547 1992 καὶ
1562 1952 1633 2004 ἠχὴ
1653 1952 1800 2003 γένοιτο,
1821 1952 1945 2005 λιγυρὰ
1965 1953 2022 1990 καὶ
2049 1952 2180 2000 πολλὴν
2201 1958 2330 1992 3κατα-

2031 2012 2082 2051 *H
2116 2014 2183 2066 γὰρ
2202 2015 2330 2068 ὄρνιθες

1310 2078 1429 2130 ᾠδικοὶ
1452 2077 1571 2128 ἄκροις
1589 2076 1657 2112 τῶν
1684 2073 1830 2127 δένδρων
1851 2073 2043 2126 ἓφιζάνουσι
2060 2082 2131 2118 τοῖς
2150 2076 2329 2123 πετάλοις,

1310 2018 1440 2070 χέουσα
1463 2019 1530 2053 τῶν
1563 2013 1756 2052 ἀκουόντων
1777 2013 1841 2059 τὴν
1865 2013 2002 2060 ἡδονήν.

1311 2139 1370 2177 καὶ
1390 2137 1563 2188 τέττιγες,
1585 2136 1645 2173 καὶ
1673 2134 1832 2182 ἀηδόνες,
1851 2134 1910 2172 καὶ
1927 2136 2118 2186 χελιδόνες,
2138 2136 2331 2188 συμφώνως

1988 2195 2010 2241 ἢ
2045 2197 2183 2250 ζέφυρος
2214 2199 2330 2250 ἠρέμα

1310 2262 1378 2298 τῶν
1408 2257 1567 2297 πετάλων
1594 2263 1665 2299 τοῖς
1695 2256 1844 2307 δένδροις
1874 2255 2126 2309 προσπίπτων,
2143 2258 2242 2302 πίτυς
2271 2260 2331 2297 καὶ

1313 2199 1394 2250 μίαν
1420 2198 1498 2236 τινὰ
1527 2198 1734 2234 ἀποτελοῦσι
1767 2195 1954 2245 μουσικήν·

1310 2321 1441 2364 πεύκας
1465 2318 1685 2370 συριζούσας,
1707 2317 1766 2355 καὶ
1794 2317 1934 2360 κύκνους
1958 2318 2126 2362 πολλάκις
2148 2325 2330 2369 μιμεῖται·

1311 2382 1332 2428 ἢ
1348 2381 1477 2455 λειμὼν
1496 2380 1578 2433 ῥόδα
1590 2378 1797 2432 προδοίλλων
1813 2377 1873 2415 καὶ
1888 2377 1987 2430 κρίνα
2006 2380 2169 2426 ἀλλήλοις
2184 2395 2332 2431 προσκε-

1311 2442 1455 2482 κλικότα
1480 2458 1538 2480 και
1569 2439 1796 2485 κυανίζοντα,
1828 2439 1984 2490 καθαπερ
2021 2440 2172 2491 πέλαγος
2207 2443 2332 2480 κυανὸν

1312 2501 1427 2555 ἧρεμα
1445 2498 1704 2550 κυματουαενον
1724 2496 1887 2535 δείκνυσι.
1917 2498 2024 2535 Mam
2026 2513 2060 2535 ον
2079 2499 2114 2536 δε
2103 2498 2233 2536 πολλ
2221 2516 2259 2542 ας
2278 2502 2331 2537 εἷ-

1311 2561 1412 2604 κόνας
1440 2561 1532 2611 ευροι
1560 2573 1611 2600 τις
1637 2556 1691 2595 ἄν.
1713 2554 1826 2594 εὈτοιν
1857 2555 1918 2605 μὲν
1950 2572 2016 2607 γαρ
2042 2558 2088 2599 εἷς
2109 2557 2152 2595 τὰ
2181 2556 2264 2611 ῥόδα
2281 2574 2332 2602 τις

1311 2617 1443 2658 ἀποὲὶέ
1430 2620 1493 2669 τψη
1508 2647 1517 2663 ,
1536 2615 1598 2662 τὴν
1618 2620 1684 2667 ἶριν
1705 2614 1858 2661 οἷτ’σεται
1876 2618 2044 2667 καθοραν·
2066 2614 2104 2652 ὅτ
2108 2632 2147 2652 αι
2168 2615 2203 2654 δὲ
2223 2618 2270 2659 εἷς
2287 2615 2332 2655 τὰ

1310 2677 1364 2721 ἴα,
1385 2676 1450 2714 Θαλ
1454 2690 1557 2713 ατταν
1577 2672 1864 2723 κυματουμένην.
1898 2672 1980 2711 ὅταν
2002 2673 2036 2710 δε
2061 2675 2106 2715 εἷς
2140 2673 2183 2710 τὰ
2212 2674 2332 2727 κρίνα,

2067 2730 2173 2755 ...wa

1311 2735 1367 2773 τὸν
1389 2732 1543 2786 οὐρανόν.
1561 2732 1613 2770 Οὐ
1632 2735 1674 2782 τῇ
1696 2731 1757 2782 θέᾳ
1781 2730 1817 2768 δὲ
1842 2730 1958 2781 μόνον,
1976 2730 2050 2768 οὐδε
2074 2747 2109 2782 ts,
2153 2734 2231 2782 ορει
2249 2732 2332 2782 τέρ-

1325 2845 1542 2883 limatiorem,
1559 2851 1724 2876 servatam
1752 2843 1785 2874 in
1812 2842 2036 2884 pulcherrimo
2062 2843 2146 2875 Cod.
2168 2844 2223 2883 D.,
2242 2852 2274 2876 et
2291 2843 2333 2876 ab

1327 2898 1465 2929 Erasmo
1490 2894 1616 2938 pridem
1633 2895 1751 2927 Latine
1768 2904 1953 2935 expressam
1966 2919 1973 2933 ,
1990 2893 2182 2937 plerumque
2199 2895 2332 2937 quidem

1327 2948 1536 2991 repetiitpost
1551 2945 1801 2986 MorelMontf„
1812 2947 1972 2988 integram
1987 2957 2075 2987 vero,
2087 2955 2174 2979 certe
2187 2947 2229 2979 ab
2241 2957 2332 2980 sexta

1327 3000 1475 3042 homilia,
1495 3011 1556 3032 nos
1572 2998 1704 3030 demum
1716 3004 1986 3039 repraesentamus
2002 2997 2052 3029 vel
2071 2997 2102 3029 in
2117 3006 2221 3040 textu,
2238 3000 2287 3032 vel
2300 3002 2333 3033 in

1327 3052 1570 3093 annotatione]

1371 3106 1386 3121 ’⁶
1409 3106 1628 3149 [καταῤῥὺτων
1650 3101 1736 3143 conj.
1756 3099 1947 3141 Dounaeus.]

1370 3166 1384 3181 ὃ
1407 3154 1519 3188 Codex
1546 3164 1628 3185 unus
1653 3157 1883 3191 κατασκευάζει,
1907 3149 1992 3182 alter
2018 3156 2251 3194 κατασκεδάξει,
2275 3154 2333 3187 sed

1327 3207 1544 3250 opportunior
1558 3211 1605 3236 est
1624 3202 1725 3235 lectio
1738 3201 1926 3234 Editorum.

1370 3261 1385 3283 1·
1409 3255 1523 3290 Morel.
1541 3261 1603 3300 ὄψει
1621 3262 1721 3302 τέρπει
1744 3261 1855 3288 τότε...

1326 3315 1454 3352 λειμῶνι(
1465 3314 1599 3354 ὁρῶντος,
1619 3309 1856 3349 {adventino-1.
1876 3304 1941 3337 Sed
1956 3313 2092 3347 praestat
2105 3305 2203 3338 lectio
2219 3308 2331 3340 Savilii

1325 3369 1356 3392 et
1380 3358 1701 3401 Manuscriptorum‚
1736 3367 1833 3399 quam
1860 3357 2038 3398 sequimur.
2063 3356 2161 3401 [Imo
2192 3358 2329 3392 alteram

1876 3261 1991 3296 σώματι
2009 3258 2105 3297 αὸτῷ,
2121 3260 2172 3288 τοῦ
2195 3261 2266 3299 πρὸς
2284 3263 2332 3291 τὸν
