2466 3805
657 268 698 296 IN
737 267 849 296 ACTA
886 263 1229 296 APOSTOLORUM.

84 350 197 387 ἕνεκεν
217 348 451 396 δικαιοσύνης·
472 350 523 394 τίς
551 352 698 395 εὐκόλως
721 356 833 390 ταῦτα
856 349 1101 396 καταδέξεται,

83 410 153 448 Καὶ
175 412 205 447 εἷ
222 409 357 460 βούλει,
373 416 477 449 πᾶσιν
497 412 611 455 αὐτοῖς
630 413 881 464 ἐφαρμόσωμεν
906 410 1098 463 ἑκατέρους.

83 471 163 522 Οὐχ
183 472 201 507 ὃ
224 469 284 520 μὲν
305 470 507 522 φλεγμαίνει
537 473 596 510 καὶ
625 475 708 511 οἰδεῖ
726 473 914 511 πάντοθεν·
935 475 952 509 ὁ
975 472 1010 509 δὲ
1033 487 1098 508 τα-

82 536 296 581 πεινοφρονεῖ
316 531 370 568 ἀεὶ
400 532 457 569 καὶ
474 533 702 571 συνέσταλται
717 532 924 579 διαπαντός,
944 531 1099 577 Εὔδηλον

82 589 147 628 ὅτι.
169 588 273 628 Ἔστι
294 590 355 641 μὲν
374 586 431 629 οἶν
455 593 495 639 δή
517 610 551 631 τι
566 594 624 632 καὶ
646 594 725 637 ἔπος
744 597 877 631 τοιοῦτο
893 598 963 635 τοῖς
978 592 1099 635 ἔξωθεν

84 650 261 701 εἰρημένον
280 667 287 674 ·
304 656 317 671 ⁰
329 652 444 695 δοῦλος
459 653 519 703 μὲν
537 654 748 700 Ἐπίκτητος
759 685 768 701 ,
785 657 888 704 σῶμα
905 652 1101 704 ἀνάπηρος,

83 710 202 758 πενίην
218 705 336 764 Ἶρος,
366 712 424 751 κα1Ι
445 713 540 765 φίλος
571 715 764 753 ἀθανάτων.
784 713 888 752 Ἀλλὰ
915 716 1015 751 τοῦτο
1039 711 1099 762 μὲν

83 775 101 810 ὃ
116 772 236 819 πένης.
258 773 303 811 Ἡ
328 773 362 811 δὲ
383 779 442 812 τοῦ
462 774 625 813 πλουσίου
640 775 736 826 ψυχὴ
757 774 895 813 πάντων
913 773 1013 824 γέμει
1031 774 1098 809 τῶν

84 835 214 881 κακῶν,
235 835 417 883 ἀπονοίας,
437 836 649 884 κενοδοξίας,
670 838 861 886 ἐπιθυμιῶν
883 834 1026 886 μυρίων,
1047 835 1100 883 ὄρ-

83 895 147 945 γῆς
174 895 232 932 καὶ
260 899 388 946 θυμοῦ,
418 896 635 943 πλεονεξίας,
668 896 824 942 ἀδικίας,
857 895 915 932 καὶ
947 894 1100 935 *εἴτινος

85 954 214 1008 ἑτέρου.
231 955 318 1010 Ἄρα
343 958 498 1009 φανερὸν,
519 956 572 994 ὅτι
591 956 675 1008 πρὸς
695 955 895 1007 φιλοσοφίαν
917 953 1004 999 αὕτη
1021 956 1099 991 ἐπι-

85 1016 205 1061 τηδεία
234 1017 255 1063 ἢ
285 1018 411 1063 ἐκείνη.
445 1017 592 1059 Πάντως
611 1020 744 1063 ζητεῖτε
762 1019 895 1066 μαθεῖν,
917 1015 950 1052 τί
968 1014 1099 1064 μᾶλλον

85 1075 180 1121 ἥδιον
193 1091 201 1100 ·
216 1082 315 1115 τοῦτο
329 1077 395 1129 γὰρ
410 1077 505 1129 παρὰ
519 1078 658 1119 πολλοῖς
675 1076 880 1126 ζητούμενον
900 1078 969 1127 ὁρῶ
984 1103 992 1120 ,
1015 1074 1046 1112 εἴ
1060 1089 1098 1125 γε

85 1136 171 1183 αὕτη
193 1136 298 1182 ἡδίων
314 1140 335 1183 ἡ
359 1137 527 1188 διαγωγή.
562 1137 631 1174 Καὶ
666 1136 734 1187 μὴν
757 1135 832 1174 οὐδὲ
863 1135 949 1188 ὑπὲρ
974 1134 1096 1173 τούτου

73 1197 306 1248 ἀμφιὸάλλεώ
324 1198 393 1249 χρή
407 1213 414 1220 ·
435 1200 452 1234 ὃ
472 1196 539 1250 γὰρ
559 1196 658 1249 ἐγγὺς
677 1200 739 1242 τῆς
763 1197 889 1248 ὑγείας,
912 1191 1010 1239 οὗτος
1035 1195 1095 1233 καὶ

72 1258 106 1294 ἓν
124 1258 228 1308 ἡδονῇ
251 1259 375 1308 πολλῇ.
397 1257 462 1300 Τίς
481 1257 515 1295 δὲ
531 1287 540 1303 ,
571 1257 647 1295 εἶπέ
667 1273 745 1308 μοι,
764 1257 876 1309 ἀπρὸς
892 1257 930 1295 τὸ
952 1256 1092 1308 προκεί-

74 1333 187 1368 μενον,
208 1317 292 1371 ὅπερ
313 1317 504 1369 βουλόμεθα
517 1348 526 1365 ,
546 1321 785 1369 κατορθῶσαι,
804 1319 861 1356 τὸν
883 1317 986 1367 νόμον
1010 1322 1092 1355 τοῦ-

72 1393 129 1416 τον
154 1377 263 1429 λέγω,
289 1378 480 1425 ἐπιτήδειος
493 1407 501 1423 ,
518 1381 535 1416 ὃ
555 1379 662 1424 πένης
681 1379 702 1424 ἢ
726 1381 743 1416 ὃ
764 1381 944 1425 πλουτῶν;
964 1377 1015 1422 τίς
1035 1380 1091 1415 εὐ-

72 1440 181 1483 κόλως
201 1442 337 1490 ὀμεῖται
349 1469 359 1487 ,
379 1442 396 1476 ὁ
414 1440 500 1491 πρὸς
518 1441 644 1483 παῖδας
660 1439 935 1493 παροξυνόμενος
947 1471 955 1487 ,
971 1443 988 1477 ὃ
1009 1439 1093 1490 πρὸς

72 1499 213 1553 μυρίους
230 1500 318 1552 ἔχων
340 1501 631 1551 συναλλάγματα,
654 1500 675 1546 ἢ
705 1504 722 1538 ὃ
746 1500 899 1554 προσιὼν
921 1501 1008 1553 ὑπὲρ
1030 1500 1091 1552 ἅρ-

71 1577 130 1600 ‘too
154 1561 176 1608 ἢ
194 1561 332 1612 ἱματίου
354 1562 448 1609 ἑνός,
469 1557 580 1606 Οὗτος
602 1562 677 1600 οὐδὲ
700 1563 854 1613 ἀνάγκην
873 1561 983 1614 ὅρκων
1006 1562 1090 1613 ἔχει,

70 1621 129 1660 ἐὰν
151 1622 254 1673 θέλῃ,
269 1624 344 1660 ἀλλ’
363 1623 416 1660 ἀεὶ
432 1626 464 1661 ἐν
484 1622 733 1675 ἀπραγμοσύνῃ
752 1624 882 1674 διάγει·
904 1625 1036 1674 μᾶλλον
1056 1621 1091 1660 δὲ

71 1684 88 1719 ὃ
108 1681 354 1732 παιδευόμενος
371 1682 418 1733 μὴ
438 1682 604 1733 ὀμνύναι,
623 1684 682 1721 καὶ
703 1683 896 1735 χρημάτων
918 1698 1092 1736 καταφρο-

71 1743 167 1789 νήσει
182 1743 369 1791 πολλάκις,
387 1743 447 1781 καὶ
474 1749 654 1796 πανταχοῦ
681 1746 744 1789 τῆς
773 1747 896 1795 ἀρετῆς
913 1744 975 1787 τὰς
996 1744 1092 1787 ὁδοὺς

69 1803 282 1854 τεμνομένας
301 1805 369 1842 ἀπὸ
391 1803 511 1843 τούτου
528 1810 587 1843 τοῦ
606 1806 712 1842 καλοῦ
731 1805 797 1843 ἴδοι
816 1821 866 1846 τις
884 1805 935 1851 ἂν,
955 1804 1013 1842 καὶ
1026 1805 1091 1842 πά-

57 1881 132 1908 -σας
147 1864 313 1917 φερούσας
334 1865 420 1918 πρὸς
439 1865 638 1913 ἐπιείκειαν,
656 1866 739 1920 πρὸς
753 1865 948 1918 χρημάτων
970 1869 1092 1917 ὑπερο-

69 1926 163 1978 ψίαν,
183 1928 267 1980 πρὸς
284 1927 478 1974 εὖλάὸειαν,
504 1927 589 1980 πρὸς
609 1927 824 1965 κατάστασιν
839 1929 955 1979 ψυχῆς
971 1958 979 1974 ,
1006 1927 1091 1978 πρὸς

68 1987 263 2031 κατάνυξιν.
284 1988 345 2033 Μὴ
363 1987 403 2033 δὴ
422 1990 645 2040 ῥᾳθυμῶμεν,
665 1988 859 2039 ἀγαπητοὶ,
881 1988 970 2025 ἀλλὰ
986 1988 1090 2026 πάλιν

68 2048 202 2094 πολλὴν
221 2048 449 2098 ποιησώμεθα
468 2048 531 2095 τὴν
564 2048 717 2094 σπουδήν
730 2064 737 2071 ·
758 2051 789 2086 οἱ
822 2047 885 2098 μὲν
905 2053 1092 2100 κατωρθω-

69 2108 186 2154 κότες,
203 2108 294 2146 ὥστε
310 2107 456 2160 φυλάξαι
470 2109 509 2147 τὸ
525 2109 752 2160 κατορθωθὲν,
767 2108 857 2147 ὥστε
879 2109 926 2159 μὴ
943 2109 1091 2153 εὐκόλως

70 2168 243 2220 ἀποῤῥοήν
255 2185 331 2206 τινα
342 2168 519 2219 γενέσθαι,
535 2169 592 2206 καὶ
607 2169 812 2220 παλίρροιαν
828 2173 842 2188 e
852 2171 900 2211 εἷς
913 2169 1068 2206 τούπίσω
1082 2185 1090 2192 ·

70 2231 100 2267 οἳ
122 2229 155 2266 δὲ
175 2229 224 2267 ἔτι
253 2229 471 2280 λειπόμενοι,
489 2229 579 2267 ὥστε
599 2230 849 2276 διαναστῆναι,
868 2228 959 2267 ὥστε
976 2245 1085 2267 σπου-

71 2289 172 2327 δάσαι
197 2290 236 2327 τὸ
251 2291 369 2327 λεῖπον
384 2291 582 2341 πληρῶσαι.
601 2289 670 2326 Καὶ
690 2289 775 2332 τέως
791 2291 822 2327 οἱ
837 2289 1086 2341 κατορθώσαν-

68 2367 123 2393 τες
143 2349 220 2393 τοὺς
243 2350 350 2401 μήπω
370 2350 594 2397 δυνηθέντας,
623 2350 781 2403 καθάπερ
799 2353 832 2389 ἐν
855 2351 999 2402 πελάγει
1021 2369 1087 2400 νη-

66 2410 227 2463 χομένοις
255 2410 316 2452 τὰς
351 2416 470 2462 χεῖρας
491 2410 716 2457 ἐκτείνοντες,
745 2413 778 2449 ἐν
802 2413 851 2463 τῷ
879 2411 995 2461 λιμένι
1025 2415 1088 2458 τῆς

67 2470 264 2523 ἀνωμοσίας
285 2471 517 2523 δεχέσθωσαν.
547 2470 664 2522 Λιμὴν
685 2471 752 2525 γὰρ
770 2472 878 2516 ὄντως
906 2473 1081 2524 ἀσφαλὴς,
1097 2512 1146 2536 110

66 2532 106 2570 τὸ
135 2532 182 2582 μὴ
220 2531 387 2583 ὀμνύναι·
423 2532 542 2583 λιμὴν,
574 2532 659 2583 πρὸς
682 2533 721 2571 τὸ
760 2532 808 2583 μὴ
838 2534 1084 2578 καταποντίζε-

67 2596 146 2630 σθαι
164 2593 228 2631 ὓπὸ
256 2596 325 2631 τῶν
345 2592 633 2646 προσπιπτόντων
653 2593 870 2644 πνευμάτων.
906 2594 980 2632 Κᾶν
1019 2596 1085 2647 γὰρ

67 2652 150 2705 ὀργὴ
164 2680 173 2696 ,
212 2653 275 2691 κᾶν
318 2654 485 2705 ἐπήρεια,
536 2654 599 2692 κᾶν
641 2655 746 2704 θυμὸς
786 2655 953 2708 ὑπερζέσῃ
968 2687 978 2704 ,
1021 2657 1084 2694 κᾶν

65 2716 189 2762 ὁτιοῦν,
205 2713 337 2766 ἡψυχὴ
358 2717 392 2752 ἐν
415 2714 588 2766 ἀσφαλείᾳ
607 2715 833 2764 καθέστηκεν,
848 2715 938 2754 ὥστε
953 2719 1023 2755 οὐδ’
1044 2718 1083 2756 ἂν

63 2774 194 2826 ἕκὸάλῃ
221 2791 255 2813 τι
273 2778 340 2813 τῶν
361 2776 424 2812 οὐκ
450 2774 653 2828 ὀφειλόντων
674 2778 850 2829 εἰρῆσθαι·
879 2779 916 2815 οὗ
945 2778 1013 2830 γὰρ
1038 2782 1085 2823 εἷς

64 2835 216 2887 ἀνάγκην
234 2836 446 2882 κατέστησεν
464 2837 598 2884 ἑαυτὸν,
619 2839 694 2875 οὐδὲ
717 2837 834 2889 νόμον.
858 2838 955 2891 υΟρα
971 2840 1005 2878 τί
1027 2840 1084 2878 διὰ

62 2896 119 2934 τὸν
149 2896 247 2948 ὅρκον
278 2897 438 2942 ἐποίησεν
462 2896 643 2948 (Ηρώδης-
664 2897 727 2945 τὴν
748 2899 902 2951 κεφαλὴν
930 2900 1083 2951 ἀπέτεμε

62 2960 121 2994 τοῦ
139 2957 334 3008 προδρόμου
351 2973 357 2980 ·
379 2958 447 2995 Διὰ
466 2957 544 3001 τοὺς
560 2958 680 3010 ὅρκους
696 2959 763 3012 γὰρ
776 2989 784 3005 ,
806 2961 911 3012 φησὶ,
929 2962 989 3000 καὶ
1005 2962 1082 3006 τοὺς

62 3019 367 3068 συνανακειμένους
397 3020 459 3056 οὐκ
479 3019 647 3065 ἠθέλησεν
684 3020 789 3068 αὐτὴν
823 3024 1002 3067 ἀθετῆσαι.
1033 3023 1080 3060 Τί

63 3078 106 3114 δι’
120 3076 220 3129 ὅρκον
233 3078 441 3118 πεπόνθασιν
455 3083 490 3117 αἱ
504 3080 607 3131 φυλαὶ
620 3080 678 3117 ἐπὶ
694 3085 754 3127 τῆς
771 3083 936 3132 Βενιαμὶν
949 3086 1077 3136 <puk-7133

60 3137 94 3175 τί
110 3138 153 3174 δι’
173 3136 271 3188 ὅρκον
286 3138 453 3178 πέπονθεν
474 3143 491 3177 ὃ
507 3141 646 3188 Σαούλ,
663 3142 707 3180 Ὁ
731 3142 793 3192 μὲν
814 3143 880 3195 γὰρ
902 3143 1076 3197 ἐπιώρκη-

203 3197 230 3212 N!
266 3197 276 3210 ξ

61 3213 132 3245 σεν,
157 3201 174 3235 ὁ
199 3208 234 3235 οε
278 3197 424 3250 Ηρώδης
463 3201 521 3238 καὶ
546 3205 607 3248 τῆς
623 3203 801 3254 ἐπιορκίας
819 3211 935 3256 χεῖρον
960 3205 1074 3256 εἰργά-

103 3310 114 3324 0
131 3305 208 3336 erc
224 3313 491 3338 consonantcum
500 3307 603 3350 epigr.
620 3309 676 3342 illo
686 3303 836 3352 [Anihol.
851 3312 1040 3356 Pal.7‚676]
1056 3327 1061 3345 z

148 3359 253 3393 Δοῦλος
271 3354 437 3395 ἐπίκτητος
453 3366 578 3401 γενόμην
599 3366 646 3395 καὶ
674 3370 790 3405 σώματι
812 3369 921 3408 πηρὸς,

194 3412 247 3441 Καὶ
264 3414 362 3442 πενίαν
379 3411 458 3454 Ῐρος,
477 3416 524 3444 καὶ
542 3416 622 3455 1³5)OE
638 3419 806 3453 ἀθανάτοτς.

1267 264 1424 293 Homul„
1464 265 1562 294 xiii.

2060 266 2141 310 127

1171 348 1276 385 sentit
1307 362 1348 386 36
1375 348 1549 386 demissus
1572 347 1654 385 est?
1674 347 1734 386 Sic
1752 347 1877 398 utique
1898 361 1934 385 se
1962 361 2018 384 res
2036 346 2159 383 habet.

1172 408 1237 446 Est
1254 417 1287 446 et
1305 408 1401 460 apud
1423 417 1588 446 externos
1607 407 1744 446 dictum
1763 408 1878 446 simile
1895 423 1902 444 :
1922 409 2056 446 Servus
2075 405 2159 456 qui—

1172 483 1254 521 pem
1269 469 1468 521 Epictetus,
1491 483 1637 521 corpore
1654 483 1814 517 mancus,
1832 476 2041 521 paupertate
2064 467 2159 513 Irus,

1125 536 1148 565 C
1173 538 1206 566 ct
1226 529 1361 567 amicus
1382 529 1652 566 immortalium.
1676 531 1729 567 Ita
1750 543 1786 566 se
1804 529 1910 566 habet
1929 542 2074 580 pauper.
2097 526 2162 564 Di-

1172 589 1255 627 vitis
1271 598 1389 627 autem
1402 589 1519 627 anima
1538 598 1646 627 scatet
1665 589 1769 627 malis
1789 588 1974 633 omnibus,
1994 601 2161 639 arrogan-

1171 649 1240 697 tia,
1263 664 1352 687 vana
1384 651 1517 700 gloria,
1544 649 1799 701 cupiditatibus
1826 649 2022 686 innumeris
2040 677 2051 695 ,
2079 649 2131 687 ira
2151 680 2160 697 ,

1172 709 1310 758 furore,
1330 710 1479 748 avaritia
1497 740 1506 758 ,
1530 710 1704 761 injustitia
1718 740 1729 759 ,
1758 710 1906 760 aliisque
1924 710 2067 749 morbis.
2089 712 2157 749 Pa-

1172 769 1243 806 lam
1271 784 1354 820 ergo
1381 779 1432 806 est
1451 770 1551 807 illam
1563 800 1572 817 ,
1601 784 1708 819 quam
1725 770 1817 807 113116
1833 769 1878 807 ad
1895 770 2160 822 philosophiam

1171 830 1343 880 aptiorem
1373 844 1457 867 esse,
1485 830 1640 867 Omnino
1667 830 1801 867 discere
1820 831 1995 880 quaeritis,
2016 840 2095 869 utra
2114 832 2160 869 sit

1172 889 1317 926 suavior
1334 905 1342 924 :
1359 889 1426 927 hoc
1446 889 1540 926 enim
1554 904 1574 926 a
1592 890 1714 926 multis
1733 890 1843 939 quaeri
1865 890 1990 938 video,
2013 901 2091 929 utra
2114 892 2159 929 sit

1169 948 1373 999 jucundior.
1395 949 1496 986 Certe
1511 949 1578 986 1136.
1602 950 1639 986 in
1659 963 1697 986 re
1715 949 1805 986 nihil
1825 948 2062 988 dubitandum
2081 961 2131 989 est
2150 968 2157 987 ι

1172 1023 1253 1045 nam
1267 1010 1328 1060 qui
1343 1009 1482 1047 sanitati
1498 1010 1642 1062 propior
1661 1019 1728 1058 est,
1749 1010 1779 1047 is
1794 1010 1831 1047 in
1845 1011 2028 1062 voluptate
2046 1012 2159 1049 multa

1170 1068 1279 1120 degit.
1302 1071 1413 1117 Uter,
1434 1084 1574 1120 quaeso,
1594 1069 1639 1107 ad
1656 1070 1769 1121 legem
1787 1070 1897 1119 113116,
1915 1085 2023 1121 quam
2040 1071 2157 1109 redin-

1169 1137 1306 1179 tegrare
1320 1130 1497 1179 volumus,
1512 1139 1561 1167 est
1576 1131 1705 1182 aptior,
1723 1145 1857 1182 pauper
1871 1145 1915 1168 an
1937 1131 2064 1169 dives?
2079 1133 2157 1183 quis

1168 1191 1272 1229 facile
1290 1192 1451 1244 jurabit?
1478 1191 1539 1242 qui
1559 1192 1645 1229 filiis
1671 1192 1853 1240 irascitur,
1871 1193 1932 1243 qui
1953 1207 2034 1230 cum
2052 1193 2155 1231 innu-

1167 1251 1273 1289 meris
1291 1262 1392 1303 paeta
1412 1252 1492 1289 iniit
1503 1267 1512 1299 3
1530 1267 1574 1289 an
1593 1252 1654 1302 qui
1674 1267 1802 1304 panem
1827 1267 1941 1290 unum
1965 1268 2005 1291 36
2022 1263 2157 1292 vestem

1165 1312 1341 1363 petiturus
1361 1311 1524 1350 accedit?
1553 1312 1646 1349 Huic
1672 1313 1770 1350 nulla
1786 1314 2069 1364 juramentorum
2091 1329 2154 1353 ne-

1166 1373 1321 1423 cessitas,
1342 1373 1370 1411 si
1390 1373 1492 1423 velit,
1513 1373 1572 1411 sed
1593 1387 1731 1425 semper
1750 1375 1898 1426 negotiis
1922 1389 2057 1414 vacuus
2078 1386 2128 1414 est
2142 1393 2154 1427 3

1165 1434 1237 1472 imo
1255 1449 1339 1473 vero
1359 1435 1403 1482 is,
1422 1435 1485 1486 qui
1504 1449 1574 1473 non
1597 1436 1720 1487 jurare
1736 1435 1886 1483 didicit,
1905 1451 1996 1488 saepe
2011 1437 2158 1476 divitias

1165 1506 1321 1548 spernet,
1342 1506 1375 1534 et
1390 1497 1436 1534 ab
1451 1497 1519 1534 1106
1539 1497 1631 1534 bono
1651 1511 1748 1534 more
1767 1498 1910 1536 virtutis
1926 1499 2003 1536 1-135
2025 1499 2157 1550 ubique

1165 1567 1304 1609 paratas
1327 1557 1450 1597 videre
1473 1557 1560 1608 erit,
1583 1572 1772 1609 omnesque
1799 1558 1844 1596 ad
1863 1559 2063 1610 aequitatem
2081 1570 2157 1598 ten-

1164 1619 1308 1670 dentes,
1339 1619 1384 1657 ad
1414 1619 1629 1658 divitiarum
1651 1619 1879 1672 despectum,
1901 1621 1949 1658 ad
1966 1621 2152 1673 pietatem,

1165 1681 1211 1719 ad
1224 1683 1350 1720 animae
1368 1691 1501 1720 rectam
1522 1682 1826 1732 constitutionem,
1846 1683 1893 1720 ad
1913 1685 2155 1736 compunctio-

1165 1757 1256 1781 nem.
1273 1745 1325 1781 Ne
1341 1743 1449 1781 simus
1465 1757 1548 1794 ergo
1568 1743 1804 1794 negligentes,
1822 1743 1964 1793 dilecti,
1982 1745 2040 1782 sed
2062 1746 2155 1783 mul-

1164 1813 1237 1842 tam
1250 1805 1481 1843 adhibeamus
1491 1805 1733 1856 diligentiam:
1747 1806 1808 1856 qui
1821 1820 1894 1844 sese
1909 1807 2154 1856 emendarunt,

1164 1875 1204 1903 ut
1223 1866 1259 1903 id
1285 1856 1381 1917 quod
1406 1866 1633 1903 emendatum
1654 1875 1706 1904 est
1732 1877 1956 1915 conservent,
1981 1883 2024 1906 ne
2052 1868 2155 1906 facile

1165 1926 1348 1975 diffluant,
1367 1941 1455 1965 neve
1477 1935 1772 1976 retrorvertantur
1786 1942 1798 1977 3
1821 1928 1881 1977 qui
1899 1937 2017 1965 autem
2035 1929 2153 1966 adhue

1163 1997 1256 2025 retro
1272 1987 1383 2025 relicti
1399 1996 1502 2036 sunt,
1521 1996 1560 2024 ut
1580 1997 1783 2039 resurgant,
1805 1996 1838 2024 et
1858 1998 1978 2026 curent
1999 1989 2036 2026 id
2056 1990 2151 2040 quod

1162 2047 1283 2086 deficit
1297 2048 1453 2100 implere.
1469 2047 1686 2098 Interimque
1702 2047 1748 2097 ii,
1766 2048 1826 2098 qui
1847 2062 1882 2085 sc
1902 2049 2147 2099 emendarunt,

1162 2108 1234 2146 illis
1267 2109 1330 2159 qui
1356 2108 1514 2146 nondum
1538 2108 1578 2146 id
1607 2117 1823 2160 potuerunt,
1845 2110 1945 2160 quasi
1972 2110 2009 2148 in
2027 2112 2152 2163 pelago

1162 2169 1349 2216 nantibus,
1387 2183 1513 2207 manus
1547 2169 1785 2220 porrigentes,
1817 2170 1913 2221 ipsos
1945 2171 1981 2208 in
2006 2181 2113 2223 portu
2131 2188 2152 2210 a

1157 2230 1367 2282 juramentis
1386 2243 1500 2267 vacuo
1519 2229 1705 2281 recipiant.
1731 2231 1860 2268 Portus
1893 2232 2027 2283 quippe
2052 2242 2151 2271 tutus

1161 2301 1233 2342 est,
1256 2306 1324 2329 non
1339 2292 1461 2343 jurare
1482 2306 1489 2327 :
1511 2300 1656 2343 portus,
1677 2300 1717 2328 ut
1736 2306 1779 2329 ne
1799 2292 1880 2342 quis
1899 2294 2151 2346 submergatur

1161 2352 1206 2389 ab
1228 2352 1446 2390 irruentibus
1475 2351 1604 2389 ventis.
1638 2350 1738 2389 L'ieet
1757 2352 1851 2390 enim
1877 2353 1930 2390 ira
1944 2384 1953 2401 ,
1984 2355 2066 2393 licet
2086 2356 2150 2394 da-

1160 2427 1285 2451 mnum
1298 2443 1309 2463 ,
1338 2413 1421 2451 licet
1439 2413 1539 2449 furor
1558 2412 1702 2450 aliudve
1721 2413 1925 2452 effervescat
1944 2445 1953 2461 ,
1973 2416 2091 2454 anima
2112 2417 2149 2455 in

1159 2483 1235 2514 tuto
1257 2484 1328 2525 est,
1350 2475 1399 2512 ita
1428 2483 1467 2512 ut
1494 2474 1582 2511 nihil
1601 2474 1738 2511 emittat
1758 2475 1854 2525 quod
1874 2475 1991 2515 dicere
2010 2492 2079 2515 non
2098 2479 2146 2516 li-

1110 2550 1135 2577 A
1159 2545 1261 2574 ceat:
1283 2549 1396 2586 neque
1414 2535 1510 2572 enim
1530 2534 1597 2572 sibi
1618 2534 1676 2572 vel
1692 2537 1933 2573 necessitatem
1952 2537 2010 2575 vel
2032 2538 2147 2589 legem

1159 2597 1354 2635 constituit.
1370 2596 1488 2645 Vide,
1508 2595 1596 2645 quid
1610 2604 1755 2646 propter
1767 2596 2011 2647 juramentum
2027 2599 2147 2636 feeerit

1160 2658 1340 2696 Herodes:
1370 2665 1476 2709 caput
1495 2656 1730 2693 praecursoris
1760 2657 1950 2707 praecidit,
1981 2660 2142 2710 Propter

1150 2723 1379 2772 juramenta
1398 2721 1512 2765 enim,
1536 2716 1664 2767 inquit,
1687 2725 1723 2753 et
1745 2726 1900 2768 propter
1917 2720 2034 2756 simul
2060 2721 2143 2757 dis-

2176 399 2330 437 Adagium.

2167 2089 2174 2095 ι
2248 2050 2354 2080 Contra

2164 2099 2343 2129 juramenta.

2163 2655 2261 2683 M'arc.
2282 2654 2312 2683 6.

2161 2694 2211 2722 26.

1158 2784 1376 2819 cumbentes
1402 2780 1526 2816 noluit
1560 2779 1671 2816 illam
1706 2780 1901 2829 repellere.
1933 2780 2031 2826 Quid
2057 2796 2144 2833 pro-
2158 2779 2262 2808 Juclic.
2279 2788 2330 2810 2¹·

1155 2851 1235 2894 pter
1250 2842 1491 2893 juramentum
1512 2853 1623 2891 passae
1642 2847 1724 2876 sunt
1740 2839 1877 2888 tribus,
1896 2840 1988 2878 61163
2007 2841 2141 2880 tribum

2162 2826 2208 2848 10.

1156 2901 1369 2954 Benjamin?
1389 2899 1476 2950 quid
1497 2913 1619 2951 passus
1640 2907 1690 2936 est
1714 2913 1778 2950 pro
1793 2899 1992 2951 juramento
2022 2903 2108 2940 Saul
2125 2893 2276 2940 3'3-1323·
2291 2904 2342 2924 2¹›

1154 2961 1215 2998 ille
1233 2960 1376 3011 quidem
1404 2957 1599 3011 pejeravit,
1621 2956 1776 2994 Herodes
1796 2971 1878 2995 vero
1902 2959 2060 3010 perjurio
2079 2961 2140 2999 de-

1154 3022 1318 3060 teriorem
1334 3019 1465 3058 caedem
1492 3018 1586 3056 fecit.
1604 3019 1763 3055 Rursum
1781 3020 1882 3057 Jesus
1901 3019 1946 3056 01)
1958 3034 1971 3072 J
1979 3035 2139 3060 1113111611ἱ

1152 3092 1229 3120 tum
1258 3080 1467 3121 Gabaonitis
1485 3080 1618 3116 factum
1632 3107 1642 3127 ,
1667 3087 1798 3128 quanta
1817 3092 1940 3129 passus
1965 3080 2011 3118 sit
2030 3082 2137 3120 nosti.

1103 3158 1124 3186 ιι
1150 3143 1335 3183 Satanicus
1347 3141 1442 3180 enim
1456 3140 1603 3190 laqueus
1615 3147 1665 3175 est
1675 3139 1930 3189 juramentum.
1949 3139 2140 3194 Dirumpa-

1150 3220 1228 3243 mus
1248 3218 1330 3255 ergo
1357 3203 1478 3250 funes,
1497 3209 1530 3237 et
1549 3213 1611 3237 nos
1631 3200 1679 3236 ita
1699 3198 1952 3238 constituemus
1971 3211 2010 3239 ut
2034 3203 2138 3241 facile

1175 3315 1189 3331 ³¹
1208 3315 1282 3356 [Ita
1300 3311 1402 3346 Savil.
1422 3319 1453 3343 et
1469 3313 1507 3342 A.
1519 3312 1553 3342 B.
1565 3310 1618 3351 C,
1637 3310 1746 3347 οὗτινος
1762 3310 1880 3342 Montf.
1897 3322 1973 3343 cum
1990 3313 2047 3354 D.]

1172 3366 1183 3385 *¹
1202 3365 1315 3398 Morel.
1335 3370 1408 3408 πρὸς
1431 3368 1464 3396 τὲ
1487 3367 1627 3403 κείμενον.

1173 3424 1183 3436 ⁰
1202 3417 1263 3448 Alii
1281 3422 1317 3454 εἰς
1335 3419 1473 3451 τούπίσω,
1493 3418 1542 3446 καὶ
1559 3415 1623 3450 τοὺς
1642 3417 1670 3445 ἐν
1687 3421 1727 3455 τῷ
1745 3417 1864 3455 πελάγει
1881 3422 2067 3457 νηχομένους.

2156 2945 2186 2964 2.
