2466 3805
687 234 727 265 IN
767 236 789 265 A
796 235 878 266 CTA

95 312 151 354 καὶ
188 315 303 360 ἀνοίας
323 317 456 367 μεστὰ,
489 319 549 355 οὐκ
582 317 764 367 ἐνοήσατε,
791 318 886 371 φασί.
910 317 1010 365 Μηδὲ
1029 318 1106 364 νοή-

94 376 207 426 σωμέν
221 393 303 415 ποτε
322 382 335 397 ⁰
347 377 404 415 τὸν
423 381 583 416 τοσοῦτον
603 380 699 427 ὑμῶν
719 378 867 428 γέλωτα.
892 379 1033 431 Σφόδρα
1048 395 1086 430 γε
1099 394 1106 402 ·

92 439 129 474 οὐ
149 436 216 490 γὰρ
234 439 352 490 φρενὸς
373 438 512 489 βαθείας
535 440 602 484 δεῖ,
622 437 677 476 ἵνα
698 439 875 490 μάθωμεν,
897 439 930 477 τί
949 439 1107 490 βούλεται

91 499 112 542 ἡ
128 497 278 544 τοσαύτη
297 498 438 536 oio-{Geton
457 499 516 537 καὶ
535 498 712 551 σύγχυσις.
729 499 790 546 Μὴ
811 499 992 551 κορακιστὶ
1007 499 1109 551 φθέγ-

89 561 209 606 γεσθε,
237 551 265 595 ὦ
288 559 447 607 ἀνόητοι,
475 559 632 612 καθάπερ
660 559 703 597 τὰ
734 559 872 607 παιδία;
895 561 1023 602 Παῖδες
1042 560 1108 612 γὰρ

91 618 195 662 ὄντως
232 619 328 668 ἐστὲ,
365 621 521 672 καθάπερ
552 623 681 659 ἐκεῖνα.
714 619 818 658 Ἀλλὰ
850 620 984 672 Πέτρος
1010 619 1107 658 οὐδὲν

90 683 241 718 τοιοῦτον
261 681 386 733 ἔφησεν
400 697 407 704 ·
428 683 504 719 ἀλλ’
532 683 642 731 &tp-“dne
664 679 824 732 ἁφωνὴν,
846 681 868 727 ἣ
897 680 1054 732 καθάπερ
1071 682 1106 718 ἐν

92 740 204 792 σκότῳ
220 742 286 779 τινὶ
303 746 373 793 φῶς
389 742 629 793 ἀπολάμψασα
647 742 756 792 μέγα,
771 740 834 786 τὴν
852 739 960 791 ἀχλὺν
976 740 1106 778 διεσκέ-

92 800 173 837 δασε
190 805 251 847 τῆς
266 802 478 852 οἰκουμένης.
498 801 601 838 Ἀλλὰ
616 801 655 838 τὸ
670 795 750 846 ἦθος
771 802 872 838 αὐτοῦ
889 803 962 842 πῶς
975 798 1105 850 ἥμερον

90 853 149 907 ἦν,
171 864 243 903 πῶς
263 861 426 904 ἐπιεικές·
447 861 520 904 πῶς
544 860 660 905 πάσης
678 859 839 911 ἀνωτέρω
863 858 960 905 δόξης
985 857 1106 896 ἵστατο

89 924 189 967 κεν-ῆς
200 936 207 943 ·
224 923 295 964 πῶς
309 923 355 964 εἷς
374 921 431 959 τὸν
446 920 587 971 οὐρανὸν
599 920 690 973 ἑώρα
705 921 832 971 ἄτυφος
846 918 906 967 ὢν,
921 918 980 957 καὶ
996 923 1105 957 ταῦτα

87 979 224 1031 νεκροὺς
263 982 422 1019 ἀνιστῶν.
448 983 492 1019 Εἰ
514 981 548 1019 δὲ
583 980 756 1031 ἐξεγένετο
778 978 916 1018 ἐκείνων
935 980 1002 1017 τινὶ
1036 982 1104 1018 τῶν

87 1040 254 1088 ἀνοήτων,
282 1041 454 1093 φαντασίᾳ
472 1047 551 1091 γοῦν
583 1039 736 1078 τοιοῦτόν
752 1056 785 1078 τι
805 1039 1028 1091 ἐργάζεσθαι,
1048 1034 1102 1092 ἆρ’

86 1101 148 1137 οὐκ
163 1100 202 1137 ἂν
215 1101 335 1142 εὐθέως
345 1101 461 1151 βωμὸν
482 1101 627 1147 ἐζήτησε
648 1100 707 1139 καὶ
725 1101 817 1147 ναὸν,
837 1100 896 1138 καὶ
912 1099 1040 1143 ἰσόθεός
1054 1117 1105 1144 τις

85 1153 172 1198 εἶναι
191 1160 377 1208 ἠθέλησεν,
395 1160 479 1199 ὅπου
493 1177 531 1212 γε
552 1161 685 1204 οὐδενὸς
700 1160 829 1199 τούτων
851 1161 945 1204 ὄντος
960 1165 1103 1198 τοιαῦτα

82 1220 311 1271 φαντάζονται
338 1221 402 1259 ἀεί.
423 1221 470 1260 Τί
487 1222 552 1275 γὰρ
574 1221 733 1273 βούλεται
759 1223 873 1264 αὐτοῖς
892 1221 1029 1269 Ἀθηνᾶ,
1044 1222 1104 1260 καὶ

82 1280 269 1327 Ἀπόλλων,
284 1282 343 1320 καὶ
355 1282 472 1335 εἨροι;
492 1282 581 1329 Γένη
596 1299 645 1320 πα
652 1285 678 1335 ρ’
692 1284 807 1325 αὐτοῖς
827 1285 900 1320 ἔστι
918 1283 1101 1332 δαιμόνων.

83 1342 153 1380 Καὶ
175 1344 336 1393 βασιλεύς
355 1346 427 1382 ἐστι
444 1346 525 1397 παρ’
549 1346 663 1387 αὐτοῖς
688 1344 743 1382 διὰ
769 1348 871 1381 τοῦτο
891 1342 1102 1387 ἀξιῶνάπο-

83 1405 213 1451 θανεῖν,
235 1402 291 1440 ἵνα
313 1404 440 1448 ἰσόθεος
453 1404 636 1455 νομίζοιτο.
657 1404 748 1442 Ἀλλ’
779 1398 872 1442 οἷτοι
887 1406 952 1455 οὔχ
973 1403 1100 1453 οὕτως,

83 1464 172 1502 ἀλλὰ
193 1465 404 1503 τούναντίον.
423 1466 545 1504 Ἄκουε
560 1466 626 1518 γὰρ
648 1468 758 1504 αὐτῶν
776 1466 946 1516 λεγόντων
967 1466 1025 1504 ἐπὶ
1041 1469 1102 1512 τῆς

83 1526 264 1576 θεραπείας
285 1530 343 1564 τοῦ
369 1529 483 1579 χωλοῦ
499 1543 506 1550 ·
528 1526 664 1580 Ἄνδρες
682 1527 921 1579 Ἰσραηλῖται,
953 1527 987 1565 τί
1017 1530 1102 1578 ἡμῖν

81 1587 287 1639 προσέχετε,
300 1590 346 1632 ὡς
365 1589 434 1640 ἰδίᾳ
448 1588 589 1639 δυνάμει
608 1588 629 1635 ἢ
646 1589 802 1641 eoo-⁵650}
819 1588 1028 1636 πεποιηκόσι
1042 1594 1101 1628 τοῦ

81 1655 283 1698 περιπατεῖν
304 1649 428 1697 αὖτόν;
449 1649 547 1688 *Καὶ
569 1651 741 1701 ἀλλαχοῦ·
763 1649 832 1687 Καὶ
850 1652 951 1699 ἡμεῖς
979 1654 1101 1701 ὁμοιο-

81 1711 201 1754 παθεῖς
220 1711 299 1760 ὑμῖν
317 1711 419 1761 ἐσμεν
440 1710 626 1763 ἅνθρωποι.
646 1710 743 1748 Ἐκεῖ
763 1709 798 1748 δὲ
815 1709 921 1753 πολὺς
939 1714 957 1749 ὃ
978 1716 1098 1763 τῦφος,

81 1769 192 1816 πολλὴ
228 1773 249 1815 ἡ
272 1771 470 1814 ἀλαζονεία·
498 1771 611 1809 πάντα
644 1770 701 1808 διὰ
723 1770 784 1814 τὰς
816 1770 912 1820 παρὰ
939 1774 1006 1809 τῶν
1033 1775 1095 1810 ἀν-

80 1830 226 1883 θρώπων
245 1831 369 1882 τιμὰς,
390 1831 484 1870 οὐδὲν
516 1831 717 1885 φιλοσοφίας
745 1830 871 1870 ἕνεκεν.
896 1832 1011 1871 σΟταν
1032 1833 1098 1884 γάρ

79 1907 113 1929 τι
135 1891 190 1929 διὰ
224 1892 321 1936 δόξαν
348 1892 504 1943 γίνηται,
525 1892 638 1931 πάντα
671 1892 829 1942 μένουσιν
856 1894 989 1938 εὐτελῆ.
1024 1893 1098 1930 Κᾶν

81 1952 146 2003 γὰρ
166 1953 281 1991 πάντα
297 1969 348 1996 τις
365 1954 427 2005 ἔχῃ
444 1983 453 2000 ,
468 1952 587 1990 τούτου
617 1953 651 1990 δὲ
672 1952 719 2003 μὴ
737 1955 863 2003 κρατῇ,
879 1951 993 1999 πάσης
1005 1956 1100 2004 φιλο-

82 2013 200 2065 σοφίας
220 2013 374 2061 ἐξέπεσε,
392 2016 439 2065 τῷ
466 2012 748 2064 τυραννικωτέρῳ
772 2012 1023 2064 κατεχόμενος,
1040 2014 1100 2052 καὶ

84 2073 298 2127 αἰσχροτέρῳ
315 2074 429 2112 πάθει.
444 2074 582 2121 Ταύτης
601 2077 622 2120 ἡ
641 2073 811 2126 ὑπεροψία
833 2074 947 2111 πάντα
967 2075 1101 2119 διδάξαι

82 2133 125 2171 τὰ
152 2134 265 2184 ἀγαθὰ
289 2134 409 2182 ἱκανὴ,
440 2134 499 2172 καὶ
518 2136 579 2179 τ’ῆς
596 2136 710 2186 ψυχῆς
730 2133 882 2184 ἐξορίσαι
905 2141 973 2172 πᾶν
993 2135 1102 2178 πάθος

81 2193 244 2246 ὀλέθριον.
269 2195 332 2232 Διὸ
348 2197 505 2246 παραινῶ
522 2194 581 2232 καὶ
598 2197 677 2244 ὑμῖν
696 2193 829 2240 πολλὴν
846 2198 1019 2232 ποιεῖσθαι
1037 2194 1100 2241 τὴν

81 2254 247 2301 σπουδὴν,
276 2253 366 2292 ὥστε
401 2259 500 2293 τοῦτο
540 2254 579 2293 τὸ
607 2254 716 2298 πάθος
743 2253 925 2307 πρόρριζον
956 2253 1099 2298 ἐξελεῖν·

80 2315 116 2350 οὐ
135 2314 202 2366 γάρ
219 2316 309 2352 ἔστιν
332 2315 444 2358 ἄλλως
464 2317 690 2365 εὐδοκιμῆσαι
717 2315 814 2366 παρὰ
838 2317 888 2366 τῷ
909 2316 1013 2366 Θεῷ,
1041 2314 1100 2352 καὶ

79 2374 140 2421 τὴν
161 2375 256 2428 παρὰ
277 2380 335 2414 τοῦ
358 2376 548 2426 ἀκοιμήτου
581 2375 709 2414 ἐκείνου
747 2377 926 2427 ὀφθαλμοῦ
966 2375 1099 2414 εὔνοιαν

80 2436 351 2474 ἐπισπάσασθαι.
369 2438 502 2475 Οὐκοῦν
516 2443 631 2475 πᾶσαν
644 2437 794 2482 σπουδὴν
805 2435 998 2486 ποιώμεθα,
1011 2436 1100 2476 ὥστε

78 2498 140 2542 τῆς
167 2498 293 2535 ἐκεῖθεν
312 2500 404 2547 ἡμᾶς
424 2501 532 2549 ῥοπῆς
563 2497 764 2542 ἀπολαύειν,
781 2496 837 2535 ἵνα
869 2498 928 2535 καὶ
950 2500 1018 2535 τῶν
1033 2514 1100 2536 πα-

81 2557 207 2607 ρόντων
245 2560 409 2609 λυπηρῶν
441 2557 661 2610 διαφύγωμεν
689 2558 752 2604 τὴν
779 2564 914 2610 πεῖραν,
945 2559 1004 2596 καὶ
1031 2562 1099 2597 τῶν

80 2618 275 2668 μελλόντων
293 2621 428 2669 ἀγαθῶν
449 2623 462 2639 ²³
474 2618 753 2669 καταξιωθῶμεν,
771 2620 890 2672 χάριτι
903 2619 961 2657 καὶ
979 2621 1099 2672 φιλαν-

79 2680 214 2732 θρωπία
232 2683 291 2717 τοῦ
307 2680 434 2733 Κυρίου
453 2682 553 2731 ἡμῶν
575 2679 689 2727 Ἰησοῦ
703 2681 856 2732 Χριστοῦ
868 2712 877 2729 ,
896 2682 971 2731 μεθ’
992 2675 1030 2718 οἷ
1049 2684 1099 2733 τῷ

78 2741 195 2792 Πατρὶ
215 2741 288 2792 ἅμα
306 2744 354 2793 τῷ
372 2741 459 2793 ἁγίῳ
493 2740 676 2792 Πνεύματι
704 2742 805 2787 δόξα,
826 2742 970 2794 κράτος,
989 2742 1098 2792 τιμὴ,

79 2805 133 2840 νῦν
158 2802 216 2840 καὶ
238 2802 308 2849 ἀεὶ,
325 2802 383 2841 καὶ
405 2804 451 2845 εἰς
468 2800 544 2846 τοὺς
564 2804 688 2846 αἰῶνας
714 2806 780 2841 τῶν
809 2802 955 2842 αἰώνων.
977 2803 1097 2854 Ἀμήν.

121 3006 133 3019 (“-
157 2995 216 3027 Alli
232 3001 281 3030 τὸν
300 3001 440 3030 τοιοῦτον.

121 3048 137 3071 d
161 3048 234 3089 [Ita
251 3048 291 3079 D.
308 3047 424 3080 Montf.
444 3052 551 3092 ρων-ὴν,
568 3053 657 3082 καὶ...
677 3053 910 3092 &maalmam-a.
929 3047 1030 3081 Saxil.
1051 3056 1084 3080 et

76 3101 113 3132 A.
134 3101 171 3132 B.
190 3100 226 3131 C.
251 3106 344 3144 φωνὴν
367 3103 573 3144 καθάπερ-..η
600 3104 836 3144 απολύμψασαν,
857 3106 891 3142 ἥ,
909 3102 969 3133 uisi
992 3100 1082 3143 quod

77 3152 116 3183 Co
128 3152 337 3194 ἀπολάμψαικ]

914 232 1241 267 APOSTOLOnuM
1254 254 1262 264 .

1131 565 1155 594 E

1303 235 1462 266 nomn„
1504 237 1564 267 IV.

2096 224 2152 284 47

1176 325 1209 354 et
1243 316 1445 370 insipientia
1476 319 1596 371 plena;
1632 331 1700 356 non
1730 316 1941 367 intelligitis,
1979 316 2155 367 inquiunt.

1178 377 1326 415 Utinam
1352 393 1424 416 rem
1444 387 1517 416 tam
1550 378 1740 416 ridiculam
1760 390 1956 426 numquam
1982 376 2158 427 intelliga-

1180 452 1273 475 mus.
1298 438 1345 475 Et
1359 453 1440 476 sane
1461 439 1592 478 nonita
1614 437 1791 491 profundo
1805 451 1908 474 sensu
1923 450 2013 488 opus
2032 445 2094 485 est,
2118 446 2158 473 ut

1179 497 1370 546 discamus,
1393 499 1479 549 quid
1495 498 1563 537 sibi
1579 499 1657 538 vult
1674 499 1736 536 illa
1753 506 1850 535 tanta
1871 496 2035 548 impietas
2057 506 2089 534 et
2106 511 2158 534 re-

1179 573 1260 597 rum
1276 561 1445 598 confusio.
1465 561 1562 598 Num
1585 574 1775 598 corvorum
1800 572 1897 596 more
1916 557 2116 608 loquimini,
2138 573 2159 595 o

1178 619 1306 668 insani,
1327 629 1366 657 ut
1380 621 1514 658 faciunt
1524 621 1654 673 pueri?
1676 621 1832 659 Infantes
1846 619 1981 671 quippe
2000 618 2097 664 estis,
2119 628 2158 656 ut

1177 679 1243 717 illi.
1266 683 1312 718 At
1326 682 1450 719 Petrus
1470 680 1560 719 nihil
1587 682 1654 719 tale
1678 681 1787 727 dixit,
1810 680 1871 718 sed
1889 694 2015 718 vocem
2031 680 2157 726 emisit,

1177 754 1254 789 quae
1272 741 1373 789 quasi
1389 741 1425 777 in
1445 741 1596 778 tenebris
1608 741 1722 778 lucem
1743 754 1907 791 magnam
1926 740 2110 786 emitteret,
2125 750 2159 778 et

1175 799 1363 850 caliginem
1382 801 1417 837 in
1437 801 1522 838 orbe
1543 801 1742 852 dissiparet.
1766 802 1904 839 Verum
1922 815 2037 839 mores
2058 801 2158 839 illius

1178 874 1283 909 quam
1310 869 1408 897 erant
1432 860 1622 909 mansueti,
1654 874 1761 911 quam
1787 860 1948 908 humani,
1977 876 2085 911 quam
2113 863 2159 899 ab

1177 919 1273 956 omni
1297 934 1387 957 vana
1408 920 1521 971 gloria
1539 920 1666 966 alieni,
1687 919 1864 969 quomodo
1884 920 1931 957 ad
1952 921 2077 957 eaelum
2101 937 2159 959 re-

1177 979 1349 1030 spiciebat
1385 980 1459 1018 sine
1496 982 1587 1018 fastu
1601 1010 1611 1028 ,
1643 980 1725 1017 licet
1761 989 1918 1017 mortuos
1951 981 2135 1019 suscitaret
2152 981 2159 1019 ἶ

1178 1041 1283 1087 Quod
1312 1041 1339 1078 si
1372 1041 1430 1079 cui
1462 1041 1705 1093 insipientium
1735 1041 1879 1078 illorum
1902 1040 2097 1091 accidisset,
2119 1052 2159 1080 ut

1176 1116 1238 1153 per
1255 1102 1480 1154 phantasiam
1507 1112 1541 1140 et
1558 1102 1709 1155 speciem
1739 1101 1807 1139 tale
1825 1101 2009 1153 quidpiam
2028 1113 2157 1153 ageret,

1176 1178 1291 1201 annon
1325 1165 1444 1202 statim
1476 1179 1575 1202 aram
1605 1163 1807 1216 expetiisset
1829 1177 1869 1200 ae
1904 1163 2090 1214 templum,
2118 1178 2158 1202 ac

1175 1226 1251 1262 Deo
1269 1239 1333 1277 par
1348 1225 1470 1262 haberi
1490 1225 1701 1276 postulasset
1709 1240 1718 1273 ;
1739 1238 1819 1261 cum
1835 1223 1924 1261 nihil
1949 1224 2157 1274 hujusmodi

1174 1295 1329 1336 agentes,
1345 1286 1430 1323 talia
1444 1285 1705 1337 imaginentur?
1719 1284 1818 1331 Quid
1833 1285 1900 1321 sibi
1922 1285 2046 1323 volunt
2061 1285 2159 1337 apud

1174 1346 1254 1384 illos
1270 1347 1446 1395 Minerva,
1462 1348 1588 1399 Apollo
1607 1356 1639 1384 et
1654 1346 1776 1385 ιΙιιηοῖ)
1795 1347 1933 1384 Genera
1953 1346 2158 1384 daemonum

1175 1418 1255 1446 sunt
1278 1410 1374 1461 apud
1394 1409 1485 1448 illos.
1508 1409 1641 1459 Estque
1661 1422 1724 1446 rex
1746 1422 1852 1460 penes
1877 1408 1957 1446 illos
1985 1409 2046 1459 qui
2066 1409 2158 1446 mori

1174 1479 1286 1522 optat,
1311 1478 1350 1507 ut
1369 1485 1433 1522 par
1451 1470 1522 1507 diis
1546 1470 1733 1508 habeatur.
1755 1470 1893 1508 Verum
1917 1470 2065 1521 apostoli
2086 1484 2157 1507 non

1175 1532 1238 1578 sic,
1255 1532 1315 1570 sed
1339 1541 1459 1569 contra
1486 1531 1630 1569 faciunt.
1646 1530 1740 1568 Audi
1767 1545 1920 1580 namque
1939 1531 2019 1568 illos
2036 1531 2156 1569 dicen-

1175 1601 1236 1641 tes,
1248 1602 1435 1645 postquam
1455 1592 1603 1630 claudus
1618 1601 1760 1630 sanatus
1774 1592 1888 1629 fuerat
1907 1607 1914 1628 :
1938 1594 2020 1629 Viri
2033 1595 2157 1630 Israe-
2172 1603 2241 1631 Act.
2258 1604 2275 1632 3
2311 1613 2361 1635 ιε,

1174 1655 1267 1700 litae,
1291 1655 1385 1706 quid
1404 1668 1472 1692 nos
1504 1656 1721 1700 intuemini,
1746 1656 1858 1705 quasi
1880 1662 2012 1691 nostra
2035 1657 2159 1691 virm-
2175 1666 2254 1692 Ilml.
2293 1666 2339 1705 14.

1174 1723 1210 1753 te
1229 1725 1296 1753 aut
1309 1718 1453 1767 pietate
1457 1717 1671 1768 fecerimus
1692 1717 1814 1766 ipsum
1835 1716 2064 1753 ambulare?
2080 1730 2159 1752 rur·
2179 1707 2223 1742 ¹4·

1172 1790 1230 1814 sus
1242 1776 1342 1825 alibi,
1362 1778 1442 1814 Nos
1459 1776 1604 1814 similes
1623 1778 1736 1813 vobis
1758 1776 1963 1828 passibiles
1985 1777 2159 1814 homines

1171 1850 1312 1875 sumus.
1339 1837 1419 1874 Illic
1446 1848 1530 1875 vero
1551 1837 1686 1874 multus
1708 1845 1758 1874 est
1781 1837 1906 1882 fastus,
1933 1837 2045 1874 multa
2066 1851 2161 1874 arro·

1172 1897 1310 1948 gantia:
1328 1897 1445 1934 omnia
1460 1897 1553 1934 enim
1572 1912 1638 1949 pro
1661 1897 1827 1934 humanis
1845 1897 2051 1943 honoribus,
2068 1897 2159 1934 nihil

1170 1958 1405 2010 philosophiae
1419 1958 1531 2009 gratia
1543 1958 1705 2009 agebant.
1721 1958 1793 1998 Ubi
1811 1957 1904 1995 enim
1921 1958 2041 2009 gloriae
2056 1972 2160 1996 eausa

1171 2019 1300 2070 agitur,
1315 2019 1433 2057 omnia
1458 2019 1545 2058 vilia
1561 2027 1714 2056 manent.
1728 2017 1828 2056 Licet
1842 2018 1935 2056 enim
1949 2019 2066 2056 omnia
2082 2019 2161 2070 quis

1172 2078 1311 2125 habeat,
1326 2079 1354 2115 si
1371 2079 1439 2116 hoc
1455 2093 1523 2116 non
1534 2088 1665 2127 teneat,
1686 2079 1730 2115 ab
1744 2078 1839 2115 omni
1856 2078 2083 2130 philosophia
2100 2094 2160 2117 ex—

1172 2137 1270 2187 cidit,
1284 2138 1493 2176 violentiore
1503 2153 1542 2175 ac
1555 2138 1714 2190 turpiore
1725 2138 1849 2175 morbo
1861 2137 2033 2176 detentus.
2046 2139 2161 2190 Hujus

1173 2198 1292 2249 gloriae
1313 2206 1509 2236 contemtus
1527 2198 1571 2236 ad
1586 2199 1677 2235 bona
1698 2198 1815 2236 omnia
1832 2198 1989 2235 docenda
2010 2208 2061 2237 est
2085 2199 2161 2237 ido-

1172 2273 1258 2297 neus
1271 2268 1304 2296 et
1324 2259 1368 2297 ad
1395 2259 1647 2311 expellendum
1664 2274 1708 2297 ex
1728 2259 1845 2297 anima
1871 2273 2012 2297 omnem
2036 2261 2156 2312 perni-

1173 2320 1307 2358 ciosum
1326 2322 1504 2359 affectum.
1525 2321 1609 2359 Ideo
1628 2336 1691 2359 vos
1709 2321 1846 2371 hortor,
1868 2331 1907 2358 ut
1934 2336 2062 2373 magno
2088 2332 2160 2360 stu-

1172 2380 1231 2420 dio
1252 2382 1418 2420 morbum
1432 2382 1602 2421 radicitus
1617 2382 1775 2420 evellatis
1794 2398 1801 2418 :
1818 2382 1916 2419 nullo
1937 2383 2069 2434 quippe
2090 2383 2160 2421 alio

1173 2443 1277 2481 modo
1296 2457 1486 2496 possumus
1511 2443 1608 2496 apud
1626 2443 1743 2481 Deum
1770 2458 1843 2481 esse
1869 2444 2025 2495 probati,
2045 2454 2078 2482 et
2106 2445 2159 2482 in-

1173 2504 1304 2541 somnis
1337 2503 1436 2542 illius
1465 2504 1559 2542 oculi
1595 2504 1877 2543 benevolentiam
1914 2504 2015 2542 nobis
2051 2515 2159 2543 attra-

1171 2564 1265 2602 here.
1299 2565 1422 2615 Itaque
1455 2578 1577 2602 curam
1605 2578 1746 2601 omnem
1768 2564 2016 2616 adhibeamus,
2043 2575 2081 2603 ut
2102 2581 2158 2604 su-

1171 2639 1281 2676 perna
1304 2625 1366 2662 illa
1394 2625 1557 2662 fruamur
1580 2625 1706 2675 gratia,
1727 2634 1766 2662 ut
1797 2634 1830 2662 et
1852 2626 2038 2676 praesentia
2062 2627 2156 2664 mala

1171 2687 1364 2738 fugiamUS‚
1381 2695 1415 2724 et
1431 2686 1558 2724 futuris
1571 2685 1762 2737 dignemur
1786 2686 1904 2735 bonis,
1919 2687 2033 2736 gratia
2049 2696 2082 2725 et
2095 2688 2155 2726 be-

1172 2747 1343 2798 nignitate
1362 2747 1509 2785 Domini
1523 2747 1634 2784 nostri
1654 2748 1737 2785 Jesu
1752 2746 1897 2793 Christi,
1915 2747 1975 2797 qui
1990 2761 2070 2785 eum
2086 2749 2154 2786 Pa-

1171 2808 1218 2846 tri
1245 2816 1278 2845 et
1307 2807 1460 2859 Spiritui
1489 2817 1608 2846 sancto
1640 2807 1768 2859 gloria,
1800 2807 2003 2859 imperium,
2024 2809 2153 2860 honor,

1171 2883 1263 2907 nunc
1282 2878 1316 2906 et
1330 2883 1479 2921 semper,
1503 2878 1536 2906 et
1553 2868 1588 2906 in
1606 2868 1734 2907 saeeula
1750 2868 1971 2906 saeculorum.
1989 2871 2111 2908 Amen.

1195 2996 1209 3010 '⁴
1235 2993 1378 3037 [Vei-ba,
1394 3000 1444 3028 καὶ
1460 2998 1606 3038 ἀλλαχοῦ·
1620 3000 1679 3037 καὶ,
1695 3000 1902 3027 accesserunt
1918 3004 1935 3025 e
1949 2994 2003 3035 D„
2019 3000 2051 3025 et
2067 2992 2157 3037 lege-

1151 3055 1201 3079 rat
1227 3047 1411 3089 Erasmus]

1195 3111 1207 3125 Ἰ
1230 3098 1289 3132 Alii
1307 3104 1487 3142 ἀξιωθῶμεν.

2255 1966 2286 1993 G!
2293 1969 2364 1995 orite

2175 2014 2351 2035 contemtus.
