2466 3805
634 202 675 230 ΙΝ
712 203 827 232 ACTA
865 199 1186 231 APOSTOLORUM
1198 219 1206 228 .

36 299 147 328 σουσι,
164 283 282 334 φησὶν,
306 283 337 319 οἱ
350 280 417 320 υἱοὶ
437 283 544 331 ὑμῶν.
564 282 658 320 Οὔτε
676 285 784 333 ὑμῶν,
806 282 908 334 φησὶ,
922 281 1046 335 κατόρ-

35 349 133 394 Οωμα
149 347 269 389 τοῦτο,
293 342 370 381 οὔτε
401 341 470 392 μὴν
500 341 688 393 ἐγκώμιον·
717 345 763 386 εἰς
788 343 833 381 τὰ
863 342 986 381 παιδία
1004 341 1048 379 τὰ

34 404 181 454 ὑμέτερα
201 402 297 448 διέὸη
312 406 333 449 ἡ
350 402 452 455 χάρις
465 418 472 426 ·
495 401 631 440 ὺαύτῶν
652 404 743 446 υἱοὺς
765 403 904 447 ἑαυτοὺς
919 405 1047 450 καλῶν,

33 465 91 503 καὶ
110 462 264 515 πατέρας
282 463 440 507 ἐκείνους.
459 463 528 501 Καὶ
547 466 577 501 οἱ
599 464 768 502 νεανίσκοι
798 466 894 514 ὑμῶν
915 464 1050 516 ὁράσεις

33 526 193 576 ὄψονται,
213 524 272 562 καὶ
292 527 322 562 οἱ
346 523 572 578 πρεσὸύτεροι
602 527 699 574 ὑμῶν
719 524 861 563 ἐνύπνια
891 527 1049 562 ἐνυπνια-

33 586 238 633 σθήσονται·
263 585 323 623 καί
341 601 380 636 γε
404 585 460 623 ἐπὶ
479 585 557 628 τοὺς
582 585 719 628 δούλους
746 601 810 635 μου
831 585 890 623 καὶ
912 584 969 622 ἐπὶ
988 584 1049 627 τὰς

33 646 154 689 δούλας
180 661 244 697 μου
269 647 303 683 ἐν
319 652 394 689 ταῖς
424 646 570 697 ἡμέραις
592 645 738 689 ἐκείναις
761 647 872 697 ἐκχεῶ
899 645 968 682 ἀπὸ
988 649 1048 683 τοῦ

32 707 342 758 Πνεύματοςμου,
361 706 421 745 καὶ
439 705 730 758 προφητεύσουσι.
759 705 857 748 Τέως
880 706 1048 744 δείκνυσιν

32 768 152 812 αὐτοὺς
165 767 448 819 εὐδοκιμηκότας,
463 766 667 817 Πνεύματος
683 766 742 803 ἅτε
756 766 1028 809 καταξιωθέντας
1038 783 1046 790 ·

30 830 178 874 ἐκείνους
197 829 230 868 δὲ
253 829 329 879 οὐχὶ
340 858 349 873 ,
368 828 427 865 ἅτε
442 825 722 877 σταυρώσαντας.
738 825 842 864 Οὕτω
855 827 913 863 καὶ
926 830 943 864 ὃ
958 828 1047 877 Χρι-

30 890 108 932 στὸς
128 890 332 941 βουλόμενος
356 889 467 925 αὐτῶν
489 885 643 937 μαλάξαι
657 886 714 924 τὸν
733 886 837 935 θυμὸν
853 885 966 937 ἔλεγεν
979 901 986 909 ·
1001 889 1046 948 Οἱ

31 950 66 988 δὲ
85 950 151 988 υἱοὶ
168 952 262 1000 ὑμῶν
278 951 312 986 ἐν
331 947 396 986 τίνι
419 947 624 985 ἓκὸάλλουσι
643 945 687 983 τὰ
702 946 881 995 δαιμόνια,
900 948 976 985 Οὐκ
995 950 1044 984 εἰ-

29 1027 104 1059 πεν,
124 1014 155 1049 οἵ
179 1008 332 1060 μαθηταί
351 1024 433 1059 μου·
454 1007 512 1045 καὶ
538 1006 605 1058 γὰρ
632 1005 742 1044 ἐδόκει
763 1005 928 1045 κολακεία
946 1001 1044 1045 εἶναι.

30 1070 132 1108 Οὕτω
155 1070 213 1108 καὶ
242 1069 342 1111 αὐτὸς
362 1069 424 1105 οὐκ
445 1060 553 1113 εἶπεν,
575 1066 628 1104 ὅτι
652 1068 689 1104 οὐ
723 1066 916 1116 μεθύουσιν,
936 1067 1044 1116 ἀλλὰ,

28 1130 208 1180 Πνεύματι
227 1129 447 1180 φθέγγονται·
465 1126 524 1164 καὶ
545 1127 610 1178 οὐχ
628 1127 768 1172 ἁπλῶς,
791 1126 869 1164 ἀλλ’
898 1127 956 1165 ἐπὶ
987 1127 1045 1165 τὸν

27 1191 207 1244 προφήτην
227 1188 415 1241 κατέφυγε,
445 1187 505 1226 καὶ
535 1188 635 1226 αὐτὸν
650 1186 798 1230 εὑποδὺς
821 1187 1046 1240 ἰσχυρίζεται.

27 1251 130 1290 Οὕτω
150 1255 211 1298 τῆς
228 1249 288 1301 μὲν
305 1248 514 1301 κατηγορίας
549 1246 670 1291 αὐτοὺς
692 1247 871 1294 ἀπήλλαξε
896 1249 938 1287 δι’
964 1252 1047 1288 ἑαυ-

25 1316 105 1360 τοῦ,
118 1316 179 1359 τῆς
198 1312 233 1349 δὲ
247 1311 388 1364 χάριτος
406 1313 532 1348 ἐκεῖνον
548 1309 700 1361 παράγει
720 1310 888 1361 μάρτυρα.
909 1310 1047 1363 Ἔκχεῶ

28 1374 97 1412 ἀπὸ
115 1378 174 1412 τοῦ
196 1371 399 1423 Πνεύματός
417 1388 482 1422 μου
499 1371 555 1410 ἐπὶ
574 1378 689 1409 πᾶσαν
707 1371 831 1423 σάρκα.
853 1371 977 1415 Οὕτως
992 1366 1045 1410 εἷ-

26 1451 105 1483 πεν,
121 1434 174 1473 ὅτι
192 1440 261 1478 τοῖς
287 1433 348 1483 μὲν
370 1434 411 1470 δι’
431 1431 582 1485 ὀνείρων,
602 1438 672 1475 τοῖς
691 1432 726 1470 δὲ
748 1432 806 1470 καὶ
834 1435 994 1485 ἐμφανῶς
1022 1437 1042 1481 ἡ

26 1495 127 1548 χάρις
143 1495 302 1547 ἐξεχεῖτο.
322 1494 392 1532 Καὶ
410 1494 476 1546 γὰρ
506 1493 565 1531 καὶ
585 1494 627 1531 δι’
644 1493 783 1545 ὀνείρων
803 1488 889 1532 εἶδον
911 1497 941 1533 οἱ
960 1511 1046 1547 προ·-

26 1559 152 1608 φῆται,
175 1556 234 1594 καὶ
255 1554 489 1607 ἀποκαλύψεις
520 1553 689 1597 ἐδέξαντο.
712 1550 802 1593 Εἶτα
822 1555 1044 1608 ἐπεξέρχεται

25 1620 67 1668 τῇ
83 1616 277 1669 προφητεία
289 1615 414 1668 ἐχούσῃ
430 1632 464 1653 τι
484 1615 542 1653 καὶ
557 1615 713 1667 φοὸερόν.
727 1616 797 1654 Καὶ
812 1615 929 1663 δώσω,
942 1618 1042 1669 φησὶ,

26 1678 153 1730 τέρατα
169 1680 202 1715 ἐν
223 1681 273 1730 τῷ
292 1680 424 1729 οὐρανῷ
446 1677 536 1725 ἄνω,
557 1676 616 1714 καὶ
647 1684 775 1727 σημεῖα
802 1678 859 1716 ἐπὶ
890 1682 951 1725 τῆς
982 1682 1044 1731 γῆς

25 1739 132 1776 κάτω.
153 1740 276 1776 Ταῦτα
302 1738 360 1776 καὶ
387 1737 467 1790 περὶ
499 1741 561 1784 τῆς
598 1737 789 1788 μελλούσης
820 1739 964 1791 κρίσεως
987 1741 1045 1778 καὶ

24 1799 104 1852 περὶ
122 1801 190 1837 τῶν
209 1799 457 1852 Ἱεροσολύμων
480 1799 568 1845 (ἱτῆς
585 1798 745 1843 ἁλώσεως
765 1799 873 1850 λέγων
896 1800 1045 1839 αἰνίττε-

24 1877 96 1899 ται.
128 1856 226 1912 Αἷμα
247 1861 306 1899 καὶ
325 1867 415 1915 πῦρ,
442 1859 501 1900 καὶ
521 1861 651 1912 ἀτμίδα
669 1865 815 1899 καπνοῦ.
834 1860 931 1914 αΟρα
944 1893 953 1910 ,
972 1865 1045 1907 πῶς

24 1921 87 1969 τὴν
115 1923 243 1961 ἅλωσιν
263 1922 474 1974 ὑπέγραψεν.
501 1922 545 1960 ‘O
584 1921 680 1968 ἥλιος
717 1923 1044 1974 μεταστραφήσεται

25 1985 72 2026 εἰς
102 1984 237 2032 σκότος,
255 1984 314 2022 καὶ
333 1987 354 2029 ἡ
373 1982 499 2028 σελήνη
530 1984 576 2025 εἷς
602 1976 701 2032 αἷμα.
722 1982 804 2019 Ἀπὸ
833 1986 895 2029 τῆς
926 1984 1044 2021 διαθέ-

24 2059 109 2085 σεως
138 2048 205 2082 τῶν
224 2044 430 2095 πασχόντων
452 2045 553 2081 τοῦτο
568 2042 700 2095 εἴρηκε.
733 2042 906 2094 ε”Λέγεται
933 2045 961 2081 δ’
985 2039 1042 2082 οὖν

24 2104 117 2153 ὅμως
136 2105 194 2142 καὶ
211 2105 323 2142 πολλὰ
340 2108 482 2142 τοιαῦτα
498 2108 703 2155 γεγενῆσθοιι
718 2106 751 2142 ἐν
765 2105 896 2156 οὐρανῷ
907 2133 916 2150 ,
930 2105 1044 2150 καθὼς

23 2164 191 2211 Ἰώσηπος
213 2171 390 2218 μαρτυρεῖ.
412 2163 505 2214 Ἅμα
528 2164 562 2202 δὲ
594 2164 714 2207 αὐτοὺς
737 2164 796 2202 καὶ
818 2164 962 2211 ἔπληξε,
982 2170 1042 2204 τοῦ

24 2226 163 2269 σκότους
177 2226 377 2275 ἀναμνήσας
390 2230 448 2263 τοῦ
463 2223 691 2276 γεγενημένου
705 2254 714 2271 ,
739 2224 798 2262 καὶ
812 2227 920 2262 ποιῶν
936 2242 1042 2278 προσ-

22 2287 124 2338 δοκᾷν
144 2285 187 2324 τὰ
202 2286 383 2336 μέλλοντα.
402 2285 492 2338 Πρὶν
516 2284 538 2330 ἢ
559 2287 666 2322 ἐλθεῖν
679 2283 742 2331 τὴν
760 2284 895 2336 ἡμέραν
912 2287 1040 2340 Κυρίου

19 2345 81 2393 τὴν
102 2345 255 2397 μεγάλην
270 2345 329 2383 καὶ
348 2347 510 2397 ἐπιφανῆ.
533 2344 592 2391 Μὴ
612 2344 681 2396 γὰρ
702 2344 821 2391 ἐπειδὴ
843 2347 1039 2400 ἀτιμωρητὶ

20 2409 78 2443 νῦν
94 2405 330 2459 ἁμαρτάνετε,
353 2405 455 2458 φησὶ,
476 2404 684 2457 θαρσήσητε.
703 2406 829 2443 Ταῦτα
848 2405 888 2453 δὴ
916 2407 1037 2459 προοί-

21 2468 84 2518 μιά
103 2469 176 2505 ἐστι
193 2466 347 2518 μεγάλης
366 2466 456 2510 τινὸς
474 2465 608 2517 ἡμέρας
633 2465 692 2502 καὶ
723 2468 891 2517 χαλεπῆς.
913 2467 1038 2521 (Ορᾷς,

19 2530 93 2571 πῶς
121 2530 233 2566 αὐτῶν
255 2527 434 2567 κατέσεισε
452 2526 513 2573 τὴν
525 2525 640 2578 ψυχὴν
664 2526 722 2563 καὶ
745 2527 961 2575 διεσάλευσε,
980 2529 1037 2566 καὶ

19 2589 75 2627 τὸν
98 2589 234 2639 γέλωτα
248 2588 474 2639 μετέστρεψεν
497 2589 543 2630 εἷς
563 2586 773 2638 ἀπολογίαν,
790 2589 833 2625 Εἰ
848 2587 915 2639 γὰρ
930 2594 1040 2628 ταῦτα

19 2649 184 2701 προοίμια
204 2652 265 2696 τῆς
279 2648 412 2700 ἡμέρας
428 2647 579 2695 ἐκείνης,
603 2648 736 2699 ἀνάγκη
754 2648 833 2700 περὶ
851 2652 919 2686 τῶν
937 2650 1041 2701 ἐσχά-

18 2727 86 2748 των
111 2710 168 2748 τὸν
189 2710 341 2748 κίνδυνον
361 2711 593 2760 ἐπηρτῆσθαι.
618 2708 665 2746 Τί
682 2708 759 2755 δαί,
782 2704 849 2760 ἀρα
870 2709 980 2761 λέγων
996 2710 1039 2748 τὰ

903 2771 952 2784 ‘xl'x

18 2771 147 2824 φοῧερὰ
167 2771 343 2821 ἐπιμένει,
358 2771 544 2820 Οὐδαμῶς.
565 2769 669 2808 Ἀλλὰ
684 2769 735 2816 τί,
763 2770 878 2808 Πάλιν
900 2780 1037 2811 οιοωσιν

17 2835 129 2876 αὐτοῖς
157 2835 387 2879 ἀναπνεῦσαι,
408 2830 468 2869 καί
498 2845 603 2883 φησι·
625 2830 695 2868 Καὶ
714 2831 830 2876 ἔσται,
851 2839 919 2876 πᾶς
938 2833 971 2877 ὃς
998 2834 1038 2872 ἂν

17 2893 264 2940 ἐπικαλέσηται
296 2893 335 2931 τὸ
368 2892 476 2942 ὄνομα
506 2890 653 2942 Κυρίου,
687 2892 893 2938 σωθήσεται.
923 2895 1037 2934 Τοῦτο

15 2955 151 3007 εἴρηται
176 2953 235 3005 μὲν
251 2953 330 3005 περὶ
351 2957 409 2991 τοῦ
434 2954 603 3004 Χριστοῦ,
623 2952 736 2996 καθὼς
758 2955 896 2998 Παῦλος
921 2955 1035 3006 λέγει·

15 3009 110 3058 οὗτος
137 3015 173 3052 δὲ
200 3016 237 3053 οὗ
255 3016 369 3066 τολμᾷ
388 3017 504 3065 σαφῶς
522 3013 604 3051 αὐτὸ
624 3014 859 3067 ἀποκαλύψαι.
886 3015 1034 3067 Ἴδωμεν

15 3074 126 3112 τοίνυν
145 3075 272 3112 ἄνωθεν
288 3074 332 3111 τὰ
347 3073 525 3125 εἰρημένα.
552 3075 677 3116 Καλῶς
697 3077 744 3117 ὡς
762 3075 848 3126 πρὸς
863 3077 1038 3126 γελῶντας

17 3135 75 3172 καὶ
114 3135 340 3185 χλευάζοντας
369 3134 576 3172 καθίσταται
601 3133 732 3185 λέγων·
759 3136 918 3175 Γνωστὸν
948 3137 1037 3175 ἔστω

66 3251 80 3273 b
104 3250 196 3282 Unus
213 3248 296 3281 Cod.
313 3252 388 3287 υἱοὺς
403 3254 505 3289 αὐτοὺς
522 3255 617 3285 αὐτῶν
631 3256 726 3286 καλεῖ.

63 3312 75 3326 c
100 3300 161 3332 Alii
176 3304 278 3337 ὑποδὺς
295 3303 370 3334 οὕτω
390 3305 478 3344 λέγει,
492 3311 542 3341 τῆς
555 3307 610 3345 μὲν
626 3306 675 3337 οὖν
690 3310 881 3352 κατηγορίας.

65 3354 79 3376 d
106 3351 166 3384 Atii
184 3359 234 3390 τῆς
251 3355 454 3395 αἰχμαλωσῖας
471 3357 562 3396 λέγων
579 3360 751 3390 αἰνίττεται.

1246 200 1401 229 nonu..
1444 201 1488 230 v.
2044 194 2104 253 [⁴9

1124 279 1284 332 perisset,
1304 289 1408 331 atque
1437 281 1520 319 hinc
1543 281 1724 323 „invidiam
1755 283 1917 321 succidit.
1938 286 1991 322 Et
2014 299 2107 336 pro*

1073 352 1096 382 C
1123 343 1357 393 plzetabunt,
1382 342 1519 394 inquit,
1537 344 1623 397 filii
1644 346 1778 382 vestri.
1811 345 1890 382 Non
1915 354 2031 384 vestra
2056 355 2107 383 est

1125 401 1201 440 haee
1218 417 1270 440 res
1290 403 1472 454 praeclara,
1491 418 1603 454 neque
1618 414 1733 443 vestra
1751 404 1848 455 laus,
1867 405 1927 445 sed
1948 405 1994 443 ad
2013 406 2107 444 filios

1125 473 1259 502 vestros
1282 464 1395 515 gratia
1419 465 1568 503 transiit.
1590 466 1795 518 Discipulos
1819 476 1922 504 vocat
1945 466 2053 516 filios,
2075 476 2108 504 et

1125 523 1205 562 illos
1218 534 1347 576 patres.
1363 527 1400 563 E
1403 534 1417 562 t
1420 528 1584 578 juvenes
1597 529 1718 564 vestri
1736 530 1907 565 visiones
1919 529 2108 566 videbunt

1125 593 1162 621 et
1178 587 1344 622 seniores
1364 588 1485 623 vestri
1509 589 1659 624 somnia
1681 589 1947 634 somniabunt;
1979 589 2041 626 18.
2071 597 2105 626 et

1125 646 1278 695 quidem
1308 659 1420 696 super
1447 660 1575 684 servos
1608 662 1709 686 meos
1740 657 1776 686 et
1802 662 1914 700 super
1938 650 2106 687 ancillas

1125 720 1228 744 meas
1239 708 1280 742 in
1291 707 1424 743 diebus
1435 708 1515 744 illis
1529 708 1735 759 effundam
1747 711 1794 746 de
1806 710 1947 760 Spiritu
1959 723 2055 758 meo,
2069 719 2106 747 et

1121 767 1419 816 prophetabunt.
1442 767 1588 804 Interim
1605 768 1757 806 ostendit
1776 784 1811 806 se
1831 771 1995 820 probatos
2016 785 2103 820 esse,

1125 835 1246 877 utpote
1268 826 1327 876 qui
1350 827 1486 878 Spiritu
1506 837 1617 866 essent
1632 828 1788 879 dignati3
1807 830 1887 868 illos
1902 846 1985 869 vero
2000 832 2107 869 mini-

1124 901 1191 932 me,
1214 895 1335 937 utpote
1364 887 1427 936 qui
1456 887 1639 925 Christum
1665 889 1938 928 crucifixissent.
1968 892 2051 928 Ideo
2073 900 2107 929 et

1125 946 1287 984 Christus
1314 955 1354 984 ut
1376 947 1523 985 illorum
1546 949 1702 986 furorem
1741 949 1889 999 sedaret,
1921 950 2062 988 dicebat
2094 967 2102 987 :

1123 1008 1221 1044 Filii
1244 1015 1373 1045 autem
1392 1011 1515 1045 vestri
1537 1010 1578 1045 in
1604 1023 1678 1061 quo
1702 1011 1861 1061 ejiciunt
1884 1011 2075 1048 daemonia
2085 1015 2106 1048 9

1073 1085 1096 1114 D
1123 1067 1202 1105 Non
1221 1067 1330 1118 dixit,
1345 1067 1525 1120 Discipuli
1541 1069 1608 1106 m‘ei
1618 1085 1629 1120 3
1644 1083 1724 1106 nam
1748 1070 1815 1107 sibi
1833 1070 2037 1109 adulantem
2053 1086 2107 1109 sa-

1123 1129 1268 1180 puisset.
1292 1130 1351 1168 Sic
1373 1130 1434 1167 ille
1460 1144 1530 1167 non
1559 1130 1664 1179 dixit,
1688 1130 1782 1182 ipsos
1802 1146 1871 1169 non
1890 1133 2004 1171 ebrios
2020 1147 2106 1181 esse,

1123 1189 1184 1227 sed
1197 1203 1241 1227 ex
1258 1190 1394 1242 Spiritu
1417 1190 1514 1241 loqui
1540 1207 1546 1226 ι
1571 1204 1684 1242 neque
1703 1191 1797 1229 illud
1811 1192 2031 1244 simpliciter,
2048 1192 2110 1232 sed

1124 1250 1169 1288 ad
1190 1251 1398 1303 proplietam
1413 1252 1585 1303 confugit,
1607 1261 1640 1290 et
1661 1252 1724 1289 illo
1743 1253 1852 1291 fretus
1870 1254 2006 1292 fortiter
2018 1254 2105 1306 agit.

1123 1312 1183 1351 Sic
1201 1327 1264 1365 per
1281 1327 1317 1351 se
1336 1313 1479 1363 quidem
1504 1313 1584 1351 illos
1614 1314 1659 1351 ab
1685 1316 1904 1353 accusatione
1921 1317 2105 1368 purgavit,

1122 1374 1331 1425 proplietam
1348 1388 1433 1413 vero
1446 1374 1567 1426 gratiae
1582 1384 1704 1412 testem
1718 1375 1867 1414 inducit.
1884 1378 1920 1414 E
1922 1379 2110 1430 [fundam

1122 1435 1170 1471 de
1190 1435 1334 1486 Spiritu
1366 1448 1448 1472 meo
1469 1448 1583 1486 super
1606 1450 1758 1473 omnem
1777 1450 1947 1475 carnem.
1968 1437 2029 1476 Sic
2052 1439 2108 1477 di·

1121 1494 1188 1543 xit,
1206 1494 1290 1545 quia
1315 1494 1395 1532 aliis
1414 1510 1476 1547 per
1499 1496 1649 1545 somnia,
1670 1496 1749 1534 aliis
1782 1498 1965 1536 manifeste
1995 1499 2108 1550 gratia

1122 1555 1232 1592 effusa
1252 1564 1313 1593 est.
1334 1557 1427 1593 Nam
1447 1565 1479 1593 et
1497 1571 1560 1608 per
1573 1557 1709 1595 somnia
1724 1557 1894 1596 viderunt
1910 1559 2106 1611 prophetae,

1069 1631 1092 1660 E
1122 1625 1155 1653 et
1173 1616 1403 1655 revelationes
1422 1626 1646 1669 aeceperunt.
1669 1618 1807 1656 Deinde
1824 1619 2052 1670 progreditur
2072 1621 2108 1658 in

1121 1677 1319 1729 prophetia,
1336 1691 1413 1727 quae
1436 1677 1623 1729 quidpiam
1647 1679 1806 1716 terribile
1831 1680 1948 1718 habet.
1965 1681 2028 1718 19.
2055 1683 2109 1719 Et

1122 1742 1236 1787 dabo,
1253 1740 1383 1790 inquit,
1399 1742 1577 1793 prodigia
1591 1744 1631 1778 in
1642 1741 1735 1778 ccelo
1753 1755 1917 1789 sztrsum,
1939 1752 1974 1781 et
1997 1746 2110 1795 signa

1122 1805 1163 1839 in
1183 1811 1286 1839 terra
1313 1803 1502 1840 deorsum.
1534 1802 1601 1840 His
1630 1812 1663 1840 et
1688 1804 1851 1840 futurum
1869 1804 2048 1856 judicium
2076 1815 2109 1843 ct

1121 1864 1426 1915 Jerosolymorum
1444 1863 1623 1901 excidium
1640 1864 1854 1902 subindicat.
1874 1866 2108 1917 Sanguinem

1121 1933 1158 1961 et
1171 1928 1311 1976 ignem,
1330 1933 1367 1961 et
1385 1938 1571 1975 vaporem
1583 1926 1701 1977 fiuni.
1726 1924 1834 1973 Vide,
1848 1926 2028 1975 quomodo
2046 1941 2108 1964 exa·

1121 1984 1254 2021 cidium
1284 1983 1474 2021 describat.
1494 1984 1556 2022 QO.
1577 1984 1643 2021 Sol
1667 1993 1912 2022 convertetur
1936 1989 1977 2023 in
2005 1995 2107 2024 tene-

1122 2046 1224 2090 bras,
1245 2053 1281 2081 et
1299 2044 1393 2081 luna
1418 2046 1459 2080 in
1484 2047 1722 2095 sanguinem.
1748 2045 1807 2082 Ex
1825 2046 1953 2083 affeetu
1969 2047 2107 2098 patien-

1120 2104 1211 2142 tium
1236 2104 1283 2141 ita
1309 2104 1478 2154 loquitur.
1500 2105 1674 2141 Narratur
1696 2113 1811 2141 tamen
1841 2106 1955 2143 multa
1976 2107 2108 2144 similia

1120 2164 1157 2200 in
1174 2163 1258 2200 caelo
1277 2163 1353 2201 visa
1371 2162 1494 2212 fuisse,
1514 2172 1553 2200 ut
1572 2163 1782 2200 testificatur
1801 2165 1989 2216 Josephus.
2008 2168 2107 2204 Inte-

1068 2218 1189 2264 A'rim
1216 2223 1296 2260 illos
1324 2236 1464 2273 quoque
1490 2222 1717 2274 perstrinxit,
1738 2224 1897 2262 tenebras
1917 2240 1994 2276 quae
2015 2227 2107 2264 aeci-

1120 2284 1201 2321 dere
1212 2297 1422 2331 memorans,
1440 2292 1472 2320 et
1482 2283 1594 2320 futuri
1609 2285 1909 2335 exspectationem
1924 2286 2106 2325 inducens.

1118 2345 1348 2396 Antequam
1364 2346 1502 2381 veniat
1518 2345 1598 2381 dies
1618 2345 1780 2382 Domini
1796 2360 1961 2398 magnus
1975 2356 2011 2385 et
2030 2363 2107 2386 ma-

1119 2407 1293 2458 nifestus.
1315 2406 1368 2442 Ne
1392 2404 1475 2455 quia
1500 2418 1593 2442 nunc
1614 2404 1759 2457 impune
1776 2407 1929 2458 peccatis
1943 2437 1953 2457 ,
1976 2408 2108 2459 inquit,

1117 2467 1196 2505 ideo
1218 2466 1420 2504 confidatis.
1440 2466 1526 2503 Haec
1554 2466 1725 2518 prooemia
1745 2477 1826 2506 sunt
1848 2469 1968 2520 magni
1988 2471 2107 2522 cujus-

1116 2528 1201 2565 dam
1217 2537 1249 2566 et
1268 2527 1471 2579 gravissimi
1491 2527 1573 2564 diei.
1594 2527 1744 2576 Viden’,
1763 2530 1943 2578 quomodo
1969 2532 2107 2570 animos

1116 2604 1239 2627 eorum
1259 2588 1467 2640 exagitavit,
1484 2598 1517 2626 et
1535 2589 1648 2625 risum
1665 2590 1839 2627 convertit
1855 2590 1889 2628 in
1906 2593 2104 2631 exeusatio-

1117 2651 1227 2689 nem?
1249 2650 1286 2688 Si
1305 2649 1399 2687 enim
1426 2649 1501 2686 haee
1521 2657 1602 2686 sunt
1631 2649 1800 2700 prooemia
1825 2650 1897 2687 diei
1914 2651 2022 2700 illius,
2043 2667 2104 2691 ne-

1118 2726 1211 2750 eesse
1233 2720 1283 2749 est
1312 2709 1512 2762 perieulum
1540 2709 1584 2747 de
1614 2709 1780 2747 extremis
1800 2711 1877 2761 jam
1902 2711 2099 2752 imminere.

1117 2772 1217 2819 Quid
1237 2786 1321 2810 vero
1337 2771 1354 2808 ἶ)
1371 2784 1457 2808 num
1472 2770 1588 2822 pergit
1606 2770 1777 2807 terribilia
1798 2770 1938 2809 dicere?
1959 2774 1989 2811 N
1995 2787 2101 2823 equa-

1117 2848 1235 2885 quam.
1253 2831 1324 2871 Sed
1342 2830 1460 2882 quid?
1482 2832 1620 2868 Rursus
1639 2831 1701 2868 dat
1729 2831 1801 2868 illis
1821 2833 2019 2884 respirandi
2048 2835 2100 2872 Io-

1063 2914 1086 2944 Β
1118 2909 1213 2940 eum,
1240 2902 1272 2930 et
1287 2893 1337 2930 ait
1357 2908 1363 2929 :
1382 2895 1448 2930 91.
1470 2894 1524 2929 Et
1548 2895 1631 2940 erit,
1653 2896 1776 2930 omnis
1798 2897 2027 2947 quicumque
2040 2899 2100 2934 in·

1118 2956 1308 2993 vocaverit
1334 2967 1475 2990 nomen
1499 2953 1672 2999 Domini,
1692 2954 1824 2991 salvus
1845 2958 1928 2992 eric.
1949 2957 2024 2993 Hoc
2053 2957 2098 2995 de

1115 3014 1256 3053 Christo
1281 3013 1420 3051 dietum
1449 3021 1511 3062 est,
1532 3021 1570 3050 ut
1596 3014 1726 3051 Paulus
1747 3015 1797 3051 ait
1816 3031 1823 3050 :
1843 3015 1902 3052 hic
1922 3031 2006 3055 vcro
2025 3032 2094 3057 non

1108 3076 1215 3113 audet
1242 3074 1279 3111 id
1309 3074 1428 3126 palam
1455 3073 1622 3112 revelare.
1646 3073 1749 3111 Dicta
1773 3089 1857 3112 vero
1878 3090 1898 3113 a
1919 3077 2094 3131 principio

1109 3145 1325 3189 repetamus.
1352 3137 1458 3173 Recte
1475 3134 1574 3184 quasi
1597 3133 1770 3173 adversus
1794 3135 1946 3175 ridentes
1965 3141 2095 3177 etsub-

1134 3265 1146 3279 Θ
1172 3257 1265 3288 Unus
1285 3255 1370 3288 Cod.
1399 3258 1515 3297 λέγεται
1540 3259 1596 3297 μὲν
1622 3255 1669 3289 οὖν
1694 3260 1742 3289 καὶ
1768 3260 1877 3291 πολλά.
1899 3258 1999 3302 Signa
2026 3273 2098 3303 quse

1089 3308 1375 3351 Jerosolymorum
1400 3305 1566 3339 excidium
1588 3316 1844 3350 pracesseruut,
1867 3319 1981 3344 narrat
2005 3313 2101 3346 Jose-

1090 3360 1173 3402 phus
1189 3359 1231 3393 de
1248 3359 1337 3393 Bello
1354 3357 1508 3392 ,Iudaicm

2120 1029 2233 1056 Matth.
2259 1038 2305 1057 12.

2122 1078 2185 1106 27.Δ

2112 3025 2195 3053 Rom.
2217 3036 2222 3053 1
2231 3034 2265 3054 Ο,

2112 3066 2158 3095 13.
