2466 3805
646 231 687 261 IN
730 233 843 263 ACTA
878 230 1210 262 APOSTOLORUM
1245 230 1399 262 IlOMlL.
1436 232 1549 264 xvil.

64 307 197 363 γῌτησε
208 341 218 359 ,
239 311 298 349 καὶ
321 311 382 348 οὒκ
403 310 624 361 ᾠκοδόμησεν
640 327 647 335 “
672 312 780 357 οὕτως
796 315 856 351 οὐκ
874 307 915 359 ἦν
938 312 1027 364 μέγα
1043 326 1077 348 τι

64 373 80 407 ὁ
99 370 194 418 ναὸς,
220 372 249 409 εἷ
267 370 326 408 καὶ
345 370 506 421 ἐνόμισαν
526 387 615 416 τινες
635 372 742 427 μέγαν
772 368 860 412 εἶναι
887 373 943 412 τὸν
965 374 1077 410 Σολο-

65 432 185 479 μῶντα
205 434 254 482 τῷ
267 430 323 468 τὸν
339 430 419 468 ναὸν
435 432 662 483 οἰκοδομῆσαι
676 463 686 482 ,
702 433 733 471 οἳ
753 434 808 472 διὰ
825 437 925 472 τοῦτο
942 432 1000 471 καὶ
1019 434 1078 469 τοῦ

62 490 191 541 πατρὸς
213 490 314 528 αὐτὸν
334 491 579 542 προετίΟηο-αν.
602 492 684 531 ζὈτι
708 493 744 532 δὲ
772 493 850 545 οὐχὶ
871 491 1015 544 βελτίων
1035 486 1078 539 ἦν

62 553 120 587 τοῦ
153 551 300 602 πατρὸς,
322 553 398 590 ἀλλ’
421 552 496 590 οὐδὲ
520 554 590 597 ἴσος
605 581 614 598 ,
648 554 748 605 μόνον
770 553 806 593 δὲ
829 555 898 591 ἀπὸ
922 556 984 599 τῆς
1009 554 1077 589 τῶν

62 612 198 649 πολλῶν
219 613 440 664 ὑπολήψεως,
460 615 563 660 δῆλον
584 615 666 653 αὐτὸ
690 614 849 662 ἐποίησεν
870 612 1055 665 ἐπαγαγών
1069 628 1077 636 ·

2043 218 2122 265 161

1146 324 1322 362 nusquam
1336 312 1603 365 templumPSic
1622 322 1654 351 et
1672 313 1830 365 primum
1848 312 2128 364 tabernaculum,

1147 380 1181 408 et
1199 386 1375 423 nusquam
1395 374 1580 426 templum.
1600 373 1649 412 Et
1660 373 1775 426 petiit,
1798 381 1838 411 ut
1857 373 2031 412 inveniret
2047 387 2129 425 gra-

1146 431 1234 470 tiam
1248 447 1365 471 coram
1381 435 1467 472 Deo.
1483 434 1602 485 Petiit,
1625 443 1659 473 et
1675 448 1745 472 non
1764 433 1972 472 aedificavit:
1994 434 2043 471 ita
2058 447 2129 472 non

1149 506 1318 544 magnum
1354 494 1538 547 quidpiam
1564 504 1637 533 erat
1671 495 1859 547 templum,
1886 494 2025 532 etiamsi
2051 494 2130 545 qui-

1147 552 1231 591 dam
1249 568 1418 605 magnum
1435 555 1640 607 putaverint
1662 569 1735 593 esse
1767 555 2006 605 Salomonem,
2034 554 2132 605 quod

1147 614 1321 665 templum
1339 614 1582 665 aedificaverit,
1600 615 1662 666 qui
1681 615 1760 653 ideo
1772 615 1876 653 illum
1890 615 1983 667 patri
1999 624 2130 668 praetu-

62 671 153 710 Ἀλλ’
174 675 237 724 οὐχ
251 676 268 711 ὅ
289 673 455 725 ”Υψιστος
470 677 504 713 ἐν
525 675 778 727 χειροποιήτοις
797 681 889 719 ναοῖς
904 679 1135 724 >cavernatum
1147 672 1274 710 lerunt.
1294 673 1403 721 Quod
1419 684 1537 712 autem
1556 689 1624 712 non
1635 675 1742 712 fuerit
1761 684 1859 726 patre
1888 675 2025 725 melior,
2058 675 2131 713 imo

62 731 175 776 καθὼς
195 737 212 771 ὁ
227 734 405 786 προφήτης
425 736 527 788 φησίν
541 751 548 759 ·
569 735 613 774 Ὁ
637 735 777 788 οὐρανός
805 751 864 785 μοι
892 734 1008 787 Θρόνος
1023 763 1032 780 ,
1054 736 1076 778 ἡ
1098 736 1124 766 Α
1148 745 1261 781 neque
1278 746 1343 783 par
1359 733 1426 782 illi,
1441 733 1501 771 sed
1514 742 1652 772 tantum
1667 748 1713 772 ex
1733 735 1969 784 quorumdam
1988 736 2130 787 opinio-

66 792 94 807 Nl

62 808 97 830 οε
117 795 162 843 γῆ
182 795 366 833 ὑποπόδιον
387 799 455 834 τῶν
485 801 499 817 ²¹
513 797 626 834 ποδῶν
657 812 735 846 μου.
768 794 858 833 Οὐδὲ
883 794 951 846 γὰρ
970 798 1078 831 ταῦτα

62 852 138 896 ἄξια
157 855 269 902 Θεοῦ,
293 855 324 893 εἴ
343 872 382 907 γε
411 855 594 905 ποιήματά
621 857 725 902 ἐστιν,
755 855 786 892 εἴ
810 870 849 905 γε
875 857 938 899 τῆς
964 853 1079 903 χειρὸς

63 915 165 951 αὐτοῦ
184 914 279 966 ἔργα.
296 916 412 967 “Ορα,
430 918 504 958 πῶς
529 914 648 958 αὐτοὺς
679 913 769 951 κατὰ
795 913 916 964 μικρὸν
946 912 1077 962 ἀνάγει.

60 975 223 1013 Δείκνυσι
243 975 309 1028 γὰρ
330 976 385 1014 διὰ
404 980 463 1013 τοῦ
479 974 654 1026 προφήτου
669 1004 679 1022 ,
693 973 746 1011 ὅτι
765 973 841 1011 οὐδὲ
857 977 969 1010 ταῦτα
987 974 1079 1011 Θεοῦ

62 1034 139 1078 ἄξια
157 1034 280 1084 λέγειν.
308 1034 378 1072 Καὶ
396 1034 485 1077 τίνος
505 1033 631 1081 ἕνεκεν,
654 1033 772 1084 φησὶν,
798 1035 943 1070 ἐνταῦθα
970 1047 1079 1069 κατα-

61 1098 209 1146 φορικῶς
228 1097 278 1145 τῷ
307 1093 400 1144 λόγῳ
431 1093 619 1144 κέχρηται,
647 1092 769 1139 Πολλὴ
800 1086 879 1138 ἦνῆ
897 1091 1079 1145 παρρησία

61 1153 244 1204 μέλλοντος
273 1155 377 1190 αὐτοῦ
415 1153 643 1199 ἀποθνήσκειν
662 1168 669 1175 ·
698 1152 757 1190 καὶ
787 1152 853 1203 γὰρ
887 1151 947 1189 καὶ
978 1155 1079 1189 τοῦτο

60 1208 158 1263 οἶμαι
172 1214 271 1251 αὐτὸν
287 1212 322 1257 ἐξ
339 1212 591 1264 ἀποκαλύψεως
606 1212 746 1251 εἰδέναι.
764 1211 1080 1264 Σκληροτράχηλοι

60 1273 118 1311 καὶ
134 1273 364 1326 ἀπερίτμητοι
378 1279 453 1317 ταῖς
469 1273 627 1324 καρδίαις
642 1273 701 1312 καὶ
716 1279 786 1317 τοῖς
801 1273 878 1311 ὠσί.
896 1273 967 1311 Καὶ
981 1277 1080 1311 τοῦτο

59 1333 289 1386 προφητικόν·
309 1334 403 1372 οὐδὲν
425 1336 527 1372 αὐτοῦ
552 1334 652 1373 ἴδιον.
671 1334 794 1385 Ὑμεῖς
819 1334 872 1371 ἀεὶ
892 1337 941 1386 τῷ
961 1333 1079 1371 Πνεύ-

1147 804 1204 839 ne,
1225 790 1265 828 id
1281 792 1437 829 declarat
1471 792 1523 829 sie
1541 806 1689 844 pergens
1710 809 1718 830 :
1736 796 1820 831 Sed
1838 795 2132 848 Altissimuan

1148 851 1386 901 manufactis
1404 864 1483 888 non
1501 852 1672 898 habitat,
1695 855 1794 890 sicut
1809 856 1994 904 propheta
2010 857 2104 894 dicit
2119 872 2129 893 t

1149 910 1298 947 Coelum
1317 912 1413 948 mihi
1430 912 1538 949 sedes
1556 920 1612 950 est
1621 927 1637 956 ;
1656 920 1758 950 terra
1779 923 1907 950 autem
1922 917 2133 954 scabellum

1145 971 1286 1021 pedum
1317 984 1499 1010 meorum.
1535 973 1658 1022 Neque
1684 973 1779 1010 enim
1807 973 1883 1011 haee
1914 975 1989 1012 Deo
2022 974 2134 1027 digna

1148 1039 1244 1080 sunt,
1256 1038 1379 1082 utpote
1396 1031 1499 1080 facta,
1513 1040 1634 1084 utpote
1654 1046 1779 1070 manus
1798 1033 1873 1085 ejus
1887 1048 2007 1086 opera.
2022 1035 2131 1087 Vide,

1147 1090 1325 1141 quomodo
1345 1091 1426 1130 illos
1441 1092 1617 1144 paulatim
1636 1093 1758 1144 erigat.
1779 1094 1944 1132 Ostendit
1962 1094 2057 1133 enim
2072 1111 2136 1148 per

1147 1151 1370 1204 prophetam,
1392 1152 1582 1204 indignum
1601 1167 1674 1192 esse
1688 1154 1764 1191 haec
1782 1154 1827 1192 de
1845 1156 1920 1193 Deo
1940 1155 2069 1194 dicere.
2087 1157 2136 1195 Et

1147 1226 1217 1262 qua
1229 1212 1275 1250 de
1294 1227 1411 1262 causa,
1428 1213 1580 1264 inquies,
1595 1214 1655 1252 hic
1669 1214 1798 1253 acriter
1815 1215 2000 1266 loquitur?
2018 1218 2135 1255 Multa

1148 1273 1261 1311 inerat
1289 1273 1459 1324 loquendi
1490 1274 1622 1312 fiducia
1656 1275 1828 1314 morituro
1855 1293 1863 1313 ι
1883 1292 1965 1315 nam
1984 1287 2070 1330 puto
2089 1277 2138 1315 il-

1147 1333 1224 1371 lum
1236 1333 1304 1372 hoe
1317 1349 1458 1386 quoque
1471 1349 1516 1373 ex
1529 1336 1741 1375 revelatione
1756 1337 1910 1375 scivisse.
1936 1339 1979 1376 51
1992 1367 1999 1375 .
2021 1340 2136 1376 Dura

61 1411 145 1440 ματι
169 1398 218 1447 τῷ
244 1394 331 1447 ἁγίῳ
351 1395 596 1443 ἀντιπίπτετε,
618 1396 664 1438 ὡς
683 1397 714 1434 οἱ
737 1395 884 1448 πατέρες
903 1397 999 1446 ὑμῶν
1019 1394 1078 1432 καὶ
1099 1397 1124 1428 Β
1148 1397 1308 1443 cervice,
1330 1404 1367 1434 et
1385 1398 1664 1435 incircumcisis
1686 1398 1864 1436 cordibus
1896 1407 1933 1437 et
1963 1400 2134 1437 auribus.

58 1458 167 1506 ὑμεῖς.
194 1455 281 1494 “0oe
304 1458 364 1494 οὐκ
383 1455 544 1494 ἐδούλετο
562 1455 680 1500 Θυσίας
699 1449 786 1494 εἶναι
798 1484 807 1502 ,
824 1459 922 1506 ὑμεῖς
943 1455 1077 1494 ἐθύετε·

59 1515 117 1554 ὅτε
135 1516 316 1567 βούλεται,
337 1516 440 1554 πάλιν
461 1519 499 1555 οὐ
519 1515 632 1555 Ούετε·
661 1516 717 1555 ὅτε
746 1519 808 1555 οὐκ
833 1517 936 1563 ἤθελε
964 1517 1078 1555 δοῦναι

58 1580 138 1626 ὑμῖν
172 1577 452 1629 παραγγέλματα
472 1606 482 1625 ,
516 1578 759 1617 ἐπεσπάσασθε
774 1594 782 1602 ·
817 1578 873 1616 ὅτε
919 1578 1078 1626 ἐλάὸετε,

59 1637 273 1687 ἠμελήσατε.
290 1638 405 1675 Πάλιν
425 1637 481 1676 ὅτε
497 1639 648 1686 εἱστήκει
667 1642 684 1677 ὃ
702 1640 800 1684 ναὸς,
822 1639 946 1677 εἴδωλα
961 1641 1079 1691 ἐθερα-

58 1698 199 1736 πεύετε·
218 1697 276 1736 ὅτε
306 1698 465 1749 βούλεται
493 1700 602 1752 χωρὶς
633 1704 715 1738 ναοῦ
745 1699 1012 1753 Οεραπεύεσθαι,
1039 1700 1078 1739 τὸ

60 1758 210 1797 ἐναντίον
230 1757 401 1797 1’ποιεῖτε
416 1759 534 1813 μὍρα,
559 1762 621 1798 οὐκ
642 1754 736 1809 εἶπε,
756 1763 805 1812 τῷ
830 1762 912 1813 Θεῷ
940 1760 1078 1798 ἀντιπί-

61 1834 184 1867 πτετε,
213 1819 323 1865 ἀλλὰ,
351 1821 414 1871 Τῷ
435 1819 641 1871 Πνεύματι·
672 1820 779 1864 οὕτως
812 1819 974 1871 οὐδεμίαν
1009 1815 1078 1859 οἶδε

61 1880 240 1934 διαφοράν.
268 1880 338 1918 Καὶ
359 1880 398 1919 τὸ
415 1884 543 1932 μεῖζον,
568 1881 634 1925 (Ως
654 1883 686 1920 οἱ
711 1880 858 1933 πατέρες
876 1883 989 1932 ὑμῶν,
1011 1896 1077 1933 φη-

59 1941 126 1988 σὶν,
140 1941 199 1979 καί
213 1943 322 1992 ὑμεῖς.
344 1941 448 1980 Οὕτω
473 1942 533 1979 καὶ
549 1945 566 1979 ὃ
586 1943 738 1994 Χριστὸς
755 1942 941 1990 ὠνείδιζεν,
958 1941 1078 1989 ἐπειδ>ι

61 2001 198 2052 μεγάλα
218 2001 271 2038 ἀεὶ
291 2001 347 2038 ἐπὶ
367 2007 438 2044 τοῖς
452 2001 624 2053 πατράσιν
639 2001 782 2054 ηὔχουν.
801 2002 893 2040 Τίνα
907 2004 975 2039 τῶν
995 2017 1080 2054 προ-

61 2063 179 2113 φητῶν
200 2062 260 2099 οὖκ
276 2061 416 2105 ἐδίωξαν
432 2063 462 2099 οἱ
478 2062 626 2115 πατέρες
645 2065 761 2113 ὑμῶν,
784 2063 852 2101 Καὶ
873 2062 1080 2101 ἀπέκτειναν

60 2121 139 2166 τοὺς
168 2122 532 2174 προκαταγγείλαντας
555 2123 636 2176 περὶ
666 2126 728 2169 τῆς
750 2122 915 2166 ἐλεύσεως
942 2128 1001 2161 τοῦ
1031 2124 1081 2160 δι-

62 2182 173 2220 καίου.
192 2181 272 2219 Ἔτι
285 2184 358 2220 Τοῦ
377 2181 509 2220 δικαίου
529 2182 634 2234 λέγει,
653 2183 856 2234 βουλόμενος
875 2183 997 2227 αὐτοὺς
1013 2199 1080 2221 κα-

61 2244 250 2281 ταστεῖλαι.
272 2236 325 2280 Οῧ
345 2245 404 2279 νῦν
431 2244 529 2293 ὑμεῖς
555 2243 721 2294 προδόται
754 2244 813 2281 καὶ
841 2249 953 2296 φονεῖς
980 2244 1081 2296 γεγέ-

61 2307 176 2350 νησθε.
200 2302 271 2340 Δύο
292 2303 406 2346 αὐτοῖς
424 2305 585 2354 ἐγκαλεῖ,
604 2302 657 2342 ὅτι
677 2320 715 2342 τε
736 2303 927 2356 ἠγνόησαν,
951 2305 1010 2343 καὶ
1030 2304 1083 2351 ὅτι

62 2364 257 2415 ἐφόνευσαν.
286 2362 423 2407 Οἴτινες
454 2363 596 2402 ἐλάὸετε
624 2365 681 2404 τὸν
711 2365 815 2417 νόμον
841 2367 888 2409 εἷς
916 2366 1083 2418 διαταγὰς

64 2424 231 2476 ἀγγέλων,
250 2423 310 2462 καὶ
324 2426 385 2462 οὐκ
401 2424 603 2476 ἐφυλάξατε.

117 2674 183 2714 ‘Ti
203 2676 276 2713 ἐστι
302 2677 423 2721 τοῦτο,
445 2673 548 2718 Τινές
569 2690 674 2726 φασι,
698 2675 755 2714 τὸν
775 2676 835 2714 ὑπ’
852 2675 1008 2727 ἀγγέλων
1023 2676 1081 2714 λέ-

63 2752 134 2787 γειν
151 2734 394 2787 διαταχθέντα.
414 2735 490 2773 Οὐκ
505 2734 578 2773 ἔστι
595 2735 642 2773 δέ·
658 2739 723 2774 ποῦ
739 2735 807 2789 γὰρ
822 2737 960 2788 ἄγγελοι
977 2736 1080 2787 νόμον

63 2797 237 2848 ἐφάνησαν
261 2795 519 2841 διατάττοντες;
544 2795 634 2833 ἀλλὰ
654 2796 885 2847 διαταχθέντα
901 2796 1005 2848 νόμον
1024 2796 1081 2834 λε’-

63 2872 129 2906 γει,
147 2856 205 2894 τὸν
225 2855 484 2908 ἐγχειρισθέντα
505 2858 597 2908 αὐτῷ
618 2856 662 2893 δι’
683 2858 828 2908 ἀγγέλου
845 2862 904 2896 τοῦ
923 2857 1082 2909 ὀφθέντος

65 2918 158 2969 αὐτῷ
177 2919 211 2954 ἐν
231 2919 274 2967 τῇ
294 2916 402 2968 βάτῳ.
437 2916 499 2964 Μὴ
519 2916 586 2970 γὰρ
602 2917 780 2969 ἅνθρωπος
808 2913 872 2967 ἦνς
897 2919 1008 2958 Οὐδὲν
1025 2913 1081 2957 οἶν

63 2974 284 3026 ιιΘαυμαστὸν
317 2977 455 3020 τούτους
489 2978 602 3015 ἐκεῖνα
631 2977 868 3025 ποιήσαντας,
898 2979 1002 3031 φησὶ,
1023 2979 1083 3018 καὶ

63 3042 173 3076 ταῦτα
206 3040 362 3083 ποιῆσαι.
396 3040 441 3076 Εἰ
473 3037 552 3081 τοὺς
585 3039 884 3090 καταγγείλαντας
916 3040 1082 3089 ἀνείλετε,

62 3099 181 3150 πολλῷ
202 3100 332 3148 μᾶλλον
351 3098 464 3138 αὐτόν.
499 3099 673 3137 Ἐνταῦθα
692 3100 752 3137 καὶ
773 3102 856 3152 Θεῷ
871 3131 881 3148 ,
900 3101 960 3138 καὶ
980 3101 1083 3153 ἀγγέ-

62 3159 146 3207 λοις,
165 3158 224 3197 καὶ
242 3164 312 3202 τοῖς
327 3159 531 3210 προφήταις,
546 3159 606 3198 καὶ
628 3162 677 3212 τῷ
701 3160 896 3211 Πνεύματι,
916 3158 974 3199 καὶ
993 3168 1081 3199 πᾶσι

108 3318 120 3332 ³
137 3307 223 3339 Alius
240 3311 334 3343 ποῖῶν
347 3323 416 3350 μου.
435 3307 506 3342 ἀλλ’
521 3312 584 3342 οὐδὲ
601 3313 708 3343 ταῦτα,

108 3361 126 3386 ἶ)
143 3358 235 3391 Iden]
253 3368 379 3401 ποιεῖτε,
399 3366 445 3393 καὶ
463 3365 512 3393 οὐκ
531 3363 617 3395 εἶπεν·
637 3366 679 3395 ὁτι
697 3369 736 3403 τῷ
756 3366 820 3403 θῑῗι.

1148 1457 1225 1495 Hoc
1244 1471 1385 1508 quoque
1399 1457 1648 1510 propheticum
1661 1467 1725 1507 est,
1742 1472 1853 1509 neque
1866 1459 1920 1497 illi
1933 1460 2133 1512 proprium.

1152 1518 1227 1555 Vos
1245 1531 1392 1570 semper
1403 1519 1563 1570 Spiritui
1581 1527 1720 1556 sancto
1734 1521 1924 1566 resistitis,
1943 1523 2042 1558 sieut
2066 1534 2137 1572 pa-

1150 1586 1225 1617 tres
1245 1581 1381 1626 vestri,
1404 1582 1461 1617 ita
1477 1588 1513 1617 et
1532 1593 1615 1618 vos.
1639 1579 1791 1626 Quando
1810 1581 1952 1618 nolebat
1983 1595 2058 1619 csse
2077 1596 2133 1620 sa-

1149 1638 1295 1687 crificia,
1308 1653 1372 1677 vos
1381 1639 1635 1678 sacrificabatis
1644 1655 1656 1689 3
1672 1640 1815 1691 quando
1826 1641 1980 1690 volebat,
1992 1656 2136 1680 rursum

1149 1713 1217 1738 non
1236 1700 1506 1748 sacrificabati53
1522 1701 1663 1751 quando
1677 1702 1817 1740 nolebat
1825 1702 1911 1741 dare
1923 1703 2028 1742 vohis
2043 1718 2139 1756 prae-

1148 1769 1263 1812 eepta,
1294 1760 1526 1811 requirebatis
1533 1776 1544 1810 3
1578 1761 1722 1811 quaudo
1752 1763 1950 1814 accepistis,
1976 1764 2137 1815 neglexi-

1149 1821 1222 1859 stis.
1244 1822 1380 1859 Rursus
1400 1836 1481 1859 cum
1498 1830 1605 1859 staret
1618 1823 1804 1874 templum,
1824 1823 1920 1861 idola
1941 1824 2130 1874 colebati55

1149 1881 1289 1932 quando
1304 1882 1384 1921 vult
1403 1882 1478 1920 sine
1494 1882 1626 1934 templo
1649 1883 1732 1932 coli,
1761 1884 1978 1922 contrarium
2001 1885 2132 1924 facitis.

1150 1943 1351 1996 Perpende:
1366 1957 1435 1981 non
1444 1943 1635 1991 dixit,De0
1657 1944 1832 1993 resistitis,
1849 1945 1924 1993 sed,
1941 1946 2103 1997 Spiritui
2121 1962 2132 1982 .-

1151 2005 1202 2043 sic
1216 2005 1352 2042 nullam
1379 2014 1527 2043 noverat
1544 2004 1796 2042 differentiam.
1814 2006 1989 2056 Quodque
2015 2007 2132 2059 majus

1151 2067 1331 2114 est,Sicut
1344 2075 1477 2118 patres
1487 2069 1622 2114 vestri,
1641 2069 1697 2104 ita
1711 2075 1747 2104 et
1762 2081 1848 2114 vos,
1867 2068 1994 2118 inquit.
2015 2069 2070 2106 Ita
2103 2078 2138 2106 et

1103 2125 1126 2155 C
1153 2127 1315 2164 Christus
1340 2127 1593 2178 exprobrabat,
1633 2127 1718 2177 quia
1748 2128 1905 2165 multum
1924 2143 2062 2180 semper
2092 2129 2137 2166 de

1151 2188 1314 2240 patribus
1348 2187 1603 2239 gloriabantur.
1625 2189 1689 2226 52.
1718 2190 1838 2239 Quem
1861 2191 2138 2241 prophetarum

1154 2262 1232 2286 non
1238 2257 1327 2287 sunt
1331 2250 1552 2300 persequuti
1557 2257 1687 2300 patres
1695 2251 1818 2286 vestri
1827 2252 1844 2285 P
1852 2251 1905 2287 Et
1918 2251 2138 2288 occiderunt

1153 2323 1229 2356 eos,
1247 2312 1313 2362 qui
1323 2311 1640 2361 praenuntiabant
1660 2310 1707 2346 de
1728 2310 1899 2348 adventu
1929 2311 2047 2349 Justi.
2062 2311 2138 2349 Ad-

1153 2371 1224 2409 huc
1241 2373 1347 2409 Justi
1364 2370 1467 2419 dicit,
1485 2370 1608 2408 volens
1637 2371 1718 2408 illos
1754 2371 1996 2423 comprimere.
2018 2373 2138 2424 Cujus

1151 2446 1224 2470 vos
1241 2445 1343 2469 nunc
1357 2432 1572 2483 proditores
1592 2439 1629 2468 et
1647 2433 1849 2469 homicidae
1875 2434 2024 2484 fuistis.
2054 2434 2138 2471 Duo

1148 2491 1222 2531 illis
1241 2491 1472 2543 improperat,
1489 2500 1523 2528 et
1539 2490 1635 2541 quod
1652 2491 1860 2541 ignorarint,
1880 2501 1914 2530 et
1933 2492 2029 2543 quod
2043 2493 2137 2531 occi—

1148 2552 1277 2590 derint.
1296 2552 1359 2590 55.
1386 2552 1461 2601 Qui
1476 2553 1675 2602 accepistis
1698 2552 1817 2603 legem
1832 2567 1903 2603 per
1919 2554 2135 2605 dispositio-

1150 2627 1216 2651 nes
1235 2612 1475 2663 angelorum,
1495 2619 1531 2648 et
1549 2624 1627 2648 non
1640 2613 1872 2650 custodistis.

1195 2674 1233 2711 5.
1257 2672 1357 2719 Quid
1376 2680 1428 2709 est
1445 2671 1536 2708 hoc?
1557 2671 1715 2718 Quidam
1735 2681 1860 2724 putant
1879 2672 1998 2724 ipsum
2018 2673 2136 2712 dicere

1147 2733 1261 2784 legem
1284 2733 1330 2770 ab
1357 2731 1491 2783 angelis
1518 2731 1627 2769 fuisse
1653 2731 1874 2783 dispositam.
1903 2735 1951 2770 At
1979 2747 2033 2770 rcs
2066 2748 2135 2771 non

1149 2793 1197 2830 ita
1216 2807 1253 2831 se
1270 2793 1376 2830 habet
1395 2808 1403 2829 :
1423 2791 1485 2829 ubi
1505 2806 1654 2842 namque
1682 2792 1797 2843 angeli
1815 2793 1883 2831 visi
1906 2802 1988 2830 sunt
2019 2794 2135 2845 legem

1149 2853 1340 2891 ordinare?
1359 2852 1420 2891 scd
1440 2851 1649 2904 dispositam
1664 2853 1778 2904 legem
1796 2852 1881 2891 dicit
1892 2869 1903 2902 ;
1922 2853 1960 2891 id
1975 2863 2040 2902 est,
2062 2863 2136 2892 tra-

1150 2915 1264 2953 ditam
1282 2914 1336 2952 illi
1350 2928 1414 2966 per
1433 2914 1611 2965 angelum,
1636 2913 1697 2964 qui
1717 2914 1886 2966 apparuit
1901 2914 1955 2952 illi
1974 2915 2009 2952 in
2025 2915 2130 2953 rubo.

1106 2982 1131 3011 D
1151 2977 1277 3014 Nonne
1293 2977 1401 3014 homo
1417 2976 1515 3013 erat?
1537 2975 1640 3013 Nihil
1660 2989 1742 3026 ergo
1767 2976 1897 3014 mirum
1915 2985 1979 3025 est,
2001 2990 2058 3014 eos
2073 2979 2135 3028 qui

1150 3038 1211 3076 illa
1228 3039 1392 3087 fecerant,
1413 3046 1446 3075 et
1468 3037 1543 3075 haee
1558 3037 1690 3074 secisse.
1711 3036 1749 3074 Si
1765 3037 2011 3075 annuntiantes
2030 3038 2132 3077 illum

1150 3099 1342 3148 occidistis,
1359 3098 1472 3137 multo
1487 3098 1600 3150 magis
1619 3097 1748 3149 ipsum.
1766 3097 1832 3135 Hic
1853 3098 1930 3136 illos
1946 3108 1979 3136 ct
1997 3100 2085 3148 Deo,
2101 3109 2137 3138 ct

1149 3161 1297 3213 angelis,
1319 3169 1351 3199 et
1376 3159 1571 3212 prophetis,
1591 3168 1624 3196 ct
1640 3158 1805 3210 Spiritui,
1825 3168 1858 3197 et
1874 3160 2039 3198 omnibus
2058 3161 2133 3199 ino-

1179 3321 1191 3334 ε
1208 3315 1236 3344 τὶ
1256 3314 1316 3344 ἐστι
1331 3314 1436 3349 τοῦτο,
1452 3306 1544 3340 deest
1558 3308 1591 3339 in
1607 3318 1672 3338 uno
1689 3305 1773 3339 cod.

1182 3362 1193 3379 ¹¹
1210 3360 1306 3393 Idem
1325 3364 1493 3402 θαυμαστὸν
1510 3365 1557 3393 τὸν
1575 3364 1667 3392 ἐκεῖνα
1682 3367 1855 3397 noxa-zara.
