2502 3810
767 255 809 285 ΙΝ
846 253 987 285 EPIST.
1030 252 1088 282 AD
1125 252 1234 300 ROM.
1275 251 1425 282 IIOMIL.
1458 251 1555 281 xvi.

133 351 218 380 σεως
232 338 313 374 ἰδεῖν
339 336 396 374 τὸν
413 338 559 388 φαῦλον,
574 335 634 374 καὶ
648 336 704 374 τὸν
723 338 759 374 οὗ
775 339 938 374 τοιοῦτον.
959 333 1060 381 Πλὴν
1076 335 1152 373 ἀλλ’

131 397 187 434 ἵνα
205 395 251 447 μὴ
275 396 379 434 πάλιν
401 396 634 448 ἀσαφέστερον
661 396 718 434 τὸν
742 396 842 447 λόγον
858 396 1079 446 ποιήσωμεν,
1098 396 1153 433 ἐπ’

132 458 219 496 αὐτὰ
240 457 284 496 τὰ
304 457 446 510 ῥήματα
470 458 574 507 ἴωμεν
592 457 635 496 τὰ
656 457 883 496 ἀποστολικά.
904 459 957 496 Οὐ
977 458 1077 507 μόνον
1098 456 1153 504 δὲ,

132 518 221 556 ἀλλὰ
241 518 300 556 καὶ
322 518 494 556 ‘peciam
510 519 543 563 ἐξ
564 519 636 562 ἑνὸς
651 519 768 566 κοίτην
789 519 929 571 ἔχουσα.
948 519 1152 568 Ἧδυνάμην

132 578 193 629 μὲν
213 578 298 629 γὰρ,
319 580 421 630 φησὶν
436 609 444 625 ,
467 581 573 617 εἰπεῖν
592 580 652 618 καὶ
672 579 750 623 τοὺς
769 581 838 618 ἀπὸ
861 584 921 626 τῆς
939 579 1150 632 Χεττούρας,

130 641 206 678 ἀλλ’
235 642 271 677 οὖ
299 640 389 691 λέγω
417 656 425 664 ·

129 700 279 750 ἄρασθαι
291 731 300 748 ,
320 700 396 743 τοὺς
412 701 444 744 ἐξ
465 701 537 745 ἐνὸς
555 701 684 753 πατρὸς
701 702 759 739 καὶ
783 708 865 751 μιᾶς
882 701 1066 752 τεχθέντας
1083 717 1149 750 μη-

455 642 531 678 ἀλλ’
561 640 651 678 ὥστε
675 643 713 678 ἐκ
732 640 931 692 περιουσίας
959 640 1022 686 τὴν
1051 641 1148 686 νίκην

128 760 219 811 τρὸς,
236 761 374 805 τούτους
402 764 447 805 εἷς
470 762 573 812 μέσον
598 762 688 813 ἄγω.
715 762 785 800 Καὶ
805 761 872 814 γὰρ
893 762 962 799 ἀπὸ
983 764 1045 806 τῆς
1064 761 1149 799 Ῥε-

129 822 256 866 ὂέκκας
284 817 373 869 ἦσαν
406 822 617 876 ἀμφότεροι,
648 822 707 861 καὶ
741 824 809 861 ἀπὸ
839 825 898 860 τοῦ
930 821 1053 860 Ἰσαὰκ
1089 825 1148 859 τοῦ

129 883 270 934 γνησίου
299 884 419 927 παιδὸς
433 913 443 929 ,
464 888 522 921 τοῦ
553 883 695 933 δοκίμου
708 913 717 930 ,
737 889 796 921 τοῦ
815 883 954 921 πάντων
974 898 1150 934 προτιμη-

131 944 264 991 θέντος,
285 945 364 996 περὶ
396 940 433 982 οἷ
465 945 610 996 ἔφησεν,
631 944 692 981 Ἐν
715 942 836 981 Ἰσαὰκ
860 943 1074 988 κληθήσεταί
1095 958 1149 980 σοι

131 1005 289 1055 σπέρμα,
311 1009 370 1042 τοῦ
387 1005 515 1055 πατρὸς
535 1006 635 1054 ἡμῶν
660 1003 798 1041 πάντων
826 1003 1023 1055 γενομένου.
1048 1004 1092 1040 Εἰ
1114 1002 1148 1040 δὲ

129 1064 246 1115 πατὴρ
265 1068 364 1113 ἡμῶν
382 1067 518 1110 ἐκεῖνος,
537 1065 595 1102 καὶ
611 1063 688 1106 τοὺς
705 1063 740 1107 ἐξ
760 1064 889 1102 ἐκείνου
908 1063 1059 1116 πατέρας
1080 1065 1148 1102 ἔδει

129 1118 215 1161 εἶναι
239 1140 246 1147 ·
273 1125 349 1162 ἀλλ’
381 1126 441 1162 οὐκ
469 1124 635 1175 ἐγένοντο.
666 1119 766 1167 Εἶδες
798 1128 872 1168 πῶς
900 1126 960 1163 οὐκ
997 1125 1055 1163 ἐπὶ
1087 1129 1147 1163 τοῦ

128 1185 288 1237 Ἀέραὰμ
307 1189 407 1223 τοῦτο
433 1186 534 1236 μόνον
555 1185 755 1237 συμέαίνει,
776 1184 867 1224 ἀλλὰ
891 1187 950 1224 καὶ
970 1188 1024 1224 ἐπ’
1045 1188 1149 1225 αὐτοῦ

127 1249 186 1282 τοῦ
211 1246 348 1293 παιδὸς,
368 1246 427 1284 καὶ
454 1250 634 1298 πανταχοῦ
656 1247 773 1291 πίστις
794 1247 853 1285 καὶ
879 1248 984 1300 ἀρετή
1016 1250 1106 1286 ἔστιν
1126 1251 1146 1293 ἡ

129 1306 390 1357 διαλάμπουσα,
407 1307 465 1345 καὶ
483 1307 544 1355 τὴν
566 1308 692 1359 ἀκριὸἦ
715 1308 913 1359 συγγένειαν
932 1309 1149 1361 χαρακτηρί-

129 1368 252 1413 ζουσα;
275 1366 451 1406 Ἐντεῦθεν
472 1368 538 1419 γὰρ
560 1369 799 1419 μανθάνομεν,
826 1370 878 1407 ὅτι
903 1372 941 1407 οὐ
964 1370 1064 1421 μόνον
1093 1370 1150 1408 διὰ

129 1427 187 1465 τὸν
211 1429 337 1479 τρόπον
355 1431 417 1473 τῆς
435 1429 625 1479 γεννήσεως
637 1459 646 1477 ‚
664 1429 754 1468 ἀλλὰ
773 1429 832 1468 καὶ
852 1430 908 1469 διὰ
928 1431 968 1469 τὸ
987 1431 1074 1474 ἄξιοι
1103 1425 1150 1467 εἶ-

130 1506 186 1528 ναι
199 1493 261 1536 τῆς
278 1494 402 1543 ἀρετῆς
416 1495 474 1528 τοῦ
492 1491 753 1542 γεγεννηκότος,
774 1493 807 1536 οἱ,
819 1493 938 1535 παῖδες
964 1493 1150 1530 καλοῦνται

130 1552 250 1594 παῖδες
266 1551 407 1590 ἐκείνου.
425 1553 469 1590 Εἰ
489 1551 555 1603 γὰρ
574 1553 643 1590 ἀπὸ
660 1555 718 1590 τοῦ
738 1552 865 1603 τρόπου
883 1556 945 1598 τῆς
959 1552 1150 1602 γεννήσεως

132 1612 257 1660 μόνον,
277 1612 344 1649 ἔδει
366 1612 424 1650 καὶ
443 1612 500 1650 τὸν
521 1612 634 1650 Ἡσαῦ
654 1615 721 1650 τῶν
743 1615 853 1650 αὐτῶν
875 1614 1072 1651 ἀπολαῦσαι
1101 1615 1149 1663 τῷ

130 1674 260 1711 Ἰακώέ
276 1690 282 1696 ·
301 1673 359 1711 καὶ
378 1673 444 1725 γὰρ
461 1673 520 1711 καὶ
539 1667 635 1716 οὗτος
658 1674 726 1712 ἀπὸ
741 1674 996 1726 νενεκρωμένης
1017 1673 1152 1724 μήτρας

130 1729 190 1781 ἦν,
210 1735 267 1772 καὶ
288 1741 406 1785 στεῖρα
425 1729 466 1781 ἦν
485 1738 507 1781 ἡ
540 1734 656 1786 μήτηρ
677 1736 791 1774 αὐτοῦ.
812 1735 903 1774 Ἀλλ’
932 1737 968 1773 οὗ
988 1739 1087 1773 τοῦτο
1108 1729 1148 1782 ἦν

129 1795 167 1832 τὸ
187 1795 393 1844 ζητούμενον
416 1795 516 1846 μόνον
533 1825 543 1843 ,
562 1797 652 1834 ἀλλὰ
671 1795 730 1833 καὶ
749 1800 766 1834 ὁ
787 1795 910 1848 τρόπος
926 1825 934 1841 ,
952 1795 1035 1848 ὅπερ
1055 1797 1091 1833 οὐ
1111 1796 1150 1833 τὸ

129 1855 233 1907 τυχὸν
263 1856 321 1893 καὶ
348 1858 395 1899 εἰς
426 1856 499 1907 βίου
526 1856 766 1907 συμὸάλλεται
796 1857 1021 1894 διδασκαλίαν
1052 1860 1151 1907 ἡμῖν.

129 1916 200 1955 Καὶ
223 1919 260 1954 οὐ
279 1917 390 1968 λέγει,
406 1916 482 1955 δὸτι
510 1917 629 1963 ἐπειδὴ
651 1920 668 1955 ὃ
694 1917 756 1967 μὲν
783 1917 929 1968 ἀγαθὸς,
951 1921 968 1955 ὃ
988 1918 1022 1955 δὲ
1039 1933 1149 1964 πονη-

132 1978 187 2028 ρὸς
200 2008 208 2024 ,
227 1977 284 2016 διὰ
298 1982 398 2015 τοῦτο
412 1978 650 2029 προετιμῆθη,
672 1978 727 2016 ἵνα
748 1978 795 2029 μὴ
825 1978 950 2021 εὐθέως
978 1978 1146 2029 ἀντιπέσῃ

131 2041 223 2091 αὐτῷ
238 2044 338 2078 τοῦτο
353 2055 360 2063 ·
376 2039 410 2077 τί
425 2034 502 2087 οὖν,
522 2040 643 2091 ἀγαθοὶ
657 2041 687 2077 οἳ
705 2039 739 2083 ἐξ
762 2042 866 2077 ἐθνῶν
885 2041 1016 2090 μᾶλλον
1028 2070 1038 2087 ,
1065 2039 1086 2086 ἢ
1117 2043 1147 2078 οἱ

130 2102 168 2138 ἐκ
185 2103 394 2152 περιτομῆς;
417 2102 460 2138 Εἰ
474 2100 541 2153 γὰρ
556 2100 614 2138 καὶ
640 2099 746 2143 οὕτως
762 2094 853 2151 εἶχεν
869 2103 890 2146 ἡ
907 2105 966 2138 τοῦ
980 2100 1148 2152 πράγμα-

129 2176 186 2204 τος
206 2161 363 2208 ἀλήθεια,
382 2163 458 2199 ἀλλ’
484 2160 580 2198 οὔπω
605 2161 687 2199 αὐτὸ
713 2161 849 2208 τίθησι·
869 2162 928 2198 καὶ
951 2161 1017 2214 γὰρ
1037 2161 1147 2199 ἐδόκει

129 2220 380 2274 φορτικώτερον
400 2215 487 2259 εἶναι
501 2237 509 2245 ·
528 2223 603 2259 ἀλλ’
623 2222 679 2260 ἐπὶ
700 2222 762 2269 τὴν
779 2227 836 2261 τοῦ
852 2225 944 2261 Θεοῦ
963 2225 1089 2274 γνῶσιν
1108 2222 1148 2260 τὸ

127 2287 196 2319 πᾶν
216 2281 352 2333 ἔρριψεν
365 2311 374 2329 ,
395 2277 487 2332 ᾗτινι
507 2282 728 2334 μαχέσασθαι
752 2283 859 2327 οὐδεὶς
876 2283 914 2321 ἂν
940 2283 1144 2334 ἐτόλμησεν,

127 2342 203 2382 οὐδὲ
225 2345 253 2380 εἰ
272 2343 404 2395 σφόδρα
427 2343 632 2395 μαινόμενος
650 2338 704 2391 ἦν.
723 2345 842 2391 Μήπω
869 2344 936 2397 γὰρ
962 2344 1146 2396 γεννηθέν-

127 2420 215 2450 των,
249 2404 356 2456 φησὶ,
400 2404 488 2455 μηδὲ
525 2405 729 2457 πραξάντων
764 2422 799 2443 τι
835 2406 960 2458 ἀγαθὸν
977 2435 986 2452 ,
1025 2405 1144 2458 ἐῤῥέθη

345 2465 356 2478 ζ

128 2468 232 2516 αὐτῇ,
262 2465 314 2503 ὅτι
357 2468 390 2504 Ο
422 2465 545 2517 μείζων
575 2466 748 2506 δουλεύσει
778 2469 827 2519 τῷ
859 2467 1019 2506 ἐλάσσονι
1047 2483 1054 2490 ·
1086 2467 1147 2505 καὶ

128 2525 318 2574 δείκνυσιν,
339 2526 392 2565 ὅτι
407 2530 428 2572 ἦ
445 2527 536 2566 κατὰ
556 2527 669 2579 σάρκα
695 2527 848 2579 εὐγένεια
875 2528 972 2566 οὐδὲν
1000 2529 1147 2580 ὠφελεῖ,

129 2589 218 2628 ἀλλὰ
238 2590 351 2640 ψυχῆς
367 2587 492 2639 ἀρετὴν
513 2590 562 2626 δεῖ
581 2590 714 2636 ζητεῖν,
731 2589 771 2635 ἣν
787 2589 847 2627 καὶ
861 2589 928 2640 πρὸ
947 2592 1016 2626 τῶν
1037 2588 1145 2640 ἔργων

127 2655 144 2689 ὃ
171 2650 259 2692 Θεὸς
288 2643 368 2687 οἶδε.
399 2648 519 2694 Μήπω
549 2649 615 2701 γὰρ
643 2649 893 2700 γεννηθέντων,
922 2648 1029 2701 φησὶ,
1058 2648 1146 2699 μηδὲ

130 2711 330 2765 πραξάντων
351 2725 384 2746 τι
412 2710 538 2760 ἀγαθὸν
563 2709 585 2755 ἢ
615 2708 739 2757 κακὸν,
767 2709 824 2746 ἵνα
849 2713 871 2755 ἡ
901 2712 977 2748 κατ’
1001 2709 1146 2760 ἐκλογὴν

126 2772 286 2824 πρόθεσις
304 2774 363 2808 τοῦ
379 2771 469 2808 Θεοῦ
490 2769 598 2821 μένῃ,
617 2770 738 2822 ἐρρέθη
759 2772 845 2821 αὐτῇ
859 2800 868 2818 ,
885 2768 938 2807 ὅτι
954 2769 998 2808 ‘O
1020 2769 1146 2820 μείζων

127 2832 378 2883 &coletis-effu}
403 2830 574 2869 ἐλάσσονι.
604 2831 716 2868 Τοῦτο
743 2830 810 2882 γὰρ
835 2830 1082 2882 προγνώσεως,
1107 2831 1146 2869 τὸ

127 2892 185 2930 καὶ
201 2891 234 2935 ἐξ
249 2892 378 2929 ὠδίνων
397 2893 508 2929 αὐτῶν
528 2891 729 2942 ἐκλέγεσθαι
745 2907 752 2915 ·
774 2891 830 2929 ἵνα
846 2895 953 2943 φανῇ,
970 2891 1067 2943 φησὶ,
1085 2894 1144 2929 τοῦ

126 2955 217 2992 Θεοῦ
236 2956 257 2999 ἡ
279 2952 402 3002 ἐκλογὴ
425 2955 446 2998 ἦ
467 2951 558 2990 κατὰ
588 2952 749 3005 πρόθεσιν
777 2952 836 2990 καὶ
866 2953 1061 3005 πρόγνωσιν
1091 2967 1146 3003 γε·

128 3012 252 3062 νομένη
267 3028 275 3036 ·
294 3015 333 3051 ἐκ
357 3012 499 3065 πρώτης
515 3014 582 3064 γὰρ
600 3013 734 3064 ἡμέρας
755 3013 814 3052 καὶ
833 3014 890 3051 τὸν
918 3012 1044 3063 ἀγαθὸν
1057 3043 1066 3061 ,
1084 3012 1145 3050 καὶ

670 3074 686 3096 ¹³
701 3074 853 3127 ἐκήρυξε.
872 3074 932 3121 Μὴ
948 3073 1060 3111 τοίνυν
1086 3089 1144 3124 μοι

128 3073 184 3110 τὸν
205 3076 242 3110 οὗ
260 3078 410 3112 τοιοῦτον
429 3076 487 3113 καὶ
507 3070 576 3113 οἶδε
596 3075 656 3113 καὶ

129 3134 225 3184 λέγε,
243 3133 294 3171 ὅτι
310 3134 412 3184 νόμον
424 3165 433 3182 ,
457 3135 560 3186 φησὶν
574 3165 583 3183 ,
599 3134 748 3187 ἀνέγνως
772 3136 832 3173 καὶ
854 3134 1056 3187 προφήτας,
1085 3134 1144 3171 καὶ

130 3197 288 3232 τοσοῦτον
305 3193 505 3238 ἐδούλευσας
526 3195 660 3247 χρόνον.
677 3197 721 3235 ‘O
741 3196 807 3248 γὰρ
825 3195 923 3239 εἰδὼς
945 3195 1061 3248 ψυχὴν
1085 3194 1144 3233 καὶ

132 3255 346 3305 δοκιμάζειν,
361 3259 456 3299 οὗτος
470 3250 539 3293 οἶδε
555 3257 614 3294 καὶ
627 3257 678 3300 τίς
691 3257 781 3302 ἄξιός
793 3261 867 3296 ἐστι
882 3260 1048 3305 σωθῆναι.
1068 3258 1145 3295 Πα-

176 3408 188 3422 ·
214 3398 280 3439 [ὅτι
297 3401 310 3431 ὁ
326 3401 381 3440 μὲν
470 3401 518 3430 καὶ
535 3399 582 3431 διὰ
598 3401 693 3431 ταῦτα
710 3411 814 3442 προετ.
828 3398 882 3439 Α.]

2112 234 2204 297 677

1220 346 1416 370 sermonem
1446 330 1687 369 obscuriorem
1719 330 1923 380 reddamus,
1949 329 1995 369 ad
2015 331 2093 384 ipsa
2119 345 2205 383 apo-

1222 393 1344 431 stolica
1367 393 1462 430 dicta
1485 392 1681 431 veniamus.
1707 393 1797 430 Non
1820 393 1946 430 solum
1973 401 2114 438 autem,
2139 393 2208 430 sed

1223 463 1259 491 et
1278 457 1449 492 Rebecca
1468 469 1514 491 ex
1534 468 1609 492 uno
1629 455 1834 491 concubitu
1860 455 2017 491 liabens.
2041 454 2204 490 Poteram

1220 515 1328 563 enim,
1361 515 1489 566 inquit,
1522 515 1565 552 de
1592 515 1760 552 Chettura
1791 514 1904 564 loqui,
1937 514 1999 552 sed
2027 514 2200 552 abstineo.

1174 588 1196 617 Β
1219 576 1357 614 Verum
1381 584 1419 612 ut
1447 589 1491 612 ex
1508 574 1704 612 abundanti
1732 574 1883 612 victoria
1911 575 2097 624 referatur,
2126 589 2200 624 (305,

1217 636 1279 685 qui
1298 649 1343 673 ex
1358 650 1428 672 uno
1444 644 1543 687 patre
1559 644 1592 672 et
1608 649 1653 672 ex
1668 649 1737 672 una
1754 644 1863 672 matre
1878 634 1952 672 nati
1966 644 2060 684 sunt,
2079 635 2113 672 in
2129 649 2204 672 me-

1217 695 1321 733 dium
1344 696 1465 734 affero.
1485 697 1577 733 Nam
1595 709 1641 732 ex
1659 695 1816 731 Rebecca
1844 696 1950 732 ambo
1969 704 2082 745 erant,
2105 705 2137 733 et
2156 710 2203 733 ex

1216 757 1328 802 Isaac,
1344 755 1504 807 legitimo
1532 755 1622 802 filio,
1652 756 1817 806 probato,
1836 769 1909 806 prce
1933 755 2011 793 aliis
2037 757 2202 794 omnibus

1216 813 1402 863 honorato,
1419 813 1463 850 de
1487 827 1556 864 quo
1581 812 1690 862 dixit,
1711 815 1760 849 In
1779 815 1894 850 Isaac
1914 816 2118 851 vocabitur
2134 817 2202 852 tibi

1217 890 1359 920 semen,
1385 875 1447 925 qui
1473 884 1573 926 pater
1593 873 1659 910 suit
1677 874 1836 910 omnium
1856 883 2026 913 nostrum.
2047 875 2154 921 Quod
2171 876 2200 913 si

1215 936 1276 972 ille
1296 946 1394 987 pater
1409 945 1526 972 noster
1540 935 1598 984 sit,
1617 949 1690 979 eos,
1713 934 1774 984 qui
1790 935 1835 971 ab
1851 935 1913 972 illo
1930 935 2005 972 nati
2028 945 2122 983 sunt,
2140 951 2203 988 pa-

1216 1004 1285 1033 tres
1310 996 1495 1047 oportebat
1521 1008 1611 1040 esse;
1635 993 1698 1031 sed
1724 1008 1791 1031 non
1818 995 1971 1032 fuerunt.
1990 995 2201 1035 Viden’hoc

1216 1072 1286 1095 non
1302 1067 1437 1095 tantum
1458 1057 1493 1094 in
1513 1057 1715 1094 abrahamo
1733 1057 1947 1108 contingere,
1966 1057 2026 1094 sed
2039 1058 2144 1096 etiam
2165 1059 2201 1095 in

1215 1118 1291 1156 filio
1310 1134 1316 1154 :
1334 1127 1367 1156 et
1381 1118 1511 1168 ubique
1534 1117 1642 1155 fidem
1659 1127 1691 1155 et
1707 1118 1874 1155 virtutem
1885 1117 2129 1169 splendentem
2147 1133 2202 1156 es-

1215 1194 1261 1227 se,
1280 1189 1313 1218 et
1331 1195 1450 1219 veram
1477 1180 1722 1232 cognationem
1747 1179 1970 1231 exprimere?
1987 1179 2079 1217 Hinc
2105 1180 2200 1218 enim

1215 1240 1405 1291 discimus,
1425 1256 1493 1279 non
1509 1242 1624 1279 solum
1639 1256 1702 1293 per
1718 1241 1863 1278 modum
1880 1240 2124 1292 generationis,
2141 1241 2203 1279 sed

1217 1303 1324 1340 etiam
1343 1303 1438 1354 quod
1459 1303 1561 1354 digni
1580 1303 1749 1354 genitoris
1764 1302 1897 1339 virtute
1922 1302 2005 1348 sint,
2022 1302 2116 1339 filios
2135 1317 2198 1340 vo-

1217 1363 1288 1401 cari
1305 1377 1374 1411 eos,
1391 1364 1453 1414 qui
1470 1364 1537 1401 filii
1551 1364 1626 1415 ejus
1643 1372 1734 1401 sunt.
1753 1363 1792 1400 Si
1809 1362 1902 1400 enim
1919 1377 1964 1400 cx
1977 1362 2082 1400 modo
2100 1377 2202 1413 gene-

1215 1425 1363 1462 rationis
1378 1434 1530 1471 tantum,
1549 1433 1725 1477 oporteret
1744 1424 1839 1462 Esa'u
1855 1424 1977 1462 eadem
1991 1425 2201 1476 praerogati—

1215 1500 1259 1524 va
1278 1487 1361 1535 frui,
1384 1502 1455 1537 qua
1471 1487 1581 1526 Jacob
1599 1486 1752 1523 fruitur:
1770 1501 1851 1523 nam
1867 1494 1898 1523 et
1913 1486 1989 1537 ipse
2004 1500 2049 1523 ex
2064 1495 2203 1524 mortua

1215 1548 1327 1585 vulva
1342 1548 1422 1595 fuit,
1443 1557 1475 1585 et
1493 1548 1623 1585 sterilis
1638 1557 1751 1585 mater
1766 1548 1843 1599 ejus
1863 1556 1951 1584 erat.
1968 1549 2105 1586 Verum
2130 1561 2200 1585 non

1215 1608 1283 1646 hoc
1302 1609 1528 1659 quaerebatur
1554 1608 1679 1655 solum,
1694 1608 1756 1645 sed
1774 1617 1808 1645 et
1828 1622 1967 1645 mores:
1988 1607 2084 1658 quod
2114 1609 2199 1658 qui-

1215 1670 1297 1708 dem
1323 1685 1393 1708 non
1414 1671 1562 1721 vulgare
1584 1680 1636 1708 est
1652 1669 1746 1707 etad
1770 1669 1969 1707 doctrinam
1984 1670 2067 1708 vitae
2097 1671 2200 1709 nobis

1215 1735 1359 1772 confert.
1377 1735 1450 1772 Nec
1466 1733 1566 1778 dicit,
1582 1732 1664 1782 quia
1680 1731 1740 1769 hic
1752 1732 1878 1777 bonus,
1895 1730 1956 1767 ille
1971 1745 2054 1769 vero
2073 1731 2200 1781 malus,

1214 1794 1293 1833 ideo
1309 1795 1362 1832 illi
1377 1794 1594 1846 antepositus
1608 1793 1645 1830 in
1658 1793 1790 1830 honore
1802 1792 1881 1841 fuit,
1893 1801 1932 1829 ut
1945 1805 1987 1829 ne
2000 1792 2120 1830 statim
2133 1793 2201 1831 hoc

1193 1851 1268 1894 'illi
1291 1856 1524 1908 objiceretur:
1543 1854 1640 1902 Quid
1666 1854 1773 1905 ergo?
1798 1853 1927 1890 bonine
1962 1853 2118 1902 fuerunt,
2138 1853 2204 1904 qui

1215 1932 1259 1955 ex
1276 1918 1438 1970 gentibus
1452 1925 1561 1964 erant,
1576 1930 1649 1968 prae
1666 1916 1751 1964 illis,
1771 1915 1832 1965 qui
1849 1929 1891 1952 ex
1905 1915 2170 1953 circumcisione
2184 1916 2202 1953 Ξ)

1169 1991 1194 2020 D
1215 1980 1308 2016 Nam
1323 1978 1387 2016 etsi
1404 1977 1455 2015 rei
1477 1976 1603 2014 veritas
1618 1976 1666 2013 ita
1686 1989 1721 2013 se
1736 1976 1898 2025 haberet,
1917 1984 1953 2012 at
1974 1974 2134 2012 nondum
2157 1975 2202 2013 il-

1213 2040 1276 2078 lud
1302 2039 1448 2094 apponit
1466 2054 1473 2075 ε
1497 2038 1677 2076 onerosius
1693 2037 1827 2089 quippe
1842 2036 1958 2076 visum
1974 2037 2098 2074 fuisset
2113 2053 2121 2073 :
2141 2037 2204 2075 sed

1212 2101 1249 2138 in
1269 2101 1336 2139 Dei
1361 2099 1596 2151 cognitionem
1611 2108 1725 2136 totum
1741 2098 1876 2150 rejecit,
1898 2111 2052 2148 quacum
2065 2112 2204 2150 pugna-

1213 2177 1251 2200 re
1270 2176 1372 2199 nemo
1391 2161 1495 2210 ausit,
1517 2161 1651 2198 etiamsi
1673 2160 1779 2198 valde
1793 2160 1956 2198 insaniat.
1985 2161 2081 2197 Cum
2100 2175 2201 2198 non-

1215 2224 1307 2260 dum
1334 2225 1417 2260 nati
1434 2230 1571 2268 essent,
1592 2221 1721 2271 inquit,
1739 2235 1864 2272 neque
1884 2223 1973 2257 boni
2001 2222 2203 2271 quidpiam

1207 2286 1409 2337 fecissent,
1423 2285 1569 2321 dictum.
1587 2291 1642 2320 est
1659 2285 1792 2329 matri,
1813 2283 1949 2333 Major
1967 2285 2106 2320 serviet
2126 2285 2203 2319 mi-

1215 2348 1301 2382 nori
1314 2361 1325 2381 .-
1342 2343 1564 2394 ostenditque
1587 2343 1809 2380 nobilitatem
1824 2342 1999 2379 carnalem
2014 2341 2107 2379 nihil
2119 2357 2205 2395 pro-

1213 2405 1324 2452 desse,
1340 2404 1402 2443 sed
1417 2405 1587 2443 virtutem
1604 2403 1728 2441 animae
1747 2403 1975 2454 quaerendam
1993 2417 2078 2452 esse,
2095 2417 2206 2454 quam

1213 2476 1293 2504 ante
1312 2481 1417 2519 opera
1437 2467 1533 2503 Deus
1552 2464 1665 2503 novit.
1688 2466 1784 2502 Cum
1809 2467 1911 2501 enim
1930 2465 2100 2502 nondum
2121 2467 2206 2502 nati

1214 2538 1353 2576 essent,
1373 2527 1503 2578 inquit,
1522 2541 1592 2565 nec
1603 2528 1791 2579 fecissent
1812 2527 2012 2578 quidpiam
2032 2528 2121 2563 boni
2136 2527 2205 2564 vel

1214 2591 1322 2638 mali,
1342 2598 1382 2627 ut
1406 2591 1644 2640 propositam
1659 2588 1735 2624 Dei
1751 2587 1960 2623 secundum
1978 2587 2204 2624 electionem

1168 2659 1192 2688 E
1215 2658 1402 2699 maneret,
1426 2650 1571 2686 dictum
1589 2656 1644 2685 est
1663 2649 1698 2683 ei
1714 2662 1724 2682 .·
1750 2647 1884 2697 .Major
1895 2649 2032 2684 serviet
2051 2648 2202 2683 minori.

1216 2710 1292 2748 Hoc
1306 2710 1399 2747 enim
1426 2708 1656 2761 praescientiae
1676 2715 1738 2754 est,
1756 2706 1852 2756 quod
1871 2720 1916 2743 ex
1937 2706 2012 2757 ipsa
2039 2706 2203 2758 parturi-

1211 2770 1308 2808 tione
1326 2770 1535 2820 eligeretur3
1555 2777 1594 2805 ut
1613 2776 1812 2819 appareret,
1830 2766 1957 2817 inquit,
1972 2767 2096 2804 electio
2109 2768 2174 2805 Dei
2190 2797 2201 2816 ,

1217 2844 1295 2881 quae
1315 2828 1506 2867 secundum
1534 2827 1755 2880 propositum
1778 2835 1811 2863 et
1829 2826 2087 2878 praescientiam
2112 2827 2205 2865 facta

1218 2900 1289 2929 est:
1307 2905 1352 2928 ex
1369 2889 1485 2942 primo
1506 2902 1656 2938 namque
1674 2887 1732 2924 die
1753 2896 1786 2924 et
1798 2887 1933 2924 bonum
1956 2897 1990 2925 et
2010 2901 2080 2925 non
2099 2888 2205 2925 talem

1219 2961 1253 2989 et
1267 2951 1367 2989 novit
1388 2959 1421 2988 et
1435 2949 1656 3002 praedicavit.
1673 2948 1726 2985 Ne
1743 2947 1835 2984 mihi
1854 2961 1937 2999 ergo
1957 2947 2070 2998 dicas,
2089 2948 2204 2999 legem

1219 3021 1254 3050 te
1271 3012 1398 3063 legisse
1414 3020 1448 3048 et
1464 3010 1666 3063 prophetas,
1686 3017 1720 3046 et
1738 3017 1876 3045 tantum
1899 3009 2067 3060 temporis
2092 3009 2204 3046 servi-

1219 3073 1324 3112 visse.
1347 3074 1439 3110 Nam
1465 3071 1526 3122 qui
1554 3071 1655 3108 novit
1678 3069 1833 3106 animam
1853 3069 2015 3120 probare,
2030 3069 2097 3107 scit
2124 3069 2204 3120 quis

1220 3135 1332 3173 salute
1357 3134 1403 3172 sit
1432 3134 1573 3184 dignus.
1596 3130 1689 3169 Cede
1715 3131 1825 3182 igitur
1847 3131 2204 3183 Incomprehensibili

1220 3196 1424 3234 electionem
1440 3210 1447 3231 :
1466 3195 1540 3246 ipse
1555 3206 1707 3243 namque
1723 3192 1818 3230 solus
1837 3192 1902 3229 scit
1921 3201 2041 3230 exacte
2060 3206 2205 3230 corona-

1220 3272 1268 3296 re.
1286 3258 1381 3304 Quot
1400 3255 1492 3294 enim
1512 3254 1682 3293 Matthaeo
1703 3253 1865 3292 meliores
1880 3253 2097 3294 videbantur
2108 3268 2202 3304 esse,

1171 1308 1194 1338 C

1245 3397 1262 3421 b
1285 3395 1466 3440 [ἀνεκήρυξε
1481 3393 1517 3424 Α.
1531 3398 1564 3424 et
1581 3401 1685 3434 marg.
1697 3388 1816 3432 Savil.]
