<?xml version="1.0" encoding="UTF-8"?>
<!DOCTYPE html PUBLIC "-//W3C//DTD XHTML 1.0 Transitional//EN"
    "http://www.w3.org/TR/xhtml1/DTD/xhtml1-transitional.dtd">
<html xmlns="http://www.w3.org/1999/xhtml" xml:lang="en" lang="en">
 <head>
  <title>
</title>
<meta http-equiv="Content-Type" content="text/html;charset=utf-8" />
  <meta name='ocr-system' content='tesseract 3.04.00' />
  <meta name='ocr-capabilities' content='ocr_page ocr_carea ocr_par ocr_line ocrx_word'/>
</head>
<body>
  <div class='ocr_page' id='page_1' title='image "./operaomniaquaeex09johnuoft/operaomniaquaeex09johnuoft_0632.png"; bbox 0 0 2502 3810; ppageno 0'>
   <div class='ocr_carea' id='block_1_1' title="bbox 131 1229 291 1260">
    <p class='ocr_par' dir='ltr' id='par_1_1' title="bbox 131 1229 291 1260">
     <span class='ocr_line' id='line_1_1' title="bbox 131 1229 291 1260; baseline 0.006 -2"><span class='ocrx_word' id='word_1_1' title='bbox 131 1233 204 1260; x_wconf 79' lang='lat' dir='ltr'><strong>Gen.</strong></span> <span class='ocrx_word' id='word_1_2' title='bbox 219 1229 291 1260; x_wconf 80' lang='lat'><strong>3.5.</strong></span> 
     </span>
    </p>
   </div>
   <div class='ocr_carea' id='block_1_2' title="bbox 130 1783 292 1851">
    <p class='ocr_par' dir='ltr' id='par_1_2' title="bbox 130 1783 292 1851">
     <span class='ocr_line' id='line_1_2' title="bbox 130 1783 292 1812; baseline -0.012 0"><span class='ocrx_word' id='word_1_3' title='bbox 130 1793 159 1812; x_wconf 82' lang='lat'><strong>2.</strong></span> <span class='ocrx_word' id='word_1_4' title='bbox 179 1783 249 1811; x_wconf 82' lang='lat' dir='ltr'><strong>Cor.</strong></span> <span class='ocrx_word' id='word_1_5' title='bbox 266 1792 292 1811; x_wconf 83' lang='lat'><strong>2.</strong></span> 
     </span>
     <span class='ocr_line' id='line_1_3' title="bbox 135 1834 180 1851; baseline 0 0"><span class='ocrx_word' id='word_1_6' title='bbox 135 1834 180 1851; x_wconf 82' lang='grc' dir='ltr'><strong>ιι.</strong></span> 
     </span>
    </p>
   </div>
   <div class='ocr_carea' id='block_1_3' title="bbox 330 213 1313 260">
    <p class='ocr_par' dir='ltr' id='par_1_3' title="bbox 330 213 1313 260">
     <span class='ocr_line' id='line_1_4' title="bbox 330 213 1313 260; baseline -0.006 0"><span class='ocrx_word' id='word_1_7' title='bbox 330 213 388 260; x_wconf 81' lang='lat'><strong>58</strong></span> <span class='ocrx_word' id='word_1_8' title='bbox 398 233 418 259; x_wconf 85' lang='lat'>2</span> <span class='ocrx_word' id='word_1_9' title='bbox 782 228 819 257; x_wconf 87' lang='lat' dir='ltr'><strong>s.</strong></span> <span class='ocrx_word' id='word_1_10' title='bbox 857 225 1039 257; x_wconf 70' lang='lat' dir='ltr'>JOANNIS</span> <span class='ocrx_word' id='word_1_11' title='bbox 1075 226 1186 255; x_wconf 61' lang='lat' dir='ltr'><strong>enar</strong></span> <span class='ocrx_word' id='word_1_12' title='bbox 1194 225 1313 255; x_wconf 84' lang='lat' dir='ltr'><strong>sosT.</strong></span> 
     </span>
    </p>
   </div>
   <div class='ocr_carea' id='block_1_4' title="bbox 321 304 1359 2065">
    <p class='ocr_par' dir='ltr' id='par_1_4' title="bbox 321 304 1359 2065">
     <span class='ocr_line' id='line_1_5' title="bbox 327 304 1316 360; baseline -0.003 -14"><span class='ocrx_word' id='word_1_13' title='bbox 327 310 355 346; x_wconf 91' lang='lat' dir='ltr'><strong>si</strong></span> <span class='ocrx_word' id='word_1_14' title='bbox 387 317 582 360; x_wconf 81' lang='lat' dir='ltr'><strong>serpentem</strong></span> <span class='ocrx_word' id='word_1_15' title='bbox 601 320 712 359; x_wconf 84' lang='lat' dir='ltr'>prope</span> <span class='ocrx_word' id='word_1_16' title='bbox 730 307 862 344; x_wconf 88' lang='lat' dir='ltr'><strong>lectum</strong></span> <span class='ocrx_word' id='word_1_17' title='bbox 881 314 1042 343; x_wconf 85' lang='lat' dir='ltr'><strong>nostrum</strong></span> <span class='ocrx_word' id='word_1_18' title='bbox 1065 304 1206 343; x_wconf 87' lang='lat' dir='ltr'><strong>latitare</strong></span> <span class='ocrx_word' id='word_1_19' title='bbox 1233 306 1316 343; x_wconf 88' lang='lat' dir='ltr'><strong>sci-</strong></span> 
     </span>
     <span class='ocr_line' id='line_1_6' title="bbox 327 367 1306 418; baseline -0.003 -11"><span class='ocrx_word' id='word_1_20' title='bbox 327 384 456 416; x_wconf 78' lang='lat' dir='ltr'><strong>remuS,</strong></span> <span class='ocrx_word' id='word_1_21' title='bbox 466 369 555 406; x_wconf 89' lang='lat' dir='ltr'><strong>nihil</strong></span> <span class='ocrx_word' id='word_1_22' title='bbox 573 382 643 405; x_wconf 89' lang='lat' dir='ltr'><strong>non</strong></span> <span class='ocrx_word' id='word_1_23' title='bbox 662 381 845 418; x_wconf 78' lang='lat' dir='ltr'><strong>ageremus</strong></span> <span class='ocrx_word' id='word_1_24' title='bbox 864 367 910 404; x_wconf 89' lang='lat' dir='ltr'><strong>ad</strong></span> <span class='ocrx_word' id='word_1_25' title='bbox 928 367 1032 404; x_wconf 90' lang='lat' dir='ltr'><strong>illum</strong></span> <span class='ocrx_word' id='word_1_26' title='bbox 1051 367 1306 417; x_wconf 80' lang='lat' dir='ltr'><strong>occidendum3</strong></span> 
     </span>
     <span class='ocr_line' id='line_1_7' title="bbox 326 427 1308 479; baseline -0.001 -12"><span class='ocrx_word' id='word_1_27' title='bbox 326 430 478 467; x_wconf 85' lang='lat' dir='ltr'><strong>Diabolo</strong></span> <span class='ocrx_word' id='word_1_28' title='bbox 510 438 627 466; x_wconf 90' lang='lat' dir='ltr'><strong>autem</strong></span> <span class='ocrx_word' id='word_1_29' title='bbox 653 428 690 465; x_wconf 93' lang='lat' dir='ltr'><strong>in</strong></span> <span class='ocrx_word' id='word_1_30' title='bbox 709 428 794 479; x_wconf 87' lang='lat' dir='ltr'><strong>ipsis</strong></span> <span class='ocrx_word' id='word_1_31' title='bbox 825 428 954 465; x_wconf 90' lang='lat' dir='ltr'><strong>animis</strong></span> <span class='ocrx_word' id='word_1_32' title='bbox 975 428 1105 465; x_wconf 90' lang='lat' dir='ltr'><strong>nostris</strong></span> <span class='ocrx_word' id='word_1_33' title='bbox 1133 427 1308 477; x_wconf 87' lang='lat' dir='ltr'><strong>latitante,</strong></span> 
     </span>
     <span class='ocr_line' id='line_1_8' title="bbox 324 488 1307 540; baseline -0.002 -14"><span class='ocrx_word' id='word_1_34' title='bbox 324 490 415 527; x_wconf 84' lang='lat' dir='ltr'>nihil</span> <span class='ocrx_word' id='word_1_35' title='bbox 435 503 496 526; x_wconf 90' lang='lat' dir='ltr'><strong>nos</strong></span> <span class='ocrx_word' id='word_1_36' title='bbox 518 488 657 526; x_wconf 77' lang='lat' dir='ltr'><strong>adversi</strong></span> <span class='ocrx_word' id='word_1_37' title='bbox 677 489 751 540; x_wconf 88' lang='lat' dir='ltr'><strong>pati</strong></span> <span class='ocrx_word' id='word_1_38' title='bbox 771 497 950 540; x_wconf 84' lang='lat' dir='ltr'><strong>putamus,</strong></span> <span class='ocrx_word' id='word_1_39' title='bbox 976 488 1036 526; x_wconf 88' lang='lat' dir='ltr'><strong>sed</strong></span> <span class='ocrx_word' id='word_1_40' title='bbox 1059 488 1281 526; x_wconf 89' lang='lat' dir='ltr'><strong>concidimus</strong></span> <span class='ocrx_word' id='word_1_41' title='bbox 1299 503 1307 524; x_wconf 70' lang='grc' dir='ltr'>τ</span> 
     </span>
     <span class='ocr_line' id='line_1_9' title="bbox 323 548 1309 600; baseline 0.002 -15"><span class='ocrx_word' id='word_1_42' title='bbox 323 550 423 600; x_wconf 87' lang='lat' dir='ltr'><strong>cujus</strong></span> <span class='ocrx_word' id='word_1_43' title='bbox 452 549 501 586; x_wconf 91' lang='lat' dir='ltr'><strong>rei</strong></span> <span class='ocrx_word' id='word_1_44' title='bbox 530 563 633 586; x_wconf 84' lang='lat' dir='ltr'><strong>causa</strong></span> <span class='ocrx_word' id='word_1_45' title='bbox 657 558 722 598; x_wconf 85' lang='lat' dir='ltr'><strong>est,</strong></span> <span class='ocrx_word' id='word_1_46' title='bbox 756 549 852 599; x_wconf 92' lang='lat' dir='ltr'><strong>quod</strong></span> <span class='ocrx_word' id='word_1_47' title='bbox 880 549 998 600; x_wconf 89' lang='lat' dir='ltr'><strong>ipsum</strong></span> <span class='ocrx_word' id='word_1_48' title='bbox 1018 548 1131 586; x_wconf 91' lang='lat' dir='ltr'><strong>oculis</strong></span> <span class='ocrx_word' id='word_1_49' title='bbox 1151 549 1309 600; x_wconf 86' lang='lat' dir='ltr'><strong>corporis</strong></span> 
     </span>
     <span class='ocr_line' id='line_1_10' title="bbox 323 610 1310 662; baseline 0 -14"><span class='ocrx_word' id='word_1_50' title='bbox 323 626 391 648; x_wconf 89' lang='lat' dir='ltr'><strong>non</strong></span> <span class='ocrx_word' id='word_1_51' title='bbox 409 610 593 649; x_wconf 73' lang='lat' dir='ltr'><strong>videamus</strong></span> <span class='ocrx_word' id='word_1_52' title='bbox 613 627 621 647; x_wconf 92' lang='lat'><strong>:</strong></span> <span class='ocrx_word' id='word_1_53' title='bbox 640 626 856 662; x_wconf 86' lang='lat' dir='ltr'><strong>quamquam</strong></span> <span class='ocrx_word' id='word_1_54' title='bbox 875 611 956 649; x_wconf 91' lang='lat' dir='ltr'><strong>ideo</strong></span> <span class='ocrx_word' id='word_1_55' title='bbox 976 611 1088 662; x_wconf 82' lang='lat' dir='ltr'><strong>magis</strong></span> <span class='ocrx_word' id='word_1_56' title='bbox 1106 611 1258 661; x_wconf 68' lang='lat' dir='ltr'><strong>vigilare</strong></span> <span class='ocrx_word' id='word_1_57' title='bbox 1277 619 1310 648; x_wconf 91' lang='lat' dir='ltr'><strong>et</strong></span> 
     </span>
     <span class='ocr_line' id='line_1_11' title="bbox 323 671 1309 723; baseline 0 -15"><span class='ocrx_word' id='word_1_58' title='bbox 323 685 447 708; x_wconf 73' lang='lat' dir='ltr'><strong>cavere</strong></span> <span class='ocrx_word' id='word_1_59' title='bbox 464 681 650 723; x_wconf 75' lang='lat' dir='ltr'><strong>oporteret.</strong></span> <span class='ocrx_word' id='word_1_60' title='bbox 670 673 762 709; x_wconf 90' lang='lat' dir='ltr'><strong>Nam</strong></span> <span class='ocrx_word' id='word_1_61' title='bbox 779 687 798 709; x_wconf 93' lang='lat' dir='ltr'><strong>a</strong></span> <span class='ocrx_word' id='word_1_62' title='bbox 815 672 972 709; x_wconf 83' lang='lat' dir='ltr'><strong>sensibili</strong></span> <span class='ocrx_word' id='word_1_63' title='bbox 993 672 1093 709; x_wconf 88' lang='lat' dir='ltr'><strong>hoste</strong></span> <span class='ocrx_word' id='word_1_64' title='bbox 1107 671 1211 709; x_wconf 84' lang='lat' dir='ltr'><strong>facile</strong></span> <span class='ocrx_word' id='word_1_65' title='bbox 1230 671 1309 721; x_wconf 89' lang='lat' dir='ltr'><strong>quis</strong></span> 
     </span>
     <span class='ocr_line' id='line_1_12' title="bbox 323 733 1354 785; baseline 0.001 -14"><span class='ocrx_word' id='word_1_66' title='bbox 323 734 477 782; x_wconf 73' lang='lat' dir='ltr'><strong>caverit3</strong></span> <span class='ocrx_word' id='word_1_67' title='bbox 512 734 558 771; x_wconf 87' lang='lat' dir='ltr'><strong>ab</strong></span> <span class='ocrx_word' id='word_1_68' title='bbox 586 734 761 772; x_wconf 83' lang='lat' dir='ltr'><strong>invisibili</strong></span> <span class='ocrx_word' id='word_1_69' title='bbox 782 749 880 782; x_wconf 74' lang='lat' dir='ltr'><strong>vem,</strong></span> <span class='ocrx_word' id='word_1_70' title='bbox 905 734 974 772; x_wconf 88' lang='lat' dir='ltr'><strong>nisi</strong></span> <span class='ocrx_word' id='word_1_71' title='bbox 994 733 1151 785; x_wconf 85' lang='lat' dir='ltr'><strong>undique</strong></span> <span class='ocrx_word' id='word_1_72' title='bbox 1181 735 1308 772; x_wconf 86' lang='lat' dir='ltr'><strong>armati</strong></span> <span class='ocrx_word' id='word_1_73' title='bbox 1329 739 1354 768; x_wconf 92' lang='lat' dir='ltr'>D</span> 
     </span>
     <span class='ocr_line' id='line_1_13' title="bbox 321 795 1310 847; baseline 0.001 -15"><span class='ocrx_word' id='word_1_74' title='bbox 321 795 446 844; x_wconf 88' lang='lat' dir='ltr'><strong>simus,</strong></span> <span class='ocrx_word' id='word_1_75' title='bbox 487 795 590 832; x_wconf 86' lang='lat' dir='ltr'><strong>facile</strong></span> <span class='ocrx_word' id='word_1_76' title='bbox 621 795 775 846; x_wconf 82' lang='lat' dir='ltr'><strong>effugere</strong></span> <span class='ocrx_word' id='word_1_77' title='bbox 804 809 874 832; x_wconf 93' lang='lat' dir='ltr'><strong>non</strong></span> <span class='ocrx_word' id='word_1_78' title='bbox 899 795 1116 847; x_wconf 84' lang='lat' dir='ltr'><strong>poterimus;</strong></span> <span class='ocrx_word' id='word_1_79' title='bbox 1154 795 1310 833; x_wconf 81' lang='lat' dir='ltr'><strong>maxime</strong></span> 
     </span>
     <span class='ocr_line' id='line_1_14' title="bbox 321 856 1306 908; baseline 0.001 -15"><span class='ocrx_word' id='word_1_80' title='bbox 321 865 438 893; x_wconf 88' lang='lat' dir='ltr'><strong>autem</strong></span> <span class='ocrx_word' id='word_1_81' title='bbox 459 856 542 906; x_wconf 85' lang='lat' dir='ltr'><strong>quia</strong></span> <span class='ocrx_word' id='word_1_82' title='bbox 564 856 624 893; x_wconf 91' lang='lat' dir='ltr'><strong>ille</strong></span> <span class='ocrx_word' id='word_1_83' title='bbox 643 870 712 894; x_wconf 92' lang='lat' dir='ltr'><strong>non</strong></span> <span class='ocrx_word' id='word_1_84' title='bbox 733 865 826 894; x_wconf 85' lang='lat' dir='ltr'><strong>recta</strong></span> <span class='ocrx_word' id='word_1_85' title='bbox 847 857 905 894; x_wconf 78' lang='lat' dir='ltr'><strong>via</strong></span> <span class='ocrx_word' id='word_1_86' title='bbox 932 871 997 894; x_wconf 90' lang='lat' dir='ltr'><strong>nos</strong></span> <span class='ocrx_word' id='word_1_87' title='bbox 1025 856 1170 908; x_wconf 80' lang='lat' dir='ltr'><strong>aggredi</strong></span> <span class='ocrx_word' id='word_1_88' title='bbox 1192 856 1281 894; x_wconf 90' lang='lat' dir='ltr'><strong>solet</strong></span> <span class='ocrx_word' id='word_1_89' title='bbox 1294 871 1306 907; x_wconf 78' lang='lat'><em>3</em></span> 
     </span>
     <span class='ocr_line' id='line_1_15' title="bbox 321 917 1309 970; baseline 0.001 -16"><span class='ocrx_word' id='word_1_90' title='bbox 321 917 408 954; x_wconf 88' lang='lat' dir='ltr'><strong>alias</strong></span> <span class='ocrx_word' id='word_1_91' title='bbox 427 918 521 954; x_wconf 88' lang='lat' dir='ltr'><strong>enim</strong></span> <span class='ocrx_word' id='word_1_92' title='bbox 541 918 610 955; x_wconf 90' lang='lat' dir='ltr'><strong>cito</strong></span> <span class='ocrx_word' id='word_1_93' title='bbox 630 927 813 970; x_wconf 87' lang='lat' dir='ltr'><strong>caperetur</strong></span> <span class='ocrx_word' id='word_1_94' title='bbox 825 933 837 967; x_wconf 78' lang='lat'><em>3</em></span> <span class='ocrx_word' id='word_1_95' title='bbox 860 917 920 955; x_wconf 89' lang='lat' dir='ltr'><strong>sed</strong></span> <span class='ocrx_word' id='word_1_96' title='bbox 944 932 1035 969; x_wconf 77' lang='lat' dir='ltr'><strong>saepe</strong></span> <span class='ocrx_word' id='word_1_97' title='bbox 1058 918 1125 955; x_wconf 89' lang='lat' dir='ltr'><strong>sub</strong></span> <span class='ocrx_word' id='word_1_98' title='bbox 1145 918 1309 955; x_wconf 85' lang='lat' dir='ltr'><strong>amicitiae</strong></span> 
     </span>
     <span class='ocr_line' id='line_1_16' title="bbox 322 977 1310 1030; baseline -0.001 -15"><span class='ocrx_word' id='word_1_99' title='bbox 322 977 457 1030; x_wconf 89' lang='lat' dir='ltr'><strong>specie,</strong></span> <span class='ocrx_word' id='word_1_100' title='bbox 482 977 700 1016; x_wconf 84' lang='lat' dir='ltr'><strong>crudelitatis</strong></span> <span class='ocrx_word' id='word_1_101' title='bbox 728 992 905 1016; x_wconf 68' lang='lat' dir='ltr'><strong>venenum</strong></span> <span class='ocrx_word' id='word_1_102' title='bbox 935 977 1109 1016; x_wconf 82' lang='lat' dir='ltr'><strong>immittit.</strong></span> <span class='ocrx_word' id='word_1_103' title='bbox 1142 978 1203 1016; x_wconf 91' lang='lat' dir='ltr'><strong>Sic</strong></span> <span class='ocrx_word' id='word_1_104' title='bbox 1226 977 1310 1017; x_wconf 86' lang='lat' dir='ltr'><strong>Jobi</strong></span> 
     </span>
     <span class='ocr_line' id='line_1_17' title="bbox 323 1037 1309 1087; baseline 0 -12"><span class='ocrx_word' id='word_1_105' title='bbox 323 1052 471 1076; x_wconf 80' lang='lat' dir='ltr'><strong>uxorem</strong></span> <span class='ocrx_word' id='word_1_106' title='bbox 504 1038 674 1087; x_wconf 80' lang='lat' dir='ltr'><strong>induxit,</strong></span> <span class='ocrx_word' id='word_1_107' title='bbox 706 1047 745 1075; x_wconf 90' lang='lat' dir='ltr'><strong>ut</strong></span> <span class='ocrx_word' id='word_1_108' title='bbox 776 1047 930 1075; x_wconf 86' lang='lat' dir='ltr'><strong>assumta</strong></span> <span class='ocrx_word' id='word_1_109' title='bbox 957 1037 1158 1075; x_wconf 86' lang='lat' dir='ltr'><strong>dilectionis</strong></span> <span class='ocrx_word' id='word_1_110' title='bbox 1187 1038 1309 1087; x_wconf 84' lang='lat' dir='ltr'><strong>larva,</strong></span> 
     </span>
     <span class='ocr_line' id='line_1_18' title="bbox 322 1098 1310 1151; baseline -0.002 -14"><span class='ocrx_word' id='word_1_111' title='bbox 322 1100 562 1150; x_wconf 88' lang='lat' dir='ltr'><strong>perniciosum</strong></span> <span class='ocrx_word' id='word_1_112' title='bbox 584 1099 676 1137; x_wconf 89' lang='lat' dir='ltr'><strong>illud</strong></span> <span class='ocrx_word' id='word_1_113' title='bbox 705 1100 894 1137; x_wconf 89' lang='lat' dir='ltr'><strong>consilium</strong></span> <span class='ocrx_word' id='word_1_114' title='bbox 915 1099 1085 1151; x_wconf 84' lang='lat' dir='ltr'><strong>proferret</strong></span> <span class='ocrx_word' id='word_1_115' title='bbox 1103 1114 1110 1135; x_wconf 90' lang='lat'>:</span> <span class='ocrx_word' id='word_1_116' title='bbox 1129 1099 1179 1136; x_wconf 90' lang='lat' dir='ltr'><strong>sic</strong></span> <span class='ocrx_word' id='word_1_117' title='bbox 1211 1098 1310 1136; x_wconf 74' lang='lat' dir='ltr'><strong>Ada-</strong></span> 
     </span>
     <span class='ocr_line' id='line_1_19' title="bbox 324 1160 1313 1212; baseline -0.001 -14"><span class='ocrx_word' id='word_1_118' title='bbox 324 1175 424 1198; x_wconf 89' lang='lat' dir='ltr'><strong>mum</strong></span> <span class='ocrx_word' id='word_1_119' title='bbox 447 1161 643 1211; x_wconf 84' lang='lat' dir='ltr'><strong>alloquens,</strong></span> <span class='ocrx_word' id='word_1_120' title='bbox 677 1175 712 1199; x_wconf 90' lang='lat' dir='ltr'><strong>se</strong></span> <span class='ocrx_word' id='word_1_121' title='bbox 735 1175 857 1198; x_wconf 87' lang='lat' dir='ltr'><strong>curam</strong></span> <span class='ocrx_word' id='word_1_122' title='bbox 883 1169 916 1197; x_wconf 93' lang='lat' dir='ltr'><strong>et</strong></span> <span class='ocrx_word' id='word_1_123' title='bbox 936 1160 1174 1212; x_wconf 81' lang='lat' dir='ltr'><strong>patrocinium</strong></span> <span class='ocrx_word' id='word_1_124' title='bbox 1199 1160 1313 1212; x_wconf 87' lang='lat' dir='ltr'><strong>ipsius</strong></span> 
     </span>
     <span class='ocr_line' id='line_1_20' title="bbox 326 1220 1314 1274; baseline -0.001 -16"><span class='ocrx_word' id='word_1_125' title='bbox 326 1221 502 1274; x_wconf 85' lang='lat' dir='ltr'><strong>suscipere</strong></span> <span class='ocrx_word' id='word_1_126' title='bbox 530 1221 703 1270; x_wconf 79' lang='lat' dir='ltr'><strong>simulat,</strong></span> <span class='ocrx_word' id='word_1_127' title='bbox 752 1221 874 1259; x_wconf 87' lang='lat' dir='ltr'><strong>dicens</strong></span> <span class='ocrx_word' id='word_1_128' title='bbox 905 1236 912 1257; x_wconf 91' lang='lat'>:</span> <span class='ocrx_word' id='word_1_129' title='bbox 943 1222 1181 1272; x_wconf 79' lang='lat' dir='ltr'><strong>Aperientur</strong></span> <span class='ocrx_word' id='word_1_130' title='bbox 1211 1220 1314 1258; x_wconf 82' lang='lat' dir='ltr'><strong>oculi</strong></span> 
     </span>
     <span class='ocr_line' id='line_1_21' title="bbox 325 1283 1313 1337; baseline -0.002 -15"><span class='ocrx_word' id='word_1_131' title='bbox 325 1287 460 1331; x_wconf 81' lang='lat' dir='ltr'><strong>vestri,</strong></span> <span class='ocrx_word' id='word_1_132' title='bbox 493 1298 570 1337; x_wconf 81' lang='lat' dir='ltr'><strong>qua</strong></span> <span class='ocrx_word' id='word_1_133' title='bbox 590 1286 651 1321; x_wconf 79' lang='lat' dir='ltr'><strong>die</strong></span> <span class='ocrx_word' id='word_1_134' title='bbox 679 1284 726 1321; x_wconf 84' lang='lat' dir='ltr'><strong>de</strong></span> <span class='ocrx_word' id='word_1_135' title='bbox 746 1285 850 1336; x_wconf 80' lang='lat' dir='ltr'><strong>ligno</strong></span> <span class='ocrx_word' id='word_1_136' title='bbox 875 1285 1130 1322; x_wconf 81' lang='lat' dir='ltr'><strong>comederitis.</strong></span> <span class='ocrx_word' id='word_1_137' title='bbox 1156 1283 1216 1321; x_wconf 87' lang='lat' dir='ltr'><strong>Sic</strong></span> <span class='ocrx_word' id='word_1_138' title='bbox 1234 1283 1313 1335; x_wconf 89' lang='lat' dir='ltr'><strong>pie-</strong></span> 
     </span>
     <span class='ocr_line' id='line_1_22' title="bbox 326 1342 1359 1398; baseline -0.002 -13"><span class='ocrx_word' id='word_1_139' title='bbox 326 1356 433 1385; x_wconf 82' lang='lat' dir='ltr'><strong>tatem</strong></span> <span class='ocrx_word' id='word_1_140' title='bbox 456 1347 624 1385; x_wconf 81' lang='lat' dir='ltr'><strong>simulans</strong></span> <span class='ocrx_word' id='word_1_141' title='bbox 655 1347 818 1398; x_wconf 82' lang='lat' dir='ltr'><strong>Jephthae</strong></span> <span class='ocrx_word' id='word_1_142' title='bbox 841 1347 963 1394; x_wconf 85' lang='lat' dir='ltr'><strong>suasit,</strong></span> <span class='ocrx_word' id='word_1_143' title='bbox 988 1355 1027 1383; x_wconf 90' lang='lat' dir='ltr'><strong>ut</strong></span> <span class='ocrx_word' id='word_1_144' title='bbox 1047 1346 1158 1383; x_wconf 86' lang='lat' dir='ltr'><strong>filiam</strong></span> <span class='ocrx_word' id='word_1_145' title='bbox 1178 1346 1312 1383; x_wconf 89' lang='lat' dir='ltr'><strong>immo-</strong></span> <span class='ocrx_word' id='word_1_146' title='bbox 1335 1342 1359 1372; x_wconf 77' lang='grc' dir='ltr'>Ε</span> 
     </span>
     <span class='ocr_line' id='line_1_23' title="bbox 326 1405 1313 1457; baseline -0.002 -12"><span class='ocrx_word' id='word_1_147' title='bbox 326 1408 427 1454; x_wconf 85' lang='lat' dir='ltr'><strong>laret,</strong></span> <span class='ocrx_word' id='word_1_148' title='bbox 449 1416 482 1445; x_wconf 90' lang='lat' dir='ltr'><strong>et</strong></span> <span class='ocrx_word' id='word_1_149' title='bbox 498 1407 661 1457; x_wconf 88' lang='lat' dir='ltr'><strong>iniquum</strong></span> <span class='ocrx_word' id='word_1_150' title='bbox 678 1407 893 1445; x_wconf 80' lang='lat' dir='ltr'><strong>sacrificium</strong></span> <span class='ocrx_word' id='word_1_151' title='bbox 908 1407 1062 1444; x_wconf 85' lang='lat' dir='ltr'><strong>offerret.</strong></span> <span class='ocrx_word' id='word_1_152' title='bbox 1082 1405 1218 1444; x_wconf 71' lang='lat' dir='ltr'><strong>Viden³</strong></span> <span class='ocrx_word' id='word_1_153' title='bbox 1237 1407 1313 1457; x_wconf 88' lang='lat' dir='ltr'><strong>ejus</strong></span> 
     </span>
     <span class='ocr_line' id='line_1_24' title="bbox 327 1467 1313 1520; baseline -0.003 -15"><span class='ocrx_word' id='word_1_154' title='bbox 327 1468 501 1506; x_wconf 75' lang='lat' dir='ltr'><strong>insidias&#39;.3</strong></span> <span class='ocrx_word' id='word_1_155' title='bbox 516 1467 635 1506; x_wconf 75' lang='lat' dir='ltr'><strong>viden&#39;</strong></span> <span class='ocrx_word' id='word_1_156' title='bbox 651 1469 726 1520; x_wconf 87' lang='lat' dir='ltr'><strong>ejus</strong></span> <span class='ocrx_word' id='word_1_157' title='bbox 745 1468 887 1505; x_wconf 77' lang='lat' dir='ltr'><strong>varium</strong></span> <span class='ocrx_word' id='word_1_158' title='bbox 900 1468 1063 1505; x_wconf 68' lang='lat' dir='ltr'><strong>bellum?</strong></span> <span class='ocrx_word' id='word_1_159' title='bbox 1085 1468 1177 1504; x_wconf 76' lang='lat' dir='ltr'><strong>Cave</strong></span> <span class='ocrx_word' id='word_1_160' title='bbox 1189 1467 1313 1517; x_wconf 82' lang='lat' dir='ltr'><strong>igitur,</strong></span> 
     </span>
     <span class='ocr_line' id='line_1_25' title="bbox 327 1526 1314 1580; baseline -0.004 -14"><span class='ocrx_word' id='word_1_161' title='bbox 327 1538 360 1566; x_wconf 92' lang='lat' dir='ltr'><strong>et</strong></span> <span class='ocrx_word' id='word_1_162' title='bbox 373 1538 406 1566; x_wconf 89' lang='lat' dir='ltr'><strong>te</strong></span> <span class='ocrx_word' id='word_1_163' title='bbox 419 1529 579 1579; x_wconf 86' lang='lat' dir='ltr'><strong>undique</strong></span> <span class='ocrx_word' id='word_1_164' title='bbox 594 1529 729 1566; x_wconf 93' lang='lat' dir='ltr'><strong>munito</strong></span> <span class='ocrx_word' id='word_1_165' title='bbox 745 1528 992 1580; x_wconf 80' lang='lat' dir='ltr'><strong>spiritualibus</strong></span> <span class='ocrx_word' id='word_1_166' title='bbox 1008 1527 1126 1574; x_wconf 82' lang='lat' dir='ltr'><strong>armis,</strong></span> <span class='ocrx_word' id='word_1_167' title='bbox 1148 1526 1314 1576; x_wconf 90' lang='lat' dir='ltr'><strong>illiusque</strong></span> 
     </span>
     <span class='ocr_line' id='line_1_26' title="bbox 327 1589 1314 1640; baseline -0.003 -12"><span class='ocrx_word' id='word_1_168' title='bbox 327 1592 609 1629; x_wconf 76' lang='lat' dir='ltr'><strong>machinamenta</strong></span> <span class='ocrx_word' id='word_1_169' title='bbox 630 1600 790 1628; x_wconf 85' lang='lat' dir='ltr'><strong>accurate</strong></span> <span class='ocrx_word' id='word_1_170' title='bbox 805 1590 915 1636; x_wconf 86' lang='lat' dir='ltr'><strong>disce,</strong></span> <span class='ocrx_word' id='word_1_171' title='bbox 938 1599 977 1626; x_wconf 89' lang='lat' dir='ltr'><strong>ut</strong></span> <span class='ocrx_word' id='word_1_172' title='bbox 997 1603 1038 1626; x_wconf 89' lang='lat' dir='ltr'><strong>ne</strong></span> <span class='ocrx_word' id='word_1_173' title='bbox 1059 1598 1093 1626; x_wconf 83' lang='lat' dir='ltr'><strong>te</strong></span> <span class='ocrx_word' id='word_1_174' title='bbox 1112 1589 1172 1625; x_wconf 88' lang='lat' dir='ltr'><strong>ille</strong></span> <span class='ocrx_word' id='word_1_175' title='bbox 1191 1602 1314 1640; x_wconf 85' lang='lat' dir='ltr'><strong>capere</strong></span> 
     </span>
     <span class='ocr_line' id='line_1_27' title="bbox 327 1649 1315 1701; baseline -0.001 -13"><span class='ocrx_word' id='word_1_176' title='bbox 327 1652 454 1699; x_wconf 69' lang='lat' dir='ltr'><strong>valeat,</strong></span> <span class='ocrx_word' id='word_1_177' title='bbox 475 1661 506 1688; x_wconf 93' lang='lat' dir='ltr'><strong>et</strong></span> <span class='ocrx_word' id='word_1_178' title='bbox 526 1660 565 1687; x_wconf 87' lang='lat' dir='ltr'><strong>tu</strong></span> <span class='ocrx_word' id='word_1_179' title='bbox 584 1651 689 1687; x_wconf 86' lang='lat' dir='ltr'><strong>illum</strong></span> <span class='ocrx_word' id='word_1_180' title='bbox 709 1650 837 1701; x_wconf 85' lang='lat' dir='ltr'><strong>capias.</strong></span> <span class='ocrx_word' id='word_1_181' title='bbox 859 1649 1161 1699; x_wconf 84' lang='lat' dir='ltr'><strong>Quandoquidem</strong></span> <span class='ocrx_word' id='word_1_182' title='bbox 1180 1649 1315 1687; x_wconf 87' lang='lat' dir='ltr'><strong>Paulus</strong></span> 
     </span>
     <span class='ocr_line' id='line_1_28' title="bbox 329 1709 1315 1762; baseline -0.002 -13"><span class='ocrx_word' id='word_1_183' title='bbox 329 1713 379 1750; x_wconf 88' lang='lat' dir='ltr'><strong>sic</strong></span> <span class='ocrx_word' id='word_1_184' title='bbox 400 1712 502 1749; x_wconf 89' lang='lat' dir='ltr'><strong>illum</strong></span> <span class='ocrx_word' id='word_1_185' title='bbox 522 1711 667 1757; x_wconf 82' lang='lat' dir='ltr'><strong>devicit,</strong></span> <span class='ocrx_word' id='word_1_186' title='bbox 694 1711 770 1748; x_wconf 82' lang='lat' dir='ltr'><strong>haec</strong></span> <span class='ocrx_word' id='word_1_187' title='bbox 795 1711 904 1762; x_wconf 89' lang='lat' dir='ltr'><strong>probe</strong></span> <span class='ocrx_word' id='word_1_188' title='bbox 931 1711 1095 1759; x_wconf 88' lang='lat' dir='ltr'><strong>edoctus;</strong></span> <span class='ocrx_word' id='word_1_189' title='bbox 1118 1709 1197 1747; x_wconf 92' lang='lat' dir='ltr'><strong>ideo</strong></span> <span class='ocrx_word' id='word_1_190' title='bbox 1219 1710 1315 1748; x_wconf 88' lang='lat' dir='ltr'><strong>dice-</strong></span> 
     </span>
     <span class='ocr_line' id='line_1_29' title="bbox 328 1771 1310 1823; baseline 0 -14"><span class='ocrx_word' id='word_1_191' title='bbox 328 1772 390 1809; x_wconf 87' lang='lat' dir='ltr'><strong>bat</strong></span> <span class='ocrx_word' id='word_1_192' title='bbox 408 1788 415 1808; x_wconf 91' lang='lat'><strong>:</strong></span> <span class='ocrx_word' id='word_1_193' title='bbox 436 1773 526 1809; x_wconf 70' lang='lat' dir='ltr'><strong>Zl&#39;on</strong></span> <span class='ocrx_word' id='word_1_194' title='bbox 547 1774 648 1808; x_wconf 84' lang='lat' dir='ltr'><strong>enim</strong></span> <span class='ocrx_word' id='word_1_195' title='bbox 672 1771 777 1808; x_wconf 79' lang='lat' dir='ltr'><strong>illius</strong></span> <span class='ocrx_word' id='word_1_196' title='bbox 797 1773 1048 1823; x_wconf 81' lang='lat' dir='ltr'><strong>cogitationes</strong></span> <span class='ocrx_word' id='word_1_197' title='bbox 1074 1773 1310 1822; x_wconf 81' lang='lat' dir='ltr'><strong>ignoramus.</strong></span> 
     </span>
     <span class='ocr_line' id='line_1_30' title="bbox 331 1831 1316 1882; baseline -0.002 -12"><span class='ocrx_word' id='word_1_198' title='bbox 331 1833 401 1870; x_wconf 81' lang='lat' dir='ltr'><strong>Nos</strong></span> <span class='ocrx_word' id='word_1_199' title='bbox 422 1832 541 1882; x_wconf 87' lang='lat' dir='ltr'><strong>itaque</strong></span> <span class='ocrx_word' id='word_1_200' title='bbox 564 1831 662 1869; x_wconf 90' lang='lat' dir='ltr'><strong>illius</strong></span> <span class='ocrx_word' id='word_1_201' title='bbox 682 1831 829 1869; x_wconf 80' lang='lat' dir='ltr'><strong>insidias</strong></span> <span class='ocrx_word' id='word_1_202' title='bbox 848 1831 1001 1869; x_wconf 86' lang='lat' dir='ltr'><strong>ediscere</strong></span> <span class='ocrx_word' id='word_1_203' title='bbox 1019 1840 1052 1868; x_wconf 88' lang='lat' dir='ltr'><strong>et</strong></span> <span class='ocrx_word' id='word_1_204' title='bbox 1076 1832 1229 1882; x_wconf 85' lang='lat' dir='ltr'><strong>effugere</strong></span> <span class='ocrx_word' id='word_1_205' title='bbox 1255 1845 1316 1869; x_wconf 88' lang='lat' dir='ltr'><strong>cu-</strong></span> 
     </span>
     <span class='ocr_line' id='line_1_31' title="bbox 328 1891 1315 1944; baseline 0 -14"><span class='ocrx_word' id='word_1_206' title='bbox 328 1906 459 1941; x_wconf 84' lang='lat' dir='ltr'><strong>remus,</strong></span> <span class='ocrx_word' id='word_1_207' title='bbox 478 1901 517 1929; x_wconf 85' lang='lat' dir='ltr'><strong>nt</strong></span> <span class='ocrx_word' id='word_1_208' title='bbox 534 1901 711 1944; x_wconf 86' lang='lat' dir='ltr'><strong>reportata</strong></span> <span class='ocrx_word' id='word_1_209' title='bbox 727 1891 771 1929; x_wconf 89' lang='lat' dir='ltr'><strong>de</strong></span> <span class='ocrx_word' id='word_1_210' title='bbox 788 1892 849 1930; x_wconf 93' lang='lat' dir='ltr'><strong>illo</strong></span> <span class='ocrx_word' id='word_1_211' title='bbox 865 1892 1027 1937; x_wconf 84' lang='lat' dir='ltr'><strong>victoria,</strong></span> <span class='ocrx_word' id='word_1_212' title='bbox 1049 1901 1081 1929; x_wconf 88' lang='lat' dir='ltr'><strong>et</strong></span> <span class='ocrx_word' id='word_1_213' title='bbox 1098 1892 1133 1929; x_wconf 90' lang='lat' dir='ltr'><strong>in</strong></span> <span class='ocrx_word' id='word_1_214' title='bbox 1152 1893 1315 1944; x_wconf 83' lang='lat' dir='ltr'><strong>praesenti</strong></span> 
     </span>
     <span class='ocr_line' id='line_1_32' title="bbox 329 1952 1315 2004; baseline 0.001 -15"><span class='ocrx_word' id='word_1_215' title='bbox 329 1962 361 1990; x_wconf 89' lang='lat' dir='ltr'><strong>et</strong></span> <span class='ocrx_word' id='word_1_216' title='bbox 379 1953 415 1990; x_wconf 91' lang='lat' dir='ltr'><strong>in</strong></span> <span class='ocrx_word' id='word_1_217' title='bbox 437 1955 554 1989; x_wconf 85' lang='lat' dir='ltr'><strong>futuro</strong></span> <span class='ocrx_word' id='word_1_218' title='bbox 572 1952 700 1989; x_wconf 74' lang='lat' dir='ltr'><strong>saeculo</strong></span> <span class='ocrx_word' id='word_1_219' title='bbox 719 1953 869 1990; x_wconf 79' lang='lat' dir='ltr'><strong>victores</strong></span> <span class='ocrx_word' id='word_1_220' title='bbox 897 1952 1148 2004; x_wconf 79' lang='lat' dir='ltr'><strong>praedicemur,</strong></span> <span class='ocrx_word' id='word_1_221' title='bbox 1177 1962 1211 1990; x_wconf 89' lang='lat' dir='ltr'><strong>et</strong></span> <span class='ocrx_word' id='word_1_222' title='bbox 1242 1953 1315 1990; x_wconf 87' lang='lat' dir='ltr'><strong>im-</strong></span> 
     </span>
     <span class='ocr_line' id='line_1_33' title="bbox 328 2012 1316 2065; baseline 0.002 -16"><span class='ocrx_word' id='word_1_223' title='bbox 328 2012 492 2050; x_wconf 80' lang='lat' dir='ltr'><strong>mortalia</strong></span> <span class='ocrx_word' id='word_1_224' title='bbox 519 2027 748 2063; x_wconf 81' lang='lat' dir='ltr'><strong>assequamur</strong></span> <span class='ocrx_word' id='word_1_225' title='bbox 774 2013 878 2061; x_wconf 90' lang='lat' dir='ltr'><strong>bona,</strong></span> <span class='ocrx_word' id='word_1_226' title='bbox 899 2014 1012 2064; x_wconf 81' lang='lat' dir='ltr'><strong>gratia</strong></span> <span class='ocrx_word' id='word_1_227' title='bbox 1042 2023 1074 2050; x_wconf 91' lang='lat' dir='ltr'><strong>et</strong></span> <span class='ocrx_word' id='word_1_228' title='bbox 1099 2013 1316 2065; x_wconf 84' lang='lat' dir='ltr'><strong>benignitate</strong></span> 
     </span>
    </p>
   </div>
   <div class='ocr_carea' id='block_1_5' title="bbox 1354 226 1951 258">
    <p class='ocr_par' dir='ltr' id='par_1_5' title="bbox 1354 226 1951 258">
     <span class='ocr_line' id='line_1_34' title="bbox 1354 226 1951 258; baseline 0.003 -2"><span class='ocrx_word' id='word_1_229' title='bbox 1354 226 1541 257; x_wconf 75' lang='lat' dir='ltr'>ARCHIEP</span> <span class='ocrx_word' id='word_1_230' title='bbox 1550 247 1559 257; x_wconf 87' lang='lat'><strong><em>.</em></strong></span> <span class='ocrx_word' id='word_1_231' title='bbox 1599 226 1934 258; x_wconf 73' lang='lat' dir='ltr'>CONSTANTINOP</span> <span class='ocrx_word' id='word_1_232' title='bbox 1943 248 1951 257; x_wconf 87' lang='lat'><strong>.</strong></span> 
     </span>
    </p>
   </div>
   <div class='ocr_carea' id='block_1_6' title="bbox 1377 307 2413 2052">
    <p class='ocr_par' dir='ltr' id='par_1_6' title="bbox 1377 307 2413 2052">
     <span class='ocr_line' id='line_1_35' title="bbox 1379 307 2401 360; baseline -0.001 -14"><span class='ocrx_word' id='word_1_233' title='bbox 1379 308 1530 359; x_wconf 79' lang='grc' dir='ltr'>ἔγνωμεν</span> <span class='ocrx_word' id='word_1_234' title='bbox 1554 308 1650 360; x_wconf 70' lang='grc' dir='ltr'>παρὰ</span> <span class='ocrx_word' id='word_1_235' title='bbox 1677 307 1740 355; x_wconf 77' lang='grc' dir='ltr'>τὴν</span> <span class='ocrx_word' id='word_1_236' title='bbox 1764 307 1883 355; x_wconf 76' lang='grc' dir='ltr'>κλίνην</span> <span class='ocrx_word' id='word_1_237' title='bbox 1903 308 1966 356; x_wconf 79' lang='grc' dir='ltr'><strong>τὴν</strong></span> <span class='ocrx_word' id='word_1_238' title='bbox 1997 309 2185 360; x_wconf 62' lang='grc' dir='ltr'>ἡμετέραν,</span> <span class='ocrx_word' id='word_1_239' title='bbox 2209 309 2341 355; x_wconf 82' lang='grc' dir='ltr'>πολλὴν</span> <span class='ocrx_word' id='word_1_240' title='bbox 2362 309 2401 346; x_wconf 77' lang='grc' dir='ltr'><strong>ἂν</strong></span> 
     </span>
     <span class='ocr_line' id='line_1_36' title="bbox 1379 367 2404 417; baseline 0.001 -12"><span class='ocrx_word' id='word_1_241' title='bbox 1379 367 1616 417; x_wconf 75' lang='grc' dir='ltr'>ἐποιησάμεθα</span> <span class='ocrx_word' id='word_1_242' title='bbox 1633 367 1785 415; x_wconf 74' lang='grc' dir='ltr'>σπουδὴν</span> <span class='ocrx_word' id='word_1_243' title='bbox 1807 367 1896 406; x_wconf 80' lang='grc' dir='ltr'>ὥστε</span> <span class='ocrx_word' id='word_1_244' title='bbox 1913 369 2013 406; x_wconf 80' lang='grc' dir='ltr'>αὐτὸν</span> <span class='ocrx_word' id='word_1_245' title='bbox 2037 371 2185 407; x_wconf 78' lang='grc' dir='ltr'>ἀνελεῖν·</span> <span class='ocrx_word' id='word_1_246' title='bbox 2205 373 2265 407; x_wconf 71' lang='grc' dir='ltr'><strong>τοῦ</strong></span> <span class='ocrx_word' id='word_1_247' title='bbox 2282 369 2404 406; x_wconf 65' lang='grc' dir='ltr'>διαδό-</span> 
     </span>
     <span class='ocr_line' id='line_1_37' title="bbox 1377 427 2404 481; baseline 0 -16"><span class='ocrx_word' id='word_1_248' title='bbox 1377 429 1438 465; x_wconf 90' lang='grc' dir='ltr'><strong>λου</strong></span> <span class='ocrx_word' id='word_1_249' title='bbox 1460 427 1494 465; x_wconf 80' lang='grc' dir='ltr'><strong>δὲ</strong></span> <span class='ocrx_word' id='word_1_250' title='bbox 1513 427 1771 479; x_wconf 67' lang='grc' dir='ltr'>ἐμφωλεύοντος</span> <span class='ocrx_word' id='word_1_251' title='bbox 1789 430 1890 477; x_wconf 81' lang='grc' dir='ltr'>ἡμῶν</span> <span class='ocrx_word' id='word_1_252' title='bbox 1910 434 1985 472; x_wconf 89' lang='grc' dir='ltr'>ταῖς</span> <span class='ocrx_word' id='word_1_253' title='bbox 2005 431 2154 481; x_wconf 77' lang='grc' dir='ltr'>ψυχαῖς,</span> <span class='ocrx_word' id='word_1_254' title='bbox 2177 428 2273 467; x_wconf 77' lang='grc' dir='ltr'>οὐδὲν</span> <span class='ocrx_word' id='word_1_255' title='bbox 2293 427 2404 479; x_wconf 80' lang='grc' dir='ltr'>ἡγού-</span> 
     </span>
     <span class='ocr_line' id='line_1_38' title="bbox 1380 487 2406 539; baseline 0.001 -15"><span class='ocrx_word' id='word_1_256' title='bbox 1380 490 1467 536; x_wconf 83' lang='grc' dir='ltr'>μεθα</span> <span class='ocrx_word' id='word_1_257' title='bbox 1498 487 1646 539; x_wconf 58' lang='grc' dir='ltr'>πάσχειν</span> <span class='ocrx_word' id='word_1_258' title='bbox 1680 487 1804 533; x_wconf 78' lang='grc' dir='ltr'>δεινὸν,</span> <span class='ocrx_word' id='word_1_259' title='bbox 1840 489 1915 524; x_wconf 83' lang='grc' dir='ltr'>ἀλλ’</span> <span class='ocrx_word' id='word_1_260' title='bbox 1943 489 2256 539; x_wconf 83' lang='grc' dir='ltr'>ἀναπεπτώκαμεν.</span> <span class='ocrx_word' id='word_1_261' title='bbox 2284 488 2337 525; x_wconf 82' lang='grc' dir='ltr'><strong>Τὸ</strong></span> <span class='ocrx_word' id='word_1_262' title='bbox 2370 487 2406 525; x_wconf 77' lang='grc' dir='ltr'><strong>δὲ</strong></span> 
     </span>
     <span class='ocr_line' id='line_1_39' title="bbox 1380 547 2406 600; baseline -0.001 -15"><span class='ocrx_word' id='word_1_263' title='bbox 1380 547 1501 594; x_wconf 86' lang='grc' dir='ltr'>αἴτιον,</span> <span class='ocrx_word' id='word_1_264' title='bbox 1524 547 1642 594; x_wconf 76' lang='grc' dir='ltr'>ἐπειδὴ</span> <span class='ocrx_word' id='word_1_265' title='bbox 1664 553 1735 590; x_wconf 86' lang='grc' dir='ltr'>τοῖς</span> <span class='ocrx_word' id='word_1_266' title='bbox 1753 549 1944 597; x_wconf 67' lang='grc' dir='ltr'>ὀφθαλμοῖς</span> <span class='ocrx_word' id='word_1_267' title='bbox 1966 549 2031 600; x_wconf 76' lang='grc' dir='ltr'><strong>οὐχ</strong></span> <span class='ocrx_word' id='word_1_268' title='bbox 2048 551 2183 599; x_wconf 79' lang='grc' dir='ltr'>ὁρῶμεν</span> <span class='ocrx_word' id='word_1_269' title='bbox 2205 548 2306 586; x_wconf 79' lang='grc' dir='ltr'>αὐτὸν</span> <span class='ocrx_word' id='word_1_270' title='bbox 2335 553 2406 590; x_wconf 88' lang='grc' dir='ltr'>τοῖς</span> 
     </span>
     <span class='ocr_line' id='line_1_40' title="bbox 1378 607 2406 661; baseline -0.001 -16"><span class='ocrx_word' id='word_1_271' title='bbox 1378 612 1437 645; x_wconf 77' lang='grc' dir='ltr'><strong>τοῦ</strong></span> <span class='ocrx_word' id='word_1_272' title='bbox 1470 607 1651 657; x_wconf 82' lang='grc' dir='ltr'>σώματος·</span> <span class='ocrx_word' id='word_1_273' title='bbox 1680 607 1794 650; x_wconf 78' lang='grc' dir='ltr'>καίτοι</span> <span class='ocrx_word' id='word_1_274' title='bbox 1823 608 1879 645; x_wconf 76' lang='grc' dir='ltr'><strong>διὰ</strong></span> <span class='ocrx_word' id='word_1_275' title='bbox 1917 613 2017 646; x_wconf 76' lang='grc' dir='ltr'>τοῦτο</span> <span class='ocrx_word' id='word_1_276' title='bbox 2048 611 2153 661; x_wconf 71' lang='grc' dir='ltr'>ἐχρῆν</span> <span class='ocrx_word' id='word_1_277' title='bbox 2183 607 2406 661; x_wconf 78' lang='grc' dir='ltr'>ἐγρηγορέναι</span> 
     </span>
     <span class='ocr_line' id='line_1_41' title="bbox 1381 668 2406 720; baseline 0 -15"><span class='ocrx_word' id='word_1_278' title='bbox 1381 670 1509 718; x_wconf 65' lang='grc' dir='ltr'>μᾶλλον</span> <span class='ocrx_word' id='word_1_279' title='bbox 1531 668 1589 706; x_wconf 81' lang='grc' dir='ltr'><strong>καὶ</strong></span> <span class='ocrx_word' id='word_1_280' title='bbox 1614 668 1747 720; x_wconf 64' lang='grc' dir='ltr'>νήφειν.</span> <span class='ocrx_word' id='word_1_281' title='bbox 1770 668 1840 706; x_wconf 76' lang='grc' dir='ltr'><strong>Τὸν</strong></span> <span class='ocrx_word' id='word_1_282' title='bbox 1862 668 1923 719; x_wconf 76' lang='grc' dir='ltr'><strong>μὲν</strong></span> <span class='ocrx_word' id='word_1_283' title='bbox 1950 668 2017 720; x_wconf 71' lang='grc' dir='ltr'>γὰρ</span> <span class='ocrx_word' id='word_1_284' title='bbox 2048 669 2206 715; x_wconf 76' lang='grc' dir='ltr'>αἰσθητὸν</span> <span class='ocrx_word' id='word_1_285' title='bbox 2239 669 2406 718; x_wconf 81' lang='grc' dir='ltr'>πολέμιον</span> 
     </span>
     <span class='ocr_line' id='line_1_42' title="bbox 1379 729 2407 782; baseline 0.001 -16"><span class='ocrx_word' id='word_1_286' title='bbox 1379 729 1441 767; x_wconf 80' lang='grc' dir='ltr'><strong>κᾶν</strong></span> <span class='ocrx_word' id='word_1_287' title='bbox 1466 729 1653 780; x_wconf 63' lang='grc' dir='ltr'>φυλάξαιτό</span> <span class='ocrx_word' id='word_1_288' title='bbox 1672 746 1724 772; x_wconf 90' lang='grc' dir='ltr'><strong>τις</strong></span> <span class='ocrx_word' id='word_1_289' title='bbox 1746 729 1887 782; x_wconf 73' lang='grc' dir='ltr'>ῥᾳδίως,</span> <span class='ocrx_word' id='word_1_290' title='bbox 1909 730 1965 767; x_wconf 83' lang='grc' dir='ltr'><strong>τὸν</strong></span> <span class='ocrx_word' id='word_1_291' title='bbox 1987 729 2022 767; x_wconf 76' lang='grc' dir='ltr'><strong>δὲ</strong></span> <span class='ocrx_word' id='word_1_292' title='bbox 2043 731 2201 782; x_wconf 84' lang='grc' dir='ltr'>ἀόρατον,</span> <span class='ocrx_word' id='word_1_293' title='bbox 2223 729 2262 766; x_wconf 81' lang='grc' dir='ltr'><strong>ἂν</strong></span> <span class='ocrx_word' id='word_1_294' title='bbox 2285 729 2333 779; x_wconf 72' lang='grc' dir='ltr'><strong>μὴ</strong></span> <span class='ocrx_word' id='word_1_295' title='bbox 2349 729 2407 767; x_wconf 80' lang='grc' dir='ltr'><strong>διὰ</strong></span> 
     </span>
     <span class='ocr_line' id='line_1_43' title="bbox 1380 782 2407 840; baseline -0.002 -13"><span class='ocrx_word' id='word_1_296' title='bbox 1380 789 1507 832; x_wconf 83' lang='grc' dir='ltr'>παντὸς</span> <span class='ocrx_word' id='word_1_297' title='bbox 1528 782 1621 840; x_wconf 68' lang='grc' dir='ltr'>ὦμεν</span> <span class='ocrx_word' id='word_1_298' title='bbox 1639 790 1941 840; x_wconf 76' lang='grc' dir='ltr'>καθωπλισμένοι,</span> <span class='ocrx_word' id='word_1_299' title='bbox 1966 791 2003 827; x_wconf 82' lang='grc' dir='ltr'><strong>οὐ</strong></span> <span class='ocrx_word' id='word_1_300' title='bbox 2027 789 2244 839; x_wconf 76' lang='grc' dir='ltr'>δυνησόμεθα</span> <span class='ocrx_word' id='word_1_301' title='bbox 2260 789 2407 831; x_wconf 81' lang='grc' dir='ltr'>εὐκόλως</span> 
     </span>
     <span class='ocr_line' id='line_1_44' title="bbox 1381 844 2407 902; baseline -0.002 -14"><span class='ocrx_word' id='word_1_302' title='bbox 1381 852 1572 902; x_wconf 63' lang='grc' dir='ltr'>διαφυγεῖν·</span> <span class='ocrx_word' id='word_1_303' title='bbox 1603 851 1662 889; x_wconf 83' lang='grc' dir='ltr'><strong>καὶ</strong></span> <span class='ocrx_word' id='word_1_304' title='bbox 1712 851 1888 901; x_wconf 85' lang='grc' dir='ltr'>μάλιστα,</span> <span class='ocrx_word' id='word_1_305' title='bbox 1921 850 1974 888; x_wconf 85' lang='grc' dir='ltr'><strong>ὅτι</strong></span> <span class='ocrx_word' id='word_1_306' title='bbox 2006 849 2082 888; x_wconf 74' lang='grc' dir='ltr'>οὐδὲ</span> <span class='ocrx_word' id='word_1_307' title='bbox 2113 849 2146 893; x_wconf 79' lang='grc' dir='ltr'><strong>ἐξ</strong></span> <span class='ocrx_word' id='word_1_308' title='bbox 2168 849 2300 892; x_wconf 75' lang='grc' dir='ltr'>εὐθείας</span> <span class='ocrx_word' id='word_1_309' title='bbox 2337 844 2407 887; x_wconf 64' lang='grc' dir='ltr'>οἶδε</span> 
     </span>
     <span class='ocr_line' id='line_1_45' title="bbox 1380 906 2408 964; baseline -0.002 -15"><span class='ocrx_word' id='word_1_310' title='bbox 1380 914 1565 962; x_wconf 75' lang='grc' dir='ltr'>πολεμεῖν·</span> <span class='ocrx_word' id='word_1_311' title='bbox 1596 906 1619 958; x_wconf 67' lang='grc' dir='ltr'>ἦ</span> <span class='ocrx_word' id='word_1_312' title='bbox 1650 911 1717 964; x_wconf 79' lang='grc' dir='ltr'>γὰρ</span> <span class='ocrx_word' id='word_1_313' title='bbox 1750 911 1789 948; x_wconf 82' lang='grc' dir='ltr'><strong>ἂν</strong></span> <span class='ocrx_word' id='word_1_314' title='bbox 1817 911 1909 949; x_wconf 84' lang='grc' dir='ltr'>ἑάλω</span> <span class='ocrx_word' id='word_1_315' title='bbox 1937 910 2094 963; x_wconf 75' lang='grc' dir='ltr'>ταχέως·</span> <span class='ocrx_word' id='word_1_316' title='bbox 2127 911 2215 948; x_wconf 82' lang='grc' dir='ltr'>ἀλλὰ</span> <span class='ocrx_word' id='word_1_317' title='bbox 2248 910 2408 961; x_wconf 75' lang='grc' dir='ltr'>σχήματι</span> 
     </span>
     <span class='ocr_line' id='line_1_46' title="bbox 1380 970 2408 1024; baseline -0.003 -14"><span class='ocrx_word' id='word_1_318' title='bbox 1380 972 1550 1015; x_wconf 73' lang='grc' dir='ltr'>πολλάκις</span> <span class='ocrx_word' id='word_1_319' title='bbox 1569 972 1684 1024; x_wconf 76' lang='grc' dir='ltr'>φιλίας</span> <span class='ocrx_word' id='word_1_320' title='bbox 1699 972 1757 1009; x_wconf 80' lang='grc' dir='ltr'><strong>τὸν</strong></span> <span class='ocrx_word' id='word_1_321' title='bbox 1772 975 1834 1018; x_wconf 65' lang='grc' dir='ltr'><strong>τῆς</strong></span> <span class='ocrx_word' id='word_1_322' title='bbox 1861 971 2043 1020; x_wconf 82' lang='grc' dir='ltr'>ὠμότητος</span> <span class='ocrx_word' id='word_1_323' title='bbox 2063 972 2111 1009; x_wconf 80' lang='grc' dir='ltr'><strong>ἰὸν</strong></span> <span class='ocrx_word' id='word_1_324' title='bbox 2135 970 2279 1016; x_wconf 81' lang='grc' dir='ltr'>ἐνίησιν.</span> <span class='ocrx_word' id='word_1_325' title='bbox 2302 970 2408 1009; x_wconf 78' lang='grc' dir='ltr'>Οὕτω</span> 
     </span>
     <span class='ocr_line' id='line_1_47' title="bbox 1380 1031 2405 1084; baseline -0.002 -14"><span class='ocrx_word' id='word_1_326' title='bbox 1380 1038 1466 1084; x_wconf 76' lang='grc' dir='ltr'>γοῦν</span> <span class='ocrx_word' id='word_1_327' title='bbox 1487 1033 1545 1070; x_wconf 76' lang='grc' dir='ltr'><strong>καὶ</strong></span> <span class='ocrx_word' id='word_1_328' title='bbox 1560 1033 1622 1079; x_wconf 72' lang='grc' dir='ltr'><strong>τὴν</strong></span> <span class='ocrx_word' id='word_1_329' title='bbox 1645 1039 1792 1083; x_wconf 86' lang='grc' dir='ltr'>γυναῖκα</span> <span class='ocrx_word' id='word_1_330' title='bbox 1810 1031 1897 1070; x_wconf 58' lang='grc' dir='ltr'><strong>1)το’ῦ</strong></span> <span class='ocrx_word' id='word_1_331' title='bbox 1916 1032 1999 1070; x_wconf 60' lang='lat' dir='ltr'><strong>&#39;li-&gt;6</strong></span> <span class='ocrx_word' id='word_1_332' title='bbox 2019 1031 2275 1084; x_wconf 85' lang='grc' dir='ltr'>παρεσκεύασε,</span> <span class='ocrx_word' id='word_1_333' title='bbox 2295 1046 2405 1084; x_wconf 89' lang='grc' dir='ltr'>προσ-</span> 
     </span>
     <span class='ocr_line' id='line_1_48' title="bbox 1387 1092 2408 1145; baseline -0.003 -13"><span class='ocrx_word' id='word_1_334' title='bbox 1387 1100 1513 1132; x_wconf 89' lang='grc' dir='ltr'>ωπεῖον</span> <span class='ocrx_word' id='word_1_335' title='bbox 1546 1093 1789 1145; x_wconf 71' lang='grc' dir='ltr'>φιλοστοργίας</span> <span class='ocrx_word' id='word_1_336' title='bbox 1811 1093 1984 1131; x_wconf 54' lang='lat' dir='ltr'><strong>&amp;maffia-ow</strong></span> <span class='ocrx_word' id='word_1_337' title='bbox 2004 1093 2067 1138; x_wconf 76' lang='grc' dir='ltr'><strong>τὴν</strong></span> <span class='ocrx_word' id='word_1_338' title='bbox 2087 1093 2241 1145; x_wconf 81' lang='grc' dir='ltr'>πονηρὰν</span> <span class='ocrx_word' id='word_1_339' title='bbox 2275 1092 2408 1138; x_wconf 81' lang='grc' dir='ltr'>ἐκείνην</span> 
     </span>
     <span class='ocr_line' id='line_1_49' title="bbox 1384 1153 2410 1206; baseline -0.002 -14"><span class='ocrx_word' id='word_1_340' title='bbox 1384 1157 1587 1206; x_wconf 83' lang='grc' dir='ltr'>εἰσενεγκεῖν</span> <span class='ocrx_word' id='word_1_341' title='bbox 1608 1154 1827 1204; x_wconf 62' lang='grc' dir='ltr'>συμὲουλῆν·</span> <span class='ocrx_word' id='word_1_342' title='bbox 1855 1153 1942 1192; x_wconf 70' lang='grc' dir='ltr'>οὕτω</span> <span class='ocrx_word' id='word_1_343' title='bbox 1963 1154 2022 1192; x_wconf 78' lang='grc' dir='ltr'><strong>καὶ</strong></span> <span class='ocrx_word' id='word_1_344' title='bbox 2051 1158 2099 1206; x_wconf 74' lang='grc' dir='ltr'><strong>τῷ</strong></span> <span class='ocrx_word' id='word_1_345' title='bbox 2119 1154 2229 1203; x_wconf 77' lang='grc' dir='ltr'>Ἀδὰμ</span> <span class='ocrx_word' id='word_1_346' title='bbox 2254 1153 2410 1203; x_wconf 81' lang='grc' dir='ltr'>διαλεγό-</span> 
     </span>
     <span class='ocr_line' id='line_1_50' title="bbox 1384 1215 2407 1268; baseline -0.002 -15"><span class='ocrx_word' id='word_1_347' title='bbox 1384 1232 1505 1265; x_wconf 85' lang='grc' dir='ltr'>μενος,</span> <span class='ocrx_word' id='word_1_348' title='bbox 1529 1215 1750 1268; x_wconf 79' lang='grc' dir='ltr'>ὑποκρίνεται</span> <span class='ocrx_word' id='word_1_349' title='bbox 1766 1215 1804 1252; x_wconf 67' lang='grc' dir='ltr'><strong>τὸ</strong></span> <span class='ocrx_word' id='word_1_350' title='bbox 1828 1215 2054 1264; x_wconf 75' lang='grc' dir='ltr'>κηδεμονικὸν</span> <span class='ocrx_word' id='word_1_351' title='bbox 2075 1216 2134 1253; x_wconf 78' lang='grc' dir='ltr'><strong>καὶ</strong></span> <span class='ocrx_word' id='word_1_352' title='bbox 2162 1215 2407 1266; x_wconf 82' lang='grc' dir='ltr'>προστατικὸν,</span> 
     </span>
     <span class='ocr_line' id='line_1_51' title="bbox 1383 1268 2409 1327; baseline -0.003 -14"><span class='ocrx_word' id='word_1_353' title='bbox 1383 1275 1514 1327; x_wconf 75' lang='grc' dir='ltr'>λέγων,</span> <span class='ocrx_word' id='word_1_354' title='bbox 1536 1275 1588 1313; x_wconf 80' lang='grc' dir='ltr'><strong>ὅτι</strong></span> <span class='ocrx_word' id='word_1_355' title='bbox 1615 1275 1897 1326; x_wconf 76' lang='grc' dir='ltr'>Ἀνοιχθήσονται</span> <span class='ocrx_word' id='word_1_356' title='bbox 1917 1279 2012 1326; x_wconf 79' lang='grc' dir='ltr'>ὑμῶν</span> <span class='ocrx_word' id='word_1_357' title='bbox 2043 1278 2075 1312; x_wconf 82' lang='grc' dir='ltr'><strong>οἱ</strong></span> <span class='ocrx_word' id='word_1_358' title='bbox 2112 1274 2282 1327; x_wconf 72' lang='grc' dir='ltr'>ὀφθαλμοὶ</span> <span class='ocrx_word' id='word_1_359' title='bbox 2310 1268 2334 1324; x_wconf 65' lang='grc' dir='ltr'>ᾗ</span> <span class='ocrx_word' id='word_1_360' title='bbox 2369 1274 2409 1310; x_wconf 81' lang='grc' dir='ltr'><strong>ἂν</strong></span> 
     </span>
     <span class='ocr_line' id='line_1_52' title="bbox 1384 1333 2409 1388; baseline -0.004 -14"><span class='ocrx_word' id='word_1_361' title='bbox 1384 1336 1499 1388; x_wconf 75' lang='grc' dir='ltr'>ἡμέρα</span> <span class='ocrx_word' id='word_1_362' title='bbox 1524 1336 1656 1388; x_wconf 66' lang='grc' dir='ltr'>φάγητε</span> <span class='ocrx_word' id='word_1_363' title='bbox 1686 1336 1754 1373; x_wconf 83' lang='grc' dir='ltr'>ἀπὸ</span> <span class='ocrx_word' id='word_1_364' title='bbox 1772 1339 1832 1372; x_wconf 76' lang='grc' dir='ltr'><strong>τοῦ</strong></span> <span class='ocrx_word' id='word_1_365' title='bbox 1854 1335 1966 1378; x_wconf 79' lang='grc' dir='ltr'>ξύλου.</span> <span class='ocrx_word' id='word_1_366' title='bbox 1987 1334 2092 1372; x_wconf 76' lang='grc' dir='ltr'>Οὕτω</span> <span class='ocrx_word' id='word_1_367' title='bbox 2112 1334 2172 1372; x_wconf 80' lang='grc' dir='ltr'><strong>καὶ</strong></span> <span class='ocrx_word' id='word_1_368' title='bbox 2197 1334 2255 1371; x_wconf 80' lang='grc' dir='ltr'><strong>τὸν</strong></span> <span class='ocrx_word' id='word_1_369' title='bbox 2276 1333 2409 1385; x_wconf 75' lang='grc' dir='ltr'>Ἰεφθάε</span> 
     </span>
     <span class='ocr_line' id='line_1_53' title="bbox 1385 1394 2413 1449; baseline -0.003 -15"><span class='ocrx_word' id='word_1_370' title='bbox 1385 1396 1544 1434; x_wconf 80' lang='grc' dir='ltr'>ἀνέπεισε</span> <span class='ocrx_word' id='word_1_371' title='bbox 1565 1395 1794 1449; x_wconf 45' lang='grc' dir='ltr'>προσχήματι</span> <span class='ocrx_word' id='word_1_372' title='bbox 1823 1395 1998 1438; x_wconf 67' lang='grc' dir='ltr'>εὗσεὸείας</span> <span class='ocrx_word' id='word_1_373' title='bbox 2017 1394 2081 1441; x_wconf 83' lang='grc' dir='ltr'><strong>τὴν</strong></span> <span class='ocrx_word' id='word_1_374' title='bbox 2102 1394 2274 1447; x_wconf 84' lang='grc' dir='ltr'>θυγατέρα</span> <span class='ocrx_word' id='word_1_375' title='bbox 2292 1410 2413 1431; x_wconf 83' lang='grc' dir='ltr'>κατα-</span> 
     </span>
     <span class='ocr_line' id='line_1_54' title="bbox 1385 1449 2410 1507; baseline -0.002 -14"><span class='ocrx_word' id='word_1_376' title='bbox 1385 1456 1531 1507; x_wconf 67' lang='grc' dir='ltr'>σφάξαι,</span> <span class='ocrx_word' id='word_1_377' title='bbox 1552 1457 1612 1493; x_wconf 80' lang='grc' dir='ltr'><strong>καὶ</strong></span> <span class='ocrx_word' id='word_1_378' title='bbox 1637 1456 1699 1500; x_wconf 76' lang='grc' dir='ltr'><strong>τὴν</strong></span> <span class='ocrx_word' id='word_1_379' title='bbox 1717 1455 1916 1507; x_wconf 85' lang='grc' dir='ltr'>παράνομον</span> <span class='ocrx_word' id='word_1_380' title='bbox 1938 1455 2058 1494; x_wconf 83' lang='grc' dir='ltr'>θυσίαν</span> <span class='ocrx_word' id='word_1_381' title='bbox 2082 1458 2286 1506; x_wconf 84' lang='grc' dir='ltr'>ἀνενεγκεῖν.</span> <span class='ocrx_word' id='word_1_382' title='bbox 2310 1449 2410 1493; x_wconf 71' lang='grc' dir='ltr'>Εἶδες</span> 
     </span>
     <span class='ocr_line' id='line_1_55' title="bbox 1385 1511 2413 1567; baseline -0.001 -13"><span class='ocrx_word' id='word_1_383' title='bbox 1385 1519 1489 1555; x_wconf 72' lang='grc' dir='ltr'>αὐτοῦ</span> <span class='ocrx_word' id='word_1_384' title='bbox 1504 1516 1565 1560; x_wconf 80' lang='grc' dir='ltr'><strong>τὰς</strong></span> <span class='ocrx_word' id='word_1_385' title='bbox 1587 1516 1784 1567; x_wconf 69' lang='grc' dir='ltr'>μεθοδείας,</span> <span class='ocrx_word' id='word_1_386' title='bbox 1801 1511 1886 1560; x_wconf 58' lang='grc' dir='ltr'>εἶδες</span> <span class='ocrx_word' id='word_1_387' title='bbox 1904 1516 1960 1554; x_wconf 78' lang='grc' dir='ltr'><strong>τὸν</strong></span> <span class='ocrx_word' id='word_1_388' title='bbox 1977 1516 2132 1554; x_wconf 82' lang='grc' dir='ltr'>ποικίλον</span> <span class='ocrx_word' id='word_1_389' title='bbox 2151 1515 2324 1566; x_wconf 80' lang='grc' dir='ltr'>πόλεμον;</span> <span class='ocrx_word' id='word_1_390' title='bbox 2337 1517 2413 1553; x_wconf 87' lang='grc' dir='ltr'>Φυ-</span> 
     </span>
     <span class='ocr_line' id='line_1_56' title="bbox 1384 1576 2411 1628; baseline -0.002 -13"><span class='ocrx_word' id='word_1_391' title='bbox 1384 1578 1511 1615; x_wconf 86' lang='grc' dir='ltr'>λάττου</span> <span class='ocrx_word' id='word_1_392' title='bbox 1532 1577 1658 1624; x_wconf 86' lang='grc' dir='ltr'>τοίνυν,</span> <span class='ocrx_word' id='word_1_393' title='bbox 1688 1577 1748 1614; x_wconf 78' lang='grc' dir='ltr'><strong>καὶ</strong></span> <span class='ocrx_word' id='word_1_394' title='bbox 1779 1576 1995 1628; x_wconf 79' lang='grc' dir='ltr'>πανταχόθεν</span> <span class='ocrx_word' id='word_1_395' title='bbox 2015 1577 2165 1628; x_wconf 76' lang='grc' dir='ltr'>φράττου</span> <span class='ocrx_word' id='word_1_396' title='bbox 2194 1583 2265 1619; x_wconf 81' lang='grc' dir='ltr'>τοῖς</span> <span class='ocrx_word' id='word_1_397' title='bbox 2292 1576 2411 1619; x_wconf 73' lang='grc' dir='ltr'>ὅπλοις</span> 
     </span>
     <span class='ocr_line' id='line_1_57' title="bbox 1385 1637 2411 1688; baseline -0.001 -13"><span class='ocrx_word' id='word_1_398' title='bbox 1385 1644 1455 1681; x_wconf 86' lang='grc' dir='ltr'>τοῖς</span> <span class='ocrx_word' id='word_1_399' title='bbox 1474 1645 1742 1688; x_wconf 86' lang='grc' dir='ltr'>πνευματικοῖς,</span> <span class='ocrx_word' id='word_1_400' title='bbox 1762 1638 1822 1675; x_wconf 81' lang='grc' dir='ltr'><strong>καὶ</strong></span> <span class='ocrx_word' id='word_1_401' title='bbox 1842 1637 2090 1687; x_wconf 71' lang='grc' dir='ltr'>καταμάνθανε</span> <span class='ocrx_word' id='word_1_402' title='bbox 2105 1637 2167 1681; x_wconf 79' lang='grc' dir='ltr'><strong>τὰς</strong></span> <span class='ocrx_word' id='word_1_403' title='bbox 2187 1637 2315 1675; x_wconf 81' lang='grc' dir='ltr'>ἐκείνου</span> <span class='ocrx_word' id='word_1_404' title='bbox 2337 1653 2411 1687; x_wconf 85' lang='grc' dir='ltr'><strong>μη-</strong></span> 
     </span>
     <span class='ocr_line' id='line_1_58' title="bbox 1385 1692 2412 1751; baseline -0.001 -16"><span class='ocrx_word' id='word_1_405' title='bbox 1385 1698 1495 1750; x_wconf 75' lang='grc' dir='ltr'>χανὰς</span> <span class='ocrx_word' id='word_1_406' title='bbox 1515 1698 1602 1748; x_wconf 80' lang='grc' dir='ltr'>μετὰ</span> <span class='ocrx_word' id='word_1_407' title='bbox 1622 1698 1804 1751; x_wconf 70' lang='grc' dir='ltr'>ἀκριὸείας</span> <span class='ocrx_word' id='word_1_408' title='bbox 1817 1726 1826 1743; x_wconf 85' lang='grc'>,</span> <span class='ocrx_word' id='word_1_409' title='bbox 1845 1697 1902 1735; x_wconf 77' lang='grc' dir='ltr'><strong>ἵνα</strong></span> <span class='ocrx_word' id='word_1_410' title='bbox 1923 1697 1983 1735; x_wconf 84' lang='grc' dir='ltr'><strong>καὶ</strong></span> <span class='ocrx_word' id='word_1_411' title='bbox 2003 1697 2179 1741; x_wconf 80' lang='grc' dir='ltr'>ἀνάλωτος</span> <span class='ocrx_word' id='word_1_412' title='bbox 2197 1692 2236 1749; x_wconf 59' lang='grc' dir='ltr'>ἧς</span> <span class='ocrx_word' id='word_1_413' title='bbox 2252 1698 2312 1735; x_wconf 84' lang='grc' dir='ltr'><strong>καὶ</strong></span> <span class='ocrx_word' id='word_1_414' title='bbox 2330 1697 2412 1749; x_wconf 79' lang='grc' dir='ltr'>ἕλῃς</span> 
     </span>
     <span class='ocr_line' id='line_1_59' title="bbox 1387 1758 2413 1811; baseline -0.001 -15"><span class='ocrx_word' id='word_1_415' title='bbox 1387 1759 1486 1797; x_wconf 77' lang='grc' dir='ltr'>αὐτὸν</span> <span class='ocrx_word' id='word_1_416' title='bbox 1510 1758 1678 1803; x_wconf 78' lang='grc' dir='ltr'>εὐκόλως·</span> <span class='ocrx_word' id='word_1_417' title='bbox 1696 1760 1772 1796; x_wconf 85' lang='grc' dir='ltr'>ἐπεὶ</span> <span class='ocrx_word' id='word_1_418' title='bbox 1801 1758 1860 1796; x_wconf 82' lang='grc' dir='ltr'><strong>καὶ</strong></span> <span class='ocrx_word' id='word_1_419' title='bbox 1886 1759 2025 1801; x_wconf 73' lang='grc' dir='ltr'>Παῦλος</span> <span class='ocrx_word' id='word_1_420' title='bbox 2046 1758 2153 1801; x_wconf 75' lang='grc' dir='ltr'>οὕτως</span> <span class='ocrx_word' id='word_1_421' title='bbox 2174 1761 2276 1796; x_wconf 76' lang='grc' dir='ltr'>αὐτοῦ</span> <span class='ocrx_word' id='word_1_422' title='bbox 2298 1774 2413 1811; x_wconf 88' lang='grc' dir='ltr'>περιε-</span> 
     </span>
     <span class='ocr_line' id='line_1_60' title="bbox 1386 1817 2412 1870; baseline -0.002 -13"><span class='ocrx_word' id='word_1_423' title='bbox 1386 1819 1521 1870; x_wconf 77' lang='grc' dir='ltr'>γένετο,</span> <span class='ocrx_word' id='word_1_424' title='bbox 1536 1823 1647 1857; x_wconf 75' lang='grc' dir='ltr'>ταῧτα</span> <span class='ocrx_word' id='word_1_425' title='bbox 1667 1819 1755 1869; x_wconf 75' lang='grc' dir='ltr'>μετὰ</span> <span class='ocrx_word' id='word_1_426' title='bbox 1775 1818 1953 1870; x_wconf 71' lang='grc' dir='ltr'>ἀκριὸείας</span> <span class='ocrx_word' id='word_1_427' title='bbox 1968 1817 2261 1868; x_wconf 87' lang='grc' dir='ltr'>καταμανθάνων·</span> <span class='ocrx_word' id='word_1_428' title='bbox 2283 1818 2335 1855; x_wconf 82' lang='grc' dir='ltr'><strong>διὸ</strong></span> <span class='ocrx_word' id='word_1_429' title='bbox 2353 1818 2412 1855; x_wconf 79' lang='grc' dir='ltr'><strong>καὶ</strong></span> 
     </span>
     <span class='ocr_line' id='line_1_61' title="bbox 1386 1872 2412 1932; baseline -0.003 -14"><span class='ocrx_word' id='word_1_430' title='bbox 1386 1880 1518 1931; x_wconf 84' lang='grc' dir='ltr'>ἔλεγεν,</span> <span class='ocrx_word' id='word_1_431' title='bbox 1553 1883 1606 1918; x_wconf 80' lang='grc' dir='ltr'><strong>Οὐ</strong></span> <span class='ocrx_word' id='word_1_432' title='bbox 1645 1880 1712 1932; x_wconf 72' lang='grc' dir='ltr'>γὰρ</span> <span class='ocrx_word' id='word_1_433' title='bbox 1746 1882 1849 1918; x_wconf 74' lang='grc' dir='ltr'>αὐτοῦ</span> <span class='ocrx_word' id='word_1_434' title='bbox 1880 1880 1923 1917; x_wconf 76' lang='grc' dir='ltr'><strong>τὰ</strong></span> <span class='ocrx_word' id='word_1_435' title='bbox 1943 1879 2103 1930; x_wconf 75' lang='grc' dir='ltr'>νοήματα</span> <span class='ocrx_word' id='word_1_436' title='bbox 2131 1881 2313 1930; x_wconf 79' lang='grc' dir='ltr'>ἀγοοῧμεν.</span> <span class='ocrx_word' id='word_1_437' title='bbox 2342 1872 2412 1916; x_wconf 56' lang='lat' dir='ltr'><strong>Kal</strong></span> 
     </span>
     <span class='ocr_line' id='line_1_62' title="bbox 1386 1938 2413 1992; baseline -0.002 -14"><span class='ocrx_word' id='word_1_438' title='bbox 1386 1944 1487 1991; x_wconf 76' lang='grc' dir='ltr'>ἡμεῖς</span> <span class='ocrx_word' id='word_1_439' title='bbox 1517 1940 1629 1980; x_wconf 85' lang='grc' dir='ltr'>τοίνυν</span> <span class='ocrx_word' id='word_1_440' title='bbox 1658 1941 1717 1978; x_wconf 81' lang='grc' dir='ltr'><strong>καὶ</strong></span> <span class='ocrx_word' id='word_1_441' title='bbox 1745 1945 1864 1991; x_wconf 89' lang='grc' dir='ltr'>μαθεῖν</span> <span class='ocrx_word' id='word_1_442' title='bbox 1894 1940 1954 1978; x_wconf 79' lang='grc' dir='ltr'><strong>καὶ</strong></span> <span class='ocrx_word' id='word_1_443' title='bbox 1983 1946 2101 1992; x_wconf 73' lang='grc' dir='ltr'>φυγεῖν</span> <span class='ocrx_word' id='word_1_444' title='bbox 2127 1940 2190 1983; x_wconf 80' lang='grc' dir='ltr'><strong>τὰς</strong></span> <span class='ocrx_word' id='word_1_445' title='bbox 2226 1938 2413 1981; x_wconf 65' lang='grc' dir='ltr'>ἐπιδουλὰς</span> 
     </span>
     <span class='ocr_line' id='line_1_63' title="bbox 1388 1999 2412 2052; baseline -0.003 -13"><span class='ocrx_word' id='word_1_446' title='bbox 1388 2005 1490 2040; x_wconf 71' lang='grc' dir='ltr'>αὐτοῦ</span> <span class='ocrx_word' id='word_1_447' title='bbox 1529 2002 1796 2052; x_wconf 72' lang='grc' dir='ltr'>σπουδάσωμεν,</span> <span class='ocrx_word' id='word_1_448' title='bbox 1824 2001 1880 2039; x_wconf 78' lang='grc' dir='ltr'><strong>ἵνα</strong></span> <span class='ocrx_word' id='word_1_449' title='bbox 1911 2000 1973 2047; x_wconf 81' lang='grc' dir='ltr'><strong>τὴν</strong></span> <span class='ocrx_word' id='word_1_450' title='bbox 1993 2003 2070 2038; x_wconf 86' lang='grc' dir='ltr'>κατ’</span> <span class='ocrx_word' id='word_1_451' title='bbox 2089 2002 2190 2038; x_wconf 77' lang='grc' dir='ltr'>αὐτοῦ</span> <span class='ocrx_word' id='word_1_452' title='bbox 2211 1999 2309 2045; x_wconf 78' lang='grc' dir='ltr'>νίκην</span> <span class='ocrx_word' id='word_1_453' title='bbox 2326 2000 2412 2051; x_wconf 83' lang='grc' dir='ltr'>ἀρά·</span> 
     </span>
    </p>
   </div>
   <div class='ocr_carea' id='block_1_7' title="bbox 329 2059 2412 2125">
    <p class='ocr_par' dir='ltr' id='par_1_7' title="bbox 329 2059 2412 2125">
     <span class='ocr_line' id='line_1_64' title="bbox 329 2059 2412 2125; baseline -0 -14"><span class='ocrx_word' id='word_1_454' title='bbox 329 2074 474 2111; x_wconf 88' lang='lat' dir='ltr'><strong>Domini</strong></span> <span class='ocrx_word' id='word_1_455' title='bbox 499 2074 609 2111; x_wconf 87' lang='lat' dir='ltr'><strong>nostri</strong></span> <span class='ocrx_word' id='word_1_456' title='bbox 629 2076 711 2113; x_wconf 88' lang='lat' dir='ltr'><strong>Jesu</strong></span> <span class='ocrx_word' id='word_1_457' title='bbox 733 2074 881 2123; x_wconf 84' lang='lat' dir='ltr'><strong>Christi,</strong></span> <span class='ocrx_word' id='word_1_458' title='bbox 911 2075 1056 2125; x_wconf 88' lang='lat' dir='ltr'><strong>quicum</strong></span> <span class='ocrx_word' id='word_1_459' title='bbox 1076 2075 1188 2123; x_wconf 88' lang='lat' dir='ltr'><strong>Patri,</strong></span> <span class='ocrx_word' id='word_1_460' title='bbox 1221 2089 1313 2112; x_wconf 81' lang='lat' dir='ltr'><strong>una-</strong></span> <span class='ocrx_word' id='word_1_461' title='bbox 1326 2094 1373 2118; x_wconf 76' lang='lat'><strong>530</strong></span> <span class='ocrx_word' id='word_1_462' title='bbox 1388 2077 1503 2112; x_wconf 63' lang='grc' dir='ltr'>μῖνοῑν</span> <span class='ocrx_word' id='word_1_463' title='bbox 1528 2062 1587 2100; x_wconf 68' lang='lat' dir='ltr'><strong>ml</strong></span> <span class='ocrx_word' id='word_1_464' title='bbox 1606 2061 1697 2099; x_wconf 55' lang='grc' dir='ltr'>’Μ’-ὰ</span> <span class='ocrx_word' id='word_1_465' title='bbox 1712 2061 1769 2099; x_wconf 61' lang='grc' dir='ltr'><strong>τὸν</strong></span> <span class='ocrx_word' id='word_1_466' title='bbox 1784 2061 1941 2113; x_wconf 56' lang='grc' dir='ltr'>παρόντα</span> <span class='ocrx_word' id='word_1_467' title='bbox 1963 2061 2049 2112; x_wconf 60' lang='grc' dir='ltr'>βίον,</span> <span class='ocrx_word' id='word_1_468' title='bbox 2070 2060 2129 2098; x_wconf 62' lang='grc' dir='ltr'><strong>καὶ</strong></span> <span class='ocrx_word' id='word_1_469' title='bbox 2150 2059 2240 2097; x_wconf 64' lang='grc' dir='ltr'>κατὰ</span> <span class='ocrx_word' id='word_1_470' title='bbox 2254 2060 2310 2097; x_wconf 66' lang='grc' dir='ltr'><strong>τὸν</strong></span> <span class='ocrx_word' id='word_1_471' title='bbox 2331 2060 2412 2110; x_wconf 65' lang='grc' dir='ltr'>μέλ·</span> 
     </span>
    </p>
   </div>
   <div class='ocr_carea' id='block_1_8' title="bbox 328 2131 1363 2247">
    <p class='ocr_par' dir='ltr' id='par_1_8' title="bbox 328 2131 1363 2247">
     <span class='ocr_line' id='line_1_65' title="bbox 328 2131 1363 2187; baseline 0.003 -16"><span class='ocrx_word' id='word_1_472' title='bbox 328 2150 396 2185; x_wconf 85' lang='lat' dir='ltr'><strong>que</strong></span> <span class='ocrx_word' id='word_1_473' title='bbox 415 2135 566 2187; x_wconf 84' lang='lat' dir='ltr'><strong>Spiritui</strong></span> <span class='ocrx_word' id='word_1_474' title='bbox 580 2145 698 2173; x_wconf 82' lang='lat' dir='ltr'><strong>sancto</strong></span> <span class='ocrx_word' id='word_1_475' title='bbox 715 2136 839 2186; x_wconf 78' lang='lat' dir='ltr'><strong>gloria,</strong></span> <span class='ocrx_word' id='word_1_476' title='bbox 859 2135 1061 2187; x_wconf 88' lang='lat' dir='ltr'><strong>imperium,</strong></span> <span class='ocrx_word' id='word_1_477' title='bbox 1083 2136 1206 2185; x_wconf 85' lang='lat' dir='ltr'><strong>honor,</strong></span> <span class='ocrx_word' id='word_1_478' title='bbox 1222 2150 1316 2174; x_wconf 87' lang='lat' dir='ltr'><strong>nunc</strong></span> <span class='ocrx_word' id='word_1_479' title='bbox 1337 2131 1363 2159; x_wconf 69' lang='lat' dir='ltr'>A</span> 
     </span>
     <span class='ocr_line' id='line_1_66' title="bbox 330 2196 1177 2247; baseline 0.001 -15"><span class='ocrx_word' id='word_1_480' title='bbox 330 2204 364 2232; x_wconf 86' lang='lat' dir='ltr'><strong>et</strong></span> <span class='ocrx_word' id='word_1_481' title='bbox 382 2209 531 2247; x_wconf 86' lang='lat' dir='ltr'><strong>semper,</strong></span> <span class='ocrx_word' id='word_1_482' title='bbox 551 2205 585 2233; x_wconf 91' lang='lat' dir='ltr'><strong>et</strong></span> <span class='ocrx_word' id='word_1_483' title='bbox 603 2196 638 2233; x_wconf 93' lang='lat' dir='ltr'><strong>in</strong></span> <span class='ocrx_word' id='word_1_484' title='bbox 658 2196 786 2233; x_wconf 80' lang='lat' dir='ltr'><strong>saecula</strong></span> <span class='ocrx_word' id='word_1_485' title='bbox 805 2196 1030 2234; x_wconf 60' lang='lat' dir='ltr'><strong>saeculorum.</strong></span> <span class='ocrx_word' id='word_1_486' title='bbox 1055 2199 1177 2234; x_wconf 76' lang='lat' dir='ltr'><strong>Amen.</strong></span> 
     </span>
    </p>
   </div>
   <div class='ocr_carea' id='block_1_9' title="bbox 381 2494 639 2538">
    <p class='ocr_par' dir='ltr' id='par_1_9' title="bbox 381 2494 639 2538">
     <span class='ocr_line' id='line_1_67' title="bbox 381 2494 639 2538; baseline 0.008 -12"><span class='ocrx_word' id='word_1_487' title='bbox 381 2497 398 2519; x_wconf 78' lang='lat' dir='ltr'><strong>b</strong></span> <span class='ocrx_word' id='word_1_488' title='bbox 423 2495 486 2526; x_wconf 85' lang='lat' dir='ltr'><strong>Mss</strong></span> <span class='ocrx_word' id='word_1_489' title='bbox 517 2503 558 2538; x_wconf 75' lang='grc' dir='ltr'><strong>τῷ</strong></span> <span class='ocrx_word' id='word_1_490' title='bbox 575 2494 639 2528; x_wconf 58' lang='lat' dir='ltr'><strong>iae.</strong></span> 
     </span>
    </p>
   </div>
   <div class='ocr_carea' id='block_1_10' title="bbox 381 2627 1236 2631">
    <p class='ocr_par' dir='ltr' id='par_1_10' title="bbox 381 2627 1236 2631">
     <span class='ocr_line' id='line_1_68' title="bbox 381 2627 1236 2631; baseline 0 0"><span class='ocrx_word' id='word_1_491' title='bbox 381 2627 1236 2631; x_wconf 95' lang='lat' dir='ltr'><strong> </strong></span> 
     </span>
    </p>
   </div>
   <div class='ocr_carea' id='block_1_11' title="bbox 675 2707 978 2747">
    <p class='ocr_par' dir='ltr' id='par_1_11' title="bbox 675 2707 978 2747">
     <span class='ocr_line' id='line_1_69' title="bbox 675 2707 978 2747; baseline -0.007 0"><span class='ocrx_word' id='word_1_492' title='bbox 675 2708 885 2747; x_wconf 72' lang='lat' dir='ltr'>HOMILIA</span> <span class='ocrx_word' id='word_1_493' title='bbox 913 2707 978 2746; x_wconf 84' lang='lat' dir='ltr'><strong>XI.</strong></span> 
     </span>
    </p>
   </div>
   <div class='ocr_carea' id='block_1_12' title="bbox 338 2834 1323 2993">
    <p class='ocr_par' dir='ltr' id='par_1_12' title="bbox 338 2834 1323 2993">
     <span class='ocr_line' id='line_1_70' title="bbox 338 2834 1322 2887; baseline -0.002 -14"><span class='ocrx_word' id='word_1_494' title='bbox 338 2838 422 2874; x_wconf 77' lang='lat' dir='ltr'>CAP.</span> <span class='ocrx_word' id='word_1_495' title='bbox 447 2836 514 2874; x_wconf 80' lang='lat' dir='ltr'><strong>VI.</strong></span> <span class='ocrx_word' id='word_1_496' title='bbox 536 2849 571 2873; x_wconf 71' lang='lat' dir='ltr'><strong>v.</strong></span> <span class='ocrx_word' id='word_1_497' title='bbox 593 2835 628 2872; x_wconf 87' lang='lat'><strong>5.</strong></span> <span class='ocrx_word' id='word_1_498' title='bbox 651 2835 693 2873; x_wconf 86' lang='lat' dir='ltr'><strong>Si</strong></span> <span class='ocrx_word' id='word_1_499' title='bbox 715 2837 816 2872; x_wconf 83' lang='lat' dir='ltr'><strong>enim</strong></span> <span class='ocrx_word' id='word_1_500' title='bbox 841 2834 1213 2887; x_wconf 82' lang='lat' dir='ltr'><strong>complantatisacti</strong></span> <span class='ocrx_word' id='word_1_501' title='bbox 1249 2847 1322 2872; x_wconf 81' lang='lat' dir='ltr'><strong>su-</strong></span> 
     </span>
     <span class='ocr_line' id='line_1_71' title="bbox 391 2893 1323 2944; baseline -0.002 -13"><span class='ocrx_word' id='word_1_502' title='bbox 391 2908 474 2931; x_wconf 84' lang='lat' dir='ltr'><strong>mus</strong></span> <span class='ocrx_word' id='word_1_503' title='bbox 490 2895 735 2931; x_wconf 80' lang='lat' dir='ltr'><strong>similitudini</strong></span> <span class='ocrx_word' id='word_1_504' title='bbox 747 2895 878 2931; x_wconf 85' lang='lat' dir='ltr'><strong>mortis</strong></span> <span class='ocrx_word' id='word_1_505' title='bbox 892 2895 988 2944; x_wconf 83' lang='lat' dir='ltr'><strong>ejus,</strong></span> <span class='ocrx_word' id='word_1_506' title='bbox 1007 2893 1125 2930; x_wconf 79' lang='lat' dir='ltr'><strong>simul</strong></span> <span class='ocrx_word' id='word_1_507' title='bbox 1142 2901 1176 2930; x_wconf 81' lang='lat' dir='ltr'><strong>et</strong></span> <span class='ocrx_word' id='word_1_508' title='bbox 1195 2905 1323 2930; x_wconf 82' lang='lat' dir='ltr'><strong>resur-</strong></span> 
     </span>
     <span class='ocr_line' id='line_1_72' title="bbox 394 2956 739 2993; baseline 0.003 -1"><span class='ocrx_word' id='word_1_509' title='bbox 394 2956 570 2992; x_wconf 81' lang='lat' dir='ltr'><strong>rectionis</strong></span> <span class='ocrx_word' id='word_1_510' title='bbox 586 2956 739 2993; x_wconf 52' lang='lat' dir='ltr'><strong>erimus</strong></span> 
     </span>
    </p>
   </div>
   <div class='ocr_carea' id='block_1_13' title="bbox 1348 2908 1371 2938">
    <p class='ocr_par' dir='ltr' id='par_1_13' title="bbox 1348 2908 1371 2938">
     <span class='ocr_line' id='line_1_73' title="bbox 1348 2908 1371 2938; baseline 0 0"><span class='ocrx_word' id='word_1_511' title='bbox 1348 2908 1371 2938; x_wconf 85' lang='grc' dir='ltr'><strong>Β</strong></span> 
     </span>
    </p>
   </div>
   <div class='ocr_carea' id='block_1_14' title="bbox 341 3075 1323 3312">
    <p class='ocr_par' dir='ltr' id='par_1_14' title="bbox 341 3075 1323 3312">
     <span class='ocr_line' id='line_1_74' title="bbox 395 3075 1323 3129; baseline -0.002 -14"><span class='ocrx_word' id='word_1_512' title='bbox 395 3081 409 3115; x_wconf 91' lang='grc'>1</span> <span class='ocrx_word' id='word_1_513' title='bbox 423 3110 429 3117; x_wconf 94' lang='grc'>.</span> <span class='ocrx_word' id='word_1_514' title='bbox 441 3077 548 3125; x_wconf 88' lang='lat' dir='ltr'><strong>Quod</strong></span> <span class='ocrx_word' id='word_1_515' title='bbox 559 3078 636 3129; x_wconf 86' lang='lat' dir='ltr'><strong>jam</strong></span> <span class='ocrx_word' id='word_1_516' title='bbox 649 3091 755 3128; x_wconf 85' lang='lat' dir='ltr'><strong>supra</strong></span> <span class='ocrx_word' id='word_1_517' title='bbox 769 3075 848 3114; x_wconf 72' lang='lat' dir='ltr'><strong>dixi</strong></span> <span class='ocrx_word' id='word_1_518' title='bbox 860 3106 872 3126; x_wconf 92' lang='grc'>,</span> <span class='ocrx_word' id='word_1_519' title='bbox 892 3090 987 3114; x_wconf 89' lang='lat' dir='ltr'><strong>nunc</strong></span> <span class='ocrx_word' id='word_1_520' title='bbox 1004 3075 1111 3113; x_wconf 87' lang='lat' dir='ltr'><strong>etiam</strong></span> <span class='ocrx_word' id='word_1_521' title='bbox 1121 3075 1250 3124; x_wconf 84' lang='lat' dir='ltr'><strong>dicam,</strong></span> <span class='ocrx_word' id='word_1_522' title='bbox 1268 3076 1323 3128; x_wconf 91' lang='lat' dir='ltr'><strong>ip-</strong></span> 
     </span>
     <span class='ocr_line' id='line_1_75' title="bbox 341 3136 1322 3190; baseline -0.004 -13"><span class='ocrx_word' id='word_1_523' title='bbox 341 3154 419 3177; x_wconf 85' lang='lat' dir='ltr'><strong>sum</strong></span> <span class='ocrx_word' id='word_1_524' title='bbox 436 3141 632 3190; x_wconf 82' lang='lat' dir='ltr'><strong>frequenter</strong></span> <span class='ocrx_word' id='word_1_525' title='bbox 647 3138 682 3175; x_wconf 89' lang='lat' dir='ltr'><strong>in</strong></span> <span class='ocrx_word' id='word_1_526' title='bbox 695 3139 865 3175; x_wconf 84' lang='lat' dir='ltr'><strong>moralem</strong></span> <span class='ocrx_word' id='word_1_527' title='bbox 875 3137 1069 3175; x_wconf 90' lang='lat' dir='ltr'><strong>orationem</strong></span> <span class='ocrx_word' id='word_1_528' title='bbox 1083 3136 1239 3188; x_wconf 83' lang='lat' dir='ltr'><strong>digredi,</strong></span> <span class='ocrx_word' id='word_1_529' title='bbox 1252 3150 1322 3174; x_wconf 91' lang='lat' dir='ltr'><strong>non</strong></span> 
     </span>
     <span class='ocr_line' id='line_1_76' title="bbox 344 3197 1323 3252; baseline -0.001 -16"><span class='ocrx_word' id='word_1_530' title='bbox 344 3210 382 3238; x_wconf 89' lang='lat' dir='ltr'><strong>ut</strong></span> <span class='ocrx_word' id='word_1_531' title='bbox 395 3201 429 3238; x_wconf 92' lang='lat' dir='ltr'><strong>in</strong></span> <span class='ocrx_word' id='word_1_532' title='bbox 438 3201 518 3238; x_wconf 90' lang='lat' dir='ltr'><strong>aliis</strong></span> <span class='ocrx_word' id='word_1_533' title='bbox 529 3199 699 3252; x_wconf 88' lang='lat' dir='ltr'><strong>epistolis,</strong></span> <span class='ocrx_word' id='word_1_534' title='bbox 712 3213 799 3249; x_wconf 88' lang='lat' dir='ltr'><strong>quas</strong></span> <span class='ocrx_word' id='word_1_535' title='bbox 810 3198 846 3236; x_wconf 91' lang='lat' dir='ltr'><strong>in</strong></span> <span class='ocrx_word' id='word_1_536' title='bbox 862 3197 934 3236; x_wconf 92' lang='lat' dir='ltr'><strong>duo</strong></span> <span class='ocrx_word' id='word_1_537' title='bbox 945 3197 1078 3236; x_wconf 77' lang='lat' dir='ltr'><strong>dividit</strong></span> <span class='ocrx_word' id='word_1_538' title='bbox 1092 3211 1151 3235; x_wconf 88' lang='lat' dir='ltr'><strong>:ac</strong></span> <span class='ocrx_word' id='word_1_539' title='bbox 1168 3198 1323 3249; x_wconf 88' lang='lat' dir='ltr'><strong>priorem</strong></span> 
     </span>
     <span class='ocr_line' id='line_1_77' title="bbox 343 3258 1322 3312; baseline 0 -16"><span class='ocrx_word' id='word_1_540' title='bbox 343 3271 477 3312; x_wconf 83' lang='lat' dir='ltr'><strong>partem</strong></span> <span class='ocrx_word' id='word_1_541' title='bbox 489 3260 715 3311; x_wconf 82' lang='lat' dir='ltr'><strong>dogmatibus</strong></span> <span class='ocrx_word' id='word_1_542' title='bbox 729 3258 888 3310; x_wconf 88' lang='lat' dir='ltr'><strong>deputat,</strong></span> <span class='ocrx_word' id='word_1_543' title='bbox 902 3259 1050 3296; x_wconf 87' lang='lat' dir='ltr'><strong>alteram</strong></span> <span class='ocrx_word' id='word_1_544' title='bbox 1060 3272 1201 3296; x_wconf 90' lang='lat' dir='ltr'><strong>morum</strong></span> <span class='ocrx_word' id='word_1_545' title='bbox 1216 3272 1322 3296; x_wconf 80' lang='lat' dir='ltr'><strong>curae.</strong></span> 
     </span>
    </p>
   </div>
   <div class='ocr_carea' id='block_1_15' title="bbox 392 3366 1234 3411">
    <p class='ocr_par' dir='ltr' id='par_1_15' title="bbox 392 3366 1234 3411">
     <span class='ocr_line' id='line_1_78' title="bbox 392 3366 1234 3411; baseline 0 -11"><span class='ocrx_word' id='word_1_546' title='bbox 392 3378 404 3391; x_wconf 71' lang='lat'><strong>³</strong></span> <span class='ocrx_word' id='word_1_547' title='bbox 429 3367 436 3410; x_wconf 64' lang='lat' dir='ltr'><strong>l</strong></span> <span class='ocrx_word' id='word_1_548' title='bbox 457 3372 583 3409; x_wconf 63' lang='grc' dir='ltr'>έμὲαίνιι</span> <span class='ocrx_word' id='word_1_549' title='bbox 600 3379 704 3411; x_wconf 78' lang='lat' dir='ltr'><strong>marg.</strong></span> <span class='ocrx_word' id='word_1_550' title='bbox 724 3367 823 3401; x_wconf 61' lang='lat' dir='ltr'><strong>sas-tl.</strong></span> <span class='ocrx_word' id='word_1_551' title='bbox 837 3375 869 3399; x_wconf 85' lang='lat' dir='ltr'><strong>et</strong></span> <span class='ocrx_word' id='word_1_552' title='bbox 889 3369 927 3399; x_wconf 84' lang='grc' dir='ltr'><strong>Α.</strong></span> <span class='ocrx_word' id='word_1_553' title='bbox 947 3379 976 3400; x_wconf 83' lang='lat' dir='ltr'><strong>a.</strong></span> <span class='ocrx_word' id='word_1_554' title='bbox 994 3379 1019 3399; x_wconf 91' lang='lat' dir='ltr'><strong>s.</strong></span> <span class='ocrx_word' id='word_1_555' title='bbox 1040 3378 1099 3409; x_wconf 88' lang='lat' dir='ltr'><strong>m.‚</strong></span> <span class='ocrx_word' id='word_1_556' title='bbox 1120 3366 1234 3408; x_wconf 56' lang='lat' dir='ltr'><strong>male]</strong></span> 
     </span>
    </p>
   </div>
   <div class='ocr_carea' id='block_1_16' title="bbox 1385 2121 2414 2413">
    <p class='ocr_par' dir='ltr' id='par_1_16' title="bbox 1385 2121 2414 2413">
     <span class='ocr_line' id='line_1_79' title="bbox 1385 2121 2414 2174; baseline -0.004 -13"><span class='ocrx_word' id='word_1_557' title='bbox 1385 2125 1489 2161; x_wconf 82' lang='grc' dir='ltr'>λοντα</span> <span class='ocrx_word' id='word_1_558' title='bbox 1506 2124 1804 2174; x_wconf 74' lang='grc' dir='ltr'>ἀνακηρυχθῶμεν</span> <span class='ocrx_word' id='word_1_559' title='bbox 1825 2124 1954 2168; x_wconf 80' lang='grc' dir='ltr'>αἰῶνα,</span> <span class='ocrx_word' id='word_1_560' title='bbox 1968 2122 2028 2160; x_wconf 83' lang='grc' dir='ltr'><strong>καὶ</strong></span> <span class='ocrx_word' id='word_1_561' title='bbox 2047 2124 2114 2159; x_wconf 77' lang='grc' dir='ltr'><strong>τῶν</strong></span> <span class='ocrx_word' id='word_1_562' title='bbox 2131 2121 2318 2172; x_wconf 78' lang='grc' dir='ltr'>ἀκηράτων</span> <span class='ocrx_word' id='word_1_563' title='bbox 2340 2122 2414 2157; x_wconf 82' lang='grc' dir='ltr'>ἐπι-</span> 
     </span>
     <span class='ocr_line' id='line_1_80' title="bbox 1385 2181 2414 2235; baseline -0.004 -13"><span class='ocrx_word' id='word_1_564' title='bbox 1385 2184 1546 2235; x_wconf 74' lang='grc' dir='ltr'>τύχωμεν</span> <span class='ocrx_word' id='word_1_565' title='bbox 1574 2186 1726 2235; x_wconf 78' lang='grc' dir='ltr'>ἀγαθῶν,</span> <span class='ocrx_word' id='word_1_566' title='bbox 1748 2183 1869 2235; x_wconf 75' lang='grc' dir='ltr'>χάριτι</span> <span class='ocrx_word' id='word_1_567' title='bbox 1897 2182 1956 2220; x_wconf 88' lang='grc' dir='ltr'><strong>καὶ</strong></span> <span class='ocrx_word' id='word_1_568' title='bbox 1991 2181 2233 2234; x_wconf 77' lang='grc' dir='ltr'>φιλανθρωπίᾳ</span> <span class='ocrx_word' id='word_1_569' title='bbox 2251 2185 2310 2219; x_wconf 76' lang='grc' dir='ltr'><strong>τοῦ</strong></span> <span class='ocrx_word' id='word_1_570' title='bbox 2339 2183 2414 2219; x_wconf 88' lang='grc' dir='ltr'>Κυ-</span> 
     </span>
     <span class='ocr_line' id='line_1_81' title="bbox 1389 2238 2413 2297; baseline -0.003 -15"><span class='ocrx_word' id='word_1_571' title='bbox 1389 2245 1460 2297; x_wconf 81' lang='grc' dir='ltr'>ρίου</span> <span class='ocrx_word' id='word_1_572' title='bbox 1482 2247 1584 2294; x_wconf 70' lang='grc' dir='ltr'>ἡμῶν</span> <span class='ocrx_word' id='word_1_573' title='bbox 1608 2245 1723 2291; x_wconf 77' lang='grc' dir='ltr'>Ἰησοῦ</span> <span class='ocrx_word' id='word_1_574' title='bbox 1754 2246 1924 2296; x_wconf 78' lang='grc' dir='ltr'>Χριστοῦ,</span> <span class='ocrx_word' id='word_1_575' title='bbox 1941 2247 2015 2293; x_wconf 84' lang='grc' dir='ltr'>μεθ’</span> <span class='ocrx_word' id='word_1_576' title='bbox 2040 2238 2078 2281; x_wconf 71' lang='grc' dir='ltr'><strong>οῧ</strong></span> <span class='ocrx_word' id='word_1_577' title='bbox 2109 2247 2158 2296; x_wconf 81' lang='grc' dir='ltr'><strong>τῷ</strong></span> <span class='ocrx_word' id='word_1_578' title='bbox 2177 2243 2317 2293; x_wconf 79' lang='grc' dir='ltr'>Πατρὶ,</span> <span class='ocrx_word' id='word_1_579' title='bbox 2338 2242 2413 2292; x_wconf 86' lang='grc' dir='ltr'><strong>ἅμα</strong></span> 
     </span>
     <span class='ocr_line' id='line_1_82' title="bbox 1385 2302 2411 2357; baseline -0.004 -14"><span class='ocrx_word' id='word_1_580' title='bbox 1385 2308 1434 2357; x_wconf 77' lang='grc' dir='ltr'><strong>τῷ</strong></span> <span class='ocrx_word' id='word_1_581' title='bbox 1453 2306 1541 2356; x_wconf 84' lang='grc' dir='ltr'>ἁγίῳ</span> <span class='ocrx_word' id='word_1_582' title='bbox 1569 2305 1751 2354; x_wconf 78' lang='grc' dir='ltr'>Πνεύματι</span> <span class='ocrx_word' id='word_1_583' title='bbox 1770 2305 1870 2350; x_wconf 81' lang='grc' dir='ltr'>δόξα,</span> <span class='ocrx_word' id='word_1_584' title='bbox 1891 2304 2034 2355; x_wconf 82' lang='grc' dir='ltr'>κράτος,</span> <span class='ocrx_word' id='word_1_585' title='bbox 2055 2304 2164 2353; x_wconf 83' lang='grc' dir='ltr'>τιμὴ,</span> <span class='ocrx_word' id='word_1_586' title='bbox 2181 2307 2240 2340; x_wconf 79' lang='grc' dir='ltr'><strong>νῦν</strong></span> <span class='ocrx_word' id='word_1_587' title='bbox 2258 2302 2316 2341; x_wconf 82' lang='grc' dir='ltr'><strong>καὶ</strong></span> <span class='ocrx_word' id='word_1_588' title='bbox 2337 2302 2389 2340; x_wconf 75' lang='grc' dir='ltr'><strong>ἀεὶ</strong></span> <span class='ocrx_word' id='word_1_589' title='bbox 2402 2331 2411 2348; x_wconf 95' lang='grc'>,</span> 
     </span>
     <span class='ocr_line' id='line_1_83' title="bbox 1386 2363 2156 2413; baseline -0.001 -12"><span class='ocrx_word' id='word_1_590' title='bbox 1386 2365 1446 2402; x_wconf 79' lang='grc' dir='ltr'><strong>καὶ</strong></span> <span class='ocrx_word' id='word_1_591' title='bbox 1463 2367 1510 2407; x_wconf 86' lang='grc' dir='ltr'><strong>εἷς</strong></span> <span class='ocrx_word' id='word_1_592' title='bbox 1528 2363 1605 2407; x_wconf 68' lang='grc' dir='ltr'>τοὺς</span> <span class='ocrx_word' id='word_1_593' title='bbox 1625 2367 1752 2407; x_wconf 80' lang='grc' dir='ltr'>αἰῶνας</span> <span class='ocrx_word' id='word_1_594' title='bbox 1768 2366 1835 2401; x_wconf 80' lang='grc' dir='ltr'><strong>τῶν</strong></span> <span class='ocrx_word' id='word_1_595' title='bbox 1865 2363 2010 2401; x_wconf 79' lang='grc' dir='ltr'>αἰώνων.</span> <span class='ocrx_word' id='word_1_596' title='bbox 2035 2363 2156 2413; x_wconf 74' lang='grc' dir='ltr'>Ἀμήν.</span> 
     </span>
    </p>
   </div>
   <div class='ocr_carea' id='block_1_17' title="bbox 1773 2708 2031 2747">
    <p class='ocr_par' dir='ltr' id='par_1_17' title="bbox 1773 2708 2031 2747">
     <span class='ocr_line' id='line_1_84' title="bbox 1773 2708 2031 2747; baseline -0.004 -1"><span class='ocrx_word' id='word_1_597' title='bbox 1773 2709 1952 2747; x_wconf 73' lang='lat' dir='ltr'>OMIAIA</span> <span class='ocrx_word' id='word_1_598' title='bbox 1974 2708 2031 2746; x_wconf 74' lang='grc' dir='ltr'>ια’.</span> 
     </span>
    </p>
   </div>
   <div class='ocr_carea' id='block_1_18' title="bbox 1396 2829 2416 2941">
    <p class='ocr_par' dir='ltr' id='par_1_18' title="bbox 1396 2829 2416 2941">
     <span class='ocr_line' id='line_1_85' title="bbox 1396 2829 2416 2883; baseline -0.002 -15"><span class='ocrx_word' id='word_1_599' title='bbox 1396 2832 1440 2868; x_wconf 83' lang='grc' dir='ltr'><strong>Εἰ</strong></span> <span class='ocrx_word' id='word_1_600' title='bbox 1455 2830 1522 2883; x_wconf 81' lang='grc' dir='ltr'>γὰρ</span> <span class='ocrx_word' id='word_1_601' title='bbox 1538 2831 1708 2881; x_wconf 67' lang='grc' dir='ltr'>σύμφυτοι</span> <span class='ocrx_word' id='word_1_602' title='bbox 1719 2830 1907 2881; x_wconf 85' lang='grc' dir='ltr'>γεγόναμεν</span> <span class='ocrx_word' id='word_1_603' title='bbox 1922 2832 1972 2883; x_wconf 82' lang='grc' dir='ltr'><strong>τῷ</strong></span> <span class='ocrx_word' id='word_1_604' title='bbox 1983 2829 2181 2881; x_wconf 85' lang='grc' dir='ltr'>ὁμοιώματι</span> <span class='ocrx_word' id='word_1_605' title='bbox 2194 2834 2253 2868; x_wconf 80' lang='grc' dir='ltr'><strong>τοῦ</strong></span> <span class='ocrx_word' id='word_1_606' title='bbox 2269 2829 2416 2867; x_wconf 87' lang='grc' dir='ltr'>θανάτου</span> 
     </span>
     <span class='ocr_line' id='line_1_86' title="bbox 1504 2889 2311 2941; baseline -0.001 -13"><span class='ocrx_word' id='word_1_607' title='bbox 1504 2893 1624 2937; x_wconf 51' lang='grc' dir='ltr'>αὐτοῦ,</span> <span class='ocrx_word' id='word_1_608' title='bbox 1644 2891 1732 2929; x_wconf 78' lang='grc' dir='ltr'>ἀλλὰ</span> <span class='ocrx_word' id='word_1_609' title='bbox 1752 2891 1810 2928; x_wconf 76' lang='grc' dir='ltr'><strong>καὶ</strong></span> <span class='ocrx_word' id='word_1_610' title='bbox 1826 2894 1888 2937; x_wconf 81' lang='grc' dir='ltr'>τ’ῆς</span> <span class='ocrx_word' id='word_1_611' title='bbox 1908 2891 2131 2934; x_wconf 76' lang='grc' dir='ltr'>ἀναστάσεως</span> <span class='ocrx_word' id='word_1_612' title='bbox 2149 2889 2311 2941; x_wconf 80' lang='grc' dir='ltr'>ἐσόμεθα.</span> 
     </span>
    </p>
   </div>
   <div class='ocr_carea' id='block_1_19' title="bbox 1396 3074 2418 3311">
    <p class='ocr_par' dir='ltr' id='par_1_19' title="bbox 1396 3074 2418 3311">
     <span class='ocr_line' id='line_1_87' title="bbox 1449 3074 2416 3128; baseline -0.001 -15"><span class='ocrx_word' id='word_1_613' title='bbox 1449 3074 1567 3125; x_wconf 45' lang='grc' dir='ltr'>ςὈπερ</span> <span class='ocrx_word' id='word_1_614' title='bbox 1589 3074 1648 3112; x_wconf 73' lang='grc' dir='ltr'><strong>καὶ</strong></span> <span class='ocrx_word' id='word_1_615' title='bbox 1668 3074 1860 3126; x_wconf 84' lang='grc' dir='ltr'>ἔμπροσθεν</span> <span class='ocrx_word' id='word_1_616' title='bbox 1887 3075 1992 3128; x_wconf 64' lang='grc' dir='ltr'>ἔφθην</span> <span class='ocrx_word' id='word_1_617' title='bbox 2013 3075 2133 3123; x_wconf 82' lang='grc' dir='ltr'>εἰπὼν,</span> <span class='ocrx_word' id='word_1_618' title='bbox 2161 3078 2262 3114; x_wconf 71' lang='grc' dir='ltr'>τοῦτο</span> <span class='ocrx_word' id='word_1_619' title='bbox 2282 3075 2342 3114; x_wconf 77' lang='grc' dir='ltr'><strong>καὶ</strong></span> <span class='ocrx_word' id='word_1_620' title='bbox 2360 3081 2416 3114; x_wconf 83' lang='grc' dir='ltr'>ν’ῠν</span> 
     </span>
     <span class='ocr_line' id='line_1_88' title="bbox 1396 3135 2418 3188; baseline 0.002 -16"><span class='ocrx_word' id='word_1_621' title='bbox 1396 3138 1482 3187; x_wconf 83' lang='grc' dir='ltr'>ἐρῶ,</span> <span class='ocrx_word' id='word_1_622' title='bbox 1498 3135 1552 3173; x_wconf 80' lang='grc' dir='ltr'><strong>ὅτι</strong></span> <span class='ocrx_word' id='word_1_623' title='bbox 1571 3137 1617 3178; x_wconf 88' lang='grc' dir='ltr'><strong>εἷς</strong></span> <span class='ocrx_word' id='word_1_624' title='bbox 1636 3135 1692 3173; x_wconf 80' lang='grc' dir='ltr'><strong>τὸν</strong></span> <span class='ocrx_word' id='word_1_625' title='bbox 1713 3136 1830 3180; x_wconf 78' lang='grc' dir='ltr'>ἠθικὸν</span> <span class='ocrx_word' id='word_1_626' title='bbox 1858 3140 2011 3188; x_wconf 71' lang='grc' dir='ltr'>συνεχῶς</span> <span class='ocrx_word' id='word_1_627' title='bbox 2027 3136 2201 3174; x_wconf 56' lang='grc' dir='ltr'>ὃέκὸαίνει</span> <span class='ocrx_word' id='word_1_628' title='bbox 2222 3136 2335 3188; x_wconf 89' lang='grc' dir='ltr'>λόγον,</span> <span class='ocrx_word' id='word_1_629' title='bbox 2355 3139 2418 3187; x_wconf 77' lang='grc' dir='ltr'><strong>οὐχ</strong></span> 
     </span>
     <span class='ocr_line' id='line_1_89' title="bbox 1396 3195 2418 3248; baseline 0.002 -16"><span class='ocrx_word' id='word_1_630' title='bbox 1396 3195 1514 3248; x_wconf 81' lang='grc' dir='ltr'>ὥσπερ</span> <span class='ocrx_word' id='word_1_631' title='bbox 1539 3197 1572 3233; x_wconf 83' lang='grc' dir='ltr'><strong>ἐν</strong></span> <span class='ocrx_word' id='word_1_632' title='bbox 1600 3200 1674 3238; x_wconf 90' lang='grc' dir='ltr'>ταῖς</span> <span class='ocrx_word' id='word_1_633' title='bbox 1695 3196 1817 3239; x_wconf 74' lang='grc' dir='ltr'>ἄλλαις</span> <span class='ocrx_word' id='word_1_634' title='bbox 1837 3198 2036 3241; x_wconf 84' lang='grc' dir='ltr'>ἐπιστολαῖς</span> <span class='ocrx_word' id='word_1_635' title='bbox 2052 3227 2061 3245; x_wconf 94' lang='grc'>,</span> <span class='ocrx_word' id='word_1_636' title='bbox 2078 3197 2217 3248; x_wconf 81' lang='grc' dir='ltr'>διαιρῶν</span> <span class='ocrx_word' id='word_1_637' title='bbox 2236 3197 2340 3240; x_wconf 78' lang='grc' dir='ltr'>αὐτὰς</span> <span class='ocrx_word' id='word_1_638' title='bbox 2371 3200 2418 3239; x_wconf 87' lang='grc' dir='ltr'><strong>εἷς</strong></span> 
     </span>
     <span class='ocr_line' id='line_1_90' title="bbox 1397 3256 2415 3311; baseline 0 -16"><span class='ocrx_word' id='word_1_639' title='bbox 1397 3256 1474 3303; x_wconf 77' lang='grc' dir='ltr'>δύο,</span> <span class='ocrx_word' id='word_1_640' title='bbox 1503 3257 1542 3295; x_wconf 86' lang='grc' dir='ltr'><strong>τὸ</strong></span> <span class='ocrx_word' id='word_1_641' title='bbox 1571 3256 1631 3306; x_wconf 79' lang='grc' dir='ltr'><strong>μὲν</strong></span> <span class='ocrx_word' id='word_1_642' title='bbox 1660 3259 1797 3308; x_wconf 82' lang='grc' dir='ltr'>πρῶτον</span> <span class='ocrx_word' id='word_1_643' title='bbox 1829 3264 1898 3299; x_wconf 85' lang='grc' dir='ltr'>τοῖς</span> <span class='ocrx_word' id='word_1_644' title='bbox 1923 3257 2091 3309; x_wconf 79' lang='grc' dir='ltr'>δόγμασιν</span> <span class='ocrx_word' id='word_1_645' title='bbox 2121 3258 2294 3311; x_wconf 66' lang='grc' dir='ltr'>ἀφορίζει,</span> <span class='ocrx_word' id='word_1_646' title='bbox 2316 3258 2356 3296; x_wconf 84' lang='grc' dir='ltr'><strong>τὸ</strong></span> <span class='ocrx_word' id='word_1_647' title='bbox 2380 3257 2415 3295; x_wconf 74' lang='grc' dir='ltr'><strong>δὲ</strong></span> 
     </span>
    </p>
   </div>
  </div>
 </body>
</html>
