2466 3805
308 205 395 252 156

297 311 375 349 tur,
398 303 527 341 frustra
553 304 667 341 morbi
697 311 972 341 enumerantur:
992 301 1153 338 infirmor
1181 313 1245 351 ego
1258 330 1269 349 ,

294 362 428 401 laceror
441 372 473 400 et
485 363 634 414 turpiter
646 377 725 413 ago,
738 362 797 412 qui
814 375 882 399 non
901 360 1014 398 habeo
1032 359 1129 410 quod
1143 359 1247 398 edam
1262 375 1270 396 ε

295 423 361 461 hos
379 433 496 461 autem
514 425 551 460 in
574 423 712 460 deliciis
730 430 871 472 agentes
895 420 1017 459 videre
1036 429 1086 458 est
1107 419 1196 457 bene
1213 420 1271 457 af-

293 485 400 522 fectos
412 514 423 533 ,
442 484 609 535 pingues,
627 482 839 534 gaudentes,
855 482 955 533 equis
972 491 1104 521 vectos.
1125 483 1190 521 Vae
1205 481 1272 519 mi-

294 545 331 581 hi
349 544 357 583 I
378 543 545 594 lacrymis
564 543 658 580 enim
672 541 780 594 digna
793 542 869 580 haec
882 543 992 580 verba
1011 551 1106 580 sunt.
1122 541 1196 580 Eos
1209 557 1273 581 au-

293 612 364 640 tem
383 603 443 653 qui
462 602 621 654 podagra
640 603 818 653 laborant,
840 603 936 641 sellis
956 612 1120 655 gestatos,
1141 604 1272 655 alliga-

292 673 368 712 tos,
393 678 463 714 qua
491 678 537 702 ex
559 673 672 716 parte,
697 679 830 715 quaeso,
858 664 1112 717 respiciemus?
1132 665 1180 704 Et
1204 664 1274 704 nisi

292 738 366 762 rem
395 724 450 761 illi
481 733 646 776 putarent
674 724 966 763 contumeliosam
984 738 1024 763 ac
1043 725 1273 777 probrosam,

291 786 372 823 illos
386 786 461 837 jam
478 785 618 824 nomine
633 799 696 823 suo
713 786 988 838 compellassem.
1006 785 1077 825 Sed
1096 795 1177 825 sunt
1193 787 1274 838 qui-

291 845 394 894 dam,
412 845 573 895 inquies,
594 845 656 896 qui
681 846 770 884 bene
796 846 936 895 valent,
954 846 1037 898 quia
1063 860 1133 885 non
1159 847 1275 886 solum

292 906 430 945 deliciis
451 906 537 943 dant
554 920 716 958 operam,
739 906 800 944 sed
819 906 924 945 etiam
941 907 1115 945 laborant.
1136 909 1274 948 Verum
1297 924 1321 955 Ε
1345 913 1402 951 τὸν
1422 915 1459 952 οὗ
1483 913 1530 964 μὴ
1551 914 1677 965 δυνηθῇ
1697 918 1765 953 τῶν
1788 916 2017 966 νοσημάτων,
2034 917 2199 964 διηνεκῶς
2222 932 2368 969 γαστρι-

291 968 339 1006 da
366 967 457 1005 mihi
477 967 658 1005 hominem
689 981 826 1019 semper
848 967 1160 1019 pinguescentem,
1183 968 1275 1008 otio-

293 1043 394 1077 sum,
413 1028 581 1077 inertem,
601 1027 663 1078 qui
680 1027 768 1066 bene
786 1027 913 1067 valeat.
931 1027 1002 1066 Sed
1016 1042 1085 1066 non
1104 1028 1274 1067 invenies.

293 1089 446 1128 Etiamsi
469 1089 563 1133 enim
587 1089 771 1126 innumera
799 1088 1019 1127 medicorum
1038 1088 1144 1127 turba
1163 1088 1275 1139 adsit,

292 1150 398 1188 illum
427 1150 544 1189 ventri
582 1164 720 1201 semper
748 1163 891 1202 operam
921 1151 1065 1188 dantem
1095 1163 1116 1188 a
1142 1149 1277 1188 morbis

293 1224 416 1249 eruere
437 1224 507 1247 non
533 1218 697 1262 poterunt
720 1225 728 1246 :
749 1223 861 1261 neque
889 1209 986 1248 enim
1008 1209 1048 1248 id
1077 1218 1203 1248 natura
1226 1209 1277 1248 rei

291 1271 477 1323 permittit.
493 1272 571 1323 Ego
586 1285 670 1309 vero
691 1271 912 1309 medicorum
941 1271 1078 1309 dictum
1102 1270 1206 1309 vobis
1222 1271 1277 1308 af—

293 1332 417 1370 feram·
448 1331 508 1370 Ex
536 1331 600 1380 iis,
620 1346 698 1382 quae
730 1331 767 1369 in
794 1341 955 1371 ventrem
979 1332 1184 1382 mittuntur,
1206 1345 1277 1371 non

294 1395 412 1433 omnia
433 1395 523 1432 fiunt
541 1395 748 1433 alimentum
764 1411 771 1432 :
789 1409 872 1433 nam
886 1395 922 1433 in
937 1396 1014 1447 ipsa
1035 1395 1199 1434 ciborum
1217 1410 1278 1434 na-

294 1465 375 1494 tura
405 1470 475 1494 non
504 1465 619 1494 totum
649 1455 764 1494 alendi
790 1456 865 1495 vim
895 1456 1019 1505 habet,
1040 1455 1102 1494 sed
1129 1471 1212 1508 pars
1241 1456 1276 1493 in
1289 1482 1337 1506 135
1381 1460 1389 1472 '

296 1531 471 1555 secessum
489 1517 695 1564 secernitur,
713 1531 795 1569 pars
819 1516 854 1554 in
875 1516 1084 1554 alimentum
1112 1517 1215 1554 cedit.
1240 1517 1279 1556 Si
1303 1519 1329 1547 Α
1357 1520 1385 1535 ”

295 1591 380 1629 ergo
415 1577 593 1615 moderate
626 1577 747 1614 cibum
783 1592 923 1615 sumens
958 1586 1072 1615 totum
1100 1577 1277 1630 perficias,

297 1638 437 1689 singula
468 1637 505 1675 in
529 1637 647 1675 locum
677 1651 783 1675 suum
802 1646 1013 1689 pergunt,et
1037 1637 1134 1688 quod
1157 1651 1283 1676 sanum

297 1699 455 1749 utileque
477 1708 527 1736 est
545 1698 582 1735 in
609 1712 714 1735 suum
738 1712 775 1735 se
798 1698 917 1736 locum
936 1699 1088 1747 confert;
1102 1698 1199 1750 quod
1219 1713 1284 1736 au-

296 1769 369 1798 tem
385 1759 604 1811 superfluum
618 1768 668 1797 est
687 1767 721 1796 et
737 1758 882 1807 inutile,
901 1759 1030 1797 secedit
1045 1768 1079 1797 et
1098 1760 1266 1810 egeritur3

298 1821 354 1858 sin
370 1834 454 1858 vero
472 1819 583 1857 nimia
605 1819 650 1856 sit
673 1819 834 1856 ciborum
854 1819 972 1870 copia,
991 1819 1096 1857 etiam
1114 1819 1167 1866 id,
1188 1819 1286 1870 quod

297 1880 416 1918 alendi
436 1881 510 1918 vim
530 1880 651 1929 habet,
671 1879 818 1917 noxium
838 1888 902 1928 est,
922 1879 1030 1930 idque
1047 1879 1283 1932 perspicuita-

297 1943 344 1980 tis
360 1957 464 1980 causa
483 1942 646 1993 exemplo
661 1941 849 1993 proferam.
860 1942 901 1978 In
920 1942 1096 1979 frumento
1119 1941 1221 1979 aliud.
1236 1950 1287 1980 est

299 2003 430 2045 simila,
464 2002 563 2041 aliud
593 2002 704 2040 farina
721 2032 730 2050 ,
750 2001 851 2039 aliud.
876 2002 1003 2039 furfur.
1023 2002 1062 2040 Si
1086 2016 1170 2054 ergo
1192 2002 1286 2041 mola

299 2065 449 2116 accipiet
464 2079 520 2113 ea,
541 2078 618 2115 quae
637 2073 751 2116 potest
767 2063 914 2112 molere,
932 2063 1009 2101 haec
1024 2063 1144 2101 omnia
1157 2063 1288 2101 discer-

301 2125 377 2175 nit,
410 2125 465 2162 sin
495 2126 601 2177 plura
636 2124 825 2176 conjicias,
857 2124 974 2162 omnia
1003 2124 1283 2162 confunduntur.

303 2187 440 2223 Rursus
458 2185 598 2230 vinum,
622 2183 651 2221 si
678 2192 926 2234 congruentem
953 2183 1105 2235 accipiat
1128 2198 1286 2235 operam,

304 2246 335 2284 si
355 2261 418 2284 suo
448 2255 604 2297 tempore
638 2245 865 2294 conficiatur,
894 2244 1011 2296 primo
1041 2245 1158 2283 omnia
1183 2244 1291 2282 simul

304 2307 510 2355 miscentur,
528 2315 647 2358 postea
664 2320 749 2344 vero
767 2305 866 2343 aliud
883 2306 918 2342 in
938 2306 1058 2343 saecem
1077 2306 1172 2355 abit,
1191 2305 1290 2343 aliud

306 2367 343 2405 in
362 2381 542 2419 spumam,
563 2365 661 2404 aliud
680 2375 796 2403 manet
821 2365 866 2403 ad
889 2380 994 2404 usum
1013 2366 1208 2403 fruentium
1233 2381 1240 2402 :
1258 2374 1292 2403 et

305 2429 383 2467 haec
400 2428 492 2465 bona
512 2441 592 2479 pars
608 2436 659 2465 est
672 2457 681 2475 ,
704 2440 767 2464 nec
782 2426 885 2464 facile
902 2435 1073 2465 mutatur.
1099 2427 1191 2464 Nam
1209 2435 1290 2465 ante

307 2503 419 2540 neque
448 2488 574 2526 vinum
596 2501 706 2538 neque
729 2487 799 2525 faex
826 2496 896 2535 est,
917 2501 999 2524 cum
1022 2487 1153 2525 scilicet
1173 2486 1292 2525 omnia

308 2550 509 2588 miscentur.
530 2548 606 2585 Hoc
625 2548 662 2585 in
678 2548 769 2586 mari
787 2561 927 2598 quoquc
944 2547 1065 2585 videre
1085 2556 1134 2585 est
1153 2547 1190 2585 in
1210 2562 1290 2586 ma·-

309 2625 378 2663 gna
394 2618 609 2662 tempestate.
626 2610 676 2647 Ut
691 2622 773 2660 ergo
790 2618 874 2646 tunc
888 2609 1001 2661 pisces
1020 2608 1183 2647 videmus
1198 2623 1294 2647 mor-

310 2685 388 2713 tuos
402 2673 659 2727 superfluitare,
677 2673 739 2723 qui
758 2687 831 2725 prae
850 2673 981 2723 frigore
998 2686 1068 2710 non
1093 2681 1240 2725 possunt
1255 2672 1293 2710 in

311 2735 463 2773 fundum
491 2734 650 2785 demergi
670 2749 678 2770 :
698 2734 747 2770 ita
771 2743 803 2771 ct
832 2733 932 2771 nobis
964 2733 1105 2772 accidit.
1140 2733 1293 2780 Quando

312 2797 406 2835 enim
438 2810 588 2848 superne
616 2797 739 2845 ingens
770 2794 904 2845 ingruit
932 2794 1133 2833 voracitatis
1159 2795 1293 2845 imber,

313 2858 432 2896 omnia
467 2869 711 2903 commovens,
737 2855 963 2906 cogitationes
987 2865 1088 2893 antea
1115 2870 1235 2904 sanas,
1261 2865 1296 2894 et
1317 2863 1341 2894 C

314 2918 464 2969 quietas,
487 2932 547 2955 eeu
569 2925 726 2953 mortuas
747 2925 974 2967 supernatare
993 2916 1097 2967 cogit.
1119 2917 1209 2956 Cum
1230 2916 1296 2967 igi-

315 2989 374 3016 tur
398 2993 443 3016 ex
469 2976 676 3029 hujusmodi
701 2975 872 3027 exemplis
899 2975 1178 3014 demonstratum
1197 2976 1299 3014 nobis

317 3042 419 3079 fuerit
438 3050 609 3092 quantum
635 3040 680 3077 sit
703 3038 890 3085 damnum,
907 3052 1080 3076 cessemus
1098 3039 1218 3077 beatos
1236 3039 1298 3076 di-

318 3117 394 3140 cere
408 3103 506 3149 illos,
527 3114 614 3151 quos
633 3099 778 3137 miseros
799 3098 995 3151 prcedicare
1008 3107 1202 3150 oporteret,
1221 3113 1300 3137 nos-

320 3177 387 3213 que
407 3162 590 3214 deplorare
607 3175 652 3198 ex
670 3160 713 3197 iis
726 3191 735 3209 ,
755 3161 801 3198 ob
817 3173 894 3210 quae
916 3159 1035 3197 beatos
1058 3159 1175 3196 dicere
1195 3174 1324 3211 opor-

1025 3279 1107 3291 vvvvv

366 3281 382 3304 d
401 3279 511 3312 Aliis.
505 3286 548 3313 i
573 3283 708 3313 scint-iz&
727 3284 848 3321 ἑτάατα
864 3284 968 3362 ι’ςζχοῦνὶγ
938 3292 1001 3317 το,
1017 3295 1052 3315 ην
1055 3294 1070 3314 r
1089 3294 1135 3312 αν.

365 3339 376 3354 e
393 3332 444 3370 Q1·
439 3329 499 3362 ·ἰι1
495 3343 536 3362 ¹1u
541 3298 626 3363 3155.
639 3337 706 3365 καὶ
699 3346 773 3376 παρ
765 3346 812 3374 :75
803 3338 878 3367 ἰω-

322 3388 370 3416 mi
385 3388 458 3415 ἐσπ.

1001 3332 1134 3367 {namu
1153 3332 1320 3370 Emiserat,

743 223 782 253 S.
820 221 1004 254 JOANNIS
1038 220 1280 252 CHRYSOST.
1321 222 1526 255 ARCHIEP.
1564 226 1920 260 CONSTANTINOP-

1344 302 1423 346 ἄξια
1443 309 1551 343 ταῦτα
1572 306 1616 344 τὰ
1645 308 1795 360 ῥήματα.
1816 312 1848 348 Γ
1851 310 1905 354 οὺς
1931 310 1965 350 δὲ
1986 312 2266 362 ζποδαλγοῧντας,
2286 309 2363 354 τοὺς

1345 363 1402 401 ἐπὶ
1421 365 1547 417 δίφρων
1564 370 1782 420 φερομένους,
1801 370 1876 416 τους
1891 373 2244 424 καταδεσμουμένους,
2260 372 2362 410 πόθεν

1344 425 1492 476 ὃρωμεν,
1512 427 1589 465 εἶπέ
1607 443 1689 478 μοι·
1679 459 1690 477 ,
1710 430 1780 468 Και
1796 433 1826 468 εἰ
1843 431 1890 482 μὴ
1907 448 1946 470 το
1967 440 2113 485 πρᾶγμα
2133 433 2260 485 ὔέριν’
2245 433 2362 483 ενόμι-

1345 484 1448 531 ζον,“1
1457 486 1518 524 καὶ
1535 489 1768 534 ὀνειδιστικῶς
1786 507 1828 541 με
1853 508 1964 530 ταυτα
1978 492 2127 543 λέγειν
2110 512 2131 540 η
2136 499 2275 546 γοῦντο,
2295 493 2363 539 ηδη

1345 544 1388 582 ἂν
1413 546 1473 584 καὶ
1491 549 1658 599 ὀνομαστι
1684 550 1886 603 παρήγαγον
1906 552 2037 596 αὐτούς
2054 553 2144 591 Αλλ’
2163 554 2230 592 εἶσί
2255 569 2364 599 τινες,

1344 605 1378 643 οἳ
1409 607 1468 645 καὶ
1499 609 1707 660 ὑγιαίνουσι,
1739 611 1855 663 φησίν.
1880 612 2027 658 Ἐπειδὴ
2054 613 2101 663 μὴ
2130 613 2231 662 μόνον
2252 616 2364 665 τρυφῇ·

1344 668 1635 721 προσανέχουσιν,
1659 671 1749 709 ἀλλὰ
1779 671 1837 709 καὶ
1867 672 1996 716 πόνοις.
2023 672 2127 711 Ἐπεὶ
2151 673 2207 717 δός
2229 690 2288 725 μοι
2307 674 2367 711 ἅν-

1347 730 1481 780 θρωπον
1503 730 1688 774 διαπαντὸς
1702 733 1938 783 πιαινόμενον,
1955 733 2179 786 ἀνενέργητον
2195 733 2366 784 κείμενον,

1348 789 1453 841 μηδὲν
1469 795 1640 830 πονοῦντα
1652 820 1662 839 ,
1677 793 1758 831 ἰδεῖν
1774 793 1981 844 ὑγιαίνοντα.
2000 794 2090 833 Ἀλλ’
2109 797 2170 833 οὐκ
2189 795 2229 832 ἂν
2246 794 2367 847 εὕροις.

1346 849 1421 889 Κᾶν
1441 850 1506 903 γὰρ
1534 851 1666 904 μυρίων
1687 855 1813 906 ἰατρῶν
1833 856 1963 901 πλῆθος
1982 854 2146 906 συνέλθῃ,
2163 855 2287 900 ἐξελεῖν
2309 858 2368 893 αὖ·

1347 973 1488 1024 ζόμενον
1500 990 1508 998 ·
1529 974 1602 1013 οὐδὲ
1620 974 1687 1027 γὰρ
1702 976 1775 1028 ἔχει
1792 975 1832 1014 τὸ
1845 982 1994 1028 πρᾶγμα
2014 976 2125 1029 φύσιν.
2142 977 2239 1028 Ἐγὼ
2255 976 2290 1015 δὲ
2307 977 2366 1014 καὶ

1350 1036 1500 1087 ἰατρικὸν
1523 1039 1602 1087 ὑμῖν
1623 1038 1690 1088 ἐρῶ
1704 1036 1819 1087 λόγον.
1844 1038 1924 1075 Τῶν
1948 1040 1996 1080 εἷς
2011 1037 2073 1084 τὴν
2091 1039 2245 1090 γαστέρα
2263 1053 2370 1076 κατα-

1349 1095 1585 1147 ῧαλλομένων,
1607 1098 1645 1135 οὗ
1660 1097 1699 1135 τὸ
1719 1104 1787 1135 πᾶν
1812 1097 1944 1149 γίνεται
1963 1098 2072 1151 τροφή
2086 1115 2094 1122 ·
2115 1099 2189 1137 ἐπεὶ
2223 1098 2312 1149 μηδὲ
2336 1101 2371 1137 ἐν

1350 1158 1438 1208 αὐτῇ
1456 1159 1499 1208 τῇ
1514 1160 1576 1204 τῆς
1589 1159 1717 1209 τροφῆς
1736 1156 1836 1209 φύσει
1851 1159 1890 1196 τὸ
1910 1165 1979 1196 πᾶν
2000 1158 2269 1212 ἐστιτρόφιμον,
2290 1160 2368 1197 ἀλλ’

1350 1215 1421 1255 ἔστι
1443 1217 1483 1255 τὸ
1503 1216 1565 1268 μὲν
1593 1219 1698 1264 αὐτῆς
1718 1220 1764 1262 εἷς
1783 1217 1996 1270 διαχώρησιν
2022 1220 2262 1271 μεριζόμενον,
2278 1221 2318 1259 τὸ
2335 1219 2372 1258 δὲ

1350 1279 1398 1321 εἷς
1420 1278 1562 1329 τροφήν.
1590 1277 1651 1317 Ἂν
1673 1278 1734 1329 μὲν
1755 1272 1811 1317 οῧν
1829 1278 2011 1330 σύμμετρα
2030 1279 2106 1324 δοὺς
2121 1280 2235 1319 τέλεον
2250 1297 2374 1332 κατερ·

1349 1342 1461 1390 γασθῇ
1475 1369 1484 1387 ,
1503 1342 1605 1378 τοῦτο
1622 1339 1774 1389 γίνεται,
1798 1339 1856 1377 καὶ
1883 1339 1946 1386 τὴν
1968 1340 2094 1378 οἰκείαν
2115 1341 2218 1379 ἔλαὸε
2233 1341 2373 1393 χώραν,

1349 1399 1409 1438 καὶ
1423 1400 1463 1439 τὸ
1479 1399 1540 1451 μὲν
1559 1400 1650 1452 ὑγιὲς
1675 1400 1734 1439 καὶ
1752 1401 1903 1452 χρηστὸν
1922 1403 1968 1445 εἷς
1983 1402 2040 1440 τὸν
2062 1405 2185 1441 οἰκεῖον
2200 1402 2375 1453 ἀνέδραμε

1350 1476 1473 1509 τοπον,
1495 1462 1535 1500 τὸ
1566 1462 1601 1499 δὲ
1629 1462 1790 1514 περιττὸν
1810 1460 1870 1499 καὶ
1897 1461 2072 1514 ἄχρηστον
2102 1463 2271 1509 ὑπεξῆλθε
2291 1463 2376 1501 emi.
2402 1460 2405 1461 ⁷

1352 1520 1562 1573 εςεχώρησεν
1577 1537 1584 1545 ’
1605 1521 1644 1558 ἂν
1667 1521 1702 1560 δὲ
1720 1523 1869 1569 πλῆθος,
1890 1522 1948 1559 καὶ
1968 1521 2045 1560 ὅσον
2067 1525 2170 1561 αὐτοῦ
2194 1522 2376 1575 τρόφιμον,

1351 1581 1527 1619 καὶτοῦτο
1546 1581 1678 1633 γίνεται
1702 1581 1883 1633 βλαὸερόν.
1901 1581 1964 1626 Ὡς
1984 1582 2042 1621 ἐπὶ
2070 1583 2324 1634 ὑποδείγματος
2341 1583 2377 1621 δὲ

1352 1645 1503 1680 τοιοῦτον
1521 1645 1608 1694 ἐρῶ,
1631 1642 1687 1680 ἵνα
1707 1641 1938 1695 σαφέστερον,
1962 1643 1980 1681 ὃ
1998 1643 2102 1694 λέγω,
2122 1647 2202 1694 ὑμῖν
2223 1644 2377 1696 γένηται.

1354 1704 1426 1740 Τοῦ
1447 1702 1541 1740 σίτου
1561 1718 1599 1740 το
1616 1703 1677 1754 μέν
1696 1704 1770 1741 ἐστι
1790 1704 1987 1754 σεμίδαλις,
2000 1704 2040 1742 τὸ
2057 1703 2092 1741 δε
2111 1704 2267 1757 ἄλευρον,
2282 1704 2321 1742 τὸ
2342 1704 2377 1742 δὲ

1354 1762 1508 1814 πίτυρον.
1533 1762 1593 1801 Αν
1611 1762 1673 1814 μὲν
1690 1767 1746 1802 οὖν
1771 1766 1792 1810 ἡ
1820 1764 1910 1815 μύλη
1926 1764 2018 1816 >ow-(1
2032 1793 2041 1810 ‚
2062 1764 2083 1801 ἃ
2112 1763 2255 1802 δύναται
2272 1766 2379 1813 ἀλεῖν,

1356 1823 1521 1875 ἀπέκρινε
1539 1839 1651 1861 ταυτα
1667 1823 1801 1862 πάντα·
1826 1823 1865 1861 ἂν
1884 1823 1918 1863 δε
1934 1824 2038 1862 πλεον
2059 1825 2248 1876 ἐπιὸάλῃς,
2263 1825 2378 1863 πάντα

1356 1884 1577 1936 συγκέχυται.
1596 1885 1711 1923 Πάλιν
1737 1887 1754 1922 ὃ
1782 1878 1870 1928 οἶνος
1897 1884 1936 1922 ἂν
1961 1888 2023 1932 τῆς
2048 1884 2291 1939 προσηκούσης
2308 1901 2377 1923 κα-

1353 1945 1539 1996 τεργασίας
1553 1944 1655 1997 τύχῃ,
1673 1944 1733 1982 καὶ
1746 1947 1807 1991 τῆς
1822 1948 1890 1983 τῶν
1905 1947 2003 1996 ὡρῶν
2020 1946 2195 1998 κράσεως,
2211 1945 2377 1998 πρότερον

1358 2005 1420 2057 μὲν
1433 2005 1547 2044 πάντα
1564 2009 1649 2056 ὁμοῦ
1663 2005 1815 2057 γίνεται,
1842 2005 1930 2056 μετὰ
1950 2006 1985 2044 δὲ
2004 2011 2114 2044 ταῦτα
2132 2006 2171 2044 τὸ
2192 2006 2253 2057 μὲν
2275 2009 2379 2046 ‹xz-„08

1356 2068 1404 2110 εἷς
1422 2065 1533 2118 τρύγα
1552 2066 1703 2119 ὑφιζάνει
1715 2066 1774 2114 ,τὸ
1788 2066 1823 2105 δὲ
1841 2068 1889 2109 εἷς
1905 2066 2010 2118 ἀφρὸν
2031 2071 2044 2087 ³
2058 2066 2264 2118 ἀνατρέχει,
2289 2067 2328 2105 τὸ
2344 2066 2380 2104 δὲ

1360 2127 1455 2178 μένει
1481 2126 1671 2170 ἀπόλαυσις
1698 2130 1766 2165 τῶν
1795 2127 2023 2178 μετεχόντων,
2043 2143 2102 2165 και
2130 2127 2232 2165 τουτό
2251 2127 2382 2166 ἔστιτὸ

1358 2203 1522 2240 χρηστον,
1543 2203 1603 2224 και
1619 2190 1679 2225 οὐκ
1695 2187 1735 2225 ἄν
1750 2203 1834 2226 ποτε
1849 2187 1983 2239 ταχέως
1995 2204 2097 2226 τουτο
2112 2187 2282 2239 τραπείη
2297 2187 2382 2240 πρό-

1359 2262 1457 2298 τερον
1473 2247 1508 2284 δὲ
1526 2262 1605 2284 ουτε
1629 2241 1716 2290 οἶνός
1730 2249 1842 2295 ἐστιν,
1863 2248 1940 2285 οὔτε
1959 2247 2057 2299 τρυξ,
2073 2249 2212 2286 πάντων
2234 2248 2381 2300 μιχθέν-

1361 2323 1443 2345 των.
1463 2308 1576 2345 Τουτο
1599 2323 1658 2345 και
1684 2307 1740 2345 ἐπὶ
1768 2311 1829 2353 τῆς
1856 2307 2028 2354 θαλαττης
2063 2308 2129 2345 ἴδοι
2149 2324 2201 2350 τις
2225 2308 2279 2353 ἂν,
2299 2309 2381 2346 οταν

1361 2367 1536 2419 ὓπερῧολὴ
1557 2370 1729 2419 χειμῶνος
1749 2367 1902 2418 γένηται,
1930 2368 2100 2420 Καθάπερ
2119 2361 2176 2404 οἶν
2199 2367 2276 2405 τότε
2304 2367 2383 2413 τοὺς

1363 2428 1483 2481 ἰχθύας
1500 2431 1634 2480 ὁρῶμεν
1654 2426 1793 2480 νεκροὺς
1809 2426 2035 2470 ἐπιπλέοντας
2056 2427 2133 2471 τοὺς
2154 2428 2220 2466 ὑπὸ
2237 2432 2297 2466 τοῦ
2317 2429 2383 2480 ψύ-

1361 2505 1444 2541 χους
1464 2491 1510 2532 εἷς
1527 2489 1584 2526 τὸν
1608 2489 1708 2539 βυθὸν
1731 2489 1827 2526 δῦναι
1845 2487 1893 2538 μὴ
1914 2488 2133 2534 δυνηθέντας·
2158 2488 2246 2526 οὕτω
2267 2489 2307 2535 δὴ
2324 2489 2383 2527 καὶ

1363 2552 1414 2603 ἐφ’
1434 2553 1533 2600 ἡμῶν
1551 2549 1695 2600 γίνεται.
1715 2549 1829 2587 εὈταν
1844 2548 1911 2600 γὰρ
1927 2548 2031 2593 πολὺς
2051 2549 2178 2587 ἄνωθεν
2198 2550 2382 2604 ἐπιρρεύσῃ

1363 2615 1425 2657 τῆς
1445 2610 1657 2663 λαιμαργίας
1682 2613 1700 2648 ὁ
1716 2610 1813 2653 ὑετὸς
1828 2640 1838 2657 ,
1865 2610 1980 2647 πάντα
1994 2609 2225 2659 ἀνακινήσας,
2245 2611 2385 2663 νεκροὺς

1363 2671 1538 2710 ἐπιπλέειν
1555 2676 1646 2709 ποιεῖ
1661 2670 1739 2715 τοὺς
1754 2670 1940 2722 λογισμοὺς
1959 2670 2037 2714 τοὺς
2051 2671 2137 2714 τέως
2156 2672 2383 2724 ὑγιαίνοντας,

1847 2731 1949 2770 Ἐπει
1977 2726 2067 2769 οὖν’
2053 2748 2091 2770 εκ
2111 2731 2283 2770 τοσούτων
2297 2736 2383 2771 ὓπο-

1366 2795 1401 2831 δε
1407 2793 1561 2844 ιγμοίτων
1581 2795 1664 2842 ημῖν
1684 2792 1887 2830 ἇποοέδεικτ
1891 2809 1926 2830 αι
1947 2792 2058 2839 πολλη
2083 2796 2104 2838 ἡ
2137 2792 2315 2842 βλαὸη,π
2288 2809 2383 2831 παυ-

1365 2732 1424 2771 καὶ
1447 2734 1482 2770 ἐν
1501 2735 1586 2782 ημῖν
1601 2735 1826 2783 ἧρξμῡυνῒας.

1368 2854 1509 2905 σώμεθα
1521 2853 1766 2928 μακαρίζοντες
1778 2853 1926 2898 τούτους,
1940 2855 1980 2904 ἐφ
1984 2848 2051 2895 ὀἷς
2062 2855 2128 2890 ταλ
2131 2853 2279 2896 ανίζειν
2266 2856 2385 2906 ἔχρην,

1370 2914 1572 2967 δακρύοντες
1593 2915 1628 2951 δὲ
1648 2913 1807 2961 ἑαυτούς,
1828 2915 1879 2964 ἐφ’
1911 2929 1959 2957 οις
1989 2912 2228 2964 μακαρίζειν
2211 2915 2297 2962 εδει,
2326 2915 2387 2952 καὶ

1369 2975 1431 3022 τὴν
1449 2974 1654 3026 αὐτάρκειαν
1672 2977 1877 3024 ἀγαπῢμεν.
1893 2973 1944 3011 H
1963 2989 2025 3010 ουκ
2040 2973 2163 3011 ἀκούετ
2166 2990 2249 3012 εκαι
2261 2977 2386 3027 ἰατρῶν

1369 3035 1550 3087 λεγόντων,
1567 3035 1618 3073 ο’τι
1635 3035 1747 3073 ενδεια
1771 3051 1887 3085 μητηρ
1906 3033 2039 3084 υγείας;
2056 3034 2150 3084 Ἐγὼ
2178 3034 2213 3073 δὲ
2232 3035 2309 3087 οὐχι
2327 3051 2389 3082 της

1372 3113 1575 3148 σωματικης
1591 3095 1707 3147 ὑγείας
1721 3111 1856 3148 μητερα
1870 3112 1931 3142 την
1952 3095 2080 3132 ἔνοειαν
2100 3099 2203 3143 εἶναι,
2224 3095 2312 3134 ἀλλὰ
2329 3112 2387 3134 και

1373 3161 1433 3205 τ’ἧς
1420 3158 1631 3209 ς*ψυχικ’ῆς
1649 3156 1751 3208 λεγω.
1772 3159 1870 3195 Ταὒτ
1874 3172 1895 3193 α
1924 3171 1981 3193 και
2001 3157 2138 3199 Παυλος
2161 3126 2258 3208 βοα
2246 3174 2263 3195 ο
2284 3156 2389 3200 ὅντως

1779 3280 1816 3311 εἷς
1842 3278 1999 3309 ἀπέλαυσε,
2027 3283 2083 3307 τῶν
2110 3280 2235 3316 glirem*-
2343 3275 2367 3304 δ’,

1430 3287 1442 3301 ²
1461 3283 1535 3309 §.mr
1663 3280 1696 3308 τὸ
1725 3278 1754 3307 ἰὲ

1388 3339 1482 3360 UHUS.

1434 3380 1447 3396 *³
1466 3378 1542 3419 [Sic
1560 3375 1805 3410 Α.Β.1).Ει1ἰιὶ
1834 3383 1839 3399 ¹
1850 3385 1928 3419 χῖ,
1937 3379 1946 3414 l

1536 3290 1618 3321 ι’,ΞχΞί
2373 3289 2387 3304 Ι..

2240 3288 2295 3307 των
2310 3299 2317 3311 ,
