2466 3805
310 249 394 293 188
802 258 838 286 s.

302 356 460 390 uxorem,
473 341 540 377 hac
559 338 684 377 frueris
704 335 936 374 consolatione
959 349 966 368 :
989 332 1221 380 similiterque
1242 330 1272 367 si

301 416 399 440 cures
418 401 533 438 filium
550 412 617 435 non
633 396 850 448 opulentum,
863 392 925 429 sed
939 392 1036 443 pium
1049 391 1244 439 relinquere
1257 419 1268 438 ,

300 464 330 501 si
350 463 460 500 filiam
479 468 617 505 castam,
637 457 703 492 hac.
716 455 799 491 item
817 452 943 489 frueris
963 451 1209 488 consolatione.
1233 450 1272 488 Si

123 533 290 561 Oblationes
300 523 375 560 haec
394 534 505 567 cures,
525 528 563 554 tu
583 528 720 565 quoque
740 513 820 550 talis
839 511 919 549 e1is.
937 511 983 548 Et
1000 511 1075 547 haec
1097 524 1176 562 pars
1196 510 1271 546 vir-

102 584 165 641 ξεῖ
181 574 287 601 defun
303 582 384 619 tutis
399 589 461 621 est
480 578 564 614 tales
583 575 708 625 eligere
726 572 867 618 amicos,
886 585 978 608 uxoi
980 585 1045 619 em,
1064 570 1168 608 filios.
1190 571 1271 607 Non

109 2839 135 2860 x,
155 2829 225 2858 Cor.
242 2838 285 2857 11.

104 2870 154 2898 26.

299 643 426 679 frustra
447 604 649 675 oblationeso
656 649 720 686 pro
734 633 908 670 defunctis
927 632 1029 680 fiunt,
1053 645 1122 669 non
1141 632 1273 668 frustra

294 713 425 752 pr,eces
442 711 509 734 non
524 697 652 733 frustia
669 695 922 745 eleemosynae·
938 693 1015 729 baec
1031 692 1148 729 omnia
1160 691 1273 743 Spiri-

293 770 349 797 tus
367 757 552 809 disposuit,
564 756 685 793 volens
702 764 741 791 ut
758 768 819 791 nos
838 762 961 790 mutuo
976 753 1155 804 juvemus.
1178 751 1272 791 Vide

293 831 468 868 namque:
489 817 550 854 ille
567 830 630 867 per
651 824 684 852 te
704 814 894 852 utilitatem
908 814 1051 865 accipit,
1071 822 1110 850 tu
1129 822 1273 864 propter

291 879 395 916 illum
409 877 548 930 juvaris
564 876 797 914 :contemsisti
817 889 915 927 opes,
939 874 1104 911 inductus
1122 873 1166 910 ad
1185 873 1274 924 quid

293 953 457 990 generose
471 937 732 990 praestandum3
749 945 782 973 et
796 945 836 972 tu
857 935 924 986 ipsi
941 935 1076 982 salutis,
1087 943 1120 971 et
1133 934 1193 971 ille
1207 934 1274 971 tibi

292 1000 521 1051 eleemosynae
549 1006 670 1035 auctor
695 996 774 1033 fuit.
796 996 851 1033 Ne
869 995 1027 1043 dubites,
1048 994 1166 1046 ipsum
1187 994 1274 1044 quid

292 1059 636 1111 bonidecerpturum
655 1071 739 1095 esse.
757 1058 836 1095 Non
855 1056 982 1092 frustra
1002 1055 1130 1092 clamat
1153 1054 1274 1092 djaco-

294 1136 360 1160 nus
380 1137 387 1157 t
408 1122 476 1158 Pro
497 1121 540 1157 iis
560 1119 621 1170 qui
640 1119 677 1156 in
703 1118 843 1155 Christo
863 1116 1019 1154 defuncti
1051 1124 1143 1163 sunt,
1159 1125 1193 1153 et
1209 1129 1273 1167 pro

292 1183 337 1220 iis
356 1182 417 1233 qui
444 1182 587 1218 illorum
609 1179 814 1216 memoriam
834 1177 967 1215 faciunt
987 1193 995 1212 :
1015 1190 1084 1213 non
1104 1176 1273 1213 diaconus

293 1244 383 1280 hanc
407 1242 534 1279 emittit
564 1254 707 1288 vocem,
729 1239 790 1276 sed
818 1238 970 1290 Spiritus
1009 1246 1165 1285 sanctus;
1193 1236 1273 1273 dieo

294 1313 410 1341 autem
439 1302 573 1339 donum
600 1301 686 1352 ejus.
707 1299 803 1345 Quid
832 1298 945 1335 dicis?
962 1299 1002 1334 In
1032 1297 1196 1334 manibus
1225 1305 1274 1334 est

293 1367 422 1416 hostia,
441 1375 473 1403 et
498 1364 615 1402 omnia
642 1372 763 1415 parata
786 1371 944 1414 prostant
964 1377 971 1397 ε
992 1361 1119 1398 adsunt
1139 1361 1268 1412 angeli,

295 1426 514 1477 archangeli,
537 1424 635 1461 adest
656 1424 768 1461 Filius
789 1423 874 1471 Dei;
900 1436 982 1459 cum
1005 1430 1102 1458 tanto
1127 1421 1274 1458 horrore

295 1487 435 1524 adstant
465 1499 602 1533 omnes3
630 1484 768 1525 adstant
800 1482 855 1520 illi
888 1482 1077 1519 clamantes
1110 1481 1274 1518 omnibus

295 1546 480 1584 silentibus
498 1562 504 1581 :
523 1555 555 1583 et
569 1554 671 1597 putas
690 1545 765 1581 baec
782 1544 912 1580 frustra
928 1542 1032 1579 fieri?
1049 1543 1144 1592 Ergo
1159 1551 1191 1579 et
1206 1542 1275 1579 alia
1298 1553 1320 1582 Β

294 1608 436 1651 frustra,
459 1616 491 1643 et
511 1620 589 1656 quae
609 1619 674 1657 pro
693 1604 863 1651 Ecclesia,
878 1613 910 1640 et
929 1617 1006 1653 quae
1028 1616 1092 1653 pro
1113 1602 1274 1639 sacerdo-

292 1668 389 1705 tibus
412 1667 618 1713 offeruntur,
634 1674 667 1702 et
691 1679 768 1715 quse
796 1678 859 1715 pro
883 1662 1132 1714 plenitudine?
1151 1663 1273 1711 Absit3

294 1728 355 1765 sed
380 1728 496 1765 omnia
513 1741 591 1764 cum
610 1726 682 1763 fide
701 1726 802 1762 fiunt.
825 1724 923 1770 Quid
941 1733 1045 1775 putas
1063 1738 1128 1774 pro
1141 1733 1274 1775 marty-

293 1789 392 1826 ribus
422 1789 555 1837 offerri,
579 1787 674 1837 quod
702 1795 871 1824 vocentur
891 1785 928 1822 in
953 1785 1015 1821 illa
1042 1784 1157 1821 hora?
1177 1785 1275 1822 Licet

293 1861 466 1902 martyres
486 1851 568 1898 sint,
589 1849 693 1886 etiam
712 1862 776 1900 pro
796 1846 1028 1898 martyribus,
1045 1859 1194 1896 magnus
1210 1846 1274 1883 ho-

292 1925 356 1947 nor
388 1909 560 1947 nominari
591 1909 742 1945 Domino
774 1916 953 1959 praesente,
973 1905 1058 1942 dum
1088 1920 1183 1943 mors
1212 1906 1273 1943 illa

292 1971 485 2023 perficitur,
502 1969 717 2006 horrendum
734 1968 962 2014 sacrificium,
983 1966 1177 2004 ineffabilia
1194 1981 1273 2018 my-

292 2032 406 2069 steria.
425 2030 732 2077 Quemadmodum
765 2031 858 2067 enim
885 2028 1024 2066 sedente
1044 2029 1273 2079 Imperatore,

293 2106 520 2141 qiuecumque
548 2091 699 2129 voluerit
732 2090 921 2141 quispiam,
945 2088 1101 2140 perficit3
1122 2088 1185 2125 ubi
1213 2103 1276 2125 au-

292 2162 363 2189 tem
379 2152 581 2197 surrexerit,
598 2165 826 2201 quaecumque
841 2150 984 2196 dixerit,
1004 2150 1134 2185 frustra
1150 2149 1239 2186 dicit
1264 2165 1272 2185 :

293 2212 340 2248 ita
367 2221 400 2248 et
422 2221 518 2256 tunc,
538 2211 709 2260 quamdiu
727 2218 886 2261 prostant
907 2209 1089 2260 mysteria,
1111 2209 1275 2247 omnibus

293 2271 406 2308 honor
422 2271 598 2308 maximus
610 2271 705 2307 estin
717 2269 885 2307 memoria
895 2269 1032 2305 baberi.
1045 2267 1139 2306 Vide
1153 2268 1247 2305 enim
1263 2285 1271 2305 ε

294 2331 521 2367 annuntiatur
534 2340 617 2366 tunc
630 2329 841 2381 mysterium
855 2328 1087 2371 horrendum,
1103 2328 1197 2377 quod
1209 2343 1275 2380 pro

295 2391 427 2428 mundo
447 2390 601 2441 seipsum
623 2391 718 2426 Deus
738 2389 874 2426 dederit
895 2404 902 2424 τ
925 2402 1005 2425 cum
1022 2388 1194 2425 miraculo
1214 2389 1276 2427 illo

295 2462 492 2503 opportune
518 2460 687 2487 memorat
699 2451 756 2487 ille
771 2464 841 2497 eos,
859 2450 918 2500 qui
938 2458 1183 2500 peccaverunt.
1199 2441 1276 2487 Sic-

295 2519 333 2547 ut
348 2511 440 2547 enim
456 2510 595 2560 quando
609 2508 839 2560 triumphalia
853 2522 976 2558 regum
987 2510 1179 2557 ducuntur,
1190 2519 1276 2547 tunc

296 2570 516 2607 celebrantur
532 2570 635 2607 etiam
653 2577 824 2618 quotquot
843 2568 1000 2605 victoriae
1015 2569 1099 2606 socii
1115 2570 1276 2618 fuerunt3

296 2629 526 2667 dimittuntur
541 2630 646 2666 etiam
659 2629 696 2675 ii,
715 2628 776 2678 qui
796 2628 832 2664 in
845 2628 1002 2666 vinculis
1015 2638 1108 2676 sunt,
1129 2629 1174 2666 ob
1189 2638 1277 2666 tem-

297 2692 393 2743 poris
408 2691 644 2728 celebritatem
657 2705 664 2733 ;
677 2690 795 2740 elapso
809 2698 925 2726 auten]
936 2698 1102 2741 tempore,
1113 2689 1173 2740 qui
1185 2688 1278 2725 nihil

298 2761 503 2801 assequutus
522 2759 586 2798 est,
606 2750 702 2786 nullo
722 2749 853 2786 fruitur
873 2764 881 2785 :
898 2749 946 2786 ita
961 2763 1043 2786 sane
1059 2749 1131 2796 hic,
1152 2748 1278 2785 trium-

299 2813 459 2865 phalium
487 2822 624 2864 tempus
647 2820 709 2848 est.
730 2813 820 2848 Nam
852 2811 922 2860 ait,
958 2812 1279 2862 Quotiescumque

302 2875 544 2911 manducatis
555 2886 695 2923 panem
715 2873 830 2916 hunc,
848 2880 1005 2908 mortem
1024 2873 1185 2908 Domini
1206 2885 1276 2907 an-

302 2937 499 2971 nuntiatis.
527 2935 650 2983 Itaque
680 2946 723 2969 ne
750 2941 941 2980 utcumque
967 2931 1192 2979 accedamus,
1216 2945 1278 2969 nec

301 3004 428 3032 temere
444 2995 520 3032 brec
540 2994 613 3031 fieri
629 3002 805 3045 putemus.
826 2991 992 3042 Alioquin
1007 3001 1124 3029 autem
1144 3001 1277 3043 marty-

346 3127 360 3140 *
378 3123 509 3167 [Montf.
547 3127 579 3157 οὐ
604 3128 638 3157 τὸ
663 3127 754 3164 ἅγιε-ι.
785 3120 851 3153 Sed
873 3121 1101 3163 negationem,
1128 3121 1298 3153 sententiae

303 3177 521 3214 contrariam,
551 3172 726 3206 secludunt
744 3174 875 3206 Comm.
906 3180 939 3204 et
963 3170 1081 3209 Saxil„
1112 3183 1172 3204 nec
1198 3184 1298 3215 agno-

303 3235 398 3259 scunt
410 3228 502 3268 )Iss.]

347 3282 448 3321 εἰη-,ἐρ
481 3283 531 3311 τοῦ
559 3283 782 3322 πληρώμκτος,
811 3288 870 3318 pro
902 3274 1118 3318 plenitudine.
1137 3275 1300 3306 Dounaeus

305 3330 458 3369 opinatur
482 3328 550 3359 haec
575 3327 618 3360 ad
640 3327 730 3359 illam
754 3326 892 3368 liturgiae
915 3325 1112 3367 particulam
1139 3333 1296 3367 spectare,

306 3385 342 3416 εἰς
358 3383 505 3420 βασιλεία,-
521 3383 570 3421 οὐρ
578 3388 649 3412 ’θινῶν
662 3383 823 3423 πλήρωμα.
841 3375 928 3416 Quid
946 3378 971 3410 si
987 3375 1154 3416 dicamus,
1172 3375 1240 3408 haec
1256 3375 1298 3408 ad

1285 847 1333 871 176

1300 885 1322 912 Α
1343 873 1526 923 ὠφελεῖται
1546 874 1673 914 ἐκεῖνος
1692 871 1748 909 διὰ
1767 875 1826 910 σοῦ
1841 901 1850 918 ,
1872 872 1988 924 ὠφελῇ
2007 871 2048 909 σὺ
2066 873 2110 908 δι’
2130 872 2275 909 ἐκεῖνον·
2294 885 2361 908 καΨ

1302 2931 1327 2960 D
1347 2929 1522 2967 ἐπινικίων
1551 2924 1648 2971 οὗτος
1679 2932 1696 2965 ὅ
1728 2929 1856 2980 καιρός.

876 253 1054 286 ..ΙΟΑΝΝΙΞ
1089 250 1326 281 CHRYSOST.
1369 249 1570 278 ARCHIEP.
1608 249 1958 279 CONSTANTINOP.

1347 329 1432 372 θίας.
1452 329 1604 379 “Ομοίως
1627 329 1667 366 ἂν
1690 330 1886 382 σπουδοίσῃς
1905 331 1953 381 μὴ
1970 332 2183 368 πλουτοῦντα
2200 330 2270 368 υἱὸν
2295 345 2360 366 κα-

1345 390 1517 436 ταλιπεῖν,
1546 390 1621 426 ἀλλ’
1650 390 1806 437 εὔλαῧῆ,
1837 390 1896 428 καὶ
1929 390 2110 441 θυγάτριον
2139 389 2276 439 σεμνὸν,
2301 388 2360 426 καὶ

1346 448 1434 486 οὕτω
1457 449 1585 495 ταύτης
1614 449 1796 500 ἀπολαύσῃ
1825 453 1886 495 τῆς
1910 450 2145 503 παραμυθίας.
2164 449 2223 487 Ἂν
2250 452 2361 486 ταῦτα

1347 509 1565 561 σπουδάσῃς,
1583 510 1642 547 καὶ
1662 510 1762 552 αὐτὸς
1785 510 1846 562 ἔσῃ
1866 515 2030 553 τοιοῦτος.
2051 510 2120 548 Καὶ
2139 515 2239 548 τοῦτο
2260 508 2362 558 μέρος

1344 571 1488 620 ἀρετῆς,
1516 570 1556 607 τὸ
1586 569 1757 613 τοιούτους
1777 572 1950 623 αἱρεῖσθαι
1977 570 2037 608 καὶ
2065 572 2199 622 φίλους,
2221 569 2280 607 καὶ
2298 585 2360 620 γυ-

1343 636 1467 675 ναῖκα,
1499 630 1558 667 καὶ
1582 630 1719 667 παιδία.
1750 632 1827 668 Οὐκ
1852 632 1927 679 εἷκῆ
1955 631 2149 682 προσροραὶ
2181 629 2267 682 ὑπὲρ
2291 631 2359 666 τῶν

1343 690 1563 729 ἀπελθόντων
1581 690 1752 740 γίνονται,
1780 693 1842 728 οὐκ
1870 692 1945 742 εἰκῇ
1973 690 2166 742 ἱκετηρίαι,
2195 692 2256 728 οὐκ
2285 689 2360 740 εἰκῇ

1344 750 1592 801 ἐλεημοσύναι·
1611 756 1720 789 ταῦτα
1749 751 1864 789 ποίντα
1891 752 1930 789 τὸ
1959 753 2105 801 Πνεῦμα
2138 749 2288 795 διέταξε,
2315 750 2358 786 δι’

1346 812 1504 858 ἀλλήλων
1531 815 1625 861 ἡμᾶς
1654 813 1862 862 ὠφελεῖσθαι
1893 811 2111 862 βουλόμενον».
2142 810 2238 862 ιὈρα
2271 809 2359 861 γάρ·

1342 933 1554 985 τεφρόνησας
1572 933 1778 986 χρημάτων,
1798 933 1986 986 προαχθεὶς
2003 931 2217 984 ἐργάσασθαί
2235 948 2269 968 τι
2285 946 2363 982 γεν-

1344 998 1453 1031 ναῖον·
1470 993 1530 1031 καὶ
1554 993 1595 1031 σὺ
1622 995 1716 1045 αὐτῷ
1731 996 1793 1040 τῆς
1810 993 2004 1045 σωτηρίας,
2027 993 2087 1030 καὶ
2107 991 2208 1035 αὐτός
2228 1007 2281 1030 σοι
2298 993 2361 1036 τῆς

1344 1053 1576 1104 ἐλεημοσύνης
1594 1055 1731 1105 γέγονεν
1754 1054 1871 1097 αἴτιος.
1890 1054 1950 1100 Μὴ
1969 1053 2187 1105 ἀμφίὸαλλε,
2207 1051 2260 1090 ὅτι
2276 1067 2362 1102 καρ·

1342 1114 1498 1153 πώσεταί
1508 1131 1542 1151 τι
1556 1115 1720 1165 χρηστόν.
1736 1117 1815 1167 Οὐχ
1828 1116 1946 1157 ἁπλῶς
1963 1117 1980 1152 ὃ
1997 1114 2151 1157 διάκονος
2171 1116 2256 1164 βοᾷ,
2273 1111 2361 1163 ὑπὲρ

1343 1178 1411 1213 τῶν
1430 1178 1464 1212 ἐν
1485 1176 1627 1226 Χριστῷ
1660 1175 1936 1225 κεκοιμημένι)·,,’
1965 1174 2024 1212 καὶ
2053 1178 2122 1212 τῶν
2153 1174 2214 1217 τὰς
2244 1173 2362 1224 μνείας

1342 1235 1429 1287 ὑπὲρ
1459 1238 1570 1273 αὐτῶν
1600 1214 1892 1286 έπιτελουμένων·
1925 1239 1989 1286 οὐχ
2006 1238 2023 1272 ὃ
2048 1234 2200 1276 διάκονός
2228 1237 2318 1272 ἐστιν
2344 1237 2361 1271 ὃ

1343 1296 1471 1341 ταύτην
1493 1296 1602 1348 dou-:g
1619 1295 1681 1341 τὴν
1702 1295 1830 1347 φωνὴν,
1849 1294 1937 1333 ἀλλὰ
1953 1296 1991 1332 τὸ
2005 1297 2153 1345 Πνεῦμα
2172 1295 2238 1332 *ro
2253 1295 2360 1345 ἅγιον·

1342 1358 1381 1396 τὸ
1398 1357 1433 1395 δὲ
1453 1358 1611 1410 χάρισμα
1629 1357 1732 1409 λέγω.
1756 1357 1802 1394 Τί
1821 1356 1952 1408 λέγεις
1977 1356 2038 1394 Ἔν
2054 1357 2174 1409 χερσὶν
2194 1360 2215 1402 ἦ
2237 1356 2360 1403 θυσία,

1342 1418 1401 1456 καὶ
1416 1418 1530 1456 πάντα
1543 1417 1722 1470 πρόκειται
1738 1416 1998 1468 ηὐτρεπισμένα
2011 1432 2018 1439 ·
2034 1416 2194 1468 πάρεισιν
2209 1417 2361 1467 ἄγγελοι,

1343 1479 1552 1530 ἀρχάγγελοι
1564 1494 1571 1501 ·
1589 1479 1753 1531 πάρεστιν
1775 1481 1792 1515 ὃ
1812 1479 1894 1521 Υἱὸς
1913 1482 1971 1515 τοῦ
1988 1479 2080 1516 Θεοῦ
2095 1493 2102 1500 ·
2125 1477 2212 1528 μετὰ
2230 1478 2360 1515 τοσαύ-

1342 1556 1404 1586 της
1423 1540 1546 1592 φρίκης
1563 1539 1748 1585 ἑστήκασιν
1771 1539 1920 1582 ἅπαντες
1936 1554 1942 1562 ·
1961 1539 2221 1590 παρεστήκασιν
2239 1541 2361 1577 ἐκεῖνοι

1346 1605 1491 1653 βοῶντες
1509 1602 1648 1639 πάντων
1671 1602 1871 1653 σιγώντων·
1894 1602 1952 1639 καὶ
1976 1604 2045 1655 ἡγῇ
2068 1602 2187 1644 ἁπλῶς
2207 1601 2362 1653 γίνεσθαι

1343 1662 1387 1699 τὰ
1419 1662 1604 1713 γινόμενα,
1634 1664 1768 1700 Οὐκοῦν
1798 1663 1857 1699 καὶ
1884 1662 1927 1700 τὰ
1958 1662 2048 1699 ἄλλα
2076 1662 2217 1708 ἅπλῶς,
2242 1662 2364 1701 καὶτὰ

1344 1723 1430 1773 ὑπὲρ
1451 1727 1513 1768 τ’ῆς
1535 1723 1746 1769 Ἐκκλησίας
1762 1753 1770 1769 ,
1791 1722 1911 1760 καὶτὰ
1930 1722 2016 1774 ὑπὲρ
2031 1726 2098 1760 τῶν
2120 1722 2237 1774 ἱερέων
2257 1737 2364 1773 προσ-

1344 1783 1533 1835 φερόμενα,
1565 1784 1624 1821 καὶ
1645 1783 1689 1820 τὰ
1707 1784 1820 1836 ἱἰιῧττὲρ
1852 1787 1911 1821 τοῦ
1939 1784 2191 1834 πληρώματος,
2215 1783 2275 1829 Μὴ
2305 1783 2364 1835 γέ·

1343 1860 1454 1882 νοιτο·
1483 1843 1572 1882 ἀλλα
1594 1844 1709 1882 πάντα
1738 1843 1825 1894 μετὰ
1840 1860 1989 1894 πιστεως
2013 1844 2155 1895 γίνεται.
2172 1844 2219 1882 Τι’
2239 1844 2301 1882 οἴει
2325 1843 2365 1881 τὸ

1345 1906 1408 1945 υπὲ
1415 1923 1431 1959 ρ
1455 1905 1638 1959 μαρτύρων
1657 1905 1932 1958 προσφερεσθαι,
1948 1921 1987 1943 το
2007 1907 2059 1943 κλ-
2051 1908 2212 1952 η·θπ,ναι’
2198 1922 2230 1943 εν
2249 1905 2363 1956 ἐκείνῃ

1343 1970 1386 2019 τῆ
1416 1982 1510 2019 ωρα,
1541 1966 1616 2004 Καν
1639 1981 1811 2017 μαρτυρες
1841 1968 1930 2013 ὠσι,
1960 1982 2023 2003 καν
2049 1966 2137 2017 ὑπὲρ
2168 1966 2365 2018 μαρτύρων,

1347 2027 1458 2078 μεγάλ
1452 2043 1482 2073 η
1498 2026 1583 2076 τιμὴ
1604 2042 1644 2064 το
1661 2027 1895 2076 ὄνομασθηναι
1920 2032 1980 2064 τοῦ
1996 2025 2114 2064 Δεσπ’
2096 2042 2174 2064 οτου
2202 2025 2218 2045 ¹³
2230 2026 2365 2076 παρόν-

1345 2104 1421 2136 τος,
1445 2092 1504 2125 τοῧ
1520 2087 1664 2125 θανάτου
1686 2087 1948 2136 ἐπιτελουμένου
1969 2087 2118 2134 ἐκείνου,
2141 2090 2203 2132 τῆς
2222 2089 2366 2139 φρικτῆς

1346 2148 1483 2195 Θυσίας,
1502 2151 1570 2185 τῶν
1591 2147 1731 2197 ἀφάτων
1755 2147 1968 2199 μυστηρίων.
1989 2147 2156 2198 Καθάπερ
2175 2147 2242 2198 γὰρ
2257 2150 2366 2193 καθη-

1347 2209 1449 2258 μένου
1469 2213 1528 2245 τοῦ
1559 2207 1748 2255 βασιλέως,
1780 2207 1844 2244 ὅσα
1876 2208 1915 2244 ἄν
1945 2223 1997 2249 τις
2032 2207 2214 2258 βούληται,
2252 2206 2364 2245 ἀνύει·

1576 2267 1603 2281 'Nx

1314 2293 1322 2302 .
1347 2267 1539 2320 ε(ερθέντος
1573 2282 1631 2313 οε,
1660 2266 1724 2303 ὅσα
1760 2283 1798 2303 αν
1832 2266 1941 2316 λέγῃ,
1970 2270 2045 2318 εἷκῃ
2066 2269 2164 2318 ἐρεῖ·
2185 2267 2275 2305 ουτω
2305 2267 2364 2304 καὶ

1345 2329 1442 2373 τότε,
1465 2328 1527 2370 ε’ως
1546 2327 1613 2364 ἂν
1602 2326 1783 2399 πρόκειται
1796 2326 1840 2363 τὰ
1855 2329 1922 2363 τῶν
1935 2328 2149 2377 μυστηρίων,
2168 2335 2256 2365 πᾶσι
2277 2328 2363 2378 τιμὴ

1348 2388 1493 2439 μεγίστη
1512 2387 1551 2423 τὸ
1573 2386 1711 2436 μνήμης
1733 2385 1919 2428 ἀξιοῧσθαι.
1940 2385 2036 2437 ἸΟρα
2053 2403 2140 2437 Ικοιρ·
2166 2389 2361 2438 καταγγελ-

1344 2451 1443 2486 )εται
1466 2446 1543 2484 τότε
1564 2446 1602 2484 τὸ
1630 2445 1817 2497 μυστ-ἔριον
1846 2444 1885 2481 τὸ
1918 2446 2071 2497 φρικτὸν,
2099 2446 2151 2484 ὅτι
2179 2447 2266 2500 υπὲρ
2302 2464 2363 2494 της

1345 2507 1547 2558 οἷκουμέψςη
1534 2506 1692 2544 ςέδι)κεν
1711 2521 1829 2543 εαυτσν
1846 2508 1863 2542 ὃ
1880 2505 1986 2548 Θεός·
2007 2522 2047 2544 uz
2052 2506 2094 2543 τὰ
2108 2522 2166 2544 του
2189 2507 2361 2557 θαύματος

1345 2569 1474 2607 ἐκείνου
1506 2566 1672 2617 εὐκαίρως
1691 2565 1950 2616 ὑπομιμνήσκει
1972 2566 2072 2603 αὐτὸν
2099 2569 2167 2604 τῶν
2195 2570 2361 2620 ἡμαρτη-

1345 2629 1467 2666 κάτων.
1496 2627 1664 2679 Καθάπερ
1694 2626 1760 2677 γὰρ
1791 2626 1870 2663 ὅταν
1907 2626 2058 2664 ἐπινίκια
2090 2631 2158 2664 τῶν
2191 2627 2361 2678 βασιλέων

1346 2689 1494 2740 ἄγηται,
1523 2687 1601 2723 τότε
1636 2687 1871 2737 εὖφημοῧνται
1893 2686 1953 2736 μὲν
1982 2687 2040 2724 καὶ
2065 2686 2139 2725 ὅσοι
2171 2690 2232 2732 τ’ῆς
2265 2687 2363 2735 νίκης

1347 2748 1589 2794 ἐκοινώνησαν,
1605 2746 1761 2797 ἀφίενται
1782 2746 1816 2784 δὲ
1836 2747 1894 2783 καὶ
1913 2747 1986 2784 ὅσοι
2006 2748 2040 2783 ἐν
2061 2749 2199 2797 δεσμοῖς
2220 2749 2287 2785 εἶσι
2306 2748 2364 2786 διὰ

1346 2810 1402 2847 τὸν
1421 2808 1538 2861 καιρόν
1552 2824 1559 2831 ·
1588 2807 1816 2858 παρελθόντος
1847 2807 1881 2845 δὲ
1909 2813 1968 2845 τοῦ
1988 2812 2108 2858 καιροῦ
2129 2812 2146 2845 ὁ
2164 2808 2211 2857 μὴ
2232 2808 2362 2860 τυχὼν,

1347 2873 1407 2908 οὐκ
1426 2870 1476 2907 ἔτι
1498 2868 1587 2911 τινος
1618 2867 1804 2906 ἀπολαύει·
1837 2867 1926 2905 οὕτω
1946 2868 1986 2914 δὴ
2012 2868 2071 2906 καὶ
2100 2871 2265 2915 ἐνταῦθα,
2294 2873 2362 2907 τῶν

1891 2927 2036 2972 ζΟσοίκις
2061 2928 2127 2980 γὰρ
2161 2928 2214 2975 ἂν,
2245 2930 2362 2981 φησὶν,

1348 2989 1484 3035 ἐσθίητε
1514 2989 1572 3026 τὸν
1603 2988 1705 3039 ἄρτον
1724 2993 1855 3036 τοῦτον,
1888 2989 1943 3026 τὸν
1973 2988 2116 3026 θάνατον
2148 2994 2207 3027 τοῦ
2233 2990 2362 3040 Κυρίου

1365 3119 1519 3152 Ecclesiae
1533 3116 1771 3161 plenitudinem
1797 3117 1920 3159 referri,
1938 3129 2008 3160 quae
2026 3119 2124 3150 etiam
2141 3127 2279 3151 vocatur
2296 3119 2363 3161 ple-

1364 3170 1482 3203 nitudo
1518 3176 1722 3207 sanctorum,
1752 3167 1806 3210 qui
1833 3170 1939 3200 saneti
1971 3168 2003 3201 in
2030 3168 2090 3201 hac
2115 3170 2182 3202 vita
2210 3169 2363 3212 precibus

1365 3229 1472 3265 egent.

1407 3271 1502 3304 bAlii
1523 3279 1669 3316 παρόντος
1703 3278 1754 3309 τῆς
1780 3276 1881 3313 μνείας
1920 3275 2145 3314 ἐπιτελουμένης
2175 3279 2282 3311 ἐκείνης
2312 3283 2363 3311 τῆς

1365 3333 1496 3370 Ϋρικτῆς.
