2466 3805
296 261 381 319 248
722 277 758 305 s.

290 365 413 402 erant,
429 357 657 408 deponentes
676 357 723 393 de
747 356 864 406 ligno,
885 362 1094 405 posuerunt
1119 367 1204 392 eum
1224 357 1265 390 in

291 425 589 454 monumentum.
619 416 682 452 50.
706 417 810 452 Deus
836 428 931 451 vero
952 416 1154 451 suscitavit
1178 428 1265 451 eum

289 492 314 514 a
327 479 484 513 mortuis
504 477 617 511 tertia
636 475 709 519 die,
726 477 792 525 qui
803 476 910 511 visus
922 482 977 511 est
990 487 1059 525 per
1071 474 1150 511 dies
1166 475 1264 511 mul-

289 546 345 573 tos
365 540 424 578 iis,
447 536 510 572 51.
535 536 601 586 qui
631 535 747 571 simul
765 535 1021 572 ascenderunt
1041 549 1129 572 cum
1147 548 1191 572 eo
1217 536 1265 572 de

289 597 458 634 Galilaea
476 598 516 632 in
535 595 768 640 Jerusalem,
789 597 855 646 qui
873 604 963 632 sunt
982 604 1094 633 testes
1111 597 1192 648 ejus
1212 597 1266 633 ad

795 276 975 306 JOANNIS
1010 274 1248 303 CHRYSOST.

282 658 442 707 plebem.
463 656 526 694 59.
556 658 609 693 Et
641 669 709 692 nos
725 657 837 693 vobis
866 659 1146 694 annuntiamus
1160 670 1259 703 eam,
1288 667 1309 694 E

284 731 369 767 (luce
385 718 438 753 ad
452 725 581 767 patres
604 725 753 754 nostros
776 719 1018 768 repromissio
1031 718 1146 769 facta
1171 726 1228 755 est
1249 734 1259 753 :

283 779 344 815 55.
377 780 468 829 quia
506 778 607 815 lianc
630 779 736 814 Deus
770 778 996 829 adimplevit
1025 780 1132 816 nobis
1155 779 1261 831 filiis

281 851 424 883 eorum,
443 840 675 875 resuscitans
695 839 842 884 Jesum,
864 841 964 875 sicut
984 847 1018 875 et
1039 841 1079 875 in
1100 840 1260 876 Psalmo

237 924 264 942 s·
281 900 446 936 secundo
472 901 655 950 scriptum
671 907 751 936 est:
775 900 902 937 Filius
931 913 1035 937 meus
1054 914 1092 937 es
1115 909 1168 945 tu,
1193 915 1261 952 ego

281 961 394 997 hodie
406 963 521 1012 genui
541 969 589 997 te.
613 960 799 1010 5AE.Quod
813 969 941 997 autem
961 963 1163 998 suscitavit
1175 975 1261 999 eum

280 1037 305 1059 a
321 1025 493 1069 mortuis,
513 1036 589 1059 non
604 1023 708 1059 ultra
736 1036 973 1059 reversurum
986 1024 1027 1058 in
1041 1026 1258 1074 corruptio-

77 1089 215 1130 Jsa1'355.
231 1091 262 1120 3.
281 1097 379 1128 nem,
394 1085 450 1120 ita
465 1083 576 1129 discit,
601 1083 701 1132 Quia
717 1083 817 1119 dabo
836 1083 947 1120 vobis
969 1091 1107 1119 sancta
1126 1084 1260 1120 David

80 1151 167 1178 Μαί.
195 1152 240 1180 15.
267 1144 426 1195 fidelia.
451 1144 515 1182 55.
537 1144 629 1180 Ideo
652 1152 687 1180 et
715 1146 755 1179 in
785 1144 865 1180 alio
893 1144 985 1180 dicit
1007 1159 1017 1178 .·
1038 1145 1129 1181 AVon
1148 1145 1258 1182 dabis

82 1199 125 1218 '⁰'
276 1205 460 1242 Sanctum
480 1213 586 1241 tuum
604 1205 737 1241 videre
767 1207 1059 1255 corruptionem.
1083 1206 1147 1242 56.
1167 1206 1257 1242 Da-

278 1266 342 1302 vid
359 1268 460 1302 enim
476 1267 516 1301 in
530 1278 601 1302 sua
613 1268 861 1316 generatione
878 1278 964 1302 cum
984 1266 1256 1304 administras—

274 1334 329 1362 set
359 1326 558 1362 voluntati
587 1327 674 1371 Dei,
699 1326 891 1373 dormivit,
914 1333 949 1361 et
981 1328 1176 1376 appositus
1200 1335 1255 1363 est

273 1387 326 1423 ad
336 1394 465 1437 patres
481 1399 582 1431 suos,
593 1394 629 1423 et
643 1386 744 1422 vidit
754 1399 840 1423 σοιν
842 1388 1050 1436 uptionem:
1066 1387 1128 1425 57.
1141 1400 1254 1438 quem

1289 275 1473 303 ARCHOEP
1483 295 1491 303 .
1530 276 1881 308 CONSTANTINOP.

1337 354 1457 398 οἵτινές
1477 357 1542 393 εἰσι
1564 356 1735 409 μάρτυρες
1752 361 1856 398 αὐτοῦ
1875 361 1959 411 πρὸς
1975 361 2030 399 τὸν
2050 361 2144 400 λαόν.
2167 361 2236 399 Καὶ
2253 362 2355 409 ἡμεῖς

1337 416 1425 463 ὑμᾶς
1447 417 1737 468 εὐαγγελιζόμεθα
1759 418 1821 465 τὴν
1838 420 1923 472 πρὸς
1940 421 2019 464 τοὺς
2039 422 2192 473 πατέρας
2207 424 2355 471 ἐπαγγε-

1336 475 1412 513 λίαν
1437 478 1684 527 γεγενημένην,
1708 478 1760 516 ὅτι
1791 480 1920 527 ταύτην
1940 484 1957 518 ὃ
1984 483 2072 526 Θεὸς
2105 482 2355 533 ἐκπεπλήρωκε

1335 542 1406 580 τοῖς
1431 537 1563 581 τέκνοις
1592 541 1703 576 αὐτῶν
1729 543 1826 590 ἡμῖν,
1852 541 2050 588 ἀναστήσας
2068 543 2217 590 Ἰησοῦν,
2241 541 2356 584 καθὼς

1337 596 1396 635 καὶ
1413 599 1447 635 ἐν
1471 601 1521 651 τῷ
1546 601 1676 652 ψαλμῷ
1695 603 1745 652 τῷ
1762 600 1911 653 δευτέρῳ
1939 601 2155 653 γέγραπται·
2178 603 2262 646 Υἱός
2288 618 2353 653 μου

1337 653 1367 696 εΝἰ
1386 659 1446 708 σὺ,
1466 659 1534 711 ἐγὼ
1562 660 1714 713 σήμερον
1735 661 1927 712 γεγέννηκά
1948 678 1998 700 σε.
2020 662 2103 701 ἰὈτι
2118 663 2154 701 δὲ
2170 663 2357 710 ἀνέστησεν

1337 721 1437 758 αὐτὸν
1455 723 1493 759 ἐκ
1509 723 1638 774 νεκρῶν
1660 722 1787 771 μηκέτι
1804 722 1973 772 μέλλοντα
1990 723 2089 761 αὐτὸν
2107 726 2154 768 εἷς
2167 722 2354 775 διαφθορὰν

1334 784 1484 834 ὑποστρε
1477 782 1573 860 ’ρειν,
1609 782 1716 827 οὕτως
1738 783 1885 834 εἴρηκεν,
1906 783 1959 821 ὅτι
1981 784 2124 822 ΔώσιΝ)
2112 791 2193 835 υμῖν
2211 801 2256 822 τα
2275 784 2354 822 όσια

1335 842 1445 880 Δαυιὸ
1462 843 1507 882 τὰ
1524 844 1643 882 πιστά.
1669 844 1733 882 Διὸ
1750 845 1809 882 καὶ
1829 847 1862 882 ἐν
1891 845 1996 898 ἑτέρω
2014 845 2108 897 λέγει
2123 862 2131 869 ·
2152 848 2205 884 Οὔ
2234 845 2354 889 δώσεις

1333 904 1390 942 τὸν
1407 903 1497 942 ὅσιόν
1520 920 1579 942 σου
1594 906 1676 942 ἷοεῖν
1697 905 1895 958 διαφθοράν.
1914 905 2024 943 Δαυιδ
2042 923 2103 957 μέν
2119 905 2186 958 γὰρ
2202 906 2271 944 ἰδία
2291 921 2354 957 γε-

1333 981 1392 1002 νεα
1424 966 1646 1018 ὑπηρετήσας
1666 970 1707 1017 τῇ
1736 971 1795 1004 του
1824 968 1915 1005 Θεου
1947 969 2052 1017 βουλῇ
2085 965 2353 1017 εκοιμήθη,καὶ

1333 1026 1522 1076 προσετέθη
1542 1027 1627 1078 πρὸς
1642 1027 1719 1070 τοὺς
1736 1043 1824 1065 πατε
1831 1043 1889 1079 ρας
1906 1030 2032 1073 αὐτοῦ,
2050 1044 2110 1066 και
2129 1022 2197 1066 εἶδε
2215 1029 2353 1080 διαφθο-

1334 1086 1418 1139 ραν·
1443 1087 1479 1124 ὸν
1496 1086 1531 1125 δε
1553 1090 1570 1125 ὁ
1598 1088 1726 1131 Θεὸς”
1705 1104 1855 1140 ηγειρεν,
1875 1090 1936 1125 οὐκ
1956 1082 2024 1125 εἶδε
2040 1088 2240 1140 διαφθοράν,
2254 1088 2353 1140 σΟρα

1329 1163 1447 1185 τουτον
1439 1148 1687 1210 σφοδρότερον
1705 1149 1960 1199 διαλεγόμενον.
1983 1151 2095 1187 Τουτο
2115 1150 2264 1199 οὖοαμου
2281 1148 2354 1187 Πέ-

1330 1224 1408 1259 τρος
1427 1212 1534 1246 εἶπεν.
1565 1209 1726 1247 Γνωστὸν
1749 1225 1806 1247 ουν
1825 1210 1913 1248 ε’στι)
1932 1212 2026 1260 ὑμῖν,
2049 1210 2168 1261 ἄνδρες
2191 1209 2350 1261 ἀδελφοὶ,

1327 1285 1378 1306 οτι
1402 1270 1457 1307 διὰ
1478 1269 1597 1307 τούτου
1618 1275 1701 1321 ἡαῖν
1720 1271 1839 1343 α”ρεσις
1865 1272 2046 1322 ἁμαρτιῶν
2073 1270 2350 1320 επαγγέλλεται,

1327 1346 1386 1368 και
1405 1331 1474 1369 ἀπὸ
1492 1331 1645 1379 πάντων,
1661 1335 1708 1368 ὡν
1725 1347 1786 1369 ουκ
1797 1332 1991 1378 ἠδυνήθητε
2011 1347 2044 1368 εν
2063 1330 2158 1382 νόσῳ
2172 1330 2350 1373 Μωϋσὲως

1327 1392 1572 1438 δικαιωῡηναι,
1594 1394 1629 1429 ἓν
1649 1392 1726 1430 τού
1711 1408 1759 1429 -ω
1794 1409 1862 1435 πας
1891 1396 1909 1431 ὃ
1929 1407 2101 1431 πιστευων
2137 1392 2344 1430 δικαιουται.

1265 1431 1372 1454 ΣΞΊἹΝ

270 1461 364 1484 vero
380 1449 486 1484 Deus
504 1449 672 1484 suscitas
677 1449 706 1483 it
722 1460 746 1482 a
766 1449 938 1493 mortuis,
958 1459 1036 1482 non
1052 1447 1156 1484 vidit
1171 1460 1252 1484 cor·
1277 1470 1300 1496 s,
1330 1454 1415 1490 Εἶτα
1442 1453 1501 1490 γαὶ
1529 1453 1567 1490 τὸ
1590 1453 1758 1505 φοὸ;ρόν·
1782 1453 1896 1491 Βλέ,
1856 1469 1938 1491 3⁶33
1969 1446 2040 1500 οὖν,
2069 1451 2116 1503 μὴ
2138 1452 2265 1503 ἐπέ)θῃ
2296 1454 2348 1504 ἐφ’

268 1511 495 1559 ruptionem.
517 1507 613 1546 Vide
632 1507 727 1544 hunc
746 1521 766 1543 x
772 1506 988 1543 ehementius
1008 1506 1248 1544 dissementem

270 1569 343 1607 Hoc
357 1583 551 1619 numquam
568 1569 693 1606 Petrus
707 1567 813 1606 dixit.
834 1567 1049 1605 58.]V0tum
1068 1570 1186 1620 igitur
1201 1572 1250 1606 sit

268 1633 393 1677 vobis,
413 1634 492 1668 viri
504 1632 663 1683 fratres,
688 1632 779 1682 quia
794 1643 862 1680 per
877 1631 977 1666 bunc
996 1631 1104 1667 nobis
1120 1632 1249 1667 remis-

267 1695 322 1729 sio
336 1701 580 1744 peccatorum
596 1693 866 1736 annuntiatur,
884 1698 921 1726 et
937 1691 985 1726 ab
1006 1692 1182 1727 omnibus
1193 1720 1202 1734 ‚
1224 1705 1250 1727 a

268 1756 403 1804 quibus
422 1767 500 1790 non
509 1753 687 1803 potuistis
703 1753 744 1787 in
758 1751 838 1802 lege
857 1751 1246 1803 bloysisjustificari,

268 1816 331 1851 55).
358 1817 398 1851 in
418 1816 489 1851 hoc
508 1816 631 1850 omnis
649 1815 714 1864 qui
730 1812 849 1849 credit
862 1811 1118 1864 justificatur.
1139 1811 1249 1849 Dein-

266 1875 310 1912 de
326 1875 393 1912 hoc
425 1874 581 1912 terribile
599 1889 606 1910 ε
623 1874 687 1912 40.
708 1874 841 1910 Videte
858 1886 960 1924 erg0‚
999 1886 1047 1910 ne
1065 1886 1247 1924 superve—

268 1940 350 1975 niat
364 1939 476 1974 vobis
486 1937 589 1988 quod
605 1937 751 1973 dictum
767 1944 822 1973 est
838 1937 879 1972 in
887 1935 1082 1987 prophetis
1097 1936 1160 1973 :M
1173 1936 1250 1973 ,Vi-

267 1999 363 2046 dete‚
379 2005 644 2042 contemtores,
667 2004 702 2033 et
718 1996 984 2041 admiramini,
1006 2004 1042 2032 et
1059 1996 1250 2048 disperdi-

266 2061 374 2105 mini,
400 2061 492 2110 quia
511 2071 604 2109 opus
635 2071 768 2108 operor
783 2070 849 2108 ego
878 2059 920 2093 in
939 2058 1073 2095 diebus
1093 2061 1247 2104 vestris,

268 2120 370 2170 quod
383 2133 459 2156 non
474 2120 647 2165 credetis,
665 2121 699 2155 si
716 2120 801 2170 quis
817 2120 1058 2155 enarraverit
1067 2120 1193 2155 vobis.

319 2183 354 2217 ⁶2.
372 2180 467 2219 Vide
478 2178 654 2230 quomodo
670 2179 778 2216 nectit
792 2193 988 2216 sermonem
1004 2193 1049 2216 ex
1069 2180 1248 2230 praesenti-

267 2243 345 2291 bus,
367 2256 411 2278 ex
424 2240 620 2292 prophetis,
636 2254 680 2277 ex
693 2239 824 2276 semine
839 2239 1034 2276 secundum
1045 2241 1250 2292 promissio—

267 2317 358 2340 nem.
377 2305 515 2342 Verum
541 2315 649 2353 supra
677 2301 773 2338 dicta
800 2301 1038 2353 exploremus.
1062 2304 1144 2340 Viri
1151 2304 1249 2355 fia—

272 2374 360 2414 tres,
369 2366 455 2418 filii
467 2366 616 2416 generis
624 2363 666 2400 A
670 2364 812 2400 bralzoe.
826 2365 855 2400 A
864 2372 964 2415 patre
974 2363 1069 2414 ipsos
1079 2365 1247 2415 appellat.

271 2427 383 2465 Vobis
400 2439 521 2464 sermo
537 2425 674 2463 salutis
686 2425 800 2477 hujus
817 2427 953 2462 missus
969 2433 1039 2462 est.
1056 2424 1122 2461 Hic
1138 2424 1246 2471 illud,

287 2490 407 2534 ‘'obis,
434 2501 506 2524 non
532 2485 676 2526 Judaeos
701 2485 891 2537 separatim
912 2484 1076 2536 respicit,
1104 2485 1165 2523 sed
1189 2485 1250 2523 dat
1275 2500 1296 2528 Β

270 2549 342 2587 illis
364 2557 590 2601 postestatem
615 2546 791 2585 avellendi
815 2560 850 2583 se
874 2546 918 2583 ab
940 2545 1004 2595 iis,
1032 2545 1094 2596 qui
1119 2546 1250 2584 caedem

271 2618 516 2664 perpetrarunt
536 2624 547 2658 ;
569 2606 665 2658 quod
687 2621 732 2644 ex
750 2605 905 2658 sequenti
926 2606 1045 2658 palam
1061 2615 1125 2645 est.
1147 2609 1250 2645 Nam

272 2676 338 2726 qui
354 2672 598 2717 habitabant,
611 2668 738 2719 inquit,
752 2668 970 2706 Jerusalem
986 2697 998 2714 ,
1021 2669 1122 2705 hunc
1137 2671 1248 2720 igno—

269 2744 418 2782 rantes,
443 2741 479 2771 et
505 2745 620 2769 voces
637 2731 924 2782 prophetarum,
949 2743 1034 2781 quoe
1050 2743 1119 2781 per
1139 2744 1251 2768 omne

270 2799 470 2836 sabbatum
507 2795 686 2846 leguntur
704 2822 715 2838 ,
740 2792 964 2845 judicantes
983 2792 1248 2843 impleverunt.

270 2861 401 2910 Magna
434 2855 629 2904 accusatio,
672 2854 699 2891 si
736 2853 933 2902 frequenter
965 2851 1147 2891 audientes
1178 2868 1247 2892 non

271 2918 495 2957 attenderint.
510 2916 582 2955 Sed
593 2914 683 2953 nihil
703 2913 835 2951 mirum
847 2929 854 2949 :
866 2927 949 2950 nam
964 2912 1059 2950 dicta
1078 2913 1139 2951 illa
1155 2914 1247 2952 circa

270 2980 466 3032 AEgyptum
486 2987 520 3016 et
539 2977 738 3024 desertum,
767 2973 850 3011 satis
876 2982 975 3011 erant
1003 2973 1050 3011 ad
1068 2973 1247 3025 ingratum

268 3041 411 3078 illorum
436 3039 596 3077 animum
624 3033 957 3074 demonstrandum.
990 3034 1039 3071 Et
1068 3035 1245 3085 quomodo

268 3102 496 3152 ignorarunt,
513 3098 663 3149 inquies,
690 3110 771 3134 cum
790 3096 942 3133 Joannes
964 3094 1126 3132 dixerit?
1148 3095 1246 3143 Quid

266 3163 396 3200 mirum
407 3193 415 3209 ,
431 3176 510 3200 cum
525 3160 705 3213 prophetae
720 3171 858 3208 quoque
877 3170 968 3208 saepe
987 3156 1290 3196 clamaverinffli]

265 3225 356 3261 Hinc
375 3223 444 3260 alia
463 3220 638 3260 accusatio
656 3236 662 3255 :
684 3221 737 3256 Et
760 3219 872 3255 nulla
891 3231 1012 3255 causa
1031 3220 1163 3255 mortis
1183 3221 1244 3254 in-

271 3292 382 3321 venta
400 3300 413 3327 ‚·
443 3282 478 3319 id
505 3280 599 3332 quod
624 3278 831 3331 ignorantiae
858 3292 926 3315 non
954 3287 1040 3315 erat.
1067 3278 1242 3315 Ponamus

61 1940 178 1969 Ilabac.
202 1950 225 1967 1.

309 3423 320 3434 “
339 3420 446 3462 [nine
473 3417 600 3449 dixerso
627 3415 802 3448 enarrandi
824 3414 937 3448 ordini¹
954 3422 1092 3457 pergunt
1107 3416 1141 3446 Α,
1161 3416 1195 3445 Β.
1215 3414 1268 3455 CA,

1324 1517 1411 1564 eumq
1432 1513 1472 1550 τὸ
1488 1513 1668 1566 εἰρημένον
1688 1516 1722 1551 ἐν
1744 1521 1814 1558 τοῖς
1831 1514 2046 1567 προφήταις·
2062 1512 2170 1550 Ἴδετε
2191 1515 2222 1550 οἱ
2241 1529 2349 1551 κατα-

1321 1574 1507 1625 φρονηταὶ,
1531 1574 1589 1611 καὶ
1608 1574 1806 1625 ε’μὸλέψατε
1821 1605 1829 1617 ,
1848 1575 1907 1612 καὶ
1929 1574 2153 1625 θαυμάσατε,
2177 1575 2236 1612 καὶ
2250 1578 2345 1625 ἀφα-

1321 1634 1484 1682 νίσθητε,
1508 1635 1559 1672 ὅτι
1590 1634 1688 1686 ἔργον
1719 1635 1788 1685 ἐγὼ
1819 1636 2009 1687 ἐργάζομαι
2041 1637 2072 1672 ἓν
2093 1641 2168 1678 ταῖς
2197 1635 2346 1687 ἡμέραις

1323 1698 1432 1745 ὑμῶν,
1449 1695 1466 1733 ὃ
1486 1697 1522 1733 οὐ
1547 1695 1594 1745 μὴ
1612 1696 1822 1742 πιστεύσητε
1837 1726 1847 1744 ,
1868 1696 1925 1734 ἐάν
1951 1712 2002 1738 τις
2020 1697 2226 1747 ἐκδιηγῆται
2251 1699 2346 1746 ὑμῖν.

1375 2180 1470 2229 ΟὈροι
1492 2181 1567 2222 πῶς
1590 2179 1711 2217 πλέκει
1738 2179 1795 2216 τὸν
1828 2178 1929 2230 λόγον
1960 2178 2028 2217 ἀπὸ
2049 2180 2118 2217 τῶν
2150 2178 2342 2230 παρόντων,

1323 2241 1393 2279 ἀπὸ
1422 2243 1490 2277 τῶν
1519 2242 1719 2291 προφητῶν,
1752 2240 1821 2278 ἀπὸ
1855 2245 1914 2278 τοῦ
1946 2240 2143 2292 σπέρματος
2176 2245 2236 2279 τοῦ
2265 2241 2344 2279 κατ’

1323 2300 1544 2352 ἐπαγγελίαν.
1567 2300 1686 2337 ”AJQJ
1707 2300 1835 2336 ἄνωθεν
1858 2300 1985 2349 ἴδωμεν
2005 2300 2048 2336 τὰ
2070 2301 2246 2351 εἰρημένα.
2267 2301 2342 2339 Ἄν-

1323 2363 1397 2412 δρες
1422 2361 1579 2412 ἀδελφοὶ,
1600 2360 1665 2398 υἱοὶ
1682 2360 1797 2411 γένους
1816 2359 1986 2411 Ἀὸραάμ.
2008 2360 2077 2397 Καὶ
2099 2361 2167 2398 ἀπὸ
2188 2365 2247 2398 τοῦ
2267 2378 2341 2399 πα-

1322 2424 1400 2475 τρὸς
1421 2422 1541 2465 αὐτοὺς
1561 2424 1671 2460 καλεῖ.
1695 2421 1799 2468 Ἱ’μῖν
1821 2424 1838 2458 ὃ
1855 2420 1956 2471 λόγος
1977 2423 2037 2466 τ’Νης
2057 2421 2231 2474 σωτηρίας
2255 2423 2341 2461 ταύ-

1323 2501 1384 2530 της
1400 2482 1629 2528 ἐξαπεστάλη.
1654 2481 1828 2519 Ενταυθα
1848 2496 1907 2527 το,
1930 2480 2048 2531 Υμῖν,
2075 2482 2137 2518 οὐκ
2163 2481 2342 2525 Ἰουδαίοις

1323 2543 1574 2598 ἀφωρισμένως
1600 2543 1715 2593 λέγει,
1751 2541 1841 2579 ἀλλὰ
1874 2541 2012 2580 δίδωσιν
2043 2544 2156 2584 αυτοῖς
2185 2541 2341 2585 ἐξουσίαν

1323 2609 1579 2658 ἀποσχισθηναι
1592 2607 1659 2641 τῶν
1676 2619 1733 2641 τον
1749 2603 1846 2640 ὀόνον
1867 2603 2082 2653 τετολυ.ηκότ
2085 2618 2148 2640 ι··)ν
2165 2619 2223 2640 και
2240 2607 2341 2642 τοῦτο

1323 2667 1391 2706 ἀπὸ
1422 2671 1481 2703 τοῦ
1516 2663 1730 2714 ἐπαγομένου
1763 2664 1880 2709 δῆλον.
1903 2666 1949 2701 Οἱ
1980 2663 2046 2714 γὰρ
2081 2667 2339 2710 κατοικοῦντες,

1322 2728 1437 2780 φησὶν,
1469 2724 1717 2778 Ἰερουσαλὴμ,

1321 2788 1435 2841 φωνὰς
1470 2790 1537 2825 τῶν
1575 2788 1761 2838 προφητῶν
1795 2784 1856 2827 τὰς
1891 2784 1981 2823 κατὰ
2017 2785 2134 2822 πάντα
2163 2785 2338 2823 σάὸὂατον

1322 2846 1662 2900 ἀναγινωσκομένας,
1689 2845 1866 2898 κρίναντες
1895 2844 2114 2924 ἕπλᾶήρωσαν.
2147 2846 2294 2896 Μεγάλη
2317 2850 2338 2893 ἡ

1320 2909 1512 2969 κατηγορία
1527 2939 1535 2955 ,
1553 2909 1580 2945 εἷ
1595 2911 1747 2959 συνεχῶς
1763 2906 1944 2949 ἀκουοντες
1957 2908 2016 2944 ὅου
2030 2912 2228 2958 προσεῖχον.
2247 2909 2339 2945 ''AJxe

1748 2728 1866 2761 τοῦτον
1906 2723 2154 2775 ἀγνοήσαντες,
2186 2723 2244 2761 καὶ
2280 2724 2341 2768 τὰς

1320 2988 1394 3010 ουοε
1397 2988 1413 3008 ν
1445 2964 1661 3019 θαυμαστόν·
1690 2984 1733 3005 τα
1764 2966 1830 3019 γὰρ
1852 2966 2016 3018 εἰρημένα
2047 2968 2161 3004 ἐκεῖνα
2190 2967 2233 3005 τὰ
2262 2967 2340 3005 κατ’

1321 3033 1495 3084 Αἴγυπτον
1527 3046 1586 3067 και
1616 3045 1678 3074 την
1709 3028 1835 3079 ερημον
1869 3027 1972 3065 ἱκανα
2001 3027 2107 3072 δεῖξαι
2134 3030 2245 3066 αὐτῶν
2278 3029 2339 3075 τὴν

1320 3091 1578 3146 ἀγνωμοσυνην.
1611 3090 1681 3128 Και
1708 3092 1781 3132 πιΝ)ς
1809 3087 1996 3139 ηγκόησαν,
2027 3089 2143 3140 φησὶν,
2179 3088 2339 3128 Ἰωάννου

1317 3158 1494 3206 λέγοντος,
1513 3152 1560 3190 Τί
1579 3151 1790 3201 Θαυμαστὸν
1816 3149 1900 3187 ὅπου
1921 3166 1959 3200 γε
1981 3150 2040 3187 και
2058 3153 2126 3187 τῶν
2151 3154 2337 3202 προφητῶν

1316 3219 1466 3267 συνεχῶς
1501 3213 1682 3264 βοωντων;
1710 3205 1796 3248 Ρῖτα
1823 3225 1881 3247 και
1912 3211 1998 3257 α’λ)η
2029 3210 2240 3263 κατηγορία,
2266 3211 2336 3249 Καὶ

1316 3276 1489 3327 [ιηΟΕμίαν
1525 3277 1638 3312 αῑτῑαν
1677 3272 1822 3310 Οανα-Ου
1863 3286 2039 3322 ΞυρΟνῖΞς·
2072 3288 2156 3323 Οπερ
2196 3287 2259 3313 Ουκ
2293 3276 2334 3318 ἦν

1380 3425 1390 3437 ν·
1410 3414 1500 3444 Ι,ἰ)ιιε
1518 3410 1600 3444 Cotl.
1620 3415 1647 3443 22

1668 3418 1817 3454 προεεὶχευ
1835 3414 1880 3441 καὶ
1900 3411 1990 3441 οᾷἶὲν,
