2502 3810
309 199 402 246 662

307 309 356 343 se,
386 302 470 345 quot
485 292 610 331 (liebus
635 292 830 329 vixerimus
836 306 847 340 ;
865 291 937 328 imo
970 301 1052 326 cum
1069 286 1184 323 multo
1203 284 1286 336 plu-

308 355 406 391 ribus
424 371 430 390 :
452 353 532 391 licet
551 352 647 389 enim
672 352 709 388 in
726 365 796 388 uno
824 350 882 387 die
902 348 1024 398 semel,
1041 347 1097 384 bis
1128 354 1162 383 et
1190 357 1282 396 saepe

306 413 408 451 mori.
425 413 518 449 Nam
538 412 600 462 qui
619 411 666 449 ad
679 411 772 448 illud
795 419 940 463 paratus
961 417 1026 455 est,
1044 421 1181 459 semper
1195 419 1290 443 mer-

305 474 426 512 cedem
440 474 629 525 perfectam
646 472 787 524 accipit.
817 472 894 509 Hoc
911 480 944 509 et
962 469 1136 523 propbeta
1166 467 1290 505 subin-

305 534 427 572 dicans
446 534 595 582 dicebat,
619 535 716 571 Tota
740 535 813 570 die.
845 533 1074 585 Quapropter
1110 528 1289 582 apostolus

305 595 424 647 ipsum
442 594 658 645 introduxit,
682 594 764 632 illos
782 594 896 645 magis
913 593 1086 631 excitans.
1100 592 1194 629 Nam
1208 589 1238 627 si
1250 589 1290 635 ii,

305 657 366 708 qui
386 658 421 694 in
432 657 541 696 veteri
557 657 634 708 lege
663 656 849 703 vivebant,
865 655 997 706 inquit,
1018 663 1052 692 et
1063 653 1126 705 qui
1158 662 1292 691 terram
1315 661 1339 690 B

305 727 339 756 et
356 718 438 767 alia,
463 732 541 768 quas
561 732 642 755 cum
656 717 731 755 vita
749 717 924 769 peribant,
942 716 978 753 in
997 715 1163 752 laborum
1196 727 1291 765 prae-

305 779 417 816 mium
437 779 630 828 habebant,
661 777 709 815 ita
739 786 950 830 praesentem
969 774 1210 827 despiciebant
1237 773 1293 812 vi-

303 848 391 885 tam,
404 848 437 877 et
455 839 660 878 tentationes
681 848 715 877 et
732 838 891 891 pericula
909 853 916 874 :
938 851 1008 888 qua
1031 850 1094 874 nos
1114 835 1219 874 venia
1232 834 1291 872 di·

305 901 367 951 gni
379 900 522 948 erimus,
536 900 566 938 si
583 909 662 953 post
676 899 889 952 promissum
905 898 1030 936 caelum
1048 906 1082 934 et
1097 895 1292 934 ineffabilia

303 961 396 999 bona
432 962 555 999 molles
585 961 707 1008 simus,
738 974 849 1010 neque
883 958 930 997 ad
947 959 1092 995 illorum
1131 966 1293 994 veterum

305 1037 508 1061 mensuram
528 1021 774 1072 attingamus?
803 1023 850 1058 At
864 1034 933 1062 non
954 1019 1003 1056 ita
1018 1018 1127 1067 dixit,
1149 1031 1294 1068 remque

305 1084 488 1122 dimittens
503 1083 710 1121 auditorum
735 1081 968 1128 conscientiae,
996 1079 1196 1118 testimonio
1213 1088 1293 1116 tan-

307 1154 383 1183 tum
399 1146 512 1183 utitur
532 1160 540 1181 :
560 1144 784 1194 ostenditque
816 1142 1033 1180 sacrificium
1053 1141 1199 1178 illorum
1218 1154 1292 1178 esse

306 1220 467 1259 corpora,
495 1219 608 1256 neque
620 1204 757 1242 turbari
776 1213 947 1256 oportere,
978 1204 1054 1240 Deo
1080 1203 1128 1239 ita
1148 1201 1294 1254 dispen-

306 1277 415 1306 sante.
446 1268 525 1305 Alio
563 1281 703 1317 quoque
717 1266 824 1304 modo
846 1265 926 1303 illos
944 1265 1122 1302 hortatur.
1140 1264 1194 1301 Ne
1211 1263 1292 1314 quis

306 1330 403 1367 enim
420 1328 566 1378 diceret,
591 1328 695 1365 illum
724 1327 774 1365 sic
798 1328 927 1364 frustra
947 1324 1195 1378 philosophari
1214 1334 1293 1362 ante

306 1403 429 1426 rerum
455 1388 728 1440 experientiam,
757 1387 973 1439 subjunxit:
997 1387 1196 1422 AE'stimati
1230 1399 1293 1424 su-

308 1463 392 1487 mus
408 1452 507 1487 sicut
522 1462 608 1486 oves
636 1450 849 1494 occisionis,
871 1445 1096 1496 quotidianas
1119 1446 1294 1496 apostolo-

308 1525 389 1548 rum
405 1519 534 1548 mortes
556 1509 689 1547 dicens.
706 1508 837 1547 Viden'
858 1506 1103 1544 fortitudinem
1122 1515 1156 1543 et
1175 1506 1295 1543 mode-

308 1569 439 1606 stiam?
456 1569 557 1608 Sicut
573 1568 666 1605 enim
683 1568 767 1616 illae,
785 1566 914 1616 inquit,
926 1579 997 1603 non
1018 1565 1194 1602 obsistunt
1207 1564 1296 1602 dum

304 1630 517 1681 jugulantur
539 1645 546 1665 :
570 1628 619 1665 sic
654 1641 766 1677 neque
805 1640 881 1664 nos.
916 1625 986 1663 Sed
1010 1625 1095 1675 quia
1131 1625 1296 1662 humanae

309 1689 436 1727 mentis
450 1688 639 1726 infirmitas
654 1688 760 1725 etiam
772 1696 852 1739 post
877 1695 928 1724 tot
945 1695 1114 1737 tantaque
1134 1686 1298 1724 multitu-

308 1750 429 1788 dinem
457 1749 691 1787 tentationum
719 1748 879 1797 timebat,
899 1747 982 1785 vide
1017 1747 1193 1798 quomodo
1218 1763 1298 1785 rur-

309 1825 389 1848 sum
419 1810 615 1847 auditorem
646 1809 780 1860 erigat,
817 1818 921 1858 atque
957 1808 1147 1846 sublimem
1173 1818 1207 1846 et
1235 1809 1299 1846 lae-

309 1880 387 1909 tum
406 1871 549 1919 efficiat,
569 1870 688 1908 dicens
708 1887 715 1908 ε
740 1873 802 1909 57.
823 1871 898 1909 Sed
910 1873 951 1907 in
967 1872 1027 1908 his
1043 1873 1218 1908 omnibus
1235 1884 1299 1908 su-

308 1946 488 1984 peramus
515 1941 672 1984 propter
691 1945 790 1978 eum,
822 1934 889 1984 qui
906 1932 1046 1970 dilexit
1067 1945 1149 1972 nos.
1188 1931 1299 1983 Quod

311 1994 406 2032 enim
422 2003 471 2032 est
488 1994 666 2043 mirabile,
688 1993 756 2031 hoc
774 2002 838 2041 est,
862 2007 932 2031 non
964 1993 1080 2031 solum
1095 1992 1191 2044 quod
1207 2007 1300 2031 nunc
1324 1995 1350 2024 D

312 2057 512 2105 vincamus,
535 2055 594 2093 sed
615 2055 712 2106 quod
741 2069 804 2108 per
837 2055 986 2093 insidias
1009 2069 1086 2106 quae
1105 2055 1206 2093 nobis
1237 2069 1301 2107 pa-

313 2128 437 2156 rantur
465 2118 669 2167 vincamus;
688 2131 730 2155 ac
761 2130 832 2154 non
860 2116 967 2154 modo
997 2116 1200 2166 vincamus,
1239 2117 1304 2155 sed

313 2180 394 2231 plus
405 2193 511 2230 quam
523 2192 728 2230 superemus
740 2193 752 2227 3
774 2177 811 2215 id
823 2187 884 2225 est,
905 2191 986 2215 cum
1001 2177 1098 2215 omni
1118 2178 1300 2225 facilitate,

315 2241 389 2278 sine
404 2240 595 2278 sudoribus
609 2239 874 2289 laboribusque.
891 2240 971 2276 Non
989 2238 1082 2276 enim
1094 2253 1175 2276 cum
1186 2239 1304 2291 reipsa

313 2300 483 2353 patimur,
498 2299 559 2337 sed
574 2299 682 2336 etiam
705 2312 786 2335 cum
800 2299 958 2336 animum
973 2312 1201 2350 apparamus,
1223 2299 1304 2336 ubi-

315 2374 384 2410 que
419 2369 540 2397 contra
573 2358 734 2395 inimicos
767 2366 901 2409 tropaea
931 2358 1114 2408 erigimus.
1148 2358 1196 2394 Et
1224 2358 1304 2408 jure

317 2421 463 2466 merit03
494 2422 590 2457 Deus
613 2417 705 2456 enim
739 2426 803 2466 est,
827 2417 887 2468 qui
918 2417 1106 2455 nobiscum
1133 2416 1301 2454 decertat.

317 2482 371 2519 Ne
390 2481 500 2533 igitur
512 2479 618 2518 fidem
639 2492 761 2530 negeS,
781 2478 878 2529 quod
894 2477 1067 2529 flagellati
1083 2478 1302 2529 flagellantes

317 2556 543 2596 superemus,
565 2540 660 2591 quod
680 2540 774 2591 pulsi
797 2539 966 2592 pellentes
985 2539 1183 2586 vincamus,
1207 2539 1304 2590 quod

318 2606 505 2643 morientes
535 2603 637 2642 vivos
672 2602 917 2654 profligemus.
951 2602 1042 2639 Cum
1063 2602 1158 2639 enim
1177 2611 1211 2639 et
1237 2601 1305 2639 Dei

318 2665 510 2718 potentiam
539 2673 572 2701 et
599 2663 780 2700 caritatem
813 2661 984 2714 posueris,
1011 2662 1104 2699 nihil
1135 2662 1306 2714 impediet

319 2725 509 2777 quominus
526 2724 605 2761 baec
625 2723 805 2761 mirabilia
821 2731 855 2760 et
873 2721 1097 2760 incredibilia
1124 2723 1302 2774 eveniant,
1330 2721 1355 2752 Ε

319 2797 352 2825 et
377 2785 473 2837 quod
496 2784 641 2823 victoria
669 2798 776 2836 supra
797 2783 947 2821 modum
968 2782 1161 2835 splendeat.
1184 2785 1305 2834 Neque

319 2849 413 2887 enim
428 2848 546 2886 solum
562 2847 763 2895 vincebant,
780 2845 840 2884 sed
864 2860 992 2897 magno
1012 2860 1092 2884 cum
1113 2846 1303 2887 miraculo;

319 2911 368 2948 ita
385 2919 424 2948 ut
438 2909 626 2957 discerent,
645 2922 716 2947 non
736 2916 856 2945 contra
881 2907 1042 2944 homines
1064 2907 1200 2945 bellum
1218 2907 1307 2945 insi—

319 2972 457 3010 diantes
478 2983 634 3015 movere⁷
649 2968 711 3007 sed
731 2977 850 3006 contra
877 2967 1049 3005 invictam
1068 2968 1167 3005 illam
1180 2977 1308 3020 poten-

321 3034 421 3071 tiam.
439 3031 535 3072 Vide
555 3045 638 3082 ergo
659 3029 816 3077 Judaeos,
845 3028 908 3079 qui
937 3029 1113 3080 apostolos
1137 3029 1173 3066 in
1194 3029 1312 3068 medio

770 212 790 242 S
799 233 806 242 .
846 208 1030 242 JOANNIS
1066 204 1306 236 CHRYSOST.

1319 1316 1343 1347 C

125 3098 194 3126 Aa.
210 3098 239 3134 4-
262 3096 307 3126 ¹6·
323 3095 499 3143 tenebant,
520 3102 554 3130 et
572 3092 785 3130 dubitabant
799 3091 1056 3141 dicebantque:
1075 3092 1312 3143 Quidfacie-

326 3169 408 3194 mus
424 3156 641 3193 hominibus
655 3155 735 3190 his?
746 3152 823 3190 Hoc
842 3151 936 3189 enim
955 3151 1118 3189 mirabile
1134 3161 1199 3198 est,
1217 3152 1313 3202 quod

369 3273 381 3286 ὃ
405 3263 569 3304 [effingis-a
594 3258 746 3292 dedimus
772 3269 812 3290 ex
829 3259 868 3292 Α,
887 3265 920 3290 et
945 3269 1048 3302 marg.
1066 3257 1168 3292 Savil.
1183 3257 1334 3302 Legeba-

330 3321 381 3345 tur
400 3314 540 3355 Quinam]

1346 204 1370 232 A
1378 205 1534 235 RCHIEP
1543 224 1553 234 .
1591 205 1928 237 CONSTANTINOP
1938 226 1946 236 .

1361 285 1497 337 ἔχοντες
1515 287 1718 338 στεφάνους,
1739 287 1821 330 ὅσας
1836 288 1878 324 ἂν
1903 287 2086 338 βιώσωμεν
2105 287 2253 340 ἡμέρας·
2284 289 2380 338 μᾶλ-

1360 347 1419 383 λον
1436 345 1470 383 δὲ
1491 346 1550 384 καὶ
1566 349 1686 399 πολλῷ
1706 347 1844 391 πλείους
1860 363 1868 370 ·
1887 348 1960 386 ἔστι
1979 347 2047 399 γὰρ
2064 350 2098 386 ἐν
2112 348 2230 400 ἡμέρα
2245 355 2308 400 μιᾷ
2323 348 2382 386 καὶ

1362 405 1454 449 ἅπαξ
1478 406 1537 443 καὶ
1571 407 1621 450 δὶς
1649 408 1709 445 καὶ
1739 407 1910 452 πολλάκις
1929 411 2126 446 ἀποθανεῖν.
2147 406 2192 445 ‘O
2211 408 2277 459 γὰρ
2297 408 2383 458 πρὸς

1358 471 1459 505 τοῦτο
1480 468 1826 519 παρεσκευασμένος,
1855 469 1908 506 ἀεὶ
1936 468 1993 506 τὸν
2015 469 2137 519 μισθὸν
2166 468 2384 519 ἀπηρτισμέ-

1359 541 1415 565 νον
1438 528 1620 578 λαμέοίνει.
1647 531 1760 567 Τοῦτο
1778 532 1858 580 γοῦν
1881 530 1939 567 καὶ
1956 532 1973 567 ὃ
1993 528 2174 581 προφήτης
2191 528 2385 579 αἰνιττόμε-

1360 603 1414 631 νος
1443 588 1572 640 ἔλεγεν,
1587 589 1705 636 (Ὀλην
1723 589 1786 636 τὴν
1816 589 1967 641 ἡμέραν.
1996 589 2060 627 Διὸ
2078 589 2139 627 καὶ
2157 592 2175 627 ὃ
2195 588 2385 633 ἀπόστολος

1362 649 1464 687 αὐτὸν
1483 649 1692 701 ἐπεισήγαγε
1705 680 1714 698 ,
1732 649 1894 700 μειζόνως
1911 649 2032 692 αὐτοὺς
2047 649 2237 701 διεγείρων.
2260 651 2305 687 Ei
2318 649 2385 702 γὰρ

1362 711 1392 747 οἳ
1410 711 1444 747 ἐν
1461 713 1504 762 τῇ
1523 711 1668 762 Παλαιᾷ
1683 739 1693 756 ,
1713 711 1797 763 φησὶ
1809 741 1819 758 ,
1836 711 1896 748 καὶ
1917 713 1982 761 γῆν
1998 710 2038 748 τὸ
2051 710 2200 749 ἔπαθλον
2219 712 2288 748 τῶν
2315 710 2389 749 πό-

1362 786 1427 808 νων
1453 770 1612 823 ἔχοντες,
1634 771 1692 809 καὶ
1715 771 1760 808 τὰ
1789 771 1879 809 ἄλλα
1906 774 1955 824 τῷ
1975 770 2122 824 παρόντι
2142 770 2386 822 συγκαταλυό-

1365 848 1450 882 μενα
1468 832 1545 883 βίῳ,
1574 831 1662 870 οὕτω
1678 834 1740 878 τῆς
1769 831 1946 885 παρούσης
1962 831 2169 885 ὑπερεώρων
2190 835 2301 880 ζωῆς,
2325 832 2388 871 καὶ

1362 895 1430 930 τῶν
1451 894 1655 944 πειρασμῶν
1675 892 1733 930 καὶ
1755 895 1823 930 τῶν
1843 892 2025 937 κινδύνων,
2039 892 2116 930 τίνα
2134 893 2172 930 ἂν
2192 892 2387 944 ὒσήοίημεν

1361 953 1570 1005 συγγνώμην
1587 956 1701 1003 ἡμεῖς,
1721 989 1727 1003 ¹
1749 952 1810 991 ετᾶ
1819 953 1875 991 τὸν
1892 953 2033 1006 οὐρανὸν
2050 953 2110 991 καὶ
2124 953 2184 1000 τὴν
2209 953 2388 1004 βασιλείαν

1361 1015 1425 1060 τὴν
1441 1014 1512 1051 ἄνω
1531 1014 1589 1052 καὶ
1603 1013 1648 1052 τὰ
1665 1014 1847 1067 ἀπόρρητα
1869 1013 1982 1064 ἀγαθὰ
2001 1013 2367 1065 καταμαλακιζόμενοι
2379 1043 2389 1061 ,

1361 1075 1420 1113 καὶ
1451 1074 1538 1124 μηδὲ
1559 1074 1644 1126 πρὸς
1675 1074 1714 1112 τὸ
1735 1075 1819 1112 αὐτὸ
1852 1073 1976 1126 μέτρον
1998 1075 2181 1126 φθάνοντες
2201 1074 2388 1122 Ι’.ἐκείνωη

1361 1134 1453 1172 Ἀλλ’
1470 1134 1559 1172 οὕτω
1574 1134 1635 1184 μὲν
1651 1136 1713 1172 οὐκ
1730 1129 1805 1172 εἷπε
1818 1164 1828 1181 ,
1843 1137 1893 1186 τῷ
1911 1134 1945 1173 δὲ
1964 1135 2133 1173 συνειδότι
2149 1136 2232 1173 αὐτὸ
2247 1137 2390 1172 καταλι-

1362 1194 1437 1233 πὼν
1463 1198 1531 1233 τῶν
1548 1197 1741 1247 ἀκροατῶν,
1762 1198 1803 1247 τῆ
1827 1193 2001 1247 μαρτυρία
2021 1198 2180 1247 ἀρκεῖται
2200 1195 2287 1246 μόνῃ
2301 1225 2311 1242 ,
2330 1195 2390 1232 καὶ

1364 1255 1547 1302 δείκνυσιν,
1579 1255 1631 1293 ὅτι
1658 1255 1718 1293 καὶ
1744 1254 1845 1293 θυσία
1865 1257 1979 1293 αὐτῶν
1998 1256 2042 1294 τὰ
2064 1255 2212 1305 σώματα
2232 1256 2389 1305 γίνεται,

1364 1317 1424 1354 καὶ
1449 1319 1486 1354 οὗ
1507 1317 1556 1354 δεῖ
1586 1317 1825 1368 θορυὸεῖσθαι,
1843 1315 1919 1352 οὐδὲ
1939 1316 2199 1367 ταράττεσθαι,
2214 1319 2273 1353 τοῦ
2298 1317 2390 1353 Θεοῦ

1365 1377 1472 1420 οὕτως
1491 1377 1793 1427 οἷκονομήσαντος.
1813 1376 1883 1414 Καὶ
1904 1376 2030 1428 ἑτέρως
2046 1376 2081 1414 δὲ
2103 1376 2225 1420 αὐτοὺς
2244 1376 2391 1429 προτρέ-

1367 1453 1437 1475 πει.
1458 1437 1536 1475 Ἵνα
1552 1437 1618 1488 γὰρ
1635 1436 1682 1486 μ),
1702 1436 1787 1488 λέγῃ
1808 1452 1878 1483 τις,
1903 1436 1956 1474 ὅτι
1985 1438 2103 1480 ἁπλῶς
2124 1441 2235 1474 ταῦτα
2254 1439 2392 1489 φιλοσο-

1370 1504 1424 1549 φεῖ
1442 1498 1509 1549 πρὸ
1529 1500 1591 1543 τῆς
1604 1497 1727 1548 πείρας
1745 1500 1813 1534 τῶν
1834 1497 2067 1550 πραγμάτων,
2084 1497 2278 1549 ἐπήγαγεν·
2296 1499 2393 1537 Ἐλο-

1368 1558 1535 1609 γίσθημεν
1568 1561 1614 1601 ὡς
1642 1557 1802 1609 πρόὸατα
1841 1562 1994 1610 σφαγῆς,
2027 1558 2106 1601 τοὺς
2143 1558 2394 1611 καθημερινοὺς

1368 1620 1436 1656 τῶν
1455 1618 1656 1656 ἀποστόλων
1683 1617 1849 1660 θανάτους
1873 1618 1999 1669 λέγων.
2034 1613 2134 1661 Εἶδες
2155 1618 2311 1670 ἀνδρείαν
2333 1619 2394 1657 καὶ

1369 1678 1557 1716 ἐπιείκειαν
1571 1695 1580 1726 ;
1596 1678 1737 1729 ”Ωσπερ
1774 1678 1841 1729 γὰρ
1877 1681 2011 1726 ἐκεῖνα,
2042 1679 2145 1731 φησὶν
2159 1709 2169 1728 ,
2201 1680 2262 1717 οὐκ
2302 1679 2395 1717 ἀνθί-

1369 1756 1495 1778 σταται
1526 1739 1766 1792 σφαττόμενα,
1785 1739 1892 1783 οὕτως
1920 1739 1995 1778 οὐδὲ
2025 1745 2141 1791 ἡμεῖς.
2161 1740 2252 1778 Ἀλλ’
2273 1741 2393 1787 ἐπειδὴ

1368 1804 1431 1847 τῆς
1448 1800 1666 1852 ἀνθρωπίνης
1678 1799 1829 1843 διανοίας
1843 1803 1864 1846 ἡ
1882 1801 2043 1839 ἀσθένεια
2059 1801 2117 1839 καὶ
2136 1800 2225 1852 μετὰ
2241 1804 2395 1840 τοσαῦτα

1369 1862 1408 1900 τὸ
1427 1864 1556 1908 πλῆθος
1576 1864 1644 1899 τῶν
1667 1863 1872 1914 πειρασμῶν
1895 1861 2082 1910 ἐδεδοίκει,
2100 1861 2165 1913 ὅρα
2186 1865 2261 1905 πῶς
2288 1862 2395 1905 πάλιν

1371 1923 1531 1969 ἀνίστησι
1547 1922 1604 1960 τὸν
1625 1921 1812 1974 ἀκροατὴν,
1832 1921 1890 1959 καὶ
1906 1923 2036 1973 ὑψηλὸν
2055 1928 2146 1960 ποιεῖ
2166 1922 2225 1960 καὶ
2246 1926 2391 1974 γαῦρον,

1373 1983 1492 2032 εἰπὼν,
1512 1983 1603 2021 Ἀλλ’
1637 1985 1670 2021 ἐν
1691 1982 1823 2025 τούτοις
1852 1989 1958 2020 πᾶσιν
1981 1985 2218 2036 ὑπερνικῶμεν
2248 1983 2305 2022 διὰ
2337 1987 2396 2021 τοῦ

1374 2043 1621 2095 ἀγαπήσαντος
1637 2043 1805 2095 ἡμᾶς.Τὸ
1824 2044 1890 2096 γὰρ
1908 2043 1948 2090 δὴ
1967 2043 2165 2094 θαυμαστὸν
2177 2043 2277 2082 τοῦτο’
2290 2046 2398 2089 ἐστιν,

1373 2109 1436 2158 οὐχ
1456 2105 1508 2144 ὅτι
1527 2109 1585 2143 νῦν
1606 2108 1755 2155 νικῶμεν
1777 2105 1894 2156 μόνον,
1930 2107 2007 2143 ἀλλ’
2032 2105 2085 2144 ὅτι
2104 2105 2164 2143 καὶ
2185 2106 2229 2143 δι’
2251 2099 2298 2143 ῶν
2321 2107 2398 2143 ἐπι-

1374 2167 1608 2218 δουλευόμεθα
1629 2169 1794 2217 νικῶμεν.
1826 2166 1896 2204 Καὶ
1916 2166 1981 2218 οὔχ
2001 2166 2120 2209 ἁπλῶς
2136 2168 2302 2217 νικῶμεν,
2321 2168 2397 2205 ἀλλ’

1373 2231 1628 2278 ὑπερνικῶμεν,
1645 2226 1817 2273 τουτέστι,
1837 2225 1925 2276 μετὰ
1943 2226 2100 2269 εὐκολίας
2114 2227 2271 2272 ἁπάσης,
2290 2227 2399 2278 χωρὶς

1374 2288 1528 2340 ἱδρώτων
1548 2287 1607 2324 καὶ
1626 2286 1753 2324 πόνων.
1773 2288 1826 2324 Οὐ
1845 2285 1912 2337 γὰρ
1932 2286 2126 2337 πράγματα
2147 2286 2396 2337 ὑπομένοντες,

1375 2348 1465 2386 ἀλλὰ
1483 2347 1545 2393 τὴν
1562 2347 1704 2399 γνώμην
1721 2346 2039 2399 παρασκεύαζοντες
2060 2346 2178 2397 μόνον,
2194 2346 2283 2394 οὕτω
2307 2348 2405 2385 πανέ

1373 2413 1481 2460 ταχοῦ
1511 2408 1555 2446 τὰ
1585 2408 1736 2458 τρόπαια
1767 2409 1918 2458 ἱστῶμεν
1939 2407 2029 2445 κατὰ
2057 2410 2124 2445 τῶν
2153 2408 2299 2460 ἐχθρῶν.
2328 2408 2399 2446 Καὶ

1377 2469 1471 2520 μάλα
1501 2467 1641 2510 εἰκότως
1657 2484 1664 2491 ·
1688 2467 1778 2511 Θεὸς
1814 2467 1880 2518 γάρ
1906 2469 1999 2505 ἔστιν
2023 2472 2107 2518 ἡμῖν
2129 2471 2146 2505 ὃ
2165 2469 2398 2516 συναγωνιζό-

1378 2545 1487 2580 μενος.
1502 2528 1564 2574 lli-lt,
1580 2528 1692 2566 τοίνυν
1708 2528 1904 2579 ἀπιστήσῃς
1915 2558 1924 2575 ,
1944 2531 1972 2566 εἷ
1989 2528 2235 2579 μαστιζόμενοι
2249 2532 2317 2567 τῶν
2336 2546 2400 2580 μα-

1377 2590 1559 2634 στιζόντων
1577 2589 1844 2641 περιγινόμεθα,
1865 2590 1894 2627 εἷ
1922 2589 2144 2639 ἐλαυνόμενοι
2162 2593 2231 2627 τῶν
2252 2591 2399 2629 διωκόν-

1376 2667 1444 2689 των
1463 2654 1672 2703 κρατοῧμεν,
1690 2651 1719 2687 εἰ
1741 2649 2014 2695 ἀποθνήσκοντες
2029 2649 2108 2694 τοὺς
2127 2653 2257 2694 ζῶντας
2271 2651 2401 2704 τρεπό-

1379 2715 1478 2762 μεθα.
1504 2711 1616 2749 εὈτοιν
1636 2711 1703 2761 γὰρ
1723 2710 1782 2747 καὶ
1810 2710 1873 2756 τὴν
1893 2710 2037 2760 δύναμιν
2056 2714 2116 2748 τοῦ
2145 2712 2236 2749 Θεοῦ
2259 2711 2319 2748 καὶ
2341 2710 2400 2757 τὴν

1379 2771 1517 2823 ἀγάπην
1547 2775 1625 2822 θῇς,
1656 2770 1752 2808 οὐδὲν
1778 2771 1818 2809 τὸ
1843 2770 1975 2808 κωλύον
2003 2770 2047 2809 τὰ
2076 2771 2261 2821 θαυμαστὰ
2292 2775 2402 2809 ταῦτα

1729 2831 1796 2845 tzar

1379 2832 1544 2880 ἐκὲἧναι,
1564 2834 1623 2870 καὶ
1642 2847 1839 2884 παραοοςα,
1863 2831 1919 2868 καὶ
1947 2830 2010 2878 τὴν
2030 2834 2069 2869 ἐκ
2101 2832 2298 2883 περιουσίας
2313 2833 2403 2883 λάμ-

1379 2895 1443 2945 ψαι
1462 2892 1572 2939 νίκην.
1603 2892 1694 2930 Οὐῗὲ
1713 2891 1779 2942 γὰρ
1800 2892 1919 2934 ἁπλῶς
1938 2891 2072 2938 ἐνίκων,
2094 2892 2183 2930 ἀλλὰ
2203 2893 2293 2942 μετὰ
2311 2896 2403 2931 πολ-

1379 2957 1440 2993 λοῧ
1451 2957 1509 2991 τοῦ
1522 2952 1696 3004 θαύματος
1708 2983 1717 3000 ,
1735 2953 1794 2990 καὶ
1807 2952 1895 2988 ὥστε
1915 2955 2046 3002 μαθεῖν,
2058 2951 2110 2990 ὅτι
2125 2955 2162 2990 οὐ
2173 2953 2258 3004 πρὸς
2275 2952 2405 3004 ἀνθρώ-

1381 3030 1465 3057 πους
1477 3018 1494 3052 ὃ
1509 3013 1660 3064 πόλεμος
1678 3018 1749 3055 τοῖς
1769 3012 2044 3050 ἐπιὲουλεύουσιν
2069 3007 2123 3060 ἦν,
2139 3013 2229 3050 ἀλλὰ
2242 3012 2327 3065 πρὸς
2343 3012 2405 3058 τὴν

1384 3083 1522 3134 ἄμαχον
1553 3080 1696 3131 δύναμιν
1719 3079 1866 3125 ἐκείνην.
1891 3078 1984 3130 ἱὈροι
2016 3082 2096 3130 γοῦν
2125 3082 2203 3123 τοὺς
2221 3079 2408 3122 Ἰουδαίους

1385 3153 1418 3189 ἐν
1439 3149 1535 3201 με’σῳ
1561 3146 1681 3190 αὐτοὺς
1710 3145 1878 3198 ἔχοντας,
1901 3144 1960 3182 καὶ
1982 3145 2229 3197 διαποροῦντας
2260 3145 2318 3183 καὶ
2352 3144 2409 3182 λέ-

1445 3259 1462 3282 b
1487 3257 1498 3299 [
1512 3262 1632 3294 ἐκείνους
1648 3253 1760 3287 iidem.
1780 3251 1962 3285 Voluerunt
1977 3252 2119 3292 ἐκείνοις]
