2502 3810
780 274 821 302 IN
859 273 999 303 EPIST-

121 369 181 400 νην
205 356 242 392 οὐ
265 353 340 402 σὴν,
356 352 446 391 ἀλλὰ
467 355 576 401 Θεοῦ,
595 354 654 391 καὶ
678 354 716 392 τὸ
737 354 878 406 δαψιλὲς
895 356 1000 400 αὐτῆς
1020 353 1078 392 καὶ
1096 353 1135 391 τὸ

121 414 257 452 εὔκολον
276 413 519 463 αἰνιττόμενος.
537 415 590 451 Οὐ
610 414 677 466 γὰρ
697 413 732 457 ἐξ
757 414 911 466 ἱδρώτων
935 414 994 452 καὶ
1021 414 1133 452 πόνων

121 472 227 519 αὐτὴν
247 477 446 526 κατορθοῖς,
463 475 537 511 ἀλλ’
556 474 624 511 ἀπὸ
650 477 712 520 τῆς
740 474 868 512 ἄνωθεν
888 475 1017 526 δωρεᾶς
1045 475 1136 524 λαμ-

1039 273 1098 301 AD
1135 273 1242 302 ROM.

2093 265 2182 323 485

1204 368 1318 392 sermo
1329 354 1470 394 videtur
1480 370 1566 404 esse,
1576 356 1672 407 quod
1685 357 1858 407 moechus,
1868 357 1986 395 mollis
1989 387 2001 408 ,
2008 360 2186 410 sepulcro-

1205 429 1286 453 rum
1305 416 1462 466 effossor,
1473 418 1724 469 praestigiator,
1744 418 1927 456 confestim
1946 432 2016 457 non
2036 420 2142 458 modo
2165 436 2185 459 a

1206 477 1384 528 supplicio
1400 478 1584 530 eripiatur,
1603 478 1666 516 sed
1684 479 1789 516 etiam
1801 479 1921 531 justus
1935 479 2010 529 fiat,
2025 481 2183 532 etjustus

1282 274 1436 306 HOMIL.
1475 277 1522 306 11.

119 532 254 580 δάνεις,
284 533 320 570 ἓν
351 532 452 583 μόνον
493 533 661 585 εἰσφέρων
693 532 836 582 οἴκοθεν,
868 534 906 572 τὸ
936 537 1193 590 πιστεῦσαιᾚδ
1206 550 1370 588 suprema
1390 538 1715 590 justiti33aVeteri
1735 541 1962 578 Testamento
1989 555 2186 579 sermonem

118 587 224 640 Εἶτα,
245 593 362 640 ἐπειδὴ
388 594 549 638 ἀπίθανος
565 598 582 632 ὃ
605 595 704 645 λόγος
722 589 808 631 εἶναι
827 594 954 642 ἐδόκει,
970 597 999 632 εἷ
1017 597 1034 632 ὃ
1057 610 1135 645 μοι·

120 654 181 706 χὸς
199 655 258 692 καὶ
282 655 456 705 μαλακὸς,
476 655 535 692 καὶ
563 655 791 706 τυμὸωρύχος
816 655 875 692 καὶ
903 655 985 706 γόης
1014 655 1134 707 ἀθρόον

120 716 198 767 οὐχὶ
215 715 389 758 κολάσεως
407 715 666 753 ἀπαλλάττεται
688 715 803 765 μόνον,
821 714 910 752 ἀλλὰ
929 715 987 753 καὶ
1007 715 1136 757 δίκαιος

120 777 271 827 γίνεται,
298 777 357 814 καὶ
377 776 506 818 δίκαιος
535 776 598 821 τὴν
619 775 784 813 ἀνωτάτω
813 775 1044 822 δικαιοσύνην,
1066 775 1135 812 ἀπὸ

120 841 181 884 τῆς
198 839 358 881 Παλαιᾶς
385 842 568 875 πιστοῦται
599 836 656 873 τὸν
683 836 794 886 λόγον.
812 836 882 874 Καὶ
906 839 1042 888 πρῶτον
1071 834 1134 884 μὲν

121 902 245 951 βραχεῖ
264 898 393 949 ῥήματι
412 896 561 947 πέλαγος
577 898 734 948 ἱστοριῶν
751 895 876 947 ἀχανὲς
894 898 943 946 τῷ
956 894 1135 946 δυναμένῳ

121 958 260 1008 βλέπειν
281 957 565 996 ἀναπετάννυσιν.
584 955 704 994 Εἰπὼν
724 955 810 1007 γὰρ,
831 955 897 992 Ἐκ
917 954 1068 996 πίστεως
1085 956 1135 996 εἷς

119 1019 248 1065 πίστιν,
276 1018 484 1070 παρέπεμψε
517 1016 574 1054 τὸν
614 1015 787 1068 ἀκροατὴν
822 1016 878 1053 ἐπὶ
910 1015 971 1058 τὰς
1000 1018 1134 1053 οἰκονο-

119 1079 200 1127 μίας
229 1082 288 1115 τοῦ
320 1079 411 1116 Θεοῦ
430 1078 491 1120 τὰς
520 1080 554 1114 ἐν
589 1078 632 1126 τῇ
672 1077 814 1126 Παλαιᾷ
834 1074 1062 1126 ἶ’γενομε’νας,
1095 1075 1134 1119 ἃς

117 1137 292 1189 Ἑὸραίοις
308 1137 517 1175 ἐπιστέλλων
538 1135 626 1186 μετὰ
647 1137 778 1181 πολλῆς
793 1135 966 1187 ἐξηγεῖται
993 1139 1055 1182 τῆς
1077 1152 1133 1174 σο-

117 1197 215 1249 φίας,
237 1198 296 1235 καὶ
316 1197 394 1241 τοὺς
413 1197 565 1239 δικαίους
596 1197 656 1234 καὶ
689 1195 766 1238 τοὺς
799 1195 1027 1247 ἁμαρτωλοὺς
1045 1196 1133 1234 οὕτω

117 1257 358 1301 δικαιωθέντας
387 1257 535 1295 δείκνυσι
567 1256 626 1295 καὶ
653 1255 752 1294 τότε·
780 1255 908 1294 διὸκαὶ
930 1260 993 1303 τῆς
1020 1256 1135 1294 Ῥαὰὸ

115 1318 176 1356 καὶ
201 1322 260 1356 τοῦ
284 1317 443 1371 Ἀδραὰμ
461 1317 728 1368 ἐμνημόνευσεν.
751 1315 901 1355 ’Ἔπειτα
923 1317 958 1355 δὲ
987 1320 1135 1356 ἐνταῦθα

116 1379 330 1429 αἰνιξάμενος
363 1378 447 1416 αὐτὸ
477 1378 577 1428 μόνον
597 1376 767 1430 (καὶγὰρ
797 1379 849 1430 ἐφ’
869 1378 982 1430 ἕτερον
1014 1378 1134 1432 ἔτρεχε

113 1439 278 1491 θεώρημα
291 1467 300 1484 ,
319 1438 379 1477 καὶ
407 1442 654 1489 κατεπεῖγον),
676 1438 745 1476 ἀπὸ
769 1441 837 1476 τῶν
857 1442 1044 1490 προφητῶν
1064 1439 1133 1476 πά-

113 1504 164 1538 λιν
183 1503 366 1538 πιστοῧται
393 1500 451 1538 τὸν
472 1500 587 1550 λόγον,
607 1499 624 1519 ¹³
637 1499 694 1537 τὸν
713 1499 918 1550 Ἀμὸακοὺμ
948 1502 995 1543 εἷς
1026 1500 1130 1550 μέσον

111 1562 277 1613 παράγων
297 1563 431 1612 βοῶντα
448 1561 506 1599 καὶ
523 1560 668 1612 λέγοντα
679 1591 688 1608 ,
704 1560 757 1598 ὅτι
775 1560 852 1599 οὐδὲ
872 1560 921 1598 ἔνι
940 1562 1053 1604 ἄλλως
1069 1564 1129 1613 ζῇν

110 1624 166 1662 τὸν
189 1623 361 1673 μέλλοντα
387 1621 568 1669 ζήσεσθαι,
586 1622 662 1659 ἀλλ’
685 1621 707 1666 ἢ
728 1621 783 1658 διὰ
807 1621 968 1664 πίστεως.
989 1621 1033 1660 ‘O
1062 1622 1129 1674 γὰρ

110 1684 258 1729 δίκαιος,
280 1682 394 1734 φησὶν,
418 1685 456 1720 ἐκ
484 1682 632 1724 πίστεως
654 1681 816 1728 ζήσεται,
847 1682 926 1733 περὶ
953 1685 1015 1728 τῆς
1045 1685 1128 1734 μελ-

108 1745 233 1790 λούσης
257 1743 367 1794 λέγων
387 1746 487 1789 ζωῆς.
503 1742 648 1789 Ἐπειδὴ
673 1742 741 1795 γὰρ
763 1742 851 1796 ἅπερ
871 1746 888 1780 ὁ
908 1742 996 1785 Θεὸς
1025 1744 1127 1796 χαρί-

107 1807 201 1848 ζεται
216 1834 225 1848 ,
246 1804 361 1842 πάντα
391 1802 591 1854 ὓπερὲαίνει
613 1803 793 1853 λογισμὸν,
816 1804 957 1846 εἰκότως
975 1804 1125 1848 πίστεως

106 1867 188 1914 ἡμῖν
204 1865 266 1901 δεῖ.
288 1863 331 1901 ‘O
351 1863 386 1901 δὲ
407 1868 420 1884 ⁶
433 1863 654 1913 κατοιόμενος
671 1863 731 1900 καὶ
756 1862 1018 1916 καταφρονητὴς
1035 1864 1121 1916 ἀνὴρ

105 1926 163 1963 καὶ
184 1925 319 1969 ἀλαζὼν
337 1925 433 1963 οὐθὲν
459 1927 496 1962 οὐ
519 1925 565 1975 μὴ
588 1932 741 1977 περανεῖ.
766 1925 1001 1963 Ἀκουέτωσαν
1021 1927 1051 1963 οἱ
1068 1927 1121 1963 αἱ-

106 1986 232 2037 ρετικοὶ
257 1990 318 2032 τῆς
337 1989 574 2036 πνευματικῆς
601 1989 727 2038 φωνῆς.
749 1985 902 2032 Τοιαύτη
924 1985 991 2037 γὰρ
1010 1989 1032 2032 ἡ
1051 1990 1119 2024 τῶν

102 2049 278 2098 λογισμῶν
298 2047 415 2098 φύσις·
437 2046 633 2099 λαὲυρίνθῳ
658 2046 726 2084 τινὶ
749 2046 808 2084 καὶ
836 2046 969 2098 γρίφοις
997 2046 1118 2095 ἔοικεν,

102 2107 198 2144 οὐδὲν
228 2108 378 2156 οὐδαμοῦ
395 2107 490 2149 τέλος
511 2105 654 2158 ἔχουσα,
685 2106 761 2145 οὐδὲ
791 2110 930 2159 ἀφιεῖσα
949 2107 1006 2145 τὸν
1025 2108 1119 2159 λογι-

101 2168 186 2217 σμὸν
207 2168 347 2206 ἑστάναι
369 2168 426 2206 ἐπὶ
440 2172 502 2214 τῆς
517 2168 664 2220 πέτρας,
680 2168 738 2205 καὶ
763 2167 825 2214 τὴν
846 2167 958 2220 ἀρχὴν
978 2167 1011 2212 ἐξ
1031 2170 1117 2206 ἀλα-

99 2229 227 2273 ζονείας
252 2229 490 2280 λαμὸοίνουσα.
519 2229 769 2280 ΑἷσΑυνόμενοι
788 2230 853 2280 γὰρ
870 2228 950 2267 ἀέπὶ
978 2231 1028 2280 τῷ
1048 2245 1116 2267 πα-

100 2290 305 2342 ραδέχεσθαι
323 2289 438 2328 πίστιν
459 2289 517 2327 καὶ
532 2290 641 2327 δοκεῖν
662 2291 794 2340 ἀγνοεῖν
818 2289 863 2327 τὰ
882 2289 1047 2341 οὐράνια,
1069 2292 1116 2334 εἰς

96 2351 269 2402 κονιορτὸν
307 2349 448 2392 ἑαυτοὺς
486 2349 616 2402 μυρίων
657 2351 834 2400 λογισμῶν
868 2350 1114 2400 ἐμὸοίλλουσιν.

94 2405 203 2457 Εἶτα,
217 2410 314 2448 ἄθλιε
332 2409 391 2448 καὶ
406 2409 607 2461 ταλαίπωρε
625 2409 685 2447 καὶ
701 2409 833 2460 μυρίων
854 2409 926 2454 ἄξιε
945 2410 1114 2462 δακρύων,

96 2471 136 2508 ἃν
158 2470 218 2521 μέν
240 2470 291 2514 τίς
318 2486 356 2508 σε
387 2470 528 2523 ἔρηται,
554 2473 629 2514 πῶς
659 2473 677 2508 ὁ
697 2471 836 2523 οὐρανὸς
858 2471 1008 2522 γέγονεν,
1028 2472 1111 2510 emti

99 2533 171 2572 πῶς
200 2535 222 2576 ἡ
242 2533 307 2581 γῆ·
327 2530 361 2568 τί
379 2531 470 2581 λέγω
500 2530 557 2568 τὸν
588 2531 729 2582 οὐρανὸν
753 2531 814 2569 καὶ
841 2532 903 2579 τὴν
936 2535 1019 2584 γῆν,
1037 2535 1111 2577 πῶς

99 2591 198 2634 αὐτὸς
228 2591 392 2643 ἐτέχθης,
419 2595 493 2635 πῶς
513 2592 664 2644 ἐτράφης
690 2593 749 2630 καὶ
776 2593 944 2642 ηὖξήθης,
965 2597 1025 2633 οὐκ
1058 2597 1111 2633 αἰ-

99 2652 208 2704 σχύνῃ
236 2652 299 2698 τὴν
318 2652 474 2704 ἄγνοιαν,
497 2652 556 2691 ἐὰν
577 2653 612 2691 δὲ
640 2654 720 2705 περὶ
738 2658 797 2693 τοῦ
817 2656 1032 2707 Μονογενοῧς
1056 2656 1112 2708 γί-

97 2713 197 2759 νηταί
228 2729 279 2757 τις
311 2712 429 2764 λόγος,
449 2714 493 2750 δι’
513 2712 681 2765 αἰσχύνην
713 2716 759 2757 εἷς
790 2715 962 2768 βάραθρον
990 2718 1109 2755 ἑαυτὸν

95 2774 280 2823 ἐμὸάλλεις
298 2772 471 2817 ἀπωλείας
485 2804 494 2821 ,
511 2773 647 2817 ἀνάξιον
674 2778 808 2827 σεαυτῷ
828 2776 974 2827 νομίζων
994 2778 1033 2816 τὸ
1061 2778 1108 2828 μὴ

94 2834 206 2871 πάντα
234 2833 378 2882 εἰδέναι,
398 2834 464 2872 Καὶ
481 2832 548 2884 μὴν
571 2834 709 2879 ἀνάξιον
725 2839 746 2882 ἡ
765 2837 976 2888 φιλονεικία,
993 2838 1052 2876 καὶ
1071 2838 1110 2876 τὸ

94 2899 392 2949 πολυπραγμονεῖν
422 2900 586 2951 ἀκαίρως.
606 2901 676 2939 Καὶ
706 2901 739 2939 τί
758 2902 849 2954 λέγω
870 2904 950 2956 περὶ
979 2904 1109 2955 δογμά-

136 3036 149 3050 a
173 3027 246 3058 Duo
261 3027 335 3059 Mss.
350 3029 439 3070 [cum
456 3031 494 3061 Α.
507 3038 540 3062 et
556 3042 660 3074 marg.
677 3031 796 3074 Savil.]
813 3039 970 3075 γενομένας
988 3037 1090 3070 οὕτως.

93 3084 124 3115 ἃς
137 3075 291 3121 ἑέραὶοις,
306 3087 370 3111 ete.
383 3079 473 3124 [Mox
489 3083 527 3113 A.
538 3085 646 3120 δεικνύς
660 3093 721 3124 pro
738 3086 870 3118 δείκνυσι.
895 3084 987 3116 Infra
1005 3083 1093 3116 idem

91 3138 124 3161 ct
141 3140 243 3172 marg.
261 3129 362 3164 Savil.
380 3139 488 3177 πόρνης
502 3144 564 3174 Pro
579 3130 689 3175 bada]

134 3181 150 3204 b
174 3181 246 3212 Duo
263 3182 339 3213 Mss.
359 3184 464 3215 nostri
479 3190 528 3218 τὸν
553 3183 736 3229 Ᾰμδακούμ,
752 3186 842 3220 Editi
868 3192 926 3227 τὸν,
943 3195 1091 3235 Σορονίαν,

91 3230 174 3263 male
189 3244 194 3261 :
214 3243 290 3263 nam
306 3232 360 3264 hic
376 3235 508 3276 respicit
522 3235 780 3280 Chrysostomus
792 3238 903 3272 locum
916 3239 1008 3272 illum
1023 3243 1091 3273 Ha-

90 3281 194 3314 bacun
217 3282 386 3324 prophetae
400 3286 432 3325 2,
444 3287 481 3318 4:
499 3290 513 3319 ὸ
529 3289 558 3319 δὲ
573 3290 681 3325 δίκαιός
695 3304 753 3331 μου
771 3295 801 3323 ἐκ
819 3295 941 3330 πίστεως
955 3299 1086 3332 ζήσεται.

91 3333 258 3375 Interpres
276 3334 634 3381 vetuslegitssssemobffi.
652 3340 804 3386 [Σορονίαν
817 3343 869 3381 Α.,
884 3350 918 3374 et
931 3341 1018 3376 idem
1036 3356 1089 3376 su-

88 3395 146 3425 pra
165 3390 213 3418 καί
229 3392 304 3426 post
321 3390 462 3431 θεώρημα
487 3389 640 3431 omittit]
658 3390 786 3424 Ibidem
810 3394 887 3425 Mss.
909 3398 977 3427 ἀλλ’
994 3400 1011 3434 ἣ
1028 3398 1087 3435 διά,

91 3433 204 3467 melius
227 3447 325 3478 quam
342 3440 432 3480 prius
449 3437 539 3471 Editi
554 3444 634 3474 ἀλλὰ
651 3444 710 3475 διά.

1157 601 1183 629 Α
1205 597 1403 647 confirmat,
1421 612 1462 636 ac
1477 599 1592 658 primo
1611 599 1757 650 quidem
1784 600 1885 639 brevi
1909 601 2004 639 dieto
2036 602 2187 640 immen-

1203 669 1283 692 sum
1306 655 1536 694 historiarum
1564 657 1710 709 pelagus
1743 658 1872 696 intueri
1906 660 2039 698 valenti
2059 661 2184 713 aperit.

1203 715 1294 752 Cum
1312 715 1460 754 dixisset
1478 717 1587 764 enim,
1608 718 1766 769 Exfide
1784 720 1968 771 instdem,
1988 721 2185 759 auditorem

1202 775 1336 813 remisit
1350 775 1396 813 ad
1409 777 1721 824 oeconomiasillas,
1737 792 1756 814 a
1770 780 1844 816 Deo
1863 779 1899 817 in
1916 781 2038 820 Veteri
2059 784 2184 820 Testa-

1203 845 1320 874 mento
1333 837 1456 887 factas,
1473 851 1560 887 quas
1577 837 1624 875 ad
1637 838 1804 876 Hebraeos
1813 840 1982 891 scribens,
1995 856 2077 879 cum
2095 844 2185 881 mul-

1202 904 1236 933 ta
1254 896 1423 947 sapientia
1444 905 1597 945 enarrat,
1618 905 1724 946 atque
1743 898 1850 935 etiam
1876 909 1958 938 tunc
1977 911 2010 938 et
2025 904 2134 954 justos
2152 913 2185 942 et

1200 965 1398 1007 peccatores
1407 957 1619 1008 justificatos
1635 957 1786 994 ostendit
1802 974 1809 994 :
1828 971 2041 1012 quapropter
2059 973 2091 1001 et
2113 965 2184 1001 Ra-

1201 1017 1246 1053 ab
1261 1026 1294 1054 et
1309 1017 1490 1054 Abraham
1506 1018 1726 1056 memoravit.
1739 1020 1862 1056 Postea
1881 1031 2012 1070 autem,
2025 1038 2107 1061 cum
2126 1024 2184 1062 hie

1201 1075 1317 1112 solum
1335 1075 1373 1112 id
1393 1075 1648 1112 subimlicasset
1663 1079 1764 1124 (nam
1783 1077 1829 1114 ad
1850 1078 1957 1116 aliam
1972 1083 2184 1133 contempla-

1200 1135 1331 1173 tionem
1343 1150 1449 1174 cursu
1463 1136 1576 1174 veloci
1597 1136 1817 1186 festinabat),
1828 1153 1847 1176 a
1865 1140 2046 1192 prophetis
2060 1156 2184 1181 rursus

1201 1199 1353 1236 sermoni
1373 1198 1480 1236 fidem
1494 1199 1672 1247 conciliat,
1685 1200 1721 1237 in
1741 1201 1900 1240 medium
1916 1203 2095 1243 adducens
2115 1206 2184 1243 Ha-

1155 1265 1177 1294 Β
1200 1260 1313 1297 bacuc
1340 1260 1551 1298 clamantem
1582 1269 1615 1298 et
1643 1260 1830 1310 dicentem,
1844 1277 1912 1301 non
1943 1279 2046 1315 posse
2063 1265 2185 1305 vivere

1201 1334 1281 1358 eum
1300 1320 1361 1372 qui
1375 1320 1535 1360 victurus
1550 1321 1687 1370 est,nisi
1708 1336 1767 1373 per
1786 1323 1908 1362 fidem.
1924 1325 2016 1363 Nam
2032 1327 2182 1373 Iustus,

1200 1382 1330 1433 inquit,
1343 1397 1390 1420 ex
1393 1383 1481 1434 fide
1499 1386 1620 1432 vivet,
1631 1383 1675 1421 de
1693 1384 1813 1422 futura
1829 1385 1976 1436 loquens
1988 1387 2072 1426 vita.
2089 1388 2182 1435 Quia

1198 1442 1293 1481 enim
1311 1457 1389 1493 quae
1400 1445 1496 1481 Deus
1510 1444 1692 1495 elargitur,
1710 1459 1850 1483 omnem
1864 1447 2110 1497 cogitationem
2126 1463 2183 1487 su-

1197 1515 1333 1557 perant,
1342 1507 1424 1558 jure
1441 1505 1513 1543 fide
1531 1521 1620 1558 opus
1632 1506 1816 1545 habemus.
1833 1508 1902 1547 Vir
1921 1518 2039 1546 autem
2057 1511 2182 1561 pervi-

1197 1581 1275 1613 cax,
1292 1577 1486 1605 contemtor
1497 1577 1530 1605 et
1548 1569 1827 1620 arrogans,nihil
1837 1569 2006 1620 perficiet.
2020 1570 2180 1609 Audiant

1196 1626 1350 1665 haeretiei
1364 1627 1586 1679 spiritualem
1605 1642 1742 1666 vocem.
1759 1629 1861 1666 Talis
1874 1639 1924 1667 est
1941 1630 2036 1668 enim
2048 1631 2181 1682 cogita-

1194 1687 1332 1724 tionum
1350 1696 1476 1725 natura
1497 1703 1504 1723 :
1523 1688 1731 1739 labyrintho
1751 1689 1894 1727 cuidam
1924 1699 1957 1728 et
1973 1690 2113 1743 griphis
2133 1691 2180 1729 si-

1193 1748 1289 1785 milis
1305 1757 1368 1796 est,
1383 1749 1525 1786 nullum
1540 1749 1649 1786 finem
1678 1749 1826 1800 habens,
1849 1765 1912 1788 nee
1926 1752 2043 1789 sinens
2060 1751 2096 1790 in
2118 1768 2180 1804 pe-

1191 1817 1246 1846 tra
1257 1809 1503 1861 cogitationem
1519 1809 1721 1860 consistere,
1745 1810 2035 1863 principiumque
2047 1812 2181 1850 habens

1190 1870 1235 1908 ab
1247 1871 1459 1922 arrogantia.
1489 1871 1580 1908 Cum
1594 1870 1687 1908 enim
1703 1871 1836 1923 pudeat
1864 1873 1944 1911 illos
1958 1873 2066 1912 fidem
2083 1874 2180 1912 acci-

1189 1947 1284 1984 pere,
1305 1947 1347 1970 ne
1359 1932 1548 1971 videantur
1567 1932 1728 1983 ignorare
1752 1933 1916 1983 caelestia,
1934 1949 2007 1972 sese
2027 1935 2062 1972 in
2077 1936 2176 1973 mille

1142 1992 1165 2022 C
1189 1990 1442 2041 cogitationum
1461 1991 1645 2042 pulverem
1665 1990 1870 2042 conjiciunt.
1889 1993 2002 2043 Itane,
2018 1993 2126 2031 miser
2143 2003 2179 2031 et

1187 2051 1324 2100 infelix,
1345 2061 1450 2102 atque
1473 2051 1622 2089 infinitis
1641 2051 1771 2102 dignus
1791 2052 1973 2105 lacrymis,
1991 2053 2020 2091 si
2044 2055 2123 2104 quis
2137 2064 2170 2092 te

1187 2112 1388 2164 interroget,
1415 2111 1592 2162 quomodo
1611 2112 1737 2151 caelum
1760 2113 1892 2151 factum
1918 2114 1975 2163 sit,
1998 2116 2175 2166 quomodo

1185 2182 1297 2223 terra3
1320 2173 1409 2224 quid
1422 2172 1503 2210 <lico
1528 2173 1655 2210 caelum
1668 2181 1701 2210 et
1724 2174 1879 2211 terram?
1894 2175 2073 2225 quomodo
2100 2176 2177 2228 ipse

1185 2243 1288 2274 natus
1307 2235 1368 2285 sis,
1389 2234 1568 2285 quomodo
1588 2233 1741 2272 nutritus
1761 2243 1794 2271 et
1812 2244 1952 2285 auctus,
1973 2250 2041 2274 non
2057 2246 2091 2276 te
2108 2253 2177 2290 pu-

1183 2295 1242 2333 det
1268 2295 1500 2347 ignorantiae?
1532 2294 1562 2332 si
1586 2308 1672 2332 vero
1693 2294 1737 2332 de
1758 2294 1953 2347 Unigenito
1975 2311 2089 2336 sermo
2111 2299 2172 2347 sit,

1181 2371 1254 2409 prae
1263 2356 1401 2409 pudore
1408 2365 1442 2395 te
1452 2357 1488 2394 in
1497 2356 1710 2394 barathrum
1720 2356 1885 2409 perniciei
1900 2358 2060 2411 conjicis,
2077 2360 2174 2410 quod

1182 2426 1215 2456 te
1229 2417 1418 2469 indignum
1430 2426 1532 2469 putes
1553 2431 1622 2455 non
1634 2418 1751 2455 omnia
1764 2417 1878 2456 scire?
1899 2419 2010 2470 Atqui
2026 2420 2175 2472 indigna

1181 2478 1299 2531 potius
1317 2492 1372 2516 res
1386 2487 1435 2515 est
1452 2477 1628 2515 contentio
1648 2486 1680 2515 et
1697 2477 1946 2530 intempestiva
1963 2480 2164 2519 euriositas.

1181 2538 1322 2590 Ecquid
1333 2538 1377 2576 (le
1393 2539 1622 2590 dogmatibus
1643 2538 1794 2588 loquor?
1811 2539 1869 2577 Ex
1887 2541 2068 2591 praesentis
2083 2542 2167 2579 vitae

1181 2599 1339 2650 nequitia
1368 2613 1437 2636 non
1460 2599 1529 2636 alio
1550 2598 1655 2636 modo
1676 2599 1882 2646 liberamur,
1902 2614 2009 2650 quam
2034 2615 2096 2652 per
2116 2602 2166 2639 fi—

1134 2657 1158 2686 D
1180 2660 1276 2697 dem.
1300 2659 1360 2698 Sic
1374 2673 1492 2696 omnes
1511 2658 1618 2711 prisci
1634 2658 1687 2695 illi
1703 2658 1773 2696 viri
1794 2659 1962 2707 claruere,
1988 2660 2039 2697 sic
2054 2661 2170 2699 Abra-

1181 2721 1277 2768 ham,
1297 2719 1348 2757 sic
1371 2720 1482 2769 Isaac,
1501 2719 1552 2757 sic
1562 2719 1672 2758 Jacob
1688 2734 1699 2769 3
1718 2718 1768 2756 sic
1790 2728 1823 2756 et
1838 2720 2007 2757 meretrix
2021 2719 2170 2759 salutem

1182 2789 1395 2831 consequuta
1414 2789 1478 2826 est,
1496 2780 1577 2817 etin
1596 2779 1718 2819 Veteri
1734 2788 1765 2817 et
1780 2779 1816 2816 in
1836 2781 1940 2818 Novo
1961 2783 2168 2820 Testamen-

1181 2853 1229 2881 to.
1263 2843 1356 2880 Nam
1375 2843 1424 2878 ait
1441 2856 1447 2876 :
1464 2841 1564 2878 Fide
1599 2842 1710 2878 Raab
1741 2843 1920 2879 meretrix
1955 2855 2032 2878 non
2055 2845 2169 2894 periit
2188 2854 2367 2884 (leh.11.31.

1171 2917 1258 2942 cum
1293 2901 1516 2950 incredulis,
1555 2901 1818 2952 exploratores
1855 2904 2062 2954 excipiens.
2090 2904 2167 2941 Non

1204 3042 1216 3056 ⁰
1242 3038 1431 3073 κατοιᾰμενος
1445 3041 1482 3063 ex
1499 3036 1657 3073 κατοὶομαι
1671 3054 1678 3065 ,
1695 3041 1775 3062 voce
1801 3041 1891 3071 rara,
1907 3041 1978 3073 quae
1994 3030 2084 3074 apud
2101 3033 2169 3064 Ha-

1159 3081 1265 3115 hacne
1288 3081 1407 3127 legitur
1431 3095 1460 3114 c.
1483 3084 1514 3122 2,
1536 3093 1570 3115 v.
1596 3084 1627 3121 5,
1651 3080 1814 3125 significat
1836 3090 2066 3125 arrogantem,
2090 3095 2167 3126 per-

1159 3136 1326 3178 vicacem,
1356 3134 1547 3167 insolentem
1575 3133 1696 3168 virum.
1722 3134 1817 3166 Infra
1847 3138 2012 3180 λαὸυρίνθῳ
2041 3140 2096 3170 τινὶ
2118 3143 2168 3171 καὶ

1159 3193 1283 3233 γρίφοις.
1300 3195 1404 3232 Γρῖρος
1430 3186 1594 3230 significat
1615 3184 1752 3229 aenigma
1777 3185 1828 3219 vel
1850 3197 2035 3219 sermonem
2056 3187 2167 3230 impli-

1157 3240 1271 3270 citum.
1289 3237 1434 3279 Griphus
1451 3238 1513 3272 hoc
1528 3249 1622 3270 sensu
1639 3237 1756 3281 legitur
1770 3236 1858 3281 apud
1875 3237 1993 3271 Aulum
2010 3239 2163 3272 Gellium.

1156 3290 1252 3332 [Mox
1270 3291 1307 3322 Α.
1326 3292 1406 3323 οὐδὲν
1422 3294 1453 3323 οὗ
1466 3296 1509 3333 μὴ
1525 3289 1669 3336 nepai-³31]

1201 3342 1216 3366 [ἰ
1242 3341 1303 3373 Alii
1317 3346 1363 3375 ἐπὶ
1378 3349 1423 3376 τό.

1199 3399 1210 3412 ²
1235 3391 1296 3424 Alii
1312 3397 1328 3430 ἡ
1345 3402 1405 3430 πῶς
1423 3397 1439 3429 ἦ
1458 3401 1506 3433 γῆ.
