2502 3810
696 264 741 294 IN

102 341 209 393 θάπερ
236 342 303 394 γάρ
335 358 388 386 τις
420 343 579 394 βασιλεὺς
609 345 838 397 ναυμαχήσας
864 347 925 384 καὶ
951 346 1116 393 νικήσας,

100 401 260 440 ἐπέὸαινε
290 405 352 449 τῆς
383 404 662 454 βασιλικωτάτης
695 406 826 453 ἐκείνης
858 407 1003 450 πόλεως.
1027 405 1116 458 Περὶ

99 463 228 501 τούτων
268 463 428 516 ἔγραφεν,
459 465 672 516 Ἐλεύσομαι
717 468 776 505 καὶ
806 467 1117 519 συναναπαύσομαι

99 527 179 573 ὑμῖν
199 525 234 562 ἐν
254 525 466 576 πληρώματι
485 527 640 579 εὐλογίας
654 531 713 566 τοῦ
734 529 951 579 εὐαγγελίου·
971 529 1029 566 καὶ
1046 528 1116 566 πά-

99 586 165 633 λιν,
188 584 388 638 Πορεύομαι
420 587 634 633 διακονήσων
666 590 712 631 εἷς
731 587 972 641 Ἰερουσαλήμ.
1004 588 1117 626 Τοῦτό

100 648 204 692 ἐστιν,
241 645 325 697 ὅπερ
360 647 495 697 ἔλεγεν,
524 647 781 696 Ἐλεημοσύνας
811 649 965 694 ποιήσων
997 651 1044 692 εἷς
1077 648 1116 686 τὸ

100 705 193 749 ἔθνος
212 721 298 756 μου,
324 707 580 758 παρεγενόμϊν.
608 708 814 760 Εγγύτερος
835 713 877 756 ἠν
909 709 1028 747 λοιπὸν
1055 724 1115 746 του

101 766 284 818 στεφάνου·
306 767 444 812 ἐδέξατο
464 769 565 807 αὐτὸν
580 772 601 815 ἡ
618 769 743 820 Ῥώμη
763 769 955 819 δεδεμένον,
974 769 1035 807 καὶ
1049 763 1116 807 εἶδε

100 828 362 879 στεφανωθέντα
382 845 440 866 και
459 829 755 881 ἀνακηρυχθέντα.
772 829 869 867 Ἐκεῖ
886 829 1116 867 Συναναπαύ-

99 903 204 937 σομαι
217 891 309 938 ὑμῖν,
326 888 403 940 ἔφη.
420 889 592 927 Ἐνταῦθα
606 889 817 941 πορεύομαι,
834 888 1047 934 διακονήσων
1069 891 1116 932 εἷς

99 948 342 1000 Ἰερουσαλήμ.
362 950 414 987 Τὸ
433 949 469 988 δὲ
497 949 586 1000 ἀρχὴ
609 953 668 987 τοῦ
698 949 825 1000 δρόμου
854 949 959 986 πάλιν
979 944 1034 996 ἦν,
1054 949 1114 986 καὶ

100 1008 250 1059 τρόπαια
265 1009 444 1061 τροπαίοις
473 1012 660 1056 συνῆπτεν,
677 1009 946 1055 ἀκατάπληκτος
966 1009 1025 1047 ὤν.
1045 1009 1115 1047 Κό-

100 1072 210 1120 ρινθος
234 1069 334 1106 αὐτὸν
363 1069 514 1120 κατέσχε
534 1069 592 1107 δύο
619 1069 699 1115 ἔτη,
728 1069 787 1106 καὶ
806 1068 904 1107 Ἀσία
930 1069 1026 1121 τρία,
1055 1069 1115 1107 καὶ

99 1128 187 1174 αὕτη
208 1129 266 1167 δύο
292 1130 377 1172 τέως
390 1159 399 1177 ,
417 1128 508 1167 ὥστε
531 1129 687 1181 δεύτερον
715 1129 823 1176 {wig-11
836 1159 846 1177 ‚
863 1129 920 1167 ὅτε
952 1130 1012 1168 καὶ
1043 1131 1115 1168 ἐτε-

97 1187 236 1234 λειώθη.
255 1189 314 1227 Ἐν
333 1193 376 1240 τῇ
400 1189 522 1241 πρώτῃ
545 1205 609 1240 μου
635 1188 827 1243 ἀπολογίᾳ,
860 1189 977 1241 φησιν,
1008 1189 1116 1235 οὐδείς

99 1264 158 1300 μοι
177 1249 467 1301 συμπαρεγένετο.
485 1249 589 1287 Οὕτω
623 1249 760 1302 διέφυγε
783 1250 882 1298 τότε,
912 1250 972 1288 καὶ
1000 1258 1116 1289 πᾶσαν

99 1309 281 1359 ἐμπλήσας
301 1309 363 1356 τὴν
397 1309 599 1360 οἰκουμένην
625 1313 684 1348 τοῦ
714 1310 952 1362 κηρύγματος,
973 1311 1116 1350 κατέλυ-

99 1385 157 1408 σεν
189 1370 276 1408 οὕτω
306 1371 363 1409 τὸν
403 1370 489 1422 βίον.
511 1371 558 1408 Τί
592 1371 767 1410 *ἐδούλου
802 1375 923 1422 μαθεῖν
950 1372 996 1411 τὰ
1027 1372 1116 1424 μετὰ

99 1436 232 1479 ταῦτα;
252 1432 408 1471 Τοιαῧτά
425 1433 500 1470 ἐστι
526 1435 688 1470 κάκεῖνα·
714 1432 839 1484 δεσμὰ,
859 1432 1024 1484 βάσανοι,
1045 1433 1117 1484 μά-

98 1508 185 1543 χαι,
201 1493 373 1545 φυλακαὶ,
396 1493 598 1541 ἐπιδουλαὶ,
620 1493 865 1546 συκοφαντίαι,
889 1493 1029 1532 θάνατοι
1045 1510 1114 1532 κα-

98 1552 287 1605 θημερινοί.
308 1547 409 1597 Εἶδες
439 1555 542 1592 αὐτοῦ
572 1553 694 1605 μικρὸν
724 1554 843 1606 μέρος,
859 1556 1024 1593 Τοιοῦτον
1045 1555 1114 1594 νόει
1136 1569 1159 1599 C

98 1613 210 1651 καὶτὸ
228 1614 362 1652 λοιπόν.
383 1614 524 1665 εὨσπερ
541 1613 599 1651 ἐπὶ
618 1619 678 1652 τοῦ
704 1616 862 1665 οὐρανοῦ,
883 1614 961 1652 ὅσον
982 1614 1022 1653 ἂν
1042 1615 1116 1667 ἴδῃς

98 1675 220 1722 αὐτοῦ,
237 1674 398 1713 τοσοῦτόν
419 1677 491 1713 ἐστι
512 1674 572 1712 καὶ
603 1674 642 1712 τὸ
675 1675 778 1713 ἄλλο·
800 1676 943 1727 οὐρανοῦ
973 1674 1041 1727 γὰρ
1074 1676 1114 1714 ἂν

97 1735 199 1787 μέρος
219 1737 325 1786 θεάσῃ
355 1735 403 1784 ἓν,
423 1735 508 1773 ὅπου
528 1735 568 1773 διν
590 1736 763 1787 ἀπέλθῃς,
779 1739 932 1774 τοιοῦτον
958 1737 1034 1789 ὄψει
1053 1737 1113 1775 καὶ

93 1796 133 1833 τὸ
150 1796 268 1834 λοιπόν
283 1811 290 1818 ·
311 1795 332 1842 ἢ
351 1797 508 1850 καθάπερ
522 1796 619 1843 ἡλίου
642 1797 704 1840 τὰς
730 1799 871 1840 ἀκτῖνας
895 1797 958 1835 κᾶν
979 1799 1020 1835 ἐκ
1049 1799 1113 1850 μέ-

99 1871 175 1908 ρους
196 1856 271 1908 ἴδῃς
283 1887 291 1902 ,
315 1857 467 1909 στοχάζῃ
486 1858 524 1894 ἐκ
540 1857 668 1895 τούτων
689 1852 757 1901 οἶος
776 1861 794 1896 ὃ
808 1857 924 1905 ἥλιος,
939 1858 1030 1897 οὕτω
1052 1860 1112 1898 καὶ

93 1918 152 1954 επι
165 1916 321 1955 Παύλου.
335 1918 410 1960 Τὰς
427 1917 569 1969 πράξεις
583 1911 695 1961 εἶδες’
681 1935 719 1957 εκ
736 1935 777 1969 με
765 1918 858 1971 ’ρους
873 1921 989 1966 αὐτου,
1001 1927 1112 1960 πᾶσαι

92 1982 249 2016 τοιαῦται
281 1978 513 2030 τυῃάνουσι,
548 1978 714 2017 κινδύνων
745 1979 926 2030 γέμουσαι.
955 1982 1113 2035 Οὐρανὸς

92 2041 133 2084 ἠν
150 2041 276 2082 ἐκεῖνος
290 2039 388 2084 ἥλιον
410 2038 628 2086 δικαιοσύνης
647 2039 751 2091 ἔχων,
772 2041 809 2077 οὐ
830 2057 998 2091 τοιουτον,
1013 2059 1112 2082 ωστε

92 2100 150 2137 καὶ
166 2103 335 2152 οὐρανου
330 2102 503 2138 Βελτίων
490 2119 508 2139 0
528 2101 627 2153 ἀνήρ.
642 2101 778 2155 Μικρὸν
798 2117 860 2140 οιει
876 2106 978 2142 τοῦτο
1006 2108 1110 2153 εἷναι;

93 2162 170 2198 Οὐκ
198 2161 307 2213 ἔγωγε
337 2156 449 2212 οἶμαι.

91 2222 217 2266 πάντες
238 2224 337 2261 αὐτὸν
365 2226 547 2262 ἐννοοῦσιν·
568 2223 649 2261 ὅταν
671 2224 881 2275 βαπτιστήν,
902 2225 1025 2269 εὐθέως
1052 2227 1110 2264 τὸν

92 2283 270 2330 Ἰωάννην.
287 2283 368 2322 Τίνι
388 2284 428 2322 ἄν
453 2300 505 2328 τις
520 2285 710 2337 παραὸάλῃ
728 2285 772 2324 τὰ
798 2285 928 2323 ἐκείνου
950 2287 1109 2338 ρήματα;

299 2344 320 2390 ἢ
348 2345 407 2382 καὶ
426 2346 589 2397 ὠκεανῷ,
605 2346 698 2383 Ἀλλ’

752 2345 803 2360 ΊΝῚ

91 2344 246 2396 θαλάσσῃ
265 2375 273 2387 ,
730 2356 825 2384 ουοεν
861 2345 949 2385 ἴσον.
978 2349 1109 2402 Πολλῷ

89 2404 218 2452 ταύτης
238 2404 470 2457 δαψιλέστερα
489 2404 559 2442 av&
587 2405 743 2457 ῥεύματα
764 2405 809 2444 τὰ
831 2406 970 2456 τούτου,
996 2413 1110 2448 καθα-

92 2465 223 2517 ρώτερα
242 2466 301 2504 καὶ
322 2466 491 2518 βαθύτερα
507 2495 517 2513 ,
540 2465 630 2504 ὥστε
658 2466 717 2504 καὶ
744 2467 920 2505 θάλασσαν
954 2469 1014 2508 καὶ
1047 2473 1107 2509 οὐ-

92 2526 189 2577 ρανὸν
204 2528 264 2565 οὐκ
277 2527 318 2564 ἄν
337 2543 389 2570 τις
405 2526 555 2578 ἁμάρτοι
577 2526 639 2574 τὴν
654 2527 798 2566 Παύλου
816 2527 962 2580 καρδίαν
981 2530 1103 2580 εἰπὼν,

90 2587 129 2624 τὸ
148 2585 209 2635 μὲν
230 2586 287 2624 διὰ
300 2586 340 2624 τὸ
357 2587 519 2638 καθαρὸν,
540 2587 580 2625 τὸ
608 2588 642 2625 δὲ
663 2587 719 2625 διὰ
748 2587 788 2625 τὸ
808 2588 908 2640 βαθύ.
931 2591 1106 2631 Θάλασσά

90 2648 195 2693 ἐστιν,
211 2647 273 2683 οὐκ
293 2646 360 2684 ἀπὸ
376 2647 508 2690 πόλεως
524 2649 571 2691 εἷς
584 2647 683 2686 πόλιν
699 2647 832 2699 ἄγουσα
846 2649 923 2694 τοὺς
938 2652 1106 2701 ἐμπλέον-

89 2722 168 2752 τας,
190 2708 266 2745 ἀλλ’
289 2707 356 2745 ἀπὸ
382 2710 445 2758 γῆς
475 2710 522 2751 εἷς
550 2708 712 2760 οὐρανόν·
733 2709 766 2747 εἴ
783 2725 836 2753 τις
853 2710 983 2758 ταύτην
1005 2715 1105 2754 πλέοι

89 2767 150 2814 τὴν
179 2767 368 2814 θάλασσαν,
401 2767 435 2811 ἐξ
463 2769 577 2820 οὐρίας
607 2768 807 2809 πλεύσεται.
834 2771 896 2809 Ἐν
929 2771 1037 2825 ταύτῖΙ
1057 2777 1102 2826 τῇ

88 2828 244 2879 θαλάσσῃ
268 2829 328 2866 οὒκ
347 2829 467 2879 ἄνεμοι
482 2859 491 2877 ,
514 2830 590 2868 ἀλλ’
608 2830 684 2867 ἀντὶ
701 2829 838 2880 ἀνέμων
853 2833 1000 2883 Πνεῦμα
1014 2838 1100 2874 θεῖον

87 2888 182 2939 ἅγιον
204 2889 265 2932 τὰς
282 2889 498 2939 ἐμπλεούσας
519 2890 750 2941 παραπέμπει
774 2893 906 2944 ψυχάς·
926 2895 990 2932 οὐκ
1008 2894 1101 2935 ἔστιν
1122 2911 1146 2940 Ε

87 2950 230 2986 ἐνταῦθα
246 2949 403 2999 κύματα,
424 2953 486 2988 οὐκ
508 2950 582 2988 ἔστι
602 2951 789 2999 σκόπελος,
801 2955 863 2991 οὐκ
882 2953 957 2992 ἔστι
973 2956 1100 3010 θηρία·

86 3009 198 3046 πάντα
218 3012 284 3060 γαλ
278 3010 363 3057 ηνά.
368 3011 579 3050 Θάλασσά’
565 3028 638 3050 εστι
652 3013 790 3063 λιμένος
807 3016 1021 3070 γαληνοτέρα
1040 3019 1100 3056 καὶ

87 3072 201 3108 ἅσσα)
195 3070 344 3122 εστέρα,
368 3071 461 3109 οὐδὲν
495 3073 692 3124 ἆλμυρὸν”
674 3090 689 3110 ε
691 3089 823 3125 χουσα
844 3075 974 3113 ἀλλαῦ
981 3079 1097 3129 πηγὴν

85 3130 211 3180 [καθαρ
216 3130 253 3167 αν
270 3131 376 3180 και]
355 3132 478 3177 ηδιστα
494 3132 636 3184 ῥέουσαν
652 3134 808 3184 νάματα,
822 3136 921 3181 ἡλίου
937 3139 1098 3192 λαμπρο-

87 3191 186 3240 τέραν
199 3206 286 3228 και
270 3205 282 3219 ‚-
272 3191 511 3243 ιειδεστέραν·
525 3193 708 3232 θάλασσά’
693 3210 779 3242 εστι,
789 3197 826 3232 οὖ
840 3195 988 3241 λίθους’
969 3213 1097 3250 εχουσα

131 3318 145 3332 ⁸
171 3314 282 3358 [Edni
301 3320 400 3360 βούλει
417 3325 533 3349 contra
550 3319 628 3352 Mss.
644 3321 805 3362 nostrOS.]

130 3379 141 3392 ⁵
167 3374 205 3402 τὰ
225 3370 362 3413 ῥεύματα
377 3366 478 3399 Savil.
496 3376 596 3401 recte.
615 3369 729 3402 Morel.
747 3376 786 3404 τὰ
800 3375 937 3414 ῥήματα.

130 3421 144 3442 ¹1
169 3420 273 3460 [Quae
289 3418 490 3461 inclusimus,
508 3419 628 3453 desunt
642 3422 677 3455 in
694 3422 836 3465 optimo.
857 3425 894 3457 A.
912 3427 948 3458 R.
965 3426 977 3469 (
992 3427 1024 3460 in
1040 3428 1077 3461 C,

776 264 892 295 ACTA
925 264 1243 296 APOSTOLORUM
1252 283 1261 293 .

479 2160 594 2200 εὈταν
624 2162 815 2201 ἀπόστολον
844 2163 960 2215 εἴπῃς,
987 2165 1111 2210 εὐθέως
1131 2182 1156 2212 D

2071 250 2163 308 453

1184 344 1296 395 fragio
1317 344 1456 382 erroris.
1477 344 1579 383 Sicut
1594 344 1688 382 enim
1711 358 1776 382 rex
1803 353 1882 396 post
1904 344 2067 383 navalem
2095 360 2168 397 pu-

1184 419 1290 457 gnam
1305 414 1338 442 et
1354 405 1558 453 victoriam,
1587 405 1623 443 in
1643 405 1868 458 splendidam
1887 405 1988 443 illam
2016 406 2170 457 regiam-

1184 481 1251 517 que
1270 467 1395 504 urbem
1407 467 1585 518 ingressus
1601 476 1663 516 est.
1685 468 1739 504 De
1747 467 1804 504 his
1816 467 1984 516 scribens,
2004 467 2145 505 dicebat
2161 483 2169 504 ε

1300 246 1473 294 nomn„¹
1495 263 1570 295 ΙΝ.

1192 528 1367 575 Veniam,
1401 536 1434 564 et
1455 527 1641 565 vobiscum
1661 527 1838 577 quiescam
1858 530 1900 564 in
1928 528 2170 579 plenitudine
2185 538 2272 566 Rom.
2293 539 2338 567 15.

1189 588 1464 625 benedictionis
1498 589 1694 639 evangelii5
1728 598 1761 626 et
1791 603 1926 637 rursus,

1187 655 1379 685 straturus
1393 651 1433 684 in
1448 648 1680 685 Jerusalem.
1704 649 1780 686 Hoc
1802 658 1864 697 est,
1885 649 1983 699 quod
2001 649 2168 688 dicebat:

1960 591 2021 627 EO
2057 593 2167 627 mini
2184 587 2264 648 ῗῗίτί.
2278 632 2305 647 v
2321 632 2372 648 2».

1186 708 1223 743 E
1227 707 1364 745 leemos
1362 721 1471 756 ιγηαε
1474 709 1662 759 facturus
1677 711 1782 759 genti
1796 723 1901 755 meae,
1918 711 2073 747 adveni.
2089 712 2169 749 Jam
2184 722 2255 749 Act,
2271 721 2321 760 24'·

1187 780 1297 819 prope
1325 777 1397 804 erat
1417 777 1455 804 ut
1485 781 1652 805 coronam
1684 769 1857 820 acciperet
1878 785 1886 805 :
1910 770 2048 822 excepit
2069 770 2173 808 illum
2189 770 2234 799 ¹7·

1186 827 1298 864 Roma
1316 827 1478 864 vinctum
1489 856 1498 873 ‚
1517 827 1678 878 viditque
1694 838 1903 867 coronatum
1921 839 1954 867 et
1968 831 2168 882 proclama-

1186 895 1273 923 tum.
1287 887 1367 924 Illic.
1383 889 1585 924 Vobiscum
1600 890 1809 938 quiescam,
1824 889 1953 938 inquit.
1971 891 2095 929 Isthuc
2108 906 2170 929 va·
2186 894 2270 924 Rom·
2297 897 2341 924 ¹5-

1185 945 1242 993 do,
1258 946 1525 983 ministraturus
1540 946 1575 983 in
1588 947 1796 985 Jerusalem.
1809 949 1885 986 Hoc
1897 959 2015 987 autem
2026 951 2170 988 initium
2183 936 2222 964 3²

2290 979 2325 1004 ΡΛ
2332 990 2346 1005 ιι
2353 980 2371 1006 li

1184 1019 1308 1043 cursus
1316 1007 1443 1043 iterum
1459 1015 1544 1055 erat,
1557 1015 1590 1044 et
1603 1016 1734 1058 tropaea
1744 1009 1883 1059 tropaeis
1895 1009 2062 1059 addebat,
2071 1011 2169 1049 inex-
2183 1018 2300 1046 itinera.

1185 1063 1390 1114 pugnabilis
1401 1078 1482 1102 cum
1493 1074 1595 1105 esset.
1608 1066 1801 1103 Corinthus
1809 1067 1912 1103 illum
1919 1066 2074 1105 detinuit
2083 1068 2171 1107 duo-

1185 1122 1254 1159 bus
1278 1123 1391 1171 annis,
1409 1124 1493 1161 Asia
1509 1125 1640 1173 tribus,
1660 1127 1773 1164 Roma
1799 1126 1952 1175 duobus,
1965 1142 2035 1178 quo
2051 1142 2172 1167 secun-

1185 1181 1230 1220 do
1243 1183 1353 1230 venit,
1367 1184 1509 1234 quando
1523 1196 1788 1224 consummatus
1803 1196 1866 1225 est.
1886 1190 1935 1225 In
1947 1191 2076 1239 prima
2085 1204 2171 1228 mea
2184 1194 2213 1214 2·
2244 1189 2320 1214 TW·
2337 1189 2369 1224 4·

1185 1245 1428 1297 defensione,
1460 1246 1597 1297 inquit,
1634 1249 1764 1287 nullus
1798 1251 1894 1287 mihi
1922 1251 2075 1290 aderat.
2111 1252 2171 1290 Sic

1185 1319 1279 1342 nune
1298 1306 1437 1357 effugit,
1457 1316 1491 1344 et
1517 1322 1598 1345 cum
1617 1317 1732 1347 totum
1758 1309 1939 1361 implesset
1957 1311 2101 1361 orbem,
2121 1312 2171 1351 sic

1185 1365 1296 1404 vitam
1317 1367 1447 1406 finivit.
1477 1369 1575 1414 Quid
1595 1370 1739 1408 volebas
1759 1370 1895 1408 discere
1922 1385 2000 1422 quae
2019 1386 2172 1423 sequun-

1185 1426 1268 1464 tur?
1284 1427 1388 1465 Talia
1402 1438 1495 1478 sunt,
1512 1430 1632 1480 qualia
1648 1430 1767 1482 priora
1786 1431 1965 1481 :vincu1a,
1981 1441 2169 1482 tormenta,

1185 1502 1328 1540 pugnae,
1354 1504 1523 1539 carceres,
1551 1491 1703 1542 insidiae,
1722 1492 1976 1545 sycophantiae,
1992 1494 2170 1545 quotidia-

1184 1563 1237 1586 nae
1268 1560 1413 1589 mortes.
1436 1551 1574 1591 Vidisti
1607 1552 1706 1590 illius
1737 1567 1888 1605 parvam
1918 1555 2081 1606 partem?
2110 1556 2171 1594 Sic

1185 1610 1315 1661 cogites
1343 1611 1481 1662 reliqua
1507 1627 1542 1650 se
1572 1613 1716 1651 habere.
1752 1614 1853 1652 Sicut
1871 1615 1909 1652 in
1929 1615 2016 1653 coelo
2043 1630 2170 1667 quam-

1184 1684 1338 1721 cumque
1362 1672 1501 1711 videris
1531 1683 1688 1725 partem,
1721 1675 1791 1712 tale
1822 1684 1856 1713 et
1882 1676 2061 1727 reliquum
2088 1686 2168 1715 est:

1184 1732 1261 1770 caeli
1281 1733 1374 1771 enim
1393 1748 1500 1772 unam
1512 1744 1650 1786 panem
1669 1735 1808 1785 videns,
1826 1751 2053 1788 quocumque
2071 1738 2168 1787 ieris,

1183 1794 1407 1833 tantumdem
1439 1796 1579 1835 videbis
1596 1812 1604 1833 ε
1621 1797 1680 1835 vel
1708 1797 1800 1835 sicut
1822 1798 1907 1835 solis
1928 1797 2047 1837 radios
2073 1799 2103 1837 si
2124 1813 2169 1837 ex

1183 1865 1283 1908 parte
1311 1857 1459 1906 videris,
1482 1858 1567 1896 hinc
1586 1859 1733 1910 conjicis
1752 1860 1869 1910 qualis
1890 1860 1942 1898 sol
1956 1860 2003 1899 sit
2021 1876 2030 1897 z
2049 1861 2101 1899 sic
2123 1861 2168 1900 de

1182 1917 1293 1954 Paulo
1308 1917 1511 1956 dicendum.
1528 1919 1617 1971 Ejus
1631 1929 1708 1957 acta
1720 1921 1853 1972 partim
1872 1920 1997 1960 vidisti
2016 1937 2026 1958 τ
2045 1922 2167 1961 omnia

1181 1976 1250 2015 alia
1265 1978 1396 2016 similia
1413 1988 1506 2028 sunt,
1517 1979 1685 2031 periculis
1695 1981 1813 2032 plena.
1824 1981 1890 2019 Ille
1897 1982 2024 2020 caelum
2031 1991 2105 2020 erat
2112 1996 2167 2021 so·

1180 2036 1250 2074 lem
1254 2052 1267 2089 J
1273 2039 1369 2077 ustiti
1374 2039 1554 2088 aehabens,
1565 2054 1636 2078 non
1643 2041 1830 2092 vulgarem
1836 2042 1958 2092 illum3
1967 2052 2071 2093 atque
2078 2043 2166 2083 adeo

1181 2101 1264 2138 caelo
1280 2100 1405 2138 melior
1414 2100 1471 2139 vir
1487 2100 1548 2138 ille
1565 2110 1647 2138 erat.
1664 2104 1719 2139 An
1732 2103 1801 2140 hoc
1812 2117 1939 2155 parum
1950 2118 2022 2142 esse
2034 2114 2136 2156 putas
2148 2106 2165 2143 Ξ)

1181 2161 1259 2212 Ego
1277 2161 1423 2212 quidem
1435 2175 1507 2199 non
1523 2162 1704 2201 existimo.
1725 2164 1818 2201 Cum
1837 2165 2048 2216 Apostolum
2063 2165 2165 2204 dixe-

1179 2222 1252 2272 ris,
1272 2223 1392 2260 statim
1413 2223 1518 2260 illum
1531 2237 1652 2261 omnes
1671 2224 1880 2275 cogitabunt
1888 2241 1899 2275 3
1920 2235 1960 2263 ut
1986 2240 2069 2264 cum
2094 2228 2165 2265 Ba-

1178 2285 1326 2338 ptistam
1345 2285 1453 2334 dicis,
1483 2286 1605 2323 statim
1622 2288 1774 2326 Joannes
1803 2287 1992 2339 cogitatur.
2022 2289 2090 2327 Cui
2113 2292 2165 2329 rei

1179 2346 1258 2397 quis
1273 2346 1370 2384 illius
1389 2347 1498 2385 verba
1512 2348 1797 2399 comparaverit?
1813 2349 1918 2396 mari,
1938 2364 1981 2387 an
1995 2352 2163 2390 Oceano?

1177 2405 1250 2443 Sed
1271 2406 1362 2444 nihil
1380 2421 1446 2458 par
1477 2407 1551 2444 illis
1575 2416 1640 2445 est.
1673 2408 1790 2460 Hujus
1807 2409 1927 2447 fluxus
1955 2410 2059 2462 longe
2080 2422 2163 2451 sunt

1176 2467 1324 2505 marinis
1349 2468 1615 2518 frequentiores,
1636 2469 1810 2520 puriores,
1830 2471 2099 2523 profundiores;
2120 2483 2161 2512 ut

1176 2543 1245 2567 non
1272 2529 1491 2568 aberraverit
1523 2530 1586 2580 qui
1617 2544 1677 2567 cor
1705 2531 1810 2569 Pauli
1840 2545 1938 2570 mare
1970 2542 2004 2571 et
2032 2535 2161 2572 caelum

1175 2603 1249 2627 esse
1267 2588 1402 2627 dixerit
1424 2605 1431 2625 :
1456 2590 1583 2627 caelum
1602 2590 1648 2627 ob
1662 2591 1867 2642 puritatem,
1891 2606 1987 2630 mare
2004 2594 2050 2630 ob
2076 2608 2159 2645 pro-

1174 2649 1402 2687 funditatem.
1436 2650 1537 2687 Mare
1555 2658 1620 2700 est,
1648 2664 1719 2688 non
1749 2651 1845 2701 quod
1875 2652 2083 2703 navigantes
2111 2655 2158 2692 ab

1173 2712 1262 2750 urbe
1291 2711 1328 2749 in
1357 2712 1486 2749 urbem
1513 2711 1632 2760 ducat,
1659 2711 1721 2749 sed
1750 2726 1769 2750 a
1786 2722 1881 2751 terra
1904 2713 1939 2751 in
1959 2714 2083 2752 caelum
2099 2730 2107 2751 τ
2124 2716 2155 2753 si

1174 2774 1253 2824 quis
1282 2773 1350 2811 hoc
1375 2786 1472 2809 mare
1488 2772 1651 2823 naviget,
1675 2773 1828 2810 secunda
1850 2788 1935 2811 aura
1952 2774 2150 2826 navigabit.

1172 2836 1214 2872 In
1240 2834 1308 2872 hoc
1333 2833 1424 2871 mari
1449 2846 1518 2870 non
1537 2833 1635 2871 venti
1654 2842 1751 2882 sunt,
1778 2833 1838 2871 sed
1856 2834 1935 2872 vice
1952 2836 2048 2874 venti
2070 2836 2153 2888 Spi-

1172 2894 1262 2932 ritus
1278 2893 1425 2931 divinus
1444 2902 1478 2930 et
1496 2902 1637 2931 sanctus
1655 2893 1862 2945 navigantes
1875 2895 2011 2933 animas
2030 2896 2129 2934 vehit
2144 2912 2152 2933 τ

1171 2969 1242 2993 non
1280 2963 1363 2992 sunt
1398 2953 1458 2990 hic
1488 2954 1634 3001 fluctus,
1665 2967 1735 2991 non
1776 2963 1826 2991 est
1858 2955 2043 3006 scopulus,
2082 2970 2152 2994 non

1172 3016 1298 3054 bellua:
1322 3031 1330 3052 τ
1353 3014 1471 3052 omnia
1494 3014 1687 3064 tranquilla
1717 3024 1810 3052 sunt.
1840 3017 1939 3052 Mare
1965 3025 2017 3053 est
2045 3026 2152 3068 portu

1171 3077 1398 3128 tranquillius
1429 3085 1461 3113 et
1488 3076 1613 3123 tutius,
1643 3076 1735 3113 nihil
1765 3076 1896 3114 salsum
1919 3076 2063 3127 habens,
2091 3079 2152 3116 sed

1171 3139 1304 3176 fontem
1337 3151 1480 3189 purum,
1509 3136 1735 3174 dulcissimos
1767 3136 1890 3174 latices
1922 3138 2149 3187 emittentem,

1172 3200 1244 3238 sole
1278 3198 1503 3251 splendidius
1534 3207 1567 3235 et
1599 3197 1815 3249 pellucidius
1833 3214 1840 3234 :
1858 3213 1955 3237 mare
1985 3209 2049 3250 est,
2078 3214 2149 3239 non

1146 3324 1261 3357 folium
1277 3321 1441 3365 avulsum)
1453 3328 1549 3364 πηγὴν
1560 3326 1696 3365 καθαρὰν
1714 3327 1761 3355 καὶ
1777 3323 2146 3367 ἡδυτέραν,ἡ).ἰου.1ἱᾶειῑι

1146 3387 1222 3408 mox
1241 3388 1316 3408 cum
1333 3378 1374 3410 D.
1392 3378 1590 3420 ὀιειὸέστερον.
1610 3372 1795 3413 Legebatur
1814 3377 2031 3421 διαινχεστέραν.
2055 3377 2147 3409 Infra

1147 3429 1187 3460 D.
1206 3436 1359 3472 κτήματα,
1377 3427 1467 3459 Editi
1481 3430 1618 3470 ῥήματα.
1634 3426 1794 3459 Neutrum
1808 3427 1840 3459 in
1854 3428 1892 3459 A.
1911 3428 1964 3470 B.]

2189 1226 2235 1256 16.
