2502 3810
102 1041 273 1079 Chrysosto-

87 1092 135 1108 mo
154 1092 272 1109 concio-

87 1125 167 1149 nanti
187 1124 270 1159 plau·

86 1164 222 1192 debatur.

292 262 385 309 666
757 273 794 302 s.

288 360 380 396 fores
398 367 474 394 tuas
494 355 637 393 adstans
657 353 763 391 tendo
782 368 929 403 manus,
951 353 1096 405 cupiens
1114 367 1132 390 a
1153 363 1188 391 te
1208 367 1274 390 nu-

291 418 368 455 triri
389 433 396 453 ε
415 426 447 454 te
462 417 552 454 enim
569 414 761 452 admodum
779 414 904 466 diligo.
918 413 1001 452 Ideo
1018 426 1176 452 mensam
1194 427 1274 451 amo

290 487 409 526 tuam,
429 486 468 514 ut
487 476 610 513 amicis
629 488 705 512 mos
724 484 789 524 est,
812 484 845 513 et
865 475 932 512 hac
949 475 993 512 de
1012 488 1049 512 re
1067 474 1219 526 glorior,
1241 483 1275 511 et

289 539 384 576 orbis
401 538 538 576 theatro
557 545 726 588 praesente
738 535 894 588 praedico
915 544 961 585 te,
977 545 1010 573 et
1025 535 1194 573 omnibus
1208 549 1274 572 au-

288 598 482 645 dientibus,
516 596 704 634 nutritium
730 595 874 633 ostendo
906 609 1038 633 meum.
1066 594 1174 646 Atqui
1211 608 1273 632 nos

287 672 368 696 eum
382 673 400 695 a
416 658 587 710 quopiam
606 656 800 706 nutrimur,
817 656 1061 694 erubescimus
1073 665 1107 693 et
1119 656 1186 693 hoc
1200 654 1273 693 dis-

285 720 495 758 simulamus
519 735 527 757 :
554 720 614 757 ille
642 733 724 758 vero
746 719 829 770 quia
852 733 914 757 nos
939 718 1135 756 admodum
1158 727 1272 767 amat,

285 781 423 819 etiamsi
442 795 506 819 nos
524 790 714 829 taceamus,
730 780 797 817 hoc
816 779 984 832 praedicat
1001 794 1082 817 cum
1103 778 1273 817 laudibus

285 843 437 894 magnis,
449 857 513 880 nec
530 842 708 881 erubescit
722 841 837 879 dicere
852 856 887 879 se
905 841 1044 879 nudum
1062 855 1081 878 a
1102 841 1204 878 nobis
1218 840 1273 878 in-

285 904 430 955 dutum,
443 904 724 955 esurientemque
736 904 912 941 nutritum
926 903 1045 941 fuisse.
1063 903 1148 941 Haec
1162 902 1273 953 igitur

285 967 403 1004 omnia
426 966 630 1017 cogitantes,
656 979 725 1003 non
750 965 842 1002 intra
871 965 994 1002 laudes
1022 964 1270 1014 consistamus,

285 1027 347 1065 sed
367 1043 445 1079 quae
465 1027 561 1065 dicta
584 1036 666 1065 sunt
687 1026 925 1078 perficiamus.
947 1024 1044 1072 Quid
1065 1025 1159 1063 enim
1183 1039 1272 1076 pro—

286 1101 367 1129 sunt
381 1091 527 1143 plausus
546 1099 580 1128 et
597 1090 800 1128 tumultus?
821 1091 946 1127 Unum
969 1097 1110 1126 tantum
1128 1102 1147 1125 a
1167 1087 1272 1127 vobis

286 1167 420 1203 quaero,
442 1166 590 1204 operum
614 1151 817 1202 exemplum
840 1160 873 1188 et
896 1165 959 1203 per
983 1150 1080 1202 ipsas
1103 1163 1158 1187 res
1182 1149 1271 1186 obe-

284 1213 457 1251 dientiam
473 1228 480 1248 :
496 1213 573 1249 haec
588 1212 666 1249 laus
678 1225 755 1248 mea
775 1220 836 1258 est,
856 1210 924 1248 hoc
941 1211 1082 1248 lucrum
1095 1219 1269 1258 vestrum,

284 1273 352 1311 hoc
367 1273 456 1311 mihi
473 1272 674 1310 diademate
689 1270 923 1323 splendidius.
941 1271 1040 1308 Hanc
1058 1270 1176 1320 itaque
1187 1269 1271 1307 hinc

284 1333 414 1385 egressi
431 1342 465 1370 et
485 1332 585 1370 vobis
602 1341 634 1369 et
653 1331 741 1368 mihi
761 1344 925 1368 coronam
946 1344 1008 1382 per
1022 1330 1182 1367 omnium
1196 1343 1271 1366 ma-

285 1407 352 1431 nus
367 1403 489 1445 parate
510 1407 517 1431 :
539 1402 624 1430 utet
643 1393 677 1429 in
697 1392 858 1444 praesenti
874 1392 948 1429 vita
963 1391 1056 1428 bona
1070 1391 1106 1427 in
1125 1404 1186 1441 spe
1202 1404 1271 1427 una

285 1455 463 1503 vivamus,
494 1463 528 1492 et
552 1453 599 1491 ad
624 1454 780 1491 futuram
806 1453 917 1490 vitam
947 1452 1137 1502 migrantes
1162 1451 1269 1488 innu-

284 1529 380 1553 mera
400 1515 494 1552 bona
513 1528 741 1564 assequamur
761 1529 768 1548 z
792 1526 871 1562 quae
894 1512 1031 1548 utinam
1050 1525 1170 1548 omnes
1189 1525 1270 1548 sor-

285 1575 432 1625 tiamur,
455 1575 569 1626 gratia
593 1584 625 1611 et
646 1573 862 1624 benignitate
884 1571 1028 1610 Domini
1052 1571 1163 1608 nostri
1186 1572 1269 1609 Jesu

285 1636 432 1686 Christi,
468 1636 615 1686 quicum
651 1634 748 1672 Patri
783 1647 922 1683 unaque
962 1642 1081 1670 sancto
1116 1632 1271 1684 Spiritui

284 1696 410 1747 gloria,
436 1696 640 1748 imperium,
666 1695 794 1744 honor,
825 1709 920 1732 nunc
941 1703 974 1732 et
1000 1708 1150 1747 semper,
1174 1703 1208 1733 et
1234 1694 1271 1732 in

282 1758 408 1796 saecula
428 1758 649 1796 saeculorum.
672 1759 796 1794 Amen.

833 271 907 302 JOA
916 272 940 300 N
949 271 1017 301 Nis
1053 270 1292 300 CHRYSOST.

1283 1604 1331 1628 603

1297 1641 1323 1670 A
1344 1634 1412 1669 τῶν
1438 1630 1569 1682 μυρίων
1585 1630 1803 1683 ἐπιτύχωμεν
1824 1633 1979 1681 ἀγαθῶν·
2000 1625 2045 1669 ῶν
2076 1630 2210 1682 γένοιτο
2234 1631 2369 1674 πάντας

1332 270 1538 300 ARCHIEP.
1577 270 1932 300 CONSTANTINOP-

1347 358 1407 392 σοῦ
1421 353 1487 405 γὰρ
1504 356 1679 406 τραφῆναι
1695 356 1854 404 ἐπιθυμῶ
1867 370 1874 378 ·
1896 356 1985 406 φιλῶ
2005 355 2072 407 γάρ
2091 372 2128 393 σε
2146 355 2276 408 σφόδρα
2288 373 2295 380 ·
2312 357 2364 396 διὸ

1345 416 1405 455 καὶ
1425 420 1486 463 τῆς
1503 416 1676 469 τραπέζης
1702 418 1770 468 ἐρῶ
1792 419 1855 462 τῆς
1879 419 1962 464 σῆς,
1982 417 2000 454 ὃ
2017 423 2088 460 τοῖς
2109 419 2264 468 φιλοῦσιν
2294 417 2368 460 ἔθος

1346 476 1441 524 ἐστὶ,
1471 477 1531 515 καὶ
1559 477 1863 528 ἐγκαλλ(ι)πίζομαι
1879 479 1990 529 τούτῳ
2007 507 2016 521 ,
2045 476 2104 514 καὶ
2133 481 2192 514 τοῦ
2223 476 2365 528 θεάτρου

1345 537 1515 589 παρόντος
1542 540 1605 583 τῆς
1625 536 1849 588 οἰκουμένης,
1871 536 2101 589 ἀνακηρύττω
2123 553 2162 575 σε
2185 537 2263 574 τότε
2277 567 2286 584 ,
2305 536 2365 574 καὶ

1345 598 1484 636 πάντων
1505 597 1712 645 ἀκουόντων,
1733 597 1952 648 ἐνδείκνυμαι
1971 598 2028 635 τὸν
2045 597 2174 650 τροφέα
2192 597 2248 635 τὸν
2270 597 2366 648 ἐμόν.

1346 658 1471 697 Καίτοι
1486 674 1526 709 γε
1543 661 1645 708 ἡμεῖς
1664 657 1746 696 ὅταν
1766 658 1862 709 παρὰ
1879 658 1970 701 τινὸς
1984 661 2185 710 τραφῶμεν,
2205 657 2367 709 αἰσχυνό-

1347 723 1434 770 μεθα
1455 723 1555 757 τοῦτο
1573 719 1634 756 καὶ
1653 718 1882 769 συσκιάζομεν
1897 734 1904 742 ·
1923 719 2023 762 αὐτὸς
2040 719 2075 756 δὲ
2096 719 2215 766 ἐπειδὴ
2234 719 2366 771 σφόδρα

1344 783 1437 830 ἡμᾶς
1463 782 1554 832 φιλεῖ
1570 809 1580 826 ,
1610 779 1673 817 κᾶν
1694 783 1794 830 ἡμεῖς
1814 783 1979 830 σιγῶμεν,
2002 779 2204 831 ἀναγορεύει
2221 779 2300 817 τότε
2327 779 2367 817 τὸ

1344 841 1570 892 γεγενημένον
1599 840 1687 890 μετὰ
1716 842 1854 878 πολλῶν
1879 844 1948 878 τῶν
1978 840 2175 892 ἐγκωμίων,
2208 842 2266 879 καὶ
2304 842 2366 878 οὐκ

1346 902 1546 954 &effovent
1567 904 1689 949 εἰπεῖν,
1708 901 1761 939 ὅτι
1784 902 1843 940 καὶ
1862 902 1990 953 γυμνὸν
2021 902 2103 940 ὄντα
2124 902 2224 939 αὐτὸν
2246 917 2366 954 περιε-

1296 971 1320 1000 Ε
1345 964 1510 1014 ὅάλομεν,
1527 963 1586 1001 καὶ
1605 966 1779 1002 πεινῶντα
1800 963 2006 1015 ἐθρέψαμεν.
2022 964 2134 1001 Ταῦτ’
2151 957 2208 1000 οἶν
2229 963 2367 1000 ἅπαντα

1345 1026 1555 1071 ἐννοοῦντες,
1590 1023 1638 1074 μὴ
1672 1023 1777 1076 μέχρι
1800 1026 1867 1062 τῶν
1898 1024 2047 1062 ἐπαίνων
2080 1026 2215 1073 στῶμεν
2252 1023 2367 1073 μόνον,

1343 1085 1432 1123 ἀλλὰ
1451 1085 1510 1123 καὶ
1533 1084 1788 1134 ἐπιτελέσωμεν
1806 1085 1850 1122 τὰ
1879 1085 2056 1136 εἰρημένα.
2090 1084 2136 1122 Τι’
2159 1083 2225 1135 γὰρ
2246 1083 2367 1135 ὄφελος

1342 1149 1410 1183 τῶν
1430 1146 1560 1199 κρότων
1580 1146 1638 1183 καὶ
1653 1149 1720 1182 τῶν
1741 1145 1892 1196 θορύὸων
1914 1145 2065 1192 τούτων,
2087 1144 2154 1182 “Eu
2174 1147 2266 1191 ζητῶ
2283 1146 2365 1196 παρ’

1342 1210 1437 1257 ὑμῶν
1454 1207 1568 1257 μόνον,
1582 1206 1645 1252 τὴν
1663 1206 1719 1244 διὰ
1735 1209 1804 1244 τῶν
1818 1206 1926 1257 ἔργων
1944 1206 2120 1253 ἐπίδειξιν,
2140 1206 2204 1252 τὴν
2224 1205 2281 1243 διὰ
2298 1208 2366 1242 τῶν

1341 1268 1558 1320 πραγμάτων
1577 1267 1733 1313 ὑπακοήν
1747 1283 1754 1290 ·
1771 1271 1872 1305 τοῦτο
1887 1267 2024 1310 ἔπαινος
2045 1267 2125 1317 ἐμὸς
2136 1298 2147 1314 ,
2164 1272 2264 1305 τοῦτο
2284 1266 2366 1318 κέρ-

1344 1329 1398 1372 δος
1424 1329 1603 1381 ὑμέτερον,
1633 1332 1732 1365 τοῦτο
1759 1327 1971 1377 διαδήματός
2009 1344 2067 1377 μοι
2102 1327 2361 1380 λαμπρότερον.

1343 1391 1476 1427 Τοῦτον
1496 1389 1607 1427 τοίνυν
1626 1387 1831 1430 ἀπελθόντες
1865 1388 1923 1424 καὶ
1954 1391 2035 1438 ὑμῖν
2062 1388 2121 1425 καὶ
2155 1388 2232 1437 ἐμοὶ
2255 1403 2368 1425 κατα-

1343 1449 1528 1486 σκευάσετε
1548 1448 1606 1486 τὸν
1623 1447 1790 1499 στέφανον
1811 1447 1867 1485 διὰ
1885 1451 1949 1493 τῆς
1962 1452 2030 1486 τῶν
2050 1448 2207 1494 πενήτων
2227 1447 2344 1500 χειρὸς
2356 1476 2366 1493 ,

1342 1508 1398 1546 ἵνα
1417 1510 1476 1547 καὶ
1493 1508 1582 1546 κατὰ
1609 1509 1665 1547 τὸν
1685 1508 1841 1560 παρόντα
1863 1509 1935 1560 βίον
1955 1514 2094 1561 χρηστῇ
2115 1512 2367 1562 συντραφῶμεν

1345 1569 1478 1617 ἐλπίδι,
1504 1570 1562 1607 καὶ
1591 1570 1675 1621 πρὸς
1711 1569 1774 1616 τὴν
1808 1570 2001 1619 μέλλουσαν
2032 1569 2236 1613 ἀπελθόντες
2260 1569 2366 1617 ζωὴν,

1345 1694 1439 1743 ἡμᾶς
1459 1695 1648 1743 ἐπιτυχεῖν,
1667 1691 1787 1744 χάριτι
1807 1692 1865 1729 καὶ
1891 1692 2131 1745 φιλανθρωπίᾳ
2159 1696 2216 1731 τοῦ
2238 1691 2367 1743 Κυρίου

1344 1757 1445 1804 ἡμῶν
1460 1753 1576 1798 Ἰησοῦ
1594 1755 1767 1805 Χριστοῦ,
1789 1755 1863 1803 μεθ’
1880 1747 1918 1790 οἷ
1933 1756 1982 1805 τῷ
1998 1754 2113 1806 Πατρὶ
2129 1754 2201 1804 ἅμα
2214 1756 2262 1805 τῷ
2278 1753 2366 1804 ἁγίῳ

1346 1814 1528 1866 Πνεύματι
1551 1814 1653 1860 δόξα,
1674 1814 1799 1866 κράτος
1813 1843 1822 1860 ,
1842 1814 1947 1864 τιμὴ,
1972 1819 2028 1852 νῦν
2049 1815 2107 1853 καὶ
2128 1815 2200 1864 ἀεὶ,
2229 1815 2288 1853 καὶ
2319 1817 2367 1858 εἷς

1345 1875 1421 1919 τοὺς
1438 1878 1563 1920 αἰῶνας
1576 1878 1644 1914 τῶν
1666 1875 1813 1914 αἰώνων.
1831 1875 1951 1925 Ἀμήν.

603 2137 813 2176 HOMILIA
846 2136 948 2177 XVI.

284 2259 373 2297 CAP.
394 2259 461 2298 IX.
479 2274 516 2297 v.
538 2262 574 2296 1.
597 2261 806 2297 Veritatem
824 2261 913 2296 dico
935 2262 977 2296 in
997 2260 1165 2303 Christo,
1190 2273 1268 2296 non

336 2323 512 2368 mentior,
538 2328 749 2357 attestante
768 2321 865 2357 mihi
886 2321 1004 2358 simul
1029 2322 1267 2358 conscientia

337 2395 421 2419 mea
432 2395 501 2431 per
514 2380 698 2432 Spiritum
714 2389 906 2418 sanctum.

338 2515 372 2550 1.
403 2513 528 2551 Nonne
542 2526 667 2564 magna
681 2512 857 2563 quaedam,
880 2522 914 2551 et
932 2527 1011 2563 quae
1035 2527 1142 2564 supra
1158 2521 1264 2550 natu·
1289 2510 1312 2539 Β

285 2588 362 2611 ram
381 2582 492 2622 erant,
515 2573 607 2610 circa
628 2572 731 2609 Pauli
750 2586 831 2624 erga
849 2573 1032 2611 Christum
1052 2587 1207 2611 amorem
1228 2573 1265 2610 in

282 2633 492 2685 praecedenti
531 2632 696 2670 concione
728 2632 830 2670 vobis
861 2632 996 2670 dixisse
1028 2633 1128 2671 visus
1158 2634 1264 2671 sum?

282 2694 424 2732 Etenim
453 2702 576 2731 natura
596 2707 657 2731 sua
675 2707 805 2744 magna
826 2702 921 2743 sunt,
945 2702 978 2731 et
997 2708 1136 2731 omnem
1162 2708 1266 2746 supe-

282 2764 362 2792 rant
381 2768 577 2792 sermonem
595 2769 602 2789 τ
617 2763 770 2792 attamen
786 2768 840 2803 ea,
855 2768 932 2804 quae
946 2754 1052 2792 hodie
1064 2753 1159 2791 dicta
1172 2765 1266 2803 sunt,

283 2824 381 2852 tanto
409 2815 481 2852 illis
501 2814 733 2862 antecellunt,
755 2824 885 2865 quanto
910 2815 972 2852 illa
995 2829 1035 2852 ca
1053 2830 1130 2866 quae
1150 2825 1267 2853 nostra

283 2885 364 2913 sunt
385 2884 610 2927 exsuperant.
634 2875 860 2926 Quamquam
879 2875 979 2913 nulla
998 2876 1170 2928 putabam
1193 2877 1266 2915 illis

283 2936 500 2983 antecellere,
520 2950 645 2973 verum
669 2950 722 2982 ca,
742 2950 818 2986 quae
836 2935 944 2973 hodie
962 2935 1052 2972 lecta
1077 2946 1170 2985 sunt,
1194 2937 1266 2975 illis

283 2997 447 3035 omnibus
467 2995 710 3048 splendidiora
735 2996 812 3035 visa
836 2996 944 3033 suere.
972 2996 1081 3042 Quod
1103 3011 1185 3034 cum
1206 2998 1267 3035 ille

281 3057 508 3109 intelligeret,
530 3056 576 3094 ab
602 3055 749 3094 exordio
779 3056 819 3094 id
844 3055 1052 3106 declaravit,
1083 3065 1204 3109 utpote
1229 3058 1266 3095 in

280 3119 415 3170 majora
447 3118 670 3169 ingressurus
700 3126 733 3154 et
761 3131 781 3154 a
809 3117 931 3154 multis
952 3131 1022 3154 non
1052 3117 1259 3157 credendus.

281 3178 384 3216 Prius
408 3187 526 3215 autem
545 3177 607 3214 illa
627 3177 799 3225 affirmat,
829 3191 906 3227 quae
932 3176 1094 3216 dicturus
1121 3188 1195 3229 est,
1224 3189 1265 3218 ut
1288 3184 1312 3215 C

280 3237 384 3274 multi
403 3237 515 3274 solent
534 3251 616 3274 eum
635 3235 820 3287 quidpiam
840 3236 972 3274 dicturi
992 3247 1085 3285 sunt,
1102 3253 1122 3275 a
1141 3240 1263 3278 multis

280 3311 349 3335 non
377 3297 610 3346 credendum,
640 3306 672 3334 et
692 3297 787 3347 quod
820 3297 887 3349 ipsi
916 3297 1022 3336 valde
1052 3313 1260 3350 persuasum

1713 2137 1894 2175 OMIAIA
1933 2134 1990 2180 ις’.

1339 2256 1516 2304 Ἀλήθειαν
1536 2258 1627 2309 λέγω
1646 2261 1679 2296 ἐν
1698 2259 1860 2310 Χριστῷ,
1885 2260 1922 2296 οὔ
1938 2258 2133 2309 ψεύδομαι,
2151 2274 2362 2310 συμμαρτυ-

1393 2319 1517 2370 ρούσης
1550 2334 1608 2368 μοι
1645 2323 1707 2365 τῆς
1746 2317 1973 2364 συνειδήσεώς
2008 2333 2072 2367 μου
2106 2320 2140 2355 ἐν
2178 2318 2361 2368 Πνεύματι

1391 2378 1491 2430 ἁγίῳ.

1388 2502 1476 2560 Ἆρα
1501 2509 1538 2545 οὗ
1568 2508 1704 2558 μεγάλα
1729 2506 1806 2545 τινὰ
1829 2507 1889 2545 καὶ
1909 2510 2064 2559 ὑπερφυῆ
2093 2509 2136 2558 τῇ
2171 2506 2363 2559 προτεραίᾳ

1335 2576 1415 2629 περὶ
1434 2579 1495 2621 τῆς
1515 2579 1573 2613 τοῦ
1593 2575 1734 2613 Παύλου
1751 2574 1831 2626 περὶ
1852 2575 1908 2612 τὸν
1926 2575 2076 2627 Χριστὸν
2119 2574 2258 2626 ἀγάπης
2289 2574 2364 2612 ἐδό-

1338 2658 1418 2680 κουν
1439 2644 1519 2693 ὑμῖν
1544 2641 1740 2695 εἰρηκέναι,
1761 2642 1829 2680 Καὶ
1845 2641 1912 2692 γὰρ
1936 2636 1978 2688 ἦν
2002 2640 2101 2692 φύσει
2125 2641 2282 2692 μεγάλα,
2302 2640 2362 2677 καὶ
2400 2680 2403 2682 ,

1337 2709 1451 2747 πάντα
1468 2709 1720 2761 ὑπερὸαίνοντα
1735 2709 1835 2760 λόγον
1851 2725 1858 2732 ·
1877 2710 1952 2746 ἀλλ’
1971 2698 2064 2759 ὅμως
2079 2707 2123 2745 τὰ
2141 2707 2290 2760 σήμερον
2306 2709 2363 2745 λε-

1336 2775 1466 2828 χθέντα
1497 2776 1669 2822 τοσαύτην
1698 2777 1769 2828 ἔχει
1798 2775 1860 2822 τὴν
1881 2774 2074 2826 ὓπερὸολὴν
2106 2773 2191 2827 πρὸς
2223 2775 2361 2819 ἐκεῖνα,

1338 2843 1420 2890 ὅσην
1442 2846 1555 2881 ἐκεῖνα
1574 2844 1660 2895 πρὸς
1678 2843 1723 2882 τὰ
1740 2842 1908 2894 ἡμέτερα.
1938 2841 2063 2880 Καίτοι
2093 2857 2132 2891 γε
2167 2841 2230 2878 οὐκ
2261 2840 2361 2892 ᾤμην

1339 2911 1427 2949 αὐτὰ

1441 2910 1531 2962 ἔχειν
1552 2910 1761 2961 ὑπερὲολὴν,
1781 2911 1856 2946 ἀλλ’
1875 2908 1968 2958 ὅμως
1989 2906 2178 2946 ἐπελθόντα
2196 2906 2240 2944 τὰ
2256 2907 2364 2956 σημε-

1341 2993 1395 3029 ρον
1416 2980 1500 3027 ἡμῖν
1521 2976 1784 3027 ἀναγνωσθέντα
1810 2973 1898 3012 πολὺ
1926 2974 2067 3012 πάντων
2093 2973 2231 3012 ἐκείνων
2254 2974 2360 3025 ἐφάνη

1337 3042 1584 3096 λαμπρότερον
1601 3043 1685 3093 ὅπερ
1704 3036 1760 3080 οἶν
1791 3041 1849 3078 καὶ
1877 3040 1977 3083 αὐτὸς
2004 3040 2162 3085 συνιδὼν,
2197 3040 2265 3078 ἀπὸ
2292 3043 2361 3078 τῶν

1336 3109 1527 3162 προοιμίων
1547 3114 1561 3129 a
1575 3109 1658 3147 αὐτὸ
1676 3107 1851 3159 ἐνέφηνεν,
1874 3107 1934 3144 ἅτε
1954 3109 1999 3149 εἷς
2020 3106 2160 3157 μείζονα
2180 3106 2360 3156 ἕμὸαίνειν

1338 3175 1474 3224 μέλλων
1494 3174 1554 3212 καὶ
1568 3175 1789 3211 ἀπιστεῖσθαι
1807 3170 1903 3223 παρὰ
1920 3175 1987 3209 τῶν
2010 3172 2161 3209 πολλῶν.
2182 3170 2360 3222 Πρότερον

1336 3237 1372 3276 δὲ
1391 3238 1648 3276 διαὸεὸαιοῧται
1667 3236 1746 3289 περὶ
1762 3229 1808 3272 ῶν
1830 3235 1948 3286 μέλλει
1968 3235 2098 3286 λέγειν·
2116 3235 2202 3288 ὅπερ
2220 3235 2362 3277 πολλοῖς

1334 3304 1408 3348 ἔθος
1423 3309 1546 3363 ποιεῖν,
1560 3305 1641 3342 ὅταν
1661 3301 1816 3353 μέλλωσί
1830 3301 1989 3353 τιλέγειν
2009 3301 2105 3354 παρὰ
2127 3308 2196 3345 τοῖς
2215 3303 2354 3342 πολλοῖς

323 3437 336 3453 ³
362 3430 432 3460 ²23&
448 3424 539 3458 dee—5¹·
555 3425 588 3458 ln
609 3424 739 3465 Metel„
756 3425 813 3457 sed
829 3427 862 3458 iu
880 3426 955 3458 315⁵·
975 3425 1126 3460 habetur·
1145 3429 1235 3470 [uox
1252 3432 1287 3463 A·
1313 3436 1365 3466 ἅτε
1381 3438 1492 3477 ’χάρμη
1509 3440 1655 3477 πρότερον
1671 3431 1919 3471 3126232:03m.]
