2466 3805
659 267 700 296 lx
742 267 854 296 ACTA
892 263 1149 294 APOSTOLOB
1161 262 1218 291 1231
1228 281 1236 289 .

60 347 116 386 τὸν
134 348 312 391 τοσούτους
334 349 566 396 ἐπιτιμῶντας
582 376 591 393 ,
612 347 668 384 τὸν
689 347 855 385 πάντοθεν
873 344 1074 394 πληττόμε-

59 424 126 455 νον,
160 410 222 446 οὖκ
252 408 300 446 ἔνι
329 408 376 458 μὴ
401 407 628 459 φυλάξασθαι.
649 407 719 445 Καὶ
747 410 781 445 ἐν
805 406 865 457 μὲν
886 409 928 454 τῇ
952 405 1074 457 πρώτῃ
1106 434 1137 458 39

1101 472 1127 501 A

61 469 175 520 ἡμέρᾳ
196 472 358 521 χαλεπῶς
378 469 464 506 οἴσει
491 472 592 506 τοῦτο
605 498 614 515 ,
635 468 798 506 καὶκατὰ
817 468 879 514 τὴν
901 467 1076 519 δευτέραν,

61 529 119 566 καὶ
143 532 177 567 ἐν
206 533 248 580 τῇ
269 529 387 581 τρίτῃ·
415 529 533 568 λοιπὸν
559 529 594 567 δὲ
617 533 740 581 ῥᾷστον
767 529 882 575 ἔσται,
901 528 960 566 καὶ
991 528 1078 579 μετὰ

59 589 121 636 τὴν
139 590 308 641 τετάρτην
324 590 399 628 οὐδὲ
415 590 454 628 τὸ
471 597 619 643 πρᾶγμα
633 590 731 628 ἔσται
753 590 850 628 αὐτό.
870 589 1077 641 Ἀπόπειραν

61 651 251 699 ποιήσατε,
279 651 311 688 εἴ
331 667 369 702 γε
402 655 599 689 ἀπιστεῖτε·
628 650 852 702 φροντίσατε,
869 651 1077 701 παρακαλῶ.

62 713 138 749 Οὐκ
157 711 230 749 ἔστι
247 712 286 749 τὸ
304 712 409 763 τυχὸν
429 710 728 763 ἁμαρτανόμενον,
748 709 823 748 οὐδὲ
845 708 1077 762 κατορθούμε-

61 787 130 820 νον,
151 772 241 810 ἀλλὰ
269 771 481 823 ἑκατέρωθεν
508 770 618 821 μέγα,
649 770 709 808 καὶ
738 770 845 807 κακὸν
876 770 935 807 καὶ
957 769 1075 806 καλόν.

63 833 202 871 Γένοιτο
229 834 265 871 δὲ
285 833 389 871 καλὸν
414 831 589 882 γενέσθαι,
620 831 739 882 χάριτι
756 829 815 867 καὶ
837 829 1080 880 φιλανθρωπίᾳ

63 895 121 928 τοῦ
146 891 273 944 Κυρίου
292 894 392 940 ἡμῶν
413 889 528 935 Ἰησοῦ
548 890 713 941 Χριστοῦ,
737 890 810 938 μεθ’
833 882 870 925 οῧ
895 890 944 938 τῷ
964 888 1082 940 Πατρὶ

64 951 138 1000 ἅμα
159 954 208 1002 τῷ
225 951 313 1003 ἁγίῳ
329 951 510 1000 Πνεύματι
539 948 637 997 δόξα,
657 948 804 999 κράτος,
823 947 931 998 τιμὴ,
945 951 1004 985 νῦν
1023 947 1080 985 καὶ

65 1012 117 1050 ἀεὶ
130 1041 139 1057 ,
156 1012 213 1049 καὶ
231 1014 277 1055 εἷς
291 1011 368 1054 τοὺς
391 1012 518 1052 αἰῶνας
538 1011 606 1047 τῶν
627 1008 772 1046 αἰώνων.
792 1007 910 1057 Ἀμήν.

446 1242 622 1280 ΟΜΙΑΙΑ
646 1240 703 1278 ια’.

68 1365 308 1408 Ἀπολυθέντες
338 1364 373 1402 δὲ
401 1358 504 1411 ἦλθον
529 1363 613 1415 πρὸς
638 1363 714 1407 τοὺς
742 1363 867 1410 ἰδίους,
890 1362 948 1400 καὶ
971 1362 1086 1414 ἀπήγ-

121 1428 238 1479 γειλαν
260 1426 324 1464 ὅσα
345 1425 430 1477 πρὸς
461 1424 582 1468 αὐτοὺς
607 1427 638 1463 οἱ
667 1426 840 1477 ἀρχιερεῖς
866 1422 925 1461 καὶ
947 1424 978 1461 οἳ
1005 1438 1087 1475 πρε-

122 1486 279 1539 σὸύτεροι
295 1479 401 1525 εἷπον.

123 1658 215 1710 Οὐχὶ
231 1657 428 1710 φιλοτιμίας
448 1657 561 1696 ἕνεκεν
576 1659 793 1710 διηγοῦνται·
809 1661 882 1702 πῶς
901 1658 986 1712 γάρ,
1002 1658 1092 1698 ἀλλὰ

71 1722 132 1766 τ’ἧς
149 1724 208 1758 τοῦ
223 1721 376 1771 Χριστοῦ
396 1718 538 1771 χάριτος
555 1723 664 1757 ταῦτα
682 1720 856 1773 τεκμήρια
874 1720 1091 1758 ἐπιδείκνυν-

71 1798 138 1820 ται.
162 1780 224 1817 Διὸ
240 1780 298 1818 καὶ
312 1780 376 1818 ὅσα
392 1780 452 1831 μὲν
471 1782 593 1818 ἐκεῖνοι
619 1773 727 1829 εἷπον,
745 1784 855 1818 ταῦτα
874 1781 1092 1832 διηγοῦνται·

71 1843 115 1880 τὰ
135 1842 170 1880 δὲ
190 1843 302 1879 αὐτῶν
321 1843 350 1878 εἷ
371 1841 429 1878 καὶ
445 1840 744 1894 παρατρέχουσιν,
775 1844 869 1892 ὅμως
897 1841 956 1879 καὶ
985 1841 1094 1893 ταύτῃ

73 1902 347 1956 θαρσαλεώτεροι
370 1902 534 1954 γίνονται.
556 1902 626 1940 Καὶ
651 1902 795 1949 σκόπει,
818 1905 892 1945 πῶς
913 1902 1017 1940 πάλιν
1038 1902 1095 1941 ἐπὶ

74 1965 134 2011 τὴν
155 1965 266 2010 ἀληθῆ
301 1962 459 2014 βοήθειαν
490 1962 693 2014 κατέφυγον,
726 1962 782 2000 ἐπὶ
802 1963 864 2009 τὴν
887 1964 1095 2015 συμμαχίαν

73 2023 133 2070 τὴν
156 2024 306 2074 ἄμαχον,
329 2023 387 2060 καὶ
411 2022 515 2060 πάλιν
536 2023 767 2073 ὁμοθυμαδὸν,
792 2023 852 2060 καὶ
874 2023 963 2074 μετὰ
982 2039 1095 2062 <mou-

75 2084 157 2129 δῆς·
185 2082 260 2120 οὐῗὲ
288 2083 355 2135 γάρ
382 2084 475 2119 ἐστιν
509 2082 593 2134 εὐχὴ
624 2084 742 2126 ἁπλῶς
768 2083 947 2135 γινομένη.
977 2086 1023 2122 Οἱ
1060 2084 1096 2123 δὲ

74 2144 281 2186 ἀκούσαντες
293 2174 303 2191 ,
321 2143 539 2193 ὁμοθυμαδὸν
570 2138 658 2196 ἦραν
675 2144 792 2195 φωνὴν
811 2144 896 2197 πρὸς
914 2145 971 2182 τὸν
992 2144 1095 2193 Θεὸν,

74 2205 132 2241 καὶ
166 2198 271 2242 εἶπον.
300 2203 413 2255 ςΌρα,
441 2205 515 2246 πῶς
547 2205 632 2240 εἰσιν
657 2204 898 2255 ἠκριὲωμέναι
929 2207 1040 2242 αὐτῶν
1061 2207 1097 2243 αἱ

75 2264 183 2315 εὐχαί.
212 2263 297 2302 ΕΌτε
326 2264 382 2301 τὸν
409 2263 501 2306 ἄξιον
533 2266 579 2306 εἷς
610 2263 806 2310 ἀποστολὴν
833 2264 949 2311 ἠξίουν
982 2267 1097 2308 αὐτοῖς

74 2325 337 2375 ἀναδειχθῆναι,
358 2323 466 2367 οὕτως
488 2323 603 2375 ἔλεγον
619 2339 626 2347 ·
644 2323 713 2371 Σὺ,
731 2324 838 2376 Κύριε
851 2356 861 2374 ,
885 2327 1097 2377 καρδιογνῶ-

73 2401 138 2423 στα
171 2384 323 2432 ποίντων,
357 2385 531 2429 ἀνάδειξον
563 2384 814 2437 (προγνώσεως
844 2387 913 2439 γὰρ
946 2381 988 2434 ἦν
1025 2390 1097 2427 ἐκεῖ

73 2445 213 2499 ’spelm‘
251 2446 398 2483 ἐνταῦθα
437 2444 490 2493 δὲ,
529 2445 648 2492 ἐπειδὴ
689 2447 980 2499 ἐπιστομισθῆναι
1019 2449 1097 2493 τοὺς

74 2504 245 2548 ἐναντίους
259 2507 378 2557 ἐχρῆν,
393 2506 473 2555 περὶ
493 2506 693 2550 δεσποτείας
710 2507 947 2560 διαλέγονται·
969 2509 1021 2547 διὸ
1039 2509 1098 2547 καὶ

75 2566 182 2609 οὕτως
201 2565 363 2618 ἤρξαντο·
380 2566 541 2605 Δέσποτα
562 2570 579 2605 ὃ
597 2567 704 2617 Θεὸς,
722 2572 739 2607 ὃ
754 2569 904 2615 ποιήσας
918 2570 975 2609 τὸν
992 2572 1098 2622 οὖρα-

76 2626 130 2663 νὸν
159 2626 218 2664 καὶ
244 2625 306 2673 τὴν
335 2629 411 2677 γῆν,
439 2627 498 2664 καὶ
519 2626 582 2674 τὴν
603 2627 794 2678 θάλασσαν,
825 2630 885 2667 καὶ
914 2629 1029 2668 πάντα
1053 2630 1098 2669 τὰ

76 2688 110 2724 ἐν
140 2688 272 2730 αὐτοῖς·
293 2690 311 2725 ὁ
328 2687 384 2724 διὰ
410 2687 584 2738 στόματος
605 2689 713 2727 Δαυὶδ
733 2694 792 2728 τοῦ
813 2690 937 2735 παιδός
962 2706 1023 2730 σου
1053 2694 1100 2730 εἰ·
1120 2703 1146 2733 D

76 2747 163 2795 πὼν,
194 2747 271 2785 Ἵνα
300 2747 335 2785 τί
359 2747 528 2800 ἐφρύαξαν
560 2749 654 2797 ἔθνη,
687 2750 745 2788 καὶ
775 2751 853 2789 λαοὶ
884 2752 1098 2802 ἐμελέτησαν

76 2808 177 2856 κενά,
197 2807 429 2860 Παρέστησαν
446 2812 477 2847 οἱ
495 2812 650 2860 βασιλεῖς
667 2815 729 2858 τῆς
743 2815 824 2862 γ’ῆς,
845 2813 905 2850 καὶ
925 2815 956 2851 οἱ
974 2813 1100 2866 ἄρχον-

75 2882 130 2910 τες
157 2868 378 2920 συνήχθησαν
406 2869 464 2906 ἐπὶ
491 2869 530 2907 τὸ
552 2871 634 2909 αὐτὸ
662 2872 754 2910 κατὰ
779 2877 838 2911 τοῦ
864 2873 1014 2925 Κυρίου,
1040 2874 1099 2912 καὶ

76 2928 166 2966 κατὰ
193 2933 252 2968 τοῦ
279 2931 431 2982 Χριστοῦ
451 2933 568 2970 αὐτοῦ.
604 2933 773 2987 Καθάπερ
800 2935 972 2982 συνθήκας
994 2936 1099 2974 ἀπαι-

76 2993 213 3033 τοῦντες
238 2990 295 3028 τὸν
313 2991 419 3038 Θεὸν,
440 2991 503 3039 τὴν
520 2993 734 3045 προφητείαν
753 2997 801 3039 εἰς
820 2995 924 3046 μέσον
945 2995 1099 3047 ἄγουσιν,

77 3051 152 3100 ἅμα
177 3050 235 3088 καὶ
262 3051 403 3096 ἑαυτοὺς
425 3053 753 3105 παραμυθούμενοι,
778 3055 831 3095 ὅτι
856 3058 931 3108 εἰκῇ
959 3056 1099 3096 ἅπαντα

78 3113 269 3159 μελετῶσιν
298 3115 329 3149 οἱ
364 3113 492 3166 ἐχθροί.
508 3113 559 3152 ζῸ
587 3108 644 3152 οῧν
674 3115 831 3166 λέγουσι,
863 3116 965 3155 τοῦτό
993 3118 1097 3156 ἐστιν.

79 3174 219 3210 Ἐκεῖνα
234 3174 283 3216 εἷς
298 3172 406 3224 πέρας
435 3174 562 3227 ἄγαγε,
583 3175 643 3213 καὶ
660 3176 780 3225 δεῖξον,
799 3176 853 3216 ὅτι
868 3177 952 3216 κενὰ
971 3178 1098 3228 ἐμελέ-

79 3248 202 3278 τησαν.
233 3233 464 3286 Συνήχθησαν
493 3236 560 3287 γὰρ
591 3238 645 3274 ἐπ’
668 3237 831 3283 ἀληθείας
863 3240 898 3276 ἐν
927 3240 971 3290 τῇ
1001 3238 1100 3277 πόλει

82 3294 190 3346 ταύτῃ
212 3294 268 3332 ἐπὶ
286 3294 344 3332 τὸν
364 3295 458 3347 ἅγιον
487 3298 607 3336 Παῖδά
628 3313 687 3336 σου
702 3298 853 3347 Ἰησοῦν,
869 3299 906 3339 ὃν
935 3299 1096 3353 ἔχρισας,

84 3354 243 3407 Ἡρώδης
261 3371 298 3392 τε
314 3356 373 3393 καὶ
390 3356 537 3401 Πόντιος
557 3359 709 3402 Πιλᾶτος
728 3358 787 3398 σὺν
804 3360 914 3399 ἔθνεσι
932 3360 991 3399 καὶ
1005 3363 1100 3406 λαοῖς

86 3414 249 3464 Ἰσραὴλ,
268 3417 412 3459 ποιῆσαι
439 3416 501 3455 ὅσα
528 3421 547 3463 ἦ
574 3419 651 3471 χείρ
676 3436 734 3459 σου
761 3421 818 3459 καὶ
849 3424 868 3468 ἡ
900 3421 1007 3473 βουλή
1042 3438 1101 3462 σου

1277 261 1439 290 ltoMlL.
1473 260 1534 291 M.
2041 242 2124 285 103

1151 341 1304 380 secundo
1322 351 1355 380 et
1372 341 1473 380 tertio
1491 357 1498 377 :
1519 350 1554 379 at
1573 340 1736 392 deinceps
1753 353 1807 377 res
1835 339 1901 376 erit
1929 339 2076 385 facilior,
2096 349 2129 376 et

1150 412 1228 454 post
1246 410 1413 454 quartum
1430 415 1498 439 non
1521 401 1613 439 idem
1632 401 1697 439 erit
1715 400 1908 451 negotium.
1928 399 2131 436 Periculum

1150 463 1267 513 facite,
1296 463 1327 501 si
1352 462 1496 513 quidem
1526 476 1595 500 non
1625 461 1802 500 credatis:
1827 475 1948 498 curam
1977 460 2129 510 habete,

1150 525 1308 562 obsecro.
1330 525 1409 562 Non
1431 532 1482 561 est
1499 522 1577 562 leve
1596 532 1791 575 peccatum,
1818 536 1930 573 neque
1947 521 2038 561 levis
2058 535 2132 559 cor-

1151 585 1259 623 rectio
1270 601 1281 633 ;
1303 584 1366 623 sed
1384 584 1548 634 utrinque
1563 597 1732 635 magnum
1751 598 1811 621 seu
1829 584 1964 620 bonum
1983 597 2042 620 seu
2059 596 2133 621 ma-

1152 647 1241 683 lum.
1253 646 1400 684 Utinam
1416 646 1548 683 bonum
1565 645 1642 695 fiat,
1657 645 1770 696 gratia
1784 654 1817 682 et
1831 644 2047 696 benignitate
2061 645 2135 681 Do-

1153 705 1242 742 mini
1260 705 1370 742 nostri
1386 706 1470 744 Jesu
1489 705 1634 753 Christi,
1654 705 1799 754 quicum
1818 705 1913 742 Patri
1933 714 1967 742 et
1985 703 2135 756 Spiritui

1155 774 1274 803 sancto
1303 765 1429 816 gloria,
1451 765 1656 816 imperium,
1676 765 1799 814 honor,
1822 779 1915 803 nune
1934 775 1966 802 et
1987 778 2134 816 semper,

1155 834 1187 862 ct
1205 825 1242 862 in
1258 824 1385 862 saecula
1405 824 1626 862 saeculorum.
1647 826 1769 862 Amen.

1498 1242 1709 1280 HOMILIA
1743 1244 1807 1282 XI.

1163 1361 1254 1398 Cn».
1278 1361 1343 1401 lV.
1370 1376 1406 1401 v.
1429 1363 1491 1401 25.
1518 1364 1682 1403 Dimissi
1714 1375 1844 1404 autem
1874 1378 2063 1407 venerunt
2093 1372 2146 1408 acl

1214 1436 1303 1461 suos
1324 1440 1338 1468 ,·
1374 1433 1412 1461 et
1451 1428 1785 1465 annunciaverunt
1804 1431 1857 1466 eis
1873 1460 1884 1476 ,
1909 1439 2059 1481 quanta
2094 1432 2147 1469 ad

1214 1497 1277 1523 eos
1298 1487 1487 1537 principes
1508 1487 1750 1526 sacerdotum
1771 1498 1806 1527 et
1827 1493 1993 1529 seniores
2021 1492 2144 1530 dixis-

1202 1553 1298 1584 sent.

1218 1652 1254 1689 1.
1291 1651 1370 1690 Non
1400 1666 1491 1691 vana
1517 1653 1630 1705 gloria
1661 1656 1747 1693 moti
1779 1667 1949 1695 narrant:
1971 1658 2032 1709 qui
2055 1659 2148 1696 enim

1165 1711 1242 1749 fieri
1265 1712 1447 1763 potuerit?
1468 1713 1529 1751 sed
1549 1714 1626 1752 haec
1650 1717 1770 1768 gratiae
1789 1717 1924 1756 Christi
1949 1729 2029 1757 sunt
2048 1719 2149 1757 indi-

1166 1771 1235 1810 cia.
1256 1772 1364 1823 Ideo,
1389 1788 1621 1826 quaecumque
1657 1776 1714 1814 illi
1741 1777 1933 1830 dixerant,
1962 1789 2150 1829 enarrant3

1167 1846 1229 1869 sua
1243 1847 1326 1871 vero
1345 1833 1438 1872 dieta
1457 1834 1539 1872 licet
1557 1845 1783 1887 praetereant,
1804 1839 1887 1877 hinc
1904 1849 2019 1878 tamen
2039 1842 2152 1892 majo—

1167 1907 1243 1931 rem
1263 1893 1434 1933 fiduciam
1452 1907 1649 1935 assumunt.
1676 1898 1722 1935 Et
1747 1901 1949 1951 perpende,
1975 1902 2152 1952 quomodo

1166 1968 1310 1992 rursum
1328 1955 1374 1992 ad
1394 1970 1520 1994 verum
1538 1959 1717 1996 auxilium
1746 1961 1972 2013 confugiant,
2002 1962 2048 2000 ad
2067 1963 2151 2001 sub-

1168 2014 1302 2053 sidium
1328 2016 1527 2065 invictum‚
1547 2033 1588 2057 ac
1615 2034 1758 2058 rursum
1784 2023 1996 2061 unanimiter
2015 2033 2048 2061 et
2069 2039 2153 2062 cum

1169 2076 1287 2113 studio
1309 2092 1316 2113 ε
1339 2091 1451 2128 neque
1471 2079 1566 2117 enim
1592 2089 1642 2118 est
1664 2081 1775 2119 oratio
1797 2092 1990 2134 utcumque
2013 2086 2150 2123 emissa.

1168 2137 1233 2173 94.
1255 2137 1330 2187 Qui
1343 2151 1429 2175 eum
1443 2140 1661 2187 audissent,
1678 2145 1914 2181 unanimiter
1930 2145 2155 2184 levaverunt

1169 2211 1306 2235 vocem
1331 2200 1385 2235 ad
1404 2200 1551 2248 Deum,
1572 2209 1609 2238 et
1637 2202 1830 2241 dixerunt.
1851 2204 1947 2243 Vide
1966 2220 2070 2256 quan]
2091 2206 2153 2244 di-

1168 2258 1317 2310 ligenter
1344 2259 1432 2296 fiant
1452 2259 1596 2298 illorum
1616 2275 1746 2313 preces.
1778 2263 1930 2309 Quando
1954 2267 2153 2318 apostolatu

1168 2319 1319 2371 dignum
1337 2321 1474 2359 ostendi
1496 2322 1563 2359 sibi
1583 2323 1769 2375 petebant,
1791 2325 1841 2363 sic
1859 2326 2049 2366 dicebant:
2073 2331 2106 2366 T
2105 2344 2149 2376 ιι,
2167 2336 2237 2364 Λα.
2258 2344 2279 2362 ι.
2302 2334 2350 2373 34.

1170 2381 1365 2431 Domine,
1396 2384 1463 2433 qui
1491 2384 1610 2421 corda
1638 2388 1739 2422 nosti
1766 2390 1961 2435 omnium,
1996 2392 2153 2429 ostende

1169 2441 1236 2489 (ibi
1251 2441 1346 2480 enim
1364 2436 1582 2495 praescientia
1613 2458 1702 2497 opus
1722 2451 1809 2496 erat)
1827 2464 1835 2484 :
1864 2448 1922 2491 hic
1945 2464 2048 2501 vero,
2069 2452 2151 2502 quia

1169 2502 1453 2543 adversariorum
1484 2519 1545 2542 ora
1570 2505 1706 2544 obstrui
1729 2510 1936 2561 oportebat,
1964 2510 2009 2549 de
2036 2512 2151 2551 domi-

1170 2574 1253 2603 natu
1282 2565 1477 2616 loquuntur
1489 2581 1501 2615 3
1534 2565 1615 2604 ideo
1647 2567 1697 2605 sic
1734 2569 1803 2606 orsi
1835 2580 1916 2609 sunt
1947 2588 1954 2608 :
1984 2574 2152 2612 Domine

1173 2628 1296 2675 Deus,
1317 2630 1383 2680 qui
1389 2629 1530 2680 fecisti
1553 2629 1705 2678 coelum,
1727 2638 1763 2667 et
1785 2639 1941 2683 terram,
1964 2642 2000 2671 et
2020 2649 2147 2682 mare,

1169 2697 1205 2726 et
1222 2691 1353 2726 omnia
1363 2703 1447 2740 quse
1461 2691 1502 2725 in
1517 2692 1572 2727 eis
1586 2699 1675 2728 sunt
1691 2707 1701 2726 :
1721 2691 1784 2728 25.
1800 2695 1866 2744 qui
1878 2708 1948 2744 per
1962 2709 2003 2733 os
2019 2697 2154 2734 David

1167 2752 1277 2800 pueri
1303 2751 1359 2787 cui
1377 2750 1512 2788 dixisti
1538 2766 1547 2787 .·
1581 2751 1710 2801 Quare
1715 2753 1967 2804 fremuerunt
1991 2765 2121 2807 gentes
2137 2787 2147 2804 ,
2167 2758 2253 2787 l’wl·
2274 2768 2289 2788 2
2325 2768 2332 2786 ¹
2354 2781 2359 2788 ·

1168 2819 1205 2848 et
1217 2811 1352 2862 populi
1365 2812 1541 2849 meditati
1555 2820 1643 2849 sunt
1657 2815 1814 2850 inania?
1828 2816 1891 2853 96.
1901 2816 1943 2852 A
1945 2817 2152 2856 dsciterunt

1169 2886 1273 2923 reges
1292 2881 1401 2910 terroe
1427 2881 1463 2910 et
1479 2875 1669 2925 principes
1690 2886 1951 2914 convenerunt
1970 2880 2011 2914 in
2030 2893 2150 2918 unum

1169 2934 1352 2971 adversus
1368 2935 1581 2972 Dominum
1597 2943 1633 2971 et
1647 2936 1831 2974 adversus
1847 2938 2041 2976 Christum
2056 2942 2149 2992 ejus.

1170 2997 1222 3032 Ac
1242 2994 1271 3032 si
1291 3003 1391 3046 pacta
1413 3009 1433 3032 a
1452 2996 1527 3032 Deo
1547 2995 1745 3046 exigerent,
1765 2997 1989 3049 prophetiam
2016 2999 2052 3037 in
2073 3014 2148 3039 me-

1166 3054 1268 3093 dium
1296 3055 1472 3105 afferunt,
1502 3055 1634 3107 seipsos
1661 3055 1768 3093 simul
1797 3058 2034 3111 consolantes,
2055 3062 2151 3112 quod

1166 3116 1283 3154 omnia
1302 3117 1432 3154 frustra
1461 3116 1675 3154 meditentur
1695 3116 1840 3155 inimici.
1862 3119 1937 3158 Hoc
1955 3131 2074 3160 autem
2102 3124 2147 3161 si«

1166 3178 1333 3230 gnificare
1352 3177 1492 3216 volunt:
1504 3177 1570 3214 Illa
1587 3177 1623 3213 in
1643 3177 1802 3214 medium
1820 3180 1949 3230 profer,
1960 3191 1993 3218 et
2006 3183 2150 3222 ostende

1167 3238 1263 3289 quod
1289 3253 1378 3278 vana
1400 3237 1559 3276 meditati
1577 3237 1646 3275 sint
1664 3239 1728 3275 97.
1759 3239 2025 3282 Convenerunt
2047 3247 2150 3284 enim

1176 3313 1267 3338 vere
1279 3302 1320 3337 in
1335 3302 1490 3337 eit-itate
1501 3301 1575 3336 ista
1595 3299 1778 3336 adversus
1791 3309 1968 3340 sanctum
1983 3305 2151 3344 Puerum

1171 3370 1276 3399 tuum
1301 3362 1452 3408 Jesum,
1470 3372 1582 3411 quem
1612 3362 1774 3408 unz-isti,
1796 3362 1966 3402 Herodes
1992 3374 2029 3403 et
2049 3368 2152 3406 Pon-

1171 3426 1244 3462 tius
1262 3422 1417 3462 Pilatus
1429 3433 1514 3460 cum
1530 3422 1703 3472 gentibus
1723 3430 1758 3458 et
1765 3423 1916 3473 populis
1928 3428 2067 3475 Israel,
2084 3430 2149 3469 938,
