2502 3810
349 236 441 283 650
802 255 839 284 s.

349 330 528 367 machinas
548 340 732 381 coguntur,
752 340 791 368 ut
807 331 1064 369 immanitatem
1091 337 1248 366 nostram
1266 327 1330 365 dc—
1353 334 1378 363 E

348 390 492 440 cipiant‚
511 399 544 427 et
569 390 737 428 duritiem
763 392 958 428 emolliant.
988 389 1156 440 Alioquin
1183 403 1268 427 vero
1297 388 1328 426 si

346 451 529 492 argentum
546 443 602 479 vel
616 456 744 480 aurum
762 452 908 495 peteret,
918 441 1121 494 suspicandi
1134 441 1253 479 locum
1265 441 1329 478 ha-

346 502 504 539 beres:si
518 511 636 540 autem
652 517 716 555 pro
733 504 927 542 necessario
940 512 1078 541 tantum
1094 503 1173 540 cibo
1192 511 1224 539 te
1241 501 1328 550 adit,

345 576 408 599 cur
419 562 665 615 intempestive
679 564 945 617 philosopharis
961 573 996 602 et
1010 563 1187 615 superflue
1200 562 1329 615 dispu-

344 631 410 672 tas,
424 623 537 660 otium
550 633 583 661 et
602 624 783 676 pigritiam
802 626 856 662 illi
874 625 1082 677 imputans?
1098 625 1190 662 Nam
1209 623 1238 661 si
1254 624 1329 661 haee

344 682 460 721 dicere
474 682 645 735 oporteat,
663 699 733 723 non
755 686 833 723 aliis
855 695 960 735 certe,
978 684 1040 723 sed
1059 684 1161 722 nobis
1177 683 1329 722 dicenda

344 753 436 781 sunt.
449 745 541 782 Cum
559 760 642 797 ergo
660 747 708 784 ad
725 749 842 785 Deum
854 747 1008 796 accedis,
1025 755 1250 798 peccatorum
1268 759 1328 783 ve-

343 805 440 842 niam
458 807 693 857 postulatum,
714 808 789 846 haec
819 808 883 846 tibi
901 808 1011 846 verba
1031 809 1068 844 in
1087 815 1240 844 mentem
1260 819 1327 845 ve-

878 253 953 283 JOA
962 253 987 281 N
995 253 1018 280 N
1028 251 1063 281 [S
1102 249 1324 280 CHRYSOST
1332 269 1340 278 .
1381 248 1407 278 Α
1414 250 1570 280 RCHIEP
1579 270 1587 279 .
1626 246 1961 284 CONSTANTINOP
1971 247 1985 282 .’

1404 333 1484 367 σθαι
1499 346 1562 375 την
1584 331 1848 382 ἀπανθρωπίαν,
1874 349 1934 371 καὶ
1950 332 2013 379 Τὴν
2034 333 2242 408 τραζύῗῆτα
2262 351 2422 386 >taranah

1401 389 1463 426 λάῖ
1450 405 1514 434 ς.αι
1545 390 1676 435 Αλ)ως
1702 392 1756 439 δὲ,
1776 395 1806 430 εἷ
1837 409 1898 442 μεν
1917 393 2078 457 ἀργύριον
2094 394 2170 444 ᾔτει
2188 409 2247 432 και
2266 397 2421 461 χρυσίον,

1403 446 1493 493 εἷγεν
1516 443 1557 480 ἄν
1576 460 1628 481 σοι
1646 444 1691 481 τὰ
1710 461 1772 491 της
1788 445 1937 496 ὑποψίας
1957 445 2081 496 λόγον·
2103 448 2131 483 εἷ
2152 445 2187 484 δὲ
2215 449 2300 498 υπερ
2316 450 2421 521 ἀναγ-

1401 503 1502 545 καίας
1530 519 1582 541 σοι
1606 520 1734 556 τροφης
1770 505 2024 557 προσέρχεται,
2051 505 2085 543 τί
2104 507 2299 557 φιλοσοφεῖς
2318 509 2421 546 ἀκαί-

1404 567 1843 616 ριι1ς,οἇκριίὶολογεῖ
1861 565 2027 617 περιττὰ,
2048 566 2170 617 ἀργίαν
2190 567 2345 617 ἐγκαλῶν
2362 568 2421 604 καὶ

1400 623 1515 671 ὄκνον,
1538 626 1582 663 Εἰ
1601 625 1669 678 γὰρ
1702 627 1752 664 ’δεῖ
1781 631 1892 664 ταῦτα
1919 626 2056 678 λέγειν,
2090 628 2155 678 οὐχ
2177 626 2325 678 ἑτέροις,
2346 628 2421 664 ἀλλ’

1399 685 1484 732 ἡμῖν
1505 685 1619 727 αὐτοῖς
1644 685 1814 737 ἐπιλέγειν
1835 686 1895 723 δεῖ.
1911 685 2025 723 ‘'O-„w
2044 689 2125 735 γοῦν
2143 687 2192 737 τῷ
2214 687 2296 736 Θεῷ
2314 700 2422 736 προσ-

1510 579 1568 601 >tut

1404 743 1457 795 ίῃς
1487 745 1750 797 ἁμαρτημάτων
1774 748 1877 784 αἰτῶν
1906 746 2144 798 συγχώρησιν,
2169 744 2298 783 τούτων
2333 748 2420 784 εἶιναι

1402 804 1575 854 μνήσθητι
1609 809 1675 844 τῶν
1708 807 1891 884 ῥημάτων,
1905 808 1965 845 καὶ
1985 807 2102 858 γνώσῃ
2123 807 2178 845 ὅτι
2208 807 2419 858 δικαιότερον

343 865 456 914 niant,
465 876 498 904 et
513 867 688 919 intelliges
701 869 778 906 baec
796 878 827 906 te
846 883 865 906 a
880 868 1097 921 Deojustius
1117 867 1324 905 auditurum
1341 897 1388 920 539
1401 880 1513 902 ταυτα
1533 865 1632 909 αὐτὸς
1659 868 1786 918 ἀκούσῃ
1803 869 1935 921 παρα
1918 872 1976 906 του
1993 870 2103 913 Θεου,
2125 885 2148 914 η
2167 870 2184 905 ὃ
2199 867 2304 914 πένης
2323 866 2420 918 παρὰ

344 939 428 973 esse,
441 941 579 977 quama
596 937 629 965 te
647 943 851 981 pauperem
870 931 1035 966 Attamen
1057 942 1239 978 nunquam
1250 927 1327 964 haec
1351 935 1377 963 A
1402 928 1476 964 σοῦ.
1501 926 1590 964 Ἀλλ’
1610 927 1703 978 ὅμως
1722 928 1882 966 οὔοέποτε
1902 930 1987 981 πρὸς
2017 944 2054 966 σε
2071 944 2206 966 ταυτα·
2195 932 2268 966 εἰπε
2296 927 2340 966 τὰ
2363 927 2421 979 ῥή-

343 986 410 1023 tibi
429 988 536 1025 xeiba
567 988 662 1027 dixit
680 991 790 1037 Deus,
816 989 1018 1027 Abscede.
1010 1003 1114 1026 ·nam
1144 1002 1327 1039 aggressor

345 1059 394 1096 es,
410 1046 446 1084 in
465 1048 646 1086 ecclesiam
665 1050 766 1099 srieqt
769 1058 865 1087 enter
885 1049 1034 1098 intrans,
1055 1049 1218 1100 legesque
1233 1061 1327 1085 meas

344 1107 470 1157 audis,
503 1109 538 1146 in
567 1110 642 1147 soro
673 1120 791 1148 autem
819 1124 962 1160 aurum,
991 1108 1323 1161 concupiscentiam,

343 1167 528 1206 hominum
543 1169 749 1219 amicitiam,
771 1179 805 1207 et
823 1170 940 1207 omnia
958 1169 1134 1207 mandatis
1156 1169 1243 1206 meis
1261 1182 1325 1205 an-

344 1229 480 1280 teponis
496 1239 552 1268 :et
584 1245 678 1268 nunc
710 1230 857 1281 quidem
895 1230 1043 1268 humilis
1071 1229 1220 1279 videris,
1248 1238 1326 1280 post

342 1290 578 1339 precationem
603 1300 719 1328 autem
736 1292 837 1328 ferox
855 1291 943 1340 eris,
963 1291 1130 1339 crudelis,
1153 1290 1325 1327 inhuma-

343 1351 591 1389 nuszabscede
609 1353 719 1403 igitur
735 1353 900 1400 binc,nec
919 1366 974 1389 me
994 1352 1087 1389 ultra
1106 1351 1222 1388 adeas.
1242 1351 1326 1388 Haec

341 1410 437 1448 enim
456 1412 557 1449 ethis
571 1413 674 1464 plura
694 1412 818 1450 audire
836 1421 1196 1450 meremur:attamen
1218 1425 1323 1448 num-

342 1485 450 1520 quam
478 1472 538 1509 ille
563 1472 651 1522 quid
681 1473 796 1510 simile
815 1472 1059 1524 exprobravit,
1074 1471 1134 1509 sed
1153 1470 1326 1522 patienter

340 1532 423 1580 fert,
444 1546 521 1582 quae
539 1546 604 1570 sua
631 1541 713 1569 sunt
741 1532 859 1570 omnia
885 1532 1032 1583 implet,
1056 1540 1090 1568 et
1119 1531 1198 1582 plus
1217 1544 1324 1581 quam

341 1591 494 1642 petimus
514 1592 678 1642 largitur.
702 1592 784 1629 Haee
804 1591 922 1641 itaque
953 1591 1158 1642 cogitantes,
1177 1590 1324 1642 inopum

340 1660 583 1701 paupertatem
612 1651 810 1699 solvamus;
834 1650 971 1688 etiamsi
999 1650 1240 1702 aggressiones
1267 1651 1322 1687 fa-

342 1711 449 1760 ciant,
472 1725 515 1748 ne
541 1721 702 1749 accurate
728 1712 880 1749 rationes
911 1725 1157 1763 exposcamus.
1188 1711 1322 1749 Eodem

340 1772 472 1824 quippe
485 1772 592 1810 modo
611 1787 673 1810 nos
690 1786 828 1824 quoque
856 1773 968 1811 salute
1000 1773 1201 1824 indigemus
1213 1803 1223 1819 ,
1241 1787 1323 1810 cum

340 1833 453 1881 venia,
468 1847 548 1870 cum
559 1833 779 1885 benignitate
795 1843 829 1871 et
837 1833 1077 1871 misericordia
1093 1846 1230 1884 magna.
1242 1834 1323 1870 Non

340 1904 487 1946 possunt
524 1894 631 1944 enim,
666 1908 734 1932 non
763 1903 911 1946 possunt
941 1894 1064 1944 utique
1092 1893 1118 1930 ii
1145 1894 1320 1945 homines,

341 1969 492 2005 quorum
507 1955 581 1993 vita
602 1955 803 1993 accuratius
823 1955 1062 2005 examinatur,
1078 1955 1227 1993 salutem
1241 1969 1322 1992 con-

341 2017 459 2067 sequi3
476 2017 537 2055 sed
568 2030 705 2055 necesse
732 2025 822 2054 esset
852 2016 961 2068 plecti
989 2030 1030 2053 ac
1051 2016 1163 2068 perire
1186 2030 1320 2054 omnes.

340 2079 392 2115 Ne
411 2078 528 2128 itaque
551 2077 662 2115 simus
680 2077 832 2115 aliorum
854 2077 1051 2116 severiores
1065 2076 1217 2129 judices,
1242 2091 1285 2114 ne
1303 2091 1324 2114 a

340 2139 442 2176 nobis
457 2153 594 2190 quoque
607 2138 840 2176 accuratiores
857 2138 1008 2176 rationes
1022 2138 1211 2188 exigantur
1224 2151 1321 2189 :pec-

341 2200 427 2236 catis
445 2200 539 2237 enim
558 2200 675 2237 onusti
692 2213 825 2247 sumus,
845 2199 949 2236 venia
968 2198 1064 2236 omni
1082 2197 1232 2249 indigni.
1252 2199 1322 2236 Ita-

343 2273 413 2308 que
430 2259 509 2296 illos
530 2259 685 2296 maxime
704 2259 948 2307 misereamur,
968 2258 1028 2308 qui
1051 2258 1154 2296 venia
1186 2258 1322 2309 indigni

343 2319 526 2367 videntur,
542 2329 581 2357 ut
599 2329 632 2357 et
652 2320 720 2371 ipsi
740 2334 861 2371 parem
874 2319 977 2357 nobis
990 2320 1208 2357 attrahamus
1222 2320 1323 2357 misc-

343 2379 535 2417 ricordiam
548 2396 555 2417 :
570 2380 632 2417 etsi
647 2389 973 2430 quantumcumque
987 2380 1202 2428 studeamus,
1219 2394 1321 2418 num-

344 2455 450 2490 quam
477 2441 672 2492 poterimus
701 2441 955 2491 benignitatem
982 2450 1116 2479 tantam
1136 2441 1320 2492 exhibere,

344 2510 473 2550 quanta
490 2515 551 2538 1105
565 2516 584 2538 a
598 2501 750 2551 benigno
769 2502 844 2538 Deo
861 2515 949 2552 opus
965 2500 1148 2538 habemus.
1165 2501 1323 2547 Quomo-

341 2561 388 2598 do
408 2562 518 2612 igitur
538 2575 606 2599 non
628 2561 824 2598 absurdum
843 2562 962 2610 fuerit,
985 2576 1047 2600 nos
1062 2563 1097 2600 in
1118 2572 1216 2600 tanta
1231 2563 1324 2601 indi-

341 2623 455 2673 gentia
474 2622 693 2670 constitutos,
716 2631 787 2659 tam
802 2631 964 2660 accurate
980 2637 1167 2661 conservos
1186 2633 1323 2662 nostros

340 2684 558 2732 examinare,
579 2693 612 2721 et
632 2693 752 2722 contra
772 2698 833 2721 nos
854 2684 950 2736 ipsos
977 2684 1069 2722 nihil
1099 2699 1169 2723 non
1195 2688 1322 2736 agere?

338 2746 416 2783 Non
430 2745 523 2782 enim
543 2745 591 2782 ita
610 2745 714 2782 illum
733 2745 906 2782 beneficio
919 2754 980 2783 tuo
996 2744 1185 2798 indignum
1204 2746 1321 2785 decla-

337 2820 409 2853 ras,
431 2815 469 2843 ut
488 2806 637 2857 teipsum
655 2806 723 2843 Dei
740 2805 970 2856 benignitate.
986 2807 1078 2844 Nam
1097 2807 1160 2857 qui
1180 2821 1320 2845 conser-

336 2883 422 2905 vum
451 2883 556 2906 suum
579 2877 652 2905 tam
673 2877 835 2905 accurate
862 2869 1054 2916 examinat,
1072 2870 1184 2907 multo
1205 2872 1319 2922 magis

336 2929 453 2965 Deum
485 2928 639 2979 idipsum
666 2929 853 2966 facientem
885 2928 1096 2980 experietur.
1127 2931 1180 2967 Ne
1207 2930 1318 2981 igitur
1342 2937 1366 2966 D

333 2989 522 3028 adversum
535 3004 597 3028 nos
610 2991 812 3040 loquamur,
827 2990 889 3028 sed
901 2991 1040 3028 etiamsi
1057 3001 1200 3043 propter
1212 2993 1316 3044 igna-

333 3051 430 3089 viam
445 3061 477 3089 et
493 3051 704 3089 otiositatem
718 3051 896 3099 accedant,
909 3065 1091 3101 erogemus
1110 3052 1206 3104 ipsis.
1223 3055 1314 3092 Nam

332 3111 368 3148 in
390 3111 512 3149 multis
541 3125 603 3149 nos
633 3125 695 3162 per
725 3111 906 3162 ignaviam
940 3125 1138 3162 peccamus,
1172 3113 1244 3151 imo
1276 3115 1313 3153 in

331 3172 494 3209 omnibus
508 3188 515 3208 :
528 3186 590 3209 nec
609 3186 628 3208 a
648 3172 750 3209 nobis
767 3172 888 3209 statim
913 3173 1008 3209 Deus
1029 3186 1150 3223 poenas
1170 3174 1310 3225 repetit,

329 3232 391 3269 scd
417 3242 556 3284 tempus
581 3232 643 3269 dat
666 3232 713 3269 ad
739 3232 990 3284 poenitentiam,
1013 3233 1109 3270 alens
1131 3247 1193 3271 nos
1225 3249 1310 3285 quo-

327 3291 425 3338 tidie,
441 3292 640 3337 instituens,
664 3291 806 3340 docens,
840 3300 962 3330 caetera
989 3293 1108 3330 omnia
1135 3294 1308 3332 submini-

368 3428 379 3441 ε
430 3418 477 3449 Ex
497 3419 532 3449 A.
552 3420 746 3459 recepimus.
763 3416 852 3450 Editi
874 3422 1102 3464 qtzpze‘omyeoe]

1401 1003 1496 1037 ματα
1515 990 1532 1025 ὃ
1553 988 1660 1036 Θεὸς,
1681 993 1762 1037 οἱον,
1788 990 1980 1037 ἀπόστηθι
2000 1006 2059 1027 και
2086 989 2154 1042 γὰρ
2185 992 2228 1027 ἐπ
2233 989 2344 1036 ιθέτης
2367 993 2394 1026 εἰ
2409 1018 2418 1035 ,

1400 1050 1446 1090 εἷς
1467 1047 1509 1098 μὲ
1513 1064 1529 1085 ν
1550 1049 1737 1095 ἐκκλησίαν
1754 1067 1782 1088 3.
1772 1050 1867 1088 ῗσιὼν
1889 1054 2062 1103 συνεχῶς,
2077 1050 2137 1087 καὶ
2156 1049 2269 1100 νόμων
2284 1049 2418 1087 ἀκούων

1399 1124 1467 1145 Ἕω]
1487 1110 1593 1159 {fl-(Ul,
1612 1126 1646 1147 ἓν
1671 1126 1707 1148 ΟΞ
1722 1127 1763 1163 Tr,
1786 1113 1894 1164 ἀίῢρλ
1910 1112 1969 1149 καὶ
1987 1127 2130 1163 χρυσῑΟΙ
2149 1126 2208 1148 καὶ
2233 1109 2418 1160 ἐπιθυμίαν

1398 1169 1458 1207 καὶ
1478 1170 1592 1221 ’.δῑΙίαΙ
1613 1171 1672 1208 καὶ
1688 1188 1779 1209 παπ
1784 1189 1803 1209 α
1821 1173 1977 1215 ἁπ)υιι)ς
1954 1187 2064 1224 πρῦῖῑ
2060 1187 2132 1209 utov
2147 1187 2216 1208 'tt-JV
2232 1187 2324 1208 Ξυ.(ον
2345 1172 2419 1208 {nt-

2294 1231 2322 1246 'xl

1397 1231 1602 1279 ταγυοίτων·
1624 1231 1682 1269 καὶ
1710 1247 1766 1269 νυν
1787 1248 1847 1270 μεν
1869 1233 2027 1275 ταπεινὸς
2049 1232 2186 1284 γίνῃ,υ
2166 1232 2254 1281 μετὰ
2290 1241 2326 1269 οε
2356 1231 2417 1278 την

1398 1290 1504 1341 εὐχὴν
1525 1291 1583 1328 καὶ
1602 1291 1725 1343 θρασὺς
1741 1293 1800 1330 καὶ
1821 1294 1914 1343 ὠμὸς
1932 1293 1992 1330 καὶ
2022 1294 2270 1345 ἀπάνθρωπος·
2289 1296 2306 1313 *
2320 1292 2418 1330 ἄπιθι

1388 1351 1509 1398 ιτοίνυν
1531 1353 1695 1398 ἐντεῦθεν,
1718 1353 1776 1390 καὶ
1797 1353 1923 1402 μηκέτι
1942 1368 2000 1402 μοι
2023 1353 2173 1405 πρόσιθι.
2190 1355 2313 1390 Ταῧτα
2331 1351 2416 1404 γὰρ,

1396 1411 1455 1448 καὶ
1474 1412 1602 1449 τούτων
1620 1413 1763 1451 πλείονα
1780 1414 1913 1451 ἀκούειν
1929 1409 1951 1459 7,
1956 1429 2017 1463 μεν
2039 1413 2142 1456 ἄξιοι·
2158 1414 2233 1450 ἀλλ’
2250 1412 2343 1461 ὅμως
2359 1416 2418 1451 οὖ-

1397 1471 1518 1509 &imm
1543 1477 1690 1510 τοιοῦτον
1706 1473 1801 1512 οὐδὲν
1820 1474 2006 1521 ὠνείδισεν,
2036 1474 2125 1511 ἀλλὰ
2156 1473 2215 1510 καὶ
2245 1477 2417 1524 μακροθυ-

1397 1537 1474 1581 μεῖ,
1497 1533 1556 1570 καὶ
1577 1533 1620 1570 τὰ
1639 1536 1721 1587 παρ’
1744 1537 1863 1572 ἑαυτοῦ
1883 1534 1999 1572 πάντα
2017 1536 2167 1584 πληροῖ,
2198 1534 2256 1571 καὶ
2275 1534 2417 1572 πλείονα

1396 1588 1443 1630 ὧν
1465 1596 1627 1645 αἰτοῦμεν
1645 1594 1776 1633 δίδωσι.
1802 1598 1911 1634 Ταῦτ’
1933 1589 1990 1633 οἶν
2019 1597 2231 1643 ἐννοοῦντες,
2257 1595 2416 1645 λύσωμεν

1396 1654 1460 1700 τὴν
1488 1655 1608 1693 πενίαν
1625 1662 1696 1698 τοῖς
1725 1656 1913 1707 δεομένοις,
1929 1656 1993 1694 κᾶν
2015 1657 2166 1694 ἐπίθεσιν
2186 1658 2333 1702 ποιῶσι,
2365 1655 2415 1707 μὴ

1396 1716 1716 1767 ἀκριὲολογώμεθα.
1737 1716 1910 1763 Τοιαύτης
1940 1717 2006 1769 γὰρ
2036 1717 2095 1755 καὶ
2114 1720 2216 1767 ἡμεῖς
2240 1717 2415 1769 χρῄζομεν

1397 1777 1570 1829 σωτηρίοις
1589 1780 1651 1823 τῆς
1669 1777 1757 1828 μετὰ
1777 1777 1999 1830 συγγνώμης,
2019 1781 2081 1824 τῆς
2109 1778 2197 1828 μετὰ
2216 1781 2414 1830 φιλανθρω-

1396 1837 1478 1880 πίας
1489 1868 1498 1886 ,
1512 1841 1573 1883 της
1590 1838 1677 1887 μετὰ
1693 1837 1806 1882 ἐλέους
1825 1840 1966 1877 πολλοῦ.
1985 1839 2038 1876 Οὐ
2054 1837 2122 1891 γὰρ
2137 1838 2240 1881 ἔστιν,
2255 1841 2314 1876 οὔκ
2328 1838 2414 1884 ἔστι,

1395 1900 1463 1935 τῶν
1483 1901 1558 1936 καθ’
1578 1902 1670 1949 ἡμᾶς
1687 1898 1936 1950 ἐξεταζομένων
1954 1898 2125 1949 ἀκριῧῶς,
2141 1898 2295 1945 σωθῆναί
2310 1915 2394 1937 ποτε
2406 1930 2415 1946 ,

1396 1961 1472 1997 ἀλλ’
1494 1960 1628 2010 ἀνάγκη
1651 1961 1862 2006 κολασθῆναι
1889 1959 1947 1997 καὶ
1974 1959 2163 1997 ἀπολέσθαι
2189 1959 2332 2002 πάντας.
2351 1959 2414 2005 Μὴ

1394 2020 1505 2058 τοίνυν
1525 2019 1702 2071 γινώμεθα
1733 2020 1858 2072 ἑτέρων
1872 2020 1989 2072 πικροὶ
2006 2020 2190 2067 δικασταὶ,
2206 2019 2261 2058 ἵνα
2282 2020 2329 2070 μὴ
2356 2020 2415 2059 καὶ

1395 2085 1496 2131 ἡμεῖς
1516 2082 1670 2132 ἀκριδεῖς
1694 2083 1940 2130 ἀπαιτηθῶμεν
1971 2080 2126 2123 εὐθύνας·
2147 2081 2206 2118 καὶ
2231 2081 2297 2132 γὰρ
2331 2080 2414 2133 ἔχο-

1399 2156 1459 2190 μεν
1483 2141 1722 2194 ἁμαρτήματα
1754 2140 1960 2192 συγγνώμης
1990 2140 2106 2187 πάσης
2127 2141 2289 2190 μείζονα.
2307 2142 2415 2180 ζΏστε

1397 2202 1544 2246 ἐκείνους
1566 2205 1697 2254 μᾶλλον
1718 2204 1868 2253 ἑλεῶμεν
1883 2202 1966 2246 ποὺς
1986 2202 2030 2240 τὰ
2053 2202 2280 2254 ἀσύγγνωστα
2300 2204 2417 2256 ἁμαρ-

1396 2261 1647 2310 τάνοντας,ῗνα
1665 2263 1723 2300 καὶ
1749 2263 1845 2301 αὐτοὶ
1870 2267 2022 2300 τοιοῦτον
2046 2266 2178 2307 ἑαυτοῖς
2205 2264 2415 2314 προαποθώ-

1396 2327 1483 2373 μεθα
1502 2323 1595 2361 ἔλεον
1613 2339 1620 2347 ·
1637 2324 1750 2361 καίτοι
1771 2324 1836 2361 ὅσα
1854 2323 1893 2359 ἂν
1909 2323 2216 2374 φιλοτιμησώμεθα
2228 2353 2238 2370 ,
2254 2324 2415 2363 οὐδέποτε

1396 2384 1613 2435 δυνησόμεθα
1628 2384 1788 2430 τοιαύτην
1817 2385 2018 2434 εἰσενεγκεῖν
2039 2384 2318 2438 φιλανθρωπίαν,
2343 2385 2416 2429 οἵας

1395 2446 1567 2498 χρῃζομεν
1595 2449 1697 2496 ημεῖς
1730 2445 1827 2497 παρα
1858 2462 1916 2483 του
1937 2447 2010 2482 ’φιλ
2000 2444 2179 2496 ανθρώπου
2208 2447 2310 2483 Θεου.
2331 2447 2415 2489 Πως

1395 2510 1452 2544 οὐν
1471 2521 1530 2544 ουκ
1545 2506 1685 2554 ἄτοπον,
1700 2506 1870 2544 τοσούτων
1887 2506 1985 2548 ὄντας
2001 2508 2033 2544 ἐν
2044 2504 2145 2556 γρεία
2162 2504 2283 2549 αὐτους
2295 2536 2304 2553 ‚
2320 2507 2416 2559 ἀκρι-

1395 2566 1611 2618 ὅο>ογεῖσθαι
1637 2592 1657 2605 1
1633 2583 1712 2618 -ερι
1731 2582 1807 2609 τους
1823 2566 2009 2618 ημετέρους
2024 2565 2240 2613 συνοούλους,
2257 2582 2315 2604 και
2334 2569 2412 2604 κα)’

1394 2630 1524 2665 ἑαυτῶν
1545 2628 1684 2666 ἅπαντα
1705 2633 1870 2679 πραττεῖν
1886 2644 1895 2675 3
1909 2629 1962 2665 Οὐ
1979 2626 2046 2678 γὰρ
2066 2625 2173 2670 οὕτως
2188 2629 2314 2665 ἐκεῖνον
2329 2627 2413 2666 ἀνά-

1395 2688 1462 2733 ξιον
1481 2689 1680 2741 ἀποφαίνεις
1698 2693 1758 2736 τῆς
1773 2688 1968 2741 εὐεργεσίας
1986 2691 2046 2734 τῆς
2067 2690 2204 2734 σῆς,ὡς
2217 2688 2336 2726 ἑαυτὸν
2351 2692 2412 2735 τῆς

1394 2754 1452 2788 τοῦ
1470 2753 1561 2789 Θεοῦ
1581 2750 1851 2804 φιλανθρωπίας.
1871 2750 1916 2788 ‘O
1945 2749 2012 2801 γὰρ
2042 2750 2123 2801 περὶ
2143 2750 2200 2787 τον
2227 2749 2410 2788 σύνδουλον

1393 2811 1723 2862 ἅκριέολογούμενος
1741 2812 1860 2863 πολλῷ
1884 2811 2014 2859 μᾶλλον
2035 2809 2092 2847 τὸν
2112 2810 2201 2848 Θεὸν
2226 2808 2294 2853 ἕξει
2311 2813 2411 2848 τοῦτο

1391 2877 1566 2910 ποιοῦντα.
1599 2871 1660 2916 Μὴ
1692 2871 1803 2909 τοίνυν
1831 2873 1907 2909 καθ’
1929 2872 2030 2921 ἡμῶν
2049 2869 2294 2922 φθεγγώμεθα,
2321 2870 2425 2909 ἀλλα

1391 2932 1453 2970 κᾶν
1472 2932 1527 2969 διὰ
1560 2931 1744 2984 ῥᾳθυμίαν,
1768 2931 1830 2969 κᾶν
1859 2932 1901 2968 δι’
1923 2930 2046 2982 ἀργίαν
2074 2930 2276 2981 προσίωσιν,
2308 2935 2411 2981 ἡμεῖς

1390 2993 1612 3044 παρέχωμεν.
1639 2992 1710 3030 Καὶ
1735 2991 1803 3043 γὰρ
1819 2991 1877 3028 καὶ
1896 2994 1996 3037 ἡμεῖς
2022 2990 2135 3028 πολλὰ
2162 2990 2219 3028 διὰ
2238 2990 2409 3041 ῥαθυμίαν

1388 3053 1644 3105 ἇυαρτάνοαεν,
1667 3054 1796 3102 μα))ον
1827 3051 1862 3089 δὲ
1889 3051 2003 3088 ἅπαντ
2008 3066 2028 3087 α
2056 3067 2112 3088 οια
2135 3050 2317 3103 ραθυμίαν,
2352 3051 2410 3088 καὶ

1386 3118 1447 3153 οὐκ
1464 3117 1604 3152 ἀπαιτεῖ
1621 3114 1718 3159 οίκην
1733 3128 1786 3162 ηυ
1789 3129 1828 3155 ας
1847 3111 1970 3154 εὐθέως
1999 3114 2016 3148 ὁ
2040 3111 2149 3158 Θεος,
2177 3111 2267 3149 ἀλλὰ
2292 3111 2411 3149 δίδωσι

1385 3174 1600 3227 προθεσυίαν
1616 3173 1797 3225 μετανοίας
1810 3176 1906 3222 ηυῖν,
1921 3188 2053 3224 τρες-οων
2068 3174 2144 3210 καθ’
2160 3171 2308 3218 εκάστην
2320 3172 2411 3221 ἡμε-

1387 3251 1463 3286 ραν,
1484 3234 1671 3278 παιδεύων,
1700 3232 1883 3280 διδάσκων,
1903 3233 1946 3270 τὰ
1982 3233 2070 3270 ἄλλα
2095 3232 2210 3270 πάντα
2234 3234 2409 3283 χορηγῶν,

1382 3296 1437 3333 ἵνα
1452 3295 1511 3333 καὶ
1526 3298 1627 3344 ἡμεῖς
1644 3293 1853 3343 ζηλώσωμεν
1872 3295 1975 3331 αὐτοῦ
1994 3293 2052 3331 τὸν
2074 3293 2168 3331 ἔλεον
2188 3296 2318 3331 τοῦτον.
2335 3294 2413 3330 Κα-

1430 3425 1446 3439 ⁸²
1471 3425 1531 3465 [A.
1551 3430 1582 3456 et
1598 3434 1701 3465 marg.
1721 3421 1822 3455 Savil.
1843 3423 2066 3464 ἀπαλλάγηθι]
