2502 3810
182 1223 251 1251 Gal.
265 1221 296 1250 6.
315 1222 360 1258 14.

176 1344 254 1373 lhid.
266 1352 295 1372 2.
312 1353 362 1374 20.

179 1712 207 1731 2.
224 1703 295 1731 Cor.
309 1702 340 1743 [5.

180 1755 226 1784 18.

393 271 405 291 s
428 272 439 289 Ι
458 272 472 293 s

379 294 475 327 ψ’μι

379 363 507 400 minem
528 362 587 398 ille
601 368 712 397 curat.
727 357 953 395 Tentationes
971 367 1102 406 autem,
1116 359 1357 410 ssage1137ca1·-

378 436 472 459 ceres
498 422 545 457 ita
566 418 770 464 contemnit,
791 432 832 455 ac
857 418 886 455 si
913 418 950 455 in
972 419 1086 456 alieno
1113 433 1259 471 corpore
1280 419 1357 456 haec

376 489 564 532 pateretur,
594 488 628 516 et
650 492 691 515 ac
711 478 738 515 si
767 478 993 516 adamantino
1013 489 1101 517 esset
1125 493 1293 531 corpore;
1319 493 1358 516 ea

374 549 504 587 autem,
518 554 596 589 quae
613 539 737 576 suavia
751 539 786 576 in
807 539 874 576 hac
891 539 963 577 vita
978 549 1073 588 sunt,
1090 540 1139 577 ita
1157 539 1308 587 deridet,
1326 549 1359 577 et

375 614 456 651 erga
476 600 536 637 illa
559 600 774 637 insensibilis
795 609 860 650 est,
878 610 918 637 ut
936 615 1000 638 nos
1017 615 1098 652 erga
1122 610 1261 638 mortua
1283 615 1358 638 cor-

374 675 473 712 pora,
494 661 548 699 vel
566 674 607 698 ac
634 660 663 698 si
690 660 755 712 ipsi
781 661 913 698 mortui
933 661 1054 698 simus.
1074 662 1234 698 Tantum
1253 675 1358 712 porro

373 720 482 768 abest,
502 729 540 757 ut
558 720 679 770 aliquo
699 720 827 757 affectu
845 720 1017 772 capiatur,
1041 730 1214 770 quantum
1232 734 1358 758 aurum

373 781 454 831 igne
476 781 665 832 probatum
683 790 717 818 et
735 795 869 833 purum
888 795 908 818 a
929 780 1096 818 sordibus
1120 781 1272 818 liberum
1292 791 1356 818 est.

827 280 865 308 S.
902 279 1086 309 JOANNIS

374 842 473 880 Sicut
483 842 577 879 enim
587 856 715 879 muscae
728 843 764 879 in
780 841 934 879 mediam
948 842 1129 879 flammam
1140 855 1209 879 non
1226 842 1359 879 incide·
1381 853 1404 882 B

373 902 459 951 rint,
482 902 543 940 sed
563 902 705 953 fugiunt
727 918 734 938 :
753 902 803 940 sic
825 917 887 939 nec
905 902 1013 939 animi
1033 903 1179 939 affectus
1200 902 1245 939 ad
1264 903 1360 940 hunc

374 963 494 1013 ignem
512 962 676 1000 accedere
692 962 833 1000 audent.
853 962 901 999 Et
915 963 1046 1000 horum
1056 963 1188 1001 vellem
1198 963 1361 1014 exempla

375 1038 419 1061 cx
439 1024 540 1061 nobis
560 1024 647 1075 ipsis
667 1025 848 1076 proferre3
869 1024 949 1075 quia
970 1037 1054 1063 vero
1076 1024 1198 1075 inopes
1217 1038 1361 1071 sumus,

376 1098 512 1122 necesse
526 1094 588 1132 est,
607 1094 645 1122 ut
665 1085 711 1121 ad
730 1085 834 1122 illum
855 1085 974 1136 ipsum
997 1085 1254 1135 confugiamus.
1268 1084 1364 1123 Vide

377 1154 514 1194 autem,
543 1145 721 1195 quomodo
752 1145 812 1182 ille
837 1145 911 1196 ipse
936 1159 1019 1196 erga
1044 1154 1159 1182 totum
1186 1144 1364 1182 mundum

377 1202 524 1244 affectus
535 1208 745 1244 esset.Mihi
756 1207 920 1244 mundus
933 1207 1141 1258 crucifixus
1153 1214 1220 1253 est,
1237 1206 1364 1256 inquit,

379 1276 415 1305 et
433 1281 500 1319 ego
520 1268 662 1304 mundo
674 1267 727 1314 3id
744 1276 805 1315 cst,
820 1269 984 1304 Mortuus
1000 1281 1079 1304 sum
1095 1266 1243 1315 mundo,
1258 1275 1289 1303 et
1305 1266 1366 1303 ille

379 1328 468 1365 mihi
487 1338 648 1366 mortuus
667 1337 728 1366 est.
751 1327 799 1364 Et
822 1341 963 1364 rursum
982 1343 989 1363 :
1018 1329 1113 1365 Vivo
1137 1336 1265 1364 autem
1278 1329 1365 1378 jam

380 1404 457 1426 non
478 1403 560 1440 egO,
578 1391 679 1426 vivit
696 1402 790 1425 vero
811 1391 851 1424 ιή
871 1402 930 1425 me
945 1387 1231 1425 Clzristus.Haec
1245 1386 1365 1424 dicere

375 1448 488 1485 solius
503 1457 553 1485 cst
572 1448 688 1486 Pauli.
703 1449 775 1485 Nos
795 1457 911 1484 autem
925 1447 987 1498 qui
1007 1457 1038 1484 ta
1046 1456 1144 1484 utum
1160 1447 1206 1484 ab
1225 1447 1288 1483 illo
1299 1447 1365 1483 ab·-

378 1523 511 1558 sumus,
530 1518 700 1559 quantum
721 1509 846 1546 caelnm
863 1522 883 1545 a
898 1517 1004 1554 terra,
1026 1522 1088 1545 nos
1106 1507 1365 1545 abscondamus

378 1584 419 1608 ac
439 1584 549 1621 neque
568 1584 604 1608 os
626 1570 762 1622 aperire
781 1568 1103 1614 audeamus.Quod
1125 1578 1242 1606 autem
1262 1570 1363 1618 quasi

379 1631 415 1668 in
434 1630 625 1668 solitudine
642 1639 741 1675 esset,
759 1630 851 1666 etsie
865 1628 1048 1679 praesentia
1060 1628 1260 1679 respiceret,
1278 1629 1364 1666 au-di

378 1691 482 1728 illum
498 1691 692 1728 dicentem:
707 1691 796 1726 Non
809 1689 1141 1724 considerantibus
1158 1690 1266 1724 nobis
1280 1702 1364 1739 quoe

378 1754 575 1799 videnlur,
587 1753 654 1789 sed
667 1765 751 1803 quse
766 1764 843 1786 non
858 1748 1157 1794 ‘videntur-Quid
1173 1748 1263 1786 dicis
1275 1749 1292 1786 ἶ)
1304 1752 1364 1786 At-

376 1813 438 1863 qui
461 1821 580 1849 contra
601 1825 707 1862 quam
726 1810 830 1859 dicis,
851 1824 906 1847 rcs
926 1824 963 1847 se
984 1809 1091 1846 habet
1107 1825 1114 1845 :
1132 1823 1214 1846 nam
1234 1810 1363 1847 invisi-

375 1873 463 1911 bilia
477 1887 545 1910 non
558 1873 737 1921 videmus,
751 1881 783 1909 ct
795 1871 952 1910 visibilia
966 1870 1147 1908 videmus.
1159 1871 1289 1917 Quales
1299 1871 1363 1911 ha-

375 1933 484 1971 bebas
503 1933 637 1979 oculos,
658 1933 744 1970 tales
763 1941 867 1979 sunt,
881 1931 941 1982 qui
962 1945 981 1968 a
997 1931 1140 1968 Christo
1159 1930 1255 1968 dati:
1272 1931 1365 1970 sicut

376 1995 470 2032 enim
488 1994 527 2031 hi
544 1993 704 2032 visibilia
723 1993 870 2043 quidem
890 1991 1012 2030 vident
1027 2022 1038 2041 ‚
1062 1991 1259 2029 invisibilia
1279 2006 1364 2030 vero

377 2069 445 2092 non
465 2055 588 2093 vident
606 2070 613 2090 :
632 2054 681 2091 sic
703 2054 756 2091 illi
784 2062 928 2091 contra:
950 2067 1052 2090 nemo
1082 2053 1143 2103 qui
1168 2053 1364 2091 invisibilia

376 2116 508 2164 videat,
526 2115 684 2154 visibilia
701 2114 821 2160 videt3
844 2128 946 2151 nemo
963 2113 1025 2164 qui
1051 2113 1210 2151 visibilia
1225 2113 1363 2159 videat,

377 2178 573 2215 invisibilia
592 2177 702 2216 videt.
724 2180 849 2214 Annon
869 2177 975 2214 etiam
1004 2176 1101 2228 apud
1126 2191 1188 2214 nos
1209 2177 1278 2215 hoc
1295 2177 1363 2214 fit?

378 2239 530 2283 Quando
551 2238 645 2275 enim
664 2251 830 2274 conversa
846 2246 961 2274 mente
976 2251 1021 2274 ex
1037 2237 1282 2274 invisibilibus
1298 2238 1365 2274 ali·
1386 2256 1410 2284 1)

379 2299 467 2348 quid
486 2298 698 2348 cogitamus,
717 2297 887 2334 sublimes
908 2297 1010 2333 nobis
1026 2306 1106 2333 sunt
1120 2297 1364 2348 operationum

380 2358 485 2396 oculi.
500 2359 773 2395 Contemnamus
792 2357 966 2406 gloriam;
987 2356 1097 2393 rideri
1117 2357 1241 2406 magis,
1256 2371 1364 2406 quam

379 2418 519 2455 laudari
534 2417 699 2455 velimus.
713 2417 805 2453 Nam
823 2416 883 2465 qui
897 2415 1076 2462 irridetur,
1095 2415 1183 2452 nihil
1197 2415 1358 2465 laeditur3

380 2480 442 2530 qui
456 2478 634 2525 laudatur,
653 2477 820 2514 multum.
834 2478 885 2513 Nc
906 2475 1026 2527 magni
1039 2476 1210 2514 faciamus
1225 2490 1274 2525 ea,
1288 2490 1364 2526 quae

380 2541 539 2578 homines
558 2547 708 2584 terrent3
727 2537 788 2574 scd
808 2537 850 2574 iis
870 2546 909 2573 ut
924 2536 967 2573 de
986 2536 1116 2587 puerili
1136 2537 1216 2574 lusu
1237 2546 1365 2575 tracte-

381 2616 461 2638 mus
478 2616 485 2635 :
507 2614 617 2650 neque
633 2598 737 2640 enim,
755 2598 784 2634 si
802 2611 905 2647 quem
924 2596 1110 2634 videamus
1124 2598 1291 2648 puerulos
1307 2613 1368 2636 ex-

382 2671 582 2707 terrentem‚
598 2660 713 2711 ipsum
725 2658 965 2695 admiramur:
978 2671 1059 2694 narn
1074 2658 1235 2708 quisquis
1249 2667 1368 2708 terret,

382 2723 550 2775 puerulos
565 2729 672 2758 terret
687 2736 696 2767 3
716 2720 833 2757 virum
848 2733 999 2769 namque
1014 2728 1144 2756 terrere
1158 2733 1227 2757 non
1244 2721 1365 2771 possit.

383 2784 430 2821 Et
445 2780 744 2833 quemadmodum
764 2780 824 2829 qui
846 2788 987 2827 terrent,
1007 2780 1064 2817 vel
1081 2781 1270 2831 supercilia
1291 2795 1369 2818 sur-

385 2845 519 2895 rigunt,
535 2844 592 2882 vel
608 2843 711 2879 aliter
727 2841 866 2878 vultum
884 2840 1129 2890 distorquent3
1147 2851 1182 2878 at
1195 2842 1223 2879 si
1243 2856 1367 2880 sanum
1390 2851 1415 2881 E.

385 2915 417 2943 ct
427 2913 649 2942 mansuetum
664 2902 808 2939 oculum
822 2901 986 2948 habeant,
1002 2902 1069 2939 hoc
1081 2902 1193 2939 facere
1206 2917 1275 2940 non
1288 2917 1369 2955 pos-

387 2970 455 3006 sint
471 2984 479 3004 :
500 2967 550 3005 sic
568 2966 652 3004 ethi
671 2964 973 3017 perspicacitatem
994 2965 1121 3002 mentis
1138 2965 1367 3016 distorquen-

388 3039 450 3077 tes,
471 3029 538 3065 hoc
558 3027 703 3065 faciunt.
729 3027 852 3076 Itaque
881 3035 1105 3062 mansuetum
1133 3026 1312 3064 hominem
1337 3036 1370 3064 et

387 3092 487 3128 bonae
507 3089 632 3126 animae
652 3101 752 3124 nemo
772 3095 937 3134 exterret7
959 3085 1019 3123 sed
1039 3085 1142 3123 illum
1160 3101 1369 3125 veneramur

389 3165 508 3189 omncs
522 3181 530 3194 ‚
561 3150 796 3194 honoramus,
821 3160 1032 3184 reveremur.
1062 3148 1186 3184 Annon
1216 3147 1366 3198 videtis,

390 3210 566 3262 quomodo
586 3210 627 3257 is,
643 3208 703 3259 qui
718 3207 887 3245 terribilis
903 3216 965 3255 est,
985 3207 1150 3244 omnibus
1169 3207 1214 3245 sit
1233 3208 1369 3246 invisus

389 3282 421 3310 ct
447 3269 730 3309 abominandus?
747 3267 846 3314 Quid
873 3267 967 3304 enim
986 3281 1030 3305 ex
1059 3267 1118 3316 iis,
1140 3282 1216 3318 quae
1242 3277 1371 3306 terrere

436 3394 450 3406 ⁴
469 3394 477 3431 s
494 3398 605 3428 ὀποῖως
622 3389 821 3421 adscivimus
839 3400 877 3420 ex
896 3390 931 3422 A.
945 3389 980 3420 B.
994 3388 1031 3422 C.
1046 3396 1078 3420 et
1091 3388 1190 3421 Savil.
1209 3395 1304 3427 :2390-
1318 3401 1392 3421 cum

393 3445 430 3475 l).
447 3441 604 3474 Commel.
621 3448 653 3472 et
668 3439 802 3480 Mouffi]

1121 278 1359 308 CHRYSOST.
1398 278 1604 309 ARCfflEP.
1642 279 1994 310 CONSTANTINOP-

1429 358 1526 406 δόξης
1543 359 1601 397 καὶ
1622 359 1762 409 ἀτιμίας
1777 375 1784 383 ·
1802 361 1878 397 ἀλλ’
1897 359 2014 410 ὥσπερ
2032 358 2071 396 ἂν
2089 360 2117 396 εἷ
2143 357 2242 408 μόνος
2263 359 2365 395 οἰκῶν
2386 359 2443 396 οὗ-

1429 418 1520 462 δενὸς
1539 418 1576 455 ἂν
1594 419 1802 471 ἐφρόντισεν,
1822 419 1927 462 οὕτως
1946 419 2020 457 οὐδὲ
2038 419 2114 457 τότε
2134 421 2150 456 ὃ
2169 421 2319 460 τοιοῦτος
2339 433 2443 469 φρον-

1428 480 1525 523 τίζει.
1546 481 1758 531 Πειρασμῶν
1778 479 1812 517 δὲ
1834 479 1923 516 οὕτω
1945 484 2153 532 καταφρονεῖ
2179 478 2237 516 καὶ
2267 477 2444 528 μαστίγων

1429 541 1489 579 καὶ
1517 540 1779 592 δεσμωτηρίων,
1797 539 1916 592 ὥσπερ
1941 540 1981 576 ἂν
2003 543 2031 578 εἷ
2057 544 2090 578 ἐν
2111 540 2280 592 ἀλλοτρίῳ
2308 538 2444 588 σώματι

1428 607 1537 640 ταῦτα
1563 601 1728 653 ἔπασχεν,
1749 600 1770 646 ἢ
1791 600 1908 652 ὤσπερ
1925 599 1966 637 ἂν
1986 602 2015 637 εἷ
2030 602 2260 650 ἀδαμάντινον
2278 599 2446 645 ἐκέκτητο

1430 666 1533 713 σῶμα
1549 678 1556 685 ·
1573 664 1640 699 τῶν
1660 662 1694 700 δὲ
1709 662 1820 708 ἡδέων
1840 665 1908 699 τῶν
1928 662 1963 698 ἓν
1985 663 2034 712 τῷ
2053 660 2117 712 βίῳ
2133 660 2222 699 οὕτω
2241 661 2420 711 καταγελᾷ
2436 690 2444 704 ,

1429 724 1488 762 καὶ
1503 723 1752 770 ἀνεπαίσθητος
1770 724 1881 760 αὐτῶν
1899 723 2004 769 ἔστιν,
2021 721 2138 773 ὥσπερ
2153 723 2220 758 τῶν
2235 724 2362 772 νεκρῶν
2380 736 2447 758 σω-

1432 785 1549 836 μάτων
1567 788 1681 833 ἡμεῖς,
1700 783 1722 828 ἢ
1741 783 1836 821 αὐτοὶ
1855 783 1948 826 ὄντες
1964 781 2091 833 νεκροί.
2112 783 2284 819 Τοσοῦτον
2304 781 2339 818 δὲ
2360 781 2447 834 ἀπέ-

1429 862 1484 898 χει
1510 846 1639 882 ἁλῶναι
1659 844 1762 882 πάθει
1775 844 1861 891 τινὶ,
1875 843 1953 881 ὅσον
1971 843 2098 894 χρυσὸς
2116 841 2329 895 πυρούμενος
2345 844 2362 878 ὃ
2380 857 2445 878 κα-

1430 907 1531 959 θαρὸς
1551 907 1590 943 ἂν
1619 905 1809 956 ἀπόσχοιτο
1835 905 1985 951 κηλῖδος.
2011 902 2151 954 (Ὠσπερ
2169 902 2237 953 γὰρ
2272 907 2370 952 μυῖαι
2402 903 2447 945 εἷς

1431 967 1540 1016 μέσην
1555 966 1664 1017 φλόγα
1684 966 1744 1003 οὐκ
1764 965 1803 1002 ἂν
1827 963 2022 1015 ἐμπέσοιεν,
2039 962 2130 1001 ἀλλὰ
2149 961 2341 1013 φεύγουσιν,
2359 962 2448 999 οὕτω

1428 1028 1486 1066 καὶ
1508 1027 1551 1064 τὰ
1570 1026 1662 1073 πάθη
1683 1026 1758 1064 οὐδὲ
1781 1024 1881 1076 ἐγγὺς
1899 1025 2059 1076 γενέσθαι
2086 1023 2208 1061 τούτου
2231 1024 2357 1074 τολμᾷ.
2379 1023 2449 1060 Καὶ

1429 1087 1556 1126 τούτων
1584 1086 1776 1136 ἔδουλόμην
1805 1085 1866 1135 μὲν
1896 1087 1952 1137 ἀφ’
1982 1087 2082 1134 ἡμῶν
2108 1083 2153 1121 τὰ
2181 1083 2450 1134 παραδείγματα

1429 1154 1644 1199 παραγαγεῖν
1666 1146 1850 1184 δύνασθαι·
1873 1145 1991 1191 ἐπειδὴ
2020 1144 2055 1183 δὲ
2078 1146 2287 1195 ἀποροῦμεν,
2312 1143 2447 1194 ἀνάγκη

1431 1209 1515 1260 πρὸς
1531 1208 1630 1246 αὐτὸν
1650 1211 1768 1244 τοῦτον
1789 1211 2010 1257 καταφυγεῖν.
2028 1204 2124 1255 υΟρα
2143 1208 2224 1253 γοῦν
2241 1204 2344 1241 αὐτὸν
2366 1204 2452 1256 πρὸς

1431 1269 1545 1307 πάντα
1563 1269 1621 1306 τὸν
1637 1267 1766 1318 κόσμον
1785 1270 1859 1308 πῶς
1879 1266 2037 1303 διέκειτο.
2054 1265 2158 1314 Ἐμοὶ
2181 1263 2309 1314 κόσμος
2327 1264 2453 1302 ἐσταύ-

1435 1345 1540 1383 ρωται
1556 1359 1564 1376 ,
1594 1328 1699 1380 φησὶ,
1736 1327 1834 1377 κάγὼ
1865 1329 1915 1379 τῷ
1951 1325 2071 1376 κόσμῳ
2089 1341 2096 1348 ·
2127 1323 2302 1371 τουτέστι,
2337 1324 2455 1377 νεκρός

1433 1393 1505 1440 εἶμι
1522 1393 1572 1441 τῷ
1594 1389 1741 1440 κόσμῳ,
1771 1391 1927 1429 κάκεῖνος
1955 1386 2033 1436 ἐμοὶ
2062 1384 2190 1436 νεκρός.
2222 1385 2292 1422 Καὶ
2323 1384 2427 1422 πάλιν
2445 1400 2453 1407 ·

1433 1453 1492 1488 Ζῶ
1513 1450 1547 1488 δὲ
1567 1450 1681 1488 οὐκέτι
1713 1449 1780 1500 ἐγὼ
1793 1479 1802 1495 ,
1854 1451 1875 1499 ἦ
1903 1447 1938 1486 δὲ
1968 1449 2002 1484 ἐν
2035 1446 2112 1496 ἐμοὶ
2148 1446 2309 1499 Χριστός.
2340 1447 2454 1483 Τοῦτο

1434 1512 1536 1561 μόνον
1562 1510 1702 1547 Παύλου
1731 1509 1843 1560 λέγειν
1884 1507 1975 1545 ἐστὶν
1987 1536 1995 1552 ,
2019 1510 2118 1556 ἡμῶν
2156 1506 2192 1543 δὲ
2225 1508 2293 1542 τῶν
2327 1505 2455 1543 ἐκείνου

1387 1583 1409 1613 C
1431 1576 1590 1609 τοσοῦτον
1609 1568 1906 1618 ἀπολειπομένων,
1920 1568 1999 1606 ὅσον
2020 1570 2082 1612 τῆς
2097 1569 2161 1616 γ’ῆς
2178 1569 2195 1603 ὃ
2211 1566 2352 1616 οὐρανὸς
2366 1595 2375 1611 ,
2398 1567 2454 1616 ε’γ-

1431 1630 1691 1676 καλύπτεσθαι,
1713 1632 1759 1672 ὥς
1778 1628 1866 1678 μηδὲ
1884 1629 1924 1665 τὸ
1941 1628 2053 1676 στόμα
2074 1628 2189 1678 διᾶραι
2204 1627 2349 1676 τολμᾷν.
2368 1624 2453 1664 εΌτι

1432 1692 1466 1729 δὲ
1489 1695 1534 1734 ὡς
1554 1694 1586 1729 ἐν
1607 1689 1736 1741 ἐρημία
1763 1684 1818 1736 ἦν,
1850 1688 1910 1726 καὶ
1938 1687 2046 1730 οὕτως
2079 1685 2170 1739 ἑώρα
2200 1685 2244 1723 τὰ
2272 1686 2451 1737 παρόντα,

1432 1753 1535 1790 ἄκουε
1550 1754 1655 1789 αὐτοῦ
1676 1751 1834 1801 λέγοντος
1847 1765 1855 1772 ·
1870 1748 1933 1795 Μὴ
1950 1747 2169 1786 σκοπούντων
2190 1749 2288 1797 ἡμῶν
2308 1746 2352 1784 τὰ
2372 1749 2451 1798 βλε-

1431 1813 1593 1863 πόμενα,
1624 1811 1713 1849 ἀλλὰ
1743 1810 1786 1848 τὰ
1816 1809 1863 1859 μὴ
1894 1808 2104 1860 βλεπόμενα.
2135 1807 2183 1845 Τί
2215 1807 2346 1858 λέγειςς
2382 1808 2452 1845 Καὶ

1433 1874 1501 1925 μὴν
1523 1874 1562 1911 τὸ
1585 1872 1735 1911 ἐναντίον
1758 1866 1795 1909 οἷ
1812 1870 1924 1922 λέγεις
1951 1870 2044 1908 ἐστι’·
2069 1869 2113 1906 τὰ
2141 1868 2203 1918 μὲν
2231 1868 2298 1920 γὰρ
2319 1869 2451 1920 ἀόρατα

1433 1937 1470 1974 οὗ
1491 1934 1677 1986 βλέπομεν,
1692 1933 1736 1971 τὰ
1756 1933 1791 1970 δὲ
1810 1931 1918 1984 ὁρατὰ
1935 1929 2123 1982 βλέπομεν.
2141 1929 2336 1974 ἸμΟποίους
2351 1929 2452 1982 ἔσχες

1433 1994 1646 2048 ὀφθαλμοὺς,
1661 1993 1810 2032 τοιοῦτοί
1830 1994 1914 2031 εἶσιν
1932 1993 1963 2029 οἱ
1979 1991 2075 2044 παρὰ
2097 1994 2156 2029 τοῦ
2179 1993 2332 2043 Χριστοῦ
2353 1991 2451 2028 δεδο-

1436 2057 1551 2107 μένοι·
1574 2055 1731 2108 καθάπερ
1747 2054 1814 2106 γὰρ
1829 2049 1922 2091 οὗτοι
1937 2052 1981 2090 τὰ
2001 2051 2062 2103 μὲν
2082 2052 2244 2104 ὁρώμενα
2264 2053 2390 2103 ὁρῶσι,
2408 2051 2453 2089 τὰ

1435 2118 1469 2155 δὲ
1484 2119 1548 2169 οὐχ
1562 2116 1722 2168 ὁρώμενα
1738 2117 1803 2166 οὐχ
1818 2117 1960 2168 ὁρῶσιν·
1982 2112 2088 2155 οὕτως
2104 2115 2227 2150 ἐκεῖνοι
2245 2112 2452 2150 τούναντίον·

1434 2179 1542 2221 οὐδεὶς
1556 2178 1599 2215 τὰ
1621 2176 1754 2228 ἀόρατα
1772 2175 1925 2226 βλέπων,
1940 2173 1985 2212 τὰ
2000 2173 2108 2226 ὁρατὰ
2131 2173 2267 2223 βλέπει·
2285 2172 2393 2215 οὐδεὶς
2410 2171 2454 2209 τὰ

1434 2237 1593 2288 ὁρώμενα
1626 2236 1775 2288 βλέπων,
1809 2235 1854 2273 τὰ
1884 2235 2017 2285 ἀόρατα
2049 2233 2181 2284 βλέπει.
2204 2230 2255 2270 Ἢ
2286 2232 2364 2284 οὐχὶ
2394 2231 2453 2270 καὶ

1433 2301 1515 2349 παρ’
1536 2301 1620 2347 ἡμῖν
1647 2300 1747 2334 τοῦτο
1777 2296 1927 2344 γίνεται;
1950 2294 2064 2332 “Όταν
2095 2294 2185 2345 ὃγὰρ
2206 2294 2264 2332 τὸν
2296 2297 2372 2332 νοῦν
2397 2309 2453 2330 συ-

1435 2357 1640 2409 στρέψαντες
1670 2355 1888 2406 λογιζώμεθοί
1922 2370 1956 2391 τι
1983 2358 2051 2391 τῶν
2081 2355 2250 2404 ἀοράτων,
2285 2353 2452 2405 μετέωροι

1433 2419 1500 2454 τῶν
1524 2418 1700 2467 ἐνεργειῶν
1728 2419 1810 2465 ἡμῖν
1841 2414 1992 2466 γίνονται
2018 2416 2052 2451 αἵ
2083 2414 2190 2465 ὄψεις.
2221 2414 2452 2466 Καταφρονη-

1436 2493 1549 2527 σωμεν
1572 2477 1692 2522 δόξης,
1720 2477 1886 2526 γελᾶσθαι
1921 2474 2126 2525 βουλώμεθα
2147 2475 2290 2524 μᾶλλον,
2306 2474 2329 2519 ἢ
2352 2477 2452 2512 ἐπαι-

1436 2541 1578 2575 νεῖσθαι.
1603 2537 1647 2575 ‘O
1667 2537 1728 2581 μὲν
1744 2535 1812 2587 γὰρ
1828 2535 2041 2586 γελώμενος,
2072 2534 2165 2571 οὐδὲν
2201 2535 2415 2585 βλάπτεται·
2436 2539 2454 2574 ὃ

1437 2598 1471 2637 δὲ
1505 2598 1765 2646 ἐπαινούμενος,
1797 2595 1944 2646 μεγάλα.
1976 2594 2036 2640 Μὴ
2067 2594 2157 2646 μέγα
2187 2598 2365 2648 φρονῶμεν
2401 2596 2457 2633 ἐπὶ

1436 2666 1506 2703 τοῖς
1541 2658 1724 2711 ἐκφοὸοῦσι
1756 2657 1832 2700 τοὺς
1866 2655 2086 2708 ἀνθρώπους,
2118 2656 2196 2694 ἀλλ’
2225 2659 2271 2700 ὡς
2301 2656 2358 2694 ἐπὶ
2389 2658 2456 2693 τῶν

1438 2720 1570 2758 παίδων
1597 2723 1698 2757 τοῦτο
1726 2717 1954 2770 πράττωμεν·
1977 2716 2052 2754 οὐδὲ
2073 2715 2141 2767 γὰρ
2162 2716 2195 2753 εἴ
2213 2732 2291 2753 τινα
2326 2716 2456 2766 ἴδοιμεν

1438 2781 1650 2831 ἓκφοὸοῧντα
1674 2778 1815 2824 παιδία,
1848 2776 2065 2826 Θαυμάζομεν
2086 2781 2224 2813 τοῦτον·
2254 2779 2284 2813 εἷ
2314 2776 2381 2828 γάρ
2406 2793 2458 2819 τις

1438 2842 1557 2894 φοὲεῖ,
1577 2839 1701 2878 παιδία
1716 2840 1835 2891 <poest-
1857 2839 1965 2890 ἄνδρα
1981 2837 2049 2889 γὰρ
2072 2838 2134 2874 οὐκ
2151 2836 2190 2874 ἂν
2211 2836 2374 2875 ι’δύναιτο
2398 2853 2456 2889 φο-

1439 2904 1522 2941 Εεῖν.
1543 2901 1612 2939 Καὶ
1629 2901 1786 2951 καθάπερ
1807 2902 1837 2937 οἳ
1857 2899 2099 2950 ἐκφοὸοῦντες,
2119 2897 2140 2943 ἢ
2157 2897 2219 2940 τὰς
2253 2898 2458 2949 βλεφαρίδας

1439 2963 1596 3004 ἕλκοντες
1620 2962 1711 3007 ἅνω,
1737 2960 1759 3005 ἢ
1789 2961 1901 3002 ἄλλως
1918 2960 1958 2997 τὸ
1976 2959 2162 3010 πρόσωπον
2195 2959 2458 3010 διαστρέφοντες

1439 3029 1542 3062 τοῦτο
1571 3026 1740 3067 ποιοῦσιν,
1762 3020 1908 3070 ὑγιεινὸν
1939 3019 1974 3057 δὲ
2004 3019 2140 3071 ἔχοντες
2173 3019 2232 3057 καὶ
2258 3019 2388 3070 ἥμερον
2419 3019 2458 3056 τὸ

1440 3086 1554 3135 ὄμμα,
1574 3084 1635 3121 οὐκ
1652 3081 1691 3118 ἂν
1710 3081 1865 3119 δύναιντο
1891 3083 1992 3118 τοῦτο
2021 3083 2165 3126 ποιῆσαι
2181 3096 2188 3103 ·
2217 3079 2307 3118 οὕτω
2330 3079 2370 3127 δὴ
2399 3080 2458 3118 καὶ

1441 3141 1555 3193 οὗτοι,
1586 3144 1625 3181 τὸ
1658 3141 1852 3194 διορατικὸν
1895 3144 1956 3186 τῆς
1990 3140 2141 3184 διανοίας
2176 3140 2456 3192 διαστρέφοντες,

1441 3211 1540 3244 τοῦτο
1559 3206 1726 3242 ποιοῦσιν.
1743 3200 1855 3238 εΏστε
1873 3200 2002 3251 ἥμερόν
2022 3217 2061 3252 γε
2080 3201 2257 3252 ἄνθρωπον
2277 3201 2336 3239 καὶ
2353 3201 2457 3239 καλὸν

1444 3270 1486 3319 τῇ
1505 3267 1600 3317 ψυχῇ
1618 3263 1725 3305 οὐδεὶς
1743 3262 1780 3298 ἂν
1802 3261 1991 3312 φοὸηθείη,
2009 3263 2085 3299 ἀλλ’
2109 3262 2296 3311 αἰδούμεθα
2310 3261 2436 3305 πάντες
2448 3291 2458 3310 ,

1501 3397 1513 3411 ‘¹
1533 3391 1589 3430 γάρ
1605 3383 1697 3415 deest
1714 3382 1745 3413 in
1764 3393 1828 3415 uno
1844 3381 1976 3414 Codice.

1503 3439 1519 3462 b
1540 3435 1600 3468 Alii
1617 3437 1747 3469 δύναται.
