2502 3810
307 240 428 302 ⁴340
774 250 810 278 S.
851 246 1033 278 Josxxls
1066 245 1305 274 CHRYSOST.
1344 244 1553 274 ARCfflEP.
1593 244 1949 274 CONSTANTINOP-

143 358 168 376 ι,
187 348 251 376 co„
275 348 322 378 13,
341 335 471 385 ,Παίων
481 334 650 368 omnium
663 336 717 366 est
736 329 892 373 caritas,
905 324 1031 374 inquit.
1046 325 1148 361 Nunc
1162 336 1245 361 vero
1262 336 1319 359 ca-

141 397 152 418 ¹
160 388 176 416 ³
183 410 188 415 ’
338 395 422 431 ritas
430 392 666 444 periclitatur:
678 388 792 425 solum
802 385 934 435 quippe
941 397 1066 420 nomen
1074 384 1149 434 ejus
1156 383 1320 420 relictum

338 462 400 499 est,
415 465 501 503 opus
515 463 597 487 vero
608 459 796 496 nusquam,
812 444 873 481 sed
886 443 994 480 divisi
1008 442 1230 480 sumusinter
1239 456 1315 479 nos.

391 513 426 548 5.
448 509 543 556 Quid
558 508 666 558 igitur
689 504 865 556 agendum
882 512 922 540 ut
937 502 1209 541 connectamur?
1237 516 1321 539 nam

336 569 590 622 reprehendere
615 566 718 603 facile
748 573 820 613 est,
845 564 905 602 sed
928 564 996 601 hoc
1020 563 1215 600 dimidium
1242 571 1320 599 tan·

338 641 426 668 tum.
444 631 568 678 Itaque
591 624 859 663 monstrandum
881 632 942 673 est,
957 622 1133 674 quomodo
1160 630 1321 660 nectatur

333 688 505 726 amicitia:
521 687 587 724 hoc
610 686 701 723 enim
728 683 926 722 curandum
954 681 1132 734 quomodo
1159 681 1318 719 membra

332 748 474 786 divulsa
484 755 739 785 connectamus.
748 746 870 795 Neque
880 744 947 782 hoc
957 753 1096 781 tantum
1108 743 1316 793 quaerimus,

331 822 375 845 an
397 822 504 845 unam
520 807 715 845 Ecclesiam
730 806 789 844 vel
812 819 923 842 unum
945 803 1074 855 dogma
1100 803 1313 853 habeamus,

333 870 394 908 sed
413 870 480 906 hoc
495 883 603 920 grave
631 877 696 916 est,
713 867 809 918 quod
830 881 911 904 cum
930 866 964 903 in
985 866 1063 903 aliis
1080 875 1205 903 mutuo
1222 878 1316 902 com-

335 931 569 976 municemus,
592 930 626 967 in
650 928 853 967 necessariis
870 942 939 965 non
961 927 1273 973 communicemus,
1285 934 1318 963 et

332 1007 416 1030 cum
437 992 600 1030 omnibus
625 1004 748 1042 pacem
774 989 942 1026 habentes
955 1018 964 1036 ,
984 988 1076 1025 inter
1097 1001 1159 1025 nos
1181 987 1314 1024 dissen-

330 1054 526 1091 tiamusNe
541 1053 647 1097 enim,
659 1050 754 1102 quod
767 1064 837 1088 non
852 1048 1009 1100 quotidie
1022 1062 1159 1101 pugnas
1176 1062 1317 1085 movea-

329 1128 409 1152 mus
421 1145 433 1160 ,
452 1113 648 1161 considera,
666 1112 728 1150 sed
742 1110 837 1162 quod
852 1111 1023 1148 sinceram
1043 1119 1076 1146 et
1094 1108 1315 1146 immobilem

331 1175 514 1212 caritatem
545 1188 614 1211 non
642 1172 828 1210 habemus.
858 1169 1106 1221 Ligaminibus
1139 1183 1228 1221 opus
1263 1178 1314 1206 est

207 1258 318 1285 Caritas
329 1244 363 1273 et
381 1237 470 1273 oleo.
504 1235 706 1286 Cogitemus
726 1233 906 1270 caritatem
928 1241 1094 1269 tesseram
1113 1244 1184 1267 esse
1204 1229 1313 1267 disci-

132 1306 237 1345 ῑεδςθῑὸ
273 1300 312 1326 di·
330 1296 497 1348 pulorum
515 1294 658 1343 Christi,
674 1303 706 1331 et
720 1294 794 1331 sine
812 1292 873 1330 illa
889 1292 980 1329 nihil
993 1291 1110 1329 valere
1128 1291 1209 1339 alia,
1219 1305 1312 1328 rem-

127 1339 307 1408 [flngpslgi-um
328 1370 397 1407 que
415 1370 488 1394 esse
506 1356 580 1393 sine
600 1355 740 1403 labore,
767 1353 797 1391 si
816 1353 978 1392 velimus.
1001 1351 1136 1397 Etiam,
1159 1351 1311 1402 inquies,

328 1414 405 1452 haec
436 1414 601 1452 novimus
616 1429 627 1463 3
649 1413 710 1451 sed
744 1411 920 1463 quomodo
952 1410 989 1448 id
1019 1419 1110 1448 recte
1144 1410 1311 1461 geretur?

328 1475 515 1522 Quomodo
545 1475 630 1512 fiet?
657 1473 835 1525 quomodo
865 1487 927 1510 nos
947 1482 1070 1510 mutuo
1092 1472 1309 1522 diligemus?

325 1537 448 1575 Primo
469 1550 521 1585 ca,
541 1549 617 1586 quae
638 1535 818 1572 caritatem
843 1533 985 1582 tollunt,
1007 1532 1051 1570 de
1078 1532 1195 1570 medio
1214 1532 1307 1583 abji-

324 1597 473 1644 ciamus,
490 1605 522 1633 et
536 1605 620 1633 tunc
636 1596 734 1632 illam
755 1603 970 1632 statuemus:
987 1606 1088 1629 nemo
1103 1592 1148 1629 sit
1162 1592 1309 1643 injuria-

324 1671 405 1694 rum
424 1671 572 1705 memor,
602 1669 704 1693 nemo
725 1654 889 1701 invidus,
907 1665 1010 1690 nemo
1031 1652 1066 1689 in
1094 1652 1198 1689 malis
1220 1666 1309 1703 gau—

324 1717 405 1755 deat
425 1732 433 1753 z
454 1717 530 1754 haec
567 1715 791 1753 dilectionem
828 1713 1039 1764 impediunt.
1079 1712 1157 1750 Alia
1190 1721 1309 1750 autem

321 1785 418 1824 sunt,
434 1791 510 1826 quae
527 1790 604 1813 eam
619 1775 788 1813 exhibent
801 1789 809 1810 :
824 1787 894 1811 non
913 1773 1005 1810 enim
1023 1772 1155 1810 sufficit
1169 1787 1247 1823 quae
1265 1772 1308 1809 il-

323 1836 394 1873 lam
420 1835 619 1887 impediunt
642 1835 782 1883 tollere,
801 1833 862 1871 sed
886 1833 993 1870 etiam
1013 1847 1090 1884 quae
1112 1833 1213 1870 illam
1233 1842 1307 1871 sta-

119 1928 205 1956 Eccl.
220 1936 267 1957 22·
323 1904 437 1945 tuant,
457 1905 537 1933 sunt
561 1894 785 1933 ostendenda.
807 1893 934 1932 sirach
953 1906 1036 1944 ergo
1055 1892 1157 1942 dicit,
1172 1908 1210 1931 ea
1228 1907 1307 1945 quae

122 1977 172 2004 27·
323 1954 423 1991 illam
439 1954 579 2002 tollunt,
598 1962 629 1991 et
644 1967 714 1990 non
733 1967 772 1990 ea
791 1967 868 2002 quae
883 1952 1071 1989 conciliant
1085 1981 1096 2000 ,
1114 1952 1307 2003 exprobra-

323 2014 454 2053 tionem
474 2028 546 2051 csse
571 2023 604 2051 et
633 2013 794 2065 mysterii
825 2012 1082 2050 revelationem
1107 2020 1140 2049 et
1164 2012 1307 2064 plagam

322 2075 493 2113 dolosam.
510 2074 579 2113 Sed
607 2074 678 2111 illis
703 2083 826 2125 utpote
847 2073 1048 2110 carnalibus
1075 2072 1201 2110 merito
1222 2073 1307 2111 talia

322 2135 536 2188 proveniunt
543 2150 554 2185 3
575 2134 678 2171 nobis
707 2143 845 2180 autem,
871 2133 963 2170 absit
979 2149 986 2168 :
1002 2147 1072 2170 non
1094 2133 1139 2170 ab
1161 2133 1218 2170 his
1243 2147 1306 2171 vos

323 2196 551 2244 inducemus,
571 2195 633 2232 sed
651 2195 696 2232 ab
712 2194 806 2232 aliis.
826 2194 925 2232 Nihil
942 2193 1043 2231 nobis
1062 2203 1112 2231 est
1126 2194 1213 2231 utile
1228 2195 1306 2232 abs-

322 2270 390 2306 que
410 2256 608 2294 dilectione.
641 2255 720 2294 Sint
744 2254 857 2291 millia
881 2254 996 2291 bona:
1025 2254 1114 2304 quid
1141 2253 1225 2291 inde
1243 2254 1305 2291 lu-

324 2317 401 2355 eri?
417 2317 496 2355 Sint
510 2316 659 2363 divitiae,
675 2315 743 2353 sint
757 2315 892 2352 deliciae
911 2314 1043 2364 absque
1062 2314 1202 2352 amicis:
1218 2314 1307 2364 quid

323 2378 409 2415 hinc
430 2377 619 2415 utilitatis?
639 2376 744 2414 Nulla
767 2375 938 2427 possessio
967 2374 1072 2412 etiam
1101 2374 1138 2411 in
1161 2375 1307 2412 saecula-

325 2438 425 2476 ribus
444 2438 510 2475 hac
536 2437 742 2490 pulchrior,
766 2445 805 2473 ut
827 2435 918 2473 nihil
945 2434 1098 2472 inimicis
1126 2435 1307 2472 molestius

128 2526 154 2545 ι,
173 2518 238 2546 ΡΗ,
257 2519 289 2556 4,
322 2507 386 2537 est.
411 2500 566 2537 Caritas
591 2500 711 2549 operit
737 2497 1020 2534 multitudinem
1037 2504 1306 2546 peccatorum,-

1391 323 1490 374 φησί.
1512 325 1584 361 Νῦν
1604 322 1639 359 δὲ
1662 325 1683 368 ἡ
1706 323 1824 373 ἀγάπη
1844 323 2029 361 κινδυνεύει
2047 339 2054 346 ·
2074 324 2182 373 ὄνομα
2204 322 2271 373 γὰρ
2300 322 2406 365 αὐτῆς

1391 381 1637 419 ὑπολέλειπται
1657 381 1779 431 μόνον,
1798 383 1837 421 τὸ
1854 383 1889 420 δὲ
1912 383 2009 436 ἔργον
2029 384 2200 434 οὐδαμοῦ,
2223 381 2312 419 ἀλλὰ
2333 382 2403 431 διη-

1394 442 1528 494 ρήμεθα
1548 445 1608 480 ἀπ’
1630 443 1806 488 ἀλλήλων.

1445 502 1492 539 Τί
1507 496 1563 540 οῦν
1579 502 1619 539 ἄν
1633 518 1684 544 τις
1699 501 1884 554 ἐργάσαιτο
1899 501 1988 540 ὥστε
2007 504 2178 554 συνάψας
2197 502 2237 539 τὸ
2258 500 2320 550 μὲν
2338 499 2407 550 γὰρ

1390 562 1577 613 ἐγκαλέσαι
1599 563 1755 609 εὔκολον,
1783 561 1872 600 ἀλλὰ
1892 567 1991 600 τοῦτο
2009 562 2117 611 ἥμισύ
2145 565 2251 600 ἐστιν.
2268 562 2404 598 Οὐκοῦν

1390 623 1559 661 δεικνύναι
1576 625 1625 661 δεῖ
1640 626 1714 667 πῶς
1730 624 1770 660 ἂν
1792 623 1972 674 ἐργασΟείη
1991 623 2088 674 φιλία
2102 639 2109 646 ·
2128 628 2228 661 τοῦτο
2244 623 2311 674 γάρ
2331 623 2406 658 ἐστι

1342 685 1365 716 C
1387 683 1425 720 τὸ
1446 683 1817 735 σπουδαζόμενον,πῶς
1835 685 1878 720 τὰ
1900 683 1988 733 μέλη
2008 682 2052 720 τὰ
2069 683 2306 732 διεσπασμένα
2327 698 2406 720 συν·

1387 744 1584 795 αγάγωμεν.
1622 747 1674 782 Οὐ
1692 744 1760 796 γὰρ
1778 743 1878 782 τοῦτο’
1894 746 1966 783 ἔστι
1983 744 2022 782 τὸ
2041 743 2246 795 ζητούμενον
2263 744 2382 786 ἁπλῶς
2393 772 2403 790 ,

1385 806 1415 841 εἰ
1436 804 1517 854 μίαν
1537 804 1751 851 Ἐκκλησίαν
1771 804 1908 857 ἔχομεν,
1927 804 1949 850 ἢ
1966 804 2000 841 ἓν
2016 804 2128 855 δόγμα
2145 819 2152 826 ·
2174 802 2263 841 ἀλλὰ
2283 803 2322 841 τὸ
2337 804 2404 840 δει-

1385 865 1440 902 νον
1460 865 1562 903 τοῦτό
1583 868 1693 913 ἐστιν,
1716 865 1768 903 ὅτι
1789 867 1822 902 ἐν
1849 872 1919 909 τοῖς
1938 865 2054 908 ἄλλοις
2080 867 2320 906 κοινωνοῦντες
2336 865 2404 901 ἀλ·-

1385 925 1518 971 λήλοις,
1539 927 1573 963 ἐν
1595 931 1664 970 τοῖς
1685 926 1884 977 ἀναγκαίοις
1908 928 1945 963 οὒ
1969 930 2218 975 κοινωνοῦμεν,
2233 925 2292 961 καὶ
2315 922 2404 973 μετὰ

1384 985 1523 1023 πάντων
1545 986 1793 1037 εἰρηνεύοντες,
1825 988 1859 1023 ἐν
1890 986 2051 1032 ἀλλήλοις
2077 985 2320 1034 στασιάζομεν.
2340 983 2403 1029 Μὴ

1384 1045 1472 1097 γὰρ,
1494 1049 1524 1083 εἷ
1549 1046 1597 1096 μὴ
1627 1046 1743 1098 μάχας
1776 1048 1852 1084 καθ’
1880 1047 2032 1092 ἑκάστην
2051 1049 2238 1096 ποιοῦμεν,
2262 1044 2404 1089 σκόπει,

1385 1109 1462 1145 ἀλλ’
1491 1106 1544 1145 ὅτι
1572 1107 1649 1146 οὐδὲ
1676 1108 1813 1158 ἀγάπην
1845 1108 1989 1158 γνησίαν
2020 1106 2146 1159 ἔχομεν
2171 1106 2231 1144 καὶ
2266 1106 2403 1151 ἀκλινῆ.

1383 1167 1607 1218 Ἐπιδέσμων
1627 1168 1730 1220 χρεία
1749 1168 1808 1206 καὶ
1827 1168 1952 1205 ἐλαίου.
1968 1167 2228 1216 Ἔννοήσωμεν,
2248 1167 2301 1204 ὅτι
2320 1164 2404 1216 γνώ-

1384 1229 1491 1280 ρισμά
1507 1230 1599 1266 ἐστιν
1618 1233 1640 1275 ἡ
1661 1230 1780 1280 ἀγάπη
1801 1231 1870 1265 τῶν
1889 1232 2052 1278 μαθητῶν
2076 1231 2132 1265 τοῦ
2150 1229 2301 1279 Χριστοῦ
2318 1242 2325 1249 ·
2351 1226 2402 1263 ὅτι

1381 1289 1510 1336 ταύτης
1537 1289 1644 1342 χωρὶς
1668 1289 1761 1327 οὐδὲν
1792 1289 1902 1341 ἰσχύει
1918 1289 1961 1327 τὰ
1982 1289 2090 1326 ἄλλα·
2111 1288 2163 1325 ὅτι
2181 1287 2304 1325 ἄπονόν
2327 1289 2402 1324 ἐστι

1336 1356 1360 1386 D
1381 1359 1549 1403 πρᾶγμα,
1569 1351 1627 1389 ἐὰν
1649 1351 1812 1401 θέλωμεν.
1844 1351 1934 1397 Nat,
1959 1351 2079 1402 φησὶν,
2105 1350 2246 1399 οἴδαμεν
2272 1351 2401 1393 ταῦτα,

1381 1412 1470 1449 ἀλλὰ
1500 1416 1573 1455 πῶς
1586 1442 1595 1459 ,
1628 1412 1684 1450 ἵνα
1716 1414 1936 1464 κατορθωθῇ,
1964 1412 2030 1458 Τί,
2050 1410 2105 1448 ἵνα
2125 1410 2286 1460 γε’νηται;
2305 1411 2401 1454 πῶς,

1378 1471 1434 1509 ἵνα
1454 1473 1607 1524 φιλῶμεν
1635 1473 1824 1520 ἀλλήλους,
1849 1472 2025 1525 Πρότερον
2049 1471 2093 1509 τὰ
2114 1469 2314 1521 ἀναιρετικὰ
2340 1472 2402 1515 τῆς

1380 1533 1518 1583 ἀγάπης
1540 1532 1591 1575 ἐξε
1607 1548 1728 1583 ιωμεν,
1749 1533 1808 1569 καὶ
1823 1532 1900 1570 τότε
1921 1532 2092 1582 στήσομεν
2113 1530 2252 1577 ταύτην.
2268 1530 2401 1577 Μηδεὶς

1379 1592 1468 1630 ἔστω
1503 1592 1735 1642 μνησίκακος,
1775 1592 1894 1642 μηδεὶς
1927 1593 2016 1630 ἔστω
2052 1592 2242 1643 βάσκανος,
2281 1590 2401 1641 μηδεὶς

1379 1651 1612 1703 ἃ’,(,αιρέκακος
1628 1667 1635 1675 ·
1653 1653 1765 1691 ταῦτά
1785 1654 1859 1689 ἐστι
1878 1652 1922 1689 τὰ
1951 1651 2128 1689 κωλυτικά
2142 1667 2149 1674 ·
2171 1651 2214 1689 τὰ
2234 1651 2269 1688 δὲ
2299 1665 2402 1695 ποιη-

1377 1712 1459 1750 τικὰ
1491 1712 1604 1764 ἕτερα.
1628 1715 1706 1751 Οὐκ
1736 1714 1835 1764 ἀρκεῖ
1853 1712 1898 1750 τὰ
1927 1712 2104 1750 κωλύοντα
2130 1713 2284 1755 ἀνελεῖν,
2311 1709 2402 1749 ἀλλὰ

1378 1773 1437 1811 καὶ
1457 1773 1500 1811 τὰ
1521 1776 1670 1812 ἱστῶντα
1686 1773 1756 1826 χρὴ
1778 1773 2029 1812 ὑποδεικνύναι.
2052 1773 2096 1812 Ὁ
2118 1772 2180 1823 μὲν
2205 1767 2261 1811 οῦν
2282 1771 2401 1823 Σιρὰχ

1377 1833 1471 1884 λέγει
1502 1833 1547 1872 τὰ
1580 1833 1806 1885 ἀναιρετικὰ,
1837 1834 1896 1872 καὶ
1927 1836 1987 1872 οὐκ
2017 1834 2066 1871 ἔτι
2092 1833 2136 1870 τὰ
2161 1833 2419 1879 συνάπτον-τῃ,

1380 1894 1573 1946 ὀνειδισμὸν
1606 1895 1747 1947 φάσκων
1775 1894 1834 1932 καὶ
1865 1893 2056 1946 μυστηρίου
2089 1894 2308 1945 ἀποκάλυψιν
2341 1893 2401 1931 καὶ

1379 1955 1518 2007 πληγὴν
1540 1956 1669 1994 δολίαν.
1689 1955 1780 1993 Ἀλλ’
1801 1957 1855 1992 ἐπ’
1878 1954 2016 1993 ἐκείνων
2035 1954 2096 2004 μὲν
2117 1954 2256 1997 εἰκότως
2274 1957 2399 2001 ταῦτα,

1379 2015 1439 2052 ἅτε
1459 2020 1633 2069 σαρκικῶν
1647 2017 1753 2055 ὄντων
1764 2032 1772 2039 ·
1789 2015 1842 2068 ἐφ’
1853 2019 1874 2062 ἦ
1880 2019 1953 2066 μῶν
1968 2016 2002 2052 δὲ
2020 2015 2067 2066 μὴ
2079 2015 2210 2066 γένοιτο
2225 2030 2233 2038 ·
2253 2017 2314 2053 οὐκ
2328 2017 2370 2053 ἀτ
2380 2015 2398 2051 ὸ

1378 2075 1507 2114 τούτων
1527 2079 1616 2127 ὑμᾶς
1642 2077 1830 2128 ἐνάγομεν,
1855 2077 1930 2113 ἀλλ’
1952 2076 2021 2114 ἀπὸ
2046 2079 2114 2113 τῶν
2138 2076 2265 2114 ἄλλων.
2286 2074 2398 2113 Οὐδὲν

1377 2138 1461 2186 ἡμῖν
1481 2139 1554 2176 ἐστι
1573 2137 1726 2190 χρηστὸν
1742 2137 1857 2189 φιλίας
1875 2137 1994 2188 χωρίς.
2009 2136 2129 2174 Ἔστω
2147 2136 2254 2189 μυρία
2271 2135 2396 2186 ἀγαθὰ,

1379 2197 1469 2236 ἀλλὰ
1488 2198 1522 2235 τί
1539 2198 1578 2236 τὸ
1596 2199 1740 2250 ὄφελος,
1762 2198 1850 2236 ἔστω
1869 2199 2035 2244 πλοῦτος,
2059 2196 2147 2235 ἔστω
2167 2195 2304 2249 ι’τρυεξνὴ
2335 2195 2397 2248 φί-

1377 2259 1446 2295 λων
1467 2258 1594 2311 χωρὶς,
1612 2258 1701 2296 ἀλλὰ
1723 2259 1757 2295 τί
1781 2259 1821 2296 τὸ
1840 2257 1975 2310 κέρδος,
2004 2257 2113 2295 Οὐδὲν
2137 2260 2257 2307 κτῆμα
2277 2257 2398 2295 τούτου

1377 2319 1519 2356 κάλλιον
1536 2319 1594 2356 καὶ
1614 2322 1647 2357 ἓν
1674 2325 1745 2361 τοῖς
1766 2321 1940 2369 βιωτικοῖς
1957 2318 2160 2370 πράγμασιν
2172 2347 2181 2363 ,
2202 2318 2320 2371 ὥσπερ
2339 2312 2396 2355 οῦν

1377 2381 1444 2415 τῶν
1464 2378 1713 2431 ἐχθραινόντων
1734 2378 1828 2416 οὐδὲν
1847 2377 2104 2429 χαλεπώτερον.
2124 2377 2259 2428 Ἀγάπη
2289 2377 2398 2415 καλύ-

1378 2453 1457 2476 πτει
1478 2439 1608 2484 πλῆθος
1627 2438 1892 2490 ἁμαρτημάτων
1911 2454 1918 2461 ·
1945 2442 1966 2483 ἦ
1993 2437 2028 2475 δὲ
2048 2438 2156 2489 ἔχθρα
2176 2437 2235 2475 καὶ
2263 2437 2307 2474 τὰ
2336 2438 2397 2475 οὐκ

1378 2499 1459 2537 ὄντα
1478 2499 1674 2537 ὑποπτεύει.
1697 2501 1775 2537 Οὐκ
1794 2502 1892 2551 ἀρκεῖ
1911 2499 1959 2549 μὴ
1977 2494 2062 2537 εἶναι
2079 2500 2215 2552 ἐχθρὸν,
2240 2499 2330 2537 ἀλλὰ
2347 2500 2398 2536 δεῖ

127 2558 156 2587 3-
325 2560 512 2598 inimicitia
530 2568 647 2596 autem
666 2558 770 2595 etiam
786 2572 836 2605 ea,
852 2571 928 2607 quae
945 2570 1014 2594 non
1033 2565 1128 2605 sunt,
1148 2557 1305 2609 suspica·
1319 2576 1364 2600 305
1378 2558 1436 2596 καὶ
1456 2560 1577 2611 φιλεῖν.
1603 2559 1809 2607 Ἐννόησον,
1839 2560 1893 2598 ὅτι
1918 2565 1934 2599 ὃ
1962 2561 2112 2611 Χριστὸς
2138 2560 2314 2607 ἐκέλευσε,
2338 2559 2398 2597 καὶ

326 2631 394 2658 tur.
415 2621 494 2659 Non
518 2619 650 2657 sufficit
671 2633 739 2656 non
761 2633 834 2656 esse
855 2617 1054 2667 inimicum,
1082 2618 1143 2655 sed
1169 2627 1307 2670 oportet
1330 2614 1355 2641 A
1379 2622 1477 2672 ἀρκεῖ
1493 2625 1602 2658 τοῦτο.
1622 2620 1691 2658 Καὶ
1713 2622 1825 2671 Θλὶψις
1844 2627 1936 2658 ποιεῖ
1955 2620 2082 2673 φιλίας,
2101 2619 2160 2658 καὶ
2178 2620 2331 2671 συνάγει.
2348 2618 2397 2657 Τί

325 2682 430 2719 etiam
458 2695 586 2718 amare.
613 2680 736 2730 Cogita
754 2678 791 2716 id
810 2677 1164 2729 Christumjussisse,
1188 2688 1220 2716 et
1240 2679 1307 2717 hoc

327 2742 468 2781 suffieit.
484 2741 602 2779 Etiam
629 2740 773 2778 afflictio
792 2738 967 2776 amicitias
993 2739 1078 2776 facit
1098 2747 1130 2776 et
1152 2739 1306 2790 copulat.

328 2803 428 2849 Quid
441 2803 565 2853 igitur,
583 2800 734 2851 inquies,
751 2814 861 2848 nunc,
885 2813 968 2836 cum
982 2799 1129 2836 afflictio
1144 2813 1212 2836 non
1231 2800 1307 2837 est?

329 2863 505 2915 quomodo
525 2862 655 2900 erimus
675 2860 803 2898 amici?
820 2864 945 2897 Annon
964 2859 1051 2896 alios
1069 2859 1207 2897 habetis
1221 2860 1308 2897 ami-

329 2939 398 2973 cos,
407 2923 550 2975 quaeso?
561 2921 737 2973 quomodo
747 2921 891 2958 illorum
899 2919 980 2958 estis
987 2919 1117 2956 amici?
1127 2920 1307 2969 quomodo

329 2984 584 3039 perseveratis?
596 2981 743 3020 Interim
752 2994 854 3018 nemo
870 2979 1057 3017 inimicum
1071 2980 1199 3018 habeat
1209 2996 1220 3031 3
1233 2995 1302 3019 non

328 3055 379 3084 est
392 3046 460 3084 lioc
476 3058 620 3097 parum:
636 3056 737 3080 nemo
754 3040 928 3089 invideam
945 3053 1013 3077 non
1031 3040 1114 3078 licet
1129 3054 1199 3079 non
1214 3042 1308 3080 invi-

328 3107 415 3145 dum
425 3119 602 3144 accusare.
617 3106 738 3142 [num
750 3101 953 3140 habitamus
967 3101 1088 3138 orbem
1101 3115 1232 3151 omnes,
1247 3103 1308 3141 iis-

326 3168 408 3205 dem
426 3167 556 3204 alimur
570 3165 755 3202 fructibus.
769 3163 840 3201 Sed
849 3163 923 3199 haec
937 3176 1048 3214 parva
1062 3172 1143 3200 sunt
1157 3179 1164 3199 :
1181 3164 1307 3202 iisdem

327 3228 515 3280 mysteriis,
531 3226 654 3264 eadem
665 3223 842 3277 spirituali
857 3237 933 3262 esca
945 3222 1109 3262 fruimur.
1128 3224 1210 3262 Haec
1227 3239 1307 3264 sane

368 3376 382 3393 a
406 3366 457 3398 Un
464 3376 498 3396 us
515 3368 749 3408 ἐπιχαιρέκακος.

1379 2683 1448 2725 οὖν,
1470 2680 1572 2732 φησί,
1594 2685 1669 2729 νῦν,
1686 2681 1742 2719 ὅτε
1765 2683 1877 2732 Θλῖψις
1902 2682 1964 2719 οὐκ
1981 2682 2094 2729 ἔστιν,
2119 2680 2211 2728 εἰπὲ,
2233 2683 2319 2727 πῶς,
2337 2679 2396 2717 ἵνα

1377 2740 1556 2791 γενώμεθα
1578 2741 1689 2793 φίλοι,
1708 2744 1784 2780 Οὐκ
1803 2742 1900 2794 ἔχετε
1919 2742 2036 2794 φίλους
2055 2743 2177 2785 ἄλλους
2193 2771 2202 2788 ,
2221 2741 2296 2779 εἰπέ
2316 2756 2395 2791 μοι,

1378 2802 1452 2843 πῶς
1478 2803 1588 2839 αὐτῶν
1612 2803 1689 2840 ἕστε
1714 2802 1826 2853 φίλοι;
1845 2805 1918 2845 πῶς
1941 2802 2138 2852 διαμένετε5
2156 2802 2253 2844 Τέως
2277 2801 2395 2850 μηδεὶς

1379 2862 1512 2912 μηδένα
1532 2863 1651 2915 ἐχθρὸν
1668 2863 1796 2915 ἐχέτω·
1817 2865 1877 2901 οὐκ
1892 2862 1964 2901 ἔστι
1988 2867 2088 2900 τοῦτο
2109 2861 2231 2914 μικρόν
2249 2877 2255 2884 ·
2276 2862 2396 2912 μηδεὶς

1379 2923 1544 2975 φθονείτω
1557 2940 1565 2947 ·
1581 2926 1641 2962 οὐκ
1652 2924 1701 2962 ἔνι
1722 2925 1779 2962 τὸν
1795 2923 1842 2974 μὴ
1858 2927 2044 2975 φθονοῦντα
2064 2928 2282 2974 κατηγορεῖν.
2300 2921 2396 2960 Μίαν

1379 2987 1538 3034 οἰκοῦμεν
1558 2985 1761 3035 οἰκουμένην
1788 2984 1954 3031 ἅπαντες,
1974 2990 2043 3027 τοῖς
2068 2986 2181 3026 αὐτοῖς
2201 2983 2396 3035 τρεφόμεθα

1380 3050 1537 3096 καρποῖς.
1554 3045 1659 3083 Ἀλλὰ
1677 3049 1788 3083 ταῦτα
1805 3044 1931 3096 μικρά·
1951 3050 2021 3088 τοῖς
2049 3047 2161 3087 αὐτοῖς
2183 3044 2396 3096 μυστηρίοις,

1379 3108 1442 3151 τῆς
1472 3107 1577 3151 αὐτῆς
1607 3107 1844 3155 πνευματικῆς
1861 3108 1989 3157 τροφῆς
2018 3104 2249 3155 ἀπολαύομεν.
2272 3105 2397 3141 Ταῦτα

1380 3167 1490 3213 δήπου
1511 3168 1585 3205 ἐστὶ
1606 3165 1829 3215 δικαιώματα
1855 3169 1913 3202 τοῦ
1934 3166 2056 3216 φιλεῖν.
2082 3166 2165 3207 Πῶς
2183 3160 2240 3204 οῦν
2261 3166 2395 3215 θερμῶς

1380 3227 1642 3277 διακεισόμεθα,
1685 3226 1789 3277 φησί,
1827 3224 1874 3262 Τί
1919 3231 2010 3263 ποιεῖ
2045 3225 2216 3275 σωμάτων
2262 3224 2396 3276 ἔρωτα,

1435 3366 1451 3390 b
1476 3370 1569 3409 τρυῗή
1587 3369 1682 3411 juliae,-
1698 3370 1799 3411 χωρίς,
1817 3365 1861 3397 sic
1881 3364 2016 3408 quidam
2029 3366 2105 3398 MSS.
