2502 3810
221 1531 272 1557 alia

179 1572 272 1607 ipsum
651 1595 656 1601 ,
679 1595 686 1600 ,
709 1594 715 1600 ,
963 1592 968 1597 ,
1088 1591 1094 1597 ,
1240 1592 1246 1598 ,

84 1612 262 1650 Clirysosto-
289 1598 421 1635 lCSCcnS
446 1611 557 1635 essem
572 1611 588 1632 ’ἶ
608 1594 857 1644 nlllltlbusque
875 1592 1040 1629 omnllms
1065 1605 1198 1629 leCllm
1217 1606 1272 1629 cl—

84 1663 163 1679 ¹³¹¹¹¹¹¹
180 1655 273 1689 peru-
288 1659 432 1697 vitatem
446 1657 531 1695 foris
547 1656 684 1708 positis,
699 1655 787 1691 forte
805 1653 944 1690 libellos
964 1652 1168 1701 quaerebant
1184 1666 1272 1703 prae—

85 1704 110 1719 Η(
123 1703 166 1720 ns.

300 293 392 339 526
815 300 997 332 JOANMS
1032 296 1268 327 cuursosr.

299 404 375 441 spes
389 389 434 426 ab
452 388 513 424 illo
536 384 726 430 exciderat,
744 390 921 429 materque
940 378 1014 429 ejus
1035 376 1190 413 multum
1208 374 1273 411 do—

298 450 402 486 lebat.
422 447 535 484 Multa
556 442 696 488 medici,
718 441 829 477 multa
848 438 909 475 alii
928 437 1189 487 excogitarunt,
1212 435 1273 472 sed

298 509 334 545 in
359 520 518 544 cassum:
537 504 646 541 donec
669 501 841 551 benignus
863 500 960 536 Deus
986 497 1117 547 linguae
1146 496 1274 533 vincu-

296 568 371 604 lum
397 564 546 610 curavit,
569 572 722 611 tuncque
745 559 936 607 convaluit,
960 566 993 594 et
1012 556 1199 609 pristinam
1224 556 1277 593 lo-

297 625 426 676 quendi
449 624 652 661 facultatem
672 621 818 672 accepit.
838 618 1006 657 Narravit
1030 626 1148 654 autem
1163 615 1277 668 ipsius

295 695 420 734 mater,
443 698 524 722 cum
549 682 719 736 puerulus
744 689 844 730 esset,
864 680 982 732 ipsum
1009 678 1043 715 in
1072 691 1154 714 nare
1181 691 1276 714 mor-

294 748 379 784 bum
394 744 576 793 babuisse,
593 756 698 794 quem
713 750 839 780 vocant
855 740 1048 792 polypum;
1066 752 1278 789 rursumque

294 806 446 844 medicos
468 803 722 857 desperavssse,
742 811 948 854 optasseque
968 809 1117 837 matrem
1139 808 1180 836 ut
1203 813 1278 837 mo-

292 876 440 916 reretur,
458 875 669 917 vpatremque
688 863 757 915 ipsi
777 861 1003 900 maledixisse
1020 859 1163 907 (adhuc
1182 860 1276 897 enim

291 928 434 966 vivebat
448 931 481 975 ):
499 926 685 976 omniaque
708 924 824 962 denuo
846 923 1023 961 anxietate
1037 922 1140 973 plena
1161 931 1272 959 erant.

291 988 356 1025 Ille
370 1000 453 1025 vero
474 985 669 1035 tussiendo,
688 998 732 1022 ex
753 997 896 1021 mucore
914 983 1025 1020 feram
1047 982 1148 1019 illam
1169 982 1276 1034 spiri-

291 1057 348 1085 tus
367 1048 503 1100 impetu
525 1061 569 1084 ex
589 1046 734 1084 naribus
749 1044 862 1096 ejecit,
878 1043 1065 1093 omniaque
1083 1042 1205 1094 gravia
1221 1057 1275 1080 so-

289 1110 365 1148 luta
381 1118 474 1147 sunt.
495 1109 568 1145 Hoc
587 1107 706 1145 sedato
724 1106 817 1144 malo
837 1105 957 1143 fluxus
977 1118 1040 1156 per
1060 1104 1180 1141 oculos
1197 1119 1276 1142 acer

290 1181 325 1208 et
339 1171 497 1208 viscosus
516 1170 641 1215 fluens,
659 1169 745 1206 tales
765 1177 905 1218 tamque
921 1180 1054 1204 crassas
1072 1166 1181 1203 lemas
1199 1167 1274 1203 cffi-

290 1232 417 1280 cicbat,
435 1241 473 1269 ut
493 1231 660 1284 pellicula
678 1229 826 1282 pupillae
847 1227 1093 1273 obduceretur,
1111 1226 1274 1278 quodque

289 1308 397 1345 grave
414 1303 499 1341 erat,
516 1293 706 1331 caecitatem
729 1291 948 1339 minabatur,
970 1303 1159 1340 omnesque
1176 1290 1274 1327 futu—

289 1370 365 1392 ram
382 1355 479 1392 illam
499 1354 676 1392 dicebant.
691 1352 761 1391 Sed
778 1351 846 1389 hoc
865 1351 971 1388 etiam
986 1350 1110 1387 morbo
1130 1364 1193 1402 per
1208 1351 1274 1387 Dei

289 1415 439 1465 gratiam
461 1415 529 1453 cito
545 1414 715 1451 liberatus
733 1421 795 1450 est.
810 1411 857 1449 Et
873 1411 950 1448 haec
966 1410 1111 1461 quidem
1130 1410 1272 1459 audivi3

738 304 774 331 S.

169 1488 270 1515 nisio.
290 1490 366 1525 quae
383 1490 466 1514 vero
483 1476 557 1527 ipse
573 1474 658 1523 scio,
666 1472 822 1510 narrabo
841 1471 954 1510 vobis.
970 1473 1069 1509 Mota
1089 1480 1139 1508 est
1151 1480 1274 1523 tyran-

289 1550 416 1573 norum
432 1535 585 1587 suspicio
601 1533 636 1571 in
649 1533 794 1571 civitate
810 1540 939 1579 nostra,
954 1530 1043 1568 dum
1056 1530 1175 1568 adhuc
1190 1530 1274 1568 ado-

287 1719 474 1770 stigiarum
501 1726 533 1754 et
557 1716 724 1766 magicos.
742 1715 789 1752 Et
817 1713 879 1763 qui
909 1712 1098 1764 scripserat
1122 1712 1270 1761 librum,
1296 1722 1319 1753 Ε

285 1781 551 1831 incompactum
573 1776 720 1828 projecit
748 1774 783 1812 in
812 1775 956 1822 ssumcn,
980 1782 1175 1825 captusque
1201 1783 1272 1822 est3

283 1849 316 1878 et
338 1854 420 1877 cum
438 1838 483 1876 ab
505 1838 566 1875 illo
586 1836 836 1887 requireretur,
857 1834 942 1871 dare
969 1848 1039 1872 non
1058 1834 1188 1885 potuit,
1213 1833 1273 1872 sed

282 1915 344 1952 per
369 1900 495 1938 urbem
518 1899 656 1939 vinctus
681 1897 888 1935 ducebatur.
915 1897 1005 1934 Cum
1026 1906 1143 1934 autem
1162 1897 1274 1934 auctis

282 1959 423 1997 indiciis
455 1968 487 1997 et
513 1958 803 2011 probationibus,
831 1971 952 2009 poenas
988 1956 1170 1995 dedisset:
1191 1962 1276 1994 tunc

282 2034 346 2071 ego
382 2034 465 2057 cum
502 2019 538 2056 in
568 2018 784 2071 martyrium
815 2017 865 2055 ire
901 2017 1050 2065 vellem,
1079 2017 1273 2055 transibam

283 2094 345 2132 per
358 2079 481 2117 hortos
496 2079 600 2130 juxta
616 2079 747 2116 ssumen
766 2091 849 2115 cum
868 2077 937 2114 alio
957 2076 1113 2127 quodam
1130 2092 1138 2113 ε
1156 2078 1219 2128 qui
1236 2086 1275 2115 ut

282 2140 376 2179 vidit
395 2148 680 2192 supernatantem
694 2139 841 2186 librum,
861 2138 978 2189 primo
998 2151 1034 2175 se
1052 2138 1201 2175 linteum
1214 2138 1271 2177 vi-

284 2202 366 2240 dere
391 2201 557 2253 putavit,
583 2215 623 2237 ac
650 2198 864 2237 descendens
892 2199 1047 2250 recepit,
1068 2207 1106 2235 ut
1128 2200 1275 2237 accessit

284 2277 383 2312 vero,
399 2263 536 2299 librum
565 2275 638 2299 esse
658 2260 764 2310 vidit,
786 2269 820 2298 et
840 2260 1053 2297 descendens
1076 2261 1180 2312 cepit.
1198 2261 1275 2312 Ego

1289 2300 1353 2325 294¹

1308 295 1331 324 A
1340 296 1495 325 Reium)
1504 314 1513 324 .
1551 295 1716 325 CONSTA
1725 297 1885 328 NTtNOP
1895 317 1903 327 ·

1342 375 1550 419 ἐκκέκοπτο,
1569 376 1628 414 καὶ
1641 376 1760 423 ὀδύνης
1775 371 1816 422 ἦν
1835 381 1857 423 ἧ
1880 376 1996 428 μήτηρ
2015 376 2146 426 μεστή·
2168 375 2227 414 καὶ
2246 373 2360 414 πολλὰ

1346 437 1407 486 μὲν
1427 436 1616 482 ἐπενόησαν
1646 435 1776 487 {ot-cpoli,
1791 439 1903 476 πολλὰ
1926 438 1960 476 δὲ
1981 439 2069 476 ἄλλα
2097 437 2239 485 πολλοὶ,
2260 436 2361 487 {07}ss

1346 496 1381 534 δὲ
1399 497 1507 539 οὐδεὶς
1520 527 1529 543 ,
1549 497 1611 540 ἕως
1627 496 1683 535 ὅτε
1699 500 1716 534 ὁ
1736 497 1972 549 φιλάνθρωπος
1986 499 2074 540 Θεὸς
2087 498 2211 535 ἰάσατο
2227 498 2283 535 τὸν
2299 500 2362 541 τῆς

1345 557 1502 607 γλώττης
1519 558 1658 607 δεσμὸν,
1681 559 1739 595 καὶ
1758 558 1836 595 τότε
1859 558 2040 608 ἀνήνεγκε,
2060 557 2119 594 καὶ
2138 560 2183 600 εἰς
2199 557 2261 603 τὴν
2277 572 2363 609 προ-

1345 618 1446 671 τέραν
1466 619 1682 669 ἐπανήγαγεν
1703 618 1914 669 εὐγλωττίαν
1941 618 2040 655 αὐτὸν
2074 618 2133 654 καὶ
2156 617 2362 668 τρανότητα.

1345 680 1546 728 Διηγήσατο
1567 681 1601 718 δὲ
1622 683 1724 718 αὐτοῦ
1743 684 1764 726 ἡ
1787 679 1917 732 μήτηρ,
1935 679 1995 716 καὶ
2013 678 2065 716 ὅτι
2094 677 2134 723 δὴ
2154 677 2213 714 καὶ
2227 677 2362 715 παιδίον

1346 741 1381 780 ὃν
1405 741 1535 793 σφόδρα
1556 741 1690 792 μικρὸν,
1716 742 1795 793 περὶ
1811 741 1872 787 τὴν
1895 744 1971 792 ῥῖνα
1989 739 2098 781 πάθος
2119 737 2232 789 ἔσχεν,
2256 737 2273 774 ὃ
2292 753 2360 774 κα-

1344 803 1443 840 λοῦσι
1463 802 1636 840 πολύπουν
1653 818 1661 824 ·
1682 802 1740 839 καὶ
1759 802 1864 839 πάλιν
1886 800 1995 853 ἰατροὶ
2018 798 2288 850 ἀπεγνώκεισαν,
2304 799 2364 835 καὶ

1344 865 1548 909 τελευτῆσαι
1572 862 1699 914 ηὔχετο
1717 866 1738 908 ἡ
1759 862 1889 914 μήτηρ,
1914 861 1973 900 καὶ
1995 864 2012 898 ὁ
2038 860 2156 913 πατὴρ
2184 862 2275 911 αὐτῷ
2300 876 2364 897 κα-

1345 932 1475 976 τηρᾶτο
1507 924 1580 972 (ἔτι
1601 924 1669 975 γὰρ
1690 924 1791 975 ἔτυχε
1824 926 1936 970 ζῶν),
1962 922 2021 959 καὶ
2048 921 2152 959 πάλιν
2180 921 2295 958 πάντα
2328 923 2363 958 ἐν

1346 985 1474 1037 ἀπορίᾳ
1489 980 1543 1032 ἦν.
1562 984 1605 1022 ‘O
1625 984 1660 1023 δὲ
1681 984 1803 1027 εὐθέως
1827 983 1932 1035 βήξας
1952 982 2022 1020 ἀπὸ
2046 981 2225 1033 μύγματος
2243 982 2284 1019 τὸ
2302 985 2362 1028 θη·

1348 1047 1416 1098 ρίον
1438 1049 1546 1084 ἐκεῖνο
1562 1049 1603 1097 τῇ
1631 1045 1722 1099 ῥύμῃ
1751 1050 1810 1083 τοῦ
1831 1045 2024 1094 πνεύματος
2047 1043 2188 1086 ἐξέωσεν
2206 1043 2275 1081 ἀπὸ
2294 1046 2364 1080 τῶν

1347 1110 1459 1159 ῥινῶν,
1482 1108 1540 1145 καὶ
1560 1109 1675 1146 πάντα
1694 1107 1816 1144 λέλυτο
1834 1106 1877 1144 τὰ
1897 1105 2003 1143 δεινά.
2019 1107 2132 1142 Τοῦτο
2149 1104 2182 1142 δὲ
2202 1104 2364 1143 egeo-osw-

1344 1184 1417 1215 τος,
1439 1171 1548 1219 ῥεῦμα
1568 1167 1658 1206 κατὰ
1676 1170 1744 1204 τῶν
1775 1168 1961 1219 ὀφθαλμῶν
1982 1164 2086 1217 δριμὺ
2117 1165 2175 1203 καὶ
2197 1165 2363 1216 γλίσχρον

1344 1229 1500 1280 ἐπιρῥέον
1534 1228 1586 1265 ἀεὶ
1609 1229 1778 1269 τοσαύτας
1809 1227 1918 1265 ἐποίει
1949 1226 2010 1268 τὰς
2039 1225 2155 1275 λήμας
2184 1227 2242 1263 καὶ
2273 1227 2363 1265 οὕτω

1342 1288 1514 1340 παχείας,
1539 1292 1585 1332 ὡς
1614 1288 1688 1326 ἀντὶ
1717 1287 1977 1340 διαφράγματος
1997 1287 2155 1337 γενέσθαι
2175 1290 2216 1336 τῇ
2250 1286 2361 1337 κόρῃ,

1343 1350 1402 1387 καί
1420 1350 1458 1388 τὸ
1481 1349 1604 1397 δεινὸν,
1629 1350 1784 1400 πήρωσιν
1808 1349 1979 1399 ἐμελέτα,
2011 1348 2068 1385 καὶ
2094 1348 2220 1391 πάντες
2246 1347 2363 1397 ἔλεγον

1342 1416 1442 1449 τοῦτο
1481 1410 1732 1459 συμνῗήσεσθαι.
1758 1410 1861 1448 Ἀλλὰ
1881 1409 1964 1447 ιΊκαὶ
1998 1408 2116 1446 τούτου
2145 1409 2264 1460 χάριτι
2299 1413 2360 1446 τοῦ

1342 1474 1434 1510 Θεοῦ
1454 1471 1589 1523 ταχέως
1618 1471 1806 1521 ἀπηλλάγη
1826 1470 1890 1522 {wo
1909 1471 2048 1514 πάθους.
2080 1470 2149 1507 Καὶ
2169 1474 2279 1507 ταῦτα
2299 1471 2362 1521 μὲν

1344 1533 1431 1583 ἅπερ
1449 1532 1582 1577 ἤκουσα
1595 1545 1602 1554 ·
1621 1531 1643 1568 ἃ
1658 1531 1694 1568 δὲ
1709 1531 1808 1574 αὐτὸς
1829 1531 2043 1582 ἐπίσταμαι,
2065 1532 2133 1582 ἐρῶ
2156 1532 2240 1583 πρὸς
2259 1535 2361 1582 ὑμᾶς.

1343 1592 1512 1639 Ἐκινήθη
1531 1591 1615 1629 ποτε
1635 1592 1807 1644 τυράννων
1827 1592 1960 1643 ὑποψία
1979 1594 2012 1629 ἐν
2033 1595 2074 1642 τῇ
2095 1592 2194 1629 πόλει
2216 1596 2258 1644 τῇ
2275 1596 2362 1642 ἢμε-

1341 1653 1423 1705 τέρᾳ
1440 1652 1540 1700 (τότε
1559 1653 1593 1690 δὲ
1611 1653 1661 1690 ἔτι
1682 1652 1858 1703 μειράκιον
1878 1653 1973 1702 ἤμην
1986 1655 1996 1699 )
2009 1667 2017 1675 ·
2035 1652 2093 1690 καὶ
2112 1653 2251 1689 πάντων
2275 1652 2362 1696 ἔξω-

1343 1717 1395 1752 θεν
1416 1715 1478 1759 τὴν
1499 1713 1598 1751 πόλιν
1626 1713 1929 1766 παρακαθημένων
1961 1717 2028 1751 τῶν
2055 1716 2289 1764 στρατιωτῶν,
2308 1730 2364 1751 τυ-

1341 1777 1402 1829 χον
1434 1774 1619 1817 ἀπλάστως
1642 1774 1761 1825 βιὸλία
1793 1773 1933 1820 ἐζήτουν
1964 1774 2111 1825 γοητικὰ
2132 1774 2190 1811 καὶ
2217 1774 2361 1825 μαγικά.

1343 1835 1412 1874 Καὶ
1431 1838 1448 1873 ὁ
1465 1835 1601 1888 γράψας
1628 1835 1668 1872 τὸ
1702 1834 1835 1885 βιῧλιόν
1859 1835 1960 1886 ῥίψας
1989 1835 2292 1873 ἀκατασκεύαστον
2315 1837 2364 1877 εἷς

1343 1896 1513 1947 ποταμὸν,
1533 1895 1624 1933 ἑάλω
1639 1926 1648 1943 ,
1667 1895 1726 1932 καὶ
1755 1895 2007 1945 ἀπαιτούμενος
2038 1898 2100 1933 οὐκ
2122 1890 2194 1948 εἶχε
2216 1897 2355 1943 δοῦναι,

1344 1957 1434 1997 ἀλλὰ
1448 1956 1632 2010 περιήγετο
1652 1955 1714 2002 τὴν
1737 1956 1836 1995 πόλιν
1856 1955 1993 1995 ἅπασαν
2012 1957 2160 2007 δέσμιος·
2176 1960 2222 2000 ὡς
2239 1957 2273 1995 δὲ
2293 1960 2361 1994 τῶν

1344 2019 1496 2071 ἕλε’·αων
1527 2017 1788 2067 ἐπιτεινομένων
1810 2017 1937 2055 δέδωκε
1971 2017 2081 2065 δίκην,
2109 2017 2187 2055 τότε
2217 2017 2285 2068 ἐγὼ
2317 2020 2364 2061 εἷς

1344 2077 1560 2132 ι’μαρτύριον
1590 2078 1730 2116 ἀπιέναι
1764 2078 1994 2129 βουλόμενος,
2014 2077 2175 2130 ἐπανῄειν
2206 2079 2262 2117 διὰ
2293 2083 2362 2117 τῶν

1340 2142 1467 2188 ,κήπων
1485 2141 1581 2193 παρὰ
1598 2141 1754 2191 ποταμὸν
1774 2141 1861 2191 μετὰ
1875 2141 1933 2179 καὶ
1955 2142 2070 2194 ἑτέρου
2091 2142 2191 2185 τινός.
2207 2142 2304 2180 Ἰδὼν
2327 2143 2363 2180 δὲ

1345 2204 1472 2246 ἐκεῖνος
1491 2202 1530 2240 τὸ
1551 2201 1684 2252 βιέλίον
1703 2202 1774 2239 ἄνω
1793 2204 1970 2249 ἐπιπλεόν,
1986 2203 2024 2241 τὸ
2051 2202 2113 2253 μὲν
2132 2205 2269 2251 πρῶτον
2289 2203 2362 2242 ε’νό-

1348 2267 1442 2307 μιζεν
1459 2262 1578 2309 ὀθόνην
1604 2256 1712 2308 εἶναι,
1730 2262 1910 2313 γενόμενος
1930 2263 1964 2301 δὲ
1992 2263 2110 2315 ἐγγὺς,
2127 2263 2214 2315 ἔγνω
2234 2264 2286 2301 ὅτι
2309 2266 2363 2315 βι-

284 2337 367 2361 vero
390 2321 661 2369 contendebam,
688 2321 788 2371 quasi
809 2320 852 2358 de
871 2334 907 2358 re
924 2321 1103 2358 communi
1120 2330 1273 2372 reperta,
1300 2336 1326 2364 Α
1346 2325 1440 2363 Ελιόν
1466 2319 1520 2370 ἦν,
1540 2322 1599 2360 καὶ
1631 2322 1787 2364 >amaeam
1816 2323 1980 2360 ἀνείλετο.
1996 2323 2091 2374 Ἐγὼ
2126 2325 2160 2361 δὲ
2194 2325 2363 2375 ἐφιλονεί-

285 2384 533 2434 ridebamque.
554 2383 626 2422 Sed
644 2382 844 2432 videamus,
868 2381 984 2432 inquit
1003 2382 1077 2429 ille,
1094 2382 1183 2432 quid
1199 2382 1245 2420 sit
1265 2398 1273 2419 ε

286 2447 516 2497 revolutaque
530 2445 666 2497 paginae
686 2454 798 2497 parte,
821 2444 959 2495 magica
980 2444 1157 2496 descripta
1176 2445 1274 2484 inve-

287 2507 350 2544 nit.
368 2506 509 2545 Accidit
532 2515 646 2543 autem
671 2505 791 2543 eodem
815 2514 970 2556 tempore
995 2505 1145 2543 militem
1161 2515 1275 2544 trans-

287 2568 349 2605 ire.
366 2567 460 2604 Hinc
480 2580 563 2604 vero
580 2565 695 2603 socius
713 2565 773 2602 illo
793 2566 967 2603 occultato
983 2565 1086 2613 abiit,
1099 2574 1132 2603 et
1148 2566 1275 2604 timore

287 2629 499 2666 tabescebat.
517 2628 608 2673 Quis
638 2627 731 2664 enim
761 2626 969 2664 credidisset
993 2640 1056 2664 nos
1082 2642 1101 2664 e
1129 2628 1276 2666 flumine

285 2689 389 2726 illum
413 2688 613 2735 sustulisse,
633 2701 715 2724 cum
746 2700 867 2724 omnes
889 2686 996 2723 etiam
1023 2700 1093 2724 non
1121 2689 1274 2740 suspecti

285 2748 553 2788 detinerentur?
568 2747 731 2799 Abjicerc
747 2761 816 2785 nou
833 2746 1064 2796 audebamus,
1080 2761 1122 2785 ne
1137 2748 1274 2786 videre-

284 2827 376 2860 mur,
398 2821 429 2850 et
444 2811 523 2863 pari
542 2811 667 2848 timore
687 2810 940 2848 cohibebamur
956 2824 998 2848 ne
1017 2810 1272 2850 divideremus.

284 2876 360 2912 Deo
378 2883 494 2911 tamen
507 2874 658 2925 juvante
672 2871 902 2924 projecimus,
918 2880 951 2909 et
967 2872 1012 2909 ab
1032 2873 1197 2911 extremis
1215 2889 1273 2925 pe-

283 2935 406 2972 riculis
438 2934 548 2985 erepti
566 2947 699 2971 sumus.
721 2934 910 2970 Innumera
935 2931 1051 2970 dicere
1081 2947 1219 2984 possem
1241 2935 1269 2972 si

282 2996 411 3034 vellem
436 3012 443 3032 ε
465 2995 541 3032 haec
560 3003 679 3031 autem
698 2994 732 3031 in
746 2993 855 3031 vestri
870 2993 1021 3044 gratiam
1040 2994 1143 3041 dixi3
1167 3004 1206 3033 ut
1222 2996 1269 3033 si-

281 3056 374 3105 quis,
398 3056 425 3093 si
447 3068 516 3093 non
543 3055 580 3092 in
607 3054 720 3106 paria,
742 3054 777 3090 in
801 3052 870 3090 alia
895 3062 1011 3091 tamen
1041 3053 1188 3099 incidat,
1210 3070 1267 3093 eo·
1295 3065 1317 3094 B

280 3131 361 3154 rum
379 3115 590 3154 memoriam
606 3127 743 3166 semper
759 3122 885 3153 servet.
903 3114 1015 3152 Verbi
1033 3115 1158 3165 gratia,
1171 3116 1199 3153 si
1216 3117 1267 3154 la-

279 3177 349 3228 pis,
370 3177 406 3214 in
427 3185 458 3214 te
479 3177 667 3227 conjectus,
688 3183 792 3224 teque
814 3183 908 3211 recta
928 3173 1110 3225 impetens,
1133 3189 1203 3213 non
1230 3176 1265 3214 iu

279 3245 313 3274 te
338 3236 483 3285 incidat,
505 3235 612 3287 hujus
641 3248 779 3286 semper
806 3233 853 3271 sis
877 3248 1012 3272 memor
1034 3250 1041 3270 :
1063 3234 1131 3273 hoc
1159 3236 1261 3274 nobis

321 3375 334 3390 ⁵
359 3363 446 3396 Alius
466 3369 514 3398 καὶ
531 3371 598 3398 τότε
616 3370 728 3408 χάριτι.

319 3417 337 3442 b
361 3418 548 3460 Marsum-2,
565 3417 772 3457 martyrium,
795 3413 930 3447 ecclesia
948 3423 1153 3458 martyrum,
1173 3415 1225 3447 vel
1247 3416 1279 3447 in

275 3478 338 3512 qua
356 3465 497 3509 retiquiae
512 3473 697 3509 martyrum
713 3463 1010 3499 habebantur-‚Vox
1024 3466 1175 3510 frequens
1190 3466 1278 3510 apud

1345 2401 1440 2430 κουν,
1456 2383 1545 2421 ὥστε
1561 2383 1677 2428 κοινὴν
1700 2378 1786 2420 εἶναι
1804 2382 1865 2430 τὴν
1883 2383 2026 2434 εὕρεσιν,
2041 2384 2099 2421 καὶ
2117 2384 2254 2434 ἐγέλων.
2272 2385 2362 2422 Ἀλλ’

1344 2447 1484 2495 ἴδωμεν,
1505 2444 1621 2496 φησὶν,
1645 2443 1664 2481 ὅ
1689 2459 1723 2480 τι
1752 2442 1836 2481 ποτὲ
1864 2443 1922 2480 καὶ
1953 2443 2057 2481 ἔστιν.
2081 2443 2230 2496 Ἀνακλᾷ
2261 2445 2363 2496 μέρος

1343 2509 1406 2552 τῆς
1427 2506 1574 2552 σελίδος,
1586 2504 1643 2542 καὶ
1663 2504 1815 2556 εὑρίσκει
1833 2504 2099 2556 ἐγγεγραμμένα
2115 2506 2260 2555 μαγικοὶ.
2276 2507 2364 2543 Συν-

1346 2568 1407 2614 έὲη
1430 2566 1464 2605 δὲ
1484 2565 1574 2604 κατὰ
1591 2565 1713 2603 ταύτὸν
1734 2564 1951 2616 στρατιώτην
1966 2564 2142 2618 παριέναι.
2166 2559 2254 2603 Εἶτα
2270 2566 2363 2604 ἔνδο-

1346 2632 1400 2666 θεν
1417 2627 1534 2665 λαέὼν
1558 2626 1662 2677 ἀπήει
1676 2655 1685 2671 ,
1706 2625 1766 2662 καὶ
1795 2625 1963 2676 ἐπεπήγει
1981 2628 2030 2677 τῷ
2052 2625 2130 2663 δέει.
2152 2626 2216 2669 Τίς
2235 2625 2301 2678 γὰρ
2321 2626 2360 2664 ἂν

1345 2689 1404 2727 καὶ
1427 2687 1642 2734 ἐπίστευσεν,
1662 2686 1716 2724 ὅτι
1739 2686 1808 2724 ἀπὸ
1834 2690 1893 2723 τοῦ
1913 2691 2072 2736 ποταμοῦ
2086 2686 2250 2729 λαὸόντες
2270 2690 2364 2725 ἀνει-

1345 2751 1496 2801 λόμεθα,
1512 2748 1649 2787 πάντων
1668 2748 1746 2787 τότε
1765 2749 1823 2786 καὶ
1846 2752 1915 2786 τῶν
1937 2747 2141 2785 ἀνυπόπτων
2171 2748 2363 2799 κατεχομέ-

1344 2828 1428 2859 νων;
1449 2811 1518 2849 Καὶ
1539 2812 1634 2862 ῥῖψαι
1651 2811 1713 2848 οὔκ
1729 2810 1944 2859 ἐτολμῶμεν,
1963 2809 2010 2859 μὴ
2032 2810 2202 2859 ὀφθῶμεν,
2220 2810 2279 2846 καὶ
2300 2825 2364 2846 κα-

1345 2871 1533 2923 ταμερίσαι
1559 2870 1642 2908 αὐτὸ
1659 2870 1764 2908 πάλιν
1785 2869 1900 2921 ὅμοιον
1922 2869 1994 2911 δέος
2014 2863 2068 2914 ἦν.
2084 2868 2222 2906 Ἔδωκε
2250 2873 2328 2919 γοῦν
2345 2873 2362 2908 ὃ

1345 2934 1434 2976 Θεὸς
1447 2964 1455 2979 ,
1469 2933 1528 2970 καὶ
1551 2931 1752 2984 ἐῤῥίψαμεν,
1768 2931 1827 2968 καὶ
1848 2932 1993 2981 ἔσχατον
2014 2929 2269 2980 ἀπηλλάγημεν
2284 2930 2363 2968 τότε

1343 2998 1410 3033 τῶν
1432 2993 1610 3032 κινδύνων.
1633 2993 1700 3030 Καὶ
1722 2992 1828 3042 μυρία
1848 2991 1887 3028 ἂν
1910 2990 2027 3042 ἔχοιμι
2049 2990 2174 3041 λέγειν,
2192 2993 2222 3027 εἷ
2250 2992 2365 3029 πάντα

1342 3054 1543 3105 καταλέγειν
1560 3054 1725 3103 ἐθέλοιμι.
1743 3052 1812 3090 Καὶ
1828 3056 1937 3089 ταῦτα
1953 3051 1987 3087 δὲ
2007 3054 2102 3100 ὑμῶν
2119 3052 2231 3089 ἕνεκεν
2250 3045 2358 3099 εἶπον,

1341 3115 1432 3153 ὥστε
1461 3114 1495 3151 εἴ
1513 3130 1564 3157 τις
1589 3113 1653 3151 κᾶν
1675 3111 1722 3163 μὴ
1745 3115 1908 3158 τοιαῦτα,
1937 3113 2012 3149 ἀλλ’
2033 3111 2136 3162 ἕτεροί
2168 3128 2245 3149 τινα
2265 3111 2361 3164 ἔχοι,

1339 3180 1448 3214 ταῦτα
1465 3174 1654 3225 μεμνήσθω
1672 3175 1836 3218 διηνεκῶς
1852 3188 1858 3196 ·
1874 3167 1955 3219 οἷον,
1971 3172 2002 3210 εἴ
2018 3188 2100 3210 ποτε
2117 3172 2210 3216 λίθος
2226 3188 2278 3216 τις
2292 3175 2362 3210 ἐνε-

1338 3237 1448 3288 χθεὶς,
1489 3234 1623 3286 μέλλων
1657 3233 1714 3271 ἐπὶ
1748 3233 1785 3271 σὲ
1823 3232 2008 3285 ἔρχεσθαι,
2041 3233 2099 3271 καὶ
2130 3234 2192 3271 οὐκ
2228 3233 2285 3271 ἐπὶ
2319 3232 2357 3271 σὲ

1347 3365 1532 3408 Scriptores
1557 3363 1812 3406 ecclesiasticos,
1844 3369 1943 3406 atque
1968 3363 2065 3396 etiam
2090 3369 2244 3405 usurpata
2265 3373 2283 3394 a
2300 3361 2364 3394 La-

1347 3417 1434 3451 unis.
