2502 3810
672 237 714 267 IN
752 237 892 267 EPIST.
934 235 992 264 AD
1029 235 1136 264 ROM.

37 317 156 355 ἵστατο
170 319 288 365 αἰτῶν,
303 317 361 355 καὶ
381 317 458 360 τοὺς
478 317 600 362 ἄλλους
620 317 791 356 ἐπαίδευε.
814 319 962 368 Πνεῦμα
977 315 1049 353 τοί-

35 392 93 414 νυν
113 378 259 414 ἐνταῦθα
279 378 378 415 καλεῖ
395 377 435 415 τό
453 394 490 416 τε
505 378 664 430 χάρισμα
678 378 717 416 τὸ
732 382 895 422 τοιοῦτον,
912 375 972 413 καὶ
987 375 1050 421 τὴν

36 437 150 489 ψυχὴν
170 437 232 485 τὴν
249 438 439 490 δεχομένην
458 439 497 477 τὸ
515 440 675 491 χάρισμα
698 438 756 477 καὶ
778 438 1051 489 ἐντυγχάνουσαν

37 499 86 549 τῷ
107 500 189 550 Θεῷ
205 499 265 536 καὶ
286 498 526 543 στενάζουσαν.
546 499 590 537 ‘O
611 499 678 552 γὰρ
697 498 858 545 τοιαύτης
881 497 1055 542 καταξιω-

37 558 104 602 θεὶς
128 558 291 610 χάριτος,
322 559 430 603 ἑστὼς
456 559 544 610 μετὰ
575 562 706 607 πολλῆς
731 562 794 606 τῆς
821 558 1056 604 κατανύξεως,

39 618 126 670 μετὰ
150 621 289 658 πολλῶν
307 623 376 658 τῶν
397 623 599 671 στεναγμῶν
627 623 694 658 τῶν
726 620 816 658 κατὰ
836 619 987 657 διάνοιαν
1006 620 1056 669 τῷ

37 680 119 731 Θεῷ
138 679 380 731 προσπίπτων,
395 680 440 718 τὰ
455 680 673 732 συμφέροντα
688 687 793 718 πᾶσιν
811 682 912 717 αἰτεῖ.
932 673 984 717 Ob
998 678 1058 716 καὶ

35 742 95 777 νῦν
114 740 287 791 σύμὸολόν
308 744 398 779 ἐστιν
414 745 431 780 ὃ
465 741 617 784 διάκονος
644 741 704 784 τὰς
738 740 824 793 ὑπὲρ
855 744 913 778 τοῦ
945 739 1055 788 δήμου

38 801 217 853 ἀναφέρων
237 802 355 854 εὐχάς.
384 804 496 841 Τοῦτο
521 802 631 840 τοίνυν
653 803 765 847 δηλῶν
783 805 800 839 ὃ
820 802 959 843 Παῦλος
982 800 1057 837 ἕλε·

38 878 96 913 γεν
114 878 121 885 ·
150 862 244 900 Αὐτὸ
264 863 303 901 τὸ
327 867 464 914 πνεῦμα
494 863 695 914 ἐντυγχάνει
726 862 815 913 ὑπὲρ
840 863 941 911 ἡμῶν
976 877 1057 899 στε-

40 929 182 975 ναγμοῖς
202 925 397 971 ἀλαλήτοις.
418 924 462 963 Ὁ
477 926 511 962 δὲ
527 926 670 975 ἐρευνῶν
686 922 747 966 τὰς
761 922 918 973 καρδίας.
937 921 1059 974 Ὁρᾷς,

39 983 92 1021 ὅτι
111 985 148 1022 οὐ
172 985 251 1036 περὶ
269 989 328 1023 τοῦ
348 984 583 1036 Παρακλήτου
599 987 615 1021 ὁ
629 982 746 1033 λόγος,
767 981 857 1020 ἀλλὰ
887 981 966 1032 περὶ
997 984 1059 1026 τῆς

39 1044 184 1096 καρδίας
202 1048 264 1090 τ’ἦς
280 1048 540 1095 πνευματικῆς;
574 1043 649 1080 ἐπεὶ
671 1045 699 1080 εἷ
720 1042 768 1092 μὴ
790 1046 890 1079 τοῦτο
907 1035 962 1089 ἦν,
990 1041 1059 1079 ἔδει

40 1106 166 1141 εἰπεῖν·
187 1107 204 1142 ὃ
221 1104 255 1142 δὲ
272 1107 415 1157 ἐρευνῶν
430 1104 469 1142 τὸ
486 1106 644 1154 Πνεῦμα.
664 1102 755 1140 Ἀλλ’
773 1102 828 1140 ἵνα
857 1103 989 1154 μάθῃς,
1007 1101 1060 1139 ὅτι

39 1163 119 1215 περὶ
152 1163 333 1216 ἀνθρώπου
352 1167 369 1201 ὅ
389 1164 488 1214 λόγος
521 1166 756 1213 πνευματικοῦ
768 1193 779 1209 ,
810 1162 869 1200 καὶ
901 1162 1061 1215 χάρισμα

41 1224 177 1276 ἔχοντος
194 1226 316 1275 εὐχῆς,
334 1224 508 1275 ἐπήγαγεν
521 1239 528 1247 ·
545 1223 590 1261 ‘O
607 1223 642 1260 δὲ
659 1225 804 1276 ἐρευνῶν
821 1223 881 1267 τὰς
896 1223 1040 1276 καρδίας
1051 1252 1060 1269 ,

40 1280 111 1323 οἶδε
139 1285 174 1322 τί
198 1285 237 1323 τὸ
268 1286 429 1337 φρόνημα
449 1289 516 1335 ,τοῦ
539 1283 734 1335 πνεύματος
754 1300 762 1308 ·
791 1284 968 1332 τουτέστι,
1003 1289 1063 1322 τοῦ

41 1344 222 1397 ἀνθρώπου
241 1351 300 1384 τοῦ
318 1351 552 1396 πνευματικοῦ
566 1362 574 1370 ·
602 1347 655 1384 ὅτι
674 1345 765 1384 κατὰ
784 1346 874 1385 Θεὸν
897 1346 1065 1398 ἐντυγχά-

42 1422 92 1444 νει
107 1405 194 1457 ὖπὲρ
211 1406 331 1457 ἁγίων.
351 1409 403 1444 Οὐ
416 1406 484 1457 γὰρ
496 1409 701 1457 ἀγνοοῦντα,
713 1407 818 1458 φησὶ,
837 1407 992 1446 διδάσκει
1009 1408 1065 1446 τὸν

42 1467 150 1514 Θεὸν,
170 1468 258 1506 ἀλλὰ
278 1473 378 1506 τοῦτο
405 1466 554 1519 γίνεται,
574 1466 630 1504 ἵνα
647 1471 749 1517 ἡμεῖς
769 1467 934 1517 μάθωμεν
964 1468 1067 1520 εὔχε·

44 1532 125 1566 σθαι
141 1531 252 1565 ταῦτα
274 1527 295 1565 ἃ
310 1527 381 1579 χρὴ
397 1558 405 1573 ,
420 1528 480 1565 καὶ
504 1528 610 1565 αἰτεῖν
631 1527 728 1579 παρὰ
752 1531 812 1565 τοῦ
839 1530 931 1566 Θεοῦ
949 1529 992 1566 τὰ
1015 1531 1068 1566 δο-

44 1593 169 1627 κοῦντα
190 1590 301 1640 αὐτῷ·
322 1592 423 1626 τοῦτο
443 1588 510 1641 γάρ
532 1590 606 1625 ἐστι
623 1588 674 1636 τὸ,
697 1588 799 1626 Κατὰ
830 1588 935 1627 Θεόν.
954 1588 1067 1627 εΏστε

46 1648 105 1687 καὶ
133 1648 385 1702 παρακλήσεως
406 1647 520 1686 ἕνεκεν
540 1648 670 1699 ἐγίνετο
688 1652 787 1687 τοῦτο
806 1651 874 1686 τῶν
903 1648 1069 1700 προσιόν-

46 1725 127 1755 των,
151 1710 210 1747 καὶ
243 1708 467 1752 διδασκαλίας
486 1708 650 1761 ἀρίστης·
682 1709 742 1746 καὶ
760 1708 827 1761 γὰρ
853 1711 870 1746 ὁ
902 1709 1068 1761 παρέχων

46 1769 106 1807 καὶ
123 1769 166 1808 τὰ
184 1769 390 1821 χαρίσματα
406 1769 466 1806 καὶ
485 1768 528 1807 τὰ
547 1768 655 1821 μυρία
679 1768 790 1812 διδοὺς
807 1770 918 1820 ἀγαθὰ
930 1800 938 1816 ,
960 1773 977 1807 ὁ
993 1771 1069 1807 Πα·

47 1830 216 1882 ράκλητος
234 1825 288 1876 ἦν.
306 1832 426 1868 Ταῦτα
442 1830 509 1881 γὰρ
525 1829 640 1867 πάντα
651 1860 662 1876 ,
677 1829 795 1882 φησὶν,
814 1832 943 1883 ἐνεργεῖ
963 1830 998 1868 ἓν
1009 1830 1068 1868 καὶ

45 1891 85 1929 τὸ
99 1892 180 1930 αὐτὸ
196 1893 356 1941 Πνεῦμα.
378 1890 449 1928 Καὶ
462 1893 523 1936 τῆς
537 1890 710 1942 ἡμετέρας
722 1890 934 1933 παιδεύσεως
954 1890 1068 1929 ἕνεκεν

46 1956 146 1990 τοῦτο
161 1951 312 2003 γίνεται,
336 1951 396 1988 καὶ
415 1954 474 1988 τοῦ
497 1952 675 2002 δειχθῆναι
693 1954 752 1989 τοῦ
771 1951 975 2002 Πνεύματος
1007 1951 1070 1998 τὴν

48 2012 202 2063 ἀγάπην,
217 2011 269 2049 ὅτι
290 2011 396 2063 μέχρι
413 2010 573 2049 τοσούτου
593 2012 875 2062 συγκαταῆαίνει.
889 2012 993 2050 (Ὀθεν
1010 2012 1070 2049 καὶ

47 2074 87 2111 τὸ
106 2073 291 2111 ἀκούεσθαι
308 2072 437 2123 ἐγίνετο
453 2074 502 2123 τῷ
517 2072 696 2124 εὐχομένω
707 2103 716 2120 ,
736 2071 793 2110 διὰ
812 2073 851 2110 τὸ
870 2072 961 2110 κατὰ
981 2073 1070 2111 Θεὸν

46 2133 203 2184 γίνεσθαι
221 2133 283 2180 τὴν
307 2133 423 2185 εὐχήν.
444 2132 553 2185 Ὁρᾷς
576 2134 618 2170 δι’
651 2132 739 2171 ὅσων
762 2134 885 2177 αὐτοὺς
914 2134 1072 2172 παιδεύει

48 2193 111 2241 τὴν
131 2193 218 2246 ὑπὲρ
251 2196 360 2232 αὐτῶν
388 2193 527 2244 ἀγάπην
553 2193 612 2232 καὶ
639 2193 702 2241 τὴν
721 2194 828 2245 τιμὴν
847 2194 908 2242 τὴν
927 2194 1070 2245 γινομέ-

50 2270 112 2302 νην
133 2257 180 2298 εἷς
199 2255 341 2303 αὐτούς,

73 2310 77 2315 ’
104 2315 152 2353 Τί
170 2315 237 2367 γὰρ
257 2318 319 2354 οὐκ
335 2315 476 2363 ἐποίησε
499 2317 541 2354 δι’
563 2318 657 2366 ἡμᾶς
675 2317 692 2354 ὃ
707 2316 814 2365 Θεός;
833 2317 994 2370 Φθαρτὸν
1013 2317 1072 2356 τὸν

50 2376 179 2427 κόσμον
205 2378 248 2414 δι’
274 2382 388 2428 ἡμᾶς,
407 2377 492 2415 aaa}
518 2376 690 2429 ἄφθαρτον
716 2377 859 2424 ἐποίησε
888 2380 930 2416 δι’
957 2383 1070 2428 ἡμᾶς·

51 2440 253 2484 κακωθῆναι
274 2437 352 2481 τοὺς
368 2437 549 2491 προφήτας
571 2437 793 2490 συνεχώρησε
819 2439 862 2475 δι’
886 2442 1000 2489 ἡμᾶς,
1026 2442 1074 2482 εἷς

54 2498 299 2549 αἰχμαλωσίαν
327 2498 461 2550 ἔπεμψε
478 2499 520 2535 δι’
541 2502 656 2549 ἡμᾶς,
685 2501 733 2542 εἷς
763 2499 908 2549 κάμινον
941 2503 1071 2552 ἀφῆκεν

54 2561 218 2608 ἐμπεσεῖν
240 2560 282 2596 δι’
315 2563 428 2609 ἡμᾶς,
447 2558 490 2595 τὰ
519 2559 625 2610 μυρία
652 2561 837 2609 ὑπομεῖναι
865 2561 969 2598 κακά.
1002 2561 1073 2599 Καὶ

54 2618 234 2670 προφήτας
253 2617 288 2656 δὲ
309 2619 351 2655 δι’
365 2622 458 2668 ἡμᾶς
478 2618 598 2662 αὐτοὺς
614 2619 772 2667 ἐποίησε,
787 2620 846 2657 καὶ
862 2621 1074 2663 ἀποστόλους

57 2680 100 2717 δι’
123 2683 236 2729 ἡμᾶς·
258 2679 316 2717 τὸν
342 2681 520 2729 Μονογενῆ
553 2679 598 2717 δι’
624 2684 717 2728 ἡμᾶς
744 2679 906 2727 ἐξέδωκε,
926 2680 983 2718 τὸν
1000 2682 1073 2720 διά-

57 2741 156 2779 ὅολον
179 2741 222 2777 δι’
241 2743 335 2790 ἡμᾶς
344 2740 500 2783 κολάζει·
520 2740 678 2778 ἐκάθισεν
696 2744 789 2791 ἡμᾶς
805 2743 839 2778 ἐν
856 2741 969 2794 δεξιᾷ·
981 2744 1075 2780 ὠνει-

1177 234 1332 264 ΗοΜῐι.
1371 233 1466 264 xiv.
2016 213 2107 274 (347

1124 324 1274 367 ceperat,
1308 328 1454 365 quaeque
1491 315 1607 351 Deum
1637 311 1759 350 oraLat
1793 320 1826 349 et
1851 310 2112 363 ingemiscebat.

1124 377 1215 414 Nam
1232 375 1294 426 qui
1310 376 1373 413 tali
1387 375 1554 427 dignatus
1573 382 1647 411 erat
1663 373 1789 425 gratia,
1807 382 1902 410 stans
1918 386 1997 410 cum
2014 373 2112 410 mul-

1126 445 1160 474 ta
1181 436 1448 488 compunctione
1466 445 1502 474 et
1519 434 1644 472 multis
1663 433 1854 485 gemitibus
1875 433 2008 480 animi,
2034 442 2114 471 ante

1128 497 1246 534 Deum
1261 496 1512 548 procumbens,
1531 509 1610 545 quae
1629 494 1732 532 utilia
1747 494 1913 532 omnibus
1927 502 2039 531 essent
2050 507 2114 545 po-

1128 557 1293 594 stulabat.
1311 557 1423 608 Cujus
1441 570 1536 594 nunc
1557 555 1762 608 symbolum
1781 564 1833 593 est
1847 554 2030 602 diaconus,
2052 555 2114 604 qui

1128 629 1192 667 pro
1211 617 1345 668 populo
1361 630 1480 668 preces
1498 615 1663 653 effundit.
1688 615 1765 652 Hoc
1783 615 1894 666 igitur
1908 614 2113 665 significans

1130 675 1276 721 Paulus,
1290 676 1430 713 dicebat
1448 691 1456 712 :
1473 678 1559 727 Ipse
1573 677 1727 726 spiritus
1738 675 1909 726 postulat
1919 688 1989 725 pro
2003 676 2114 711 nobis

1082 746 1105 777 C
1127 739 1332 787 gemitibus
1343 736 1684 774 inenarrabilibus.
1700 737 1764 774 27.
1781 737 1854 785 Qui
1868 745 1998 773 autem
2011 749 2114 773 scru—

1130 804 1237 834 tatur
1251 798 1381 835 corda.
1400 795 1531 835 Viden'
1549 809 1619 832 non
1634 795 1693 832 hic
1709 794 1754 832 de
1771 795 1949 832 Paracleto
1963 796 2035 845 agi,
2051 795 2115 832 sed

1129 855 1175 893 de
1193 856 1298 893 corde
1313 856 1490 907 spirituali
1504 856 1522 892 ‘r‘
1542 857 1632 893 Nam
1651 856 1681 892 si
1697 868 1768 892 non
1790 855 1858 892 hoc
1873 855 1920 892 ita
1937 864 2036 903 esset,
2056 855 2114 893 di—

1129 915 1225 952 xisse
1252 915 1410 966 oportuit
1435 930 1443 951 z
1471 915 1543 960 Qui
1574 923 1693 951 autem
1721 922 1897 951 scrutatur
1927 914 2114 966 Spiritum.

1131 974 1202 1011 Sed
1221 984 1260 1012 ut
1281 975 1396 1013 discas
1416 974 1477 1012 hic
1495 974 1540 1012 de
1560 973 1739 1025 spirituali
1757 973 1900 1010 homine
1920 988 2116 1012 sermonem

1131 1034 1269 1081 haberi,
1284 1035 1348 1086 qui
1367 1034 1500 1073 donum
1520 1033 1688 1086 precandi
1704 1033 1847 1080 habeat,
1869 1032 2008 1070 addidit
2029 1049 2036 1068 :
2059 1036 2118 1071 At

1135 1099 1202 1147 qui
1220 1105 1416 1134 scrutatur
1432 1097 1563 1144 corda,
1584 1098 1692 1133 novit
1707 1097 1776 1147 qui
1795 1097 1842 1131 sit
1859 1107 1991 1132 sensus
2009 1097 2120 1145 spiri-

1136 1165 1196 1195 tus
1212 1173 1227 1201 ;
1248 1156 1285 1194 id
1306 1166 1370 1205 est,
1396 1156 1551 1196 hominis
1571 1155 1770 1208 spiritualis
1793 1170 1801 1190 ε
1823 1157 1890 1205 qui
1911 1155 2121 1192 secundum

1136 1218 1264 1254 Deum
1287 1217 1462 1269 postulat
1489 1230 1560 1267 pro
1587 1218 1745 1255 sanctis.
1772 1215 1895 1265 Neque
1919 1214 2029 1262 enim,
2058 1215 2120 1260 ait,

1137 1276 1359 1327 ignorantem
1384 1276 1486 1315 docet
1514 1278 1631 1314 Deum
1650 1291 1657 1312 :
1677 1289 1803 1314 verum
1827 1275 1896 1312 hoc
1923 1274 1976 1324 fit,
1997 1283 2036 1311 ut
2059 1287 2123 1312 nos

1139 1338 1318 1377 discamus
1338 1353 1377 1376 ea
1400 1353 1478 1389 quae
1504 1346 1641 1390 oportet
1658 1337 1805 1389 precari,
1821 1345 1854 1374 et
1872 1350 1892 1373 a
1911 1338 1986 1373 Deo
2005 1344 2123 1387 petere

1140 1414 1179 1438 ea
1194 1414 1270 1450 quae
1284 1400 1353 1452 ipsi
1369 1400 1499 1452 placita
1516 1400 1609 1447 sint;
1627 1399 1696 1436 hoc
1712 1398 1806 1436 enim
1825 1397 2002 1449 significat
2017 1396 2123 1444 illud,

1140 1462 1356 1501 Secundum
1376 1464 1513 1500 Deum.
1537 1463 1662 1511 Itaque
1687 1461 1758 1498 hoc
1784 1469 1858 1498 erat
1882 1460 1928 1497 ad
1954 1459 2125 1497 acceden-

1140 1523 1231 1560 tium
1250 1523 1525 1561 consolationem
1544 1531 1578 1560 et
1604 1522 1805 1560 doctrinam
1824 1521 1992 1573 optimam
2016 1536 2023 1556 :
2045 1534 2127 1557 nam

1142 1584 1203 1634 qui
1220 1593 1253 1622 et
1266 1582 1361 1621 dona
1377 1583 1440 1621 illa
1454 1592 1488 1621 et
1503 1583 1641 1620 infinita
1659 1583 1751 1620 bona
1765 1582 1999 1633 largiebatur,
2020 1582 2126 1617 Para-

1142 1645 1252 1682 cletus
1270 1654 1357 1683 erat.
1385 1646 1480 1682 Haec
1499 1646 1600 1681 enim
1627 1645 1769 1689 omnia,
1794 1642 1925 1692 inquit,
1948 1649 2128 1693 operatur

1144 1719 1241 1743 unus
1274 1714 1311 1743 et
1335 1706 1435 1742 idem
1461 1706 1637 1756 Spiritus.
1668 1703 1716 1740 Et
1744 1703 1975 1740 institutionis
1999 1710 2127 1740 nostrae

1143 1780 1247 1803 causa
1261 1766 1329 1803 hoc
1341 1765 1396 1813 fit,
1416 1774 1521 1815 atque
1536 1773 1574 1801 ut
1591 1762 1746 1815 Spiritus
1755 1762 1900 1800 dilectio
1913 1762 2126 1810 declaretur,

1143 1826 1206 1876 qui
1225 1840 1264 1864 eo
1287 1839 1399 1876 usque
1419 1825 1648 1876 indulgentiae
1667 1822 1846 1875 procedat.
1866 1822 2025 1873 Indeque
2043 1836 2125 1859 eve—

1141 1886 1260 1924 niebat
1271 1895 1310 1923 ut
1322 1886 1364 1934 is,
1379 1886 1440 1936 qui
1453 1885 1677 1938 precabatur,
1692 1883 1938 1932 exaudiretur,
1949 1882 2034 1933 quia
2049 1896 2129 1919 ora-

1140 1946 1191 1984 tio
1215 1946 1409 1985 secundum
1436 1948 1553 1984 Deum
1576 1945 1814 1984 emittebatur.
1835 1943 1964 1983 Viden'
1988 1944 2130 1993 quantis

1143 2021 1200 2045 eos
1219 2007 1342 2045 doceat
1361 2022 1517 2045 amorem
1537 2020 1620 2058 erga
1640 2006 1721 2044 illos
1740 2019 1867 2053 suum,
1888 2004 2130 2054 honoremque

1143 2070 1230 2122 ipsis
1245 2070 1448 2109 exhibitum
1464 2071 1482 2107 Ξ)

1095 2137 1120 2169 E

1198 2309 1235 2348 8.
1256 2307 1356 2356 Quid
1375 2309 1470 2347 enim
1488 2321 1557 2346 non
1575 2321 1641 2360 pro
1658 2308 1759 2345 nobis
1778 2307 1861 2345 fecit
1879 2309 1976 2345 Deus
1992 2308 2009 2344 t>
2026 2309 2131 2345 Mun-

1144 2371 1232 2410 dum
1241 2371 1510 2424 corruptibilem
1526 2379 1671 2422 propter
1687 2384 1760 2419 nos,
1778 2378 1811 2407 et
1826 2369 2132 2421 incorruptibilem

1144 2442 1291 2485 propter
1312 2447 1375 2470 nos
1403 2432 1512 2482 fecit;
1540 2431 1633 2469 male
1658 2430 1752 2468 affici
1774 2430 1966 2483 prophetas
1989 2440 2133 2483 propter

1147 2507 1209 2532 nos
1227 2493 1389 2545 permisit
1406 2508 1417 2541 3
1436 2492 1474 2530 in
1492 2492 1736 2544 captivitatem
1756 2501 1901 2544 propter
1920 2506 1982 2530 nos
2004 2493 2102 2531 misit
2121 2509 2131 2541 3

1146 2556 1183 2594 in
1201 2557 1379 2594 fornacem
1406 2563 1552 2607 propter
1570 2568 1634 2592 nos
1658 2554 1818 2606 permisit
1837 2553 2003 2601 incidere,
2028 2563 2133 2604 atque

1147 2618 1246 2655 mille
1271 2618 1391 2655 subire
1418 2618 1524 2655 mala.
1571 2616 1765 2667 Prophetas
1793 2616 1874 2652 illos
1902 2625 2048 2667 propter
2071 2630 2133 2653 nos

1146 2679 1243 2727 fecit,
1262 2688 1295 2716 et
1317 2679 1493 2730 apostolos
1515 2678 1600 2714 item
1618 2685 1762 2728 propter
1783 2690 1874 2725 nos,
1899 2676 2133 2727 Unigenitum

1147 2750 1292 2793 propter
1309 2754 1372 2777 nos
1387 2738 1553 2787 tradidit,
1570 2737 1754 2775 diabolum
1774 2746 1919 2789 propter
1937 2751 2000 2775 nos
2012 2738 2132 2789 punit;

58 2799 156 2847 δίσθη
179 2802 221 2839 δι’
249 2805 360 2851 ἡμᾶς·
381 2803 427 2839 Οἱ
455 2800 643 2851 ὀνειδισμοὶ
669 2801 755 2852 γὰρ,
778 2801 882 2853 φησὶ,
902 2805 971 2839 τῶν
988 2804 1076 2841 ὄνει-
1088 2827 1135 2852 537
1148 2815 1211 2838 nos
1234 2801 1271 2838 in
1297 2799 1443 2837 dextera
1464 2797 1585 2836 sedere
1606 2797 1743 2847 voluit,
1773 2797 1965 2849 opprobria
1991 2806 2134 2849 propter

58 2861 216 2905 διζόντων
235 2878 273 2901 σε
299 2861 464 2900 ἐπέπεσον
496 2863 549 2898 ἐπ’
572 2860 646 2912 ἐμέ.
675 2861 766 2900 Ἀλλ’
786 2861 880 2912 ὅμως
902 2862 990 2912 μετὰ
1017 2880 1075 2902 το-
1101 2864 1127 2892 Α
1148 2875 1211 2898 nos
1226 2873 1349 2912 passus
1362 2867 1415 2897 est
1435 2874 1442 2895 :
1461 2872 1545 2896 nam
1563 2856 1611 2894 ait
1632 2873 1640 2893 :
1661 2859 1874 2908 Opprobria
1893 2860 2132 2905 exprobrati-
2148 2867 2236 2895 Psnl.
2262 2865 2314 2895 68.

1150 2923 1243 2960 tium
1268 2923 1337 2958 tibi
1357 2920 1578 2957 ceciderunt
1600 2931 1713 2967 super
1729 2932 1798 2956 me.
1821 2920 1984 2956 Attamen
2004 2932 2067 2955 nos
2089 2918 2134 2955 ab
2154 2917 2200 2936 ¹⁰·

57 2926 168 2960 σαῦτα
199 2921 452 2974 ἀφισταμένους
487 2924 580 2972 ἡμᾶς
618 2924 678 2960 οὐκ
716 2922 869 2974 ἀφίησιν,
906 2923 995 2962 ἀλλὰ
1017 2924 1076 2962 καὶ

57 2986 253 3035 παρακαλεῖ
280 2983 400 3031 πάλιν,
436 2982 495 3020 καὶ
515 2981 651 3036 ἑτέρους
675 2983 932 3035 παρασκευάζει
957 3000 1076 3036 παρα-

57 3045 175 3082 καλεῖν
207 3044 295 3095 ὑπὲρ
327 3046 441 3094 ἡμῶν,
461 3043 518 3081 ἵνα
547 3046 632 3094 ἡμῖν
662 3043 877 3096 χαρίσηται·
901 3043 985 3095 ὅπερ
1022 3044 1078 3083 ἐπὶ

58 3108 116 3142 τοῦ
128 3105 305 3149 Μωϋσέως
320 3105 449 3156 γέγονε.
462 3104 532 3142 Καὶ
551 3103 617 3156 γὰρ
629 3104 749 3156 ἐκείνῳ
773 3104 993 3156 φησίν,Ἄφες
1016 3121 1078 3155 με,

59 3163 118 3202 καὶ
137 3164 305 3216 ἐξαλείψω
322 3164 442 3208 αὐτούς
454 3179 461 3188 ·
490 3164 546 3201 ἵνα
567 3165 667 3202 αὐτὸν
686 3165 821 3216 ἐμὸάλῃ
844 3167 890 3208 εἷς
909 3164 971 3212 τὴν
993 3165 1080 3218 ὑπὲρ

62 3224 198 3263 ἐκείνων
209 3224 402 3283 ἱκετηρίαν·
420 3225 479 3262 καὶ
495 3227 553 3262 νῦν
563 3224 602 3262 τὸ
613 3224 695 3262 αὐτὸ
705 3230 796 3263 ποιεῖ
827 3224 895 3263 Διὰ
907 3229 1006 3263 τοῦτο
1021 3225 1080 3263 καὶ

108 3362 122 3375 ³
145 3352 206 3393 [A.
224 3352 351 3383 omittit
373 3351 556 3394 copulanr]

307 3416 399 3440 ΤΟΜ.
433 3417 483 3440 ix.

1149 2981 1226 3033 ipso
1248 2989 1326 3032 post
1344 2988 1396 3017 tot
1414 2988 1580 3029 tantaque
1599 2977 1801 3015 deficientes
1821 2991 1890 3015 non
1910 2977 2054 3027 deserit,
2074 2977 2135 3015 sed

1150 3056 1213 3080 nos
1225 3055 1368 3079 rursum
1386 3040 1562 3087 hortatur,
1579 3048 1610 3077 et
1625 3038 1713 3075 alios
1729 3047 1845 3089 parat,
1870 3038 1930 3088 qui
1949 3052 2013 3089 pro
2033 3038 2135 3075 nobis

1150 3102 1381 3150 intercedant,
1406 3110 1445 3138 ut
1465 3100 1568 3138 nobis
1588 3099 1736 3151 gratiam
1757 3098 1930 3150 largiatur
1952 3115 1959 3135 :
1983 3099 2080 3150 quod
2099 3099 2135 3136 in

1150 3166 1277 3216 Moyse
1298 3164 1430 3200 factum
1447 3170 1508 3200 est.
1537 3160 1597 3199 Illi
1616 3173 1767 3210 namque
1788 3159 1836 3197 ait
1853 3176 1859 3196 :
1876 3162 2040 3199 Dimitte
2059 3174 2133 3209 me,
2149 3180 2251 3207 arod,
2270 3179 2321 3208 32,

1152 3233 1188 3263 et
1207 3224 1338 3262 delebo
1355 3236 1417 3261 eos
1440 3238 1450 3272 3
1470 3231 1509 3259 ut
1527 3221 1632 3260 illum
1651 3219 1841 3259 adduceret
1863 3220 1907 3259 ad
1921 3220 2136 3274 precandum
2153 3227 2200 3248 ¹⁰·

1879 3401 1927 3438 45
