2466 3805
708 247 750 276 IN
790 248 904 277 ACTA
941 248 963 275 A
971 243 1267 276 POSTOLORUM
1277 263 1285 272 .

105 331 267 379 μεγάλου·
289 329 344 366 διὰ
363 328 428 379 γὰρ
451 328 512 374 τὴν
533 327 663 375 πολλὴν
684 316 846 366 ἀπιστίαν
864 329 925 366 οὐκ
942 328 1118 378 ἄνθρωπον

104 392 262 435 ζητοῦσιν
288 389 418 440 ἔγγυον,
444 389 532 426 ἀλλὰ
553 389 608 427 τὸν
635 388 737 426 Θεόν.
767 388 944 440 Δεύτερον,
975 388 1032 425 καὶ
1061 390 1120 425 τοῦ

102 449 340 499 λαμέάνοντος
355 449 413 486 τὸν
433 449 533 499 ὅρκον
554 449 592 486 τὸ
606 449 689 487 αὐτὸ
704 449 875 499 ἔγκλημα,
897 451 926 487 εἰ
940 449 1024 499 ὑπὲρ
1046 463 1119 485 συν-

104 510 337 560 αλλαγμάτων
359 509 614 561 διαφερόμενος,
633 510 689 548 τὸν
715 510 803 548 Θεὸν
823 508 917 547 ἕλκοι
946 508 1030 560 πρὸς
1058 507 1120 554 τὴν

102 571 243 621 ἐγγύην,
262 571 321 608 καὶ
336 569 431 620 λέγοι
447 569 494 619 μὴ
508 570 730 621 ἀφίστασθαι,
748 569 838 620 εἰμὴ
860 571 987 608 ἐκεῖνον
1007 568 1119 606 λάὸοι.

102 629 150 669 ’Ὼ
171 635 233 678 τῆς
251 630 533 682 ὓπερὲαλλούσης
554 630 797 676 ἀναισθησίας,
823 630 851 667 ὢ
883 632 946 675 τῆς
965 629 1096 680 ὕὸρεως
1110 643 1118 651 ·

104 691 242 738 σκώληξ
256 692 315 729 καὶ
330 694 376 742 γῆ
397 691 454 728 καὶ
472 691 595 733 σποδὸς
614 691 792 742 τυγΛάνο>ν
814 689 873 727 καὶ
893 689 1042 735 καπνὸς,
1060 687 1118 726 τὸν

104 752 285 798 Δεσπότην
302 767 361 789 σου
377 751 488 795 ἕλκεις
505 753 550 793 εἷς
563 750 698 801 ἐγγύην,
712 752 868 788 κάκεῖνον
889 748 906 768 ¹’
915 749 1120 799 ἀναγκάζεις

104 814 238 850 λαῧεῖν.
266 812 355 850 Εἰπέ
374 828 452 861 μοι,
476 813 504 849 εἰ
526 814 594 848 τῶν
616 811 747 848 παίδων
776 812 871 860 ὑμῶν
891 808 1120 861 φιλονεικούν-

104 889 171 910 των
213 873 298 924 πρὸς
340 872 527 917 ἀλλήλους,
563 870 623 908 καὶ
666 869 926 919 ἀπιστουμένων
966 870 1118 915 ἑαυτοῖς,

104 933 228 983 ἔφησεν
253 936 270 970 ὁ
289 931 472 982 ὁμόδουλος
501 930 550 980 μὴ
581 929 855 976 ἀποστήσεσθαι,
888 928 953 971 ἕως
988 927 1028 964 ἂν
1061 928 1119 965 τὸν

104 992 215 1030 κοινὸν
235 991 403 1038 δεσπότην
431 990 600 1041 ἐγγυητὴν
620 990 743 1027 λάέοι·
765 982 831 1040 ἀρα
860 991 921 1027 οὐκ
948 989 987 1026 ἂν
1017 988 1119 1026 ἔλαὸε

103 1053 240 1102 πληγὰς
264 1052 407 1102 μυρίας,
429 1051 488 1089 καὶ
503 1051 641 1101 ἔμαθεν,
661 1049 712 1087 ὅτι
725 1051 774 1101 τῷ
790 1049 940 1100 δεσπότῃ
964 1051 1010 1092 εἷς
1030 1049 1120 1087 ἄλλα

103 1115 296 1164 κεχρῆσθαι
316 1114 384 1157 δεῖ,
413 1113 474 1149 οὐκ
501 1113 548 1154 εἰς
571 1113 699 1157 ταῦτα;
719 1109 766 1147 Τί
792 1110 883 1160 λέγω
914 1109 1119 1160 ὁμόδουλον;

105 1174 148 1210 Εἰ
173 1171 240 1223 γὰρ
271 1170 538 1222 αἷδεσιμώτερον
566 1169 677 1208 εἵλετο
706 1170 832 1221 ἄνδρα,
860 1172 925 1220 οὐχ
952 1168 1050 1220 ὕὸριν
1081 1169 1121 1207 τὸ

104 1240 251 1286 πρᾶγμα
274 1232 431 1283 ἡγήσατο
455 1232 516 1279 ἄν,
534 1231 624 1270 Ἀλλ’
654 1229 721 1281 ἐγὼ
749 1233 787 1268 οὗ
817 1229 1004 1280 βούλομαι,
1023 1230 1119 1283 φησί.

106 1295 230 1337 Καλῶς
243 1309 250 1316 ·
275 1295 394 1332 οὗκοῖἱν
423 1292 511 1343 μηδὲ
534 1295 661 1331 ἐκεῖνον
683 1291 876 1342 ἀνάγκαζε,
891 1290 965 1328 ἐπεὶ
985 1291 1044 1328 καὶ
1065 1292 1121 1330 ἔπ’

105 1353 295 1406 ἀνθρώπων
322 1358 422 1391 τοῦτο
445 1353 594 1404 γίνεται,
620 1353 658 1390 ἂν
681 1352 775 1403 εἴπῃ,
790 1354 847 1392 τὸν
878 1351 970 1389 δεῖνα
995 1352 1119 1403 δίδωμι

107 1415 290 1466 ἐγγυητὴν,
308 1414 348 1452 σὺ
371 1416 431 1453 οὐκ
452 1415 572 1467 ἀνέχῃ.
593 1415 640 1452 Τί
655 1409 733 1463 οἶν,
751 1415 810 1453 καὶ
829 1414 1002 1462 ἀπολέσω,
1023 1414 1119 1466 φησὶ,

103 1475 142 1512 τὸ
169 1474 365 1524 διδόμενονς
385 1477 437 1513 Οὐ
470 1475 560 1527 λέγω
588 1478 706 1523 τοῦτο,
740 1474 830 1513 ἀλλὰ
860 1474 912 1513 ὅτι
940 1475 998 1513 τὸν
1029 1475 1119 1513 Θεὸν

106 1535 245 1587 &picea
264 1536 383 1587 ἀνέχῃ.
413 1536 498 1574 ςΔιὸ
525 1537 583 1574 καὶ
616 1538 746 1586 μᾶλλον
770 1539 787 1574 ὃ
802 1535 1072 1586 καταναγκάζων
1097 1535 1118 1581 ἢ

105 1599 122 1633 ὁ
145 1595 249 1645 ὀμνὺς
267 1596 502 1646 ἀπαραίτητον
517 1596 590 1648 ἔχει
604 1595 666 1642 τὴν
691 1596 833 1634 κόλασιν
848 1612 855 1620 ·
879 1595 1046 1640 ὡσαύτως
1060 1596 1118 1634 καὶ

104 1660 122 1694 ὃ
137 1656 280 1705 μηδενὸς
290 1658 461 1699 αἰτοῦντος
476 1657 592 1707 ὀμνύς.
605 1656 675 1695 Καὶ
689 1657 728 1694 τὸ
743 1656 783 1704 δὴ
798 1655 1054 1708 χαλεπώτερον,
1065 1656 1117 1695 ὅτι

106 1716 224 1766 ὀμνύει
254 1716 397 1760 ἕκαστος
424 1716 508 1768 ὑπὲρ
542 1717 663 1756 ὀὸολοῧ
688 1717 780 1764 ἑνὸς,
811 1716 896 1768 ὑπὲρ
920 1716 1119 1768 προσθήκης

107 1783 244 1827 μικρᾶς,
260 1776 345 1827 ὑπὲρ
361 1776 506 1820 ἀδικίας.
522 1779 656 1826 Ταῦτα,
670 1777 751 1816 ὅταν
769 1777 816 1828 μὴ
833 1770 917 1815 ὦσιν
933 1777 1118 1828 ἐπιορκίαι·

107 1837 146 1873 ἂν
185 1836 220 1874 δὲ
257 1837 417 1890 ἐπιορκία
454 1839 744 1891 παρακολουθήσῃ
757 1869 766 1886 ,
806 1838 920 1875 πάντα
955 1837 1025 1874 ἄνω
1059 1837 1118 1875 καὶ

106 1898 219 1945 κάτω,
239 1899 298 1936 καὶ
319 1901 336 1935 ὃ
354 1898 483 1946 longam,
503 1899 562 1936 καὶ
576 1901 594 1936 ὃ
607 1897 684 1941 δοὺς
703 1899 903 1945 πεποίηκεν.
919 1899 1008 1936 Ἀλλ’
1027 1898 1118 1935 ἔστιν

106 1959 316 2010 ἀγνοούμενά
334 1975 428 2006 τινα,
454 1959 568 2010 φησίν.
601 1959 705 1996 Ἀλλὰ
726 1963 833 1996 ταῦτα
861 1957 1119 2010 προορώμενος,

107 2020 214 2070 μηδὲν
246 2020 336 2058 ποίει
371 2019 531 2071 ῥᾳθύμως
548 2035 555 2043 ·
587 2022 616 2057 εἷ
634 2019 669 2057 δὲ
690 2018 850 2071 ῥᾳθύμως
868 2025 994 2067 ποιεῖς,
1014 2018 1119 2056 ἀπαί-

341 2080 358 2100 ‘¹
368 2079 466 2127 δίκην

105 2097 155 2118 τει
190 2081 313 2118 σαυτὸν
495 2080 632 2131 ζημίας.
665 2081 806 2119 Βέλτιον
828 2079 915 2119 οὕτω
943 2082 1119 2130 ζημιωθῆ-

105 2158 178 2188 ναι,
198 2141 219 2187 ἢ
241 2141 374 2192 ἑτέρως.
405 2141 494 2179 Εἰπὲ
524 2141 592 2193 γάρ
617 2158 695 2192 μοι,
719 2141 831 2184 ἕλκεις
861 2143 908 2183 εἷς
929 2141 1030 2192 ὅρκον
1061 2140 1117 2178 τὸν

105 2203 233 2254 ἄνδρα,
260 2201 294 2239 τί
314 2202 534 2252 προσδοκῶν,
561 2201 615 2240 ὅτι
640 2201 863 2253 ἐπιορκήσει,
880 2200 992 2239 ,Ἀλλὰ
1017 2203 1119 2238 τοῦτο

105 2262 221 2305 ἀνοίας
237 2262 385 2313 ἐσχάτης
400 2277 408 2284 ·
427 2261 484 2300 ἐπὶ
498 2261 560 2308 τὴν
576 2261 638 2308 σὴν
653 2262 721 2313 γὰρ
735 2261 887 2312 κεφαλὴν
903 2265 925 2307 ἡ
947 2260 1024 2307 δίκη
1040 2276 1118 2312 τρα-

104 2323 270 2369 πήσεται·
293 2322 426 2372 βέλτιόν
442 2338 480 2360 σε
493 2322 536 2359 τὰ
554 2321 723 2373 χρήματα
743 2321 930 2368 ἀπολέσαι,
950 2322 972 2368 ἢ
989 2323 1116 2359 ἐκεῖνον

103 2384 329 2421 ἀπόλλυσθαι.
350 2382 398 2420 Τί
423 2382 511 2433 μετὰ
530 2386 591 2429 τῆς
617 2385 680 2428 σῆς
711 2382 836 2433 ζημίας
861 2387 960 2421 τοῦτο
986 2388 1115 2429 ποιεῖς,

105 2444 162 2482 καὶ
179 2442 269 2494 μετὰ
287 2446 349 2489 τῆς
365 2442 496 2496 ὕὸρεως
513 2448 573 2482 τοῦ
586 2446 698 2492 Θεοῦ,
712 2444 846 2496 Θηρίου
861 2443 948 2490 αὕτη
964 2448 986 2491 ἡ
1003 2444 1098 2497 ψυχὴ
1108 2474 1118 2493 ,

104 2504 162 2542 καὶ
188 2504 330 2548 ἀσεὸοῧς
349 2504 481 2556 ἀνδρός.
508 2504 613 2542 Ἀλλὰ
628 2506 810 2557 προσδοκῶ
822 2535 832 2553 ,
852 2505 904 2543 ὅτι
923 2507 984 2543 οὐκ
1004 2508 1119 2558 ἐπιορ-

107 2565 216 2610 κήσει.
237 2566 372 2602 Οὐκοῦν
393 2565 452 2602 καὶ
471 2565 579 2616 χωρὶς
594 2565 696 2619 ὅρκου
715 2567 911 2604 πίστευσον.
934 2566 1023 2604 Ἀλλ’
1052 2566 1118 2605 εἶσὶ

107 2625 250 2672 πολλοὶ,
281 2625 396 2677 φησὶν,
412 2624 444 2662 οἳ
456 2625 563 2679 χωρὶς
589 2626 690 2677 ὅρκου
711 2625 842 2665 εἵλοντο
863 2628 1116 2679 ἀποστερῆσαι·

107 2684 195 2734 μετὰ
224 2684 259 2722 δὲ
279 2685 416 2737 Πὸρκον,
435 2686 560 2725 οὐκέτι.
587 2686 737 2739 Ἀπατᾷς
757 2687 913 2734 σεαυτὸν,
946 2687 1116 2740 ἄνθρωπε.

104 2745 296 2798 Ἄνθρωπος
316 2747 475 2785 κλέπτειν
495 2747 705 2798 μεμαθηκὼς
723 2748 856 2786 καὶτὸν
877 2747 1024 2795 πλησίον
1043 2750 1119 2787 ἀδι-

105 2813 188 2853 κεῖν,
207 2807 318 2846 ἕλοιτο
341 2807 380 2844 ἂν
405 2808 464 2846 καὶ
481 2808 582 2860 ὅρκον
611 2812 860 2855 καταπατῆσαι
880 2808 1047 2851 πολλάκις
1060 2824 1068 2832 ·
1089 2812 1117 2847 εἰ

106 2866 140 2904 δὲ
164 2868 242 2919 περὶ
276 2872 335 2908 τοῦ
360 2868 487 2919 ὀμόσαι
515 2870 744 2917 εὐλαὸηθείη,
770 2870 849 2921 περὶ
879 2869 919 2907 τὸ
950 2871 1115 2916 ἀδικῆσαι

105 2928 221 2978 πολλῷ
242 2930 382 2978 μᾶλλον.
405 2927 496 2966 Ἀλλ’
512 2929 605 2968 ἄκων
621 2930 702 2968 αὐτὸ
717 2929 847 2982 πάσχει
857 2946 867 2978 ;
886 2932 1021 2968 Οὐκοῦν
1041 2946 1116 2980 συγ-

105 2988 243 3038 γνώμης
256 2989 358 3033 ἄξιος.
375 2990 479 3028 Ἀλλὰ
498 2990 532 3027 τί
551 2990 642 3041 λέγω
660 2991 739 3043 περὶ
753 2994 821 3028 τῶν
842 2990 951 3044 ὅρκων
970 2991 1114 3040 τούτων,

107 3048 201 3098 ἀφεὶς
215 3048 292 3093 τοὺς
308 3052 360 3088 ἐπ’
379 3052 525 3102 ἀγορᾶς,
548 3051 645 3090 Ἐκεῖ
659 3051 727 3103 γὰρ
745 3051 841 3090 οὐδὲν
857 3056 1009 3090 τοιοῦτον
1025 3051 1115 3104 ἔχεις

151 3174 167 3197 b
191 3172 251 3205 Alii
275 3181 447 3217 ἀναγκάζεις
468 3180 602 3219 ἑλκύσαι,
625 3183 689 3213 εἰπέ
714 3193 777 3221 μοι.
799 3178 914 3221 [Infra
940 3180 976 3210 B.
996 3179 1035 3213 D.
1054 3185 1097 3222 μὴ

106 3231 322 3263 &travia-esem.
338 3227 497 3260 Commel.
515 3235 560 3272 μὴ
588 3235 821 3269 ἀπεισθήσεσθαι,
841 3231 1013 3270 Erasmus,
1032 3242 1099 3262 non

107 3275 309 3311 credendum.
324 3278 446 3320 Supra,
465 3285 513 3314 καὶ
529 3285 606 3323 λέγοι
623 3287 668 3323 μὴ
683 3287 877 3327 ἀφίστασθαι,
892 3287 917 3316 εἰ
932 3283 1034 3325 [Mi-u]

149 3338 161 3350 ‘²
185 3328 245 3368 [Β.
259 3329 297 3362 C.
321 3332 362 3363 διὸ
382 3337 523 3373 μειζόιως
548 3336 562 3365 b
586 3338 830 3374 και-ἀναγκάζων,
842 3340 905 3366 etc.
923 3334 959 3366 Α.
976 3336 1019 3368 διὸ
1034 3338 1100 3376 saei·

107 3386 185 3417 ξενος
202 3384 216 3413 ὸ
238 3395 264 3413 κ..
281 3385 297 3417 ἦ
313 3384 326 3414 ὁ
342 3384 428 3423 ὀμνὺς
443 3387 519 3421 ἄξιος
535 3384 707 3424 κο),άσεως-]

1323 242 1480 273 iloMtL.
1520 243 1579 271 ix.
2111 228 2171 288 89

1191 324 1382 376 dejussore,
1404 332 1436 361 et
1456 335 1583 374 niagno
1610 320 1837 374 fidejussore:
1861 321 1942 371 quia
1957 321 2048 358 enini
2070 322 2166 358 nulla

1191 385 1278 423 fides
1300 384 1460 433 habetur,
1492 397 1561 422 non
1579 382 1758 421 hominem
1778 381 1962 432 requirunt
1979 381 2167 433 fidejusso-

1190 460 1278 494 rem,
1298 445 1358 484 sed
1376 447 1502 483 Deum.
1515 443 1688 492 Secundo,
1703 442 1826 480 eadem
1841 455 1981 493 quoque
2000 441 2102 493 culpa
2118 451 2168 479 est

1190 508 1277 559 ejus,
1301 507 1360 558 qui
1388 507 1629 558 juramentum
1655 504 1793 554 recipit,
1811 504 1840 541 si
1860 504 1895 541 in
1917 503 2030 555 pactis
2049 504 2165 543 Deum

1188 567 1235 604 ad
1253 566 1515 619 fidejussionem
1534 565 1662 613 trahat,
1679 574 1714 603 et
1735 564 1828 602 dieat
1844 578 1913 605 non
1929 563 2167 601 discessurum

1190 641 1225 665 se
1241 626 1308 665 nisi
1330 627 1434 664 illum
1461 626 1623 678 accipiat.
1639 627 1670 663 O
1691 625 1870 677 ingentem
1889 623 2133 676 stupiditatem
2155 622 2163 661 Σ

1189 702 1210 724 0
1226 686 1498 727 contumeliam!
1521 687 1675 735 Vermis,
1694 695 1784 723 terra
1802 695 1835 723 et
1850 685 1938 723 cinis
1953 699 2034 722 cum
2053 684 2100 722 sis
2115 693 2167 721 at-

1141 755 1165 785 C
1188 761 1255 797 que
1274 748 1407 797 fumus,
1426 746 1623 784 Dominum
1647 755 1749 784 tuum
1770 746 1882 784 trahis
1903 745 1950 783 ad
1969 744 2168 796 fidejussio-

1189 821 1270 845 nem
1287 817 1321 845 et
1340 807 1443 844 illum
1475 806 1573 857 cogis
1592 806 1779 857 accipere?
1799 806 1866 843 Dic
1884 806 1987 854 mihi,
2006 805 2035 842 si
2057 805 2167 842 servis

1188 857 1314 906 vestris
1333 867 1424 904 inter
1443 880 1479 904 se
1510 866 1724 913 rixantibus,
1750 879 1813 902 nec
1845 866 1913 902 sibi
1947 874 2070 902 mutuo
2092 879 2168 902 ere-

1188 926 1368 976 dentibus,
1383 925 1514 963 diceret
1535 939 1721 963 conservus
1741 938 1810 962 non
1827 923 2079 961 discedendum
2097 938 2169 961 esse

1189 988 1300 1026 donec
1334 986 1530 1025 communis
1550 985 1716 1024 dominus
1750 984 1936 1036 fidejussor
1966 984 2145 1021 accederet
2160 999 2168 1029 ;

1189 1062 1305 1086 annon
1325 1048 1424 1085 mille
1441 1047 1563 1099 plagas
1591 1046 1776 1097 acciperet,
1794 1054 1831 1082 ut
1852 1044 2002 1082 disceret
2027 1043 2171 1081 domino

1190 1108 1236 1146 ad
1251 1108 1334 1158 alia,
1349 1122 1420 1146 non
1438 1107 1483 1145 ad
1499 1107 1575 1144 haec
1594 1106 1647 1143 uti
1667 1105 1852 1158 oportere?
1869 1104 1969 1152 Quid
1988 1104 2067 1141 dieo
2086 1117 2172 1141 con-

1190 1169 1362 1208 servum?
1391 1181 1473 1205 nam
1493 1166 1522 1204 si
1551 1165 1669 1204 virum
1689 1164 1982 1204 venerabiliorem
2015 1163 2172 1214 eligeret,

1190 1243 1304 1267 annon
1320 1229 1357 1266 id
1371 1229 1430 1266 ille
1443 1242 1509 1280 pro
1525 1227 1737 1265 contumelia
1752 1226 1922 1263 haberet?
1938 1228 1982 1262 At
2001 1239 2064 1276 ego
2076 1226 2171 1275 nolo,

1190 1291 1338 1341 inquies.
1359 1291 1466 1327 Recte
1483 1304 1489 1324 :
1507 1302 1589 1339 ergo
1610 1302 1724 1338 neque
1743 1287 1848 1325 illum
1867 1300 1992 1337 cogas:
2010 1300 2092 1323 nam
2108 1287 2174 1324 hoc

1141 1359 1165 1388 D
1190 1352 1350 1390 fitetiam
1367 1350 1464 1403 apud
1487 1350 1664 1399 homines,
1688 1350 1715 1387 si
1731 1349 1810 1399 quis
1829 1348 1976 1396 dixerit,
1994 1348 2101 1385 Illum
2121 1357 2173 1385 ta-

1189 1414 1258 1451 lem
1273 1412 1320 1450 do
1332 1412 1632 1464 fidejussorcm,tu
1648 1424 1716 1447 non
1732 1409 1915 1461 permittis.
1928 1409 2027 1455 Quid
2047 1408 2173 1460 igitur?

1190 1473 1342 1523 inquies,
1360 1471 1553 1525 perdamne
1569 1469 1665 1521 quod
1681 1469 1789 1507 dedi?
1819 1470 1897 1506 Non
1914 1469 1981 1506 hoc
1994 1468 2074 1507 dico
2083 1485 2094 1519 3
2113 1469 2176 1507 sed

1189 1549 1317 1586 queror
1330 1534 1425 1586 quod
1439 1536 1555 1572 Deum
1568 1533 1706 1570 afficias
1721 1531 1945 1570 contumelia.
1963 1531 2117 1582 Ideoque
2134 1532 2174 1582 is,

1189 1595 1250 1647 qui
1267 1596 1374 1648 cogit,
1398 1594 1642 1634 inevitabilius
1658 1592 1874 1645 supplicium
1889 1592 2048 1639 habebit,
2067 1607 2174 1643 quam

1192 1657 1235 1705 is,
1253 1657 1315 1707 qui
1329 1658 1427 1709 jurat
1446 1672 1453 1692 :
1482 1655 1713 1705 similiterque
1738 1654 1780 1703 is,
1801 1654 1862 1705 qui
1881 1653 2021 1690 nemine
2054 1663 2175 1705 postu—

1190 1715 1285 1755 lante
1307 1718 1416 1768 jurat.
1435 1716 1609 1767 Quodque
1637 1715 1781 1767 gravius
1801 1724 1865 1761 est,
1886 1714 2014 1766 singuli
2036 1714 2092 1751 vel
2110 1729 2174 1766 pro

1191 1791 1261 1815 uno
1288 1777 1393 1815 obolo
1419 1777 1556 1828 jurant,
1579 1789 1642 1827 pro
1680 1790 1787 1826 parva
1825 1789 1873 1823 re,
1888 1788 1952 1826 pro
1985 1773 2171 1826 injustitia.

1191 1838 1273 1875 Haee
1288 1851 1386 1885 vero,
1401 1851 1481 1875 cum
1511 1835 1586 1874 sine
1604 1836 1760 1887 perjurio
1788 1836 1925 1886 agitur:
1943 1848 2024 1872 nam
2045 1834 2073 1871 si
2094 1849 2172 1886 per-

1143 1907 1167 1937 F.
1186 1897 1324 1949 jurium
1341 1905 1521 1947 sequatur,
1541 1896 1660 1932 omnia
1689 1909 1747 1932 sus
1780 1895 1891 1944 deque
1910 1902 2112 1943 vertuntur,
2142 1904 2174 1932 et

1190 1957 1227 1995 in
1243 1971 1348 1994 causa
1364 1965 1444 1994 sunt
1465 1965 1538 1993 tam
1557 1956 1586 1993 is
1605 1955 1667 2005 qui
1686 1954 1833 2005 accepit,
1853 1968 1961 2003 quam
1983 1954 2011 1992 is
2027 1955 2089 2005 qui
2111 1954 2171 1992 de-

1189 2017 1254 2055 dit.
1275 2020 1336 2064 At,
1358 2017 1510 2068 inquies,
1538 2017 1700 2066 quaedam
1727 2024 1807 2052 sunt
1835 2028 1915 2065 quae
1952 2015 2171 2066 ignorantur.

1191 2079 1327 2116 Verum
1345 2077 1420 2114 haec
1448 2077 1478 2115 si
1496 2068 1692 2129 praevideas
1699 2106 1710 2125 ,
1733 2075 1824 2113 nihil
1847 2083 1978 2114 temere
1998 2076 2104 2114 facies
2122 2092 2129 2112 ε
2145 2077 2174 2114 si

1190 2136 1279 2187 quid
1290 2151 1372 2174 vero
1394 2136 1610 2187 negligenter
1635 2149 1738 2186 agaS‚
1759 2150 1778 2173 a
1793 2136 1904 2188 teipso
1918 2149 2038 2187 poenas
2059 2137 2172 2188 exige.

1189 2197 1320 2235 Melius
1336 2206 1387 2235 est
1408 2197 1458 2235 sic
1473 2196 1602 2234 damno
1619 2196 1729 2246 affici,
1750 2210 1856 2247 quam
1877 2196 1947 2233 alio
1967 2197 2084 2234 modo.
2106 2197 2172 2234 Die

1189 2258 1281 2296 enim
1295 2258 1401 2308 mihi,
1415 2257 1527 2295 trabis
1541 2256 1746 2308 quempiam
1760 2256 2067 2308 adjuramentum,
2085 2257 2172 2308 quid

1188 2319 1419 2370 exspectans?
1435 2332 1521 2355 num
1545 2317 1640 2368 quod
1654 2318 1785 2369 pejeret
1801 2318 1818 2354 ‚⁰
1835 2317 1906 2356 Sed
1924 2318 1992 2355 hoc
2007 2327 2172 2356 extremae

1189 2389 1239 2418 est
1253 2380 1464 2432 insipientiae
1475 2394 1485 2429 3
1500 2379 1535 2416 in
1553 2387 1659 2431 caput
1675 2387 1776 2416 tuum
1794 2379 1884 2416 ultio
1904 2388 2080 2417 vertetur:
2100 2393 2171 2417 me-

1143 2460 1166 2490 Α
1189 2441 1259 2478 lius
1277 2449 1352 2478 erat
1373 2439 1539 2492 pecunias
1560 2448 1638 2476 tuas
1671 2439 1796 2491 perire,
1813 2453 1921 2490 quam
1952 2440 2067 2477 illum.
2100 2441 2173 2477 Cur

1189 2504 1256 2542 hoc
1275 2503 1323 2541 ad
1344 2502 1515 2540 damnum
1536 2511 1636 2539 tuum
1654 2511 1687 2539 et
1707 2502 1775 2539 Dei
1797 2504 2046 2541 contumeliam
2064 2503 2172 2541 facis?

1190 2564 1271 2601 Haec
1295 2563 1413 2601 anima
1433 2562 1585 2602 feraeest
1616 2571 1650 2599 et
1678 2561 1781 2613 impii
1800 2562 1883 2601 viri.
1901 2563 1971 2600 Sed
1993 2577 2106 2614 spero,
2127 2563 2172 2600 il-

1189 2625 1264 2662 lum
1285 2638 1352 2662 non
1366 2624 1608 2675 pejeraturum
1626 2636 1709 2660 esse.
1731 2622 1828 2674 Ergo
1854 2624 1960 2661 etiam
1981 2624 2054 2661 sine
2070 2624 2171 2675 jura<

1189 2695 1306 2723 mento
1343 2684 1456 2722 crede.
1470 2682 1540 2721 Sed
1571 2682 1675 2720 multi
1707 2693 1802 2730 sunt,
1823 2684 1974 2735 inquies,
2005 2685 2065 2734 qui
2102 2698 2170 2722 non

1185 2746 1295 2798 jurati
1327 2744 1493 2783 fraudare
1527 2742 1672 2793 audent,
1709 2743 1820 2795 jurati
1851 2758 1962 2782 secus.
1999 2745 2171 2796 Teipsum

1187 2807 1322 2859 decipis
1339 2837 1348 2855 ,
1389 2821 1410 2844 o
1450 2805 1570 2843 homo.
1617 2805 1688 2851 Qui
1730 2805 1840 2842 furari
1891 2815 1922 2843 et
1964 2806 2169 2858 proximum

1187 2869 1316 2907 laedere
1341 2867 1482 2916 didicit,
1507 2880 1598 2918 saepe
1624 2866 1866 2918 juramentum
1884 2867 1990 2904 etiam
2026 2867 2169 2905 concul-

1186 2930 1300 2979 cabit,
1321 2928 1350 2967 si
1363 2937 1481 2966 autem
1489 2928 1611 2979 jurare
1631 2936 1804 2978 vereatur,
1823 2927 1934 2964 multo
1967 2928 2080 2979 magis
2115 2928 2168 2965 in-

1183 2992 1277 3043 juste
1294 3004 1397 3042 agere
1425 2988 1615 3026 verebitur.
1632 2987 1704 3026 Sed
1731 2988 1864 3026 invitus
1900 2989 1967 3026 hoe
2003 2989 2167 3042 patitur?

1187 3051 1284 3103 Ergo
1318 3050 1418 3088 venia
1449 3048 1590 3100 dignus.
1629 3047 1699 3087 Sed
1725 3048 1811 3099 quid
1842 3047 1887 3087 de
1921 3049 2017 3087 hisce
2050 3049 2166 3087 dicam

1208 3178 1224 3203 d
1249 3178 1307 3220 [B.
1323 3177 1359 3209 C·
1380 3179 1459 3213 δίκην
1477 3181 1529 3214 τὴν
1545 3181 1663 3217 ζημὶαν.
1682 3174 1787 3217 Supra
1806 3180 1871 3209 τινὰ
1895 3182 1971 3217 post
1987 3179 2168 3219 ἀγνοούμενα

1165 3231 1325 3261 omissum
1343 3229 1377 3260 in
1392 3229 1448 3270 D.]

1209 3291 1222 3305 a
1246 3282 1257 3323 [
1274 3285 1359 3324 ὅρκον
1376 3282 1399 3311 Α
1430 3281 1467 3313 C.
1488 3279 1543 3317 D.‚
1560 3277 1720 3311 Commcl.
1738 3285 1771 3310 et
1788 3277 1887 3311 Savil.
1908 3278 2093 3321 Legebatur
2116 3285 2166 3323 δρ-

1167 3333 1244 3374 κω]
