2502 3810
756 301 800 330 IN
840 300 979 330 EPIST-

94 382 342 435 ἁμαρτήμασιν
365 385 386 428 ἢ
411 381 506 434 ψυχὴ
529 383 659 432 μᾶλλον
679 382 738 419 καὶ
768 382 1040 433 καταισχύνεται
1054 411 1063 429 ,
1085 379 1107 426 ἢ

1021 299 1079 328 ΑΙ)
1117 299 1206 329 ΙὶΟΜ
1215 319 1224 327 .

1263 298 1418 328 1103111„
1458 297 1521 328 lv.

2068 282 2157 346 495

1182 379 1315 431 patitur
1347 388 1379 417 et
1404 379 1533 416 rubore
1561 377 1782 416 suffunditur
1814 376 1849 415 in
1876 378 2038 430 peccatis,
2063 393 2170 430 quam

93 445 131 482 τὸ
157 445 260 494 σῶμα
281 445 314 480 ἐν
336 447 405 485 τοῖς
429 443 614 491 νοσήμασι.
643 441 718 480 Θέα
739 441 774 479 δὲ
793 444 868 484 πῶς
901 441 1020 485 αὐτοὺς
1050 440 1109 479 καὶ
1133 452 1156 482 c
1183 454 1310 492 corpus
1324 439 1651 478 ininfirmitatibus.
1669 439 1851 491 Perpende
1863 448 1980 477 autem
1994 439 2171 490 quomodo

1180 501 1240 538 hic
1259 501 1331 539 illis
1347 501 1489 540 veniam
1505 500 1668 552 deneget,
1688 499 1836 552 perinde
1852 508 1958 550 atque
1976 499 2012 537 in
2025 499 2172 551 dogma·
2209 524 2212 527 -

92 506 236 541 ἐνταῦθα
257 501 463 554 συγγνώμης
495 504 697 555 ἀποστερεῖ,
717 502 873 553 καθάπερ
891 503 946 540 ἐπὶ
966 505 1034 540 τῶν
1053 502 1110 538 δο-

93 562 256 615 γμάτων,
281 563 338 600 ἐπὶ
366 562 427 612 μὲν
454 564 522 600 τῶν
555 564 702 608 θηλειῶν
730 561 858 608 εἰπὼν,
878 560 1109 608 Μετήλλαξαν

92 624 153 671 τὴν
175 623 320 675 φυσικὴν
342 626 480 675 χρῆσιν,
501 625 554 661 Οὐ
580 622 647 674 γὰρ
667 623 740 675 ἔχει
761 638 814 666 τις
833 624 961 670 εἰπεῖν,
989 622 1111 674 φησὶν,

93 685 145 721 ὅτι
174 686 382 722 κωλυθεῖσαι
411 687 473 730 τῆς
501 683 592 721 κατὰ
619 683 723 733 νόμον
753 682 894 733 μίξεως,
926 683 983 720 ἐπὶ
1012 686 1112 719 τοῦτο

93 740 209 791 ἦλθον,
230 744 299 782 οὔθ’
317 744 369 782 ὅτι
388 746 450 782 οὐκ
467 744 609 795 ἔχουσαι
626 743 688 790 τὴν
708 743 891 796 ἐπιθυμίαν
913 744 1110 794 πληρῶσαι,

95 806 179 856 πρὸς
211 804 274 852 τὴν
306 804 490 843 ἀλλόκοτον
518 804 648 851 ταύτην
676 803 806 841 λύσσαν
837 802 1019 847 ἐξώκειλαν
1039 817 1046 825 ·
1073 802 1112 839 τὸ

94 866 161 917 γὰρ
191 865 403 916 μεταλλάξαι
431 867 500 903 τῶν
531 864 679 916 ἐχόντων
714 863 806 902 ἐστίν
823 879 830 885 ·
851 862 936 913 ὅπερ
965 863 1024 900 καὶ
1055 862 1112 900 ἐπὶ

92 930 159 964 τῶν
181 926 362 976 δογμάτων
391 924 630 975 διαλεγόμενος
649 924 746 973 ἔλεγε
764 939 771 946 ·
792 922 1021 969 Μετήλλαξαν
1047 923 1110 968 τὴν

95 986 258 1032 ἀλήθειαν
278 990 337 1023 τοῦ
355 988 448 1024 Θεοῦ
470 987 502 1022 ἐν
521 987 571 1035 τῷ
590 983 717 1035 ψεύδει.
738 983 822 1020 Ἐπὶ
850 982 885 1019 δὲ
914 985 981 1019 τῶν
1011 981 1111 1033 ἀῤῥέ-

95 1062 161 1084 νων
177 1046 280 1084 πάλιν
301 1045 425 1095 ἑτέρως
445 1045 482 1082 τὸ
502 1044 586 1081 αὐτὸ
601 1043 788 1089 ἐδήλωσεν,
806 1042 910 1080 εἰπών
927 1057 934 1064 ·
954 1041 1111 1093 Ἀερέντες

94 1105 155 1151 τὴν
171 1104 316 1156 φυσικὴν
332 1107 458 1155 χρῆσιν
473 1107 535 1149 τ’ῆς
551 1102 698 1149 θηλείας.
715 1101 785 1140 Καὶ
799 1101 947 1152 ὃὸμοίως
962 1101 1110 1145 ἐκείναις

93 1165 152 1202 καὶ
181 1164 319 1206 τούτους
349 1163 510 1201 ἐκὸάλλει
535 1162 650 1208 πάσης
676 1162 885 1214 ἀπολογίας,
906 1165 1109 1214 κατηγορῶν

93 1226 218 1270 αὐτῶν,
238 1225 276 1261 οὐ
297 1223 397 1274 μόνον
419 1223 471 1260 ὅτι
495 1217 586 1275 εἶχον
607 1222 808 1268 ἀπόλαυσιν,
829 1222 888 1260 καὶ
905 1221 1046 1273 ἀφέντες
1066 1221 1108 1267 ἣν

92 1280 198 1337 εἶχον,
218 1287 272 1323 ἐπ’
291 1286 399 1332 ἄλλην
420 1279 536 1331 ἦλθον,
552 1285 627 1323 ἀλλ’
648 1284 700 1322 ὅτι
721 1283 783 1331 τὴν
804 1283 894 1322 κατὰ
913 1283 1013 1335 φύσιν
1032 1285 1106 1320 ἀτι-

93 1346 282 1395 μάσαντες,
307 1346 365 1383 ε’πὶ
390 1344 453 1392 τὴν
485 1344 581 1395 παρὰ
611 1344 711 1396 φύσιν
732 1344 894 1397 ἔδραμον.
921 1343 1111 1382 Δυσκολώ-

91 1424 175 1460 τερα
201 1407 236 1446 δὲ
264 1407 307 1445 τὰ
332 1407 429 1460 παρὰ
459 1406 558 1459 φύσιν
590 1406 649 1444 καὶ
675 1406 889 1458 ἀηδέστερα,
915 1405 1006 1443 ὥστε
1032 1405 1110 1444 οὐδὲ

91 1467 214 1514 ἡδονὴν
231 1467 270 1505 ἂν
290 1467 400 1519 ἔχοιεν
424 1469 530 1506 εἰπεῖν
549 1483 554 1489 ·
575 1470 597 1513 ἡ
619 1466 686 1518 γὰρ
710 1466 837 1517 γνησία
853 1465 958 1514 ἡδονὴ
976 1469 997 1512 ᾗ
1019 1466 1109 1504 κατὰ

92 1528 192 1580 φύσιν
223 1528 313 1566 ἐστίν
330 1543 337 1551 ·
357 1529 433 1566 ἀλλ’
454 1527 535 1566 ὅταν
556 1530 573 1565 ὃ
600 1528 690 1570 Θεὸς
719 1527 937 1578 ἐγκαταλίπῃ
951 1559 961 1576 ,
993 1527 1109 1565 πάντα

93 1589 163 1626 ἅνω
183 1588 240 1626 καὶ
262 1589 358 1626 κάτω
376 1588 520 1638 γίνεται.
546 1587 614 1626 Διὰ
632 1593 731 1626 τοῦτο
747 1589 783 1627 οὔ
801 1588 840 1626 τὸ
859 1588 972 1639 δόγμα
996 1591 1110 1631 αὐτοῖς

93 1650 276 1687 σατανικὸν
308 1648 408 1698 μόνον
443 1643 505 1695 ἦν,
537 1648 626 1686 ἀλλὰ
658 1648 717 1685 καὶ
744 1651 761 1685 ὁ
793 1648 865 1699 βίος
901 1649 1108 1691 διαὲολικός.

93 1708 180 1748 τὈτε
195 1710 256 1760 μὲν
271 1703 327 1748 οὖν
343 1710 422 1761 περὶ
434 1709 614 1760 δογμάτων
642 1709 824 1762 διελέγετο,
848 1710 907 1748 τὸν
919 1711 1109 1762 κόσμονεῖς

96 1770 198 1819 μέσον
210 1770 311 1817 ἔθηκε
325 1770 384 1807 καὶ
397 1769 412 1789 ¹¹
422 1769 485 1816 τὴν
500 1769 652 1807 διάνοιαν
666 1770 730 1816 τὴν
750 1771 1106 1823 ἀνθρωπίνῃν,εἷπὼν,

92 1831 145 1867 ὅτι
166 1833 208 1881 τῇ
235 1831 368 1868 συνέσει
395 1832 438 1880 τῇ
460 1830 556 1881 παρὰ
574 1834 633 1868 τοῦ
658 1832 748 1869 Θεοῦ
785 1832 950 1884 δεδομένῃ
970 1832 1025 1871 διὰ
1039 1835 1107 1870 τῶν

92 1890 275 1942 ὁρωμένων
285 1890 454 1936 ἠδύναντο
463 1894 768 1942 χειραγωγηθῆναι
782 1892 866 1944 πρὸς
879 1893 936 1931 τὸν
947 1894 1109 1945 δημιουρ-

92 1952 150 2001 γὸν
162 1980 171 1996 ,
193 1945 267 1989 εἶτα
282 1950 329 2001 μὴ
351 1951 586 2002 βουληθέντες,
602 1950 740 2001 ἔμειναν
760 1951 1009 2003 ἀσύγγνωστοι.
1029 1954 1108 1992 Ἔν-

93 2015 202 2050 ταῧθα
231 2012 265 2050 δὲ
295 2012 370 2050 ἀντὶ
393 2015 451 2049 τοῦ
474 2011 604 2062 κόσμου
630 2013 693 2058 τὴν
722 2013 811 2051 κατὰ
832 2013 932 2065 φύσιν
959 2014 1107 2053 τέθεικεν

92 2072 230 2120 ἡδονὴν,
245 2068 285 2118 ἧς
304 2072 471 2119 ἠδύναντο
488 2072 576 2124 μετὰ
601 2074 717 2117 ἀδείας
743 2074 897 2119 πλείονος
917 2076 1109 2114 ἀπολαύον·

93 2149 145 2176 τες
163 2133 221 2171 καὶ
243 2133 393 2183 μείζονος
414 2137 476 2181 τῆς
497 2134 721 2186 εὐφροσύνης,
741 2137 968 2189 ἀπηλλάχθαι
987 2137 1109 2190 αἰσχυ-

94 2210 152 2240 νης
169 2210 175 2217 ·
195 2195 272 2231 ἀλλ’
292 2197 351 2233 οὐκ
365 2195 539 2241 ἠθέλησαν
555 2211 562 2218 ·
578 2195 652 2234 ὅθεν
668 2195 728 2233 καὶ
748 2196 955 2248 συγγνώμης
971 2198 1109 2245 ἁπάσης

94 2255 178 2293 εἰσὶν
199 2255 294 2299 ἐκτὸς
312 2255 372 2293 καὶ
391 2256 438 2299 εἷς
458 2255 563 2302 αὐτὴν
583 2255 661 2302 τὴνχ
676 2256 774 2308 φύσιν
804 2258 1004 2309 ὓὸρίσαντες
1021 2275 1029 2282 ·
1049 2259 1109 2298 καὶ

93 2316 132 2353 τὸ
151 2314 191 2362 δὴ
212 2316 342 2353 τούτων
369 2316 592 2368 ἀτιμότερον,
611 2316 693 2355 ὅταν
715 2317 774 2354 καὶ
801 2324 960 2369 γυναῖκες
981 2319 1110 2363 ταύτας

94 2377 281 2422 ἐπιζητῶσι
313 2377 375 2420 τὰς
394 2376 520 2427 μίξεις,
544 2376 584 2420 ἃς
616 2379 747 2429 ἀνδρῶν
780 2380 910 2429 μᾶλλον
940 2380 1110 2417 αἰδεῖσθαι

93 2439 210 2488 ἐχρῆν.
229 2436 339 2481 Ἄξιον
360 2438 395 2475 δὲ
422 2438 598 2488 θαυμάσαι
617 2438 677 2476 καὶ
704 2441 848 2477 ἐνταῦθα
876 2443 937 2477 τοῦ
964 2440 1108 2479 Παύλου

93 2497 155 2543 τὴν
175 2497 306 2536 σύνεσιν
320 2528 329 2546 ,
358 2501 432 2542 πῶς
451 2500 498 2542 εἷς
518 2497 576 2536 δύο
596 2499 788 2551 πράγματα
818 2500 979 2551 ἐμπεσὼν
1009 2503 1108 2539 ἐναν-

93 2558 172 2605 τία,
193 2558 372 2610 ἀμφότερα
397 2559 502 2604 ἤνυσε
519 2559 606 2609 μετὰ
626 2560 741 2607 πάσης
767 2561 956 2613 ἀκριὸείας.
979 2562 1108 2601 Ἐδού-

95 2621 172 2656 λετο
187 2618 252 2669 γὰρ
270 2619 328 2656 καὶ
344 2622 478 2669 σεμνῶς
497 2622 618 2668 εἰπεῖν,
632 2621 691 2659 καὶ
712 2622 826 2659 δακεῖν
841 2622 898 2660 τὸν
915 2624 1089 2677 ἀκροατήν
1101 2640 1108 2648 ·

92 2683 202 2717 ταῦτα
222 2679 256 2718 δὲ
278 2680 455 2733 ἀμφότερα
474 2683 534 2719 οὐκ
553 2684 644 2730 ἐνῆν,
664 2681 752 2720 ἀλλὰ
771 2682 912 2734 θοίτερον
932 2685 1110 2734 ἐμποδίζει

93 2741 236 2793 θατέρῳ.
259 2739 319 2778 Ἂν
340 2741 402 2791 μὲν
431 2742 498 2793 γὰρ
528 2746 662 2793 σεμνῶς
693 2742 810 2795 εἴπῃς,
830 2746 867 2782 οὖ
891 2744 1021 2797 δυνήσῃ
1045 2762 1109 2784 κα·

92 2802 245 2840 θικέσθαι
262 2807 320 2841 τοῦ
337 2803 516 2847 ἀκούοντος
533 2819 540 2827 ·
561 2803 621 2841 ἐὰν
641 2804 676 2843 δὲ
699 2807 870 2856 βουληθῇς
885 2806 1108 2859 καθάψασθαι

92 2863 264 2913 σφοδρῶς,
285 2863 437 2915 ἀνάγκην
453 2864 544 2916 ἔχεις
565 2867 816 2916 ἀπογυμνῶσαι
837 2866 1046 2920 σαφέστερον
1070 2870 1109 2907 τὸ

93 2922 285 2972 λεγόμενον.
303 2925 391 2962 Ἀλλ’
413 2928 434 2971 ἡ
453 2925 573 2972 συνετὴ
593 2926 653 2964 καὶ
673 2926 755 2978 ἁγία
778 2926 873 2978 ψυχὴ
897 2928 986 2978 μετὰ
1002 2931 1106 2981 ἀκρι-

94 2982 187 3025 Εείας
209 2984 386 3035 ἀμφότερα
404 2984 564 3037 ἴσχυσεν,
589 2988 622 3024 ἐν
644 2989 693 3038 τῷ
721 2989 783 3032 τ’ἧς
803 2987 937 3039 φύσεως
962 2987 1108 3039 ὀνόματι

95 3043 150 3080 καὶ
175 3043 236 3089 τὴν
255 3045 464 3096 κατηγορίαν
484 3046 646 3094 αὐξήσας,
666 3047 724 3084 καὶ
746 3046 865 3099 ὥσπερ
895 3050 1105 3100 παραπετά-

95 3103 202 3152 σματί
219 3119 286 3141 τινι
304 3104 412 3156 ταύτῃ
438 3107 656 3159 χρησάμενος
675 3109 722 3151 εἷς
740 3108 778 3145 τὸ
798 3109 922 3159 σεμνὸν
944 3113 1005 3155 τῆς
1027 3111 1106 3156 διη-

95 3163 237 3212 γήσεως.
264 3157 352 3202 Εἶτα
373 3167 441 3202 τῶν
470 3169 639 3217 γυναικῶν
667 3169 910 3219 καθαψάμενος
928 3169 1106 3221 πρότερον,

96 3223 153 3259 καὶ
171 3224 227 3261 ἐπὶ
249 3223 324 3266 τοὺς
341 3225 465 3278 ἄνδρας
485 3227 640 3277 πρόεισι,
657 3228 765 3279 λέγων
786 3244 792 3251 ·
813 3228 966 3279 εΟμοίιο)ς
993 3230 1027 3268 δὲ
1048 3232 1106 3269 καὶ

97 3285 126 3321 οἱ
147 3285 302 3335 ἄρρενες,
320 3285 459 3336 ἀφέντες
476 3287 538 3334 τὴν
559 3287 704 3339 φυσικὴν
724 3292 850 3341 χρῆσιν
868 3293 928 3336 τῆς
947 3292 1104 3337 θηλείας·

142 3422 153 3436 ¹·
178 3413 269 3444 Unus
288 3417 394 3454 ομοίως
411 3418 530 3454 ἐκείνας.

1180 561 1296 610 tibus;
1313 561 1358 599 de
1370 562 1580 600 mulieribus
1596 561 1740 613 quidem
1756 560 1877 598 dicens
1894 576 1902 596 :
1919 562 2173 599 Mutaverunt

1187 623 1406 660 naturalem
1428 637 1551 661 usum.
1574 625 1652 661 Non
1672 623 1767 660 enim
1785 621 1902 659 dicere
1921 631 2067 673 possunt
2084 652 2093 670 ,
2114 622 2171 659 in-

1185 683 1275 732 quit,
1305 697 1340 720 se
1359 683 1557 735 prohibitas
1581 684 1627 721 ab
1655 697 1694 721 eo
1710 712 1721 731 ‚
1758 683 1820 732 qui
1842 683 2036 720 secundum
2056 683 2171 734 legem

1185 753 1248 791 est,
1268 744 1375 792 coitu,
1394 743 1442 781 ad
1459 744 1527 781 hoc
1545 743 1754 795 processisse
1766 757 1776 790 ;
1797 757 1909 793 neque
1926 757 1973 791 se,
2001 757 2081 780 cum
2102 757 2171 780 non

1184 812 1326 854 possent
1353 803 1671 854 concupiscentiam
1694 816 1794 839 suam
1821 802 1981 854 implere,
2011 803 2057 841 ad
2081 803 2172 840 hanc

1185 862 1333 900 alienam
1365 862 1501 900 rabiem
1530 863 1741 914 impegisse:
1760 876 1843 899 nam
1876 864 2026 901 mutatio
2049 877 2171 901 eorum

1185 932 1247 972 est,
1269 923 1331 973 qui
1353 924 1429 974 jam
1457 932 1576 960 tenent
1594 939 1601 958 :
1621 922 1714 972 quod
1746 923 1850 960 etiam
1877 923 1921 960 de
1942 923 2171 974 dogmatibus

1184 983 1331 1033 loquens
1377 982 1519 1020 dicebat
1548 985 1829 1021 :Ilffutaverunt
1858 987 2064 1021 veritatem
2096 987 2172 1022 Dei

1185 1045 1227 1079 in
1258 1043 1515 1081 mendacium.
1557 1044 1611 1080 De
1638 1042 1805 1080 masculis
1831 1048 1916 1080 ‘vero
1946 1057 2070 1081 rursus
2101 1044 2171 1081 alio

1185 1101 1290 1140 modo
1299 1102 1453 1154 idipsum
1465 1102 1692 1155 significavit,
1704 1103 1825 1141 dicens
1839 1105 2004 1141 :Relicto
2013 1113 2171 1142 natura-

1186 1165 1216 1201 li
1246 1177 1316 1202 usu
1334 1166 1516 1217 semime.
1548 1165 1630 1202 Pari
1658 1164 1766 1202 modo
1790 1165 1846 1202 his
1874 1174 1908 1202 et
1931 1165 2003 1202 illis
2032 1166 2170 1203 nullum

1184 1224 1352 1275 relinqu-it
1376 1238 1448 1262 sese
1475 1224 1654 1276 purgandi
1684 1224 2038 1263 modumtaccusans
2065 1226 2167 1272 illos,

1183 1300 1252 1324 non
1271 1286 1376 1324 modo
1398 1286 1496 1337 quod
1520 1301 1624 1324 suum
1646 1286 1814 1324 habentes
1833 1287 1973 1324 fruendi
1995 1286 2141 1324 modum
2158 1318 2167 1334 ‚

1183 1347 1247 1386 illo
1274 1347 1396 1385 relicto
1425 1347 1471 1385 ad
1497 1347 1611 1385 alium
1632 1348 1834 1398 venissent,
1866 1348 1928 1386 sed
1944 1348 2050 1385 etiam
2073 1348 2171 1399 quod

1183 1417 1299 1460 spreto
1318 1409 1394 1458 illo,
1419 1408 1479 1460 qui
1499 1408 1694 1447 secundum
1710 1419 1871 1446 naturam
1890 1418 1976 1458 erat,
1995 1409 2040 1447 ad
2059 1410 2170 1448 alium

1184 1478 1304 1507 contra
1335 1479 1498 1508 naturam
1531 1471 1772 1522 confugerent.
1805 1470 2019 1517 Difficiliora
2052 1480 2170 1508 autem

1184 1539 1218 1567 et
1231 1530 1423 1582 ingratiora
1441 1540 1522 1569 sunt
1541 1531 1601 1568 illa
1620 1540 1739 1568 contra
1753 1540 1917 1568 naturam
1930 1547 1943 1582 3
1977 1532 2024 1569 ita
2043 1540 2082 1569 ut
2100 1546 2170 1569 non

1183 1592 1319 1643 possint
1346 1593 1804 1646 voluptatem‘praetendere
1823 1610 1830 1630 :
1849 1594 1999 1645 genuina
2038 1594 2171 1647 quippe

1183 1654 1347 1706 voluptas
1361 1684 1373 1705 ,
1395 1655 1590 1692 secundum
1609 1665 1773 1693 naturam
1794 1664 1845 1693 est
1857 1671 1869 1705 3
1892 1655 1953 1694 sed
1972 1671 2052 1694 cum
2071 1658 2169 1694 Deus

1182 1713 1417 1765 derelinquit,
1438 1715 1555 1753 omnia
1571 1730 1629 1753 sus
1647 1715 1762 1766 deque
1780 1725 1978 1755 vertuntur.
1997 1717 2080 1754 Ideo
2098 1731 2168 1755 non

1158 1824 1163 1826 v
1182 1775 1311 1827 dogma
1330 1786 1467 1814 tantum
1485 1777 1645 1829 ipsorum
1663 1776 1857 1815 satanscum
1874 1787 1966 1827 erat,
1986 1778 2047 1815 sed
2061 1779 2168 1815 etiam

1121 2236 1168 2262 [⁴55

1182 1837 1256 1876 vita
1282 1837 1471 1876 diabolica.
1496 1839 1585 1876 Cum
1608 1839 1720 1889 igitur
1736 1838 1780 1875 de
1803 1838 2032 1890 dogmatibus
2055 1839 2168 1877 disse-

1182 1908 1296 1944 reret,
1323 1899 1498 1937 mundum
1517 1908 1549 1937 et
1567 1899 1761 1937 humanam
1779 1909 1931 1937 mentem
1953 1899 1986 1936 in
2008 1899 2167 1938 medium

1182 1960 1323 2007 attulit,
1351 1959 1471 1998 dicens
1490 1974 1535 1998 ex
1557 1959 1747 2012 prudentia
1766 1975 1785 1997 a
1805 1962 1879 1998 Deo
1899 1960 1965 1998 sihi
1983 1960 2080 2008 data,
2098 1975 2164 2013 po-

1182 2021 1289 2058 tuisse
1315 2020 1475 2059 homines
1493 2035 1557 2073 per
1577 2020 1735 2060 visibilia
1761 2020 1808 2058 ad
1827 2022 2028 2059 Creatorem
2050 2022 2134 2060 duci
2155 2038 2163 2058 :

1182 2079 1383 2130 deindeque
1411 2080 1568 2118 nolentes
1582 2109 1594 2126 ,
1635 2080 1739 2119 venia
1777 2080 1944 2132 indignos
1978 2080 2162 2118 mansisse.

1183 2141 1250 2178 Hie
1291 2149 1410 2178 autem
1444 2140 1572 2178 mundi
1605 2141 1682 2179 loco
1716 2142 1952 2193 voluptatem,
1993 2155 2070 2192 quae
2111 2155 2165 2179 se-

1182 2202 1339 2239 cundum
1366 2211 1531 2239 naturam
1559 2211 1622 2250 est,
1648 2202 1779 2253 posuit,
1811 2217 1881 2252 qua
1905 2211 2066 2254 poterant
2085 2217 2167 2240 cum

1182 2262 1344 2299 libertate
1371 2276 1411 2300 ac
1439 2262 1566 2314 majori
1594 2262 1718 2299 laetitia
1736 2262 1819 2310 frui,
1839 2272 1942 2313 atque
1965 2277 1984 2300 a
2005 2263 2166 2315 turpitu-

1181 2322 1265 2360 dine
1280 2323 1424 2360 liberari
1437 2339 1448 2372 3
1468 2323 1531 2361 sed
1549 2323 1761 2372 noluerunt3
1779 2323 1872 2361 unde
1886 2324 1931 2361 ab
1950 2325 2045 2361 omni
2065 2324 2168 2362 venia

1183 2383 1319 2421 exclusi
1330 2393 1423 2432 sunt,
1437 2383 1552 2436 ipsam
1564 2393 1729 2421 naturam
1743 2383 2012 2422 dehonestantes
2027 2400 2034 2421 t
2052 2385 2167 2435 quod-

1182 2459 1251 2495 que
1281 2445 1422 2497 turpius
1459 2453 1522 2494 est,
1548 2458 1629 2482 cum
1648 2445 1947 2483 etmulieres'eos
1966 2455 2169 2498 appeterent

1183 2506 1313 2553 costus,
1345 2520 1434 2556 quos
1461 2519 1544 2543 cum
1568 2506 1694 2557 majori
1721 2505 1856 2557 pudore
1877 2506 1977 2545 adire
1994 2521 2058 2558 par
2075 2516 2168 2556 erat,

1184 2580 1290 2616 quam
1305 2565 1334 2604 si
1348 2580 1428 2604 cum
1445 2566 1534 2604 viris
1554 2565 1730 2604 coiissent.
1751 2566 1818 2604 Hic
1836 2581 1921 2605 vero
1935 2567 2169 2605 admiratione

1185 2627 1294 2678 digna
1322 2636 1373 2664 est
1398 2627 1503 2664 Pauli
1522 2626 1722 2678 prudentia,
1742 2641 1813 2677 quo
1834 2637 1937 2679 pacto
1957 2642 2039 2666 cum
2061 2628 2095 2666 in
2114 2643 2169 2666 res

1182 2686 1271 2724 duas
1281 2687 1662 2735 contrariasincideret,
1678 2696 1865 2738 utramque
1874 2702 1953 2726 cum
1966 2689 2061 2726 omni
2071 2703 2170 2726 accu-

1182 2747 1318 2785 ratione
1337 2748 1532 2800 perfecerit.
1554 2747 1710 2787 Volebat
1731 2748 1823 2786 enim
1843 2758 1877 2786 et
1895 2758 1988 2787 caste
2005 2750 2116 2800 loqui,
2135 2759 2169 2788 et

1183 2808 1345 2846 mordere
1363 2808 1563 2846 auditorem
1582 2824 1589 2844 :
1609 2809 1684 2846 haec
1704 2818 1821 2846 autem
1840 2809 1944 2847 ambo
1968 2811 2081 2848 facere
2099 2825 2168 2848 non

1182 2870 1324 2918 licebat,
1350 2869 1409 2907 sed
1425 2870 1577 2907 alterum
1594 2869 1693 2907 alteri
1707 2870 1897 2909 officiebat.
1915 2871 1952 2910 Si
1969 2872 2062 2909 enim
2077 2881 2169 2910 caste

1181 2932 1350 2982 loquaris,
1366 2945 1435 2969 non
1454 2931 1586 2984 poteris
1605 2932 1840 2983 perstringere
1868 2933 2085 2984 auditorem;
2113 2934 2166 2972 sin

1181 2992 1270 3030 velis
1284 2992 1510 3031 vehementer
1522 2992 1704 3042 incessere,
1721 3007 1807 3043 rem,
1824 3009 1931 3045 quam
1945 2995 2057 3044 ducis,
2074 2995 2168 3034 nude

1181 3060 1214 3088 et
1226 3051 1319 3088 clare
1330 3052 1485 3103 proferre
1495 3051 1641 3102 cogeris.
1664 3054 1802 3091 Verum
1808 3053 2036 3105 prudensilla
2046 3063 2078 3092 et
2088 3068 2167 3092 san-

1181 3122 1235 3150 cta
1251 3112 1369 3150 anima
1385 3122 1575 3164 utrumque
1587 3113 1684 3165 potui
1690 3122 1702 3150 t
1718 3128 1799 3151 cum
1810 3115 2032 3153 accuratione
2043 3116 2168 3163 facere,

1180 3173 1215 3211 in
1224 3182 1356 3211 naturae
1364 3173 1505 3211 nomine
1514 3182 1546 3211 et
1553 3175 1811 3213 accusationem
1820 3189 1962 3227 augens,
1973 3186 2006 3214 ct
2012 3177 2112 3227 quasi
2122 3177 2170 3217 in.

1179 3235 1325 3272 volucro
1341 3234 1495 3284 quodam
1510 3235 1572 3272 illo
1587 3244 1697 3283 utens,
1718 3245 1757 3273 ut
1770 3245 1884 3275 castus
1901 3247 1987 3275 essct
2004 3238 2170 3289 loquendi

1180 3295 1319 3332 modus.
1350 3294 1486 3332 Deinde
1507 3305 1695 3347 postquam
1716 3297 1882 3336 mulieres
1907 3299 2062 3351 primum
2084 3314 2169 3353 pcr—

1210 3426 1223 3448 l‘
1248 3424 1297 3457 Al.
1319 3431 1368 3463 τὴν
1387 3429 1507 3470 &balag-1
1525 3432 1577 3465 τὴν
1596 3431 1789 3470 ἀνθρωπίνην.

2258 2877 2366 2905 Libido

2181 2926 2279 2947 contra
2317 2930 2368 2945 nsi-

2182 2968 2274 2988 turam
2294 2962 2364 2987 horn

2181 3002 2280 3029 reuda.
