2466 3805
303 215 387 270 142
751 225 790 255 S.

295 309 450 360 Moyses,
460 307 542 358 quia
557 320 634 357 quae
647 305 714 343 Dei
726 314 837 353 erant,
848 317 917 342 non
925 301 1079 339 multum
1089 299 1270 346 curabant,

97 373 168 401 Act.
185 384 215 413 7·
230 370 282 411 40-
295 378 328 407 et
353 369 485 418 ubique
510 369 675 419 Moysem
702 362 1189 408 commemorantzstloyses,
1216 358 1272 395 in-

97 660 200 686 stultos
242 668 256 684 e

97 700 166 728 ficit.

295 430 499 481 quiunt,hic
507 431 573 480 qui
583 428 714 464 eduxit
727 422 913 471 nos,facile
922 420 1090 458 mobilem
1098 419 1273 471 populum

293 490 481 528 irritantes.
496 487 602 536 Atqui
617 483 796 535 quomodo
809 483 867 520 vir
882 481 1111 532 blasphemus
1125 479 1174 516 ita
1193 478 1274 516 vin·
1299 488 1323 519 c

292 561 382 589 ceret
395 550 411 585 Ρ
423 547 598 598 quomodo
617 546 673 583 vir
690 544 918 596 blasphemus
935 542 1020 579 talia
1039 541 1139 592 signa
1156 540 1192 577 in
1211 554 1274 592 po-

169 617 283 644 Invidia
295 613 379 663 pulo
405 609 557 647 faceret?
582 606 652 645 Sed
669 607 750 644 talis
767 619 822 643 res
837 614 888 642 est
905 603 1059 652 invidia,
1079 603 1203 640 stultos
1223 602 1275 639 ef-

260 657 415 709 f'ficiens
443 684 500 707 eos
528 682 615 719 quos
645 667 789 714 invasit,
816 675 855 703 ut
883 679 995 715 neque
1024 664 1068 701 iis
1096 662 1277 700 attendant

293 746 370 783 quae
390 731 596 780 loquuntur.
620 728 858 765 Audivimus
873 727 1000 772 illum,
1017 725 1198 775 inquiunt,
1220 725 1274 761 lo-

291 800 469 844 quentem
485 791 711 838 blasphema
733 790 854 825 verba
884 796 1020 825 contra
1039 787 1219 834 Moysem
1242 792 1278 822 et

291 855 418 891 Deum
429 868 444 897 ‚·
462 866 502 889 ac
521 864 679 900 rursum,
698 851 774 887 Hic
789 850 902 886 homo
924 863 1001 886 non
1015 855 1139 886 cessat
1156 848 1278 883 verba

295 915 401 966 loqui
422 921 556 951 contra
580 913 706 949 locum
726 918 905 948 sanctum
923 918 960 947 et
975 910 1108 961 legem,
1127 916 1161 946 et
1183 906 1279 958 adji-

294 976 406 1023 ciunt,
431 976 523 1026 choe
556 973 717 1012 tradidit
744 973 854 1009 nobis
883 973 1067 1020 ffonses,·
1087 983 1156 1008 non
1186 968 1279 1006 ultra

295 1037 407 1074 Deus.

350 1161 387 1199 5.
407 1158 540 1199 Viden’
558 1156 734 1209 quomodo
751 1157 855 1194 illum
874 1155 919 1194 ob
944 1150 1101 1194 eversam
1118 1167 1193 1191 rem
1211 1167 1280 1205 pu-
1303 1157 1329 1188 D

296 1222 429 1260 blicam
448 1220 640 1272 impietatis
659 1218 850 1256 accusant-,⁰
870 1216 977 1264 Quod
995 1225 1111 1254 autem
1130 1229 1200 1252 non
1219 1228 1284 1266 po<

299 1285 407 1323 tuerit
422 1284 482 1321 ille
500 1283 584 1320 talia
603 1281 768 1319 audacter
782 1280 895 1330 loqui,
910 1279 1040 1330 cuique
1057 1277 1282 1315 manifestum

299 1356 367 1385 est:
383 1346 432 1383 ita
451 1344 548 1382 mitis
563 1344 621 1382 vel
647 1342 683 1380 in
710 1342 800 1379 facie
818 1351 904 1379 erat.
923 1341 1037 1391 Igitur
1054 1339 1118 1377 ubi
1137 1352 1206 1376 non
1226 1352 1282 1375 ca-

299 1406 581 1454 lumniabantur,
599 1403 691 1441 nihil
708 1403 776 1440 tale
790 1402 878 1439 dicit
890 1402 1090 1453 Scriptura:
1103 1400 1186 1451 quia
1198 1414 1282 1438 vero

300 1477 416 1505 totum
436 1466 598 1504 hocloco
627 1464 804 1501 calumnia
832 1472 899 1511 est,
915 1463 996 1514 jure
1020 1462 1121 1499 illam
1138 1461 1284 1512 corrigit

301 1530 412 1574 Deus,
430 1527 489 1566 vel
514 1541 578 1579 per
607 1526 727 1577 ipsum
745 1524 899 1562 vultum.
924 1522 1081 1575 Apostoli
1105 1532 1197 1560 certe
1214 1536 1282 1560 non

301 1589 488 1627 calumniis
503 1585 840 1640 impetebantu1*,sed
852 1585 1132 1637 prohibebantur
1142 1584 1218 1633 3hic
1227 1598 1284 1622 ve-

301 1665 341 1688 ro
355 1649 541 1688 calumniis
557 1648 742 1700 impetitur
755 1663 761 1682 :
774 1645 923 1697 ideoque
937 1655 1018 1683 ante
1032 1645 1150 1683 omnia
1162 1645 1284 1682 vultus

302 1711 570 1763 ipsum'purgat.
580 1710 685 1747 Forte
697 1709 764 1745 hoc
777 1707 991 1744 sacerdotem
1001 1706 1137 1758 pudore
1154 1706 1283 1744 affecit.

301 1772 376 1810 Ubi
385 1786 468 1809 vero
483 1770 842 1818 dixit,Promiserat‚
851 1767 1003 1805 ostendit
1015 1767 1284 1819 promissionem

313 1832 423 1870 fuisse
438 1832 566 1869 factam
580 1840 768 1880 antequam
786 1828 885 1865 locus
899 1827 1088 1879 deputatus
1103 1837 1204 1877 esset,
1222 1842 1285 1865 an-
1309 1838 1334 1869 E

302 1903 444 1943 tequam
458 1890 692 1936 circumcisio,
711 1898 898 1939 antequam
914 1888 1131 1925 sacrificium
1150 1897 1183 1926 et
1199 1898 1285 1926 tem-

301 1954 403 2006 plum
424 1962 536 1990 esset:
553 1961 586 1990 et
613 1952 694 1989 illos
712 1965 782 1988 non
803 1964 848 1988 ex
867 1949 992 1987 merito
1019 1948 1193 2002 accepisse
1213 1950 1284 1987 cir—

302 2016 553 2053 cumcisionem
569 2027 681 2064 neque
698 2013 827 2064 legem,
846 2011 909 2050 sed
921 2011 1131 2049 obedientiae
1147 2021 1286 2050 tantum

303 2076 500 2114 mercedem
519 2076 627 2112 fuisse
644 2083 785 2112 terram.
805 2073 876 2112 Sed
894 2088 1005 2123 neque
1022 2073 1288 2112 circumcisione

304 2139 401 2187 data,
419 2138 607 2190 promissio
622 2136 804 2187 impletur.
824 2135 871 2172 Et
889 2135 986 2185 quod
1001 2136 1123 2186 figurae
1142 2137 1287 2185 fuerint,

305 2209 339 2238 et
351 2199 535 2249 reliquisse
550 2197 717 2250 patriam,
739 2198 815 2233 Deo
830 2196 986 2247 jubente,
1000 2204 1033 2233 et
1046 2197 1290 2246 cognationem

307 2260 391 2309 (illa
408 2273 558 2309 namque
579 2258 693 2310 patria
713 2267 777 2305 est,
801 2256 846 2293 ad
864 2271 971 2307 quam
991 2255 1135 2294 duxerit
1154 2259 1287 2307 Deus),

828 222 1006 255 JOANNIS
1040 218 1280 250 CHRYSOST.
1323 219 1527 252 ARCHIEP.

1304 2301 1351 2324 123

1565 220 1896 253 CONSTANTINOP
1904 242 1913 252 .

1346 299 1535 355 φροντίζειν
1555 307 1818 352 προσποιεῖσθε,
1839 303 1908 342 Διὰ
1926 306 2028 343 τοῦτο
2051 301 2257 354 πρόσκειται
2272 302 2361 338 Μω-

1347 369 1427 411 σῆς,
1448 364 1567 410 ἐπειδὴ
1592 362 1637 400 τὰ
1666 368 1725 401 τοῦ
1747 367 1838 403 Θεοῦ
1869 367 1905 403 οὖ
1931 364 2063 417 σφόδρα
2097 367 2211 405 αὐτοῖς
2242 361 2344 412 ἔμελε
2353 399 2363 416 ,

1346 426 1406 466 καὶ
1419 427 1489 465 ἄνω
1511 427 1570 464 καὶ
1585 425 1681 463 κάτω
1700 426 1855 469 Μωσέως
1870 427 2076 478 μέμνηνται,
2084 424 2129 463 ‘O
2145 426 2290 472 Μωσῆς,
2304 422 2365 461 λέ-

1347 504 1483 540 γοντες,
1503 480 1618 533 οὗτος,
1634 485 1670 529 ὃς
1699 485 1864 538 ἐξήγαγεν
1891 491 2003 538 ἡμᾶς,
2018 488 2058 526 τὸ
2083 488 2278 540 εὒρίπιστον
2303 487 2364 522 τοῦ

1349 550 1454 603 ὄχλου
1481 548 1738 600 ἀνερεθίζοντες.
1758 547 1883 586 Καίτοι
1900 551 1975 591 πῶς
2003 548 2180 599 ἄνθρωπος
2202 547 2366 598 βλάσφη-

1350 626 1412 662 μος
1433 610 1472 647 ἂν
1500 609 1737 662 περιεγένετο;
1755 610 1830 651 πῶς
1850 608 1885 646 δὲ
1912 608 1972 646 καὶ
2003 610 2021 645 ὁ
2040 608 2129 646 οὕτω
2161 608 2367 659 βλάσφημος

1349 677 1478 722 σημεῖα
1508 670 1618 708 ἐποίει
1636 674 1778 707 τοιαῦτα
1798 671 1833 707 ἐν
1851 671 1900 720 τῷ
1918 669 2018 721 λαῷ,
2037 668 2142 707 Ἀλλὰ
2160 673 2311 706 τοιοῦτον
2342 670 2365 713 ἡ

1352 731 1544 783 βασκανία,
1559 731 1726 783 ἔκφρονας
1750 729 1828 773 τοὺς
1856 729 2002 773 ἁλόντας
2020 734 2165 768 ποιοῦσα
2178 759 2188 776 ,
2213 731 2259 772 ὡς
2279 727 2367 779 μηδὲ

1351 793 1373 830 ἃ
1392 792 1599 844 φθέγγονται
1616 797 1772 844 συνορᾷν.
1792 791 2008 842 Ἀκηκόαμεν
2030 793 2154 838 αὐτοῦ,
2177 789 2261 843 φησὶ
2273 819 2283 837 ,
2302 791 2364 826 λα-

1349 854 1488 895 λοῦντος
1508 852 1649 904 ῥήματα
1671 852 1863 904 βλάσφημα
1881 853 1928 895 εἷς
1946 854 2080 898 Μωσῆν
2100 852 2159 890 καὶ
2183 852 2240 889 τὸν
2260 850 2368 889 Θεόν·

1352 913 1412 951 καὶ
1428 913 1546 960 πάλιν,
1561 907 1673 955 Οῦτος
1689 916 1706 951 ὃ
1723 912 1902 964 ἅνθρωπος
1916 915 1954 951 οὗ
1974 912 2122 951 παύεται
2140 912 2279 965 ῥήματα
2302 914 2368 950 λα-

1352 976 1421 1012 λῶν
1447 974 1540 1013 κατὰ
1558 978 1618 1012 τοῦ
1637 973 1743 1012 τόπου
1772 978 1831 1011 τοῦ
1852 973 1949 1025 ἁγίου
1980 974 2039 1012 καὶ
2067 978 2127 1012 τοῦ
2155 973 2279 1023 νόμου,
2310 972 2371 1010 καὶ

1353 1034 1441 1085 μετὰ
1459 1036 1676 1088 προσθήκης,
1695 1034 1739 1073 Ἃ
1756 1035 1956 1088 παρέδωκεν
1977 1039 2061 1086 ἡμῖν
2082 1037 2230 1081 Μωσῆς·
2257 1033 2372 1073 οὐκέτι

1353 1095 1396 1134 ¹³6
1416 1096 1517 1140 Θεός.

1405 1157 1534 1210 εΟρξίς,
1555 1159 1630 1200 πῶς
1658 1156 1715 1195 ἐπὶ
1735 1159 1913 1209 ἀνατροπῇ
1940 1157 2116 1201 πολιτείας
2134 1158 2193 1196 καὶ
2214 1157 2374 1201 <io-egestae

1354 1221 1457 1257 αὐτοῦ
1488 1222 1761 1272 κατηγοροῦσιν,
1789 1217 1805 1232 ⁰
1842 1234 1876 1255 τι
1903 1217 1938 1256 δὲ
1968 1219 2031 1256 οὒκ
2060 1213 2102 1265 ῆν
2137 1222 2197 1256 τοῦ
2218 1218 2373 1257 τοιούτου

1354 1285 1497 1319 τοιαῦτα
1511 1279 1624 1330 λέγειν
1646 1279 1704 1317 καὶ
1725 1278 1894 1332 θρασέως,
1913 1279 2019 1317 παντί
2039 1295 2105 1317 που
2126 1280 2228 1325 δῆλον
2242 1295 2250 1303 ·
2266 1280 2375 1322 οὕτως

1355 1342 1484 1392 ἥμερος
1500 1340 1559 1378 καὶ
1580 1341 1649 1379 ἀπὸ
1667 1344 1727 1377 τοῦ
1748 1341 1935 1393 προσώπου
1949 1334 2002 1387 ῆν.
2018 1339 2130 1378 Ἔνθα
2159 1340 2220 1391 μὲν
2239 1334 2295 1379 οῦν
2313 1343 2375 1379 οὐκ

1356 1406 1646 1455 ἓσυκοφαντοῦντο
1657 1433 1667 1450 ,
1693 1401 1788 1440 οὐδὲν
1804 1402 1955 1440 τοιοῦτόν
1971 1417 2074 1454 φησιν
2089 1405 2110 1448 ἡ
2125 1402 2248 1454 Γραφή
2262 1418 2270 1425 ·
2300 1403 2377 1441 ἐπεὶ

1357 1464 1392 1503 δὲ
1411 1465 1450 1503 τὸ
1468 1471 1536 1502 πᾶν
1558 1466 1705 1501 ἐνταῦθα
1724 1462 1939 1515 συκοφαντία
1968 1463 2075 1508 ἐστὶν,
2101 1463 2243 1507 εἰκότως
2267 1463 2376 1510 αὐτὴν

1356 1526 1547 1576 διορθοῦται
1566 1527 1583 1562 ὅ
1602 1524 1690 1568 Θεὸς
1708 1524 1768 1563 καὶ
1800 1524 1845 1562 δι’
1875 1527 1978 1571 αὐτῆς
1998 1528 2061 1571 τῆς
2084 1525 2204 1577 ὄψεως.
2227 1525 2313 1577 Ἄρα
2346 1527 2378 1564 οἱ

1356 1587 1544 1625 ἀπόστολοι
1564 1587 1625 1624 οὐκ
1643 1588 1932 1638 ἓσυκοφαντοῦντο
1948 1615 1957 1633 ,
1978 1587 2054 1624 ἀλλ’
2077 1585 2270 1624 ἐκωλύοντο
2283 1602 2290 1610 ·
2318 1580 2378 1624 οῦ-

1357 1664 1414 1691 τος
1429 1647 1464 1685 δὲ
1484 1653 1750 1699 συκοφαντεῖται
1765 1663 1772 1670 ·
1790 1646 1848 1685 διά
1866 1662 1918 1685 τοι
1946 1652 2046 1685 τοῦτο
2064 1648 2125 1685 καὶ
2143 1647 2210 1701 πρὸ
2235 1647 2378 1686 πάντων

1357 1713 1379 1756 ἧ
1403 1709 1478 1759 ὄψις
1507 1710 1742 1759 ἀπολογεῖται.
1763 1708 1870 1760 Τάχα
1897 1712 1997 1747 τοῦτο
2017 1708 2077 1746 καὶ
2105 1709 2161 1747 τὸν
2185 1708 2279 1759 ἱερέα
2301 1708 2379 1758 ἐνέ-

1358 1771 1495 1822 τρεψεν.
1521 1768 1643 1807 Εἰπὼν
1677 1768 1734 1816 δὲ,
1763 1768 1817 1807 ὅτι
1837 1768 2115 1821 Ἐπηγγείλατο,
2140 1769 2290 1807 δείκνυσι
2314 1768 2378 1816 τὴν

1359 1830 1568 1882 ἐπαγγελίαν
1584 1830 1651 1883 πρὸ
1670 1834 1729 1869 τοῦ
1748 1830 1854 1869 τόπου
1873 1831 2119 1882 γεγενημένην,
2137 1831 2206 1884 πρὸ
2227 1835 2290 1878 τῆς
2318 1847 2380 1869 πε-

1363 1895 1525 1944 ριτομῆς,
1547 1892 1615 1945 πρὸ
1631 1891 1749 1934 θυσίας
1761 1921 1770 1939 ,
1789 1892 1856 1942 πρὸ
1875 1897 1935 1930 τοῦ
1953 1895 2034 1929 ναοῦ
2046 1922 2056 1940 ,
2075 1892 2157 1930 οῑκαὶ
2175 1892 2229 1930 ὅτι
2249 1894 2286 1930 οὔ
2300 1895 2377 1930 κατ’

1361 1952 1459 1997 ἀξίαν
1480 1947 1573 1990 οῦτοι
1592 1952 1715 1990 ἔλαὸον
1739 1952 1812 1991 οὐδὲ
1842 1952 2033 2005 περιτομὴν
2055 1952 2131 1991 οὐδὲ
2148 1953 2266 2003 νόμον,
2290 1952 2380 1992 ἀλλὰ

1361 2017 1424 2060 τῆς
1452 2016 1607 2060 ὑπακοῆς
1628 2014 1735 2065 μόνης
1753 2014 1871 2064 μισθὸς
1899 2008 1940 2060 ῆν
1965 2016 1986 2059 ἡ
2014 2016 2071 2065 γῆ.
2091 2013 2182 2052 Ἀλλ’
2211 2013 2288 2052 οὐδὲ
2318 2018 2381 2061 τῆς

1362 2079 1553 2129 περιτομῆς
1572 2075 1749 2123 δοθείσης,
1767 2079 1789 2121 ἧ
1805 2074 1998 2126 ἐπαγγελία
2014 2076 2220 2128 πληροῦται.
2238 2074 2307 2113 Καὶ
2329 2075 2382 2113 ὅτι

1363 2137 1464 2175 τύποι
1492 2132 1595 2185 ῆσαν,
1611 2136 1670 2175 καὶ
1699 2136 1738 2174 τὸ
1767 2135 1830 2183 τὴν
1856 2136 2008 2188 πατρίδα
2029 2138 2186 2188 ἀφεῖναι,
2207 2140 2267 2175 τοῦ
2290 2139 2382 2176 Θεοῦ

1363 2196 1633 2243 ἀκελεύσαντος,
1663 2197 1723 2235 καὶ
1750 2197 1949 2249 συγγένειαν
1977 2197 2115 2245 (ἐκείνη
2143 2197 2210 2250 γὰρ
2238 2198 2383 2251 πατρὶς,

1365 2257 1444 2295 ἔνθα
1465 2258 1505 2294 ἂν
1529 2261 1657 2308 ἡγῆται
1678 2257 1808 2304 Θεός),
1828 2257 1886 2295 καὶ
1906 2257 1944 2295 τὸ
1974 2258 2208 2310 κληρονομίαν
2239 2261 2385 2297 ἐνταῦθα

308 2331 342 2360 et
353 2321 414 2359 hic
424 2320 667 2358 haereditatem
682 2333 751 2356 non
762 2318 911 2365 habere;
926 2327 958 2354 et
970 2316 1078 2367 quod,
1090 2316 1205 2367 siquis
1214 2333 1290 2356 rem
1316 2338 1340 2366 Α
1367 2318 1415 2369 μὴ
1429 2319 1567 2355 λαὸεῖν·
1591 2318 1649 2356 καὶ
1670 2317 1741 2366 ὅτι,
1762 2317 1857 2360 εἴτις
1878 2318 2031 2371 ἀκριὲῶς
2059 2318 2227 2366 ἐξετάζοι,
2247 2319 2384 2371 Πέρσαι

307 2390 470 2420 accurate
491 2379 817 2427 examinet,Persae
843 2378 913 2415 sint
936 2377 1074 2427 Judaei3
1100 2386 1133 2415 et
1154 2378 1290 2428 innuit,

307 2443 405 2494 quod
423 2443 529 2480 etiam
545 2441 678 2491 absque
696 2439 806 2490 signis
820 2437 1137 2490 obtemperandum
1156 2440 1202 2477 sit
1216 2441 1291 2478 Deo

307 2504 480 2555 loquenti,
499 2502 636 2541 etiamsi
653 2500 775 2552 gravia
796 2499 958 2550 quaedam
975 2499 1148 2538 accidant.
1171 2501 1291 2547 Quan-

309 2566 500 2618 doquidem
518 2564 719 2618 patriarcha
731 2572 764 2600 et
778 2571 924 2614 paterno
943 2563 1103 2614 sepulcro
1119 2572 1152 2600 et
1170 2563 1290 2601 omni-

308 2628 376 2666 bus
393 2627 539 2674 relictis,
557 2628 631 2663 Deo
648 2623 916 2676 obtemperavit.
935 2623 1043 2670 Quod
1061 2624 1091 2662 si
1109 2624 1216 2676 hujus
1232 2639 1292 2676 pa-

309 2698 362 2726 ter
375 2702 445 2726 non
465 2687 583 2725 socius
600 2686 697 2723 illius
713 2684 781 2722 fuit
796 2683 982 2735 migrantis
998 2684 1034 2721 in
1054 2685 1293 2733 Palaestinam,

311 2764 350 2788 eo
365 2749 460 2800 quod
478 2747 683 2786 incredulus
705 2754 801 2793 erat;
821 2744 934 2782 multo
961 2744 1077 2783 minus
1104 2745 1173 2783 filii
1194 2754 1296 2784 erunt

315 2819 505 2858 consortes,
525 2807 662 2846 etiamsi
681 2819 848 2857 magnam
862 2804 932 2843 viae
959 2814 1095 2857 partem
1123 2807 1296 2844 emetian-

315 2882 386 2919 tur,
406 2869 489 2921 quia
510 2868 682 2907 virtutem
712 2866 823 2918 patris
845 2879 915 2902 non
945 2865 1143 2903 imitantur.
1164 2867 1218 2904 Et
1239 2881 1297 2905 re-

315 2933 492 2983 promisit
510 2930 603 2966 dare
632 2927 746 2964 illam
765 2928 800 2963 ei
825 2934 862 2962 et
880 2928 1019 2962 semini
1046 2928 1150 2978 ejus,
1165 2927 1296 2977 inquit,

314 3001 399 3044 post
424 2992 548 3029 illum.
568 2989 683 3027 Multa
705 2986 764 3024 hic
783 2986 849 3023 Dei
869 2985 1068 3037 benignitas
1094 2987 1297 3037 exhibetur,

1365 2378 1449 2416 εἰσὶν
1466 2382 1496 2416 οἱ
1507 2378 1669 2416 Ἰουδαῖοι
1681 2394 1688 2402 ·
1705 2378 1764 2417 καὶ
1780 2378 1832 2416 ὅτι
1845 2378 1953 2431 χωρὶς
1969 2379 2124 2429 σημείων
2139 2378 2318 2417 πείθεσθαι
2335 2380 2385 2417 δεῖ

1363 2443 1413 2492 τῷ
1430 2442 1510 2492 Θεῷ
1530 2440 1666 2492 λέγοντι
1682 2469 1691 2486 ,
1710 2440 1773 2477 κᾶν
1800 2440 1893 2477 δεινά
1913 2455 1990 2477 τινα
2010 2440 2184 2492 συμὸαίνῃ
2202 2456 2209 2464 ·
2235 2440 2309 2478 ἐπεὶ
2325 2440 2385 2478 καὶ

1364 2506 1381 2540 ὃ
1400 2501 1623 2554 πατριάρχης
1640 2500 1700 2538 καὶ
1725 2500 1782 2538 τὸν
1799 2500 1905 2552 τάφον
1929 2500 2131 2539 καταλιπὼν
2150 2502 2207 2539 τὸν
2222 2504 2384 2554 πατρῷον

1365 2563 1424 2601 καὶ
1443 2563 1577 2608 πάντα,
1600 2561 1822 2613 ἐπείθετοῖτῷ
1839 2563 1932 2612 Θεῷ.
1954 2563 1999 2599 Εἰ
2029 2561 2063 2599 ’δὲ
2084 2565 2100 2599 ὃ
2119 2562 2240 2600 τούτου
2267 2561 2386 2613 πατὴρ

1367 2626 1428 2663 οὐκ
1453 2622 1678 2670 ἐκοινώνησεν
1695 2625 1787 2674 αὐτῷ
1813 2626 1874 2668 τῆς
1900 2622 1956 2660 ἐπὶ
1985 2622 2226 2670 Παλαιστίνην
2255 2623 2386 2669 ἀποδη-

1371 2685 1451 2736 μίας
1463 2715 1472 2732 ,
1490 2687 1540 2736 τῷ
1558 2684 1700 2726 ἄπιστος
1720 2677 1806 2721 εἶναι
1819 2699 1827 2706 ·
1846 2684 1966 2735 πολλῷ
1987 2685 2117 2734 μᾶλλον
2135 2683 2179 2721 τὰ
2200 2683 2323 2721 παιδία
2347 2685 2385 2721 οὗ

1369 2745 1637 2791 κοινωνήσουσι,
1657 2743 1720 2781 κᾶν
1751 2744 1808 2782 ἐπὶ
1840 2743 1928 2782 πολὺ
1956 2743 2081 2782 ἔλθωσι
2107 2747 2170 2790 τῆς
2202 2746 2302 2792 ὁδοῦ,
2322 2744 2385 2791 τὴν

1369 2810 1429 2844 τοῦ
1446 2805 1576 2858 πατρὸς
1596 2805 1643 2854 μὴ
1665 2804 1870 2850 ζηλώσαντα
1888 2805 2025 2858 ἀρετήν.
2044 2806 2137 2844 ειΚαὶ
2157 2805 2389 2857 ἐπηγγείλατο

1372 2866 1478 2913 αὐτὴν
1508 2867 1621 2904 δοῦναι
1640 2867 1731 2916 αὐτῷ
1752 2865 1811 2903 καὶ
1840 2867 1890 2916 τῷ
1923 2865 2100 2918 σπέρματι
2130 2869 2252 2914 αὐτοῦ,
2281 2867 2388 2919 φησὶ,

1374 2929 1449 2979 μετ’
1481 2927 1593 2965 αὐτόν.
1613 2925 1735 2972 Πολλὴ
1767 2929 1912 2964 ἐνταῦθα
1935 2927 2072 2977 καὶὲτοῦ
2092 2928 2184 2965 Θεοῦ
2213 2932 2235 2974 ἦ
2267 2930 2391 2980 φιλαν-

1374 2988 1509 3042 θρωπία
1523 2987 1716 3034 δείκνυται,
1734 2986 1793 3025 καὶ
1809 2991 1868 3025 τοῦ
1886 2986 2044 3039 Ἀὸραὰμ
2059 2991 2080 3034 ἡ
2100 2988 2227 3033 πίστις.
2247 2990 2299 3028 Τὸ
2309 2989 2390 3043 γὰρ,

317 3053 430 3090 multa
459 3050 611 3089 Abrahae
639 3048 742 3086 fides.
769 3048 859 3085 Nam
887 3046 985 3097 quod
1005 3047 1179 3096 crederet,
1205 3050 1301 3087 Cum
1328 3058 1349 3087 ss
1375 3051 1451 3090 Οὐκ
1470 3049 1564 3092 ὄντος
1594 3050 1685 3100 αὐτῷ
1709 3047 1847 3094 τέκνου,
1877 3047 2081 3096 πείθεσθαι,
2107 3053 2207 3088 τοῦτο
2240 3050 2391 3088 δείκνυσι

319 3114 490 3152 nondum
508 3120 603 3151 esset
620 3112 655 3148 ei
664 3110 788 3162 filim,
818 3107 886 3145 hoc
915 3108 990 3160 ejus
1011 3116 1045 3146 et
1067 3109 1304 3148 obedientiam

363 3239 381 3263 b
396 3237 491 3269 Idem
506 3240 520 3270 ὁ
536 3240 598 3273 θεὸς
614 3238 651 3272 ὡς
666 3238 714 3268 ἐπὶ
730 3240 896 3278 ἀνατροπῇ.

363 3301 376 3315 c
392 3287 506 3321 Morcl.
526 3292 574 3321 καὶ
590 3292 634 3321 ὅτι
651 3290 682 3320 οὐ
707 3291 786 3318 κατὰ
804 3290 838 3318 τὸ
865 3289 948 3322 εἰκός.
964 3285 1028 3326 [D.
1045 3289 1094 3318 καὶ
1117 3290 1161 3319 ἔτι
1183 3290 1262 3319 κατὰ
1287 3291 1321 3320 τὸ

321 3348 392 3380 εἰκὸς
408 3342 486 3375 οὗτοι
510 3344 559 3373 οὐκ
582 3344 626 3372 εὖ..
643 3339 712 3370 Nec
727 3336 821 3368 aliter
838 3336 959 3379 legerat
973 3338 1128 3369 Erasmus
1147 3350 1152 3367 :
1170 3338 1216 3369 Et
1232 3333 1340 3381 quod'

322 3395 367 3435 Izi,
388 3401 420 3424 ιιι
435 3393 636 3436 pursnissel.
656 3402 718 3422 non
735 3390 958 3431 acceperant]

1376 3112 1435 3150 καὶ
1457 3110 1518 3157 τὴν
1537 3109 1694 3156 ὑπακοὴν
1712 3109 1772 3147 καὶ
1789 3110 1853 3155 τὴν
1873 3108 1990 3147 πίστιν
2005 3124 2012 3132 ·
2029 3109 2143 3149 καίτοι
2167 3127 2206 3162 γε
2233 3111 2277 3150 τὰ
2296 3111 2391 3163 γενό-

1433 3236 1450 3261 d
1465 3238 1670 3276 κελεύσαντος,
1687 3238 1719 3268 οὗ
1735 3240 1819 3278 παρὰ
1842 3239 1890 3268 τὸν
1910 3240 2008 3276 νόμον.
2023 3239 2115 3273 ἐκείνη
2130 3240 2188 3280 γὰρ
2204 3241 2327 3282 πατρίς,
2346 3235 2392 3267 5ἰο

1389 3286 1524 3330 quidam
1540 3287 1615 3318 Mss.
1633 3293 1666 3317 et
1681 3284 1782 3318 Savil.

1430 3349 1441 3364 ³
1456 3339 1549 3371 Unus
1565 3336 1679 3371 Codex
1696 3341 1744 3371 καὶ
1760 3339 1920 3379 ὑπέσχετο,
1940 3341 2005 3379 φησὶ
2018 3364 2025 3378 ,
2045 3339 2150 3371 δοῦναι.
