2502 3810
785 268 828 297 IN
866 267 989 298 EPIST
1026 267 1102 296 AD.

158 347 225 386 ἀπὸ
243 350 301 386 τοῦ
320 348 423 399 νόμου
441 348 500 386 καὶ
524 350 591 386 τῶν
612 351 797 400 προφητῶν
812 364 819 371 ·
861 347 909 398 μὴ
932 347 999 399 γὰρ
1012 376 1021 394 ,
1050 346 1168 392 ἐπειδὴ

156 410 272 462 Χωρὶς
299 408 405 458 νόμου
433 409 604 456 ἤκουσας,
633 409 807 460 φοέηθῇς·
828 409 887 447 καὶ
912 409 978 460 γὰρ
1009 411 1102 459 αὐτῷ
1121 410 1170 459 τῷ

155 469 250 521 νόμῳ
267 475 366 508 τοῦτο
386 470 488 507 δοκεῖ.
508 470 636 522 Τρίτον
657 470 725 507 ἀπὸ
748 473 817 507 τῶν
838 473 961 508 θυσιῶν
980 471 1047 506 τῶν
1073 471 1106 506 ἐν
1126 472 1169 519 τῇ

155 531 316 580 Παλαιᾷ·
347 529 404 568 διὰ
423 530 488 581 γὰρ
507 534 607 568 τοῦτο
624 522 731 577 εἶπεν,
747 530 809 568 Ἐν
833 532 882 581 τῷ
904 532 1006 568 αὐτοῦ
1026 528 1170 578 αἵματι,

155 590 428 641 ἀναμιμνήσκων
449 590 568 634 αὐτοὺς
582 594 650 628 τῶν
671 590 855 642 προδοίτων
877 589 1014 628 ἐκείνων
1029 589 1087 627 καὶ
1103 592 1170 626 τῶν

156 650 312 702 μόσχίων.
342 653 385 689 Εἰ
411 650 479 703 γὰρ
505 651 637 701 ἀλόγων
671 650 823 702 σφαγαὶ,
850 650 966 702 φησὶν,
999 649 1172 700 ἁμαρτίας

154 712 264 758 ἔλυον,
291 713 409 762 πολλῷ
433 714 562 761 μᾶλλον
582 712 621 748 τὸ
642 706 729 761 αἷμα
750 714 862 748 τοῦτο.
884 711 954 748 Καὶ
973 712 1037 761 οὐχ
1053 710 1172 750 ἁπλῶς

156 767 251 819 εἶπε,
278 770 500 824 λυτρώσεως,
535 774 610 810 ἀλλ’
640 770 949 822 Ἀπολυτρώσεως,
971 772 1016 811 ὡς
1047 768 1172 818 μηκέτι

154 835 247 882 ἡμᾶς
267 834 465 870 ἐπανελθεῖν
491 832 597 870 πάλιν
627 831 684 869 ἐπὶ
702 831 765 876 τὴν
787 829 892 875 αὐτὴν
914 827 1080 865 δουλείαν.
1101 827 1172 864 Καὶ

155 892 354 945 ἱλαστήριον
376 893 417 929 δι’
440 893 523 930 αὐτὸ
537 896 636 930 τοῦτο
651 892 770 935 καλεῖ,
791 888 941 934 δεικνὺς,
960 887 1014 924 ὅτι
1033 889 1061 924 εἰ
1076 889 1093 923 ὃ
1113 886 1169 924 τύ-

155 968 218 996 πος
237 952 404 998 τοσαύτην
427 946 518 1003 εἶχεν
548 951 661 1002 ἰσχὺν,
685 951 804 1001 πολλῷ
825 950 956 998 μᾶλλον
973 951 995 993 ἡ
1026 947 1169 992 ἀλήθεια

154 1013 218 1049 “rb
254 1013 335 1050 αὐτὸ
354 1011 569 1054 ἐπιδείξεται.
600 1012 724 1056 Δηλῶν
759 1009 795 1046 δὲ
823 1008 928 1045 πάλιν
949 1009 986 1044 οὐ
1004 1006 1168 1056 νεώτερον

154 1075 253 1108 τοῦτο
276 1071 324 1117 ὂν,
349 1070 425 1109 οὐδὲ
455 1071 584 1116 καινὸν,
615 1069 716 1121 φησὶ,
737 1068 922 1121 Προέθετο.
956 1066 1028 1105 Καὶ
1049 1065 1168 1113 εἰπὼν,

154 1130 326 1182 Προέθετο
341 1134 358 1167 ὁ
378 1130 479 1173 Θεὸς,
497 1129 556 1167 καὶ
576 1129 685 1173 δείξας
705 1133 764 1166 τοῦ
784 1128 922 1180 Πατρὸς
936 1126 975 1164 τὸ
995 1126 1170 1177 κατόρθω-

155 1206 216 1241 μα,
234 1190 273 1228 τὸ
292 1190 376 1228 αὐτὸ
392 1190 543 1228 δείκνυσι
557 1190 688 1228 καὶτοῦ
711 1191 796 1228 Υἱοῧ
812 1189 847 1227 ὅν
861 1205 868 1213 ·
886 1192 903 1227 ὃ
923 1188 984 1238 μὲν
1001 1187 1068 1240 γὰρ
1088 1189 1170 1225 Πα-

153 1250 218 1302 τηρ
237 1249 422 1301 προέθετο,
442 1254 459 1289 ὃ
475 1250 510 1289 δὲ
530 1251 679 1303 Χριστὸς
709 1253 742 1288 ἐν
772 1253 822 1302 τῷ
844 1252 947 1287 αὖτοιἿ
978 1249 1101 1300 αἵματι
1130 1248 1169 1286 τὸ

153 1318 220 1349 πᾶν
243 1310 481 1362 κατώρθωσεν.
503 1313 564 1354 Εἷς
581 1310 720 1355 ἔνδειξιν
736 1314 797 1357 τῆς
816 1309 1034 1355 δικαιοσύνης
1055 1313 1170 1348 αὐτοῦ.

154 1371 201 1409 Τί
221 1374 325 1417 ἐστιν,
343 1371 512 1416 Ἔνδειξις
529 1376 590 1418 τῆς
616 1370 1004 1423 δικαιοσύνἠς;”Ωσπερ
1032 1370 1170 1414 ἔνδειξις

154 1432 322 1480 πλούτου,
342 1433 380 1470 τὸ
411 1433 458 1483 μὴ
483 1432 583 1482 μόνον
617 1432 718 1471 αὐτὸν
755 1427 842 1470 εἶναι
873 1430 1050 1478 πλούσιον,
1081 1432 1170 1470 ἀλλὰ

155 1494 214 1530 καὶ
251 1493 385 1544 ἑτέρους
419 1492 602 1536 πλουσίους
627 1499 754 1531 ποιεῖν·
790 1492 850 1530 καὶ
888 1494 977 1537 ζωῆς
991 1521 1001 1540 ,
1043 1493 1082 1530 τὸ
1121 1491 1169 1542 μὴ

157 1552 258 1602 μόνον
285 1553 384 1590 αὐτὸν
418 1547 505 1590 εἶναι
541 1555 674 1600 ζῶντα,
705 1552 794 1590 ἀλλὰ
825 1552 883 1590 καὶ
915 1551 1054 1604 νεκροὺς
1087 1554 1170 1595 ζωο-

156 1619 265 1651 ποιεῖν
282 1629 290 1637 ·
332 1613 391 1651 καὶ
429 1613 624 1663 δυνάμεως,
662 1614 701 1651 τὸ
735 1613 782 1663 μὴ
819 1613 920 1664 μόνον
957 1613 1057 1650 αὐτὸν
1086 1607 1173 1650 εἶναι

158 1674 312 1721 δυνατὸν,
348 1673 437 1712 ἀλλὰ
466 1673 525 1710 καὶ
560 1672 639 1716 τοὺς
674 1675 825 1716 ἀσθενεῖς
861 1674 1030 1723 δυναμοῧν
1044 1688 1051 1696 ·
1086 1673 1173 1710 οὕτω

157 1733 215 1771 καὶ
236 1733 453 1779 δικαιοσύνης
471 1733 630 1781 ἔνδειξις,
650 1734 688 1772 τὸ
709 1733 756 1784 μὴ
781 1733 881 1784 μόνον
899 1734 998 1771 αὐτὸν
1016 1728 1102 1771 εἶναι
1122 1733 1172 1770 δί-

157 1808 267 1840 καιον,
285 1793 374 1831 ἀλλὰ
395 1793 453 1831 καὶ
472 1793 511 1831 τὸ
540 1795 674 1846 ἑτέρους
690 1796 724 1831 ἐν
745 1793 930 1846 ἁμαρτίαις
949 1793 1174 1832 κατασαπέν-

155 1869 216 1896 τας
247 1853 406 1905 ἐξαίφνης
438 1854 590 1897 δικαίους
620 1861 745 1893 ποιεῖν.
765 1856 880 1892 Τοῦτο
901 1848 957 1892 οἶν
986 1854 1045 1892 καὶ
1076 1855 1174 1898 αὐτὸς

559 1914 574 1935 d

157 1915 351 1967 ἑρμηνεύων
370 1914 543 1966 ἐπήγαγε,
583 1915 633 1958 τίς
657 1917 749 1953 ἐστιν
770 1915 928 1958 ἔνδειξις·
947 1917 1008 1963 Εἷς
1026 1915 1065 1953 τὸ
1088 1910 1174 1953 εἶναι

161 1976 262 2014 αὐτὸν
282 1975 426 2023 δίκαιον,
448 1976 507 2013 καὶ
525 1977 725 2014 δικαιοῦντα
745 1976 802 2014 τὸν
822 1979 860 2015 ἐκ
879 1976 1027 2020 πίστεως
1046 1977 1172 2023 Ἰησοῦ.

210 2224 269 2271 Μὴ
290 2224 400 2263 τοίνυν
418 2225 633 2276 ἀμφίέαλλε·
655 2227 692 2264 οὐ
713 2225 780 2277 γὰρ
799 2225 832 2270 ἐξ
852 2226 975 2277 ἔργων,
999 2227 1076 2264 ἀλλ’
1107 2227 1176 2264 ἀπὸ

155 2284 303 2328 πίστεως
318 2301 325 2307 ·
348 2285 434 2335 μηδὲ
457 2290 559 2337 φεῦγε
585 2285 647 2333 τὴν
666 2290 725 2324 τοῦ
751 2289 842 2325 Θεοῦ
863 2285 1085 2332 δικαιοσύνην
1099 2302 1106 2309 ·
1127 2287 1176 2323 δι-

155 2347 260 2383 πλοῦν
281 2345 347 2398 γὰρ
365 2347 470 2391 αὐτ-ἦς
486 2346 525 2383 τὸ
541 2347 681 2397 ἀγαθὸν,
705 2346 758 2386 ὅτι
774 2347 833 2384 καὶ
849 2347 974 2399 κοῦφόν
994 2349 1068 2384 ἐστι
1083 2376 1093 2395 ,
1116 2346 1175 2384 καὶ

155 2412 242 2444 πᾶσι
261 2406 509 2458 προκείμενον·
537 2406 625 2456 μηδὲ
659 2406 822 2459 αἰσχύνου
856 2408 914 2445 καὶ
951 2407 1092 2460 ἐρυθρία
1110 2423 1117 2430 ·
1145 2410 1175 2445 εἷ

155 2466 222 2519 γὰρ
243 2467 341 2510 αὐτὸς
360 2466 568 2505 ἐνδείκνυται
594 2473 694 2506 τοῦτο
719 2471 841 2516 ποιῶν,
861 2468 919 2506 καὶ
946 2471 992 2512 ὡς
1023 2469 1062 2505 ἂν
1086 2468 1176 2506 εἴποι

157 2543 229 2574 τις,
246 2527 470 2578 ἐναὲρύνεται
491 2527 552 2565 καὶ
570 2529 868 2579 ἐγκαλλωπίζεται
882 2559 891 2576 ,
911 2533 985 2572 πῶς
1005 2529 1045 2567 σὺ
1065 2546 1175 2568 κατοι-

158 2587 220 2638 δύῃ
239 2586 297 2624 καὶ
313 2587 510 2639 ἐγκαλύπτῃ
525 2617 534 2634 ,
551 2591 601 2640 ἐφ’
623 2583 651 2640 ᾧ
668 2592 685 2626 ὁ
701 2589 882 2636 Δεσπότης
899 2604 959 2627 σου
981 2590 996 2602 “
1018 2589 1032 2602 ”
1047 2589 1076 2611 '⁷

157 2647 316 2699 Ἰἰπάρας
352 2646 463 2685 τοίνυν
497 2649 554 2686 τὸν
581 2649 754 2700 ἀκροατὴν
786 2650 843 2688 διὰ
868 2654 927 2688 τοῦ
964 2652 1090 2696 εἰπεῖν,
1124 2650 1177 2689 ὅτι

157 2708 295 2751 ἔνδειξις
314 2710 376 2753 τῆς
390 2712 450 2746 τοῦ
481 2710 571 2747 Θεοῦ
592 2709 809 2756 δικαιοσύνης
826 2709 900 2748 ἐστὶ
918 2709 963 2747 τὰ
987 2711 1154 2763 γινόμενα
1166 2740 1176 2757 ,

157 2767 262 2804 πάλιν
283 2770 331 2819 τῷ
359 2767 454 2820 φόὸῳ
483 2770 564 2806 ὠθεῖ
591 2768 649 2806 τὸν
668 2772 832 2807 ὀκνοῦντα
860 2770 920 2807 καὶ
945 2771 1176 2822 ἀναδυόμενον

158 2828 371 2878 προσελθεῖν,
391 2828 480 2866 οὕτω
507 2828 616 2880 λέγων
631 2845 638 2852 ·
657 2829 726 2867 Διὰ
746 2830 810 2876 τὴν
838 2831 983 2884 πάρεσιν
1003 2834 1072 2869 τῶν
1091 2848 1178 2882 προ-

159 2888 346 2938 γεγονότων
368 2890 643 2940 ἁμαρτημάτων.
663 2890 774 2943 (Ορᾷς
793 2895 866 2936 πῶς
883 2896 1036 2944 συνεχῶς
1055 2894 1178 2943 ἀναμι-

162 2949 308 2997 μνήσκει
326 2953 393 2987 τῶν
415 2951 732 3002 πλημμελημάτων
761 2954 903 3000 αὐτούς;
934 2955 1096 3004 ἀνωτέρω
1117 2954 1178 3004 μὲν

160 3009 282 3058 λέγων,
315 3010 383 3049 Διὰ
417 3011 483 3062 γὰρ
514 3012 619 3062 νόμου
652 3012 836 3064 ἐπίγνωσις
865 3014 1059 3066 ἁμαρτίας,
1090 3016 1177 3065 μετὰ

164 3074 272 3107 ταῦτα
294 3070 348 3117 δὲ,
363 3071 416 3109 ὅτι
435 3072 569 3116 Πάντες
588 3073 758 3125 ἥμαρτον,
780 3077 924 3113 ἐνταῦθα
949 3075 984 3113 δὲ
1001 3076 1183 3126 σφοδρότε-

166 3145 232 3180 ρον.
253 3131 342 3169 Οὐδὲ
360 3132 427 3184 γὰρ
444 3127 540 3181 εἷπε,
561 3134 618 3172 διὰ
633 3135 676 3173 τὰ
698 3135 960 3188 ἁμαρτήματα,
982 3135 1095 3183 ἀλλὰ,
1114 3136 1183 3175 Διὰ

165 3189 226 3235 τὴν
256 3190 415 3243 πάρεσιν,
442 3193 623 3242 τουτέστι,
650 3194 713 3240 τὴν
744 3195 923 3247 νέκρωσιν.
953 3195 1085 3234 Οὐκέτι
1116 3197 1184 3249 γὰρ

207 3325 219 3339 c
244 3314 349 3347 Iidem
368 3323 400 3351 τὸ
424 3319 515 3356 adr-7⁵
531 3322 727 3362 ἐπιδείξεται,
745 3332 813 3353 non
843 3321 940 3354 male.
959 3322 1039 3365 [Sic
1056 3324 1093 3354 A.
1113 3324 1169 3365 qui

164 3375 195 3399 et
213 3366 309 3409 paulo
326 3375 402 3400 ante
418 3373 499 3411 ἔτχεν
514 3381 575 3411 pro
588 3374 673 3414 εἶχεν,
692 3380 723 3404 et
738 3385 834 3415 supra
851 3379 887 3412 εἰς
903 3381 956 3413 τὴν
974 3379 1064 3413 αὐτὴν
1083 3378 1108 3408 ὃ.
1123 3376 1134 3416 ]

1142 266 1246 295 ROM.
1281 264 1436 294 HOMIL.
1477 264 1538 293 Vll
1548 282 1556 292 .

977 2602 1176 2637 οοςαςεται,
1210 2636 1213 2637 ⁷

2135 245 2219 291 531

1243 345 1367 382 afferat
1384 344 1494 394 illius,
1522 343 1618 393 quod
1636 342 1774 380 dictum
1792 351 1854 380 est.
1875 341 1995 381 Primo
2015 356 2035 379 a
2053 342 2227 392 dignitate

1197 421 1220 451 C
1243 419 1398 457 personae
1417 419 1511 442 :non
1536 404 1629 441 enim
1655 404 1762 441 homo
1782 412 1832 440 est
1857 403 1902 452 is,
1929 402 1989 452 qui
2016 402 2092 439 haec
2114 403 2224 450 facit,

1247 475 1282 502 ut
1301 465 1469 514 deficiat,
1502 465 1562 503 scd
1579 466 1675 502 Deus
1692 464 1756 515 qui
1773 464 1891 501 omnia
1915 472 2028 515 potest
2048 479 2055 498 ε
2077 465 2152 500 Dei
2171 471 2226 500 est

1245 526 1337 563 enim
1344 528 1511 578 justitia,
1529 525 1656 575 inquit.
1672 524 1832 562 Secundo
1847 539 1866 562 a
1881 525 1957 575 lege
1973 533 2007 561 et
2022 523 2204 575 prophetis
2215 552 2225 571 ,

1244 600 1287 624 ne
1307 587 1415 631 enim,
1449 585 1543 636 quod
1580 587 1742 637 Absque
1773 586 1854 637 lege
1878 585 2048 633 audieris,
2072 584 2196 621 timeas
2216 599 2222 619 :

1244 662 1326 684 nam
1345 648 1412 699 ipsi
1433 647 1504 697 legi
1523 647 1571 684 ita
1591 646 1743 684 videtur.
1765 647 1901 692 Tertio,
1923 660 1941 683 a
1956 645 2140 683 sacrificiis
2153 647 2226 684 Ye-

1243 708 1326 745 teris
1346 708 1564 745 Testamenti
1584 723 1590 743 :
1610 709 1688 744 idco
1704 722 1854 758 namque
1873 708 1923 744 sic
1941 707 2048 756 dixit,
2071 710 2120 743 In
2136 721 2226 744 san-

1241 771 1356 818 gnine
1372 770 1467 820 ejus,
1491 768 1526 804 in
1547 777 1701 804 mentem
1718 781 1886 804 revocans
1907 768 1978 805 illis
1993 782 2076 805 oves
2095 767 2174 804 illas
2194 776 2227 805 et

1242 827 1386 866 vitulos.
1403 828 1482 865 Etsi
1493 828 1588 864 enim
1599 827 1788 863 brutorum
1799 828 1923 876 caedes,
1940 828 2067 878 inquit,
2084 838 2227 879 peccata

1241 887 1439 935 solvebant,
1474 886 1585 923 multo
1604 885 1716 935 magis
1738 886 1798 923 hic
1817 887 1970 937 sanguis.
1997 889 2069 925 Nec
2089 888 2228 939 simpli-

1241 946 1326 984 citer
1341 947 1451 995 dixit,
1474 946 1753 990 Libemtionem,
1775 946 1830 982 sed
1854 948 2140 984 Redemtionem
2157 963 2167 996 3
2189 957 2229 984 ut

1240 1020 1310 1043 non
1337 1006 1429 1042 ultra
1457 1005 1644 1042 redeamus
1671 1006 1707 1042 in
1734 1005 1836 1042 illam
1857 1006 1973 1057 ipsam
1998 1007 2227 1044 servitutem:

1195 1077 1220 1106 D
1242 1077 1275 1106 et
1290 1067 1369 1105 ideo
1388 1076 1491 1106 vocat
1509 1070 1836 1119 propitiationem,
1857 1067 2061 1116 ostendens,
2077 1068 2106 1105 si
2122 1077 2230 1119 typus

1240 1137 1374 1166 tantam
1406 1128 1481 1166 vim
1499 1128 1678 1177 habuerit,
1714 1128 1826 1165 multo
1854 1129 1968 1179 inagis
1991 1128 2172 1166 veritatem
2192 1129 2230 1166 id

1242 1187 1481 1238 praestituram
1513 1201 1597 1225 esse.
1640 1190 1693 1224 Ae
1725 1201 1846 1224 rursus
1877 1186 2062 1224 ostendens
2097 1186 2134 1224 id
2160 1201 2230 1224 non

1242 1261 1379 1284 novum
1399 1261 1463 1284 nec
1482 1260 1600 1284 recens
1622 1261 1707 1294 esse,
1731 1247 1793 1298 ait,
1815 1249 2031 1298 Proposuit.
2055 1247 2101 1284 Et
2128 1257 2228 1298 post-

1242 1323 1350 1360 quam
1367 1308 1476 1358 dixit,
1512 1310 1719 1360 Proposuit
1738 1310 1859 1358 Deus,
1893 1318 1925 1345 et
1943 1308 2095 1345 ostendit
2114 1308 2231 1346 Patris

1243 1382 1316 1406 esse
1339 1383 1440 1419 opus,
1465 1367 1563 1405 idem
1590 1368 1708 1420 ipsum
1729 1368 1884 1406 declarat
1912 1382 1983 1406 esse
2004 1368 2087 1405 Filii
2108 1384 2115 1404 :
2148 1383 2230 1406 nam

1242 1429 1347 1467 Pater
1377 1428 1575 1480 proposuit,
1607 1429 1771 1466 Christus
1795 1443 1877 1466 vero
1908 1429 1944 1466 in
1976 1429 2146 1479 sanguine
2167 1443 2231 1466 suo

1243 1499 1358 1528 totum
1373 1490 1528 1541 perfecit.
1546 1491 1609 1528 26.
1626 1492 1674 1526 In
1695 1493 1948 1527 ostensionem
1956 1492 2121 1542 justitiae
2136 1504 2229 1528 sace.

1245 1551 1344 1598 Quid
1365 1559 1430 1600 est,
1453 1551 1605 1588 ostensio
1619 1550 1797 1602 justitiae?
1825 1552 1873 1589 Ut
1888 1551 2099 1589 divitiarum
2119 1560 2233 1588 osten-

1249 1610 1316 1658 sio,
1338 1619 1509 1660 quatenus
1537 1625 1606 1647 non
1629 1610 1704 1661 ipse
1733 1611 1828 1648 solus
1847 1611 1946 1650 dives
1967 1612 2024 1660 sit,
2051 1612 2114 1649 scd
2145 1612 2233 1650 alios

1246 1684 1384 1721 quoque
1411 1670 1540 1709 divites
1557 1670 1683 1708 reddat
1697 1686 1708 1721 3
1728 1680 1761 1708 et
1776 1671 1859 1708 vitae
1884 1672 2029 1723 pariter,
2042 1672 2138 1722 quod
2162 1686 2232 1709 non

1246 1732 1322 1784 ipse
1352 1732 1447 1770 solus
1472 1732 1572 1771 vivat
1589 1761 1599 1781 ,
1622 1731 1685 1769 sed
1722 1732 1828 1770 etiam
1857 1741 2014 1770 mortuos
2048 1734 2229 1783 vivificet3

1249 1801 1281 1829 et
1301 1793 1494 1844 potestatis,
1515 1792 1609 1842 quod
1625 1806 1693 1829 non
1714 1793 1789 1844 ipse
1818 1793 1933 1830 solum
1950 1802 2074 1845 potens
2094 1794 2151 1842 sit,
2172 1794 2232 1831 sed

1249 1853 1356 1891 etiam
1387 1853 1548 1890 infirmos
1573 1853 1799 1890 corroboret:
1821 1853 1869 1890 sic
1895 1863 1929 1890 et
1961 1853 2112 1891 ostensio
2127 1854 2233 1905 justi-

1245 1914 1301 1951 tiae
1327 1922 1389 1962 est,
1404 1913 1499 1964 quod
1512 1927 1581 1951 non
1614 1914 1708 1951 solus
1736 1914 1812 1965 ipse
1831 1914 1876 1951 sit
1900 1915 2028 1965 justus,
2046 1915 2108 1952 sed
2127 1915 2233 1953 etiam

1243 1976 1332 2013 alios
1354 1976 1389 2013 in
1417 1975 1569 2027 peccatis
1595 1985 1792 2027 corruptos,
1826 1976 1944 2014 statim
1964 1977 2078 2028 justos
2110 1978 2230 2015 saciat.

1243 2037 1320 2074 Hoc
1338 2037 1450 2087 igitur
1469 2045 1502 2073 et
1522 2036 1597 2087 ipse
1616 2036 1862 2088 interpretans,
1889 2037 2075 2089 subjunxit
2093 2052 2170 2088 quae
2188 2039 2234 2076 sit

1245 2097 1395 2135 ostensio
1414 2113 1421 2133 ε
1446 2099 1496 2134 Ut
1514 2099 1563 2134 sit
1584 2100 1662 2148 ipse
1677 2099 1822 2149 justus,
1845 2108 1881 2134 ec
1890 2099 2115 2150 justificans
2135 2112 2233 2147 eum,

1247 2161 1313 2210 qui
1333 2166 1387 2196 est
1404 2172 1450 2195 esc
1459 2158 1548 2209 fide
1568 2159 1675 2195 Jeszc.
2078 2159 2082 2162 ⁴

1300 2221 1337 2256 5.
1370 2221 1422 2256 Ne
1437 2219 1554 2269 itaque
1574 2218 1718 2256 dubites
1738 2234 1745 2254 :
1767 2233 1835 2256 non
1857 2220 1951 2257 enim
1975 2235 2025 2259 ex
2044 2221 2228 2273 operibus,

1248 2280 1308 2317 sed
1326 2294 1371 2317 ex
1390 2278 1471 2317 fide.
1489 2279 1611 2328 Neque
1630 2293 1649 2315 a
1671 2279 1737 2316 Dei
1751 2280 1892 2331 justitia
1918 2280 2034 2332 fugias
2065 2298 2072 2317 :
2097 2281 2234 2333 duplex

1247 2340 1342 2377 enim
1360 2339 1458 2376 illius
1475 2339 1611 2376 bonum
1631 2348 1698 2387 est,
1724 2340 1823 2390 quod
1840 2341 2010 2379 videlicet
2025 2351 2058 2380 et
2078 2343 2154 2380 leve
2173 2342 2233 2389 sit,

1247 2409 1281 2438 et
1299 2399 1463 2437 omnibus
1484 2399 1724 2451 propositum.
1748 2402 1801 2438 Ne
1827 2410 1862 2438 te
1889 2402 2040 2453 pudeat,
2060 2417 2123 2440 nec
2149 2417 2234 2440 eru—

1246 2461 1367 2498 bescas
1390 2476 1397 2496 ε
1417 2474 1498 2497 nam
1519 2460 1548 2497 si
1574 2460 1649 2511 ipse
1676 2460 1743 2498 hoc
1768 2463 1880 2499 facere
1909 2464 2122 2512 ostenditur,
2144 2472 2176 2501 et
2197 2473 2235 2500 ut

1190 2501 1236 2565 [⁸26
1248 2522 1296 2559 ita
1308 2522 1438 2569 dicam,
1458 2530 1606 2558 ostentat
1624 2535 1676 2570 se,
1695 2531 1727 2558 et
1743 2522 1810 2559 sibi
1825 2524 2036 2574 gratulatur,
2057 2524 2234 2574 quomodo

1248 2591 1288 2619 tu
1308 2581 1485 2618 erubescis
1519 2590 1552 2618 et
1579 2589 1612 2617 te
1631 2582 1798 2631 occultas,
1827 2583 1864 2620 in
1895 2598 1967 2634 qua
1993 2598 2030 2621 re
2059 2585 2234 2622 Dominus

1200 1805 1223 1834 E

1248 2652 1331 2680 tuus
1352 2642 1602 2693 glorificatur?
1627 2642 1717 2679 Cum
1737 2657 1820 2694 ergo
1848 2645 2016 2682 erexisset
2034 2644 2234 2682 auditorem

1249 2703 1398 2741 dicendo
1418 2717 1470 2747 ea,
1485 2716 1562 2752 quae
1590 2702 1681 2739 facta
1705 2712 1799 2752 sunt,
1821 2718 1895 2742 esse
1920 2705 2155 2742 ostensionem
2173 2706 2233 2757 ju-

1249 2765 1353 2802 stitiae
1368 2763 1448 2811 Dei,
1470 2776 1613 2799 rursum
1632 2776 1775 2813 segnem
1799 2773 1833 2801 et
1859 2774 2079 2802 recusantem
2104 2765 2233 2804 timore

1251 2828 1296 2865 ad
1314 2825 1552 2865 accedendum
1573 2825 1740 2876 impellit,
1754 2826 1811 2864 his
1826 2827 1944 2865 verbis
1964 2843 1971 2864 :
1989 2830 2155 2879 Propter
2170 2843 2232 2865 re—

1252 2892 1469 2927 missionem
1494 2881 1793 2939 praecedeniium
1818 2897 2076 2939 peccatorum.
2101 2889 2231 2927 Viden’

1253 2966 1360 3002 quam
1378 2952 1577 3001 frequenter
1601 2947 1673 2985 illis
1693 2958 1832 3000 peccata
1851 2950 1887 2987 in
1906 2950 2116 2987 memoriam
2131 2964 2234 2988 revo-

1254 3023 1306 3051 cet
1318 3014 1334 3051 {³
1346 3012 1510 3065 superius
1523 3008 1667 3061 quidem
1684 3024 1763 3048 cum
1778 3011 1867 3049 dicit
1883 3027 1890 3048 :
1908 3014 1987 3049 Per
1998 3012 2117 3063 legem
2132 3015 2235 3048 enim

1252 3077 1401 3127 peccati
1414 3075 1597 3125 cogniticn·
1607 3083 1727 3125 postea
1737 3086 1836 3121 vero,
1846 3073 1947 3122 Quia
1960 3086 2091 3110 omnes
2101 3086 2237 3124 pecca-

1258 3144 1392 3173 verunt
1405 3151 1422 3183 ;
1435 3136 1494 3180 hic
1509 3145 1627 3174 autem
1651 3133 1905 3173 vehementius.
1920 3135 1998 3171 Non
2018 3133 2113 3171 enim
2129 3133 2236 3181 dixit,

1255 3198 1406 3249 Propter
1439 3205 1600 3247 peccata,
1628 3195 1709 3245 sed,
1739 3196 1905 3246 Propter
1925 3196 2234 3239 relaxationem,

1280 3323 1296 3347 ‘¹
1321 3321 1332 3366 [
1348 3324 1385 3354 Α.
1404 3329 1431 3357 τί
1448 3329 1524 3358 ἐστιν
1553 3323 1629 3355 Mox
1646 3334 1685 3355 ex
1701 3323 1815 3356 eodem
1830 3330 1862 3355 et
1878 3333 1983 3365 marg.
2002 3320 2102 3355 Saul.
2120 3320 2240 3364 adjeci-

1237 3386 1308 3406 mus
1323 3380 1371 3411 εῖς.
1387 3375 1398 3416 ]
