<?xml version="1.0" encoding="UTF-8"?>
<!DOCTYPE html PUBLIC "-//W3C//DTD XHTML 1.0 Transitional//EN"
    "http://www.w3.org/TR/xhtml1/DTD/xhtml1-transitional.dtd">
<html xmlns="http://www.w3.org/1999/xhtml" xml:lang="en" lang="en">
 <head>
  <title>
</title>
<meta http-equiv="Content-Type" content="text/html;charset=utf-8" />
  <meta name='ocr-system' content='tesseract 3.04.00' />
  <meta name='ocr-capabilities' content='ocr_page ocr_carea ocr_par ocr_line ocrx_word'/>
</head>
<body>
  <div class='ocr_page' id='page_1' title='image "./operaomniaquaeex09johnuoft/operaomniaquaeex09johnuoft_0658.png"; bbox 0 0 2502 3810; ppageno 0'>
   <div class='ocr_carea' id='block_1_1' title="bbox 259 252 1932 301">
    <p class='ocr_par' dir='ltr' id='par_1_1' title="bbox 259 252 1932 301">
     <span class='ocr_line' id='line_1_1' title="bbox 259 252 1932 301; baseline 0 -1"><span class='ocrx_word' id='word_1_1' title='bbox 259 252 268 258; x_wconf 27' lang='lat' dir='ltr'><em>a</em></span> <span class='ocrx_word' id='word_1_2' title='bbox 306 254 397 300; x_wconf 75' lang='lat'><strong>(308</strong></span> <span class='ocrx_word' id='word_1_3' title='bbox 753 268 790 296; x_wconf 81' lang='lat' dir='ltr'><strong>S·</strong></span> <span class='ocrx_word' id='word_1_4' title='bbox 829 265 1014 297; x_wconf 71' lang='lat' dir='ltr'>JOANMS</span> <span class='ocrx_word' id='word_1_5' title='bbox 1050 266 1289 296; x_wconf 84' lang='lat' dir='ltr'><strong>CHRYSOST.</strong></span> <span class='ocrx_word' id='word_1_6' title='bbox 1330 266 1538 297; x_wconf 81' lang='lat' dir='ltr'><strong>ARCHIEP.</strong></span> <span class='ocrx_word' id='word_1_7' title='bbox 1577 268 1932 301; x_wconf 71' lang='lat' dir='ltr'><strong>CONSTANTINOP-</strong></span> 
     </span>
    </p>
   </div>
   <div class='ocr_carea' id='block_1_2' title="bbox 92 345 1285 3268">
    <p class='ocr_par' dir='ltr' id='par_1_2' title="bbox 250 345 1285 934">
     <span class='ocr_line' id='line_1_2' title="bbox 303 345 1284 397; baseline -0.001 -12"><span class='ocrx_word' id='word_1_8' title='bbox 303 358 384 385; x_wconf 79' lang='lat' dir='ltr'><strong>nato</strong></span> <span class='ocrx_word' id='word_1_9' title='bbox 417 362 436 384; x_wconf 93' lang='lat' dir='ltr'><strong>a</strong></span> <span class='ocrx_word' id='word_1_10' title='bbox 465 347 662 394; x_wconf 80' lang='lat' dir='ltr'><strong>voluntate3</strong></span> <span class='ocrx_word' id='word_1_11' title='bbox 690 346 824 383; x_wconf 85' lang='lat' dir='ltr'>Christi</span> <span class='ocrx_word' id='word_1_12' title='bbox 860 360 942 385; x_wconf 87' lang='lat' dir='ltr'><strong>vero</strong></span> <span class='ocrx_word' id='word_1_13' title='bbox 971 345 1140 385; x_wconf 80' lang='lat' dir='ltr'><strong>virtutem</strong></span> <span class='ocrx_word' id='word_1_14' title='bbox 1170 347 1284 397; x_wconf 80' lang='lat' dir='ltr'><strong>magis</strong></span> 
     </span>
     <span class='ocr_line' id='line_1_3' title="bbox 304 407 1285 459; baseline -0.002 -12"><span class='ocrx_word' id='word_1_15' title='bbox 304 409 425 457; x_wconf 77' lang='lat' dir='ltr'><strong>adora,</strong></span> <span class='ocrx_word' id='word_1_16' title='bbox 445 408 527 458; x_wconf 89' lang='lat' dir='ltr'><strong>quia</strong></span> <span class='ocrx_word' id='word_1_17' title='bbox 550 416 620 444; x_wconf 87' lang='lat' dir='ltr'><strong>tam</strong></span> <span class='ocrx_word' id='word_1_18' title='bbox 647 407 800 454; x_wconf 82' lang='lat' dir='ltr'><strong>varium,</strong></span> <span class='ocrx_word' id='word_1_19' title='bbox 816 416 890 444; x_wconf 85' lang='lat' dir='ltr'><strong>tam</strong></span> <span class='ocrx_word' id='word_1_20' title='bbox 911 415 1117 459; x_wconf 83' lang='lat' dir='ltr'><strong>expugnatu</strong></span> <span class='ocrx_word' id='word_1_21' title='bbox 1133 407 1285 445; x_wconf 84' lang='lat' dir='ltr'><strong>difficile</strong></span> 
     </span>
     <span class='ocr_line' id='line_1_4' title="bbox 303 467 1284 516; baseline 0.001 -11"><span class='ocrx_word' id='word_1_22' title='bbox 303 469 437 505; x_wconf 88' lang='lat' dir='ltr'><strong>malum</strong></span> <span class='ocrx_word' id='word_1_23' title='bbox 457 467 603 516; x_wconf 78' lang='lat' dir='ltr'><strong>delevit,</strong></span> <span class='ocrx_word' id='word_1_24' title='bbox 631 476 665 504; x_wconf 89' lang='lat' dir='ltr'><strong>et</strong></span> <span class='ocrx_word' id='word_1_25' title='bbox 690 467 861 505; x_wconf 82' lang='lat' dir='ltr'>radicitus</span> <span class='ocrx_word' id='word_1_26' title='bbox 881 468 1021 505; x_wconf 66' lang='lat' dir='ltr'><strong>evulsit.</strong></span> <span class='ocrx_word' id='word_1_27' title='bbox 1052 469 1144 506; x_wconf 90' lang='lat' dir='ltr'><strong>Cum</strong></span> <span class='ocrx_word' id='word_1_28' title='bbox 1164 477 1284 506; x_wconf 87' lang='lat' dir='ltr'><strong>autem</strong></span> 
     </span>
     <span class='ocr_line' id='line_1_5' title="bbox 300 525 1282 577; baseline 0.002 -15"><span class='ocrx_word' id='word_1_29' title='bbox 300 535 483 576; x_wconf 84' lang='lat' dir='ltr'><strong>peceatum</strong></span> <span class='ocrx_word' id='word_1_30' title='bbox 496 525 611 573; x_wconf 90' lang='lat' dir='ltr'><strong>audis,</strong></span> <span class='ocrx_word' id='word_1_31' title='bbox 635 540 678 562; x_wconf 90' lang='lat' dir='ltr'><strong>ne</strong></span> <span class='ocrx_word' id='word_1_32' title='bbox 695 535 797 577; x_wconf 88' lang='lat' dir='ltr'><strong>putes</strong></span> <span class='ocrx_word' id='word_1_33' title='bbox 815 539 888 563; x_wconf 85' lang='lat' dir='ltr'><strong>esse</strong></span> <span class='ocrx_word' id='word_1_34' title='bbox 915 525 990 564; x_wconf 80' lang='lat' dir='ltr'><strong>vim</strong></span> <span class='ocrx_word' id='word_1_35' title='bbox 1011 526 1203 576; x_wconf 88' lang='lat' dir='ltr'><strong>quamdam</strong></span> <span class='ocrx_word' id='word_1_36' title='bbox 1221 541 1282 564; x_wconf 73' lang='lat' dir='ltr'><strong>ex-</strong></span> 
     </span>
     <span class='ocr_line' id='line_1_6' title="bbox 299 588 1282 641; baseline 0.002 -16"><span class='ocrx_word' id='word_1_37' title='bbox 299 588 491 637; x_wconf 76' lang='lat' dir='ltr'><strong>sistentem,</strong></span> <span class='ocrx_word' id='word_1_38' title='bbox 510 588 572 625; x_wconf 91' lang='lat' dir='ltr'><strong>sed</strong></span> <span class='ocrx_word' id='word_1_39' title='bbox 593 589 724 626; x_wconf 90' lang='lat' dir='ltr'><strong>malam</strong></span> <span class='ocrx_word' id='word_1_40' title='bbox 749 588 935 637; x_wconf 84' lang='lat' dir='ltr'><strong>actionem,</strong></span> <span class='ocrx_word' id='word_1_41' title='bbox 951 603 1088 641; x_wconf 82' lang='lat' dir='ltr'>semper</span> <span class='ocrx_word' id='word_1_42' title='bbox 1114 590 1282 627; x_wconf 87' lang='lat' dir='ltr'><strong>acceden-</strong></span> 
     </span>
     <span class='ocr_line' id='line_1_7' title="bbox 298 649 1279 701; baseline 0.003 -16"><span class='ocrx_word' id='word_1_43' title='bbox 298 658 367 686; x_wconf 86' lang='lat' dir='ltr'><strong>tem</strong></span> <span class='ocrx_word' id='word_1_44' title='bbox 388 658 421 686; x_wconf 89' lang='lat' dir='ltr'><strong>et</strong></span> <span class='ocrx_word' id='word_1_45' title='bbox 444 649 677 696; x_wconf 77' lang='lat' dir='ltr'><strong>recedentem,</strong></span> <span class='ocrx_word' id='word_1_46' title='bbox 694 664 771 699; x_wconf 83' lang='lat' dir='ltr'><strong>quae</strong></span> <span class='ocrx_word' id='word_1_47' title='bbox 789 664 857 687; x_wconf 93' lang='lat' dir='ltr'><strong>non</strong></span> <span class='ocrx_word' id='word_1_48' title='bbox 876 659 948 687; x_wconf 85' lang='lat' dir='ltr'><strong>erat</strong></span> <span class='ocrx_word' id='word_1_49' title='bbox 963 660 1151 701; x_wconf 80' lang='lat' dir='ltr'><strong>antequam</strong></span> <span class='ocrx_word' id='word_1_50' title='bbox 1165 651 1279 700; x_wconf 82' lang='lat' dir='ltr'><strong>lieret,</strong></span> 
     </span>
     <span class='ocr_line' id='line_1_8' title="bbox 297 712 1279 762; baseline 0.003 -15"><span class='ocrx_word' id='word_1_51' title='bbox 297 719 330 747; x_wconf 87' lang='lat' dir='ltr'><strong>et</strong></span> <span class='ocrx_word' id='word_1_52' title='bbox 343 720 529 762; x_wconf 82' lang='lat' dir='ltr'><strong>postquam</strong></span> <span class='ocrx_word' id='word_1_53' title='bbox 545 712 637 749; x_wconf 87' lang='lat' dir='ltr'><strong>facta</strong></span> <span class='ocrx_word' id='word_1_54' title='bbox 659 720 723 760; x_wconf 85' lang='lat' dir='ltr'><strong>est,</strong></span> <span class='ocrx_word' id='word_1_55' title='bbox 743 726 886 749; x_wconf 89' lang='lat' dir='ltr'><strong>rursum</strong></span> <span class='ocrx_word' id='word_1_56' title='bbox 903 712 1051 750; x_wconf 89' lang='lat' dir='ltr'><strong>deletur.</strong></span> <span class='ocrx_word' id='word_1_57' title='bbox 1070 713 1154 751; x_wconf 91' lang='lat' dir='ltr'><strong>Ideo</strong></span> <span class='ocrx_word' id='word_1_58' title='bbox 1179 727 1279 750; x_wconf 87' lang='lat' dir='ltr'><strong>nam-</strong></span> 
     </span>
     <span class='ocr_line' id='line_1_9' title="bbox 261 772 1278 824; baseline 0.003 -17"><span class='ocrx_word' id='word_1_59' title='bbox 261 793 263 795; x_wconf 34' lang='grc' dir='ltr'>ν</span> <span class='ocrx_word' id='word_1_60' title='bbox 297 785 364 821; x_wconf 89' lang='lat' dir='ltr'><strong>que</strong></span> <span class='ocrx_word' id='word_1_61' title='bbox 383 781 416 809; x_wconf 92' lang='lat' dir='ltr'><strong>et</strong></span> <span class='ocrx_word' id='word_1_62' title='bbox 436 773 496 810; x_wconf 76' lang='lat' dir='ltr'><strong>lex</strong></span> <span class='ocrx_word' id='word_1_63' title='bbox 516 772 598 810; x_wconf 89' lang='lat' dir='ltr'><strong>data</strong></span> <span class='ocrx_word' id='word_1_64' title='bbox 616 782 686 811; x_wconf 84' lang='lat' dir='ltr'><strong>est:</strong></span> <span class='ocrx_word' id='word_1_65' title='bbox 702 774 761 811; x_wconf 72' lang='lat' dir='ltr'><strong>lex</strong></span> <span class='ocrx_word' id='word_1_66' title='bbox 783 787 868 812; x_wconf 75' lang='lat' dir='ltr'><strong>vero</strong></span> <span class='ocrx_word' id='word_1_67' title='bbox 887 787 1081 824; x_wconf 81' lang='lat' dir='ltr'>numquam</span> <span class='ocrx_word' id='word_1_68' title='bbox 1109 773 1156 810; x_wconf 91' lang='lat' dir='ltr'><strong>ad</strong></span> <span class='ocrx_word' id='word_1_69' title='bbox 1172 783 1278 811; x_wconf 88' lang='lat' dir='ltr'><strong>natu-</strong></span> 
     </span>
     <span class='ocr_line' id='line_1_10' title="bbox 296 831 1280 883; baseline 0.004 -15"><span class='ocrx_word' id='word_1_70' title='bbox 296 831 426 869; x_wconf 86' lang='lat' dir='ltr'><strong>ralium</strong></span> <span class='ocrx_word' id='word_1_71' title='bbox 462 832 643 871; x_wconf 88' lang='lat' dir='ltr'><strong>interitum</strong></span> <span class='ocrx_word' id='word_1_72' title='bbox 675 834 792 883; x_wconf 81' lang='lat' dir='ltr'><strong>datur,</strong></span> <span class='ocrx_word' id='word_1_73' title='bbox 823 835 884 872; x_wconf 89' lang='lat' dir='ltr'><strong>sed</strong></span> <span class='ocrx_word' id='word_1_74' title='bbox 919 835 965 872; x_wconf 86' lang='lat' dir='ltr'><strong>ad</strong></span> <span class='ocrx_word' id='word_1_75' title='bbox 999 834 1280 872; x_wconf 84' lang='lat' dir='ltr'><strong>emendationem</strong></span> 
     </span>
     <span class='ocr_line' id='line_1_11' title="bbox 250 891 964 934; baseline 0.01 -7"><span class='ocrx_word' id='word_1_76' title='bbox 250 920 253 923; x_wconf 88' lang='lat'>.</span> <span class='ocrx_word' id='word_1_77' title='bbox 297 891 381 928; x_wconf 89' lang='lat' dir='ltr'><strong>mali</strong></span> <span class='ocrx_word' id='word_1_78' title='bbox 398 893 593 931; x_wconf 86' lang='lat' dir='ltr'><strong>secundum</strong></span> <span class='ocrx_word' id='word_1_79' title='bbox 613 894 832 933; x_wconf 75' lang='lat' dir='ltr'><strong>voluntatem</strong></span> <span class='ocrx_word' id='word_1_80' title='bbox 852 905 964 934; x_wconf 88' lang='lat' dir='ltr'><strong>actus.</strong></span> 
     </span>
    </p>

    <p class='ocr_par' dir='ltr' id='par_1_3' title="bbox 291 954 1279 2039">
     <span class='ocr_line' id='line_1_12' title="bbox 350 954 1279 1009; baseline 0.005 -19"><span class='ocrx_word' id='word_1_81' title='bbox 350 954 384 989; x_wconf 83' lang='lat'><strong>7.</strong></span> <span class='ocrx_word' id='word_1_82' title='bbox 407 954 482 991; x_wconf 90' lang='lat' dir='ltr'><strong>Hoc</strong></span> <span class='ocrx_word' id='word_1_83' title='bbox 497 956 633 993; x_wconf 70' lang='lat' dir='ltr'><strong>externi</strong></span> <span class='ocrx_word' id='word_1_84' title='bbox 651 971 790 1007; x_wconf 89' lang='lat' dir='ltr'><strong>quoque</strong></span> <span class='ocrx_word' id='word_1_85' title='bbox 812 958 1030 1009; x_wconf 83' lang='lat' dir='ltr'><strong>legislatores</strong></span> <span class='ocrx_word' id='word_1_86' title='bbox 1052 958 1181 1005; x_wconf 85' lang='lat' dir='ltr'><strong>sciunt,</strong></span> <span class='ocrx_word' id='word_1_87' title='bbox 1202 971 1279 995; x_wconf 90' lang='lat' dir='ltr'><strong>nec-</strong></span> 
     </span>
     <span class='ocr_line' id='line_1_13' title="bbox 297 1015 1276 1057; baseline 0.006 -7"><span class='ocrx_word' id='word_1_88' title='bbox 297 1027 366 1051; x_wconf 87' lang='lat' dir='ltr'><strong>non</strong></span> <span class='ocrx_word' id='word_1_89' title='bbox 392 1015 557 1054; x_wconf 78' lang='lat' dir='ltr'><strong>universa</strong></span> <span class='ocrx_word' id='word_1_90' title='bbox 575 1017 760 1055; x_wconf 86' lang='lat' dir='ltr'><strong>hominum</strong></span> <span class='ocrx_word' id='word_1_91' title='bbox 782 1028 923 1056; x_wconf 87' lang='lat' dir='ltr'><strong>natura.</strong></span> <span class='ocrx_word' id='word_1_92' title='bbox 943 1019 996 1057; x_wconf 84' lang='lat' dir='ltr'><strong>Ea</strong></span> <span class='ocrx_word' id='word_1_93' title='bbox 1025 1020 1120 1057; x_wconf 88' lang='lat' dir='ltr'><strong>enim</strong></span> <span class='ocrx_word' id='word_1_94' title='bbox 1140 1028 1276 1056; x_wconf 82' lang='lat' dir='ltr'><strong>tantum</strong></span> 
     </span>
     <span class='ocr_line' id='line_1_14' title="bbox 298 1077 1278 1130; baseline 0.005 -19"><span class='ocrx_word' id='word_1_95' title='bbox 298 1085 456 1112; x_wconf 84' lang='lat' dir='ltr'><strong>coercent</strong></span> <span class='ocrx_word' id='word_1_96' title='bbox 477 1077 584 1126; x_wconf 80' lang='lat' dir='ltr'><strong>mala,</strong></span> <span class='ocrx_word' id='word_1_97' title='bbox 615 1093 692 1128; x_wconf 82' lang='lat' dir='ltr'><strong>quae</strong></span> <span class='ocrx_word' id='word_1_98' title='bbox 719 1093 763 1116; x_wconf 79' lang='lat' dir='ltr'><strong>ex</strong></span> <span class='ocrx_word' id='word_1_99' title='bbox 788 1080 936 1130; x_wconf 81' lang='lat' dir='ltr'><strong>segnitie</strong></span> <span class='ocrx_word' id='word_1_100' title='bbox 961 1081 1052 1118; x_wconf 88' lang='lat' dir='ltr'><strong>facta</strong></span> <span class='ocrx_word' id='word_1_101' title='bbox 1082 1089 1175 1126; x_wconf 84' lang='lat' dir='ltr'><strong>sunt,</strong></span> <span class='ocrx_word' id='word_1_102' title='bbox 1210 1093 1278 1116; x_wconf 91' lang='lat' dir='ltr'><strong>non</strong></span> 
     </span>
     <span class='ocr_line' id='line_1_15' title="bbox 295 1139 1278 1189; baseline 0.008 -18"><span class='ocrx_word' id='word_1_103' title='bbox 295 1149 379 1172; x_wconf 74' lang='lat' dir='ltr'><strong>vero</strong></span> <span class='ocrx_word' id='word_1_104' title='bbox 397 1149 536 1186; x_wconf 85' lang='lat' dir='ltr'><strong>ea‚quae</strong></span> <span class='ocrx_word' id='word_1_105' title='bbox 560 1147 694 1176; x_wconf 84' lang='lat' dir='ltr'><strong>naturae</strong></span> <span class='ocrx_word' id='word_1_106' title='bbox 717 1139 926 1178; x_wconf 84' lang='lat' dir='ltr'><strong>cohaerentia</strong></span> <span class='ocrx_word' id='word_1_107' title='bbox 957 1150 1050 1189; x_wconf 81' lang='lat' dir='ltr'><strong>sunt,</strong></span> <span class='ocrx_word' id='word_1_108' title='bbox 1080 1155 1116 1179; x_wconf 90' lang='lat' dir='ltr'><strong>se</strong></span> <span class='ocrx_word' id='word_1_109' title='bbox 1134 1141 1278 1179; x_wconf 79' lang='lat' dir='ltr'><strong>exscin-</strong></span> 
     </span>
     <span class='ocr_line' id='line_1_16' title="bbox 295 1195 1279 1253; baseline 0.009 -20"><span class='ocrx_word' id='word_1_110' title='bbox 295 1195 378 1234; x_wconf 88' lang='lat' dir='ltr'><strong>dere</strong></span> <span class='ocrx_word' id='word_1_111' title='bbox 391 1198 601 1248; x_wconf 84' lang='lat' dir='ltr'><strong>profitentur</strong></span> <span class='ocrx_word' id='word_1_112' title='bbox 620 1215 627 1235; x_wconf 91' lang='lat'>:</span> <span class='ocrx_word' id='word_1_113' title='bbox 648 1214 760 1250; x_wconf 91' lang='lat' dir='ltr'><strong>neque</strong></span> <span class='ocrx_word' id='word_1_114' title='bbox 775 1200 869 1237; x_wconf 90' lang='lat' dir='ltr'><strong>enim</strong></span> <span class='ocrx_word' id='word_1_115' title='bbox 889 1201 927 1238; x_wconf 93' lang='lat' dir='ltr'><strong>id</strong></span> <span class='ocrx_word' id='word_1_116' title='bbox 953 1201 1030 1238; x_wconf 85' lang='lat' dir='ltr'><strong>fieri</strong></span> <span class='ocrx_word' id='word_1_117' title='bbox 1045 1212 1170 1253; x_wconf 85' lang='lat' dir='ltr'><strong>potest.</strong></span> <span class='ocrx_word' id='word_1_118' title='bbox 1188 1206 1279 1243; x_wconf 75' lang='lat' dir='ltr'><strong>Nam</strong></span> 
     </span>
     <span class='ocr_line' id='line_1_17' title="bbox 295 1259 1279 1315; baseline 0.009 -22"><span class='ocrx_word' id='word_1_119' title='bbox 295 1271 372 1306; x_wconf 88' lang='lat' dir='ltr'><strong>quae</strong></span> <span class='ocrx_word' id='word_1_120' title='bbox 389 1259 563 1296; x_wconf 88' lang='lat' dir='ltr'><strong>naturalia</strong></span> <span class='ocrx_word' id='word_1_121' title='bbox 578 1260 827 1307; x_wconf 76' lang='lat' dir='ltr'><strong>sunt‚immota</strong></span> <span class='ocrx_word' id='word_1_122' title='bbox 841 1271 994 1308; x_wconf 85' lang='lat' dir='ltr'><strong>manent,</strong></span> <span class='ocrx_word' id='word_1_123' title='bbox 1014 1271 1052 1299; x_wconf 92' lang='lat' dir='ltr'><strong>ut</strong></span> <span class='ocrx_word' id='word_1_124' title='bbox 1066 1277 1157 1315; x_wconf 78' lang='lat' dir='ltr'><strong>saepe</strong></span> <span class='ocrx_word' id='word_1_125' title='bbox 1175 1265 1279 1303; x_wconf 70' lang='lat' dir='ltr'><strong>vobis</strong></span> 
     </span>
     <span class='ocr_line' id='line_1_18' title="bbox 294 1318 1278 1375; baseline 0.009 -20"><span class='ocrx_word' id='word_1_126' title='bbox 294 1318 329 1355; x_wconf 91' lang='lat' dir='ltr'><strong>in</strong></span> <span class='ocrx_word' id='word_1_127' title='bbox 351 1319 431 1356; x_wconf 88' lang='lat' dir='ltr'><strong>aliis</strong></span> <span class='ocrx_word' id='word_1_128' title='bbox 451 1320 635 1371; x_wconf 84' lang='lat' dir='ltr'><strong>colloquiis</strong></span> <span class='ocrx_word' id='word_1_129' title='bbox 647 1321 740 1358; x_wconf 75' lang='lat' dir='ltr'><strong>dixi.</strong></span> <span class='ocrx_word' id='word_1_130' title='bbox 754 1322 980 1375; x_wconf 82' lang='lat' dir='ltr'><strong>Quapropter</strong></span> <span class='ocrx_word' id='word_1_131' title='bbox 998 1323 1055 1361; x_wconf 87' lang='lat' dir='ltr'><strong>his</strong></span> <span class='ocrx_word' id='word_1_132' title='bbox 1069 1325 1185 1363; x_wconf 87' lang='lat' dir='ltr'><strong>missis</strong></span> <span class='ocrx_word' id='word_1_133' title='bbox 1198 1341 1278 1364; x_wconf 86' lang='lat' dir='ltr'><strong>cer—</strong></span> 
     </span>
     <span class='ocr_line' id='line_1_19' title="bbox 293 1379 1275 1429; baseline 0.009 -14"><span class='ocrx_word' id='word_1_134' title='bbox 293 1379 501 1429; x_wconf 84' lang='lat' dir='ltr'><strong>taminihus‚</strong></span> <span class='ocrx_word' id='word_1_135' title='bbox 532 1382 702 1419; x_wconf 89' lang='lat' dir='ltr'><strong>moralem</strong></span> <span class='ocrx_word' id='word_1_136' title='bbox 736 1397 859 1420; x_wconf 87' lang='lat' dir='ltr'><strong>rursus</strong></span> <span class='ocrx_word' id='word_1_137' title='bbox 888 1397 1085 1421; x_wconf 86' lang='lat' dir='ltr'><strong>sermonem</strong></span> <span class='ocrx_word' id='word_1_138' title='bbox 1117 1387 1275 1424; x_wconf 70' lang='lat' dir='ltr'><strong>excutia-</strong></span> 
     </span>
     <span class='ocr_line' id='line_1_20' title="bbox 293 1441 1277 1485; baseline 0.007 -8"><span class='ocrx_word' id='word_1_139' title='bbox 293 1454 373 1477; x_wconf 85' lang='lat' dir='ltr'><strong>mus</strong></span> <span class='ocrx_word' id='word_1_140' title='bbox 391 1456 398 1476; x_wconf 93' lang='lat'><strong>:</strong></span> <span class='ocrx_word' id='word_1_141' title='bbox 415 1441 486 1479; x_wconf 87' lang='lat' dir='ltr'><strong>imo</strong></span> <span class='ocrx_word' id='word_1_142' title='bbox 500 1457 584 1479; x_wconf 74' lang='lat' dir='ltr'><strong>vero</strong></span> <span class='ocrx_word' id='word_1_143' title='bbox 605 1443 680 1481; x_wconf 79' lang='lat' dir='ltr'><strong>haec</strong></span> <span class='ocrx_word' id='word_1_144' title='bbox 701 1444 843 1481; x_wconf 88' lang='lat' dir='ltr'><strong>illorum</strong></span> <span class='ocrx_word' id='word_1_145' title='bbox 868 1446 1099 1482; x_wconf 85' lang='lat' dir='ltr'><strong>certaminum</strong></span> <span class='ocrx_word' id='word_1_146' title='bbox 1121 1448 1277 1485; x_wconf 70' lang='lat' dir='ltr'><strong>maxima</strong></span> 
     </span>
     <span class='ocr_line' id='line_1_21' title="bbox 293 1504 1272 1557; baseline 0.009 -19"><span class='ocrx_word' id='word_1_147' title='bbox 293 1516 375 1553; x_wconf 89' lang='lat' dir='ltr'><strong>pars</strong></span> <span class='ocrx_word' id='word_1_148' title='bbox 394 1512 456 1540; x_wconf 86' lang='lat' dir='ltr'><strong>est.</strong></span> <span class='ocrx_word' id='word_1_149' title='bbox 478 1504 570 1541; x_wconf 77' lang='lat' dir='ltr'><strong>Nam</strong></span> <span class='ocrx_word' id='word_1_150' title='bbox 589 1505 617 1541; x_wconf 90' lang='lat' dir='ltr'><strong>si</strong></span> <span class='ocrx_word' id='word_1_151' title='bbox 637 1506 832 1555; x_wconf 77' lang='lat' dir='ltr'><strong>nequitiam</strong></span> <span class='ocrx_word' id='word_1_152' title='bbox 851 1505 1082 1557; x_wconf 78' lang='lat' dir='ltr'><strong>depellamus,</strong></span> <span class='ocrx_word' id='word_1_153' title='bbox 1103 1509 1272 1547; x_wconf 69' lang='lat' dir='ltr'><strong>virtutem</strong></span> 
     </span>
     <span class='ocr_line' id='line_1_22' title="bbox 293 1563 1277 1611; baseline 0.009 -11"><span class='ocrx_word' id='word_1_154' title='bbox 293 1563 504 1602; x_wconf 85' lang='lat' dir='ltr'><strong>inducamus</strong></span> <span class='ocrx_word' id='word_1_155' title='bbox 519 1581 527 1611; x_wconf 90' lang='lat'>;</span> <span class='ocrx_word' id='word_1_156' title='bbox 544 1575 575 1602; x_wconf 90' lang='lat' dir='ltr'><strong>et</strong></span> <span class='ocrx_word' id='word_1_157' title='bbox 594 1566 677 1602; x_wconf 90' lang='lat' dir='ltr'><strong>hinc</strong></span> <span class='ocrx_word' id='word_1_158' title='bbox 694 1567 786 1603; x_wconf 88' lang='lat' dir='ltr'><strong>clare</strong></span> <span class='ocrx_word' id='word_1_159' title='bbox 815 1567 1039 1605; x_wconf 85' lang='lat' dir='ltr'><strong>ostendemus</strong></span> <span class='ocrx_word' id='word_1_160' title='bbox 1060 1570 1190 1607; x_wconf 67' lang='lat' dir='ltr'><strong>vitium</strong></span> <span class='ocrx_word' id='word_1_161' title='bbox 1206 1585 1277 1609; x_wconf 93' lang='lat' dir='ltr'><strong>non</strong></span> 
     </span>
     <span class='ocr_line' id='line_1_23' title="bbox 296 1626 1278 1681; baseline 0.009 -21"><span class='ocrx_word' id='word_1_162' title='bbox 296 1637 367 1660; x_wconf 88' lang='lat' dir='ltr'><strong>esse</strong></span> <span class='ocrx_word' id='word_1_163' title='bbox 379 1634 504 1662; x_wconf 86' lang='lat' dir='ltr'><strong>natura</strong></span> <span class='ocrx_word' id='word_1_164' title='bbox 519 1626 668 1668; x_wconf 79' lang='lat' dir='ltr'><strong>malum,</strong></span> <span class='ocrx_word' id='word_1_165' title='bbox 682 1636 714 1662; x_wconf 90' lang='lat' dir='ltr'><strong>ct</strong></span> <span class='ocrx_word' id='word_1_166' title='bbox 731 1640 788 1663; x_wconf 89' lang='lat' dir='ltr'><strong>eos</strong></span> <span class='ocrx_word' id='word_1_167' title='bbox 807 1627 867 1676; x_wconf 92' lang='lat' dir='ltr'><strong>qui</strong></span> <span class='ocrx_word' id='word_1_168' title='bbox 884 1627 977 1664; x_wconf 88' lang='lat' dir='ltr'><strong>unde</strong></span> <span class='ocrx_word' id='word_1_169' title='bbox 992 1629 1084 1666; x_wconf 83' lang='lat' dir='ltr'><strong>mala</strong></span> <span class='ocrx_word' id='word_1_170' title='bbox 1102 1630 1171 1667; x_wconf 91' lang='lat' dir='ltr'><strong>sint</strong></span> <span class='ocrx_word' id='word_1_171' title='bbox 1183 1646 1278 1681; x_wconf 84' lang='lat' dir='ltr'><strong>quae-</strong></span> 
     </span>
     <span class='ocr_line' id='line_1_24' title="bbox 294 1686 1278 1743; baseline 0.009 -23"><span class='ocrx_word' id='word_1_172' title='bbox 294 1694 388 1732; x_wconf 77' lang='lat' dir='ltr'><strong>runt,</strong></span> <span class='ocrx_word' id='word_1_173' title='bbox 406 1699 474 1721; x_wconf 91' lang='lat' dir='ltr'><strong>non</strong></span> <span class='ocrx_word' id='word_1_174' title='bbox 496 1686 602 1723; x_wconf 89' lang='lat' dir='ltr'><strong>modo</strong></span> <span class='ocrx_word' id='word_1_175' title='bbox 621 1686 752 1734; x_wconf 73' lang='lat' dir='ltr'><strong>verbis,</strong></span> <span class='ocrx_word' id='word_1_176' title='bbox 774 1686 834 1723; x_wconf 81' lang='lat' dir='ltr'><strong>sed</strong></span> <span class='ocrx_word' id='word_1_177' title='bbox 857 1687 963 1725; x_wconf 89' lang='lat' dir='ltr'><strong>etiam</strong></span> <span class='ocrx_word' id='word_1_178' title='bbox 996 1690 1160 1740; x_wconf 82' lang='lat' dir='ltr'><strong>operibus</strong></span> <span class='ocrx_word' id='word_1_179' title='bbox 1181 1702 1278 1743; x_wconf 87' lang='lat' dir='ltr'><strong>pote-</strong></span> 
     </span>
     <span class='ocr_line' id='line_1_25' title="bbox 294 1745 1276 1802; baseline 0.009 -21"><span class='ocrx_word' id='word_1_180' title='bbox 294 1745 409 1783; x_wconf 88' lang='lat' dir='ltr'><strong>rimus</strong></span> <span class='ocrx_word' id='word_1_181' title='bbox 427 1746 472 1783; x_wconf 89' lang='lat' dir='ltr'><strong>ad</strong></span> <span class='ocrx_word' id='word_1_182' title='bbox 489 1746 670 1784; x_wconf 89' lang='lat' dir='ltr'><strong>silentium</strong></span> <span class='ocrx_word' id='word_1_183' title='bbox 685 1762 819 1799; x_wconf 78' lang='lat' dir='ltr'><strong>cogere,</strong></span> <span class='ocrx_word' id='word_1_184' title='bbox 835 1748 929 1799; x_wconf 85' lang='lat' dir='ltr'><strong>quod</strong></span> <span class='ocrx_word' id='word_1_185' title='bbox 957 1764 1038 1787; x_wconf 88' lang='lat' dir='ltr'><strong>cum</strong></span> <span class='ocrx_word' id='word_1_186' title='bbox 1051 1751 1209 1802; x_wconf 83' lang='lat' dir='ltr'><strong>ejusdem</strong></span> <span class='ocrx_word' id='word_1_187' title='bbox 1224 1754 1276 1791; x_wconf 89' lang='lat' dir='ltr'><strong>si-</strong></span> 
     </span>
     <span class='ocr_line' id='line_1_26' title="bbox 294 1809 1279 1855; baseline 0.01 -13"><span class='ocrx_word' id='word_1_188' title='bbox 294 1820 373 1843; x_wconf 90' lang='lat' dir='ltr'><strong>mus</strong></span> <span class='ocrx_word' id='word_1_189' title='bbox 392 1816 523 1844; x_wconf 82' lang='lat' dir='ltr'><strong>natnrae</strong></span> <span class='ocrx_word' id='word_1_190' title='bbox 539 1837 548 1855; x_wconf 94' lang='grc'>,</span> <span class='ocrx_word' id='word_1_191' title='bbox 571 1823 590 1845; x_wconf 86' lang='lat' dir='ltr'><strong>a</strong></span> <span class='ocrx_word' id='word_1_192' title='bbox 619 1809 757 1846; x_wconf 87' lang='lat' dir='ltr'><strong>malitia</strong></span> <span class='ocrx_word' id='word_1_193' title='bbox 778 1823 900 1847; x_wconf 86' lang='lat' dir='ltr'><strong>eorum</strong></span> <span class='ocrx_word' id='word_1_194' title='bbox 929 1812 1058 1848; x_wconf 73' lang='lat' dir='ltr'><strong>exemti</strong></span> <span class='ocrx_word' id='word_1_195' title='bbox 1080 1812 1203 1851; x_wconf 89' lang='lat' dir='ltr'><strong>simus.</strong></span> <span class='ocrx_word' id='word_1_196' title='bbox 1226 1816 1279 1852; x_wconf 84' lang='lat' dir='ltr'><strong>Ne</strong></span> 
     </span>
     <span class='ocr_line' id='line_1_27' title="bbox 292 1867 1277 1917; baseline 0.01 -14"><span class='ocrx_word' id='word_1_197' title='bbox 292 1881 377 1904; x_wconf 64' lang='lat' dir='ltr'><strong>vero</strong></span> <span class='ocrx_word' id='word_1_198' title='bbox 410 1867 502 1905; x_wconf 90' lang='lat' dir='ltr'><strong>illud</strong></span> <span class='ocrx_word' id='word_1_199' title='bbox 525 1868 798 1917; x_wconf 69' lang='lat' dir='ltr'><strong>consideremus,</strong></span> <span class='ocrx_word' id='word_1_200' title='bbox 824 1870 1038 1910; x_wconf 83' lang='lat' dir='ltr'><strong>laboriosam</strong></span> <span class='ocrx_word' id='word_1_201' title='bbox 1069 1888 1142 1912; x_wconf 88' lang='lat' dir='ltr'><strong>esse</strong></span> <span class='ocrx_word' id='word_1_202' title='bbox 1162 1875 1277 1913; x_wconf 75' lang='lat' dir='ltr'><strong>virtu-</strong></span> 
     </span>
     <span class='ocr_line' id='line_1_28' title="bbox 291 1928 1278 1985; baseline 0.011 -21"><span class='ocrx_word' id='word_1_203' title='bbox 291 1936 381 1973; x_wconf 81' lang='lat' dir='ltr'><strong>tem,</strong></span> <span class='ocrx_word' id='word_1_204' title='bbox 403 1928 465 1966; x_wconf 90' lang='lat' dir='ltr'><strong>sed</strong></span> <span class='ocrx_word' id='word_1_205' title='bbox 486 1929 604 1980; x_wconf 88' lang='lat' dir='ltr'><strong>potius</strong></span> <span class='ocrx_word' id='word_1_206' title='bbox 623 1945 725 1982; x_wconf 84' lang='lat' dir='ltr'><strong>posse</strong></span> <span class='ocrx_word' id='word_1_207' title='bbox 743 1931 842 1968; x_wconf 88' lang='lat' dir='ltr'><strong>illam</strong></span> <span class='ocrx_word' id='word_1_208' title='bbox 869 1946 887 1969; x_wconf 91' lang='lat' dir='ltr'><strong>a</strong></span> <span class='ocrx_word' id='word_1_209' title='bbox 919 1933 1020 1970; x_wconf 88' lang='lat' dir='ltr'><strong>nobis</strong></span> <span class='ocrx_word' id='word_1_210' title='bbox 1049 1937 1225 1985; x_wconf 76' lang='lat' dir='ltr'><strong>exerceri;</strong></span> <span class='ocrx_word' id='word_1_211' title='bbox 1248 1937 1278 1975; x_wconf 87' lang='lat' dir='ltr'><strong>si</strong></span> 
     </span>
     <span class='ocr_line' id='line_1_29' title="bbox 293 1988 1275 2039; baseline 0.011 -14"><span class='ocrx_word' id='word_1_212' title='bbox 293 1988 323 2025; x_wconf 91' lang='lat' dir='ltr'><strong>si</strong></span> <span class='ocrx_word' id='word_1_213' title='bbox 339 2002 422 2027; x_wconf 65' lang='lat' dir='ltr'><strong>vero</strong></span> <span class='ocrx_word' id='word_1_214' title='bbox 433 1990 650 2039; x_wconf 81' lang='lat' dir='ltr'><strong>studeamus,</strong></span> <span class='ocrx_word' id='word_1_215' title='bbox 668 2006 743 2029; x_wconf 88' lang='lat' dir='ltr'><strong>eam</strong></span> <span class='ocrx_word' id='word_1_216' title='bbox 757 1993 858 2030; x_wconf 91' lang='lat' dir='ltr'><strong>nobis</strong></span> <span class='ocrx_word' id='word_1_217' title='bbox 873 1994 1016 2031; x_wconf 89' lang='lat' dir='ltr'><strong>omnino</strong></span> <span class='ocrx_word' id='word_1_218' title='bbox 1035 1995 1174 2034; x_wconf 77' lang='lat' dir='ltr'><strong>facilem</strong></span> <span class='ocrx_word' id='word_1_219' title='bbox 1191 1999 1275 2037; x_wconf 90' lang='lat' dir='ltr'><strong>fore.</strong></span> 
     </span>
    </p>

    <p class='ocr_par' dir='ltr' id='par_1_4' title="bbox 92 2050 1279 2286">
     <span class='ocr_line' id='line_1_30' title="bbox 134 2050 1278 2114; baseline 0.009 -25"><span class='ocrx_word' id='word_1_220' title='bbox 134 2062 280 2100; x_wconf 67' lang='lat' dir='ltr'><strong>Voluptas</strong></span> <span class='ocrx_word' id='word_1_221' title='bbox 295 2050 332 2088; x_wconf 87' lang='lat' dir='ltr'><strong>Si</strong></span> <span class='ocrx_word' id='word_1_222' title='bbox 352 2061 470 2089; x_wconf 88' lang='lat' dir='ltr'><strong>autem</strong></span> <span class='ocrx_word' id='word_1_223' title='bbox 488 2052 576 2089; x_wconf 86' lang='lat' dir='ltr'><strong>mihi</strong></span> <span class='ocrx_word' id='word_1_224' title='bbox 591 2053 755 2103; x_wconf 81' lang='lat' dir='ltr'><strong>nequitiae</strong></span> <span class='ocrx_word' id='word_1_225' title='bbox 775 2054 995 2106; x_wconf 77' lang='lat' dir='ltr'><strong>voluptatem</strong></span> <span class='ocrx_word' id='word_1_226' title='bbox 1011 2071 1182 2109; x_wconf 78' lang='lat' dir='ltr'><strong>opponas,</strong></span> <span class='ocrx_word' id='word_1_227' title='bbox 1202 2062 1278 2114; x_wconf 84' lang='lat' dir='ltr'><strong>ejus</strong></span> 
     </span>
     <span class='ocr_line' id='line_1_31' title="bbox 92 2104 1279 2171; baseline 0.012 -25"><span class='ocrx_word' id='word_1_228' title='bbox 92 2104 216 2171; x_wconf 42' lang='grc' dir='ltr'><strong>ζῖιῗέἷὲὲ,</strong></span> <span class='ocrx_word' id='word_1_229' title='bbox 251 2107 280 2131; x_wconf 69' lang='lat'><strong>³¹¹</strong></span> <span class='ocrx_word' id='word_1_230' title='bbox 295 2126 432 2163; x_wconf 87' lang='lat' dir='ltr'><strong>quoque</strong></span> <span class='ocrx_word' id='word_1_231' title='bbox 451 2113 559 2151; x_wconf 82' lang='lat' dir='ltr'><strong>finem</strong></span> <span class='ocrx_word' id='word_1_232' title='bbox 584 2113 693 2152; x_wconf 90' lang='lat' dir='ltr'><strong>dicito</strong></span> <span class='ocrx_word' id='word_1_233' title='bbox 717 2132 726 2153; x_wconf 72' lang='grc' dir='ltr'><strong>ε</strong></span> <span class='ocrx_word' id='word_1_234' title='bbox 753 2115 788 2152; x_wconf 89' lang='lat' dir='ltr'><strong>in</strong></span> <span class='ocrx_word' id='word_1_235' title='bbox 810 2126 959 2154; x_wconf 89' lang='lat' dir='ltr'><strong>mortem</strong></span> <span class='ocrx_word' id='word_1_236' title='bbox 982 2118 1074 2155; x_wconf 89' lang='lat' dir='ltr'><strong>enim</strong></span> <span class='ocrx_word' id='word_1_237' title='bbox 1104 2119 1165 2157; x_wconf 85' lang='lat' dir='ltr'><strong>illa</strong></span> <span class='ocrx_word' id='word_1_238' title='bbox 1187 2121 1279 2160; x_wconf 89' lang='lat' dir='ltr'><strong>desi-</strong></span> 
     </span>
     <span class='ocr_line' id='line_1_32' title="bbox 92 2166 1277 2224; baseline 0.009 -14"><span class='ocrx_word' id='word_1_239' title='bbox 92 2186 186 2212; x_wconf 62' lang='lat' dir='ltr'><strong>vimus</strong></span> <span class='ocrx_word' id='word_1_240' title='bbox 232 2166 280 2213; x_wconf 58' lang='lat' dir='ltr'><strong>&#39;in</strong></span> <span class='ocrx_word' id='word_1_241' title='bbox 296 2174 366 2222; x_wconf 69' lang='lat' dir='ltr'><strong>nit,</strong></span> <span class='ocrx_word' id='word_1_242' title='bbox 384 2175 686 2224; x_wconf 81' lang='lat' dir='ltr'><strong>quemadmodum</strong></span> <span class='ocrx_word' id='word_1_243' title='bbox 711 2177 825 2214; x_wconf 66' lang='lat' dir='ltr'><strong>virtus</strong></span> <span class='ocrx_word' id='word_1_244' title='bbox 856 2177 890 2214; x_wconf 91' lang='lat' dir='ltr'><strong>in</strong></span> <span class='ocrx_word' id='word_1_245' title='bbox 914 2178 1024 2216; x_wconf 73' lang='lat' dir='ltr'><strong>vitam</strong></span> <span class='ocrx_word' id='word_1_246' title='bbox 1058 2182 1277 2223; x_wconf 84' lang='lat' dir='ltr'><strong>manuducit.</strong></span> 
     </span>
     <span class='ocr_line' id='line_1_33' title="bbox 93 2228 1279 2286; baseline 0.011 -17"><span class='ocrx_word' id='word_1_247' title='bbox 93 2228 196 2255; x_wconf 43' lang='lat' dir='ltr'>‘flam&#39;</span> <span class='ocrx_word' id='word_1_248' title='bbox 294 2235 386 2282; x_wconf 90' lang='lat' dir='ltr'><strong>Imo,</strong></span> <span class='ocrx_word' id='word_1_249' title='bbox 408 2236 437 2274; x_wconf 87' lang='lat' dir='ltr'><strong>si</strong></span> <span class='ocrx_word' id='word_1_250' title='bbox 458 2236 613 2281; x_wconf 66' lang='lat' dir='ltr'><strong>videtur,</strong></span> <span class='ocrx_word' id='word_1_251' title='bbox 629 2246 816 2286; x_wconf 85' lang='lat' dir='ltr'><strong>utramque</strong></span> <span class='ocrx_word' id='word_1_252' title='bbox 836 2237 939 2274; x_wconf 88' lang='lat' dir='ltr'><strong>etiam</strong></span> <span class='ocrx_word' id='word_1_253' title='bbox 960 2249 1039 2276; x_wconf 77' lang='lat' dir='ltr'><strong>ante</strong></span> <span class='ocrx_word' id='word_1_254' title='bbox 1068 2241 1175 2279; x_wconf 84' lang='lat' dir='ltr'><strong>finem</strong></span> <span class='ocrx_word' id='word_1_255' title='bbox 1196 2258 1279 2282; x_wconf 74' lang='lat' dir='ltr'><strong>exa-</strong></span> 
     </span>
    </p>

    <p class='ocr_par' dir='ltr' id='par_1_5' title="bbox 289 2295 1278 3268">
     <span class='ocr_line' id='line_1_34' title="bbox 295 2295 1278 2348; baseline 0.011 -17"><span class='ocrx_word' id='word_1_256' title='bbox 295 2295 492 2333; x_wconf 82' lang='lat' dir='ltr'><strong>minemus:</strong></span> <span class='ocrx_word' id='word_1_257' title='bbox 533 2296 734 2334; x_wconf 70' lang='lat' dir='ltr'><strong>videbimus</strong></span> <span class='ocrx_word' id='word_1_258' title='bbox 768 2298 863 2334; x_wconf 87' lang='lat' dir='ltr'><strong>enim</strong></span> <span class='ocrx_word' id='word_1_259' title='bbox 896 2299 1090 2348; x_wconf 84' lang='lat' dir='ltr'><strong>nequitiam</strong></span> <span class='ocrx_word' id='word_1_260' title='bbox 1125 2304 1278 2342; x_wconf 89' lang='lat' dir='ltr'><strong>multum</strong></span> 
     </span>
     <span class='ocr_line' id='line_1_35' title="bbox 292 2356 1276 2405; baseline 0.009 -13"><span class='ocrx_word' id='word_1_261' title='bbox 292 2356 425 2393; x_wconf 87' lang='lat' dir='ltr'><strong>doloris</strong></span> <span class='ocrx_word' id='word_1_262' title='bbox 445 2370 563 2393; x_wconf 87' lang='lat' dir='ltr'><strong>secum</strong></span> <span class='ocrx_word' id='word_1_263' title='bbox 576 2357 679 2405; x_wconf 82' lang='lat' dir='ltr'><strong>ferre,</strong></span> <span class='ocrx_word' id='word_1_264' title='bbox 699 2357 868 2395; x_wconf 72' lang='lat' dir='ltr'><strong>virtutem</strong></span> <span class='ocrx_word' id='word_1_265' title='bbox 886 2372 972 2395; x_wconf 60' lang='lat' dir='ltr'><strong>rero</strong></span> <span class='ocrx_word' id='word_1_266' title='bbox 993 2361 1143 2398; x_wconf 85' lang='lat' dir='ltr'><strong>multam</strong></span> <span class='ocrx_word' id='word_1_267' title='bbox 1170 2365 1276 2401; x_wconf 76' lang='lat' dir='ltr'><strong>volu-</strong></span> 
     </span>
     <span class='ocr_line' id='line_1_36' title="bbox 292 2418 1274 2475; baseline 0.008 -21"><span class='ocrx_word' id='word_1_268' title='bbox 292 2426 437 2468; x_wconf 80' lang='lat' dir='ltr'><strong>ptatem,</strong></span> <span class='ocrx_word' id='word_1_269' title='bbox 472 2418 569 2463; x_wconf 89' lang='lat' dir='ltr'><strong>Quid</strong></span> <span class='ocrx_word' id='word_1_270' title='bbox 601 2419 709 2467; x_wconf 74' lang='lat' dir='ltr'><strong>enim,</strong></span> <span class='ocrx_word' id='word_1_271' title='bbox 739 2433 869 2468; x_wconf 74' lang='lat' dir='ltr'><strong>quaeso⁷</strong></span> <span class='ocrx_word' id='word_1_272' title='bbox 895 2420 1134 2459; x_wconf 80' lang='lat' dir='ltr'><strong>miserabilius</strong></span> <span class='ocrx_word' id='word_1_273' title='bbox 1166 2439 1274 2475; x_wconf 79' lang='lat' dir='ltr'><strong>prava</strong></span> 
     </span>
     <span class='ocr_line' id='line_1_37' title="bbox 292 2479 1271 2535; baseline 0.008 -20"><span class='ocrx_word' id='word_1_274' title='bbox 292 2479 530 2516; x_wconf 72' lang='lat' dir='ltr'><strong>conscientia?</strong></span> <span class='ocrx_word' id='word_1_275' title='bbox 562 2479 652 2530; x_wconf 81' lang='lat' dir='ltr'><strong>quid</strong></span> <span class='ocrx_word' id='word_1_276' title='bbox 669 2479 809 2517; x_wconf 88' lang='lat' dir='ltr'><strong>dulcius</strong></span> <span class='ocrx_word' id='word_1_277' title='bbox 828 2480 918 2518; x_wconf 85' lang='lat' dir='ltr'><strong>bona</strong></span> <span class='ocrx_word' id='word_1_278' title='bbox 937 2481 1025 2532; x_wconf 70' lang='lat' dir='ltr'><strong>spe?</strong></span> <span class='ocrx_word' id='word_1_279' title='bbox 1047 2483 1146 2521; x_wconf 82' lang='lat' dir='ltr'><strong>Nihil</strong></span> <span class='ocrx_word' id='word_1_280' title='bbox 1166 2486 1271 2535; x_wconf 79' lang='lat' dir='ltr'><strong>enim,</strong></span> 
     </span>
     <span class='ocr_line' id='line_1_38' title="bbox 292 2539 1272 2597; baseline 0.008 -21"><span class='ocrx_word' id='word_1_281' title='bbox 292 2539 384 2576; x_wconf 85' lang='lat' dir='ltr'><strong>nihil</strong></span> <span class='ocrx_word' id='word_1_282' title='bbox 401 2550 492 2577; x_wconf 85' lang='lat' dir='ltr'><strong>certe</strong></span> <span class='ocrx_word' id='word_1_283' title='bbox 509 2554 570 2577; x_wconf 91' lang='lat' dir='ltr'><strong>nos</strong></span> <span class='ocrx_word' id='word_1_284' title='bbox 590 2541 637 2577; x_wconf 88' lang='lat' dir='ltr'><strong>ita</strong></span> <span class='ocrx_word' id='word_1_285' title='bbox 658 2541 797 2592; x_wconf 81' lang='lat' dir='ltr'><strong>pungit,</strong></span> <span class='ocrx_word' id='word_1_286' title='bbox 829 2550 862 2578; x_wconf 89' lang='lat' dir='ltr'><strong>et</strong></span> <span class='ocrx_word' id='word_1_287' title='bbox 879 2541 1009 2592; x_wconf 89' lang='lat' dir='ltr'><strong>premit</strong></span> <span class='ocrx_word' id='word_1_288' title='bbox 1028 2552 1067 2580; x_wconf 92' lang='lat' dir='ltr'><strong>ut</strong></span> <span class='ocrx_word' id='word_1_289' title='bbox 1088 2556 1272 2597; x_wconf 79' lang='lat' dir='ltr'><strong>exspecta-</strong></span> 
     </span>
     <span class='ocr_line' id='line_1_39' title="bbox 292 2600 1270 2654; baseline 0.008 -18"><span class='ocrx_word' id='word_1_290' title='bbox 292 2600 340 2636; x_wconf 87' lang='lat' dir='ltr'><strong>tio</strong></span> <span class='ocrx_word' id='word_1_291' title='bbox 371 2601 464 2637; x_wconf 90' lang='lat' dir='ltr'><strong>mala</strong></span> <span class='ocrx_word' id='word_1_292' title='bbox 488 2617 494 2636; x_wconf 90' lang='lat'>:</span> <span class='ocrx_word' id='word_1_293' title='bbox 518 2601 610 2638; x_wconf 88' lang='lat' dir='ltr'><strong>nihil</strong></span> <span class='ocrx_word' id='word_1_294' title='bbox 644 2601 693 2638; x_wconf 83' lang='lat' dir='ltr'><strong>ita</strong></span> <span class='ocrx_word' id='word_1_295' title='bbox 733 2615 795 2638; x_wconf 91' lang='lat' dir='ltr'><strong>nos</strong></span> <span class='ocrx_word' id='word_1_296' title='bbox 825 2601 941 2652; x_wconf 78' lang='lat' dir='ltr'><strong>erigit,</strong></span> <span class='ocrx_word' id='word_1_297' title='bbox 964 2616 1003 2639; x_wconf 87' lang='lat' dir='ltr'><strong>ac</strong></span> <span class='ocrx_word' id='word_1_298' title='bbox 1022 2617 1110 2654; x_wconf 88' lang='lat' dir='ltr'><strong>pene</strong></span> <span class='ocrx_word' id='word_1_299' title='bbox 1140 2607 1270 2644; x_wconf 73' lang='lat' dir='ltr'><strong>volati-</strong></span> 
     </span>
     <span class='ocr_line' id='line_1_40' title="bbox 289 2660 1272 2718; baseline 0.009 -21"><span class='ocrx_word' id='word_1_300' title='bbox 289 2660 339 2699; x_wconf 87' lang='lat' dir='ltr'><strong>les</strong></span> <span class='ocrx_word' id='word_1_301' title='bbox 373 2661 503 2705; x_wconf 86' lang='lat' dir='ltr'><strong>reddit,</strong></span> <span class='ocrx_word' id='word_1_302' title='bbox 533 2671 570 2698; x_wconf 89' lang='lat' dir='ltr'><strong>ut</strong></span> <span class='ocrx_word' id='word_1_303' title='bbox 591 2662 801 2699; x_wconf 82' lang='lat' dir='ltr'><strong>conscientia</strong></span> <span class='ocrx_word' id='word_1_304' title='bbox 824 2663 917 2700; x_wconf 90' lang='lat' dir='ltr'><strong>bona</strong></span> <span class='ocrx_word' id='word_1_305' title='bbox 938 2679 945 2698; x_wconf 90' lang='lat'>:</span> <span class='ocrx_word' id='word_1_306' title='bbox 966 2663 1001 2700; x_wconf 91' lang='lat' dir='ltr'><strong>id</strong></span> <span class='ocrx_word' id='word_1_307' title='bbox 1030 2665 1125 2714; x_wconf 88' lang='lat' dir='ltr'><strong>qnod</strong></span> <span class='ocrx_word' id='word_1_308' title='bbox 1151 2680 1195 2704; x_wconf 74' lang='lat' dir='ltr'><strong>ex</strong></span> <span class='ocrx_word' id='word_1_309' title='bbox 1216 2668 1272 2718; x_wconf 82' lang='lat' dir='ltr'><strong>iis,</strong></span> 
     </span>
     <span class='ocr_line' id='line_1_41' title="bbox 291 2723 1272 2780; baseline 0.009 -23"><span class='ocrx_word' id='word_1_310' title='bbox 291 2736 367 2772; x_wconf 78' lang='lat' dir='ltr'><strong>quae</strong></span> <span class='ocrx_word' id='word_1_311' title='bbox 400 2723 499 2773; x_wconf 86' lang='lat' dir='ltr'><strong>apud</strong></span> <span class='ocrx_word' id='word_1_312' title='bbox 521 2736 584 2760; x_wconf 89' lang='lat' dir='ltr'><strong>nos</strong></span> <span class='ocrx_word' id='word_1_313' title='bbox 612 2723 793 2769; x_wconf 70' lang='lat' dir='ltr'><strong>eveniunt,</strong></span> <span class='ocrx_word' id='word_1_314' title='bbox 821 2723 928 2761; x_wconf 87' lang='lat' dir='ltr'><strong>edisci</strong></span> <span class='ocrx_word' id='word_1_315' title='bbox 959 2734 1085 2776; x_wconf 85' lang='lat' dir='ltr'><strong>potest.</strong></span> <span class='ocrx_word' id='word_1_316' title='bbox 1115 2728 1206 2765; x_wconf 84' lang='lat' dir='ltr'><strong>Nam</strong></span> <span class='ocrx_word' id='word_1_317' title='bbox 1234 2730 1272 2780; x_wconf 86' lang='lat' dir='ltr'><strong>ii,</strong></span> 
     </span>
     <span class='ocr_line' id='line_1_42' title="bbox 290 2784 1275 2834; baseline 0.009 -14"><span class='ocrx_word' id='word_1_318' title='bbox 290 2784 406 2834; x_wconf 87' lang='lat' dir='ltr'><strong>quiin</strong></span> <span class='ocrx_word' id='word_1_319' title='bbox 427 2798 563 2821; x_wconf 86' lang='lat' dir='ltr'><strong>earcere</strong></span> <span class='ocrx_word' id='word_1_320' title='bbox 596 2784 705 2821; x_wconf 87' lang='lat' dir='ltr'><strong>clausi</strong></span> <span class='ocrx_word' id='word_1_321' title='bbox 734 2793 909 2832; x_wconf 85' lang='lat' dir='ltr'><strong>tenentur⁷</strong></span> <span class='ocrx_word' id='word_1_322' title='bbox 935 2795 968 2822; x_wconf 89' lang='lat' dir='ltr'><strong>et</strong></span> <span class='ocrx_word' id='word_1_323' title='bbox 997 2787 1203 2826; x_wconf 86' lang='lat' dir='ltr'><strong>sententiam</strong></span> <span class='ocrx_word' id='word_1_324' title='bbox 1238 2805 1275 2829; x_wconf 90' lang='lat' dir='ltr'><strong>se</strong></span> 
     </span>
     <span class='ocr_line' id='line_1_43' title="bbox 289 2845 1274 2897; baseline 0.008 -16"><span class='ocrx_word' id='word_1_325' title='bbox 289 2845 514 2882; x_wconf 84' lang='lat' dir='ltr'><strong>damnantem</strong></span> <span class='ocrx_word' id='word_1_326' title='bbox 547 2854 765 2897; x_wconf 76' lang='lat' dir='ltr'><strong>exspectant,</strong></span> <span class='ocrx_word' id='word_1_327' title='bbox 797 2845 933 2883; x_wconf 83' lang='lat' dir='ltr'><strong>etiamsi</strong></span> <span class='ocrx_word' id='word_1_328' title='bbox 965 2847 1161 2886; x_wconf 85' lang='lat' dir='ltr'><strong>abundanti</strong></span> <span class='ocrx_word' id='word_1_329' title='bbox 1194 2851 1274 2889; x_wconf 90' lang='lat' dir='ltr'><strong>cibo</strong></span> 
     </span>
     <span class='ocr_line' id='line_1_44' title="bbox 289 2909 1275 2965; baseline 0.01 -21"><span class='ocrx_word' id='word_1_330' title='bbox 289 2909 466 2958; x_wconf 72' lang='lat' dir='ltr'><strong>fruantur,</strong></span> <span class='ocrx_word' id='word_1_331' title='bbox 483 2909 645 2946; x_wconf 79' lang='lat' dir='ltr'><strong>miserius</strong></span> <span class='ocrx_word' id='word_1_332' title='bbox 664 2910 803 2955; x_wconf 70' lang='lat' dir='ltr'><strong>vivunt,</strong></span> <span class='ocrx_word' id='word_1_333' title='bbox 822 2925 929 2960; x_wconf 89' lang='lat' dir='ltr'><strong>quam</strong></span> <span class='ocrx_word' id='word_1_334' title='bbox 948 2911 988 2960; x_wconf 77' lang='lat' dir='ltr'><strong>ii,</strong></span> <span class='ocrx_word' id='word_1_335' title='bbox 1005 2913 1065 2962; x_wconf 85' lang='lat' dir='ltr'><strong>qui</strong></span> <span class='ocrx_word' id='word_1_336' title='bbox 1089 2928 1153 2965; x_wconf 88' lang='lat' dir='ltr'><strong>per</strong></span> <span class='ocrx_word' id='word_1_337' title='bbox 1178 2916 1275 2954; x_wconf 76' lang='lat' dir='ltr'><strong>vicos</strong></span> 
     </span>
     <span class='ocr_line' id='line_1_45' title="bbox 289 2969 1273 3028; baseline 0.008 -22"><span class='ocrx_word' id='word_1_338' title='bbox 289 2969 415 3020; x_wconf 85' lang='lat' dir='ltr'><strong>stipem</strong></span> <span class='ocrx_word' id='word_1_339' title='bbox 445 2979 585 3021; x_wconf 82' lang='lat' dir='ltr'><strong>cogunt,</strong></span> <span class='ocrx_word' id='word_1_340' title='bbox 606 2970 738 3007; x_wconf 90' lang='lat' dir='ltr'><strong>nullius</strong></span> <span class='ocrx_word' id='word_1_341' title='bbox 763 2970 830 3006; x_wconf 81' lang='lat' dir='ltr'><strong>sibi</strong></span> <span class='ocrx_word' id='word_1_342' title='bbox 863 2971 948 3007; x_wconf 84' lang='lat' dir='ltr'><strong>mali</strong></span> <span class='ocrx_word' id='word_1_343' title='bbox 975 2973 1105 3010; x_wconf 89' lang='lat' dir='ltr'><strong>conscii</strong></span> <span class='ocrx_word' id='word_1_344' title='bbox 1124 2990 1131 3009; x_wconf 91' lang='lat'>:</span> <span class='ocrx_word' id='word_1_345' title='bbox 1149 2989 1273 3028; x_wconf 74' lang='lat' dir='ltr'><strong>exspe-</strong></span> 
     </span>
     <span class='ocr_line' id='line_1_46' title="bbox 290 3031 1273 3086; baseline 0.007 -19"><span class='ocrx_word' id='word_1_346' title='bbox 290 3031 394 3067; x_wconf 85' lang='lat' dir='ltr'><strong>ctatio</strong></span> <span class='ocrx_word' id='word_1_347' title='bbox 405 3045 554 3082; x_wconf 87' lang='lat' dir='ltr'><strong>namque</strong></span> <span class='ocrx_word' id='word_1_348' title='bbox 573 3031 746 3068; x_wconf 89' lang='lat' dir='ltr'><strong>malorum</strong></span> <span class='ocrx_word' id='word_1_349' title='bbox 770 3045 838 3068; x_wconf 89' lang='lat' dir='ltr'><strong>non</strong></span> <span class='ocrx_word' id='word_1_350' title='bbox 862 3032 945 3069; x_wconf 87' lang='lat' dir='ltr'><strong>sinit</strong></span> <span class='ocrx_word' id='word_1_351' title='bbox 964 3047 1021 3070; x_wconf 88' lang='lat' dir='ltr'><strong>eos</strong></span> <span class='ocrx_word' id='word_1_352' title='bbox 1041 3034 1273 3086; x_wconf 74' lang='lat' dir='ltr'><strong>voluptatem,</strong></span> 
     </span>
     <span class='ocr_line' id='line_1_47' title="bbox 289 3092 1274 3147; baseline 0.008 -20"><span class='ocrx_word' id='word_1_353' title='bbox 289 3106 395 3142; x_wconf 83' lang='lat' dir='ltr'><strong>quam</strong></span> <span class='ocrx_word' id='word_1_354' title='bbox 426 3106 497 3143; x_wconf 87' lang='lat' dir='ltr'><strong>prae</strong></span> <span class='ocrx_word' id='word_1_355' title='bbox 528 3092 691 3129; x_wconf 88' lang='lat' dir='ltr'><strong>manibus</strong></span> <span class='ocrx_word' id='word_1_356' title='bbox 728 3092 872 3138; x_wconf 84' lang='lat' dir='ltr'><strong>habent,</strong></span> <span class='ocrx_word' id='word_1_357' title='bbox 896 3093 1094 3131; x_wconf 77' lang='lat' dir='ltr'><strong>advertere.</strong></span> <span class='ocrx_word' id='word_1_358' title='bbox 1131 3096 1274 3147; x_wconf 80' lang='lat' dir='ltr'><strong>Ecquid</strong></span> 
     </span>
     <span class='ocr_line' id='line_1_48' title="bbox 290 3156 1274 3209; baseline 0.006 -16"><span class='ocrx_word' id='word_1_359' title='bbox 290 3156 335 3193; x_wconf 91' lang='lat' dir='ltr'><strong>de</strong></span> <span class='ocrx_word' id='word_1_360' title='bbox 363 3157 493 3194; x_wconf 66' lang='lat' dir='ltr'><strong>vinctis</strong></span> <span class='ocrx_word' id='word_1_361' title='bbox 510 3157 665 3207; x_wconf 73' lang='lat' dir='ltr'><strong>loquor?</strong></span> <span class='ocrx_word' id='word_1_362' title='bbox 681 3156 730 3194; x_wconf 88' lang='lat' dir='ltr'><strong>Iis</strong></span> <span class='ocrx_word' id='word_1_363' title='bbox 751 3159 812 3207; x_wconf 91' lang='lat' dir='ltr'><strong>qui</strong></span> <span class='ocrx_word' id='word_1_364' title='bbox 842 3157 947 3195; x_wconf 83' lang='lat' dir='ltr'><strong>liberi</strong></span> <span class='ocrx_word' id='word_1_365' title='bbox 967 3167 1048 3195; x_wconf 90' lang='lat' dir='ltr'><strong>sunt</strong></span> <span class='ocrx_word' id='word_1_366' title='bbox 1068 3168 1100 3196; x_wconf 86' lang='lat' dir='ltr'><strong>et</strong></span> <span class='ocrx_word' id='word_1_367' title='bbox 1127 3158 1274 3209; x_wconf 70' lang='lat' dir='ltr'><strong>divites,</strong></span> 
     </span>
     <span class='ocr_line' id='line_1_49' title="bbox 290 3217 1274 3268; baseline 0.008 -17"><span class='ocrx_word' id='word_1_368' title='bbox 290 3218 464 3256; x_wconf 82' lang='lat' dir='ltr'><strong>malorum</strong></span> <span class='ocrx_word' id='word_1_369' title='bbox 491 3227 608 3255; x_wconf 91' lang='lat' dir='ltr'><strong>tamen</strong></span> <span class='ocrx_word' id='word_1_370' title='bbox 639 3218 784 3268; x_wconf 79' lang='lat' dir='ltr'><strong>conscii,</strong></span> <span class='ocrx_word' id='word_1_371' title='bbox 806 3217 952 3255; x_wconf 84' lang='lat' dir='ltr'><strong>meliore</strong></span> <span class='ocrx_word' id='word_1_372' title='bbox 971 3219 1169 3257; x_wconf 85' lang='lat' dir='ltr'><strong>conditione</strong></span> <span class='ocrx_word' id='word_1_373' title='bbox 1193 3230 1274 3259; x_wconf 87' lang='lat' dir='ltr'><strong>sunt</strong></span> 
     </span>
    </p>
   </div>
   <div class='ocr_carea' id='block_1_3' title="bbox 335 3357 1291 3402">
    <p class='ocr_par' dir='ltr' id='par_1_6' title="bbox 335 3357 1291 3402">
     <span class='ocr_line' id='line_1_50' title="bbox 335 3357 1291 3402; baseline 0.004 -12"><span class='ocrx_word' id='word_1_374' title='bbox 335 3359 351 3381; x_wconf 71' lang='lat'><strong>¹²</strong></span> <span class='ocrx_word' id='word_1_375' title='bbox 375 3359 553 3400; x_wconf 63' lang='grc' dir='ltr'>[ῧιίάξομεν</span> <span class='ocrx_word' id='word_1_376' title='bbox 580 3360 618 3392; x_wconf 76' lang='grc' dir='ltr'><strong>Α,</strong></span> <span class='ocrx_word' id='word_1_377' title='bbox 638 3371 724 3392; x_wconf 83' lang='lat' dir='ltr'><strong>corr.</strong></span> <span class='ocrx_word' id='word_1_378' title='bbox 743 3357 777 3391; x_wconf 91' lang='lat' dir='ltr'><strong>id</strong></span> <span class='ocrx_word' id='word_1_379' title='bbox 800 3357 889 3401; x_wconf 82' lang='lat' dir='ltr'><strong>quod</strong></span> <span class='ocrx_word' id='word_1_380' title='bbox 916 3360 1056 3402; x_wconf 86' lang='lat' dir='ltr'><strong>conjecit</strong></span> <span class='ocrx_word' id='word_1_381' title='bbox 1080 3360 1180 3395; x_wconf 71' lang='lat' dir='ltr'><strong>Savil.</strong></span> <span class='ocrx_word' id='word_1_382' title='bbox 1201 3361 1291 3394; x_wconf 79' lang='lat' dir='ltr'><strong>Editi</strong></span> 
     </span>
    </p>
   </div>
   <div class='ocr_carea' id='block_1_4' title="bbox 289 3409 477 3453">
    <p class='ocr_par' dir='ltr' id='par_1_7' title="bbox 289 3409 477 3453">
     <span class='ocr_line' id='line_1_51' title="bbox 289 3409 477 3453; baseline -0.005 -10"><span class='ocrx_word' id='word_1_383' title='bbox 289 3409 477 3453; x_wconf 38' lang='lat' dir='ltr'><strong>mamaea]</strong></span> 
     </span>
    </p>
   </div>
   <div class='ocr_carea' id='block_1_5' title="bbox 1357 348 2380 647">
    <p class='ocr_par' dir='ltr' id='par_1_8' title="bbox 1357 348 2380 647">
     <span class='ocr_line' id='line_1_52' title="bbox 1361 348 2380 404; baseline 0.006 -19"><span class='ocrx_word' id='word_1_384' title='bbox 1361 348 1604 399; x_wconf 80' lang='grc' dir='ltr'>ἕπιγινομένην</span> <span class='ocrx_word' id='word_1_385' title='bbox 1623 365 1660 386; x_wconf 91' lang='grc' dir='ltr'><strong>τε</strong></span> <span class='ocrx_word' id='word_1_386' title='bbox 1677 351 1737 388; x_wconf 82' lang='grc' dir='ltr'><strong>καὶ</strong></span> <span class='ocrx_word' id='word_1_387' title='bbox 1756 351 2009 402; x_wconf 83' lang='grc' dir='ltr'>ἀπογινομένην</span> <span class='ocrx_word' id='word_1_388' title='bbox 2034 352 2108 398; x_wconf 81' lang='grc' dir='ltr'>ἀεὶ,</span> <span class='ocrx_word' id='word_1_389' title='bbox 2133 351 2191 389; x_wconf 81' lang='grc' dir='ltr'><strong>καὶ</strong></span> <span class='ocrx_word' id='word_1_390' title='bbox 2209 352 2287 389; x_wconf 83' lang='grc' dir='ltr'>οὔτε</span> <span class='ocrx_word' id='word_1_391' title='bbox 2313 354 2380 404; x_wconf 85' lang='grc' dir='ltr'>πρὸ</span> 
     </span>
     <span class='ocr_line' id='line_1_53' title="bbox 1358 404 2380 465; baseline 0.004 -19"><span class='ocrx_word' id='word_1_392' title='bbox 1358 414 1417 447; x_wconf 85' lang='grc' dir='ltr'><strong>τοῦ</strong></span> <span class='ocrx_word' id='word_1_393' title='bbox 1436 409 1594 460; x_wconf 80' lang='grc' dir='ltr'>γενέσθαι</span> <span class='ocrx_word' id='word_1_394' title='bbox 1610 404 1729 460; x_wconf 59' lang='grc' dir='ltr'>οὖσαν,</span> <span class='ocrx_word' id='word_1_395' title='bbox 1751 411 1810 449; x_wconf 82' lang='grc' dir='ltr'><strong>καὶ</strong></span> <span class='ocrx_word' id='word_1_396' title='bbox 1831 411 1920 462; x_wconf 83' lang='grc' dir='ltr'>μετὰ</span> <span class='ocrx_word' id='word_1_397' title='bbox 1936 413 1973 450; x_wconf 85' lang='grc' dir='ltr'><strong>τὸ</strong></span> <span class='ocrx_word' id='word_1_398' title='bbox 1989 413 2146 464; x_wconf 81' lang='grc' dir='ltr'>γενέσθαι</span> <span class='ocrx_word' id='word_1_399' title='bbox 2166 413 2270 450; x_wconf 80' lang='grc' dir='ltr'>πάλιν</span> <span class='ocrx_word' id='word_1_400' title='bbox 2293 415 2380 465; x_wconf 72' lang='grc' dir='ltr'>ἀφα-</span> 
     </span>
     <span class='ocr_line' id='line_1_54' title="bbox 1357 470 2377 522; baseline 0.004 -16"><span class='ocrx_word' id='word_1_401' title='bbox 1357 471 1551 520; x_wconf 78' lang='grc' dir='ltr'>νιζομένην.</span> <span class='ocrx_word' id='word_1_402' title='bbox 1571 470 1638 508; x_wconf 80' lang='grc' dir='ltr'>Διὰ</span> <span class='ocrx_word' id='word_1_403' title='bbox 1660 470 1727 521; x_wconf 80' lang='grc' dir='ltr'><strong>γὰρ</strong></span> <span class='ocrx_word' id='word_1_404' title='bbox 1755 477 1854 509; x_wconf 82' lang='grc' dir='ltr'>τοῦτο</span> <span class='ocrx_word' id='word_1_405' title='bbox 1881 472 1940 510; x_wconf 83' lang='grc' dir='ltr'><strong>καὶ</strong></span> <span class='ocrx_word' id='word_1_406' title='bbox 1958 473 2060 522; x_wconf 87' lang='grc' dir='ltr'>νόμος</span> <span class='ocrx_word' id='word_1_407' title='bbox 2082 472 2180 519; x_wconf 68' lang='grc' dir='ltr'>ἐδόθη</span> <span class='ocrx_word' id='word_1_408' title='bbox 2196 488 2203 495; x_wconf 91' lang='grc'>·</span> <span class='ocrx_word' id='word_1_409' title='bbox 2224 473 2325 522; x_wconf 87' lang='grc' dir='ltr'>νόμος</span> <span class='ocrx_word' id='word_1_410' title='bbox 2344 473 2377 510; x_wconf 80' lang='grc' dir='ltr'><strong>δὲ</strong></span> 
     </span>
     <span class='ocr_line' id='line_1_55' title="bbox 1357 531 2378 584; baseline 0.003 -15"><span class='ocrx_word' id='word_1_411' title='bbox 1357 531 1519 569; x_wconf 79' lang='grc' dir='ltr'>οὐδέποτε</span> <span class='ocrx_word' id='word_1_412' title='bbox 1536 534 1590 570; x_wconf 84' lang='grc' dir='ltr'><strong>ἐπ’</strong></span> <span class='ocrx_word' id='word_1_413' title='bbox 1606 531 1781 584; x_wconf 81' lang='grc' dir='ltr'>ἀναιρέσει</span> <span class='ocrx_word' id='word_1_414' title='bbox 1802 536 1870 570; x_wconf 86' lang='grc' dir='ltr'><strong>τῶν</strong></span> <span class='ocrx_word' id='word_1_415' title='bbox 1891 537 2042 584; x_wconf 77' lang='grc' dir='ltr'>φυσικῶν</span> <span class='ocrx_word' id='word_1_416' title='bbox 2059 534 2208 581; x_wconf 82' lang='grc' dir='ltr'>δίδοται,</span> <span class='ocrx_word' id='word_1_417' title='bbox 2225 535 2301 571; x_wconf 85' lang='grc' dir='ltr'>ἀλλ’</span> <span class='ocrx_word' id='word_1_418' title='bbox 2321 535 2378 572; x_wconf 81' lang='grc' dir='ltr'><strong>ἐπὶ</strong></span> 
     </span>
     <span class='ocr_line' id='line_1_56' title="bbox 1358 593 2304 647; baseline 0.003 -17"><span class='ocrx_word' id='word_1_419' title='bbox 1358 593 1536 646; x_wconf 76' lang='grc' dir='ltr'>διορθώσει</span> <span class='ocrx_word' id='word_1_420' title='bbox 1551 597 1614 641; x_wconf 69' lang='grc' dir='ltr'><strong>τῆς</strong></span> <span class='ocrx_word' id='word_1_421' title='bbox 1632 593 1723 632; x_wconf 86' lang='grc' dir='ltr'>κατὰ</span> <span class='ocrx_word' id='word_1_422' title='bbox 1740 594 1941 647; x_wconf 87' lang='grc' dir='ltr'>προαίρεσιν</span> <span class='ocrx_word' id='word_1_423' title='bbox 1961 602 2114 647; x_wconf 79' lang='grc' dir='ltr'>πονηρᾶς</span> <span class='ocrx_word' id='word_1_424' title='bbox 2135 594 2304 647; x_wconf 79' lang='grc' dir='ltr'>πράξεως.</span> 
     </span>
    </p>
   </div>
   <div class='ocr_carea' id='block_1_6' title="bbox 1344 961 2375 1807">
    <p class='ocr_par' dir='ltr' id='par_1_9' title="bbox 1344 961 2375 1807">
     <span class='ocr_line' id='line_1_57' title="bbox 1405 961 2373 1012; baseline 0 -12"><span class='ocrx_word' id='word_1_425' title='bbox 1405 962 1475 1000; x_wconf 73' lang='grc' dir='ltr'><strong>Καὶ</strong></span> <span class='ocrx_word' id='word_1_426' title='bbox 1494 967 1593 1001; x_wconf 52' lang='grc' dir='ltr'>τοῦτο</span> <span class='ocrx_word' id='word_1_427' title='bbox 1611 962 1670 1001; x_wconf 73' lang='grc' dir='ltr'><strong>καὶ</strong></span> <span class='ocrx_word' id='word_1_428' title='bbox 1686 963 1717 1000; x_wconf 78' lang='grc' dir='ltr'><strong>οἳ</strong></span> <span class='ocrx_word' id='word_1_429' title='bbox 1734 961 1854 1006; x_wconf 78' lang='grc' dir='ltr'>ἔξωθεν</span> <span class='ocrx_word' id='word_1_430' title='bbox 1873 962 1969 1001; x_wconf 85' lang='grc' dir='ltr'>ἴσασι</span> <span class='ocrx_word' id='word_1_431' title='bbox 1988 963 2183 1012; x_wconf 78' lang='grc' dir='ltr'>νομοθέται,</span> <span class='ocrx_word' id='word_1_432' title='bbox 2200 963 2258 1000; x_wconf 76' lang='grc' dir='ltr'><strong>καὶ</strong></span> <span class='ocrx_word' id='word_1_433' title='bbox 2277 970 2373 1001; x_wconf 81' lang='grc' dir='ltr'>πᾶσα</span> 
     </span>
     <span class='ocr_line' id='line_1_58' title="bbox 1353 1023 2372 1077; baseline 0.002 -17"><span class='ocrx_word' id='word_1_434' title='bbox 1353 1026 1462 1068; x_wconf 74' lang='grc' dir='ltr'>ἡτῶν</span> <span class='ocrx_word' id='word_1_435' title='bbox 1483 1024 1671 1077; x_wconf 79' lang='grc' dir='ltr'>ἀνθρώπων</span> <span class='ocrx_word' id='word_1_436' title='bbox 1700 1023 1811 1074; x_wconf 68' lang='grc' dir='ltr'>φύσις.</span> <span class='ocrx_word' id='word_1_437' title='bbox 1843 1023 1900 1062; x_wconf 74' lang='grc' dir='ltr'><strong>Τὰ</strong></span> <span class='ocrx_word' id='word_1_438' title='bbox 1926 1024 1994 1077; x_wconf 74' lang='grc' dir='ltr'><strong>γὰρ</strong></span> <span class='ocrx_word' id='word_1_439' title='bbox 2023 1025 2061 1061; x_wconf 78' lang='grc' dir='ltr'><strong>ἐκ</strong></span> <span class='ocrx_word' id='word_1_440' title='bbox 2090 1023 2257 1076; x_wconf 76' lang='grc' dir='ltr'>ῥᾳθυμίας</span> <span class='ocrx_word' id='word_1_441' title='bbox 2275 1024 2372 1075; x_wconf 78' lang='grc' dir='ltr'>γινό-</span> 
     </span>
     <span class='ocr_line' id='line_1_59' title="bbox 1355 1083 2370 1135; baseline 0 -14"><span class='ocrx_word' id='word_1_442' title='bbox 1355 1101 1440 1135; x_wconf 82' lang='grc' dir='ltr'>μενα</span> <span class='ocrx_word' id='word_1_443' title='bbox 1461 1083 1551 1121; x_wconf 76' lang='grc' dir='ltr'>κακὰ</span> <span class='ocrx_word' id='word_1_444' title='bbox 1569 1084 1815 1122; x_wconf 84' lang='grc' dir='ltr'>ἀναστέλλουσι</span> <span class='ocrx_word' id='word_1_445' title='bbox 1837 1085 1956 1134; x_wconf 89' lang='grc' dir='ltr'>μόνον,</span> <span class='ocrx_word' id='word_1_446' title='bbox 1977 1085 2014 1121; x_wconf 74' lang='grc' dir='ltr'><strong>οὗ</strong></span> <span class='ocrx_word' id='word_1_447' title='bbox 2037 1084 2078 1122; x_wconf 78' lang='grc' dir='ltr'><strong>τὰ</strong></span> <span class='ocrx_word' id='word_1_448' title='bbox 2098 1088 2140 1135; x_wconf 70' lang='grc' dir='ltr'><strong>τῇ</strong></span> <span class='ocrx_word' id='word_1_449' title='bbox 2164 1083 2262 1135; x_wconf 65' lang='grc' dir='ltr'>φύσει</span> <span class='ocrx_word' id='word_1_450' title='bbox 2290 1099 2370 1132; x_wconf 79' lang='grc' dir='ltr'>συγ-</span> 
     </span>
     <span class='ocr_line' id='line_1_60' title="bbox 1353 1144 2372 1197; baseline -0.002 -14"><span class='ocrx_word' id='word_1_451' title='bbox 1353 1144 1603 1197; x_wconf 78' lang='grc' dir='ltr'>κεκληρωμένα</span> <span class='ocrx_word' id='word_1_452' title='bbox 1639 1145 1909 1195; x_wconf 66' lang='grc' dir='ltr'>ἐπαγγέλλονται</span> <span class='ocrx_word' id='word_1_453' title='bbox 1943 1146 2120 1183; x_wconf 79' lang='grc' dir='ltr'>ἐκκόπτειν</span> <span class='ocrx_word' id='word_1_454' title='bbox 2154 1160 2161 1167; x_wconf 93' lang='grc'>·</span> <span class='ocrx_word' id='word_1_455' title='bbox 2197 1144 2273 1183; x_wconf 74' lang='grc' dir='ltr'>οὐδὲ</span> <span class='ocrx_word' id='word_1_456' title='bbox 2304 1144 2372 1195; x_wconf 73' lang='grc' dir='ltr'><strong>γὰρ</strong></span> 
     </span>
     <span class='ocr_line' id='line_1_61' title="bbox 1354 1206 2372 1259; baseline 0.002 -16"><span class='ocrx_word' id='word_1_457' title='bbox 1354 1207 1508 1243; x_wconf 83' lang='grc' dir='ltr'>δυνατόν.</span> <span class='ocrx_word' id='word_1_458' title='bbox 1536 1206 1592 1244; x_wconf 79' lang='grc' dir='ltr'><strong>Τὰ</strong></span> <span class='ocrx_word' id='word_1_459' title='bbox 1617 1206 1684 1257; x_wconf 73' lang='grc' dir='ltr'><strong>γὰρ</strong></span> <span class='ocrx_word' id='word_1_460' title='bbox 1702 1211 1763 1253; x_wconf 75' lang='grc' dir='ltr'>τ’ἧς</span> <span class='ocrx_word' id='word_1_461' title='bbox 1785 1207 1915 1259; x_wconf 63' lang='grc' dir='ltr'>φύσεως</span> <span class='ocrx_word' id='word_1_462' title='bbox 1935 1207 2081 1253; x_wconf 69' lang='grc' dir='ltr'>ἀκίνητα</span> <span class='ocrx_word' id='word_1_463' title='bbox 2107 1206 2222 1258; x_wconf 78' lang='grc' dir='ltr'>μένει,</span> <span class='ocrx_word' id='word_1_464' title='bbox 2242 1208 2259 1245; x_wconf 79' lang='grc' dir='ltr'>ὃ</span> <span class='ocrx_word' id='word_1_465' title='bbox 2282 1210 2372 1245; x_wconf 81' lang='grc' dir='ltr'>πολ-</span> 
     </span>
     <span class='ocr_line' id='line_1_62' title="bbox 1353 1267 2374 1321; baseline 0 -16"><span class='ocrx_word' id='word_1_466' title='bbox 1353 1268 1452 1310; x_wconf 75' lang='grc' dir='ltr'>λάκις</span> <span class='ocrx_word' id='word_1_467' title='bbox 1470 1267 1553 1319; x_wconf 77' lang='grc' dir='ltr'>πρὸς</span> <span class='ocrx_word' id='word_1_468' title='bbox 1571 1271 1660 1318; x_wconf 72' lang='grc' dir='ltr'>ὑμᾶς</span> <span class='ocrx_word' id='word_1_469' title='bbox 1675 1268 1734 1306; x_wconf 81' lang='grc' dir='ltr'><strong>καὶ</strong></span> <span class='ocrx_word' id='word_1_470' title='bbox 1750 1270 1784 1305; x_wconf 80' lang='grc' dir='ltr'><strong>ἐν</strong></span> <span class='ocrx_word' id='word_1_471' title='bbox 1799 1269 1931 1321; x_wconf 79' lang='grc' dir='ltr'>ἑτέραις</span> <span class='ocrx_word' id='word_1_472' title='bbox 1947 1269 2071 1320; x_wconf 78' lang='grc' dir='ltr'>εἴρηκα</span> <span class='ocrx_word' id='word_1_473' title='bbox 2092 1268 2272 1311; x_wconf 80' lang='grc' dir='ltr'>διαλέξεσι.</span> <span class='ocrx_word' id='word_1_474' title='bbox 2294 1269 2374 1306; x_wconf 79' lang='grc' dir='ltr'>Διό-</span> 
     </span>
     <span class='ocr_line' id='line_1_63' title="bbox 1353 1329 2372 1381; baseline 0.001 -15"><span class='ocrx_word' id='word_1_475' title='bbox 1353 1345 1418 1380; x_wconf 90' lang='grc' dir='ltr'><strong>περ</strong></span> <span class='ocrx_word' id='word_1_476' title='bbox 1438 1329 1516 1371; x_wconf 73' lang='grc' dir='ltr'>τοὺς</span> <span class='ocrx_word' id='word_1_477' title='bbox 1537 1332 1672 1380; x_wconf 84' lang='grc' dir='ltr'>ἀγῶνας</span> <span class='ocrx_word' id='word_1_478' title='bbox 1697 1329 1838 1372; x_wconf 77' lang='grc' dir='ltr'>τούτους</span> <span class='ocrx_word' id='word_1_479' title='bbox 1867 1330 2027 1381; x_wconf 61' lang='grc' dir='ltr'>ἀφέντες,</span> <span class='ocrx_word' id='word_1_480' title='bbox 2046 1329 2104 1367; x_wconf 83' lang='grc' dir='ltr'><strong>τὸν</strong></span> <span class='ocrx_word' id='word_1_481' title='bbox 2128 1330 2246 1374; x_wconf 70' lang='grc' dir='ltr'>ἠθικὸν</span> <span class='ocrx_word' id='word_1_482' title='bbox 2266 1331 2372 1368; x_wconf 76' lang='grc' dir='ltr'>πάλιν</span> 
     </span>
     <span class='ocr_line' id='line_1_64' title="bbox 1353 1390 2373 1442; baseline 0.002 -16"><span class='ocrx_word' id='word_1_483' title='bbox 1353 1391 1586 1440; x_wconf 77' lang='grc' dir='ltr'>γυμνοίσωμεν</span> <span class='ocrx_word' id='word_1_484' title='bbox 1610 1390 1710 1441; x_wconf 87' lang='grc' dir='ltr'>λόγον</span> <span class='ocrx_word' id='word_1_485' title='bbox 1728 1406 1735 1413; x_wconf 90' lang='grc'><em>·</em></span> <span class='ocrx_word' id='word_1_486' title='bbox 1758 1393 1888 1440; x_wconf 77' lang='grc' dir='ltr'>μᾶλλον</span> <span class='ocrx_word' id='word_1_487' title='bbox 1920 1391 1955 1428; x_wconf 79' lang='grc' dir='ltr'><strong>δὲ</strong></span> <span class='ocrx_word' id='word_1_488' title='bbox 1982 1390 2041 1427; x_wconf 78' lang='grc' dir='ltr'><strong>καὶ</strong></span> <span class='ocrx_word' id='word_1_489' title='bbox 2074 1396 2173 1428; x_wconf 82' lang='grc' dir='ltr'>τοῦτο</span> <span class='ocrx_word' id='word_1_490' title='bbox 2200 1390 2239 1426; x_wconf 79' lang='grc' dir='ltr'><strong>τὸ</strong></span> <span class='ocrx_word' id='word_1_491' title='bbox 2271 1390 2373 1442; x_wconf 82' lang='grc' dir='ltr'>μέρος</span> 
     </span>
     <span class='ocr_line' id='line_1_65' title="bbox 1352 1448 2373 1501; baseline 0 -13"><span class='ocrx_word' id='word_1_492' title='bbox 1352 1454 1420 1488; x_wconf 86' lang='grc' dir='ltr'><strong>τῶν</strong></span> <span class='ocrx_word' id='word_1_493' title='bbox 1444 1450 1586 1500; x_wconf 82' lang='grc' dir='ltr'>ἀγώνων</span> <span class='ocrx_word' id='word_1_494' title='bbox 1606 1450 1743 1487; x_wconf 81' lang='grc' dir='ltr'>ἐκείνων</span> <span class='ocrx_word' id='word_1_495' title='bbox 1765 1450 1870 1488; x_wconf 85' lang='grc' dir='ltr'>ἐστίν.</span> <span class='ocrx_word' id='word_1_496' title='bbox 1885 1448 1944 1487; x_wconf 80' lang='grc' dir='ltr'><strong>Ἂν</strong></span> <span class='ocrx_word' id='word_1_497' title='bbox 1962 1449 2028 1501; x_wconf 75' lang='grc' dir='ltr'><strong>γὰρ</strong></span> <span class='ocrx_word' id='word_1_498' title='bbox 2045 1450 2170 1488; x_wconf 81' lang='grc' dir='ltr'>κακίαν</span> <span class='ocrx_word' id='word_1_499' title='bbox 2194 1450 2373 1488; x_wconf 60' lang='lat' dir='ltr'><strong>{necimm-</strong></span> 
     </span>
     <span class='ocr_line' id='line_1_66' title="bbox 1355 1510 2375 1564; baseline 0.001 -15"><span class='ocrx_word' id='word_1_500' title='bbox 1355 1528 1429 1561; x_wconf 91' lang='grc' dir='ltr'>μεν,</span> <span class='ocrx_word' id='word_1_501' title='bbox 1450 1511 1508 1548; x_wconf 79' lang='grc' dir='ltr'><strong>καὶ</strong></span> <span class='ocrx_word' id='word_1_502' title='bbox 1526 1510 1650 1562; x_wconf 72' lang='grc' dir='ltr'>ἀρετῆν</span> <span class='ocrx_word' id='word_1_503' title='bbox 1673 1511 1913 1562; x_wconf 74' lang='grc' dir='ltr'>εἰσαγάγωμεν</span> <span class='ocrx_word' id='word_1_504' title='bbox 1932 1527 1939 1534; x_wconf 88' lang='grc'><em>·</em></span> <span class='ocrx_word' id='word_1_505' title='bbox 1959 1512 2018 1549; x_wconf 77' lang='grc' dir='ltr'><strong>καὶ</strong></span> <span class='ocrx_word' id='word_1_506' title='bbox 2036 1512 2091 1549; x_wconf 75' lang='grc' dir='ltr'>διὰ</span> <span class='ocrx_word' id='word_1_507' title='bbox 2107 1512 2236 1550; x_wconf 74' lang='grc' dir='ltr'>τούτων</span> <span class='ocrx_word' id='word_1_508' title='bbox 2258 1515 2375 1564; x_wconf 69' lang='grc' dir='ltr'>σαφῶς</span> 
     </span>
     <span class='ocr_line' id='line_1_67' title="bbox 1344 1572 2375 1625; baseline 0.002 -16"><span class='ocrx_word' id='word_1_509' title='bbox 1344 1572 1359 1592; x_wconf 68' lang='lat' dir='ltr'><strong>b</strong></span> <span class='ocrx_word' id='word_1_510' title='bbox 1383 1572 1563 1622; x_wconf 70' lang='grc' dir='ltr'>διδάξομεν</span> <span class='ocrx_word' id='word_1_511' title='bbox 1576 1603 1584 1619; x_wconf 91' lang='grc'>,</span> <span class='ocrx_word' id='word_1_512' title='bbox 1608 1572 1659 1609; x_wconf 78' lang='grc' dir='ltr'><strong>ὃτι</strong></span> <span class='ocrx_word' id='word_1_513' title='bbox 1679 1573 1716 1610; x_wconf 70' lang='grc' dir='ltr'><strong>οὗ</strong></span> <span class='ocrx_word' id='word_1_514' title='bbox 1740 1572 1840 1624; x_wconf 71' lang='grc' dir='ltr'>φύσει</span> <span class='ocrx_word' id='word_1_515' title='bbox 1859 1573 2008 1625; x_wconf 78' lang='grc' dir='ltr'>πονηρὸν</span> <span class='ocrx_word' id='word_1_516' title='bbox 2023 1576 2044 1618; x_wconf 78' lang='grc' dir='ltr'>ἡ</span> <span class='ocrx_word' id='word_1_517' title='bbox 2073 1572 2178 1610; x_wconf 83' lang='grc' dir='ltr'>κακία</span> <span class='ocrx_word' id='word_1_518' title='bbox 2191 1604 2201 1621; x_wconf 90' lang='grc'>,</span> <span class='ocrx_word' id='word_1_519' title='bbox 2221 1573 2279 1611; x_wconf 75' lang='grc' dir='ltr'><strong>καὶ</strong></span> <span class='ocrx_word' id='word_1_520' title='bbox 2297 1572 2375 1616; x_wconf 73' lang='grc' dir='ltr'>τοὺς</span> 
     </span>
     <span class='ocr_line' id='line_1_68' title="bbox 1353 1633 2374 1684; baseline 0.001 -14"><span class='ocrx_word' id='word_1_521' title='bbox 1353 1636 1540 1679; x_wconf 76' lang='grc' dir='ltr'>ζητοῦντας</span> <span class='ocrx_word' id='word_1_522' title='bbox 1558 1633 1660 1670; x_wconf 81' lang='grc' dir='ltr'>πόθεν</span> <span class='ocrx_word' id='word_1_523' title='bbox 1678 1633 1722 1671; x_wconf 77' lang='grc' dir='ltr'><strong>τὰ</strong></span> <span class='ocrx_word' id='word_1_524' title='bbox 1739 1633 1845 1681; x_wconf 77' lang='grc' dir='ltr'>κακὰ,</span> <span class='ocrx_word' id='word_1_525' title='bbox 1865 1636 1926 1671; x_wconf 77' lang='grc' dir='ltr'><strong>οὐκ</strong></span> <span class='ocrx_word' id='word_1_526' title='bbox 1941 1633 2009 1671; x_wconf 76' lang='grc' dir='ltr'>ἀπὸ</span> <span class='ocrx_word' id='word_1_527' title='bbox 2026 1633 2138 1684; x_wconf 87' lang='grc' dir='ltr'>λόγων</span> <span class='ocrx_word' id='word_1_528' title='bbox 2154 1634 2268 1683; x_wconf 84' lang='grc' dir='ltr'>μόνον,</span> <span class='ocrx_word' id='word_1_529' title='bbox 2285 1633 2374 1671; x_wconf 79' lang='grc' dir='ltr'>ἀλλὰ</span> 
     </span>
     <span class='ocr_line' id='line_1_69' title="bbox 1351 1694 2374 1747; baseline 0 -15"><span class='ocrx_word' id='word_1_530' title='bbox 1351 1694 1411 1732; x_wconf 82' lang='grc' dir='ltr'><strong>καὶ</strong></span> <span class='ocrx_word' id='word_1_531' title='bbox 1431 1695 1500 1733; x_wconf 77' lang='grc' dir='ltr'>ἀπὸ</span> <span class='ocrx_word' id='word_1_532' title='bbox 1520 1696 1588 1732; x_wconf 85' lang='grc' dir='ltr'><strong>τῶν</strong></span> <span class='ocrx_word' id='word_1_533' title='bbox 1616 1694 1832 1747; x_wconf 77' lang='grc' dir='ltr'>πραγμάτων</span> <span class='ocrx_word' id='word_1_534' title='bbox 1852 1695 2067 1744; x_wconf 73' lang='grc' dir='ltr'>δυνησόμεθα</span> <span class='ocrx_word' id='word_1_535' title='bbox 2089 1694 2214 1746; x_wconf 78' lang='grc' dir='ltr'>ῥᾳδίως</span> <span class='ocrx_word' id='word_1_536' title='bbox 2230 1697 2374 1732; x_wconf 83' lang='grc' dir='ltr'>ἐπιστο-</span> 
     </span>
     <span class='ocr_line' id='line_1_70' title="bbox 1354 1755 2373 1807; baseline 0 -14"><span class='ocrx_word' id='word_1_537' title='bbox 1354 1756 1466 1806; x_wconf 84' lang='grc' dir='ltr'>μίσαι,</span> <span class='ocrx_word' id='word_1_538' title='bbox 1495 1759 1556 1801; x_wconf 67' lang='grc' dir='ltr'>τῆς</span> <span class='ocrx_word' id='word_1_539' title='bbox 1587 1755 1649 1806; x_wconf 78' lang='grc' dir='ltr'><strong>μὲν</strong></span> <span class='ocrx_word' id='word_1_540' title='bbox 1680 1757 1786 1800; x_wconf 63' lang='grc' dir='ltr'>αὐτ-Ἐς</span> <span class='ocrx_word' id='word_1_541' title='bbox 1810 1761 2050 1799; x_wconf 80' lang='grc' dir='ltr'>κοινωνοῦντες</span> <span class='ocrx_word' id='word_1_542' title='bbox 2082 1758 2196 1799; x_wconf 73' lang='grc' dir='ltr'>αὐτοῖς</span> <span class='ocrx_word' id='word_1_543' title='bbox 2228 1755 2373 1807; x_wconf 66' lang='grc' dir='ltr'>φύσεως,</span> 
     </span>
    </p>
   </div>
   <div class='ocr_carea' id='block_1_7' title="bbox 1640 1816 1776 1831">
    <p class='ocr_par' dir='ltr' id='par_1_10' title="bbox 1640 1816 1776 1831">
     <span class='ocr_line' id='line_1_71' title="bbox 1640 1816 1776 1831; baseline -0.007 0"><span class='ocrx_word' id='word_1_544' title='bbox 1640 1816 1667 1831; x_wconf 54' lang='lat' dir='ltr'><strong>&amp;x</strong></span> <span class='ocrx_word' id='word_1_545' title='bbox 1715 1816 1776 1828; x_wconf 64' lang='grc' dir='ltr'><strong>ω’·</strong></span> 
     </span>
    </p>
   </div>
   <div class='ocr_carea' id='block_1_8' title="bbox 1350 1816 2376 2540">
    <p class='ocr_par' dir='ltr' id='par_1_11' title="bbox 1350 1816 2376 2540">
     <span class='ocr_line' id='line_1_72' title="bbox 1354 1816 2373 1871; baseline -0.001 -16"><span class='ocrx_word' id='word_1_546' title='bbox 1354 1816 1618 1867; x_wconf 65' lang='grc' dir='ltr'>ἀπηλλαγμένοι</span> <span class='ocrx_word' id='word_1_547' title='bbox 1636 1833 1671 1855; x_wconf 88' lang='grc' dir='ltr'><strong>οε</strong></span> <span class='ocrx_word' id='word_1_548' title='bbox 1694 1834 1756 1863; x_wconf 79' lang='grc' dir='ltr'><strong>της</strong></span> <span class='ocrx_word' id='word_1_549' title='bbox 1769 1818 1943 1870; x_wconf 51' lang='grc' dir='ltr'>*πονηρίας</span> <span class='ocrx_word' id='word_1_550' title='bbox 1959 1819 2084 1854; x_wconf 79' lang='grc' dir='ltr'>αὐτῶν.</span> <span class='ocrx_word' id='word_1_551' title='bbox 2106 1817 2165 1863; x_wconf 72' lang='grc' dir='ltr'><strong>Μὴ</strong></span> <span class='ocrx_word' id='word_1_552' title='bbox 2186 1817 2253 1871; x_wconf 76' lang='grc' dir='ltr'><strong>γὰρ</strong></span> <span class='ocrx_word' id='word_1_553' title='bbox 2273 1821 2373 1854; x_wconf 89' lang='grc' dir='ltr'>τοῦτο</span> 
     </span>
     <span class='ocr_line' id='line_1_73' title="bbox 1354 1878 2372 1931; baseline -0.001 -14"><span class='ocrx_word' id='word_1_554' title='bbox 1354 1879 1394 1926; x_wconf 82' lang='grc' dir='ltr'><strong>δὴ</strong></span> <span class='ocrx_word' id='word_1_555' title='bbox 1416 1879 1543 1929; x_wconf 80' lang='grc' dir='ltr'>ἴδωμεν</span> <span class='ocrx_word' id='word_1_556' title='bbox 1564 1881 1636 1924; x_wconf 75' lang='grc' dir='ltr'>,ὅτι</span> <span class='ocrx_word' id='word_1_557' title='bbox 1664 1879 1824 1917; x_wconf 76' lang='grc' dir='ltr'>ἐπίπονον</span> <span class='ocrx_word' id='word_1_558' title='bbox 1839 1883 1860 1925; x_wconf 77' lang='grc' dir='ltr'>ἦ</span> <span class='ocrx_word' id='word_1_559' title='bbox 1883 1879 2001 1931; x_wconf 73' lang='grc' dir='ltr'>ἀρετὴ,</span> <span class='ocrx_word' id='word_1_560' title='bbox 2023 1879 2098 1917; x_wconf 74' lang='grc' dir='ltr'>ἀλλ’</span> <span class='ocrx_word' id='word_1_561' title='bbox 2119 1878 2172 1916; x_wconf 75' lang='grc' dir='ltr'><strong>ὅτι</strong></span> <span class='ocrx_word' id='word_1_562' title='bbox 2191 1883 2372 1931; x_wconf 78' lang='grc' dir='ltr'>κατορθω-</span> 
     </span>
     <span class='ocr_line' id='line_1_74' title="bbox 1352 1941 2371 1992; baseline 0.001 -13"><span class='ocrx_word' id='word_1_563' title='bbox 1352 1945 1453 1988; x_wconf 73' lang='grc' dir='ltr'>Θῆναι</span> <span class='ocrx_word' id='word_1_564' title='bbox 1471 1941 1611 1979; x_wconf 83' lang='grc' dir='ltr'>δυνατόν</span> <span class='ocrx_word' id='word_1_565' title='bbox 1627 1957 1635 1965; x_wconf 84' lang='grc'><em>·</em></span> <span class='ocrx_word' id='word_1_566' title='bbox 1657 1941 1714 1979; x_wconf 75' lang='grc' dir='ltr'><strong>ἐὰν</strong></span> <span class='ocrx_word' id='word_1_567' title='bbox 1736 1941 1770 1979; x_wconf 62' lang='grc' dir='ltr'><strong>δὲ</strong></span> <span class='ocrx_word' id='word_1_568' title='bbox 1790 1942 2049 1991; x_wconf 78' lang='grc' dir='ltr'>σπουδάζωμεν,</span> <span class='ocrx_word' id='word_1_569' title='bbox 2071 1941 2131 1979; x_wconf 76' lang='grc' dir='ltr'><strong>καὶ</strong></span> <span class='ocrx_word' id='word_1_570' title='bbox 2149 1945 2274 1992; x_wconf 71' lang='grc' dir='ltr'>κοῦφον</span> <span class='ocrx_word' id='word_1_571' title='bbox 2289 1945 2371 1991; x_wconf 72' lang='grc' dir='ltr'>ἡμῖν</span> 
     </span>
     <span class='ocr_line' id='line_1_75' title="bbox 1352 2001 2374 2054; baseline 0.001 -14"><span class='ocrx_word' id='word_1_572' title='bbox 1352 2003 1450 2040; x_wconf 79' lang='grc' dir='ltr'>ἔσται</span> <span class='ocrx_word' id='word_1_573' title='bbox 1472 2002 1530 2041; x_wconf 81' lang='grc' dir='ltr'><strong>καὶ</strong></span> <span class='ocrx_word' id='word_1_574' title='bbox 1554 2004 1706 2041; x_wconf 84' lang='grc' dir='ltr'>εὔκολον.</span> <span class='ocrx_word' id='word_1_575' title='bbox 1726 2005 1772 2041; x_wconf 80' lang='grc' dir='ltr'><strong>Εἰ</strong></span> <span class='ocrx_word' id='word_1_576' title='bbox 1797 2002 1832 2041; x_wconf 80' lang='grc' dir='ltr'><strong>δὲ</strong></span> <span class='ocrx_word' id='word_1_577' title='bbox 1858 2001 1918 2048; x_wconf 64' lang='grc' dir='ltr'><strong>τὴν</strong></span> <span class='ocrx_word' id='word_1_578' title='bbox 1945 2002 2069 2049; x_wconf 72' lang='grc' dir='ltr'>ἡδονήν</span> <span class='ocrx_word' id='word_1_579' title='bbox 2092 2018 2150 2053; x_wconf 83' lang='grc' dir='ltr'><strong>μοι</strong></span> <span class='ocrx_word' id='word_1_580' title='bbox 2176 2002 2286 2054; x_wconf 81' lang='grc' dir='ltr'>λέγεις</span> <span class='ocrx_word' id='word_1_581' title='bbox 2312 2006 2374 2049; x_wconf 61' lang='grc' dir='ltr'><strong>τῆς</strong></span> 
     </span>
     <span class='ocr_line' id='line_1_76' title="bbox 1351 2063 2373 2115; baseline 0.001 -14"><span class='ocrx_word' id='word_1_582' title='bbox 1351 2064 1488 2110; x_wconf 84' lang='grc' dir='ltr'>κακίας,</span> <span class='ocrx_word' id='word_1_583' title='bbox 1520 2064 1599 2115; x_wconf 87' lang='grc' dir='ltr'>λέγε</span> <span class='ocrx_word' id='word_1_584' title='bbox 1631 2064 1690 2102; x_wconf 75' lang='grc' dir='ltr'><strong>καὶ</strong></span> <span class='ocrx_word' id='word_1_585' title='bbox 1718 2064 1757 2102; x_wconf 73' lang='grc' dir='ltr'><strong>τὸ</strong></span> <span class='ocrx_word' id='word_1_586' title='bbox 1787 2064 1882 2107; x_wconf 79' lang='grc' dir='ltr'>τέλος</span> <span class='ocrx_word' id='word_1_587' title='bbox 1912 2066 2018 2109; x_wconf 56' lang='grc' dir='ltr'>αὐτῆς</span> <span class='ocrx_word' id='word_1_588' title='bbox 2035 2080 2042 2086; x_wconf 94' lang='grc'><em>·</em></span> <span class='ocrx_word' id='word_1_589' title='bbox 2061 2066 2108 2106; x_wconf 82' lang='grc' dir='ltr'><strong>εἷς</strong></span> <span class='ocrx_word' id='word_1_590' title='bbox 2134 2063 2201 2115; x_wconf 71' lang='grc' dir='ltr'><strong>γὰρ</strong></span> <span class='ocrx_word' id='word_1_591' title='bbox 2228 2064 2373 2102; x_wconf 79' lang='grc' dir='ltr'>θάνατον</span> 
     </span>
     <span class='ocr_line' id='line_1_77' title="bbox 1352 2123 2372 2178; baseline 0.001 -16"><span class='ocrx_word' id='word_1_592' title='bbox 1352 2125 1439 2171; x_wconf 79' lang='grc' dir='ltr'>αὕτη</span> <span class='ocrx_word' id='word_1_593' title='bbox 1470 2125 1726 2178; x_wconf 64' lang='grc' dir='ltr'>καταστρέφει,</span> <span class='ocrx_word' id='word_1_594' title='bbox 1752 2125 1909 2177; x_wconf 78' lang='grc' dir='ltr'>καθάπερ</span> <span class='ocrx_word' id='word_1_595' title='bbox 1927 2129 1949 2170; x_wconf 76' lang='grc' dir='ltr'>ἡ</span> <span class='ocrx_word' id='word_1_596' title='bbox 1974 2123 2079 2177; x_wconf 60' lang='grc' dir='ltr'><strong>ἀρετ-λΙ</strong></span> <span class='ocrx_word' id='word_1_597' title='bbox 2107 2127 2154 2167; x_wconf 82' lang='grc' dir='ltr'><strong>εἷς</strong></span> <span class='ocrx_word' id='word_1_598' title='bbox 2171 2124 2261 2171; x_wconf 80' lang='grc' dir='ltr'>ζωὴν</span> <span class='ocrx_word' id='word_1_599' title='bbox 2280 2128 2372 2175; x_wconf 66' lang='grc' dir='ltr'>ἡμᾶς</span> 
     </span>
     <span class='ocr_line' id='line_1_78' title="bbox 1352 2185 2376 2239; baseline 0 -16"><span class='ocrx_word' id='word_1_600' title='bbox 1352 2193 1571 2239; x_wconf 70' lang='grc' dir='ltr'>χειραγωγεῖ.</span> <span class='ocrx_word' id='word_1_601' title='bbox 1592 2188 1737 2225; x_wconf 73' lang='grc' dir='ltr'>Μᾶλλον</span> <span class='ocrx_word' id='word_1_602' title='bbox 1755 2185 1805 2233; x_wconf 78' lang='grc' dir='ltr'><strong>δὲ,</strong></span> <span class='ocrx_word' id='word_1_603' title='bbox 1830 2188 1860 2223; x_wconf 86' lang='grc' dir='ltr'><strong>εἷ</strong></span> <span class='ocrx_word' id='word_1_604' title='bbox 1880 2187 1990 2233; x_wconf 89' lang='grc' dir='ltr'>δοκεῖ,</span> <span class='ocrx_word' id='word_1_605' title='bbox 2009 2186 2069 2223; x_wconf 80' lang='grc' dir='ltr'><strong>καὶ</strong></span> <span class='ocrx_word' id='word_1_606' title='bbox 2083 2186 2150 2237; x_wconf 85' lang='grc' dir='ltr'>πρὸ</span> <span class='ocrx_word' id='word_1_607' title='bbox 2182 2190 2242 2224; x_wconf 82' lang='grc' dir='ltr'><strong>τοῦ</strong></span> <span class='ocrx_word' id='word_1_608' title='bbox 2258 2186 2376 2228; x_wconf 80' lang='grc' dir='ltr'>τέλους</span> 
     </span>
     <span class='ocr_line' id='line_1_79' title="bbox 1351 2247 2371 2299; baseline 0 -15"><span class='ocrx_word' id='word_1_609' title='bbox 1351 2248 1532 2299; x_wconf 45' lang='grc' dir='ltr'>(ἑκάτερον</span> <span class='ocrx_word' id='word_1_610' title='bbox 1554 2250 1666 2284; x_wconf 79' lang='grc' dir='ltr'>αὐτῶν</span> <span class='ocrx_word' id='word_1_611' title='bbox 1690 2247 1904 2297; x_wconf 73' lang='grc' dir='ltr'>ἐξετάσωμεν</span> <span class='ocrx_word' id='word_1_612' title='bbox 1921 2263 1929 2270; x_wconf 89' lang='grc'><em>·</em></span> <span class='ocrx_word' id='word_1_613' title='bbox 1950 2247 2104 2298; x_wconf 73' lang='grc' dir='ltr'>ὀψόμεθα</span> <span class='ocrx_word' id='word_1_614' title='bbox 2130 2247 2197 2298; x_wconf 77' lang='grc' dir='ltr'><strong>γὰρ</strong></span> <span class='ocrx_word' id='word_1_615' title='bbox 2224 2247 2287 2294; x_wconf 76' lang='grc' dir='ltr'><strong>τὴν</strong></span> <span class='ocrx_word' id='word_1_616' title='bbox 2310 2247 2371 2297; x_wconf 79' lang='grc' dir='ltr'><strong>μὲν</strong></span> 
     </span>
     <span class='ocr_line' id='line_1_80' title="bbox 1351 2306 2370 2360; baseline -0.002 -15"><span class='ocrx_word' id='word_1_617' title='bbox 1351 2307 1477 2345; x_wconf 81' lang='grc' dir='ltr'>κακίαν</span> <span class='ocrx_word' id='word_1_618' title='bbox 1505 2308 1637 2353; x_wconf 70' lang='grc' dir='ltr'>πολλὴν</span> <span class='ocrx_word' id='word_1_619' title='bbox 1659 2308 1804 2359; x_wconf 71' lang='grc' dir='ltr'>ἔχουσαν</span> <span class='ocrx_word' id='word_1_620' title='bbox 1827 2308 1888 2354; x_wconf 74' lang='grc' dir='ltr'><strong>τὴν</strong></span> <span class='ocrx_word' id='word_1_621' title='bbox 1919 2307 2063 2354; x_wconf 75' lang='grc' dir='ltr'>ὀδύνην,</span> <span class='ocrx_word' id='word_1_622' title='bbox 2083 2306 2145 2353; x_wconf 74' lang='grc' dir='ltr'><strong>τὴν</strong></span> <span class='ocrx_word' id='word_1_623' title='bbox 2179 2307 2214 2345; x_wconf 79' lang='grc' dir='ltr'><strong>δὲ</strong></span> <span class='ocrx_word' id='word_1_624' title='bbox 2245 2307 2370 2360; x_wconf 74' lang='grc' dir='ltr'>ἀρετὴν</span> 
     </span>
     <span class='ocr_line' id='line_1_81' title="bbox 1350 2367 2371 2420; baseline 0.002 -16"><span class='ocrx_word' id='word_1_625' title='bbox 1350 2367 1413 2413; x_wconf 74' lang='grc' dir='ltr'><strong>τὴν</strong></span> <span class='ocrx_word' id='word_1_626' title='bbox 1431 2368 1569 2414; x_wconf 71' lang='grc' dir='ltr'>ἡδονήν.</span> <span class='ocrx_word' id='word_1_627' title='bbox 1588 2368 1635 2405; x_wconf 88' lang='grc' dir='ltr'><strong>Τί</strong></span> <span class='ocrx_word' id='word_1_628' title='bbox 1652 2369 1718 2418; x_wconf 82' lang='grc' dir='ltr'><strong>γὰρ</strong></span> <span class='ocrx_word' id='word_1_629' title='bbox 1743 2369 1995 2420; x_wconf 85' lang='grc' dir='ltr'>ἀλγεινότερον,</span> <span class='ocrx_word' id='word_1_630' title='bbox 2017 2368 2093 2405; x_wconf 82' lang='grc' dir='ltr'>εἰπέ</span> <span class='ocrx_word' id='word_1_631' title='bbox 2113 2383 2170 2417; x_wconf 91' lang='grc' dir='ltr'><strong>μοι</strong></span> <span class='ocrx_word' id='word_1_632' title='bbox 2188 2398 2197 2415; x_wconf 87' lang='grc'>,</span> <span class='ocrx_word' id='word_1_633' title='bbox 2219 2369 2371 2406; x_wconf 85' lang='grc' dir='ltr'>συνειδό-</span> 
     </span>
     <span class='ocr_line' id='line_1_82' title="bbox 1350 2427 2370 2480; baseline 0 -14"><span class='ocrx_word' id='word_1_634' title='bbox 1350 2444 1405 2471; x_wconf 80' lang='grc' dir='ltr'><strong>τος</strong></span> <span class='ocrx_word' id='word_1_635' title='bbox 1420 2433 1590 2479; x_wconf 70' lang='grc' dir='ltr'>πονηροῦ,</span> <span class='ocrx_word' id='word_1_636' title='bbox 1607 2428 1640 2465; x_wconf 89' lang='grc' dir='ltr'><strong>τί</strong></span> <span class='ocrx_word' id='word_1_637' title='bbox 1659 2427 1693 2465; x_wconf 77' lang='grc' dir='ltr'><strong>δὲ</strong></span> <span class='ocrx_word' id='word_1_638' title='bbox 1715 2428 1808 2473; x_wconf 68' lang='grc' dir='ltr'>ἥδιον</span> <span class='ocrx_word' id='word_1_639' title='bbox 1826 2429 1963 2472; x_wconf 82' lang='grc' dir='ltr'>ἐλπίδος</span> <span class='ocrx_word' id='word_1_640' title='bbox 1981 2432 2157 2480; x_wconf 59' lang='grc' dir='ltr'>χρηστῆς,</span> <span class='ocrx_word' id='word_1_641' title='bbox 2172 2428 2283 2466; x_wconf 76' lang='grc' dir='ltr'>Οὐδὲν</span> <span class='ocrx_word' id='word_1_642' title='bbox 2303 2428 2370 2480; x_wconf 82' lang='grc' dir='ltr'><strong>γὰρ</strong></span> 
     </span>
     <span class='ocr_line' id='line_1_83' title="bbox 1387 2489 2370 2540; baseline -0.001 -13"><span class='ocrx_word' id='word_1_643' title='bbox 1387 2507 1435 2527; x_wconf 88' lang='grc' dir='ltr'><strong>τω</strong></span> <span class='ocrx_word' id='word_1_644' title='bbox 1465 2520 1474 2537; x_wconf 91' lang='grc'>,</span> <span class='ocrx_word' id='word_1_645' title='bbox 1494 2489 1589 2528; x_wconf 68' lang='grc' dir='ltr'>οὐδὲν</span> <span class='ocrx_word' id='word_1_646' title='bbox 1618 2489 1757 2527; x_wconf 81' lang='grc' dir='ltr'>κόπτειν</span> <span class='ocrx_word' id='word_1_647' title='bbox 1785 2493 1877 2540; x_wconf 65' lang='grc' dir='ltr'>’ἡμᾶς</span> <span class='ocrx_word' id='word_1_648' title='bbox 1910 2491 2026 2528; x_wconf 70' lang='grc' dir='ltr'>εἴωθεν</span> <span class='ocrx_word' id='word_1_649' title='bbox 2058 2490 2116 2528; x_wconf 79' lang='grc' dir='ltr'><strong>καὶ</strong></span> <span class='ocrx_word' id='word_1_650' title='bbox 2141 2490 2290 2536; x_wconf 75' lang='grc' dir='ltr'>πιέζειν,</span> <span class='ocrx_word' id='word_1_651' title='bbox 2323 2492 2370 2534; x_wconf 84' lang='grc' dir='ltr'>ὡς</span> 
     </span>
    </p>
   </div>
   <div class='ocr_carea' id='block_1_9' title="bbox 1440 2506 1459 2588">
    <p class='ocr_par' dir='ltr' id='par_1_12' title="bbox 1440 2506 1453 2532">
     <span class='ocr_line' id='line_1_84' title="bbox 1440 2506 1453 2515; baseline 0 -3"><span class='ocrx_word' id='word_1_652' title='bbox 1440 2506 1453 2515; x_wconf 81' lang='grc'><strong>,-</strong></span> 
     </span>
     <span class='ocr_line' id='line_1_85' title="bbox 1440 2519 1452 2532; baseline 0 0"><span class='ocrx_word' id='word_1_653' title='bbox 1440 2519 1452 2532; x_wconf 55' lang='grc' dir='ltr'>ε</span> 
     </span>
    </p>

    <p class='ocr_par' dir='ltr' id='par_1_13' title="bbox 1441 2551 1459 2588">
     <span class='ocr_line' id='line_1_86' title="bbox 1444 2551 1459 2563; baseline 0 -6"><span class='ocrx_word' id='word_1_654' title='bbox 1444 2551 1459 2563; x_wconf 45' lang='lat'><strong>,5</strong></span> 
     </span>
     <span class='ocr_line' id='line_1_87' title="bbox 1441 2567 1458 2588; baseline 0 0"><span class='ocrx_word' id='word_1_655' title='bbox 1441 2567 1458 2588; x_wconf 70' lang='grc' dir='ltr'><strong>Ο</strong></span> 
     </span>
    </p>
   </div>
   <div class='ocr_carea' id='block_1_10' title="bbox 1370 2489 1385 2527">
    <p class='ocr_par' dir='ltr' id='par_1_14' title="bbox 1370 2489 1385 2527">
     <span class='ocr_line' id='line_1_88' title="bbox 1370 2489 1385 2527; textangle 90"><span class='ocrx_word' id='word_1_656' title='bbox 1370 2489 1385 2527; x_wconf 47' lang='lat' dir='ltr'><strong>Lx</strong></span> 
     </span>
    </p>
   </div>
   <div class='ocr_carea' id='block_1_11' title="bbox 1349 2493 1378 2527">
    <p class='ocr_par' dir='ltr' id='par_1_15' title="bbox 1349 2493 1378 2527">
     <span class='ocr_line' id='line_1_89' title="bbox 1349 2493 1378 2527; baseline 0 -10"><span class='ocrx_word' id='word_1_657' title='bbox 1349 2493 1378 2527; x_wconf 64' lang='lat'><strong>0¹⁷</strong></span> 
     </span>
    </p>
   </div>
   <div class='ocr_carea' id='block_1_12' title="bbox 1398 2550 2368 2602">
    <p class='ocr_par' dir='ltr' id='par_1_16' title="bbox 1398 2550 2368 2602">
     <span class='ocr_line' id='line_1_90' title="bbox 1398 2550 2368 2602; baseline 0 -14"><span class='ocrx_word' id='word_1_658' title='bbox 1398 2566 1438 2588; x_wconf 88' lang='grc' dir='ltr'><strong>οσ</strong></span> <span class='ocrx_word' id='word_1_659' title='bbox 1461 2550 1539 2588; x_wconf 78' lang='grc' dir='ltr'>ογία</span> <span class='ocrx_word' id='word_1_660' title='bbox 1563 2550 1718 2601; x_wconf 75' lang='grc' dir='ltr'>πονηροί·</span> <span class='ocrx_word' id='word_1_661' title='bbox 1740 2550 1835 2588; x_wconf 76' lang='grc' dir='ltr'>οὐδὲν</span> <span class='ocrx_word' id='word_1_662' title='bbox 1861 2550 1967 2593; x_wconf 78' lang='grc' dir='ltr'>οὕτως</span> <span class='ocrx_word' id='word_1_663' title='bbox 1991 2550 2128 2602; x_wconf 64' lang='grc' dir='ltr'>ἀνέχει,</span> <span class='ocrx_word' id='word_1_664' title='bbox 2151 2550 2210 2589; x_wconf 75' lang='grc' dir='ltr'><strong>καὶ</strong></span> <span class='ocrx_word' id='word_1_665' title='bbox 2243 2554 2368 2602; x_wconf 92' lang='grc' dir='ltr'>μικροῦ</span> 
     </span>
    </p>
   </div>
   <div class='ocr_carea' id='block_1_13' title="bbox 1347 2567 1395 2632">
    <p class='ocr_par' dir='ltr' id='par_1_17' title="bbox 1347 2567 1395 2632">
     <span class='ocr_line' id='line_1_91' title="bbox 1347 2575 1371 2632; textangle 90"><span class='ocrx_word' id='word_1_666' title='bbox 1347 2611 1362 2632; x_wconf 66' lang='lat'>2</span> <span class='ocrx_word' id='word_1_667' title='bbox 1352 2575 1371 2588; x_wconf 62' lang='grc' dir='ltr'><strong>τ</strong></span> 
     </span>
     <span class='ocr_line' id='line_1_92' title="bbox 1379 2567 1395 2602; textangle 90"><span class='ocrx_word' id='word_1_668' title='bbox 1379 2567 1395 2602; x_wconf 67' lang='grc' dir='ltr'>ὐ</span> 
     </span>
    </p>
   </div>
   <div class='ocr_carea' id='block_1_14' title="bbox 1391 2611 2367 2725">
    <p class='ocr_par' dir='ltr' id='par_1_18' title="bbox 1391 2611 2367 2725">
     <span class='ocr_line' id='line_1_93' title="bbox 1391 2611 2367 2663; baseline 0 -13"><span class='ocrx_word' id='word_1_669' title='bbox 1391 2612 1538 2650; x_wconf 63' lang='grc' dir='ltr'>,ἔτεσθαι</span> <span class='ocrx_word' id='word_1_670' title='bbox 1559 2618 1670 2657; x_wconf 85' lang='grc' dir='ltr'>ποιεῖ,</span> <span class='ocrx_word' id='word_1_671' title='bbox 1689 2615 1734 2654; x_wconf 79' lang='grc' dir='ltr'>ὡς</span> <span class='ocrx_word' id='word_1_672' title='bbox 1754 2613 1903 2656; x_wconf 80' lang='grc' dir='ltr'>συνειδὸς</span> <span class='ocrx_word' id='word_1_673' title='bbox 1920 2611 2059 2663; x_wconf 73' lang='grc' dir='ltr'>ἀγαθόν,</span> <span class='ocrx_word' id='word_1_674' title='bbox 2082 2612 2154 2650; x_wconf 75' lang='grc' dir='ltr'><strong>Καὶ</strong></span> <span class='ocrx_word' id='word_1_675' title='bbox 2178 2615 2278 2650; x_wconf 85' lang='grc' dir='ltr'>τοῦτο</span> <span class='ocrx_word' id='word_1_676' title='bbox 2297 2612 2367 2650; x_wconf 85' lang='grc' dir='ltr'>ἀπὸ</span> 
     </span>
     <span class='ocr_line' id='line_1_94' title="bbox 1434 2689 1505 2700; baseline 0.028 -2"><span class='ocrx_word' id='word_1_677' title='bbox 1434 2689 1474 2700; x_wconf 67' lang='lat' dir='ltr'><strong>n-ae·</strong></span> <span class='ocrx_word' id='word_1_678' title='bbox 1490 2689 1505 2700; x_wconf 55' lang='grc' dir='ltr'>Α</span> 
     </span>
     <span class='ocr_line' id='line_1_95' title="bbox 1490 2704 1503 2725; baseline 0 -1"><span class='ocrx_word' id='word_1_679' title='bbox 1490 2704 1503 2725; x_wconf 74' lang='grc' dir='ltr'>ι·</span> 
     </span>
    </p>
   </div>
   <div class='ocr_carea' id='block_1_15' title="bbox 1346 2691 1365 2711">
    <p class='ocr_par' dir='ltr' id='par_1_19' title="bbox 1346 2691 1365 2711">
     <span class='ocr_line' id='line_1_96' title="bbox 1346 2691 1365 2711; textangle 90"><span class='ocrx_word' id='word_1_680' title='bbox 1346 2691 1365 2711; x_wconf 55' lang='grc' dir='ltr'>Ἰ</span> 
     </span>
    </p>
   </div>
   <div class='ocr_carea' id='block_1_16' title="bbox 1367 2629 1402 2751">
    <p class='ocr_par' dir='ltr' id='par_1_20' title="bbox 1367 2629 1402 2751">
     <span class='ocr_line' id='line_1_97' title="bbox 1367 2629 1402 2751; textangle 90"><span class='ocrx_word' id='word_1_681' title='bbox 1367 2629 1402 2751; x_wconf 56' lang='grc' dir='ltr'><strong>,Ξίἢ</strong></span> 
     </span>
    </p>
   </div>
   <div class='ocr_carea' id='block_1_17' title="bbox 1345 2673 2366 3279">
    <p class='ocr_par' dir='ltr' id='par_1_21' title="bbox 1345 2673 2366 3279">
     <span class='ocr_line' id='line_1_98' title="bbox 1397 2673 2366 2725; baseline 0.002 -15"><span class='ocrx_word' id='word_1_682' title='bbox 1397 2691 1413 2711; x_wconf 87' lang='grc' dir='ltr'><strong>ν</strong></span> <span class='ocrx_word' id='word_1_683' title='bbox 1438 2689 1483 2711; x_wconf 50' lang='grc' dir='ltr'>,τι</span> <span class='ocrx_word' id='word_1_684' title='bbox 1509 2676 1516 2689; x_wconf 86' lang='lat'>’</span> <span class='ocrx_word' id='word_1_685' title='bbox 1535 2677 1619 2723; x_wconf 68' lang='grc' dir='ltr'>ἡμῖν</span> <span class='ocrx_word' id='word_1_686' title='bbox 1637 2673 1825 2724; x_wconf 81' lang='grc' dir='ltr'>γινομένων</span> <span class='ocrx_word' id='word_1_687' title='bbox 1853 2673 1926 2711; x_wconf 80' lang='grc' dir='ltr'>ἔστι</span> <span class='ocrx_word' id='word_1_688' title='bbox 1949 2677 2175 2725; x_wconf 81' lang='grc' dir='ltr'>καταμαθεῖν.</span> <span class='ocrx_word' id='word_1_689' title='bbox 2201 2676 2282 2712; x_wconf 89' lang='grc' dir='ltr'><strong>Τῶν</strong></span> <span class='ocrx_word' id='word_1_690' title='bbox 2299 2673 2366 2724; x_wconf 84' lang='grc' dir='ltr'><strong>γὰρ</strong></span> 
     </span>
     <span class='ocr_line' id='line_1_99' title="bbox 1349 2733 2364 2786; baseline -0.001 -14"><span class='ocrx_word' id='word_1_691' title='bbox 1349 2736 1403 2773; x_wconf 80' lang='grc' dir='ltr'><strong>δια</strong></span> <span class='ocrx_word' id='word_1_692' title='bbox 1433 2740 1492 2772; x_wconf 81' lang='grc' dir='ltr'><strong>τοῦ</strong></span> <span class='ocrx_word' id='word_1_693' title='bbox 1520 2739 1694 2772; x_wconf 82' lang='grc' dir='ltr'>στενωποῦ</span> <span class='ocrx_word' id='word_1_694' title='bbox 1724 2735 1929 2786; x_wconf 74' lang='grc' dir='ltr'>χωρούντων</span> <span class='ocrx_word' id='word_1_695' title='bbox 1960 2736 2137 2781; x_wconf 77' lang='grc' dir='ltr'>ἐπαιτῶν,</span> <span class='ocrx_word' id='word_1_696' title='bbox 2169 2734 2229 2773; x_wconf 81' lang='grc' dir='ltr'><strong>καὶ</strong></span> <span class='ocrx_word' id='word_1_697' title='bbox 2258 2733 2364 2786; x_wconf 80' lang='grc' dir='ltr'>μηδὲν</span> 
     </span>
     <span class='ocr_line' id='line_1_100' title="bbox 1347 2796 2363 2848; baseline -0.001 -15"><span class='ocrx_word' id='word_1_698' title='bbox 1347 2799 1478 2838; x_wconf 77' lang='grc' dir='ltr'>ἑαυτοῖς</span> <span class='ocrx_word' id='word_1_699' title='bbox 1505 2796 1706 2833; x_wconf 78' lang='grc' dir='ltr'>συνειδότων</span> <span class='ocrx_word' id='word_1_700' title='bbox 1734 2797 1903 2846; x_wconf 71' lang='grc' dir='ltr'>πονηρὸν,</span> <span class='ocrx_word' id='word_1_701' title='bbox 1924 2800 1954 2835; x_wconf 79' lang='grc' dir='ltr'><strong>οἳ</strong></span> <span class='ocrx_word' id='word_1_702' title='bbox 1983 2798 2022 2835; x_wconf 84' lang='grc' dir='ltr'><strong>τὸ</strong></span> <span class='ocrx_word' id='word_1_703' title='bbox 2048 2797 2284 2848; x_wconf 69' lang='grc' dir='ltr'>δεσμωτήριον</span> <span class='ocrx_word' id='word_1_704' title='bbox 2313 2797 2363 2832; x_wconf 83' lang='grc' dir='ltr'><strong>οἷ-</strong></span> 
     </span>
     <span class='ocr_line' id='line_1_101' title="bbox 1346 2856 2362 2910; baseline 0 -17"><span class='ocrx_word' id='word_1_705' title='bbox 1346 2861 1483 2900; x_wconf 83' lang='grc' dir='ltr'>κοῦντες</span> <span class='ocrx_word' id='word_1_706' title='bbox 1499 2856 1557 2894; x_wconf 79' lang='grc' dir='ltr'><strong>καὶ</strong></span> <span class='ocrx_word' id='word_1_707' title='bbox 1576 2856 1766 2904; x_wconf 78' lang='grc' dir='ltr'>καταδίκην</span> <span class='ocrx_word' id='word_1_708' title='bbox 1785 2857 2032 2908; x_wconf 81' lang='grc' dir='ltr'>ἀναμένοντες,</span> <span class='ocrx_word' id='word_1_709' title='bbox 2058 2857 2122 2895; x_wconf 75' lang='grc' dir='ltr'><strong>κᾶν</strong></span> <span class='ocrx_word' id='word_1_710' title='bbox 2143 2857 2268 2910; x_wconf 84' lang='grc' dir='ltr'>μυρίας</span> <span class='ocrx_word' id='word_1_711' title='bbox 2282 2872 2362 2908; x_wconf 89' lang='grc' dir='ltr'>τρο-</span> 
     </span>
     <span class='ocr_line' id='line_1_102' title="bbox 1348 2913 2363 2970; baseline 0.001 -16"><span class='ocrx_word' id='word_1_712' title='bbox 1348 2921 1412 2970; x_wconf 71' lang='grc' dir='ltr'>φῆς</span> <span class='ocrx_word' id='word_1_713' title='bbox 1430 2916 1693 2964; x_wconf 78' lang='grc' dir='ltr'>ἀπολαύσωσιν,</span> <span class='ocrx_word' id='word_1_714' title='bbox 1715 2913 1948 2970; x_wconf 80' lang='grc' dir='ltr'>ἀλγεινότερον</span> <span class='ocrx_word' id='word_1_715' title='bbox 1976 2921 2077 2962; x_wconf 80' lang='grc' dir='ltr'>ζῶσιν</span> <span class='ocrx_word' id='word_1_716' title='bbox 2093 2934 2101 2942; x_wconf 88' lang='grc'><em>·</em></span> <span class='ocrx_word' id='word_1_717' title='bbox 2119 2923 2139 2965; x_wconf 78' lang='grc' dir='ltr'>ἡ</span> <span class='ocrx_word' id='word_1_718' title='bbox 2160 2919 2227 2969; x_wconf 71' lang='grc' dir='ltr'><strong>γὰρ</strong></span> <span class='ocrx_word' id='word_1_719' title='bbox 2255 2933 2363 2970; x_wconf 87' lang='grc' dir='ltr'>προσ-</span> 
     </span>
     <span class='ocr_line' id='line_1_103' title="bbox 1347 2978 2364 3032; baseline -0.002 -15"><span class='ocrx_word' id='word_1_720' title='bbox 1347 2978 1446 3018; x_wconf 86' lang='grc' dir='ltr'>δοκία</span> <span class='ocrx_word' id='word_1_721' title='bbox 1468 2982 1535 3016; x_wconf 86' lang='grc' dir='ltr'><strong>τῶν</strong></span> <span class='ocrx_word' id='word_1_722' title='bbox 1566 2981 1683 3016; x_wconf 89' lang='grc' dir='ltr'>δεινῶν</span> <span class='ocrx_word' id='word_1_723' title='bbox 1712 2981 1773 3017; x_wconf 78' lang='grc' dir='ltr'><strong>οὐκ</strong></span> <span class='ocrx_word' id='word_1_724' title='bbox 1807 2980 1930 3032; x_wconf 59' lang='grc' dir='ltr'>ἀφίησι</span> <span class='ocrx_word' id='word_1_725' title='bbox 1954 2984 2022 3018; x_wconf 84' lang='grc' dir='ltr'><strong>τῶν</strong></span> <span class='ocrx_word' id='word_1_726' title='bbox 2048 2982 2081 3018; x_wconf 84' lang='grc' dir='ltr'><strong>ἐν</strong></span> <span class='ocrx_word' id='word_1_727' title='bbox 2107 2980 2226 3032; x_wconf 75' lang='grc' dir='ltr'>χερσὶν</span> <span class='ocrx_word' id='word_1_728' title='bbox 2254 2979 2364 3025; x_wconf 73' lang='grc' dir='ltr'>ἡδέων</span> 
     </span>
     <span class='ocr_line' id='line_1_104' title="bbox 1348 3040 2364 3094; baseline 0.001 -15"><span class='ocrx_word' id='word_1_729' title='bbox 1348 3040 1580 3079; x_wconf 74' lang='grc' dir='ltr'>αἰσθάνεσθαι.</span> <span class='ocrx_word' id='word_1_730' title='bbox 1608 3041 1678 3077; x_wconf 79' lang='grc' dir='ltr'><strong>Καὶ</strong></span> <span class='ocrx_word' id='word_1_731' title='bbox 1708 3041 1740 3078; x_wconf 85' lang='grc' dir='ltr'><strong>τί</strong></span> <span class='ocrx_word' id='word_1_732' title='bbox 1768 3042 1858 3092; x_wconf 81' lang='grc' dir='ltr'>λέγω</span> <span class='ocrx_word' id='word_1_733' title='bbox 1878 3041 1954 3084; x_wconf 77' lang='grc' dir='ltr'>τοὺς</span> <span class='ocrx_word' id='word_1_734' title='bbox 1973 3042 2172 3093; x_wconf 73' lang='grc' dir='ltr'>δεσμώτας,</span> <span class='ocrx_word' id='word_1_735' title='bbox 2197 3044 2279 3080; x_wconf 91' lang='grc' dir='ltr'><strong>Τῶν</strong></span> <span class='ocrx_word' id='word_1_736' title='bbox 2298 3042 2364 3094; x_wconf 73' lang='grc' dir='ltr'><strong>γὰρ</strong></span> 
     </span>
     <span class='ocr_line' id='line_1_105' title="bbox 1345 3100 2366 3156; baseline 0.001 -17"><span class='ocrx_word' id='word_1_737' title='bbox 1345 3101 1410 3145; x_wconf 81' lang='grc' dir='ltr'>ἔξω</span> <span class='ocrx_word' id='word_1_738' title='bbox 1433 3100 1677 3153; x_wconf 70' lang='grc' dir='ltr'>διατριὸόντων</span> <span class='ocrx_word' id='word_1_739' title='bbox 1699 3101 1757 3138; x_wconf 81' lang='grc' dir='ltr'><strong>καὶ</strong></span> <span class='ocrx_word' id='word_1_740' title='bbox 1777 3103 2014 3141; x_wconf 78' lang='grc' dir='ltr'>πλουτούντων</span> <span class='ocrx_word' id='word_1_741' title='bbox 2036 3104 2172 3156; x_wconf 78' lang='grc' dir='ltr'>πονηροί</span> <span class='ocrx_word' id='word_1_742' title='bbox 2197 3119 2236 3141; x_wconf 89' lang='grc' dir='ltr'><strong>τε</strong></span> <span class='ocrx_word' id='word_1_743' title='bbox 2253 3119 2366 3142; x_wconf 87' lang='grc' dir='ltr'>συνει-</span> 
     </span>
     <span class='ocr_line' id='line_1_106' title="bbox 1347 3162 2366 3217; baseline 0.004 -18"><span class='ocrx_word' id='word_1_744' title='bbox 1347 3162 1452 3200; x_wconf 82' lang='grc' dir='ltr'>δότων</span> <span class='ocrx_word' id='word_1_745' title='bbox 1474 3165 1627 3209; x_wconf 81' lang='grc' dir='ltr'>ἑαυτοῖς,</span> <span class='ocrx_word' id='word_1_746' title='bbox 1648 3163 1788 3213; x_wconf 78' lang='grc' dir='ltr'>ἄμεινόν</span> <span class='ocrx_word' id='word_1_747' title='bbox 1813 3167 1878 3202; x_wconf 83' lang='grc' dir='ltr'>εἶσι</span> <span class='ocrx_word' id='word_1_748' title='bbox 1893 3167 2012 3217; x_wconf 83' lang='grc' dir='ltr'>πολλῷ</span> <span class='ocrx_word' id='word_1_749' title='bbox 2027 3165 2239 3216; x_wconf 84' lang='grc' dir='ltr'>διακείμενοι</span> <span class='ocrx_word' id='word_1_750' title='bbox 2253 3168 2283 3203; x_wconf 80' lang='grc' dir='ltr'><strong>οἱ</strong></span> <span class='ocrx_word' id='word_1_751' title='bbox 2303 3166 2366 3203; x_wconf 77' lang='grc' dir='ltr'>κά-</span> 
     </span>
     <span class='ocr_line' id='line_1_107' title="bbox 1346 3224 2363 3279; baseline 0.004 -18"><span class='ocrx_word' id='word_1_752' title='bbox 1346 3239 1485 3273; x_wconf 86' lang='grc' dir='ltr'>μνοντες</span> <span class='ocrx_word' id='word_1_753' title='bbox 1503 3224 1744 3276; x_wconf 74' lang='grc' dir='ltr'>χειροτέχναι,</span> <span class='ocrx_word' id='word_1_754' title='bbox 1766 3226 1824 3263; x_wconf 78' lang='grc' dir='ltr'><strong>καὶ</strong></span> <span class='ocrx_word' id='word_1_755' title='bbox 1841 3227 1883 3263; x_wconf 79' lang='grc' dir='ltr'>δι’</span> <span class='ocrx_word' id='word_1_756' title='bbox 1902 3227 1985 3275; x_wconf 69' lang='grc' dir='ltr'>ὅλης</span> <span class='ocrx_word' id='word_1_757' title='bbox 2004 3226 2137 3279; x_wconf 76' lang='grc' dir='ltr'>ἡμέρας</span> <span class='ocrx_word' id='word_1_758' title='bbox 2160 3227 2275 3270; x_wconf 84' lang='grc' dir='ltr'>πόνοις</span> <span class='ocrx_word' id='word_1_759' title='bbox 2298 3243 2363 3265; x_wconf 89' lang='grc' dir='ltr'>συ·-</span> 
     </span>
    </p>
   </div>
   <div class='ocr_carea' id='block_1_18' title="bbox 1403 3365 1960 3459">
    <p class='ocr_par' dir='ltr' id='par_1_22' title="bbox 1403 3365 1960 3459">
     <span class='ocr_line' id='line_1_108' title="bbox 1403 3365 1960 3412; baseline 0.011 -16"><span class='ocrx_word' id='word_1_760' title='bbox 1403 3374 1416 3389; x_wconf 66' lang='lat' dir='ltr'>c</span> <span class='ocrx_word' id='word_1_761' title='bbox 1441 3365 1608 3410; x_wconf 62' lang='grc' dir='ltr'>[ἑκατέραν</span> <span class='ocrx_word' id='word_1_762' title='bbox 1626 3366 1663 3397; x_wconf 94' lang='grc' dir='ltr'><strong>Λ.</strong></span> <span class='ocrx_word' id='word_1_763' title='bbox 1680 3374 1712 3397; x_wconf 82' lang='lat' dir='ltr'><strong>et</strong></span> <span class='ocrx_word' id='word_1_764' title='bbox 1728 3378 1831 3412; x_wconf 77' lang='lat' dir='ltr'><strong>marg.</strong></span> <span class='ocrx_word' id='word_1_765' title='bbox 1843 3369 1960 3412; x_wconf 53' lang='lat' dir='ltr'><strong>Satib]</strong></span> 
     </span>
     <span class='ocr_line' id='line_1_109' title="bbox 1403 3414 1723 3459; baseline 0 -10"><span class='ocrx_word' id='word_1_766' title='bbox 1403 3414 1419 3438; x_wconf 73' lang='lat' dir='ltr'><strong>d</strong></span> <span class='ocrx_word' id='word_1_767' title='bbox 1445 3416 1649 3456; x_wconf 67' lang='grc' dir='ltr'>[πετασθῆναι</span> <span class='ocrx_word' id='word_1_768' title='bbox 1667 3418 1723 3459; x_wconf 84' lang='grc' dir='ltr'><strong>Α.]</strong></span> 
     </span>
    </p>
   </div>
  </div>
 </body>
</html>
