2466 3805
45 2026 154 2055 Matth.
175 2027 204 2056 5.

44 2067 95 2105 47-

41 2111 108 2136 Jcr·
125 2109 176 2138 35.
198 2108 226 2136 3.

44 2201 136 2231 Num.
163 2210 207 2229 12.

70 3238 159 3265 Nemo
174 3239 220 3265 lae-

33 3280 113 3305 ditur
130 3281 184 3306 nisi
205 3290 218 3306 a

33 3321 136 3356 seipso.

262 210 348 255 136

253 310 386 348 brium.
408 311 498 347 Nam
514 310 574 348 ille
589 310 734 361 quidem
753 310 971 347 honorabilis
1005 323 1045 346 ac
1073 321 1235 346 reveren-

253 371 322 410 dus
337 371 534 422 apparebit,
562 371 621 407 hic
653 383 736 407 vero
757 369 840 407 vilis
862 384 870 404 :
890 369 975 405 talia
999 368 1092 405 enim
1115 367 1151 404 in
1170 381 1235 419 op—

254 431 439 484 probrium
468 431 636 482 proferre,
656 429 791 480 generis
804 442 930 479 nempe
958 428 1144 476 vilitatem,
1165 441 1234 479 pu·

255 493 326 531 silli
343 500 393 529 est
413 490 536 527 animi.
553 490 617 526 Ille
635 502 720 526 vero
739 501 889 538 magnus
911 496 945 524 et
976 487 1153 525 mirabilis
1172 496 1235 535 est,

253 553 314 604 qui
332 551 424 589 nihil
450 549 520 587 tale
551 547 691 595 sentiat,
723 547 786 585 sed
807 548 856 585 ita
886 548 1032 586 affectus
1070 548 1115 586 sit
1144 561 1185 585 ac
1207 547 1235 585 si

252 612 457 657 audivisset,
480 622 514 646 se
544 607 682 658 aliquid
709 608 884 646 excellens
904 623 977 660 prae
997 609 1076 646 aliis
1093 609 1236 646 habere.

253 672 323 711 Sed
346 670 524 708 moechum
539 678 572 706 et
591 669 721 706 similia
737 669 856 707 dicet?
879 670 947 707 Hic
959 669 1148 708 ridendum
1164 679 1235 708 est:

251 732 390 784 quando
400 734 494 769 enim
508 730 720 768 conscientia
753 745 823 769 non
860 731 1001 783 pungit,
1029 731 1150 769 nullus
1184 740 1236 770 est
1257 740 1277 768 R

250 794 310 831 irae
324 793 435 830 locus.
461 791 500 830 Si
527 791 658 843 cogites
688 806 786 842 vero7
824 806 931 842 quam
962 791 1052 829 foeda
1078 802 1111 830 et
1141 792 1233 829 mala

249 854 360 892 verba
374 853 542 905 proferat,
554 852 727 904 nequesie
741 862 791 890 est
809 852 1012 891 dolendum.
1032 854 1123 891 Nam
1137 853 1233 904 quod

249 915 376 965 cuique
388 922 507 966 postea
526 923 650 951 notum
663 914 824 951 futurum
839 923 924 963 erat,
960 914 1028 951 hoc
1048 914 1124 965 jam
1156 914 1233 966 ipse

248 976 420 1014 revelavit
450 991 458 1012 ε
484 974 637 1025 indeque
675 975 841 1013 omnibus
870 989 906 1013 se
938 975 1012 1013 fide
1039 975 1230 1027 indignum

248 1038 444 1088 constituit,
463 1047 583 1090 utpote
609 1037 671 1088 qui
703 1038 866 1075 nescierit
894 1037 1052 1090 proximi
1087 1048 1228 1090 peccata

247 1107 383 1151 tegere3
404 1114 510 1150 seque
523 1100 635 1150 magis
653 1099 789 1151 pudore
814 1099 946 1149 affecit,
967 1114 1074 1150 quam
1094 1099 1226 1149 alium3

246 1174 386 1198 omnem
404 1160 581 1198 obstruxit
612 1168 769 1211 portum,
790 1173 980 1211 poenasque
1005 1159 1073 1197 sibi
1104 1173 1228 1210 graves

244 1222 281 1259 in
300 1223 421 1259 futuro
442 1221 580 1274 judicio
595 1221 749 1273 paravit.
779 1221 856 1258 Non
879 1220 973 1258 enim
994 1221 1101 1268 hunc,
1123 1230 1163 1258 ut
1182 1221 1228 1258 il-

244 1283 319 1321 lum
335 1283 592 1321 aversabuntur
610 1296 744 1331 omnes,
763 1282 823 1332 qui
839 1281 988 1333 tegenda
1001 1282 1225 1320 revelaverit.

245 1345 300 1382 Tu
321 1359 405 1382 vero
427 1358 470 1381 ne
486 1343 617 1381 reveles
638 1357 691 1390 ea,
716 1357 868 1392 quorum
885 1341 1046 1380 conscius
1080 1356 1115 1379 es
1122 1358 1132 1392 3
1164 1343 1227 1381 sed

242 1413 331 1454 tace,
348 1404 378 1442 si
397 1405 451 1443 vis
467 1404 599 1442 bonam
611 1403 742 1441 habere
756 1403 901 1440 famam.
914 1403 993 1440 Non
1009 1402 1116 1441 modo
1131 1403 1224 1441 enim
1247 1410 1270 1440 C

240 1465 436 1515 subvertes,
456 1473 490 1502 et
508 1473 602 1515 teges
615 1478 669 1514 ea,
687 1477 764 1514 quae
775 1462 869 1500 dicta
889 1472 984 1511 sunt,
1003 1462 1063 1501 sed
1077 1472 1110 1501 et
1126 1463 1225 1501 aliud

239 1527 373 1565 bonum
389 1525 591 1579 operaberis
609 1541 616 1562 :
637 1539 706 1563 non
717 1525 793 1577 jam
808 1524 914 1562 facies
930 1534 1051 1562 contra
1070 1525 1224 1577 teipsum

238 1589 321 1626 ferri
355 1587 576 1626 sententiam.
603 1587 689 1624 Tibi
711 1586 887 1638 quispiam
920 1586 1131 1625 maledicit?
1158 1588 1226 1625 Die

238 1659 278 1687 tu
298 1665 305 1686 :
319 1650 358 1687 Si
372 1649 491 1687 omnia
505 1657 638 1699 nosset,
661 1662 731 1685 non
745 1648 821 1685 haec
836 1648 952 1685 solum
968 1647 1132 1686 dixisset.
1151 1649 1225 1686 Ad-

238 1710 357 1749 mirati
389 1710 472 1748 estis
493 1724 574 1748 cum
601 1718 745 1761 stupore
771 1708 810 1746 id
827 1708 925 1759 quod
938 1709 1044 1747 dixi?
1064 1710 1136 1749 Sed
1146 1711 1225 1748 imi-

237 1771 305 1808 tari
323 1780 470 1823 oportet.
499 1770 584 1808 Ideo
600 1770 694 1807 enim
716 1769 791 1807 haec
817 1769 948 1818 omnia,
985 1785 1063 1821 quae
1092 1771 1137 1808 ab
1163 1785 1225 1810 ex-

235 1832 320 1870 teris
333 1832 467 1884 prolata
483 1840 579 1881 sunt,
600 1830 772 1878 diximus,
794 1844 864 1867 non
897 1830 994 1880 quod
1029 1831 1225 1883 Scripturae

237 1892 422 1929 innumera
438 1892 523 1929 talia
544 1905 613 1929 non
631 1890 805 1939 habeant3
822 1889 883 1928 sed
899 1890 997 1941 quod
1023 1891 1099 1929 haec
1113 1892 1226 1944 magis

238 1953 373 2006 possint
391 1952 527 2005 pudore
543 1951 760 1990 suffundere.
773 1953 864 1990 Nam
882 1952 1068 2004 Scriptura
1085 1968 1226 2005 quoque

239 2013 283 2051 ad
299 2013 473 2066 pudorem
490 2012 656 2050 inducere
671 2013 774 2062 solet7
792 2022 831 2050 ut
853 2027 934 2050 cum
948 2012 1037 2051 dicit
1057 2030 1063 2050 ε
1083 2016 1225 2053 Nonne

240 2083 276 2111 et
289 2075 434 2111 ethnici
452 2075 524 2111 hoc
526 2074 716 2126 faciunt?
739 2072 918 2125 Propheta
947 2087 1034 2111 vero
1054 2075 1225 2114 Jeremias

240 2134 334 2172 filios
353 2134 498 2172 Rechab
517 2134 554 2171 in
572 2133 733 2171 medium
749 2132 918 2183 adduxit,
942 2134 1004 2184 qui
1035 2144 1224 2187 paternum

242 2204 458 2248 praeceptum
468 2193 665 2245 transgredi
684 2194 885 2231 noluerunt.
906 2195 1100 2233 Maledixit
1110 2197 1227 2234 Maria

245 2257 383 2309 Moysi:
395 2256 501 2294 atille
513 2255 633 2293 statim
647 2255 927 2307 poenamabipsa
945 2256 1110 2308 precibus
1129 2271 1229 2295 aver-

245 2318 302 2366 tit,
336 2331 449 2368 neque
487 2316 657 2354 concessit
680 2324 720 2353 ut
748 2315 907 2363 sciretur,
938 2330 974 2354 se
1004 2316 1227 2356 vindicatum

245 2379 363 2416 fuisse.
384 2381 432 2416 At
450 2391 512 2415 nos
526 2391 596 2415 non
610 2377 679 2426 sic3
694 2375 755 2414 sed
771 2376 838 2414 hoc
869 2377 1025 2415 maxime
1043 2378 1225 2429 volumus,

248 2448 287 2478 ut
308 2439 440 2478 sciatur
459 2438 628 2490 injuriam
644 2436 876 2474 noninultam
892 2438 1011 2476 fuisse.
1032 2439 1228 2490 Quousque

246 2501 290 2540 de
304 2511 395 2539 terra
428 2500 668 2553 spirabimus?
696 2501 773 2537 Non
798 2509 911 2551 potest
930 2514 1050 2552 pugna
1079 2515 1124 2539 ex
1157 2516 1226 2539 una

246 2563 361 2601 solum
379 2571 478 2614 parte
491 2570 662 2599 constare.
678 2561 849 2598 Furentes
859 2561 888 2598 si
904 2575 949 2598 ex
968 2571 1117 2612 utraque
1126 2572 1227 2615 parte

244 2623 374 2671 trahas,
395 2622 509 2673 magis
523 2620 766 2673 exasperabi55
782 2620 810 2658 si
830 2635 849 2657 a
868 2620 1015 2659 dextera
1030 2622 1088 2659 vel
1106 2636 1126 2659 a
1138 2622 1224 2660 sini-

243 2693 327 2730 stra,
346 2684 502 2720 furorem
520 2681 730 2733 exstinguis.
748 2680 820 2727 Qui
839 2695 908 2718 non
922 2681 1114 2733 patientem
1137 2696 1223 2721 ver—

241 2744 354 2794 berat,
366 2743 479 2794 magis
491 2742 692 2789 extollitur3
704 2742 766 2792 qui
775 2740 967 2791 cedentem,
975 2743 1089 2793 magis
1100 2741 1224 2780 dissol-

240 2806 350 2855 vitur,
377 2814 410 2842 et
441 2805 479 2842 in
516 2804 634 2856 ipsum
667 2803 774 2854 plaga
803 2802 1033 2841 convertitur.
1066 2804 1144 2841 Non
1174 2803 1223 2841 ita

240 2866 467 2916 antagonistae
483 2864 560 2901 vim
572 2872 713 2915 superat
731 2862 789 2900 vir
820 2862 856 2900 in
887 2863 982 2900 omni
1001 2877 1130 2915 pugnae
1163 2878 1222 2915 ge-

239 2941 319 2964 nere
335 2927 482 2978 peritus,
502 2934 542 2963 ut
560 2924 622 2975 qui
636 2924 764 2976 injuria
780 2923 949 2973 afficitur,
964 2938 1027 2962 nec
1046 2925 1221 2977 rependit.

240 2988 470 3026 Adversarius
478 2989 572 3026 enim
584 3000 665 3024 cum
674 2985 809 3038 pudore
823 2985 972 3023 discedit
983 2986 1219 3038 improbatus,

237 3048 352 3100 primo
371 3063 390 3086 a
409 3048 552 3100 propria
572 3046 796 3093 conscientia,
810 3045 965 3084 secundo
979 3061 998 3083 a
1016 3049 1220 3098 spectatori-

236 3110 303 3147 bus
325 3110 500 3148 omnibus.
516 3109 649 3159 Estque
662 3108 699 3145 in
713 3107 902 3160 proverbio
921 3107 1108 3159 vulgatum
1125 3125 1133 3145 z
1148 3110 1219 3156 Qui

236 3170 399 3218 honorat,
418 3171 580 3223 seipsum
592 3170 754 3207 honorat.
779 3169 875 3220 Ergo
895 3179 927 3206 et
946 3171 1219 3210 contumeliosus

237 3232 301 3270 sibi
317 3232 384 3284 ipsi
399 3232 480 3269 talis
494 3240 558 3269 est.
574 3232 685 3268 Nemo
709 3244 771 3268 nos
789 3229 917 3268 laedcre
931 3230 1071 3281 poterit,
1091 3231 1217 3270 iterum

709 228 747 257 S.

279 3360 293 3381 l·
310 3356 421 3388 Morel.
441 3356 523 3388 male
542 3360 661 3393 ἀδικίας.

784 226 966 257 JOANMS
1002 224 1240 254 CHRYSOST.
1281 224 1482 252 ARCHIEP.
1519 223 1878 253 CONSTANTINOP-

1305 314 1461 360 φανεῖται
1485 309 1545 347 καὶ
1567 309 1756 360 αἰδέσιμος,
1782 312 1799 348 ὁ
1826 310 1861 347 δὲ
1887 310 2025 357 εὐτελὴς
2045 311 2150 354 ὄντως
2166 325 2174 333 “
2196 310 2235 347 τὸ
2253 309 2320 360 γὰρ

1304 368 1349 406 τὰ
1367 372 1513 407 τοιαῦτα
1532 371 1578 412 εἷς
1597 369 1690 413 τάξιν
1710 369 1855 414 ὀνείδους
1873 371 2056 424 προφέρειν
2071 402 2080 418 ,
2097 371 2214 422 γένους
2231 369 2322 408 εὐτέ-

1303 430 1399 466 λειαν
1414 428 1518 479 λέγω,
1535 436 1661 481 μικρᾶς
1674 429 1904 481 ὄντωςψυχῆς
1915 446 1922 454 ·
1943 433 1960 468 ὂ
1981 431 2016 468 δὲ
2034 431 2140 483 μέγας
2161 430 2219 468 καὶ
2236 433 2322 467 θαυ-

1307 487 1436 538 μαστὸς
1458 488 1576 536 ἔσται,
1605 489 1666 527 ἅτε
1683 488 1780 528 οὐδὲν
1798 490 1987 540 ἡγούμενος
2002 491 2041 529 τὸ
2059 496 2223 538 τοιοῦτον,
2244 491 2322 528 ἀλλ’

1305 548 1394 586 οὕτω
1415 549 1642 601 διακείμενος,
1662 553 1708 593 ὡς
1732 550 1771 588 ἂν
1792 553 1820 589 εἷ
1839 552 1984 600 ἤκουεν,
2013 552 2066 590 ὅτι
2093 553 2167 604 ἔχοι
2193 568 2226 590 τι
2253 554 2321 589 τῶν

1306 609 1418 647 ἄλλων
1440 611 1610 663 διαφέρον.
1627 610 1731 649 Ἀλλὰ
1750 612 1871 663 μοιχὸν
1891 612 1951 650 καὶ
1968 612 2013 650 τὰ
2033 613 2122 651 ἄλλα
2142 615 2228 665 ἐρεῖ,
2243 612 2322 651 Ἐν-

1306 674 1415 708 ταῦθα
1434 672 1494 709 καὶ
1515 674 1619 724 γελᾷν
1635 688 1660 724 χ
1664 672 1705 724 ρή
1719 688 1727 695 ·
1746 672 1828 711 ὅταν
1849 673 1916 725 γὰρ
1935 673 1974 712 τὸ
1989 673 2137 716 συνειδὸς
2164 674 2212 723 μὴ
2235 674 2322 725 βάλ-

1304 732 1422 780 ληται,
1442 732 1518 771 οὐδὲ
1534 733 1653 785 καιρὸν
1676 733 1716 771 ἂν
1744 734 1819 785 ἔχοι
1833 737 1850 771 ὁ
1871 734 1989 784 θυμός.
2012 733 2267 780 Ἐννοήσαντας
2286 734 2322 772 δὲ

1304 795 1365 832 καὶ
1379 795 1456 833 τίνα
1479 796 1592 848 ἐξάγει
1615 798 1661 840 εἷς
1683 796 1786 847 μέσον
1806 796 1943 850 πονηρὰ
1957 797 2015 835 καὶ
2040 797 2150 848 μιαρὰ
2169 797 2322 849 ῥήματα,

1303 856 1378 895 οὐδὲ
1411 856 1516 901 οὕτως
1553 859 1669 909 ἀλγεῖν
1702 857 1786 910 χρή.
1827 857 1942 910 ”Οπερ
1971 857 2040 910 γὰρ
2073 859 2196 909 ἔμελλε
2235 858 2324 909 μετὰ

1302 924 1412 958 ταῦτα
1439 920 1584 964 ἕκαστος
1613 921 1844 971 μαθήσεσθαι,
1876 925 1978 960 τοῦτο
2004 922 2071 969 ἤδη
2092 921 2297 973 ἐξεκάλυψεν
2313 938 2321 945 ·

1301 982 1420 1019 ἑαυτὸν
1456 982 1576 1020 λοιπὸν
1608 983 1753 1021 ἄπιστον
1787 989 1874 1021 πᾶσι
1904 982 2139 1029 κατέστησεν,
2170 983 2229 1020 ἅτε
2260 984 2322 1021 οὐκ

1299 1042 1414 1081 εἰδότα
1444 1042 1698 1093 συγκαλύπτειν
1719 1045 1763 1081 τὰ
1781 1048 1841 1081 τοῦ
1861 1043 2008 1091 πλησίον
2029 1043 2141 1090 κακὰ,
2161 1044 2221 1081 καὶ
2243 1046 2321 1082 ἑαυ-

1298 1103 1355 1141 τὸν
1388 1105 1519 1154 μᾶλλον
1550 1103 1699 1155 ’ᾔσχυνεν
1734 1103 1756 1150 ἢ
1787 1104 1921 1156 ἕτερον,
1952 1105 2012 1142 καὶ
2045 1104 2161 1142 πάντα
2195 1103 2322 1155 λιμένα

1298 1164 1514 1216 προσέχωσε,
1531 1164 1594 1208 τὰς
1614 1165 1754 1209 εὐθύνας
1776 1166 1937 1211 ἐποίησεν
1961 1168 2071 1217 ἑαυτῷ
2088 1165 2235 1218 φοὸερὰς
2263 1170 2323 1204 τοῦ

1300 1225 1485 1274 μέλλοντος
1504 1226 1696 1277 κριτηρίου.
1716 1228 1768 1265 Οὔ
1782 1227 1850 1280 γὰρ
1869 1227 1960 1265 οὕτω
1980 1230 2114 1273 τοῦτον,
2131 1229 2177 1271 ὡς
2194 1229 2321 1265 ἐκεῖνον

1297 1285 1629 1339 ἀποστραφήσονται
1649 1287 1788 1333 πάντες,
1808 1287 1896 1338 ἅπερ
1917 1287 2112 1339 ἐκκαλύψαι
2129 1289 2190 1325 οὒκ
2212 1289 2318 1339 ἐχρῆν

1298 1345 1586 1397 ἀπαμφιάσαντα.
1604 1346 1655 1384 Σὺ
1678 1348 1713 1385 δὲ
1734 1347 1841 1398 μηδὲν
1864 1347 1961 1399 εἴπῃς
1976 1342 2023 1386 ὧν
2041 1348 2209 1396 σύνοιδας,
2231 1350 2321 1387 ἀλλὰ

1298 1405 1459 1458 σίγησον,
1478 1408 1506 1444 εἷ
1524 1406 1639 1458 βούλει
1661 1406 1723 1454 τὴν
1737 1408 1905 1460 λαμπρὰν
1927 1408 2025 1452 δόξαν
2041 1408 2173 1447 λαὲεῖν.
2190 1410 2242 1447 Οὔ
2255 1409 2322 1461 γὰρ

1299 1467 1400 1518 μόνον
1429 1467 1632 1520 ἀνατρέψεις
1657 1468 1701 1506 τὰ
1718 1468 1902 1519 λεχθέντα,
1926 1469 2002 1507 οὐδὲ
2029 1469 2209 1521 καλύψεις,
2231 1469 2321 1507 ἀλλὰ

1296 1527 1355 1565 καὶ
1374 1527 1488 1581 ἕτερον
1507 1529 1637 1580 ἐργάσῃ
1659 1529 1764 1567 καλόν
1779 1545 1786 1552 ·
1813 1529 1929 1568 οὐκέτι
1947 1530 2105 1577 ποιήσεις
2132 1530 2200 1583 γὰρ
2229 1531 2320 1569 κατὰ

1296 1594 1422 1628 σαυτοῦ
1446 1589 1508 1636 τὴν
1531 1592 1644 1642 ψῆφον
1663 1591 1862 1643 ἐνεχθῆναι.
1886 1590 1931 1630 ‘O
1948 1591 2041 1630 δεῖνά
2060 1607 2098 1629 σε
2117 1593 2235 1636 κακῶς
2262 1591 2319 1630 λέ·

1295 1667 1369 1702 γει,
1390 1650 1479 1688 Εἰπὲ
1508 1650 1561 1689 σύ·
1591 1653 1620 1689 εἷ
1640 1652 1755 1689 πάντα
1783 1652 1880 1704 ᾔδει,
1900 1655 1962 1690 οὐκ
1992 1651 2032 1689 ἂν
2061 1657 2215 1690 τοσαῦτα
2243 1647 2318 1690 εἷπε

1770 1713 1797 1726 ἣν

1297 1711 1397 1762 μόνα.
1419 1711 1666 1763 Ἐθαυμάσατε
1689 1713 1749 1751 καὶ
1766 1714 1977 1764 εςεπλάγητε
2001 1714 2041 1752 τὸ
2056 1713 2320 1765 λεχθένςᾺλλὰ

1297 1776 1479 1823 μιμεῖσθαι
1494 1772 1577 1825 χρή.
1602 1772 1669 1810 Διὰ
1693 1772 1759 1825 γὰρ
1780 1778 1882 1811 τοῦτο
1902 1774 2017 1812 πάντα
2035 1777 2116 1825 ὑμῖν
2133 1774 2176 1812 τὰ
2197 1774 2319 1820 ἔξωθεν

1296 1833 1463 1886 εἰρημένα
1478 1833 1637 1885 λέγομεν,
1661 1837 1726 1886 οὐχ
1741 1837 1787 1878 ὡς
1803 1837 1864 1872 οὐκ
1879 1837 2031 1887 ἐχουσῶν
2051 1836 2158 1887 μυρία
2174 1840 2318 1874 τοιαῦτα

1295 1896 1362 1930 τῶν
1384 1894 1547 1945 Γραφῶν,
1578 1895 1655 1931 ἀλλ’
1685 1897 1732 1938 ὣς
1763 1896 1894 1944 μᾶλλον
1925 1895 2086 1949 ἐντρέγαι
2117 1896 2316 1946 δυναμένων

1295 1953 1425 1991 τούτων
1438 1969 1445 1976 ·
1466 1954 1542 1991 ἐπεὶ
1561 1954 1620 1992 καὶ
1641 1957 1662 2000 ἡ
1681 1955 1803 2008 Γραφὴ
1825 1950 1893 1993 οἶδε
1912 1955 1997 2007 πρὸς
2011 1956 2178 2008 ἐντροπὴν
2193 1957 2318 2008 λέγειν,

1297 2015 1342 2056 ὡς
1361 2014 1442 2051 ὅταν
1460 2014 1558 2066 λέγῃ·
1573 2015 1665 2067 Οὐχὶ
1681 2016 1741 2053 καὶ
1752 2019 1783 2053 οἱ
1795 2016 1921 2055 ἐθνικοὶ
1936 2017 1975 2055 τὸ
1987 2017 2066 2055 αὐτὸ
2086 2021 2261 2065 ποιοῦσιν,
2272 2017 2318 2056 ‘O

1298 2074 1333 2113 δὲ
1352 2075 1532 2127 προφήτης
1553 2075 1724 2128 Ἱερεμίας
1743 2077 1820 2120 τοὺς
1830 2082 1889 2116 τοῦ
1901 2077 2042 2130 Ῥηχὰὸ
2053 2078 2144 2122 υἱοὺς
2159 2079 2319 2132 παρήγα-

1296 2152 1354 2187 γεν
1374 2138 1420 2180 εἷς
1442 2136 1546 2187 μέσον
1573 2137 1637 2183 τὴν
1665 2139 1839 2190 πατρικὴν
1868 2139 2007 2187 ἐντολὴν
2034 2140 2238 2192 παραὸἧναι
2266 2140 2316 2190 μὴ

1297 2196 1605 2248 καταδεξαμένους.
1638 2193 1747 2237 Εἶπον
1773 2203 1891 2242 κακῶς
1925 2204 1955 2238 οἳ
1982 2201 2062 2253 περὶ
2088 2201 2229 2254 Μαρίαν
2258 2202 2317 2240 τὸν

1297 2257 1452 2304 Μωσεά,
1475 2258 1533 2296 καὶ
1564 2263 1625 2305 τῆς
1655 2261 1831 2303 κολάσεως
1861 2261 1981 2304 αὐτοὺς
2009 2262 2131 2305 εὐθέως
2152 2262 2316 2314 ἐξῄτησε,

1298 2318 1355 2355 καὶ
1370 2318 1446 2356 οὐδὲ
1461 2319 1539 2356 ὅσον
1556 2324 1678 2369 μαθεῖν
1699 2337 1806 2366 τινας,
1828 2321 1881 2359 ὅτι
1903 2321 1919 2341 b
1933 2322 2086 2364 ἐκδικίας
2103 2323 2216 2374 ἔτυχε,
2239 2340 2316 2362 συν-

1298 2378 1486 2430 εχώρησεν.
1514 2380 1605 2417 Ἀλλ’
1635 2383 1698 2432 οὐχ
1718 2384 1820 2431 ἡμεῖς
1843 2380 1972 2425 οὕτως·
2005 2382 2094 2420 ἀλλὰ
2119 2386 2220 2422 τοῦτο
2246 2385 2316 2435 μά-

1298 2443 1399 2480 λιστα
1416 2442 1608 2493 βουλόμεθα
1634 2442 1766 2487 πάντας
1794 2448 1928 2494 μαθεῖν,
1951 2444 2002 2482 ὅτι
2032 2448 2092 2484 οὐκ
2118 2448 2316 2501 ἀτιμωρητὶ

1297 2505 1486 2554 παρῆλθον.
1518 2503 1636 2556 Μέχρι
1663 2503 1751 2547 τίνος
1781 2505 1848 2543 ἀπὸ
1874 2508 1938 2555 γῆς
1964 2505 2130 2557 πνέομεν,
2161 2509 2238 2545 Οὐκ
2267 2508 2317 2546 ἔνι

1298 2564 1417 2615 μάχην
1445 2564 1476 2608 ἐξ
1500 2564 1573 2606 ἑνὸς
1603 2567 1769 2611 συστῆναι
1801 2566 1936 2617 μέρους.
1972 2565 2064 2611 Τοὺς
2091 2568 2317 2619 μαινομένους

1296 2625 1336 2662 ἂν
1355 2624 1390 2662 ,ἐζ

1376 2654 1391 2668 ς
1411 2625 1582 2675 ἑκατέρων
1601 2628 1668 2662 τῶν
1694 2629 1806 2677 μερῶν
1825 2627 1969 2679 ἑλκύσης
1983 2658 1992 2675 ,
2011 2630 2140 2678 μᾶλλον
2160 2629 2315 2682 παροξυ-

1612 2685 1820 2701 &rm-23?

1608 2701 1717 2729 οεςιας
1743 2703 1765 2732 η
1787 2703 1821 2731 ες
1848 2689 2052 2742 ἀριστερᾶς,
2083 2688 2227 2733 ἔσὸεσας
2257 2691 2315 2729 τὸν

1479 2685 1506 2700 ’,κὶ

1294 2691 1382 2728 νεῖς·
1404 2686 1442 2723 ἂν
1475 2702 1511 2724 οε
1538 2688 1575 2723 ἐκ

1295 2746 1412 2796 θυμόν.
1445 2745 1489 2784 ‘O
1509 2746 1672 2792 πλήττων
1704 2746 1743 2784 διν
1776 2747 1839 2798 μὲν
1867 2749 1930 2801 ἔχῃ
1958 2751 2015 2788 τὸν
2041 2749 2088 2800 μὴ
2115 2748 2314 2800 δεχόμενον,

1737 2808 1771 2846 δὲ
1801 2809 1959 2858 εἴκοντα,
1987 2813 2119 2860 μᾶλλον
2141 2810 2313 2859 ἐκλύεται,

1295 2809 1424 2857 μᾶλλον
1445 2808 1647 2859 ἐπαίρεται·
1670 2807 1709 2845 ἂν

1293 2867 1352 2904 καὶ
1378 2869 1424 2910 εἷς
1448 2867 1549 2905 αὐτὸν
1573 2870 1595 2913 ἡ
1615 2867 1733 2919 πληγὴ
1755 2870 2013 2922 περιτρέπεται.
2034 2871 2086 2908 Οὔ
2111 2869 2178 2922 γὰρ
2207 2870 2313 2914 οὕτως

1293 2926 1407 2965 ἐκλύει
1426 2927 1488 2974 τὴν
1508 2928 1650 2978 δύναμιν
1672 2932 1730 2965 τοῦ
1751 2931 2006 2981 ἀνταγωνιστοῧ
2026 2930 2204 2982 ἅνθρωπος
2223 2948 2313 2983 παγ-

1292 2988 1488 3040 κρατιάζειν
1508 2988 1626 3037 εἰδὼς,
1652 2991 1697 3032 ὡς
1725 2990 1902 3041 ἄνθρωπος
1929 2991 2149 3043 ὒνῖριζόμενος
2175 2993 2234 3031 καὶ
2263 2992 2311 3043 μὴ

1292 3050 1512 3101 ἀνθυὸρίζων.
1546 3051 1750 3102 Αἷσχυνθεὶς
1781 3051 1847 3103 γὰρ
1879 3054 2006 3096 ἐκεῖνος
2039 3053 2159 3090 λοιπὸν
2194 3054 2312 3092 ἄπεισι

1291 3111 1349 3148 καὶ
1379 3111 1644 3162 καταγνωσθεὶς,
1681 3114 1818 3163 πρῶτον
1853 3112 1914 3162 μὲν
1946 3115 1985 3151 ἐκ
2014 3117 2072 3151 τοῦ
2109 3116 2312 3162 συνειδότος,

1290 3172 1445 3224 δεύτερον
1462 3173 1496 3210 δὲ
1512 3172 1607 3223 παρὰ
1619 3175 1686 3210 τῶν
1702 3172 1859 3227 ὁρώντων
1870 3173 2044 3213 ἁπάντων.
2058 3176 2127 3213 Καὶ
2138 3176 2311 3228 παροιμία

1292 3234 1327 3272 δέ
1342 3234 1394 3277 τίς
1409 3235 1513 3282 ἔστιν,
1535 3232 1586 3271 ὅτι
1603 3233 1643 3280 δὴ
1661 3237 1678 3272 ὃ
1693 3238 1816 3284 τιμῶν.
1839 3235 1957 3273 ἑαυτὸν
1984 3243 2080 3288 τιμᾷ.
2099 3236 2184 3289 Ἄρα
2208 3237 2266 3275 καὶ
2294 3241 2311 3275 ὁ
