2502 3810
115 829 298 865 .laa11.3.17.

116 1135 185 1160 Art.
208 1132 235 1161 5.
257 1132 302 1161 13-

320 247 413 306 346
764 260 800 287 s.

840 257 1022 287 JOANNIS
1055 256 1293 285 CHRYSOST.
1333 258 1538 286 ARCHIEP.
1581 258 1936 290 CONSTANTINOP-

313 351 346 380 et
366 343 406 379 hi
426 341 550 379 eadem
572 339 615 376 de
644 351 748 374 causa
767 336 923 387 idipsum
947 334 1131 371 faciebant.
1152 334 1294 379 Quanta
1318 338 1342 367 C
1369 330 1462 373 οὗτοι
1490 340 1549 374 τοῦ
1570 337 1672 373 αὐτοῦ
1695 337 1814 375 τούτου
1841 339 1955 376 ἕνεκεν
1982 344 2080 378 τοῦτο
2114 341 2261 379 ἐποίουν·
2286 340 2388 385 fldem

315 401 478 439 caecitas?
495 399 542 436 Et
562 411 668 447 quare
687 395 818 433 Paulus
838 409 908 431 non
926 394 1110 445 increpat?
1127 394 1219 439 Quia
1237 394 1294 432 vi-

315 475 393 498 sum
412 460 531 496 fuisset
550 458 616 493 hoc
634 469 680 492 ex
696 454 832 491 invidia
851 453 949 501 fieri3
973 453 1052 490 ideo
1070 467 1125 491 res
1152 454 1201 491 ita
1221 453 1296 491 dis-

313 527 492 570 pensatur.
515 516 574 553 Sic
599 524 632 551 et
659 513 802 551 Christo
836 513 992 563 accidit3
1021 513 1084 551 sed
1114 521 1199 550 tunc
1227 527 1297 551 non

313 576 576 628 impediebatur
596 579 706 622 (nam
734 582 817 611 tunc
843 573 988 610 initium
1019 582 1140 610 'rerum
1166 577 1295 623 erat),

315 639 488 689 siquidem
507 647 540 675 et
561 636 671 676 Judas
691 636 750 673 fur
768 650 837 674 non
860 636 1094 674 cohibebatur
1111 651 1121 684 ;
1146 636 1298 674 Ananias

314 713 397 736 vero
416 707 449 736 et
467 698 643 749 Sapphira
663 696 837 735 interfecti
860 705 963 734 sunt:
984 696 1160 746 multique
1181 695 1298 735 Judaei

314 759 530 806 obsistentes,
541 757 631 794 nihil
639 757 732 809 passi
743 766 823 795 sunt
830 772 840 806 3
850 756 997 808 Elymas
1009 770 1093 794 vero
1103 765 1298 793 excaecatus

315 828 376 857 est.
385 821 475 856 Non
486 821 600 865 enim,
614 817 740 868 inquit,
754 820 858 865 veni,
871 817 1088 869 utjudicem
1100 816 1297 865 mundum,

316 881 383 917 sed
397 888 436 916 ut
453 880 625 917 salvetur
638 879 811 915 mundus.
826 876 921 917 Vide
935 891 1010 914 rem
1023 876 1273 914 exsecrandam
1287 891 1295 912 :

315 939 429 978 Judaei
460 939 577 977 adhuc
601 947 794 987 manentes,
826 952 870 975 ex
896 937 972 989 ipso
1005 937 1147 975 nomine
1168 936 1299 974 lucrari

314 1000 482 1038 volebant
493 999 628 1049 :itaque
640 998 757 1036 omnia
770 998 816 1036 ad
834 998 981 1050 gloriam
995 1007 1028 1035 et
1039 998 1180 1036 lucrum
1193 996 1299 1035 facie-

315 1060 413 1098 bant.
430 1059 599 1109 Undique
613 1058 696 1097 vide
712 1059 871 1096 homines
887 1072 956 1095 non
970 1058 1019 1096 ita
1032 1072 1095 1109 per
1110 1058 1211 1095 utilia
1223 1087 1234 1108 7
1258 1067 1300 1096 ut

317 1134 378 1172 per
395 1120 567 1158 terribilia
585 1119 823 1156 converti.Ex
836 1118 1022 1170 Sapphirae
1046 1118 1209 1170 exemplo
1231 1127 1300 1156 ter-

316 1196 375 1219 ror
395 1180 520 1218 incidit
538 1181 574 1217 in
588 1180 803 1228 Ecclesiam,
823 1189 857 1217 et
878 1179 940 1216 alii
966 1193 1035 1216 non
1060 1179 1238 1216 audebant
1264 1192 1301 1216 se

318 1242 528 1292 conjungere
548 1240 639 1277 illis:
660 1240 721 1276 hic
742 1239 884 1277 sudaria
905 1248 939 1277 et
963 1239 1180 1276 semicinctia
1202 1238 1299 1276 acci—

321 1303 465 1355 piebant
488 1311 520 1339 et
556 1301 771 1339 sanabantur
787 1316 796 1349 3
829 1309 862 1338 et
888 1309 1008 1352 postea
1037 1300 1226 1337 veniebant
1263 1308 1302 1337 ut

317 1363 567 1400 confiterentur
588 1370 732 1413 peccata
758 1375 832 1399 sua.
859 1360 917 1398 Ex
942 1374 996 1406 eo,
1019 1360 1114 1410 quod
1132 1359 1297 1409 insiliret,

318 1422 517 1460 ostenditur
546 1422 748 1459 daemonum
770 1435 897 1472 magna
928 1420 1090 1470 quaedam
1116 1420 1186 1469 vis,
1221 1434 1302 1457 cum

319 1492 436 1520 contra
457 1482 617 1520 infideles
645 1491 766 1533 agunt.
786 1481 833 1518 Et
865 1495 928 1518 cur
949 1495 1018 1518 non
1037 1480 1131 1517 dixit
1155 1481 1303 1532 spiritus

318 1543 432 1580 malus
448 1543 557 1589 :Quis
569 1551 619 1580 est
629 1542 758 1581 Jesus?
775 1541 837 1579 sed
851 1541 993 1578 inutilia
1008 1541 1115 1579 verba
1130 1540 1303 1592 protulit?

319 1603 501 1651 Timebat,
516 1617 559 1640 ne
578 1603 652 1654 ipse
667 1616 787 1654 poenas
803 1601 901 1638 daret
919 1601 1070 1638 :sciebat
1087 1600 1182 1637 enim
1196 1599 1303 1650 hujus

319 1664 472 1700 nominis
487 1663 621 1701 virtute
639 1675 842 1699 concessum
858 1661 926 1698 sibi
940 1661 1061 1709 fuisse,
1084 1669 1123 1697 ut
1141 1659 1303 1697 illusores

319 1724 398 1760 illos
418 1722 658 1760 ulcisceretur.
679 1722 752 1759 Cur
772 1729 890 1758 autem
903 1720 1024 1757 miseri
1040 1720 1094 1757 illi
1113 1733 1183 1757 non
1202 1718 1303 1756 dixe-

320 1791 403 1819 runt
414 1782 458 1829 ei,
469 1781 678 1819 Credimus?
689 1780 878 1818 Timebant
896 1780 1069 1818 Paulum:
1086 1793 1304 1830 quamquam

319 1842 431 1879 multo
456 1841 620 1879 clariores
639 1841 751 1878 futuri
776 1850 898 1889 erant,
921 1840 950 1878 si
967 1842 1087 1879 Jcsum
1108 1840 1304 1879 Dominum

320 1902 554 1952 agnovissent.
572 1902 618 1939 Et
636 1901 792 1952 alioquin
810 1901 861 1952 id,
880 1901 976 1952 quod
996 1901 1174 1953 Philippis
1188 1902 1304 1940 conti-

321 1963 384 2014 git,
396 1963 476 2000 illos
490 1962 703 2001 emendavit.
715 1964 774 1999 Tu
786 1976 870 2000 vero
885 1962 973 1999 mihi
989 1963 1182 2011 considera,
1199 1977 1306 2014 quam

320 2023 500 2061 modestus
515 2023 583 2060 hoc
597 2023 674 2060 loco
688 2023 733 2060 sit
754 2023 905 2074 scriptor
917 2053 927 2072 ⁷
947 2032 981 2060 ct
1001 2023 1178 2073 quomodo
1194 2024 1306 2062 histo-

320 2085 411 2122 riam
437 2084 552 2121 solum
574 2084 704 2121 scribat
721 2113 730 2132 ‚
758 2097 820 2120 nec
841 2083 1046 2135 quempiam
1067 2085 1307 2122 accuset.Hoc

1369 394 1551 446 πώρωσις;
1569 395 1639 433 Καὶ
1657 396 1691 432 τί
1707 396 1836 441 δήποτε
1853 401 1870 434 ὃ
1889 400 2028 442 Παῧλος
2043 403 2106 437 οὐκ
2123 404 2287 451 sumu&
2302 400 2390 437 εὈτι

1370 453 1480 498 ἔδοξεν
1515 455 1555 492 ἂν
1586 456 1777 505 βασκανίας
1796 451 1882 494 εἶναι
1904 458 1943 495 τὸ
1961 465 2127 510 πρᾶγμα·
2147 460 2204 498 διὰ
2222 466 2323 499 τοῦτο
2344 461 2392 497 οἷ-

1370 521 1571 566 κονομεῖται
1588 515 1685 553 οὕτω.
1704 518 1817 554 Τοῦτο
1836 518 1895 555 καὶ
1912 519 1970 556 ἐπὶ
1984 524 2045 556 τοῦ
2060 522 2213 572 Χριστοῦ
2230 520 2365 571 γέγονεν
2381 535 2389 542 ’

1371 576 1462 614 ἀλλὰ
1480 575 1559 613 τότε
1579 575 1640 626 μὲν
1667 578 1704 613 οὗ
1724 577 1897 615 κωλύεται
1916 579 2027 629 (ἀρχὴ
2046 579 2113 632 γὰρ
2131 583 2200 617 τῶν
2220 580 2392 631 πραγμά-

1370 652 1438 674 των
1457 630 1499 682 {v
1511 640 1523 684 )
1536 652 1544 660 ·
1566 636 1641 674 ἐπεὶ
1667 636 1726 674 καὶ
1745 637 1876 680 Ἰούδας
1907 638 2064 676 κλέπτων
2094 645 2109 660 ⁸
2122 642 2182 677 οὐκ
2203 640 2391 678 ἐκωλύετο·

1371 696 1526 739 Ἀνανίας
1549 696 1584 734 δὲ
1603 696 1661 734 καὶ
1681 696 1867 749 Σάπερειρα
1887 697 1948 735 καὶ
1966 699 2183 750 ἀνῃρέθησαν
2197 715 2204 723 ·
2225 700 2284 737 καὶ
2301 702 2389 737 πολ-

1371 756 1426 794 λοὶ
1453 756 1615 794 Ἰουδαῖοι
1647 756 1710 806 μὲν
1737 757 1797 794 καὶ
1828 757 2072 807 ἀνθιστάμενοι
2100 759 2197 797 οὐδὲν
2219 759 2391 809 ἔπασχον,

1371 816 1527 867 Ἐλύμας
1541 816 1576 854 δὲ
1594 817 1786 868 ἐτυφλώθη.
1803 820 1855 855 Οὐ
1873 818 1940 869 γὰρ
1956 813 2072 864 ἦλθον,
2084 820 2200 871 φησὶν,
2214 819 2270 856 ἵνα
2285 818 2393 870 κρίνω

1372 878 1429 915 τὸν
1448 877 1590 927 κόσμον,
1609 877 1685 914 ἀλλ’
1712 877 1768 914 ἵνα
1791 881 1884 928 σωθῇ
1907 881 1925 915 ὃ
1945 878 2089 929 κόσμος.
2101 879 2198 932 c'Op‘iz
2228 879 2368 932 μιαρίαν
2383 894 2392 902 ·

1371 938 1534 975 Ἰουδαῖοι
1554 937 1710 987 μένοντες
1728 937 1777 976 ἔτι
1790 968 1802 986 ,
1821 939 1890 976 ἀπὸ
1909 943 1969 976 τοῦ
1983 940 2150 990 ὀνόματος
2163 940 2394 991 χρηματίζειν

1372 998 1506 1043 ἤθελον·
1519 997 1608 1035 ὥστε
1623 998 1738 1036 πάντα
1758 998 1843 1050 πρὸς
1859 998 1957 1043 δόξαν
1979 999 2115 1038 ἐποίουν
2131 1001 2190 1037 καὶ
2208 1000 2393 1051 πορισμόν.

1372 1058 1448 1097 Θεία
1459 1062 1638 1109 πανταχοῦ
1653 1061 1718 1110 οὐχ
1730 1058 1822 1096 οὕτω
1834 1058 1912 1102 τοὺς
1927 1060 2127 1111 ἀνθρώπους
2146 1060 2395 1112 ἐπιστρεφομέ-

1371 1135 1446 1162 νους
1476 1119 1544 1156 ἀπὸ
1570 1122 1638 1156 τῶν
1666 1122 1843 1170 χρηστῶν,
1867 1122 1914 1162 ὡς
1936 1121 2005 1158 ἀπὸ
2022 1124 2092 1158 τῶν
2119 1122 2285 1172 φοὸερῶν.
2307 1119 2395 1159 ἘπὶΙ

1372 1179 1573 1232 Σαπφείρας
1583 1179 1686 1230 φόὸος
1696 1178 1860 1216 ἐπέπεσεν
1876 1181 1932 1217 ἐπὶ
1945 1179 2006 1226 τὴν
2021 1181 2247 1227 Ἐκκλησίαν,
2258 1180 2317 1218 καὶ
2332 1182 2396 1218 οὐκ

1373 1239 1526 1288 ἐτόλμων
1549 1241 1739 1276 κολλᾶσθαι
1762 1240 1893 1282 αὐτοῖς·
1916 1243 2062 1278 ἐνταῦθα
2086 1241 2253 1292 σουδάρια
2268 1241 2326 1277 καὶ
2344 1257 2394 1278 σι-

1375 1300 1528 1349 μικίνθια
1548 1299 1745 1348 ἐλάμὸανον
1774 1299 1833 1336 καὶ
1860 1301 1961 1338 ἰῶντο
1977 1330 1986 1347 ,
2007 1301 2069 1337 καὶ
2088 1299 2176 1351 μετὰ
2194 1304 2295 1338 τοῦτο
2316 1300 2394 1337 τότε

1372 1355 1474 1407 ἦλθον
1495 1359 1796 1410 ἐξομολογούμενοι
1815 1360 1877 1402 τὰς
1897 1360 2071 1412 ἁμαρτίας
2097 1363 2221 1398 αὐτῶν.
2236 1360 2320 1398 Ἀπὸ
2336 1365 2397 1398 τοῦ

1373 1421 1580 1472 ἐφάλλεσθαι
1608 1420 1781 1458 δείκνυται
1811 1424 1880 1458 τῶν
1913 1422 2085 1471 δαιμόνων
2111 1424 2132 1467 ἣ
2159 1420 2303 1470 δύναμις
2335 1436 2397 1471 με·

1372 1481 1466 1531 γᾶλη
1495 1491 1552 1523 τις·
1578 1475 1662 1518 οῧσα
1676 1509 1685 1526 ,
1704 1480 1785 1518 ὅταν
1802 1481 1887 1532 πρὸς
1907 1481 2070 1524 ἀπίστους
2091 1481 2167 1532 ἔχῃ.
2189 1481 2258 1518 Καὶ
2286 1480 2343 1518 διὰ
2361 1479 2396 1517 τί

1375 1540 1422 1591 μὴ
1444 1534 1540 1585 εἷπε,
1562 1541 1613 1583 τίς
1636 1542 1728 1578 ἐστιν
1747 1543 1765 1577 ὃ
1781 1540 1932 1588 Ἰησοῦς,
1953 1541 1992 1578 τὸ
2007 1546 2144 1591 πνεῦμα
2163 1542 2202 1579 τὸ
2223 1540 2370 1592 πονηρὸν
2384 1569 2394 1586 ,

1374 1602 1450 1638 ἀλλ’
1475 1594 1549 1638 εἶπε
1567 1601 1697 1650 μᾶλλον
1714 1599 1757 1636 τὰ
1776 1600 1925 1646 ἀνόνητα
1945 1601 2085 1652 ῥήματα
2096 1617 2106 1647 ;
2122 1601 2324 1652 Ἔφοέεῖτο,
2345 1601 2396 1651 μὴ

1374 1660 1433 1697 καὶ
1462 1660 1561 1702 αὐτὸς
1578 1659 1676 1705 δίκην
1701 1661 1767 1711 δῷ·
1785 1660 1861 1706 ἤδει
1879 1660 1945 1711 γὰρ
1958 1691 1968 1708 ,
1993 1660 2046 1698 ὅτι
2065 1661 2104 1698 τὸ
2125 1664 2396 1713 συγχωρηθῆναι

1376 1722 1468 1772 αὐτῷ
1494 1720 1641 1762 ἐκείνους
1667 1719 1865 1769 ἀμύνασθαι
1886 1720 1964 1764 τοὺς
1988 1721 2266 1765 καταπαίζοντας
2295 1723 2398 1759 αὐτοῦ

1374 1786 1473 1820 τοῦτο
1487 1781 1525 1819 τὸ
1540 1781 1649 1831 ὄνομα
1663 1780 1846 1827 πεποίηκε.
1862 1781 1930 1819 Διὰ
1946 1781 1980 1819 τί
1995 1781 2101 1820 δὲκαὶ
2115 1785 2145 1820 οἱ
2163 1782 2272 1820 ἄθλιοι
2287 1781 2335 1832 μὴ
2353 1775 2399 1819 εἷ-

1374 1858 1438 1880 πον
1459 1843 1552 1893 αὒτῷ
1564 1870 1574 1887 ,
1588 1840 1810 1891 πιστεύομεν;
1825 1839 1840 1859 ¹³
1855 1841 2095 1880 Ἐδεδοίκεσαν
2111 1844 2264 1880 Παῦλον·
2282 1842 2399 1880 καίτοι

1378 1901 1476 1953 πόσῳ
1498 1903 1629 1953 μᾶλλον
1649 1900 1887 1952 λαμπρότεροι
1902 1901 1941 1938 ἂν
1955 1897 2045 1948 ἦσαν
2062 1906 2163 1940 τοῦτο
2181 1901 2352 1950 εἰπόντες,
2370 1903 2402 1940 εἴ

1378 1978 1416 2013 γε
1435 1961 1656 2014 ᾠκειώσαντο
1673 1964 1774 1999 αὐτοῦ
1800 1961 1862 2008 τὴν
1890 1962 2104 2011 δεσποτείαν5
2123 1961 2255 2005 Ἄλλως
2275 1978 2311 1999 τε
2339 1962 2398 2000 καὶ

1378 2024 1417 2061 τὸ
1446 2026 1478 2061 ἐν
1509 2023 1702 2067 Φιλίπποις
1717 2023 1898 2074 γενόμενον
1918 2023 1978 2060 καὶ
2004 2022 2144 2065 τούτους
2172 2023 2396 2074 ἐσωφρόνισε.

1380 2083 1430 2122 Σὺ
1452 2084 1488 2122 δέ
1507 2099 1564 2134 μοι
1587 2083 1709 2122 σκόπει
1723 2087 1781 2121 τοῦ
1805 2083 2031 2136 συγγραφέως
2050 2085 2196 2121 ἐνταῦθα
2211 2082 2250 2120 τὸ
2267 2085 2399 2121 ἀνεπα-

321 2145 495 2196 apostolos
517 2145 696 2181 mirabiles
714 2143 896 2182 reddebat.
917 2145 965 2181 Et
985 2145 1086 2196 cujus
1105 2154 1218 2182 essent
1239 2145 1304 2182 filii
1321 2174 1365 2198 311
1379 2144 1477 2196 χθὲς,
1495 2144 1554 2181 καὶ
1572 2146 1646 2187 πῶς
1665 2144 1816 2194 ἱστορίαν
1833 2143 1934 2193 μόνον
1954 2143 2099 2194 γράφει,
2115 2143 2174 2181 καὶ
2191 2145 2228 2181 οὗ
2248 2143 2398 2181 &taedi-

320 2205 432 2253 dicit,
454 2214 487 2242 et
503 2218 629 2241 nomen
648 2213 682 2241 et
704 2218 913 2253 numerum,
933 2204 1021 2241 dans
1049 2204 1115 2253 iis,
1137 2204 1200 2254 qui
1224 2214 1308 2243 tunc
1331 2213 1357 2241 A
1380 2206 1570 2242 λει.Τοῧτο
1582 2203 1658 2246 τοὺς
1673 2204 1884 2246 ἀποστόλους
1898 2203 2006 2241 ἐποίει
2021 2203 2251 2253 θαυμαστούς.
2264 2205 2283 2224 *
2296 2203 2400 2242 Ἀλλὰ

323 2274 434 2314 erant,
449 2274 584 2302 certum
596 2264 807 2301 narrationis
823 2278 894 2302 suae
908 2264 1093 2303 indicium.
1103 2266 1176 2302 Cur
1190 2274 1308 2303 autem

324 2324 521 2362 circuibant
536 2324 612 2362 illi?
624 2325 731 2362 Lucri
746 2338 862 2371 causa,
874 2338 945 2362 non
957 2333 997 2361 ut
1012 2325 1161 2362 verbum
1170 2338 1307 2363 annun-

323 2384 474 2421 tiarent:
507 2384 685 2434 quomodo
710 2383 834 2421 enim?
857 2384 950 2422 Bene
977 2394 1095 2422 autem
1123 2386 1311 2423 currebant

325 2453 458 2496 postea,
475 2443 703 2495 praedicantes
718 2457 780 2495 per
798 2457 837 2481 ea
855 2458 932 2493 quae
948 2444 1311 2495 patiebantu1·.Quare

327 2505 396 2542 hoc
410 2504 593 2541 declarans
607 2504 657 2541 ait
669 2520 676 2540 :
688 2506 742 2542 Et
757 2505 1050 2555 notmnfactum
1066 2514 1120 2543 est
1138 2508 1312 2543 omnibus

324 2575 403 2603 tam
423 2566 571 2603 Judoeis
594 2580 711 2617 quam
737 2566 967 2617 gentilibus,
991 2569 1057 2618 qui
1075 2567 1309 2604 habitabant

323 2627 479 2677 Ephesi.
492 2625 871 2675 NonncsluaesQetiam
883 2626 1015 2676 eos‚qui
1027 2626 1187 2665 duriores
1197 2636 1309 2677 erant,

327 2694 533 2723 convertere
551 2684 677 2722 debuit
695 2685 712 2721 Ρ
730 2684 800 2722 Sed
815 2698 885 2722 non
905 2686 1076 2724 convertit
1091 2701 1103 2736 3
1123 2700 1186 2724 nec
1204 2687 1310 2724 mire-

322 2746 371 2784 ris
392 2763 399 2783 :
422 2746 568 2784 malitiae
588 2746 682 2783 enim
700 2746 792 2784 nihil
810 2755 861 2784 est
881 2746 977 2797 quod
996 2747 1218 2799 persuadeat.
1236 2750 1310 2800 Age

323 2821 422 2857 vero,
438 2808 506 2845 hoc
524 2807 779 2844 exorcistarum
796 2803 890 2859 opus⁵
906 2807 1089 2846 videamus
1111 2818 1250 2859 quantae
1264 2809 1311 2846 sit

322 2868 500 2917 nequitiae.
516 2868 587 2905 Cur
601 2876 720 2905 autem
734 2867 802 2904 hoc
820 2868 887 2905 sub
907 2868 1047 2906 Christo
1066 2882 1135 2906 non
1151 2868 1310 2920 contige-

323 2928 383 2974 rit,
400 2926 556 2974 alterius,
566 2940 636 2964 non
652 2926 834 2978 praesentis
848 2927 1015 2978 temporis
1031 2936 1081 2965 est
1092 2927 1308 2978 disquirere3

322 3001 448 3025 verum
470 2987 566 3038 quod
580 2988 654 3038 jam
671 2987 817 3039 pulchre
832 2996 865 3025 et
886 2987 1020 3025 utiliter
1034 2988 1175 3025 accidit.
1193 2987 1308 3027 Vide-

324 3057 382 3085 tur
396 3049 489 3086 enim
509 3049 588 3086 illos
606 3048 776 3086 irridendi
794 3062 898 3086 causa
915 3048 983 3085 hoc
996 3048 1141 3098 fccisse3
1160 3048 1309 3098 ideoque

326 3108 552 3159 plectuntur:
575 3108 622 3145 ita
647 3117 685 3145 ut
713 3108 860 3160 posthae
886 3122 987 3146 nemo
1013 3108 1159 3146 auderet
1182 3116 1310 3147 temere

327 3234 449 3264 mimus
466 3244 481 3265 ιζ
496 3233 535 3264 D.
555 3233 671 3266 Caeteri
687 3234 724 3265 A.
738 3235 774 3266 B.
787 3234 824 3268 C.
839 3243 953 3267 carent
969 3234 1094 3277 verbis,
1113 3240 1158 3275 ὡς.
1171 3261 1192 3268 ..
1210 3242 1329 3279 συνάγε-

330 3289 404 3316 σθαι,
427 3282 532 3314 tidem
554 3291 587 3315 et
613 3285 645 3315 in
668 3285 827 3325 proximis
849 3285 1013 3328 lacunosi‚
1033 3286 1090 3319 ubi
1114 3287 1264 3332 quaedam
1282 3288 1329 3321 lc-

327 3335 417 3366 iiora
437 3344 497 3374 ope
514 3334 596 3365 Cod.
618 3336 657 3366 D.
677 3336 952 3378 emendavimus]

373 3394 385 3408 ἢ
411 3385 502 3416 Unus
519 3388 549 3418 οὐ
566 3388 719 3419 κωλύεται-

1381 2265 1471 2306 τίνος
1486 2259 1572 2310 ἦσαν
1593 2264 1659 2301 υἱοὶ
1674 2294 1683 2310 ,
1702 2264 1742 2301 τὸ
1756 2264 1863 2312 ὄνομα
1881 2263 1975 2314 λέγει
1998 2263 2057 2300 καὶ
2077 2264 2134 2301 τὸν
2157 2264 2302 2316 ἀριθμόν
2317 2281 2324 2287 ·
2345 2266 2401 2302 δι-

1383 2324 1458 2367 δοὺς
1473 2330 1542 2366 τοῖς
1555 2323 1632 2360 τότε
1647 2323 1833 2374 τεκμήριον
1852 2323 2049 2366 ἀξιόπιστον
2074 2318 2120 2360 ὧν
2143 2324 2279 2375 ἔγραφε.
2297 2325 2400 2368 Τίνος

1384 2384 1419 2421 δὲ
1439 2384 1551 2422 ἕνεκεν
1573 2383 1631 2421 καὶ
1655 2383 1903 2435 περιήρχοντο;
1920 2383 2115 2434 Ἐμπορίας
2131 2384 2235 2434 χάριν
2249 2399 2256 2406 ·
2276 2386 2313 2421 οὐ
2331 2385 2399 2436 γὰρ

1384 2445 1424 2491 δὴ
1443 2444 1500 2481 τὸν
1524 2443 1624 2494 λόγον
1645 2444 1938 2494 καταγγέλλοντες
1953 2459 1961 2466 ·
1987 2446 2061 2486 πῶς
2090 2444 2178 2496 γάρ;
2211 2445 2335 2487 Καλῶς
2363 2444 2399 2483 δὲ

1384 2505 1523 2556 ἔτρεχον
1542 2504 1673 2550 λοιπὸν,
1702 2503 1926 2556 κηρύττοντες
1955 2505 1998 2541 δι’
2030 2498 2076 2541 ὧν
2107 2504 2272 2556 ἔπασχρν.
2292 2504 2398 2543 ζὈθεν

1383 2569 1482 2602 τοῦτο
1496 2566 1624 2610 δηλῶν,
1647 2564 1715 2602 Καὶ
1735 2563 1886 2614 ἐγένετο,
1903 2564 2004 2615 φησι,
2023 2564 2175 2613 γνωστὸν
2190 2571 2297 2603 πᾶσιν
2309 2565 2399 2603 Ἰου-

1384 2624 1491 2667 δαίοις
1511 2639 1548 2661 τε
1571 2624 1630 2662 καὶ
1643 2623 1797 2670 υΕλλτβι
1824 2629 1894 2666 τοῖς
1920 2629 2119 2662 κατοικοῦσι
2148 2624 2211 2670 τὴν
2230 2624 2395 2676 Ἔφεσον.

1383 2687 1495 2722 Τοῦτο
1509 2684 1584 2735 οὐχὶ
1599 2684 1657 2721 καὶ
1669 2683 1746 2726 τοὺς
1763 2683 2061 2734 σκληρυνομένους
2074 2684 2279 2737 ἐπιστρέψαι
2292 2685 2398 2736 ὤφει-

1382 2747 1454 2794 λεν,
1475 2745 1548 2782 εἶπέ
1568 2759 1647 2794 μοις
1673 2744 1761 2781 Ἀλλ’
1787 2746 1848 2782 οὐκ
1867 2745 2067 2796 ἐπέστρεψε.
2088 2744 2159 2782 Καὶ
2189 2744 2236 2794 μὴ
2267 2746 2398 2795 θαυμά-

2187 2804 2214 2818 ΝΚ

1382 2822 1444 2856 σῃς
1457 2821 1464 2828 ·
1493 2805 1554 2851 τὴν
1573 2804 1639 2856 γὰρ
1658 2805 1782 2842 κακίαν
1807 2804 1904 2842 οὐδὲν
1923 2805 2046 2843 πείθει.
2066 2804 2160 2855 Φέρε
2184 2814 2218 2842 οε
2238 2805 2298 2843 καὶ
2318 2807 2400 2844 αὐτὸ

1379 2868 1418 2905 τὸ
1433 2869 1499 2904 τῶν
1518 2866 1722 2916 ἐξορκιστῶν
1747 2866 1875 2914 ἴδωμεν
1892 2865 1972 2910 ὅσης
1992 2864 2065 2902 ἐστὶ
2091 2865 2226 2908 κακίας.
2245 2865 2347 2909 Τίνος
2363 2866 2399 2904 δὲ

1380 2926 1493 2964 ἕνεκεν
1523 2926 1580 2963 ἐπὶ
1612 2928 1670 2962 τοῦ
1703 2926 1856 2976 Χριστοῦ
1887 2928 1988 2962 τοῦτο
2019 2923 2067 2973 μὴ
2096 2924 2246 2976 γέγονεν,
2283 2925 2398 2977 ἑτέρου

1381 2990 1500 3038 καιροῦ
1514 3016 1523 3033 ,
1543 2986 1601 3023 καὶ
1619 2987 1656 3023 οὗ
1675 2989 1731 3022 τοῦ
1747 2984 1914 3036 παρόντος
1930 2986 2076 3030 ζητῆσαι
2090 3001 2096 3007 ·
2113 2985 2205 3031 πλὴν
2218 2985 2272 3023 ὅτι
2285 2987 2400 3029 καλῶς

1381 3052 1480 3085 τοῦτο
1499 3048 1645 3084 ἐνταῦθα
1673 3044 1791 3096 γέγονε
1811 3045 1870 3082 καὶ
1888 3044 2084 3097 χρησίμως.
2105 3045 2208 3096 Ἐμοὶ
2242 3046 2275 3083 δὲ
2308 3047 2400 3084 δοκεῖ

1381 3106 1611 3159 χλευάζοντας
1631 3105 1750 3148 αὐτοὺς
1771 3109 1871 3143 τοῦτο
1899 3111 2008 3143 ποιεῖν
2025 3121 2032 3128 ·
2051 3105 2126 3144 ὅθεν
2145 3111 2400 3158 τιμωροῦνται,

1439 3236 1454 3260 b
1479 3236 1541 3267 Hic
1566 3235 1597 3266 in
1627 3245 1693 3266 uno
1710 3233 1832 3267 Codice
1849 3234 1956 3266 omnis
1973 3234 2037 3266 fere
2054 3235 2150 3266 series
2167 3243 2313 3267 mutatur
2329 3237 2397 3268 sine

1397 3287 1463 3319 ullo
1479 3287 1511 3318 in
1530 3298 1623 3318 sensu
1641 3284 1841 3318 discrimlne.

1440 3339 1455 3355 ’³
1482 3338 1632 3379 [lterum
1651 3335 1755 3370 turbae
1773 3344 1803 3368 et
1819 3335 1966 3368 descetus
1981 3338 2013 3369 iu
2032 3337 2218 3380 tergeminis
2234 3338 2268 3369 A.
2286 3338 2320 3369 R.
2342 3338 2397 3378 C}
