2502 3810
238 1781 327 1809 Fides

139 1824 306 1850 obediontia

141 1875 214 1900 opus
230 1864 327 1895 habet,

141 1917 199 1932 uon
213 1906 328 1942 perqui-

141 1955 258 1974 sitione.

772 255 810 285 S.

332 260 421 307 700

328 356 378 385 se,
394 348 427 378 et
450 345 541 376 stare
560 333 718 385 quidem,
746 333 806 370 sed
826 339 999 369 nutantes.
1018 329 1157 367 Deinde
1181 337 1221 365 ut
1239 326 1311 364 fide

330 401 479 450 dignum
510 395 636 433 reddat
657 406 866 441 sermonem,
887 391 1022 443 adjicit,
1041 392 1094 428 Et
1122 389 1311 441 proedica-

328 463 469 498 tionem
483 458 577 494 Jesu
599 456 769 498 Christi;
791 453 828 490 id
847 462 912 501 est,
932 451 1005 504 ipse
1027 449 1248 503 praedicavit.
1270 448 1309 486 Si

326 519 401 570 ipse
418 515 640 569 praedicavit,
662 528 731 551 non
755 522 873 551 nostra
890 521 971 549 sunt
988 511 1170 561 dogmata,
1185 509 1249 547 sed
1267 507 1312 545 il-

326 579 396 616 lius
418 578 522 628 leges.
542 574 750 624 Deindeque
768 573 812 611 de
839 573 900 610 illa
917 571 1167 624 praedicatione
1194 569 1312 622 philo-

327 638 495 690 sophans,
514 635 666 674 ostendit
685 635 806 672 multae
826 633 1066 671 beneticentiae
1089 646 1162 669 esse
1177 630 1312 668 donum

326 699 437 747 istud,
454 698 626 748 multique
638 697 793 734 honoris.
814 695 861 733 Et
876 695 992 747 primo
1012 693 1157 744 quidem
1174 693 1220 730 ab
1236 692 1313 744 ipso

327 759 543 812 praedicante
561 758 628 794 boc
644 756 785 809 probat,
798 754 998 805 deindeque
1016 754 1061 791 ab
1077 753 1210 803 iis‘quae
1223 766 1314 804 prae-

327 821 563 858 dicabantur:
584 817 767 868 evangelia
798 816 891 854 enim
906 824 1016 853 erant.
1039 815 1096 852 Ad
1123 814 1198 851 haec
1216 827 1313 861 vero,

329 896 375 920 ex
404 896 443 919 eo
469 879 565 932 quod
585 879 717 917 nemini
748 887 829 916 nota
858 878 1005 915 fuissent
1034 885 1115 914 ante
1143 866 1220 913 nosss
1238 875 1315 912 Hoc

330 957 436 996 porro
455 940 697 980 subindicavit
712 939 860 977 dicens:
879 939 1095 977 Secundum
1111 937 1316 975 revelatio-

332 1018 416 1042 nem
437 1004 613 1052 mysterii
623 1018 637 1047 ,-
653 1000 752 1052 quod
772 1009 865 1037 certe
884 998 1050 1036 amicitiae
1080 997 1248 1035 maximae
1267 997 1317 1034 si—

333 1079 443 1116 gnum
453 1073 516 1109 est,
533 1062 628 1113 quod
642 1076 704 1100 nos
715 1060 963 1113 mysteriorum
978 1058 1168 1111 participes
1181 1057 1315 1105 fecerit,

332 1135 367 1164 et
381 1126 557 1164 neminem
575 1133 655 1162 ante
673 1137 749 1160 nos.
772 1123 1018 1173 Temporibus
1048 1122 1200 1157 oeternis
1220 1120 1319 1157 taci-

335 1190 378 1234 ti,
401 1187 644 1239 manifestati
665 1193 793 1221 autem
813 1196 928 1220 nunc.
947 1181 1045 1219 Olim
1065 1180 1211 1231 quidem
1226 1193 1318 1231 prae-

335 1247 524 1285 definitum
553 1254 640 1292 erat,
656 1258 750 1281 nunc
782 1251 900 1280 autem
929 1241 1110 1293 apparuit.
1128 1239 1319 1286 Quomodo

335 1306 527 1359 apparuit?
543 1307 621 1343 Per
638 1305 858 1355 Scripturas
876 1303 1133 1354 propheticas.
1151 1300 1219 1337 Hic
1232 1315 1318 1337 rur-

336 1383 417 1407 sum
443 1377 576 1405 metum
595 1366 729 1403 infirmi
747 1365 872 1415 abigit.
897 1363 995 1409 Quid
1021 1363 1114 1401 enim
1138 1363 1264 1399 times?
1279 1376 1320 1399 ne

336 1429 480 1467 deficias
498 1427 636 1478 alege?
656 1426 731 1463 Hoc
750 1425 827 1462 vult
856 1425 926 1472 lex,
940 1425 1008 1461 hoc
1024 1424 1099 1474 jani
1120 1422 1206 1460 olim
1231 1436 1321 1473 prae-

336 1489 444 1527 dixit.
467 1488 506 1526 Si
523 1496 640 1524 autem
653 1484 913 1524 examinaveris
930 1498 994 1521 cur
1007 1496 1101 1520 nunc
1120 1482 1319 1519 manifesta-

338 1558 414 1586 tum
433 1549 480 1586 sit
501 1563 509 1584 :
529 1561 596 1585 non
617 1556 732 1583 tutam
752 1559 826 1582 rem
851 1544 952 1592 facis,
971 1557 1053 1580 cum
1073 1542 1241 1593 mysteria
1256 1542 1322 1580 Dei
1344 1551 1367 1581 B

338 1609 475 1647 curiose
507 1607 672 1658 inquiris,
695 1616 728 1644 et
745 1606 897 1643 rationes
925 1604 1054 1655 exigis.
1079 1605 1202 1654 'Neque
1230 1602 1325 1641 enim

338 1672 422 1709 talia
438 1671 574 1708 curiose
592 1668 829 1708 examinanda
845 1676 939 1714 sunt,
955 1666 1017 1704 sed
1031 1664 1182 1702 amanda
1201 1674 1234 1702 et
1250 1679 1325 1702 am-

340 1732 535 1785 plectenda.
558 1731 711 1781 Ideoque
731 1729 801 1767 hoc
828 1728 937 1765 animi
958 1727 1181 1779 propositum
1213 1726 1326 1764 refre-

341 1807 443 1843 nans,
480 1791 608 1844 adjecit
639 1807 647 1828 :
673 1790 890 1829 Secundum
925 1797 1159 1840 proeceptum
1194 1788 1328 1824 aeterni

344 1857 433 1905 Dei,
454 1856 508 1893 ad
520 1854 774 1892 obedientiam
782 1853 896 1904 fidei.
917 1849 1022 1888 Fides
1043 1849 1137 1888 enim
1162 1848 1330 1886 obedien-

344 1918 393 1955 tia
408 1931 497 1969 opus
514 1916 635 1962 habet,
652 1929 721 1952 non
738 1914 875 1951 curiosa
888 1911 1144 1964 perquisitione
1163 1926 1170 1947 :
1190 1925 1229 1948 ac
1249 1924 1331 1948 cum

345 1980 442 2016 Deus
473 1977 648 2030 praecipst,
680 1974 824 2014 obedire
837 2004 844 2018 ‚
878 1987 948 2011 non
980 1974 1118 2010 curiose
1152 1971 1332 2022 inquirere

345 2047 496 2091 oportet.
519 2037 658 2075 Deinde
686 2034 830 2073 aliunde
859 2034 938 2071 illos
968 2033 1156 2070 confirmat
1186 2032 1331 2069 dicens:

344 2103 395 2138 In
413 2102 561 2138 cunctis
579 2100 756 2151 gentibus
775 2098 930 2148 cogniti.
949 2096 1073 2144 Neque
1102 2094 1196 2131 enim
1217 2103 1256 2130 tu
1276 2107 1332 2131 so-

344 2161 413 2210 lus,
433 2160 494 2199 sed
511 2160 699 2198 universus
720 2158 816 2195 orbis
836 2157 886 2194 ita
906 2156 1029 2204 credit,
1050 2169 1119 2193 non
1147 2154 1333 2192 hominem
1354 2159 1378 2190 C

346 2222 407 2261 sed
426 2225 544 2260 Deum
562 2221 697 2258 habens
723 2220 916 2258 doctorem.
934 2218 1159 2269 Quapropter
1174 2217 1305 2268 adjecit
1325 2233 1333 2254 :

347 2288 424 2323 Per
439 2287 573 2323 Jesum
589 2285 798 2322 Christum.
814 2283 893 2319 Non
914 2282 1094 2332 cognitum
1122 2288 1240 2317 autem
1268 2280 1337 2317 suit

347 2354 502 2395 tantum,
521 2344 583 2382 sed
610 2345 717 2381 etiam
747 2342 997 2380 confirmatum
1017 2357 1024 2377 :
1041 2349 1231 2390 utrumque
1252 2354 1336 2378 vero

347 2405 461 2457 ipsius
475 2418 562 2456 opus
581 2412 643 2441 est.
660 2403 816 2453 Ideoque
830 2402 879 2439 ita
900 2400 1093 2451 legendum
1109 2409 1161 2437 est
1178 2417 1185 2436 :
1207 2399 1252 2437 Ei
1273 2414 1337 2437 au-

348 2477 419 2506 tem
433 2468 493 2518 qui
508 2476 624 2520 potest
634 2480 698 2505 vos
712 2465 921 2503 confirmare
934 2478 996 2515 per
1006 2465 1026 2502 J
1029 2477 1128 2500 esum
1141 2462 1336 2501 Christum.

349 2531 456 2579 Nam,
478 2539 517 2566 ut
538 2528 633 2574 dixi,
657 2536 848 2577 utrumque
865 2526 931 2577 ipsi
948 2524 1144 2573 adscribit3
1158 2524 1230 2561 imo
1253 2538 1336 2563 vero

350 2604 422 2628 non
441 2599 631 2640 utrumque
653 2596 804 2635 tantum,
825 2585 886 2624 sed
904 2595 936 2623 et
956 2586 1108 2636 gloriam
1127 2585 1162 2623 in
1182 2585 1337 2622 Patrem.

350 2654 504 2704 Ideoque
534 2652 628 2690 dixit
646 2666 653 2687 τ
672 2652 745 2689 Cui
774 2650 901 2701 gloria
932 2651 974 2685 in
1006 2649 1164 2686 saeczcla.
1191 2648 1336 2685 Amen.

352 2714 540 2753 Glorificat
560 2713 666 2750 etiam
684 2711 729 2749 de
747 2709 1172 2762 incomprehensibilitate
1201 2717 1339 2761 myste-

350 2775 487 2813 riorum
523 2774 651 2811 horum
680 2772 907 2824 stupefactus.
949 2771 1071 2821 Neque
1101 2770 1196 2808 enim
1232 2769 1339 2807 etiam

351 2850 445 2875 nunc
473 2844 659 2888 postquam
689 2841 942 2886 apparuerunt,
969 2831 1245 2882 cogitationibus
1278 2831 1339 2868 illa

353 2896 606 2949 comprehendi
629 2904 791 2948 possunt,
810 2894 871 2932 sed
904 2907 969 2945 per
1001 2892 1112 2930 fidem
1141 2892 1202 2930 illa
1238 2907 1341 2931 nosse

352 2967 510 3011 op01·tet;
529 2957 599 2995 alio
628 2965 746 2994 autem
776 2954 884 2992 modo
903 2968 972 2991 non
992 2954 1085 2991 licet.
1113 2955 1207 2992 Bene
1227 2953 1338 3003 dixit,

351 3020 433 3058 Soli
458 3020 624 3070 sapienti
653 3019 750 3055 Deo.
773 3016 865 3053 Cum
896 3014 990 3052 enim
1017 3013 1251 3065 cogitaveris,
1267 3027 1339 3065 quo

352 3089 456 3132 pacto
476 3088 594 3131 gentes
624 3077 820 3126 induxerit,
844 3085 878 3114 et
909 3089 991 3113 cum
1011 3075 1090 3113 aliis
1115 3074 1201 3112 olim
1230 3075 1341 3126 probe

354 3140 556 3178 viventibus
569 3138 844 3183 commiscuerit,
857 3135 1035 3188 quomodo
1048 3135 1250 3187 desperatos
1268 3150 1340 3174 ser-

354 3201 461 3253 varit,
481 3200 660 3252 quomodo
680 3209 773 3238 terra
793 3198 957 3251 indignos
978 3198 1015 3236 in
1041 3198 1165 3237 caelum
1188 3196 1340 3236 induxe-

400 3340 412 3354 ὃ
430 3331 621 3375 [φιλοσοφίας
635 3330 671 3362 Α.
687 3336 721 3362 et
736 3339 842 3372 marg.
860 3327 978 3370 Savil.]

401 3383 418 3405 b
435 3381 523 3413 Alius
541 3388 661 3420 πίστεως
679 3387 831 3423 ἐπιγνῶναι
848 3391 918 3426 χρή.
943 3381 1013 3422 [Sic
1031 3380 1067 3410 Α.
1088 3385 1121 3411 ΕΙ.
1138 3389 1241 3421 marg.
1257 3377 1358 3411 Savil.

1331 849 1372 916 “ig
1384 868 1553 919 γνωρίσαι
1566 868 1634 919 πρὸ
1652 871 1766 918 ἡμῶν.
1786 869 1901 905 Τοῦτο
1919 872 1997 919 γοῦν
2014 867 2154 919 ᾐνίξατο
2173 866 2292 914 εἰπὼν,
2309 864 2412 904 Κατὰ

849 249 1031 283 JOANNIS
1065 240 1306 278 CHRYSOST‘.
1348 244 1549 274 ARCHIEP.
1586 242 1941 274 CONSTANTINOP.

1383 324 1458 376 μὲν,
1473 324 1677 363 ἐσαλεύοντο
1692 324 1741 361 δέ.
1770 318 1861 361 Εἶτα
1874 326 1982 361 ποιῶν
1999 323 2057 362 τὸν
2070 323 2172 375 λόγον
2189 323 2401 369 ἀξιόπιστον,

1382 386 1549 436 ἐπήγαγε,
1570 384 1640 423 Καὶ
1660 384 1698 422 τὸ
1716 384 1880 435 κήρυγμα
1896 384 2011 430 Ἰησοῦ
2028 383 2192 435 Χριστοῦ·
2209 384 2403 428 τουτέστιν,

1383 446 1401 483 ὃ
1416 446 1516 488 αὐτὸς
1535 444 1709 498 ἐκήρυξεν.
1743 446 1785 482 Εἰ
1805 443 1841 481 δὲ
1861 443 1959 487 αὐτὸς
1975 442 2151 495 ἐκήρυξεν,
2169 445 2233 494 οὐχ
2249 443 2405 493 ἡμέτερα

1382 506 1426 544 τὰ
1449 505 1606 557 δόγματα
1621 536 1630 553 ,
1651 506 1728 542 ἀλλ’
1762 504 1892 542 ἐκείνου
1922 507 1952 543 οἱ
1984 504 2094 554 νόμοι.
2129 505 2337 555 Φιλοσοφῶν
2370 503 2406 540 δὲ

1382 566 1503 604 λοιπὸν
1523 566 1582 604 καὶ
1599 566 1679 616 περὶ
1699 568 1758 603 τοῦ
1779 564 2003 615 κηρύγματος
2020 593 2030 611 ,
2053 563 2223 602 δείκνυσιν
2250 564 2303 601 ὅτι
2321 564 2408 601 πολ-

1384 629 1447 672 λῆς
1467 626 1662 677 εὐεργεσίας
1678 629 1779 663 τοῦτο
1794 625 1833 663 τὸ
1849 626 1971 676 δῶρον,
1993 624 2053 662 καὶ
2068 626 2200 671 πολλῆς
2211 627 2274 671 τ’ῆς
2289 627 2408 674 τιμῆς.

1385 688 1455 726 Καὶ
1474 691 1611 739 πρῶτον
1629 686 1693 737 μὲν
1710 686 1779 724 ἀπὸ
1797 690 1856 723 τοῦ
1876 686 2169 738 καταγγείλαντος
2186 689 2285 723 τοῦτο
2304 700 2410 722 κατα-

1386 748 1543 792 σκευάζει
1559 777 1568 794 ,
1589 748 1711 786 ἔπειτα
1723 747 1781 784 καὶ
1798 749 1859 785 ἀπ’
1881 749 1993 784 αὐτῶν
2007 748 2076 784 τῶν
2093 745 2408 797 καταγγελθέντων·

1385 808 1569 859 εὐαγγέλια
1597 808 1665 860 γὰρ
1700 802 1754 854 ἦν.
1788 807 1885 860 Πρὸς
1912 806 2044 850 τούτοις
2057 837 2066 855 ,
2097 807 2166 844 ἀπὸ
2196 812 2255 845 τοῦ
2288 805 2411 856 μηδενὶ

1394 928 1614 980 ἀποκάλυψιν
1642 927 1832 979 μυστηρίου
1845 943 1853 951 ·
1875 927 1960 980 ὅπερ
1981 928 2147 979 μεγίστης
2168 933 2182 948 ²¹
2197 926 2313 979 φιλίας
2344 942 2413 973 ση-

1388 989 1484 1041 μεῖόν
1507 991 1582 1027 ἐστι
1597 1017 1606 1035 ,
1638 990 1676 1026 τὸ
1696 988 1896 1040 μυστηρίων
1914 995 2026 1027 ποιεῖν
2041 987 2224 1031 κοινωνοὺς
2239 1019 2249 1035 ,
2269 987 2327 1025 καὶ
2344 1003 2412 1037 μη-

1388 1050 1468 1088 δένα
1488 1050 1556 1102 πρὸ
1571 1052 1686 1100 ἡμῶν.
1706 1049 1852 1101 Χρόνοις
1869 1050 2020 1093 αἰωνίοις
2040 1049 2288 1102 σεσιγημένου,
2308 1062 2412 1100 φανε-

1390 1112 1556 1163 ρωθέντος
1587 1110 1622 1149 δὲ
1652 1116 1722 1149 νῦν.
1753 1110 1873 1148 Πάλαι
1895 1111 1956 1161 μὲν
1977 1111 2044 1162 γὰρ
2060 1111 2257 1163 προώριστο
2272 1139 2283 1158 ,
2305 1107 2413 1160 ἐφάνη

1390 1172 1425 1210 δὲ
1441 1177 1512 1209 νῦν.
1545 1173 1628 1214 Πῶς
1649 1171 1784 1223 ἓφάνη5
1817 1171 1884 1209 Διὰ
1901 1173 2051 1223 Γραφῶν
2076 1171 2314 1223 προφητικῶν.
2337 1169 2416 1206 Ἐν-

1389 1236 1499 1270 ταῦθα
1521 1233 1627 1270 πάλιν
1646 1230 1760 1269 ἐκλύει
1781 1231 1839 1269 τὸν
1867 1232 1971 1282 edema
1991 1235 2051 1268 τοῦ
2074 1232 2247 1272 ἀσθενοῦς.
2274 1228 2322 1267 Τί
2349 1227 2416 1280 γὰρ

1392 1293 1567 1340 δέδοικας,
1601 1292 1649 1343 μὴ
1682 1295 1839 1343 ἀποστῇς
1868 1296 1927 1329 τοῦ
1959 1292 2088 1341 νόμου,
2119 1293 2234 1329 Τοῦτο
2256 1289 2417 1341 βούλεται

1391 1358 1408 1392 ὃ
1436 1354 1558 1404 νόμος,
1589 1357 1691 1391 τοῦτο
1719 1353 1848 1390 ἄνωθεν
1877 1352 2078 1404 προύλεγεν.
2107 1354 2151 1390 Εἰ
2174 1351 2284 1389 δὲκαὶ
2304 1349 2418 1393 ἐξετά-

1393 1417 1459 1458 ζεις
1488 1413 1544 1451 διὰ
1577 1413 1611 1449 τί
1643 1416 1700 1449 νῦν
1735 1411 1960 1463 ἐφανερώθη,
1995 1413 2057 1448 οὐκ
2089 1410 2241 1463 ἀσφαλὲς
2271 1416 2420 1461 πρᾶγμα

1393 1479 1516 1520 ποιεῖς,
1539 1472 1715 1523 μυστήρια
1735 1474 1827 1510 Θεοῦ
1848 1471 2158 1524 περιεργαζόμενος
2171 1502 2181 1519 ,
2202 1471 2263 1508 καὶ
2281 1470 2421 1512 εὐθύνας

1395 1537 1574 1572 ἀπαιτῶν·
1595 1532 1670 1570 οὐδὲ
1697 1531 1765 1584 γὰρ
1791 1532 2098 1585 πολυπραγμονεῖν
2125 1532 2169 1570 τὰ
2187 1536 2329 1569 τοιαῦτα
2356 1531 2420 1577 δεῖ,

1395 1597 1472 1634 ἀλλ’
1488 1597 1624 1646 ἀγαπᾷν
1642 1594 1702 1631 καὶ
1717 1593 1884 1645 στέργειν.
1913 1594 1977 1632 Διὸ
1997 1594 2056 1632 καὶ
2073 1594 2172 1637 αὐτὸς
2189 1591 2420 1642 ἐπιστομίζων

1394 1656 1457 1702 τὴν
1486 1655 1648 1701 τοιαύτην
1674 1653 1817 1706 γνώμην
1842 1654 2017 1705 ἐπήγαγε,
2052 1657 2141 1694 Κατ’

2167 1657 2177 1668 3

2163 1653 2329 1705 επιταγὴν
2362 1657 2422 1691 τοῦ

1398 1715 1535 1754 αἰωνίου
1565 1718 1657 1754 Θεοῦ
1672 1745 1681 1762 ,
1713 1717 1759 1758 εἰς
1781 1715 1938 1761 ὑπακοὴν
1960 1715 2123 1758 πίστεως.
2155 1715 2335 1760 Ὕπακοῆς
2355 1712 2423 1765 γὰρ

1396 1780 1418 1823 ἦ
1436 1777 1552 1819 πίστις
1575 1777 1705 1824 δεῖται,
1723 1777 1760 1813 οὗ
1776 1775 2115 1829 πολυπραγμοσύνης
2130 1792 2138 1800 ·
2160 1775 2220 1814 καὶ
2238 1774 2318 1812 ὅταν
2334 1774 2424 1816 Θεὸς

1400 1838 1595 1888 ἐπιτάττῃ,
1618 1837 1820 1883 πείθεσθαι,
1852 1840 1888 1875 οὔ
1918 1838 2204 1890 περιεργάζεσθαι
2223 1836 2306 1888 χρή.
2333 1829 2424 1873 Εἶτα

1400 1899 1460 1937 καὶ
1481 1898 1644 1952 ἑτέρωθεν
1667 1897 1786 1941 αὐτοὺς
1807 1898 2064 1950 παραθαρρύνει
2084 1898 2211 1950 λέγων·
2233 1899 2294 1940 Εἷς
2309 1897 2425 1935 πάντα

1401 1961 1446 1999 τὰ
1468 1960 1546 2007 ἔθνη
1574 1958 1832 2013 γνωρισθέντος.
1864 1960 1916 1997 Οὐ
1937 1959 2004 2011 γὰρ
2025 1959 2065 1996 σὺ
2087 1959 2209 2010 μόνος,
2231 1959 2307 1996 ἀλλ’
2329 1960 2350 2003 ἡ
2371 1959 2425 1994 οἷ-

1402 2021 1554 2072 κουμένη
1581 2027 1679 2058 πᾶσα
1710 2019 1798 2057 οὕτω
1828 2019 2004 2066 πιστεύει,
2037 2023 2100 2058 οὐκ
2120 2020 2312 2070 ἄνθρωπον,
2337 2016 2428 2056 ἀλλὰ

1404 2083 1494 2121 Θεὸν
1527 2077 1683 2120 λαέοῦσα
1717 2080 1936 2119 διδάσκαλον.
1973 2080 2034 2118 Διὸ
2061 2080 2121 2119 καὶ
2148 2080 2328 2130 ἐπήγαγε,
2359 2077 2428 2116 Διὰ

1404 2142 1521 2189 Ἰησοῦ
1544 2144 1708 2194 Χριστοῦ.
1745 2143 1822 2179 Οὐκ
1845 2141 2035 2193 ἐγνωρίσθη
2062 2140 2097 2178 δὲ
2119 2141 2235 2192 μόνον,
2261 2139 2351 2178 ἀλλὰ
2370 2139 2429 2177 καὶ

1405 2202 1599 2249 ἐὸεὲαιώθη
1617 2218 1625 2225 ·
1647 2201 1829 2254 ἀμφότερα
1851 2202 1886 2239 δὲ
1907 2204 2011 2240 αὐτοῦ
2032 2202 2128 2254 ἔργα.
2162 2202 2226 2240 Διὸ
2243 2202 2304 2240 καὶ
2322 2200 2430 2242 οὕτως

1407 2262 1657 2315 ἀναγνωστέον,
1676 2266 1725 2314 τῷ
1746 2263 1781 2300 δὲ
1800 2262 1978 2314 δυναμένῳ
1996 2265 2086 2313 ὑμᾶς
2106 2262 2264 2314 στηρίξαι
2283 2261 2339 2298 διὰ
2355 2262 2430 2306 Ἰη-

1409 2330 1470 2363 σοῧ
1495 2327 1660 2376 Χριστοῦ.
1681 2324 1750 2362 Καὶ
1778 2323 1845 2376 γὰρ
1860 2353 1869 2371 ,
1886 2324 1971 2375 ὅπερ
1997 2318 2107 2373 εἶπον,
2139 2322 2319 2375 ἀμφότερα
2337 2322 2430 2372 αὐτῷ

1409 2385 1610 2431 ἀνατίθησι·
1638 2386 1769 2435 μᾶλλον
1792 2384 1827 2422 δὲ
1846 2385 1908 2422 οὐκ
1928 2383 2107 2436 ἀμφότερα
2128 2384 2242 2434 μόνον,
2263 2382 2353 2421 ἀλλὰ
2371 2382 2431 2420 καὶ

1409 2446 1472 2492 τὴν
1496 2446 1592 2490 δόξαν
1615 2445 1677 2492 τὴν
1696 2447 1743 2488 εἷς
1761 2445 1818 2482 τὸν
1838 2443 1995 2497 Πατέρα.
2027 2445 2090 2482 Διὸ
2109 2444 2168 2482 καὶ
2187 2443 2317 2494 ἔλεγεν,
2342 2438 2394 2497 ῖῼ
2408 2446 2430 2489 ἡ

1411 2508 1493 2552 δόξα
1512 2509 1560 2550 εἷς
1585 2506 1663 2549 τοὺς
1695 2508 1833 2549 αἰῶνας.
1863 2505 1985 2556 Ἀμήν.
2017 2506 2159 2550 Δοξάζει
2191 2504 2226 2543 δὲ
2257 2504 2364 2542 πάλιν
2394 2504 2434 2542 τὸ

1413 2569 1660 2614 ἀκατάληπτον
1679 2571 1748 2605 τῶν
1770 2566 1970 2619 μυστηρίων
1986 2567 2115 2605 τούτων
2140 2565 2433 2616 ἐκπληττόμενος.

1413 2630 1506 2668 Οὐῗὲ
1520 2629 1589 2681 γὰρ
1609 2633 1665 2666 νῦν
1685 2627 1743 2665 ὅτε
1767 2627 1875 2679 ἐφάνη
1889 2655 1898 2673 ,
1917 2629 2096 2678 λογισμοῖς
2116 2627 2204 2665 αὐτὰ
2224 2622 2434 2664 καταλαὸεῖν

1414 2691 1570 2739 δυνατὸν,
1601 2690 1691 2727 ἀλλὰ
1719 2689 1775 2726 διὰ
1804 2686 1820 2708 ¹³
1834 2688 1985 2732 πίστεως
2004 2689 2129 2726 εἰδέναι
2148 2686 2239 2739 χρὴ,
2270 2687 2383 2730 ἄλλως
2400 2685 2436 2723 δὲ

1414 2754 1477 2791 οὐκ
1497 2751 1558 2789 ἔνι.
1590 2752 1717 2793 Καλῶς
1743 2743 1840 2797 εἷπε,
1866 2749 1973 2801 Μόνῳ
1994 2751 2088 2800 σοφῷ
2108 2751 2202 2800 Θεῷ.
2232 2746 2347 2785 ‘'O-mcv
2369 2746 2436 2799 γὰρ

1415 2812 1578 2863 ἐννοήσῃς
1609 2814 1684 2854 πῶς
1709 2809 1753 2847 τὰ
1784 2810 1863 2855 ἔθνη
1896 2809 2058 2860 εἰσήγαγε
2081 2809 2140 2847 καὶ
2161 2807 2349 2861 ἀνεκέρασε
2367 2813 2439 2850 τοῖς

1414 2874 1525 2912 πάλαι
1544 2871 1805 2923 κατωρθωκόσι,
1825 2874 1899 2914 πῶς
1919 2869 2205 2921 ἀπεγνωσμένους
2223 2870 2346 2915 ἔσωσε,
2364 2871 2438 2913 πῶς

1414 2938 1476 2981 τῆς
1493 2936 1558 2986 γῆς
1575 2932 1732 2976 ἀναξίους
1749 2935 1850 2974 ὄντας
1869 2934 1916 2974 εἷς
1931 2929 2093 2982 οὐρανοὺς
2108 2929 2280 2981 ἀνήγαγε,
2301 2929 2361 2967 καὶ
2375 2933 2438 2976 τῆς

1414 2994 1594 3046 παρούσης
1613 2995 1702 3040 ζωῆς
1719 2992 1989 3034 ἐκπεπτωκότας
2006 2993 2054 3034 εἷς
2071 2989 2134 3037 τὴν
2156 2991 2326 3029 ἀθάνατον
2346 2990 2439 3028 ἐκεί-

1413 3078 1474 3108 νην
1495 3060 1555 3099 καὶ
1586 3059 1782 3111 ἀπόρρητον
1802 3059 1984 3109 εἰσήγαγε,
2006 3057 2066 3095 καὶ
2085 3059 2152 3097 ὑπὸ
2172 3058 2345 3109 δαιμόνων
2371 3073 2436 3095 πα-

1412 3129 1598 3181 τουμένους
1618 3127 1777 3181 ἀγγέλοις
1793 3125 2002 3178 ἐφαμίλλους
2019 3126 2172 3174 ἐποίησε,
2191 3126 2250 3164 καὶ
2267 3124 2439 3178 παράδει-

1413 3212 1471 3236 σον
1499 3193 1639 3248 ἠνέῳξε,
1665 3193 1723 3232 καὶ
1743 3193 1787 3231 τὰ
1812 3191 1947 3230 παλαιὰ
1963 3191 2100 3231 ἅπαντα
2119 3192 2213 3231 κακὰ
2233 3192 2331 3230 ἔλυσε
2346 3222 2356 3240 ,
2375 3193 2434 3230 καὶ

1428 3326 1586 3357 Praeterea
1601 3320 1654 3355 ille
1670 3323 1767 3359 ἄλλως
1783 3324 1841 3366 γὰρ
1857 3322 1907 3355 οὐκ
1921 3324 1972 3355 ἔνι.
1985 3322 2035 3354 καὶ
2050 3322 2158 3358 καλῶς,
2173 3315 2262 3362 quod
2279 3316 2444 3360 praestat.]
