2502 3810
119 1256 302 1298 Joan.9.34.

322 240 350 286 5
366 258 374 285 ι
386 240 415 285 6
788 253 824 283 s.
862 251 1046 282 sommis
1081 249 1319 280 cnm'sosr.

321 339 420 376 daeus
432 352 480 387 es,
499 337 571 386 sed,
585 339 878 388 Cognominaris
895 345 932 374 et
951 337 1134 388 gloriaris
1145 338 1186 372 in
1200 336 1298 382 Deo,

320 391 360 436 id
375 407 436 446 est,
453 398 554 448 quasi
571 396 721 434 dilectus
738 396 783 433 ab
801 396 877 445 illo,
902 405 935 433 et
951 410 1023 448 prae
1043 395 1122 433 aliis
1140 395 1299 432 bomini-

319 460 386 497 bus
404 460 607 496 honoratus.
638 457 706 494 Hic
730 466 848 495 autem
875 457 967 494 mihi
987 456 1128 496 videtur
1154 455 1300 494 illorum

318 517 558 568 arrogantiam
576 526 609 554 et
625 531 754 556 vanam
774 517 923 568 gloriam
939 516 1172 569 perstringere
1179 531 1190 565 3
1205 515 1301 566 quod

319 577 411 614 dono
429 577 491 615 illo
507 591 577 614 non
595 576 644 614 ad
657 577 806 614 salutem
820 591 933 626 suam,
952 576 1016 614 sed
1026 585 1065 614 ut
1085 577 1123 614 in
1142 576 1230 614 alios
1247 575 1302 613 in-
1323 581 1348 610 D

321 647 479 688 surgant,
500 647 605 688 atque
623 637 705 675 illos
722 637 933 689 despiciant,
951 637 1054 675 abusi
1068 637 1150 675 sint.
1166 639 1221 674 Et
1234 650 1301 674 no·-

319 701 370 736 sti
382 700 639 746 voluntatem,
657 709 695 738 et
707 702 849 751 probas
870 701 996 738 utilia.
1013 699 1123 750 Atqui
1142 700 1210 737 hoc
1228 699 1302 741 sine

320 772 425 810 opere
443 770 494 798 est
512 761 660 810 vitium3
687 769 840 798 attamen
859 760 1096 812 praerogativa
1112 759 1302 798 videbatur

321 834 393 859 esse
413 838 419 858 :
439 822 586 873 ideoque
603 831 766 860 accurate
789 822 884 859 illud
901 822 1061 874 apponit.
1099 823 1178 861 Non
1207 821 1300 859 enim

320 883 428 931 dixit,
445 883 565 932 Facis;
583 883 661 933 sed,
680 885 794 921 ss‘osti
806 893 843 921 et
857 886 1013 936 probas,
1037 897 1106 920 non
1123 882 1299 934 aggrede-

320 945 369 983 ris
383 958 446 982 nee
464 944 551 995 agis.
580 945 641 982 19.
664 945 838 996 Confidis
859 953 895 982 te
913 957 994 981 esse
1017 945 1154 981 ducem
1183 956 1299 981 coeco-

320 1019 418 1043 rum.
440 1006 600 1042 Rursum
618 1005 678 1042 hic
697 1019 766 1043 non
783 1005 871 1042 dicit
884 1005 987 1042 illum
1003 1004 1129 1042 ducem
1143 1018 1215 1041 esse
1234 1017 1299 1041 cae-

320 1081 458 1116 corum,
478 1066 554 1115 sed,
573 1067 760 1118 Confidis,
779 1067 908 1117 inquit,
930 1075 962 1103 te
974 1066 1134 1104 venditas
1157 1081 1165 1102 :
1188 1066 1300 1103 multa

319 1128 413 1175 enim
443 1136 517 1165 erat
536 1127 743 1171 Judaeorum
763 1127 978 1179 arrogantia.
1001 1126 1084 1165 Ideo
1105 1127 1227 1164 eadem
1242 1128 1298 1164 fe-

317 1203 355 1227 re
373 1188 483 1227 verba
507 1198 668 1240 usurpat,
700 1203 777 1239 quae
798 1189 852 1226 illi
883 1203 956 1226 sese
970 1188 1184 1239 jactitantes.
1205 1187 1299 1227 Vide

317 1266 471 1303 namque
489 1252 580 1303 quid
595 1253 630 1290 in
658 1252 854 1303 Evangelio
883 1252 1002 1290 dicant
1023 1268 1031 1288 :
1051 1255 1100 1290 In
1130 1255 1299 1304 peccatis

320 1324 434 1352 natus
456 1328 494 1352 es
520 1323 634 1361 totus,
654 1323 691 1352 et
711 1323 750 1352 ιιι
767 1316 878 1352 doces
899 1328 967 1352 nos
981 1319 997 1351 Ρ
1010 1323 1042 1352 et
1057 1314 1169 1351 altum
1179 1313 1299 1365 sapie-

317 1379 403 1416 bant
417 1377 588 1416 adversus
609 1392 742 1415 omnes.
765 1377 808 1415 Id
841 1377 936 1429 quod
956 1378 1087 1415 Paulus
1117 1375 1298 1429 arguendo

318 1439 571 1491 perseveravit,
589 1439 653 1476 hos
673 1438 849 1487 attollens,
868 1439 947 1476 illos
960 1439 1140 1490 dejiciens,
1166 1447 1206 1474 ut
1221 1451 1295 1474 ma-

318 1500 373 1550 gis
394 1500 475 1537 illos
497 1500 761 1551 perstringeret,
776 1508 808 1537 et
827 1499 1027 1550 graviorem
1049 1499 1221 1550 proferret
1241 1511 1299 1534 ac-

317 1560 544 1599 cusationem.
561 1560 643 1598 Ideo
660 1559 885 1612 progreditur
895 1559 962 1596 hoc
974 1573 1104 1610 augens
1120 1567 1153 1595 et
1166 1557 1300 1609 ampli-

317 1621 428 1658 ficans
446 1621 585 1658 diverse
604 1621 793 1658 narrando.
818 1621 991 1672 Confidis
1025 1622 1128 1656 enim
1160 1627 1195 1656 te
1223 1632 1303 1656 esse

318 1683 452 1718 ducem
473 1695 672 1726 coecorzcm,
692 1682 821 1717 lumen
841 1694 986 1729 eorum,
1004 1682 1070 1731 qui
1084 1682 1124 1715 in
1138 1681 1302 1716 tenebris

317 1751 420 1788 sunt,
446 1745 509 1780 ΞΟ.
528 1744 758 1780 eruditorem
778 1745 1053 1794 insipientium,
1075 1744 1300 1793 magistrum

316 1804 543 1855 infantium,
566 1804 769 1840 habentem
768 1805 944 1856 sormam
961 1805 1131 1840 scientzoe
1145 1810 1181 1839 et
1201 1805 1302 1840 veri-

1359 249 1547 280 ARCfflEP
1557 270 1565 278 .
1605 252 1772 281 CONSTA
1781 254 1940 284 NTINOP
1950 272 1958 281 .

1370 343 1478 387 χᾶσαι
1511 338 1545 374 ἐν
1575 339 1657 389 Θεῷ
1673 353 1680 360 ·
1701 338 1894 387 τουτέστιν,
1910 342 1956 383 ὡς
1975 341 2128 392 φιληθεὶς
2157 343 2239 392 παρ’
2269 343 2386 387 αὐτοῦ,

1369 396 1429 434 καὶ
1454 399 1680 448 προτιμηθεὶς
1699 402 1768 437 τῶν
1795 401 1908 438 ἄλλων
1931 401 2133 454 ἀνθρώπων.
2159 401 2330 440 Ἐνταῦθα
2351 401 2388 439 δέ

1372 472 1429 506 μοι
1456 458 1573 509 ἠρέμα
1592 460 1684 497 δοκεῖ
1716 461 1763 502 εἷς
1794 459 1957 498 ἀπόνοιάν
1980 477 2018 499 τε
2048 460 2171 505 αὐτοὺς
2198 460 2386 507 σκώπτειν,

1370 518 1430 555 καὶ
1445 520 1492 562 εἷς
1510 518 1641 566 πολλὴν
1661 519 1722 566 τὴν
1751 519 1967 570 δοξομανίαν,
1993 521 2046 559 ὅτι
2072 525 2121 575 τῷ
2151 522 2250 575 δώρῳ
2279 521 2390 573 τούτῳ

1372 581 1433 617 οὐκ
1454 582 1501 623 εἷς
1526 580 1588 627 τὴν
1615 581 1790 633 σωτηρίαν
1817 582 1880 627 τὴν
1911 584 2062 630 ἑαυτῶν,
2085 586 2161 622 ἀλλ’
2196 587 2243 627 εἷς
2263 583 2302 621 τὸ
2321 585 2389 621 τῶν

1372 641 1485 678 ἄλλων
1502 642 1812 685 κατεξανίστασθαι
1831 642 1890 680 καὶ
1910 645 2078 695 ὑπερορᾷν
2094 643 2389 697 1’κατεκέχρηντο.

1371 701 1442 739 Καὶ
1463 701 1643 752 γινώσκεις
1663 703 1701 741 τὸ
1721 703 1780 741 62¹)
1780 719 1871 753 ημα,
1894 702 1953 740 καὶ
1982 704 2179 753 δοκιμάζεις
2202 703 2247 742 τὰ
2273 704 2391 757 διαφί-

1374 777 1486 814 ροντα.
1506 763 1576 801 Και
1601 763 1669 813 μὴν
1703 764 1762 801 καὶ
1793 779 1893 801 τουτο
1921 763 2106 814 ἐλάττωμα
2126 765 2234 816 χωρὶς
2263 765 2389 817 ἔρμγου

1372 823 1450 860 ἀλλ’
1480 824 1574 873 ὅμως
1596 824 1705 862 ἐδόκει
1726 824 1902 863 πλεονεκτ
1899 840 1970 875 ημα
2005 828 2113 862 εἶναι·
2132 825 2183 863 διὸ
2209 825 2269 863 καὶ
2301 825 2389 875 μετα

1371 884 1507 935 ἀκριὸἕ
1498 900 1548 927 ιας
1563 900 1624 922 αυτ
1627 884 1808 933 ὸίτίθησιν.
1827 887 1880 923 Οὐ
1890 884 1958 936 γὰρ
1971 889 2027 923 εῖπ
2017 901 2066 932 .ε,
2085 885 2265 936 πράττεις,
2286 886 2367 923 ἀλλ
2345 904 2389 933 α,

1369 945 1558 990 Γινώσκεις
1577 946 1634 983 καὶ
1656 945 1862 996 δοκιμάζεις,
1881 947 1918 983 οὐ
1941 946 2093 998 μετέρχῃ
2108 946 2166 983 καὶ
2184 952 2305 989 ποιεῖς.
2320 947 2390 985 Πέ·

1369 1007 1491 1050 ποιθάς
1518 1023 1556 1045 τε
1583 1007 1723 1045 σεαυτὸν
1752 1007 1874 1058 ὁδηγὸν
1902 1002 1988 1045 εἶναι
2020 1009 2168 1059 τυφλῶν.
2190 1008 2305 1045 Πάλιν
2338 1009 2391 1045 3⁹¹7-

1369 1072 1477 1106 ταῧθα
1496 1071 1558 1106 οὐκ
1578 1062 1683 1116 εἶπεν,
1699 1068 1753 1106 ὅτι
1773 1063 1805 1106 εἷ
1818 1068 1939 1120 ὅδηγὸς
1954 1069 2090 1120 τυφλῶν
2100 1099 2110 1115 ,
2131 1068 2221 1107 ἀλλὰ
2232 1099 2241 1116 ,
2256 1069 2390 1107 Πέποι-

1371 1134 1443 1177 θας,
1461 1129 1550 1167 οὕτω
1565 1130 1766 1180 κομπάζεις,
1783 1129 1868 1181 φησί
1883 1145 1891 1153 ·
1912 1129 2023 1175 πολλὴ
2049 1129 2117 1181 γὰρ
2133 1124 2174 1176 ἦν
2203 1133 2224 1176 ἡ
2246 1131 2391 1168 ἀπόνοια

1370 1194 1438 1228 τῶν
1457 1190 1645 1229 Ἰουδαίων.
1660 1190 1723 1228 Διὸ
1741 1191 1799 1228 καὶ
1819 1191 1940 1242 σχεδὸν
1962 1191 2049 1228 αὐτὰ
2064 1190 2248 1242 φθέγγεται
2266 1190 2310 1228 τὰ
2335 1192 2392 1242 ῥή-

1373 1267 1479 1302 ματα,
1495 1252 1584 1305 ἅπερ
1604 1254 1724 1290 ἐκεῖνοι
1739 1252 1975 1301 κομπάζοντες
1992 1251 2119 1302 ἔλεγον.
2137 1250 2234 1303 ςὈρα
2259 1257 2338 1302 γοῦν
2357 1254 2392 1289 ἐν

1370 1318 1440 1355 τοῖς
1457 1312 1681 1364 Εὐαγγελίοις
1700 1311 1734 1348 τί
1750 1311 1905 1362 λέγουσιν
1921 1327 1929 1334 ·
1953 1311 2014 1348 Ἐν
2035 1311 2222 1362 ἁμαρτίαις
2241 1311 2282 1349 σὺ
2299 1315 2393 1363 ἐγεν-

1370 1373 1475 1419 νήθης
1493 1372 1586 1418 ὅλος,
1607 1372 1666 1409 καὶ
1686 1371 1726 1408 σὺ
1754 1372 1927 1413 διδάσκεις
1953 1375 2063 1421 ἡμᾶς,
2084 1371 2143 1409 καὶ
2177 1370 2266 1423 μέγα
2294 1373 2394 1426 ἐφρό-

1370 1449 1446 1471 νουν
1467 1432 1557 1470 κατὰ
1578 1432 1730 1469 πάντων.
1750 1430 1870 1483 ζΌπερ
1902 1431 2052 1482 ἐλέγχων
2073 1435 2115 1470 ‘³6
2139 1434 2279 1476 Παῦλος
2308 1432 2392 1471 ἐπέ-

1373 1509 1464 1544 μενε,
1480 1492 1619 1535 τούτους
1640 1492 1702 1542 μὲν
1723 1491 1888 1542 ἐπαίρων,
1908 1492 2056 1536 ἐκείνους
2074 1492 2110 1530 δὲ
2125 1496 2315 1544 καθαιρῶν,
2336 1494 2393 1531 ἵνα

1371 1552 1462 1591 οὕτω
1502 1554 1632 1602 μᾶλλον
1676 1553 1788 1589 αὐτῶν
1830 1552 2053 1604 καθάψηται,
2098 1554 2157 1591 καὶ
2200 1553 2392 1608 βαρυτέραν

1372 1613 1502 1665 ποιήσῃ
1534 1613 1596 1660 την
1626 1628 1848 1665 κατηνοριαν.
1872 1613 1935 1651 Διὸ
1957 1629 2017 1651 και
2036 1614 2190 1665 πρόεισιν
2213 1615 2324 1659 αὔξων
2355 1617 2394 1653 τὸ

1371 1690 1523 1721 τοιουτο,
1558 1690 1618 1712 και
1647 1674 1844 1718 πλεονάζων
1877 1690 1927 1711 τω
1958 1674 2128 1726 διαφόρως
2148 1675 2393 1727 ἀπαγγέλλειν.

1371 1737 1550 1779 Πέποιθας
1568 1735 1636 1788 γὰρ
1658 1734 1799 1772 σεαυτὸν
1816 1735 1938 1786 ὃδτγον
1959 1739 2046 1773 εἶναι
2064 1738 2215 1788 τυολιι,)ν
2235 1753 2306 1788 φως
2325 1741 2392 1775 τῶν

1373 1814 1406 1834 ἓν
1427 1797 1561 1843 σκό’“Εῑ,
1583 1811 1772 1841 πᾱῐΰξυῗην
1803 1796 1976 1847 ἀῦρόνῡᾙ,
2011 1796 2216 1835 Otoacxulxov
2247 1814 2393 1844 νηπῑων,

318 1867 410 1901 tatzs
432 1879 473 1901 ιη
491 1865 583 1915 lege.
606 1865 686 1902 Non
705 1864 821 1901 dixit
813 1874 956 1914 iterum,
977 1865 1018 1901 In
1040 1865 1252 1902 conscientia
1269 1874 1301 1902 et
1316 1878 1363 1903 473
1373 1858 1497 1909 ἕγθντα
1516 1856 1577 1902 τὴν
1600 1872 1778 1908 ’έῡρᾷωΰῑν
1803 1860 1865 1903 Τῗῖς
1886 1873 1995 1907 (νου-Ξ
1999 1873 2043 1900 ως
2063 1873 2121 1895 και
2147 1874 2209 1903 της
2233 1859 2277 1896 ἅ)
2278 1859 2395 1905 ἠθεῖας

318 1925 354 1962 in
375 1926 583 1977 operibus,
574 1940 610 1963 in
635 1935 727 1963 lecte
747 1926 870 1975 factis;
895 1925 967 1975 sed,
996 1928 1045 1963 In
1060 1927 1152 1978 lege.
1180 1926 1225 1964 Et
1245 1915 1351 1964 hisA

317 1987 436 2036 dietis,
456 1987 552 2037 quod
573 1988 664 2025 eirca
695 1989 839 2039 gentiles
864 1988 961 2035 fecit,
994 1988 1054 2025 hic
1070 1988 1166 2025 facit.
1202 1989 1303 2026 Sicut

316 2049 410 2086 enim
419 2049 493 2086 illic
505 2049 570 2086 ait:
586 2051 633 2085 In
643 2063 717 2100 quo
729 2051 987 2101 enimjudicas
997 2051 1131 2098 alium,
1142 2053 1303 2102 teipsum

317 2111 552 2148 condemnas
566 2126 579 2154 ,·
595 2110 645 2147 sie
661 2119 693 2147 et
706 2110 773 2148 hoc
802 2111 878 2148 loco
893 2110 981 2147 dicit
1002 2126 1009 2147 ε
1033 2112 1106 2161 Qui
1130 2125 1218 2163 ergo
1238 2113 1304 2148 do-

318 2186 378 2209 ces
393 2173 527 2217 alium,
550 2175 711 2222 teipsum
747 2186 824 2209 non
851 2174 963 2209 doces
977 2177 993 2209 Ρ
1012 2174 1149 2210 Verum
1165 2173 1240 2210 illic
1254 2174 1303 2210 ri·

319 2231 449 2282 gidius,
467 2232 526 2269 hic
542 2232 665 2269 mitius
685 2246 881 2270 sermonem
913 2242 1095 2285 temperat.
1116 2234 1196 2271 Non
1210 2234 1304 2271 enim

318 2291 406 2330 dicit
425 2308 432 2327 :
454 2292 562 2342 Atqui
582 2292 660 2329 ideo
675 2293 801 2344 majori
817 2307 851 2330 es
868 2294 1043 2345 supplicio
1056 2294 1197 2345 dignus,
1219 2295 1301 2344 quia

319 2366 401 2389 cum
425 2362 473 2390 tot
492 2352 557 2389 tibi
587 2353 656 2390 sint
682 2353 895 2401 concredita,
929 2354 1026 2391 nullo
1045 2368 1166 2391 eorum
1185 2363 1224 2390 ut
1240 2368 1305 2405 par

319 2422 370 2451 est
388 2414 496 2451 uteris
506 2429 516 2463 3
540 2413 601 2451 sed
616 2428 678 2465 per
694 2414 1004 2464 interrogationem
1030 2415 1115 2466 agit,
1133 2414 1305 2466 pudorem

319 2474 493 2511 incutiens
512 2474 576 2521 sic,
597 2483 627 2511 et
640 2474 761 2511 dicens
781 2490 788 2510 ε
814 2476 888 2525 Qui
908 2489 996 2527 ergo
1024 2477 1136 2513 doces
1165 2476 1302 2525 alium,

320 2538 481 2587 teipsum
504 2549 581 2572 non
604 2536 740 2573 doces?
755 2536 938 2588 Perpende
956 2546 1074 2574 autem
1090 2537 1178 2574 mihi
1199 2538 1306 2575 etiam

319 2596 462 2634 aliunde
483 2596 586 2634 Pauli
618 2596 869 2648 prudentiam:
890 2612 946 2635 eas
976 2598 1070 2635 enim
1097 2598 1306 2638 Judaeorum

319 2657 570 2710 praerogativas
583 2658 697 2709 ponit,
720 2672 797 2708 quae
812 2673 880 2695 non
901 2673 946 2695 ex
960 2673 1082 2696 eorum
1100 2659 1232 2707 studio,
1246 2660 1306 2697 sed

320 2732 365 2755 ex
385 2732 535 2769 superno
552 2718 643 2755 dono
662 2727 774 2764 erant,
796 2718 1016 2769 ostenditque
1035 2734 1103 2757 non
1127 2720 1231 2758 modo
1246 2735 1306 2757 su—

320 2780 474 2832 perfluas
499 2794 586 2829 esse,
602 2780 689 2832 ipsis
709 2780 985 2831 negligentibus,
1007 2781 1066 2819 sed
1095 2782 1201 2819 etiam
1218 2796 1304 2833 sup-

321 2840 421 2892 plicii
434 2839 715 2878 additamentum
725 2841 864 2878 afferre.
882 2842 961 2878 Non
972 2841 1066 2879 enim
1077 2843 1209 2879 bonum
1218 2857 1307 2894 opus

322 2915 444 2938 eorum
464 2910 528 2950 est,
554 2900 648 2951 quod
665 2901 781 2940 Judaei
796 2911 979 2950 vocentur,
1007 2916 1118 2953 neque
1147 2903 1241 2953 quod
1255 2903 1306 2940 le-

323 2977 403 3014 gem
439 2963 648 3014 acceperint,
678 2977 790 3013 neque
812 2963 883 3001 alia
902 2977 980 3013 quae
1010 2965 1227 3012 numeravit,
1248 2964 1309 3002 sed

321 3038 367 3061 ex
387 3037 538 3075 superna
554 3023 666 3074 gratia
690 3034 798 3063 erant.
824 3028 876 3062 Ac
897 3024 1076 3077 principio
1095 3025 1238 3075 quidem
1253 3026 1310 3063 di-

325 3085 396 3134 xit,
413 3085 505 3122 nihil
522 3086 650 3137 juvare
669 3086 699 3123 si
725 3085 782 3123 lex
799 3086 979 3132 audiatur,
995 3085 1064 3123 nisi
1084 3100 1173 3137 opus
1199 3086 1309 3124 adda-

321 3156 384 3184 tur
402 3163 408 3182 :
433 3148 521 3184 Non
545 3149 645 3184 enim
678 3149 874 3185 auditores
904 3148 1010 3199 legis,
1045 3147 1174 3197 inquit,
1207 3150 1310 3199 justi

323 3217 414 3245 sunt
427 3209 531 3259 apud
541 3209 669 3245 Deum
687 3224 698 3243 .-
716 3222 809 3246 nunc
823 3217 939 3246 autem
950 3208 1061 3245 multo
1070 3208 1181 3260 magis
1196 3217 1311 3246 osten-

320 3269 390 3314 dit,
417 3282 485 3305 non
519 3267 623 3306 modo
645 3268 876 3321 auditionem,
907 3269 967 3308 sed
999 3269 1106 3307 etiam
1125 3269 1219 3320 quod
1250 3270 1313 3308 illa

369 3374 384 3396 ¹¹
410 3372 470 3404 Alii
493 3380 706 3416 ἀπε-κέχρηντο.
725 3376 799 3417 [Sic
816 3387 946 3418 quoque
977 3378 1012 3408 A.
1041 3384 1072 3408 et
1103 3387 1206 3420 marg.
1235 3376 1335 3410 Saxil.

327 3423 427 3456 Paulo
445 3433 519 3466 post
539 3424 637 3457 iidem
653 3429 728 3460 δοκεῖ
744 3439 804 3470 pro
823 3431 923 3462 ἐδόκει.
940 3429 950 3468 ]

1373 1921 1406 1957 ἐν
1422 1921 1471 1955 τῶ
1487 1917 1594 1970 νόμω.
1615 1920 1692 1956 Οὐκ
1712 1922 1784 1955 εἰπ
1758 1941 1786 1954 3
1805 1917 1878 1954 πα)
1883 1933 1929 1965 ιν
1951 1920 1985 1955 ἓν
2005 1921 2053 1970 τῴ
2073 1919 2242 1957 συνειδότι
2269 1919 2328 1957 καὶ
2360 1921 2394 1957 ἓν

1372 1986 1447 2022 ταῖς
1469 1978 1615 2031 πράξεσι
1635 1995 1695 2017 και
1711 1995 1744 2017 εν
1761 1985 1830 2021 τοῖς
1849 1979 2137 2030 κατορθώμασιν,
2162 1981 2251 2028 ἀλλ’,
2269 1980 2330 2019 Ἐν
2345 1984 2395 2033 τῷ

1372 2042 1480 2093 νόμῳ.
1499 2041 1568 2080 Καὶ
1587 2044 1698 2078 ταῦτα
1725 2040 1849 2087 εἰπὼν,
1877 2039 1963 2093 ὅπερ
1982 2041 2041 2078 καὶ
2070 2041 2127 2079 ἐπὶ
2154 2044 2222 2079 τῶν
2252 2044 2394 2080 ἐθνικῶν

1373 2101 1528 2148 ἐποίησε,
1543 2107 1642 2140 τοῦτο
1661 2101 1720 2138 καὶ
1749 2104 1906 2139 ἐνταῦθα.
1923 2101 2064 2154 εὨσπερ
2091 2101 2159 2155 γὰρ
2187 2105 2258 2141 ἐκεῖ
2277 2118 2393 2154 φησιν,

1373 2164 1434 2201 Ἐν
1463 2157 1490 2214 ᾧ
1515 2162 1582 2213 γὰρ
1606 2162 1732 2214 κρίνεις
1758 2162 1816 2199 τὸν
1836 2161 1968 2213 ἕτερον,
1990 2163 2133 2201 σεαυτὸν
2154 2163 2393 2216 κατακρίνεις·

1374 2224 1463 2261 οὕτω
1494 2224 1553 2261 καὶ
1582 2225 1728 2261 ἐνταῦθα
1758 2223 1872 2274 λε’γει,
1902 2223 1946 2261 ‘O
1980 2218 2036 2261 οὖν
2064 2224 2236 2261 διδάσκων
2264 2224 2393 2276 ἕτερον,

1374 2283 1515 2321 σεαυτὸν
1537 2285 1574 2320 οὗ
1597 2282 1788 2329 διδάσκεις,
1809 2283 1900 2320 Ἀλλ’
1931 2285 2002 2320 εκεῖ
2022 2299 2084 2333 μεν
2113 2285 2201 2322 ἅποτ
2189 2285 2392 2337 .ομιι’)τερον,

1375 2346 1431 2381 ἐντ
1435 2347 1522 2381 αῧθα
1551 2343 1586 2381 δε
1613 2342 1832 2395 ημερώτερον
1862 2343 2032 2394 κέχρηται
2051 2360 2100 2381 τω
2125 2345 2229 2418 λόγῳ.
2249 2348 2301 2383 Ου
2329 2362 2395 2398 ιαρ

1376 2409 1469 2452 εἷπε,
1485 2421 1544 2442 και
1567 2420 1635 2454 μην
1666 2404 1723 2441 διὰ
1743 2409 1842 2441 τοῦτο
1863 2420 1919 2454 μει
1914 2404 2015 2447 ζονος
2042 2398 2073 2441 ει
2091 2405 2266 2449 κολάσεως
2287 2406 2325 2443 ἅῖ
2312 2422 2395 2453 ιος,

1375 2482 1427 2504 οτι
1464 2469 1591 2502 τοσαυτ
1595 2481 1615 2501 α
1646 2465 1871 2515 ε’·Ἃῃίειριο-θει
1846 2493 1893 2510 ..‚
1931 2465 2007 2501 ουδε
2009 2481 2041 2501 νι
2077 2480 2206 2503 τουτων
2241 2469 2288 2509 εἰς
2322 2467 2395 2505 δεον

1375 2526 1571 2578 κέχρησαι·
1594 2524 1684 2562 ἀλλὰ
1703 2527 1780 2561 κατ’
1812 2524 1980 2577 ἐρώτησιν
2012 2525 2159 2577 προάγει
2187 2526 2244 2564 τὸν
2273 2527 2396 2599 λόγον,

1376 2586 1548 2638 ἐντρέπων
1585 2586 1644 2623 καὶ
1681 2585 1790 2636 λέγων
1822 2600 1829 2608 ·
1868 2584 1912 2623 Ὁ
1951 2579 2007 2623 οἶν
2050 2586 2220 2625 διδάσκων
2260 2588 2397 2641 ἕτερον,

1376 2647 1516 2685 σεαυτὸν
1534 2649 1571 2684 οὗ
1589 2647 1780 2693 διδάσκεις,
1796 2645 1928 2684 Σκόπει
1950 2646 1987 2683 δέ
2004 2662 2063 2696 μοι
2084 2663 2144 2685 και
2160 2648 2323 2700 ἑτέρωθεν
2337 2665 2396 2687 του

1377 2708 1517 2746 Παύλου
1543 2707 1605 2753 τὴν
1626 2707 1771 2746 σύνεσιν.
1795 2707 1852 2745 Τὰ
1873 2724 1939 2759 γαρ
1967 2710 2015 2746 πλ
2018 2709 2255 2759 εονεκτίματα
2281 2709 2399 2757 τίθησι

1376 2774 1444 2809 τῶν
1461 2770 1639 2808 Ἰουδαίων
1658 2773 1778 2815 ruffine,
1800 2769 1888 2821 ἅπερ
1908 2772 1945 2808 οὐ
1960 2773 2021 2815 τῆἐ
2038 2771 2148 2808 αὐτῶν
2167 2771 2318 2817 σπουδῆς
2337 2766 2398 2819 ἦν,

1379 2831 1468 2870 ἀλλὰ
1485 2835 1547 2877 τῆς
1567 2831 1694 2868 ἄνωθεν
1717 2831 1858 2881 δωρεᾶς,
1878 2830 1936 2867 καὶ
1957 2830 2141 2877 δείκνυσιν,
2159 2832 2196 2869 οὗ
2216 2831 2317 2881 μόνον
2338 2848 2401 2870 πε-

1382 2891 1481 2945 ριττὰ
1508 2892 1590 2929 ὄντα
1612 2893 1797 2940 ἀμελοῦσιν
1833 2892 1969 2936 αὐτοῖς,
1996 2890 2086 2928 ἀλλὰ
2115 2891 2174 2928 καὶ
2198 2892 2401 2944 προσθήκην

1380 2953 1554 2995 κολάσεως
1585 2951 1744 3004 φέροντα.
1777 2953 1830 2989 Οὐ
1861 2951 1928 3002 γὰρ
1955 2951 1993 2988 τὸ
2009 2953 2174 2990 Ἰουδαῖον
2204 2955 2400 2999 καλεῖσθαι,

1382 3016 1492 3053 αὐτῶν
1513 3012 1745 3064 κατόρθωμα,
1775 3011 1852 3049 οὐδὲ
1875 3012 1914 3048 τὸ
1946 3011 2048 3061 νόμον
2080 3013 2220 3060 λαέεῐν,
2249 3014 2325 3052 οὐδὲ
2359 3015 2402 3052 τὰ

1382 3076 1482 3122 ἄλλα,
1503 3074 1591 3127 ἅπερ
1614 3073 1884 3125 ἀπηριθμησατο
1905 3078 1982 3119 νῦν,
2000 3074 2090 3112 ἀλλὰ
2109 3078 2169 3121 τῆς
2189 3076 2314 3114 ἄνωθεν
2334 3077 2404 3128 χά-

1388 3152 1488 3189 ριτος.
1521 3134 1590 3173 Και
1619 3150 1716 3186 παρα
1748 3133 1809 3184 μὲν
1843 3150 1906 3180 την
1939 3134 2052 3186 ἀρχην
2080 3134 2135 3172 ἕλε
2121 3151 2215 3186 εγεν,
2235 3135 2287 3174 ὅτι
2309 3136 2402 3175 οὖδεν

1385 3206 1479 3255 ὠφε)
1482 3208 1510 3241 εἷ
1525 3207 1546 3250 ἧ
1565 3201 1729 3254 ἀκρόασις
1745 3204 1802 3238 τοῦ
1819 3201 1939 3250 νόμου,
1957 3200 2016 3238 ἐὰν
2032 3200 2115 3252 μὴὴ
2098 3201 2223 3254 ηπρᾶξ
2228 3218 2254 3245 ις
2269 3206 2402 3254 προσῇ·

1385 3272 1438 3309 Οὐ
1459 3269 1526 3321 γὰρ
1554 3271 1584 3307 οἱ
1606 3267 1772 3319 ἀκροαται
1797 3282 1856 3305 του
1875 3268 2003 3318 νόμου,
2032 3285 2134 3319 φγσι,
2165 3268 2289 3307 δίκαιοι
2308 3268 2405 3321 παρὰ

1447 3384 1459 3398 c
1483 3373 1538 3406 Sic
1567 3373 1666 3406 Satn.
1695 3382 1726 3406 et
1746 3374 1820 3405 Mss.
1854 3372 1967 3407 Morel.
1988 3384 2065 3406 vero
2083 3377 2098 3408 ὁ
2123 3378 2240 3412 Παῦλος
2257 3379 2404 3417 &testu-sis,

1406 3437 1590 3470 [ΕΓΓΕΤΞΠΠ.
