2502 3810
141 942 293 978 Quorum-

108 985 173 1009 dam
195 983 295 1018 opinio

110 1025 184 1049 eirca
225 1023 296 1049 Pau.

107 1064 182 1092 lum.

110 1105 197 1132 Rom.
231 1103 260 1132 8.

109 1147 159 1176 35.

313 230 405 289 670

311 338 400 371 rem,
416 335 578 373 magnam
608 322 642 357 in
666 321 784 358 labore
806 320 1080 357 consolationem
1104 325 1248 370 putans,
1264 315 1293 353 si

310 398 379 420 non
398 380 557 419 audirem
573 381 689 428 illum,
704 395 810 431 quem
825 389 1005 431 tantopere
1018 392 1112 426 amo,
1128 376 1293 428 blasphe-

311 442 412 479 mari.
433 440 539 486 Quod
556 441 585 477 si
606 440 659 488 id,
672 440 769 490 quod
786 440 933 487 dicitur,
950 438 1111 477 nondum
1129 450 1293 487 asseque-
1316 452 1340 482 Β

310 503 373 552 ris,
390 502 503 552 cogita
523 502 651 538 multos
665 509 778 553 patres
791 501 891 553 paria
910 514 975 552 pro
993 499 1080 537 filiis
1096 497 1292 546 admisisse,

311 563 355 599 ab
373 563 445 599 illis
461 561 614 613 separari
627 575 697 599 non
711 570 921 610 recusantes,
938 570 977 598 ut
991 560 1071 598 illos
1086 559 1200 597 claros
1220 571 1293 595 cer-

309 636 391 661 nere
424 632 579 674 possent,
614 637 738 660 eorum
767 623 963 660 claritatem
993 621 1196 659 suaviorem
1224 619 1293 657 sibi

309 698 382 721 esse
397 684 649 732 existimantes,
665 698 771 734 quam
786 683 990 721 eorumdem
1009 680 1293 720 contubernium.

309 745 379 783 Sed
399 745 482 795 quia
509 745 637 796 procul
665 745 710 782 ab
729 745 795 782 hoc
816 758 934 782 amore
952 757 1084 791 sumus,
1104 755 1182 792 qua-2·
1199 741 1294 779 dicta

310 816 447 844 suntne
466 805 661 857 intelligere
681 805 826 856 quidem
848 818 1048 857 possumus.
1076 802 1173 839 Adeo
1200 801 1295 839 enim

309 868 457 918 quidam
473 868 575 905 Pauli
591 882 634 905 nc
648 867 922 919 appellationem
937 865 1081 916 quidem
1099 863 1225 901 audire
1240 862 1295 900 di-

309 929 370 980 gni
388 937 482 978 sunt,
507 938 539 966 et
558 929 604 965 ab
623 928 720 965 illius
739 927 958 965 vehementia
981 935 1052 963 tam
1070 924 1174 975 longe
1187 922 1296 975 positi

310 999 405 1038 sunt,
423 999 462 1027 ut
490 998 615 1041 putent
641 988 744 1026 illum
767 988 843 1024 haze
869 987 913 1024 de
931 996 1156 1038 temporanea
1181 993 1295 1022 morte

309 1051 562 1101 dixissetquos
581 1049 804 1087 tantumdem
823 1049 977 1086 Paulum
998 1048 1160 1099 ignorare
1185 1045 1294 1083 dixe-

309 1112 393 1160 rim,
415 1121 587 1162 quantum
614 1111 696 1148 caeci
723 1110 872 1148 solarem
903 1108 1070 1157 radium3
1090 1108 1162 1145 imo
1181 1107 1294 1144 multo
1315 1114 1338 1144 C

310 1172 433 1222 magis.
447 1173 537 1209 Nam
549 1171 610 1221 qui
623 1170 781 1222 quotidie
794 1167 1023 1215 moriebatur,
1035 1168 1096 1218 qui
1110 1168 1294 1205 innumera

310 1233 454 1270 subibat
470 1232 638 1284 pericula,
657 1231 788 1281 quique
804 1230 944 1268 dicebat
961 1246 968 1265 :
989 1231 1081 1280 Quis
1099 1242 1168 1266 nos
1188 1243 1294 1280 sepa-

308 1296 412 1331 rabit
431 1308 455 1331 [ι
476 1295 639 1330 caritate
659 1293 833 1330 Christi?
855 1305 907 1328 an
926 1290 1204 1338 tribulatio,an
1223 1303 1294 1326 an-

307 1359 446 1407 gustia,
461 1370 514 1393 an
525 1356 676 1407 fames,
698 1368 751 1391 αη
773 1355 1018 1405 persequutio
1032 1355 1047 1388 Ρ
1061 1365 1172 1401 neque
1188 1350 1293 1387 dietis

307 1426 503 1465 contentus,
515 1416 577 1453 sed
593 1429 839 1467 supergressus
862 1414 988 1450 caelum
1006 1422 1039 1450 et
1058 1412 1185 1449 caelum
1201 1411 1291 1458 caeli,

308 1487 412 1528 atque
427 1477 569 1528 angelos
593 1485 625 1513 et
655 1475 896 1526 archangelos,
925 1484 958 1512 et
983 1487 1136 1525 superna
1174 1470 1292 1509 omnia

308 1541 602 1585 circumcurrens,
622 1552 760 1589 unaque
788 1535 1087 1588 comprehendens
1105 1534 1292 1586 praesentia

307 1610 339 1637 et
355 1602 487 1650 futura,
505 1599 661 1637 visibilia
686 1607 718 1634 et
738 1597 949 1641 invisibilia,
968 1595 1084 1633 tristia
1100 1604 1132 1632 et
1149 1595 1288 1646 suavia,

307 1676 453 1711 quaeq-,te
471 1662 507 1698 in
521 1660 681 1709 utrisque
700 1668 801 1707 sunt3
818 1657 909 1695 nihil
931 1657 1097 1695 omittens
1116 1671 1230 1707 neque
1241 1657 1291 1695 sic

304 1722 465 1770 satiatus,
488 1721 665 1770 aliamque
696 1728 832 1758 tantam
863 1728 1062 1756 creaturam
1090 1732 1291 1770 supponens

305 1800 373 1822 non
392 1785 635 1822 exsistentem:
648 1782 837 1833 quomodo,
850 1782 950 1832 quasi
970 1780 1089 1832 magni
1104 1779 1292 1832 quidpiam

306 1849 452 1891 diceret,
473 1858 550 1900 post
569 1848 630 1886 illa
644 1856 741 1885 tanta
769 1855 1032 1898 temporaneam
1045 1853 1195 1883 mortem
1214 1857 1290 1883 me·
1311 1846 1336 1877 D

307 1911 511 1948 moras-isset
521 1910 538 1946 ?

763 242 797 270 S.

360 2329 397 2364 5.
420 2326 499 2364 Non
524 2325 572 2363 ita
588 2339 623 2363 se
641 2339 696 2362 res
709 2324 832 2373 habet,
852 2337 922 2361 non
944 2324 1014 2371 ita,
1034 2323 1093 2360 sed
1112 2322 1291 2361 vermium

306 2388 341 2424 in
359 2386 443 2423 fimo
462 2384 647 2423 latentium
665 2394 715 2422 est
739 2385 815 2421 haec
834 2383 964 2435 opinio.
980 2383 1019 2420 Si
1041 2384 1134 2420 enim
1147 2383 1215 2420 hoc
1235 2382 1290 2419 di-
1311 2389 1335 2418 E

304 2448 428 2493 xisset‚
447 2446 623 2497 quomodo
638 2460 673 2483 se
692 2445 877 2482 anathema
894 2459 913 2481 a
925 2444 1068 2482 Christo
1083 2458 1155 2481 esse
1171 2453 1289 2496 optas-

306 2516 356 2545 set
372 2508 389 2544 ἶ)
413 2507 513 2544 Talis
528 2506 658 2557 quippe
677 2519 772 2542 mors
791 2505 894 2542 illum
913 2506 1029 2556 potius
1051 2504 1184 2541 Christi
1200 2505 1289 2542 eho-

304 2582 344 2605 ro
369 2567 561 2619 junxisset,
579 2576 612 2603 et
633 2565 803 2603 effecisset
822 2574 861 2602 ut
890 2564 1002 2616 gloria
1023 2564 1084 2601 illa
1103 2565 1288 2603 frueretur.

305 2632 353 2665 At
368 2628 461 2665 enim
475 2636 556 2664 sunt
578 2626 684 2664 etiam
703 2625 862 2676 quidam,
877 2625 939 2675 qui
962 2624 1059 2662 hisce
1075 2625 1186 2676 magis
1202 2624 1289 2661 ridi-

303 2688 381 2725 cula
397 2687 513 2725 dicere
525 2686 643 2724 ausint
660 2702 667 2722 :
682 2699 793 2736 neque
811 2685 906 2722 enim
932 2694 1082 2722 mortem
1109 2684 1288 2735 inquiunt,

302 2748 363 2786 sed
380 2748 559 2785 cimelium
577 2762 638 2785 seu
658 2746 792 2784 donum
810 2746 942 2783 Christi
958 2760 1032 2783 esse
1049 2745 1204 2797 optabat.
1219 2745 1290 2783 Ee-

302 2809 382 2859 quis
400 2809 482 2857 hoe,
506 2808 641 2845 etiamsi
662 2806 857 2844 admodum
888 2806 1002 2843 tenuis
1035 2820 1077 2843 ac
1102 2805 1289 2857 depressus

302 2878 401 2915 esset,
421 2883 490 2906 non
510 2869 675 2920 optaret?
691 2866 879 2915 Quomodo
899 2876 1017 2904 autem
1036 2866 1103 2904 hoc
1131 2880 1198 2918 pro
1230 2881 1287 2904 co-

302 2929 416 2980 gnatis
444 2943 516 2965 esse
544 2928 746 2980 potuisset?
766 2927 831 2964 His
849 2940 932 2977 ergo
966 2926 1082 2963 missis
1103 2927 1234 2964 fabulis
1255 2936 1287 2964 et

301 2989 406 3040 nugis
429 2992 563 3039 (neque
583 2988 676 3026 enim
694 2989 770 3025 haec
789 2987 896 3038 digna
914 2996 994 3024 sunt
1011 3001 1089 3037 quae
1106 2987 1284 3025 confuten-

299 3061 370 3099 tur,
394 3059 433 3087 ut
452 3064 513 3087 nee
532 3050 656 3101 pueris
673 3047 954 3086 balbutientibus
983 3047 1284 3099 contradicitur),

300 3113 344 3150 ad
362 3113 479 3163 ipsum
499 3125 621 3148 rursus
632 3110 769 3148 dictum
784 3109 982 3157 redeamus,
997 3108 1162 3146 oblectati
1175 3109 1210 3146 in
1230 3124 1286 3161 pe-

300 3174 379 3224 lago
398 3173 526 3210 amoris
540 3172 627 3224 ejus,
639 3185 679 3208 ac
694 3185 774 3208 cum
790 3170 954 3207 libertate
970 3169 1100 3220 ubique
1114 3179 1283 3218 natantes,

303 3243 332 3270 et
353 3234 533 3270 flammam
551 3232 743 3283 cogitantes
761 3230 995 3280 ineffabilem3
1014 3230 1084 3268 imo
1104 3230 1284 3281 quidquid

345 3379 355 3393 a
378 3368 439 3413 [A⁴
458 3369 568 3401 inserit
587 3371 732 3410 «kagan-l

840 240 1023 270 Joitxxrs
1059 235 1300 268 CHRYsosr.
1340 234 1546 265 Alienum).
1587 234 1942 266 CONSTANTmOP.

1363 316 1628 365 ἐπανελθόντες,
1645 316 1810 368 ἀνώτεροι
1824 318 2002 369 γεγόνασιν
2016 319 2153 357 ἐκείνων
2168 334 2175 341 ·
2193 322 2258 357 ποῦ
2274 321 2387 356 ταῦτα

1363 376 1549 427 προνοίας,
1573 376 1639 415 Ἵν’
1663 371 1720 415 οἶν
1740 381 1852 415 ταῦτα
1883 378 1931 428 μὴ
1960 379 2106 430 λέγηται
2131 379 2212 430 περὶ
2233 384 2291 417 τοῦ
2321 382 2385 416 Δε-

1365 437 1493 474 σπότου
1511 442 1571 475 τοῦ
1592 439 1676 488 ἐμοῦ
1691 468 1699 484 ,
1721 438 1840 490 φησὶν,
1862 441 1892 476 εἷ
1909 439 1967 476 καὶ
1986 439 2113 483 ἀδίκως
2139 439 2296 490 λέγεται,
2326 439 2384 477 καὶ

1367 497 1545 546 βασιλείας
1563 498 1672 544 ἡδέως
1695 499 1735 536 ἂν
1756 498 1953 545 ἐξέπιπτον,
1975 499 2034 537 καὶ
2052 504 2113 545 τῆς
2134 499 2233 545 δόξης
2252 499 2388 546 ἐκείνης

1363 559 1425 602 τῆς
1442 557 1641 611 ἀπορρήτου
1654 586 1663 603 ,
1682 558 1742 596 καὶ
1757 559 1873 596 πάντα
1889 559 2058 609 ὑπέμεινα
2074 559 2113 596 ἂν
2133 559 2178 597 τὰ
2195 559 2306 607 δεινὰ,
2326 576 2387 610 με-

1361 617 1484 668 γίστην
1504 619 1668 656 ἁπάντων
1684 618 1876 670 ἡγούμενος
1895 619 2120 672 παραμυθίαν
2138 613 2224 657 εἶναι
2244 624 2303 657 τοῦ
2319 620 2386 658 πό-

1363 692 1421 728 νου
1441 678 1480 715 τὸ
1504 678 1561 716 τὸν
1584 678 1673 717 οὕτω
1688 678 1897 730 ποθούμενον
1927 679 2053 730 μηκέτι
2072 680 2386 732 βλασφημούμενον

1364 738 1511 777 ἀκούειν.
1535 740 1579 776 Εἰ
1597 739 1632 777 δὲ
1649 739 1785 777 οὐδέπω
1803 740 1981 791 καταδέχῃ
1999 738 2038 776 τὸ
2055 740 2249 791 εἰρημένον,
2269 740 2388 787 ἐννόη-

1365 816 1437 845 σον,
1469 801 1522 838 ὅτι
1551 800 1611 838 καὶ
1640 800 1787 853 πατέρες
1817 801 1940 839 πολλοὶ
1970 800 2139 843 πολλάκις
2169 804 2279 838 ταῦτα
2298 800 2386 854 ὑπὲρ

1364 860 1497 898 παίδων
1516 861 1741 905 κατεδέξαντο
1754 891 1763 907 ,
1780 861 1840 899 καὶ
1859 859 1990 899 εἵλοντο
2014 863 2126 898 αὐτῶν
2147 864 2363 913 χωρισθῆναι
2374 891 2385 909 ,

1364 922 1424 959 καὶ
1445 921 1547 972 μόνον
1564 922 1687 965 αὐτοὺς
1707 923 1975 972 εὐδοκιμοῦντας
2002 925 2097 974 ὁρᾷν,
2117 924 2178 967 τῆς
2208 921 2392 965 συνουσίας

1365 985 1474 1021 αὐτΐῦν
1507 982 1596 1027 ἡδίω
1622 983 1816 1033 νομίζοντες
1847 976 1934 1019 εἶναι
1968 981 2030 1029 τὴν
2070 981 2292 1031 εὐδοκίμησιν
2324 981 2391 1029 τὴν

1365 1044 1516 1082 ἐκείνων.
1537 1044 1629 1082 Ἀλλ’
1654 1044 1772 1090 ἐπειδὴ
1789 1044 1911 1096 πόρ’ῥω
1931 1046 1994 1089 τῆς
2014 1043 2153 1095 ἀγάπης
2176 1042 2281 1092 ἐσμὲν
2301 1042 2389 1081 ταύ-

1364 1119 1445 1151 της,
1465 1103 1542 1142 οὐδὲ
1559 1107 1682 1150 νοῆσαι
1715 1104 1759 1141 τὰ
1787 1104 1958 1155 λεγόμενα
1986 1104 2172 1153 δυνάμεθα.
2200 1102 2305 1140 Οὕτω
2320 1103 2388 1154 γάρ

1362 1180 1450 1208 τινες
1466 1165 1525 1202 καὶ
1545 1165 1608 1212 τὴν
1627 1165 1772 1203 Παύλου
1787 1165 2021 1218 προσηγορίαν
2040 1164 2116 1202 οὐδὲ
2135 1163 2281 1202 ἀκοῦσαί
2302 1166 2390 1201 εἰσιν

1364 1224 1475 1271 ἄξιοι,
1497 1225 1557 1264 καὶ
1589 1229 1651 1272 τῆς
1684 1225 1915 1277 σφοδρότητος
1942 1229 2004 1271 τῆς
2032 1224 2161 1262 ἐκείνου
2189 1224 2308 1277 πόρρω
2328 1224 2389 1261 καὶ

1365 1286 1502 1337 μακρὰν
1519 1286 1720 1334 ἑστήκασιν,
1739 1289 1785 1329 ὡς
1803 1285 1862 1323 καὶ
1879 1286 1958 1338 περὶ
1972 1285 2117 1324 θανάτου
2135 1289 2195 1323 τοῦ
2215 1285 2387 1337 προσκαί-

1365 1362 1422 1397 ρου
1437 1350 1546 1383 ταῦτα
1561 1346 1676 1397 λέγειν
1694 1346 1795 1384 αὖτὸν
1813 1346 1962 1396 νομίζειν
1974 1362 1982 1369 ·
2001 1345 2057 1389 οὓς
2073 1350 2233 1383 τοσοῦτον
2253 1346 2389 1396 εἴποιμι

1363 1407 1402 1443 ἂν
1424 1409 1557 1457 ἀγνοεῖν
1576 1406 1634 1444 τὸν
1653 1408 1807 1454 Παῦλον,
1828 1409 1906 1444 ὅσον
1925 1405 2003 1448 τοὺς
2030 1405 2160 1458 πηροὺς
2179 1406 2240 1452 τὴν
2264 1407 2390 1443 ἀκτῖνα

1362 1467 1424 1514 τὴν
1445 1467 1616 1513 ἧλιακῆν·
1650 1469 1781 1517 μᾶλλον
1802 1466 1916 1505 δὲκαὶ
1944 1468 2066 1518 πολλῷ
2095 1465 2212 1504 πλέον.
2242 1465 2286 1504 Ὁ
2319 1466 2388 1518 γὰρ

1361 1530 1439 1565 καθ’
1468 1528 1620 1575 ἑκάστην
1644 1527 1781 1579 ἡμέραν
1803 1526 2045 1573 ἀποθνήσκων,
2070 1527 2128 1564 καὶ
2151 1527 2296 1579 νιφάδας
2315 1542 2388 1565 κιν-

1362 1589 1472 1626 δύνων
1495 1589 1582 1636 θεὶς,
1614 1589 1674 1627 καὶ
1703 1587 1822 1632 εἰπὼν,
1850 1588 1915 1632 Τίς
1944 1592 2038 1638 ἡμᾶς
2066 1587 2212 1640 χωρίσει
2232 1588 2300 1626 ἀπὸ
2325 1591 2390 1634 τῆς

1362 1650 1501 1702 ἀγάπης
1517 1654 1576 1688 τοῦ
1591 1651 1765 1702 Χριστοῦ,
1781 1651 1914 1700 θλῖψις,
1934 1648 1956 1695 ἢ
1974 1648 2189 1701 στενοχωρία
2202 1679 2212 1695 ,
2232 1649 2254 1694 ἢ
2273 1649 2386 1700 λιμὸς,

1361 1711 1382 1757 ἢ
1405 1711 1577 1763 διωγμός,
1607 1711 1667 1749 καὶ
1698 1712 1759 1749 οὒκ
1788 1710 1965 1763 ἀρκεσθεὶς
1997 1716 2068 1754 τοῖς
2096 1713 2283 1762 λεχθεῖσιν,
2307 1712 2388 1748 ἀλλ’

1360 1772 1513 1826 ὑπερῧὰς
1531 1773 1588 1811 τὸν
1610 1772 1766 1823 οὐρανὸν,
1788 1771 1847 1809 καὶ
1879 1771 1935 1809 τὸν
1964 1770 2104 1823 οὐρανὸν
2130 1775 2190 1809 τοῦ
2219 1773 2386 1822 οὐρανοῦ,

1360 1834 1419 1871 καὶ
1436 1833 1601 1885 ἀγγέλους
1614 1832 1673 1870 καὶ
1691 1832 1929 1885 ἀρχαγγέλους
1941 1862 1951 1879 ,
1966 1832 2025 1870 καὶ
2044 1832 2159 1870 πάντα
2176 1831 2219 1869 τὰ
2236 1832 2307 1869 ἄνω
2325 1847 2387 1870 πε·

1363 1894 1555 1948 ριδραμὼν,
1584 1894 1643 1932 καὶ
1671 1893 1854 1933 συλλαὲὼν
1875 1897 1960 1944 ὁμοῦ
1976 1893 2020 1931 τὰ
2035 1892 2212 1946 παρόντα,
2232 1892 2276 1930 τὰ
2301 1892 2387 1943 μέλ-

1360 1959 1483 2004 λοντα,
1514 1955 1558 1993 τὰ
1586 1954 1769 2009 ὁρώμενα,
1796 1953 1842 1992 τὰ
1865 1953 2054 2004 νοούμενα,
2073 1953 2118 1991 τὰ
2149 1952 2312 2006 λυπηρὰ,
2341 1953 2385 1991 τὰ

1360 2016 1498 2070 χρηστὰ
1511 2048 1520 2065 ,
1538 2017 1582 2055 τὰ
1598 2019 1633 2054 ἐν
1655 2015 1850 2068 ἑκατέροις,
1878 2013 1936 2052 καὶ
1962 2014 2057 2052 οὐδὲν
2077 2013 2165 2056 ὅλως
2184 2014 2303 2066 ἀφεὶς,
2326 2014 2386 2053 καὶ

1359 2078 1434 2117 οὐδὲ
1449 2077 1538 2116 οὕτω
1555 2076 1748 2127 κορεσθεὶς,
1770 2075 1859 2114 ἀλλὰ
1881 2075 1939 2113 καὶ
1962 2074 2083 2127 ἑτέραν
2107 2074 2280 2120 τοσαύτην
2305 2075 2385 2113 κτί-

1359 2156 1412 2178 σιν
1428 2139 1490 2187 τῆν
1511 2141 1574 2178 οὔκ
1592 2133 1696 2176 οὖσαν
1717 2137 2023 2188 ὑποστησάμενος·
2055 2139 2129 2180 πῶς
2150 2140 2196 2181 ὡς
2229 2136 2321 2188 μέγα
2349 2153 2384 2175 τι

1359 2199 1469 2251 λέγων
1491 2202 1565 2251 μετ’
1597 2203 1712 2238 ἐκεῖνα
1737 2199 1873 2246 πάντα,
1901 2197 2047 2237 θανάτου
2080 2202 2140 2236 τοῦ
2173 2198 2387 2250 προσκαίρου

1360 2261 1616 2311 ἐμνημόνευσεν
1637 2261 1696 2306 ἅν;

1413 2324 1489 2360 Οὐκ
1509 2321 1584 2359 ἔστι
1607 2324 1734 2368 ταῦτα,
1764 2323 1826 2357 οὐκ
1865 2321 1956 2358 ἔστιν
1973 2336 1980 2344 ·
2001 2320 2091 2358 ἀλλὰ
2125 2319 2316 2366 σκωλήκων
2349 2322 2386 2357 ἐν

1361 2382 1488 2435 κοπρία
1509 2381 1730 2434 φωλευόντων
1751 2384 1771 2427 ἦ
1792 2380 1935 2428 τοιαύτη
1956 2381 2111 2419 ὑπόνοια.
2134 2382 2178 2418 Εἰ
2197 2380 2266 2432 γὰρ
2283 2385 2385 2419 τοῦτο

1362 2444 1458 2494 ἔλεγε
1472 2473 1481 2490 ,
1502 2445 1576 2486 πῶς
1609 2441 1766 2492 ἀνάθεμα
1792 2442 1912 2479 ἑαυτὸν
1944 2441 2073 2493 ηὔχετο
2106 2435 2193 2479 εἶναι
2225 2440 2293 2479 ἀπὸ
2327 2446 2388 2479 τοῦ

1361 2505 1540 2556 Χριστοῧ;
1562 2502 1606 2540 Ὁ
1638 2502 1705 2555 γὰρ
1735 2507 1885 2546 τοιοῦτος
1919 2502 2063 2545 θάνατος
2096 2503 2228 2552 μᾶλλον
2258 2503 2308 2553 τῷ
2328 2504 2389 2540 τοῖἱ

1361 2566 1514 2617 Χριστοῦ
1548 2566 1701 2609 συνῆπτε
1731 2565 1846 2614 χορῷ,
1879 2563 1938 2601 καὶ
1970 2566 2032 2608 rm
2063 2563 2161 2609 δόξης
2198 2562 2388 2601 ἀπολαύειν

1360 2624 1495 2671 ἐκείνης
1515 2623 1635 2662 ἐποίει.
1661 2624 1764 2662 Ἀλλὰ
1784 2624 1850 2676 γάρ
1873 2624 1939 2662 εἰσί
1972 2641 2073 2670 τινες,
2101 2625 2134 2662 οἳ
2164 2624 2224 2662 καὶ
2256 2623 2387 2662 τούτων

1361 2687 1462 2738 ἕτερα
1483 2684 1811 2737 καταγελαστότερα
1838 2687 1994 2735 τολμῶσι
2013 2684 2137 2734 λέγειν.
2159 2687 2212 2723 Οὐ
2231 2684 2298 2736 γὰρ
2324 2684 2386 2722 θά-

1360 2762 1475 2793 νατον,
1506 2746 1623 2797 φησὶν,
1642 2751 1656 2766 ³
1669 2746 1760 2784 ἀλλὰ
1796 2746 1976 2796 κειμήλιον
2010 2746 2070 2783 καὶ
2106 2745 2264 2795 ἀνάθεμα
2299 2738 2385 2782 εἶναι

1359 2807 1489 2859 ηὔχετο
1508 2809 1567 2843 τοῦ
1588 2807 1752 2857 Χριστοῦ.
1777 2805 1846 2844 Καὶ
1866 2805 1917 2849 τίς
1942 2809 2043 2844 τοῦτο
2071 2807 2131 2844 καὶ
2155 2809 2224 2843 τῶν
2253 2805 2384 2857 σφόδρα

1363 2869 1509 2906 εὖτελῶν
1543 2867 1603 2904 καὶ
1631 2867 1934 2905 ἀναπεπτωκότο)ν
1962 2869 2024 2904 οὐκ
2053 2866 2092 2904 ἂν
2122 2866 2276 2913 εὔξαιτο,
2302 2867 2388 2910 Πῶς

1360 2928 1396 2966 δὲ
1414 2928 1500 2979 ὑπὲρ
1518 2929 1586 2964 τῶν
1614 2930 1788 2978 συγγενῶν
1807 2931 1907 2964 τοῦτο
1932 2927 2055 2976 ἔμελλε
2074 2930 2142 2965 τῶν
2172 2929 2274 2965 αὐτοῦ
2293 2927 2385 2978 γενέ-

1360 2993 1460 3037 σθαι,
1480 2989 1636 3041 Ἀφέντες
1657 2988 1768 3026 τοίνυν
1800 2987 1877 3031 τοὺς
1906 2989 2029 3038 μύθους
2056 2989 2115 3026 καὶ
2136 2988 2196 3032 τὰς
2216 2988 2385 3040 φλυαρίας

1362 3049 1451 3099 (οὖδὲ
1478 3049 1545 3100 γὰρ
1565 3048 1755 3099 ἀντιλέγειν
1785 3048 1870 3099 πρὸς
1897 3052 2008 3086 ταῦτα
2041 3048 2146 3094 ἄξιον,
2177 3048 2297 3102 ὥσπερ
2324 3043 2383 3086 οὖν

1358 3108 1435 3148 οὐδὲ
1450 3110 1535 3160 πρὸς
1553 3107 1596 3146 τὰ
1615 3107 1737 3146 παιδία
1756 3107 1799 3145 τὰ
1821 3108 2026 3159 ψελλίζοντα
2038 3112 2061 3156 ),
2084 3111 2130 3152 εἷς
2148 3108 2255 3154 αὐτὴν
2275 3109 2384 3147 πάλιν

1356 3170 1419 3217 τὴν
1443 3173 1540 3222 ῥῆσιν
1558 3168 1815 3219 ἐπανέλθωμεν,
1833 3171 2065 3222 ἐντρυφῶντες
2082 3171 2186 3207 αὐτοῦ
2201 3171 2250 3220 τῷ
2270 3170 2383 3208 πελά-

1355 3247 1407 3283 γει
1427 3234 1488 3278 τῆς
1509 3230 1658 3281 ἀγάπης,
1675 3229 1735 3267 καὶ
1754 3228 1841 3279 μετὰ
1871 3229 1988 3273 ἀδείας
2014 3233 2194 3281 πανταχοῦ
2223 3229 2376 3281 νηχόμε-
