<?xml version="1.0" encoding="UTF-8"?>
<!DOCTYPE html PUBLIC "-//W3C//DTD XHTML 1.0 Transitional//EN"
    "http://www.w3.org/TR/xhtml1/DTD/xhtml1-transitional.dtd">
<html xmlns="http://www.w3.org/1999/xhtml" xml:lang="en" lang="en">
 <head>
  <title>
</title>
<meta http-equiv="Content-Type" content="text/html;charset=utf-8" />
  <meta name='ocr-system' content='tesseract 3.04.00' />
  <meta name='ocr-capabilities' content='ocr_page ocr_carea ocr_par ocr_line ocrx_word'/>
</head>
<body>
  <div class='ocr_page' id='page_1' title='image "./operaomniaquaeex09johnuoft/operaomniaquaeex09johnuoft_0328.png"; bbox 0 0 2502 3810; ppageno 0'>
   <div class='ocr_carea' id='block_1_1' title="bbox 307 236 1340 912">
    <p class='ocr_par' dir='ltr' id='par_1_1' title="bbox 307 236 1340 912">
     <span class='ocr_line' id='line_1_1' title="bbox 314 236 784 297; baseline -0.015 -17"><span class='ocrx_word' id='word_1_1' title='bbox 314 236 407 297; x_wconf 74' lang='lat'>294</span> <span class='ocrx_word' id='word_1_2' title='bbox 748 246 784 273; x_wconf 77' lang='lat' dir='ltr'>s,</span> 
     </span>
     <span class='ocr_line' id='line_1_2' title="bbox 312 317 1288 376; baseline -0.015 -8"><span class='ocrx_word' id='word_1_3' title='bbox 312 329 418 367; x_wconf 81' lang='lat' dir='ltr'>minis</span> <span class='ocrx_word' id='word_1_4' title='bbox 435 335 560 376; x_wconf 84' lang='lat' dir='ltr'>essent,</span> <span class='ocrx_word' id='word_1_5' title='bbox 573 339 618 363; x_wconf 76' lang='lat' dir='ltr'>ex</span> <span class='ocrx_word' id='word_1_6' title='bbox 633 323 689 360; x_wconf 87' lang='lat' dir='ltr'>his</span> <span class='ocrx_word' id='word_1_7' title='bbox 708 322 870 360; x_wconf 85' lang='lat' dir='ltr'>omnibus</span> <span class='ocrx_word' id='word_1_8' title='bbox 882 320 957 357; x_wconf 86' lang='lat' dir='ltr'>haec</span> <span class='ocrx_word' id='word_1_9' title='bbox 970 318 1176 356; x_wconf 79' lang='lat' dir='ltr'>inserebant.</span> <span class='ocrx_word' id='word_1_10' title='bbox 1193 317 1288 354; x_wconf 88' lang='lat' dir='ltr'>Alio-</span> 
     </span>
     <span class='ocr_line' id='line_1_3' title="bbox 311 379 1288 440; baseline -0.013 -12"><span class='ocrx_word' id='word_1_11' title='bbox 311 390 397 440; x_wconf 85' lang='lat' dir='ltr'>quin</span> <span class='ocrx_word' id='word_1_12' title='bbox 419 386 595 437; x_wconf 76' lang='lat' dir='ltr'>navigatio</span> <span class='ocrx_word' id='word_1_13' title='bbox 617 383 708 421; x_wconf 90' lang='lat' dir='ltr'>illud</span> <span class='ocrx_word' id='word_1_14' title='bbox 726 381 906 419; x_wconf 81' lang='lat' dir='ltr'>indicabat</span> <span class='ocrx_word' id='word_1_15' title='bbox 921 395 928 416; x_wconf 74' lang='grc' dir='ltr'><em>τ</em></span> <span class='ocrx_word' id='word_1_16' title='bbox 946 393 1057 430; x_wconf 86' lang='lat' dir='ltr'>neque</span> <span class='ocrx_word' id='word_1_17' title='bbox 1076 379 1170 416; x_wconf 89' lang='lat' dir='ltr'>enim</span> <span class='ocrx_word' id='word_1_18' title='bbox 1188 379 1288 416; x_wconf 88' lang='lat' dir='ltr'>mul-</span> 
     </span>
     <span class='ocr_line' id='line_1_4' title="bbox 311 438 1288 497; baseline -0.012 -10"><span class='ocrx_word' id='word_1_19' title='bbox 311 460 386 487; x_wconf 90' lang='lat' dir='ltr'>tum</span> <span class='ocrx_word' id='word_1_20' title='bbox 411 458 549 497; x_wconf 90' lang='lat' dir='ltr'>tempus</span> <span class='ocrx_word' id='word_1_21' title='bbox 568 452 653 491; x_wconf 84' lang='lat' dir='ltr'>erat,</span> <span class='ocrx_word' id='word_1_22' title='bbox 673 455 742 492; x_wconf 89' lang='lat' dir='ltr'>quo</span> <span class='ocrx_word' id='word_1_23' title='bbox 763 441 799 478; x_wconf 90' lang='lat' dir='ltr'>in</span> <span class='ocrx_word' id='word_1_24' title='bbox 823 441 922 477; x_wconf 90' lang='lat' dir='ltr'>illam</span> <span class='ocrx_word' id='word_1_25' title='bbox 946 438 1163 477; x_wconf 62' lang='lat' dir='ltr'>Macedoniae</span> <span class='ocrx_word' id='word_1_26' title='bbox 1193 438 1288 475; x_wconf 83' lang='lat' dir='ltr'>radi-</span> 
     </span>
     <span class='ocr_line' id='line_1_5' title="bbox 310 499 1290 552; baseline -0.01 -6"><span class='ocrx_word' id='word_1_27' title='bbox 310 523 385 546; x_wconf 87' lang='lat' dir='ltr'>cem</span> <span class='ocrx_word' id='word_1_28' title='bbox 407 513 584 545; x_wconf 77' lang='lat' dir='ltr'>venerant.</span> <span class='ocrx_word' id='word_1_29' title='bbox 605 506 716 552; x_wconf 82' lang='lat' dir='ltr'>Atque</span> <span class='ocrx_word' id='word_1_30' title='bbox 735 501 784 538; x_wconf 88' lang='lat' dir='ltr'>ita</span> <span class='ocrx_word' id='word_1_31' title='bbox 803 499 972 538; x_wconf 81' lang='lat' dir='ltr'>dissensio</span> <span class='ocrx_word' id='word_1_32' title='bbox 991 499 1127 537; x_wconf 85' lang='lat' dir='ltr'>utiliter</span> <span class='ocrx_word' id='word_1_33' title='bbox 1145 499 1290 551; x_wconf 81' lang='lat' dir='ltr'>provisa</span> 
     </span>
     <span class='ocr_line' id='line_1_6' title="bbox 307 561 1291 615; baseline -0.009 -10"><span class='ocrx_word' id='word_1_34' title='bbox 307 567 516 615; x_wconf 79' lang='lat' dir='ltr'>fuit.Neque</span> <span class='ocrx_word' id='word_1_35' title='bbox 528 564 622 601; x_wconf 91' lang='lat' dir='ltr'>enim</span> <span class='ocrx_word' id='word_1_36' title='bbox 636 562 723 599; x_wconf 85' lang='lat' dir='ltr'>alias</span> <span class='ocrx_word' id='word_1_37' title='bbox 733 561 888 613; x_wconf 79' lang='lat' dir='ltr'>Spiritus</span> <span class='ocrx_word' id='word_1_38' title='bbox 904 569 1045 598; x_wconf 80' lang='lat' dir='ltr'>sanctus</span> <span class='ocrx_word' id='word_1_39' title='bbox 1061 569 1225 612; x_wconf 82' lang='lat' dir='ltr'>operatus</span> <span class='ocrx_word' id='word_1_40' title='bbox 1240 573 1291 597; x_wconf 85' lang='lat' dir='ltr'>es-</span> 
     </span>
     <span class='ocr_line' id='line_1_7' title="bbox 308 619 1291 675; baseline -0.007 -11"><span class='ocrx_word' id='word_1_41' title='bbox 308 636 370 675; x_wconf 90' lang='lat' dir='ltr'>set,</span> <span class='ocrx_word' id='word_1_42' title='bbox 386 639 497 674; x_wconf 86' lang='lat' dir='ltr'>neque</span> <span class='ocrx_word' id='word_1_43' title='bbox 511 622 716 661; x_wconf 72' lang='lat' dir='ltr'>Macedonia</span> <span class='ocrx_word' id='word_1_44' title='bbox 734 621 883 660; x_wconf 72' lang='lat' dir='ltr'>verbum</span> <span class='ocrx_word' id='word_1_45' title='bbox 916 619 1132 672; x_wconf 80' lang='lat' dir='ltr'><strong>suscepisset.</strong></span> <span class='ocrx_word' id='word_1_46' title='bbox 1153 621 1291 658; x_wconf 86' lang='lat' dir='ltr'>Tantus</span> 
     </span>
     <span class='ocr_line' id='line_1_8' title="bbox 309 681 1340 734; baseline -0.007 -11"><span class='ocrx_word' id='word_1_47' title='bbox 309 700 393 723; x_wconf 59' lang='lat' dir='ltr'>vero</span> <span class='ocrx_word' id='word_1_48' title='bbox 419 684 478 721; x_wconf 89' lang='lat' dir='ltr'>ille</span> <span class='ocrx_word' id='word_1_49' title='bbox 496 683 672 734; x_wconf 85' lang='lat' dir='ltr'>profectus</span> <span class='ocrx_word' id='word_1_50' title='bbox 692 681 834 732; x_wconf 83' lang='lat' dir='ltr'>signum</span> <span class='ocrx_word' id='word_1_51' title='bbox 852 689 940 729; x_wconf 89' lang='lat' dir='ltr'>erat,</span> <span class='ocrx_word' id='word_1_52' title='bbox 962 693 1037 717; x_wconf 89' lang='lat' dir='ltr'>rem</span> <span class='ocrx_word' id='word_1_53' title='bbox 1065 688 1198 730; x_wconf 87' lang='lat' dir='ltr'>gestam</span> <span class='ocrx_word' id='word_1_54' title='bbox 1225 693 1291 717; x_wconf 93' lang='lat' dir='ltr'>non</span> <span class='ocrx_word' id='word_1_55' title='bbox 1315 687 1340 717; x_wconf 88' lang='grc' dir='ltr'>Ε</span> 
     </span>
     <span class='ocr_line' id='line_1_9' title="bbox 307 740 1293 791; baseline -0.005 -9"><span class='ocrx_word' id='word_1_56' title='bbox 307 745 415 782; x_wconf 89' lang='lat' dir='ltr'>fuisse</span> <span class='ocrx_word' id='word_1_57' title='bbox 430 744 634 780; x_wconf 81' lang='lat' dir='ltr'>humanam.</span> <span class='ocrx_word' id='word_1_58' title='bbox 653 741 760 791; x_wconf 71' lang='lat' dir='ltr'>Atqui</span> <span class='ocrx_word' id='word_1_59' title='bbox 780 755 849 778; x_wconf 92' lang='lat' dir='ltr'>non</span> <span class='ocrx_word' id='word_1_60' title='bbox 868 740 975 789; x_wconf 70' lang='lat' dir='ltr'>dixit,</span> <span class='ocrx_word' id='word_1_61' title='bbox 994 740 1194 778; x_wconf 80' lang='lat' dir='ltr'>Barnabam</span> <span class='ocrx_word' id='word_1_62' title='bbox 1210 754 1293 778; x_wconf 81' lang='lat' dir='ltr'>exa-</span> 
     </span>
     <span class='ocr_line' id='line_1_10' title="bbox 311 801 1288 854; baseline -0.003 -11"><span class='ocrx_word' id='word_1_63' title='bbox 311 805 493 843; x_wconf 86' lang='lat' dir='ltr'>cerbatum</span> <span class='ocrx_word' id='word_1_64' title='bbox 513 803 621 840; x_wconf 82' lang='lat' dir='ltr'>fuisse</span> <span class='ocrx_word' id='word_1_65' title='bbox 630 817 641 853; x_wconf 84' lang='grc'><strong><em>5</em></strong></span> <span class='ocrx_word' id='word_1_66' title='bbox 664 801 736 851; x_wconf 83' lang='lat' dir='ltr'>sed,</span> <span class='ocrx_word' id='word_1_67' title='bbox 752 804 859 839; x_wconf 85' lang='lat' dir='ltr'><strong><em>Inter</em></strong></span> <span class='ocrx_word' id='word_1_68' title='bbox 882 802 971 839; x_wconf 81' lang='lat' dir='ltr'><strong>illos</strong></span> <span class='ocrx_word' id='word_1_69' title='bbox 992 802 1177 839; x_wconf 79' lang='lat' dir='ltr'>dissensio</span> <span class='ocrx_word' id='word_1_70' title='bbox 1193 803 1288 854; x_wconf 81' lang='lat' dir='ltr'>fuit.</span> 
     </span>
     <span class='ocr_line' id='line_1_11' title="bbox 308 861 1064 912; baseline -0.007 -9"><span class='ocrx_word' id='word_1_71' title='bbox 308 865 347 903; x_wconf 80' lang='lat' dir='ltr'>Si</span> <span class='ocrx_word' id='word_1_72' title='bbox 362 865 420 903; x_wconf 91' lang='lat' dir='ltr'>hic</span> <span class='ocrx_word' id='word_1_73' title='bbox 443 864 672 902; x_wconf 73' lang='lat' dir='ltr'><strong>exacerbatus</strong></span> <span class='ocrx_word' id='word_1_74' title='bbox 692 876 761 900; x_wconf 90' lang='lat' dir='ltr'>non</span> <span class='ocrx_word' id='word_1_75' title='bbox 780 871 845 912; x_wconf 89' lang='lat' dir='ltr'>est,</span> <span class='ocrx_word' id='word_1_76' title='bbox 868 875 980 912; x_wconf 85' lang='lat' dir='ltr'>neque</span> <span class='ocrx_word' id='word_1_77' title='bbox 993 861 1064 899; x_wconf 89' lang='lat' dir='ltr'>ille.</span> 
     </span>
    </p>
   </div>
   <div class='ocr_carea' id='block_1_2' title="bbox 307 984 1295 1278">
    <p class='ocr_par' dir='ltr' id='par_1_2' title="bbox 307 984 1295 1278">
     <span class='ocr_line' id='line_1_12' title="bbox 363 984 1292 1036; baseline -0.003 -12"><span class='ocrx_word' id='word_1_78' title='bbox 363 988 397 1024; x_wconf 88' lang='lat'>5.</span> <span class='ocrx_word' id='word_1_79' title='bbox 420 986 505 1024; x_wconf 80' lang='lat' dir='ltr'>Haec</span> <span class='ocrx_word' id='word_1_80' title='bbox 525 1000 605 1023; x_wconf 89' lang='lat' dir='ltr'>eum</span> <span class='ocrx_word' id='word_1_81' title='bbox 631 985 807 1035; x_wconf 88' lang='lat' dir='ltr'>sciamus,</span> <span class='ocrx_word' id='word_1_82' title='bbox 825 998 868 1022; x_wconf 89' lang='lat' dir='ltr'>ne</span> <span class='ocrx_word' id='word_1_83' title='bbox 886 984 1123 1036; x_wconf 84' lang='lat' dir='ltr'>perfunctorie</span> <span class='ocrx_word' id='word_1_84' title='bbox 1143 984 1205 1021; x_wconf 84' lang='lat' dir='ltr'>illa</span> <span class='ocrx_word' id='word_1_85' title='bbox 1224 997 1292 1022; x_wconf 77' lang='lat' dir='ltr'>ex-</span> 
     </span>
     <span class='ocr_line' id='line_1_13' title="bbox 311 1045 1295 1099; baseline -0.003 -15"><span class='ocrx_word' id='word_1_86' title='bbox 311 1046 495 1099; x_wconf 83' lang='lat' dir='ltr'>cipiamus,</span> <span class='ocrx_word' id='word_1_87' title='bbox 523 1045 586 1084; x_wconf 86' lang='lat' dir='ltr'>sed</span> <span class='ocrx_word' id='word_1_88' title='bbox 623 1046 800 1083; x_wconf 86' lang='lat' dir='ltr'>diseamus</span> <span class='ocrx_word' id='word_1_89' title='bbox 832 1054 865 1083; x_wconf 90' lang='lat' dir='ltr'>et</span> <span class='ocrx_word' id='word_1_90' title='bbox 896 1045 1150 1093; x_wconf 87' lang='lat' dir='ltr'>instituamur;</span> <span class='ocrx_word' id='word_1_91' title='bbox 1182 1058 1295 1095; x_wconf 87' lang='lat' dir='ltr'>neque</span> 
     </span>
     <span class='ocr_line' id='line_1_14' title="bbox 307 1104 1295 1157; baseline -0.003 -14"><span class='ocrx_word' id='word_1_92' title='bbox 307 1106 403 1143; x_wconf 90' lang='lat' dir='ltr'>enim</span> <span class='ocrx_word' id='word_1_93' title='bbox 438 1115 568 1143; x_wconf 84' lang='lat' dir='ltr'>temere</span> <span class='ocrx_word' id='word_1_94' title='bbox 596 1106 768 1157; x_wconf 86' lang='lat' dir='ltr'>scriptum</span> <span class='ocrx_word' id='word_1_95' title='bbox 785 1115 849 1143; x_wconf 88' lang='lat' dir='ltr'>est.</span> <span class='ocrx_word' id='word_1_96' title='bbox 871 1106 1045 1156; x_wconf 82' lang='lat' dir='ltr'>Magnum</span> <span class='ocrx_word' id='word_1_97' title='bbox 1073 1104 1208 1141; x_wconf 88' lang='lat' dir='ltr'>malum</span> <span class='ocrx_word' id='word_1_98' title='bbox 1243 1112 1295 1141; x_wconf 88' lang='lat' dir='ltr'>est</span> 
     </span>
     <span class='ocr_line' id='line_1_15' title="bbox 307 1165 1292 1219; baseline -0.001 -16"><span class='ocrx_word' id='word_1_99' title='bbox 307 1167 469 1218; x_wconf 82' lang='lat' dir='ltr'>ignorare</span> <span class='ocrx_word' id='word_1_100' title='bbox 499 1167 699 1219; x_wconf 82' lang='lat' dir='ltr'><strong>Scripturas</strong></span> <span class='ocrx_word' id='word_1_101' title='bbox 722 1182 729 1202; x_wconf 75' lang='grc' dir='ltr'>ε</span> <span class='ocrx_word' id='word_1_102' title='bbox 750 1180 769 1203; x_wconf 83' lang='lat' dir='ltr'>a</span> <span class='ocrx_word' id='word_1_103' title='bbox 788 1165 918 1216; x_wconf 84' lang='lat' dir='ltr'>quibus</span> <span class='ocrx_word' id='word_1_104' title='bbox 935 1165 1055 1217; x_wconf 78' lang='lat' dir='ltr'>juvari</span> <span class='ocrx_word' id='word_1_105' title='bbox 1090 1173 1263 1217; x_wconf 85' lang='lat' dir='ltr'>oporteret</span> <span class='ocrx_word' id='word_1_106' title='bbox 1282 1194 1292 1212; x_wconf 91' lang='lat'>‚</span> 
     </span>
     <span class='ocr_line' id='line_1_16' title="bbox 310 1226 1294 1278; baseline -0.002 -14"><span class='ocrx_word' id='word_1_107' title='bbox 310 1228 355 1265; x_wconf 87' lang='lat' dir='ltr'>ab</span> <span class='ocrx_word' id='word_1_108' title='bbox 371 1228 413 1265; x_wconf 89' lang='lat' dir='ltr'>iis</span> <span class='ocrx_word' id='word_1_109' title='bbox 426 1228 601 1265; x_wconf 81' lang='lat' dir='ltr'>laedimur.</span> <span class='ocrx_word' id='word_1_110' title='bbox 626 1227 686 1265; x_wconf 88' lang='lat' dir='ltr'>Sic</span> <span class='ocrx_word' id='word_1_111' title='bbox 704 1227 900 1276; x_wconf 86' lang='lat' dir='ltr'>frequenter</span> <span class='ocrx_word' id='word_1_112' title='bbox 920 1226 1111 1278; x_wconf 85' lang='lat' dir='ltr'>pharmaca</span> <span class='ocrx_word' id='word_1_113' title='bbox 1129 1227 1205 1265; x_wconf 76' lang='lat' dir='ltr'>vim</span> <span class='ocrx_word' id='word_1_114' title='bbox 1218 1239 1294 1262; x_wconf 88' lang='lat' dir='ltr'>mc-</span> 
     </span>
    </p>
   </div>
   <div class='ocr_carea' id='block_1_3' title="bbox 307 1286 1352 1346">
    <p class='ocr_par' dir='ltr' id='par_1_3' title="bbox 307 1286 1352 1346">
     <span class='ocr_line' id='line_1_17' title="bbox 307 1286 1352 1346; baseline -0.003 -21"><span class='ocrx_word' id='word_1_115' title='bbox 307 1288 416 1325; x_wconf 89' lang='lat' dir='ltr'>dendi</span> <span class='ocrx_word' id='word_1_116' title='bbox 438 1287 615 1337; x_wconf 78' lang='lat' dir='ltr'>habentia,</span> <span class='ocrx_word' id='word_1_117' title='bbox 637 1302 717 1325; x_wconf 91' lang='lat' dir='ltr'>cum</span> <span class='ocrx_word' id='word_1_118' title='bbox 732 1288 807 1339; x_wconf 85' lang='lat' dir='ltr'>ejus</span> <span class='ocrx_word' id='word_1_119' title='bbox 823 1300 927 1323; x_wconf 89' lang='lat' dir='ltr'>usum</span> <span class='ocrx_word' id='word_1_120' title='bbox 954 1287 1113 1324; x_wconf 86' lang='lat' dir='ltr'>nesciunt</span> <span class='ocrx_word' id='word_1_121' title='bbox 1149 1286 1211 1336; x_wconf 85' lang='lat' dir='ltr'>qui</span> <span class='ocrx_word' id='word_1_122' title='bbox 1232 1286 1293 1323; x_wconf 80' lang='lat' dir='ltr'>illa</span> <span class='ocrx_word' id='word_1_123' title='bbox 1305 1323 1352 1346; x_wconf 65' lang='lat'>256</span> 
     </span>
    </p>
   </div>
   <div class='ocr_carea' id='block_1_4' title="bbox 821 237 1943 272">
    <p class='ocr_par' dir='ltr' id='par_1_4' title="bbox 821 237 1943 272">
     <span class='ocr_line' id='line_1_18' title="bbox 821 237 1943 272; baseline -0.002 0"><span class='ocrx_word' id='word_1_124' title='bbox 821 240 1010 272; x_wconf 75' lang='lat' dir='ltr'>JOANNlS</span> <span class='ocrx_word' id='word_1_125' title='bbox 1045 237 1286 269; x_wconf 74' lang='lat' dir='ltr'>CHRYSOST.</span> <span class='ocrx_word' id='word_1_126' title='bbox 1324 238 1536 268; x_wconf 70' lang='lat' dir='ltr'>Ancum-21².</span> <span class='ocrx_word' id='word_1_127' title='bbox 1575 239 1943 270; x_wconf 76' lang='lat' dir='ltr'><strong>CONSTANTINOP.</strong></span> 
     </span>
    </p>
   </div>
   <div class='ocr_carea' id='block_1_5' title="bbox 1359 314 2384 1339">
    <p class='ocr_par' dir='ltr' id='par_1_5' title="bbox 1359 314 2383 974">
     <span class='ocr_line' id='line_1_19' title="bbox 1359 314 2377 372; baseline 0.001 -18"><span class='ocrx_word' id='word_1_128' title='bbox 1359 317 1426 355; x_wconf 81' lang='grc' dir='ltr'>ὑπὸ</span> <span class='ocrx_word' id='word_1_129' title='bbox 1445 321 1505 355; x_wconf 80' lang='grc' dir='ltr'>τοῦ</span> <span class='ocrx_word' id='word_1_130' title='bbox 1520 318 1735 369; x_wconf 82' lang='grc' dir='ltr'>Πνεύματος,</span> <span class='ocrx_word' id='word_1_131' title='bbox 1751 320 1872 372; x_wconf 75' lang='grc' dir='ltr'>καὶτῷ</span> <span class='ocrx_word' id='word_1_132' title='bbox 1891 321 1976 372; x_wconf 84' lang='grc' dir='ltr'>πρὸς</span> <span class='ocrx_word' id='word_1_133' title='bbox 1994 326 2064 364; x_wconf 81' lang='grc' dir='ltr'>τοῖς</span> <span class='ocrx_word' id='word_1_134' title='bbox 2079 320 2169 371; x_wconf 77' lang='grc' dir='ltr'>ὅροις</span> <span class='ocrx_word' id='word_1_135' title='bbox 2188 314 2288 363; x_wconf 65' lang='grc' dir='ltr'>εἶναι,</span> <span class='ocrx_word' id='word_1_136' title='bbox 2308 318 2377 356; x_wconf 71' lang='grc' dir='ltr'>ἀπὸ</span> 
     </span>
     <span class='ocr_line' id='line_1_20' title="bbox 1359 377 2378 432; baseline 0 -18"><span class='ocrx_word' id='word_1_137' title='bbox 1359 377 1489 415; x_wconf 89' lang='grc' dir='ltr'>τούτων</span> <span class='ocrx_word' id='word_1_138' title='bbox 1516 378 1677 416; x_wconf 79' lang='grc' dir='ltr'>ἁπάντων</span> <span class='ocrx_word' id='word_1_139' title='bbox 1701 385 1812 418; x_wconf 80' lang='grc' dir='ltr'>ταῦτα</span> <span class='ocrx_word' id='word_1_140' title='bbox 1835 380 1852 400; x_wconf 75' lang='lat'>¹³</span> <span class='ocrx_word' id='word_1_141' title='bbox 1867 384 2028 432; x_wconf 69' lang='grc' dir='ltr'>συνῆγον.</span> <span class='ocrx_word' id='word_1_142' title='bbox 2048 381 2181 423; x_wconf 77' lang='grc' dir='ltr'>Ἄλλως</span> <span class='ocrx_word' id='word_1_143' title='bbox 2209 380 2243 418; x_wconf 78' lang='grc' dir='ltr'>δὲ</span> <span class='ocrx_word' id='word_1_144' title='bbox 2274 378 2331 416; x_wconf 80' lang='grc' dir='ltr'>καὶ</span> <span class='ocrx_word' id='word_1_145' title='bbox 2361 381 2378 414; x_wconf 86' lang='grc' dir='ltr'>ὁ</span> 
     </span>
     <span class='ocr_line' id='line_1_21' title="bbox 1360 437 2378 493; baseline 0.001 -19"><span class='ocrx_word' id='word_1_146' title='bbox 1360 438 1467 480; x_wconf 90' lang='grc' dir='ltr'>πλοῦς</span> <span class='ocrx_word' id='word_1_147' title='bbox 1484 443 1585 476; x_wconf 85' lang='grc' dir='ltr'>τοῦτο</span> <span class='ocrx_word' id='word_1_148' title='bbox 1604 439 1776 490; x_wconf 65' lang='grc' dir='ltr'>ἐνέφαινεν</span> <span class='ocrx_word' id='word_1_149' title='bbox 1794 456 1802 464; x_wconf 94' lang='grc'><em>·</em></span> <span class='ocrx_word' id='word_1_150' title='bbox 1821 442 1857 484; x_wconf 71' lang='grc' dir='ltr'>οὐ</span> <span class='ocrx_word' id='word_1_151' title='bbox 1873 441 1938 492; x_wconf 71' lang='grc' dir='ltr'>γὰρ</span> <span class='ocrx_word' id='word_1_152' title='bbox 1961 441 2093 491; x_wconf 79' lang='grc' dir='ltr'>ἐγένετο</span> <span class='ocrx_word' id='word_1_153' title='bbox 2115 440 2236 493; x_wconf 79' lang='grc' dir='ltr'>χρόνος</span> <span class='ocrx_word' id='word_1_154' title='bbox 2252 437 2357 480; x_wconf 70' lang='grc' dir='ltr'>πολὺς</span> <span class='ocrx_word' id='word_1_155' title='bbox 2369 468 2378 484; x_wconf 89' lang='grc'>,</span> 
     </span>
     <span class='ocr_line' id='line_1_22' title="bbox 1361 496 2377 552; baseline 0.002 -18"><span class='ocrx_word' id='word_1_156' title='bbox 1361 496 1435 535; x_wconf 76' lang='grc' dir='ltr'>ὅθεν</span> <span class='ocrx_word' id='word_1_157' title='bbox 1455 500 1502 540; x_wconf 84' lang='grc' dir='ltr'>εἷς</span> <span class='ocrx_word' id='word_1_158' title='bbox 1523 499 1628 545; x_wconf 71' lang='grc' dir='ltr'>αὐτὴν</span> <span class='ocrx_word' id='word_1_159' title='bbox 1647 500 1709 546; x_wconf 82' lang='grc' dir='ltr'>τὴν</span> <span class='ocrx_word' id='word_1_160' title='bbox 1736 500 1829 551; x_wconf 76' lang='grc' dir='ltr'>ῥίζαν</span> <span class='ocrx_word' id='word_1_161' title='bbox 1854 503 1916 546; x_wconf 65' lang='grc' dir='ltr'>τ”ῆς</span> <span class='ocrx_word' id='word_1_162' title='bbox 1935 501 2152 545; x_wconf 79' lang='grc' dir='ltr'>Μακεδονίας</span> <span class='ocrx_word' id='word_1_163' title='bbox 2170 499 2377 552; x_wconf 80' lang='grc' dir='ltr'>παραγίνον-</span> 
     </span>
     <span class='ocr_line' id='line_1_23' title="bbox 1362 558 2379 613; baseline 0.001 -17"><span class='ocrx_word' id='word_1_164' title='bbox 1362 558 1547 597; x_wconf 69' lang='grc' dir='ltr'>ται.”Ωστε</span> <span class='ocrx_word' id='word_1_165' title='bbox 1559 564 1576 597; x_wconf 82' lang='grc' dir='ltr'><em>ὃ</em></span> <span class='ocrx_word' id='word_1_166' title='bbox 1591 561 1809 612; x_wconf 75' lang='grc' dir='ltr'>παροξυσμὸς</span> <span class='ocrx_word' id='word_1_167' title='bbox 1823 561 2064 613; x_wconf 71' lang='grc' dir='ltr'>συμφερόντως</span> <span class='ocrx_word' id='word_1_168' title='bbox 2075 564 2304 612; x_wconf 79' lang='grc' dir='ltr'>οἰκονομεῖται</span> <span class='ocrx_word' id='word_1_169' title='bbox 2320 576 2379 610; x_wconf 87' lang='grc' dir='ltr'>γε-</span> 
     </span>
     <span class='ocr_line' id='line_1_24' title="bbox 1363 618 2380 672; baseline 0.002 -17"><span class='ocrx_word' id='word_1_170' title='bbox 1363 618 1491 657; x_wconf 76' lang='grc' dir='ltr'>νέσθαι.</span> <span class='ocrx_word' id='word_1_171' title='bbox 1519 622 1595 658; x_wconf 79' lang='grc' dir='ltr'>Οὐκ</span> <span class='ocrx_word' id='word_1_172' title='bbox 1623 620 1662 658; x_wconf 85' lang='grc' dir='ltr'>ἂν</span> <span class='ocrx_word' id='word_1_173' title='bbox 1684 620 1750 672; x_wconf 82' lang='grc' dir='ltr'>γὰρ</span> <span class='ocrx_word' id='word_1_174' title='bbox 1777 621 1944 672; x_wconf 75' lang='grc' dir='ltr'>ἐνήργησε</span> <span class='ocrx_word' id='word_1_175' title='bbox 1962 622 2002 658; x_wconf 81' lang='grc' dir='ltr'>τὸ</span> <span class='ocrx_word' id='word_1_176' title='bbox 2026 622 2172 670; x_wconf 77' lang='grc' dir='ltr'>Πνεῦμα</span> <span class='ocrx_word' id='word_1_177' title='bbox 2198 621 2238 658; x_wconf 83' lang='grc' dir='ltr'>τὸ</span> <span class='ocrx_word' id='word_1_178' title='bbox 2265 621 2380 670; x_wconf 85' lang='grc' dir='ltr'>ἅγιον,</span> 
     </span>
     <span class='ocr_line' id='line_1_25' title="bbox 1364 679 2380 732; baseline 0 -15"><span class='ocrx_word' id='word_1_179' title='bbox 1364 681 1424 718; x_wconf 73' lang='grc' dir='ltr'>οὔκ</span> <span class='ocrx_word' id='word_1_180' title='bbox 1444 679 1484 717; x_wconf 83' lang='grc' dir='ltr'>ἂν</span> <span class='ocrx_word' id='word_1_181' title='bbox 1500 680 1558 718; x_wconf 78' lang='grc' dir='ltr'>τὸν</span> <span class='ocrx_word' id='word_1_182' title='bbox 1579 680 1678 732; x_wconf 82' lang='grc' dir='ltr'>λόγον</span> <span class='ocrx_word' id='word_1_183' title='bbox 1704 682 1905 720; x_wconf 76' lang='grc' dir='ltr'>Μακεδονία</span> <span class='ocrx_word' id='word_1_184' title='bbox 1937 681 2086 725; x_wconf 79' lang='grc' dir='ltr'>ἐδέξατο.</span> <span class='ocrx_word' id='word_1_185' title='bbox 2105 681 2151 718; x_wconf 82' lang='lat' dir='ltr'>‘H</span> <span class='ocrx_word' id='word_1_186' title='bbox 2173 679 2207 718; x_wconf 78' lang='grc' dir='ltr'>δὲ</span> <span class='ocrx_word' id='word_1_187' title='bbox 2231 680 2380 725; x_wconf 78' lang='grc' dir='ltr'>τοσαύτη</span> 
     </span>
     <span class='ocr_line' id='line_1_26' title="bbox 1363 736 2380 794; baseline -0.001 -15"><span class='ocrx_word' id='word_1_188' title='bbox 1363 741 1524 792; x_wconf 75' lang='grc' dir='ltr'>προκοπὴ</span> <span class='ocrx_word' id='word_1_189' title='bbox 1539 748 1681 792; x_wconf 82' lang='grc' dir='ltr'>σημεῖον</span> <span class='ocrx_word' id='word_1_190' title='bbox 1699 746 1758 781; x_wconf 86' lang='grc' dir='ltr'>τοῦ</span> <span class='ocrx_word' id='word_1_191' title='bbox 1780 742 1827 792; x_wconf 80' lang='grc' dir='ltr'>μὴ</span> <span class='ocrx_word' id='word_1_192' title='bbox 1845 736 1932 780; x_wconf 66' lang='grc' dir='ltr'>εἶναί</span> <span class='ocrx_word' id='word_1_193' title='bbox 1947 758 1981 779; x_wconf 89' lang='grc' dir='ltr'>τι</span> <span class='ocrx_word' id='word_1_194' title='bbox 1998 741 2210 794; x_wconf 78' lang='grc' dir='ltr'>ἀνθρώπινον</span> <span class='ocrx_word' id='word_1_195' title='bbox 2226 740 2265 778; x_wconf 80' lang='grc' dir='ltr'>τὸ</span> <span class='ocrx_word' id='word_1_196' title='bbox 2277 756 2380 791; x_wconf 87' lang='grc' dir='ltr'>γεγο-</span> 
     </span>
     <span class='ocr_line' id='line_1_27' title="bbox 1363 799 2380 855; baseline -0.002 -16"><span class='ocrx_word' id='word_1_197' title='bbox 1363 801 1429 845; x_wconf 90' lang='grc' dir='ltr'>νός.</span> <span class='ocrx_word' id='word_1_198' title='bbox 1446 802 1570 839; x_wconf 81' lang='grc' dir='ltr'>Καίτοι</span> <span class='ocrx_word' id='word_1_199' title='bbox 1586 804 1646 840; x_wconf 83' lang='grc' dir='ltr'>οὐκ</span> <span class='ocrx_word' id='word_1_200' title='bbox 1665 802 1744 855; x_wconf 67' lang='grc' dir='ltr'>ἔφη,</span> <span class='ocrx_word' id='word_1_201' title='bbox 1763 804 1816 840; x_wconf 82' lang='grc' dir='ltr'>ὅτι</span> <span class='ocrx_word' id='word_1_202' title='bbox 1831 802 2016 853; x_wconf 65' lang='grc' dir='ltr'>Βαρνάέας</span> <span class='ocrx_word' id='word_1_203' title='bbox 2034 800 2239 853; x_wconf 75' lang='grc' dir='ltr'>παρωξύνθη</span> <span class='ocrx_word' id='word_1_204' title='bbox 2253 816 2260 823; x_wconf 94' lang='grc'><em>·</em></span> <span class='ocrx_word' id='word_1_205' title='bbox 2277 799 2380 846; x_wconf 77' lang='grc' dir='ltr'>ἀλλὰ,</span> 
     </span>
     <span class='ocr_line' id='line_1_28' title="bbox 1364 856 2383 916; baseline -0.002 -16"><span class='ocrx_word' id='word_1_206' title='bbox 1364 861 1505 906; x_wconf 77' lang='grc' dir='ltr'>Μεταξὺ</span> <span class='ocrx_word' id='word_1_207' title='bbox 1528 865 1640 900; x_wconf 81' lang='grc' dir='ltr'>αὐτῶν</span> <span class='ocrx_word' id='word_1_208' title='bbox 1662 863 1880 916; x_wconf 76' lang='grc' dir='ltr'>παροξυσμὸς</span> <span class='ocrx_word' id='word_1_209' title='bbox 1899 863 2043 914; x_wconf 81' lang='grc' dir='ltr'>ἐγένετο.</span> <span class='ocrx_word' id='word_1_210' title='bbox 2064 863 2108 899; x_wconf 80' lang='grc' dir='ltr'>Εἰ</span> <span class='ocrx_word' id='word_1_211' title='bbox 2127 856 2224 904; x_wconf 61' lang='grc' dir='ltr'>οὗτος</span> <span class='ocrx_word' id='word_1_212' title='bbox 2248 863 2284 900; x_wconf 80' lang='grc' dir='ltr'>οὗ</span> <span class='ocrx_word' id='word_1_213' title='bbox 2311 876 2383 899; x_wconf 84' lang='grc' dir='ltr'>πα-</span> 
     </span>
     <span class='ocr_line' id='line_1_29' title="bbox 1368 922 1798 974; baseline 0.005 -14"><span class='ocrx_word' id='word_1_214' title='bbox 1368 922 1540 974; x_wconf 80' lang='grc' dir='ltr'>ρωξύνθη,</span> <span class='ocrx_word' id='word_1_215' title='bbox 1562 923 1639 962; x_wconf 72' lang='grc' dir='ltr'>οὐδὲ</span> <span class='ocrx_word' id='word_1_216' title='bbox 1659 925 1798 967; x_wconf 83' lang='grc' dir='ltr'>ἐκεῖνος.</span> 
     </span>
    </p>

    <p class='ocr_par' dir='ltr' id='par_1_6' title="bbox 1364 983 2384 1339">
     <span class='ocr_line' id='line_1_30' title="bbox 1418 983 2382 1036; baseline -0.001 -15"><span class='ocrx_word' id='word_1_217' title='bbox 1418 985 1540 1022; x_wconf 85' lang='grc' dir='ltr'>Ταῦτα</span> <span class='ocrx_word' id='word_1_218' title='bbox 1573 985 1716 1033; x_wconf 75' lang='grc' dir='ltr'>εἰδότες,</span> <span class='ocrx_word' id='word_1_219' title='bbox 1748 985 1796 1036; x_wconf 84' lang='grc' dir='ltr'>μὴ</span> <span class='ocrx_word' id='word_1_220' title='bbox 1827 986 1946 1027; x_wconf 80' lang='grc' dir='ltr'>ἁπλῶς</span> <span class='ocrx_word' id='word_1_221' title='bbox 1975 984 2015 1031; x_wconf 76' lang='grc' dir='ltr'>δὴ</span> <span class='ocrx_word' id='word_1_222' title='bbox 2044 983 2131 1021; x_wconf 78' lang='grc' dir='ltr'>αὐτὰ</span> <span class='ocrx_word' id='word_1_223' title='bbox 2161 983 2382 1034; x_wconf 80' lang='grc' dir='ltr'>ἐκλέγωμεν,</span> 
     </span>
     <span class='ocr_line' id='line_1_31' title="bbox 1366 1043 2382 1096; baseline -0.001 -15"><span class='ocrx_word' id='word_1_224' title='bbox 1366 1043 1455 1082; x_wconf 71' lang='grc' dir='ltr'>ἀλλὰ</span> <span class='ocrx_word' id='word_1_225' title='bbox 1479 1045 1706 1096; x_wconf 71' lang='grc' dir='ltr'>μανθάνωμεν</span> <span class='ocrx_word' id='word_1_226' title='bbox 1724 1046 1782 1084; x_wconf 80' lang='grc' dir='ltr'>καὶ</span> <span class='ocrx_word' id='word_1_227' title='bbox 1798 1045 2043 1095; x_wconf 75' lang='grc' dir='ltr'>παιδευώμεθα</span> <span class='ocrx_word' id='word_1_228' title='bbox 2055 1061 2063 1068; x_wconf 96' lang='grc'><em>·</em></span> <span class='ocrx_word' id='word_1_229' title='bbox 2080 1045 2117 1083; x_wconf 77' lang='grc' dir='ltr'>οὗ</span> <span class='ocrx_word' id='word_1_230' title='bbox 2136 1043 2202 1095; x_wconf 80' lang='grc' dir='ltr'>γὰρ</span> <span class='ocrx_word' id='word_1_231' title='bbox 2225 1046 2299 1094; x_wconf 77' lang='grc' dir='ltr'>εἰκῇ</span> <span class='ocrx_word' id='word_1_232' title='bbox 2321 1043 2382 1093; x_wconf 88' lang='grc' dir='ltr'>γε’-</span> 
     </span>
     <span class='ocr_line' id='line_1_32' title="bbox 1364 1099 2383 1158; baseline -0.002 -16"><span class='ocrx_word' id='word_1_233' title='bbox 1364 1121 1532 1158; x_wconf 83' lang='grc' dir='ltr'>γραπται.</span> <span class='ocrx_word' id='word_1_234' title='bbox 1553 1106 1655 1158; x_wconf 85' lang='grc' dir='ltr'>Μέγα</span> <span class='ocrx_word' id='word_1_235' title='bbox 1672 1107 1778 1144; x_wconf 77' lang='grc' dir='ltr'>κακὸν</span> <span class='ocrx_word' id='word_1_236' title='bbox 1803 1109 1936 1158; x_wconf 82' lang='grc' dir='ltr'>ἀγνοεῖν</span> <span class='ocrx_word' id='word_1_237' title='bbox 1955 1106 2097 1157; x_wconf 67' lang='grc' dir='ltr'>Γραφοίς</span> <span class='ocrx_word' id='word_1_238' title='bbox 2114 1121 2120 1128; x_wconf 92' lang='grc'><em>·</em></span> <span class='ocrx_word' id='word_1_239' title='bbox 2143 1104 2202 1156; x_wconf 65' lang='grc' dir='ltr'>ἀφ’</span> <span class='ocrx_word' id='word_1_240' title='bbox 2222 1099 2268 1142; x_wconf 64' lang='grc' dir='ltr'>ὧν</span> <span class='ocrx_word' id='word_1_241' title='bbox 2288 1105 2383 1156; x_wconf 55' lang='grc' dir='ltr'>ὠφε-</span> 
     </span>
     <span class='ocr_line' id='line_1_33' title="bbox 1364 1163 2384 1217; baseline -0.001 -15"><span class='ocrx_word' id='word_1_242' title='bbox 1364 1167 1498 1203; x_wconf 80' lang='grc' dir='ltr'>λεῖσθαι</span> <span class='ocrx_word' id='word_1_243' title='bbox 1530 1167 1600 1214; x_wconf 83' lang='grc' dir='ltr'>δεῖ,</span> <span class='ocrx_word' id='word_1_244' title='bbox 1640 1166 1708 1205; x_wconf 82' lang='grc' dir='ltr'>ἀπὸ</span> <span class='ocrx_word' id='word_1_245' title='bbox 1747 1167 1875 1205; x_wconf 85' lang='grc' dir='ltr'>τούτων</span> <span class='ocrx_word' id='word_1_246' title='bbox 1914 1166 2151 1217; x_wconf 73' lang='grc' dir='ltr'>βλαπτόμεθα.</span> <span class='ocrx_word' id='word_1_247' title='bbox 2189 1165 2292 1202; x_wconf 77' lang='grc' dir='ltr'>Οὕτω</span> <span class='ocrx_word' id='word_1_248' title='bbox 2324 1163 2384 1202; x_wconf 75' lang='grc' dir='ltr'>καὶ</span> 
     </span>
     <span class='ocr_line' id='line_1_34' title="bbox 1366 1226 2383 1279; baseline 0.001 -17"><span class='ocrx_word' id='word_1_249' title='bbox 1366 1226 1534 1278; x_wconf 72' lang='grc' dir='ltr'>φάρμακα</span> <span class='ocrx_word' id='word_1_250' title='bbox 1560 1227 1728 1271; x_wconf 69' lang='grc' dir='ltr'>πολλάκις</span> <span class='ocrx_word' id='word_1_251' title='bbox 1752 1226 1852 1279; x_wconf 69' lang='grc' dir='ltr'>φύσιν</span> <span class='ocrx_word' id='word_1_252' title='bbox 1879 1227 2002 1278; x_wconf 72' lang='grc' dir='ltr'>ἔχοντα</span> <span class='ocrx_word' id='word_1_253' title='bbox 2027 1226 2297 1277; x_wconf 78' lang='grc' dir='ltr'>θεραπευτικὴν,</span> <span class='ocrx_word' id='word_1_254' title='bbox 2323 1227 2383 1263; x_wconf 75' lang='grc' dir='ltr'>οὐκ</span> 
     </span>
     <span class='ocr_line' id='line_1_35' title="bbox 1366 1285 2384 1339; baseline 0 -17"><span class='ocrx_word' id='word_1_255' title='bbox 1366 1285 1503 1324; x_wconf 69' lang='grc' dir='ltr'>εἰδότων</span> <span class='ocrx_word' id='word_1_256' title='bbox 1523 1290 1590 1324; x_wconf 80' lang='grc' dir='ltr'>τῶν</span> <span class='ocrx_word' id='word_1_257' title='bbox 1610 1287 1799 1338; x_wconf 78' lang='grc' dir='ltr'>χρωμένων</span> <span class='ocrx_word' id='word_1_258' title='bbox 1824 1289 1939 1330; x_wconf 81' lang='grc' dir='ltr'>καλῶς</span> <span class='ocrx_word' id='word_1_259' title='bbox 1962 1290 2115 1339; x_wconf 64' lang='grc' dir='ltr'>χρῆσθαι</span> <span class='ocrx_word' id='word_1_260' title='bbox 2143 1289 2276 1333; x_wconf 76' lang='grc' dir='ltr'>αὐτοῖς,</span> <span class='ocrx_word' id='word_1_261' title='bbox 2303 1287 2384 1323; x_wconf 76' lang='grc' dir='ltr'>δια-</span> 
     </span>
    </p>
   </div>
   <div class='ocr_carea' id='block_1_6' title="bbox 307 1343 2383 1398">
    <p class='ocr_par' dir='ltr' id='par_1_7' title="bbox 307 1343 2383 1398">
     <span class='ocr_line' id='line_1_36' title="bbox 307 1343 2383 1398; baseline 0.001 -17"><span class='ocrx_word' id='word_1_262' title='bbox 307 1344 492 1395; x_wconf 85' lang='lat' dir='ltr'>adhibent,</span> <span class='ocrx_word' id='word_1_263' title='bbox 507 1354 631 1382; x_wconf 87' lang='lat' dir='ltr'>nocent</span> <span class='ocrx_word' id='word_1_264' title='bbox 646 1359 687 1381; x_wconf 88' lang='lat' dir='ltr'>ae</span> <span class='ocrx_word' id='word_1_265' title='bbox 706 1343 998 1396; x_wconf 78' lang='lat' dir='ltr'>pessumdant2et</span> <span class='ocrx_word' id='word_1_266' title='bbox 1013 1358 1111 1381; x_wconf 87' lang='lat' dir='ltr'>arma</span> <span class='ocrx_word' id='word_1_267' title='bbox 1122 1357 1200 1394; x_wconf 85' lang='lat' dir='ltr'>quae</span> <span class='ocrx_word' id='word_1_268' title='bbox 1211 1357 1293 1395; x_wconf 90' lang='lat' dir='ltr'>pos-</span> <span class='ocrx_word' id='word_1_269' title='bbox 1318 1359 1343 1387; x_wconf 67' lang='lat' dir='ltr'><strong>A</strong></span> <span class='ocrx_word' id='word_1_270' title='bbox 1366 1346 1494 1398; x_wconf 72' lang='grc' dir='ltr'>φθείρει</span> <span class='ocrx_word' id='word_1_271' title='bbox 1523 1347 1581 1384; x_wconf 74' lang='grc' dir='ltr'>καὶ</span> <span class='ocrx_word' id='word_1_272' title='bbox 1614 1348 1805 1386; x_wconf 71' lang='grc' dir='ltr'>ἀπόλλυσι·</span> <span class='ocrx_word' id='word_1_273' title='bbox 1826 1348 1885 1385; x_wconf 72' lang='grc' dir='ltr'>καὶ</span> <span class='ocrx_word' id='word_1_274' title='bbox 1909 1347 2000 1385; x_wconf 71' lang='grc' dir='ltr'>ὅπλα</span> <span class='ocrx_word' id='word_1_275' title='bbox 2026 1347 2197 1396; x_wconf 72' lang='grc' dir='ltr'>δυνάμενα</span> <span class='ocrx_word' id='word_1_276' title='bbox 2217 1346 2383 1397; x_wconf 68' lang='grc' dir='ltr'>φυλάξαι,</span> 
     </span>
    </p>
   </div>
   <div class='ocr_carea' id='block_1_7' title="bbox 301 1403 1342 2666">
    <p class='ocr_par' dir='ltr' id='par_1_8' title="bbox 301 1403 1342 2666">
     <span class='ocr_line' id='line_1_37' title="bbox 306 1403 1294 1455; baseline -0.001 -14"><span class='ocrx_word' id='word_1_277' title='bbox 306 1413 390 1441; x_wconf 87' lang='lat' dir='ltr'>sunt</span> <span class='ocrx_word' id='word_1_278' title='bbox 403 1404 494 1441; x_wconf 88' lang='lat' dir='ltr'>tueri</span> <span class='ocrx_word' id='word_1_279' title='bbox 509 1433 521 1450; x_wconf 91' lang='lat'>,</span> <span class='ocrx_word' id='word_1_280' title='bbox 547 1403 613 1441; x_wconf 91' lang='lat' dir='ltr'>nisi</span> <span class='ocrx_word' id='word_1_281' title='bbox 635 1403 713 1453; x_wconf 91' lang='lat' dir='ltr'>quis</span> <span class='ocrx_word' id='word_1_282' title='bbox 737 1412 829 1440; x_wconf 87' lang='lat' dir='ltr'>recte</span> <span class='ocrx_word' id='word_1_283' title='bbox 846 1403 1101 1455; x_wconf 80' lang='lat' dir='ltr'>circumponat,</span> <span class='ocrx_word' id='word_1_284' title='bbox 1122 1403 1165 1440; x_wconf 87' lang='lat' dir='ltr'>iis</span> <span class='ocrx_word' id='word_1_285' title='bbox 1193 1412 1294 1440; x_wconf 84' lang='lat' dir='ltr'>uten-</span> 
     </span>
     <span class='ocr_line' id='line_1_38' title="bbox 305 1465 1292 1518; baseline 0 -15"><span class='ocrx_word' id='word_1_286' title='bbox 305 1475 377 1503; x_wconf 88' lang='lat' dir='ltr'>tem</span> <span class='ocrx_word' id='word_1_287' title='bbox 397 1466 586 1518; x_wconf 85' lang='lat' dir='ltr'>perimunt.</span> <span class='ocrx_word' id='word_1_288' title='bbox 605 1466 718 1504; x_wconf 80' lang='lat' dir='ltr'><strong>Causa</strong></span> <span class='ocrx_word' id='word_1_289' title='bbox 737 1480 820 1505; x_wconf 74' lang='lat' dir='ltr'>vero</span> <span class='ocrx_word' id='word_1_290' title='bbox 842 1475 906 1515; x_wconf 89' lang='lat' dir='ltr'>est,</span> <span class='ocrx_word' id='word_1_291' title='bbox 931 1465 1027 1516; x_wconf 89' lang='lat' dir='ltr'>quod</span> <span class='ocrx_word' id='word_1_292' title='bbox 1045 1465 1162 1503; x_wconf 83' lang='lat' dir='ltr'>omnia</span> <span class='ocrx_word' id='word_1_293' title='bbox 1179 1466 1292 1516; x_wconf 80' lang='lat' dir='ltr'>magis</span> 
     </span>
     <span class='ocr_line' id='line_1_39' title="bbox 309 1527 1293 1578; baseline 0 -14"><span class='ocrx_word' id='word_1_294' title='bbox 309 1541 522 1577; x_wconf 79' lang='lat' dir='ltr'>quaeramus,</span> <span class='ocrx_word' id='word_1_295' title='bbox 540 1541 646 1578; x_wconf 90' lang='lat' dir='ltr'>quam</span> <span class='ocrx_word' id='word_1_296' title='bbox 667 1527 793 1564; x_wconf 82' lang='lat' dir='ltr'>animae</span> <span class='ocrx_word' id='word_1_297' title='bbox 809 1527 997 1564; x_wconf 78' lang='lat' dir='ltr'>utilitatem</span> <span class='ocrx_word' id='word_1_298' title='bbox 1014 1541 1026 1576; x_wconf 99' lang='grc'><strong><em>5</em></strong></span> <span class='ocrx_word' id='word_1_299' title='bbox 1048 1536 1081 1564; x_wconf 90' lang='lat' dir='ltr'>et</span> <span class='ocrx_word' id='word_1_300' title='bbox 1099 1527 1167 1564; x_wconf 86' lang='lat' dir='ltr'>alia</span> <span class='ocrx_word' id='word_1_301' title='bbox 1181 1527 1293 1577; x_wconf 82' lang='lat' dir='ltr'>magis</span> 
     </span>
     <span class='ocr_line' id='line_1_40' title="bbox 309 1586 1293 1639; baseline 0 -15"><span class='ocrx_word' id='word_1_302' title='bbox 309 1596 520 1639; x_wconf 85' lang='lat' dir='ltr'><strong>spectemus,</strong></span> <span class='ocrx_word' id='word_1_303' title='bbox 544 1601 649 1637; x_wconf 88' lang='lat' dir='ltr'>quam</span> <span class='ocrx_word' id='word_1_304' title='bbox 664 1586 854 1624; x_wconf 79' lang='lat' dir='ltr'>utilitatem</span> <span class='ocrx_word' id='word_1_305' title='bbox 869 1595 1036 1624; x_wconf 84' lang='lat' dir='ltr'>nostram.</span> <span class='ocrx_word' id='word_1_306' title='bbox 1048 1587 1183 1624; x_wconf 89' lang='lat' dir='ltr'>Domus</span> <span class='ocrx_word' id='word_1_307' title='bbox 1203 1595 1293 1624; x_wconf 85' lang='lat' dir='ltr'>certe</span> 
     </span>
     <span class='ocr_line' id='line_1_41' title="bbox 308 1650 1293 1702; baseline -0.002 -14"><span class='ocrx_word' id='word_1_308' title='bbox 308 1651 516 1688; x_wconf 85' lang='lat' dir='ltr'>firmitatem</span> <span class='ocrx_word' id='word_1_309' title='bbox 527 1664 618 1702; x_wconf 82' lang='lat' dir='ltr'><strong>saepc</strong></span> <span class='ocrx_word' id='word_1_310' title='bbox 636 1650 838 1701; x_wconf 67' lang='lat' dir='ltr'>quaerimus,</span> <span class='ocrx_word' id='word_1_311' title='bbox 859 1664 921 1687; x_wconf 89' lang='lat' dir='ltr'>nec</span> <span class='ocrx_word' id='word_1_312' title='bbox 936 1650 1094 1701; x_wconf 85' lang='lat' dir='ltr'>patimur</span> <span class='ocrx_word' id='word_1_313' title='bbox 1112 1650 1211 1686; x_wconf 89' lang='lat' dir='ltr'>illam</span> <span class='ocrx_word' id='word_1_314' title='bbox 1231 1664 1293 1687; x_wconf 66' lang='lat' dir='ltr'>ve-</span> 
     </span>
     <span class='ocr_line' id='line_1_42' title="bbox 306 1709 1293 1760; baseline -0.001 -12"><span class='ocrx_word' id='word_1_315' title='bbox 306 1720 437 1748; x_wconf 88' lang='lat' dir='ltr'>tustate</span> <span class='ocrx_word' id='word_1_316' title='bbox 470 1719 651 1747; x_wconf 80' lang='lat' dir='ltr'>nutantem</span> <span class='ocrx_word' id='word_1_317' title='bbox 680 1711 738 1747; x_wconf 67' lang='lat' dir='ltr'>vel</span> <span class='ocrx_word' id='word_1_318' title='bbox 773 1710 949 1747; x_wconf 86' lang='lat' dir='ltr'>labentem</span> <span class='ocrx_word' id='word_1_319' title='bbox 977 1709 1110 1757; x_wconf 82' lang='lat' dir='ltr'>videre,</span> <span class='ocrx_word' id='word_1_320' title='bbox 1145 1724 1258 1760; x_wconf 86' lang='lat' dir='ltr'>neque.</span> <span class='ocrx_word' id='word_1_321' title='bbox 1273 1724 1293 1747; x_wconf 88' lang='lat' dir='ltr'>a</span> 
     </span>
     <span class='ocr_line' id='line_1_43' title="bbox 305 1770 1294 1822; baseline 0 -14"><span class='ocrx_word' id='word_1_322' title='bbox 305 1780 512 1822; x_wconf 76' lang='lat' dir='ltr'>tempestate</span> <span class='ocrx_word' id='word_1_323' title='bbox 542 1770 801 1822; x_wconf 76' lang='lat' dir='ltr'>periclitantem</span> <span class='ocrx_word' id='word_1_324' title='bbox 823 1785 830 1807; x_wconf 89' lang='lat'>:</span> <span class='ocrx_word' id='word_1_325' title='bbox 851 1770 896 1808; x_wconf 89' lang='lat' dir='ltr'>de</span> <span class='ocrx_word' id='word_1_326' title='bbox 927 1770 1045 1807; x_wconf 86' lang='lat' dir='ltr'>anima</span> <span class='ocrx_word' id='word_1_327' title='bbox 1076 1785 1160 1809; x_wconf 66' lang='lat' dir='ltr'>vero</span> <span class='ocrx_word' id='word_1_328' title='bbox 1197 1771 1294 1808; x_wconf 88' lang='lat' dir='ltr'>nulla</span> 
     </span>
     <span class='ocr_line' id='line_1_44' title="bbox 301 1831 1293 1883; baseline 0.002 -15"><span class='ocrx_word' id='word_1_329' title='bbox 301 1846 406 1880; x_wconf 70' lang='lat' dir='ltr'>eura,</span> <span class='ocrx_word' id='word_1_330' title='bbox 427 1832 563 1869; x_wconf 89' lang='lat' dir='ltr'>etiamsi</span> <span class='ocrx_word' id='word_1_331' title='bbox 582 1831 811 1869; x_wconf 86' lang='lat' dir='ltr'>fundamenta</span> <span class='ocrx_word' id='word_1_332' title='bbox 829 1833 903 1883; x_wconf 86' lang='lat' dir='ltr'>ejus</span> <span class='ocrx_word' id='word_1_333' title='bbox 923 1832 1063 1869; x_wconf 85' lang='lat' dir='ltr'>infirma</span> <span class='ocrx_word' id='word_1_334' title='bbox 1079 1831 1266 1871; x_wconf 76' lang='lat' dir='ltr'>videamus</span> <span class='ocrx_word' id='word_1_335' title='bbox 1283 1862 1293 1882; x_wconf 95' lang='lat'>,</span> 
     </span>
     <span class='ocr_line' id='line_1_45' title="bbox 302 1893 1291 1945; baseline 0 -14"><span class='ocrx_word' id='word_1_336' title='bbox 302 1894 388 1931; x_wconf 88' lang='lat' dir='ltr'>licet</span> <span class='ocrx_word' id='word_1_337' title='bbox 420 1903 453 1931; x_wconf 87' lang='lat' dir='ltr'>et</span> <span class='ocrx_word' id='word_1_338' title='bbox 476 1903 692 1931; x_wconf 79' lang='lat' dir='ltr'>structuram</span> <span class='ocrx_word' id='word_1_339' title='bbox 720 1901 753 1931; x_wconf 90' lang='lat' dir='ltr'>et</span> <span class='ocrx_word' id='word_1_340' title='bbox 787 1902 919 1931; x_wconf 83' lang='lat' dir='ltr'>tectum</span> <span class='ocrx_word' id='word_1_341' title='bbox 954 1893 1099 1945; x_wconf 85' lang='lat' dir='ltr'>perinde</span> <span class='ocrx_word' id='word_1_342' title='bbox 1132 1894 1263 1932; x_wconf 83' lang='lat' dir='ltr'>habere</span> <span class='ocrx_word' id='word_1_343' title='bbox 1280 1910 1291 1944; x_wconf 91' lang='grc'><strong><em>5</em></strong></span> 
     </span>
     <span class='ocr_line' id='line_1_46' title="bbox 308 1954 1342 1993; baseline 0.001 -1"><span class='ocrx_word' id='word_1_344' title='bbox 308 1955 443 1992; x_wconf 77' lang='lat' dir='ltr'>nullam</span> <span class='ocrx_word' id='word_1_345' title='bbox 453 1954 581 1992; x_wconf 85' lang='lat' dir='ltr'>horum</span> <span class='ocrx_word' id='word_1_346' title='bbox 599 1954 770 1991; x_wconf 89' lang='lat' dir='ltr'>rationem</span> <span class='ocrx_word' id='word_1_347' title='bbox 784 1954 968 1992; x_wconf 82' lang='lat' dir='ltr'>habemus.</span> <span class='ocrx_word' id='word_1_348' title='bbox 988 1955 1078 1992; x_wconf 86' lang='lat' dir='ltr'>Item</span> <span class='ocrx_word' id='word_1_349' title='bbox 1103 1954 1132 1991; x_wconf 90' lang='lat' dir='ltr'>si</span> <span class='ocrx_word' id='word_1_350' title='bbox 1155 1969 1294 1993; x_wconf 89' lang='lat' dir='ltr'>armen·</span> <span class='ocrx_word' id='word_1_351' title='bbox 1319 1956 1342 1986; x_wconf 91' lang='grc' dir='ltr'>Β</span> 
     </span>
     <span class='ocr_line' id='line_1_47' title="bbox 306 2013 1295 2065; baseline 0.003 -15"><span class='ocrx_word' id='word_1_352' title='bbox 306 2022 343 2050; x_wconf 83' lang='lat' dir='ltr'>ta</span> <span class='ocrx_word' id='word_1_353' title='bbox 358 2014 567 2063; x_wconf 77' lang='lat' dir='ltr'><strong>habeamus,</strong></span> <span class='ocrx_word' id='word_1_354' title='bbox 589 2013 677 2063; x_wconf 83' lang='lat' dir='ltr'>quid</span> <span class='ocrx_word' id='word_1_355' title='bbox 698 2013 769 2050; x_wconf 89' lang='lat' dir='ltr'>illis</span> <span class='ocrx_word' id='word_1_356' title='bbox 787 2014 897 2065; x_wconf 85' lang='lat' dir='ltr'>prosit</span> <span class='ocrx_word' id='word_1_357' title='bbox 930 2014 1137 2064; x_wconf 80' lang='lat' dir='ltr'>quaerimus,</span> <span class='ocrx_word' id='word_1_358' title='bbox 1165 2014 1295 2053; x_wconf 90' lang='lat' dir='ltr'>dueto-</span> 
     </span>
     <span class='ocr_line' id='line_1_48' title="bbox 310 2073 1294 2124; baseline 0.002 -13"><span class='ocrx_word' id='word_1_359' title='bbox 310 2087 436 2124; x_wconf 87' lang='lat' dir='ltr'>resque</span> <span class='ocrx_word' id='word_1_360' title='bbox 448 2088 487 2111; x_wconf 89' lang='lat' dir='ltr'>ae</span> <span class='ocrx_word' id='word_1_361' title='bbox 502 2073 671 2120; x_wconf 86' lang='lat' dir='ltr'>medicos,</span> <span class='ocrx_word' id='word_1_362' title='bbox 689 2087 899 2123; x_wconf 86' lang='lat' dir='ltr'>omnemque</span> <span class='ocrx_word' id='word_1_363' title='bbox 919 2073 1076 2124; x_wconf 82' lang='lat' dir='ltr'>lapidem</span> <span class='ocrx_word' id='word_1_364' title='bbox 1090 2089 1273 2113; x_wconf 71' lang='lat' dir='ltr'>movemus</span> <span class='ocrx_word' id='word_1_365' title='bbox 1287 2091 1294 2112; x_wconf 91' lang='lat'>:</span> 
     </span>
     <span class='ocr_line' id='line_1_49' title="bbox 312 2133 1295 2182; baseline 0.001 -12"><span class='ocrx_word' id='word_1_366' title='bbox 312 2133 435 2170; x_wconf 88' lang='lat' dir='ltr'>domos</span> <span class='ocrx_word' id='word_1_367' title='bbox 454 2146 596 2182; x_wconf 89' lang='lat' dir='ltr'>quoque</span> <span class='ocrx_word' id='word_1_368' title='bbox 611 2146 789 2178; x_wconf 80' lang='lat' dir='ltr'><strong>curamus,</strong></span> <span class='ocrx_word' id='word_1_369' title='bbox 812 2142 845 2169; x_wconf 88' lang='lat' dir='ltr'>et</span> <span class='ocrx_word' id='word_1_370' title='bbox 872 2146 928 2170; x_wconf 93' lang='lat' dir='ltr'>eos</span> <span class='ocrx_word' id='word_1_371' title='bbox 945 2133 1075 2182; x_wconf 89' lang='lat' dir='ltr'>quibus</span> <span class='ocrx_word' id='word_1_372' title='bbox 1095 2133 1170 2170; x_wconf 82' lang='lat' dir='ltr'>haec</span> <span class='ocrx_word' id='word_1_373' title='bbox 1200 2148 1295 2171; x_wconf 89' lang='lat' dir='ltr'>eom-</span> 
     </span>
     <span class='ocr_line' id='line_1_50' title="bbox 308 2192 1293 2244; baseline 0.001 -15"><span class='ocrx_word' id='word_1_374' title='bbox 308 2193 420 2229; x_wconf 82' lang='lat' dir='ltr'>missa</span> <span class='ocrx_word' id='word_1_375' title='bbox 443 2201 523 2229; x_wconf 88' lang='lat' dir='ltr'>sunt</span> <span class='ocrx_word' id='word_1_376' title='bbox 550 2192 745 2240; x_wconf 78' lang='lat' dir='ltr'>hortamur,</span> <span class='ocrx_word' id='word_1_377' title='bbox 772 2200 895 2228; x_wconf 90' lang='lat' dir='ltr'>utnon</span> <span class='ocrx_word' id='word_1_378' title='bbox 916 2201 1044 2229; x_wconf 87' lang='lat' dir='ltr'>temere</span> <span class='ocrx_word' id='word_1_379' title='bbox 1063 2192 1119 2230; x_wconf 79' lang='lat' dir='ltr'>vel</span> <span class='ocrx_word' id='word_1_380' title='bbox 1149 2193 1293 2244; x_wconf 83' lang='lat' dir='ltr'>perfun-</span> 
     </span>
     <span class='ocr_line' id='line_1_51' title="bbox 313 2251 1292 2303; baseline 0.001 -14"><span class='ocrx_word' id='word_1_381' title='bbox 313 2252 422 2289; x_wconf 88' lang='lat' dir='ltr'>ctorie</span> <span class='ocrx_word' id='word_1_382' title='bbox 441 2252 601 2302; x_wconf 80' lang='lat' dir='ltr'>jumenta</span> <span class='ocrx_word' id='word_1_383' title='bbox 629 2251 788 2301; x_wconf 83' lang='lat' dir='ltr'>abigant,</span> <span class='ocrx_word' id='word_1_384' title='bbox 819 2264 931 2301; x_wconf 91' lang='lat' dir='ltr'>neque</span> <span class='ocrx_word' id='word_1_385' title='bbox 961 2266 1064 2289; x_wconf 86' lang='lat' dir='ltr'>onera</span> <span class='ocrx_word' id='word_1_386' title='bbox 1085 2252 1292 2303; x_wconf 86' lang='lat' dir='ltr'>imponant,</span> 
     </span>
     <span class='ocr_line' id='line_1_52' title="bbox 312 2309 1294 2362; baseline 0.001 -13"><span class='ocrx_word' id='word_1_387' title='bbox 312 2312 371 2349; x_wconf 70' lang='lat' dir='ltr'>vel</span> <span class='ocrx_word' id='word_1_388' title='bbox 388 2311 596 2362; x_wconf 84' lang='lat' dir='ltr'>intempesta</span> <span class='ocrx_word' id='word_1_389' title='bbox 622 2319 722 2348; x_wconf 91' lang='lat' dir='ltr'>noete</span> <span class='ocrx_word' id='word_1_390' title='bbox 743 2309 894 2348; x_wconf 89' lang='lat' dir='ltr'>educant</span> <span class='ocrx_word' id='word_1_391' title='bbox 912 2340 921 2358; x_wconf 95' lang='lat'>,</span> <span class='ocrx_word' id='word_1_392' title='bbox 944 2311 999 2348; x_wconf 75' lang='lat' dir='ltr'>vel</span> <span class='ocrx_word' id='word_1_393' title='bbox 1028 2311 1195 2349; x_wconf 85' lang='lat' dir='ltr'>alimenta</span> <span class='ocrx_word' id='word_1_394' title='bbox 1231 2327 1294 2350; x_wconf 76' lang='lat' dir='ltr'>ve-</span> 
     </span>
     <span class='ocr_line' id='line_1_53' title="bbox 313 2370 1298 2422; baseline 0.003 -14"><span class='ocrx_word' id='word_1_395' title='bbox 313 2370 496 2419; x_wconf 90' lang='lat' dir='ltr'>numdent,</span> <span class='ocrx_word' id='word_1_396' title='bbox 524 2371 712 2421; x_wconf 79' lang='lat' dir='ltr'>multaeque</span> <span class='ocrx_word' id='word_1_397' title='bbox 731 2371 822 2421; x_wconf 80' lang='lat' dir='ltr'>leges</span> <span class='ocrx_word' id='word_1_398' title='bbox 839 2370 934 2422; x_wconf 85' lang='lat' dir='ltr'>apud</span> <span class='ocrx_word' id='word_1_399' title='bbox 954 2385 1016 2409; x_wconf 89' lang='lat' dir='ltr'>nos</span> <span class='ocrx_word' id='word_1_400' title='bbox 1040 2381 1122 2409; x_wconf 90' lang='lat' dir='ltr'>sunt</span> <span class='ocrx_word' id='word_1_401' title='bbox 1136 2373 1182 2410; x_wconf 87' lang='lat' dir='ltr'>ad</span> <span class='ocrx_word' id='word_1_402' title='bbox 1200 2374 1298 2411; x_wconf 78' lang='lat' dir='ltr'>utili-</span> 
     </span>
     <span class='ocr_line' id='line_1_54' title="bbox 312 2430 1297 2482; baseline 0.002 -13"><span class='ocrx_word' id='word_1_403' title='bbox 312 2441 420 2469; x_wconf 84' lang='lat' dir='ltr'>tatem</span> <span class='ocrx_word' id='word_1_404' title='bbox 442 2432 684 2482; x_wconf 88' lang='lat' dir='ltr'>jumcntorum</span> <span class='ocrx_word' id='word_1_405' title='bbox 703 2446 710 2467; x_wconf 74' lang='grc' dir='ltr'><strong><em>ε</em></strong></span> <span class='ocrx_word' id='word_1_406' title='bbox 731 2431 774 2468; x_wconf 88' lang='lat' dir='ltr'>de</span> <span class='ocrx_word' id='word_1_407' title='bbox 798 2430 913 2468; x_wconf 87' lang='lat' dir='ltr'>anima</span> <span class='ocrx_word' id='word_1_408' title='bbox 932 2431 1021 2469; x_wconf 85' lang='lat' dir='ltr'>ratio</span> <span class='ocrx_word' id='word_1_409' title='bbox 1036 2432 1146 2470; x_wconf 87' lang='lat' dir='ltr'>nulla.</span> <span class='ocrx_word' id='word_1_410' title='bbox 1160 2435 1297 2472; x_wconf 81' lang='lat' dir='ltr'>Verum</span> 
     </span>
     <span class='ocr_line' id='line_1_55' title="bbox 314 2491 1298 2542; baseline 0.003 -13"><span class='ocrx_word' id='word_1_411' title='bbox 314 2491 402 2542; x_wconf 91' lang='lat' dir='ltr'>quid</span> <span class='ocrx_word' id='word_1_412' title='bbox 420 2491 499 2529; x_wconf 84' lang='lat' dir='ltr'>dico</span> <span class='ocrx_word' id='word_1_413' title='bbox 520 2491 564 2529; x_wconf 92' lang='lat' dir='ltr'>de</span> <span class='ocrx_word' id='word_1_414' title='bbox 584 2492 713 2535; x_wconf 76' lang='lat' dir='ltr'>brutis,</span> <span class='ocrx_word' id='word_1_415' title='bbox 730 2506 807 2541; x_wconf 84' lang='lat' dir='ltr'>quae</span> <span class='ocrx_word' id='word_1_416' title='bbox 827 2491 928 2529; x_wconf 88' lang='lat' dir='ltr'>nobis</span> <span class='ocrx_word' id='word_1_417' title='bbox 940 2493 1041 2529; x_wconf 85' lang='lat' dir='ltr'>utilia</span> <span class='ocrx_word' id='word_1_418' title='bbox 1060 2503 1141 2531; x_wconf 88' lang='lat' dir='ltr'>sunt</span> <span class='ocrx_word' id='word_1_419' title='bbox 1156 2494 1173 2531; x_wconf 76' lang='grc' dir='ltr'>Ξ)</span> <span class='ocrx_word' id='word_1_420' title='bbox 1189 2495 1298 2532; x_wconf 77' lang='lat' dir='ltr'>Multi</span> 
     </span>
     <span class='ocr_line' id='line_1_56' title="bbox 311 2551 1299 2606; baseline 0.005 -18"><span class='ocrx_word' id='word_1_421' title='bbox 311 2561 405 2599; x_wconf 86' lang='lat' dir='ltr'>sunt,</span> <span class='ocrx_word' id='word_1_422' title='bbox 426 2551 488 2602; x_wconf 87' lang='lat' dir='ltr'>qui</span> <span class='ocrx_word' id='word_1_423' title='bbox 513 2566 668 2602; x_wconf 84' lang='lat' dir='ltr'>passeres</span> <span class='ocrx_word' id='word_1_424' title='bbox 697 2551 827 2589; x_wconf 87' lang='lat' dir='ltr'>habent</span> <span class='ocrx_word' id='word_1_425' title='bbox 844 2552 889 2589; x_wconf 87' lang='lat' dir='ltr'>ad</span> <span class='ocrx_word' id='word_1_426' title='bbox 909 2552 1001 2589; x_wconf 89' lang='lat' dir='ltr'>nihil</span> <span class='ocrx_word' id='word_1_427' title='bbox 1025 2554 1143 2603; x_wconf 88' lang='lat' dir='ltr'>utiles,</span> <span class='ocrx_word' id='word_1_428' title='bbox 1159 2555 1222 2593; x_wconf 93' lang='lat' dir='ltr'>sed</span> <span class='ocrx_word' id='word_1_429' title='bbox 1237 2555 1299 2606; x_wconf 90' lang='lat' dir='ltr'>qui</span> 
     </span>
     <span class='ocr_line' id='line_1_57' title="bbox 315 2612 1297 2666; baseline 0.004 -17"><span class='ocrx_word' id='word_1_430' title='bbox 315 2613 431 2650; x_wconf 90' lang='lat' dir='ltr'>solum</span> <span class='ocrx_word' id='word_1_431' title='bbox 456 2621 625 2660; x_wconf 80' lang='lat' dir='ltr'>recreant,</span> <span class='ocrx_word' id='word_1_432' title='bbox 650 2612 839 2662; x_wconf 61' lang='lat' dir='ltr'>multaeque</span> <span class='ocrx_word' id='word_1_433' title='bbox 862 2621 945 2650; x_wconf 87' lang='lat' dir='ltr'>sunt</span> <span class='ocrx_word' id='word_1_434' title='bbox 963 2613 1058 2651; x_wconf 88' lang='lat' dir='ltr'>eirca</span> <span class='ocrx_word' id='word_1_435' title='bbox 1073 2614 1154 2652; x_wconf 91' lang='lat' dir='ltr'>illos</span> <span class='ocrx_word' id='word_1_436' title='bbox 1176 2616 1271 2666; x_wconf 84' lang='lat' dir='ltr'>leges</span> <span class='ocrx_word' id='word_1_437' title='bbox 1286 2645 1297 2664; x_wconf 94' lang='lat'>,</span> 
     </span>
    </p>
   </div>
   <div class='ocr_carea' id='block_1_8' title="bbox 313 2673 1345 2726">
    <p class='ocr_par' dir='ltr' id='par_1_9' title="bbox 313 2673 1345 2726">
     <span class='ocr_line' id='line_1_58' title="bbox 313 2673 1345 2726; baseline 0.002 -17"><span class='ocrx_word' id='word_1_438' title='bbox 313 2673 475 2723; x_wconf 85' lang='lat' dir='ltr'>nihilque</span> <span class='ocrx_word' id='word_1_439' title='bbox 495 2673 689 2724; x_wconf 81' lang='lat' dir='ltr'>negligitur</span> <span class='ocrx_word' id='word_1_440' title='bbox 720 2673 775 2710; x_wconf 76' lang='lat' dir='ltr'>vel</span> <span class='ocrx_word' id='word_1_441' title='bbox 792 2673 989 2711; x_wconf 86' lang='lat' dir='ltr'>omittitur:</span> <span class='ocrx_word' id='word_1_442' title='bbox 1010 2675 1198 2726; x_wconf 89' lang='lat' dir='ltr'>omniaque</span> <span class='ocrx_word' id='word_1_443' title='bbox 1222 2691 1299 2713; x_wconf 86' lang='lat' dir='ltr'>ma·</span> <span class='ocrx_word' id='word_1_444' title='bbox 1323 2683 1345 2712; x_wconf 73' lang='lat'>(¹.</span> 
     </span>
    </p>
   </div>
   <div class='ocr_carea' id='block_1_9' title="bbox 314 2735 1301 3211">
    <p class='ocr_par' dir='ltr' id='par_1_10' title="bbox 314 2735 1301 3211">
     <span class='ocr_line' id='line_1_59' title="bbox 315 2735 1300 2787; baseline 0.006 -16"><span class='ocrx_word' id='word_1_445' title='bbox 315 2735 370 2786; x_wconf 83' lang='lat' dir='ltr'>gis</span> <span class='ocrx_word' id='word_1_446' title='bbox 386 2748 566 2784; x_wconf 79' lang='lat' dir='ltr'>curamus,</span> <span class='ocrx_word' id='word_1_447' title='bbox 585 2749 692 2785; x_wconf 88' lang='lat' dir='ltr'>quam</span> <span class='ocrx_word' id='word_1_448' title='bbox 711 2748 773 2772; x_wconf 93' lang='lat' dir='ltr'>nos</span> <span class='ocrx_word' id='word_1_449' title='bbox 792 2735 898 2787; x_wconf 87' lang='lat' dir='ltr'>ipsos.</span> <span class='ocrx_word' id='word_1_450' title='bbox 914 2736 973 2773; x_wconf 85' lang='lat' dir='ltr'>Sic</span> <span class='ocrx_word' id='word_1_451' title='bbox 988 2736 1152 2775; x_wconf 88' lang='lat' dir='ltr'>omnibus</span> <span class='ocrx_word' id='word_1_452' title='bbox 1178 2752 1300 2777; x_wconf 89' lang='lat' dir='ltr'>sumus</span> 
     </span>
     <span class='ocr_line' id='line_1_60' title="bbox 314 2794 1296 2850; baseline 0.006 -19"><span class='ocrx_word' id='word_1_453' title='bbox 314 2795 555 2846; x_wconf 84' lang='lat' dir='ltr'>ignobiliores.</span> <span class='ocrx_word' id='word_1_454' title='bbox 576 2795 614 2832; x_wconf 85' lang='lat' dir='ltr'>Si</span> <span class='ocrx_word' id='word_1_455' title='bbox 636 2794 717 2845; x_wconf 89' lang='lat' dir='ltr'>quis</span> <span class='ocrx_word' id='word_1_456' title='bbox 737 2796 989 2834; x_wconf 82' lang='lat' dir='ltr'>contumeliose</span> <span class='ocrx_word' id='word_1_457' title='bbox 1012 2798 1115 2836; x_wconf 87' lang='lat' dir='ltr'>nobis</span> <span class='ocrx_word' id='word_1_458' title='bbox 1141 2798 1296 2850; x_wconf 78' lang='lat' dir='ltr'>dixerit,</span> 
     </span>
     <span class='ocr_line' id='line_1_61' title="bbox 315 2854 1300 2909; baseline 0.006 -17"><span class='ocrx_word' id='word_1_459' title='bbox 315 2855 436 2904; x_wconf 86' lang='lat' dir='ltr'>Canis,</span> <span class='ocrx_word' id='word_1_460' title='bbox 453 2854 613 2892; x_wconf 83' lang='lat' dir='ltr'>dolemus</span> <span class='ocrx_word' id='word_1_461' title='bbox 630 2871 642 2906; x_wconf 92' lang='grc'><strong><em>5</em></strong></span> <span class='ocrx_word' id='word_1_462' title='bbox 662 2869 742 2892; x_wconf 89' lang='lat' dir='ltr'>cum</span> <span class='ocrx_word' id='word_1_463' title='bbox 753 2870 836 2893; x_wconf 76' lang='lat' dir='ltr'>vero</span> <span class='ocrx_word' id='word_1_464' title='bbox 847 2856 987 2909; x_wconf 86' lang='lat' dir='ltr'>nosipsi</span> <span class='ocrx_word' id='word_1_465' title='bbox 1001 2858 1102 2896; x_wconf 87' lang='lat' dir='ltr'>nobis</span> <span class='ocrx_word' id='word_1_466' title='bbox 1123 2869 1300 2898; x_wconf 87' lang='lat' dir='ltr'>contume-</span> 
     </span>
     <span class='ocr_line' id='line_1_62' title="bbox 316 2915 1300 2966; baseline 0.007 -15"><span class='ocrx_word' id='word_1_467' title='bbox 316 2915 401 2952; x_wconf 91' lang='lat' dir='ltr'>liam</span> <span class='ocrx_word' id='word_1_468' title='bbox 422 2915 622 2965; x_wconf 83' lang='lat' dir='ltr'>inferimus,</span> <span class='ocrx_word' id='word_1_469' title='bbox 645 2929 714 2952; x_wconf 94' lang='lat' dir='ltr'>non</span> <span class='ocrx_word' id='word_1_470' title='bbox 741 2915 868 2963; x_wconf 74' lang='lat' dir='ltr'>verbo,</span> <span class='ocrx_word' id='word_1_471' title='bbox 903 2917 966 2954; x_wconf 87' lang='lat' dir='ltr'>sed</span> <span class='ocrx_word' id='word_1_472' title='bbox 992 2932 1040 2966; x_wconf 87' lang='lat' dir='ltr'>re,</span> <span class='ocrx_word' id='word_1_473' title='bbox 1072 2933 1134 2957; x_wconf 89' lang='lat' dir='ltr'>nec</span> <span class='ocrx_word' id='word_1_474' title='bbox 1166 2929 1300 2958; x_wconf 85' lang='lat' dir='ltr'>tantam</span> 
     </span>
     <span class='ocr_line' id='line_1_63' title="bbox 314 2976 1300 3030; baseline 0.007 -17"><span class='ocrx_word' id='word_1_475' title='bbox 314 2976 442 3013; x_wconf 79' lang='lat' dir='ltr'>animae</span> <span class='ocrx_word' id='word_1_476' title='bbox 469 2990 594 3014; x_wconf 82' lang='lat' dir='ltr'>curam</span> <span class='ocrx_word' id='word_1_477' title='bbox 614 2976 798 3024; x_wconf 81' lang='lat' dir='ltr'>habemus,</span> <span class='ocrx_word' id='word_1_478' title='bbox 825 2991 931 3026; x_wconf 89' lang='lat' dir='ltr'>quam</span> <span class='ocrx_word' id='word_1_479' title='bbox 960 2993 1102 3030; x_wconf 86' lang='lat' dir='ltr'>canum,</span> <span class='ocrx_word' id='word_1_480' title='bbox 1128 2981 1220 3018; x_wconf 88' lang='lat' dir='ltr'>nihil</span> <span class='ocrx_word' id='word_1_481' title='bbox 1237 2997 1300 3020; x_wconf 88' lang='lat' dir='ltr'>nos</span> 
     </span>
     <span class='ocr_line' id='line_1_64' title="bbox 317 3038 1301 3094; baseline 0.007 -19"><span class='ocrx_word' id='word_1_482' title='bbox 317 3039 390 3090; x_wconf 84' lang='lat' dir='ltr'>pati</span> <span class='ocrx_word' id='word_1_483' title='bbox 413 3048 594 3090; x_wconf 81' lang='lat' dir='ltr'>putamus.</span> <span class='ocrx_word' id='word_1_484' title='bbox 620 3038 750 3077; x_wconf 81' lang='lat' dir='ltr'>Videte</span> <span class='ocrx_word' id='word_1_485' title='bbox 786 3040 927 3090; x_wconf 86' lang='lat' dir='ltr'>quantis</span> <span class='ocrx_word' id='word_1_486' title='bbox 947 3042 1062 3079; x_wconf 85' lang='lat' dir='ltr'>onmia</span> <span class='ocrx_word' id='word_1_487' title='bbox 1093 3042 1197 3094; x_wconf 87' lang='lat' dir='ltr'>plena</span> <span class='ocrx_word' id='word_1_488' title='bbox 1229 3045 1301 3082; x_wconf 89' lang='lat' dir='ltr'>sint</span> 
     </span>
     <span class='ocr_line' id='line_1_65' title="bbox 317 3100 1299 3157; baseline 0.007 -20"><span class='ocrx_word' id='word_1_489' title='bbox 317 3101 481 3137; x_wconf 86' lang='lat' dir='ltr'>tenebris.</span> <span class='ocrx_word' id='word_1_490' title='bbox 510 3100 605 3147; x_wconf 91' lang='lat' dir='ltr'>Quot</span> <span class='ocrx_word' id='word_1_491' title='bbox 642 3110 726 3138; x_wconf 91' lang='lat' dir='ltr'>sunt</span> <span class='ocrx_word' id='word_1_492' title='bbox 751 3101 813 3152; x_wconf 86' lang='lat' dir='ltr'>qui</span> <span class='ocrx_word' id='word_1_493' title='bbox 842 3101 996 3149; x_wconf 78' lang='lat' dir='ltr'>student,</span> <span class='ocrx_word' id='word_1_494' title='bbox 1029 3117 1072 3141; x_wconf 88' lang='lat' dir='ltr'>ne</span> <span class='ocrx_word' id='word_1_495' title='bbox 1092 3118 1193 3143; x_wconf 89' lang='lat' dir='ltr'>canes</span> <span class='ocrx_word' id='word_1_496' title='bbox 1219 3107 1299 3157; x_wconf 86' lang='lat' dir='ltr'>plus</span> 
     </span>
     <span class='ocr_line' id='line_1_66' title="bbox 317 3161 1296 3211; baseline 0.008 -14"><span class='ocrx_word' id='word_1_497' title='bbox 317 3175 418 3211; x_wconf 77' lang='lat' dir='ltr'>aequo</span> <span class='ocrx_word' id='word_1_498' title='bbox 447 3162 662 3200; x_wconf 73' lang='lat' dir='ltr'>exsatientur</span> <span class='ocrx_word' id='word_1_499' title='bbox 677 3177 688 3211; x_wconf 87' lang='grc'><strong><em>5</em></strong></span> <span class='ocrx_word' id='word_1_500' title='bbox 717 3171 756 3199; x_wconf 88' lang='lat' dir='ltr'>ut</span> <span class='ocrx_word' id='word_1_501' title='bbox 787 3161 857 3200; x_wconf 89' lang='lat' dir='ltr'>sint</span> <span class='ocrx_word' id='word_1_502' title='bbox 883 3162 1020 3202; x_wconf 77' lang='lat' dir='ltr'>veloces</span> <span class='ocrx_word' id='word_1_503' title='bbox 1052 3174 1085 3202; x_wconf 90' lang='lat' dir='ltr'>et</span> <span class='ocrx_word' id='word_1_504' title='bbox 1122 3167 1296 3205; x_wconf 77' lang='lat' dir='ltr'>venatorii</span> 
     </span>
    </p>
   </div>
   <div class='ocr_carea' id='block_1_10' title="bbox 355 3293 997 3389">
    <p class='ocr_par' dir='ltr' id='par_1_11' title="bbox 355 3293 997 3389">
     <span class='ocr_line' id='line_1_67' title="bbox 360 3293 997 3336; baseline 0.013 -13"><span class='ocrx_word' id='word_1_505' title='bbox 360 3294 376 3317; x_wconf 81' lang='lat' dir='ltr'>h</span> <span class='ocrx_word' id='word_1_506' title='bbox 401 3293 488 3325; x_wconf 79' lang='lat' dir='ltr'><strong>Alius</strong></span> <span class='ocrx_word' id='word_1_507' title='bbox 506 3303 637 3336; x_wconf 71' lang='grc' dir='ltr'>συνῆγον,</span> <span class='ocrx_word' id='word_1_508' title='bbox 655 3302 788 3330; x_wconf 75' lang='grc' dir='ltr'>τουτέστι</span> <span class='ocrx_word' id='word_1_509' title='bbox 804 3301 852 3329; x_wconf 77' lang='grc' dir='ltr'>καὶ</span> <span class='ocrx_word' id='word_1_510' title='bbox 869 3300 883 3330; x_wconf 78' lang='grc' dir='ltr'><strong>ὁ</strong></span> <span class='ocrx_word' id='word_1_511' title='bbox 900 3301 997 3336; x_wconf 68' lang='grc' dir='ltr'>πλοῦς.</span> 
     </span>
     <span class='ocr_line' id='line_1_68' title="bbox 355 3344 916 3389; baseline 0.005 -13"><span class='ocrx_word' id='word_1_512' title='bbox 355 3354 367 3371; x_wconf 67' lang='lat'>⁸</span> <span class='ocrx_word' id='word_1_513' title='bbox 393 3344 484 3377; x_wconf 83' lang='lat' dir='ltr'>Unus</span> <span class='ocrx_word' id='word_1_514' title='bbox 500 3351 591 3388; x_wconf 70' lang='grc' dir='ltr'>ψυχῆς</span> <span class='ocrx_word' id='word_1_515' title='bbox 608 3349 694 3384; x_wconf 64' lang='grc' dir='ltr'>οὐδεὶς</span> <span class='ocrx_word' id='word_1_516' title='bbox 711 3351 809 3389; x_wconf 66' lang='grc' dir='ltr'>λόγος,</span> <span class='ocrx_word' id='word_1_517' title='bbox 826 3351 916 3381; x_wconf 58' lang='grc' dir='ltr'>ἀλλὰ.</span> 
     </span>
    </p>
   </div>
   <div class='ocr_carea' id='block_1_11' title="bbox 1364 1406 2387 2850">
    <p class='ocr_par' dir='ltr' id='par_1_12' title="bbox 1364 1406 2387 2850">
     <span class='ocr_line' id='line_1_69' title="bbox 1366 1406 2383 1460; baseline 0.001 -17"><span class='ocrx_word' id='word_1_518' title='bbox 1366 1406 1405 1444; x_wconf 81' lang='grc' dir='ltr'>ἂν</span> <span class='ocrx_word' id='word_1_519' title='bbox 1426 1408 1546 1457; x_wconf 72' lang='grc' dir='ltr'>μηδεὶς</span> <span class='ocrx_word' id='word_1_520' title='bbox 1570 1408 1656 1446; x_wconf 76' lang='grc' dir='ltr'>αὐτὰ</span> <span class='ocrx_word' id='word_1_521' title='bbox 1680 1411 1752 1460; x_wconf 71' lang='grc' dir='ltr'>εἰδῇ</span> <span class='ocrx_word' id='word_1_522' title='bbox 1773 1408 1988 1460; x_wconf 72' lang='grc' dir='ltr'>περιθέσθαι,</span> <span class='ocrx_word' id='word_1_523' title='bbox 2008 1409 2065 1444; x_wconf 76' lang='grc' dir='ltr'>ὑπ’</span> <span class='ocrx_word' id='word_1_524' title='bbox 2095 1409 2207 1444; x_wconf 76' lang='grc' dir='ltr'>αὐτῶν</span> <span class='ocrx_word' id='word_1_525' title='bbox 2229 1406 2383 1458; x_wconf 63' lang='grc' dir='ltr'>διαφθεί-</span> 
     </span>
     <span class='ocr_line' id='line_1_70' title="bbox 1387 1466 2385 1518; baseline 0 -14"><span class='ocrx_word' id='word_1_526' title='bbox 1387 1483 1473 1505; x_wconf 88' lang='grc' dir='ltr'>εται.</span> <span class='ocrx_word' id='word_1_527' title='bbox 1493 1469 1544 1506; x_wconf 80' lang='grc' dir='ltr'>Τὸ</span> <span class='ocrx_word' id='word_1_528' title='bbox 1560 1468 1595 1506; x_wconf 75' lang='grc' dir='ltr'>δὲ</span> <span class='ocrx_word' id='word_1_529' title='bbox 1611 1468 1737 1517; x_wconf 85' lang='grc' dir='ltr'>αἴτιον,</span> <span class='ocrx_word' id='word_1_530' title='bbox 1754 1469 1806 1506; x_wconf 76' lang='grc' dir='ltr'>ὅτι</span> <span class='ocrx_word' id='word_1_531' title='bbox 1820 1469 1935 1507; x_wconf 67' lang='grc' dir='ltr'>πάντα</span> <span class='ocrx_word' id='word_1_532' title='bbox 1955 1469 2084 1518; x_wconf 72' lang='grc' dir='ltr'>μᾶλλον</span> <span class='ocrx_word' id='word_1_533' title='bbox 2105 1470 2284 1517; x_wconf 81' lang='grc' dir='ltr'>ζητοῦμεν,</span> <span class='ocrx_word' id='word_1_534' title='bbox 2303 1466 2325 1513; x_wconf 83' lang='grc' dir='ltr'>ἢ</span> <span class='ocrx_word' id='word_1_535' title='bbox 2345 1467 2385 1505; x_wconf 73' lang='grc' dir='ltr'>τὸ</span> 
     </span>
     <span class='ocr_line' id='line_1_71' title="bbox 1364 1528 2383 1581; baseline 0.002 -17"><span class='ocrx_word' id='word_1_536' title='bbox 1364 1531 1425 1574; x_wconf 66' lang='grc' dir='ltr'>τῆς</span> <span class='ocrx_word' id='word_1_537' title='bbox 1445 1530 1559 1580; x_wconf 54' lang='grc' dir='ltr'>ψυχῆς</span> <span class='ocrx_word' id='word_1_538' title='bbox 1586 1530 1722 1581; x_wconf 66' lang='grc' dir='ltr'>ὄφελος,</span> <span class='ocrx_word' id='word_1_539' title='bbox 1747 1530 1806 1567; x_wconf 80' lang='grc' dir='ltr'>καὶ</span> <span class='ocrx_word' id='word_1_540' title='bbox 1830 1529 1875 1567; x_wconf 75' lang='grc' dir='ltr'>τὰ</span> <span class='ocrx_word' id='word_1_541' title='bbox 1892 1528 2058 1580; x_wconf 74' lang='grc' dir='ltr'>ἀλλότρια</span> <span class='ocrx_word' id='word_1_542' title='bbox 2083 1529 2214 1578; x_wconf 74' lang='grc' dir='ltr'>μᾶλλον</span> <span class='ocrx_word' id='word_1_543' title='bbox 2235 1533 2383 1566; x_wconf 82' lang='grc' dir='ltr'>σκοποῦ-</span> 
     </span>
     <span class='ocr_line' id='line_1_72' title="bbox 1366 1588 2381 1641; baseline 0.001 -16"><span class='ocrx_word' id='word_1_544' title='bbox 1366 1604 1448 1638; x_wconf 90' lang='grc' dir='ltr'>μεν,</span> <span class='ocrx_word' id='word_1_545' title='bbox 1466 1589 1487 1634; x_wconf 78' lang='grc' dir='ltr'>ἢ</span> <span class='ocrx_word' id='word_1_546' title='bbox 1508 1589 1546 1626; x_wconf 74' lang='grc' dir='ltr'>τὸ</span> <span class='ocrx_word' id='word_1_547' title='bbox 1564 1590 1732 1641; x_wconf 74' lang='grc' dir='ltr'>ἡμέτερον</span> <span class='ocrx_word' id='word_1_548' title='bbox 1751 1589 1936 1641; x_wconf 70' lang='grc' dir='ltr'>συμφέρον.</span> <span class='ocrx_word' id='word_1_549' title='bbox 1954 1590 2022 1626; x_wconf 77' lang='grc' dir='ltr'>Καὶ</span> <span class='ocrx_word' id='word_1_550' title='bbox 2042 1589 2151 1632; x_wconf 81' lang='grc' dir='ltr'>οἰκίας</span> <span class='ocrx_word' id='word_1_551' title='bbox 2173 1588 2233 1639; x_wconf 77' lang='grc' dir='ltr'>μὲν</span> <span class='ocrx_word' id='word_1_552' title='bbox 2254 1588 2381 1626; x_wconf 88' lang='grc' dir='ltr'>σύστα-</span> 
     </span>
     <span class='ocr_line' id='line_1_73' title="bbox 1365 1648 2384 1700; baseline 0 -14"><span class='ocrx_word' id='word_1_553' title='bbox 1365 1664 1417 1686; x_wconf 88' lang='grc' dir='ltr'>σιν</span> <span class='ocrx_word' id='word_1_554' title='bbox 1438 1648 1605 1692; x_wconf 74' lang='grc' dir='ltr'>πολλάκις</span> <span class='ocrx_word' id='word_1_555' title='bbox 1624 1652 1790 1700; x_wconf 77' lang='grc' dir='ltr'>ζητοῦμεν</span> <span class='ocrx_word' id='word_1_556' title='bbox 1802 1679 1811 1696; x_wconf 92' lang='grc'>,</span> <span class='ocrx_word' id='word_1_557' title='bbox 1832 1649 1892 1686; x_wconf 81' lang='grc' dir='ltr'>καὶ</span> <span class='ocrx_word' id='word_1_558' title='bbox 1907 1652 1967 1686; x_wconf 73' lang='grc' dir='ltr'>οὒκ</span> <span class='ocrx_word' id='word_1_559' title='bbox 1987 1648 2027 1685; x_wconf 74' lang='grc' dir='ltr'>’ἂν</span> <span class='ocrx_word' id='word_1_560' title='bbox 2044 1649 2282 1700; x_wconf 72' lang='grc' dir='ltr'>ἀνασχοίμεθα</span> <span class='ocrx_word' id='word_1_561' title='bbox 2311 1665 2384 1687; x_wconf 87' lang='grc' dir='ltr'>πα-</span> 
     </span>
     <span class='ocr_line' id='line_1_74' title="bbox 1364 1709 2382 1759; baseline 0.002 -13"><span class='ocrx_word' id='word_1_562' title='bbox 1364 1709 1572 1759; x_wconf 80' lang='grc' dir='ltr'>λαιουμένην</span> <span class='ocrx_word' id='word_1_563' title='bbox 1591 1709 1694 1756; x_wconf 78' lang='grc' dir='ltr'>αὐτὴν</span> <span class='ocrx_word' id='word_1_564' title='bbox 1716 1712 1798 1748; x_wconf 76' lang='grc' dir='ltr'>ἰδεῖν</span> <span class='ocrx_word' id='word_1_565' title='bbox 1815 1709 1891 1748; x_wconf 72' lang='grc' dir='ltr'>οὐδὲ</span> <span class='ocrx_word' id='word_1_566' title='bbox 1915 1710 2202 1747; x_wconf 81' lang='grc' dir='ltr'>καταπίπτουσαν</span> <span class='ocrx_word' id='word_1_567' title='bbox 2228 1709 2303 1748; x_wconf 75' lang='grc' dir='ltr'>οὐδὲ</span> <span class='ocrx_word' id='word_1_568' title='bbox 2314 1710 2382 1748; x_wconf 80' lang='grc' dir='ltr'>ὑπὸ</span> 
     </span>
     <span class='ocr_line' id='line_1_75' title="bbox 1364 1769 2383 1823; baseline 0.001 -15"><span class='ocrx_word' id='word_1_569' title='bbox 1364 1769 1545 1822; x_wconf 72' lang='grc' dir='ltr'>χειμώνων</span> <span class='ocrx_word' id='word_1_570' title='bbox 1571 1772 1851 1823; x_wconf 80' lang='grc' dir='ltr'>ἐπηρεαζομένην</span> <span class='ocrx_word' id='word_1_571' title='bbox 1865 1786 1872 1793; x_wconf 89' lang='grc'><em>·</em></span> <span class='ocrx_word' id='word_1_572' title='bbox 1893 1771 1972 1823; x_wconf 77' lang='grc' dir='ltr'>περὶ</span> <span class='ocrx_word' id='word_1_573' title='bbox 1994 1770 2029 1808; x_wconf 77' lang='grc' dir='ltr'>δὲ</span> <span class='ocrx_word' id='word_1_574' title='bbox 2046 1773 2107 1815; x_wconf 63' lang='grc' dir='ltr'>τῆς</span> <span class='ocrx_word' id='word_1_575' title='bbox 2131 1776 2144 1790; x_wconf 68' lang='lat'>‘¹</span> <span class='ocrx_word' id='word_1_576' title='bbox 2156 1773 2270 1822; x_wconf 69' lang='grc' dir='ltr'>ψυχῆς</span> <span class='ocrx_word' id='word_1_577' title='bbox 2287 1772 2383 1809; x_wconf 78' lang='grc' dir='ltr'>οὐδε-</span> 
     </span>
     <span class='ocr_line' id='line_1_76' title="bbox 1368 1830 2383 1884; baseline 0 -16"><span class='ocrx_word' id='word_1_578' title='bbox 1368 1830 1430 1881; x_wconf 88' lang='grc' dir='ltr'>μία</span> <span class='ocrx_word' id='word_1_579' title='bbox 1448 1831 1601 1884; x_wconf 72' lang='grc' dir='ltr'>φροντὶς,</span> <span class='ocrx_word' id='word_1_580' title='bbox 1620 1831 1709 1869; x_wconf 82' lang='grc' dir='ltr'>ἀλλὰ</span> <span class='ocrx_word' id='word_1_581' title='bbox 1736 1831 1798 1869; x_wconf 78' lang='grc' dir='ltr'>κᾶν</span> <span class='ocrx_word' id='word_1_582' title='bbox 1821 1830 1898 1874; x_wconf 73' lang='grc' dir='ltr'>τοὺς</span> <span class='ocrx_word' id='word_1_583' title='bbox 1925 1830 2100 1882; x_wconf 85' lang='grc' dir='ltr'>θεμελίους</span> <span class='ocrx_word' id='word_1_584' title='bbox 2124 1833 2229 1876; x_wconf 73' lang='grc' dir='ltr'>αὐτῆς</span> <span class='ocrx_word' id='word_1_585' title='bbox 2257 1832 2383 1881; x_wconf 78' lang='grc' dir='ltr'>ἴδωμεν</span> 
     </span>
     <span class='ocr_line' id='line_1_77' title="bbox 1367 1891 2383 1943; baseline 0.001 -15"><span class='ocrx_word' id='word_1_586' title='bbox 1367 1891 1593 1941; x_wconf 83' lang='grc' dir='ltr'>σηπομένους,</span> <span class='ocrx_word' id='word_1_587' title='bbox 1613 1892 1675 1929; x_wconf 83' lang='grc' dir='ltr'>κᾶν</span> <span class='ocrx_word' id='word_1_588' title='bbox 1701 1891 1764 1938; x_wconf 82' lang='grc' dir='ltr'>τὴν</span> <span class='ocrx_word' id='word_1_589' title='bbox 1791 1891 1974 1942; x_wconf 70' lang='grc' dir='ltr'>οἰκοδομὴν</span> <span class='ocrx_word' id='word_1_590' title='bbox 2004 1891 2064 1929; x_wconf 70' lang='grc' dir='ltr'>καὶ</span> <span class='ocrx_word' id='word_1_591' title='bbox 2091 1891 2147 1928; x_wconf 76' lang='grc' dir='ltr'>τὸν</span> <span class='ocrx_word' id='word_1_592' title='bbox 2166 1891 2309 1943; x_wconf 68' lang='grc' dir='ltr'>ὄροφον,</span> <span class='ocrx_word' id='word_1_593' title='bbox 2329 1893 2383 1929; x_wconf 74' lang='grc' dir='ltr'>οὐ-</span> 
     </span>
     <span class='ocr_line' id='line_1_78' title="bbox 1367 1951 2385 2004; baseline -0.002 -14"><span class='ocrx_word' id='word_1_594' title='bbox 1367 1952 1434 1995; x_wconf 68' lang='grc' dir='ltr'>δεὶς</span> <span class='ocrx_word' id='word_1_595' title='bbox 1460 1955 1544 2002; x_wconf 76' lang='grc' dir='ltr'>ἡμῖν</span> <span class='ocrx_word' id='word_1_596' title='bbox 1566 1956 1583 1990; x_wconf 80' lang='grc' dir='ltr'><em>ὃ</em></span> <span class='ocrx_word' id='word_1_597' title='bbox 1609 1952 1708 2004; x_wconf 81' lang='grc' dir='ltr'>λόγος</span> <span class='ocrx_word' id='word_1_598' title='bbox 1727 1952 1811 1990; x_wconf 81' lang='grc' dir='ltr'>ἐστί.</span> <span class='ocrx_word' id='word_1_599' title='bbox 1830 1953 1941 1990; x_wconf 79' lang='grc' dir='ltr'>Πάλιν</span> <span class='ocrx_word' id='word_1_600' title='bbox 1964 1953 2073 2003; x_wconf 76' lang='grc' dir='ltr'>ἄλογα</span> <span class='ocrx_word' id='word_1_601' title='bbox 2100 1951 2139 1988; x_wconf 80' lang='grc' dir='ltr'>ἂν</span> <span class='ocrx_word' id='word_1_602' title='bbox 2164 1951 2320 2003; x_wconf 74' lang='grc' dir='ltr'>ἔχωμεν,</span> <span class='ocrx_word' id='word_1_603' title='bbox 2345 1952 2385 1989; x_wconf 81' lang='grc' dir='ltr'>τὸ</span> 
     </span>
     <span class='ocr_line' id='line_1_79' title="bbox 1366 2012 2384 2064; baseline -0.001 -14"><span class='ocrx_word' id='word_1_604' title='bbox 1366 2013 1540 2064; x_wconf 70' lang='grc' dir='ltr'>συμφέρον</span> <span class='ocrx_word' id='word_1_605' title='bbox 1558 2016 1668 2051; x_wconf 78' lang='grc' dir='ltr'>αὐτῶν</span> <span class='ocrx_word' id='word_1_606' title='bbox 1692 2015 1880 2062; x_wconf 85' lang='grc' dir='ltr'>ζητοῦμεν,</span> <span class='ocrx_word' id='word_1_607' title='bbox 1899 2013 1957 2050; x_wconf 68' lang='grc' dir='ltr'>καὶ</span> <span class='ocrx_word' id='word_1_608' title='bbox 1974 2012 2208 2064; x_wconf 58' lang='grc' dir='ltr'>ἱπποφορὸοὺς</span> <span class='ocrx_word' id='word_1_609' title='bbox 2235 2012 2294 2050; x_wconf 82' lang='grc' dir='ltr'>καὶ</span> <span class='ocrx_word' id='word_1_610' title='bbox 2321 2013 2384 2049; x_wconf 79' lang='grc' dir='ltr'>ἱπ-</span> 
     </span>
     <span class='ocr_line' id='line_1_80' title="bbox 1365 2072 2386 2123; baseline 0 -14"><span class='ocrx_word' id='word_1_611' title='bbox 1365 2073 1550 2123; x_wconf 73' lang='grc' dir='ltr'>πιατροὺς,</span> <span class='ocrx_word' id='word_1_612' title='bbox 1580 2073 1639 2110; x_wconf 83' lang='grc' dir='ltr'>καὶ</span> <span class='ocrx_word' id='word_1_613' title='bbox 1665 2072 1808 2111; x_wconf 72' lang='grc' dir='ltr'>ι’ποίντοι</span> <span class='ocrx_word' id='word_1_614' title='bbox 1835 2073 1950 2110; x_wconf 79' lang='grc' dir='ltr'>κάλων</span> <span class='ocrx_word' id='word_1_615' title='bbox 1981 2078 2159 2122; x_wconf 88' lang='grc' dir='ltr'>κινοῦμεν·</span> <span class='ocrx_word' id='word_1_616' title='bbox 2187 2072 2246 2110; x_wconf 73' lang='grc' dir='ltr'>καὶ</span> <span class='ocrx_word' id='word_1_617' title='bbox 2275 2072 2386 2115; x_wconf 83' lang='grc' dir='ltr'>οἰκίας</span> 
     </span>
     <span class='ocr_line' id='line_1_81' title="bbox 1365 2132 2385 2185; baseline 0 -15"><span class='ocrx_word' id='word_1_618' title='bbox 1365 2132 1642 2183; x_wconf 71' lang='grc' dir='ltr'>ἐπιμελούμεθα,</span> <span class='ocrx_word' id='word_1_619' title='bbox 1659 2134 1718 2171; x_wconf 76' lang='grc' dir='ltr'>καὶ</span> <span class='ocrx_word' id='word_1_620' title='bbox 1741 2140 1810 2176; x_wconf 85' lang='grc' dir='ltr'>τοῖς</span> <span class='ocrx_word' id='word_1_621' title='bbox 1838 2134 2170 2184; x_wconf 79' lang='grc' dir='ltr'>ἐμπεπιστευμένοις</span> <span class='ocrx_word' id='word_1_622' title='bbox 2195 2137 2385 2185; x_wconf 80' lang='grc' dir='ltr'>παραινοῦ-</span> 
     </span>
     <span class='ocr_line' id='line_1_82' title="bbox 1367 2191 2386 2245; baseline 0.004 -17"><span class='ocrx_word' id='word_1_623' title='bbox 1367 2207 1442 2241; x_wconf 85' lang='grc' dir='ltr'>μεν,</span> <span class='ocrx_word' id='word_1_624' title='bbox 1459 2191 1549 2230; x_wconf 80' lang='grc' dir='ltr'>ὥστε</span> <span class='ocrx_word' id='word_1_625' title='bbox 1566 2193 1615 2241; x_wconf 81' lang='grc' dir='ltr'>μὴ</span> <span class='ocrx_word' id='word_1_626' title='bbox 1636 2195 1754 2237; x_wconf 72' lang='grc' dir='ltr'>ἅπλῶς</span> <span class='ocrx_word' id='word_1_627' title='bbox 1779 2194 1866 2244; x_wconf 66' lang='grc' dir='ltr'>μηδὲ</span> <span class='ocrx_word' id='word_1_628' title='bbox 1894 2197 1940 2236; x_wconf 81' lang='grc' dir='ltr'>ὡς</span> <span class='ocrx_word' id='word_1_629' title='bbox 1966 2194 2084 2245; x_wconf 71' lang='grc' dir='ltr'>ἔτυχεν</span> <span class='ocrx_word' id='word_1_630' title='bbox 2101 2193 2275 2241; x_wconf 78' lang='grc' dir='ltr'>ἐλαύνειν,</span> <span class='ocrx_word' id='word_1_631' title='bbox 2298 2193 2386 2244; x_wconf 72' lang='grc' dir='ltr'>μηδὲ</span> 
     </span>
     <span class='ocr_line' id='line_1_83' title="bbox 1369 2251 2384 2305; baseline 0.003 -17"><span class='ocrx_word' id='word_1_632' title='bbox 1369 2251 1473 2302; x_wconf 72' lang='grc' dir='ltr'>βάρος</span> <span class='ocrx_word' id='word_1_633' title='bbox 1502 2254 1708 2299; x_wconf 72' lang='grc' dir='ltr'>ἐπιτιθέναι,</span> <span class='ocrx_word' id='word_1_634' title='bbox 1741 2254 1827 2303; x_wconf 75' lang='grc' dir='ltr'>μηδὲ</span> <span class='ocrx_word' id='word_1_635' title='bbox 1860 2255 1946 2305; x_wconf 76' lang='grc' dir='ltr'>ἀωρὶ</span> <span class='ocrx_word' id='word_1_636' title='bbox 1976 2258 2044 2291; x_wconf 76' lang='grc' dir='ltr'>τῶν</span> <span class='ocrx_word' id='word_1_637' title='bbox 2071 2258 2202 2292; x_wconf 80' lang='grc' dir='ltr'>νυκτῶν</span> <span class='ocrx_word' id='word_1_638' title='bbox 2235 2254 2384 2305; x_wconf 73' lang='grc' dir='ltr'>ἐξάγειν,</span> 
     </span>
     <span class='ocr_line' id='line_1_84' title="bbox 1369 2312 2385 2366; baseline 0.003 -17"><span class='ocrx_word' id='word_1_639' title='bbox 1369 2312 1457 2362; x_wconf 74' lang='grc' dir='ltr'>μηδὲ</span> <span class='ocrx_word' id='word_1_640' title='bbox 1475 2312 1536 2355; x_wconf 77' lang='grc' dir='ltr'>τὰς</span> <span class='ocrx_word' id='word_1_641' title='bbox 1554 2314 1681 2366; x_wconf 65' lang='grc' dir='ltr'>τροφὰς</span> <span class='ocrx_word' id='word_1_642' title='bbox 1701 2317 1934 2364; x_wconf 71' lang='grc' dir='ltr'>ἀπεμπ-ολεῖν,</span> <span class='ocrx_word' id='word_1_643' title='bbox 1959 2315 2017 2351; x_wconf 81' lang='grc' dir='ltr'>καὶ</span> <span class='ocrx_word' id='word_1_644' title='bbox 2039 2314 2161 2352; x_wconf 78' lang='grc' dir='ltr'>πολλοὶ</span> <span class='ocrx_word' id='word_1_645' title='bbox 2184 2314 2282 2364; x_wconf 87' lang='grc' dir='ltr'>νόμοι</span> <span class='ocrx_word' id='word_1_646' title='bbox 2306 2315 2385 2365; x_wconf 84' lang='grc' dir='ltr'>περὶ</span> 
     </span>
     <span class='ocr_line' id='line_1_85' title="bbox 1367 2373 2385 2426; baseline 0.001 -16"><span class='ocrx_word' id='word_1_647' title='bbox 1367 2378 1426 2411; x_wconf 89' lang='grc' dir='ltr'>τοῦ</span> <span class='ocrx_word' id='word_1_648' title='bbox 1450 2374 1681 2425; x_wconf 70' lang='grc' dir='ltr'>συμφέρον-,ος</span> <span class='ocrx_word' id='word_1_649' title='bbox 1706 2378 1774 2412; x_wconf 77' lang='grc' dir='ltr'>τῶν</span> <span class='ocrx_word' id='word_1_650' title='bbox 1796 2374 1928 2424; x_wconf 80' lang='grc' dir='ltr'>ἀλόγων</span> <span class='ocrx_word' id='word_1_651' title='bbox 1947 2373 2176 2426; x_wconf 75' lang='grc' dir='ltr'>κεῖνται-παρ’</span> <span class='ocrx_word' id='word_1_652' title='bbox 2195 2377 2278 2424; x_wconf 75' lang='grc' dir='ltr'>ἡμῖν</span> <span class='ocrx_word' id='word_1_653' title='bbox 2295 2390 2302 2397; x_wconf 93' lang='grc'>·</span> <span class='ocrx_word' id='word_1_654' title='bbox 2324 2378 2385 2420; x_wconf 66' lang='grc' dir='ltr'>τῆς</span> 
     </span>
     <span class='ocr_line' id='line_1_86' title="bbox 1367 2431 2384 2486; baseline 0.002 -17"><span class='ocrx_word' id='word_1_655' title='bbox 1367 2431 1403 2469; x_wconf 81' lang='grc' dir='ltr'>δὲ</span> <span class='ocrx_word' id='word_1_656' title='bbox 1430 2434 1543 2484; x_wconf 56' lang='grc' dir='ltr'>ψυχῆς</span> <span class='ocrx_word' id='word_1_657' title='bbox 1568 2435 1666 2485; x_wconf 78' lang='grc' dir='ltr'>λόγος</span> <span class='ocrx_word' id='word_1_658' title='bbox 1691 2434 1812 2477; x_wconf 66' lang='grc' dir='ltr'>οὐδείς.</span> <span class='ocrx_word' id='word_1_659' title='bbox 1838 2435 1953 2472; x_wconf 75' lang='grc' dir='ltr'>Πάλιν</span> <span class='ocrx_word' id='word_1_660' title='bbox 1974 2434 2006 2471; x_wconf 82' lang='grc' dir='ltr'>τί</span> <span class='ocrx_word' id='word_1_661' title='bbox 2029 2434 2120 2485; x_wconf 75' lang='grc' dir='ltr'>λέγω</span> <span class='ocrx_word' id='word_1_662' title='bbox 2145 2434 2224 2485; x_wconf 76' lang='grc' dir='ltr'>περὶ</span> <span class='ocrx_word' id='word_1_663' title='bbox 2251 2435 2384 2486; x_wconf 80' lang='grc' dir='ltr'>ἀλόγων</span> 
     </span>
     <span class='ocr_line' id='line_1_87' title="bbox 1367 2494 2385 2547; baseline 0 -16"><span class='ocrx_word' id='word_1_664' title='bbox 1367 2497 1435 2531; x_wconf 83' lang='grc' dir='ltr'>τῶν</span> <span class='ocrx_word' id='word_1_665' title='bbox 1451 2495 1635 2547; x_wconf 74' lang='grc' dir='ltr'>χρησίμων</span> <span class='ocrx_word' id='word_1_666' title='bbox 1652 2500 1757 2546; x_wconf 69' lang='grc' dir='ltr'>’ἡμῖν5</span> <span class='ocrx_word' id='word_1_667' title='bbox 1774 2496 1854 2533; x_wconf 80' lang='grc' dir='ltr'>Εἰσὶ</span> <span class='ocrx_word' id='word_1_668' title='bbox 1868 2495 1989 2533; x_wconf 84' lang='grc' dir='ltr'>πολλοὶ</span> <span class='ocrx_word' id='word_1_669' title='bbox 2005 2494 2035 2532; x_wconf 78' lang='grc' dir='ltr'>οἳ</span> <span class='ocrx_word' id='word_1_670' title='bbox 2053 2494 2233 2546; x_wconf 76' lang='grc' dir='ltr'>στρουθοὺς</span> <span class='ocrx_word' id='word_1_671' title='bbox 2248 2494 2385 2545; x_wconf 66' lang='grc' dir='ltr'>ἔχουσιν</span> 
     </span>
     <span class='ocr_line' id='line_1_88' title="bbox 1368 2554 2386 2607; baseline 0 -15"><span class='ocrx_word' id='word_1_672' title='bbox 1368 2554 1463 2592; x_wconf 72' lang='grc' dir='ltr'>οὐδὲν</span> <span class='ocrx_word' id='word_1_673' title='bbox 1480 2555 1622 2606; x_wconf 72' lang='grc' dir='ltr'>ἔχοντας</span> <span class='ocrx_word' id='word_1_674' title='bbox 1637 2556 1824 2607; x_wconf 72' lang='grc' dir='ltr'>χρήσιμον,</span> <span class='ocrx_word' id='word_1_675' title='bbox 1842 2555 1918 2593; x_wconf 72' lang='grc' dir='ltr'>ἀλλ’</span> <span class='ocrx_word' id='word_1_676' title='bbox 1936 2554 1958 2600; x_wconf 80' lang='grc' dir='ltr'>ἢ</span> <span class='ocrx_word' id='word_1_677' title='bbox 1977 2556 2095 2598; x_wconf 76' lang='grc' dir='ltr'>ἁπλῶς</span> <span class='ocrx_word' id='word_1_678' title='bbox 2108 2554 2310 2607; x_wconf 77' lang='grc' dir='ltr'>τέρποντας,</span> <span class='ocrx_word' id='word_1_679' title='bbox 2326 2555 2386 2592; x_wconf 87' lang='grc' dir='ltr'>καὶ</span> 
     </span>
     <span class='ocr_line' id='line_1_89' title="bbox 1368 2615 2386 2667; baseline 0 -15"><span class='ocrx_word' id='word_1_680' title='bbox 1368 2615 1489 2653; x_wconf 79' lang='grc' dir='ltr'>πολλοὶ</span> <span class='ocrx_word' id='word_1_681' title='bbox 1508 2616 1565 2653; x_wconf 83' lang='grc' dir='ltr'>καὶ</span> <span class='ocrx_word' id='word_1_682' title='bbox 1584 2616 1663 2667; x_wconf 80' lang='grc' dir='ltr'>περὶ</span> <span class='ocrx_word' id='word_1_683' title='bbox 1685 2616 1821 2654; x_wconf 79' lang='grc' dir='ltr'>ἐκείνων</span> <span class='ocrx_word' id='word_1_684' title='bbox 1841 2616 1959 2666; x_wconf 86' lang='grc' dir='ltr'>νόμοι,</span> <span class='ocrx_word' id='word_1_685' title='bbox 1979 2616 2037 2653; x_wconf 80' lang='grc' dir='ltr'>καὶ</span> <span class='ocrx_word' id='word_1_686' title='bbox 2054 2615 2148 2653; x_wconf 77' lang='grc' dir='ltr'>οὐδὲν</span> <span class='ocrx_word' id='word_1_687' title='bbox 2166 2615 2386 2665; x_wconf 80' lang='grc' dir='ltr'>ἠμελημένον</span> 
     </span>
     <span class='ocr_line' id='line_1_90' title="bbox 1370 2674 2386 2726; baseline 0.001 -14"><span class='ocrx_word' id='word_1_688' title='bbox 1370 2674 1444 2712; x_wconf 77' lang='grc' dir='ltr'>οὐδὲ</span> <span class='ocrx_word' id='word_1_689' title='bbox 1459 2675 1606 2713; x_wconf 74' lang='grc' dir='ltr'>ἄτακτον</span> <span class='ocrx_word' id='word_1_690' title='bbox 1622 2678 1693 2714; x_wconf 80' lang='grc' dir='ltr'>ἐστι</span> <span class='ocrx_word' id='word_1_691' title='bbox 1709 2707 1718 2724; x_wconf 92' lang='grc'>,</span> <span class='ocrx_word' id='word_1_692' title='bbox 1740 2677 1799 2714; x_wconf 83' lang='grc' dir='ltr'>καὶ</span> <span class='ocrx_word' id='word_1_693' title='bbox 1813 2677 1951 2714; x_wconf 70' lang='grc' dir='ltr'>πάντων</span> <span class='ocrx_word' id='word_1_694' title='bbox 1968 2677 2097 2726; x_wconf 79' lang='grc' dir='ltr'>μᾶλλον</span> <span class='ocrx_word' id='word_1_695' title='bbox 2116 2675 2386 2725; x_wconf 77' lang='grc' dir='ltr'>ἐπιμελούμεθα,</span> 
     </span>
     <span class='ocr_line' id='line_1_91' title="bbox 1369 2735 2385 2787; baseline -0.001 -13"><span class='ocrx_word' id='word_1_696' title='bbox 1369 2735 1391 2782; x_wconf 79' lang='grc' dir='ltr'>ἢ</span> <span class='ocrx_word' id='word_1_697' title='bbox 1410 2740 1508 2787; x_wconf 79' lang='grc' dir='ltr'>ἡμῶν</span> <span class='ocrx_word' id='word_1_698' title='bbox 1530 2738 1655 2775; x_wconf 80' lang='grc' dir='ltr'>αὐτῶν.</span> <span class='ocrx_word' id='word_1_699' title='bbox 1677 2737 1780 2775; x_wconf 76' lang='grc' dir='ltr'>Οὕτω</span> <span class='ocrx_word' id='word_1_700' title='bbox 1795 2738 1933 2775; x_wconf 75' lang='grc' dir='ltr'>πάντων</span> <span class='ocrx_word' id='word_1_701' title='bbox 1951 2736 2055 2787; x_wconf 78' lang='grc' dir='ltr'>ἐσμὲν</span> <span class='ocrx_word' id='word_1_702' title='bbox 2080 2735 2290 2787; x_wconf 76' lang='grc' dir='ltr'>ἀτιμότεροι.</span> <span class='ocrx_word' id='word_1_703' title='bbox 2312 2736 2385 2773; x_wconf 82' lang='grc' dir='ltr'>Κᾶν</span> 
     </span>
     <span class='ocr_line' id='line_1_92' title="bbox 1371 2797 2387 2850; baseline -0.001 -15"><span class='ocrx_word' id='word_1_704' title='bbox 1371 2797 1431 2848; x_wconf 87' lang='grc' dir='ltr'>μέν</span> <span class='ocrx_word' id='word_1_705' title='bbox 1447 2814 1499 2841; x_wconf 87' lang='grc' dir='ltr'>τις</span> <span class='ocrx_word' id='word_1_706' title='bbox 1516 2801 1609 2849; x_wconf 73' lang='grc' dir='ltr'>ἡμᾶς</span> <span class='ocrx_word' id='word_1_707' title='bbox 1635 2799 1780 2850; x_wconf 57' lang='grc' dir='ltr'>ὑδρίζων</span> <span class='ocrx_word' id='word_1_708' title='bbox 1810 2799 1888 2850; x_wconf 84' lang='grc' dir='ltr'>εἴπῃ</span> <span class='ocrx_word' id='word_1_709' title='bbox 1902 2827 1911 2844; x_wconf 87' lang='grc'>,</span> <span class='ocrx_word' id='word_1_710' title='bbox 1938 2797 2048 2844; x_wconf 83' lang='grc' dir='ltr'>κύων,</span> <span class='ocrx_word' id='word_1_711' title='bbox 2069 2798 2239 2846; x_wconf 83' lang='grc' dir='ltr'>ἀλγοῦμεν</span> <span class='ocrx_word' id='word_1_712' title='bbox 2255 2812 2263 2820; x_wconf 90' lang='grc'>·</span> <span class='ocrx_word' id='word_1_713' title='bbox 2285 2801 2387 2847; x_wconf 75' lang='grc' dir='ltr'>ἡμεῖς</span> 
     </span>
    </p>
   </div>
   <div class='ocr_carea' id='block_1_12' title="bbox 1374 2858 1402 2874">
    <p class='ocr_par' dir='ltr' id='par_1_13' title="bbox 1374 2858 1402 2874">
     <span class='ocr_line' id='line_1_93' title="bbox 1374 2858 1402 2874; baseline 0 0"><span class='ocrx_word' id='word_1_714' title='bbox 1374 2858 1402 2874; x_wconf 53' lang='grc' dir='ltr'>’ἢ</span> 
     </span>
    </p>
   </div>
   <div class='ocr_carea' id='block_1_13' title="bbox 1371 2856 2386 3150">
    <p class='ocr_par' dir='ltr' id='par_1_14' title="bbox 1371 2856 2386 3150">
     <span class='ocr_line' id='line_1_94' title="bbox 1371 2856 2385 2912; baseline -0.002 -15"><span class='ocrx_word' id='word_1_715' title='bbox 1371 2874 1406 2897; x_wconf 87' lang='grc' dir='ltr'>οε</span> <span class='ocrx_word' id='word_1_716' title='bbox 1432 2862 1525 2910; x_wconf 69' lang='grc' dir='ltr'>ἡμᾶς</span> <span class='ocrx_word' id='word_1_717' title='bbox 1544 2859 1666 2904; x_wconf 78' lang='grc' dir='ltr'>αὐτοὺς</span> <span class='ocrx_word' id='word_1_718' title='bbox 1685 2859 1880 2912; x_wconf 61' lang='grc' dir='ltr'>ὑδρίζοντες</span> <span class='ocrx_word' id='word_1_719' title='bbox 1901 2860 1937 2896; x_wconf 78' lang='grc' dir='ltr'>οὐ</span> <span class='ocrx_word' id='word_1_720' title='bbox 1962 2858 2071 2909; x_wconf 85' lang='grc' dir='ltr'>λόγῳ,</span> <span class='ocrx_word' id='word_1_721' title='bbox 2100 2857 2176 2894; x_wconf 77' lang='grc' dir='ltr'>ἀλλ’</span> <span class='ocrx_word' id='word_1_722' title='bbox 2197 2856 2304 2909; x_wconf 82' lang='grc' dir='ltr'>ἔργῳ,</span> <span class='ocrx_word' id='word_1_723' title='bbox 2326 2857 2385 2895; x_wconf 80' lang='grc' dir='ltr'>καὶ</span> 
     </span>
     <span class='ocr_line' id='line_1_95' title="bbox 1373 2916 2386 2971; baseline -0.006 -13"><span class='ocrx_word' id='word_1_724' title='bbox 1373 2919 1460 2971; x_wconf 71' lang='grc' dir='ltr'>μηδὲ</span> <span class='ocrx_word' id='word_1_725' title='bbox 1475 2920 1643 2966; x_wconf 82' lang='grc' dir='ltr'>τοσαύτης</span> <span class='ocrx_word' id='word_1_726' title='bbox 1660 2919 1897 2970; x_wconf 79' lang='grc' dir='ltr'>μεταδιδόντες</span> <span class='ocrx_word' id='word_1_727' title='bbox 1914 2916 2112 2968; x_wconf 79' lang='grc' dir='ltr'>ἐπιμελείας</span> <span class='ocrx_word' id='word_1_728' title='bbox 2131 2920 2173 2968; x_wconf 76' lang='grc' dir='ltr'>τῇ</span> <span class='ocrx_word' id='word_1_729' title='bbox 2192 2919 2287 2969; x_wconf 72' lang='grc' dir='ltr'>ψυχῇ</span> <span class='ocrx_word' id='word_1_730' title='bbox 2304 2918 2386 2964; x_wconf 78' lang='grc' dir='ltr'>ὅσης</span> 
     </span>
     <span class='ocr_line' id='line_1_96' title="bbox 1371 2977 2385 3031; baseline -0.004 -12"><span class='ocrx_word' id='word_1_731' title='bbox 1371 2988 1441 3024; x_wconf 85' lang='grc' dir='ltr'>τοῖς</span> <span class='ocrx_word' id='word_1_732' title='bbox 1467 2981 1586 3028; x_wconf 84' lang='grc' dir='ltr'>κυσὶν,</span> <span class='ocrx_word' id='word_1_733' title='bbox 1615 2980 1709 3019; x_wconf 76' lang='grc' dir='ltr'>οὐδὲν</span> <span class='ocrx_word' id='word_1_734' title='bbox 1736 2979 1912 3031; x_wconf 75' lang='grc' dir='ltr'>ἡγούμεθα</span> <span class='ocrx_word' id='word_1_735' title='bbox 1939 2977 2086 3028; x_wconf 59' lang='grc' dir='ltr'>πάσχέιν</span> <span class='ocrx_word' id='word_1_736' title='bbox 2113 2978 2234 3015; x_wconf 78' lang='grc' dir='ltr'>δεινόν.</span> <span class='ocrx_word' id='word_1_737' title='bbox 2256 2978 2385 3029; x_wconf 62' lang='grc' dir='ltr'>(Ορᾶτε</span> 
     </span>
     <span class='ocr_line' id='line_1_97' title="bbox 1371 3037 2386 3090; baseline -0.007 -9"><span class='ocrx_word' id='word_1_738' title='bbox 1371 3043 1452 3082; x_wconf 73' lang='grc' dir='ltr'>ὅσου</span> <span class='ocrx_word' id='word_1_739' title='bbox 1474 3042 1614 3085; x_wconf 81' lang='grc' dir='ltr'>σκότους</span> <span class='ocrx_word' id='word_1_740' title='bbox 1633 3042 1675 3079; x_wconf 86' lang='grc' dir='ltr'>τὰ</span> <span class='ocrx_word' id='word_1_741' title='bbox 1695 3042 1809 3080; x_wconf 84' lang='grc' dir='ltr'>πάντα</span> <span class='ocrx_word' id='word_1_742' title='bbox 1827 3038 2090 3088; x_wconf 76' lang='grc' dir='ltr'>ἐμπέπλησται5</span> <span class='ocrx_word' id='word_1_743' title='bbox 2115 3037 2226 3076; x_wconf 80' lang='grc' dir='ltr'>Πόσοι</span> <span class='ocrx_word' id='word_1_744' title='bbox 2245 3037 2386 3090; x_wconf 73' lang='grc' dir='ltr'>φροντί-</span> 
     </span>
     <span class='ocr_line' id='line_1_98' title="bbox 1372 3098 2386 3150; baseline -0.008 -8"><span class='ocrx_word' id='word_1_745' title='bbox 1372 3108 1465 3149; x_wconf 89' lang='grc' dir='ltr'>ζουσι</span> <span class='ocrx_word' id='word_1_746' title='bbox 1480 3108 1548 3142; x_wconf 83' lang='grc' dir='ltr'>τῶν</span> <span class='ocrx_word' id='word_1_747' title='bbox 1565 3106 1695 3149; x_wconf 78' lang='grc' dir='ltr'>κυνῶν,</span> <span class='ocrx_word' id='word_1_748' title='bbox 1716 3101 1804 3139; x_wconf 81' lang='grc' dir='ltr'>ὥστε</span> <span class='ocrx_word' id='word_1_749' title='bbox 1821 3100 1868 3150; x_wconf 79' lang='grc' dir='ltr'>μὴ</span> <span class='ocrx_word' id='word_1_750' title='bbox 1889 3098 1992 3137; x_wconf 79' lang='grc' dir='ltr'>πλέον</span> <span class='ocrx_word' id='word_1_751' title='bbox 2015 3104 2073 3137; x_wconf 83' lang='grc' dir='ltr'>τοῦ</span> <span class='ocrx_word' id='word_1_752' title='bbox 2100 3098 2232 3141; x_wconf 78' lang='grc' dir='ltr'>δέοντος</span> <span class='ocrx_word' id='word_1_753' title='bbox 2251 3100 2386 3148; x_wconf 80' lang='grc' dir='ltr'>ἐμπλη-</span> 
     </span>
    </p>
   </div>
   <div class='ocr_carea' id='block_1_14' title="bbox 1372 3155 2385 3212">
    <p class='ocr_par' dir='ltr' id='par_1_15' title="bbox 1372 3155 2385 3212">
     <span class='ocr_line' id='line_1_99' title="bbox 1372 3155 2385 3212; baseline -0.005 -10"><span class='ocrx_word' id='word_1_754' title='bbox 1372 3169 1516 3212; x_wconf 76' lang='grc' dir='ltr'>σθῆναι,</span> <span class='ocrx_word' id='word_1_755' title='bbox 1553 3164 1642 3202; x_wconf 80' lang='grc' dir='ltr'>ὥστε</span> <span class='ocrx_word' id='word_1_756' title='bbox 1673 3162 1758 3206; x_wconf 80' lang='grc' dir='ltr'>ὀξεῖς</span> <span class='ocrx_word' id='word_1_757' title='bbox 1789 3155 1876 3198; x_wconf 64' lang='grc' dir='ltr'>εἶναι</span> <span class='ocrx_word' id='word_1_758' title='bbox 1903 3159 1961 3197; x_wconf 81' lang='grc' dir='ltr'>καὶ</span> <span class='ocrx_word' id='word_1_759' title='bbox 1993 3158 2195 3210; x_wconf 75' lang='grc' dir='ltr'>θηρατικοὺς</span> <span class='ocrx_word' id='word_1_760' title='bbox 2226 3159 2292 3196; x_wconf 80' lang='grc' dir='ltr'>ὑπὸ</span> <span class='ocrx_word' id='word_1_761' title='bbox 2326 3163 2385 3197; x_wconf 84' lang='grc' dir='ltr'>τοῦ</span> 
     </span>
    </p>
   </div>
   <div class='ocr_carea' id='block_1_15' title="bbox 1388 3290 2381 3380">
    <p class='ocr_par' dir='ltr' id='par_1_16' title="bbox 1388 3290 2381 3380">
     <span class='ocr_line' id='line_1_100' title="bbox 1431 3290 2381 3338; baseline -0.013 -6"><span class='ocrx_word' id='word_1_762' title='bbox 1431 3301 1447 3324; x_wconf 76' lang='grc'>1)</span> <span class='ocrx_word' id='word_1_763' title='bbox 1471 3304 1569 3332; x_wconf 75' lang='grc' dir='ltr'>πάντα</span> <span class='ocrx_word' id='word_1_764' title='bbox 1595 3300 1691 3330; x_wconf 70' lang='grc' dir='ltr'>κάλων</span> <span class='ocrx_word' id='word_1_765' title='bbox 1714 3300 1862 3338; x_wconf 54' lang='grc' dir='ltr'>κινοῦμεν,</span> <span class='ocrx_word' id='word_1_766' title='bbox 1882 3292 1923 3325; x_wconf 84' lang='lat' dir='ltr'>ad</span> <span class='ocrx_word' id='word_1_767' title='bbox 1942 3293 2067 3325; x_wconf 82' lang='lat' dir='ltr'>literam</span> <span class='ocrx_word' id='word_1_768' title='bbox 2081 3320 2088 3334; x_wconf 82' lang='grc'>,</span> <span class='ocrx_word' id='word_1_769' title='bbox 2107 3290 2381 3333; x_wconf 78' lang='lat' dir='ltr'>onmemsunlcu·</span> 
     </span>
     <span class='ocr_line' id='line_1_101' title="bbox 1388 3349 1645 3380; baseline -0.012 0"><span class='ocrx_word' id='word_1_770' title='bbox 1388 3349 1453 3380; x_wconf 82' lang='lat' dir='ltr'>lum</span> <span class='ocrx_word' id='word_1_771' title='bbox 1472 3359 1645 3379; x_wconf 69' lang='lat' dir='ltr'>movemus.</span> 
     </span>
    </p>
   </div>
  </div>
 </body>
</html>
