2502 3810
42 2630 156 2659 Matlh.
176 2631 226 2668 2'0.

42 2671 94 2701 35.

249 208 346 273 916

244 303 419 344 horrenda
445 302 506 339 illa
532 300 635 346 hora,
667 311 746 348 quae
765 303 990 348 exspectatur
1009 302 1043 333 et
1062 294 1220 344 timetur,

243 368 405 396 ettamen
424 352 629 403 negligitur.
658 353 790 401 Magna
821 347 974 386 formido
997 356 1082 384 tunc
1098 347 1220 397 instat,

243 412 385 455 fratres;
404 418 574 456 magnum
592 402 726 454 quippe
745 411 809 449 est,
836 401 959 440 videre
985 399 1142 437 animam
1171 414 1223 437 se-

241 470 400 514 paratam
413 473 433 495 a
454 470 600 509 corpore
617 472 624 492 :
644 468 771 505 magna
800 453 986 491 necessitas
1001 452 1095 490 horae
1111 451 1220 502 illius,

239 512 381 563 quando
400 511 522 561 lingua
560 521 630 546 non
653 516 766 559 potest
793 507 902 545 verba
923 518 1012 557 pure
1046 505 1218 556 proferre,

1208 214 1381 243 SPURtA.

1298 296 1359 334 καὶ
1384 295 1472 346 μετὰ
1491 299 1602 334 ταῦτα
1620 298 1717 340 νόσος
1737 296 1796 334 καὶ
1815 300 1943 349 γῆρας,
1960 300 2019 337 καὶ
2040 300 2129 350 μετὰ
2144 303 2254 338 ταῦτα
2267 299 2318 347 τί,

1294 348 1486 399 Ἀδυναμία
1517 349 1576 386 καὶ
1607 349 1766 395 θάνατος,
1785 349 1845 387 καὶ
1866 353 1887 395 ἡ
1906 352 2032 402 φρικτὴ
2056 352 2130 404 ὥρα
2156 355 2269 400 ἐκείνη
2293 357 2315 398 ἡ

1293 400 1566 453 προσδοκωμένη
1583 402 1642 439 καὶ
1654 402 1865 454 φριττομένη
1878 404 1937 440 καὶ
1949 405 2184 454 ἀμελουμένη.
2195 406 2316 456 Μέγας

1293 453 1398 505 (ρόὸος
1416 453 1493 491 τότε
1509 454 1661 504 γίνεται,
1685 454 1850 506 ἀδελφοί·
1871 455 1962 506 μέγα
1980 455 2016 494 δὲ
2047 457 2177 495 ἰδέσθαι
2197 458 2314 509 ψυχὴν

1265 528 1268 531 -
1291 505 1530 558 χωριζομένην
1549 510 1609 544 τοῦ
1630 506 1792 556 σώματος
1806 522 1813 529 ·
1830 508 1965 557 μεγάλη
1989 508 2123 559 ἀνάγκη
2140 513 2202 556 τῆς
2223 510 2315 562 ὥρας

239 564 382 616 quando
403 563 521 601 oculos
548 562 747 610 frequenter
766 559 849 596 hinc
867 568 900 596 et
920 557 1005 594 inde
1030 566 1217 605 vertimuS,
1233 577 1279 602 322
1293 558 1425 605 ἐκείνης
1437 589 1447 607 ,
1466 559 1549 597 ὅταν
1564 563 1585 606 ἡ
1606 561 1748 610 γλῶσσα
1776 562 1936 611 καθαρῶς
1955 560 2011 598 τὸν
2031 562 2133 610 λόγον
2151 562 2259 600 εἰπεῖν
2275 564 2312 599 οὐ

239 627 272 656 01
307 617 485 655 adstantes
518 614 649 651 amicos
682 613 877 662 fratresque
917 618 1053 647 nostros
1086 609 1221 660 alloqui
1246 616 1271 643 A
1292 610 1432 649 δύναται
1446 611 1552 659 ,ὅταν
1570 612 1771 664 στρέφωμεν
1786 611 2070 664 τοὺςόφθαλμοὺς
2084 609 2150 651 ὦδε
2168 613 2228 651 καὶ
2247 609 2314 652 5353

239 684 309 708 non
323 680 522 722 possumus.
539 667 611 704 Nos
630 666 790 717 lugentes
804 663 982 711 audimus,
997 671 1030 699 et
1048 662 1224 700 consolari

238 737 307 761 non
332 733 521 774 'possumus
546 735 554 755 ε
581 718 675 756 filios
707 718 886 770 plorantes
917 724 950 753 et
982 715 1220 767 lacrymantes

237 775 416 822 videmus,
436 782 470 811 et
496 786 576 809 cum
607 772 674 808 1100
706 771 826 808 labore
848 769 1055 820 migramus.
1078 767 1220 818 Ecquid

238 829 331 866 filios
364 839 520 864 memoro
536 825 552 862 Ξ)
574 825 615 862 111
647 823 709 861 illa
741 823 874 874 quippe
900 822 988 858 hora
1018 834 1088 857 non
1125 821 1218 858 filios

238 894 362 919 curare
381 880 553 928 valemus,
589 890 658 914 non
679 876 819 923 fratres,
848 887 910 912 1100
926 873 996 911 alia
1015 872 1218 911 sollicitudo

238 948 299 972 nos
320 941 424 981 tenet,
455 930 524 968 nisi
555 938 782 982 peccatorum
814 936 1016 965 nostrorum
1034 926 1216 976 cogitatio,

238 995 271 1024 et
294 984 472 1036 quomodo
499 983 544 1020 ad
563 981 727 1022 judicem
760 980 931 1018 accessuri
961 978 1086 1027 simus,
1110 993 1219 1029 quam

239 1038 500 1077 excusationem
529 1034 683 1080 allaturi,
703 1033 827 1084 quisve
847 1033 944 1070 100115
964 1046 1026 1069 1105
1049 1041 1217 1083 exceptu-

238 1106 298 1129 rus
313 1091 369 1128 sit.
391 1089 529 1127 Deinde
553 1088 641 1125 dum
659 1087 735 1124 haec
758 1086 966 1137 cogitamus,
999 1093 1139 1135 repente
1155 1083 1219 1121 ad-

239 1152 320 1181 sunt
340 1143 440 1181 nobis
467 1141 584 1192 angeli
612 1140 783 1177 immanes
803 1154 810 1174 ε
832 1147 918 1176 tune
944 1151 1006 1174 nos
1030 1136 1111 1174 illos
1137 1151 1219 1174 con-

237 1195 435 1249 spicientes,
458 1195 488 1232 si
500 1193 665 1245 imparati
682 1193 805 1238 simus,
824 1190 860 1228 in
884 1199 1015 1241 quanta
1033 1190 1219 1241 perturba-

238 1251 333 1287 tione
347 1247 459 1285 futuri
475 1261 610 1290 sumus,
630 1259 674 1282 ex
692 1244 781 1281 10010
813 1244 934 1294 fugere
954 1251 1131 1289 conantes,
1158 1241 1219 1279 sed

238 1302 338 1340 irrito
357 1309 505 1349 conatu,
537 1298 675 1336 miseris
693 1296 805 1334 oculis
829 1305 863 1333 01
881 1304 1004 1332 moesto
1022 1295 1128 1332 vultu
1154 1308 1217 1331 ro-

238 1355 403 1405 gabimus
420 1352 512 1399 illos,
529 1350 776 1402 supplicantes,
795 1347 1022 1399 deprecantes
1038 1360 1078 1383 30
1098 1345 1218 1383 dicen-

239 1416 301 1453 tes,
331 1404 549 1443 Miseremini
565 1402 632 1440 mci
649 1401 766 1451 angeli
786 1399 970 1446 tremendi,
997 1399 1058 1448 qui
1071 1397 1217 1435 adstatis

238 1468 318 1496 ante
338 1458 506 1495 thronum
526 1456 607 1499 Dei,
625 1463 713 1491 etue
731 1466 787 1490 me
815 1452 1074 1489 infructuosum
1093 1459 1127 1487 et
1145 1450 1215 1487 im-

240 1525 368 1563 purum
383 1509 503 1549 Judici
523 1507 672 1553 sistatis3
693 1519 735 1543 110
750 1519 805 1542 1110
819 1513 1039 1557 peccatorem
1057 1517 1077 1539 a
1092 1517 1217 1555 corpo-

240 1578 276 1601 re
290 1562 481 1615 separetis,
504 1575 558 1608 ne,
581 1573 697 1611 quaeso
722 1568 756 1595 et
773 1558 917 1595 obsecro
934 1572 941 1592 :
961 1555 1109 1608 propitii
1128 1565 1218 1593 esto-

240 1626 274 1654 te
306 1625 338 1653 et
367 1613 573 1661 flectimini3
608 1612 711 1650 sinite
738 1625 794 1648 me
818 1609 1064 1662 permodicum
1080 1618 1218 1660 tempus

239 1669 284 1706 ad
305 1667 564 1720 poenitendum,
576 1663 892 1716 ingemiscendum,
906 1661 1114 1713 lugendum,
1125 1662 1220 1698 elee-

240 1735 405 1773 mosynas
436 1718 626 1767 faciendas,
648 1717 730 1768 quia
766 1717 858 1754 male
887 1716 1000 1753 vitam
1028 1728 1143 1751 meam
1162 1714 1219 1751 in-

239 1775 350 1812 sumsi
373 1782 405 1810 et
437 1774 603 1822 transegi.
635 1771 718 1807 Haec
745 1769 928 1807 audientes
949 1767 1064 1818 angeli
1101 1767 1220 1805 dicent

239 1827 342 1864 nobis
357 1843 365 1863 :
380 1827 411 1863 O
430 1825 557 1862 misera
576 1823 708 1871 anima,
729 1822 805 1859 dies
819 1835 938 1860 omnes
957 1830 1035 1858 tuos
1051 1820 1085 1857 in
1100 1820 1218 1871 negli-

240 1880 356 1930 gentia
373 1878 587 1929 transegisti,
604 1885 635 1914 01
648 1889 742 1913 1111110
754 1875 810 1913 vis
831 1873 1072 1926 poeniteutiam
1087 1872 1217 1923 agere?

239 1946 260 1969 0
294 1932 509 1969 infortunata
543 1930 676 1975 anima,
702 1928 753 1965 sol
786 1937 869 1964 tuus
900 1925 1042 1973 occidit,
1079 1935 1218 1977 tempus

239 1994 344 2022 tuum
360 1983 527 2035 praeteriit
547 1998 554 2018 :
570 1982 674 2032 jussit
692 1983 786 2018 Deus
805 1990 838 2018 te
856 1995 876 2017 a
892 1993 1037 2031 corpore
1051 1978 1217 2030 separari.

239 2037 333 2076 Veni
352 2046 389 2074 ut
405 2035 646 2073 condemneris
659 2043 691 2071 et
710 2033 908 2071 detrudaris
928 2033 963 2069 in
984 2033 1103 2082 ignem
1121 2041 1219 2068 311οΓ-

238 2104 326 2127 num
339 2088 532 2126 secundum
556 2102 662 2139 opera
679 2096 740 2123 tua
761 2101 768 2121 :
790 2100 859 2123 non
890 2085 985 2123 cnim
1005 2094 1056 2121 est
1074 2084 1140 2121 tibi
1161 2084 1218 2121 111-

238 2143 347 2180 terius
368 2141 602 2194 spessalutis,
619 2139 681 2177 sed
701 2149 871 2176 aeternum
891 2137 1120 2190 supplicium.
1134 2138 1218 2175 Haec

238 2194 434 2242 audientes,
455 2194 591 2241 dilecti,
609 2202 641 2230 01
655 2206 737 2229 vera
758 2192 950 2237 credentes,
972 2204 1041 2227 non
1063 2190 1216 2238 fabulas,

238 2257 319 2285 ante
332 2248 431 2284 illam
454 2247 578 2283 horam
596 2245 834 2293 decertemus;
857 2253 890 2281 et
916 2244 945 2281 si
964 2242 1057 2280 adsit
1075 2256 1215 2280 consue-

238 2299 325 2337 tudo
346 2298 524 2351 peccandi,
541 2298 790 2335 exscindamus
823 2297 923 2333 illam
953 2310 1016 2347 per
1043 2295 1218 2347 poeniten-

238 2353 338 2390 tiam.
358 2353 409 2389 Nc
424 2365 593 2395 erremus,
613 2351 737 2387 fratres
745 2364 754 2397 ;
771 2349 951 2400 judicium
965 2348 1127 2384 futurum
1151 2356 1216 2395 est,

240 2413 478 2454 aeternumquc
497 2402 727 2454 supplicium,
747 2401 840 2452 ignis
861 2400 1005 2451 quinon
1024 2399 1221 2450 exstingui-

240 2466 312 2503 tur,
329 2457 460 2494 vermis
481 2456 540 2505 qui
562 2469 630 2492 non
657 2453 821 2499 moritur,
841 2454 991 2490 tenebrae
1012 2452 1218 2501 exteriores,

241 2519 409 2555 tartarus,
430 2507 561 2546 stridor
580 2507 754 2553 dentium,
771 2507 888 2543 luctus
908 2519 1068 2556 magnus,
1088 2514 1125 2541 ut
1145 2506 1222 2541 Do-

242 2562 360 2599 minus
374 2562 408 2598 in
424 2560 630 2611 Evangeliis
643 2558 935 2597 commemoravit
953 2574 960 2593 :
982 2572 1051 2595 non
1068 2556 1222 2595 mendax

243 2615 336 2652 enim
355 2624 417 2657 est,
430 2613 490 2664 qui
500 2613 614 2650 dixit:
632 2613 778 2650 Caelum
798 2621 833 2649 et
853 2621 956 2648 terra
974 2612 1194 2648 transibunt
1207 2625 1222 2654 ;

243 2670 368 2705 verba
386 2676 514 2704 autem
537 2679 623 2702 mea
642 2679 720 2702 non
737 2666 999 2716 prseteribunt.
1031 2662 1222 2711 Quamob—

241 2735 317 2758 rem
350 2720 537 2758 timeamus
563 2727 596 2755 01
627 2718 916 2755 exhorrescamus
936 2730 1068 2763 omnes,
1089 2715 1153 2765 qui
1186 2715 1223 2752 in

240 2772 393 2825 peccatis
423 2772 596 2813 viximus,
616 2779 650 2807 01
667 2769 811 2807 solliciti
843 2770 967 2817 simus,
987 2778 1026 2805 ut
1040 2782 1121 2805 cum
1143 2782 1224 2806 san-

241 2826 308 2863 ctis
320 2840 384 2877 per
401 2823 644 2876 poenitentiam
661 2822 897 2859 inveniamur.
915 2822 966 2858 Ne
983 2820 1131 2868 dixeris,
1152 2822 1225 2858 Fu-

243 2888 341 2916 ratus
355 2892 448 2926 sum,
468 2876 599 2923 occidi,
616 2876 808 2912 fornicatus
827 2888 918 2921 sum,
933 2883 966 2911 et
984 2887 1053 2911 non
1072 2873 1222 2925 accipiet

244 2945 300 2968 me
313 2932 434 2968 Deus:
457 2928 549 2966 nihil
579 2928 707 2965 horum
729 2927 884 2964 dixeris:
901 2940 1020 2963 omnes
1049 2926 1144 2963 enim
1167 2940 1226 2964 ac-

243 2983 342 3035 cipit,
358 2992 397 3020 ut
407 2982 591 3028 latronem,
608 2989 648 3017 ut
668 2980 914 3032 publicanum,
935 2988 975 3016 ut
993 2978 1224 3015 meretricem.

245 3036 404 3073 Tantum
425 3049 468 3072 ne
486 3033 727 3085 desperemus,
742 3047 875 3083 quaeso,
900 3046 943 3069 ne
963 3045 1082 3083 segnes
1102 3031 1225 3068 simus.

245 3088 428 3125 Pulsemus
446 3101 510 3139 per
528 3085 770 3137 poenitentiam
785 3095 818 3122 et
833 3085 994 3122 dicamus
1011 3101 1018 3120 ι
1035 3083 1143 3135 Aperi
1162 3097 1228 3120 no-

244 3141 312 3187 bis,
345 3140 508 3186 Domine,
527 3138 683 3189 indignis
712 3147 747 3175 et
774 3137 1019 3189 peccatoribus
1045 3152 1052 3172 :
1085 3145 1230 3189 propter

245 3206 372 3231 nomen
399 3201 561 3230 sanctum
594 3200 695 3228 tuum
716 3204 760 3228 ne
784 3189 956 3227 avertaris
975 3204 994 3227 a
1019 3189 1137 3238 nobis,
1165 3188 1229 3227 sed

245 3246 399 3296 placare,
420 3254 453 3282 et
472 3258 514 3282 ne
538 3243 658 3295 prives
675 3257 738 3280 nos
762 3256 870 3293 regno
888 3251 965 3279 tuo.
999 3242 1058 3279 Tu
1079 3255 1115 3279 es
1134 3241 1229 3279 enim

1292 667 1466 716 συνεχῶς,
1479 665 1539 701 καὶ
1555 664 1633 707 τοὺς
1647 668 1872 716 παρεστῶτας
1891 668 1976 714 ἡμῖν
1998 665 2115 717 φίλους
2132 666 2192 703 καὶ
2212 667 2312 704 ἀδελ-

1290 715 1370 767 φοὺς
1403 717 1638 769 γνωρίζωμεν,
1670 718 1729 755 καὶ
1762 718 1847 768 πρὸς
1876 717 1997 761 αὐτοὺς
2033 718 2243 770 φθέγξασθαι
2273 722 2310 757 οὐ

1291 767 1485 819 δυνώμεθα.
1504 771 1586 807 Τῶν
1604 769 1819 822 θρηνούντων
1839 773 1933 819 ἡμᾶς
1953 770 2136 821 ἀκούομεν,
2156 771 2216 808 καὶ
2235 772 2312 810 eod-

1289 836 1366 865 τους
1386 822 1708 873 παραμυθήσασθαι
1729 824 1767 860 οὔ
1789 822 1963 872 δυνάμεθα
1976 838 1984 845 ·
2002 823 2047 860 τὰ
2065 824 2170 861 τέκνα
2192 824 2312 877 ὀδυρό-

1290 889 1377 923 μενα
1405 876 1464 912 καὶ
1483 874 1676 927 δακρύοντα
1697 875 1885 926 βλέπομεν,
1907 875 1966 912 καὶ
1988 875 2046 913 τὸν
2075 875 2178 914 πόνον
2200 878 2311 913 αὐτῶν

1289 926 1428 978 ἔχοντες
1446 927 1677 979 πορευόμεθα.
1699 927 1771 966 Καὶ
1788 927 1822 965 τί
1840 928 1932 978 λέγω
1949 927 2054 966 τέκνα
2071 945 2079 975 ;
2101 928 2164 966 Ἐν
2184 928 2251 980 γὰρ
2269 932 2312 974 τῆ

1288 979 1363 1031 ὥρα
1385 979 1497 1032 ἐκείνῃ
1527 982 1590 1018 οὐκ
1611 980 1685 1018 ἔστι
1706 983 1920 1032 μεριμνῆσαι
1948 980 2092 1028 τέκνων,
2122 981 2183 1018 οὐκ
2202 973 2309 1019 ἀδελ-

1289 1034 1373 1083 φῶν,
1398 1033 1473 1070 οῧδὲ
1493 1033 1581 1080 ἄλλη
1600 1034 1736 1084 φροντὶς
1749 1032 1886 1085 συνέχει
1903 1037 2015 1082 ἡμᾶς,
2032 1036 2060 1071 εἷ
2077 1033 2125 1084 μὴ
2146 1035 2214 1070 τῶν
2230 1037 2314 1084 ἦμε-

1288 1085 1396 1135 τέρων
1419 1085 1719 1137 παραπτωμάτων
1747 1085 1880 1133 ἔννοια,
1899 1086 1958 1122 καὶ
1986 1086 2025 1123 τὸ
2048 1089 2121 1129 πῶς
2152 1087 2314 1132 ἀπαντή-

1290 1152 1405 1186 σωμεν
1427 1141 1477 1189 τῷ
1508 1142 1630 1190 κριτῇ,
1651 1138 1710 1176 καὶ
1729 1138 1830 1177 ποίαν
1852 1138 2025 1195 ἀπόερασιν
2055 1139 2232 1187 λάὸωμεν,
2254 1139 2313 1176 καὶ

1289 1195 1386 1232 ποῖος
1402 1190 1471 1241 ἄρα
1488 1191 1592 1234 τόπος
1616 1190 1749 1234 δέξεται
1771 1194 1876 1241 ἡμᾶς.
1903 1187 1993 1229 Εἶτα
2017 1193 2063 1233 ὣς
2086 1194 2198 1228 ταῦτα
2219 1193 2314 1229 ἐνθυ-

1292 1242 1471 1292 μούμεθα,
1495 1243 1654 1295 ἐξαίφνης
1680 1245 1884 1294 ἐφίστανται
1914 1247 1999 1294 ἡμῖν
2020 1243 2160 1293 ἄγγελοι
2183 1243 2314 1282 ἀπότο-

1294 1311 1364 1344 μοι.
1389 1295 1479 1332 Τότε
1498 1299 1598 1345 ἡμεῖς
1617 1295 1754 1338 τούτους
1784 1299 2008 1347 θεωροῦντες,
2029 1297 2086 1332 ἐὰν
2116 1296 2315 1345 ἀνευτρέπι-

1291 1361 1366 1383 στοι
1387 1348 1592 1398 εὑρεθῶμεν,
1613 1350 1687 1390 πῶς
1705 1348 1878 1397 μέλλομεν
1902 1347 2158 1398 ταράττεσθαι,
2179 1347 2238 1384 καὶ
2253 1351 2316 1393 τῆς

1290 1398 1409 1444 κλίνης
1429 1398 1563 1450 φεύγειν
1594 1400 1835 1449 δοκιμάζοντες
1858 1399 1932 1449 μὲν,
1963 1399 2011 1449 μὴ
2048 1399 2232 1449 δυνάμενοι
2259 1399 2316 1446 δὲ,

1289 1451 1518 1503 προσέχοντες
1548 1452 1633 1503 πρὸς
1662 1451 1785 1495 αὐτοὺς
1817 1453 1976 1494 ἐλεεινοῖς
2006 1454 2221 1503 ὀφθαλμοῖς,
2256 1453 2316 1490 καὶ

1293 1507 1428 1556 στυγνῷ
1451 1506 1500 1555 τῷ
1528 1503 1707 1556 προσώπῳ
1727 1509 2031 1556 παρακαλοῦντες,
2063 1505 2318 1552 δυσωποῦντες,

1291 1557 1501 1599 ἱκετεύοντες
1529 1556 1588 1594 καὶ
1619 1556 1795 1608 λέγοντες,
1818 1557 1985 1603 ἐλεήσατέ
2016 1572 2059 1606 με
2088 1557 2229 1610 ἄγγελοι
2257 1558 2317 1595 καὶ

1291 1609 1431 1662 φοῧεροὶ
1447 1609 1672 1661 παραστάται
1692 1614 1751 1647 τοῦ
1778 1609 1896 1660 θρόνου
1916 1614 1974 1647 τοῦ
1996 1612 2105 1655 Θεοῦ,
2123 1610 2182 1647 καὶ
2204 1610 2252 1660 μή
2275 1626 2318 1660 με

1291 1662 1446 1714 ἄκαρπον
1468 1662 1527 1700 καὶ
1549 1662 1743 1714 ἀκάθαρτον
1761 1662 1845 1714 πρὸς
1863 1663 1920 1700 τὸν
1938 1662 2059 1714 κριτὴν
2079 1662 2293 1713 ἀπενέγκητε
2305 1679 2313 1686 ·

1293 1715 1340 1765 μή
1364 1731 1407 1765 με
1427 1715 1633 1766 ἁμαρτωλὸν
1654 1720 1713 1753 τοῦ
1740 1714 1902 1764 σώματος
1921 1714 2115 1767 χωρίσητε·
2151 1715 2219 1766 μὴ,
2240 1715 2318 1753 δέο-

1293 1784 1377 1818 μαι,
1413 1770 1631 1821 παρακαλῶ,
1665 1769 1936 1820 παρακλήθητε,
1971 1768 2223 1815 δυσωπήθητε,
2257 1768 2318 1806 καὶ

1291 1819 1418 1858 ἐάσατέ
1441 1837 1483 1870 με
1500 1820 1613 1872 ὀλίγον
1630 1820 1752 1873 χρόνον
1772 1824 2005 1871 μετανοῆσαι,
2027 1820 2211 1865 στενάξαι,
2236 1836 2319 1858 πεν-

1292 1877 1396 1920 θῆσαι
1408 1905 1416 1920 ,
1437 1873 1668 1924 ἐλεημοσύνας
1687 1877 1849 1920 ποιῆσαι,
1868 1874 1988 1920 ἐπειδὴ
2004 1877 2120 1917 κακῶς
2136 1874 2193 1912 τὸν
2211 1876 2318 1923 ἐμαυ-

1290 1932 1350 1964 τοῦ
1372 1927 1445 1977 ΙΒίον
1463 1926 1669 1972 ἐδαπάνησα
1691 1927 1749 1963 καὶ
1770 1927 1945 1972 ἀνήλωσα.
1963 1929 2087 1964 Ταῦτα
2107 1925 2318 1968 ἀκούσαντες

1292 1982 1323 2017 οἱ
1344 1980 1506 2031 ἄγγελοι,
1520 1979 1659 2029 λέγουσι
1682 1980 1767 2030 πρὸς
1787 1983 1880 2029 ’ἡμᾶς
1895 1995 1902 2002 ·
1923 1972 1951 2015 ὦ
1971 1979 2065 2031 ψυχὴ
2091 1979 2294 2030 ταλαίπωρε
2308 2007 2319 2024 ,

1291 2033 1407 2076 πάσας
1426 2032 1485 2075 τὰς
1504 2033 1638 2083 ἡμέρας
1668 2048 1727 2085 σου
1749 2035 1782 2069 ἐν
1804 2031 1950 2084 ἀμελείᾳ
1979 2032 2126 2078 ἔζησας,
2157 2031 2216 2068 καὶ
2239 2031 2318 2083 ἄρτι

1293 2088 1508 2134 μετανοῆσαι
1527 2085 1662 2134 θέλεις,
1685 2087 1713 2121 ὠ
1735 2084 1838 2123 ἀθλία
1858 2085 1952 2137 ψυχὴ
1966 2115 1974 2131 ,
1994 2088 2010 2122 ὁ
2039 2084 2135 2131 ἥλιός
2155 2100 2214 2122 σου
2236 2083 2318 2121 ἔδυ-

1291 2154 1358 2184 νεν,
1385 2141 1402 2175 ὁ
1433 2137 1555 2190 χρόνος
1590 2154 1649 2175 σου
1677 2137 1896 2175 τετέτεσται·
1927 2140 1944 2174 ὁ
1964 2136 2052 2180 Θεὸς
2079 2137 2256 2175 ἐκέλευσεν
2279 2138 2318 2175 ἐκ

1292 2194 1352 2228 τοῦ
1375 2190 1538 2241 σώματός
1559 2207 1618 2229 σου
1635 2190 1785 2242 χωρίσαι
1807 2206 1856 2229 σε.
1873 2192 1982 2241 Δεῦρο
2000 2190 2059 2228 καὶ
2085 2189 2318 2233 καταδικάζου

1293 2246 1325 2282 ἐν
1342 2244 1425 2294 πυρὶ
1447 2245 1576 2296 αἰωνίῳ
1596 2243 1687 2281 κατὰ
1704 2243 1764 2286 τὰς
1778 2243 1918 2295 πράξεις
1933 2259 1992 2280 σου
2010 2259 2017 2266 ·
2033 2245 2069 2280 οὗ
2087 2242 2154 2294 γάρ
2174 2242 2246 2280 ἐστί
2265 2258 2319 2280 σοι

1293 2296 1412 2333 λοιπον
1427 2296 1524 2338 ἐλπὶς
1539 2296 1712 2347 σωτηρίας
1723 2326 1732 2342 ,
1749 2297 1838 2334 ἀλλὰ
1857 2294 1994 2337 αἰώνιος
2006 2295 2170 2347 τιμωρία.
2194 2297 2319 2331 Ταῦτα

1295 2348 1501 2390 ἀκούσαντες
1515 2379 1524 2396 ,
1547 2348 1742 2398 ἀγαπητοὶ,
1763 2348 1822 2385 καὶ
1848 2347 2112 2392 πιστεύσαντες,
2132 2346 2185 2384 ὅτι
2206 2348 2318 2392 ἀληθῆ

1296 2403 1361 2438 εἶσι
1378 2401 1438 2438 καὶ
1463 2402 1500 2437 οὔ
1522 2404 1642 2450 μῦθοι,
1664 2399 1916 2450 ἀγωνισώμεθα
1946 2400 2014 2450 πρὸ
2030 2403 2090 2445 τῆς
2116 2398 2208 2452 ὥρας
2227 2398 2320 2436 ἐκεί-

1294 2469 1355 2499 νης
1368 2468 1375 2475 ·
1392 2452 1456 2490 κᾶν
1471 2453 1754 2503 ι’Κέσυνηθήσαμεν
1773 2452 1997 2504 ἁμαρτάνειν,
2018 2453 2093 2489 ἀλλ’
2115 2450 2318 2502 ἐκκόψωμεν

1293 2505 1421 2549 ταύτας
1441 2505 1497 2543 διὰ
1518 2508 1579 2550 τ’ἦς
1601 2506 1795 2556 μετανοίας.
1812 2506 1873 2551 Μὴ
1890 2506 2136 2554 πλανηθῶμεν,
2157 2503 2320 2555 ἀδελφοὶ,

1294 2558 1406 2609 κρίσις
1423 2559 1496 2596 ἐστὶ
1523 2558 1583 2595 καὶ
1617 2558 1760 2601 κόλασις
1787 2556 1942 2599 αἰώνιος,
1963 2561 2032 2608 πῦρ
2061 2556 2229 2594 ἅσὸεστον
2261 2558 2320 2594 καὶ

1295 2609 1434 2657 σκώληξ
1458 2610 1682 2656 ἀτελεύτητος
1695 2640 1704 2657 ,
1723 2610 1841 2653 σκότος
1859 2609 2021 2662 ἐξώτερον
2041 2609 2100 2647 καὶ
2130 2609 2320 2661 τάρταρος,

1298 2664 1450 2717 βρυγμὸς
1471 2663 1618 2701 ὀδόντων
1637 2663 1697 2701 καὶ
1724 2662 1898 2713 κλαυθμὸς
1926 2664 2052 2713 μέγας,
2073 2664 2118 2705 ὡς
2149 2665 2166 2699 ὃ
2195 2662 2321 2714 Κύριος

1297 2719 1329 2755 ἐν
1350 2723 1420 2758 τοῖς
1440 2716 1662 2768 Εὐαγγελίοις
1684 2715 1938 2767 ἐμνημόνευσεν
1951 2730 1960 2738 ·
1982 2714 2131 2766 ἀψευδὴς
2150 2714 2217 2765 γάρ
2228 2716 2321 2752 ἐστιν

1296 2772 1313 2807 ὃ
1336 2768 1456 2815 εἰπὼν,
1478 2769 1522 2807 <O
1554 2769 1696 2820 οὐρανὸς
1713 2769 1772 2806 καὶ
1793 2772 1814 2814 ἡ
1835 2771 1880 2819 γῆ
1910 2767 2187 2818 παρελεύσεται,
2220 2768 2250 2805 οἳ
2285 2766 2320 2804 δὲ

1295 2822 1392 2873 λόγοι
1414 2837 1478 2872 μου
1496 2823 1533 2859 οὐ
1556 2822 1604 2872 μὴ
1625 2821 1839 2873 παρέλθωσι.
1859 2819 1923 2858 Διὸ
1937 2820 2145 2872 φοὸηθῶμεν
2161 2819 2220 2857 καὶ
2237 2819 2320 2870 φρί-

1298 2874 1410 2925 ξωμεν
1430 2873 1556 2918 πάντες
1575 2877 1606 2912 οἱ
1626 2877 1658 2912 ἐν
1681 2873 1869 2925 ἁμαρτίαις
1889 2873 2072 2919 ζήσαντες,
2091 2872 2149 2909 καὶ
2165 2870 2320 2908 σπουδά-

1298 2943 1414 2977 σωμεν
1436 2927 1524 2976 μετὰ
1539 2931 1607 2965 τῶν
1629 2927 1736 2978 ἁγίων
1758 2928 1945 2976 εὓρηθῆναι
1963 2924 2020 2961 διὰ
2038 2928 2100 2970 τῆς
2121 2922 2318 2974 μετανοίας.

1299 2980 1360 3026 Μὴ
1379 2979 1477 3030 εἴπῃς
1489 3009 1498 3025 ,
1519 2980 1648 3030 ἔκλεψα
1660 3008 1669 3024 ,
1691 2979 1874 3030 ἐφόνευσα,
1896 2976 2105 3027 ἐπόρνευσα,
2121 2975 2180 3013 καὶ
2207 2977 2244 3013 οὗ
2260 2975 2319 3013 δέ-

1297 3032 1400 3084 χεταί
1425 3048 1468 3082 με
1492 3035 1509 3069 ὃ
1527 3031 1636 3074 Θεός·
1659 3032 1766 3081 μηδὲν
1785 3030 1912 3068 τούτων
1934 3028 2053 3078 εἴπῃς·
2083 3028 2222 3079 δέχεται
2251 3027 2321 3081 γὰρ

1298 3085 1448 3131 πάντας,
1464 3087 1509 3127 ὣς
1536 3084 1592 3122 τὸν
1608 3083 1754 3134 λῃστὴν,
1775 3085 1819 3125 ὡς
1836 3082 1893 3119 τὸν
1921 3081 2072 3126 τελώνην
2101 3081 2161 3118 καὶ
2190 3083 2236 3123 ὡς
2257 3080 2320 3127 τὴν

1299 3137 1447 3188 πόρνην·
1465 3137 1565 3188 μόνον
1587 3135 1635 3186 μὴ
1662 3137 1880 3185 ἀπογνῶμεν,
1899 3135 2115 3184 παρακαλῶ,
2145 3132 2193 3183 μὴ
2219 3136 2321 3184 ῥᾳθυ-

1302 3191 1482 3241 μήσωμεν.
1506 3188 1714 3241 Κρούσωμεν
1748 3187 1804 3224 διὰ
1844 3186 2028 3236 μετανοίας
2060 3186 2120 3224 καὶ
2153 3185 2319 3235 εἴπωμεν,

1302 3242 1431 3286 ἄνοιξον
1447 3245 1544 3292 ἡμῖν,
1567 3240 1673 3293 Κύριε
1686 3268 1696 3287 ,
1722 3245 1793 3284 τοῖς
1813 3239 1963 3283 ἀναξίοις
1990 3239 2294 3289 καὶ-ἁμαρτωλοῖς
2310 3253 2317 3260 ·

246 3299 343 3334 Deus
358 3310 494 3343 eorum,
517 3310 578 3346 qul
594 3309 692 3349 spem
721 3309 791 3333 non
812 3294 971 3332 habituri
995 3293 1178 3343 videntur,
1197 3302 1231 3332 et
1254 3301 1278 3333 Ε
1303 3295 1359 3333 διὰ
1375 3295 1414 3334 τὸ
1433 3294 1542 3345 ὄνομά
1558 3309 1618 3332 σου
1632 3292 1672 3331 τὸ
1685 3292 1781 3344 ἅγιον
1796 3291 1844 3342 ,ιι-λ
1863 3293 2088 3344 ἀποστραφῇς
2104 3295 2214 3342 ἡμᾶς,
2232 3289 2322 3328 ἀλλὰ

291 3429 304 3444 ³
327 3416 518 3462 Legendum
534 3425 629 3461 putat
644 3418 784 3451 sax-ilius
801 3423 1009 3462 πνειθίσαμεν.
