2502 3810
127 2269 266 2297 1.Tl1ess.
279 2275 307 2295 2.

128 2313 174 2345 14.
200 2310 247 2338 ι5.

131 2630 313 2667 3.Reg.19.

133 3029 224 3057 Rom.
235 3037 307 3067 9¹²7
319 3051 324 3057 .

134 3080 183 3109 29.

316 278 405 336 704
764 283 800 311 S·

306 370 406 408 addit
441 379 595 404 causam.
628 364 752 413 Neque
783 362 883 399 illam
914 360 1094 413 praecipue
1131 358 1291 409 adducit,

304 429 406 479 quasi
441 427 521 464 illos
554 426 715 462 incusare
736 423 841 472 velit,
869 421 931 459 sed
962 421 1064 472 quasi
1095 421 1166 459 alia
1191 434 1292 471 quae-

303 490 386 527 dam
408 487 496 526 velit
520 485 684 538 probare,
716 485 869 534 illosque
897 482 994 520 omni
1021 481 1140 534 privat
1164 481 1292 529 venja,

302 550 360 588 vel
379 549 424 586 ab
443 549 486 586 iis
507 562 586 598 quae
604 547 705 599 prius
736 546 828 583 facta
851 544 1001 581 fuerant.
1028 541 1123 581 Vide
1141 555 1294 592 namque

303 624 412 661 quam
439 609 484 647 sit
508 608 700 647 vehemens
730 604 907 643 accusatio
938 604 1042 641 etiam
1064 617 1084 640 a
1111 601 1294 654 prophetae

303 684 464 723 persona.
489 670 612 720 Neque
632 668 725 706 enim
745 666 878 704 Paulus
895 674 946 703 est
963 664 1025 716 qui
1046 672 1203 710 accusat,
1227 677 1294 701 ne-

304 746 374 782 que
405 733 531 769 Petrus
559 744 622 768 nec
647 729 801 769 Jacobus
830 741 892 764 nec
923 728 1089 773 JoanneS,
1109 724 1216 762 sedis
1234 723 1297 774 qui

305 793 402 846 apud
423 793 502 830 illos
525 791 681 829 maxime
703 789 863 828 omnium
894 788 929 825 in
951 786 1186 825 admiratione
1206 794 1294 835 erat,

307 867 339 895 et
361 865 467 908 caput
488 852 834 907 prophetarum‚Dei
855 850 1006 897 amicus,
1026 849 1088 900 qui
1106 857 1203 887 tanto
1223 848 1296 886 zelo
1319 855 1342 886 C

308 933 372 971 pro
393 919 466 956 illis
484 918 639 970 repletus
652 925 740 963 erat,
754 924 793 953 ut
808 914 894 952 fami
914 911 1197 963 traderettu·,qui
1212 925 1299 949 non-

307 980 395 1017 dum
411 979 456 1016 ad
467 978 681 1016 hodiernum
698 990 810 1027 usque
827 975 923 1012 diem
942 983 1103 1011 mortuus
1122 982 1184 1011 est.
1202 972 1300 1019 Quid

309 1040 421 1091 igitur
438 1039 499 1077 hic.
517 1038 599 1090 ait‘:'{
610 1040 778 1076 Domine
791 1067 803 1082 ‚
819 1037 1024 1088 prophetas
1047 1043 1129 1072 tuos
1147 1034 1300 1071 occide-

310 1109 401 1138 runt
416 1131 427 1147 ,
448 1101 596 1137 altaria
617 1108 685 1136 tua
698 1100 968 1136 subverterunt
980 1125 992 1142 ,
1009 1104 1043 1133 et
1063 1108 1130 1146 ego
1144 1094 1301 1131 relictus

312 1162 525 1207 sumsolus,
543 1169 578 1197 et
590 1168 767 1211 quaerunt
778 1161 952 1196 animam
968 1171 1108 1194 meam.
1122 1155 1218 1202 Quid
1234 1155 1302 1192 hae

311 1222 450 1259 feritate
463 1221 643 1258 crudelius
658 1234 730 1258 esse
749 1219 883 1271 possit?
899 1218 990 1255 Cum
1003 1217 1096 1255 enim
1114 1230 1179 1268 pro
1193 1216 1302 1254 scele—

315 1283 415 1320 ribus
441 1283 517 1334 jam
542 1282 587 1319 ab
620 1295 655 1319 se
683 1280 894 1332 perpetratis
920 1277 1056 1330 precari
1075 1276 1300 1329 oportuisset,

314 1343 370 1380 illi
391 1343 497 1380 etiam
514 1342 633 1394 ipsum
661 1341 858 1378 interficere
880 1339 1071 1378 volebant:
1089 1351 1165 1387 quae
1186 1337 1303 1374 omnia

315 1404 396 1440 illos
425 1403 469 1439 ab
499 1403 594 1439 omni
612 1415 758 1453 prorsus
786 1401 889 1439 venia
909 1398 1158 1437 excludebant.
1183 1398 1304 1447 Neque

315 1465 408 1502 enim
428 1465 519 1500 fame
538 1461 764 1514 praevalente,
784 1460 846 1498 sed
857 1459 996 1497 reddita
1013 1458 1208 1507 fertilitate,
1221 1457 1304 1493 sub-

316 1527 387 1563 lato
404 1524 550 1576 pudore,
575 1521 799 1560 daemonibus
816 1520 967 1572 turpiter
991 1518 1202 1571 profligatis,
1221 1517 1304 1554 Dei-

316 1600 384 1636 que
403 1585 642 1622 demonstrata
672 1581 842 1634 potentia,
862 1595 902 1618 ac
922 1580 998 1632 ipso
1020 1592 1102 1629 rege
1133 1591 1302 1615 succum-

316 1647 432 1692 bento,
445 1644 520 1681 haec
536 1643 590 1680 illi
611 1643 687 1680 ausi
704 1651 797 1690 sunt,
815 1656 833 1679 a
857 1641 1013 1678 caedibus
1033 1639 1079 1677 ad
1097 1638 1209 1676 ccedes
1223 1651 1305 1690 pro-

318 1715 498 1758 perantes,
527 1714 630 1755 atque
662 1703 822 1741 doctores
857 1716 953 1752 suos,
975 1701 1035 1752 qui
1065 1715 1101 1738 se
1131 1700 1306 1751 corrigere

319 1768 536 1815 nitebantur,
556 1764 764 1803 occidentes.
779 1764 878 1810 Quid
893 1763 987 1801 enim
1006 1762 1124 1800 dicere
1142 1761 1304 1814 possint?

318 1843 405 1865 num
424 1826 519 1878 quod
533 1835 566 1863 et
585 1826 639 1863 illi
658 1825 859 1877 deceptores
877 1824 1016 1862 essent?
1030 1837 1116 1860 num
1135 1821 1233 1873 quod
1253 1835 1308 1859 ne-

319 1890 449 1927 scirent
482 1888 575 1926 unde
606 1887 742 1925 essent?
763 1890 808 1924 At
827 1886 928 1924 vobis
949 1884 1146 1922 molestiam
1172 1883 1308 1921 intule-

321 1951 431 1988 runt?
446 1952 585 1989 Verum
602 1949 654 1985 illi
673 1948 830 1985 salubria
848 1947 972 1984 dixere
986 1945 1098 1984 vobis.
1115 1945 1187 1982 Cur
1204 1944 1310 1982 etiam

321 2011 445 2049 altaria
476 2010 592 2048 adorti
623 2009 733 2047 estis?
756 2023 798 2046 an
818 2008 944 2045 altaria
962 2022 1025 2045 vos
1053 2006 1244 2044 laescrunt?
1266 2019 1311 2042 an

321 2072 368 2109 ad
400 2072 491 2109 iram
526 2070 779 2108 concitarunt?
802 2068 897 2108 Vide
928 2076 1069 2119 quantae
1101 2066 1310 2119 proterviae,

322 2140 461 2181 quantae
493 2129 715 2168 contumeliae
755 2142 894 2179 semper
929 2127 1092 2178 exempla
1133 2126 1309 2164 dederint.

321 2191 406 2229 Ideo
419 2191 505 2228 alibi
521 2190 656 2228 Paulus
670 2190 746 2227 haec
760 2189 806 2226 ad
817 2188 1150 2226 Thessalonicenses
1166 2187 1308 2225 scribit:

323 2254 476 2290 Eadem
490 2254 597 2303 passi
607 2253 711 2297 estis,
729 2259 765 2287 et
782 2264 854 2288 vos
868 2264 892 2287 a
903 2252 1070 2301 propriis
1086 2249 1314 2287 contribuli-

326 2315 502 2364 bzcs‚q1toe
518 2315 590 2363 ipsi
603 2325 627 2348 a
641 2312 802 2359 Judoeis,
814 2314 929 2362 quiet
943 2312 1157 2347 Dominam
1168 2310 1317 2346 occide-

325 2381 417 2411 runt
431 2381 466 2410 et
478 2373 685 2423 prophetas
700 2384 802 2417 suos,
819 2384 963 2421 nosque
974 2373 1195 2421 persequuti
1208 2377 1312 2416 sunt,

326 2445 374 2469 ac
390 2433 474 2469 Deo
497 2444 573 2467 non
598 2430 769 2481 placent,
792 2430 1090 2480 hominibusque
1106 2429 1317 2465 adversan-

328 2500 401 2529 cur.
415 2490 458 2528 Id
477 2489 573 2541 quod
593 2489 700 2527 etiam
720 2489 780 2526 hic
806 2488 912 2537 dicit3
928 2488 1024 2538 quod
1053 2487 1179 2524 altaria
1195 2487 1318 2525 dirue-

328 2549 400 2586 rint
418 2558 451 2587 et
478 2548 666 2600 prophetas
700 2546 908 2584 occiderint.
939 2546 1012 2584 Sed
1042 2545 1131 2596 quid
1158 2545 1245 2583 dicit
1265 2545 1319 2582 illi

329 2607 540 2645 oraculum?
553 2606 710 2657 Reliqui
722 2606 819 2642 milii
831 2613 974 2656 septem
985 2605 1112 2642 millia
1129 2608 1317 2653 virorum,

329 2668 396 2717 qui
419 2679 519 2717 genu
540 2664 824 2716 nonflexerzcnt
842 2671 934 2699 ante
956 2663 1073 2700 Baal.
1097 2665 1154 2712 At,
1169 2662 1319 2713 inquies,

329 2723 417 2774 quid
432 2724 507 2761 haec
526 2722 573 2760 ad
591 2721 802 2774 praesentia?
823 2721 1024 2758 Plurimum
1046 2735 1128 2759 sane
1146 2722 1191 2758 ad
1214 2721 1320 2758 insti-

329 2791 446 2819 tutum
477 2789 639 2818 nostrum
656 2780 740 2817 :illa
768 2793 849 2816 cum
872 2779 1107 2831 praesentibus
1127 2778 1321 2816 admodum

330 2848 536 2878 consonant.
560 2839 653 2876 Hinc
673 2838 765 2875 enim
782 2838 911 2889 probat
936 2839 1054 2875 Deum
1082 2852 1234 2890 semper,
1257 2837 1321 2875 etsi

332 2908 470 2950 gentem
489 2907 600 2935 totam
618 2896 807 2948 promissio
825 2904 971 2947 spectet,
988 2895 1069 2933 illos
1089 2905 1242 2945 tantum,
1259 2895 1320 2946 qui

333 2958 433 3009 digni
454 2966 547 3003 sunt,
563 2956 676 2993 salute
693 2955 835 2992 donare.
858 2955 932 2992 Hoc
945 2955 1020 3006 jam
1040 2969 1147 3006 supra
1168 2954 1322 2992 ostendit

338 3031 418 3054 cuin
434 3016 528 3054 dixit
539 3032 546 3051 :
556 3016 595 3054 Si
595 3016 721 3068 fuerit
737 3014 1099 3066 numerusfiliorum
1113 3013 1239 3051 Israel
1252 3015 1322 3050 sic-

340 3086 380 3115 ut
398 3091 519 3115 arena
543 3077 673 3121 maris,
693 3076 866 3127 reliquiae
881 3075 1157 3123 salvabuntur-3
1175 3082 1222 3121 et,
1239 3074 1326 3110 Nisi

341 3138 530 3173 Dominus
563 3135 736 3173 Sabaoth
779 3135 997 3186 reliquisset
1032 3134 1141 3170 nobis
1174 3145 1303 3170 semen
1316 3160 1326 3179 ,

340 3200 453 3248 quasi
466 3197 634 3234 Sodoma
637 3197 748 3247 faeti
763 3208 942 3232 essemus.
958 3192 1123 3231 Ostendit
1136 3207 1220 3231 vero
1236 3190 1328 3229 illud

339 3269 383 3291 cx
401 3256 457 3292 his
484 3268 645 3305 quoque,
671 3253 822 3303 ideoque
852 3252 1040 3304 subjungit
1058 3253 1117 3290 :5.
1137 3252 1198 3290 Sic
1226 3259 1262 3288 et
1286 3253 1327 3287 in

339 3314 409 3349 hoc
438 3322 606 3363 tempore
650 3312 824 3362 reliquice
860 3312 1072 3350 secundum
1100 3311 1325 3348 electionem

337 3373 477 3421 gratia?
491 3372 609 3420 saeta?
624 3379 727 3408 sunt.

383 3494 396 3510 ε
422 3485 493 3515 Duo
511 3484 586 3515 Mss.
607 3489 649 3525 μὴ
669 3489 716 3517 καὶ
733 3490 831 3517 inita:
849 3490 1030 3523 απατεώνεςς
1049 3490 1091 3524 μ),
1110 3498 1169 3517 και.

1332 2923 1379 2946 637

1346 2960 1372 2988 Α
1396 2953 1434 2991 τὸ
1449 2952 1540 2994 ἔθνος
1553 2954 1574 2997 ἡ
1591 2949 1782 3000 ἐπαγγελία
1798 2948 1953 2999 κειμένη.
1970 2948 2040 2986 Καὶ
2054 2952 2152 2986 τοῦτο
2169 2948 2295 2986 ἄνωθεν
2312 2948 2416 2993 ἔδειξε

839 280 1022 311 JOANMS
1058 278 1298 309 CHRYSOST.
1337 280 1544 312 ARCHIEP.
1583 281 1938 315 CONSTANTINOP-

1365 365 1606 415 κατηγορῆσαι
1623 364 1828 415 βουλόμενος
1843 365 2010 418 παράγει,
2029 368 2106 404 ἀλλ’
2122 369 2168 411 ὡς
2188 366 2289 419 ἕτερά
2307 383 2383 405 τινα

1366 423 1544 467 ἀποδεῖξαι
1575 424 1777 467 σπουδάζων
1793 440 1800 448 ·
1823 425 1882 463 καὶ
1909 428 2092 478 ἀποστερεῖ
2117 428 2232 474 πάσης
2264 426 2384 468 αὐτοὺς

1369 484 1578 535 συγγνώμης
1609 484 1669 522 καὶ
1699 485 1768 523 ἀπὸ
1806 488 1875 522 τῶν
1911 486 2103 538 ἔμπροσθεν
2133 486 2387 539 γεγενημένων.

1367 544 1461 598 εὈρα
1483 545 1551 598 γὰρ
1569 549 1643 589 πῶς
1663 545 1894 597 ἓπιτεταμένη
1910 550 1931 594 ἡ
1953 549 2144 601 κατηγορία
2161 548 2220 586 καὶ
2238 549 2306 586 ἀπὸ
2326 551 2385 586 τοῦ

1366 604 1554 658 προσώπου
1571 605 1715 657 γίνεται.
1733 606 1827 645 Οὐδὲ
1846 606 1913 659 γὰρ
1932 608 2073 651 Παῧλός
2093 610 2184 646 ἐστιν
2201 612 2218 647 6
2234 623 2388 658 κατηγο-

1369 668 1449 717 ρῶν,
1471 665 1547 704 οὖδὲ
1567 666 1701 720 Πέτρος
1726 667 1784 705 καὶ
1807 667 1974 710 Ἰάκωὲος
1998 667 2057 705 καὶ
2076 668 2258 715 Ἰωάννης,
2276 668 2352 706 ἀλλ’
2371 669 2389 704 ὃ

1369 726 1523 777 μάλιστα
1551 727 1691 765 πάντων
1716 730 1800 779 παρ’
1830 730 1943 771 αὐτοῖς
1963 728 2195 778 θαυμασθεὶς,
2217 732 2285 766 τῶν
2303 742 2390 779 προ·

1368 789 1485 838 φητῶν
1506 787 1544 825 τὸ
1561 787 1761 839 κεφάλαιον,
1777 791 1794 825 6
1808 790 1858 840 τῷ
1884 790 1966 839 Θεῷ
1984 788 2100 840 φίλος,
2118 791 2135 826 6
2159 788 2247 841 ὑπὲρ
2275 789 2389 826 αὐτῶν

1368 846 1457 885 οὕτω
1479 846 1637 894 ζηλώσας
1651 878 1661 895 ,
1681 850 1728 891 ὡς
1747 847 1807 885 καὶ
1836 849 1930 899 λιμῷ
1959 849 2219 900 παραδοθῆναι,
2239 852 2257 886 6
2285 848 2392 900 μέχρι

1371 907 1522 960 σήμερον
1553 907 1699 958 μηδέπω
1720 908 1986 955 τετελευτηκώς.
2005 908 2053 947 Τί
2073 903 2128 947 οἶν
2163 903 2259 952 οὗτός
2289 924 2393 960 φησι,

1371 969 1489 1020 Κύριε,
1509 968 1586 1012 τοὺς
1605 969 1786 1021 προφήτας
1806 984 1865 1007 σου
1887 969 2115 1016 ἀπέκτειναν,
2135 969 2194 1006 καὶ
2214 968 2258 1006 τὰ
2274 972 2391 1006 θυσια-

1371 1029 1497 1081 στήριά
1515 1045 1574 1067 σου
1595 1030 1819 1081 κατέσκαψαν
1831 1060 1841 1078 ,
1861 1030 1923 1067 καὶ
1946 1030 2153 1082 ὑπελείφθην
2181 1028 2249 1081 ἐγὼ
2280 1029 2393 1080 μόνος,

1371 1090 1431 1128 καὶ
1451 1092 1590 1137 ζητοῦσι
1606 1090 1668 1137 τὴν
1688 1090 1804 1142 ψυχήν
1823 1106 1901 1141 μου.
1920 1090 1967 1128 Τί
1982 1093 2044 1137 τ’ῆς
2064 1091 2248 1142 θηριωδίας
2267 1090 2394 1137 ταύτης

1371 1150 1546 1202 ὠμότερον
1569 1151 1692 1202 γένοιτ’
1715 1151 1776 1198 ἄν,
1796 1151 1882 1189 Δέον
1899 1152 1964 1203 γὰρ
1984 1153 2198 1204 παρακαλεῖν
2217 1150 2302 1202 ὑπὲρ
2325 1153 2392 1188 τῶν

1372 1214 1438 1260 ἤδη
1470 1213 1793 1263 πλημμεληθέντων
1808 1243 1817 1261 ,
1853 1213 1884 1250 οἱ
1916 1212 1952 1250 δὲ
1983 1213 2042 1250 καὶ
2079 1212 2178 1250 αὐτὸν
2212 1213 2395 1250 ἐδούλοντο

1375 1279 1530 1315 ἀνελεῖν·
1554 1277 1644 1328 ἅπερ
1666 1277 1805 1314 ἅπαντα
1837 1276 1953 1321 πάσης
1977 1276 2158 1327 ἀπεστέρει
2190 1275 2397 1326 συγγνώμης

1375 1338 1509 1380 αὐτούς.
1529 1337 1620 1375 Οὐδὲ
1637 1337 1704 1388 γὰρ
1734 1341 1793 1374 τοῦ
1823 1338 1926 1386 λιμοῦ
1958 1339 2185 1386 κρατοῦντος,
2218 1335 2307 1373 ἀλλὰ
2335 1339 2397 1382 τῆς

1375 1398 1553 1449 εὐετηρίας
1574 1397 1761 1448 γενομένης
1774 1426 1784 1444 ,
1803 1397 1862 1434 καὶ
1881 1400 1943 1442 τῆς
1958 1395 2123 1447 αἰσχύνης
2148 1396 2319 1442 λυθείσης,
2337 1396 2398 1433 καὶ

1374 1462 1443 1496 τῶν
1472 1457 1645 1508 δαιμόνων
1674 1455 2018 1508 καταισχυνθέντων,
2044 1455 2104 1494 καὶ
2130 1459 2192 1502 τῆς
2218 1459 2277 1494 τοῦ
2307 1457 2398 1494 Θεοῦ

1376 1519 1568 1571 δειχθείσης
1586 1517 1783 1568 δυνάμεως,
1800 1516 1859 1555 καὶ
1874 1519 1934 1555 τοῦ
1955 1517 2124 1567 βασιλέως
2145 1516 2398 1567 ὖποκύψαντος,

1376 1581 1531 1630 ἐτόλμων
1551 1582 1662 1617 ταῦτα
1688 1581 1828 1625 ἐκεῖνοι,
1859 1578 1928 1616 ἀπὸ
1950 1577 2060 1630 φόνων
2083 1579 2129 1620 εἷς
2149 1577 2267 1629 φόνους
2287 1594 2398 1628 μετα-

1377 1640 1551 1682 δαίνοντες
1563 1669 1572 1687 ,
1589 1639 1648 1677 καὶ
1674 1638 1752 1681 τοὺς
1778 1637 2004 1681 διδασκάλους
2027 1638 2087 1675 καὶ
2106 1639 2322 1690 διορθοῦντας
2339 1640 2400 1676 αὗ-

1377 1703 1447 1740 τῶν
1469 1700 1533 1747 τὴν
1556 1699 1700 1751 γνώμην
1729 1701 1961 1751 ἀναιροῦντες.
1988 1699 2035 1737 Τί
2063 1698 2131 1752 γὰρ
2151 1699 2190 1736 ἂν
2212 1699 2321 1751 ἔχοιεν
2351 1701 2399 1737 εἷ-

1378 1769 1454 1801 πεῖν
1470 1778 1480 1810 ;
1499 1761 1574 1812 ῧμὴ
1603 1761 1663 1799 καὶ
1682 1762 1806 1798 ἐκεῖνοι
1832 1760 1979 1808 πλάνοι,
2000 1760 2047 1811 μὴ
2075 1760 2134 1798 καὶ
2163 1760 2310 1804 ἐκείνους
2339 1761 2401 1798 οὒκ

1380 1824 1521 1876 ᾔδεισαν
1543 1822 1645 1861 πόθεν
1669 1817 1757 1869 ἦσαν
1770 1837 1781 1870 3
1803 1823 1894 1860 Ἀλλ’
1920 1820 2065 1860 ἐλύπουν
2091 1823 2201 1872 ὑμᾶς,
2216 1821 2322 1860 Ἀλλὰ
2348 1821 2406 1860 καὶ

1381 1884 1521 1939 χρηστὰ
1538 1883 1667 1935 ἔλεγον.
1684 1883 1732 1921 Τί
1751 1883 1786 1922 δὲ
1802 1883 1862 1921 καὶ
1880 1883 1923 1921 τὰ
1941 1883 2195 1935 Θυσιαστήρια,
2217 1882 2265 1934 μὴ
2287 1883 2347 1921 καὶ
2362 1883 2406 1920 τὰ

1384 1951 1615 2005 θυσιαστήρια
1636 1950 1778 1999 ἐλύπει,
1798 1950 1846 2001 μὴ
1875 1950 1935 1989 καὶ
1965 1949 2051 1988 αὐτὰ
2080 1948 2407 2002 παρώξυνενςσθρα

1384 2019 1495 2065 πόσης
1522 2017 1751 2071 φιλονεικίας,
1765 2017 1877 2063 πόσης
1897 2016 2028 2069 ῧὸρεως
2053 2016 2240 2068 ἐξήνεγκαν
2268 2017 2321 2055 ἀεὶ
2341 2017 2409 2054 δεί-

1385 2101 1515 2138 γματα.
1537 2084 1606 2123 Διὰ
1623 2089 1723 2123 τοῦτο
1744 2083 1804 2122 καὶ
1825 2085 1980 2136 ἀλλαχοῦ
1999 2099 2101 2136 φησιν
2121 2086 2138 2120 6
2152 2085 2303 2131 Παῦλος,
2318 2086 2411 2123 Θεσ-

1387 2156 1605 2193 σαλονικεῧσι
1620 2152 1761 2205 γράφων
1781 2167 1789 2175 ·
1805 2151 1863 2189 Τὰ
1885 2151 1974 2189 αὐτὰ
1991 2151 2136 2190 ἐπάθετε
2154 2153 2214 2190 καὶ
2234 2154 2331 2202 ὑμεῖς
2345 2151 2411 2190 ὑπὸ

1388 2224 1454 2259 τῶν
1486 2220 1581 2259 ἰδίων
1614 2220 1859 2270 συμφυλετῶν,
1889 2218 2002 2261 καθὼς
2031 2219 2091 2256 καὶ
2121 2220 2217 2258 αὐτοὶ
2245 2221 2312 2258 ὑπὸ
2341 2222 2409 2257 τῶν

1386 2287 1577 2333 Ἰουδαίων,
1599 2290 1670 2325 τῶν
1699 2286 1759 2324 καὶ
1790 2285 1848 2323 τὸν
1883 2284 2012 2336 Κύριον
2044 2285 2322 2323 ἀποκτεινάντων
2351 2285 2411 2323 καὶ

1386 2352 1464 2396 τοὺς
1483 2352 1587 2394 ἰδίους
1605 2351 1798 2405 προφήτας,
1819 2351 1878 2389 καὶ
1899 2355 1995 2401 ἡμᾶς
2013 2350 2267 2398 ἐκδιωξάντων,
2282 2350 2341 2387 καὶ
2360 2352 2410 2401 τῷ

1389 2422 1471 2471 Θεῷ
1493 2418 1540 2470 μὴ
1562 2417 1781 2470 ἀρεσκόντων
1793 2448 1803 2465 ,
1818 2417 1876 2455 καὶ
1895 2423 2000 2455 πᾶσιν
2025 2416 2216 2468 ἀνθρώποις
2235 2416 2410 2454 ἐναντίων.

1388 2485 1506 2538 υΟπερ
1522 2480 1578 2523 οῧν
1599 2485 1657 2523 καὶ
1678 2484 1821 2523 ἐνταῦθα
1839 2499 1954 2536 φησιν,
1969 2482 2022 2521 ὅτι
2038 2483 2098 2521 καὶ
2117 2483 2161 2521 τὰ
2184 2482 2413 2536 θυσιαστήρια

1391 2553 1639 2604 κατέσκαψαν,
1662 2552 1721 2591 καὶ
1751 2551 1830 2595 τοὺς
1856 2551 2037 2604 προφήτας
2067 2553 2213 2589 ἀνεῖλον.
2249 2551 2354 2589 Ἀλλὰ
2380 2550 2413 2588 τί

1391 2619 1485 2670 λέγει
1500 2621 1592 2670 αὐτῷ
1614 2622 1631 2657 ὃ
1649 2617 1916 2672 χρηματισμός,
1931 2617 2127 2656 Κατέλιπον
2144 2620 2284 2669 ἐμαυτῷ
2309 2620 2415 2655 ἑπτα-

1393 2686 1586 2738 κισΛιλιίους
1601 2686 1740 2738 ἄνδρας,
1759 2684 1880 2728 οἵτινες
1894 2686 1955 2722 οὐκ
1971 2684 2132 2736 ἔκαμψαν
2148 2684 2228 2735 γόνυ
2244 2687 2288 2735 τῇ
2302 2684 2414 2723 Βοίαλ.

1393 2753 1440 2792 Τί
1464 2747 1521 2790 οὖν
1543 2754 1656 2790 ἐκεῖνα
1682 2751 1768 2804 πρὸς
1795 2750 1840 2788 τὰ
1870 2749 2046 2803 παρόντα,
2071 2749 2175 2803 φησί,
2195 2750 2265 2789 Καὶ
2284 2750 2416 2803 σφόδρα

1394 2817 1456 2868 μὲν
1477 2812 1532 2855 οὖν
1550 2816 1635 2867 πρὸς
1654 2816 1698 2853 τὰ
1718 2816 1887 2869 παρόντα.
1907 2815 2065 2853 Δείκνυσι
2087 2815 2154 2867 γὰρ
2170 2817 2344 2864 ἐντεῦθεν,
2363 2816 2416 2854 ὅτι

1435 2884 1443 2895 ¹
1505 2884 1550 2899 '3⁷¹
1650 2886 1659 2898 5
1682 2883 1689 2897 Χ
1750 2882 1784 2904 ly
1859 2885 1869 2898 e.
1955 2882 1963 2894 N
2025 2882 2040 2896 >l
2166 2883 2181 2896 “l
2274 2884 2283 2896 x
2330 2883 2346 2897 r!

1394 2901 1472 2928 τους
1497 2899 1610 2928 αςιους
1641 2899 1695 2921 αει
1716 2898 1835 2927 σωςειν
1856 2899 1873 2920 ο
1899 2884 1988 2925 Θεος
2008 2886 2123 2930 ειωθε,
2141 2899 2204 2920 καν
2223 2899 2307 2934 προς
2324 2899 2415 2920 απαν

1400 3022 1442 3057 δι’
1476 3014 1522 3056 ῶν
1549 3017 1664 3067 ἔλεγεν
1681 3032 1689 3039 ·
1710 3015 1794 3053 Ἐὰν
1814 3009 1837 3066 ἦ
1856 3017 1873 3052 6
1893 3015 2038 3066 ἀριθμὸς
2065 3017 2134 3052 τῶν
2165 3018 2248 3053 υἱῶν
2272 3015 2418 3068 Ἰσραὴλ

1397 3085 1478 3124 ὡσεὶ
1498 3084 1612 3134 ἅμμος
1628 3085 1690 3128 τῆς
1705 3082 1880 3128 Θαλάσσης
1894 3111 1904 3128 ,
1919 3082 1958 3119 τὸ
1975 3082 2242 3132 ἐγκατάλειμμα
2259 3082 2416 3128 σωθήσε-

1397 3168 1476 3190 ται·
1498 3151 1577 3199 καὶ,
1604 3151 1648 3188 Εἰ
1681 3148 1729 3199 μὴ
1751 3147 1874 3200 Κύριος
1903 3147 2055 3185 Σαῧαὼθ
2082 3148 2306 3199 ἐγκατέλιπεν
2334 3152 2419 3197 ἡμῖν

1398 3219 1560 3271 σπέρμα,
1583 3219 1628 3259 ὡς
1649 3215 1792 3265 Σόδομα
1813 3214 1852 3251 ἂν
1877 3214 2102 3265 ἐγενήθημεν.
2128 3214 2288 3254 Δείκνυσι
2306 3214 2340 3252 δὲ
2360 3214 2420 3252 καὶ

1398 3292 1549 3328 ἐντεῦθεν
1565 3303 1571 3311 ·
1595 3286 1718 3325 διὸκαὶ
1737 3285 1859 3337 ἐπάγει
1874 3284 1985 3336 λέγων
2003 3300 2010 3308 ·
2035 3284 2139 3324 Οὕτω
2154 3285 2213 3323 καὶ
2241 3287 2275 3323 ἐν
2291 3287 2340 3336 τῷ
2361 3288 2417 3322 νῦν

1400 3357 1510 3406 καιρῷ
1530 3356 1664 3405 λεῖμμα
1679 3355 1754 3391 κατ’
1774 3351 1917 3403 ἐκλογὴν
1938 3352 2079 3404 χάριτος
2098 3352 2245 3403 γέγονεν.
