2502 3810
998 239 1054 272 DE
1089 239 1345 270 PATIENTIA.
2115 242 2200 288 901

142 319 216 362 τιὰς
231 319 384 370 ἀγγέλων
402 318 628 371 φοὸερὰς,κα“ι
637 317 698 365 τὴν
710 319 832 356 ἑαυτοῦ
843 317 997 362 ἐξουσίαν
1012 322 1058 362 ὣς
1073 320 1157 372 ἀρά·
1172 369 1177 371 -

141 387 227 424 >fv-qv
244 371 434 422 ἐλογίσατο·
454 375 522 409 stez
538 371 672 424 μορφὰς
687 370 907 418 δεσποτικὰς,
923 372 982 409 καὶ
995 371 1057 417 τὴν
1075 388 1158 423 μορ-

142 417 209 475 cti-hv
229 423 446 469 ἦλλοιώσατο
459 439 466 446 ·
488 424 633 469 ἤκουσεν
655 422 828 477 ἀΞτόιρασιν
848 424 963 475 ψυχῆς
977 453 986 470 ,
1005 425 1064 461 καὶ
1081 423 1158 465 ὅλος

142 475 309 527 ἐτρόμαξε
333 480 375 526 τῇ
407 476 535 527 σαρκὶ,
565 476 623 514 καὶ
654 479 709 513 οἷα
740 477 785 517 εἷς
813 477 933 514 ἑαυτὸν
960 477 1158 521 διανοεῖται,

143 528 382 578 θαμὸούμενος
410 529 470 566 καὶ
499 528 712 578 ἐννοούμενος
739 532 804 566 ποῦ
833 531 902 565 τῶν
935 529 1102 577 βασιλέων
1137 531 1158 573 ἡ

142 581 334 631 φαντασία,
371 585 437 619 ποῦ
467 583 535 618 τῶν
568 580 744 632 ἀρχόντων
771 583 792 625 ἡ
826 579 974 623 ἐξουσία.
1018 579 1157 617 Bagai·

142 633 213 670 ἰδοὺ
246 632 341 676 τάξις
386 632 538 680 ἀληθὴς,
581 633 652 670 ἰδοὺ
695 632 837 682 δύναμις
874 632 1024 685 κραταιὰ
1040 662 1049 678 ,
1087 631 1158 669 ἰδοὺ

141 684 278 727 ἐξουσία
304 685 479 736 ἀψευδὴς,
512 684 582 724 ἰδοὺ
614 684 744 736 μορφαὶ
775 685 940 736 φοὲεραὶ,
976 684 1047 722 ἰδοὺ
1075 684 1159 722 ἀθά-

141 752 240 778 νατος
280 738 438 788 στρατιά.
476 740 597 775 Ταῦτα
633 738 691 775 καὶ
720 735 765 774 τὰ
795 736 927 779 τούτοις
960 735 1063 786 ὅμοια
1100 736 1158 772 καὶ

142 789 404 841 ἀποῤῥητότερα
438 789 670 840 ἐννοούμενοι,
706 788 795 841 ἅπερ
830 788 927 839 μόνοι
959 792 990 826 οἱ
1021 790 1157 839 προλα-

142 841 257 884 ὅόντες
288 843 348 879 καὶ
376 842 595 893 πειραθέντες
625 841 851 889 ἐπίστανται,
891 844 921 879 οἱ
957 839 1019 890 μὲν
1050 843 1084 877 ἐν
1115 844 1157 891 τῇ

142 893 241 944 κλίνῃ
269 894 419 945 κείμενοι
445 895 670 940 ἀναπηδῶσι,
702 899 820 944 φυγεῖν
851 892 911 942 μὲν
946 893 1159 942 βουλόμενοι,

142 947 179 982 οὐ
197 946 379 996 δυνάμενοι
402 947 454 985 δέ·
475 949 506 984 οἷ
530 947 565 984 δὲ
590 945 667 989 τοὺς
688 945 826 989 ὀδόντας
843 945 1039 997 βρύχουσιν,
1061 946 1160 983 ἄλλοι

141 998 204 1040 τὰς
236 999 400 1049 σιαγόνας
418 998 616 1045 κόπτουσιν,
639 999 747 1050 ἕτεροι
767 998 845 1040 τοὺς
863 997 1060 1050 ὀφθαλμοὺς
1080 1000 1159 1061 ἑλεῖ

142 1054 239 1093 εινῶς
263 1053 564 1104 περιστρέφουσιν,
593 1054 638 1094 ὡς
663 1052 769 1100 ὁρῶσι
798 1050 858 1092 τὰς
886 1050 1046 1098 δυνάμεις
1079 1065 1146 1087 κατ

141 1103 255 1153 ὀλίγον
274 1108 333 1139 τοῦ
354 1106 515 1153 σώματος
536 1102 728 1153 ληγούσας,
748 1101 810 1147 τὴν
833 1103 990 1152 γλῶτταν
1016 1105 1158 1152 φθεγγο-

142 1154 260 1203 μένην,
291 1154 349 1191 καὶ
367 1156 430 1201 τὴν
449 1154 751 1207 παρακαταθήκην
781 1153 930 1203 βεῧαίως
950 1153 1155 1202 ἀνυομένην,

139 1206 200 1248 τὰς
221 1207 382 1256 δυνάμεις
406 1207 466 1250 τὰς
495 1207 652 1249 ἐναντίας
672 1205 935 1256 παρισταμένας
959 1206 1156 1259 λογοθετού-

140 1273 204 1301 σας
215 1287 224 1304 ,
246 1259 505 1312 κατηγορούσας
518 1289 527 1303 ,
550 1259 707 1310 ἁρπάσαι
723 1256 967 1311 ἐπιχειρούσας
981 1289 990 1304 ,
1007 1262 1081 1295 εἶτα
1097 1258 1156 1295 καὶ

138 1311 196 1348 τὸν
220 1310 373 1358 κλέπτην
398 1312 592 1350 εἰσελθόντα
611 1311 671 1348 καὶ
701 1311 902 1360 μηνύσαντα
925 1312 984 1348 καὶ
1004 1316 1064 1348 τοῦ
1085 1310 1154 1348 σώ-

139 1378 247 1413 ματος
262 1363 325 1408 τὴν
341 1364 457 1415 ψυχὴν
476 1363 718 1415 διαρρήξαντα.
740 1365 887 1400 Πολλῶν
907 1366 990 1412 ημῖν
1012 1363 1062 1399 δεῖ
1078 1364 1155 1400 τότε

1224 332 1324 357 neam
1343 319 1587 370 existimavit,
1607 320 1696 359 vidit
1710 320 1840 359 formas
1856 319 2065 368 dominicas,
2081 331 2114 360 et
2130 323 2204 360 for—

1224 385 1319 408 mam
1345 386 1443 412 suam
1476 373 1650 422 mutavit,
1669 372 1810 411 audivit
1836 373 2043 411 sententiam
2061 374 2098 412 in
2128 376 2205 413 ani-

1225 437 1336 471 mam,
1355 433 1388 461 et
1417 433 1511 462 totus
1542 425 1579 462 in
1605 439 1708 463 carne
1735 426 1957 474 contremuit,
1976 441 2016 463 ac
2045 428 2147 477 quasi
2168 428 2204 467 in

1226 475 1338 526 seipso
1361 477 1542 527 recogitat,
1564 477 1826 529 obstupefactus
1851 487 1882 515 et
1913 493 2032 516 secum
2049 494 2203 532 perpen—

1225 527 1328 573 dens,
1349 543 1418 577 qno
1438 529 1606 580 migravit
1623 543 1747 579 regum
1765 531 1894 578 fastus,
1913 545 1982 581 quo
2002 533 2205 584 principum

1196 603 1203 611 ι
1224 589 1389 630 potestas.
1423 582 1528 632 Papae
1542 581 1550 620 l
1567 595 1646 619 ecce
1659 596 1764 619 verus
1780 583 1878 630 ordo,
1891 598 1968 621 ecce
1978 594 2131 635 potestas
2144 600 2204 623 va—

1224 631 1309 679 lida,
1326 646 1403 670 eece
1424 633 1579 683 potentia
1598 647 1666 670 non
1680 634 1775 681 fieta,
1791 649 1867 673 ecee
1881 637 2000 673 formae
2016 638 2204 687 terribiles,

1224 697 1305 720 ecce
1321 684 1530 721 immortalis
1544 686 1731 723 exercitus.
1747 687 1831 724 Haec
1845 697 1877 725 et
1890 688 2020 725 similia
2035 703 2075 726 ac
2091 691 2205 741 magis

1223 749 1349 772 arcana
1365 737 1567 787 cogitantes,
1578 751 1655 786 quae
1670 738 1695 774 ii
1710 739 1856 789 soli,qui
1867 754 1930 776 nos
1944 753 2204 792 praeccsserunt,

1223 789 1360 839 experti
1381 798 1510 826 norunt
1526 818 1536 837 ,
1557 790 1618 826 alii
1639 789 1674 827 in
1691 790 1941 841 leetojacentes
1956 794 2129 843 resiliunt,
2147 796 2206 832 su-

1224 853 1305 890 gere
1333 841 1504 890 volentes,
1533 841 1596 878 sed
1628 841 1728 879 irrito
1760 853 1886 880 conatu
1904 860 1913 892 ,
1945 845 2005 881 3111
2037 846 2204 886 dentibus

1223 891 1386 941 strident,
1407 893 1470 931 alii
1488 907 1594 944 genas
1610 895 1827 945 percutiunt,
1840 896 1902 933 alii
1918 898 2037 935 oculos
2057 900 2205 938 misera-

1222 944 1342 982 biliter
1360 955 1513 994 versant,
1535 955 1573 982 ut
1598 946 1720 984 vident
1740 949 1897 999 corporis
1920 950 2012 987 vires
2033 952 2205 1002 paulatim

1222 996 1384 1046 deficere,
1412 998 1574 1047 linguam
1600 998 1800 1048 loquentem
1818 1010 1851 1037 et
1880 1001 2080 1052 depositum
2098 1018 2202 1042 suum

1222 1049 1372 1086 firmiter
1391 1051 1598 1086 retinentem
1615 1065 1625 1099 3
1645 1054 1838 1089 contrarias
1855 1063 2039 1103 potestates
2058 1055 2204 1094 adstan-

1222 1109 1285 1147 tes,
1310 1102 1460 1138 rationes
1474 1111 1683 1153 repetentes,
1701 1114 1916 1153 accusantes,
1940 1120 2060 1157 rapere
2076 1122 2205 1146 conan-

1222 1161 1273 1190 tes
1288 1168 1295 1188 :
1313 1154 1441 1190 deinde
1460 1155 1575 1191 furem
1593 1154 1794 1200 intrantem,
1816 1157 2064 1203 declarantem,
2081 1168 2113 1196 et
2128 1162 2204 1198 ani-

1222 1219 1319 1242 mam
1331 1220 1351 1242 a
1368 1220 1515 1258 corpore
1531 1207 1567 1244 vi
1584 1207 1857 1247 abstrahentem.
1879 1211 1981 1247 Tunc
1996 1212 2097 1248 nobis
2114 1214 2208 1251 mul-

1222 1258 1267 1295 tis
1297 1272 1385 1309 opus
1418 1268 1469 1296 est
1499 1260 1719 1298 orationibus
1735 1291 1744 1308 ,
1764 1262 1887 1299 multis
1920 1262 2021 1300 honis
2052 1266 2205 1311 actibus,

1222 1310 1336 1347 multo
1357 1312 1565 1362 angelorum
1582 1313 1794 1363 patrocinio,
1813 1314 1924 1351 multo
1939 1315 2045 1353 ductu
2065 1317 2100 1354 in
2115 1319 2205 1355 aeris

1221 1376 1379 1400 ascensu.
1402 1365 1493 1400 Nam
1515 1365 1545 1401 si
1567 1378 1648 1401 011111
1670 1365 1706 1401 111
1732 1367 1954 1417 peregrinam
1974 1369 2151 1418 regionem
2172 1381 2205 1409 et

138 1417 206 1452 τῶν
227 1417 353 1467 εὐχῶν,
379 1418 516 1453 πολλῶν
543 1418 611 1453 τῶν
630 1414 788 1466 πράξεων
809 1418 876 1452 τῶν
897 1416 1048 1466 ἀγαθῶν,
1071 1417 1155 1452 πολ·
1176 1425 1200 1454 D
1222 1415 1346 1452 urbem
1366 1415 1579 1466 migramus,
1598 1430 1741 1467 egemus
1760 1418 1920 1468 ductore,
1942 1429 2028 1470 quot
2046 1424 2204 1472 patronis

138 1468 202 1512 λῆς
221 1472 305 1517 ἡμῖν
325 1468 403 1506 τότε
421 1471 483 1513 τῆς
503 1472 570 1505 τῶν
592 1468 748 1519 ἀγγέλων
770 1468 999 1518 προστασίας,
1023 1468 1155 1513 πολλῆς

137 1523 221 1569 ἡμῖν
246 1524 307 1566 τῆς
329 1523 363 1558 ἐν
383 1524 425 1571 τῇ
447 1525 507 1558 τοῦ
527 1520 625 1571 ἀέρος
653 1519 821 1557 ἀναὲάσει
840 1520 1086 1570 χειραγωγίας.
1110 1522 1155 1557 Εἰ

136 1573 203 1622 γὰρ
233 1575 281 1615 εἷς
298 1572 418 1624 χώραν
437 1573 496 1610 καὶ
519 1573 615 1619 ξένην
637 1574 737 1610 πόλιν
759 1574 906 1609 ἐνταῦθα
928 1572 1155 1622 πορευόμενοι

135 1625 283 1675 δεόμεθα
310 1630 368 1662 τοῦ
399 1630 712 1677 χειραγωγοῦντος,
745 1624 862 1662 πόσων
891 1628 975 1674 ἡμῖν
1004 1626 1054 1661 δεῖ
1085 1628 1153 1662 τῶν

138 1679 271 1727 βοηθῶν
291 1678 350 1714 καὶ
376 1681 602 1729 χειραγωγῶν
632 1682 691 1714 τοῦ
711 1678 883 1715 διασῶσαι
903 1677 961 1716 καὶ
982 1677 1153 1728 διαπερά-

136 1745 195 1766 σαι
215 1729 276 1773 τὰς
299 1731 409 1782 ἀρχὰς
428 1731 487 1767 καὶ
503 1730 563 1772 τὰς
585 1729 736 1773 ἐξουσίας
751 1729 809 1767 καὶ
825 1728 901 1771 τοὺς
918 1731 1154 1781 κοσμοκράτο-

138 1798 196 1834 ρας
215 1781 294 1824 τοὺς
313 1785 452 1834 ἀφανεῖς
476 1787 536 1820 τοῦ
564 1782 660 1833 ἀέρος
677 1781 813 1828 τούτου,
846 1781 900 1824 οὒς
921 1782 1068 1824 ὃιώκτας
1095 1782 1153 1819 καὶ

135 1833 288 1878 τελώνας
321 1835 379 1872 καὶ
417 1835 622 1885 φορολόγους
655 1834 815 1884 ὀνομάζει
846 1839 867 1881 ἠ
899 1834 974 1871 θεία
1007 1835 1152 1886 Γραφή,

134 1887 236 1932 Καλὴ
259 1887 336 1924 τότε
366 1888 606 1939 συνοδοιπόρος
632 1890 716 1936 ημῖν
749 1890 770 1932 ἡ
797 1886 1012 1936 ἐλεημοσύνη
1040 1888 1099 1925 καὶ
1130 1891 1151 1934 ἡ

135 1940 350 1987 συμπάθεια,
382 1940 570 1989 δυνάμεναι
599 1939 771 1981 ἀσιάντως
802 1942 895 1988 ἡμᾶς
921 1941 968 1983 εἷς
996 1939 1058 1986 τὴν
1083 1943 1151 1978 τῶν

133 1993 284 2042 οὐρανῶν
310 1991 420 2038 πύλην
447 1993 617 2043 ὁδηγῆσαι
645 1992 704 2028 καὶ
731 1992 922 2029 διασῶσαι·
949 1993 1048 2030 καλοὶ
1068 1995 1152 2042 ἡμῖν

135 2044 206 2081 ἐκεῖ
232 2044 414 2095 συνήγοροι
433 2048 463 2082 οἱ
489 2044 634 2090 πένητες
647 2073 656 2089 ,
681 2043 737 2086 οὓς
759 2046 904 2081 ἐνταῦθα
923 2044 989 2096 πρὸ
1006 2044 1152 2082 θανάτου

134 2096 348 2146 ἦλεήσαμεν.
378 2097 441 2134 Διὸ
468 2097 726 2149 προφθάσωμεν
756 2096 900 2146 προτοῦ
919 2099 1150 2148 προφθασθῶ-

135 2164 211 2198 μεν,
235 2149 424 2200 δράμωμεν
436 2149 504 2200 πρὸ
520 2153 578 2186 τοῧ
595 2151 885 2200 καταληφθῶμεν.
917 2148 961 2186 ‘O
979 2149 1049 2199 βίος
1068 2152 1150 2201 βρα-

133 2201 217 2252 χὺς,
237 2205 257 2247 ἦ
279 2202 313 2239 δὲ
334 2202 440 2253 τέχνη
464 2202 599 2252 μακρὰ,
617 2201 655 2238 τὸ
680 2202 777 2243 τέλος
793 2201 890 2253 ἐγγὺς
907 2229 916 2245 ,
936 2202 996 2238 καὶ
1011 2205 1028 2239 ὃ
1049 2202 1151 2253 φόίος

132 2246 259 2300 πολὺς,
278 2254 338 2291 καὶ
353 2257 369 2291 ὁ
386 2253 475 2291 λύων
493 2253 612 2296 οὐδείς.
633 2253 848 2303 Ἐξέλθωμεν
866 2257 898 2292 ἐν
914 2257 963 2304 τῷ
980 2255 1149 2304 μνήματι,

133 2305 197 2347 ἕως
225 2305 328 2354 ἐσμὲν
354 2308 389 2343 ἐν
409 2309 459 2358 τῷ
484 2306 644 2356 σώματι·
665 2306 792 2356 ἴδωμεν
818 2305 1032 2356 τομάταιον
1048 2311 1148 2356 ἡμῶν

133 2357 315 2410 φρόνημα,
337 2363 403 2396 ποῦ’
423 2360 497 2410 ἔχει
519 2360 558 2397 τὸ
576 2358 726 2409 οἴκημα·
747 2358 873 2408 ἴδωμεν
892 2359 926 2396 τί
944 2361 1019 2409 μετ’
1036 2359 1150 2409 ὀλίγον

132 2410 297 2462 γινόμεθα
313 2438 322 2455 ,
350 2411 410 2449 καὶ
434 2412 481 2462 μὴ
508 2411 721 2461 πλανώμεθα
736 2427 743 2434 ·
763 2410 892 2460 ἴδωμεν
912 2414 984 2454 πῶς
1006 2412 1149 2450 διαλυό-

134 2467 222 2513 μεθα
237 2493 247 2509 ,
271 2463 330 2500 καὶ
348 2463 487 2506 ἑαυτοὺς
508 2464 778 2514 διορθωσώμεθα
792 2479 799 2486 ·
817 2464 944 2513 ἴδωμεν
968 2465 1014 2506 εἷς
1029 2465 1062 2500 τί
1079 2480 1148 2501 κα-

132 2515 340 2565 ταλήγομεν,
361 2516 421 2553 καὶ
449 2520 507 2552 τοῦ
536 2518 654 2559 τέλους
683 2514 933 2568 φροντίσωμεν.
973 2515 1078 2555 εὈσοι
1104 2516 1149 2553 τὰ

132 2568 245 2612 κάλλη
268 2574 520 2605 κατασκοπεῖτε
536 2596 545 2613 ,
568 2570 602 2605 ἐν
631 2570 680 2619 τῷ
703 2568 802 2620 τάφῳ
827 2572 938 2604 ταῦτα
968 2569 1148 2620 πολυπρα-

132 2624 289 2671 γμονεῖτε
305 2634 312 2641 ·
334 2620 409 2657 ὅσοι
429 2622 475 2662 εἷς
502 2619 613 2670 ἀρχὰς
629 2620 689 2657 καὶ
708 2619 861 2662 ἐξουσίας
880 2619 1083 2670 ἐπαίρεσθε,
1113 2622 1146 2658 ἐν

131 2679 206 2716 ταῖς
224 2678 336 2724 σοροῖς
359 2672 574 2724 ε’μὸλέψατε,
596 2672 655 2709 καὶ
673 2671 729 2708 τὸν
749 2672 844 2710 Θεὸν,
860 2672 1053 2722 φοὸήθητε·
1075 2671 1147 2709 ὅσοι

131 2725 243 2767 λύπας
258 2725 316 2761 καὶ
335 2724 566 2774 μνησικακίας
587 2724 671 2774 πρὸς
691 2723 861 2769 ἀλλήλους
878 2723 1043 2774 συνάγετε
1056 2754 1066 2770 ,
1088 2725 1148 2761 καὶ

131 2779 169 2814 οὐ
192 2777 371 2815 διαλύεσθε
386 2807 395 2824 ,
420 2778 514 2815 δεῦτε
528 2808 537 2823 ,
558 2777 647 2814 ἴδετε
665 2780 738 2818 πῶς
760 2775 948 2815 διαλύεσθε.
969 2776 1146 2828 ’Έγκυψον

131 2831 306 2879 ἐπιμελῶς
323 2833 364 2881 τῇ
381 2833 471 2882 σορῷ
488 2845 495 2852 ·
516 2830 567 2867 ἴδε
586 2830 763 2879 κειμένους
787 2830 857 2867 ἐκεῖ
876 2827 952 2870 τούς
973 2844 1056 2866 ποτε
1078 2831 1147 2880 ,βα-

131 2884 237 2925 σιλεῖς
250 2912 259 2928 ,
278 2882 328 2918 ἴδε
354 2882 430 2925 τούς
449 2898 530 2920 ποτε
551 2882 721 2935 ἄρχοντας
739 2884 772 2919 ἐν
788 2887 858 2923 τοῖς
876 2881 1068 2946 )1ε1·,’1άνΙοις,
1098 2881 1147 2918 ἴδε

1221 1467 1471 1505 etductoribus
1480 1482 1569 1520 opus
1584 1468 1767 1518 habemus,
1779 1471 1839 1520 qui
1856 1485 1918 1508 nos
1935 1483 2074 1510 servent
2092 1484 2202 1513 trans-

1221 1528 1341 1556 euntes
1354 1534 1416 1571 per
1430 1519 1649 1572 principatus
1663 1531 1695 1558 et
1707 1532 1894 1573 potestates
1908 1533 1940 1561 et
1955 1525 2079 1563 mundi
2091 1537 2202 1565 recto-

1221 1585 1276 1608 res
1307 1571 1504 1610 invisibiles
1524 1573 1631 1624 hujus
1663 1574 1775 1623 aeris,
1795 1590 1883 1625 quos
1917 1589 2199 1628 persequutores,

1221 1624 1432 1675 publicanos
1454 1634 1487 1662 et
1513 1635 1692 1664 exactores
1718 1637 1821 1665 vocat
1847 1628 1969 1666 divina
1991 1630 2201 1683 Scriptura?

1223 1678 1326 1714 Tunc
1351 1678 1482 1728 optima
1510 1677 1611 1715 nobis
1638 1679 1706 1716 viae
1731 1680 1823 1717 socia
1849 1690 1898 1718 est
1924 1682 2144 1736 eleemosyna
2168 1695 2202 1724 et

1223 1729 1493 1777 commiseratio,
1507 1745 1584 1780 quae
1598 1745 1660 1768 nos
1676 1733 1810 1783 possint
1822 1733 1897 1771 sine
1911 1734 2040 1772 damno
2060 1736 2104 1774 ad
2122 1752 2202 1789 por-

1222 1790 1295 1818 tam
1315 1782 1483 1819 caelorum
1502 1783 1693 1834 perducere
1712 1794 1744 1821 et
1757 1799 1896 1823 servare
1911 1787 1977 1824 :ihi
1991 1788 2091 1826 nobis
2109 1792 2202 1841 opti-

1224 1834 1273 1870 mi
1292 1835 1432 1886 patroni
1459 1844 1540 1872 sunt
1556 1850 1741 1887 pauperes,
1760 1852 1910 1887 quorum
1930 1840 1988 1877 hic
2010 1850 2090 1879 ante
2109 1857 2201 1880 mor-

1222 1895 1291 1924 tem
1311 1887 1445 1925 miserti
1464 1902 1599 1925 sumuS.
1622 1888 1706 1926 Ideo
1727 1891 1988 1940 praeveniamus
2014 1903 2201 1945 antequam

1220 1940 1483 1990 praeveniamur
1497 1956 1505 1987 ,
1521 1954 1704 1978 curramus
1715 1952 1903 1993 antequam
1928 1947 2202 1997 comprehenda-

1221 2005 1302 2028 mur
1317 2007 1325 2028 ι
1339 1993 1411 2030 vita
1428 1993 1546 2032 brevis
1563 2003 1628 2041 est,
1649 2008 1704 2031 ars
1723 1995 1839 2045 longa,
1856 1997 1936 2034 finis
1948 1998 2145 2049 proximuS,
2159 2002 2202 2038 ti-

1221 2058 1299 2081 mor
1318 2059 1478 2096 magnus,
1499 2054 1532 2082 et
1554 2060 1654 2083 nemo
1673 2048 1733 2096 qui
1753 2048 1878 2086 solvat.
1900 2050 2136 2100 Egrediamur
2155 2054 2202 2091 ad

1221 2097 1443 2148 sepulcrum,
1464 2097 1575 2135 donec
1597 2113 1718 2135 sumus
1744 2100 1780 2136 in
1809 2115 1980 2153 corpore3
2016 2104 2200 2143 videamus

1219 2163 1351 2187 vanum
1381 2165 1522 2188 sensum
1549 2161 1720 2198 nostrum,
1740 2167 1847 2202 quam
1877 2155 2003 2192 habeat
2028 2156 2199 2207 (1011111111,

1219 2201 1401 2240 videamus
1420 2202 1506 2253 quid
1528 2204 1634 2254 paulo
1649 2214 1728 2254 post
1747 2205 1890 2254 erimus,
1909 2216 1942 2244 et
1961 2222 2004 2245 110
2019 2223 2198 2260 0110111115,

1174 2249 1198 2285 E
1221 2254 1403 2292 videamus
1424 2257 1601 2305 quomodo
1621 2256 1871 2307 dissolvamur,
1894 2268 1927 2296 et
1949 2274 2011 2297 1105
2037 2263 2200 2300 emende-

1218 2321 1297 2344 mus
1308 2323 1317 2355 ,
1328 2307 1513 2344 videamus
1525 2308 1559 2345 in
1572 2308 1655 2358 quid
1672 2308 1887 2358 desinamus,
1896 2312 1983 2349 etde
1999 2314 2068 2351 fine
2081 2325 2199 2353 nostro

1219 2359 1362 2396 solliciti
1394 2360 1517 2397 simus.
1541 2362 1725 2410 Quotquot
1760 2363 1890 2400 formas
1922 2366 2143 2417 conspicitis,
2163 2370 2200 2406 in

1217 2413 1379 2463 sepulcro
1398 2427 1454 2450 eas
1468 2414 1606 2450 curiose
1623 2414 1848 2455 intueamini:
1863 2427 2036 2468 quotquot
2051 2419 2201 2472 (10111111-

1218 2465 1334 2516 cipatn
1354 2474 1386 2502 et
1402 2474 1569 2517 potestate
1586 2481 1647 2503 vos
1666 2467 1849 2515 extollitis,
1866 2469 1901 2505 in
1917 2469 2042 2509 loculis
2056 2474 2199 2524 respici-

1217 2525 1263 2565 te,
1286 2519 1441 2555 etDeum
1465 2517 1581 2554 timete
1599 2533 1606 2553 :
1628 2527 1800 2568 quotquot
1819 2520 2032 2571 injuriarum
2051 2534 2083 2561 et
2102 2526 2199 2563 rixa-

1216 2583 1297 2605 rum
1317 2570 1523 2607 memoriam
1545 2579 1669 2606 mutuo
1687 2572 1834 2608 servatis
1859 2586 1921 2609 nec
1941 2589 2017 2611 eam
2030 2576 2195 2615 dissolvi-

1217 2620 1411 2669 tis,venite,
1422 2621 1538 2658 videte
1552 2621 1728 2670 quomodo
1739 2623 1816 2659 illas
1831 2623 2046 2664 dissolvatis.
2058 2632 2198 2667 Attente

1215 2673 1349 2723 respice
1381 2673 1415 2710 in
1442 2673 1612 2712 feretrum
1631 2689 1638 2709 τ
1670 2673 1754 2711 vide
1777 2675 1932 2726 jacentes
1964 2678 2013 2715 ibi
2045 2694 2114 2728 eos,
2135 2683 2197 2731 qui

1218 2725 1304 2761 olim
1333 2738 1431 2775 reges
1451 2734 1562 2772 erant,
1584 2725 1666 2763 vide
1684 2727 1862 2779 principes
1883 2729 1918 2766 in
1940 2730 2089 2781 loculis,
2111 2734 2196 2772 vide

1217 2777 1434 2814 horrendum
1450 2778 1681 2828 reliquiarum
1696 2782 1946 2830 spectaculum,
1962 2792 1993 2820 et
2008 2783 2066 2821 dic
2086 2786 2195 2831 :Quis

1216 2829 1292 2866 illic
1308 2830 1472 2880 rex,qnis
1489 2831 1666 2882 princeps,
1687 2832 1767 2881 quis
1786 2834 1898 2879 miles,
1914 2836 1992 2885 quis
2007 2836 2081 2874 dux
2095 2852 2195 2876 exer-

1216 2882 1321 2929 citus,
1339 2884 1417 2933 quis
1438 2882 1552 2931 dives,
1574 2883 1654 2933 quis
1672 2899 1821 2936 pauper,
1843 2887 1922 2937 quis
1938 2888 2092 2939 juvenis,
2115 2892 2194 2940 quis

128 2934 191 2982 τὴν
212 2934 361 2984 ωοθερὰν
382 2935 526 2986 θεωρίαν
546 2938 613 2972 τῶν
639 2933 823 2985 λειψάνων,
849 2933 908 2970 καὶ
927 2949 1002 2970 ειπε
1015 2949 1022 2956 ·
1051 2939 1147 2976 ποῖος
1158 2958 1203 2982 811
1216 2949 1335 2979 senex,
1359 2935 1437 2984 quis
1456 2938 1650 2985 formosus,
1671 2937 1750 2986 quis
1767 2938 1954 2991 AEtliiops'?
1974 2942 2069 2980 Num
2098 2953 2194 2994 potes

130 2974 237 3025 ἐκεῖθ
259 2971 418 3038 {raucitate
432 3018 441 3034 ,
474 2988 533 3025 καὶ
562 2994 657 3029 ποῖος
675 2990 692 3024 ὁ
713 2987 852 3037 ἄρχων,
881 2990 976 3028 ποῖος
995 2988 1011 3022 ὅ
1037 3002 1145 3038 στρα-
1168 2996 1194 3024 Α
1215 2987 1346 3035 dicere,
1370 2988 1446 3024 haec
1468 2988 1584 3025 omnia
1605 3003 1674 3026 non
1694 3004 1766 3027 esse
1785 2991 1949 3040 cinerem,
1974 3008 2040 3031 non
2061 2996 2193 3046 pulve-

129 3039 277 3086 τιώτης,
297 3040 356 3077 καὶ
375 3046 471 3083 ποῖος
493 3043 510 3077 ὁ
531 3040 788 3092 στρατιάρχης,
808 3045 904 3081 ποῖος
923 3041 939 3075 ὁ
960 3038 1144 3086 πλούσιος,

131 3092 190 3129 καὶ
218 3098 312 3136 ποῖος
327 3095 345 3129 ὁ
366 3092 471 3138 πένης
486 3109 495 3138 ,
515 3098 610 3135 ποῖος
628 3095 645 3129 ὁ
659 3092 822 3142 νεώτερος
835 3121 844 3136 ,
864 3090 922 3127 καὶ
938 3096 1033 3133 ποῖος
1049 3095 1066 3128 ὃ
1081 3091 1144 3141 γε’-

133 3158 200 3195 ρων
218 3160 226 3189 ,
255 3151 350 3186 ποῖος
377 3148 395 3181 ὃ
417 3145 568 3190 εὐειδὴς,
588 3145 648 3181 καὶ
663 3150 759 3186 ποῖος
783 3146 800 3180 ὁ
815 3143 957 3191 Αἰθίοψ,
978 3143 1038 3189 Μὴ
1055 3143 1145 3195 ἔχεις

131 3199 250 3241 εἰπεῖν,
269 3195 324 3233 ὅτι
338 3197 375 3233 οὐ
392 3196 505 3233 πάντα
519 3196 629 3243 κόνις,
648 3200 685 3234 οὗ
700 3196 815 3234 πάντα
831 3196 960 3246 τέφρα,
976 3197 1012 3232 οὐ
1031 3197 1145 3233 πάντα

132 3248 296 3295 δυσωδία,
317 3250 355 3285 οὐ
373 3249 488 3286 πάντα
503 3248 547 3286 τὰ
561 3248 644 3286 ποτὲ
662 3248 806 3300 φιλητὰ,
829 3253 884 3286 νῦν
902 3250 1049 3298 ὁρῶνται
1063 3249 1143 3298 βδε-

130 3300 264 3345 λυκτά,
302 3298 354 3337 Ὦ
395 3304 456 3346 τῆς
493 3300 698 3351 ἀφροσύνης.
747 3300 794 3338 Τί
833 3305 932 3338 τοῦτο
971 3301 1010 3338 τὸ
1055 3300 1144 3350 μέγα

131 3353 210 3403 περὶ
247 3353 307 3401 ἐμὲ
353 3353 557 3403 μυστήριον,
606 3352 650 3391 ‘O
681 3352 761 3404 χθές
793 3367 851 3402 μοι
883 3353 1052 3399 ποθητὸς,
1087 3357 1144 3390 νῦν

132 3405 311 3455 πρόκειταί
346 3421 402 3454 μοι
435 3404 632 3455 βδελυκτός·
666 3406 704 3442 τὸ
735 3405 815 3455 χθές
850 3420 908 3454 μοι
938 3406 1062 3454 μέλος,
1087 3408 1145 3441 νῦν

1214 3054 1303 3088 rem,
1327 3054 1395 3077 non
1411 3041 1567 3077 foetorem
1581 3041 1597 3078 Ξ)
1610 3055 1724 3079 annon
1739 3044 1857 3081 omnia
1869 3060 1946 3095 quae
1960 3046 2044 3083 olim
2059 3049 2193 3086 amabi-

1214 3092 1276 3139 lia,
1298 3106 1392 3129 nune
1409 3092 1584 3130 horrenda
1603 3093 1799 3133 Videntur?
1817 3098 1847 3134 O
1867 3098 2073 3139 stultitiam!
2091 3102 2192 3148 Quid

1214 3145 1281 3181 hoc
1297 3158 1466 3195 magnum
1486 3145 1576 3183 circa
1591 3160 1647 3183 me
1668 3149 1904 3199 mysterium?
1924 3151 1994 3197 Qui
2010 3152 2085 3189 heri
2102 3154 2193 3192 mihi

1215 3197 1377 3234 amabilis
1404 3206 1493 3245 erat,
1521 3212 1613 3235 nunc
1627 3199 1722 3250 jacet
1745 3201 1967 3240 horrendus:
1994 3205 2091 3254 quod
2116 3206 2191 3245 heri

1216 3249 1304 3286 mihi
1333 3263 1396 3286 ceu
1424 3250 1622 3288 membrum
1651 3262 1738 3302 erat,
1762 3267 1854 3292 nune
1879 3255 2032 3294 alienum
2057 3258 2188 3298 video:

1215 3315 1318 3351 quem
1338 3301 1445 3352 paulo
1467 3311 1546 3339 ante
1564 3303 1601 3340 in
1626 3304 1720 3342 ulnis
1739 3308 2010 3358 complectebar,
2031 3324 2124 3348 nunc
2151 3327 2194 3350 ne

1216 3362 1359 3404 tangere
1390 3353 1533 3403 quidem
1559 3355 1693 3393 velim:
1719 3357 1821 3396 illum
1851 3360 2019 3411 lacrymis
2050 3363 2127 3414 rigo
2155 3375 2192 3402 ut

1217 3420 1352 3451 meum,
1380 3415 1412 3444 et
1432 3407 1562 3444 saniem
1582 3408 1656 3459 ejus
1676 3411 1775 3459 quasi
1795 3411 1899 3450 alieni
1922 3414 2020 3465 fugio
2040 3430 2046 3451 τ
2063 3416 2107 3453 ad
2123 3417 2190 3454 fte-
