2466 3805
659 291 700 320 IN
740 290 857 320 ACTA
900 288 1242 319 APOSTOLORUM.

61 387 149 423 μενα
180 371 376 410 τούναντίον
409 371 558 410 ἐδείκνυ
579 375 664 417 ΟἷΟν,
689 370 778 421 μετα
808 387 847 408 ‘to
878 371 987 407 ἐλθεῖν
1017 385 1079 407 Ουκ

60 437 131 484 εἶχε

59 495 102 544 τῆ
131 492 259 531 πίστει.
277 490 294 512 ¹³
319 494 442 530 Ταυτα
456 491 497 539 δὴ
513 507 758 535 κατανοουντες
776 491 835 529 καὶ
851 495 973 542 ἡμεῖς,
991 490 1080 542 ἅπερ

179 448 255 483 [HJ-d
274 448 394 477 πΟΟΟς,
416 432 526 470 παῖΟα
542 448 602 469 Ουκ
631 436 736 482 Εἷχὶν,
757 431 844 482 ἅπερ
871 429 1009 469 ἐναντία
1037 433 1078 476 ἦν

60 569 99 591 αν
123 552 412 603 ἐπαγγελληται
400 570 417 590 ο
436 553 541 600 Θεὸς,
552 552 754 605 δεχώμεθα,
774 551 838 590 κᾶν
855 568 921 590 που
944 550 1081 589 ἐναντία

60 618 82 666 ᾐ
107 614 151 653 τὰ
168 613 357 665 γινόμενα·

61 674 151 713 ἀλλὰ
167 691 226 712 και
253 675 385 751 σφόδρα
404 676 590 713 ἀκόλουθα.
609 673 718 712 ’Ένθα
746 673 809 724 μὲν
838 672 905 724 γὰρ
935 672 974 709 ἂν
995 674 1080 709 ὠσιν

388 614 502 652 ΧαίτΟῑ
532 630 572 666 Ξφ
576 616 700 664 ἡμων
731 615 792 651 Οὔκ
811 613 904 651 ἔστιν
924 610 1080 659 ἐναντία,

60 735 286 788 υποσχέσεις,
306 736 386 774 ὅταν
408 736 453 774 τὰ
472 736 610 774 ἐναντία
642 735 806 786 γένηται,
826 733 965 771 ἐναντία
987 731 1080 769 ἐστὶν

62 796 185 840 ὄντως·
212 797 265 849 ἐφ’
283 801 384 848 ἡμων
406 796 442 834 δὲ
460 796 678 835 τούναντίον·
708 797 853 832 ἐνταῦθα
877 793 938 844 μὲν
967 794 1081 843 θλῖψιν

62 861 170 905 εἶπεν,
187 859 257 895 ἐκεῖ
276 857 311 895 δὲ
333 857 459 895 ἄνεσιν.
472 857 519 895 Τί
546 871 737 907 συγχεομεν
765 870 842 896 τους
868 851 1022 905 καιρούς,
1047 851 1082 888 τί

61 917 106 956 τὰ
126 934 196 956 ανω
217 918 313 956 κάτω
334 932 520 968 ποιουμεν,
537 916 672 967 Θλίὸῃ,
691 914 766 953 εἶπέ
786 930 868 964 μοι,
885 913 937 950 ὅτι
961 914 993 949 ἐν
1013 928 1081 949 πε-

62 979 119 1031 νίᾳ
142 979 290 1030 διάγεις,
314 979 373 1017 καὶ
400 977 526 1030 θορυὸῇ
547 976 603 1014 διὰ
618 980 740 1021 τοῦτο,
758 974 819 1020 Μὴ
841 973 985 1024 θορυὸοῧ
999 986 1006 995 ·
1025 975 1081 1010 θο-

66 1040 167 1092 poem
185 1040 251 1092 γὰρ
272 1039 376 1085 ἄξιον,
391 1041 422 1076 εἷ
441 1040 510 1075 ἐκεῖ
528 1037 667 1088 μέλλοις
687 1035 883 1073 θλίὸεσθαι·
902 1032 989 1080 αὕτη
1014 1031 1082 1084 γὰρ

64 1104 85 1146 ἦ
107 1102 239 1152 θλῖψις,
270 1099 416 1140 ἀνέσεως
445 1097 550 1135 αἰτία.
579 1095 625 1133 ‘H
649 1095 807 1134 ἀσθένεια
828 1093 915 1141 αὕτη
932 1124 940 1140 ,
965 1093 1082 1146 φησὶν,

63 1163 124 1201 οὐκ
142 1160 216 1197 ἔστι
240 1158 324 1210 πρὸς
355 1158 515 1195 θάνατον.
542 1155 684 1202 Ἐκείνη
712 1159 734 1202 ἡ
765 1158 896 1207 θλῖψις,
919 1155 1081 1197 κόλασις·

63 1220 168 1265 αὕτη,
185 1218 327 1256 παιδεία
359 1218 417 1255 καὶ
451 1217 644 1269 διόρθωσις.
664 1215 771 1267 Ἀγών
794 1219 885 1254 ἐστιν
914 1218 932 1253 ὁ
961 1214 1081 1268 παρὼν

62 1279 200 1332 καιρός·
222 1280 342 1316 οὐκοῦν
375 1281 434 1315 τοῦ
467 1277 651 1315 πυκτεύειν
676 1276 799 1329 χρεία·
829 1275 980 1327 πόλεμός
1011 1279 1084 1314 ἐστι

61 1340 121 1379 καὶ
143 1339 255 1391 μάχη.
276 1338 399 1381 Οὐδεὶς
428 1341 461 1376 ἐν
484 1337 628 1390 πολέμῳ
648 1340 743 1385 ζητεῖ
771 1337 901 1385 ἄνεσιν,
921 1337 1029 1381 οὐδεὶς
1049 1339 1083 1376 ἓν

62 1400 205 1453 πολέμῳ
233 1403 326 1447 ζητεῖ
351 1399 496 1451 τρυφὴν,
515 1399 622 1443 οὐδεὶς
651 1399 738 1451 ὑπὲρ
764 1398 958 1452 χρημάτων
987 1414 1083 1450 μερι-

64 1468 154 1514 μνᾷ,
172 1460 257 1513 ὑπὲρ
273 1460 434 1512 γυναικὸς
461 1459 569 1503 οὐδεὶς
595 1460 784 1512 φροντίζει,
802 1462 878 1498 ἀλλ’
896 1463 943 1504 εἷς
964 1459 998 1497 ἓν
1019 1464 1083 1512 ὁρᾷ

62 1522 180 1573 μόνον,
207 1521 299 1565 ὅπως
325 1519 540 1573 περιγένοιτο
566 1524 634 1559 τῶν
669 1523 815 1572 ἐχθρῶν.
851 1525 865 1542 ‘²
881 1523 995 1559 Τοῦτο
1025 1522 1084 1558 καὶ

63 1586 164 1633 ἡμεῖς
177 1584 331 1632 ποιῶμεν
346 1597 354 1605 ·
369 1581 427 1620 καὶ
439 1580 479 1618 ἂν
494 1580 756 1634 περιγενώμεθα
766 1582 826 1620 καὶ
840 1581 1083 1632 ἐπανέλθωμεν

63 1642 152 1694 μετὰ
167 1642 356 1695 τροπαίων,
366 1642 482 1681 πάντα
495 1646 579 1693 ἡμῖν
594 1643 710 1686 ὃΘεὸς
725 1641 839 1681 δώσει.
853 1644 966 1682 Τοῦτο
983 1643 1085 1694 μόνον

60 1707 144 1755 ἡμῖν
168 1704 428 1750 σπουδαζέσθω,
458 1707 532 1748 πῶς
553 1703 815 1756 περιγενώμεθα
830 1707 889 1742 τοῦ
908 1705 1086 1743 διαέόλου·

62 1765 192 1816 μᾶλλον
225 1763 261 1803 δὲ
294 1766 331 1802 οὗ
369 1767 431 1810 τῆς
462 1764 636 1816 ἡμετέρας
667 1765 708 1803 τὸ
734 1771 883 1817 πρᾶγμα
916 1766 1086 1812 σπουδῆς,

62 1824 152 1863 ἀλλὰ
173 1827 235 1870 τῆς
263 1829 322 1863 τοῦ
337 1826 429 1863 Θεοῦ
458 1825 601 1878 χάριτός
622 1827 695 1863 ἐστι
726 1825 765 1863 τὸ
790 1834 872 1864 πᾶν.
902 1825 968 1864 εῈν
1001 1829 1086 1877 ἡμῖν

61 1885 304 1929 σπουδαζέσθω
317 1916 326 1934 ,
346 1884 441 1930 ὅπως
461 1884 742 1937 ἐπισπασώμεθα
762 1887 866 1925 αὐτοῦ
886 1886 949 1932 τὴν
971 1887 1087 1939 χάριν,

60 1948 153 1989 ὅπως
176 1946 377 1997 ἑλκύσωμεν
395 1946 481 1998 πρὸς
505 1945 647 1989 ἑαυτοὺς
666 1945 729 1992 τὴν
751 1946 858 1998 ῥοπὴν
880 1947 1026 1994 ἐκείνην.
1043 1949 1088 1985 Εἰ

60 2010 79 2046 ὃ
96 2007 185 2050 Θεὸς
204 2006 290 2058 ὑπὲρ
311 2009 425 2057 ὴμῶν,
440 2007 492 2051 τίς
511 2009 587 2044 καθ’
615 2010 728 2058 ἡμῶν,
752 2008 878 2059 φησίνς
895 2008 962 2046 nEia
984 2008 1086 2059 μόνον

62 2066 325 2116 σπουδάζωμεν,
352 2065 446 2110 ὅπως
468 2060 563 2108 οὗτος
590 2069 673 2116 ἡμῖν
698 2065 746 2117 μὴ
779 2066 898 2119 ἐχθρὸς
921 2067 1085 2119 γένηται,

60 2126 155 2170 ὅπως
174 2130 267 2177 ἡμᾶς
287 2126 336 2177 μὴ
359 2129 580 2179 ἀποστραφῇ.

115 2258 168 2294 Οὐ
183 2257 222 2295 τὸ
241 2256 419 2294 θλίὸεσθαι
434 2256 553 2305 κακὸν,
571 2256 661 2295 ἀλλὰ
677 2257 716 2296 τὸ
731 2257 943 2311 ἁμαρτάνειν
964 2258 1084 2297 κακόν.

1281 288 1432 318 HOMtL.
1474 288 1550 318 XV.

2048 274 2132 331 143

1151 377 1185 405 et
1212 368 1321 406 fidem
1348 368 1501 406 ostendit
1519 366 1705 418 :quamvis
1724 380 1783 416 ea,
1804 380 1881 417 quae
1907 367 1999 405 faeta
2019 377 2132 418 crant,

1151 429 1367 466 contrarium
1387 437 1622 466 monstrarent
1639 443 1646 464 ε
1665 441 1790 479 nempe
1810 427 2000 477 quodcum
2019 428 2137 466 venis-

1150 499 1215 540 set,
1237 505 1280 528 ne
1310 491 1503 542 vestigium
1536 488 1682 539 quidem
1709 488 1809 541 pedis
1839 503 1945 526 suum
1971 489 2116 526 haberet
2125 518 2136 538 ,

1150 564 1262 601 neque
1281 552 1415 600 filium,
1443 566 1521 601 quae
1544 550 1628 588 fidei
1653 550 1829 588 contraria
1846 559 1956 588 erant.
1970 550 2055 588 Haec
2074 564 2137 588 nos

1151 625 1289 662 quoque
1315 612 1588 659 considerantes,
1613 626 1690 662 quae
1720 613 1817 649 Deus
1835 611 2052 663 promiserit,
2073 611 2139 648 ad-

1151 673 1352 722 mittamus,
1380 672 1516 709 etiamsi
1551 672 1725 709 contraria
1756 673 1935 711 evenerint
1950 688 1958 708 :
1973 673 2140 723 quamvis

1152 732 1249 782 apud
1266 746 1328 769 nos
1349 731 1523 769 contraria
1543 745 1612 768 non
1632 732 1712 779 sint,
1730 732 1791 769 sed
1805 732 1909 771 valde
1923 747 2139 784 consequen-

1151 791 1212 829 tia.
1231 792 1305 830 Ubi
1324 792 1418 829 enim
1436 792 1685 843 promissiones
1705 801 1799 840 sunt,
1814 793 1843 830 si
1863 793 2036 831 contraria
2057 808 2139 833 eve·

1151 853 1265 902 niant,
1287 853 1348 890 illa
1368 867 1449 891 vere
1478 853 1654 890 contraria
1681 863 1784 902 sunt,
1806 854 1904 905 apud
1932 869 1994 892 nos
2020 865 2140 893 autem

1151 925 1279 949 secus:
1299 926 1381 949 nam
1413 912 1474 948 hic
1500 911 1647 962 quidem
1677 912 1906 949 afflictionem
1931 913 2040 963 dixit,
2066 915 2141 952 illic

1151 973 1322 1024 requiem.
1353 974 1426 1011 Cur
1458 973 1708 1011 confundimus
1737 975 1922 1026 tempora?
1941 989 2003 1012 cur
2022 976 2141 1014 omnia

1153 1047 1213 1071 sus
1240 1034 1354 1085 deque
1375 1034 1577 1072 vertimus?
1598 1035 1766 1085 Angeris,
1796 1035 1855 1072 dic
1874 1035 1979 1085 mihi,
2003 1036 2087 1086 quia
2104 1036 2140 1074 in

1152 1104 1358 1147 paupertate
1389 1095 1499 1145 vivis,
1521 1103 1555 1132 ct
1584 1095 1664 1133 ideo
1692 1095 1875 1133 turbaris?
1891 1096 1943 1133 Ne
1965 1096 2140 1134 turberis:

1152 1156 1239 1194 Jure
1267 1156 1482 1205 turbareris,
1505 1156 1534 1194 si
1565 1156 1640 1194 illic
1669 1156 1852 1194 tribulatio
1880 1157 2000 1195 futura
2029 1167 2141 1196 esset:

1152 1216 1230 1268 ipsa
1248 1217 1344 1254 enim
1368 1217 1552 1255 tribulatio
1568 1217 1697 1268 quietis
1716 1227 1766 1255 est
1787 1232 1905 1256 causa.
1923 1219 2141 1270 Infirmitas
2155 1235 2247 1262 Joan.
2273 1242 2283 1262 1
2296 1243 2320 1263 ι,

1153 1277 1283 1327 inquit,
1302 1279 1384 1315 lzoec
1405 1292 1482 1315 non
1501 1287 1556 1316 est
1593 1280 1647 1316 ad
1665 1288 1839 1317 mortem.
1868 1279 1934 1316 Illa
1955 1279 2141 1317 tribulatio
2155 1274 2186 1314 4·

1153 1348 1203 1376 est
1222 1339 1385 1391 punitio,
1408 1339 1484 1377 haee
1505 1349 1646 1389 autem,
1673 1340 1848 1378 institutio
1872 1350 1904 1378 et
1924 1341 2138 1379 emendatio.

1153 1401 1339 1438 Certamen
1371 1409 1422 1438 est
1445 1415 1596 1453 praesens
1625 1410 1765 1453 tempus
1781 1418 1788 1438 :
1804 1416 1887 1453 ergo
1909 1402 2074 1454 pugilatu
2093 1411 2145 1440 est

1154 1476 1261 1514 opus:
1275 1461 1411 1499 bellum
1427 1471 1460 1499 et
1474 1476 1595 1514 pugna
1616 1471 1678 1500 est.
1694 1463 1807 1500 Nemo
1824 1462 1859 1500 in
1875 1463 1969 1500 110110
1986 1463 2144 1514 requiem
2218 1478 2346 1506 praesens

1153 1523 1296 1573 quaelit,
1314 1536 1417 1560 nemo
1433 1522 1469 1560 in
1496 1523 1590 1561 110110
1612 1523 1737 1574 quaerit
1755 1523 1991 1575 voluptatem,
2017 1538 2080 1561 nec
2099 1523 2144 1562 de
2158 1520 2214 1547 Vim
2251 1525 2347 1547 effla·

1155 1583 1294 1621 divitiis
1309 1583 1484 1622 sollicitus
1500 1593 1564 1633 est,
1581 1598 1646 1623 nec
1662 1584 1705 1622 de
1720 1599 1851 1634 11Χο10;
1864 1585 1926 1622 sed
1945 1599 2055 1622 unum
2069 1594 2145 1622 tan-
2159 1571 2225 1589 men
2252 1566 2306 1589 est

1157 1654 1233 1683 tum
1249 1655 1394 1697 spectat,
1410 1614 1589 1697 quomodo
1601 1646 1765 1684 inimicos
1778 1657 1929 1699 superet.
1944 1647 2021 1685 Hoc
2035 1656 2068 1684 et
2081 1661 2145 1685 nos

1156 1706 1328 1745 faciamus
1338 1723 1349 1757 5
1373 1722 1411 1745 ea
1430 1708 1459 1745 si
1478 1708 1683 1756 vincamus,
1704 1717 1737 1745 et
1760 1722 1842 1745 cum
1861 1709 2004 1760 tropaeis
2022 1723 2147 1747 rever—

1156 1776 1285 1815 tamur,
1302 1767 1421 1805 omnia
1442 1768 1546 1805 nobis
1561 1767 1661 1805 dabit
1680 1769 1788 1806 Deus.
1810 1768 1886 1806 Hoc
1906 1769 2021 1806 solum
2041 1783 2144 1806 cure-

1157 1842 1250 1877 mus,
1265 1828 1443 1879 quomodo
1461 1829 1649 1866 diabolum
1667 1829 1874 1867 vincamus:
1892 1829 1964 1867 imo
1978 1844 2061 1868 vero
2079 1830 2148 1867 hoc

1156 1903 1245 1941 opus
1261 1903 1331 1927 non
1354 1889 1465 1927 nostri
1486 1889 1596 1927 studii
1625 1899 1690 1938 est,
1710 1889 1772 1927 sed
1791 1890 1913 1940 gratiae
1934 1890 2003 1927 Dei
2018 1899 2146 1928 totum.

1156 1950 1280 1987 Unum
1295 1949 1396 1987 nobis
1415 1964 1508 1987 curce
1525 1950 1585 1999 sit,
1603 1959 1642 1987 ut
1658 1949 1759 1987 nobis
1778 1950 1853 2001 ejus
1869 1950 2019 2001 gratiam
2035 1959 2144 1988 attra-

1154 2008 1296 2059 hamus,
1319 2018 1359 2046 ut
1394 2009 1488 2047 illud
1508 2009 1610 2047 nobis
1636 2009 1816 2047 auxilium
1843 2010 2084 2048 conciliemus.
2105 2011 2146 2049 Si
2160 2024 2351 2054 R0m.8.31.

1154 2073 1261 2109 Deus
1284 2085 1355 2123 pro
1382 2074 1505 2118 nobis,
1532 2074 1617 2124 quis
1644 2080 1781 2109 contra
1803 2085 1871 2109 nos
1887 2076 1903 2108 Ρ
1919 2071 2047 2122 inquit.
2070 2072 2146 2109 Hoc

1152 2148 1264 2171 unum
1279 2147 1454 2181 curemus,
1475 2142 1515 2170 ut
1540 2133 1601 2170 hic
1620 2133 1722 2170 nobis
1744 2147 1815 2170 non
1835 2132 2011 2170 efficiatur
2026 2132 2146 2170 inimi—

1150 2208 1227 2241 cus,
1246 2203 1286 2231 ut
1314 2208 1382 2231 non
1401 2202 1582 2231 avertatur
1601 2208 1621 2231 a
1641 2194 1757 2231 nobis.

1204 2257 1241 2294 4.
1264 2257 1343 2294 Non
1361 2255 1554 2304 tribulari,
1583 2254 1643 2293 sed
1673 2269 1821 2307 peccare
1847 2256 1985 2293 malum
2014 2265 2076 2293 est.
2102 2256 2149 2294 Et

62 2317 108 2355 Ἥ
124 2316 262 2369 χαλεπὴ
281 2318 393 2368 θλῖψις
408 2316 508 2355 τοῦτό
522 2319 597 2355 ε’στι
609 2347 618 2364 ,
638 2317 701 2355 κᾶν
718 2319 751 2356 ἐν
767 2322 879 2372 τρυφῇ
896 2319 1084 2371 διάγωμεν·
1105 2335 1130 2364 Ε
1151 2316 1227 2354 liaec
1245 2316 1364 2368 gravis
1389 2316 1576 2353 tribulatio
1601 2325 1672 2365 est,
1690 2316 1828 2353 etiamsi
1853 2315 1888 2353 in
1907 2315 2044 2354 deliciis
2060 2330 2147 2368 aga-

61 2381 100 2416 οὐ
119 2377 211 2430 λέγω
231 2380 265 2416 ἐν
287 2380 337 2429 τῷ
367 2378 545 2429 μέλλοντι,
576 2378 666 2416 ἀλλὰ
692 2378 751 2417 καὶ
781 2382 815 2417 ἕν
848 2383 898 2432 τῷ
925 2380 1084 2433 παρόντι.

59 2439 142 2483 Πῶς
163 2438 229 2490 γὰρ
258 2437 323 2476 οἴει
353 2439 392 2476 τὸ
425 2439 575 2482 συνειδὸς
604 2441 705 2489 ἡμῶν
732 2439 964 2488 ιιδάκνεσθαι,
984 2440 1086 2484 ποίας

59 2499 211 2550 βασάνου
229 2501 289 2538 οὐκ
304 2491 391 2536 εἶναι
403 2504 520 2552 χεῖρον
533 2516 542 2547 ;
557 2500 779 2551 Ἐὅουλόμην
802 2502 890 2551 μετὰ
907 2501 1086 2555 ἀκριὸείας

59 2562 231 2613 ἐρωτῆσαι
260 2559 339 2603 τοὺς
370 2561 404 2597 ἐν
433 2567 505 2603 τοῖς
538 2567 660 2604 κακοῖς
687 2563 836 2609 ζῶντας,
857 2565 886 2601 εἷ
909 2564 1086 2614 μηδέποτε

61 2623 108 2664 εἷς
141 2620 270 2658 ἔννοιαν
300 2620 461 2672 ἔρχονται
489 2624 557 2659 τῶν
584 2622 718 2660 οἰκείων
749 2624 1029 2676 ἁμαρτημάτων,
1058 2626 1087 2662 εἷ

63 2680 111 2731 μὴ
127 2679 324 2732 τρέμουσιν,
346 2682 375 2718 εἰ
399 2680 447 2730 μὴ
478 2681 684 2730 δεδοίκασιν,
705 2685 734 2720 εἷ
755 2683 803 2734 μὴ
823 2685 1032 2731 ὀδυνῶνται,
1053 2687 1083 2722 εἷ

60 2740 112 2791 μὴ
131 2740 362 2792 μακαρίζουσι
380 2739 461 2784 τοὺς
484 2743 518 2779 ἐν
538 2741 697 2794 νηστείᾳ,
719 2743 798 2787 τοὺς
816 2747 849 2782 ἐν
873 2745 987 2798 ὄρεσι,
1008 2745 1087 2789 τοὺς

62 2803 96 2839 ἓν
112 2801 296 2855 φιλοσοφία
312 2804 455 2846 ζῶντας.
475 2802 598 2840 Βούλει
617 2803 732 2842 ἄνεσιν
754 2807 861 2857 εὑρεῖν
883 2809 974 2855 ἐκεῖ,
997 2807 1084 2846 Θλί-

62 2861 143 2909 ὅηθι
158 2865 305 2900 ἐνταῦθα
322 2863 378 2901 διὰ
393 2864 450 2902 τὸν
471 2863 640 2915 Χριστόν·
661 2864 757 2903 οὐδὲν
779 2867 907 2915 ταύτης
925 2885 987 2915 της
1009 2868 1083 2907 ἀνέ-

1098 2909 1147 2934 124

1152 2392 1254 2428 111115,
1271 2392 1340 2415 11011
1361 2378 1442 2415 dico
1468 2377 1503 2414 in
1522 2378 1664 2426 futuro,
1691 2377 1754 2415 sed
1775 2377 1880 2415 etiam
1908 2377 1944 2415 111
1964 2378 2147 2430 praesenti.

1153 2439 1342 2487 Quomodo
1369 2448 1472 2491 putas
1502 2438 1658 2477 morderi
1684 2439 1935 2477 conscientiam
1958 2441 2149 2478 nostram?

1152 2514 1222 2551 quo
1247 2509 1421 2538 tormento
1436 2500 1474 2537 id
1489 2500 1645 2537 deterius
1668 2514 1737 2552 non
1764 2501 1869 2538 fuerit
1881 2501 1898 2538 ἱ)
1912 2501 2053 2540 Vellem
2067 2500 2151 2537 dili-

1154 2570 1274 2612 genter
1290 2561 1504 2611 interrogare
1528 2574 1598 2609 eos,
1616 2560 1675 2610 qui
1690 2559 1725 2597 in
1742 2560 1844 2598 malis
1867 2560 2006 2612 vivunt,
2021 2576 2063 2599 an
2077 2576 2149 2599 un—

1153 2636 1260 2674 quam
1280 2622 1316 2659 in
1337 2621 1547 2659 memoriam
1566 2630 1793 2672 peccatorum
1809 2635 1955 2659 suorum
1982 2622 2123 2661 veniant
2139 2653 2148 2671 ,

1155 2697 1271 2720 annon
1291 2690 1458 2730 tremant,
1474 2695 1589 2718 annon
1606 2680 1824 2728 formident,
1852 2696 1967 2719 annon
1982 2682 2149 2720 doleant?

1157 2758 1274 2782 annon
1286 2744 1405 2781 beatos
1412 2742 1604 2795 praedicent
1611 2756 1683 2790 eos,
1693 2742 1754 2792 qui
1768 2743 1803 2780 in
1812 2743 1962 2794 jejunio,
1976 2743 2011 2780 in
2021 2745 2151 2782 monti-

1156 2806 1235 2854 bus,
1246 2805 1282 2842 in
1294 2803 1520 2857 philosophia
1528 2804 1669 2842 vivunt.
1682 2803 1749 2842 Vis
1759 2803 2151 2854 illicquietemhabere?

1155 2867 1224 2904 Hic
1242 2864 1508 2903 tribulationem
1527 2873 1648 2916 patere
1669 2873 1813 2916 propter
1835 2864 2040 2914 Christum,
2061 2866 2152 2903 nihil

62 2938 149 2967 σεως
167 2939 250 2962 ισον.
270 2922 326 2962 E
318 2939 441 2978 soupov
460 2941 491 2963 οι
506 2924 692 2963 ἀπόστολοι
713 2928 969 2978 μαστιζόμενοι.
987 2932 1084 2968 Παῦ-
1111 2948 1136 2975 Α
1157 2928 1243 2966 huic
1259 2927 1390 2978 lequiei
1409 2941 1473 2979 par
1491 2936 1553 2964 est.
1577 2925 1793 2965 Gaudebant
1810 2927 1962 2978 apostoli
1979 2926 2068 2964 dum
2085 2927 2150 2965 fla-

59 2984 118 3027 λος
143 3000 243 3023 τουτο
271 2992 433 3038 παραινεῖ
459 2986 593 3037 λεγων·
624 2986 774 3039 Χαίρετε
798 2991 831 3026 ἐν
851 2990 982 3042 Κυρίῳ.
1014 2990 1086 3029 Και

59 3045 134 3087 πῶς
161 3044 211 3082 ἔνι
237 3044 384 3098 χαίρειν,
407 3047 525 3098 φησὶν,
556 3047 635 3085 ἔνθα
666 3047 798 3098 δεσμὰ,
819 3049 899 3087 ἔνθα
921 3051 1086 3100 βάσανοι,

60 3104 140 3142 ἔνθα
160 3106 388 3158 δικαστήρια,
408 3108 577 3146 Μάλιστα
596 3110 741 3146 ἐνταῦθα
767 3110 902 3163 χαίρειν
923 3111 982 3149 ἔνι.
1002 3115 1087 3157 Πῶς

60 3165 97 3203 δὲ
115 3166 164 3203 ἔνι
184 3166 333 3218 χαίρειν,
356 3168 436 3205 ἔνθα
454 3184 579 3216 ταυτα,
599 3169 762 3219 μάνθανε.
784 3169 829 3208 Ο
849 3171 955 3221 μηδεν
976 3175 1087 3226 ἑαυτῳ

59 3226 242 3275 συνειδως,
267 3243 309 3278 με
301 3227 356 3278 ’γα
382 3244 454 3271 πως
483 3230 692 3276 ἡσθήσεται,
709 3229 821 3278 ὥστε,
841 3231 911 3284 ὅσῳ
927 3232 967 3270 ἂν
987 3234 1087 3286 ειπῃς

62 3285 126 3333 τὴν
147 3289 275 3339 θλῖψιν,
289 3289 442 3341 τοσούτῳ
460 3289 571 3341 λεγεις
586 3290 649 3337 τὴν
666 3290 805 3338 ἡδονήν.
822 3291 914 3330 Εἰπὲ
928 3293 995 3345 γάρ
1016 3309 1087 3344 μοι,

109 3401 125 3425 b
142 3399 238 3432 Idem
254 3406 351 3435 ταῦτα
367 3405 530 3447 ἑωρακότες
546 3408 595 3437 καὶ
611 3409 706 3446 ἡμεῖς.

110 3466 124 3484 c
140 3451 235 3484 Idem
252 3458 338 3488 τοῦτο
356 3459 405 3489 καὶ
422 3459 506 3497 ἡμεῖς
523 3462 737 3501 φροντίζωμεν.

1157 2989 1386 3041 ςο1131··.0111111
1402 2987 1537 3025 Paulus
1553 2986 1603 3024 sic
1616 2986 1803 3034 admonet,
1822 2987 2027 3024 Gaudete
2013 3002 2054 3023 ιη
2068 2988 2149 3024 Do·
2164 3002 2300 3041 Philipp.
2317 3001 2349 3042 4,

1158 3053 1274 3087 mino.
1295 3049 1343 3086 Et
1360 3047 1537 3100 quomodo
1562 3056 1675 3099 potest
1695 3047 1773 3097 quis
1793 3047 1962 3098 gaudere,
1987 3047 2123 3098 inquies
2136 3044 2176 3096 ,4

1159 3111 1222 3148 ubi
1243 3110 1408 3160 vincula,
1438 3117 1628 3156 tormenta,
1646 3107 1867 3145 tribunalia?
1893 3108 1977 3146 Istic
1992 3108 2151 3147 maxime

1159 3171 1306 3223 gauderi
1330 3179 1458 3223 potest.
1491 3168 1679 3215 Quomodo
1708 3177 1826 3206 autem
1848 3169 1960 3220 possit
1979 3169 2149 3220 gauderi,

1160 3233 1222 3270 11111
1241 3233 1316 3270 haec
1335 3241 1433 3280 sunt,
1456 3231 1563 3268 disce.
1582 3229 1654 3275 Qui
1671 3229 1804 3266 nullius
1821 3229 1889 3267 sibi
1909 3230 2068 3268 conscius
2086 3240 2150 3278 est,

1162 3293 1358 3346 plurimum
1374 3291 1554 3329 laitabitur
1565 3305 1575 3339 3
1598 3289 1646 3327 ita
1665 3299 1703 3326 ut
1717 3318 1727 3337 ‚
1742 3304 1812 3339 quo
1829 3291 1999 3342 majorem
2018 3291 2152 3329 dixeris

1189 3406 1201 3425 ἀ
1217 3407 1310 3439 Unus
1327 3409 1478 3439 δάκνεσθαι
1493 3416 1500 3446 5
1519 3411 1609 3441 πίσης
1626 3408 1767 3446 βασάνου.
