2466 3805
671 225 716 255 IN
755 225 872 255 ACTA
908 223 1239 256 APOSTOLORUM
1274 222 1432 253 ltomlL.
1468 220 1534 253 11.'
2075 208 2130 254 25

67 307 265 358 βουλόμενοι
294 307 421 354 δεῖξαι,
438 306 492 346 ὅτι
511 308 550 344 ἐκ
569 311 628 345 τοῦ
649 308 740 345 Θεοῦ
767 306 811 344 τὰ
831 306 942 355 κακὰ,
965 305 1079 359 ἕτερον

63 367 182 406 τούτου
210 368 433 421 ἀσεὸέστερον
456 367 714 419 ἐπεισάγουσιν·
740 367 915 421 ὃμόχρονα
933 366 1002 420 γὰρ
1021 369 1080 404 αὖ·

62 429 232 480 τῷ,3καὶ
259 429 392 472 οὐδενὸς
409 431 520 466 αὐτῶν
547 428 779 481 πρεσὸύτερον
806 429 864 466 τὸν
897 428 987 467 Θεὸν
1018 427 1081 465 λέ-

61 503 177 539 γουσι,
200 490 240 527 τὸ
262 489 366 542 γέρας
381 490 420 527 τὸ
441 489 531 541 μέγα
549 489 608 526 καὶ
626 490 740 531 αὐτοῖς
770 489 900 527 διδόναι
919 490 1081 539 τολμῶν-

60 564 125 592 τες.
146 549 325 602 Δεύτερον,
344 550 403 588 καὶ
430 549 620 603 ἀνώλεθρον
641 549 704 595 τὴν
737 549 863 587 κακίαν
889 549 993 601 φασίν
1008 564 1016 572 ’
1041 549 1079 586 οὔ

59 607 127 661 γὰρ
142 610 182 647 τὸ
192 610 376 659 ἀγέννητον
392 613 598 663 ἀναιρεῖται.
611 609 740 660 εΟρίῖιτε
752 609 815 655 τὴν
834 608 1077 660 βλασφημίαν,

58 667 170 708 “sto-‘te
196 670 390 722 ἀνάγκη,ἢ
412 670 518 722 μηδὲν
538 674 596 709 τοῦ
630 672 722 708 Θεοῦ
753 665 859 707 εἶναι·
890 669 933 716 ἢ,
965 671 994 706 εἷ
1028 667 1075 718 μὴ

59 735 189 778 ταῦτα,
210 732 268 769 καὶ
284 732 373 770 Θεὸν
391 732 438 782 μὴ
464 725 562 769 εἶναι.
579 730 707 782 Τρίτον
726 730 812 782 ὅπερ
826 729 924 780 ἔφην,
945 728 1077 779 ι’ταύτῃ

61 806 114 829 τοι
136 793 324 842 πολεμοῦσι
346 792 406 829 καὶ
426 791 520 829 αὐτοὶ
537 794 689 838 ἑαυτοῖς,
705 791 765 828 καὶ
777 795 1076 840 προσαγανακτεῖν

59 850 116 887 τὸν
136 851 224 888 Θεὸν
254 853 385 899 μᾶλλον
419 851 754 902 παρασκευάζουσιν.
787 849 977 900 Τέταρτον,
1014 848 1077 895 τὴν

60 911 209 947 ἄστατον
227 910 309 957 ὕλην
328 910 498 957 τοσαύτην
525 911 791 957 ἐπιτηδειότητα
818 909 909 961 ἔχειν
933 908 1077 947 διδόασι.

61 970 243 1021 Πέμπτον,
262 974 324 1018 τῆς
347 971 557 1022 ἀγαθότητος
572 975 632 1009 τοῦ
651 973 742 1010 Θεοῦ
758 970 820 1018 τὴν
837 969 1006 1021 πονηρίαν
1027 972 1079 1007 αἷ-

60 1031 136 1069 τίαν
161 1032 243 1083 φασὶ
262 1035 481 1084 γεγενῆσθαι,
499 1031 557 1070 καὶ
575 1032 629 1070 ὅτι
644 1031 752 1084 χωρὶς
775 1031 902 1077 ταύτης
920 1034 937 1069 ὃ
954 1031 1081 1082 ἀγαθὸς

61 1093 122 1130 οὐκ
141 1087 183 1139 ἦν
205 1093 342 1144 ἀγαθός.
366 1092 507 1140 Ἕκτον,
526 1092 588 1136 τὰς
619 1092 714 1136 ὁδοὺς
739 1096 824 1143 ἡμῖν
856 1092 1079 1130 ἀποκλείουσι

60 1155 121 1198 τῆς
143 1153 359 1204 θεογνωσίας.
382 1153 574 1205 Ἵίἕδομον,
597 1154 655 1192 τὸν
687 1155 777 1193 Θεὸν
810 1155 856 1197 εἷς
878 1152 1079 1207 ἀνθρώπους

58 1214 270 1264 κατάγουσι,
287 1214 346 1252 καὶ
368 1214 477 1266 φυτὰ,
494 1215 553 1253 καὶ
579 1214 670 1258 ξύλα.
692 1217 737 1253 Εἰ
763 1214 830 1267 γὰρ
849 1218 871 1261 ἧ
897 1214 959 1266 μὲν
985 1219 1075 1266 ἦμε-

58 1274 141 1327 τέρα
159 1274 254 1327 ψυχὴ
268 1278 329 1320 τῆς
347 1279 405 1313 τοῦ
426 1277 517 1314 Θεοῦ
538 1275 655 1319 οὐσίας
674 1276 781 1322 ἐστὶν,
799 1279 820 1321 ἦ
842 1275 877 1314 δὲ
899 1291 1076 1326 μετενσω-

60 1336 216 1385 μάτωσις
237 1335 296 1373 καὶ
326 1338 372 1379 εἷς
391 1336 528 1379 σικυοὸς
557 1336 616 1374 καὶ
635 1336 787 1379 πέπονας
825 1336 997 1384 efflatum,
1018 1336 1078 1374 καὶ

59 1396 225 1448 κρόμμυα
238 1412 246 1420 ·
269 1396 336 1450 ἄρα
354 1402 413 1436 τοῦ
435 1399 527 1435 Θεοῦ
557 1401 578 1443 ἦ
601 1397 701 1435 οὐσία
719 1399 766 1440 εἷς
783 1396 920 1442 σικυοὺς
936 1398 955 1417 *
968 1397 1077 1436 ἔσται.

60 1457 134 1495 Κᾶν
158 1456 219 1507 μὲν
242 1457 407 1508 εἴπωμεν,
427 1459 479 1495 ὅτι
494 1459 642 1508 Πνεῦμα
666 1458 761 1509 ἅγιον
782 1458 861 1496 ναὸν
878 1457 1027 1496 ἔπλασεν
1045 1461 1079 1496 ἐν

60 1522 102 1569 τῇ
120 1518 310 1571 Παρθένῳ,
333 1521 570 1570 καταγελῶσιν
587 1535 594 1542 ·
618 1519 672 1566 ἂν,
692 1519 745 1558 ὅτι
765 1518 936 1571 ἐνῴκησεν
967 1521 1000 1558 ἐν
1030 1522 1080 1572 τῷ

59 1583 284 1632 πνευματικῷ
313 1582 404 1630 ναῷ,
423 1579 527 1617 πάλιν
555 1582 714 1632 γελῶσιν.
744 1579 850 1617 Αὐτοὶ
881 1579 917 1617 δὲ
942 1579 1000 1618 καὶ
1035 1582 1081 1624 εἷς

60 1640 198 1684 σικυοὺς
229 1641 290 1678 καὶ
318 1641 491 1689 πέπονας,
513 1641 573 1679 καὶ
605 1641 728 1692 μυίας,
749 1641 808 1680 καὶ
835 1641 998 1692 κάμπας,
1021 1642 1080 1680 καὶ

59 1700 154 1743 ὄνους
173 1706 232 1739 τοῦ
247 1703 337 1740 Θεοῦ
356 1701 418 1749 τὴν
438 1702 555 1740 οὐσίαν
578 1702 788 1754 κατάγοντες
812 1706 872 1741 οὐκ
899 1702 1082 1754 αἰσχῦναι-

65 1777 144 1808 ται,
161 1760 278 1799 καινόν
312 1778 389 1800 τινα
422 1762 705 1815 εἷδωλολατρείας
726 1762 977 1815 ἐξευρίσκοντες
1005 1763 1083 1816 τρό-

60 1837 136 1860 πον.
158 1822 277 1861 ςἈλλῖ
293 1826 330 1861 οὐ
349 1824 388 1862 τὸ
414 1823 592 1877 κρόμμυον
614 1826 647 1862 ἐν
675 1827 724 1877 τῷ
744 1826 844 1876 Θεῷ·
866 1825 942 1861 ἀλλ’
964 1827 981 1862 ὁ
994 1824 1083 1867 Θεὸς

62 1883 96 1919 ἐν
127 1886 176 1935 τῷ
205 1884 377 1937 κρομμύῳ
408 1884 492 1922 ἐστί.
515 1884 602 1934 [Μὴ
623 1884 689 1937 γὰρ
715 1884 754 1921 τὸ
781 1884 960 1936 κρόμμυον
994 1884 1084 1923 ἔστω

62 1944 187 1993 Θεός.]
222 1945 269 1983 Τί
290 1945 422 1997 φεύγεις
459 1945 520 1992 τὴν
552 1945 865 1996 μετενσιομοίτωσιν
893 1950 953 1984 τοῦ
974 1947 1084 1994 Θεοῦ,

61 2006 228 2058 Aio-spei),
249 2007 366 2057 φησὶν,
387 2006 491 2044 ἐστίν.
512 2008 645 2044 Οὐκοῦν
671 2008 790 2058 πολλῷ
824 2008 954 2056 μᾶλλον
985 2012 1085 2045 τοῦτο

65 2066 220 2117 αἷσιρόν.
240 2068 332 2103 Ἀλλ’
362 2068 425 2104 οὐκ
444 2066 604 2119 αἰσχρόν,
626 2068 725 2113 Πῶς
746 2067 864 2121 εὈττερ
891 2067 959 2119 γὰρ
979 2067 1018 2105 ἂν
1040 2070 1086 2111 εἷς

65 2129 158 2176 ἡμᾶς
176 2127 334 2178 γένηται,
353 2128 459 2171 ὅντως
485 2128 640 2180 αἰσχρόν.
662 2128 783 2166 Εἴδετε
810 2130 975 2180 συρφετὸν
1004 2132 1088 2167 ἀσε-

67 2187 182 2235 6είας,
201 2188 304 2226 Ἀλλὰ
339 2189 431 2226 διατί
451 2190 488 2227 οὗ
526 2189 704 2240 βούλονται
737 2189 942 2228 ἀνίστασθαι
965 2192 1088 2240 σῶμα;

68 2248 115 2285 Τί
135 2247 170 2286 δὲ
189 2248 248 2285 καὶ
268 2251 420 2300 ἐροῦσινς
440 2248 523 2287 ζΌτι
537 2249 577 2286 τὸ
596 2251 699 2299 σῶμα
718 2249 885 2301 πονηρόν,
901 2248 1013 2287 Πόθεν
1029 2244 1086 2288 οῦν

67 2303 177 2355 οἶδας,
198 2309 274 2347 εἰπέ
289 2325 366 2359 μοι,
385 2309 442 2347 τὸν
465 2309 572 2356 Θεόν;
591 2309 693 2347 πόθεν
714 2310 804 2361 ἔχεις
818 2313 887 2348 τῶν
902 2310 1008 2348 ὄντων
1023 2310 1086 2357 τὴν

66 2372 214 2421 γνῶσιν,
233 2369 277 2408 Ὁ
309 2369 345 2408 δὲ
364 2368 547 2422 φιλόσοφος
574 2369 677 2408 πόθεν
706 2369 909 2423 φιλόσοφος,
930 2373 959 2409 εἷ
980 2372 1087 2422 μηδὲν

67 2432 223 2468 συντελεῖ
240 2431 279 2469 τὸ
298 2433 417 2481 σῶμα,
438 2429 612 2483 Πήρωσον
628 2430 690 2473 τὰς
712 2431 908 2480 αἰσθήσεις,
922 2433 981 2470 καὶ
1001 2434 1088 2483 μάθε

67 2507 101 2529 τι
121 2494 187 2528 τῶν
204 2491 360 2529 δεόντων.
379 2491 426 2529 Τί
441 2490 477 2529 δὲ
495 2492 689 2544 μωρότερον
705 2494 821 2544 ψυχῆς
839 2492 965 2544 γένοιτ’
985 2494 1039 2539 ἂν,
1059 2496 1089 2532 εἷ

67 2551 102 2596 ἐξ
123 2555 233 2605 ἀρχῆς
248 2551 310 2596 τὰς
330 2552 505 2599 αἰσθήσεις
520 2553 573 2600 εἴη
595 2553 850 2605 πεπηρωμένη,
872 2556 916 2592 Εἰ
932 2554 1000 2608 γὰρ
1017 2555 1089 2599 ἑνὸς

70 2612 192 2663 μέρους
212 2612 314 2663 μόνον
333 2612 513 2665 πήρωσις,
538 2617 599 2650 τοῦ
620 2614 811 2666 ἐγκεφάλου
830 2614 922 2666 λέγω
934 2645 944 2663 ,
964 2616 1003 2654 τὸ
1019 2622 1088 2654 πᾶν

69 2675 176 2718 αὐτῆς
199 2673 313 2725 βλάὸη
336 2673 484 2725 γίνεται·
505 2675 535 2711 εἷ
561 2673 682 2724 μέλλοι
706 2675 765 2712 καὶ
792 2674 836 2713 τὰ
863 2676 954 2714 ἄλλα
972 2693 1089 2724 πεπη-

72 2737 218 2788 ρῶσθαι,
238 2738 303 2772 ποῦ
323 2734 497 2787 χρήσιμος
523 2733 641 2782 ἔσται;
661 2735 779 2779 Δεῖξόν
800 2751 860 2785 μοι
886 2737 994 2790 χωρὶς
1016 2737 1090 2776 σώ-

71 2811 180 2847 ματος
196 2795 323 2848 ψυχήν.
343 2793 394 2833 Ἢ
415 2798 475 2833 οὐκ
495 2795 630 2838 ἀκούεις
644 2798 772 2848 ἰατρῶν
791 2797 978 2849 λεγόντων·
995 2798 1092 2843 νόσος

69 2856 136 2910 γὰρ
154 2861 313 2908 παροῦσα
334 2858 450 2899 δεινῶς
466 2857 580 2909 ψυχὴν
601 2860 771 2910 ἀμαυροῖ,
786 2858 904 2912 Μέχρι
925 2860 1015 2904 τίνος
1031 2863 1092 2899 οὐκ

72 2917 287 2969 ἀπάγξεσθε,
306 2918 358 2957 Τὸ
378 2921 480 2968 σῶμα
501 2917 564 2964 τῆς
588 2918 672 2964 ὕλης
693 2919 806 2968 ἐστίν,
827 2920 904 2960 εἶπέ
925 2937 995 2972 μοι.
1016 2924 1092 2961 Κα-

70 2980 150 3022 λῶς.
171 2981 306 3018 Οὐκοῦν
323 2979 391 3017 ἔδει
409 2984 522 3030 μισεῖν
543 2978 644 3017 αὐτό·
660 2979 696 3017 τί
708 2979 819 3019 τοίνυν
838 2981 922 3020 αὐτὸ
936 2981 1093 3034 τρέφεις,

116 3113 130 3127 ³
155 3101 218 3134 Alii
233 3107 282 3137 καὶ
297 3105 388 3136 οὐδέν·

118 3156 136 3180 b
159 3153 235 3198 [Ita
251 3154 337 3186 Cod.
354 3155 394 3186 D.
408 3154 528 3187 Momf.
544 3158 640 3202 ταύτῃ
653 3161 723 3191 πολ.
743 3162 826 3193 αὐτοὶ
837 3162 961 3199 ἑαυτοῖς.
981 3162 1080 3195 Com-

74 3206 151 3239 mel.
167 3213 201 3238 et
220 3206 334 3238 Morel.
351 3210 446 3252 ταύτῃ
463 3223 509 3242 τοι
523 3212 703 3251 πολεμοῦσι,
738 3216 783 3252 μὴ
800 3215 884 3247 αὐτοὶ
900 3216 1025 3252 ἑαυτοῖς.
1041 3215 1078 3246 Α-

74 3259 100 3290 Β
117 3284 125 3292 .
143 3259 182 3291 C.
207 3261 302 3302 ταύτῃ
331 3261 414 3292 αὐτοὶ
439 3262 650 3302 ἐκπολεμοῦειν
673 3264 813 3303 ἑαυτοὺς,
832 3269 879 3298 καὶ
905 3271 979 3311 πρὸς
1002 3272 1080 3309 ἀγα-

81 3315 215 3347 νάκτησιν
232 3311 522 3355 παρασκευάζουσι.]

123 3361 138 3376 ⁸
168 3358 269 3403 [ἔσται
287 3363 323 3393 Δ.
339 3362 376 3394 C.
396 3362 437 3394 D.
457 3361 561 3405 Vulgo
580 3363 670 3405 ἐστὶι]

1152 305 1249 342 Dum
1274 304 1426 357 probare
1449 304 1634 352 nituntur,
1656 303 1749 341 mala
1767 317 1812 342 ex
1829 304 1904 341 Deo
1925 317 2014 352 0550,
2033 304 2133 342 3111ιά

1151 366 1266 418 magis
1283 366 1434 417 impium
1452 365 1650 403 inducunt:
1667 379 1750 403 nam
1765 365 1828 402 illa
1844 365 1914 417 ipsi
1929 374 2132 417 contempo-

1149 441 1255 465 ranea
1269 457 1279 475 ,
1297 427 1479 478 nihiloque
1497 427 1615 464 Deum
1633 426 1705 464 illis
1723 425 1959 477 antiquiorem
1975 440 2049 464 esse
2062 436 2133 465 sta-

1149 496 1271 536 tuunt,
1291 496 1424 525 tantam
1446 487 1518 525 illis
1532 487 1805 539 praerogativam
1823 486 1908 525 dare
1926 501 1995 524 non
2012 488 2132 526 veriti.

1149 547 1314 586 Secundo
1343 548 1450 585 etiam
1484 547 1658 585 malitiam
1693 557 1853 585 statuunt
1883 548 2132 587 immortalem.

1151 608 1259 654 Quod
1276 609 1370 646 enim
1387 609 1584 659 ingenitum
1604 618 1676 658 est,
1696 623 1890 660 numquam
1911 609 2040 648 interit.
2060 610 2131 649 Vi-

2227 618 2335 645 Contra

1150 667 1241 705 detis
1262 668 1548 719 blasphemiam?
1566 670 1689 719 Itaque
1715 683 1853 707 necesse
1874 678 1946 718 est,
1965 679 2026 708 aut
2040 670 2130 707 nihil
2159 659 2334 706 M³⁰i⁰¹¹ae⁰⁵

2145 708 2213 737 agit.

2259 699 2338 726 Vide

1150 742 1170 764 a
1192 729 1267 764 Deo
1295 741 1390 775 esse;
1411 736 1472 764 aut
1487 728 1516 765 si
1534 729 1609 767 haec
1638 743 1708 767 non
1735 739 1834 779 sunt,
1857 745 1899 767 ne
1915 732 2033 769 Deum
2053 731 2130 782 qui·
2177 741 2333 779 Angustia.

1151 787 1232 825 dem
1257 801 1342 824 csse.
1367 788 1510 835 Tertio,
1532 798 1572 826 ut
1594 789 1671 840 jam
1697 789 1802 838 dixi,
1823 791 1906 828 hinc
1929 792 1983 829 illi
2011 807 2131 831 50011111
2145 784 2253 812 Contra
2274 780 2339 807 Ma-

1150 917 1356 959 provocant.
1389 907 1546 956 Quarto,
1577 909 1675 959 quod
1708 909 1795 947 huic
1829 924 1898 948 non
1932 913 2136 951 subsistenti

1151 968 1306 1006 materiae
1348 977 1482 1006 tantam
1519 969 1597 1008 vim
1634 970 1804 1008 tribuant.
1836 971 1992 1022 Quinto,
2039 975 2138 1024 quod

1152 1029 1326 1066 malitiam
1366 1029 1536 1068 bonitatis
1567 1030 1634 1068 Dei
1678 1045 1820 1069 causam
1850 1033 1959 1071 fuisse
1994 1034 2134 1086 dicant,

1153 1089 1316 1141 quodque
1345 1090 1419 1128 sine
1451 1090 1534 1138 1130,
1567 1090 1686 1141 aiunt,
1714 1092 1829 1130 bonus
1860 1093 1920 1131 ille
1950 1108 2018 1132 non
2049 1105 2138 1134 esset

1149 1151 1275 1189 bonus.
1301 1152 1426 1200 Sexto,
1446 1151 1543 1202 quod
1570 1152 1669 1191 viam
1694 1154 1797 1192 nobis
1814 1155 2034 1206 praecludant
2058 1172 2137 1210 per-

1149 1211 1315 1249 veniendi
1350 1211 1397 1249 ad
1433 1212 1670 1264 cognitionem
1707 1215 1786 1252 Dei.
1824 1215 2003 1267 Septimo,
2040 1218 2137 1268 quod

1150 1273 1267 1309 Deum
1294 1271 1341 1309 ad
1368 1272 1531 1310 homines
1559 1272 1759 1324 deducant,
1779 1275 1852 1313 imo
1874 1276 1921 1313 ad
1939 1277 2079 1329 plantas
2104 1290 2137 1318 et

1150 1333 1260 1385 ligna.
1285 1333 1429 1371 Etenim
1448 1334 1479 1372 si
1500 1334 1618 1372 anima
1637 1345 1756 1373 nostra
1781 1351 1826 1374 ex
1851 1338 1919 1375 Dei
1941 1339 2138 1379 substantia

1152 1404 1221 1444 est,
1241 1394 1434 1446 eademque
1457 1395 1575 1433 anima
1600 1395 1777 1448 demigrat
1797 1398 1833 1435 in
1850 1399 1951 1437 varia
1973 1415 2138 1454 corpora,

1153 1456 1190 1493 in
1223 1470 1448 1505 cucumeres,
1475 1456 1512 1494 in
1546 1471 1723 1509 peponas,
1751 1458 1787 1496 in
1811 1473 1930 1511 cepas:
1959 1475 2042 1513 ergo
2073 1464 2141 1502 Dei

1153 1516 1286 1568 pariter
1302 1516 1499 1554 substantia
1517 1516 1554 1554 in
1569 1531 1774 1557 cucumeres
1787 1519 1874 1558 abit.
1893 1522 1972 1559 Jam
1989 1522 2019 1560 si
2039 1523 2140 1563 dixe-

1153 1578 1266 1615 rimus
1290 1577 1467 1630 Spiritum
1491 1587 1654 1616 sanctum
1677 1579 1879 1619 efformasse
1905 1584 2079 1635 templum
2104 1586 2143 1623 in

1154 1639 1320 1690 Virgine,
1337 1653 1400 1676 nos
1416 1639 1472 1676 illi
1485 1638 1647 1677 derident
1662 1655 1669 1676 :
1683 1640 1900 1692 5111103111115,
1916 1644 2091 1684 habitasse
2105 1647 2141 1684 in

1152 1701 1332 1753 spirituali
1349 1700 1497 1752 templo,
1514 1715 1639 1738 rursus
1664 1701 1826 1741 irrident.
1847 1705 1921 1742 Nec
1936 1706 2046 1758 pudet
2061 1708 2142 1746 illos

1154 1761 1222 1800 Dei
1236 1761 1471 1799 substantiam
1487 1760 1524 1798 in
1543 1775 1761 1813 cucumeres,
1778 1763 1814 1801 in
1832 1779 1999 1817 peponas,
2013 1768 2050 1805 in
2064 1783 2143 1807 mu-

1155 1836 1244 1873 scas,
1256 1822 1411 1861 bruchos
1428 1831 1461 1860 et
1476 1821 1592 1859 asinos
1612 1822 1798 1875 deducere,
1817 1840 1911 1865 nova
1930 1827 2141 1868 idololatriae

1156 1882 1271 1936 specie
1288 1892 1438 1936 reperta.
1454 1885 1499 1922 At
1512 1897 1581 1922 non
1591 1884 1826 1936 cepa,inquit,
1840 1887 1875 1924 in
1893 1890 1968 1926 Deo
1987 1899 2037 1927 est
2051 1906 2060 1935 3
2081 1892 2144 1929 sed

1155 1945 1252 1982 Deus
1269 1944 1304 1982 in
1318 1958 1403 1996 cepa
1420 1960 1427 1980 ε
1446 1946 1574 1995 [neque
1586 1945 1682 1983 enim
1697 1960 1781 1998 cepa
1797 1949 1894 1986 Deus
1914 1950 2053 2002 fuerin]
2070 1953 2142 1990 Cur

1156 2005 1290 2057 refugis
1317 2004 1384 2042 Dei
1412 2004 1707 2056 demigrationem
1734 2007 1771 2045 in
1803 2011 1976 2061 corpora?
2008 2012 2143 2065 Turpis

1158 2080 1211 2103 res
1226 2075 1298 2114 est,
1315 2065 1442 2116 inquit.
1457 2066 1574 2103 Multo
1590 2075 1682 2104 certe
1698 2068 1840 2120 turpius
1854 2070 1921 2108 hoc
1936 2081 1998 2110 est.
2015 2076 2061 2110 At
2074 2088 2145 2112 non

1159 2125 1275 2178 turpis
1306 2140 1362 2163 res
1389 2134 1452 2164 est.
1478 2126 1698 2173 Quomodo?
1727 2128 2026 2181 Quandoquidem
2053 2134 2082 2172 si
2109 2135 2146 2173 111

1160 2187 1263 2226 nobis
1276 2187 1356 2233 fiat,
1375 2201 1459 2226 vere
1477 2195 1582 2239 turpe
1601 2197 1663 2226 est.
1684 2188 1870 2229 Videtisne
1884 2192 2004 2231 faecem
2020 2194 2146 2247 impie-

1162 2249 1266 2287 tatis?
1286 2248 1358 2287 Sed
1377 2262 1439 2286 cur
1464 2248 1728 2301 noluntcorpus
1749 2255 1955 2303 resurgere?
1969 2256 2069 2302 Quid
2087 2257 2147 2295 hic

1160 2310 1305 2348 dicent.O
1325 2309 1420 2355 Quia
1448 2323 1577 2361 corpus
1605 2310 1703 2348 mala
1718 2325 1773 2350 res
1788 2314 1867 2350 est?
1887 2314 1933 2353 Et
1950 2318 2146 2368 quomodo,

1161 2385 1294 2421 quaeso,
1316 2371 1430 2408 Deum
1447 2370 1564 2408 nosti?
1587 2370 1681 2409 unde
1702 2387 1820 2411 rerum
1832 2376 1995 2415 notitiam
2009 2379 2146 2418 habes.o

1161 2432 1241 2478 Quo
1254 2440 1358 2483 pacto
1377 2430 1613 2483 philosophus
1623 2441 1674 2469 est
1683 2433 1934 2487 philosophus,
1951 2439 1980 2476 si
1989 2439 2081 2478 nihil
2097 2441 2148 2479 ef-

1161 2493 1237 2530 ficit
1247 2492 1398 2544 corpus?
1416 2492 1567 2529 Destrue
1577 2505 1709 2543 50115115,
1720 2503 1753 2531 et
1764 2494 1862 2534 disce
1875 2497 2012 2549 aliquid
2029 2515 2150 2540 eorum

1162 2567 1241 2604 quae
1264 2552 1353 2590 scire
1372 2561 1422 2590 est
1444 2566 1544 2603 opus.
1560 2552 1660 2600 Quid
1677 2563 1800 2593 autem
1819 2557 2045 2610 insipientius
2062 2573 2151 2602 esset

1161 2614 1300 2664 anima,
1327 2613 1356 2651 si
1376 2613 1421 2650 ab
1435 2613 1536 2650 initio
1560 2627 1681 2652 sensus
1708 2615 1853 2655 haberet
1872 2620 2039 2661 vitiatos?
2058 2625 2151 2662 Nam

1165 2675 1196 2713 si
1212 2689 1280 2713 una
1296 2674 1454 2726 corporis
1472 2683 1574 2726 parte
1593 2674 1734 2725 vitiata,
1752 2691 1880 2731 nempe
1901 2683 2063 2732 cerebro,
2078 2693 2150 2723 tota

1165 2737 1242 2789 ipsa
1261 2735 1428 2783 lceditur3
1449 2733 1480 2771 si
1502 2743 1625 2772 caetera
1649 2749 1789 2787 quoque
1807 2739 2001 2790 vitientur,
2022 2743 2059 2781 in
2081 2760 2150 2796 quo

1165 2797 1266 2836 utilis
1291 2796 1383 2835 erit?
1403 2794 1560 2834 Ostende
1589 2796 1681 2834 mihi
1705 2797 1861 2838 animam
1893 2801 1968 2840 sine
1988 2818 2145 2857 corpore.

1166 2861 1293 2897 Annon
1309 2856 1412 2894 audis
1432 2855 1587 2894 medicos
1601 2856 1757 2896 dicentes
1767 2889 1780 2909 ,
1798 2861 1948 2900 Morbus
1964 2864 2152 2905 vehemen-

1165 2928 1219 2957 ter
1239 2918 1404 2957 obscurat
1432 2917 1586 2955 animam
1598 2918 1616 2955 Ξ)
1639 2918 1833 2971 Quousque
1850 2936 1912 2961 vos
1930 2927 2153 2978 strangulare

1166 2979 1367 3020 differetis?
1384 2979 1503 3029 Num,
1525 2993 1666 3031 quaeso,
1689 2994 1817 3033 corpus
1835 2997 1881 3021 ex
1899 2987 2046 3025 materia
2070 2990 2150 3027 est?

1193 3116 1207 3131 0
1220 3105 1284 3139 Hic
1299 3106 1430 3139 variant
1443 3102 1596 3148 quaedam
1612 3105 1822 3147 exemplaria.
1835 3108 1887 3150 [A.
1898 3110 1934 3141 B·
1945 3111 1982 3143 C.
2002 3119 2035 3144 et
2047 3113 2149 3147 Sava,

1146 3167 1191 3205 μὴ
1202 3167 1260 3204 γὰρ
1271 3164 1302 3193 τὸ
1311 3165 1466 3203 κρόμμυον
1483 3161 1557 3191 ἔστω
1569 3162 1632 3195 θεὸς
1649 3161 1716 3192 κατ’
1730 3163 1912 3203 Αἰγυπτίους,
1926 3167 1996 3196 ἀλλ’
2013 3169 2028 3199 ὁ
2047 3171 2109 3205 θεὸς
2123 3173 2152 3201 iv

1147 3223 1189 3257 τῷ
1203 3214 1360 3259 κρομμύῳ.
1373 3210 1541 3254 τίρεὺἹᾸΠ
1556 3208 1641 3241 Cod.
1661 3210 1702 3242 D.
1715 3211 1806 3253 cujus
1820 3211 1996 3248 lectionem
2010 3228 2154 3260 sequun-

1150 3273 1203 3297 tur
1217 3261 1380 3297 Commel.
1395 3268 1429 3293 et
1445 3259 1581 3301 Montf.,
1608 3259 1730 3292 absum
1745 3260 1864 3305 verba,
1892 3272 1937 3308 μὴ
1958 3274 2056 3313 νᾶφυ,
2079 3275 2132 3313 θεῷ
2143 3298 2152 3312 ‚

1149 3327 1222 3360 quae
1234 3322 1311 3359 post
1328 3311 1492 3347 Commel.
1512 3311 1605 3344 uncis
1621 3311 1842 3359 seclusimus]

1151 856 1332 899 Pugnant,
1357 855 1390 885 et
1419 848 1590 899 majorem
1618 850 1686 886 Dei
1721 850 1758 886 iu
1787 864 1824 887 se
1855 851 2134 902 indignationem
2148 825 2308 894 1„¹}¹·²h“⁰⁵
2325 843 2332 855 ‘
