2502 3810
817 246 836 272 S
846 264 854 273 .
892 241 1076 273 JOANMS
1112 238 1350 268 CHRYSOST.

362 231 451 287 504

359 328 434 363 Dei
451 329 467 362 Ρ
487 325 578 370 Quia
598 324 690 360 enim
709 321 859 360 ostendit
877 322 1000 373 ingens
1029 328 1211 372 peccatum
1243 318 1338 356 orbis

358 396 390 423 et
409 400 428 423 a
449 384 674 435 dogmatibus
689 392 722 420 et
737 397 755 419 a
768 382 999 431 facinoribus,
1009 390 1042 418 et
1052 380 1150 431 quod
1165 379 1338 431 sapientes

359 460 438 483 eum
449 452 570 489 essent,
582 452 613 479 et
624 443 718 493 quod
729 457 808 480 cum
815 442 984 480 haberent
1000 450 1197 479 creaturam
1213 453 1249 477 se
1264 453 1338 475 ma-

357 519 404 542 nu
423 505 622 552 ducentem,
642 503 737 554 quod
758 517 827 541 non
841 502 946 540 modo
965 503 1082 539 Deum
1097 499 1336 550 reliquissent,

355 563 417 601 sed
425 564 531 600 etiam
544 563 727 615 elegissent
741 563 911 615 imagines
924 561 1118 614 reptilium,
1127 559 1221 610 quod
1233 559 1339 597 etiam

356 625 523 662 virtutem
540 634 763 676 spernerent,
783 634 816 662 et
834 623 931 675 quod
948 623 1124 661 alliciente
1146 631 1272 659 natura
1293 621 1340 659 ad

355 686 549 736 nequitiam
568 700 604 724 se
622 696 745 738 sponte
777 686 995 732 conferrent,
1027 683 1194 735 quodque
1217 692 1339 721 contra

336 775 343 779 .
357 755 519 783 naturam
552 755 695 797 agerent
713 762 720 782 t
748 745 793 783 ad
821 745 913 783 illud
931 744 1061 782 deinde
1089 758 1125 782 se
1147 743 1281 781 confert
1301 752 1340 780 ut

354 804 513 842 ostendat
530 820 598 854 eos,
617 806 678 860 qui
694 805 778 843 talia
789 814 1007 858 perpetrant,
1030 803 1205 856 supplicio
1232 803 1337 840 tradi.

353 868 433 904 Jam
453 866 663 904 memoravit
683 866 900 918 supplicium
919 880 999 903 cum
1018 865 1062 902 de
1084 864 1238 902 facinore
1259 877 1338 914 age-

354 936 432 964 ret:
461 929 552 964 'Nam
582 928 823 974 fllercedem,
861 927 998 977 inquit,
1031 940 1138 977 quam
1151 924 1307 977 oportuit
1324 954 1336 974 ,

353 991 492 1026 erroris
513 992 572 1026 sui
602 992 643 1026 in
676 992 809 1041 seipsis
842 991 1061 1040 recipiunt:
1093 1001 1219 1025 verum
1254 986 1339 1036 quia

353 1064 420 1087 11011
441 1051 596 1088 sentiunt
623 1051 735 1097 illam,
762 1050 864 1088 addit
885 1059 919 1088 et
946 1050 1068 1098 aliam,
1094 1063 1202 1100 quam
1224 1049 1337 1086 maxi-

352 1125 408 1148 me
426 1111 610 1149 timebant.
635 1112 832 1162 Sanequam
855 1120 888 1149 et
906 1111 998 1148 hanc
1012 1111 1087 1163 jam
1106 1109 1302 1147 ostenderat
1325 1126 1334 1146 :

353 1186 432 1208 eum
449 1171 542 1208 enim
566 1171 666 1217 dicit,
689 1171 868 1222 judicium
891 1171 957 1208 Dei
988 1169 1184 1208 secundum
1205 1168 1336 1207 verita-

359 1241 428 1268 tem
447 1245 534 1281 esse,
547 1231 638 1268 nihil
653 1231 753 1268 aliud
771 1245 877 1281 quam
895 1231 964 1268 1100
983 1230 1137 1267 declarat
1156 1245 1162 1265 :
1183 1238 1336 1267 attamen

350 1291 441 1328 illud
456 1292 514 1329 1110
532 1292 695 1344 pluribus
708 1293 852 1344 probat,
876 1292 925 1328 sic
941 1291 1059 1329 dicens
1078 1306 1085 1327 :
1120 1292 1336 1328 Existimas

350 1361 478 1389 autem
498 1354 583 1398 1100,
607 1366 628 1389 0
648 1353 774 1398 horim,
795 1355 863 1403 qui
874 1352 1031 1404 judicas
1051 1351 1140 1388 illos
1157 1353 1223 1402 qui
1237 1351 1335 1387 talia

350 1421 484 1463 agunt,
510 1422 545 1449 et
561 1414 673 1465 facis
693 1427 752 1458 ea,
774 1414 878 1464 quod
894 1421 934 1449 ἰιι
962 1413 1128 1464 effugies
1142 1412 1334 1463 judicium

350 1474 427 1509 Dei
446 1477 461 1508 Ρ
481 1473 602 1509 Tuum
623 1487 691 1510 non
711 1472 882 1523 effugisti,
905 1481 937 1509 et
957 1471 1138 1523 judicium
1159 1470 1225 1507 Dei
1248 1470 1336 1507 effu-

348 1534 451 1583 gies?
471 1543 503 1571 et
525 1534 604 1584 quis
633 1534 701 1571 1100
719 1533 883 1570 dixerit?
904 1532 1012 1581 Atqui
1041 1540 1080 1568 tu
1101 1531 1253 1583 teipsum
1270 1532 1333 1581 ju-

348 1593 488 1631 dicasti.
501 1595 638 1632 Verum
646 1602 833 1645 postquam
844 1601 940 1629 tanta
948 1593 1014 1629 suit
1024 1592 1132 1643 hujus
1144 1591 1334 1628 tribunalis

347 1655 550 1703 auctoritas,
579 1667 641 1690 nec
660 1663 697 1690 tu
726 1653 791 1690 tibi
810 1666 954 1704 parcere
973 1651 1134 1704 potuisti,
1154 1651 1333 1702 quomodo

346 1715 456 1760 Deus,
477 1713 538 1763 qui
567 1712 807 1764 impeccabilis
839 1721 902 1758 est,
930 1726 1067 1750 summe
1095 1713 1229 1764 justus,
1264 1727 1333 1750 11011

346 1774 457 1811 11111110
473 1774 586 1825 magis
599 1773 666 1811 1100
681 1773 809 1811 faciet?
824 1773 895 1811 Sed
913 1782 951 1810 tu
970 1774 1124 1825 teipsum
1138 1773 1329 1819 damnasti,

345 1845 377 1873 et
396 1837 493 1874 Deus
509 1845 541 1873 te
560 1836 774 1888 approbabit
792 1845 824 1873 et
841 1835 1034 1873 laudabit?
1056 1835 1179 1885 Ecqua
1198 1835 1334 1873 ratione
1354 1845 1378 1875 D

346 1896 422 1934 11100
448 1896 644 1934 dicantur?
673 1896 783 1946 Atqui
805 1905 842 1934 tu
862 1896 968 1947 longe
997 1896 1174 1948 supplicio
1193 1904 1227 1933 01
1253 1896 1333 1947 qui-

344 1957 425 1994 dem
458 1957 591 2009 majore
612 1956 754 2008 dignior
781 1957 859 2005 illo,
894 1971 999 2008 quem
1029 1957 1219 1995 damnasti.
1253 1959 1332 1995 Non

345 2020 439 2056 0111111
459 2018 615 2070 idipsum
631 2028 681 2056 est
696 2018 906 2070 simpliciter
919 2032 1076 2070 peccare,
1096 2028 1128 2056 et
1145 2028 1332 2071 postquam

346 2079 458 2116 alium
474 2088 675 2130 peccantem
691 2078 881 2131 punivisti,
898 2079 935 2116 in
952 2079 1073 2117 ead'em
1090 2081 1332 2131 [1000313111ςί-

345 2139 440 2177 dere.
460 2139 591 2177 Yiden'
615 2139 792 2189 quomodo
821 2140 952 2176 crimen
972 2140 1111 2178 auxerit
1131 2140 1147 2177 Ξ)
1177 2141 1216 2180 Si
1237 2141 1331 2179 enim

346 2210 397 2247 tu,
410 2200 540 2250 inquit,
553 2215 635 2237 eum
648 2201 707 2251 qui
725 2200 842 2238 minus
857 2202 1017 2253 peccavit
1038 2201 1175 2253 plectis,
1193 2203 1331 2241 etiamsi

346 2261 499 2311 teipsum
528 2260 782 2311 deturpaturus
815 2260 877 2307 sis,
895 2261 1072 2310 quomodo
1093 2263 1188 2299 Deus
1203 2271 1236 2299 te
1256 2278 1333 2300 ma-

343 2322 420 2371 jora
436 2328 651 2371 peccantem,
669 2333 781 2369 neque
796 2319 864 2357 sibi
879 2319 1053 2371 pudorem
1066 2320 1245 2369 illaturus,
1264 2336 1331 2359 non

348 2382 462 2432 magis
487 2390 519 2418 et
539 2380 683 2431 gravius
701 2379 885 2418 damnabit
906 2389 950 2429 te,
973 2381 1034 2431 qui
1047 2382 1123 2433 jam
1143 2396 1163 2419 a
1185 2383 1254 2420 tuis
1272 2398 1332 2421 ce—

348 2441 578 2492 gitationibus
593 2440 782 2478 damnatus
801 2455 835 2478 es
851 2442 867 2478 Ξ)
889 2441 995 2488 Quod
1011 2442 1041 2479 si
1059 2442 1193 2480 dixeris
1209 2459 1217 2479 :
1238 2444 1330 2481 Novi

347 2504 492 2554 quidem
514 2518 568 2541 me
599 2503 774 2555 supplicio
799 2502 949 2554 dignum
975 2517 1064 2552 esse,
1096 2504 1157 2541 sed
1188 2515 1330 2557 propter

347 2564 414 2601 Dei
430 2563 636 2616 patientiam
654 2563 818 2615 despicis,
839 2572 872 2601 et
890 2563 972 2614 quia
987 2578 1053 2601 non
1073 2564 1192 2602 statim
1209 2580 1329 2617 poenas

346 2625 424 2676 das,
456 2625 626 2663 confidis:
662 2624 745 2662 hinc
765 2634 857 2662 certe
872 2625 953 2676 jure
971 2625 1095 2663 timere
1113 2640 1152 2663 ac
1181 2635 1329 2665 tremere

346 2686 522 2724 debueris.
546 2687 625 2724 Non
643 2686 737 2723 enim
757 2694 796 2722 ut
811 2699 880 2722 non
903 2700 1021 2737 poenas
1038 2686 1113 2733 des,
1134 2686 1193 2724 sed
1214 2696 1252 2724 ut
1267 2687 1329 2725 des

345 2748 534 2798 graviores,
546 2746 722 2794 differtur,
734 2745 763 2783 si
778 2746 1048 2784 inemendabilis
1063 2761 1201 2784 maneas
1212 2763 1222 2796 ;
1234 2747 1328 2798 quod

344 2809 480 2845 utinam
496 2822 539 2845 ne
561 2807 626 2845 tibi
647 2806 848 2858 contingat!
866 2807 947 2844 Ideo
970 2807 1179 2858 subjungit:
1198 2809 1235 2846 4.
1257 2809 1328 2846 An

344 2872 500 2907 divitias
522 2872 704 2907 bonitatis
723 2871 804 2921 ejus
824 2878 861 2906 et
876 2871 1074 2920 patientiae
1092 2878 1128 2906 et
1149 2871 1328 2922 longani—

345 2933 491 2967 mitatis
508 2931 735 2977 contemnis,
772 2932 955 2981 ignorans
987 2931 1092 2981 quod
1109 2933 1327 2982 benignitas

345 2992 422 3027 Dei
438 2991 764 3041 adpoenitentiam
779 2998 813 3027 te
825 2990 994 3027 adducat
1012 2995 1028 3026 P
1048 2992 1236 3042 Postquam
1259 2992 1327 3029 Dei

344 3050 549 3102 patientiam
578 3050 752 3098 laudavit,
775 3059 807 3087 et
827 3049 976 3086 ostendit
1003 3065 1047 3088 ex
1071 3065 1109 3088 ea
1129 3052 1327 3089 maximum

344 3112 485 3150 lucrum
513 3111 774 3149 attendentibus
802 3111 967 3148 accedere
998 3115 1008 3158 ζ
1027 3112 1093 3149 1100
1119 3122 1237 3150 autem
1254 3123 1328 3151 erat

1362 443 1385 472 B

386 3233 402 3255 ¹·
427 3231 488 3263 Alit
506 3240 566 3269 πῶς
581 3233 628 3264 οὖν
642 3235 656 3264 ὁ
675 3236 745 3269 5:2¹5.
763 3231 840 3274 [Slc
863 3231 900 3262 A.
920 3224 1042 3263 omisso
1068 3243 1165 3274 supra
1189 3241 1266 3265 ante
1282 3237 1348 3267 οὐδέ

343 3284 460 3324 copula
477 3284 563 3324 mil]

384 3345 396 3358 ‘³
413 3335 571 3375 [μείζονος
583 3339 661 3373 ἄξιος
677 3339 715 3366 ὧν
730 3335 766 3365 A.
786 3341 818 3365 et
832 3345 909 3365 mox
923 3340 971 3368 καὶ
984 3339 1163 3370 κολάσαντα.
1178 3337 1189 3378 ]

385 3387 396 3404 ¹¹
422 3392 445 3418 εἰ
460 3392 576 3427 μένας,
600 3386 646 3416 Sic
663 3385 740 3416 BISS.
759 3385 860 3418 Savil.
880 3393 986 3427 μένεις.
1005 3387 1080 3418 Mox
1095 3389 1171 3420 MSS.
1193 3392 1342 3430 συμὸἠση-

1393 239 1417 266 Α
1426 239 1579 268 RCHIEP
1589 259 1597 268 .
1638 239 1972 269 CONSTANTINOP
1982 259 1990 268 .

1409 318 1552 371 ἐκφεύξῃ
1583 321 1622 358 τὸ
1649 321 1759 370 κρίμα
1790 325 1849 358 τοῦ
1876 324 1990 368 Θεοῦ,
2022 320 2168 368 Ἐπειδὴ
2198 320 2266 373 γὰρ
2293 320 2423 367 πολλὴν

1409 378 1514 422 ἔδειξε
1535 382 1596 425 τῆς
1619 380 1821 431 οἰκουμένης
1835 380 1898 427 τὴν
1914 381 2104 433 ἁμαρτίαν,
2125 382 2194 419 ἀπὸ
2212 383 2280 418 τῶν
2296 381 2426 431 δογμά-

1410 454 1499 485 των,
1530 440 1599 477 ἀπὸ
1626 443 1694 477 τῶν
1725 440 1963 491 πραγμάτων,
1988 441 2047 479 καὶ
2085 441 2137 478 ὅτι
2176 440 2273 492 σοφοὶ
2309 441 2426 488 ὄντες,

1410 498 1468 535 καὶ
1495 498 1549 537 ὅτι
1577 498 1640 545 τὴν
1670 499 1782 538 κτίσιν
1804 500 1939 551 ἔχοντες
1970 506 2273 553 χειραγωγοῧσαν,
2297 500 2356 538 καὶ
2375 500 2427 538 ὅτι

1409 561 1446 596 οὖ
1466 561 1515 610 τῷ
1544 560 1601 598 τὸν
1633 560 1722 599 Θεὸν
1745 563 1881 612 ἀφεῖναι
1914 560 2029 610 μόνον,
2065 562 2154 599 ἀλλὰ
2185 561 2244 599 καὶ
2275 563 2325 612 τῷ
2346 561 2424 598 ἑλέ-

1409 623 1489 658 σθαι
1505 621 1548 657 τὰ
1570 620 1777 672 ὁμοιώματα
1803 624 1871 658 τῶν
1902 624 2068 673 ἑρπετῶν,
2096 622 2155 659 καὶ
2182 624 2231 674 τῷ
2251 621 2313 668 τὴν
2343 625 2422 674 ἀρε-

1408 680 1470 727 τὴν
1502 682 1694 732 ἀτιμάσαι,
1725 681 1784 720 καὶ
1812 684 1862 733 τῷ
1889 685 1951 728 τῆς
1970 681 2102 733 φύσεως
2121 683 2349 728 ἀνθελκούσης
2369 682 2425 721 ἐπὶ

1408 741 1470 788 τὴν
1488 742 1614 781 κακίαν
1642 745 1902 793 αὐτομολῆσαι,
1935 743 1994 780 καὶ
2014 746 2064 795 τῷ
2086 743 2182 796 παρὰ
2204 743 2304 793 φύσιν
2324 738 2424 790 εἶναι,

1408 803 1544 855 πρόεισι
1559 804 1679 842 λοιπὸν
1701 806 1748 848 εἷς
1764 804 1802 842 τὸ
1823 803 1944 851 δεῖξαι,
1963 805 2016 842 ὅτι
2035 804 2095 842 καὶ
2113 806 2316 848 κολάζονται
2335 807 2366 842 οἱ
2382 805 2426 844 τὰ

1407 869 1551 902 τοιαῦτα
1571 865 1796 917 πράσσοντες.
1829 864 1966 908 Ἔδειξε
1995 864 2055 915 μὲν
2078 859 2134 904 οὖν
2153 865 2220 912 ἤδη
2239 865 2426 917 τιμωρίαν,

1408 925 1515 963 εἰπὼν
1547 925 1609 971 τὴν
1637 925 1761 977 πρᾶξιν
1792 926 1896 973 αὐτήν
1911 941 1919 949 ·
1950 926 2024 972 Τὴν
2045 926 2112 978 γὰρ
2134 926 2365 976 ἀντιμισθίαν,
2385 926 2425 972 ἣν

1407 986 1486 1032 ἔδει,
1520 990 1582 1033 τῆς
1608 987 1741 1033 πλάνης
1774 988 1884 1024 αὐτῶν
1911 989 1944 1025 ἐν
1980 989 2094 1030 αὐταῖς
2125 986 2426 1037 ἀπολαμὸάνουσι,

1406 1047 1508 1099 φησίν
1522 1063 1529 1070 ·
1549 1049 1623 1086 ἀλλ’
1647 1047 1765 1095 ἐπειδὴ
1784 1049 1846 1086 οὐκ
1862 1048 2083 1086 αἰσθάνονται
2100 1047 2232 1094 ἐκείνης
2244 1077 2254 1094 ,
2275 1041 2351 1085 εἶπε
2368 1047 2426 1085 καὶ

1406 1107 1539 1160 ἑτέραν,
1560 1107 1600 1153 ἦν
1631 1108 1784 1158 μαλίστα
1801 1109 1986 1147 δεδοίκασι.
2018 1109 2183 1146 Μάλιστα
2201 1108 2264 1157 μὲν
2279 1109 2345 1155 ἤδη
2366 1107 2426 1146 καὶ

1404 1169 1534 1216 ταύτην
1555 1169 1698 1215 ἔδειξεν·
1730 1171 1810 1208 ὅταν
1839 1170 1907 1223 γὰρ
1933 1170 2042 1221 λέγῃ,
2073 1171 2126 1209 ὅτι
2152 1170 2204 1208 Τὸ
2232 1169 2343 1221 κρίμα
2364 1174 2424 1208 τοῦ

1404 1232 1495 1268 Θεοῦ
1520 1230 1611 1268 κατὰ
1631 1232 1795 1277 ἀλήθειάν
1815 1233 1928 1278 ἔστιν,
1951 1230 2046 1269 οὐδὲν
2069 1230 2184 1282 ἕτερον
2203 1229 2224 1275 ἢ
2243 1234 2343 1267 τοῦτο
2361 1229 2424 1267 λε’-

1403 1307 1476 1342 γει·
1501 1291 1588 1337 πλὴν
1616 1293 1706 1330 ἀλλὰ
1726 1293 1784 1330 καὶ
1803 1295 1855 1343 ἐφ’
1878 1292 2002 1344 ἑτέρων
2024 1292 2107 1329 αὐτὸ
2123 1291 2290 1328 πλειόνων
2311 1307 2423 1329 κατα-

1404 1352 1560 1395 σκευάζει
1576 1352 1693 1399 πάλιν,
1714 1352 1802 1390 οὕτω
1820 1352 1942 1400 λέγων,
1964 1351 2094 1402 Λογίζῃ
2117 1350 2151 1388 δὲ
2167 1354 2287 1397 τοῦτο,
2308 1343 2336 1387 ἶ)
2356 1351 2422 1388 ἇν-

1404 1415 1520 1463 Ορωπε
1535 1443 1544 1459 ,
1574 1415 1591 1449 ὃ
1622 1413 1746 1463 κρίνων
1777 1412 1852 1455 τοὺς
1877 1413 1921 1449 τα
1943 1416 2086 1449 τοιαῦτα
2105 1410 2344 1463 πράσσοντας,
2364 1410 2424 1447 καὶ

1402 1475 1510 1509 ποιῶν
1532 1471 1638 1519 αὐτὰ,
1658 1472 1711 1510 ὅτι
1737 1471 1777 1509 σὺ
1802 1471 1947 1524 ἐκφεύξῃ
1971 1472 2009 1510 τὸ
2025 1471 2136 1524 κρίμα
2150 1476 2208 1510 τοῦ
2223 1472 2339 1518 Θεοῧ;
2370 1471 2424 1508 Τὸ

1403 1532 1459 1569 σὸν
1481 1535 1541 1569 οὐκ
1561 1532 1716 1584 ἕξέφυγες
1746 1532 1870 1584 κρίμα,
1899 1533 1958 1570 καὶ
1982 1533 2019 1570 το
2039 1536 2098 1571 τοῦ
2119 1535 2211 1571 Θεοῦ
2233 1531 2396 1583 διαφεύξῃ
2414 1547 2423 1578 ;

1401 1592 1460 1628 καὶ
1488 1591 1537 1635 τίς
1562 1592 1602 1629 ἂν
1622 1596 1721 1631 τοῦτο
1740 1593 1849 1638 εἴποι;
1871 1593 1994 1632 Καίτοι
2009 1609 2047 1644 γε
2069 1592 2109 1631 σὺ
2128 1592 2252 1631 σαυτὸν
2272 1593 2422 1644 ἔκρινας,

1401 1652 1490 1690 Ἀλλ’
1507 1652 1626 1699 ἐπειδὴ
1646 1654 1798 1699 τοσαύτη
1820 1648 1861 1700 ἦν
1872 1658 1893 1701 ἡ
1910 1669 2093 1705 περιουσια
2109 1658 2168 1691 τοῦ
2185 1652 2421 1704 δικαστηρίου,

1400 1714 1459 1751 καὶ
1487 1714 1563 1752 οὐδὲ
1587 1719 1713 1753 σαυτοῦ
1740 1714 1925 1767 φείσασθαι
1946 1715 2116 1762 ἠδυνήθης
2130 1745 2139 1759 ,
2160 1714 2260 1757 ι’πῶς
2282 1718 2299 1752 ὁ
2318 1714 2418 1759 Θεὸς,

1940 1777 2064 1827 ρὸολῆς
2084 1775 2225 1823 δίκαιος,
2242 1777 2278 1813 οὗ
2299 1777 2418 1826 πολλῷ

1775 1775 1850 1813 μεθ’
1871 1779 1935 1814 ὓπε

1400 1777 1417 1812 ὃ
1442 1775 1704 1826 ἀναμάρτητος,
1729 1778 1746 1813 ὃ
1774 1812 1780 1826 ι

1730 1836 1739 1849 Ι

1402 1837 1533 1885 μᾶλλον
1543 1841 1642 1874 τοῦτο
1656 1852 1816 1884 ποιησει,
1833 1837 1938 1874 Ἀλλὰ
1955 1836 1994 1875 σὺ
2011 1836 2072 1887 μὲν
2089 1841 2214 1874 σαυτοῦ
2229 1836 2416 1886 κατέγνως,

1401 1900 1418 1934 ὁ
1435 1897 1470 1935 δὲ
1487 1898 1575 1940 Θεὸς
1599 1898 1802 1941 ἀποδέξεται
1820 1898 1878 1935 καὶ
1895 1897 2090 1944 ἐπαινέσει,
2110 1897 2179 1936 Καὶ
2199 1899 2272 1939 πῶς
2288 1896 2328 1933 ἂν
2345 1896 2420 1948 ἔχοι

1401 1963 1502 1997 τοῦτο
1519 1959 1618 2010 λόγον
1633 1974 1642 2007 ;
1664 1959 1789 1998 Καίτοι
1805 1975 1843 2011 γε
1861 1958 1989 1997 ἐκείνου
2009 1963 2068 1996 τοῦ
2083 1958 2180 2010 παρὰ
2196 1962 2255 1996 σοῧ
2274 1958 2420 1995 καταδι-

1402 2019 1590 2070 καζομένου
1610 2021 1784 2063 κολάσεως
1800 2025 1813 2040 ⁰
1826 2020 1977 2070 μείζονος
1998 2019 2038 2058 σὺ
2054 2018 2255 2063 ἀξιώτατος.
2286 2020 2338 2056 Οὐ
2353 2018 2420 2070 γάρ

1401 2083 1475 2120 ἐστι
1494 2080 1616 2119 ταύτὸν
1637 2082 1849 2133 ἁμαρτάνειν
1876 2082 2006 2127 ἁπλῶς,
2035 2080 2093 2119 καὶ
2120 2081 2233 2132 ἕτερον
2255 2080 2419 2132 ἁμαρτά-

1399 2158 1501 2180 νοντα
1522 2143 1720 2181 κολάσαντα
1739 2149 1808 2185 τοῖς
1828 2144 1941 2186 αὐτοῖς
1956 2148 2154 2194 περιπεσεῖν
2172 2142 2290 2179 πάλιν.
2311 2140 2419 2193 εΟρᾷς

1399 2207 1473 2246 πῶς
1500 2204 1539 2241 τὸ
1562 2204 1722 2255 ἔγκλημα
1749 2203 1921 2249 ηὔξησεν,
1956 2205 1999 2241 Εἰ
2031 2203 2099 2255 γὰρ
2127 2202 2188 2250 σὺ,
2222 2203 2330 2254 φησὶ,
2361 2202 2419 2239 τὸν

1399 2265 1567 2303 ἐλάττονα
1593 2265 1794 2315 ἁμαρτόντα
1821 2265 1988 2309 κολάζεις,
2016 2264 2131 2302 καίτοι
2148 2280 2187 2314 γε
2209 2264 2344 2313 μέλλων
2363 2264 2417 2299 αἷ-

1399 2324 1536 2375 σχύνειν
1557 2324 1700 2370 σαυτὸν,
1730 2327 1804 2366 πῶς
1822 2327 1839 2361 ὁ
1859 2324 1947 2365 Θεὸς
1965 2324 2022 2361 τὸν
2047 2324 2186 2373 μείζονα
2205 2323 2417 2373 πλημμελή-

1400 2384 1508 2422 σανῖά
1529 2400 1585 2429 σε,
1607 2385 1666 2422 καὶ
1684 2388 1793 2420 ταῦτα
1814 2386 1851 2421 οὐ
1870 2384 2005 2433 μέλλων
2030 2385 2149 2421 ἑαυτὸν
2170 2383 2358 2435 αἰσχύνειν,
2379 2385 2416 2420 οὐ

1398 2445 1624 2481 καταδικάσει
1649 2443 1708 2481 καὶ
1730 2449 1929 2495 κατακρινεῖ
1959 2444 2143 2494 μειζόνως,
2173 2444 2238 2490 ἤδη
2259 2459 2414 2482 κατακε-

1397 2504 1556 2555 κριμένον
1590 2503 1657 2541 ἀπὸ
1685 2506 1752 2541 τῶν
1780 2503 1914 2541 οἰκείων
1937 2506 2140 2555 λογισμῶν,
2168 2506 2212 2542 Εἰ
2237 2504 2270 2541 δὲ
2291 2505 2416 2555 λέγεις,

1393 2563 1446 2602 ὅτι
1467 2558 1541 2601 οἶδα
1561 2563 1637 2614 μὲν,
1660 2563 1711 2601 ὅτι
1729 2564 1820 2608 ἄξιός
1836 2566 1907 2614 εἰμι
1922 2565 2108 2611 κολάσεως,
2130 2563 2186 2601 διὰ
2209 2564 2244 2602 δὲ
2262 2564 2323 2611 τὴν
2342 2580 2415 2614 μα·

1395 2624 1583 2675 κροθυμίαν
1613 2630 1837 2678 καταφρονεῖς
1853 2654 1862 2672 ,
1884 2625 1942 2662 καὶ
1962 2624 2018 2662 διὰ
2039 2624 2077 2661 τὸ
2093 2624 2141 2674 μὴ
2161 2626 2278 2663 δοῦναι
2298 2640 2416 2676 παρα-

1395 2686 1500 2729 πόδας
1533 2686 1629 2733 δίκην
1643 2717 1652 2734 ,
1688 2689 1840 2740 Θαρρεῖς·
1874 2686 2062 2723 δεδοικέναι
2095 2685 2155 2736 μὲν
2189 2685 2247 2723 καὶ
2275 2685 2414 2736 τρέμειν

1396 2746 1451 2784 διὰ
1475 2750 1575 2786 τοῦτο
1596 2748 1636 2784 ἂν
1663 2748 1735 2793 εἴης
1763 2747 1904 2790 δίκαιος.
1938 2750 1990 2785 Οὐ
2016 2747 2083 2798 γὰρ
2103 2749 2151 2790 εἷς
2169 2746 2208 2783 τὸ
2229 2746 2277 2796 μὴ
2298 2747 2416 2784 δοῦναι

1394 2807 1506 2854 δίκην,
1536 2810 1612 2846 ἀλλ’
1649 2811 1694 2852 εἷς
1720 2808 1758 2846 τὸ
1792 2809 1909 2846 δοῦναι
1941 2807 2203 2860 χαλεπωτέραν,
2229 2807 2279 2844 dei
2302 2807 2417 2858 μένοις

1394 2868 1599 2919 ἀδιόρθωτος
1615 2868 1674 2917 ὧν,
1691 2870 1939 2908 ἀναὲάλλεται·
1963 2869 1980 2906 ὂ
1997 2867 2171 2919 μηδέποτε
2187 2867 2414 2918 συμὲήσηταί

1395 2945 1460 2967 σοι.
1501 2931 1564 2968 Διὸ
1596 2931 1655 2968 καὶ
1686 2931 1806 2982 ἐπάγει
1840 2929 1950 2981 λέγων
1964 2945 1971 2953 ·
2007 2929 2059 2967 Ἢ
2079 2934 2138 2967 τοῦ
2167 2929 2318 2966 πλουτου
2354 2932 2416 2974 τῆς

1394 2991 1631 3043 χρηστότητος
1675 2993 1777 3030 αὐτοῦ
1809 2997 2034 3043 καταφρονεῖς
2047 3021 2056 3037 ,
2096 2990 2156 3028 καὶ
2189 2993 2252 3036 τῆς
2289 2994 2417 3042 ἀνοχῆς

1395 3053 1453 3091 καὶ
1488 3056 1549 3099 τῆς
1575 3052 1827 3105 μακροθυμίας,
1861 3055 2007 3103 ἀγνοῶν,
2038 3050 2144 3089 ὅτιτὸ
2172 3051 2325 3103 χρηστὸν
2357 3055 2417 3088 τοῦ

1395 3117 1486 3153 Θεοῦ
1508 3116 1554 3158 εἷς
1571 3113 1754 3165 μετάνοιάν
1771 3129 1809 3152 σε
1827 3113 1922 3164 ἄγει,
1943 3113 2152 3156 Ἐπαινέσας
2167 3112 2234 3165 γὰρ
2248 3115 2307 3150 τοῦ
2324 3113 2415 3150 Θεοῦ

1412 3250 1472 3268 ται.
1489 3235 1500 3276 [
1515 3236 1550 3265 Α.
1567 3239 1591 3268 εἰ
1604 3240 1698 3275 με’νεις
1719 3236 1767 3267 αδ.
1786 3237 1834 3273 ὢν,
1853 3239 1887 3267 τὸ
1903 3236 2026 3275 μηδέπω
2043 3237 2139 3267 δοῦναι
2156 3236 2337 3274 συμὲήσεταί
2351 3246 2393 3265 σοι
2405 3259 2413 3272 ,

1411 3285 1500 3316 baud
1513 3284 1610 3317 dubie
1621 3292 1720 3316 recte.
1734 3285 1878 3327 Recepta
1896 3285 1980 3316 cuim
1993 3284 2091 3317 lectio
2103 3295 2170 3316 non
2184 3295 2248 3316 una
2262 3281 2304 3316 de
2317 3293 2413 3314 causa

1410 3336 1489 3369 ferri
1504 3337 1646 3380 nequit]
