2502 3810
176 1812 243 1840 Non
261 1814 310 1849 qui

125 1854 216 1881 11111113
260 1854 311 1880 ha-

125 1896 185 1932 1161,
198 1895 247 1921 sed
259 1896 311 1931 qui

124 1937 224 1972 paucis
251 1942 312 1971 egel

122 1986 303 2014 inexpugna—

124 2019 203 2045 bilis.

334 368 589 411 gai-eturtcum
620 353 870 393 dormiendum
899 354 986 402 fuit,
1006 367 1110 405 super
1132 354 1316 405 pulvinari

333 421 368 456 111
389 430 497 468 prora
517 415 619 453 navis
633 415 766 466 jacuit:
782 429 863 452 cum
886 414 1166 452 recumbendum
1183 415 1263 462 fuit,
1278 414 1327 451 111

332 481 466 516 foenum
496 477 681 514 concidere
715 478 834 528 jussit.
867 476 1087 516 Vestimenta
1123 477 1198 528 ejus
1225 477 1313 515 vilia
1336 485 1360 514 Β

331 547 428 575 erant
444 553 452 574 t
467 551 629 588 saepeque
650 538 746 575 solus
764 537 985 586 versabatur,
999 536 1177 574 neminem
1194 550 1314 574 secum

329 598 472 636 ducens.
488 599 554 636 Illa
569 598 691 648 etiam,
707 612 785 648 quae
802 598 839 635 in
855 611 969 646 cruce,
987 606 1020 634 et
1036 611 1113 647 quae
1133 598 1170 634 in
1189 606 1313 635 contu-

327 658 443 695 meliis
472 659 571 705 fecit,
605 658 666 694 ubi
699 657 882 707 didiceris,
909 657 1111 694 imitarezet
1130 657 1180 694 sic
1201 656 1312 695 Chri-

326 729 420 757 stum
458 719 631 768 induisti,
662 719 693 756 si
732 719 848 756 carnis
885 733 1007 756 curam
1038 732 1108 755 non
1144 718 1312 757 habueris

326 780 372 817 ad
405 780 706 832 concupiscentias
720 795 727 816 :
741 793 853 830 neque
881 779 975 816 enim
1007 779 1226 830 voluptatem
1256 792 1312 816 res

326 842 390 878 illa
409 841 527 878 habet.
544 840 688 878 Etenim
710 840 796 892 ipsae
818 839 1111 891 concupiscentiae
1128 839 1217 876 alias
1234 852 1313 889 gra-

326 902 441 939 viores
469 901 631 953 pariunt,
652 910 685 938 et
707 914 903 951 numquam
930 899 1126 936 satietatem
1144 898 1309 947 habebis,

326 962 386 999 scd
406 975 575 1012 magnum
602 961 668 999 tibi
690 961 807 1013 paries
829 969 1058 998 tormentum.
1090 959 1190 997 Sicut
1217 958 1312 996 eni-m

326 1022 370 1071 is,
393 1022 454 1073 qui
470 1031 640 1074 perpetuo
661 1021 750 1067 sitit,
772 1021 911 1059 etiamsi
934 1021 1032 1058 mille
1050 1019 1168 1057 adsint
1182 1020 1309 1068 fontes,

327 1083 469 1120 nullum
501 1082 584 1120 inde
602 1083 761 1119 fructum
790 1081 982 1133 percipiet,
1007 1095 1089 1117 cum
1113 1094 1183 1117 non
1203 1080 1314 1131 possit
1334 1088 1358 1118 C

328 1143 494 1180 morbum
514 1142 740 1192 exstinguere
756 1141 825 1179 :sic
846 1150 879 1178 et
900 1141 963 1190 qui
981 1149 1151 1192 perpetuo
1171 1140 1207 1177 in
1228 1154 1314 1177 con-

328 1203 552 1254 cupiscentiis
570 1202 678 1240 vivit.
701 1202 740 1240 Si
758 1216 842 1239 vero
862 1202 955 1238 intra
971 1200 1164 1238 necessaria
1183 1210 1217 1238 te
1233 1214 1314 1238 con-

327 1263 451 1310 tineas,
467 1276 663 1312 numquam
682 1262 749 1299 hae
774 1261 864 1299 febri
882 1261 1101 1312 corripieri53
1120 1260 1179 1298 sed
1196 1261 1315 1298 omnia

327 1324 387 1360 illa
410 1323 611 1369 abscedent,
633 1323 834 1366 ebrietates,
858 1322 1026 1360 lasciviae.
1048 1323 1206 1358 Tantum
1233 1336 1315 1371 ergo

327 1384 481 1428 comede,
502 1392 678 1430 quantum
697 1381 782 1417 satis
801 1380 847 1416 sit
877 1379 923 1416 ad
942 1379 1136 1416 sedandam
1160 1380 1287 1416 samem
1300 1395 1312 1430 3

325 1443 373 1478 ita
392 1441 553 1490 induere,
573 1450 611 1477 ut
630 1440 758 1491 tegaris
777 1448 929 1488 tantum,
948 1453 1061 1488 neque
1094 1452 1235 1475 carnem
1250 1453 1312 1476 ve—

325 1502 498 1539 stimentis
513 1514 674 1545 exornes,
689 1514 732 1536 ne
744 1500 842 1536 illam
864 1498 1004 1550 perdas:
1019 1513 1099 1535 113111
1115 1499 1314 1537 molliorem

327 1561 426 1598 illam
440 1560 568 1607 efficis,
590 1570 622 1597 et
641 1561 715 1611 ejus
732 1559 975 1597 valetudinem
1002 1559 1208 1603 labefactas,
1229 1558 1317 1596 dum

324 1621 436 1658 nimia
452 1621 551 1658 illam
585 1620 736 1657 mollitie
765 1619 945 1657 dissolvis.
970 1620 1019 1656 Ut
1049 1632 1132 1669 ergo
1156 1618 1257 1656 illam
1278 1627 1317 1657 ut

323 1683 458 1719 honum
487 1681 614 1719 animae
646 1681 852 1719 vehiculum
879 1680 1024 1725 11311635,
1042 1689 1081 1716 111
1100 1680 1315 1730 gubernator
1335 1690 1360 1719 D

324 1751 400 1780 tuto
420 1742 466 1779 ad
485 1743 587 1780 navis
619 1743 737 1780 clavos
763 1741 896 1790 sedeat,
915 1750 948 1778 et
966 1740 1068 1777 miles
1087 1740 1191 1777 facile
1216 1754 1314 1777 arma

326 1812 461 1852 tractet,
476 1803 594 1840 omnia
607 1812 699 1840 recte
710 1816 911 1854 componas.
924 1802 1002 1838 Nou
1022 1801 1115 1838 enim
1126 1800 1187 1850 qui
1203 1800 1316 1837 multa

324 1864 444 1913 habet,
465 1864 522 1901 scd
548 1864 607 1914 qui
627 1864 750 1915 paucis
770 1863 920 1912 indiget,
940 1862 1233 1912 inexpugnabilis
1253 1870 1314 1900 est.

326 1925 388 1962 Ille
407 1925 515 1971 enim,
535 1925 598 1962 etsi
629 1924 720 1961 1111111
751 1923 907 1975 patiatur
939 1922 1100 1973 injuriae,
1119 1922 1239 1971 timet;
1256 1923 1315 1961 1116

325 2000 409 2025 vcro
420 1985 483 2022 etsi
494 1985 663 2036 injuriam
678 1985 845 2036 patiatur,
857 1983 1002 2020 meliore
1020 1983 1130 2020 animi
1145 1984 1213 2020 situ
1231 1984 1312 2034 erit,

324 2061 429 2096 quam
444 2045 470 2082 ii
484 2046 544 2095 qui
559 2046 692 2083 1111113111
706 2044 891 2096 patiuntur
905 2044 1088 2095 injuriam,
1114 2044 1264 2095 ideoque
1278 2045 1314 2082 in

324 2106 451 2158 majori
472 2105 656 2143 alacritate
666 2105 879 2143 versabitur.
898 2106 951 2143 Ne
969 2103 1079 2155 igitur
1095 2104 1161 2142 hoc
1177 2119 1315 2155 quaera-

323 2181 415 2215 mus,
425 2177 463 2204 ut
471 2181 572 2204 nemo
583 2166 780 2203 molestiam
792 2166 929 2213 inferat,
940 2165 1002 2202 scd
1015 2174 1052 2203 ut
1063 2165 1200 2202 etiamsi
1209 2166 1315 2203 mole-

324 2227 427 2263 stiam
443 2227 572 2264 inferre
587 2226 768 2273 velit,non
787 2226 899 2277 possit
914 2234 1044 2263 tamen.
1056 2225 1132 2262 Hoc
1142 2239 1225 2263 vero
1245 2240 1314 2263 non

324 2287 393 2324 alio
407 2287 514 2324 modo
532 2287 609 2323 fieri
637 2286 782 2337 poterit,
794 2300 901 2335 quam
917 2286 945 2323 si
961 2286 1051 2322 inter
1066 2286 1262 2323 necessaria
1280 2301 1315 2324 se
1336 2293 1360 2322 E

325 2346 514 2391 contineat,
536 2359 600 2382 nec
631 2345 735 2396 plura
753 2345 991 2396 concupiscat.
1018 2345 1078 2382 Sic
1099 2344 1193 2381 enim
1210 2345 1317 2382 ethic

324 2405 487 2443 deliciari
510 2405 722 2457 poterimus,
745 2414 778 2442 et
800 2405 920 2441 futura
937 2418 1190 2454 consequemur
1205 2404 1313 2454 110113,

325 2466 438 2515 gratia
460 2474 494 2502 et
519 2465 737 2516 benignitate
767 2464 913 2501 Domini
932 2464 1043 2501 nostri
1059 2466 1141 2503 Jesu
1163 2464 1312 2515 Christi,

325 2527 470 2576 quicum
486 2527 583 2564 Patri
601 2540 740 2576 unaque
756 2526 909 2577 Spiritui
924 2535 1044 2564 sancto
1060 2526 1186 2576 gloria,
1201 2525 1313 2577 impe-

323 2587 430 2636 rium,
446 2587 572 2636 honor,
589 2599 683 2624 nunc
701 2595 735 2624 et
750 2599 899 2638 semper,
917 2594 949 2623 et
968 2586 1004 2623 in
1022 2585 1150 2623 saecula
1170 2586 1312 2623 saeculo-

324 2662 417 2686 rum.
440 2651 566 2686 Amen.

813 276 832 305 S
841 296 850 305 .
889 275 1071 305 JOANNIS
1107 275 1347 305 CHRYSOST.

365 2777 377 2788 ⁸
401 2776 531 2817 [Iidem
548 2782 583 2811 ἂν
600 2783 651 2815 τῆς
673 2782 753 2812 κατὰ
770 2782 823 2816 τὴν
846 2782 941 2823 σάρκα
965 2782 1011 2819 μὴ
1037 2777 1201 2823 προυοῆσῃς
1227 2781 1326 2812 ἐπιθυ-

321 2829 420 2870 μίας]

1387 275 1413 304 Α
1420 277 1575 307 RCIIIEP
1583 297 1593 307 .
1632 279 1716 308 CON
1723 278 1968 311 STANTINOP
1976 301 1985 311 .

1387 355 1445 393 καὶ
1476 357 1533 395 ἐπὶ
1552 357 1678 410 χόρτου
1704 366 1913 397 καταπεσεῖν
1934 360 2103 399 ἐκέλευσε.
2125 361 2195 400 Καὶ
2223 361 2266 399 τὰ
2284 361 2408 411 ἱμάτια

1387 416 1422 454 δὲ
1443 419 1581 463 εὐτελῆ·
1604 418 1663 455 καὶ
1682 420 1861 470 πολλαχοῦ
1876 419 1976 469 μόνος
1995 420 2177 472 διέτριδεν,
2193 420 2314 459 οὐδένα
2331 422 2407 459 ἐπι-

1386 478 1583 528 συρόμενος.
1607 478 1676 516 Καὶ
1696 477 1741 515 τὰ
1762 481 1795 515 ἐν
1815 481 1864 530 τῷ
1885 482 2022 531 σταυρῷ
2051 479 2105 528 δὲ,
2122 481 2180 518 καὶ
2214 481 2258 518 τὰ
2278 483 2312 518 ἓν
2331 487 2408 524 ταῖς
2440 526 2443 528 .

1383 535 1504 588 ὕὸρεσι
1519 567 1529 584 ,
1560 537 1619 575 καὶ
1637 537 1753 575 πάντα
1771 539 1890 581 ἁπλῶς
1909 539 2134 589 καταμαθὼν,
2155 540 2328 586 ζήλωσον“
2348 541 2407 578 καὶ

1382 596 1490 641 οὕτως
1506 597 1653 636 ἓνεδύσω
1672 598 1728 635 τὸν
1744 598 1909 651 Χριστὸν,
1929 598 1998 635 *ἂν
2017 601 2079 644 τῆς
2100 600 2225 651 σαρκὸς
2244 601 2406 652 πρόνοιαν

1384 656 1432 707 μὴ
1455 661 1558 707 ποιῇς
1577 660 1623 701 εἷς
1647 659 1848 707 ἐπιθυμίας·
1871 659 1947 696 οὐδὲ
1968 657 2034 710 γὰρ
2054 659 2181 706 ἡδονὴν
2200 660 2239 697 τὸ
2258 666 2407 712 πρᾶγμα

1383 717 1468 769 ἔχει.
1489 718 1559 755 Καὶ
1573 717 1640 769 γὰρ
1660 720 1695 755 αἱ
1715 719 1897 769 ἐπιθυμίαι
1915 713 2016 757 αὗται
2037 719 2192 757 τίκτουσι
2208 719 2313 757 πάλιν
2334 720 2409 757 ἑτέ-

1385 794 1444 829 ρας
1460 777 1690 829 δριμυτέρας,
1718 778 1777 817 καὶ
1799 779 1964 817 οὐδέποτε
1982 778 2079 831 λήψῃ
2101 779 2214 831 κόρον,
2235 779 2325 817 ἀλλὰ
2346 779 2407 830 βοί-

1382 853 1484 876 σανον
1505 838 1634 889 ἐργάσῃ
1664 841 1780 890 σαυτῷ
1801 839 1974 890 μεγάλην.
1995 838 2161 892 ἱὶ(Ὠσπερ
2179 839 2247 892 γὰρ
2264 844 2280 877 ὃ
2296 840 2407 885 διηνε-

1382 901 1451 942 κῶς
1469 899 1516 935 ὢν
1536 901 1570 936 ἐν
1590 902 1640 951 τῷ
1663 899 1784 950 διψῇν,
1806 899 1869 937 κᾶν
1891 899 2016 951 μυρίας
2050 899 2113 951 ἔχῃ
2146 899 2408 951 παρακειμένας

1382 958 1514 1009 πηγὰς,
1532 958 1628 997 οὐδὲν
1644 961 1796 997 ἐντεῦθεν
1816 960 2011 1010 κερδαίνει,
2029 959 2076 1009 μὴ
2096 960 2282 1010 δυνάμενος
2299 959 2337 996 τὸ
2353 959 2408 996 νό-

1383 1035 1481 1069 σημα
1495 1019 1618 1057 σὸέσαι
1635 1034 1642 1042 ·
1659 1019 1748 1056 οὕτω
1769 1019 1860 1058 καὶὸ
1881 1020 2046 1066 διηνεκῶς
2061 1022 2093 1057 ἐν
2110 1019 2310 1069 ἐπιθυμίαις
2329 1021 2407 1062 ζῶν.

1383 1076 1443 1116 Ἂν
1463 1079 1497 1117 δὲ
1517 1082 1578 1125 τ’ἧς
1597 1079 1717 1132 χρείας
1735 1075 1776 1131 ἧς
1794 1081 1907 1128 ἐντὸς,
1928 1080 2092 1118 οὐδέποτε
2114 1084 2234 1118 τοῦτον
2257 1080 2334 1131 δέξῃ
2350 1080 2407 1117 τὸν

1383 1140 1542 1193 πυρετὸν,
1565 1140 1655 1178 ἀλλὰ
1686 1142 1801 1179 πάντα
1839 1144 1953 1179 ἐκεῖνα
1981 1140 2189 1192 οἰχήσεται,
2210 1141 2269 1178 καὶ
2303 1139 2407 1191 μέθαι

1382 1199 1442 1237 καὶ
1463 1200 1653 1249 ἀσελγειαι.
1678 1203 1851 1239 Τοσοῦτον
1876 1201 1990 1239 τοίνυν
2011 1201 2103 1239 ἔσθιε
2130 1200 2209 1239 ὅσον
2230 1202 2334 1238 λῦσαι
2353 1201 2409 1237 λι-

1385 1260 1461 1309 μὸν,
1479 1265 1623 1298 τοιαὲἳτα
1643 1261 1760 1299 ἐνδύου
1778 1256 1846 1299 οἷον
1867 1260 2058 1299 σκέπεσθαι
2080 1260 2196 1310 μόνον,
2219 1259 2306 1310 μηδὲ
2324 1262 2410 1298 καλ-

1382 1319 1512 1362 λώπιζε
1531 1321 1682 1368 ἱματίοις
1703 1320 1765 1367 τὴν
1783 1320 1916 1372 σάρκα,
1937 1319 1993 1357 ἵνα
2016 1319 2064 1370 μὴ
2084 1319 2189 1366 αὐτὴν
2211 1320 2406 1371 ἀπολέσῃς·

1382 1378 1441 1416 καὶ
1457 1378 1524 1429 γὰρ
1540 1380 1599 1416 καὶ
1620 1379 1874 1432 μαλακωτέραν
1905 1380 2011 1424 αὐτὴν
2041 1386 2168 1426 ποιεῖς,
2185 1381 2245 1417 καὶ
2263 1380 2325 1426 τὴν
2349 1383 2408 1418 εὖ-

1383 1438 1472 1482 εξίαν
1497 1441 1604 1484 αὐτῆς
1623 1439 1795 1490 λυμαίνῃ,
1816 1443 1858 1490 τῇ
1878 1442 1990 1490 πολλῇ
2011 1439 2157 1491 βλακείᾳ
2175 1439 2325 1477 διαλύων
2341 1442 2409 1478 αὖ-

1383 1498 1461 1543 τήν.
1477 1498 1542 1536 Ἵν’
1564 1493 1621 1536 οὖν
1642 1499 1725 1551 ἔχῃς
1747 1498 1854 1545 αὐτὴν
1872 1499 1992 1550 ὄχημα
2010 1499 2115 1537 καλὸν
2130 1503 2192 1545 τ’ἧς
2205 1502 2337 1552 ψυχῆς,
2352 1499 2409 1538 ἵνα

1383 1562 1400 1596 ὃ
1416 1559 1629 1611 κυὸερνήτης
1650 1561 1814 1611 ἀσφαλῶς
1834 1560 1890 1598 ἐπὶ
1914 1563 1982 1598 τῶν
2005 1561 2133 1599 οἰάκων
2155 1561 2328 1608 κάθηται,
2349 1561 2408 1598 καὶ

1384 1622 1401 1658 ὃ
1418 1619 1635 1668 στρατιώτης
1654 1620 1802 1662 εὐκόλως
1819 1620 2044 1671 μεταχειρίζῃ
2062 1620 2106 1657 τὰ
2130 1620 2240 1667 ὅπλα,
2263 1620 2409 1672 εὖάρμο,

1385 1694 1449 1716 στα
1479 1678 1595 1715 πάντα
1623 1678 1728 1717 ποίει.
1754 1681 1807 1716 Οὐ
1838 1679 1905 1730 γὰρ
1931 1679 1969 1716 τὸ
1989 1679 2103 1717 πολλὰ
2125 1679 2342 1731 ἔχειν,’ἀλλὰ
2369 1679 2409 1718 τὸ

1384 1737 1508 1787 ὀλίγων
1536 1739 1689 1783 δεῖσθαι,
1710 1738 1908 1781 ἀναλώτους
1939 1746 2040 1777 ποιεῖ.
2062 1739 2215 1782 Ἐκεῖνος
2242 1739 2304 1790 μὲν
2320 1739 2407 1791 γὰρ,

1384 1798 1448 1835 κᾶν
1471 1797 1518 1848 μὴ
1541 1800 1712 1849 ἀδικηθῇ,
1733 1799 1903 1837 δέδοικεν·
1931 1794 2026 1843 οὗτος
2055 1800 2110 1846 δὲ,
2140 1800 2203 1838 κᾶν
2236 1801 2407 1852 ἀδικηθῇ,

1383 1861 1451 1895 τῶν
1484 1860 1545 1896 οὐκ
1576 1858 1797 1909 ἠδικημένων
1831 1855 1971 1910 ἄμεινον
2011 1860 2240 1907 διακείσεται,
2276 1860 2335 1897 καὶ
2373 1862 2405 1898 ἓν

1383 1918 1517 1957 πλείονι
1532 1920 1591 1957 καὶ
1611 1919 1666 1957 διὰ
1686 1925 1785 1958 τοῦτο
1799 1920 1897 1958 ἔσται
1918 1920 2073 1972 εὐθυμία.
2094 1920 2154 1966 Μὴ
2175 1920 2286 1958 τοίνυν
2307 1926 2408 1959 τοῦτο

1384 1982 1558 2029 ζητῶμεν,
1589 1979 1683 2023 ὅπως
1712 1981 1832 2030 μηδεὶς
1864 1980 2065 2032 ἐπηρεάσῃ,
2097 1982 2173 2018 ἀλλ’
2206 1981 2319 2028 ὅπως,
2343 1981 2407 2018 κᾶν

1384 2040 1585 2091 ἐπηρεάζειν
1608 2040 1798 2091 βούληται,
1820 2040 1868 2089 μὴ
1890 2040 2044 2087 δύνηται.
2073 2042 2186 2078 Τοῦτο
2201 2040 2236 2079 δὲ
2256 2039 2408 2090 οὐδαμό-

1385 2103 1439 2137 θεν
1461 2100 1626 2152 ἑτέρωθεν
1641 2100 1738 2138 ἔσται
1750 2131 1758 2147 ,
1776 2102 1852 2137 ἀλλ’
1868 2100 1890 2146 ἢ
1904 2103 1943 2138 ἐκ
1959 2104 2017 2138 τοῦ
2035 2104 2097 2147 τῆς
2111 2100 2231 2153 χρείας
2246 2101 2406 2152 ἔχεσθαι,

1385 2160 1444 2198 καὶ
1468 2160 1515 2210 μὴ
1547 2160 1713 2199 πλείονων
1735 2163 1927 2211 ἐπιθυμεῖν.
1957 2160 2062 2199 Οὕτω
2089 2161 2157 2213 γὰρ
2173 2161 2233 2199 καὶ
2261 2164 2407 2200 ἐνταῦθα

1386 2225 1560 2272 τρυφῆσαι
1580 2221 1798 2272 δυνησόμεθα
1811 2252 1821 2269 ,
1849 2222 1908 2259 καὶ
1924 2225 1992 2259 τῶν
2011 2222 2206 2271 μελλόντων
2227 2221 2406 2265 ἕπιτευξό-

1386 2285 1474 2331 μεθα
1506 2283 1657 2330 ἀγαθῶν,
1689 2282 1809 2332 χάριτι
1836 2282 1896 2318 καὶ
1919 2282 2162 2333 φιλανθρωπίᾳ
2186 2286 2246 2320 τοῦ
2276 2281 2405 2332 Κυρίου

1384 2345 1484 2390 ἡμῶν
1503 2341 1618 2387 Ἰησοῦ
1640 2343 1804 2392 Χριστοῦ,
1821 2342 1896 2392 μεθ’
1913 2336 1950 2379 οὗ
1969 2345 2018 2394 τῷ
2032 2343 2147 2393 Πατρὶ
2163 2342 2237 2391 ἅμα
2250 2344 2300 2392 τῷ
2317 2341 2405 2394 ἁγίῳ

1384 2401 1564 2451 Πνεύματι
1585 2400 1688 2447 δόξα,
1707 2401 1852 2452 κράτος,
1871 2401 1976 2451 τιμὴ,
1995 2405 2052 2439 νῦν
2086 2402 2145 2440 καὶ
2156 2403 2234 2451 dat,
2266 2401 2326 2439 καὶ
2358 2403 2404 2445 εἷς

1383 2460 1461 2505 τοὺς
1477 2464 1604 2505 αἰῶνας
1618 2464 1686 2499 τῶν
1702 2461 1850 2500 αἰώνων.
1867 2461 1990 2512 Ἀμήν.

1435 2787 1448 2802 n
1472 2776 1587 2810 Morel.
1609 2780 1706 2823 ὥσπερ
1726 2780 1740 2811 ὁ
1760 2779 1911 2820 διηνεκῶς,
1929 2777 2050 2809 omisso
2067 2781 2137 2821 γάρ.
