2466 3805
721 206 761 234 iffi
802 206 918 235 ACTA

99 317 206 340 νοιαν.
217 300 266 339 Σὺ
284 300 318 339 δὲ
333 300 454 338 ταύτὸν
470 304 596 345 ποιεῖς,
612 295 679 338 οἷον
701 300 740 338 ἂν
759 301 789 338 εἴ
802 317 852 344 τις
863 301 1125 354 ἀπογράφεσθαι

103 362 260 413 βούλοιτο
284 359 520 412 στρατιώτης,
542 365 602 399 τοῦ
629 361 782 412 πολέμου
808 362 950 402 λύεσθαι
983 363 1126 413 μέλλον-

100 438 175 467 τος·
195 422 217 468 ἢ
234 421 387 469 ἀθλητὴς
409 421 640 470 ἀποδύεσθαι,
666 426 724 460 τοῦ
742 423 883 475 θεάτρου
895 425 1016 463 λοιπὸν
1039 426 1126 462 ἀνα-

102 483 260 526 στάντος.
276 483 344 521 Καὶ
365 481 432 535 γὰρ
452 481 543 520 ὅπλα
564 482 618 519 διὰ
637 486 737 521 τοῦτο
753 484 944 534 λαμὸάνεις
958 514 967 531 ,
987 487 1052 537 οὐχ
1071 483 1128 522 ἵνα

101 545 223 587 εὐθέως
238 543 493 594 ἀποπηδήσῃς,
517 543 594 581 ἀλλ’
625 543 682 581 ἵνα
704 544 823 582 λαὸὼν
843 545 933 582 κατὰ
947 550 1007 583 τοῦ
1025 547 1127 582 ἐναν-

100 605 173 644 τίου
202 604 366 657 τρόπαιον
387 603 530 656 στήσῃς.
553 604 684 650 Μηδεὶς
710 604 902 655 νομιζέτωε
923 605 1067 656 ἄκαιρον
1084 598 1130 642 εἷ-

101 683 158 704 ναι
184 667 241 705 τὸν
278 666 356 717 περὶ
385 665 512 704 τούτων
544 665 664 715 λόγον,
701 668 729 702 εἰ
765 665 813 715 μή
841 667 915 704 ἐστι
950 680 1127 717 τεσσαρα-

103 727 209 773 >ιοστ·>Ι
245 732 314 766 νῦν.
350 725 418 764 Διὰ
447 725 513 777 γὰρ
548 730 646 763 τοῦτο
676 725 868 774 δακνομαι,
912 724 965 762 ὅτι
1009 724 1128 776 καιρὸν

102 794 335 840 παρατηρεῖτε
360 788 394 823 ἓν
417 792 487 828 τοῖς
511 784 687 827 τοιούτοις.
720 783 845 822 Καίτοι
864 800 903 835 γε
925 788 943 822 6
972 786 1128 835 εὐνοῦχος

102 851 248 894 ἐκεῖνος,
276 848 334 884 καὶ
371 846 544 897 βάρὸαρος
579 845 625 882 ὢν
663 844 723 882 καὶ
761 846 966 896 ὁδοιπορῶν,
1001 843 1061 881 καὶ
1094 845 1127 881 ἓν

103 907 191 959 μέσῃ
222 907 387 960 λεωφόρῳ
418 905 483 953 ὧν,
513 905 632 956 καιρὸν
657 906 719 942 οὐκ
741 904 925 951 ἐζήτησεν·
947 906 1023 943 ἀλλ’
1051 903 1126 943 οὐδὲ

103 972 120 1008 ὁ
152 967 387 1021 δεσμοφύλαξ,
410 966 468 1005 καὶ
494 969 605 1004 ταῦτα
626 964 754 1016 μεταξὺ
778 966 966 1015 δεσμωτῶν
990 964 1050 1012 ὢν,
1069 966 1128 1004 καὶ

101 1031 158 1068 τὸν
183 1030 388 1068 διδάσκαλον
405 1025 714 1078 μεμαστιγωμένον
739 1025 799 1063 καὶ
830 1025 1007 1076 δεδεμένον
1026 1029 1126 1077 ὁρῶν,

102 1092 160 1130 καὶ
184 1090 270 1133 τέως
299 1089 400 1127 αὐτὸν
422 1089 556 1139 μέλλων
584 1088 676 1126 ἔνδον
697 1087 802 1140 ἔχειν.
826 1087 1001 1125 Ἐνταῦθα
1023 1087 1058 1126 δὲ
1091 1089 1128 1127 οὐ

103 1151 337 1203 δεσμωτήριον
369 1152 555 1195 οἰκοῦντες,
575 1150 645 1187 οὐδ’
667 1151 701 1187 ἐν
725 1150 814 1192 ὁδοῖς
838 1148 949 1196 ὄντες,
973 1148 1127 1187 ἀναὸάλ-

101 1215 218 1251 λονται
246 1210 387 1259 πολλοὶ,
411 1210 470 1248 καὶ
495 1213 609 1248 ταῦτα
634 1210 727 1253 ὄντες
749 1210 835 1262 πρὸς
852 1210 1012 1263 ἐσχάτας
1042 1213 1128 1250 ἀνα-

102 1274 220 1317 πνοάς.

156 1337 200 1374 Εἰ
235 1335 297 1386 μὲν
324 1327 380 1372 οὖν
411 1333 460 1372 ἔτι
493 1334 747 1386 ἀμφιὲάλλεις,
766 1334 844 1373 θὸτι
876 1335 963 1378 Θεός
1000 1336 1092 1374 ἔστιν
1113 1339 1130 1374 6

102 1397 267 1449 Χριστὸς,
289 1395 352 1440 ἔξω
381 1398 502 1442 στῆθι,
537 1396 596 1434 καὶ
623 1395 711 1446 μηδὲ
739 1395 837 1434 θείων
873 1396 975 1434 ἄκουε
1003 1397 1127 1449 λόγων,

104 1457 191 1509 μηδὲ
211 1459 246 1495 ἐν
262 1463 333 1500 τοῖς
351 1455 624 1508 κατηχουμένοις
639 1457 778 1509 ἀρίθμει
793 1456 919 1495 σαυτόν
933 1473 940 1481 ·
956 1459 985 1496 εἰ
1000 1457 1035 1496 δὲ
1052 1460 1131 1511 θαρ-

103 1523 191 1571 ρεῖς,
208 1517 266 1556 καὶ
296 1511 391 1561 οἶδας
414 1522 514 1555 τοῦτο
535 1519 670 1569 σαφῶς,
689 1517 724 1555 τί
756 1517 909 1569 μέλλεις;
929 1518 962 1556 τί
990 1518 1025 1557 δὲ
1046 1520 1128 1557 ἀνα-

101 1579 161 1631 δύῃ
182 1579 241 1617 καὶ
272 1581 402 1625 ὀκνεῖς;
431 1578 579 1616 Δέδοικα
609 1578 657 1629 μὴ
689 1579 856 1632 ἁμάρτω,
883 1580 978 1632 φησί.
1005 1580 1058 1618 Τὸ
1095 1581 1129 1618 δὲ

101 1639 343 1692 χαλεπώτερον
360 1641 397 1678 οὐ
418 1639 594 1687 δέδοικας,
613 1639 660 1690 μὴ
680 1640 769 1690 μετὰ
791 1640 938 1693 φορτίων
955 1641 1128 1680 τοσούτων

102 1701 254 1751 ἀπέλθῃς
269 1702 356 1748 enei,
376 1699 466 1739 Οὐδὲ
483 1699 550 1754 γάρ
572 1702 666 1739 ἐστιν
689 1701 761 1739 ἴσον
777 1702 922 1754 χάριτος
937 1702 1130 1757 προκειμέ-

100 1778 160 1809 νης
180 1761 228 1812 μὴ
243 1767 373 1813 τυχεῖν,
388 1761 446 1799 καὶ
466 1765 654 1815 κατορθοῦν
671 1764 914 1816 ἐπιχειροῦντα
929 1765 1128 1817 ἀποτυχεῖν.

100 1823 189 1862 Εἰπὲ
209 1823 248 1870 δή
267 1838 344 1874 μοι,
361 1823 401 1860 ἂν
417 1823 485 1876 γὰρ
506 1823 655 1875 ἐγκαλῇ,
671 1824 761 1868 τίνος
782 1823 897 1863 ἕνεκεν
917 1826 954 1863 οὗ
974 1826 1129 1877 προσῆλ-

101 1888 176 1929 θες,
192 1885 282 1928 τίνος
301 1883 414 1921 ἕνεκεν
431 1885 469 1921 οὐ
492 1883 748 1936 κατώρθωσας,
770 1885 804 1922 τί
823 1888 929 1939 ἐρεῖς,
948 1886 1047 1924 Ἐκεῖ
1067 1886 1128 1937 μὲν

779 1944 795 1965 b
808 1945 867 1983 καὶ
889 1949 956 1983 τῶν
976 1961 1130 1997 προστα-

100 1945 166 1997 γὰρ
181 1945 273 1997 τάχα
296 1945 335 1983 τὸ
355 1944 515 1996 φορτικὸν
538 1945 628 1996 ἔχεις
653 1948 759 1983 εἰπεῖν

101 2007 243 2057 γμοίτων
263 2007 322 2044 καὶ
346 2009 408 2051 τῆς
439 2009 582 2058 ἀρετῆς
604 2008 751 2045 ἐνταῦθα
779 2006 814 2045 δὲ
851 2006 947 2045 οὐδὲν
967 2011 1130 2046 τοιοῦτον.

102 2068 212 2119 Χάρις
238 2067 304 2119 γάρ
337 2070 408 2106 ἐστι
439 2066 569 2118 δωρεὰν
588 2068 811 2120 παρεχομένη
844 2067 906 2115 τὴν
925 2068 1130 2120 ἐλευθερίαν.

102 2129 207 2168 Ἀλλὰ
235 2129 390 2172 δέδοικας
420 2128 467 2179 μὴ
502 2129 680 2182 ἁμάρτῃς,
718 2133 841 2169 Ταῦτα
881 2131 969 2182 μετὰ
997 2132 1035 2170 τὸ
1066 2132 1131 2183 βά-

102 2207 238 2241 πτισμα
258 2191 348 2242 λέγε.
366 2189 457 2228 Τότε
486 2190 544 2242 ἔχε
561 2190 620 2228 τὸν
640 2192 758 2242 edem,
783 2191 873 2229 ὥστε
903 2191 1048 2244 φυλάξαι
1067 2193 1130 2240 τὴν

99 2251 310 2303 παρρησίαν,
330 2251 371 2297 ἣν
402 2250 549 2299 ἔλαὸες,
579 2253 642 2303 οὐχ
673 2250 764 2289 ὥστε
791 2251 838 2303 μὴ
857 2252 978 2291 λαὸεῖν
999 2253 1130 2305 δωρεὰν

99 2312 298 2358 ςτοιαύτην.
339 2313 412 2350 Νῦν
450 2311 484 2350 δὲ
514 2311 583 2363 πρὸ
617 2312 679 2363 μὲν
707 2317 767 2351 τοῦ
796 2313 1040 2365 βαπτίσματος
1071 2317 1128 2353 εὐ-

98 2372 208 2420 λαὸὴς
237 2372 295 2421 σὺ,
332 2372 420 2423 μετὰ
458 2372 492 2411 δὲ
530 2373 570 2411 τὸ
608 2372 793 2424 βάπτισμα
827 2374 987 2427 ῥᾴθυμος.
1025 2375 1129 2414 Ἀλλὰ

97 2435 154 2473 τὸν
191 2435 309 2486 καιρὸν
355 2433 536 2484 ἀναμένεις
571 2436 634 2480 τῆς
673 2439 986 2488 τεσσαρακοστῆς,
1025 2436 1130 2479 Τίνος

99 2495 238 2542 ἕνεκεν;
276 2494 323 2546 μὴ
364 2495 430 2547 γὰρ
465 2495 538 2547 ἔχει
581 2512 615 2533 τι
648 2495 752 2534 πλέον
782 2498 910 2539 ἐκεῖνος
943 2499 960 2534 6
992 2497 1132 2549 καιρός,

98 2559 144 2595 Οἱ
165 2562 244 2608 γοῦν
270 2556 458 2595 ἀπόστολοι
488 2559 547 2595 οὐκ
572 2558 606 2594 ἐν
639 2559 689 2610 τῷ
722 2557 845 2610 πάσχα
865 2557 1129 2606 κατηξιώθησαν

97 2620 160 2664 τῆς
182 2618 345 2671 χάριτος,
367 2619 442 2655 ἀλλ’
466 2620 500 2655 ἐν
523 2617 630 2670 ἑτέρῳ
649 2621 779 2671 καιρῷ·
808 2619 868 2657 καὶ
893 2621 923 2658 οἳ
941 2620 1130 2673 τρισχίλιοι

97 2680 156 2718 καὶ
174 2683 205 2718 οἱ
225 2678 525 2732 πεντακισχίλιοι,
547 2679 605 2718 ὅτε
630 2680 903 2728 ἐδαπτίσθησαν,
926 2682 1050 2734 πάσχα
1068 2685 1129 2721 οὐκ

96 2736 138 2789 ἦν
167 2741 304 2794 καιρός·
331 2740 390 2779 καὶ
427 2744 444 2779 6
480 2741 691 2793 Κορνήλιος,
721 2741 780 2779 καὶ
808 2745 825 2780 6
856 2744 1038 2795 εὐνοῦχος,
1070 2744 1129 2782 καὶ

98 2803 208 2856 ἕτεροι
227 2803 380 2846 πλείους.
413 2801 473 2849 Μὴ
503 2802 616 2840 τοίνυν
646 2803 766 2856 καιρὸν
787 2804 1034 2855 ἀναμένωμεν,
1054 2804 1129 2855 μή-

96 2879 179 2903 ποτε
210 2864 393 2915 μέλλοντες
414 2863 474 2902 καὶ
496 2863 773 2914 ἀναὸαλλόμενοι
803 2865 1010 2916 ἀπέλθωμεν
1037 2867 1130 2904 κενοὶ

97 2927 154 2963 καὶ
178 2926 301 2978 ἔρημοι
324 2924 494 2965 τοσούτων
519 2928 670 2977 ἀγαθῶν.
693 2927 778 2970 Πῶς
799 2926 910 2965 οἴεσθε
932 2928 1128 2978 ὀδυνῶμαι,

100 3055 291 3106 ἀφορήτους
312 3058 433 3094 ἐννοῶν
454 3054 613 3098 κολάσεις
633 3054 785 3101 ἐκείνας,
805 3055 868 3101 τὴν
890 3055 1129 3107 ἀπαραίτητον

98 3121 284 3172 τιμωρίαν;
304 3124 377 3165 πῶς
389 3122 560 3172 δάκνομαι
573 3121 691 3170 πάλιν,
706 3121 787 3160 ὅταν
809 3122 945 3175 ἑτέρους
963 3122 1027 3161 ἴδω
1044 3124 1129 3176 πρὸς

140 3254 152 3267 c
178 3244 217 3275 Iu
234 3243 484 3287 quadragesima
502 3245 624 3288 quippe
641 3244 682 3278 de
706 3257 773 3278 non
793 3245 981 3279 differendo
998 3245 1107 3290 bapti-

99 3306 168 3327 smo
185 3296 378 3329 concionari
393 3295 557 3329 solebant.

141 3357 154 3370 ¹·
178 3347 291 3380 Morel.
311 3354 356 3383 ὅτι
375 3354 388 3384 ὁ
407 3355 485 3391 θεός,
504 3348 618 3384 Codex
637 3362 720 3384 unus
736 3355 781 3387 ὅτι
799 3356 830 3385 o)
847 3357 927 3393 θεὸς,
943 3350 1046 3384 Savil.
1065 3357 1111 3386 ὅτι

104 3402 175 3434 θεὸς.

954 203 1304 236 APOSTOLORUM.

1151 759 1182 782 13

2136 186 2186 232 15

1200 305 1283 330 vero
1311 290 1456 344 perinde
1484 290 1570 329 facis
1593 320 1602 338 ,
1624 304 1663 328 ac
1694 290 1723 327 si
1748 289 1827 340 quis
1856 289 2009 340 postulet
2034 287 2191 326 adscribi

1199 351 1357 402 militiae,
1382 366 1463 390 cum
1483 352 1559 404 jam
1583 351 1719 390 bellum
1748 358 1799 388 est
1818 348 2049 399 solvendum,
2072 358 2132 387 aut
2163 349 2191 386 si

1198 413 1330 451 athleta
1344 423 1423 451 tum
1436 421 1549 453 vestes
1564 421 1690 462 exuat,
1708 425 1790 449 cum
1803 419 2015 463 spectatores
2029 419 2190 461 surgunt.

1199 475 1291 512 Nam
1307 474 1388 512 ideo
1408 489 1507 512 arma
1527 473 1658 522 sumis,
1678 487 1748 512 non
1769 482 1809 510 ut
1827 472 1991 525 protinus
2009 471 2190 522 aufugias5

1200 534 1261 572 sed
1292 545 1330 573 ut
1360 535 1434 573 illis
1462 535 1680 583 instructus,
1710 541 1831 572 contra
1859 533 1997 571 hostem
2018 541 2192 584 tropaeum

1200 595 1328 646 erigas.
1352 596 1463 634 Nemo
1490 605 1591 648 putet
1622 594 1914 647 intempestivum
1939 593 2035 631 hunc
2060 607 2193 632 sermo·

1199 670 1279 692 nem
1291 670 1382 705 esse,
1402 657 1486 707 quia
1502 671 1571 695 non
1590 657 1625 694 in
1641 656 1922 708 Quadragesima
1944 670 2039 693 nunc
2056 670 2190 694 sumus.

1200 715 1284 753 Ideo
1315 730 1467 766 namque
1493 717 1707 765 discrucior,
1735 717 1829 768 quod
1859 718 1895 754 in
1923 717 2056 754 talibus
2086 717 2192 756 rebus

1347 202 1500 233 HOMIL.
1539 203 1568 232 1.

1201 785 1340 828 tempus
1360 777 1567 815 observet-is.
1592 777 1737 815 Etenim
1761 778 1944 816 eunuchus
1966 779 2027 816 ille
2051 787 2084 816 et
2102 779 2189 818 bar-
2204 789 2275 819 Act·
2290 788 2319 820 8.
2340 799 2391 830 27,

1201 836 1310 874 barus
1324 837 1391 874 iter
1409 851 1535 888 agens,
1551 837 1669 875 media
1688 838 1724 875 in
1743 839 1801 876 via
1822 852 1904 875 cum
1919 848 2026 888 esset,
2050 849 2190 892 tempus

1201 911 1272 934 non
1305 897 1526 947 exquisivit:
1551 911 1613 934 nec
1653 907 1770 936 custos
1803 899 1952 936 carceris
1982 899 2066 949 ille,
2099 901 2356 942 interlbid.16.

1202 958 1359 1008 vinctos,
1387 972 1470 995 cum
1489 958 1700 1009 magistrum
1727 958 1864 998 videret
1884 959 2035 1011 flagellis
2059 975 2189 1000 caesum
2205 963 2253 993 29·

1201 1028 1235 1056 et
1252 1018 1434 1069 vinctum,
1449 1029 1482 1057 et
1504 1020 1541 1057 in
1561 1034 1717 1069 carcere,
1739 1035 1959 1058 mansurum.
1980 1022 2048 1060 Hic
2072 1033 2191 1062 autem

1201 1079 1376 1131 plerique,
1396 1094 1464 1118 non
1478 1080 1515 1118 in
1530 1094 1680 1131 carcere,
1698 1095 1765 1119 non
1780 1081 1817 1119 in
1836 1081 1896 1121 via
1917 1083 2109 1132 constituti,
2124 1084 2193 1123 dif-

1201 1142 1334 1192 ferunt,
1363 1141 1469 1194 idque
1495 1142 1542 1181 ad
1562 1152 1761 1181 extremum
1790 1157 1900 1195 usque
1917 1144 2001 1184 vitae
2028 1145 2192 1186 halitum,

1255 1333 1294 1373 8.
1328 1334 1436 1383 Quod
1461 1334 1491 1373 si
1516 1334 1634 1373 adhue
1666 1334 1819 1386 ambigis
1848 1349 1935 1373 num
1957 1335 2120 1376 Christus
2146 1339 2191 1377 sit

1203 1396 1312 1445 Deus,
1329 1395 1415 1434 foris
1433 1405 1537 1447 stato,
1557 1411 1621 1435 nec
1644 1396 1768 1435 divina
1793 1397 1900 1435 verba
1921 1397 2061 1447 audias,
2079 1413 2192 1451 neque

1202 1457 1294 1495 inter
1308 1458 1577 1496 catechumenos
1595 1467 1627 1496 te
1641 1472 1851 1496 annumeres
1872 1474 1880 1495 :
1900 1459 1955 1498 sin
1974 1460 2139 1511 confidis,
2157 1472 2191 1500 et

1201 1518 1269 1556 hoc
1287 1518 1399 1571 probe
1419 1519 1614 1570 cognoscis,
1639 1518 1726 1570 quid
1752 1520 1952 1557 cunctaris?
1974 1534 2037 1559 cur
2057 1523 2191 1574 refugis

1202 1588 1235 1617 et
1262 1579 1378 1631 segnis
1398 1581 1457 1618 es?
1477 1582 1631 1631 Vereor,
1658 1579 1816 1631 inquies,
1839 1595 1882 1619 ne
1911 1597 2065 1634 peccem.
2083 1583 2189 1630 Quod

1201 1654 1284 1679 Vero
1309 1640 1466 1679 deterius
1485 1650 1536 1679 est
1557 1655 1626 1679 non
1647 1642 1796 1691 vereris,
1821 1655 1864 1679 ne
1885 1656 1966 1681 cum
1990 1645 2095 1682 tantis
2114 1659 2191 1683 sar—

1200 1701 1288 1740 cinis
1307 1702 1370 1740 illo
1394 1703 1525 1740 abeas?
1547 1703 1625 1741 Non
1645 1702 1739 1740 enim
1756 1716 1821 1754 par
1836 1704 1940 1756 culpa
1956 1715 2007 1756 est
2025 1706 2191 1758 proposi-

1199 1770 1273 1800 tam
1291 1764 1444 1815 gratiam
1457 1778 1527 1802 non
1540 1764 1692 1814 assequi,
1700 1773 1733 1801 et
1741 1778 1815 1801 rem
1823 1779 2044 1817 aggressum,
2058 1768 2189 1806 frustra

1200 1833 1367 1861 conatum
1389 1838 1472 1862 esse.
1496 1825 1564 1863 Dic
1589 1824 1695 1875 mihi,
1716 1825 1745 1862 si
1770 1825 2012 1878 redarguaris,
2037 1841 2101 1866 cur
2119 1843 2189 1867 non

1200 1886 1398 1935 accesseris,
1413 1900 1477 1924 cur
1504 1901 1573 1924 non
1597 1896 1691 1924 recte
1716 1901 1791 1924 rem
1807 1889 2006 1940 perfeceris,
2024 1890 2113 1940 quid
2132 1891 2190 1929 cli-

1201 1947 1282 1983 ces?
1299 1947 1379 1984 Illic
1400 1949 1495 1984 enim
1521 1948 1611 1985 sorte
1632 1947 1787 1999 allegare
1815 1962 1934 2000 posses
1951 1963 2038 1987 onus
2057 1965 2189 2003 praece—

1199 2019 1346 2062 ptorum
1366 2019 1400 2049 et
1417 2010 1584 2061 virtutis,
1603 2011 1663 2049 hic
1681 2025 1767 2050 vero
1795 2011 1887 2050 nihil
1915 2013 2042 2051 simile.
2061 2015 2189 2054 Gratia

1200 2071 1295 2108 enim
1310 2079 1361 2108 est
1377 2072 1488 2122 gratis
1506 2072 1594 2110 dans
1615 2072 1830 2111 libertatem.
1851 2076 1994 2115 Verum
2014 2075 2130 2124 times,
2146 2092 2190 2115 ne

1199 2132 1349 2184 pecces?
1365 2133 1442 2170 Hoc
1466 2143 1547 2185 post
1567 2134 1746 2186 baptisma
1767 2135 1891 2174 dicito.
1907 2139 2013 2176 Tunc
2031 2138 2128 2188 time,
2149 2148 2189 2176 ut

1200 2207 1318 2233 serves
1336 2194 1552 2243 libertatem,
1571 2210 1678 2246 quam
1699 2197 1886 2250 accepisti,
1907 2213 1976 2236 non
1994 2208 2033 2237 ut
2053 2210 2187 2239 lantum

1198 2252 1334 2291 donum
1351 2254 1462 2306 gratis
1480 2269 1549 2293 non
1569 2256 1736 2308 accipias.
1756 2258 1859 2296 Nunc
1882 2268 1999 2297 autem
2020 2270 2101 2299 ante
2118 2262 2188 2300 ba-

1200 2316 1330 2367 ptisma
1347 2316 1430 2369 pius
1447 2331 1495 2365 es,
1514 2327 1596 2370 post
1615 2318 1793 2370 baptisma
1813 2320 1944 2372 segnis.
1964 2322 2034 2360 Sed
2050 2332 2190 2376 tempus

1199 2377 1491 2430 Quadragesimae
1505 2382 1687 2431 exspectas
1698 2380 1715 2417 ἶ)
1726 2381 1805 2427 Qua
1816 2381 1860 2419 tle
1881 2384 2010 2421 causa?
2022 2398 2108 2422 num
2116 2400 2185 2423 am-

1202 2440 1297 2492 plius
1317 2439 1405 2491 quid
1425 2441 1532 2478 habet
1554 2441 1649 2479 illud
1665 2444 1828 2495 tempus?
1850 2445 2013 2496 Apostoli
2038 2461 2192 2498 namque

1201 2504 1317 2541 nonin
1332 2504 1503 2542 Pasehate
1527 2504 1641 2555 gratia
1658 2505 1796 2557 dignati
1814 2517 1908 2558 sunt,
1928 2508 1990 2546 sed
2004 2509 2075 2547 alio
2097 2520 2189 2549 tem—

1199 2579 1286 2617 pore
1306 2581 1314 2602 :
1338 2566 1400 2603 illa
1423 2565 1491 2603 tria
1511 2575 1543 2603 et
1561 2565 1717 2617 quinque
1733 2568 1848 2606 millia
1867 2583 1937 2607 non
1966 2571 2002 2608 in
2021 2572 2193 2610 Paschate

1199 2627 1376 2679 baptizata
1387 2636 1483 2678 sunt,
1497 2636 1536 2664 ut
1547 2641 1659 2678 neque
1668 2628 1865 2678 Cornelius,
1892 2632 2076 2670 eunuchus
2087 2642 2121 2671 et
2129 2634 2191 2672 alii

1198 2689 1359 2741 plurimi.
1369 2689 1423 2727 Ne
1434 2688 1553 2739 itaque
1566 2697 1706 2741 tempus
1720 2701 1978 2742 exspectemus,
1995 2702 2034 2731 ut
2049 2708 2092 2732 ne
2105 2709 2191 2733 cun-

1200 2759 1331 2789 ctantes
1351 2759 1384 2788 et
1405 2749 1623 2799 disserentes,
1640 2751 1745 2789 vacui
1771 2760 1805 2789 et
1831 2762 1990 2804 expertes
2009 2763 2190 2794 tantorum

1199 2812 1375 2850 bonorum
1403 2812 1582 2849 abeamus.
1604 2812 1789 2858 Quantum
1813 2815 1946 2865 putatis
1966 2829 2023 2853 me
2041 2816 2189 2855 discru-

2285 2837 2391 2865 (Zoniia

1200 2873 1301 2925 ciari,
1321 2888 1402 2911 cum
1422 2873 1531 2911 audio
1551 2874 1755 2926 quempiam
1766 2889 1834 2913 non
1853 2876 2033 2916 initiatum
2047 2879 2190 2928 obiisse,
2205 2888 2251 2905 ⁰0³
2274 2881 2322 2916 ‘11¹³
2339 2880 2391 2906 Μ-

1323 2935 1329 2942 .
1389 2935 1395 2942 .
1570 2935 1603 2942 Δ.
1648 2936 1654 2942 .
1836 2937 1842 2943 .
1870 2938 1876 2944 .
1924 2938 1931 2945 .
2009 2940 2016 2946 .
2086 2941 2092 2948 .
2205 2922 2308 2956 pfisma
2330 2917 2393 2949 dd:

1200 2945 1234 2974 et
1254 2945 1370 2987 cogito
1387 2935 1627 2973 intolerablha
1645 2936 1706 2974 illa
1723 2937 1899 2989 supplicia
1922 2941 2187 2980 inevitabllem-
2205 2961 2349 2989 serebam-

96 2987 177 3025 ὅταν
191 2987 346 3035 excusso),
367 2986 420 3025 3¹³²
435 2986 588 3037 ἀμύηῗός
609 3003 660 3030 τις
678 2986 858 3040 ἀπηνέχθη
876 2990 1051 3036 ἐντεῦθεν,
1070 2989 1131 3033 τὰς
1155 2996 1269 3051 D.que
1293 2998 1515 3037 cruciatum?
1543 3013 1667 3037 rursus
1706 3014 1814 3050 quam
1838 3015 1968 3053 angor,
1993 3017 2074 3042 cum
2101 3006 2189 3045 alios

1200 3060 1307 3100 video
1323 3060 1372 3099 ad
1389 3070 1588 3098 extremum
1609 3061 1763 3099 halitum
1779 3061 1964 3115 deductos,
1982 3079 2052 3103 non
2072 3075 2188 3106 tamen

1200 3122 1432 3175 resipiscere?
1450 3122 1535 3160 Ideo
1561 3123 1673 3160 multa
1696 3123 1785 3161 siunt
1814 3123 1882 3162 hoc
1902 3134 1998 3164 tanto
2017 3126 2111 3166 dono
2130 3129 2188 3166 in—

1221 3248 1237 3270 h
1263 3245 1711 3290 Ahuszzirfflvnx9mpdrwm

1219 3309 1231 3324 c
1256 3298 1358 3331 Savil.
1380 3300 1411 3330 iu
1428 3310 1532 3342 marg.
1548 3303 1703 3341 τοσαύτην,
1724 3312 1823 3343 quam
1841 3300 2017 3336 lectionem
2034 3313 2191 3348 sequutus

1177 3350 1308 3385 videtur
1323 3352 1501 3394 InterpreS.
