2502 3810
771 258 813 288 IN
852 257 995 288 Erls'r.

114 336 254 387 νοόχους
288 339 469 380 ποιοῦντας
507 338 705 382 κολάζουσιν
750 342 780 377 οἱ
813 338 828 358 “’
841 339 1043 389 νομοθέται,
1073 338 1131 375 καὶ

114 397 210 447 εἴσῃ,
227 396 280 434 ὅτι
309 398 351 434 δι’
384 397 480 435 οὐδὲν
507 398 622 450 ἕτερον
645 399 802 447 πάντως,
821 399 843 445 ἢ
863 399 916 438 ὅτι
935 399 999 445 τὴν
1029 398 1129 450 φύσιν

112 457 422 508 ἀκρωτηριάζουσι.
444 457 569 496 Καίτοι
599 475 638 506 γε
671 459 765 497 οὐδὲν
797 461 971 497 ἀδικοῦσιν
1005 460 1169 515 ἐκεῖνοι45

1034 257 1094 286 ΑΙ)
1132 255 1221 285 ROM
1232 275 1240 284 .

1281 255 1435 285 HOMlL.
1478 256 1540 285 [V.

2094 244 2187 305 499

1204 336 1381 387 interroga
1405 350 1468 374 cur
1487 336 1702 388 legislatores
1735 335 1884 388 puniant
1917 336 2010 382 illos,
2033 339 2092 387 qui
2124 352 2184 375 eu—

1203 397 1338 434 nuchos
1354 397 1487 435 faciunt
1498 412 1508 446 3
1525 406 1558 434 et
1581 396 1694 435 disces
1714 410 1781 434 non
1796 396 1865 434 alia
1879 397 1923 434 de
1942 411 2060 446 causa,
2077 412 2183 447 quam

1172 457 1294 512 Squod
1320 467 1480 495 naturam
1510 457 1721 496 exscindant
1744 467 1777 495 et
1806 457 1979 494 minuant.
1995 457 2102 508 Atqui
2129 458 2183 495 illi

110 521 268 554 τοσοῦτον
284 533 291 540 ·
322 517 476 566 ἐγένοντο
507 518 572 570 γὰρ
606 523 637 558 οἱ
673 519 1037 573 Βάκριιπηριασθέντες
1068 518 1127 556 καὶ
1150 526 1176 555 Λ
1199 533 1268 556 non
1288 528 1425 556 tantum
1440 518 1579 569 injuriae
1601 518 1775 567 inferunt3
1796 532 1879 555 nam
1893 518 2024 556 exsecti
2044 518 2096 555 illi
2111 518 2185 570 ple-

113 576 200 627 μετὰ
219 577 275 614 τὸν
294 579 584 630 ἀκρωτηριασμὸν
596 583 774 632 πολλαχοῦ
792 581 980 632 χρήσιμοι·
998 578 1128 630 ἀνθρώ-

112 652 178 674 που
201 637 236 674 δὲ
255 638 531 689 πεπορνευμένου
545 640 638 678 οὐδὲν
654 640 908 693 ἀχρηστότερον
929 640 1053 690 γένοιτ’
1069 641 1125 677 ἄν·

112 699 149 735 οὐ
165 698 260 750 γὰρὴ
276 699 371 751 ψυχὴ
393 699 508 750 μόνον,
524 701 613 738 ἀλλὰ
629 701 688 738 καὶ
708 701 747 738 τὸ
764 704 866 750 σῶμα
884 705 943 738 τοῦ
957 700 1001 738 τὰ
1015 705 1129 738 τοιαῦ-

112 774 156 795 τα
175 759 341 802 παθόντος
364 759 487 810 ἄτιμον
514 760 572 798 καὶ
595 761 685 804 ἄξιον
716 760 916 798 ἐλαύνεσθαι
948 760 1127 811 πανταχό-

113 822 181 854 Οεν.
205 818 318 855 Πόσαι
337 819 470 869 γέενναι
488 821 619 863 τούτοις
636 820 861 872 ἀρκέσουσιν;
879 822 922 858 Εἰ
942 820 976 857 δὲ
990 820 1129 870 γεέννης

113 880 306 930 καταγελᾷς
325 880 458 918 ἀκούων
471 880 475 881 ⁷
488 880 548 918 καὶ
566 883 742 927 ἀπιστεῖς,
760 882 868 917 ἐκεῖνο
886 880 926 916 τὸ
954 885 1022 930 πῦρ
1048 882 1128 916 ἀνα-

115 939 287 987 μνήσθητι
303 943 371 977 τῶν
386 941 551 991 Σοδόμων
568 956 575 963 ·
592 941 725 990 εἴδομεν
751 939 818 991 γὰρ
831 970 841 985 ,
858 939 994 988 εἴδομεν
1013 940 1072 976 καὶ
1092 940 1127 976 ἐν

112 1002 160 1049 τῷ
179 1000 324 1050 παρόντι
347 1001 411 1053 βίῳ
442 1001 580 1052 γεέννης
603 1000 729 1038 εἰκόνα.
745 999 890 1045 Ἐπειδὴ
911 999 978 1051 γὰρ
1005 999 1129 1036 πολλοὶ

111 1065 181 1102 τοῖς
219 1060 307 1108 μετὰ
335 1061 396 1106 τὴν
431 1061 619 1098 ἀνάστασιν
651 1060 797 1110 ἔμελλον
834 1060 1038 1105 διαπιστεῖν,
1069 1063 1125 1096 νῦν

110 1118 288 1161 ἀκούοντες
303 1123 373 1171 πῦρ
392 1121 559 1158 ὀίσὸεστον
573 1114 659 1158 εἶναι
670 1150 679 1167 ,
703 1119 772 1157 ἀπὸ
786 1122 853 1174 τῷν
869 1119 1050 1171 παρόντων
1069 1121 1127 1157 αὖ·

107 1177 185 1220 τοὺς
200 1179 426 1231 ἐσωφρόνισεν
451 1183 468 1217 ὁ
489 1179 591 1223 Θεός.
615 1181 778 1223 Τοιοῦτος
797 1184 876 1230 γοῦν
905 1181 998 1216 ἐστιν
1022 1183 1039 1217 ὁ
1058 1180 1124 1217 Σο-

107 1237 221 1287 δόμων
254 1240 460 1290 ἐμπρησμὸς
491 1240 549 1277 καὶ
585 1243 606 1285 ἡ
644 1239 862 1291 πυρπόλησις
899 1239 1012 1286 ἐκείνη
1029 1255 1036 1262 ·
1066 1239 1125 1276 καὶ

107 1298 219 1336 ἴσασιν
235 1302 266 1336 οἱ
284 1300 574 1352 παραγενόμενοι,
592 1300 651 1338 καὶ
667 1303 709 1351 τῇ
732 1299 794 1353 θέᾳ
808 1299 871 1346 τὴν
885 1299 1023 1350 πληγὴν
1042 1300 1126 1338 ἐκεί-

104 1375 166 1405 νην
184 1359 247 1406 τὴν
264 1362 429 1407 θεήλατον
457 1362 515 1399 καὶ
533 1365 600 1400 τῶν
619 1362 747 1399 ἄνωθεν
774 1364 948 1412 κεραυνῶν
966 1360 1005 1398 τὸ
1025 1361 1123 1412 ἔργον

106 1420 242 1464 ἰδόντες.
266 1421 450 1469 Ἐννόησον
469 1423 589 1470 ἡλίκον
607 1423 679 1461 ἐστὶ
691 1422 729 1459 τὸ
744 1422 940 1473 ἁμάρτημα
952 1451 961 1469 ,
985 1424 1030 1465 ὡς
1052 1423 1125 1473 βιά-

106 1482 304 1520 saccom—>4082
321 1483 388 1534 πρὸ
405 1489 524 1534 καιροῦ
542 1484 603 1531 τὴν
631 1484 769 1535 γέενναν
793 1486 956 1535 φανῆναι.
977 1482 1122 1529 Ἐπειδὴ

105 1541 172 1594 γὰρ
191 1543 313 1581 πολλοὶ
334 1547 401 1582 τῶν
433 1545 543 1596 λόγων
576 1545 818 1598 κατεφρόνουν,
841 1544 897 1582 διὰ
925 1547 993 1582 τῶν
1016 1544 1124 1595 ἔργων

106 1605 219 1647 αὐτοῖς
238 1604 301 1649 τὴν
321 1605 452 1651 ἐκείνης
468 1606 582 1644 εἰκόνα
605 1604 773 1648 ἐπέδειξεν
794 1608 811 1642 ὁ
831 1605 919 1647 Θεὸς
935 1608 1044 1657 καινῷ
1059 1621 1126 1642 τινι

105 1665 234 1715 τρόπῳ.
255 1665 323 1702 Καὶ
343 1665 410 1717 γὰρ
426 1666 616 1718 παράδοξος
637 1661 677 1713 ἦν
698 1669 715 1703 ὃ
730 1664 824 1708 ὑετὸς
844 1668 989 1713 ἐκεῖνος,
1005 1665 1124 1712 ἐπειδὴ

106 1725 164 1762 καὶ
195 1725 289 1777 παρὰ
324 1726 424 1778 φύσιν
452 1731 472 1772 ἦ
509 1726 620 1777 μίξις·
652 1726 710 1764 καὶ
733 1726 924 1764 κατέκλυσε
951 1726 1013 1773 τὴν
1040 1729 1125 1777 γῆν,

104 1786 223 1832 ἐπειδὴ
245 1787 304 1824 καὶ
322 1788 383 1830 τὰς
415 1787 552 1826 ἐκείνων
584 1787 698 1839 ψυχὰς
726 1790 748 1833 ἢ
776 1786 955 1837 ἐπιθυμία.
981 1786 1044 1824 Διὸ
1066 1786 1125 1823 καὶ
1149 1789 1172 1819 C

105 1848 311 1891 ἀπεναντίας
329 1842 370 1894 ἦν
392 1852 409 1886 ὁ
428 1847 443 1868 b
456 1848 551 1892 ὑετὸς
575 1851 624 1900 τῷ
645 1848 805 1894 συνήθει·
824 1851 860 1885 οὐ
878 1847 946 1900 γὰρ
967 1847 1068 1899 μόνον
1086 1848 1124 1884 οὔ

106 1908 256 1961 διήγειρε
276 1909 338 1955 τὴν
358 1909 510 1962 γαστέρα
529 1912 591 1954 τῆς
609 1911 673 1959 γ’ῆς
694 1910 778 1961 πρὸς
806 1908 868 1955 τὴν
889 1912 957 1946 τῶν
979 1912 1123 1959 καρπῶν

103 1968 246 2017 γένεσιν,
263 1969 352 2007 ἀλλὰ
368 1970 425 2008 καὶ
441 1970 526 2023 πρὸς
540 1969 602 2016 τὴν
622 1969 794 2021 ὑποδοχὴν
810 1968 916 2028 αὐτην
933 1972 1000 2006 τῶν
1018 1984 1124 2021 σπερ·

104 2029 223 2078 μάτων
245 2030 417 2083 ἄχρηστον
437 2031 555 2068 ἐποίει.
573 2030 728 2077 Τοιαύτη
747 2030 814 2081 γὰρ
839 2025 880 2077 ἦν
902 2033 923 2076 ἦ
945 2029 1036 2076 μίξις
1055 2033 1123 2067 τῶν

104 2091 236 2141 ἀνδρῶν
256 2093 318 2136 τῆς
333 2094 396 2141 γῆς
412 2090 591 2141 Σοδόμων,
606 2091 645 2128 τὸ
661 2095 811 2129 τοιοῦτον
831 2092 934 2141 σῶμα
947 2089 1124 2142 ἀχρηστό-

103 2166 198 2202 τερον
238 2151 487 2203 ἀποιραίνουσα.
519 2152 567 2190 Τί
596 2152 663 2203 γὰρ
696 2152 817 2203 ἀνδρὸς
846 2151 1121 2202 πεπορνευμένου

106 2211 416 2265 μυσαρώτερον;τί
440 2212 476 2251 δὲ
501 2213 741 2265 ἐναγέστερον;
763 2210 815 2249 *Ω
844 2214 906 2257 τῆς
927 2211 1072 2262 μανίας,
1094 2211 1122 2249 ὢ

102 2275 164 2318 τῆς
197 2272 461 2324 παραπληξίας·
493 2273 596 2310 πόθεν
634 2271 869 2323 εἷσεκώμασεν
902 2275 923 2317 ἧ
955 2271 1122 2322 ἐπιθυμία

102 2331 206 2378 αὕτη,
221 2332 265 2369 τὰ
284 2334 352 2369 τῶν
374 2332 550 2382 πολεμίων
572 2333 764 2370 διατιθεῖσα
782 2336 796 2352 ⁰
809 2331 872 2378 τὴν
902 2331 1121 2382 ἀνθρωπίνην

100 2394 215 2445 φύσιν,
246 2394 376 2443 μᾶλλον
397 2392 432 2431 δὲ
451 2393 511 2431 καὶ
530 2392 670 2431 ἐκείνων
698 2392 947 2445 χαλεπωτέρα,
970 2393 1039 2444 ὅσῳ
1062 2392 1121 2430 καὶ

101 2453 196 2505 ψυχὴ
223 2453 383 2504 σώματος
398 2453 572 2503 ἀμείνων;
591 2447 642 2491 ὟΩ.
659 2454 720 2491 καὶ
736 2452 869 2505 ἀλόγων
899 2456 996 2504 ὑμεῖς
1014 2457 1119 2501 ἀνοη-

100 2515 250 2565 τότεροι,
270 2514 328 2552 καὶ
348 2518 458 2552 κυνῶν
473 2514 722 2567 ἀναιδέστεροι.
745 2515 912 2564 Οὐδαμοῧ
925 2515 992 2568 γὰρ
1004 2515 1120 2554 τοιαύ-

102 2591 143 2621 τη
166 2574 254 2625 μίξις
274 2577 356 2627 παρ’
377 2574 538 2623 ἐκείνοις,
558 2576 633 2612 ἀλλ’
656 2563 879 2627 ἐπιγινώσκει
909 2575 987 2619 τοὺς
1015 2577 1120 2620 ἰδίους

101 2635 228 2686 ὅρους-ἡ
244 2635 343 2687 φύσις
355 2651 362 2658 ·
378 2639 474 2685 ὑμεῖς
493 2634 528 2673 δὲ
544 2635 604 2673 καὶ
621 2639 688 2673 τῶν
710 2635 844 2686 ἀλόγων
859 2636 1063 2690 ἀτιμότερον
1080 2638 1119 2676 τὸ

100 2696 195 2747 γένος
211 2696 417 2748 εἰργάσασθε
436 2696 501 2734 ἀτὸ
521 2696 684 2749 ὑμέτερον
712 2695 986 2747 καθυὸρίζοντες.
1006 2697 1117 2736 Πόθεν

100 2751 157 2794 οὖν
183 2760 292 2794 ταῦτα
323 2757 446 2809 ἐτέχθη
479 2756 523 2794 τὰ
542 2757 652 2803 κακά;
673 2755 757 2794 Ἀπὸ
786 2760 937 2809 τρυφῆς,
961 2759 1030 2797 ἀπὸ
1059 2763 1118 2797 τοῦ

97 2816 148 2866 μὴ
167 2817 291 2855 εἰδέναι
311 2817 401 2855 Θεόν
414 2833 421 2840 ·
438 2817 519 2855 ὅταν
540 2817 606 2869 γὰρ
627 2817 802 2854 ἐκὸάλωσί
821 2833 909 2861 τινες
937 2821 1040 2858 αὐτοῦ
1060 2821 1117 2859 τὸν

100 2877 215 2928 φόδον,
237 2878 352 2916 πάντα
370 2877 502 2930 οἴχεται
517 2878 637 2917 λοιπὸν
656 2877 700 2915 τὰ
718 2878 822 2916 καλά.

149 3011 214 3050 Ἵν’
236 3006 294 3049 οῧν
311 3012 359 3063 μὴ
387 3017 486 3051 τοῦτο
504 3013 667 3065 γένηται,
688 3015 822 3066 ἔχωμεν
841 3016 909 3067 πρὸ
929 3018 1116 3067 ὀφθαλμῶν

99 3073 226 3125 ἀκριὸἧ
246 3074 302 3112 τὸν
329 3077 387 3112 τοῦ
403 3076 494 3112 Θεοῦ
515 3074 632 3125 φόὸον.
646 3075 757 3114 Οὐδὲν
777 3076 866 3128 γὰρ,
890 3077 985 3114 οὐδὲν
1006 3077 1115 3119 οὕτως

1198 595 1350 631 rumque
1374 591 1452 633 post
1475 581 1687 618 excisionem
1708 580 1811 618 utiles
1835 581 1977 618 fuerunt
1997 596 2004 617 :
2025 581 2103 620 viro
2120 596 2183 618 au-

1199 650 1269 678 tem
1284 642 1319 678 in
1337 641 1555 679 meretricem
1571 655 1740 679 converso
1754 641 1846 678 nihil
1866 641 2026 679 inutilius
2042 643 2147 679 fuerit
2172 658 2179 678 :

1199 715 1311 750 neque
1333 701 1427 738 enim
1451 701 1568 738 anima
1598 701 1726 749 solum,
1746 700 1808 738 sed
1834 700 1941 738 etiam
1966 715 2093 753 corpus
2112 702 2183 740 viri

1196 764 1280 800 talia
1300 764 1407 814 passi,
1422 763 1615 813 ignominia
1635 763 1781 814 plenum
1796 772 1857 811 est,
1872 772 1905 800 et
1920 763 2071 814 dignum
2086 764 2182 814 quod

1198 823 1357 873 undiquc
1381 823 1548 874 pellatur.
1570 824 1667 869 Quot
1689 822 1855 872 gehennae
1881 823 1953 860 illis
1980 824 2181 862 sufficient?

1196 883 1235 921 Si
1251 897 1334 921 vero
1355 884 1552 933 gehennam
1576 882 1724 919 audiens
1747 883 1842 919 rides
1857 892 1889 920 et
1906 883 2109 922 incredulus
2129 900 2179 931 es,

1196 943 1380 980 recordare
1394 942 1487 993 ignis
1503 942 1602 979 illius
1624 942 1861 979 Sodomorum
1878 958 1885 978 ε
1902 943 2058 981 vidimus
2071 946 2181 991 enim,

1195 1002 1353 1040 vidimus
1378 1011 1411 1039 et
1433 1002 1469 1039 in
1498 1002 1662 1053 praesenti
1683 1003 1754 1039 vita
1785 1003 1950 1052 gehennae
1978 1004 2180 1055 imaginem.

1195 1063 1289 1109 Quia
1315 1064 1409 1101 enim
1434 1063 1540 1100 multi
1560 1062 1618 1109 iis,
1636 1077 1714 1113 quae
1734 1063 2025 1101 resurrectionem
2041 1079 2184 1115 sequen-

1194 1133 1264 1172 tur,
1294 1124 1403 1161 fidem
1441 1124 1601 1162 habituri
1637 1138 1705 1161 non
1740 1134 1851 1170 erant,
1877 1139 1970 1162 nunc
2004 1126 2184 1165 audientes

1194 1185 1313 1236 ignem
1330 1185 1660 1237 inexstinguibilem
1679 1200 1763 1234 esse,
1781 1177 1877 1224 Deus
1892 1186 1973 1223 illos
1995 1201 2012 1224 a
2033 1201 2184 1238 praesen-

1192 1245 1289 1283 tibus
1312 1245 1357 1282 ad
1386 1260 1508 1283 sanam
1536 1256 1689 1284 mentem
1707 1246 1863 1284 reduxit.
1884 1247 1985 1284 Talis
2005 1248 2116 1298 igitur
2133 1258 2184 1286 est

1193 1307 1429 1345 Sodomorum
1447 1308 1539 1359 ignis
1559 1317 1593 1346 et
1612 1308 1818 1346 incendium
1836 1324 1843 1343 ε
1861 1317 1894 1345 et
1910 1308 2024 1346 sciunt
2041 1309 2108 1357 illi,
2123 1311 2184 1360 qui

1191 1383 1231 1406 eo
1250 1383 1286 1407 se
1309 1370 1551 1415 contulerunt,
1569 1379 1602 1407 et
1629 1370 1773 1422 plagam
1798 1369 1898 1407 illam
1917 1369 2091 1408 divinitus
2111 1371 2181 1408 im-

1192 1431 1337 1469 missam
1358 1441 1390 1470 et
1416 1447 1652 1484 supernorum
1675 1432 1868 1484 fulminum
1894 1447 1983 1484 opus
2003 1433 2180 1472 viderunt.

1193 1493 1321 1543 Cogita
1343 1503 1516 1544 quantum
1535 1493 1581 1531 sit
1600 1503 1798 1545 peccatum,
1811 1494 1906 1544 quod
1926 1494 1983 1532 vel
1999 1504 2079 1532 ante
2094 1505 2182 1534 tem—

1192 1568 1259 1605 pus
1273 1555 1468 1605 gehennam
1484 1569 1654 1607 apparere
1677 1556 1841 1607 coegerit.
1860 1556 1954 1602 Quia
1969 1557 2064 1594 enim
2078 1558 2182 1595 multi

1192 1616 1301 1654 verba
1326 1616 1388 1654 illa
1415 1617 1669 1669 despiciebant,
1686 1618 1852 1669 gehennae
1879 1617 2069 1669 imaginem
2088 1633 2180 1658 novo

1192 1677 1300 1715 modo
1326 1677 1480 1715 ostendit
1508 1677 1580 1715 illis
1606 1680 1714 1717 Deus.
1736 1678 1878 1716 Etenim
1904 1681 2078 1730 stupenda
2107 1690 2181 1717 erat

1192 1737 1315 1788 pluvia
1340 1737 1417 1786 illa,
1441 1737 1524 1787 quia
1547 1737 1660 1775 coitus
1675 1738 1735 1775 ille
1754 1747 1882 1789 praeter
1900 1748 2065 1776 naturam
2087 1749 2178 1788 erat;

1192 1806 1225 1834 et
1257 1797 1446 1836 inundavit
1470 1807 1613 1846 terram,
1630 1798 1714 1848 quia
1742 1798 1886 1835 illorum
1911 1798 2017 1835 etiam
2043 1799 2179 1836 animas

1192 1857 1473 1910 concupiscentia
1516 1857 1764 1896 inundaverat.
1801 1856 1885 1895 Ideo
1932 1859 2179 1896 consuetudini

1192 1919 1367 1956 contraria
1386 1928 1459 1956 erat
1475 1919 1600 1970 pluvia
1628 1935 1635 1955 :
1661 1933 1730 1957 non
1756 1919 1864 1956 modo
1890 1920 1985 1957 enim
2005 1929 2105 1957 terrae
2123 1921 2177 1959 vi-

1191 1993 1287 2018 scera
1307 1994 1375 2018 non
1395 1980 1566 2019 excitavit
1580 1980 1626 2017 ad
1641 1981 1779 2018 fructus
1799 1980 2038 2032 proferendos,
2059 1982 2118 2019 sed
2133 1982 2179 2020 il·

1191 2043 1263 2080 lam
1282 2043 1329 2080 ad
1351 2043 1526 2081 seminum
1554 2045 1812 2096 susceptionem
1832 2045 1988 2096 ineptam
2003 2045 2174 2084 reddidit.

1193 2104 1292 2141 Talis
1307 2104 1400 2142 enim
1414 2113 1488 2141 erat
1503 2105 1616 2142 coitus
1633 2105 1793 2142 virorum
1822 2105 1858 2142 in
1883 2114 1976 2142 terra
2002 2105 2178 2144 Sodomo—

1191 2178 1290 2213 rum,
1317 2165 1384 2201 tale
1414 2178 1543 2216 corpus
1572 2164 1735 2202 inutilius
1762 2164 1927 2202 reddens.
1954 2165 2053 2211 Quid
2084 2167 2177 2204 enim

1190 2224 1268 2262 viro
1284 2225 1505 2263 meretricem
1523 2226 1640 2276 agenti
1669 2226 1920 2263 exsecrabilius
1937 2235 1968 2264 et
1983 2227 2177 2265 infamius?

1191 2285 1222 2322 Ο
1249 2285 1426 2325 furorem!
1449 2300 1469 2323 o
1489 2286 1689 2338 stuporem!
1718 2285 1907 2331 Quomodo
1939 2286 2018 2324 haec
2050 2300 2178 2325 concu-

1191 2345 1359 2396 piscentia
1389 2355 1543 2397 grassata
1577 2355 1642 2395 est,
1675 2360 1753 2397 quae
1788 2346 1982 2384 humanam
2014 2356 2178 2385 naturam

1190 2404 1291 2454 quasi
1305 2404 1422 2442 hostes
1440 2404 1533 2442 bello
1549 2404 1697 2453 invasit;
1711 2404 1783 2442 imo
1802 2404 1965 2442 hostibus
1979 2405 2066 2456 ipsis
2079 2414 2177 2443 tanto

1190 2466 1382 2512 molestior,
1394 2475 1525 2517 quanto
1545 2466 1662 2503 anima
1682 2466 1806 2504 melior
1823 2475 1872 2504 est
1882 2467 2046 2519 corpore?
2065 2468 2096 2505 O
2114 2481 2177 2505 vos

1188 2527 1494 2565 irrationabilibus
1523 2526 1852 2577 irrationabiliores,
1873 2537 1907 2572 et
1929 2528 2076 2565 canibus
2106 2528 2177 2564 im—

1187 2586 1434 2638 pudentiores!
1469 2588 1653 2636 Nusquam
1699 2587 1793 2623 enim
1833 2586 1930 2638 apud
1975 2587 2056 2625 illos
2092 2589 2175 2625 talis

1187 2648 1324 2694 coitus,
1361 2647 1421 2685 sed
1453 2656 1578 2684 natura
1609 2660 1690 2684 suos
1724 2647 1890 2686 terminos
1917 2647 2061 2698 agnovit
2071 2663 2082 2697 3
2111 2662 2174 2686 vos

1186 2723 1270 2746 vero
1306 2722 1416 2759 genus
1447 2717 1616 2746 —vestrum
1660 2708 1858 2758 ignobilius
1902 2709 2065 2746 effecistis
2111 2724 2175 2760 per

1186 2768 1354 2820 injuriam
1381 2778 1527 2806 tantam.
1555 2768 1744 2806 Undenam
1775 2769 1851 2806 haee
1882 2778 1957 2806 orta
1991 2779 2073 2807 sunt
2098 2785 2175 2807 ma-

1185 2830 1243 2866 la?
1261 2832 1291 2866 A
1310 2829 1505 2881 voluptate,
1528 2829 1572 2865 ab
1593 2842 1632 2866 eo
1651 2829 1746 2879 quod
1766 2830 1883 2866 Deum
1898 2844 1967 2867 non
1984 2843 2174 2881 cognosce-

1185 2890 1286 2928 retis:
1308 2905 1390 2928 cum
1417 2891 1511 2927 enim
1536 2889 1684 2940 quidam
1712 2890 1787 2941 ejus
1815 2889 1977 2927 timorem
1993 2890 2171 2941 ejecerint,

1186 2952 1304 2990 omnia
1317 2951 1462 2989 demum
1479 2951 1571 2988 bona
1593 2951 1747 2988 avolant.

1237 3014 1274 3050 4.
1303 3014 1355 3050 Ne
1380 3013 1491 3063 igitur
1515 3012 1552 3049 id
1576 3011 1725 3058 accidat,
1749 3013 1911 3049 timorem
1938 3012 2005 3050 Dei
2033 3013 2173 3050 assidue

1184 3089 1256 3127 prae
1276 3075 1389 3112 oculis
1404 3074 1610 3112 habeamus.
1629 3072 1730 3111 Nihil
1749 3073 1854 3117 enim,
1873 3073 1963 3110 nihil
1983 3073 2030 3111 ita
2050 3074 2168 3111 homi-

100 3133 286 3172 ἀπόλλυσιν
307 3133 497 3187 ἄνθρωπον,
515 3137 561 3178 ὥς
583 3135 623 3174 τὸ
643 3135 770 3183 ταύτης
788 3139 944 3174 ἐκπεσεῖν
965 3139 1027 3181 τῆς
1047 3138 1113 3187 ἀγ-
1137 3148 1161 3177 Ε
1184 3150 1265 3174 nem
1286 3134 1418 3187 perdit,
1437 3143 1478 3171 ut
1501 3147 1583 3172 cum
1601 3148 1621 3170 a
1648 3133 1711 3170 tali
1740 3132 1873 3170 excidit
1903 3147 2042 3183 ancora,
2060 3148 2172 3184 neque

146 3252 162 3274 b
186 3250 247 3282 Alii
261 3257 428 3294 νομοθέται.
444 3259 492 3288 καὶ
509 3257 556 3288 διὰ
571 3260 599 3289 τί
613 3271 620 3296 ;
639 3258 675 3289 δι’
692 3258 783 3289 οὐδέν·

147 3311 158 3326 n
183 3300 231 3332 Al.
250 3307 482 3344 ἀποτμηθέντες.

146 3355 162 3376 ¹*
187 3352 275 3385 Alius
291 3356 372 3391 ὑετὸς
398 3364 450 3394 τῆς
472 3362 606 3395 συνήθους
634 3366 738 3403 φορᾶς.
759 3362 790 3392 οὗ
805 3365 875 3403 γάρ.
894 3361 974 3401 Quae
1002 3358 1102 3392 lectio

104 3415 169 3436 non
188 3403 384 3446 spernenda.

1216 3265 1229 3279 ⁰
1253 3254 1342 3286 Alius
1361 3262 1398 3298 τῇ
1415 3258 1582 3297 ἀνθρωπίνῃ
1599 3255 1689 3297 φύσει.

1212 3307 1227 3331 <¹
1254 3307 1317 3348 [A.
1333 3313 1365 3337 et
1380 3316 1483 3347 marg.
1501 3304 1600 3337 Sax-il.
1625 3311 1659 3339 τὸ
1676 3310 1838 3351 ἡμέτερον,
1857 3311 1903 3339 καὶ
1923 3308 2089 3351 ὐίζοὶζοντες
2114 3321 2174 3341 τοι·

1169 3366 1244 3394 αὔτα.
1263 3365 1310 3393 καὶ
1328 3361 1363 3393 δι’
1378 3362 1525 3397 ἀλλήλους
1544 3359 1737 3404 ὐὸρίζοντες-]
