2466 3805
702 204 743 232 ΙΝ
782 204 897 233 ACTA
935 202 1282 232 APOSTOLORUM.

100 288 158 324 καὶ
188 285 332 332 ἤκουσε,
360 301 387 322 π
360 286 586 329 πιστευθῗναι
609 285 739 327 δίκαιος
760 285 798 322 ἂν
836 279 888 331 ἦν.
923 285 964 322 l
956 302 965 321 ι
991 284 1057 334 γὰρ
1079 283 1123 320 τὰ

99 351 157 384 τοῦ
190 348 342 399 Χριστοῦ
374 345 512 425 {Bi{t›‚b
530 346 632 397 φησὶ,
661 347 780 383 πολλῶ
816 347 911 396 μᾶλλ
913 362 948 383 ον
978 344 1022 382 τὰ
1054 347 1121 382 τῶν

100 407 313 446 ἀποστόλων.
333 406 381 445 Τί
400 409 475 453 οὖν;
497 405 688 459 Ῑίστορία
684 407 785 444 μόνον
805 407 844 445 τὸ
863 406 1011 458 πρᾶγμά
1031 406 1122 451 ἐστι,

99 484 158 506 και
173 467 412 518 Πνευματος”
390 483 533 519 αμοιρος
547 471 563 506 5
579 467 698 518 λόγος;
713 469 901 518 Οὐδαμῶς.
918 469 1021 510 Πῶς·
1013 496 1023 513 ,
1039 465 1122 505 Οτι

98 528 188 581 ἅπερ
207 530 238 567 οἵ
259 530 422 581 ἀπαρχῆς
452 529 624 567 αὐτόπται
656 530 715 566 καὶ
748 528 919 579 ὑπηρέται
947 527 1123 579 γενόμενοι

98 593 158 627 τοῦ
182 589 284 640 λόγου
316 591 409 642 αὐτῷ
440 590 660 642 παρέδοσαν,
690 595 750 628 τοῦ
783 588 987 639 Πνεύματος
1019 583 1122 634 ἦσαν.

98 650 170 688 Καὶ
195 651 287 689 διατί
306 651 355 702 μὴ
389 645 495 698 εἶπεν,
527 651 579 689 ὅτι
612 651 725 694 καθὼς
755 650 949 703 παρέδοσαν
980 653 1064 698 ἡμῖν
1094 651 1125 685 οἱ

100 710 306 761 Πνεύματος
322 712 419 764 ἁγίου
444 710 713 756 καταξιωθέντες
727 724 741 757 ,’
758 712 849 758 ἀλλ’,
869 711 916 748 Οἱ
935 711 995 746 ἀπ’
1014 710 1126 761 ἀρχῆς

102 772 271 810 αὐτόπται
293 773 490 824 γενόμενοι;
507 771 593 810 “Ort
616 766 716 810 τοῦτο
744 771 897 821 μάλιστα
927 771 975 812 εἷς
1008 768 1124 806 πίστιν

100 833 192 870 ἐστὶν
211 832 422 880 ἀξιόπιστον,
442 833 481 870 τὸ
495 832 591 883 παρὰ
607 835 788 869 αὐτοπτῶν
810 834 943 881 μαθεῖν·
962 831 1072 867 ἐκεῖνο
1091 827 1124 865 δὲ

100 893 159 930 καὶ
177 893 378 941 ἀλαζονεία,
395 894 476 932 οκαὶ
494 897 597 945 τῦφος
616 892 656 930 ἂν
672 891 764 936 ἔδοξε
781 897 852 934 τοῖς
880 891 1048 937 ἀνοήτοις.
1063 889 1127 927 Διὸ

99 953 158 991 καὶ
175 953 338 1000 Ἰωάννης
353 954 460 998 οὕτως
479 954 593 1006 ἔλεγεν
607 970 614 977 ·
635 952 729 1005 Ἐγὼ
748 951 889 1004 ἑώρακα
909 951 968 989 καὶ
991 967 1127 1003 μεμαρ-

861 1013 931 1052 Καὶ
943 1016 961 1051 5
975 1013 1128 1065 Χριστὸς

1078 1072 1092 1087 ὃ

1095 1076 1127 1112 Ο

101 1137 241 1187 οἴδαμεν
267 1139 454 1189 λαλοῦμεν,
485 1138 546 1176 καὶ
577 1138 595 1176 ὃ
627 1137 832 1190 ἑωράκαμεν
872 1139 1126 1188 μαρτυροῦμεν,

131 1014 138 1025 ’
266 1015 282 1030 c!
344 1010 364 1031 ’δ’
398 1015 405 1026 ¹
444 1018 454 1030 3
548 1019 558 1032 <
600 1016 634 1029 *ex
713 1018 733 1026 m
816 1018 837 1026 ω

100 1030 246 1067 τυρηκα,
261 1032 314 1054 οτι
325 1031 421 1059 ουτος
439 1032 530 1054 εστιν
545 1033 562 1054 ο
577 1017 600 1053 l
613 1031 659 1059 ιος
674 1031 733 1053 του
745 1017 849 1054 Θεου.

102 1075 136 1113 δὲ
159 1075 248 1114 οὕτω
265 1076 460 1128 διαλέγεται
474 1079 524 1128 τῷ
543 1075 738 1127 Νικοδήμῳ
758 1074 956 1128 παχυτέρῳν
969 1075 1041 1112 ὄντι
1054 1089 1061 1096 ·

100 1198 160 1236 καὶ
179 1198 241 1245 τὴν
263 1199 456 1252 μαρτυρίαν
485 1201 586 1250 ἡμῶν
606 1199 716 1243 οὐδεὶς
735 1198 946 1249 ἀλαμὸάνει.
961 1197 1031 1236 Καὶ
1053 1197 1126 1235 πά-

99 1261 153 1297 λιν
171 1259 322 1308 δεικνὺς,
342 1260 518 1299 ὅτιπολλὰ
537 1260 596 1299 καὶ
619 1261 688 1299 ἀπὸ
700 1260 811 1310 ὄψεως
831 1265 1017 1312 μαρτυρεῖν
1035 1259 1127 1303 ἐστι,

100 1327 171 1364 τοῖς
186 1326 358 1371 μαθηταῖς
373 1322 470 1373 ἔλεγε
481 1338 488 1346 ·
502 1323 573 1361 Καὶ
585 1325 684 1373 ὑμεῖς
703 1328 911 1374 μαρτυρεῖτε
929 1321 1009 1371 περὶ
1027 1323 1126 1371 ἐμοῦ,

101 1380 154 1419 ὅτι
174 1384 235 1420 ἀπ’
257 1385 368 1435 ἄρχῆς
390 1387 465 1434 μετ’
488 1387 572 1434 ἐμοῦ
594 1386 684 1422 ἐστε.
717 1382 787 1422 Και
810 1381 909 1421 αὐτοι
928 1383 959 1420 οἱ
979 1381 1129 1420 ἀπόστο-

101 1445 155 1480 λοι
183 1445 363 1496 πολλαχοῦ
389 1444 480 1482 οὕτω
514 1444 621 1497 φασί·
650 1444 841 1521 Μάρτυρες
872 1447 973 1494 ἡμεῖς
1003 1442 1063 1481 καὶ
1090 1459 1130 1480 το

102 1505 250 1555 Πνεῦμα
269 1505 308 1543 τὸ
326 1505 436 1556 ἅγιον,
458 1505 476 1544 ὃ
495 1505 660 1544 ἔδωκεν
647 1522 664 1543 ο
682 1505 772 1550 Θεος
791 1511 861 1548 τοῖς
881 1508 1130 1557 πειθαρχοῦσιν

101 1566 206 1618 αὐτῷ.
223 1566 293 1605 Καὶ
309 1566 398 1617 μετὰ
420 1571 531 1605 ταῦτα
553 1566 589 1605 δὲ
605 1566 833 1617 πιστούμενος
855 1565 918 1612 τὴν
940 1565 1130 1604 ἀνάστασιν

98 1630 116 1665 ὁ
132 1626 267 1680 Πέτρος
286 1628 403 1681 ἔλεγεν
414 1645 421 1652 ·
438 1629 576 1672 Οἴτινες
591 1629 830 1681 συνεφάγομεν
844 1628 904 1666 καὶ
924 1627 1130 1678 συνεπίομεν

100 1691 207 1743 αὐτῷ.
229 1690 365 1743 Τοίχιον
387 1690 456 1743 γὰρ
485 1690 548 1737 τὴν
576 1690 675 1743 παρὰ
700 1693 769 1728 τῶν
793 1690 1054 1743 συγγενομένων
1075 1693 1129 1728 ἇν-

99 1750 246 1801 Ορώπων
278 1752 470 1805 μαρτυρίαν
506 1752 684 1805 ἐδέχοντο,
718 1752 775 1790 διὰ
807 1753 847 1790 τὸ
879 1755 941 1799 τῆς
962 1750 1041 1803 περὶ
1070 1756 1128 1790 τοῦ

101 1810 306 1862 Πνεύματος
325 1813 454 1856 ἐννοίας
484 1814 617 1867 σφόδρα
637 1813 724 1858 τέως
757 1815 910 1852 ἀποδεῖν.
937 1814 1006 1851 Διὰ
1031 1817 1131 1851 τοῦτο

100 1872 159 1909 καὶ
192 1872 358 1920 Ἴωοίννης
376 1876 433 1912 θέν
457 1877 501 1927 τῇ
522 1878 580 1912 τοῦ
603 1874 816 1927 Εὐαγγελίου
847 1878 1029 1927 συγγραφῇ
1050 1874 1125 1912 ἔλε-

100 1948 171 1984 γεν,
197 1934 252 1973 ὅτι
271 1935 372 1979 αὐτὸς
392 1930 460 1973 εἶδε
474 1965 483 1982 ,
503 1935 582 1987 περὶ
607 1941 667 1974 τοῦ
686 1935 832 1986 αἵματος
847 1935 907 1973 καὶ
926 1940 986 1973 τοῦ
1007 1935 1130 1978 ὕδατος

100 1995 360 2046 διαλεγόμενος,
375 1996 437 2043 τὴν
454 1997 532 2049 (Htw
562 1999 678 2039 αὐτοῖς
704 1996 780 2034 ἀντὶ
802 1996 994 2049 μαρτυρίας
1025 1997 1130 2039 τιθεὶς

100 2055 289 2106 μεγίστης·
325 2057 439 2095 καίτοι
466 2058 576 2109 ὄψεως
610 2056 844 2110 ἀκριὸέστερα
878 2057 921 2094 τὰ
942 2057 1041 2111 παρὰ
1069 2061 1127 2096 τοῦ

99 2116 325 2167 Πνεύματος,
353 2119 431 2155 ἀλλ’
468 2119 506 2155 οὐ
529 2118 626 2171 παρὰ
653 2125 723 2161 τοῖς
751 2118 920 2162 ἀπίστοις.
942 2119 1044 2156 Ἐπεὶ
1074 2118 1126 2156 ὅτι

99 2177 304 2228 Πνεύματος
324 2184 483 2231 μετεῖχεν
501 2182 519 2216 ὃ
549 2178 649 2230 ἀνὴρ,
679 2177 897 2230 πολλαχόθεν
917 2180 1034 2225 δῆλον,
1057 2180 1126 2218 ἀπό

96 2252 135 2275 τε
153 2241 222 2276 τῶν
246 2239 402 2290 σημείων
424 2256 492 2277 των
524 2244 581 2278 νῦν
602 2255 808 2291 γινομενων,
829 2240 900 2279 ἀπό
914 2256 953 2278 τε
976 2244 1036 2278 τοῦ
1065 2241 1123 2279 καὶ

97 2313 175 2341 τους
200 2299 370 2352 τυχόντας
388 2300 467 2339 τότε
497 2300 780 2352 μεταλαμοάνειν
806 2301 1033 2352 Πνεύματος,
1055 2302 1125 2341 ἀπό

96 2374 133 2397 τε
147 2375 210 2406 της
225 2361 369 2401 Παύλου
392 2363 583 2415 μαρτυρίας
608 2357 688 2415 (οῧ
707 2363 787 2416 γὰρ,
812 2363 928 2416 φησὶν,
943 2366 961 2401 ὁ
987 2363 1123 2407 ἔπαινος

97 2421 131 2458 ἐν
151 2424 201 2474 τῷ
221 2423 452 2476 εὐαγγελίῳ),
482 2424 552 2462 ἀπό
566 2440 604 2462 τε
624 2428 686 2471 τῆς
709 2425 801 2463 κατὰ
824 2424 888 2472 τὴν
907 2426 1122 2479 χειροτονίαν

95 2481 226 2534 ψήφου.
243 2483 366 2522 Εἰπὼν
382 2485 450 2538 γὰρ
463 2489 585 2533 τοῦτο,
606 2485 728 2538 ἐπάγει
741 2502 749 2509 ·
767 2485 873 2524 Ἀλλὰ
888 2486 947 2524 καὶ
964 2502 1123 2541 χειροτο-

95 2543 207 2590 νηθεὶς
225 2545 292 2583 ὑπὸ
319 2548 388 2584 τῶν
404 2547 641 2595 Ἐκκλησιῶν,
658 2547 873 2598 συνέκδημος
887 2550 989 2599 ἡμῶν
1020 2550 1054 2586 ἐν
1078 2551 1121 2599 τῇ

96 2606 217 2657 χάριτι
233 2606 344 2659 ταύτῃ
360 2611 402 2658 τῇ
421 2608 670 2661 διακονουμένῃ
691 2613 735 2661 ὑφ
751 2612 865 2660 ἡμῶν.

148 2666 218 2706 Καὶ
246 2668 310 2721 δ’ρα
344 2671 446 2709 αὐτοῦ
471 2671 510 2710 τὸ
541 2669 683 2723 ἄτυφον.
700 2672 753 2709 Οὐ
788 2670 856 2724 γὰρ
874 2671 984 2722 λέγει,
1004 2671 1044 2710 τὸ
1061 2671 1122 2722 μὲν

95 2731 233 2780 πρῶτον
251 2731 462 2783 εὐαγγέλιον,
481 2731 498 2770 ὃ
516 2732 798 2784 εὐηγγελισάμην
810 2748 817 2756 ·
833 2731 923 2770 ἀλλὰ
933 2762 943 2780 ,
966 2732 1036 2770 Τὸν
1059 2733 1121 2785 μὲν

95 2794 232 2844 πρῶτον
251 2791 353 2844 λόγον
382 2793 617 2845 ἐποιησάμην,
645 2793 785 2837 μείζονα
805 2796 929 2832 ἑαυτοῦ
955 2787 1042 2832 εἶναι
1064 2809 1119 2832 νο-

645 2829 650 2844 l

95 2852 203 2902 μίζων
227 2857 286 2893 τοῦ
307 2854 507 2906 εὐαγγελίου
527 2854 590 2901 τὴν
621 2855 871 2907 προσηγορίαν.
901 2854 1030 2893 Καίτοι
1045 2871 1083 2908 γε
1104 2860 1122 2895 ὃ

95 2914 286 2958 ἀπόστολος
311 2917 465 2953 εντεῦθεν
483 2917 584 2955 αὐτὸν
607 2922 731 2967 κοσμεῖ
755 2911 997 2968 λέγων·οῦ
983 2933 1001 2954 0
1022 2933 1119 2955 επαι-

95 2989 149 3018 νος
162 2977 196 3013 ἐν
211 2980 261 3014 τῶ
291 2978 491 3030 εὐαγγελίῳ.
508 2978 601 3016 Ἀλλ’
621 2978 722 3022 αὐτὸς
744 2979 921 3030 μετριάζει
936 2979 996 3017 καί
1015 2995 1118 3032 φησι·

95 3036 166 3074 Τὸν
185 3037 228 3086 με
230 3054 246 3075 ν
278 3042 427 3126 τρῶτνζον
433 3040 570 3092 λόγον’
555 3040 776 3091 εποιησάμην
796 3039 877 3092 περὶ
902 3040 1065 3089 πάντων,
1090 3058 1118 3078 ω

1021 3072 1094 3115 Νζ]

95 3097 266 3150 Θεόφιλε,
287 3103 334 3138 ων
363 3099 492 3152 ἤρξατο
520 3104 538 3139 ὃ
564 3101 700 3149 5ἸΓσοῦς
728 3107 838 3140 ποιεῖν
860 3117 898 3139 τε
925 3101 983 3140 καὶ
1017 3110 1116 3140 οιοα-

138 3215 154 3238 b
179 3212 270 3246 Editi
287 3221 315 3249 τί
331 3217 379 3249 οὖν
395 3220 468 3257 ἐκεῖ,
487 3215 545 3248 sed
561 3222 618 3251 ἐκεῖ
634 3214 728 3249 abest
745 3217 786 3249 ab
804 3217 958 3250 omnibus
974 3218 1050 3250 Mss.
1071 3227 1102 3250 et

95 3264 147 3296 hic
162 3264 362 3308 superfluum
378 3274 438 3299 est.

138 3327 150 3339 ε
175 3317 263 3351 Alius
280 3324 328 3352 καὶ
343 3322 428 3365 ‘rufos
444 3322 513 3354 εἶναι
529 3323 615 3354 δοκεῖ.

306 3393 400 3417 ΤΟΜ.
435 3395 485 3418 IX.

1323 202 1479 233 ιιοΜιι.
1520 204 1549 232 ι.
2150 190 2175 234 5

1193 297 1304 335 opus,
1330 292 1364 321 ct
1388 283 1526 336 Spiritu
1546 297 1699 322 vacuum
1727 284 1804 322 est?
1825 285 2067 336 Nequaquam.
2098 290 2178 333 Quo

1192 344 1323 396 pacto?
1349 344 1528 392 Quoniam
1555 359 1617 394 ea,
1639 358 1715 396 quae
1734 345 1803 398 ipsi
1833 345 2057 384 tradiderunt
2072 348 2097 385 ii
2118 349 2178 398 qui

1195 403 1357 443 viderant
1374 414 1408 443 et
1427 405 1583 443 ministri
1603 405 1775 443 sermonis
1793 405 1949 455 fuerant,
1980 421 2025 445 ex
2044 407 2180 459 Spiritu

1193 474 1304 503 eraut.
1329 467 1379 505 Et
1393 481 1456 504 cur
1471 480 1542 505 non
1558 466 1674 517 dixit,
1697 466 1799 505 Sicut
1815 466 2040 505 tradiderunt
2054 468 2156 506 nohis
2173 499 2180 515 ‚

1193 526 1255 576 qui
1281 528 1418 579 Spiritu
1447 537 1567 566 sancto
1600 527 1738 579 dignati
1771 537 1884 579 erant,
1918 528 1994 577 sed,
2032 530 2105 579 Qui
2135 532 2182 566 ab

1197 590 1308 625 initio
1338 590 1525 627 ‘viderunt
1538 594 1554 626 P
1572 590 1667 636 Quia
1686 589 1754 627 hoc
1771 590 1927 627 maxime
1946 590 2056 628 fidem
2079 591 2181 635 facit,

1195 661 1277 684 cum
1290 649 1335 685 ab
1353 649 1397 686 iis
1417 649 1504 701 ipsis
1519 650 1580 700 qui
1602 650 1770 688 viderunt
1784 660 1969 700 narratur3
1989 650 2081 688 illud
2100 665 2186 691 Vero

1195 708 1436 759 arrogantiam
1459 718 1492 746 et
1518 711 1651 748 fastum
1670 725 1744 762 prae
1764 725 1800 749 se
1819 712 1961 749 tulisset
1979 712 2075 763 apud
2093 711 2184 750 insi-

1195 767 1342 818 pientes.
1364 769 1449 807 Ideo
1467 772 1619 808 Joannes
1648 771 1810 809 dicebat:
1826 774 1911 824 Ego
1938 774 2038 822 vidi,
2070 782 2105 811 et
2130 782 2185 810 te-

1197 831 1417 867 stimonium
1442 833 1634 882 perhibui,
1668 835 1762 883 quia
1781 834 1843 870 hie
1865 842 1920 870 est
1949 835 2077 872 Filius
2098 836 2184 871 Dei.

1199 889 1364 928 Christus
1398 905 1485 928 vero
1517 892 1568 929 sie
1595 892 1792 942 alloquitur
1815 893 2051 932 Nicodemum
2070 895 2187 933 adhue

1196 949 1402 989 rudiorem:
1426 953 1540 1002 Quod
1554 955 1694 990 scimus
1713 954 1920 1005 loquimur,
1947 963 1983 992 et
2010 957 2114 1006 quod
2128 960 2187 993 νὶ-

1198 1012 1325 1050 dimus
1343 1021 1542 1062 testamur,
1560 1022 1596 1050 et
1612 1017 1872 1052 testimonium
1894 1024 2065 1053 nostrum
2080 1031 2190 1054 nemo

1198 1076 1352 1125 accipit.
1373 1075 1424 1112 Ac
1442 1089 1586 1112 rursum
1601 1075 1788 1113 ostendens
1803 1077 1916 1114 multa
1939 1091 1982 1114 ex
2004 1078 2189 1115 oculorum

2200 785 2289 816 loun.
2306 785 2387 824 ῐ.3Ἰ’·.

2207 966 2388 994 lb1'‹l.3.1‹.

1196 1135 1398 1174 testimonio
1419 1136 1510 1184 dici,
1532 1136 1720 1189 discipulis
1739 1136 1902 1176 dicebat:
1921 1140 1976 1176 Et
1994 1154 2065 1177 vos
2086 1144 2188 1177 testi-
2203 1151 2282 1178 ltu!
2303 1153 2347 1179 15.

1188 1197 1375 1249 ficamini
1404 1200 1451 1236 de
1470 1213 1542 1246 me,
1569 1202 1661 1251 quia
1691 1201 1739 1236 ab
1776 1202 1887 1236 initio
1910 1214 2057 1238 mecum
2085 1204 2187 1239 estis.

1203 1257 1360 1308 Apostoli
1379 1272 1518 1309 quoque
1539 1272 1631 1310 saepe
1651 1258 1700 1296 ita
1727 1258 1934 1309 lequuntul.
1974 1262 2006 1297 Τ
2005 1270 2100 1299 estes
2122 1275 2209 1299 7205

1198 1328 1234 1357 et
1261 1320 1424 1372 Spiritus
1449 1330 1622 1367 sanetus,
1645 1335 1760 1374 quem
1780 1323 1886 1359 dedit
1904 1323 2009 1360 Deus
2030 1325 2189 1361 creden—

1200 1383 1301 1419 tibus
1326 1384 1368 1420 ιἰι
1391 1396 1444 1420 se.
1470 1383 1596 1421 Postea
1610 1397 1694 1422 vero
1715 1384 1859 1429 Petrus,
1882 1392 1922 1420 ut
1944 1385 2189 1423 resurrectioni

1200 1442 1311 1480 fidem
1330 1444 1455 1490 faciat,
1476 1443 1584 1481 dicit:
1601 1445 1677 1495 Qui
1704 1445 2025 1483 manducavimus
2040 1454 2076 1483 et
2097 1448 2190 1484 bibi-

1155 1517 1179 1546 1)
1202 1518 1286 1543 mus
1302 1519 1389 1543 eum
1410 1506 1491 1543 illo.
1513 1506 1671 1544 Facilius
1691 1505 1784 1543 enim
1807 1520 1930 1543 eorum
1950 1506 2192 1544 testimonium

1201 1565 1459 1615 admittebant,
1485 1566 1548 1616 qui
1572 1566 1705 1605 wetsati
1734 1566 1873 1605 sueiaiit
1895 1581 1976 1605 cum
1992 1567 2054 1605 illo
2067 1570 2193 1620 ,quod

1202 1626 1321 1665 adhuc
1334 1628 1438 1679 longe
1455 1628 1615 1666 abessent
1636 1642 1655 1664 a
1677 1628 1800 1666 notitia
1820 1629 1989 1681 Spiritus.
2010 1629 2243 1688 (Ξιιειῑιιιὼ-ζιν

1202 1703 1276 1726 rem
1296 1689 1476 1728 Joannes
1467 1704 1504 1727 1n
1520 1689 1719 1741 Evangelio
1740 1689 1883 1728 dicebat
1902 1704 1938 1728 se
1957 1705 1980 1729 x
1984 1690 2091 1729 idisse
2107 1722 2118 1742 ‚
2150 1678 2244 1730 (1(335

1202 1751 1377 1802 sanguine
1399 1760 1432 1788 et
1451 1765 1543 1801 aqua
1563 1750 1732 1801 loquens,
1752 1751 1933 1789 oculatum
1952 1752 2193 1791 testimonium

1202 1820 1241 1848 ut
1266 1812 1468 1849 maximum
1486 1825 1624 1864 ponens
1632 1827 1643 1861 3
1659 1812 1799 1851 etiamsi
1819 1813 1933 1851 oculis
1957 1815 2106 1852 certiora
2124 1815 2193 1853 sint

1201 1885 1239 1910 ea
1258 1886 1336 1923 quae
1350 1887 1370 1910 a
1385 1873 1521 1925 Spiritu
1542 1873 1838 1925 proficiscuntur3
1858 1874 1922 1912 sed
1934 1889 2008 1913 uon
2028 1875 2125 1928 apud
2140 1876 2192 1914 in-

1201 1933 1377 1971 credulos.
1414 1934 1524 1982 Quod
1552 1948 1637 1973 vero
1680 1935 1836 1987 Spiritus
1866 1936 2043 1988 particeps
2077 1938 2192 1975 Lucas

1199 1995 1326 2045 fuerit,
1347 2001 1393 2033 ex
1414 1995 1537 2033 multis
1555 1995 1785 2048 perspicuum
1818 2006 1885 2046 est3
1917 2007 1993 2035 tum
2013 2012 2057 2036 ex
2079 1998 2190 2049 signis

1199 2072 1278 2108 quae
1298 2067 1383 2095 tunc
1402 2058 1535 2095 fiebant
1547 2087 1558 2107 ,
1580 2067 1658 2095 tum
1674 2058 1768 2109 quod
1789 2059 1851 2096 illo
1867 2068 2025 2111 tempore
2039 2061 2189 2111 quilibet

1198 2118 1356 2170 Spiritus
1377 2128 1490 2156 essent
1513 2119 1724 2170 patticipe55
1744 2127 1821 2157 tum
1842 2133 1886 2157 ex
1906 2121 2009 2158 Pauli
2026 2121 2185 2160 testimo-

2292 1282 2317 1300 ε.
2339 1274 2389 1301 32.

2213 1274 2271 1300 Ῐιῖ,

2207 1452 2390 1490 spetiali«.

1197 2179 1282 2216 nio:
1307 2181 1425 2232 Cujus
1449 2180 1535 2218 laus
1559 2189 1616 2218 est
1635 2183 1676 2217 in
1707 2182 1922 2233 evangelio,
1953 2182 2088 2233 inquit3
2110 2193 2185 2221 tum
2203 2197 2228 2215 τι
2250 2190 2316 2218 (ον,
2338 2192 2368 2219 S.

1197 2254 1242 2278 ex
1272 2240 1509 2279 otdinationis
1534 2241 1692 2291 calculo;
1720 2251 1799 2294 post
1820 2242 1913 2281 illud
1939 2245 2034 2281 enim
2062 2244 2184 2282 addit:

1195 2302 1271 2341 Sed
1295 2311 1331 2340 et
1351 2303 1554 2341 ordinatus
1573 2311 1628 2340 est
1647 2305 1696 2340 ab
1714 2304 1902 2342 Ecclesiis
1933 2318 2059 2343 comes
2073 2319 2185 2356 pere-

1194 2366 1430 2416 grinationis
1450 2373 1592 2402 nostra?
1613 2367 1654 2401 in
1677 2365 1780 2402 hanc
1794 2368 1979 2417 gratiam,
2005 2379 2089 2418 quoe
2117 2371 2185 2404 mi-

1197 2428 1387 2465 nistratur
1401 2440 1427 2464 a
1447 2428 1565 2465 nobis.

1152 2699 1167 2722 5
1250 2671 1286 2707 ὅ.
1317 2669 1365 2707 Et
1382 2668 1466 2709 vide
1485 2683 1592 2720 quam
1611 2668 1690 2706 sita
1706 2669 1798 2706 fastu
1825 2669 1974 2708 alienus.
1995 2673 2073 2710 Non
2089 2673 2183 2711 enim

1195 2731 1300 2781 dicit,
1322 2731 1486 2770 Primum
1519 2729 1759 2782 evangelium,
1791 2731 1889 2781 quod
1918 2733 2180 2785 evangelizavi3

1194 2793 1255 2832 sed
1268 2823 1280 2843 7
1301 2795 1478 2831 Primum
1499 2806 1713 2831 sermonem
1729 2793 1811 2844 feei
1824 2821 1835 2842 7
1860 2807 1894 2830 se
1912 2795 2084 2846 majorem
2110 2810 2183 2834 esse

1192 2863 1323 2907 putans
1365 2853 1543 2905 evangelii
1570 2853 1872 2905 appellationem:
1905 2854 2043 2893 etiamsi
2076 2857 2182 2895 illum

1192 2916 1275 2955 inde
1307 2917 1488 2969 apostolus
1516 2916 1681 2964 celebret,
1700 2915 1842 2953 dicens:
1866 2918 1984 2969 Cujus
2018 2919 2104 2958 laus
2126 2930 2181 2958 est

1191 2982 1233 3016 in
1268 2979 1481 3030 evangelio.
1528 2977 1602 3017 Sed
1633 2978 1693 3015 ille
1721 2977 1879 3016 modeste
1915 2980 1966 3017 sic
1993 2980 2177 3031 loquitur:

1192 3042 1368 3078 Primum
1397 3040 1549 3091 quidem
1569 3053 1783 3078 sermonem
1810 3041 1891 3091 feci
1915 3042 1962 3078 de
1988 3046 2177 3090 omnibus,

1192 3115 1213 3138 o
1243 3101 1466 3153 Theophde,
1488 3114 1575 3153 quae
1598 3103 1711 3152 eoepit
1732 3101 1846 3138 Jesus
1860 3102 1997 3153 faeere
2011 3112 2048 3140 et
2064 3105 2181 3142 doce-

1213 3217 1230 3241 d
1254 3216 1348 3248 Unus
1363 3214 1448 3248 Cod.
1467 3219 1623 3258 λαμέάνει.

1169 3277 1335 3315 μαρτυρεῖν
1352 3274 1498 3314 ἐπέτρεπε
1513 3271 1615 3309 λέγων,
1635 3272 1684 3300 καὶ
1700 3269 1791 3309 ὑμεῖς.

1218 3328 1229 3341 ²'
1249 3319 1350 3354 Savil·
1367 3328 1399 3351 ct
1417 3331 1498 3351 unus
1514 3316 1598 3351 Cod.
1618 3323 1647 3351 ἐν
1664 3328 1704 3361 τῷ
1723 3322 1880 3361 εὐαγγελίῳ
1897 3328 1964 3354 τότε
1982 3326 2091 3364 ἔλεγεν,

1645 3217 1692 3248 διὸ.
1708 3221 1796 3248 τοῦτο
1820 3219 1919 3249 πολλὰ
1942 3223 1989 3251 καὶ
2010 3224 2069 3253 ἀπὸ
2091 3223 2182 3263 ὅψεως

1931 3386 1954 3407 ς)

1931 3411 1953 3419 a<

2205 2229 2251 2259 IS
