2502 3810
114 2791 204 2820 Ilum.
237 2799 282 2820 10.

118 2842 164 2859 ιο.

116 2874 186 2900 Lur.
199 2882 228 2911 9.
250 2873 299 2903 26.

876 275 950 306 JOA
960 275 1060 306 NNIS
1096 274 1318 305 CHRYSOST
1327 295 1335 304 .

323 266 411 325 78¹¹}
801 277 837 306 S.

329 368 394 398 tur
406 367 474 397 aut
487 357 703 409 offenditur
729 357 1042 409 autinfirmatur.
1064 357 1202 393 Rursus
1223 355 1304 407 plus

325 420 449 470 exigit,
470 427 509 456 ut
523 431 592 455 non
605 416 711 455 modo
731 430 800 454 non
817 425 933 467 cogat,
955 417 1015 455 sed
1032 426 1069 454 ut
1085 431 1158 455 sese
1180 417 1232 454 illi
1247 431 1304 454 ac·
1328 424 1351 455 E

318 478 530 517 commodet
548 479 640 516 Nam
659 487 693 516 et
706 477 767 515 ille
785 478 853 516 hoc
865 492 958 530 saepe
982 479 1082 527 fecit;
1105 488 1143 516 ut
1161 477 1304 529 quando

317 539 552 588 circumcidit,
574 539 716 589 quando
730 553 764 577 se
776 538 942 588 totondit,
957 529 1099 589 quando
1117 540 1138 579 J
1142 538 1305 577 udaicam

323 601 424 639 illam
450 601 666 638 oblationem
698 600 842 638 obtulit.
861 600 935 637 Nec
958 599 1046 637 dicit
1065 599 1134 649 illi,
1167 608 1208 637 ut
1237 600 1306 638 hoc

315 663 435 712 faciat,
459 661 522 700 sed
552 661 653 712 quasi
674 661 877 713 opinionem
902 675 1003 699 suam
1020 661 1168 713 profert,
1186 670 1226 698 ut
1258 674 1301 699 ne

319 723 554 761 infirmiorem
585 723 690 760 illum
727 722 946 774 ignaviorem
976 722 1114 760 reddat.
1136 722 1185 759 Et
1209 722 1301 772 qnid

314 784 427 822 dicit?
459 785 612 821 Bonum
646 792 702 821 est
731 797 811 821 non
839 785 1036 821 comedere
1066 797 1216 822 carnes.
1256 783 1304 821 Et

324 843 412 895 quid
434 844 514 882 dico
542 844 686 882 carnes?
705 844 857 882 Etiamsi
875 845 1013 895 vinum,
1039 844 1176 882 etiamsi
1204 844 1305 882 aliud

316 905 458 957 quidvis
481 906 697 945 offendiculo
726 907 783 955 sit,
812 906 974 944 abstine:
997 906 1089 944 nihil
1114 907 1209 945 enim
1237 922 1303 960 par

324 976 375 1005 est
392 966 498 1004 saluti
522 967 642 1005 fratris
666 968 732 1006 tui.
749 968 895 1018 Hocque
914 968 1078 1006 Christus
1107 969 1284 1020 significat

314 1028 375 1078 qui
396 1028 440 1065 de
453 1027 538 1065 caelo
559 1028 754 1078 descendit,
771 1037 806 1066 et
828 1029 947 1066 omnia
965 1043 1030 1080 pro
1049 1030 1152 1067 nobis
1177 1044 1302 1082 passus
1327 1036 1352 1064 Α

318 1098 380 1127 est.
398 1088 602 1140 Perpendas
633 1089 738 1128 etiam
773 1089 897 1139 velim,
920 1090 1098 1140 quomodo
1126 1100 1161 1128 et
1187 1091 1291 1129 illum

315 1163 454 1199 quoque
469 1149 695 1200 perstringat,
709 1149 829 1187 dicens
843 1166 852 1188 z
866 1152 1094 1203 Offenditur
1107 1160 1177 1189 aut
1189 1166 1304 1190 scan-

324 1210 524 1246 dalizatur
537 1218 605 1247 aut
627 1210 858 1262 infirmatur.
874 1211 928 1249 Ne
947 1210 1038 1248 mihi
1053 1210 1163 1260 dicas,
1176 1212 1304 1263 inquit,

315 1269 410 1320 quod
428 1279 555 1321 praeter
582 1271 766 1319 rationem,
790 1271 853 1308 sed
873 1271 969 1322 quod
989 1272 1302 1323 corrigere-queas,

315 1344 397 1368 nam
407 1331 651 1383 sufficiensjus
669 1332 775 1369 habet
794 1341 832 1369 ut
848 1334 995 1384 juvetur
1009 1334 1084 1384 ejus
1096 1333 1283 1371 infirmitas
1291 1350 1302 1382 3

314 1402 347 1430 et
366 1393 431 1430 tibi
452 1393 593 1430 nullum
611 1394 694 1431 hinc
708 1394 879 1431 damnum
905 1395 1192 1445 emergstmeque
1210 1396 1303 1433 enim

314 1453 515 1505 hypocrisis
536 1463 587 1491 est
602 1454 707 1503 illud,
717 1454 778 1492 sed
797 1454 986 1493 {edificatio
1005 1465 1039 1492 et
1053 1455 1209 1506 prudens
1223 1470 1304 1493 con-

314 1516 449 1553 silium.
465 1517 556 1553 Nam
577 1516 606 1553 si
624 1516 777 1566 coegeris
792 1517 909 1563 illum,
937 1526 971 1554 et
986 1518 1199 1569 repugnabit
1216 1528 1249 1556 et
1271 1527 1304 1557 te

314 1577 513 1627 damnabit,
533 1588 566 1617 et
598 1579 713 1630 magis
732 1579 936 1617 firmabitur
967 1589 1008 1617 ut
1024 1594 1093 1618 non
1113 1581 1273 1619 comedat
1293 1597 1301 1618 ε

315 1639 342 1676 si
365 1654 450 1678 vero
472 1640 661 1691 indulgens
681 1640 801 1689 sueris,
832 1649 866 1678 te
887 1641 1036 1690 amabit,
1060 1656 1125 1680 nec
1142 1642 1304 1681 dolorem

323 1711 526 1753 suspectum
542 1702 700 1750 habebit,
720 1717 760 1740 ac
784 1702 1099 1754 deinceps”pote1·is
1114 1705 1243 1742 sensim
1264 1706 1300 1743 in

315 1762 378 1800 illo
395 1772 489 1801 recta
507 1763 678 1801 seminare
697 1763 876 1814 dogmata.
898 1764 938 1802 Si
966 1778 1050 1802 vero
1075 1765 1184 1803 semel
1202 1766 1239 1803 in
1270 1776 1304 1805 te

313 1823 438 1861 odium
451 1824 666 1876 conceperit,
683 1824 823 1862 aditum
834 1839 976 1863 omnem
992 1826 1112 1863 verbis
1126 1827 1196 1864 tuis
1212 1842 1303 1879 prae-

313 1884 464 1922 elusisti.
489 1885 542 1923 Ne
561 1885 678 1936 itaque
693 1899 797 1936 cogas
825 1885 944 1937 illum,
959 1886 1019 1925 sed
1036 1896 1074 1925 tu
1090 1898 1234 1941 propter
1251 1889 1302 1927 il-

314 1945 390 1982 lum
427 1946 577 1994 abstine,
611 1960 680 1984 non
706 1947 806 1997 quasi
835 1947 880 1985 ab
914 1948 1115 1999 immundo,
1138 1950 1197 1988 sed
1219 1951 1304 2001 quia

314 2007 473 2057 alioquin
488 2007 542 2044 illi
557 2007 774 2045 offendiculo
794 2022 849 2046 res
871 2008 936 2046 erit
959 2025 966 2046 :
989 2018 1022 2047 et
1046 2010 1097 2048 sic
1111 2010 1172 2048 ille
1189 2012 1304 2063 magis

314 2079 347 2107 te
357 2070 504 2108 amabit.
525 2071 578 2108 Ita
593 2079 626 2108 et
644 2070 719 2122 ipse
731 2072 865 2109 Paulus
874 2073 1192 2126 p1·aecepit,;dicens
1208 2077 1305 2112 :Bo-

315 2144 407 2168 num
421 2140 476 2169 est
492 2145 570 2168 non
580 2133 778 2170 comedere
790 2146 950 2179 carne5;
964 2148 1033 2171 non
1046 2135 1143 2185 quod
1153 2135 1307 2173 immun-

314 2192 359 2229 da
371 2206 424 2230 res
444 2193 573 2241 sit,sed
593 2193 686 2244 quod
704 2194 811 2232 frater
830 2195 1086 2234 scandalizetur
1099 2206 1132 2235 et
1151 2197 1307 2236 infirme-

313 2261 383 2289 tur.
406 2255 468 2290 92.
504 2255 559 2290 Tu
579 2254 708 2306 fidem
736 2256 886 2293 habes?
912 2258 1038 2294 Penes
1069 2261 1306 2309 temetipsum

323 2316 436 2352 habe.
459 2315 528 2352 Hic
552 2316 641 2352 mihi
666 2316 810 2354 videtur
833 2318 1078 2368 perfectiorem
1099 2333 1199 2357 vanae
1229 2321 1306 2372 glo-

315 2377 376 2413 riae
393 2376 498 2414 tacite
511 2389 677 2413 accusare
698 2392 705 2413 :
722 2377 791 2414 hoc
812 2386 932 2414 autem
949 2378 1027 2417 vult
1044 2379 1306 2432 indica1·e.}Vis

316 2438 406 2476 mihi
441 2437 622 2476 ostendere
654 2447 687 2476 te
726 2440 924 2490 perfectum
953 2449 987 2478 et
1021 2452 1305 2482 consummatum

315 2500 406 2537 esse?
436 2500 489 2537 Ne
509 2497 547 2536 id
574 2498 847 2550 mihideclares,
861 2499 921 2538 sed
952 2501 1037 2539 satis
1057 2502 1103 2541 sit
1130 2504 1196 2542 tibi
1220 2518 1306 2542 eon-

315 2562 471 2601 scientia.

370 2624 406 2661 5.
427 2623 552 2662 Fidem
579 2632 697 2662 autem
717 2623 778 2662 hic
797 2637 868 2662 non
897 2639 988 2675 eam,
1007 2641 1086 2677 quae
1102 2628 1202 2677 scii-ca
1232 2628 1304 2667 do-

314 2694 432 2736 gmata
445 2695 508 2734 est,
526 2685 629 2735 dicit,
653 2685 713 2723 sed
727 2700 820 2736 eam,
842 2701 919 2737 quae
935 2687 982 2725 ad
997 2702 1071 2726 rem
1088 2691 1304 2742 propositam

314 2756 458 2798 spectat.
479 2748 533 2784 De
562 2746 625 2784 illa
658 2747 753 2784 enim
776 2747 878 2794 dicit,
901 2750 975 2786 Ore
998 2759 1128 2788 autem
1147 2754 1305 2805 confes-

314 2811 370 2845 sio
375 2809 432 2860 fit
447 2808 501 2845 ad
517 2809 700 2855 salutem,
717 2816 763 2856 et,
788 2810 863 2859 Qui
882 2813 1077 2860 negaverit
1096 2826 1156 2849 me
1174 2826 1305 2851 coram

316 2870 548 2919 hominibus,
570 2870 718 2920 negabo
735 2877 772 2906 et
789 2883 856 2920 ego
885 2884 983 2909 eum.
1001 2871 1067 2908 Illa
1099 2873 1193 2910 enim
1221 2874 1306 2912 sub-

315 2929 434 2979 vertit,
459 2929 527 2966 nisi
541 2943 618 2966 eam
641 2929 873 2966 confiteamur
881 2945 893 2980 3
913 2931 989 2969 haec
1009 2946 1109 2983 vero,
1131 2934 1160 2972 si
1179 2935 1306 2973 intem-

314 2990 449 3042 pestive
481 2989 727 3027 confiteamur.
751 2991 897 3029 Beatus
934 2994 1001 3043 qui
1041 2987 1119 3030 nort
1150 2996 1305 3046 judicat

314 3055 557 3103 semetipsum
570 3054 611 3088 in
624 3065 667 3089 eo
686 3054 791 3103 quod
803 3055 954 3104 probat.
971 3054 1109 3093 Rursus
1128 3055 1303 3096 infirmio-

314 3127 388 3150 rem
408 3113 564 3163 incessit,
585 3112 809 3164 ostenditque
828 3113 919 3151 hanc
939 3114 1007 3167 ipsi
1026 3116 1189 3155 sufficere
1203 3132 1301 3158 coro-

314 3188 409 3221 nam,
427 3173 648 3211 conscientiae
662 3187 803 3226 nempe.
824 3174 976 3213 Etiamsi
993 3176 1087 3215 enim
1102 3177 1208 3216 homo
1229 3193 1299 3219 non

360 3309 375 3331 l>
400 3307 493 3339 Idem
503 3309 570 3350 [A]
583 3318 682 3351 ραγεῑν
699 3315 796 3353 κρέας·
817 3313 864 3342 καὶ
882 3314 993 3352 τῖλε-μ)
1012 3318 1107 3355 κρέας.
1127 3320 1157 3345 (¹2
1177 3314 1260 3346 iufra
1279 3317 1324 3348 sic

319 3366 413 3395 ,1:275ss
429 3360 498 3399 [Sic
515 3372 546 3400 p.
566 3362 600 3390 74
617 3364 641 3398 1,
658 3362 710 3401 B]

361 3420 373 3433 ἢ
401 3408 492 3441 Idem
515 3416 562 3444 ἐὰν
590 3414 617 3444 δὲ
648 3416 727 3450 ἅπαξ
744 3427 783 3444 σε.
806 3413 873 3453 [Sic
898 3414 932 3444 A.
951 3415 1005 3455 qui
1023 3422 1053 3446 et
1070 3427 1166 3458 supra
1186 3424 1324 3457 ἀναιςθὴ-

1288 1000 1299 1019 7
1314 1000 1361 1024 71¹⁴

1376 272 1564 308 ARCHIEP
1574 297 1583 308 .
1620 276 1979 311 CONSTANT1NOP.‘

1376 356 1438 403 τὴν
1470 357 1665 406 Ἰουδαϊκὴν
1693 359 1811 397 θυσίαν
1833 360 1978 406 ἐκείνην.
2006 361 2075 399 Καὶ
2095 378 2131 401 ου
2164 364 2203 403 >έ
2187 381 2255 416 γει
2286 366 2393 417 αὐτῶ,

1377 417 1430 455 ὅτι
1450 418 1614 467 ποίησον,
1633 418 1713 458 ἀλλ
1732 422 1765 458 ἐν
1786 420 1880 465 τάξει
1898 420 2041 471 γνώμης
2062 423 2146 461 αὐτὸ
2167 424 2321 473 τίθησιν
2341 426 2396 463 ἰνα

1378 477 1426 528 μὴ
1459 480 1589 517 ἐκεῖνον
1618 480 1722 518 πάλιν
1757 481 1986 533 ῥαθυμότερον
2016 497 2145 535 ποιησῃ
2166 483 2224 521 τὸν
2252 486 2393 524 ἀσθενέ-

1375 553 1507 591 στερον.
1525 540 1595 577 Καὶ
1611 539 1670 577 τί
1664 555 1767 591 φησι,
1783 540 1917 604 Καλὸνω
1921 541 1960 579 τὸ
1977 540 2189 594 μὴῧφαγεῖν
2208 560 2269 596 κρε
2255 544 2306 583 ἀ.
2329 546 2396 583 Και

1374 598 1409 636 τί
1439 599 1530 651 λέγω
1550 600 1656 653 κρέας
1685 599 1760 638 Κᾶν
1787 604 1876 644 οἶνος
1894 605 1936 653 ᾖ,
1964 602 2028 640 κᾶν
2048 603 2133 641 ἄὶλο
2155 606 2266 642 ὁτιοῦν
2286 609 2396 644 τοιοῦ-

1374 676 1430 698 τον
1451 661 1698 709 σκανδαλίζον,
1716 661 1870 714 ἀπέχου·
1888 662 1985 701 οὐδὲν
2001 663 2069 715 γὰρ
2095 664 2168 703 ἴσον
2195 669 2256 712 τῆς
2280 682 2395 713 σωτη-

1376 721 1449 772 ρίας
1468 725 1528 759 τοῦ
1548 722 1711 773 ἀδελφοῦ.
1733 724 1802 761 Καὶ
1822 728 1922 761 τοῦτο
1943 724 2041 770 δηλοῖ
2060 728 2078 762 ὃ
2097 726 2265 778 Χριστὸς,
2288 727 2347 764 καὶ
2362 726 2397 770 ἐξ

1373 783 1525 833 οὐρανῶν
1547 783 1829 834 παραγενόμενος
1842 812 1852 828 ,
1869 783 1928 822 καὶ
1944 783 2059 822 πάντα
2082 785 2201 823 παθὼν
2229 787 2271 824 δι’
2289 790 2397 836 ἡμᾶς,

1374 842 1464 894 ἅπερ
1483 842 1602 881 ἔπαθε.
1619 843 1753 882 Σκόπει
1772 844 1808 882 δέ
1829 860 1888 895 μοι
1903 847 1977 887 πῶς
1996 845 2055 883 καὶ
2070 845 2200 884 ἐκείνου
2220 851 2394 885 καθικνεῖ-

1373 920 1454 950 ται,
1475 904 1584 955 λέγων
1604 920 1611 927 ·
1634 905 1857 956 Προσκόπτει
1875 905 1897 951 ἢ
1925 906 2192 950 σκανδαλίζεται
2210 906 2232 953 ἢ
2251 910 2395 946 ἀσθενεῖ.

1374 964 1434 1011 Μὴ
1457 965 1525 1017 γάρ
1546 980 1606 1016 μοι
1630 966 1730 1016 λέγε,
1753 966 1878 1018 φησὶν,
1902 967 1956 1005 ὅτι
1986 967 2134 1019 ἀλόγως,
2156 970 2233 1006 ἀλλ’
2256 969 2310 1007 ὅτι
2339 969 2398 1007 δύ-

1372 1042 1476 1064 νασαι
1491 1030 1722 1078 κατορθῶσαι.
1746 1027 1814 1066 Καὶ
1833 1027 1900 1080 γὰρ
1920 1029 2044 1080 ἀρκοῦν
2063 1029 2134 1080 ἔχει
2154 1029 2331 1079 δικαίωμα
2351 1032 2398 1073 εἰς

1372 1088 1411 1126 τὸ
1439 1091 1639 1138 βοηθεῖσθαι
1658 1088 1720 1135 τὴν
1749 1088 1926 1127 ἀσθένειαν
1957 1091 2100 1136 ἐκεῖνος,
2123 1090 2182 1128 καὶ
2208 1090 2260 1129 σοὶ
2282 1091 2396 1141 βλάὸη

1373 1149 1516 1200 οὐδεμία
1535 1165 1542 1173 ·
1563 1149 1639 1187 οὐδὲ
1661 1149 1728 1202 γὰρ
1747 1149 1927 1202 ὑπόκρισις
1952 1151 1991 1189 τὸ
2011 1151 2160 1203 πρᾶγμά
2180 1154 2293 1200 ἐστιν,
2320 1153 2396 1189 ἀλλ’

1373 1210 1538 1261 οἰκοδομὴ
1558 1211 1616 1248 καὶ
1636 1210 1828 1261 οἰκονομία.
1846 1209 1906 1249 Ἂν
1931 1212 1993 1261 μὲν
2012 1211 2079 1262 γὰρ
2100 1213 2322 1264 ἀναγκάσῃς,
2338 1213 2396 1250 καὶ

1373 1271 1585 1310 καταλύεται
1604 1272 1664 1309 καὶ
1685 1277 1745 1310 σοῦ
1762 1271 2045 1323 καταγνώσεται,
2069 1272 2128 1310 καὶ
2149 1274 2280 1323 μᾶλλον
2307 1276 2397 1312 οἷκο-

1374 1333 1611 1382 δομηθῆσεται
1641 1334 1689 1376 εἷς
1710 1331 1749 1369 τὸ
1780 1332 1828 1382 μὴ
1857 1332 1980 1370 ἐσθίειν
1999 1348 2006 1355 ·
2023 1332 2082 1370 ἐὰν
2103 1333 2139 1370 δὲ
2160 1335 2396 1384 συγκαταὸᾕς,

1372 1393 1459 1435 τέως
1477 1409 1514 1431 σε
1541 1393 1735 1444 ἀγαπήσει,
1767 1393 1827 1430 καὶ
1845 1395 1908 1443 οὐχ
1936 1392 2003 1435 ἕξει
2028 1409 2066 1431 σε
2093 1396 2127 1431 ἐν
2155 1393 2287 1445 ὑποψίᾳ
2306 1396 2396 1432 διδά-

1375 1469 1502 1491 σκοντα
1517 1482 1526 1499 ,
1564 1454 1623 1490 καὶ
1662 1452 1757 1503 λήψῃ
1791 1453 1911 1490 λοιπὸν
1945 1451 2099 1496 ἐξουσίαν
2137 1455 2398 1501 ἀνεπαισθήτως

1374 1513 1526 1565 σπείρειν
1549 1515 1582 1550 ἐν
1603 1515 1697 1564 αὐτῷ
1715 1511 1760 1549 τὰ
1779 1512 1864 1564 ὀρθὰ
1883 1512 2056 1564 δόγματα,
2078 1512 2162 1551 ξιἊν
2182 1513 2217 1551 δὲ
2237 1515 2397 1559 καθάπαξ

1374 1590 1413 1612 σε
1433 1573 1585 1625 μισήσῃ,
1603 1573 1661 1611 καὶ
1680 1572 1743 1619 τὴν
1762 1572 1892 1611 εἴσοδον
1911 1572 2111 1625 ἀπέφραξας
2134 1577 2184 1627 τῷ
2210 1574 2316 1626 λόγῳ.
2333 1575 2394 1622 Μὴ

1373 1634 1486 1673 τοίνυν
1508 1634 1682 1685 ἀνάγκαζε
1702 1636 1850 1681 ἐκεῖνον,
1871 1633 1960 1672 ἀλλὰ
1987 1634 2046 1672 καὶ
2071 1635 2172 1678 αὐτὸς
2196 1635 2328 1687 ἀπέχου
2351 1638 2395 1674 δι’

1373 1698 1517 1739 ἐκεῖνον,
1543 1698 1610 1747 οὐχ
1631 1698 1678 1739 ὡς
1701 1694 1896 1746 ἀκαθάρτου
1917 1694 2153 1747 ἀπεχόμενος,
2177 1697 2253 1734 ἀλλ’
2273 1697 2393 1744 ἐπειδὴ

1374 1757 1641 1801 σκανδαλίζεται
1680 1759 1826 1802 ἐκεῖνος,
1869 1756 1928 1794 καὶ
1966 1756 2098 1806 μᾶλλόν
2132 1772 2170 1795 σε
2203 1758 2391 1809 ἀγαπήσει.

1373 1818 1479 1856 Οὕτω
1504 1817 1563 1856 καὶ
1581 1821 1598 1856 ὁ
1620 1819 1760 1860 Παῦλος
1779 1817 1955 1856 ἐκέλευσεν
1978 1816 2106 1865 εἰπὼν,
2128 1817 2244 1856 Καλὸν
2274 1818 2312 1856 τὸ
2344 1818 2392 1868 μὴ

1373 1885 1492 1932 φαγεῖν
1525 1878 1611 1930 κ’ρέα
1638 1895 1645 1902 ·
1676 1880 1738 1917 οὐκ
1758 1877 1878 1925 ἐπειδὴ
1912 1877 2132 1930 ἀκάθαρτον,
2163 1880 2239 1917 ἀλλ’
2274 1879 2393 1925 ἐπειδὴ

1374 1940 1638 1984 σκανδαλίζεται
1654 1940 1713 1978 καὶ
1733 1942 1896 1978 ἀσθενεῖὸ
1913 1939 2068 1991 ἀδελφός.
2085 1939 2135 1977 Σὺ
2154 1940 2272 1978 πίστιν
2285 1940 2396 1992 ἔχεις,

1376 2001 1477 2039 Κατὰ
1496 2017 1619 2039 σαυτον
1641 2001 1711 2052 ἔχε.
1730 1999 1905 2038 Ενταυθά
1928 2016 1986 2050 μοι
2012 2001 2103 2038 δοκεῖ
2129 2000 2244 2053 ἠρέμα
2263 2017 2322 2038 και
2350 2003 2397 2043 εἷς

1374 2061 1566 2105 κενοδοξίαν
1598 2060 1809 2099 αἷνίττ.σθαι
1836 2061 1893 2099 τὸν
1914 2060 2137 2112 τελειότερον.
2154 2061 2244 2099 ΜΟ
2226 2061 2261 2099 οὲ
2281 2061 2396 2112 λεγει,

1375 2122 1528 2161 τοιουτόν
1557 2126 1655 2161 ἐστι·
1676 2121 1783 2165 θέλεις
1811 2137 1869 2172 μοι
1897 2121 2023 2169 δεῖξαι,
2044 2138 2097 2159 οτι
2124 2122 2200 2160 τέλε
2187 2137 2251 2166 ειος
2280 2126 2309 2160 εἰ
2338 2122 2397 2160 καὶ

1377 2187 1576 2236 ἀπηρτισυε
1563 2183 1652 2231 ’νος;
1670 2182 1767 2229 Μὴ
1753 2199 1830 2233 εμοι
1852 2182 2001 2231 οείκνυε,
2024 2183 2099 2220 ἀλλ’
2120 2182 2269 2234 ἀρκείτω
2290 2198 2343 2222 σοι
2359 2199 2398 2221 το

1376 2244 1543 2288 συνειδὸς.

1430 2635 1556 2673 Πίστιν
1579 2634 1614 2673 δὲ
1638 2637 1782 2673 ἐνταῦθα
1802 2636 1839 2673 οὗ
1866 2635 1928 2681 τὴν
1965 2634 2045 2687 περὶ
2077 2634 2277 2685 δογμάτων,
2306 2635 2395 2673 ἀλλὰ

1375 2697 1437 2745 τὴν
1461 2697 1540 2748 περὶ
1560 2699 1622 2742 τῆς
1641 2695 1871 2747 προκειμένης
1888 2694 2081 2738 ὑποθέσεως
2099 2695 2204 2747 λέγει.
2225 2694 2314 2748 Περὶ
2329 2694 2396 2746 γὰρ

1375 2757 1508 2804 ἐκείνης
1524 2757 1608 2809 φησί
1625 2773 1631 2780 ·
1655 2756 1812 2806 Στόματι
1829 2755 1864 2794 δὲ
1887 2757 2107 2807 ὁμολογεῖται
2127 2757 2174 2799 εἷς
2194 2755 2368 2808 σωτηρίαν
2388 2770 2394 2777 ·

1375 2818 1533 2866 καὶ,“()ς
1553 2819 1581 2855 δ’
1602 2817 1641 2854 ἂν
1666 2816 1860 2868 ἀρνήσηταί
1886 2831 1929 2867 με
1957 2817 2149 2867 ἔμπροσθεν
2176 2819 2244 2854 τῶν
2261 2815 2395 2866 ἀνθρώ-

1374 2896 1468 2927 πων,
1497 2877 1692 2930 ἀρνήσομαι
1718 2877 1819 2915 αὐτὸν
1845 2876 1955 2928 κάγώ.
1980 2876 2121 2923 Ἐκείνη
2153 2876 2214 2926 μὲν
2245 2875 2313 2926 γὰρ
2345 2875 2393 2925 μὴ

1374 2939 1633 2992 ὁμολογουμένη
1668 2937 1922 2989 καταστρέφει,
1953 2936 2040 2984 αὕτη
2069 2936 2105 2975 δε
2136 2936 2393 2987 ὁμολογουμένη

1374 3001 1537 3052 ἀκαίρως.
1558 2997 1740 3050 Μακάριος
1762 3001 1779 3035 ὃ
1800 3014 1848 3048 μη
1866 2996 1990 3049 κρίνων
2011 2996 2128 3034 ἑαυτὸν
2151 2998 2184 3034 ἐν
2201 3000 2229 3049 ᾧ
2247 2996 2395 3047 δοκιμά-

1374 3066 1433 3108 ζει.
1461 3061 1576 3100 Πάλιν
1595 3060 1652 3098 τὸν
1673 3058 1914 3110 ἀσθενεστερον
1935 3057 2102 3105 πλήττει,
2134 3055 2150 3076 ¹³
2165 3072 2223 3094 και
2245 3057 2395 3095 οείκνυσι

1370 3123 1481 3174 τούτῳ
1510 3122 1682 3172 ἀρκοῦντα
1709 3117 1875 3168 στέφανον
1907 3118 1964 3156 τὸν
1991 3121 2050 3155 τοῦ
2082 3117 2287 3160 συνειδότος,
2319 3117 2394 3155 Κᾶν

1370 3184 1439 3236 γὰρ
1462 3178 1645 3233 ἄνθρωπος’
1660 3178 1709 3229 μὴ
1731 3178 1813 3229 ἴδῃ,
1835 3180 1952 3231 ἀρκεῖς
1979 3177 2019 3216 σὺ
2041 3179 2157 3229 σαυτῷ
2178 3181 2224 3222 εἷς
2245 3178 2283 3217 τὸ
2302 3178 2393 3228 γενέ-

1392 3315 1477 3356 τως.]

1435 3368 1450 3391 h
1476 3363 1570 3397 Idem
1590 3368 1637 3396 καὶ
1656 3364 1751 3396 δίδωσι
1771 3364 1876 3403 τούτῳ.
