2466 3805
294 362 757 447 SAVILII
842 363 963 443 IN
1044 358 2046 444 CHRYSOSTOMUM

1144 528 1200 564 IN

423 658 660 726 ACTA
709 615 1429 723 APOSTOLORUM
1474 655 1957 723 JUDICIUM.

181 985 233 1022 Dc
251 992 393 1022 auctore
414 983 544 1021 harum
565 983 601 1019 iu
625 983 711 1018 Acta
730 978 972 1017 Homiliarum
997 989 1165 1028 magnam
1192 988 1264 1014 esse
1286 974 1378 1014 inter
1396 975 1519 1016 doctos
1538 977 1643 1017 video
1668 980 1954 1020 controversiam.
1979 980 2150 1021 Erasmus
2173 983 2209 1022 in

126 1045 287 1098 Epistola
300 1046 455 1097 quadam
474 1045 519 1084 ad
536 1043 776 1093 Tonstallum,
794 1055 964 1093 magnum
984 1055 1048 1078 suo
1071 1048 1230 1091 tempore
1249 1049 1498 1079 ornamentum
1520 1041 1673 1094 Angliae,
1698 1042 1735 1080 in
1757 1042 1939 1082 volumine
1964 1043 2206 1097 Floridarum,

129 1110 193 1145 Ex
223 1110 513 1157 Chrysostomo,
533 1107 663 1157 inquit,
684 1109 726 1143 in
745 1105 854 1143 Acta
884 1113 1079 1142 verteram
1103 1102 1286 1141 homilias
1313 1112 1404 1148 tres;
1426 1106 1536 1156 cujus
1560 1118 1682 1156 operoe
1707 1120 1766 1144 me
1789 1109 1981 1157 poenituit,
2001 1121 2090 1146 cum
2111 1108 2214 1147 nihil

129 1170 191 1207 hic
207 1172 380 1208 viderem
402 1171 683 1220 Chrysostomi.
700 1170 780 1207 Tuo
807 1177 937 1206 tamen
953 1168 1112 1205 hortatu
1144 1169 1269 1217 recepi
1287 1167 1456 1205 codicem
1477 1170 1519 1205 in
1538 1182 1714 1214 manum‚·
1728 1170 1797 1208 sed
1814 1170 1916 1207 nihil
1929 1183 2114 1222 umquam
2135 1171 2211 1224 legi

125 1234 328 1271 indoctius.
352 1235 496 1271 Ebrius
513 1247 559 1271 ac
575 1241 736 1271 stertens
753 1234 958 1270 scriberem
973 1231 1149 1268 meliora.
1169 1231 1300 1267 Habet
1304 1230 1481 1282 frigidos
1496 1232 1721 1279 sensiculos,
1740 1246 1809 1270 nec
1825 1246 1888 1270 eos
1901 1235 1997 1271 satis
2012 1235 2210 1273 commode

122 1304 247 1346 potest
265 1297 471 1348 explicare.
486 1296 571 1334 Haec
589 1296 662 1347 ille,
676 1295 863 1334 severitate
877 1294 1071 1347 plusquam
1089 1292 1247 1331 censoria
1266 1306 1365 1331 usus.
1385 1293 1488 1331 Idem
1500 1302 1618 1332 tamen
1641 1294 1678 1332 in
1693 1294 1905 1333 Praefatione
1923 1295 2009 1333 huic
2023 1294 2117 1335 libro
2132 1297 2207 1334 La—

125 1358 196 1395 tine
214 1372 317 1398 verso
338 1359 489 1411 praefixa
512 1359 611 1397 haud
637 1359 746 1411 paulo
779 1358 914 1407 mitius,
933 1357 1189 1396 Subdubitare
1215 1370 1268 1401 se,
1291 1356 1396 1407 quod
1422 1357 1550 1405 stylus
1570 1358 1728 1395 haberet
1747 1360 1942 1396 concisum
1967 1359 2154 1410 quiddam
2171 1367 2210 1398 et

124 1422 342 1472 abruptum,
361 1422 404 1458 id
423 1423 528 1473 quod
558 1436 584 1458 a
603 1423 738 1473 phrasi
759 1421 1031 1468 Chrysostomi
1053 1419 1266 1456 videbatur
1289 1418 1463 1455 alienum
1479 1434 1490 1454 .·
1508 1421 1542 1456 si
1557 1419 1661 1457 docti
1681 1428 1826 1466 tamen,
1846 1422 1986 1472 inquit,
2000 1421 2209 1459 censebunt

123 1496 216 1534 opus
247 1485 524 1533 Chrysostomo
553 1485 729 1535 dignum,
755 1497 795 1520 se
822 1483 986 1520 libenter
1016 1481 1102 1526 hoc,
1125 1480 1313 1531 quicquid
1338 1488 1408 1526 est,
1439 1483 1670 1532 suspicionis
1692 1483 1924 1533 positurum,
1952 1497 2060 1533 quam
2090 1491 2207 1520 tamen

121 1544 219 1583 haud
237 1554 367 1584 temere
389 1545 588 1598 concepisse
603 1545 673 1583 sibi
695 1545 797 1583 visus
816 1552 878 1582 est.
895 1545 1008 1594 Atque
1029 1551 1069 1580 ut
1089 1542 1231 1580 Erasmi
1252 1541 1489 1594 suspicionem
1510 1557 1673 1594 augeam,
1695 1543 1789 1581 addo
1807 1544 1980 1597 perplexa
1996 1554 2030 1583 et
2045 1545 2206 1583 involuta

119 1606 179 1645 hic
205 1608 354 1659 reperiri
385 1607 634 1660 complurima,
658 1607 828 1659 pleraque
857 1619 979 1658 aspera
1007 1614 1040 1643 et
1067 1604 1261 1654 salebrosa,
1281 1604 1496 1642 ὑποσόλοικα
1514 1605 1640 1655 multa,
1662 1606 1708 1643 ab
1732 1605 1802 1644 alio
1825 1616 2034 1658 argumento
2049 1606 2086 1645 in
2106 1607 2208 1645 aliud.

119 1670 248 1708 saltum
264 1671 382 1723 potius
402 1685 509 1722 quam
527 1670 730 1719 transitum,
746 1678 886 1707 textum
900 1669 956 1707 bis
975 1681 1184 1721 percursum
1204 1664 1317 1719 magis
1330 1681 1437 1718 quam
1462 1668 1697 1720 explicatum,
1721 1669 1914 1708 solemnem
1938 1670 2038 1708 illam
2054 1669 2206 1708 cantile-

122 1746 218 1780 nam,
238 1733 365 1784 ἴδωμεν
386 1734 421 1771 δὲ
440 1734 567 1772 ἄνωθεν
587 1733 630 1771 τὰ
651 1733 817 1785 εἰρημένα
845 1732 904 1771 vel
926 1732 968 1769 τὰ
989 1730 1254 1783 ἀνεγνωσμένα,
1289 1730 1484 1768 sexcenties
1509 1730 1555 1768 ad
1581 1745 1749 1770 nauseam
1772 1746 1885 1783 usque
1911 1733 2137 1771 inculcatam.
2164 1734 2206 1772 In

122 1808 273 1845 summa,
286 1795 455 1839 destituta
476 1796 547 1834 fere
573 1795 691 1833 omnia
714 1794 758 1832 iis
784 1794 997 1843 luminibus,
1016 1793 1061 1831 iis
1086 1792 1256 1831 orationis
1281 1792 1511 1843 ornamentis,
1528 1793 1660 1844 quibus
1686 1793 1942 1834 disertissimus
1963 1795 2019 1836 vir
2041 1795 2204 1849 Chryso-

119 1857 224 1894 stomi
238 1871 364 1895 nomen
379 1857 475 1910 apud
489 1857 731 1910 posteritatem
751 1857 938 1897 invenerit.
957 1859 1116 1896 Tantum
1134 1856 1244 1905 abest,
1259 1864 1299 1893 ut
1314 1857 1336 1896 J
1338 1855 1448 1894 acobo
1462 1855 1571 1894 Billio
1583 1856 1770 1908 assentiar,
1786 1857 1861 1909 qui,
1875 1858 1951 1897 sive
1966 1857 2048 1897 odio
2064 1857 2206 1896 Erasmi

120 1918 334 1970 stimulatus,
357 1934 417 1958 seu
438 1935 508 1971 quo
527 1920 598 1958 alio
612 1921 771 1973 partium
785 1920 906 1958 studio
925 1920 1107 1971 abreptus,
1120 1919 1255 1956 Groeco
1274 1919 1405 1955 codice
1425 1918 1526 1954 nihil
1545 1921 1602 1955 ait
1605 1919 1715 1970 fingi
1726 1933 1840 1970 posse
1860 1921 2089 1972 elegantius,
2106 1922 2207 1959 nihil

119 1983 223 2031 quod
253 1983 524 2031 Chrysostomi
556 1985 721 2034 phrasin
754 1983 892 2020 melius
923 1982 1080 2033 referat.
1102 1980 1246 2026 Quanto
1276 1979 1408 2017 rectius
1435 1978 1663 2018 doctissimus
1696 1980 1756 2019 vir
1779 1981 1979 2021 Flaminius
2005 1983 2173 2022 Nobilius
2195 2001 2203 2023 :

125 2045 306 2091 Omnino,
330 2045 460 2096 inquit,
484 2047 525 2083 hi
548 2046 828 2083 Commentarii
857 2047 899 2082 in
918 2045 1026 2082 Acta
1045 2056 1188 2094 parum
1208 2043 1362 2094 explere
1380 2045 1557 2080 animum
1575 2043 1710 2081 lectori
1726 2053 1901 2095 possunt.
1925 2045 2083 2084 Scatent
2101 2049 2205 2084 enim

121 2107 282 2155 mendis,
303 2115 468 2158 suntque
481 2121 528 2144 esc
549 2109 687 2153 variis,
712 2115 754 2144 ut
767 2115 874 2158 puto,
898 2107 1147 2143 librariorum
1168 2106 1332 2155 scriptis,
1350 2104 1621 2152 Chrysostomi
1641 2108 1791 2143 orantis
1804 2110 2029 2153 sententias,
2051 2121 2203 2160 quoquo

120 2170 231 2206 modo
240 2178 436 2220 poterant,
463 2172 749 2221 excipientium,
772 2170 875 2206 male
895 2175 1183 2218 coagmentata.
1209 2166 1273 2204 His
1293 2166 1437 2204 accedat
1458 2166 1577 2204 Photii
1601 2167 1804 2218 auctoritas,
1824 2169 1885 2220 qui
1905 2169 2203 2223 Chrysostomum

117 2231 262 2283 quidem
278 2232 312 2269 in
333 2235 419 2270 Acta
440 2241 717 2270 commentatum
739 2245 812 2270 esse
826 2231 959 2284 prodit,
979 2230 1040 2269 sed
1058 2230 1226 2268 homilias
1246 2238 1410 2267 numerat
1427 2243 1496 2267 non
1512 2229 1633 2282 plures
1648 2230 1921 2283 quinquaginta,
1942 2247 2068 2285 easque
2088 2235 2202 2273 multo

115 2293 308 2345 elegantius
324 2294 472 2347 scriptas
488 2304 615 2345 censet,
637 2309 746 2347 quam
764 2304 846 2333 sunt
861 2295 930 2332 111ῖο
947 2294 983 2333 in
1004 2293 1159 2333 Genesin
1184 2310 1190 2329 :
1213 2293 1413 2341 ἠλάττωται
1437 2292 1473 2332 δὲ
1494 2293 1590 2344 ὅμως
1611 2294 1780 2345 (scilicet,
1800 2295 1940 2347 phrasis
1963 2296 2202 2336 Homiliarum

115 2356 149 2393 in
166 2356 346 2405 Genesin)
364 2360 426 2404 τῆς
446 2359 479 2395 ἐν
500 2363 575 2400 ταῖς
596 2357 752 2410 Πράξεσι
779 2357 949 2409 φράσεως,
970 2357 1027 2395 ἐπὶ
1048 2357 1087 2395 τὸ
1107 2355 1348 2407 ταπεινότερον
1370 2355 1634 2407 ἀπενηνεγμένη
1649 2372 1657 2392 :
1674 2355 1771 2407 quod
1789 2366 1922 2409 aperte,
1945 2367 1985 2396 ut
2003 2358 2094 2397 mihi
2115 2360 2198 2411 qui-

113 2419 194 2456 dem
213 2418 370 2468 videtur,
393 2419 422 2457 si
439 2418 483 2457 de
503 2419 602 2458 hisce
620 2419 786 2471 accipias,
802 2433 901 2458 secus
915 2428 977 2457 est.
996 2420 1110 2470 Atque
1124 2418 1198 2456 haec
1213 2418 1285 2455 fere
1299 2427 1395 2467 sunt,
1417 2432 1496 2468 quae
1512 2417 1548 2455 in
1568 2432 1646 2456 eam
1662 2428 1802 2470 partem
1817 2419 2021 2458 afferantur.
2037 2421 2126 2468 Quae
2145 2431 2199 2460 ta-

114 2494 192 2517 men
212 2480 331 2519 omnia
351 2495 428 2519 eam
446 2481 522 2520 vim
538 2495 608 2519 non
622 2481 767 2532 habent,
783 2491 823 2519 ut
836 2480 926 2519 mihi
945 2481 1002 2520 vel
1018 2480 1198 2518 tantillum
1220 2478 1454 2532 persuadeant
1472 2479 1615 2531 γνήσιον
1630 2479 1728 2517 hunc
1748 2480 1885 2531 foetum,
1903 2481 1968 2519 etsi
1988 2481 2107 2520 minus
2127 2482 2198 2520 for-

112 2552 202 2581 tasse
222 2546 364 2596 ὡραῖον,
389 2559 408 2582 a
427 2545 558 2597 γνησίῳ
577 2554 678 2597 patre
695 2545 914 2598 abjudicare.
938 2548 988 2583 Ac
1007 2544 1138 2597 primo,
1158 2552 1316 2581 ramenta
1335 2542 1500 2594 quaedam
1523 2542 1657 2594 passim
1679 2552 1865 2596 apparent,
1886 2558 1964 2595 quae
1991 2545 2131 2584 nonnisi
2153 2544 2199 2582 ab

110 2619 214 2643 aurea
230 2606 290 2644 illa
306 2620 396 2646 vena
423 2621 567 2646 manare
589 2617 792 2660 potuerunt.
810 2612 854 2646 At
881 2608 993 2646 multa
1015 2616 1109 2657 sunt,
1130 2606 1263 2657 inquis,
1287 2605 1470 2658 plumbea.
1494 2605 1719 2658 Respondeo,
1735 2606 1935 2658 proclivius
1955 2621 2029 2646 esse
2043 2612 2194 2662 χρυσοῤ-

111 2669 236 2719 ῥήμονι
257 2678 375 2707 nostro
400 2670 534 2708 alicubi
552 2671 653 2709 humi
677 2685 812 2724 repere,
835 2671 993 2722 adeoque
1008 2672 1136 2723 jacere,
1155 2684 1263 2721 quam
1282 2669 1345 2707 alii
1361 2668 1407 2706 ad
1427 2669 1502 2721 ejus
1515 2668 1746 2707 altitudinem
1764 2683 1949 2720 assurgere
1966 2685 1974 2706 :
1994 2679 2033 2708 ut
2050 2680 2197 2723 propter

110 2730 228 2781 aliqua
250 2732 511 2770 admirabiliter
532 2733 664 2786 scripta
686 2734 809 2772 malim
832 2734 1129 2786 Chrysostomum
1159 2731 1351 2770 inscribere
1378 2740 1573 2781 auctorem,
1595 2745 1704 2781 quam
1725 2730 1838 2768 alium
1857 2741 2004 2784 propter
2025 2733 2196 2772 nonnulla

110 2793 293 2831 humilius.
314 2794 454 2832 Deinde
473 2795 554 2845 quis
575 2795 701 2846 nescit,
724 2809 794 2834 non
811 2796 955 2834 eosdem
974 2809 1046 2833 esse
1065 2808 1186 2832 omnes
1202 2792 1497 2845 omnitempore?
1516 2791 1630 2830 Aliter
1645 2792 1856 2843 eloquentiae
1876 2793 2012 2831 Latinae
2030 2794 2194 2847 princeps

109 2855 204 2893 dixit
221 2856 488 2908 adolescentior,
504 2858 605 2897 aliter
614 2860 690 2911 jam
705 2859 911 2898 consularis.
934 2859 981 2897 Et
997 2858 1041 2896 de
1061 2858 1318 2910 Chrysostomo
1337 2865 1457 2895 nostro
1476 2854 1660 2895 verissime
1672 2855 1834 2905 Photius,
1849 2855 1967 2908 ipsum
1981 2857 2193 2909 Antiochiae,

110 2928 281 2958 semotum
295 2935 314 2958 a
331 2920 487 2973 publicis
506 2921 615 2972 curis,
633 2923 748 2960 multo
769 2922 970 2960 accuratius
996 2921 1226 2972 limatiusque
1245 2919 1439 2972 scripsisse,
1453 2933 1562 2970 quam
1578 2918 1730 2957 eundem
1747 2919 2053 2971 Constantinopoli
2073 2923 2194 2973 ἀρχιε-

112 2982 295 3030 ρατεύοντα
316 2999 323 3019 :
345 2984 381 3021 in
401 2984 499 3035 quod
525 2993 666 3037 tempus
687 2986 777 3034 hoec,
792 3000 870 3037 quae
889 2986 925 3023 in
944 2985 1110 3023 manibus
1130 2984 1320 3035 hahemus,
1337 2983 1505 3021 incidisse
1524 2982 1604 3020 luce
1623 2982 1753 3020 clarius
1779 2990 1842 3020 est.
1858 2983 1913 3019 De
1936 2995 2083 3021 numero
2099 2984 2193 3022 Pho-

108 3044 202 3082 tiano
221 3045 428 3098 respondeo,
443 3047 538 3086 idem
554 3048 660 3099 objici
682 3063 784 3101 posse
799 3049 842 3087 de
863 3049 1031 3087 Homiliis
1045 3049 1080 3086 in
1099 3047 1272 3094 Genesin,
1294 3061 1371 3098 quae
1391 3046 1466 3084 sine
1484 3045 1597 3083 dubio
1617 3059 1792 3097 germanae
1812 3053 1908 3096 sunt,
1929 3054 1963 3083 et
1984 3059 2053 3083 non
2073 3046 2192 3099 plures

109 3105 236 3145 Photio
250 3122 319 3146 una
335 3118 368 3147 et
384 3111 579 3161 sexaginta,
596 3125 677 3149 cum
694 3121 810 3150 tamen
831 3126 950 3151 omnes
970 3112 1082 3150 nostri
1105 3111 1254 3149 Codices
1270 3119 1404 3163 septem
1420 3119 1453 3147 et
1470 3108 1654 3160 sexaginta
1672 3109 1872 3160 praefcrant,
1891 3117 1929 3146 ut
1951 3108 2006 3148 vel
2021 3109 2190 3148 Photium

110 3169 167 3206 hic
187 3180 219 3207 ct
235 3170 285 3208 ibi
316 3173 483 3211 memoria
511 3174 648 3226 lapsum
675 3190 747 3213 csse
768 3190 904 3214 11000550
924 3176 980 3226 sit,
997 3176 1052 3214 vel
1068 3176 1102 3213 in
1124 3174 1272 3213 Codices
1292 3173 1458 3212 incidisse
1474 3173 1590 3210 minus
1611 3172 1778 3222 integrOS,
1798 3171 1853 3209 vel
1875 3171 2060 3210 oscitantes
2081 3172 2190 3211 libra—

111 3232 180 3270 rios
198 3232 258 3271 hic
272 3249 335 3286 pro
352 3235 399 3272 νε’
419 3236 515 3274 facili
536 3237 637 3289 lapsu
656 3239 838 3291 scripsisse
854 3239 896 3277 ν’.
920 3239 992 3277 Has
1013 3239 1106 3277 enim
1123 3253 1206 3288 csse,
1222 3253 1308 3290 quas
1320 3238 1395 3290 jam
1412 3236 1576 3274 manibus
1596 3234 1755 3283 terimus,
1776 3248 1844 3272 non
1863 3235 1950 3273 alias
1971 3235 2007 3273 in
2027 3237 2113 3273 Acta
2129 3235 2192 3274 ho—

111 3293 224 3331 milias
244 3309 264 3332 a
280 3296 406 3334 Photio
430 3296 597 3349 intelligi,
622 3301 732 3338 verba
755 3301 866 3352 ipsius
895 3310 1013 3352 aperte
1037 3301 1241 3338 declarant:
1262 3302 1294 3337 αἱ
1316 3298 1382 3349 γὰρ
1407 3301 1452 3340 εἷς
1474 3297 1533 3340 τὰς
1553 3295 1703 3347 Πράξεις
1724 3296 1859 3345 ὁμιλίαι
1888 3295 2103 3342 πεντήκοντα
2129 3296 2190 3346 μέν

112 3356 176 3391 εἷσε
190 3385 198 3403 ,
214 3356 334 3407 0723&
353 3358 387 3397 δὲ
417 3360 459 3396 δι’
479 3360 557 3398 ὅλου
582 3364 674 3412 αὐτῷ
705 3367 762 3401 τοῦ
796 3365 949 3401 ἐνιαντοῧ
977 3364 1183 3416 {sip-Hunni).
1208 3365 1259 3401 Οὔ
1289 3361 1355 3412 γὰρ
1376 3361 1452 3399 καθ’
1478 3359 1612 3411 ἡμέραν
1633 3357 1782 3410 Ταύτας)
1801 3359 1888 3397 ἀλλὰ
1912 3359 1970 3396 καὶ
1988 3359 2075 3409 ὑπὲρ
2094 3358 2195 3397 πένῒὲἐ
