2502 3810
698 276 740 305 IN
779 276 918 305 EPIST-

80 361 158 397 σθαι
174 355 356 409 μακάριος.
374 356 520 403 Ἐπειδὴ
541 355 608 408 γὰρ
629 350 722 404 εἷπε,
740 358 815 394 καθ’
837 356 956 394 ἑαυτὸν
973 355 1096 408 ἐχέτω,

78 418 134 455 ἵνα
162 416 210 467 μὴ
233 416 358 467 νομίσῃ
394 416 515 469 μικρὸν
542 416 581 454 τὸ
607 415 828 468 δικαστήριον
857 419 976 461 τοῦτο,
1002 416 1097 467 λέγει

78 481 140 524 τῆς
158 476 360 527 οἰκουμένης
393 492 447 515 σοι
475 481 575 515 τοῦτο
609 476 756 527 βέλτιον.
775 476 849 515 Κᾶν
876 476 1001 520 πάντες
1035 491 1094 514 σου

77 541 319 591 κατηγορῶσι,
351 538 392 577 σὺ
420 538 455 577 δὲ
483 538 609 576 σαυτὸν
631 537 678 588 μὴ
700 537 929 589 κατακρίνῃς,
950 537 1038 586 μηδὲ
1057 536 1095 574 τὸ

77 599 228 641 συνειδὸς
244 599 473 647 ἐπιλάὸηται,
492 599 660 651 μακάριος
677 592 717 637 εἶ.
736 600 816 650 Οὐχ
831 599 949 639 ἁπλῶς
965 596 1000 635 δὲ
1015 597 1094 648 περὶ

76 661 214 699 πάντων
242 660 351 710 λέγων
377 665 477 699 τοῦτο
504 660 670 698 τέθεικεν.
692 659 773 697 Εἰσὶ
801 658 867 710 γὰρ
895 657 1017 696 πολλοὶ
1045 656 1094 707 μὴ

77 721 341 772 κατακρίνοντες
363 720 521 768 ἑαυτοὺς,
544 720 604 758 καὶ
635 719 766 772 σφόδρα
788 720 1094 769 πλημμελοῦντες·

76 782 108 819 οἳ
125 781 264 819 πάντων
285 781 369 819 εἰσὶν
389 781 591 833 ἀθλιώτεροι
610 796 617 803 ·
638 780 727 818 ἀλλὰ
751 779 837 823 τέως
862 782 924 825 τῆς
951 793 1094 829 προκει-

78 842 183 892 μένης
207 841 400 885 ὑποθέσεως
427 841 555 893 ἔχεται.
577 840 621 879 ‘O
657 840 692 877 δὲ
725 839 1002 892 διακρινόμενος,
1036 838 1092 876 ἐὰν

76 902 168 955 φάγῃ
183 932 192 949 ,
210 902 472 954 κατακέκριται.
490 903 604 939 Πάλιν
623 902 836 952 παρακαλῶν
853 900 953 937 αὐτὸν
974 898 1095 950 φείσα-

76 966 156 1000 σθαι
175 969 234 1001 τοῦ
256 963 518 1013 ἀσθενεστέρου,
546 961 648 998 τοῦτό
675 976 771 1013 φησι.
797 960 844 998 Τί
869 960 936 1012 γὰρ
957 960 1093 1011 ὄφελος,

74 1023 131 1061 ἐὰν
149 1023 240 1075 φάγῃ
259 1023 533 1076 διακρινόμενος,
550 1022 609 1059 καὶ
621 1027 824 1072 κατακρινεῖ
841 1020 982 1066 ἑαυτόν,
998 1019 1094 1070 Ἐγὼ

73 1083 140 1135 γὰρ
157 1086 284 1121 ἐκεῖνον
306 1082 522 1134 ἀποδέχομαι
541 1082 597 1120 τὸν
616 1082 675 1120 καὶ
697 1081 854 1119 ἐσθίοντα
873 1080 932 1118 καὶ
950 1081 997 1130 μὴ
1016 1082 1091 1130 μετ’

73 1143 296 1194 ἀμφιὸολίας.
318 1142 412 1195 εΌρα
430 1146 504 1184 πῶς
524 1142 625 1179 αὐτὸν
644 1141 757 1193 ἐνάγει
772 1143 834 1179 οὒκ
847 1143 895 1184 εἷς
909 1140 948 1178 τὸ
972 1146 1091 1192 φαγεῖν

75 1203 190 1254 μόνον,
205 1202 295 1241 ἀλλὰ
312 1202 372 1240 καὶ
385 1204 433 1245 εἷς
449 1202 487 1239 τὸ
506 1204 648 1253 καθαρῷ
666 1201 833 1240 συνειδότι
850 1206 984 1253 φαγεῖν.
1004 1194 1094 1238 Εἶτά

73 1280 159 1317 φησι
178 1264 237 1301 καὶ
254 1262 316 1310 τὴν
346 1262 483 1307 αἰτίαν,
509 1263 551 1299 δι’
583 1263 624 1309 ἢν
656 1262 924 1314 κατακέκριται,
955 1261 1093 1313 ἐπάγων

73 1325 133 1363 καὶ
159 1324 270 1376 λέγων
290 1339 297 1347 ·
319 1322 406 1362 “On
428 1324 488 1360 οὐκ
515 1324 556 1360 ἐκ
586 1322 737 1367 πίστεως
753 1338 761 1345 ·
778 1325 840 1361 οὒκ
870 1322 988 1369 ἐπειδὴ
1010 1322 1095 1360 ἀκά-

75 1390 211 1439 θαρτον,
231 1386 308 1423 ἀλλ’
330 1384 383 1422 ὅτι
402 1386 464 1422 οὐκ
491 1386 530 1422 ἐκ
547 1383 698 1428 πίστεως
711 1400 718 1407 ·
730 1385 778 1424 μοὐ
795 1384 863 1436 γὰρ
881 1384 1093 1432 ἐπίστευσεν,

74 1446 127 1484 ὅτι
146 1445 296 1496 καθαρόν
325 1446 438 1490 ἔστιν,
470 1445 546 1482 ἀλλ’
575 1447 621 1487 ὡς
643 1444 838 1496 ἀκαθάρτου
865 1444 991 1495 ἥψατο.
1024 1444 1093 1483 Διὰ

74 1505 110 1544 δὲ
125 1505 256 1544 τούτων
283 1504 451 1543 δείκνυσιν
481 1507 594 1547 αὐτοῖς
620 1505 680 1542 καὶ
697 1504 759 1551 τὴν
781 1504 914 1556 βλάὸην
929 1504 1013 1550 ὅσην
1034 1508 1092 1558 ἐρ·-

72 1567 256 1617 γάζονται,
284 1565 533 1616 ἀναγκάζοντες
563 1565 622 1603 καὶ
652 1565 699 1616 μὴ
721 1565 895 1609 πείθοντες
923 1565 1092 1604 ἅπτεσθαι

72 1630 140 1664 τῶν
162 1627 247 1669 τέως
268 1626 458 1663 δοκούντων
477 1628 590 1668 αὐτοῖς
606 1626 811 1677 ἀκαθάρτων
829 1620 932 1672 εἶναι,
954 1625 1010 1663 ἵνα
1027 1626 1090 1664 κᾶν

960 275 1018 304 ΑΙ)
1054 274 1161 305 ROM.

1201 273 1355 305 nomi„
1394 265 1526 304 xxvt.'
2057 257 2144 320 785

1167 354 1310 403 viderit,
1331 363 1368 392 tu
1387 354 1453 393 tihi
1472 354 1621 404 sufficis,
1641 362 1678 391 ut
1705 355 1753 393 sis
1781 353 1916 393 beatus.
1932 353 2027 402 Quia
2053 354 2148 396 enim

1167 414 1277 465 dixit,
1300 416 1410 452 Penes
1430 414 1659 466 semetipsum
1677 414 1827 463 habeat,
1841 428 1884 452 ne
1904 422 2055 466 putaret,
2079 414 2148 452 1100

1118 484 1142 514 D
1166 476 1324 513 tribunal
1341 476 1512 526 exiguum
1529 489 1616 524 esse,
1630 475 1680 513 ait
1701 475 1769 513 1100
1785 484 1857 514 1010
1875 476 1960 514 01110
1976 475 2043 513 tibi
2070 489 2147 513 me-

1166 534 1236 573 lius
1263 549 1348 573 esse.
1368 535 1446 573 Etsi
1471 550 1591 574 omnes
1620 545 1653 573 te
1673 543 1853 582 accusant,
1868 536 1900 574 si
1928 545 1966 574 tu
1993 536 2149 588 teipsum

1167 608 1237 633 non
1255 595 1413 645 damnes,
1433 609 1496 633 nec
1522 595 1733 633 conscientia
1760 596 2009 648 reprehendat,
2022 596 2148 634 beatus

1168 670 1214 694 es.
1235 657 1314 694 Non
1339 665 1458 694 autem
1489 656 1534 694 de
1552 656 1717 694 omnibus
1735 656 1931 695 universim
1947 657 2015 695 hoc
2034 656 2144 695 dixit.

1166 716 1277 753 Multi
1295 730 1448 766 namque
1465 725 1561 765 sunt,
1578 716 1639 766 qui
1657 717 1861 768 semetipsos
1878 732 1949 755 non
1960 716 2146 766 damnant,

1167 777 1300 827 quique
1311 777 1508 816 admodum
1520 776 1733 828 delinquunt
1748 792 1756 813 ε
1771 777 1809 814 111
1822 779 1982 817 00101001
1992 778 2149 817 111150111-

1167 838 1216 874 mi
1236 847 1329 875 sunt.
1346 838 1413 876 Sed
1437 838 1580 875 interim
1596 838 1760 889 praesenti
1777 849 1986 889 argumento
2004 840 2147 878 insistit.

1168 899 1231 935 5²25.
1251 899 1325 948 Qui
1351 901 1452 936 enim
1481 899 1678 945 discernit,
1695 901 1729 936 si
1745 899 2051 947 manducaverit,
2077 902 2148 938 da-

1168 967 1323 996 mnatus
1342 967 1409 996 est.
1429 959 1587 995 Rursum
1600 958 1667 996 1100
1680 958 1782 1007 dicit,
1799 958 1950 997 suadens
1967 959 2021 997 illi
2036 970 2076 998 ut
2091 962 2145 999 in-

1166 1019 1271 1056 firmo
1300 1028 1435 1070 pareat.
1467 1019 1555 1065 Quae
1579 1019 1673 1056 enim
1704 1019 1853 1067 utilitas,
1879 1020 1909 1057 si
1945 1020 2146 1060 discernens

1166 1078 1370 1128 manducet,
1383 1088 1416 1116 et
1427 1079 1656 1130 semetipsum
1668 1078 1834 1117 damnet?
1850 1080 1926 1131 Ego
1941 1081 2148 1120 enimillum
2191 1121 2196 1127 ,

1166 1139 1290 1192 probo,
1306 1141 1366 1190 qui
1393 1149 1425 1178 et
1447 1140 1639 1179 manducat
1657 1149 1691 1177 et
1708 1155 1790 1178 cum
1813 1140 1911 1177 nulla
1929 1141 2149 1180 haesitatione

1167 1199 1369 1239 manducat.
1385 1200 1481 1241 Vide
1507 1200 1684 1251 quomodo
1702 1200 1806 1238 illum
1820 1200 1965 1239 inducat
1983 1215 2052 1239 non
2071 1211 2149 1241 tan-

1166 1271 1244 1301 tum
1269 1262 1315 1301 ad
1335 1262 1602 1311 comedendum,
1625 1262 1686 1300 sed
1713 1262 1761 1299 ad
1780 1262 2039 1301 comedendum
2067 1278 2150 1303 cum

1165 1337 1257 1375 pura
1284 1324 1508 1362 conscientia.
1524 1323 1662 1362 Deinde
1684 1337 1826 1361 causam
1853 1323 1955 1373 dicit,
1977 1324 2022 1361 ob
2041 1339 2151 1375 quam

1166 1384 1354 1422 damnatus
1368 1395 1431 1433 est,
1445 1385 1502 1422 his
1515 1385 1636 1423 verbis
1653 1400 1660 1421 ε
1680 1386 1783 1435 Quia
1797 1398 1875 1422 non
1892 1399 1939 1422 ex
1953 1386 2037 1437 fide
2052 1401 2063 1423 .-
2079 1401 2149 1425 000

1165 1445 1262 1495 quod
1290 1445 1496 1483 immundus
1519 1445 1565 1483 sit
1585 1445 1699 1495 cibus,
1716 1444 1777 1482 sed
1800 1445 1899 1495 quod
1916 1459 1985 1483 non
2008 1460 2051 1485 ex
2076 1447 2150 1486 fide

1166 1506 1370 1544 comedatur
1385 1523 1393 1543 ε
1408 1521 1478 1544 11011
1503 1506 1597 1544 00101
1617 1505 1793 1544 0111οά010
1812 1520 1885 1544 0550
1901 1506 2068 1557 credidit,
2085 1508 2148 1546 sed

1165 1577 1204 1605 ut
1234 1567 1462 1606 immundum
1497 1567 1626 1619 attigit.
1646 1568 1713 1604 Per
1745 1566 1823 1605 haec
1850 1581 1958 1619 porro
1993 1569 2148 1607 ostendit

1163 1629 1263 1681 ipsis,
1281 1638 1453 1680 quantum
1470 1627 1592 1665 damni
1611 1627 1773 1675 inferant,
1794 1627 1854 1678 qui
1883 1627 2040 1666 nondum
2057 1643 2144 1681 per-

72 1687 129 1725 διὰ
145 1691 245 1725 τοῦτο
265 1687 493 1739 ἀπόσχωνται
508 1690 568 1724 τοῦ
584 1686 822 1733 ἐπιπλήττειν.
846 1687 924 1723 Πᾶν
942 1686 978 1725 δὲ
994 1687 1011 1725 ὃ
1029 1688 1091 1725 οὐκ
1105 1713 1150 1736 715
1165 1704 1284 1728 suasos
1305 1698 1431 1740 cogant
1456 1689 1628 1740 attingere
1646 1702 1714 1738 res,
1739 1702 1818 1739 quae
1845 1688 1913 1726 sibi
1934 1688 2052 1727 adhuc
2071 1690 2145 1728 im-

72 1750 111 1786 ἐκ
138 1748 304 1794 πίστεως,
337 1746 504 1798 ἁμαρτία.
523 1746 637 1785 “O-‚ow
660 1746 725 1798 γὰρ
755 1746 803 1797 μὴ
833 1749 942 1800 0αᾷῥῇ
958 1775 967 1791 ,
992 1748 1090 1800 φησὶ,

73 1807 162 1859 μηδὲ
182 1807 327 1860 πιστεύῃ
346 1807 399 1846 ὅτι
418 1807 588 1859 καθαρὸν,
608 1810 681 1851 πῶς
699 1810 762 1859 οὐχ
786 1806 946 1858 ἥμαρτε,
969 1811 1091 1846 Ταῦτα

73 1869 108 1907 δὲ
127 1869 242 1907 πάντα
266 1869 347 1920 περὶ
376 1872 438 1916 τῆς
470 1868 703 1920 προκειμένης
734 1867 926 1911 ὑποθέσεως
955 1868 1091 1920 εἴρηται

72 1933 121 1982 τῷ
150 1930 302 1982 Παύλῳ,
333 1931 370 1969 οὗ
404 1929 484 1981 περὶ
515 1929 667 1967 πάντων.
709 1928 778 1967 Καὶ
817 1929 940 1968 σκόπει
979 1929 1090 1978 πόσην

929 1991 988 2029 καὶ
1022 1991 1091 2045 γὰρ

73 2051 234 2103 ἀνωτέρω
250 2051 366 2102 ἔλεγεν
384 2068 391 2075 ·
410 2054 455 2090 Εἰ
474 2051 510 2089 δὲ
529 2051 585 2089 διὰ
608 2054 734 2104 βρῶμα
749 2054 767 2089 ὁ
788 2051 932 2103 ἀδελφός
947 2068 1007 2090 σου
1027 2054 1091 2090 λυ-

72 1997 223 2029 ποιεῖται
252 1995 311 2029 τσῦ
343 1990 392 2041 μὴ
426 1990 664 2034 σκανδαλίζειν
699 1990 862 2043 πρόνοιαν
891 2006 898 2014 ·

72 2117 213 2159 πεῖται,
243 2112 358 2149 οὐκέτι
387 2111 477 2150 κατὰ
498 2112 638 2162 ἀγάπην
657 2117 870 2162 περιπατεῖς.
901 2112 946 2149 Εἰ
969 2110 1004 2150 δὲ
1033 2113 1091 2150 λυ-

70 2177 147 2209 πεῖν
164 2173 201 2209 οὐ
223 2173 294 2219 δεῖ,
313 2174 454 2223 ἱιπολλῷ
473 2173 605 2221 μᾶλλον
627 2171 864 2216 σκανδαλίζειν
881 2173 918 2210 οὐ
938 2172 1001 2210 δεῖ.
1020 2172 1090 2210 Καὶ

69 2233 194 2278 πάλιν,
214 2233 275 2279 Μὴ
295 2233 408 2271 ἕνεκεν
441 2232 624 2285 βρώματος
652 2232 804 2271 κατάλυε
836 2233 875 2271 τὸ
904 2233 1002 2286 ἔργον
1031 2238 1090 2272 τοῦ

69 2295 176 2332 Θεοῧ.
210 2295 255 2332 Εἰ
284 2293 351 2345 γὰρ
368 2293 557 2340 ἐκκλησίαν
586 2292 815 2345 κατασκάψαι
844 2295 998 2345 χαλεπὸν
1031 2294 1089 2333 καὶ

69 2353 225 2399 ἀνόσιον,
244 2355 364 2406 πολλῷ
398 2355 529 2405 μᾶλλον
554 2354 633 2393 ναὸν
663 2354 897 2404 πνευματικόν
913 2369 920 2377 ·
941 2354 1001 2392 καὶ
1023 2355 1090 2407 γὰρ

67 2415 126 2452 καὶ
144 2415 321 2467 ἄνθρωπος
340 2414 528 2462 ἐκκλησίας
548 2415 764 2469 σεμνότερον.
787 2417 840 2453 Οὐ
855 2414 922 2467 γὰρ
943 2415 999 2454 διὰ
1012 2415 1091 2460 τοὺς

67 2476 204 2527 τοίχους
234 2479 251 2513 ὃ
278 2476 429 2528 Χριστὸς
460 2476 648 2524 ἀπέθανεν,
672 2476 761 2515 ἀλλὰ
796 2476 852 2514 διὰ
881 2476 958 2520 τοὺς
990 2477 1090 2521 ναοὺς

66 2537 217 2580 τιύτους.
238 2537 413 2575 Πάντοθεν
443 2537 556 2575 τοίνυν
585 2538 629 2576 τὰ
659 2540 736 2576 καθ’
770 2537 908 2582 ἑαυτοὺς
927 2554 1089 2590 περισκο-

67 2601 188 2648 πῶμεν
203 2627 212 2644 ,
235 2597 294 2634 καὶ
325 2596 413 2647 μηδὲ
434 2597 560 2649 μικρὰν
588 2599 708 2648 μηδενὶ
729 2598 940 2650 παρέχωμεν
961 2600 1088 2647 λαέήν.

67 2658 138 2696 Καὶ
156 2657 223 2708 γὰρ
247 2656 385 2695 στάδιον
401 2660 418 2695 ὁ
438 2656 558 2708 παρὼν
587 2658 679 2708 βίος,
698 2658 758 2695 καὶ
776 2658 918 2711 μυρίους
952 2659 1087 2698 πάντο-

67 2723 121 2757 θεν
151 2716 347 2770 ὀφθαλμοὺς
375 2716 465 2769 ἔχειν
491 2718 563 2762 δεῖ,
593 2717 681 2768 μηδὲ
711 2718 860 2767 νομίζειν
892 2721 1010 2771 ἀρκεῖν
1041 2722 1088 2764 εἷς

67 2779 256 2830 ἀπολογίαν
284 2777 348 2825 τὴν
368 2778 521 2826 ἄγνοιαν.
540 2777 646 2816 Ἔστι
673 2772 757 2831 γὰρ,
780 2777 853 2816 ἔστι
873 2778 930 2816 καὶ
949 2779 1089 2829 ἀγνοίας

66 2842 182 2879 δοῦναι
212 2839 332 2887 δίκην,
351 2838 433 2878 ὅταν
462 2841 483 2885 ἡ
519 2838 641 2889 ἄγνοια
675 2838 914 2891 ἀσύγγνωστος
946 2834 994 2891 ᾖ·
1012 2840 1088 2878 ἐπεὶ

64 2901 123 2938 καὶ
164 2900 326 2938 Ἰουδαῖοι
357 2899 558 2950 ἦγνόησαν,
588 2900 664 2936 ἀλλ’
699 2900 736 2937 οὗ
770 2899 977 2950 συγγνώμης
1008 2900 1087 2944 ἄξια

1115 1749 1141 1778 Α
1163 1751 1303 1790 mundae
1321 1750 1500 1799 videntur,
1519 1759 1558 1787 ut
1576 1750 1654 1787 ideo
1669 1750 1713 1787 ab
1731 1749 1945 1802 increpando
1957 1750 2141 1790 desistant.

1166 1817 1287 1854 Omne
1309 1823 1450 1864 autem,
1473 1815 1579 1868 quod
1599 1827 1677 1851 non
1692 1822 1748 1852 est
1767 1814 1924 1866 exflde,
1941 1824 2144 1866 peccatum

1163 1885 1232 1915 est.
1256 1877 1347 1915 Cum
1375 1876 1470 1914 enim
1498 1889 1566 1913 non
1586 1874 1756 1925 confidat,
1779 1874 1908 1925 inquit,
1928 1889 1991 1913 1100
2023 1875 2144 1914 credat

1163 1951 1236 1975 esse
1245 1936 1433 1985 mundum,
1444 1935 1621 1987 quomodo
1635 1949 1704 1973 non
1718 1935 1940 1987 peccaverit?
1956 1936 2040 1974 Haec
2053 1952 2142 1988 por-

1163 2012 1203 2036 ro
1222 1997 1339 2036 omnia
1362 1998 1495 2036 Paulus
1522 1996 1565 2034 de
1584 1996 1763 2049 proposito
1796 2007 2004 2048 argumento
2031 1998 2142 2049 dixit,

1163 2050 1232 2098 1100
1250 2058 1294 2096 (10
1313 2058 1392 2097 aliis
1415 2057 1594 2095 omnibus.
1617 2056 1665 2094 Et
1688 2056 1835 2094 observa
1855 2067 2029 2107 quantum
2047 2069 2145 2098 curet

1162 2134 1206 2158 ne
1224 2119 1439 2158 offendiculo
1453 2118 1498 2156 sit
1515 2134 1522 2155 :
1540 2132 1622 2157 nam
1646 2118 1807 2170 superius
1831 2118 1926 2156 dixit
1940 2134 1948 2155 τ
1960 2119 2001 2157 Si
2012 2128 2144 2158 autem

1161 2190 1316 2233 propter
1348 2182 1476 2219 cibum
1497 2181 1633 2233 frater
1664 2187 1751 2217 tuus
1779 2182 2046 2231 contristatur,
2067 2196 2145 2219 non

1158 2244 1245 2293 jam
1270 2242 1481 2279 secundum
1521 2242 1726 2278 caritatem
1759 2240 1952 2278 ambulas.
1983 2241 2023 2279 Si
2061 2256 2145 2280 vero

1113 2303 1136 2333 B
1163 2301 1370 2340 moestitiam
1397 2301 1525 2338 inferre
1549 2314 1617 2337 non
1647 2308 1798 2352 oportet,
1816 2300 1930 2338 multo
1951 2300 2064 2352 magis
2090 2302 2146 2339 of-

1163 2363 1342 2402 fendiculo
1376 2377 1450 2400 esse
1481 2375 1552 2400 non
1579 2370 1727 2413 oportet.
1743 2362 1794 2398 Ac
1824 2376 1963 2412 rursus,
1983 2364 2044 2401 Ne
2072 2365 2150 2401 cibi

1162 2439 1283 2464 causa
1297 2426 1472 2463 destruas
1484 2436 1575 2476 opus
1590 2424 1679 2461 Dei.
1691 2425 1783 2462 Nam
1796 2422 2015 2462 siecclesiam
2027 2423 2149 2462 dirue-

1163 2502 1202 2525 re
1214 2501 1323 2540 grave
1336 2495 1387 2524 est
1402 2495 1435 2524 et
1448 2485 1611 2538 impium,
1623 2485 1735 2523 multo
1754 2485 1867 2536 magis
1885 2486 2057 2538 templum
2076 2487 2147 2538 spi-

1163 2549 1293 2586 rituale
1316 2548 1497 2585 destruere
1513 2562 1520 2582 :
1538 2546 1646 2583 homo
1668 2545 1760 2583 enim
1784 2545 1931 2583 ecclesia
1958 2546 2146 2597 pretiosior

1161 2621 1225 2649 est.
1256 2612 1376 2660 Neque
1405 2608 1499 2646 enim
1533 2615 1679 2659 propter
1718 2606 1868 2657 parietes
1901 2616 2063 2645 mortuus
2094 2617 2145 2646 est

1163 2671 1342 2718 Christus,
1371 2669 1434 2707 sed
1451 2677 1595 2720 propter
1616 2667 1690 2703 haec
1714 2666 1857 2718 templa.
1879 2667 2010 2704 Omnia
2025 2668 2145 2718 itaque

1162 2740 1281 2768 nostra
1297 2729 1454 2779 undique
1469 2726 1811 2778 circumspiciamus,
1827 2734 1861 2763 et
1875 2726 2011 2763 nullam
2029 2726 2145 2766 cuivis

1162 2791 1383 2843 praebeamus
1407 2801 1542 2825 ansam.
1559 2785 1726 2824 Stadium
1749 2786 1882 2837 quippe
1910 2795 1960 2823 est
1990 2800 2146 2838 praesens

1160 2852 1247 2900 vita,
1267 2860 1300 2889 et
1318 2851 1520 2888 innumeros
1534 2847 1691 2898 undique
1706 2847 1826 2885 oculos
1842 2847 1972 2885 habere
1989 2857 2142 2900 oportet,

1160 2924 1226 2948 nec
1244 2908 1445 2962 putandum
1459 2916 1510 2945 est
1528 2905 1765 2958 ignorantiam
1783 2905 1867 2944 satis
1885 2920 1957 2944 0550
1971 2906 2016 2944 ad
2035 2921 2143 2945 excu-

63 2961 238 3013 ἦΥνόΎισαν
258 2976 264 2984 “
286 2960 345 2998 καὶ
364 2960 538 3006 *Evam
563 2960 756 3011 ἠγνόησαν,
783 2962 859 2999 ἀλλ’
895 2961 1086 3012 ἀπολογίαν
1161 2971 1343 3009 sationem.
1357 2969 1449 3007 Sunt
1462 2967 1567 3016 enim,
1582 2975 1664 3005 sunt
1677 2965 1798 3016 utique
1816 2966 1862 3004 de
1874 2966 2071 3017 ignorantia
2087 2982 2141 3005 rc·
2163 2982 2338 3020 13000m3oe

1161 3031 1318 3084 petendae
1328 3043 1452 3083 poenae,
1468 3026 1609 3079 quando
1622 3026 1756 3064 scilicet
1769 3026 1967 3077 ignorantia
1985 3041 2139 3065 excusa·
2156 3035 2240 3079 “t'mf’
2276 3027 2323 3093 ¹⁶⁰¹
2334 3042 2344 3048 =

1160 3093 1191 3131 ri
1205 3092 1326 3143 nequit
1342 3107 1350 3127 τ
1364 3087 1652 3142 quandoquidem
1667 3096 1700 3124 et
1712 3086 1829 3126 Judaei
1844 3086 2061 3138 ignorarunt,
2079 3088 2141 3126 sod
2154 3076 2190 3103 pa
2207 3076 2270 3094 ’ω
2290 3088 2295 3093 '

1161 3153 1236 3190 haec
1254 3150 1452 3203 ignorantia
1470 3163 1539 3187 non
1555 3157 1629 3185 erat
1647 3146 1754 3198 digna
1772 3146 1896 3185 venia:
1915 3146 2033 3186 Gxaeci
2051 3162 2139 3199 quo-

1160 3228 1227 3265 que
1263 3213 1484 3263 ignorarunt,
1514 3207 1574 3246 sed
1616 3206 1855 3246 defensionem
1889 3221 1958 3246 non
1990 3208 2135 3246 habent.

1160 3273 1311 3322 Quando
1325 3273 1418 3311 enim
1435 3285 1485 3320 ea,
1498 3284 1574 3321 qum
1595 3268 1674 3309 sciri
1697 3277 1887 3319 nequeunt,
1908 3267 2138 3319 ignoraveris,

64 3024 124 3059 οὐκ
142 3021 294 3073 ἔχουσιν.
316 3019 429 3059 εΌταν
451 3020 513 3070 μὲν
534 3020 600 3072 γὰρ
620 3025 729 3058 ταῦτα
763 3023 887 3074 ἀγνοῇς
912 3021 934 3059 ἃ
956 3022 1003 3072 μὴ
1024 3024 1083 3060 δυ-

65 3082 165 3120 νατὸν
186 3082 331 3128 εἰδέναι,
353 3081 449 3119 οὐδὲν
475 3081 637 3132 ἔγκλημα
657 3082 839 3134 ὑποστῆσῃ
859 3098 864 3105 ·
888 3084 967 3121 ὅταν
989 3082 1024 3122 δὲ
1043 3083 1088 3121 τὰ

67 3140 167 3192 ῥᾴδια
189 3140 247 3177 καὶ
275 3140 404 3178 δυνατὰ
437 3144 650 3192 γνωσθῆναι,
681 3142 744 3189 τὴν
777 3143 928 3194 ἐσχάτην
968 3143 1087 3186 δώσεις

66 3207 175 3253 δίκην.
196 3206 326 3249 Ἄλλως
351 3206 405 3253 δὲ,
434 3207 473 3243 ἂν
497 3207 545 3256 μὴ
567 3208 699 3259 σφόδρα
719 3202 812 3259 ὦμεν
834 3212 1084 3253 ἀναπεπτωκό-

66 3288 141 3320 τες,
166 3272 254 3310 ἀλλὰ
271 3273 314 3310 τὰ
335 3274 416 3323 παρ’
443 3275 572 3310 ἑαυτῶν
594 3275 907 3325 συνεισενέγκωμεν
931 3278 1082 3325 ἅπαντα,

147 3408 238 3439 Unus
263 3407 375 3440 Codex
394 3408 445 3452 [A.
470 3417 500 3440 «st
526 3420 629 3451 marg.
652 3410 769 3454 suxit]
794 3419 872 3454 πάσᾳ)
899 3418 1024 3453 μᾶλλον,
1042 3421 1071 3447 ει
1089 3414 1173 3447 infra
1194 3412 1353 3446 similiter.
