2502 3810
662 228 704 257 ΙΝ
741 228 853 257 ACTA.
893 225 1227 257 APOSTOLORLJM.

106 307 265 358 ἕούμενος
280 308 390 344 αὐτῶν
417 305 493 349 τοὺς
520 307 691 351 κινδύνους
720 308 857 360 ἔφυγεν,
873 310 947 346 ἀλλ’
974 308 1026 346 ὅτι
1056 309 1116 344 οὐκ

104 368 260 419 ἐδέχοντο
288 366 351 413 τὴν
369 366 560 419 μαρτυρίαν
584 368 698 406 αὐτοῦ.
730 369 797 407 Διὰ
822 368 856 406 τί
874 367 908 407 δὲ
925 362 1030 414 εἶπεν,
1063 367 1116 406 ὅτι

103 428 208 466 Αὐτοὶ
223 427 443 475 ἐπίστανται,
459 428 511 465 ὅτι
525 427 591 479 ἐγὼ
605 429 627 474 ἥ
631 445 699 478 μην
711 429 906 479 δεσμεύων,
929 431 1006 468 Οὐκ
1017 431 1115 466 ἀντι-

101 488 209 539 λέγων
231 491 279 540 τῷ
297 489 461 541 Χριστῷ,
485 488 532 538 μὴ
549 489 680 539 γε’νοιτο
693 505 701 513 ·
720 491 809 528 ἀλλὰ
827 490 1031 542 βουλόμενος
1052 504 1117 540 μα-

103 553 171 587 θεῖν
186 549 225 587 τὸ
243 548 329 587 οὕτω
348 549 554 601 παράδοξον.
576 553 732 602 Πορεύου
745 581 754 598 ,
771 552 886 603 φησὶν,
905 551 958 589 ὅτι
984 550 1053 602 ἐγὼ
1071 552 1118 593 εἷς

104 611 181 658 ἔθνη
203 611 338 662 μακρὰν
359 610 576 654 ἐξαποστελῶ
596 628 646 650 σε.
664 612 761 663 σΟρα
774 629 781 636 ·
801 615 862 650 οὐκ
885 612 1034 656 ἐδίδαξεν
1055 614 1118 649 αὐ-

104 672 160 710 τὸν
177 675 194 710 ὁ
211 672 358 723 Χριστὸς
368 701 377 718 ,
398 672 432 710 τί
447 674 497 710 δεῖ
512 679 635 721 ποιεῖν,
650 674 724 711 ἀλλ’
740 668 814 711 εἷπε
829 672 930 723 μόνον
944 674 1117 719 ἀπελθεῖν,

1268 226 1421 257 nomi..
1462 230 1617 260 XLVIII.

2077 219 2167 277 4053

1188 314 1294 344 tunm
1317 321 1394 345 non
1414 313 1609 362 recipient.
1633 311 1699 350 Hic
1725 312 1890 360 ostendit,
1914 328 1950 352 se
1969 327 2038 351 non
2067 315 2162 366 peri—

1187 369 1349 408 culorum
1365 380 1460 409 metu
1471 374 1517 411 ab
1532 374 1604 412 illis
1618 376 1796 427 effugisse,
1815 377 1877 414 sed
1892 377 1973 427 quia
1993 391 2062 415 non
2082 391 2162 414 sus-

1187 431 1323 482 cepturi
1338 442 1436 470 erant
1456 435 1694 475 testimonium
1713 451 1832 476 suum.
1856 439 1929 476 Cur
1944 453 2028 477 vero
2052 438 2162 486 dixit,

1186 493 1267 541 Ipsi
1280 494 1420 543 sciunt,
1438 497 1542 546 quod
1551 511 1618 549 ego
1632 512 1737 535 eram
1754 500 1924 550 alligans
1938 503 1954 536 P
1965 501 2043 537 Non
2055 500 2161 537 Chri-

1187 560 1240 590 sto
1259 553 1513 605 contradicens,
1549 557 1641 595 absit
1649 574 1659 607 3
1692 559 1756 597 secl
1776 560 1897 598 volens
1932 559 2068 598 discere
2091 569 2164 598 tam

1186 612 1351 651 mirabile
1369 628 1468 666 opus.
1489 618 1608 663 Vade,
1632 618 1762 668 inquit,
1780 623 1873 672 quia
1902 634 1969 672 ego
1986 622 2041 658 ad
2066 635 2164 673 gen—

1187 681 1243 711 tes
1269 677 1406 726 procul
1436 681 1588 716 mittam
1614 689 1660 718 te.
1683 681 1805 719 Vide:
1825 696 1894 719 non
1925 682 2047 721 docuit
2082 697 2164 721 eum

104 733 164 771 καὶ
174 732 340 771 πείθεται·
356 738 514 772 τοσοῦτον
528 729 569 780 ἦν
585 733 808 779 καταπειθής.
821 733 891 771 Καὶ
904 734 1036 784 ἐπῆραν
1052 731 1114 777 τὴν
1127 761 1172 785 351
1188 733 1364 783 Christus,
1385 737 1475 787 quid
1491 748 1666 789 oporteret
1683 741 1795 778 facere
1806 757 1817 790 3
1829 742 1891 779 sed
1914 743 2007 780 dixit
2026 753 2164 781 tantum

104 794 219 845 φωνὴν
252 795 378 844 αὐτῶν,
407 795 510 846 φησὶ,
535 794 710 845 λέγοντες’
733 789 807 846 αἶρε
835 793 935 831 αὐτόν
952 809 959 816 ·
987 795 1025 831 οὗ
1049 792 1116 844 γὰρ
1139 798 1165 825 Α

103 857 252 900 καθῆκεν
269 854 368 892 αὐτὸν
385 856 458 906 ζῇν.
472 853 520 892 Ὢ
540 858 601 901 τῆς
617 853 826 907 θρασύτητος
840 869 848 876 ·
867 853 926 891 καὶ
945 852 1012 903 μὴν
1029 856 1118 902 ὑμᾶς

101 916 139 951 οὐ
159 914 303 959 καθήκει
317 916 392 964 ζῇν,
411 914 488 966 οὐχὶ
502 920 618 953 τοῦτον
637 913 694 951 τὸν
713 913 827 950 πάντα
844 913 1046 963 πειθόμενον
1067 916 1117 963 τῷ

100 976 193 1025 Θεῷ.
208 968 259 1011 Ὦ.
281 974 398 1025 μιαροὶ
413 974 472 1011 καὶ
492 973 702 1026 ἀνδροφόνοι.
725 973 794 1011 Καὶ
812 971 856 1010 τὰ
876 971 1000 1021 ἱμάτια
1025 973 1116 1009 ἔκτι-

100 1035 292 1083 νοίσσοντες,
310 1036 404 1088 φησὶ,
418 1035 593 1086 κονιορτὸν
607 1034 853 1072 ἔέαλον.”Ωστε
867 1033 1117 1085 χαλεπωτέραν

99 1096 274 1145 γενέσθαι
269 1096 346 1142 τὴν
356 1096 582 1134 στάσιντουτο
590 1100 756 1142 ποιοῦσιν,
771 1094 793 1140 ἢ
806 1095 864 1132 καὶ
877 1094 1028 1146 φοδησαι
1042 1096 1118 1144 βου-

98 1155 234 1204 λομενοι
249 1156 306 1193 τὸν
331 1156 492 1206 ἄρχοντα.
510 1154 615 1192 Και”
594 1169 677 1206 ορα·
699 1156 735 1191 οὗ
753 1155 892 1205 λεγουσι
910 1170 972 1200 την
990 1152 1117 1201 αἰτίαν,

98 1214 216 1261 ἐπειδὴ
233 1215 340 1265 μηδὲν
364 1219 454 1266 εἰχον
479 1216 601 1260 εἰπεῖν,
629 1213 718 1252 ἀλλὰ
735 1218 776 1266 τῇ
801 1217 864 1266 βοῃ
882 1213 1116 1260 καταπλήξειν

99 1275 243 1313 οἴονται·
261 1275 401 1326 καὶμὴν
422 1291 518 1327 παρα
533 1291 600 1312 των
624 1274 827 1327 κατηγόρων
851 1276 956 1327 ἐγρῆν
984 1278 1117 1325 μαθεῖν.

100 1336 200 1374 Και(
187 1352 204 1372 ο
223 1335 405 1388 χιλίαρχος
430 1335 605 1386 ἐφοὸήθη,
625 1351 742 1387 φησιν,
760 1351 918 1386 επιγνους
903 1364 938 1379 ,
956 1352 1009 1374 οτι
1029 1335 1118 1374 Ρω-

102 1396 201 1446 μαῖός
224 1398 327 1434 ἐστιν.
348 1398 425 1434 Οὔκ
454 1396 521 1446 ἄρα
538 1396 659 1447 ψευδος
684 1399 726 1442 ἠν
745 1397 785 1435 τὸ
803 1396 1013 1446 Ῥωμαῖονε
999 1396 1119 1435 εαυτὸν

101 1459 187 1493 εἶναι
207 1472 263 1494 τον
282 1457 420 1494 Παῦλον
440 1458 497 1493 εἶτ·
486 1462 562 1493 εῖν.
595 1455 665 1493 Και
683 1455 802 1493 ἔλυσεν
824 1457 923 1494 αὐτὸν
954 1457 1024 1495 ἀπὸ
1050 1473 1118 1494 των

102 1517 138 1554 δε
143 1532 370 1567 ‹summo-mi,
403 1534 462 1555 και
490 1516 698 1567 καταριγὼν
719 1517 861 1565 ἔστησεν
890 1520 937 1561 εἷς
966 1518 1005 1555 τὸ
1033 1534 1118 1555 συν-

103 1576 247 1627 έδριον.*
261 1580 374 1615 Τοῦτο
389 1577 456 1614 ἔδει
469 1580 614 1623 ποιῆσαι
630 1576 726 1630 παρὰ
739 1577 801 1625 τὴν
820 1577 944 1629 ἀρχὴν,
958 1579 1018 1616 καὶ
1033 1579 1122 1629 μήτε

103 1639 226 1684 δῆσαι,
247 1638 333 1687 μήτε
366 1640 576 1688 βουληθῆναι
597 1639 778 1689 μαστίξαι,
798 1639 888 1676 ἀλλὰ
916 1642 1119 1677 καταλιπεῖν

105 1697 211 1747 μηδὲν
240 1698 374 1736 τοιοῦτό
395 1715 430 1735 τι
450 1698 664 1745 ποιήσαντα,
698 1698 788 1736 ὥστε
816 1699 876 1737 καὶ
905 1701 1119 1750 δεσμεῖσθαι.

104 1760 173 1797 Καὶ
199 1759 316 1797 ἔλυσεν
338 1760 455 1807 αὐτὸν,
485 1760 587 1812 φησὶ,
618 1761 677 1798 καὶ
697 1760 905 1812 καταγαγὼν
933 1764 980 1805 εἷς
1000 1762 1121 1806 αὐτοὺς

104 1820 238 1866 ἔστησε.
260 1822 373 1858 Τοῖ”το
394 1821 547 1870 μάλιστα
566 1821 748 1895 ἠπόρησαν
768 1824 799 1859 οἱ
825 1821 998 1860 Ἰουοαῖοι.
1021 1822 1119 1861 Ἀτε-

105 1880 242 1923 νίσαςο
229 1880 421 1923 ὲΠαυλος
441 1897 490 1933 τῳ
511 1881 697 1935 συνεορίῳ,
720 1898 836 1933 φησιν,
862 1886 979 1919 εἶπεν·
1003 1883 1122 1936 ἄνδρες

106 1940 255 1992 ἀοεὶφοί.
277 1940 359 1978 Ἔντ
363 1945 449 1978 αυθα
478 1958 539 1987 την
568 1942 764 1995 παρρησίαν
803 1943 907 1980 αὐτου
941 1942 1121 1990 δείκνυσιν,

105 2001 168 2039 ι’τὸ
189 2002 469 2047 ἀκατάπληκτον.
490 2002 581 2040 Ἀλλ’
602 2002 665 2055 ὅρα
684 2003 742 2041 καὶ
763 2003 900 2041 ἐκείνων
918 2003 957 2040 τὸ
978 2003 1098 2054 ἰταμόν
1113 2018 1120 2026 ·

107 2061 261 2112 ἐπήγαγε
280 2062 346 2112 γάρ
359 2077 367 2084 ·

106 2126 165 2160 τοῦ
183 2123 221 2160 τὸ
243 2123 356 2160 στόαα
378 2123 530 2168 ε’πεταξε.
550 2125 618 2162 Δια
640 2128 673 2163 τί
698 2124 857 2173 τύπτεις,
884 2126 918 2162 τί
937 2125 1004 2177 γὰρ
1029 2119 1122 2163 εἶπεν

108 2182 326 2235 ὑοριστικόν·
345 2183 394 2221 Ὢ
407 2186 470 2229 τῆς
489 2184 734 2236 ἀναισχυντίας
749 2215 758 2232 ,
776 2185 804 2222 ὦ
821 2201 884 2230 της
900 2187 1123 2236 θρασύτητος.

106 2244 227 2281 Τότε
215 2258 232 2281 0
255 2246 393 2287 Παυλος
409 2261 493 2296 προς
515 2246 629 2292 αὐτον,
654 2261 770 2297 φησιν,
802 2250 895 2284 εἷπε·
923 2245 1064 2284 τύπτειν
1084 2262 1125 2284 σε

109 2305 213 2354 με’λλε
219 2321 228 2342 ι
247 2307 264 2342 ὃ
278 2305 385 2351 Θεὸς,
403 2310 498 2356 τοῖχε
511 2305 744 2356 κεκονιαμένε.
766 2306 881 2344 Βαοαὶ
900 2310 961 2353 τῆς
981 2323 1122 2359 παρρη-

108 2365 204 2408 σίας·
229 2367 275 2408 εἷς
303 2364 484 2416 ὑπόκρισιν
508 2366 607 2404 αὐτὸν
627 2372 686 2404 καὶ
709 2367 928 2418 παρανομίαν
949 2367 1122 2419 διασύρει·

108 2425 164 2463 διὰ
178 2430 278 2464 τοῦτο
289 2430 368 2477 γοῦν
385 2426 442 2464 καὶ
455 2427 737 2465 καταστέλλεται.
755 2428 824 2466 Καὶ
841 2429 942 2472 αὐτὸς
961 2427 1022 2479 μὲν
1040 2432 1124 2467 ἀπο-

111 2489 177 2538 ρῶν
197 2486 290 2524 οὐδὲν
304 2487 417 2538 τολμᾶΔ
437 2489 558 2534 εἰπεῖν,
574 2489 650 2525 ἀλλ’
666 2490 697 2525 οἱ
715 2490 798 2540 παρ’
815 2488 929 2537 αὐτὸν,
944 2491 1006 2528 οὐκ
1025 2491 1123 2541 ἐνεγ-

110 2546 225 2589 κόντες
243 2547 344 2584 αὐτοῦ
368 2546 429 2593 τὴν
456 2547 668 2621 παρρησίαν.
691 2548 814 2592 Οὕτως
837 2543 924 2588 εἶδον
946 2550 1124 2602 ἄνθρωπον

111 2608 311 2644 θανατῶντα
325 2637 335 2654 ,
354 2606 412 2644 καὶ
436 2609 500 2658 οὐχ
529 2607 730 2658 ὑπεμειναν.
762 2612 838 2648 Οὐκ
865 2611 975 2662 ῃδειν,
1004 2626 1125 2694 φησιν,

110 2666 149 2703 ὅτ
155 2682 163 2702 ι
197 2667 375 2718 ἀρχιερεύς
406 2669 509 2706 ἐστιν.
525 2666 612 2719 Ἄρα
646 2669 784 2720 ἀγνοίας
799 2674 820 2717 ἦ
843 2671 964 2722 ἐπιτιυ.
966 2688 1044 2719 ησις
1063 2675 1103 2718 ἦν

112 2728 142 2764 εἰ
156 2726 222 2778 γὰρ
240 2728 288 2778 μὴ
308 2744 406 2767 τουτο
425 2733 445 2775 ἦ
449 2746 480 2776 ν,
495 2729 556 2766 κᾶν
571 2729 686 2768 λαέὼν
703 2732 803 2770 αὐτὸν
824 2734 975 2781 ἀπηλθε,
989 2748 1048 2772 και
1067 2736 1127 2772 οὐκ
1148 2739 1172 2768 D

112 2787 248 2838 ἕςίμρςῑ
236 2818 270 2836 ‚
293 2789 389 2826 κᾶν
376 2791 425 2833 ἐς
413 2805 537 2827 εοιιγκεν
558 2793 670 2833 αὐτοῖς
686 2792 788 2830 αὐτον
806 2796 823 2830 ὃ
838 2793 1035 2845 χιλίαρχος·

168 3031 337 3069 Ἐνταῦθα
367 3034 535 3072 δείκνυσιν
552 3065 561 3082 ,
595 3036 648 3073 ὅτι
677 3036 763 3074 ἑκὼν
784 3038 915 3090 πάσχει
934 3039 955 3076 ἃ
975 3039 1124 3091 πάσχει·

116 3091 175 3129 καὶ
194 3091 298 3136 οὕτως
312 3094 531 3145 ἀπολογεῖται
552 3096 637 3147 πρὸς
651 3097 772 3141 αὐτοὺς
787 3101 836 3150 τῷ
853 3099 949 3151 νόμῳ
963 3100 1126 3150 πειθόμε-

161 3208 174 3222 ³
199 3204 252 3235 τὴν
274 3204 372 3232 στάσιν
388 3203 509 3244 pag-5521
524 3206 715 3244 βουλόμενοι,
731 3203 777 3235 sic
794 3215 876 3236 unus
893 3204 977 3237 Cod.

163 3251 178 3264 ’‘
203 3251 264 3291 [Α.
284 3252 319 3282 B.
338 3251 376 3283 C.
393 3251 590 3294 compendio
611 3260 698 3288 τοῦτο
723 3259 779 3290 ἔδει
804 3264 923 3295 ποιῆσαι
948 3263 1032 3302 παρὰ
1061 3264 1113 3296 τὴν

120 3310 225 3346 ἀρχὴν.
256 3306 411 3344 λελυμένον
437 3309 596 3346 εἰσήγαγε-,ι-
619 3311 706 3340 τοῦτο
729 3311 862 3349 μάλιστα
888 3314 1052 3353 ἠπόρησαν.
1071 3310 1114 3340 Et

122 3353 211 3385 Editi
228 3361 338 3385 carent
356 3353 473 3395 xerbis‚
491 3361 575 3399 παρὰ
600 3363 652 3396 τὴν
678 3363 782 3403 ἀρχὴν,
803 3364 849 3392 καὶ
869 3374 893 3402 μ,
924 3362 964 3399 (3.,
984 3371 1054 3401 quae
1077 3370 1115 3391 ex

389 2061 399 2073 (
463 2063 490 2076 ’λὶ
532 2065 542 2077 5
667 2062 676 2077 Χ
722 2063 731 2076 3
828 2063 837 2077 Ι
926 2063 936 2076 Ι
1085 2066 1095 2077 7
1158 2068 1164 2076 x

401 2064 433 2100 Ο
460 2077 494 2100 οε
524 2078 704 2115 αρχιερευς
728 2066 877 2106 Ανανιας
896 2080 1037 2102 τυπτειν
1059 2081 1122 2101 αυ-
1143 2068 1166 2098 ί,

1187 801 1226 829 ut
1262 794 1390 843 abiret,
1426 796 1556 847 illeque
1582 798 1790 848 obsequitur
1822 815 1829 836 ε
1855 800 1942 838 adeo
1968 803 2165 869 morigerus

1186 862 1270 891 eiat.
1287 856 1340 891 Et
1356 856 1582 894 levaverunt
1593 871 1730 895 vocem
1745 873 1870 907 suam,
1892 861 2021 912 inquit,
2035 864 2162 900 dicen-

1187 921 1274 952 tes:
1297 915 1404 952 Tolle
1422 929 1530 961 eum;
1551 931 1628 954 non
1644 921 1746 956 enim
1773 925 1954 959 convenit
1975 931 2016 960 ut
2036 926 2161 961 vivat.

1187 974 1218 1010 O
1234 973 1441 1014 audaciam!
1463 977 1540 1013 Imo
1566 991 1632 1014 vos
1655 977 1776 1016 vivete
1794 993 1864 1017 non
1896 982 2074 1032 contenit,
2096 997 2165 1020 non

1185 1032 1281 1070 hunc
1304 1033 1340 1071 in
1355 1035 1519 1074 omnibus
1537 1037 1613 1074 Deo
1639 1037 1903 1088 obsequentem.
1924 1042 1956 1078 Ο
1975 1042 2111 1079 scelesti
2131 1052 2164 1079 et

1186 1093 1400 1134 homicidae!
1420 1097 1474 1133 Et
1496 1099 1730 1135 excutientes
1753 1108 1891 1149 vestes,
1921 1101 2051 1152 inquit,
2078 1104 2166 1154 pnl-

1190 1167 1314 1192 νεῖ-61η
1327 1157 1544 1194 mittebant.
1567 1158 1618 1195 Ut
1638 1158 1837 1209 graviorem
1856 1162 2052 1200 excitarent
2072 1163 2167 1201 sedi—

1187 1214 1334 1264 tionem,
1354 1215 1423 1253 hoc
1454 1216 1644 1265 faciebant,
1663 1227 1725 1256 aut
1758 1228 1798 1256 ut
1826 1221 2025 1274 principem
2059 1232 2171 1260 terre-

1187 1283 1276 1314 rent.
1299 1275 1346 1313 Et
1375 1276 1480 1314 vide:
1516 1291 1585 1315 non
1619 1278 1742 1317 dicunt
1774 1295 1929 1331 causam,
1959 1283 2043 1333 quia
2074 1284 2167 1321 nihil

1187 1334 1380 1374 dicendum
1404 1337 1597 1389 habebant,
1615 1339 1678 1377 sed
1696 1340 1849 1379 clamore
1870 1356 1907 1379 se
1924 1352 2093 1381 terrorem
2115 1345 2168 1382 in-

1189 1408 1307 1437 cutere
1321 1402 1584 1452 putant2atqui
1606 1403 1651 1440 ab
1680 1405 1945 1444 accusatoribus
1972 1422 2077 1446 causa
2096 1408 2170 1446 edi-

1189 1460 1318 1498 scenda
1337 1470 1421 1498 erat.
1439 1463 1493 1500 Et
1517 1465 1693 1502 tribunus
1716 1468 1859 1516 timuit,
1882 1466 2011 1518 inquit,
2031 1483 2170 1521 cogno-

1190 1534 1298 1559 scens
1317 1523 1424 1573 qaod
1436 1524 1634 1562 Romanas
1655 1534 1763 1563 esset.
1780 1527 1858 1564 Non
1885 1537 1958 1565 erat
1974 1543 2057 1580 ergo
2073 1545 2171 1569 men-

1190 1583 1346 1633 dacium,
1360 1586 1455 1635 quod
1474 1587 1608 1625 Paulus
1626 1587 1759 1626 diceret
1787 1603 1823 1627 se
1853 1592 2056 1630 Romanum
2087 1608 2171 1632 esse.

1191 1645 1244 1680 Et
1263 1645 1380 1682 solvit
1408 1660 1494 1682 eum
1513 1660 1538 1684 (ι
1556 1649 1741 1695 vinculis,
1762 1649 1891 1700 inquit,
1911 1661 1947 1689 et
1977 1655 2173 1693 adducens

1189 1708 1326 1743 statuit
1336 1708 1473 1744 eumin
1487 1709 1710 1747 concilium.
1722 1710 1798 1748 Hoc
1809 1713 1992 1763 oportebat
2003 1715 2116 1753 facere
2129 1717 2174 1753 ab

1189 1765 1303 1815 initio,
1323 1775 1357 1804 et
1378 1781 1490 1818 neque
1514 1769 1626 1820 ligare
1644 1784 1756 1821 neque
1781 1772 1873 1810 velle
1901 1773 2094 1825 flagellare,
2112 1777 2174 1813 sed

1189 1825 1384 1876 relinquere
1398 1841 1493 1879 eum,
1509 1829 1569 1879 qui
1586 1830 1677 1867 nihil
1691 1830 1845 1869 vinculis
1857 1832 2006 1884 dignum
2021 1835 2170 1873 fecisset.

1190 1889 1244 1925 Et
1258 1889 1374 1927 solvit
1399 1904 1498 1938 eum,
1522 1891 1651 1941 inquit,
1672 1901 1709 1930 et
1724 1894 1778 1930 ad
1797 1894 1885 1932 illos
1905 1897 2082 1936 adduxit.
2098 1898 2174 1935 Hoc

1190 1948 1347 1987 maxime
1356 1950 1480 1988 anxios
1491 1951 1649 1989 reddidit
1658 1954 1680 1992 J
1682 1952 1812 1991 udaeos.
1822 1957 1847 1990 I
1846 1957 2032 1995 ntendens
2043 1967 2173 1995 autem

1191 2011 1342 2048 Paulus
1358 2013 1399 2048 in
1411 2013 1634 2062 concilium,
1644 2013 1773 2064 inquit,
1789 2016 1888 2053 dixit
1901 2032 1912 2052 .·
1926 2019 2174 2069 Virifratres.

1192 2070 1260 2108 Hic
1273 2071 1444 2109 fiduciam
1457 2086 1557 2110 suam
1577 2073 1613 2110 in
1626 2074 1802 2124 loquendo
1815 2077 1981 2125 ostendit,
1999 2087 2032 2116 et
2043 2079 2172 2130 imper-

1190 2131 1355 2168 territum
1375 2132 1545 2169 animum.
1566 2133 1637 2171 Sed
1655 2134 1738 2172 vide
1759 2135 1904 2172 illorum
1917 2138 2170 2188 petulantiam3

1192 2191 1381 2242 subjunxit
1403 2192 1523 2229 enim:
1551 2194 1738 2245 Princeps
1767 2203 1897 2232 autem
1932 2211 2041 2235 sacer
2042 2200 2175 2235 dotum

1193 2251 1380 2289 Ananias
1394 2255 1576 2303 praecepit
1594 2261 1635 2290 nt
1650 2263 1914 2304 percuteretur
1932 2270 1973 2293 os
1992 2260 2085 2309 ejus.
2103 2259 2176 2295 Cur

1193 2307 1376 2361 percutis?
1396 2309 1482 2360 quid
1500 2310 1594 2347 enim
1616 2312 1910 2350 contumeliosum
1926 2314 2044 2353 dixit?
2061 2317 2118 2354 O
2109 2332 2179 2355 lm-

1192 2369 1426 2421 pudentiam!
1457 2385 1477 2408 o
1503 2371 1712 2412 audaciam!
1747 2375 1853 2412 Tunc
1892 2377 2041 2415 Paulus
2075 2379 2175 2416 divit

1194 2431 1279 2468 illi.-
1298 2433 1492 2469 Pelcntiet
1505 2441 1542 2470 te
1557 2434 1676 2479 Dens,
1696 2436 1826 2484 paries
1844 2436 2035 2475 dealbate.
2056 2439 2173 2491 Papae,

1194 2490 1412 2531 libertatem!
1439 2492 1497 2530 Ob
1516 2491 1726 2544 hypomisin
1755 2503 1790 2531 et
1820 2494 2044 2546 iniquitatem
2069 2499 2173 2537 illum

1194 2550 1372 2589 traducit:
1386 2551 1464 2589 ideo
1484 2551 1589 2589 etiam
1605 2552 1831 2592 humiliatur.
1849 2556 1929 2607 Ipse
1940 2571 2022 2595 vero
2042 2558 2173 2596 dubius

1196 2626 1239 2649 ne
1250 2611 1356 2649 audet
1368 2612 1512 2662 quidem
1529 2612 1648 2663 loqui,
1669 2612 1730 2650 sed
1745 2615 1807 2663 qui
1817 2615 1922 2666 juxta
1935 2617 2040 2655 illum
2060 2629 2172 2664 erant,

1196 2673 1271 2725 ejus
1288 2672 1487 2710 libertatem
1510 2686 1580 2710 non
1607 2673 1778 2711 tulerunt.
1800 2675 1854 2712 Ita
1870 2676 2039 2716 videbant
2057 2679 2176 2717 homi—

1198 2747 1276 2770 nem
1298 2741 1448 2770 mortem
1468 2746 1537 2770 non
1555 2742 1751 2784 curantem,
1768 2743 1802 2772 et
1829 2749 1899 2774 non
1921 2739 2174 2777 sustinuerunt.

1198 2796 1438 2840 Nesciebam,
1458 2793 1586 2845 inquit,
1607 2796 1710 2846 quod
1727 2809 1896 2836 summus
1917 2802 2096 2839 sacerdos
2109 2805 2172 2839 sit.

1198 2856 1295 2907 Ergo
1314 2870 1358 2893 ex
1371 2855 1568 2906 ignorantia
1588 2855 1780 2908 increpatio
1794 2857 1862 2895 fuit
1883 2874 1891 2895 :
1914 2860 1983 2898 nisi
1995 2862 2089 2900 enim
2107 2863 2175 2901 hoc

1199 2925 1301 2966 esset,
1329 2916 1391 2953 illo
1417 2925 1558 2967 accepto
1580 2916 1737 2966 abiisset,
1770 2932 1833 2956 nec
1863 2920 2039 2970 tacuisset,
2072 2932 2178 2974 atque

1199 2976 1317 3028 ipsum
1336 2976 1410 3014 illis
1425 2976 1590 3015 tribunus
1608 2977 1824 3016 tradidisset.

1252 3040 1290 3076 5.
1315 3037 1381 3076 Hic
1400 3051 1506 3090 porro
1526 3038 1680 3076 ostendit
1701 3053 1736 3076 se
1747 3039 1900 3079 libenter
1917 3042 1993 3081 haec
2011 3046 2083 3096 pati
2101 3061 2109 3081 :
2125 3056 2175 3084 at-

1199 3113 1266 3150 que
1282 3099 1331 3136 ita
1347 3098 1518 3137 rationem
1538 3098 1656 3136 reddit
1670 3113 1750 3137 cum
1767 3101 1851 3150 illis,
1871 3103 1941 3154 legi
1961 3118 1997 3142 se
2017 3106 2174 3158 obsequi,

1178 3207 1219 3239 D.
1238 3204 1451 3245 restituimus,
1469 3204 1654 3247 legeratque
1670 3207 1836 3248 Interpres
1853 3210 2018 3253 Latinus]

1225 3259 1240 3281 b
1265 3256 1365 3289 Savil.
1379 3263 1411 3291 τὸ
1430 3261 1626 3300 ἐντρεπτικὸν.
1642 3257 1709 3298 [Sic
1727 3260 1763 3292 A,
1775 3260 1810 3290 B·
1822 3260 1860 3294 C.
1873 3261 1992 3295 Monts.
2011 3269 2059 3298 καὶ
2074 3272 2177 3305 ἀκατ.,

1181 3306 1237 3340 sed
1255 3307 1407 3350 copulam
1426 3306 1490 3339 fide
1515 3309 1554 3340 D.
1574 3307 1763 3341 delevimus.
1783 3311 1867 3342 Nam
1884 3316 2036 3349 ἀσύνδετον
2052 3319 2178 3349 oratio-

1182 3371 1254 3393 nem
1272 3370 1355 3402 saepe
1373 3361 1520 3402 quaesivit
1535 3358 1654 3403 Chrys.
1667 3360 1700 3392 in
1718 3359 1767 3393 his
1784 3361 1956 3409 homiliis.]

1939 3420 2001 3457 128.
