2502 3810
715 263 756 292 IN
795 262 934 291 EPlST.

98 343 324 385 λανθάνοντας
346 344 596 396 ῥᾳθυμοτέρους
613 344 823 396 ἐργάσηται,
844 342 1031 381 αἰνίττεται
1047 341 1114 379 πά-

975 261 999 289 A
1006 261 1033 289 D
1069 259 1159 289 ROM
1169 279 1178 289 .

2074 243 2166 289 833

1190 339 1326 377 modica
1348 340 1423 378 haec
1449 340 1526 377 laus
1559 348 1620 377 cst.
1639 341 1722 378 Post
1752 338 1894 378 laudem
1924 338 2083 390 sequitur
2103 338 2168 376 ad-

1203 259 1371 290 ΔΗΟΜΙῘ...
1411 259 1551 289 xxxll.

98 405 152 440 λιν
173 407 285 447 αὐτοῖς
301 405 410 455 λέγων
428 420 435 428 ·
451 404 554 443 Θέλω
576 405 612 443 δὲ
632 407 722 456 ὑμᾶς
741 404 865 456 σοφοὺς
885 404 946 453 μὲν
968 398 1054 441 εἶναι
1070 404 1115 444 εἷς
1140 411 1164 440 D
1191 401 1352 439 monitio.
1371 402 1423 438 Ne
1455 401 1550 438 enim
1569 415 1589 438 a
1613 400 1718 453 culpa
1736 400 1817 438 illos
1836 401 1990 439 liberans
2012 410 2050 438 ut
2068 401 2169 452 igno-

99 464 138 501 τὸ
159 465 300 515 ἀγαθὸν,
323 466 504 519 ἀκεραίους
523 466 559 504 δὲ
578 469 625 510 εἰς
639 467 677 504 τὸ
693 467 810 504 κακόν.
829 465 936 516 Ὁρᾷς
957 467 1030 507 πῶς
1050 463 1117 500 πά·

100 527 153 562 λιν
176 527 288 563 αὐτῶν
309 527 551 577 καθάπτεται,
575 528 634 566 καὶ
664 526 893 571 ἀνυπόπτως;
924 529 1022 562 τοῦτο
1051 522 1118 574 γὰρ

101 586 337 637 αἰνιττομένου
360 588 464 633 ἐστὶν,
480 589 531 626 ὅτι
550 587 639 630 τινὲς
655 587 689 631 ἐξ
704 589 814 624 αὐτῶν
830 586 889 625 καὶ
909 585 1118 636 παρήγοντο.

101 645 146 684 ‘O
166 646 201 684 δὲ
235 648 324 691 Θεὸς
345 652 407 694 τῆς
439 650 578 701 εἰρήνης
610 649 787 701 συντρίὶιει
806 647 861 685 τὸν
881 651 1034 709 σατανᾶν
1054 644 1120 682 υπὸ

103 705 180 750 τους
198 707 305 751 πόδας
321 713 415 759 ὑμῶν
432 712 466 747 ἐν
482 710 597 762 τάχει.
621 709 767 755 Ἐπειοὴ
787 708 854 759 γὰρ
869 701 942 744 εἶπε
961 705 1039 749 τους
1059 704 1121 746 τας

104 768 326 819 διχοστασίας
341 785 400 808 και
412 770 456 808 τὰ
471 771 647 809 σκάνδαλα
660 784 857 813 ποιουντας,
875 771 968 804 εἶπεν
986 766 1121 816 εἰρήνης

105 829 236 873 O-OVv
231 829 284 866 ι’να
303 830 504 882 θαρσῆσωσι
520 847 600 884 περι
617 847 678 877 της
695 829 825 868 τούτων
843 830 961 867 ἀπαλλ
952 830 1061 877 αγῆς.
1077 825 1121 863 ‘O

104 890 170 941 γὰρ
189 889 299 940 ταύτῃ
319 891 465 943 χαίρων,
490 892 533 930 τὰ
551 891 789 943 λυμαινόμενα
812 892 875 928 αὐτ
864 891 899 940 ᾖ·
920 887 1120 936 καταλύσει.

103 951 174 988 Και
199 953 261 989 οὐκ
281 955 387 998 εἶπεν,
408 955 517 990 ὑποτα
508 952 590 997 ξει,
612 953 688 990 ἀλλ
703 952 750 1000 ,ὃ
775 950 922 1001 υεῖζόν’
908 964 979 987 εστι
994 977 1003 994 ,
1034 948 1122 985 Συν-

103 1011 233 1062 τρίψει·
254 1028 312 1050 και
329 1015 389 1050 οὐκ
409 1013 558 1056 ἐκείνους
578 1012 692 1063 μόνον,
717 1011 806 1049 ἀλ)α
826 1027 885 1048 και
900 1024 957 1047 τον
975 1023 1122 1061 στρατη-

106 1076 231 1120 γοῦντα
264 1074 378 1117 αὐτοῖς
404 1073 447 1111 τὰ
471 1079 613 1111 τοιαῦτα
642 1079 805 1110 σατανᾶν.
827 1073 893 1109 Καὶ
913 1072 977 1121 οὐχ
1004 1070 1124 1110 ἁπλῶς

106 1131 283 1183 συντρίψει
295 1163 304 1179 ,
327 1134 403 1170 ἀλλ’
421 1133 512 1171 Ἱ’πὸ
528 1132 606 1176 τοὺς
624 1134 732 1175 πόδας
744 1135 841 1181 ὑμῶν
857 1146 864 1153 ·
885 1129 976 1167 ὥστε
1004 1127 1124 1171 αὐτοὺς

105 1190 167 1237 τὴν
195 1192 294 1239 νίκην
320 1193 487 1245 ἄρασθαι,
507 1193 566 1231 καὶ
584 1196 634 1245 τῷ
656 1192 814 1245 τροπαίῳ
842 1190 1001 1242 γενέσθαι
1029 1191 1122 1239 λαμ-

104 1251 221 1302 προύς.
247 1252 318 1290 Καὶ
346 1253 415 1290 ἀπὸ
438 1258 498 1291 τοῦ
520 1253 644 1305 χρόνου
670 1254 705 1292 δὲ
725 1256 746 1299 ἦ
766 1250 970 1304 παραμυθία
995 1250 1100 1288 πάλιν
1114 1265 1121 1272 ·

105 1312 259 1364 ἐπήγαγε
285 1313 372 1364 γὰρ,
399 1314 462 1351 Ἐν
486 1315 600 1366 τάχει.
621 1317 736 1353 Τοῦτο
765 1313 800 1352 δὲ
827 1315 913 1363 ὁμοῦ
946 1312 1005 1350 καὶ
1036 1310 1121 1363 εὐχὴ

105 1373 164 1410 καὶ
193 1373 387 1425 προφητεία
414 1369 468 1421 ἦν.
489 1374 533 1412 Ἡ
560 1376 664 1427 χάρις
689 1379 748 1413 τοῦ
780 1374 910 1426 Κυρίου
935 1375 1035 1422 ἡμῶν
1052 1372 1123 1418 Ἰη-

105 1436 164 1471 σοῦ
200 1435 352 1485 Χριστοῦ
393 1437 466 1485 μεθ’
500 1439 610 1485 ὑμῶν.
646 1436 698 1474 Τὸ
731 1435 892 1486 μέγιστον
931 1432 1048 1479 ὅπλον,
1084 1432 1123 1470 τὸ

103 1500 217 1544 τεῖχος
244 1496 283 1533 τὸ
309 1495 492 1547 ἄρρηκτον,
513 1501 530 1535 ὁ
548 1496 678 1548 πύργος
697 1499 714 1533 ὃ
738 1497 912 1538 ἅσειστος·
951 1494 1122 1545 ἀνέμνησε

104 1554 171 1607 γὰρ
188 1556 310 1600 αὐτοὺς
329 1561 390 1603 τῆς
417 1557 558 1610 χάριτος
575 1588 583 1604 ,
605 1558 661 1595 ἵνα
681 1556 957 1609 προθυμοτέρους
975 1557 1123 1607 ἐργάση-

104 1631 172 1653 ται.
194 1618 238 1654 Εἰ
255 1617 321 1668 γὰρ
336 1621 403 1655 τῶν
420 1617 507 1656 πολὺ
527 1617 781 1670 χαλεπωτέρων
801 1617 1029 1667 ἀπηλλάγητε
1040 1647 1049 1663 ,
1065 1616 1124 1654 καὶ

105 1678 332 1728 ἀπηλλάγητε
352 1679 472 1732 χάριτι
493 1679 612 1729 μόνον·
637 1680 756 1730 πολλῷ
781 1679 911 1728 μᾶλλον
929 1681 997 1715 τῶν
1018 1680 1123 1715 ἐλατ-

104 1738 210 1775 τόνων
239 1742 549 1792 ἀπαλλαγησεσθε,
570 1741 585 1760 ¹³
600 1742 652 1779 ὅτι
670 1740 729 1777 καὶ
750 1739 841 1791 φίλοι
861 1739 1044 1790 γεγόνατε,
1065 1739 1124 1776 καὶ

104 1798 147 1835 τὰ
164 1802 248 1850 παρ’
270 1802 400 1838 ἑαυτῶν
419 1802 650 1852 συνεισάγετε.

109 2044 157 2094 ρὶς
176 2046 279 2096 εὐχῆς
297 2044 423 2090 τίθησι.
456 2046 695 2098 Μαρτυρήσας
715 2045 783 2097 γὰρ
803 2047 916 2088 αὐτοῖς
943 2045 1004 2091 τὴν
1036 2047 1125 2082 ὓπα-

106 2105 201 2152 κοὴν,
219 2105 296 2144 τότε
315 2106 505 2154 ἐπηύξατο,
527 2106 657 2149 δεικνὺς
677 2107 729 2144 ὅτι
745 2106 948 2159 ἀμφοτέρων
965 2106 1124 2156 δεόμεθα,

107 2166 165 2203 καὶ
182 2168 250 2203 τῶν
270 2168 353 2217 παρ’
372 2169 484 2217 ἡμῶν,
502 2168 561 2205 καὶ
575 2171 643 2205 τὶὂν
664 2167 760 2219 παρα
781 2182 837 2205 του
858 2168 967 2213 Θεου,
989 2168 1016 2203 εἷ
1039 2165 1124 2215 μέλ-

104 2227 203 2276 λοιμε
191 2242 223 2264 εν
244 2228 333 2277 μετὰ
349 2228 528 2279 ἀκριὲείας
542 2227 724 2272 σώζεσθαι
745 2227 813 2265 Καὶ
833 2227 899 2278 γαρ
916 2243 977 2264 ουκ
997 2226 1122 2278 ἔμπρο-

107 2290 184 2324 σθεν
205 2287 322 2342 μόνον,
341 2288 430 2326 ἀλλὰ
449 2289 508 2326 καὶ
527 2293 597 2336 νῦν,
624 2288 687 2326 κᾶν
706 2289 851 2340 μεγαλοι
878 2303 972 2324 υμεν
991 2287 1049 2324 καὶ
1069 2289 1126 2325 εὖ-

104 2340 239 2397 δόκιμοι
250 2364 337 2396 ,της
352 2352 435 2401 παρ’
457 2352 560 2388 αὐτου
582 2350 728 2400 δεόμεθα
745 2365 899 2402 χαριτος.
916 2348 1124 2392 Ἀσπάζεται

104 2411 193 2458 ὑμᾶς
206 2379 375 2460 Tt'ii0'05oc
390 2413 407 2448 ὃ
422 2411 582 2463 συνεργός
600 2427 675 2462 μου.
696 2405 797 2453 Εἶδες
812 2410 916 2448 πάλιν
932 2409 976 2447 τὰ
991 2409 1119 2456 συνήθη

107 2468 280 2519 ἐγκώμια;
305 2471 374 2508 Καὶ
391 2471 536 2516 Λούκιος
552 2472 611 2510 καὶ
624 2472 748 2510 Ἰοίσων
764 2471 823 2510 καὶ
845 2470 1072 2523 Σωσίπατρος
1091 2473 1122 2508 οἱ

105 2536 303 2580 συγγενεῖς
298 2547 373 2568 μου.
394 2532 528 2569 Ἰουτου
555 2537 614 2570 τοῦ
635 2532 786 2574 Ἰασονος
814 2547 874 2569 και
898 2534 1034 2574 Λουκᾶς
1064 2531 1123 2581 μέ-

105 2606 254 2639 μνηται,
272 2592 330 2629 καὶ
348 2591 411 2638 τὴν
432 2592 590 2644 ἀνδρείαν
609 2595 712 2630 αὐτου
733 2608 944 2644 παριστησιν
962 2596 1053 2649 ἡμῖν
1066 2592 1121 2630 λέ·

103 2666 187 2699 γ(υ)ν
224 2650 276 2688 ὅτι
307 2656 388 2702 ηγον
412 2653 512 2691 αυτὸν
535 2653 591 2691 ἐπὶ
621 2668 698 2695 τους
718 2653 934 2704 πολιτάρχας
965 2655 1121 2703 βοῶντες.

103 2711 172 2749 Και
188 2711 265 2756 τους
279 2714 439 2756 ἄλλους
421 2713 457 2752 r5
476 2714 565 2757 εἷκος
582 2708 613 2751 εἷ
612 2730 668 2751 ναι
687 2730 754 2751 των
776 2713 979 2763 ε’πισημων·
1003 2715 1040 2750 οὐ
1055 2713 1121 2764 γὰρ

103 2775 220 2817 ἁπλῶς
242 2778 415 2826 συγγενῶν
433 2775 624 2826 μέμνηται,
639 2777 668 2813 εἰ
686 2775 733 2826 μὴ
753 2773 845 2812 κατὰ
860 2773 922 2821 τὴν
943 2774 1121 2812 εὗσέὲειαν

102 2829 167 2872 εἷεν
190 2835 338 2879 ἐοικότες
367 2837 476 2888 αὐτῷ.
499 2836 714 2887 Ἀσπάζομαι
734 2838 824 2886 ὑμᾶς
852 2834 920 2886 ἐγὼ
943 2835 1086 2886 Τέρτιος
1105 2838 1122 2872 ὃ

100 2895 235 2947 γράψας
249 2895 311 2942 τὴν
330 2897 528 2943 ἐπιστολήν.
549 2899 601 2936 Οὐ
618 2897 739 2948 μικρὸν
755 2897 815 2935 καὶ
830 2900 931 2934 τοῦτο
949 2896 1120 2948 ἐγκώμιον

102 2957 304 3009 ὒπογραιρέα
323 2952 411 2996 εἶναι
425 2958 587 2997 Παύλου·
608 2958 699 3006 πλὴν
722 2960 788 3010 οὐχ
804 2957 860 2996 ἵνα
877 2958 996 2996 ἑαυτὸν
1014 2960 1120 3008 ἔγκω-

103 3018 233 3069 μιοίσῃ,
255 3023 355 3057 τοῦτο
373 3018 486 3070 λέγει,
521 3021 597 3058 ἀλλ’
625 3019 683 3057 ἵνα
715 3019 845 3073 θερμὴν
883 3019 1119 3066 ἐπισπάσηται

102 3079 183 3129 παρ’
205 3081 316 3116 αὐτῶν
336 3079 399 3125 τὴν
421 3079 560 3132 ἀγάπην
577 3081 645 3119 ἀπὸ
665 3083 726 3127 τῆς
744 3080 930 3124 διακονίας.
947 3080 1118 3123 Ἀσπάζε-

102 3153 159 3174 ται
174 3139 264 3186 ὑμᾶς
287 3139 390 3182 Γάϊος
409 3143 426 3177 ὁ
441 3139 532 3183 ξένος
554 3157 618 3191 μου
636 3142 695 3179 καὶ
717 3145 778 3188 τῆς
795 3141 1008 3188 Ἐκκλησίας
1024 3140 1117 3186 ὅλης,

107 3199 202 3247 Ιζῖδες
217 3199 286 3242 οἷον
302 3206 394 3257 αὐτῷ
410 3206 575 3257 στέφανον
588 3207 724 3252 ἔπλεξε,
743 3207 914 3254 τοσαύτην
927 3205 1118 3258 φιλοξενίαν

990 3278 1033 3317 εἷς
1055 3275 1116 3321 τὴν

106 3272 347 3323 μαρτυρήσας,
371 3273 428 3309 καὶ
456 3274 642 3325 ὁλόκληρον
665 3276 726 3322 τὴν
745 3275 959 3323 Ἐκκλησίαν

150 3396 163 3416 b
187 3391 261 3427 {ir-2
278 3400 326 3427 mi
345 3396 382 3427 A.
404 3394 495 3427 bene.
508 3396 584 3428 Mox
603 3395 687 3429 idem
707 3399 805 3440 'Off-9]

1139 1957 1185 1980 755

161 1982 254 2035 “Opu
279 1986 352 2027 πῶς
374 1985 450 2022 οὔτε
468 1985 571 2037 εὐχὴν
587 1986 694 2037 χωρὶς
714 1985 835 2037 ἔργων,
853 1985 930 2022 οὔτε
946 1985 1030 2037 ἔργα
1050 2000 1123 2035 χω-
1150 1994 1176 2022 Α

1191 471 1320 509 rantes,
1345 461 1543 512 ignaviores
1561 461 1698 511 reddat,
1717 476 1841 500 rursus
1856 462 1929 500 illis
1947 462 2102 500 insinuat
2114 462 2172 500 his

1190 522 1330 561 verbis:
1346 524 1421 560 Sed
1438 524 1531 560 volo
1549 537 1619 561 vos
1637 527 1829 574 sapientes
1847 537 1927 562 esse
1943 525 1997 561 ad
2012 526 2167 569 bonum,

1191 585 1359 621 sinceros
1390 592 1520 620 autem
1558 585 1611 620 ad
1642 585 1802 621 malum.
1837 584 1967 623 Viden'
1995 583 2173 635 quomodo

1192 657 1334 680 rursum
1355 643 1436 680 illos
1459 643 1685 697 perstringat?
1705 643 1788 680 licet
1815 644 1888 681 sine
1909 644 1981 681 ulla
2001 643 2173 696 suspicio-

1192 703 1262 740 ne?
1285 703 1351 741 hoc
1364 703 1457 740 enim
1473 711 1523 740 est
1540 703 1814 751 subindicantis,
1835 704 1930 753 quod
1946 719 1990 741 ex
2005 704 2077 742 illis
2095 703 2172 755 qui-

1193 764 1275 801 dam
1297 763 1432 802 seducti
1453 763 1534 801 sint.
1555 765 1619 801 ΞΟ.
1645 765 1752 801 Deus
1769 768 2019 817 autempacis
2046 775 2173 803 conte-

1194 834 1251 863 ret
1286 834 1469 863 satanam
1502 827 1570 862 sub
1604 825 1764 875 pedibus
1806 828 1946 862 vestris
1976 827 2173 864 velociter.

1197 886 1292 933 Quia
1312 886 1407 923 enim
1426 893 1689 922 memoraverat
1711 884 1805 933 illos,
1826 886 1887 934 qui
1909 885 2058 922 dissidia
2077 895 2109 923 et
2123 887 2174 923 of-

1195 947 1374 984 fendicula
1385 946 1575 998 parabant3
1590 946 1705 983 Deum
1726 945 1824 996 pacis
1834 946 1908 997 jam
1921 945 2022 995 dicit,
2037 955 2076 983 ut
2095 960 2176 984 con-

1195 1007 1309 1044 fidant
1323 1020 1359 1044 sc
1380 1007 1426 1043 ab
1445 1006 1517 1043 illis
1535 1019 1608 1043 esse
1623 1005 1836 1043 liberandos.
1860 1007 1952 1044 Nam
1973 1005 2034 1055 qui
2053 1005 2096 1043 de
2114 1020 2177 1057 pa-

1196 1083 1234 1107 ce
1255 1068 1397 1120 gaudet,
1423 1084 1462 1107 ea
1483 1084 1561 1120 quae
1587 1069 1687 1106 illam
1704 1069 1917 1106 labefactare
1935 1078 2082 1120 possunt
2106 1068 2179 1106 dis-

1197 1130 1320 1168 solvet.
1342 1131 1464 1180 Neque
1488 1130 1594 1179 dixit,
1618 1130 1812 1182 Subjiciet3
1835 1130 1911 1178 sed,
1946 1129 2042 1180 quod
2066 1131 2181 1181 majus

1196 1200 1259 1239 est,
1278 1193 1457 1229 Conteret
1473 1207 1480 1228 ε
1498 1205 1612 1242 neque
1646 1192 1761 1229 solum
1790 1191 1884 1241 illos,
1904 1191 1966 1228 sed
1995 1200 2028 1229 et
2053 1191 2180 1229 ducem

1196 1265 1318 1289 eorum
1342 1253 1409 1290 hac
1428 1252 1464 1289 in
1484 1266 1520 1289 re
1548 1261 1718 1291 satanam.
1738 1254 1860 1302 Neque
1879 1252 1995 1289 solum
2015 1261 2181 1300 conteret,

1196 1313 1258 1351 sed
1271 1314 1517 1365 Subpedibus
1532 1316 1673 1351 vestris
1685 1329 1697 1363 3
1718 1313 1765 1350 ita
1783 1312 1900 1364 utipsi
1915 1313 2104 1351 victoriam
2123 1328 2181 1351 re-

1195 1384 1389 1426 portarent,
1408 1384 1442 1413 et
1457 1384 1571 1413 erecto
1585 1385 1716 1427 tropaeo
1735 1375 1891 1413 illustres
1905 1384 2029 1413 essent.
2049 1378 2079 1412 A
2094 1385 2183 1413 tem·

1195 1450 1280 1488 pore
1296 1451 1434 1487 quoque
1447 1436 1638 1474 consolatio
1653 1436 1714 1473 illa
1734 1436 1861 1473 datur:
1879 1436 2064 1488 subjungit
2075 1437 2181 1485 enim,

1198 1499 1237 1534 V
1232 1498 1397 1535 elociter.
1415 1497 1491 1535 Hoc
1508 1507 1627 1535 autem
1644 1497 1750 1534 simul
1771 1497 1926 1549 precatio
1943 1506 1976 1534 et
1996 1497 2182 1549 prophetia

1195 1567 1286 1610 emt.-
1301 1559 1442 1597 Gratia
1465 1559 1631 1595 Domini
1644 1560 1765 1595 nostri
1781 1559 1875 1595 Jesu
1893 1558 2038 1595 Christi
2055 1559 2182 1595 vobis-

1197 1634 1296 1657 cum.
1323 1623 1431 1657 Arma
1463 1619 1677 1668 fortissima,
1708 1633 1832 1656 murus
1862 1619 2042 1668 infractus,
2074 1619 2184 1657 turris

1196 1680 1404 1717 inconcussa
1422 1695 1430 1715 τ
1448 1679 1521 1717 illis
1554 1679 1685 1732 quippe
1706 1679 1858 1731 gratiam
1882 1679 2114 1728 memoravit,
2145 1688 2185 1716 ut

1197 1740 1384 1778 alacriores
1404 1740 1578 1778 redderet.
1599 1741 1637 1779 Si
1658 1740 1750 1778 enim
1777 1755 1821 1778 ex
1843 1740 2069 1792 gravioribus
2088 1740 2181 1778 libe-

1198 1802 1265 1840 rati
1284 1802 1437 1851 fueritis,
1460 1811 1493 1839 et
1512 1816 1574 1854 per
1597 1801 1748 1853 gratiam
1766 1811 1916 1850 tantum,
1936 1802 2048 1839 multo
2070 1801 2184 1853 magis

1200 1874 1218 1896 a
1233 1860 1432 1898 minoribus
1461 1860 1673 1911 eripiemini‚
1693 1859 1777 1911 quia
1798 1869 1832 1897 et
1851 1859 1956 1897 amici
1984 1859 2066 1897 facti
2085 1859 2181 1906 estis,

1200 1926 1233 1955 et
1249 1932 1326 1969 quae
1346 1932 1451 1969 penes
1473 1931 1537 1956 vos
1555 1927 1653 1956 erant
1674 1917 1854 1955 intulistis.

1252 1979 1402 2018 Qvide
1423 1979 1600 2029 quomodo
1618 1993 1730 2029 neque
1745 1979 1983 2031 precationem
2007 1978 2083 2016 sine
2096 1992 2184 2031 ope-

2282 2005 2384 2033 Preces

1197 2041 1322 2089 libus,
1353 2056 1465 2092 neque
1491 2056 1595 2093 opela
1625 2042 1698 2079 sine
1721 2041 1922 2094 precatione
1953 2051 2072 2094 ponat.
2092 2043 2183 2079 Cum
2197 2056 2262 2074 cum
2284 2049 2386 2084 ῡΡειί-

1198 2103 1291 2140 enim
1317 2103 1556 2141 obedientiam
1575 2103 1721 2140 illorum
1747 2103 1957 2140 testificatus
1977 2112 2078 2153 esset,
2099 2112 2182 2141 tunc

2196 2089 2262 2126 bus,
2296 2099 2384 2126 opem

2197 2139 2229 2155 cu
2235 2141 2262 2158 nl
2289 2141 2384 2168 PFCCK·

1197 2178 1263 2216 pro
1287 2164 1360 2202 illis
1384 2174 1547 2218 precatus
1579 2173 1644 2214 cst,
1677 2164 1864 2202 ostendens
1894 2163 2054 2214 utrisque
2080 2164 2182 2202 nobis
2196 2171 2263 2199 bus.

1197 2238 1287 2277 opus
1317 2240 1411 2274 esse,
1434 2235 1467 2263 et
1498 2225 1543 2262 iis
1558 2225 1791 2276 quaeanobis
1815 2233 1908 2274 sunt,
1926 2233 1959 2262 et
1978 2224 2023 2262 iis
2054 2239 2132 2274 quae
2161 2239 2181 2262 a

1196 2287 1285 2331 Deo,
1304 2287 1333 2324 si
1352 2286 1499 2337 quidem
1523 2300 1586 2338 per
1614 2285 1840 2336 diligentiam
1866 2284 2033 2324 servandi
2052 2285 2177 2323 simus.

1197 2350 1277 2386 Non
1296 2348 1391 2386 enim
1411 2348 1526 2385 solum
1556 2355 1671 2394 antea,
1692 2346 1754 2384 sed
1773 2354 1806 2383 et
1824 2360 1931 2396 nune,
1953 2345 2092 2383 etiamsi
2110 2359 2183 2383 ma-

1198 2411 1257 2463 gni
1286 2411 1396 2449 simus
1416 2419 1450 2448 et
1467 2408 1622 2462 probati,
1639 2409 1714 2460 ejus
1743 2408 1855 2460 gratia
1882 2422 1970 2459 opus
1997 2406 2182 2444 habemus.

1197 2478 1261 2516 Q.
1275 2474 1431 2513 Salutat
1456 2485 1527 2509 vos
1551 2471 1771 2508 Timotheus
1793 2470 1950 2522 adjutor
1968 2482 2086 2506 meus.
2108 2467 2183 2506 Vi—

1197 2539 1277 2576 den'
1301 2550 1425 2575 rursus
1444 2535 1546 2573 solita
1566 2533 1748 2571 encomia?
1771 2534 1826 2570 Et
1840 2534 1982 2570 Lucius
2002 2541 2039 2569 et
2056 2533 2183 2569 Jason

1198 2608 1234 2636 et
1257 2599 1454 2648 Sosipater
1466 2597 1622 2646 cognati
1646 2596 1731 2630 mei.
1766 2592 1905 2632 Jasonis
1938 2592 2046 2644 hujus
2066 2594 2182 2629 Lucas

1199 2672 1339 2709 quoque
1355 2656 1534 2702 meminit,
1555 2652 1871 2704 fortitudinemque
1887 2653 1962 2704 ejus
1972 2652 2073 2689 nobis
2083 2665 2180 2689 com-

1198 2718 1341 2757 mendat
1360 2717 1495 2765 dicens,
1518 2714 1614 2766 quod
1639 2713 1808 2751 duxerint
1826 2727 1908 2751 eum
1926 2712 1973 2750 ad
1997 2712 2180 2764 magistra·

1198 2792 1253 2820 tus
1284 2781 1384 2819 urbis
1408 2780 1609 2818 clamantes.
1631 2777 1679 2815 Et
1708 2777 1797 2815 alios
1827 2791 1967 2828 quoque
1984 2776 2180 2815 verisimile

1197 2854 1247 2882 est
1266 2858 1310 2889 ex
1337 2842 1537 2894 insignibus
1557 2840 1666 2878 fuisse
1683 2855 1691 2876 :
1709 2853 1823 2889 neque
1848 2838 1942 2876 enim
1969 2837 2179 2890 simpliciter

1197 2914 1362 2957 cognatos
1378 2910 1602 2951 memoraret,
1621 2900 1689 2938 nisi
1721 2899 1851 2952 pietate
1877 2899 1947 2937 sibi
1975 2899 2108 2937 similes
2127 2912 2179 2935 es-

1195 2977 1283 3006 sent.
1312 2969 1375 3005 99.
1401 2965 1536 3004 Saluto
1559 2977 1630 3001 vos
1658 2976 1726 3014 ego
1761 2963 1922 3009 Tertius,
1945 2963 2012 3012 qui
2045 2962 2179 3011 scripsi

1195 3029 1408 3081 epistolam.
1426 3027 1504 3064 Non
1520 3024 1660 3062 modica
1673 3023 1749 3061 haec
1761 3036 1899 3074 quoque
1916 3022 1994 3059 laus
2011 3030 2073 3071 est,
2089 3021 2177 3060 scri-

1195 3090 1278 3127 bam
1293 3102 1366 3126 esse
1383 3086 1487 3124 Pauli
1504 3098 1651 3124 :verum
1665 3083 1734 3121 hoc
1751 3096 1819 3121 non
1839 3082 1918 3120 ideo
1936 3081 2044 3131 dixit,
2067 3090 2106 3118 ut
2123 3095 2177 3119 sc-

1195 3165 1229 3188 se
1248 3148 1418 3196 laudaret,
1438 3146 1497 3184 sed
1520 3155 1559 3182 ut
1585 3145 1779 3182 ferventem
1797 3142 1893 3195 apud
1912 3143 1992 3180 illos
2015 3142 2176 3180 dilectio—

1195 3225 1274 3249 nem
1303 3224 1346 3247 ex
1372 3209 1441 3246 hoc
1474 3205 1669 3245 ministerio
1697 3205 1914 3242 conciliaret.
1935 3206 2000 3243 95.
2019 3204 2175 3242 Salutat

1183 3286 1252 3312 vos
1276 3273 1398 3311 Gaias
1415 3271 1549 3318 hospes
1581 3279 1686 3304 meus
1705 3274 1740 3304 et
1771 3268 1958 3304 universae
1974 3265 2172 3304 Ecclesiae.

2198 2597 2266 2627 Ast.
2292 2608 2337 2637 17.
