2502 3810
97 1214 166 1241 Aci‘.
207 1240 211 1245 ,

309 261 398 319 780
763 275 800 303 5.
839 272 1023 304 JOANNJS
1059 271 1299 302 cnm‘sos’r.

305 361 439 390 tantam
471 352 579 390 habes
612 366 728 389 rerum
760 352 1028 405 experientiam,
1064 351 1181 390 verbis
1207 351 1284 389 haec

304 427 381 462 quae
408 412 503 449 dicta
521 421 603 449 sunt
625 413 844 451 contemnis?
872 414 996 464 Itaque
1016 413 1192 450 contraria
1216 412 1285 450 tibi

303 473 513 524 contingent.
535 473 844 519 Quemadmodum
867 474 963 512 enim
977 474 1032 511 1111
1047 473 1143 511 dicta
1158 473 1283 511 timen-

301 542 366 581 tes,
392 534 511 584 reipsa
531 534 736 585 supplicum
755 549 824 572 non
842 535 979 586 experti
999 543 1080 572 sunt
1099 550 1107 571 :
1124 534 1173 572 sic
1193 543 1227 572 et
1245 543 1282 571 tu
1307 545 1332 576 C

300 594 408 630 verba
425 594 576 632 minacia
593 604 830 644 contemnens,
849 596 966 647 reipsa
991 609 1110 647 poenas
1129 595 1284 647 experie-

298 655 358 691 ris.
381 654 428 691 Et
444 655 472 692 51
490 669 582 693 1111110
597 656 673 693 haec
686 656 780 694 dicta
797 656 863 693 tibi
876 657 997 693 fabula
1013 670 1086 694 esse
1100 656 1282 705 videntur,

298 715 361 752 sed
380 729 493 765 secus,
524 730 605 753 011111
625 730 678 754 res
703 717 787 768 ipsae
807 726 892 754 tunc
917 716 985 754 tibi
1008 716 1119 754 fidem
1134 716 1279 756 facient..

298 778 376 815 Non
401 777 502 816 vides
520 778 607 829 quid
623 787 656 816 et
673 779 732 816 hic
751 778 871 816 fecerit
891 778 1082 816 Christus?
1105 778 1282 829 quomodo

297 837 387 876 duos
416 839 571 876 latrones
601 849 798 891 praesentes‚
840 853 910 877 nou
936 839 1064 877 iisdem
1091 848 1283 891 utrumque

297 898 463 950 dignatus
503 900 562 949 sit,
601 899 661 937 sed
691 901 801 938 alium
832 901 868 938 in
906 911 1056 952 regnum
1083 900 1279 949 induxerit,

296 961 409 998 alium
435 961 471 998 in
492 961 688 1012 gehennam
708 962 874 1000 miserit?
903 962 1047 1013 Ecquid
1064 962 1145 1000 dieo
1168 962 1279 1000 latro-

297 1034 377 1059 nem
399 1031 431 1060 et
448 1022 694 1060 homicidam?
715 1025 838 1074 Neque
856 1023 950 1061 enim
969 1023 1129 1075 apostolo
1147 1037 1277 1075 peper-

296 1083 358 1130 cit,
387 1084 471 1133 quia
501 1084 662 1135 proditor
687 1085 799 1122 factus
830 1094 901 1135 est;
931 1085 992 1123 sed
1027 1100 1110 1124 cum
1141 1085 1280 1124 videret

297 1159 376 1181 eum
397 1145 443 1182 ad
462 1146 629 1196 laqueum
647 1146 800 1194 tendere,
825 1161 968 1198 seseque
982 1148 1218 1199 strangulare,
1239 1161 1280 1186 ac
1304 1155 1330 1185 D

265 1237 267 1240 .
296 1206 455 1243 inedium
470 1206 648 1259 disrumpi
671 1210 776 1255 (nam
800 1209 956 1259 Crepuit
978 1210 1139 1257 medius,
1164 1216 1201 1246 et
1225 1209 1282 1260 ef-

292 1268 386 1318 fusa
415 1277 505 1305 sunt
527 1271 658 1305 omnia
684 1271 837 1307 viscera
862 1272 944 1321 ejus
951 1274 996 1317 );
1016 1278 1169 1307 attamen
1200 1282 1281 1307 cum

296 1328 369 1366 haec
398 1329 516 1366 omnia
542 1329 733 1380 prresciret,
757 1330 917 1380 permisit
948 1344 1029 1381 eum
1056 1330 1130 1367 haee
1161 1330 1281 1367 omnia

294 1389 381 1439 pati,
415 1404 435 1425 a
468 1389 698 1440 przesentibus
734 1389 778 1426 de
814 1390 945 1427 futuris
976 1390 1083 1427 etiam
1114 1390 1280 1427 omnibus

293 1450 362 1486 tihi
388 1449 497 1487 fidem
517 1449 659 1487 faciens.
689 1451 742 1487 Ne
759 1450 872 1501 igitur
889 1465 952 1489 vos
972 1451 1066 1502 ipsos
1080 1451 1279 1503 decipiatis,

292 1510 437 1547 diabolo
470 1510 754 1561 obtemperantes
789 1527 796 1547 :
825 1511 936 1562 ipsius
960 1510 1054 1548 enim
1086 1520 1168 1549 sunt
1202 1511 1280 1549 haec

291 1571 449 1610 consilia.
464 1574 555 1609 Nam
574 1572 602 1609 si
622 1580 655 1610 et
673 1572 812 1623 judices
829 1582 862 1610 et
878 1573 1016 1610 domini
1036 1582 1069 1610 et
1080 1583 1280 1625 praecepto-

292 1648 361 1679 res,
381 1632 519 1670 etiamsi
540 1631 684 1670 barbari
701 1633 784 1681 sint,
800 1633 911 1672 bonos
934 1633 1109 1671 honorant
1123 1643 1157 1671 et
1169 1635 1280 1673 malos

290 1694 444 1745 puniunt
454 1710 463 1743 3
475 1694 653 1744 quomodo
667 1704 939 1733 consentaneum
950 1695 1056 1733 fuerit
1070 1697 1188 1734 Deum
1199 1710 1282 1734 con-

291 1754 399 1792 traria
421 1755 548 1804 facere,
568 1763 601 1792 et
616 1754 742 1792 iisdem
758 1755 899 1807 dignari
912 1756 1048 1794 bonum
1076 1765 1109 1794 et
1141 1756 1282 1808 impro-
1305 1754 1328 1783 Ε

288 1815 405 1853 bum?
443 1815 681 1861 Quandonam
707 1829 790 1866 ergo
807 1831 827 1853 a
843 1816 980 1854 malitia
995 1816 1101 1854 liberi
1122 1817 1280 1855 erimus?

289 1879 381 1915 Nam
411 1877 472 1928 qui
504 1891 599 1915 nunc
620 1877 840 1930 supplicium
873 1887 1090 1930 exspectant,
1126 1888 1160 1917 et
1188 1879 1281 1918 inter

289 1947 340 1975 tot
367 1947 553 1975 versantur
571 1938 715 1976 timores
738 1953 758 1975 a
773 1938 972 1990 jndicibus,
993 1953 1013 1976 a
1033 1939 1187 1991 legibus,
1215 1954 1279 1978 neo

288 2009 406 2037 tamen
431 2014 451 2036 a
477 1998 614 2037 malitia
640 1999 814 2038 desistunt
830 2016 837 2036 :
853 2015 936 2038 cum
968 2014 1008 2038 eo
1035 2002 1210 2052 venerint,
1239 2010 1279 2039 ut

287 2061 384 2098 hunc
404 2060 567 2098 timorem
585 2059 776 2113 deponant,
801 2061 897 2115 quod
916 2075 987 2099 non
1009 2062 1126 2100 solum
1150 2062 1186 2100 in
1215 2077 1276 2115 ge-

287 2120 440 2158 hennam
459 2134 528 2158 non
556 2120 738 2173 delapsuri
765 2121 850 2169 sint,
885 2121 948 2159 sed
971 2122 1067 2173 quod
1092 2122 1198 2160 etiam
1220 2137 1278 2160 re-

288 2195 397 2232 gnum
429 2181 499 2219 sint
524 2181 701 2234 adepturi,
720 2182 953 2233 quandonam
968 2198 987 2220 a
1008 2183 1166 2234 nequitia
1188 2184 1279 2221 desi-

289 2242 408 2279 stent?
425 2244 477 2279 An
493 2242 572 2291 hoc,
586 2255 716 2293 quaeso,
726 2243 960 2294 benignitatis
975 2244 1010 2282 su
1017 2244 1094 2292 erit,
1103 2245 1277 2284 malitiam

288 2301 426 2351 fovere,
461 2311 493 2339 et
523 2301 690 2353 nequitiae
716 2303 905 2354 praemium
935 2304 1114 2341 statuere?
1151 2305 1278 2343 iisdem

287 2360 429 2412 dignari
448 2361 555 2399 bonis
574 2371 710 2399 castum
731 2371 765 2400 et
784 2362 973 2411 lascivum,
992 2363 1135 2402 fidelem
1155 2366 1276 2404 etim-

286 2421 400 2472 pium,
425 2421 578 2459 Paulum
605 2430 639 2459 et
666 2421 887 2460 diabolum?
927 2426 974 2461 At
995 2438 1179 2476 quousque
1210 2440 1274 2466 nos
1299 2440 1323 2468 A

287 2482 532 2532 nugabimur?
554 2483 803 2529 Quamobrem
821 2483 967 2521 obsecro
990 2493 1023 2522 et
1039 2499 1115 2534 or0,
1140 2487 1186 2524 ab
1206 2487 1274 2527 hac

287 2542 422 2579 insania
440 2542 557 2590 liberi,
587 2551 621 2581 et
648 2542 695 2580 ad
715 2557 778 2581 vos
798 2543 893 2595 ipsos
912 2544 1112 2592 redeuntes,
1146 2536 1272 2587 anima}

285 2612 414 2641 vestrae
433 2602 674 2654 persuadeatis
694 2611 733 2640 ut
752 2603 874 2641 timeat
893 2613 927 2642 et
945 2613 1074 2643 tremat
1085 2622 1098 2657 3
1131 2616 1172 2645 ut
1195 2619 1227 2647 et
1252 2625 1272 2648 a

285 2663 403 2700 futura
424 2663 582 2714 gehenna
601 2663 786 2710 liberetur,
808 2672 841 2702 et
860 2664 927 2702 hac
944 2665 1020 2705 vita
1038 2674 1273 2720 temperanter

285 2732 377 2773 acta,
400 2724 521 2762 futura
539 2724 634 2762 bona
660 2734 881 2776 assequatur,
909 2727 1023 2778 gratia
1042 2738 1075 2766 et
1099 2730 1270 2782 benigni-

285 2793 353 2822 tate
374 2785 520 2823 Domini
542 2785 653 2823 nostri
683 2787 767 2824 Jesu
794 2787 944 2836 Christi,
977 2790 1036 2826 cui
1064 2804 1147 2828 cum
1173 2792 1271 2830 Patri

284 2856 316 2884 et
337 2862 405 2884 nna
431 2847 582 2899 Spiritui
599 2856 722 2885 sancto
742 2848 870 2899 gloria,
897 2850 1024 2898 honor,
1060 2852 1267 2905 imperium,

284 2923 376 2947 nune
394 2919 428 2947 et
454 2924 606 2962 semper,
626 2919 658 2948 et
686 2911 722 2948 in
742 2912 873 2950 saecula
894 2913 1118 2954 saeculorum.
1151 2917 1276 2955 Amen.

330 3170 344 3193 ¹³
370 3170 431 3210 [Α.
453 3175 570 3204 ἅπαντα
589 3178 619 3202 et
638 3183 715 3204 mox
742 3176 793 3211 ἕως
812 3178 926 3216 ἕὶυσςιν,
947 3176 1002 3208 Sed
1022 3182 1055 3210 ἄν
1074 3176 1173 3210 habet
1191 3179 1288 3211 ctiam

287 3224 308 3250 A.
319 3232 381 3252 uon
391 3222 412 3262 ]

330 3283 340 3295 '²
366 3274 501 3317 [ἔπεμψε
522 3277 557 3308 Λ.
576 3283 607 3307 ct
624 3277 744 3316 Aaou]

1287 2402 1332 2426 711

1339 271 1528 305 ARCHIEP
1538 296 1547 305 .
1587 277 1670 307 CON
1678 277 1924 309 STANTtNOP
1933 299 1943 308 .

1359 352 1500 395 1’πάντα
1536 362 1732 408 ποιοῦντες,
1752 359 1815 403 ἕως
1837 359 1877 399 ἂν
1892 359 2017 399 ἔλυσαν
2038 361 2099 408 τὴν
2121 362 2244 415 ὀργήν·
2269 360 2323 399 σὺ”
2341 361 2376 398 δὲ

1355 419 1373 453 ὁ
1402 418 1574 467 τοσαύτην
1602 420 1718 459 λαὲὼν
1739 427 1862 473 πεῖραν
1882 421 2114 472 πραγμάτων,
2134 422 2191 460 διὰ
2211 423 2376 474 ῥημάτων

1357 475 1537 522 ἐξουθενεῖς
1571 480 1615 517 τὰ
1648 481 1833 534 εἰρημένα,
1854 482 1991 520 Οὐκοῦν
2021 482 2118 520 ἔσται
2148 481 2193 520 τὰ
2226 482 2375 520 ἐναντία.

1355 535 1497 590 “ssa-nep
1516 541 1582 592 γὰρ
1605 544 1727 579 ἐκεῖνοι
1744 542 1949 593 φοὸηθέντες
1968 541 2012 579 τὰ
2032 544 2190 594 ῥήματα,
2207 545 2270 594 οὐχ
2294 541 2377 579 ὑπέ-

1358 614 1477 647 μειναν
1500 601 1562 648 τὴν
1578 603 1647 640 ἀπὸ
1666 605 1734 640 τῶν
1763 602 1979 655 πραγμάτων
1996 603 2167 656 τιμωρίαν
2181 619 2188 626 ·
2207 602 2295 641 οὕτω
2318 603 2377 640 καὶ

1355 659 1395 697 σὺ
1415 663 1475 706 τῆς
1495 662 1565 700 ἀπὸ
1582 666 1650 701 τῶν
1673 663 1839 715 ῥημάτων
1867 667 2093 715 καταφρονῶν
2117 664 2284 711 ἀπειλῆς,
2311 663 2375 709 τὴν

1354 722 1422 759 ἀπὸ
1443 724 1657 775 πραγμάτων
1673 724 1854 776 ὕποστήσῃ
1874 724 2029 767 κόλασιν,
2063 724 2133 763 Καὶ
2153 727 2183 763 εἰ
2198 729 2254 763 νῦν
2272 724 2376 775 μῦθός

1355 798 1408 820 σοι
1426 785 1517 822 δοκεῖ
1531 778 1619 822 εἶναι
1637 784 1681 822 τὰ
1702 785 1864 838 ῥήματα,
1884 787 1959 824 ἀλλ’
1983 788 2044 838 οὐχ
2066 786 2145 823 ὅταν
2167 801 2204 823 σε
2223 785 2266 822 τὰ
2285 785 2376 838 πρά-

1353 859 1472 892 γματα
1485 844 1587 897 πείθῃ
1608 845 1697 883 τότε.
1718 848 1797 898 Οὐχ
1811 848 1892 898 ὁρᾷς
1907 846 1966 884 καὶ
1984 847 2130 884 ἐνταῦθα
2145 845 2179 883 τί
2194 845 2379 892 πεποίηκε,

1353 906 1427 946 πῶς
1454 904 1512 943 δύο
1540 905 1670 957 λῃστὰς
1690 905 1810 944 λαὸὼν
1830 909 1867 944 οὗ
1889 909 1957 944 τῶν
1979 907 2091 944 αὐτῶν
2111 905 2269 954 ἠξίωσεν,
2286 905 2376 944 ἀλλὰ

1351 963 1410 1001 τὸν
1440 964 1502 1015 μὲν
1523 967 1570 1008 εἰς
1599 966 1780 1017 βασιλείαν
1813 966 1996 1018 εἰσήγαγε,
2019 966 2077 1004 τὸν
2108 966 2143 1003 δὲ
2170 969 2217 1009 εἷς
2236 966 2374 1018 γέενναν

1351 1026 1580 1079 εάπέπεμψε,
1603 1027 1673 1066 Καὶ
1703 1027 1737 1065 τί
1764 1028 1856 1079 λέγω
1883 1027 2018 1079 λῃστὴν
2047 1026 2108 1065 καὶ
2146 1027 2374 1079 ἀνδροφόνον,

1352 1087 1445 1125 Οὐδὲ
1463 1087 1531 1139 γὰρ
1550 1091 1609 1125 τοῦ
1639 1088 1833 1127 ἀποστόλου
1854 1088 2036 1140 ἐφείσατο,
2055 1087 2175 1135 ἐπειδὴ
2206 1087 2377 1139 προδότης

1352 1148 1505 1198 ἐγένετο,
1527 1149 1617 1186 ἀλλὰ
1645 1149 1704 1186 καὶ
1734 1148 1792 1187 ἐπὶ
1825 1149 1952 1202 βρόχον
1968 1151 2056 1201 ὁρῶν
2076 1151 2240 1200 ὁρμῶντα
2259 1148 2375 1197 αὐτὸν,

1351 1208 1410 1246 καὶ
1432 1208 1625 1261 ἀγχόμενον
1642 1209 1701 1248 καὶ
1718 1209 1821 1260 μέσον
1844 1209 2052 1263 ῥηγνύμενον
2075 1208 2157 1260 (καὶ
2181 1208 2248 1261 γὰρ
2269 1209 2375 1247 Ἐλά-

1351 1284 1437 1314 κησε
1458 1269 1577 1320 μέσος,
1595 1270 1654 1308 καὶ
1670 1270 1715 1309 τὰ
1735 1271 1920 1322 σπλάγχνα
1941 1273 2043 1308 αὐτοῦ
2060 1269 2202 1320 ἐξεχύθη
2221 1270 2336 1308 πάντα
2348 1273 2373 1319 )·

1350 1327 1453 1366 αάλλ’
1487 1330 1581 1380 ὅμως
1611 1331 1748 1368 ἅπαντα
1778 1335 1890 1368 ταῦτα
1917 1329 2106 1382 προειδὼς,
2138 1330 2233 1368 εἴασε
2257 1330 2374 1369 πάντα

1352 1388 1450 1426 αὐτὸν
1476 1395 1584 1428 ταῦτα
1612 1394 1747 1437 παθεῖν,
1767 1392 1835 1428 ἀπὸ
1855 1394 1922 1428 τῶν
1938 1391 2119 1443 παρόντων
2148 1406 2186 1428 σε
2204 1391 2263 1428 καὶ
2294 1393 2374 1443 περὶ

1350 1452 1419 1486 τῶν
1438 1451 1516 1494 ἐκεῖ,
1529 1451 1757 1501 πιστούμενος
1776 1450 1930 1488 πάντων.
1951 1449 2012 1496 Μὴ
2032 1450 2144 1488 τοίνυν
2175 1451 2375 1503 φενακίζετε

1351 1510 1490 1554 ἑαυτοὺς
1510 1514 1561 1562 τῷ
1575 1511 1727 1563 διαὸόλῳ
1743 1511 1950 1562 πειθόμενοι·
1967 1511 2097 1549 ἐκείνου
2116 1511 2183 1564 γὰρ
2202 1517 2313 1551 ταῦτα
2329 1514 2374 1552 τὰ

1349 1574 1520 1624 νοήματα.
1537 1576 1581 1612 Εἰ
1595 1573 1661 1626 γὰρ
1682 1574 1740 1612 καὶ
1757 1573 1919 1612 δικασταὶ
1947 1572 2006 1611 καὶ
2027 1573 2192 1612 δεσπόται
2207 1573 2266 1612 καὶ
2281 1574 2374 1613 διδοί-

1351 1637 1475 1672 σκαλοι
1493 1634 1552 1672 καὶ
1574 1635 1744 1687 βάρὸαροι
1770 1634 1847 1677 τοὺς
1872 1633 1934 1684 μὲν
1959 1633 2107 1685 ἀγαθοὺς
2126 1637 2278 1684 τιμῶσι,
2296 1633 2374 1678 τοὺς

1352 1694 1387 1733 δὲ
1406 1695 1576 1748 πονηροὺς
1596 1695 1800 1739 κολάζουσι·
1828 1697 1903 1738 πῶς
1924 1695 1964 1733 ἂν
1984 1695 2058 1746 ἔχοι
2077 1695 2178 1745 λόγον
2198 1694 2296 1747 παρὰ
2323 1698 2373 1747 τῷ

1351 1758 1434 1808 Θεῷ
1451 1757 1618 1795 τάναντία
1633 1756 1790 1807 γίνεσθαι
1805 1783 1814 1801 ,
1830 1755 1892 1794 καὶ
1905 1758 1973 1793 τῶν
1989 1758 2101 1794 αὐτῶν
2118 1755 2295 1799 ἀξιοῦσθαι
2314 1757 2372 1795 τόν

1351 1833 1388 1854 τε
1408 1818 1534 1869 ἀγαθὸν
1555 1817 1615 1856 καὶ
1634 1817 1691 1855 τὸν
1712 1819 1750 1855 οὐ
1768 1820 1941 1863 τοιοῦτον,
1960 1816 2055 1854 Πότε
2081 1815 2117 1854 δὲ
2145 1815 2226 1854 θκαὶ
2254 1819 2373 1855 ἀπαλ-

1349 1878 1440 1929 λαγὴ
1463 1879 1560 1917 ἔσται
1581 1882 1642 1926 τῆς
1661 1878 1804 1925 κακίας,
1827 1876 1875 1915 Οῗ
1890 1893 1928 1915 τε
1946 1876 2013 1928 γὰρ
2033 1881 2089 1915 νῦν
2111 1878 2373 1930 προσδοκῶντες

1349 1940 1504 1988 κόλασιν,
1529 1940 1588 1978 καὶ
1611 1938 1738 1991 μεταξὺ
1760 1938 1933 1977 τοσούτων
1960 1938 2054 1982 ὄντες
2078 1938 2193 1990 φόὸων
2213 1942 2282 1977 τῶν
2303 1941 2373 1978 ἀπὸ

1349 2003 1416 2039 τῶν
1437 2003 1621 2049 δικαστῶν,
1640 2004 1708 2038 τῶν
1732 2000 1800 2038 ἀπὸ
1819 2002 1888 2037 τῶν
1913 1999 2041 2050 νόμων,
2060 1999 2120 2037 καὶ
2145 2001 2207 2038 οὐκ
2227 2001 2372 2052 ἀφιστά-

1350 2078 1446 2112 μενοι
1465 2065 1526 2108 τῆς
1542 2062 1709 2113 πονηρίας
1723 2077 1730 2084 ·
1749 2060 1829 2099 ὅταν
1851 2060 2056 2104 ἀπελθόντες
2073 2062 2144 2098 ἐκεῖ
2158 2061 2217 2098 καὶ
2238 2062 2298 2100 τὸν
2315 2062 2373 2114 <pd-

1349 2124 1407 2161 &ov
1424 2127 1543 2161 τοῦτον
1560 2122 1777 2168 ἀπόθωνται,
1810 2121 1870 2159 καὶ
1890 2120 1938 2171 μὴ
1969 2120 2069 2172 μόνον
2086 2123 2133 2164 εἰς
2150 2121 2288 2172 γέενναν
2310 2125 2372 2161 οὐκ

1349 2184 1562 2235 ἐμπέσωσιν,
1583 2183 1674 2223 ἀλλὰ
1695 2183 1754 2222 καὶ
1773 2181 1950 2234 βασιλείας
1971 2182 2183 2234 ἐπιτύχωσι,
2202 2182 2286 2221 πότε
2308 2198 2371 2221 πο-

1347 2245 1571 2297 νηρευόμενοι
1604 2245 1805 2293 στήσονται,
1844 2246 1958 2283 Τοῦτο
1991 2238 2048 2283 οῦν
2088 2244 2346 2296 φιλανθρωπίας
2360 2275 2370 2292 ,

1347 2305 1424 2343 εἶπέ
1448 2321 1526 2355 μοι,
1552 2305 1592 2343 τὸ
1610 2305 1674 2351 τὴν
1692 2305 1861 2356 πονηρίαν
1883 2304 2090 2355 ἐπιτρίὲειν,
2119 2305 2159 2343 τὸ
2186 2308 2230 2355 τῇ
2262 2305 2370 2357 κακίᾳ

1348 2361 1449 2404 ἆθλον
1464 2366 1616 2413 τιθέναι,
1635 2366 1674 2403 τὸ
1694 2368 1761 2402 τῶν
1782 2365 1893 2402 αὐτῶν
1911 2364 2024 2407 ἀξιοῦν
2045 2364 2102 2402 τὸν
2126 2364 2287 2416 σώφρονα
2308 2365 2369 2403 καὶ

1345 2427 1402 2465 τὸν
1419 2427 1624 2473 ἀκόλαστον,
1641 2425 1697 2464 τὸν
1714 2426 1837 2464 πιστὸν
1854 2426 1914 2463 καὶ
1928 2426 1984 2464 τὸν
2002 2426 2111 2472 ἀσεὸἧ
2126 2455 2136 2474 ,
2157 2425 2215 2464 τὸν
2228 2427 2368 2464 Παῦλον

1344 2487 1403 2526 καὶ
1422 2488 1479 2526 τὸν
1501 2487 1677 2534 διάδολον,
1691 2487 1797 2525 Ἀλλὰ
1817 2485 1922 2538 μέχρι
1941 2486 2031 2529 τίνος
2048 2486 2107 2523 καὶ
2122 2490 2224 2536 ἡμεῖς
2243 2489 2370 2539 ληροῦ-

1343 2565 1426 2599 μενὲ
1447 2549 1511 2587 Διὸ
1536 2550 1743 2600 παρακαλῶ,
1763 2551 1824 2593 τ’ῆς
1851 2546 1976 2597 μανίας
2000 2547 2260 2598 ἀπαλλαγέντες
2289 2549 2370 2588 ταύ·

1342 2626 1421 2657 της,
1442 2609 1501 2647 καὶ
1516 2611 1614 2659 ὑμῶν
1642 2610 1752 2646 αὐτῶν
1780 2607 1976 2658 γενόμενοι,
1997 2607 2142 2646 πείσατε
2162 2608 2224 2655 τὴν
2250 2608 2366 2662 ψυχὴν

1343 2669 1532 2709 δεδοικέναι
1554 2669 1613 2707 καὶ
1634 2668 1787 2723 τρέμειν,
1806 2667 1862 2706 ἵνα
1883 2669 1942 2706 καὶ
1961 2672 2023 2716 τῆς
2039 2668 2230 2720 μελλούσης
2250 2672 2368 2709 ἀπαλ-

1342 2733 1432 2783 λαγῇ
1462 2730 1618 2781 γεέννης,
1655 2731 1714 2768 καὶ
1745 2729 1927 2782 σωφρόνως
1955 2730 2012 2768 τὸν
2048 2731 2193 2769 ἐνταῦθα
2231 2731 2366 2778 ζήσασα

1344 2793 1429 2844 βίον,
1457 2792 1515 2830 καὶ
1545 2795 1612 2830 τῶν
1646 2791 1841 2842 μελλόντων
1877 2793 2015 2842 ἀγαθῶν
2044 2791 2192 2843 ἐπιτύχῃ
2210 2822 2219 2840 ,
2245 2793 2366 2845 χάριτι

1342 2854 1400 2892 καὶ
1420 2853 1661 2906 φιλανθρωπίᾳ
1691 2858 1750 2891 τοῦ
1778 2851 1905 2904 Κυρίου
1936 2855 2036 2902 ἡμῶν
2058 2852 2173 2898 Ἰησοῦ
2193 2854 2365 2905 Χριστοῦ,

1343 2917 1417 2965 μεθ’
1448 2909 1485 2953 οῦ
1518 2917 1568 2967 τῷ
1598 2914 1715 2965 Πατρὶ
1728 2945 1737 2961 ,
1769 2914 1844 2963 ἅμα
1865 2915 1915 2964 τῷ
1935 2912 2023 2964 ἁγίῳ
2055 2912 2239 2963 Πνεύματι
2265 2914 2362 2960 δόξα,

1341 2975 1484 3027 κράτος,
1500 2974 1611 3025 τιμὴ,
1635 2978 1693 3011 νῦν
1719 2974 1778 3011 καὶ
1804 2973 1878 3021 ἀεὶ,
1903 2973 1962 3010 καὶ
1987 2974 2033 3015 εἷς
2051 2971 2129 3016 τοὺς
2149 2974 2276 3016 αἰῶνας
2293 2975 2364 3011 τῶν

1343 3036 1489 3074 αἰώνων.
1513 3034 1634 3085 Ἀμήν.

1401 3178 1417 3202 d
1442 3176 1537 3209 Idem
1551 3175 1664 3209 Codex
1681 3181 1729 3210 xxi
1746 3180 1832 3218 ὅμως.

1398 3237 1408 3248 0
1435 3229 1528 3261 Idem
1546 3227 1657 3261 Codex
1684 3229 1734 3270 [A.
1754 3235 1786 3259 01
1805 3227 1926 3269 Aaou]
1946 3233 1993 3261 καὶ
2019 3231 2282 3271 ἀπαλλαγήσονται
2310 3237 2362 3265 τῆς

1357 3287 1469 3319 κακίας.
