2502 3810
687 278 732 307 IN
768 277 908 307 EPIST.

57 366 260 416 ταλύσωμεν
280 365 389 403 τοίνυν
410 365 472 413 τὴν
505 366 672 416 ὠμότητα
698 367 841 413 ταύτην,
873 365 1075 415 ε’κέοίλωμεν

58 426 120 473 τὴν
140 426 338 478 θηριωδίαν,
360 426 420 464 ἅτε
448 426 588 469 ἑαυτοὺς
617 427 746 477 μᾶλλον
768 425 790 472 ἢ
813 425 947 477 ἑτέρους
982 426 1075 476 εὐερ-

57 491 245 538 γετοῦντες.
261 486 406 530 Τούτοις
423 486 484 537 μὲν
500 487 567 541 γὰρ
584 487 743 539 ἀργύριον
761 486 921 536 διδόαμεν
939 485 996 523 καὶ
1014 484 1076 537 ἅρ-

56 563 115 585 τον
137 547 196 585 καὶ
209 547 361 598 ἱμάτιον,
377 551 460 598 ἡμῖν
482 549 516 586 δὲ
538 551 650 591 αὐτοῖς
668 548 832 599 μεγίστην
850 545 1078 599 προαποτιθέ-

61 611 148 657 μεΟα
165 607 278 655 δόξαν,
300 608 358 646 καὶ
376 609 417 655 ἦν
439 611 499 646 οὐκ
515 609 564 646 ἔνι
579 611 805 660 παραστῆσαι
818 608 923 660 λόγῳ.
939 607 997 644 Τὰ
1011 605 1078 658 γὰρ

61 667 208 718 σώματα
242 668 401 721 ἄφθαρτα
421 669 674 716 ἀπολαὸόντες,
694 668 995 718 ἀσυνδοξασόμεθα
1019 666 1078 704 καὶ

61 728 385 780 συμβασιλεύσομεν
403 732 452 781 τῷ
473 731 633 782 Χριστῷ·
651 733 752 768 τοῦτο
771 729 806 766 δὲ
829 729 946 775 ἡλίκον
973 726 1079 774 ἐστὶν,

61 793 212 829 ἐντεῦθεν
231 791 410 841 εἰσόμεθα,
440 793 569 841 μᾶλλον
597 790 632 829 δὲ
663 794 781 842 σαφῶς
803 790 865 841 μὲν
894 788 1079 838 οὐδαμόθεν

64 851 225 901 εἰσόμεθα
246 855 323 888 νῦν·
358 851 448 889 ὥστε
474 851 508 889 δὲ
529 851 597 889 ἀπὸ
626 854 693 888 τῶν
713 853 795 901 παρ’
832 854 915 899 ἡμῖν
943 850 1080 898 ἀγαθῶν

64 912 275 963 ἀναχθέντας
295 911 420 964 μικρὰν
446 916 526 963 γοῦν
544 928 622 949 τινα
651 913 753 948 αὐτοῦ
781 910 901 948 λαὸεῖν
929 909 1082 954 ἔννοιαν,

63 977 110 1016 ὡς
126 973 164 1010 ἂν
184 968 250 1016 οἷός
265 989 302 1011 τε
321 967 371 1018 (ἶ,
390 976 615 1024 παραστῆσαι
635 972 848 1024 πειράσομαι
869 969 907 1007 τὸ
937 967 1079 1020 εἰρημέ-

63 1050 132 1072 νον.
159 1033 248 1072 Εἰπὲ
267 1034 336 1085 γάρ
364 1048 444 1083 μοι,
467 1033 499 1069 εἴ
519 1048 571 1075 τις
592 1048 629 1070 σε
648 1031 868 1083 γεγηρακότα
887 1029 946 1067 καὶ
966 1030 1000 1065 ἓν
1016 1043 1083 1065 πε-

63 1096 119 1148 νίᾳ
136 1098 246 1139 ζῶντα
264 1095 499 1145 ἐπηγγέλλετο
518 1093 675 1145 ἐξαίφνης
688 1092 844 1138 ποιήσειν
864 1089 1020 1137 νέον,καὶ
1036 1090 1083 1131 εἷς

948 276 1007 305 AD
1042 272 1151 303 ROM.

1189 273 1344 303 nomi„
1383 272 1478 304 X1v.
2031 253 2116 299 65⁷1

1149 370 1277 412 strans,
1296 371 1335 399 ut
1353 370 1386 400 et
1410 376 1473 401 nos
1499 360 1777 400 misericordiam
1803 361 1877 413 ejus
1905 358 2123 396 aemulemur.

1148 423 1374 474 Deponamus
1396 422 1513 473 itaque
1537 423 1629 460 hanc
1660 421 1967 469 inhumanitatem,
1996 418 2126 457 severi-

1147 490 1255 520 tatem
1286 483 1482 535 ejiciamus,
1512 493 1632 535 utpote
1662 483 1722 533 qui
1748 482 1848 520 nobis
1881 480 1993 532 magis
2019 493 2127 530 quam

1148 543 1282 581 caeteris
1300 544 1469 582 beneficia
1488 553 1706 596 praestemus.
1732 543 1797 580 His
1818 541 1911 580 enim
1942 548 2127 591 argentum

1148 603 1286 654 damus,
1303 619 1444 656 panem,
1464 614 1610 651 vestem,
1629 604 1730 642 nobis
1748 617 1834 642 vero
1853 603 2048 640 maximam
2067 614 2129 652 pa-

1149 680 1269 703 ramus
1300 666 1468 717 gloriam,
1499 680 1578 716 quae
1609 678 1769 702 sermone
1796 663 1969 716 explicari
1996 661 2128 712 nequit.

1150 728 1242 765 Nam
1270 727 1478 779 corporibus
1508 725 1672 764 resumtis
1692 725 2039 776 incorruptibilibus,
2061 736 2130 760 una

1152 801 1233 824 cum
1258 788 1400 825 Christo
1426 786 1708 837 glorificabimur
1726 794 1759 823 et
1780 785 2021 836 regnabimus.
2054 784 2130 821 Hoc

1152 857 1323 897 quantum
1343 848 1386 885 sit
1411 847 1496 884 hinc
1523 846 1690 895 sciemus,
1710 846 1782 883 imo
1801 846 1919 896 potius
1937 858 2130 895 numquam

1151 905 1245 942 clare
1259 919 1352 942 nunc
1375 905 1536 942 sciemus.
1556 904 1607 940 Ut
1636 911 1753 939 autem
1778 918 1798 940 a
1820 904 1922 940 bonis
1947 903 2033 952 illis,
2055 917 2132 952 quae

1151 978 1255 1016 penes
1281 978 1343 1001 nos
1366 972 1462 1012 sunt,
1485 963 1541 1000 vel
1570 961 1747 999 tantillam
1775 963 1850 1014 ejus
1876 963 1927 1000 rei
1952 964 2133 1013 capiamus

1151 1021 1334 1071 notitiam,
1354 1022 1451 1072 quod
1473 1022 1611 1060 dictum
1643 1029 1706 1069 est,
1731 1034 1797 1071 pro
1821 1020 1920 1058 virili
1940 1020 2134 1071 patefacere

1151 1082 1316 1121 conabor.
1339 1082 1408 1121 Dic
1425 1083 1519 1121 enim
1538 1084 1628 1121 mihi
1644 1083 1694 1121 :si
1719 1082 1798 1132 quis
1818 1081 1884 1118 tibi
1899 1082 1975 1132 jam
2006 1079 2081 1117 seni
2103 1087 2136 1115 et

64 1155 172 1202 αὐτὴν
189 1155 278 1199 ἄξειν
295 1159 357 1201 τῆς
375 1155 513 1200 ἡλικίας
530 1154 593 1201 τὴν
611 1154 741 1205 ἀκμὴν,
757 1153 816 1191 καὶ
833 1151 965 1205 σφόδρα
985 1152 1083 1202 ἶσχυ-
1094 1173 1143 1197 590
1155 1142 1190 1180 in
1220 1152 1426 1195 paupertate
1454 1144 1589 1182 virenti
1623 1144 1850 1197 polliceretur
1886 1142 1973 1191 fore,
2005 1149 2044 1176 ut
2074 1153 2135 1176 re-

65 1217 121 1269 ρὸν
141 1216 200 1254 καὶ
219 1219 345 1268 ὡραῖον
365 1215 452 1268 ὑπὲρ
472 1215 627 1258 ἅπαντας
642 1213 924 1260 κατασκευάζειν,
941 1212 999 1250 καὶ
1021 1215 1082 1263 βα-
1106 1209 1132 1238 Α
1154 1216 1256 1258 pente
1279 1207 1421 1257 juvenis
1450 1207 1552 1244 fieres
1572 1216 1605 1244 et
1633 1207 1669 1244 in
1699 1206 1785 1244 flore
1801 1204 1927 1250 aetatis,
1947 1212 1981 1241 et
2000 1212 2032 1240 te
2059 1202 2135 1238 for-

65 1277 195 1316 σιλείαν
215 1276 335 1314 δώσειν
351 1279 413 1322 τῆς
430 1278 493 1327 γῆς
518 1275 655 1321 ἁπάσης
677 1274 735 1313 ἐπὶ
757 1274 847 1312 ἔτεσι
866 1273 1002 1325 χιλίοις,
1023 1275 1084 1323 βα-

64 1337 196 1376 σιλείαν
228 1337 366 1389 εἰρήνην
396 1335 539 1388 ἔχουσαν
562 1334 771 1386 βαθυτάτην,
789 1334 823 1372 τί
856 1335 917 1372 οὐκ
943 1332 983 1370 ἂν
998 1332 1087 1383 ὑπὲρ

65 1397 193 1445 ταύτης
222 1401 283 1443 τῆς
308 1397 528 1448 ὑποσχέσεως
558 1395 648 1434 εἵλου
673 1399 818 1442 ποι-ἧσαι
851 1395 910 1432 καὶ
945 1397 1087 1440 παθεῖν,

66 1457 156 1497 Ἰδοὺ
175 1456 286 1496 τοίνυν
307 1460 324 1494 ὁ
342 1457 492 1508 Χριστὸς
511 1457 587 1508 οὐχὶ
602 1461 709 1494 ταῦτα
724 1486 734 1504 ,
755 1455 844 1493 ἀλλὰ
871 1456 990 1507 πολλῷ
1013 1453 1088 1504 μεί-

67 1522 148 1563 ζονα
164 1517 294 1556 τούτων
311 1517 574 1568 ἐπαγγέλλεται.
601 1515 692 1554 Οὐδὲ
717 1516 783 1567 γὰρ
804 1516 881 1554 ὅσον
897 1516 1012 1567 γήρως
1029 1514 1088 1553 καὶ

68 1580 226 1625 νεότητος
245 1579 284 1616 τὸ
300 1577 417 1628 μέσον,
433 1580 593 1616 τοσοῦτον
614 1581 740 1628 φθορᾶς
759 1576 817 1614 καὶ
839 1575 1032 1628 ἀφθαρσίας
1050 1575 1090 1613 τὸ

68 1639 229 1691 διάφορον
244 1655 251 1663 ·
270 1638 346 1677 οὐδὲ
378 1639 456 1676 ὅσον
486 1637 664 1689 βασιλείας
683 1638 742 1675 καὶ
769 1637 908 1683 πενίας,
927 1639 1088 1674 τοσοῦτον

68 1703 130 1746 τῆς
150 1700 248 1746 δόξης
267 1703 328 1745 τῆς
346 1697 537 1749 μελλούσης
556 1697 616 1735 καὶ
627 1701 689 1744 τῆς
703 1697 900 1750 παρούσης,
922 1698 997 1735 ἀλλ’
1013 1696 1089 1736 ὅσον

71 1761 256 1814 ὀνειράτων
281 1760 339 1799 καὶ
362 1759 536 1806 ἀληθείας.

123 2015 232 2052 Μωλλ
300 2012 331 2036 *xj—
382 2011 435 2035 ax)-
507 2011 561 2027 ΕΝ]
661 2011 675 2026 2
696 2029 702 2034 ,
778 2027 784 2035 ·
840 2011 889 2027 §Nx
958 2011 966 2024 Ι
1023 2013 1032 2026 3
1059 2028 1078 2036 .-
1129 2025 1135 2036 ,

166 2031 187 2052 α
233 2029 267 2052 ον
297 2028 332 2052 οε
360 2022 456 2051 ουοεν
485 2024 619 2050 ουοεπω
642 2027 766 2063 ειρηκα
817 2027 893 2050 ουοε
922 2028 989 2065 γαρ
1018 2028 1092 2051 εστι

70 2076 170 2127 λόγος
201 2074 317 2118 ἱκανὸς
345 2075 571 2125 παραστῆσαι
595 2073 636 2111 τὸ
665 2072 808 2124 μέγεθος
837 2076 899 2120 τ’ἦς
928 2074 1093 2126 διαφορᾶς

71 2140 138 2175 τῶν
170 2135 342 2186 ἐσομένων
375 2135 459 2185 πρὸς
489 2134 534 2172 τὰ
559 2133 733 2187 παρόντα·
765 2134 890 2187 χρόνου
915 2133 950 2172 δὲ
979 2134 1092 2172 ἕνεκεν

71 2196 148 2236 οὐδὲ
174 2196 261 2239 ὅλως
291 2195 382 2233 ἔστιν
410 2197 569 2240 ἐννοῆσαι
596 2194 775 2246 διαφοράν.
798 2196 881 2238 Πῶς
897 2193 964 2247 γὰρ
983 2195 1022 2232 ἄν
1042 2211 1093 2238 τις

70 2257 271 2309 παραὸάλοι
285 2261 355 2299 τοῖς
373 2259 521 2308 παροῦσι
541 2254 631 2301 ζωὴν
647 2254 743 2299 τέλος
757 2256 818 2293 οὐκ
833 2255 999 2306 ἔχουσαν,
1018 2257 1094 2301 Τῆς

72 2317 108 2355 δὲ
142 2317 279 2369 εἰρήνης
310 2319 471 2355 τοσοῦτον
504 2316 543 2354 τὸ
573 2315 676 2365 μέσον
708 2315 793 2367 πρὸς
819 2315 882 2361 τὴν
902 2320 1093 2367 παροῦσαν,

72 2378 148 2417 ὅσον
167 2378 304 2431 εἰρήνης
319 2376 543 2428 καὶπολέμου
559 2376 598 2414 τὸ
611 2375 772 2427 διάφορον
783 2392 790 2399 ·
809 2377 869 2415 καὶ
885 2380 946 2423 τῆς
961 2378 1092 2427 ἀφθαρ-

74 2439 169 2486 σίας,
203 2439 280 2477 ὅσον
316 2438 428 2489 βώλου
464 2437 613 2484 πηλίνης
648 2441 665 2475 ὅ
700 2437 848 2490 καθαρὸς
876 2437 1095 2490 μαργαρίτης

75 2499 246 2549 ἀμείνων
269 2500 398 2549 μᾶλλον
425 2497 460 2536 δὲ
486 2497 564 2536 ὅσον
592 2497 631 2534 ἂν
661 2498 739 2550 εἴπῃ
760 2513 836 2546 τις,
866 2497 960 2535 οὐδὲν
980 2513 1095 2550 παρα-

75 2562 203 2605 στῆσαι
223 2559 418 2604 δυνήσεται.
453 2558 528 2596 Κᾶν
548 2557 615 2610 γὰρ
635 2561 684 2611 τῷ
705 2562 767 2605 τῆς
787 2561 922 2601 ἀκτῖνος
938 2558 1097 2609 παραδοί-

75 2623 125 2658 λω
144 2619 230 2672 φωτὶ
249 2619 289 2657 τὸ
308 2619 434 2661 κάλλος
453 2621 520 2656 τῶν
540 2618 618 2656 τότε
637 2618 824 2669 σωμάτων,
847 2618 911 2655 κᾶν
932 2620 1095 2669 ἀστραπῇ

76 2684 119 2732 τῇ
150 2679 349 2732 φανοτᾶτῃ,
379 2678 474 2717 οὐδὲν
498 2679 630 2717 οὐδέπω
659 2683 722 2725 τῆς
738 2678 986 2729 λαμπρότητος
1005 2677 1098 2721 ἄξιον

77 2741 210 2788 ἐκείνης
236 2743 315 2793 ἐρῶ.
346 2739 456 2791 Ὑπὲρ
476 2739 517 2785 δὴ
539 2739 667 2777 τούτων
687 2739 779 2777 πόσα
804 2739 864 2776 οὐκ
880 2737 972 2782 ἄξιον
989 2737 1097 2789 προέ-

76 2805 157 2839 σθαι
176 2801 235 2839 καὶ
254 2800 422 2853 χρήματα
442 2800 501 2838 καὶ
521 2799 671 2849 σώματα
685 2829 694 2847 ,
716 2801 847 2849 μᾶλλον
861 2798 895 2836 δὲ
912 2799 1022 2842 πόσας
1037 2800 1099 2837 οὐκ

78 2862 170 2906 ἄξιον
190 2863 356 2913 προέσθαι
372 2861 506 2914 ψυχάς,
525 2865 539 2881 ³
551 2863 624 2899 Νῦν
643 2860 704 2911 μὲν
723 2862 753 2897 εἰ
770 2859 832 2910 μέν
849 2860 900 2902 τίς
917 2875 954 2897 σε
971 2862 1017 2902 εἷς
1034 2862 1099 2910 βα-

79 2922 191 2961 σίλεια
213 2925 350 2974 εἰσῆγε,
372 2922 431 2960 καὶ
450 2921 590 2960 πάντων
607 2921 789 2972 παρόντων
806 2920 1032 2972 διαλεχθῆναί
1047 2935 1100 2957 σοι

79 2984 319 3035 παρεσκεύασε
336 2983 394 3021 τὸν
415 2981 584 3034 βασιλέα,
604 2981 663 3019 καὶ
681 2981 917 3034 ὁμοτράπεζον
938 2980 997 3019 καὶ
1019 2984 1102 3031 ὃμο-

80 3043 208 3082 δίαιτον
243 3044 352 3083 ἐποίει
375 3046 490 3096 αὐτῷ,
512 3043 652 3081 πάντων
676 3043 717 3080 ἂν
746 3043 829 3094 ἔφης
858 3042 983 3080 σαυτὸν
1014 3036 1102 3079 εἶναι

82 3104 358 3157 μακαριώτερον·
380 3107 429 3148 εἰς
447 3103 482 3142 δὲ
501 3104 558 3142 τὸν
580 3103 720 3155 οὐρανὸν
737 3103 873 3153 μέλλων
891 3102 1103 3156 ἀναὸαίνειν,

81 3164 140 3201 καὶ
162 3167 244 3215 παρ’
280 3165 380 3202 αὐτὸν
401 3164 542 3202 ἑστάναι
566 3165 624 3202 τὸν
643 3167 712 3201 τῶν
736 3163 824 3201 ὅλων
849 3163 1015 3213 βασιλέα,
1045 3162 1103 3201 καὶ

82 3225 308 3274 ἀντιλάμπειν
343 3231 414 3266 τοῖς
447 3224 616 3275 ἀγγέλοις,
633 3223 691 3261 καὶ
724 3227 786 3269 τ’ἧς
819 3222 1016 3274 ἀποῤῥήτου
1045 3222 1105 3260 δό-

83 3285 139 3332 ξης
177 3284 361 3323 ἀπολαύειν
388 3285 544 3333 ἐκείνης,
582 3284 842 3336 ιὀἰμεριὸοίλλεις
874 3286 902 3321 εἰ
941 3285 990 3321 δεῖ
1019 3299 1104 3336 προ-

125 3387 141 3410 ²¹
157 3387 208 3427 [Α.
228 3389 464 3428 συνδοξαζόμεθα
482 3392 528 3420 καὶ
553 3389 832 3430 συμέασιλεύομενι]

128 3448 140 3462 ³
166 3444 211 3470 *dl-m
224 3444 279 3480 μέν
297 3449 410 3470 omnes
426 3447 543 3481 praeter
560 3437 688 3479 Morcl.‚
708 3439 764 3481 qni
780 3438 880 3471 habet
900 3445 944 3472 13>
962 3442 1001 3472 ἶς’.

1154 1276 1225 1305 tem
1253 1268 1519 1319 formosumque
1547 1284 1620 1321 prae
1653 1269 1818 1308 omnibus
1849 1281 1884 1304 se
1914 1264 2139 1303 redditurum

1155 1344 1241 1376 esse,
1260 1344 1478 1382 regnumque
1502 1329 1610 1370 totius
1636 1333 1731 1370 orbis
1746 1332 1927 1376 daturum,
1947 1329 2057 1379 idque
2075 1342 2140 1380 per

1157 1393 1254 1431 mille
1273 1408 1395 1441 annos,
1411 1409 1574 1446 regnum,
1589 1395 1747 1446 inquam,
1762 1392 2038 1447 profundissima
2055 1404 2140 1442 pace

1156 1454 1276 1491 fruens
1287 1470 1298 1503 3
1314 1455 1403 1505 quid
1421 1469 1485 1507 pro
1503 1465 1600 1493 tanta
1618 1455 1850 1508 promissione
1875 1467 1944 1492 non
1963 1452 2141 1504 agendum

1159 1515 1216 1553 vel
1230 1515 1438 1567 patiendum
1450 1517 1671 1569 susciperes?
1687 1519 1777 1554 Ecce
1794 1515 1957 1554 Christus
1967 1528 2038 1552 non
2051 1514 2142 1560 haec,

1159 1577 1222 1615 sed
1236 1577 1293 1615 his
1312 1577 1425 1615 multo
1443 1579 1578 1630 majora
1596 1578 1797 1630 pollicetur.
1814 1579 1935 1629 Neque
1953 1577 2047 1615 enim
2069 1585 2143 1614 tan-

1159 1648 1236 1677 tum
1249 1648 1301 1677 est
1319 1648 1532 1677 senectutem
1551 1639 1642 1677 inter
1656 1648 1689 1677 et
1700 1640 1925 1691 juventutem
1939 1637 2142 1683 discrimen,

1159 1710 1333 1752 quantum
1360 1700 1451 1738 inter
1476 1702 1737 1752 corruptionem
1762 1709 1796 1737 et
1820 1696 2142 1751 incorruptibilita-

1161 1770 1230 1799 tem
1242 1777 1253 1812 5
1274 1775 1386 1812 neque
1407 1770 1503 1798 tanta
1529 1761 1728 1799 differentia
1746 1770 1797 1798 est
1827 1760 1917 1797 inter
1943 1773 2093 1810 regnum
2111 1767 2144 1796 et

1159 1832 1416 1877 paupertatem,
1429 1832 1560 1874 quanta
1576 1822 1665 1860 inter
1675 1822 1823 1874 gloriam
1834 1823 1991 1859 futuram
2007 1830 2038 1859 et
2052 1835 2144 1873 prae-

1162 1894 1315 1937 sentem,
1335 1883 1396 1923 scd
1414 1898 1495 1925 vere
1522 1893 1652 1937 quanta
1681 1884 1772 1922 inter
1792 1882 1927 1922 somnia
1955 1891 1987 1920 et
2013 1881 2143 1921 verita-

1161 1959 1244 1989 tem.

1216 2012 1278 2050 10.
1297 2012 1374 2049 Imo
1404 2024 1486 2050 vero
1516 2010 1607 2048 nihil
1635 2009 1752 2048 adhuc
1781 2009 1860 2048 dixi
1877 2024 1885 2046 :
1904 2009 2024 2046 nullus
2052 2008 2146 2046 enim

1163 2088 1277 2113 sermo
1298 2073 1409 2125 possit
1427 2072 1606 2111 declarare
1633 2081 1763 2123 quanta
1792 2071 1838 2109 sit
1866 2070 2065 2108 differentia
2093 2084 2147 2107 res

1162 2135 1299 2171 futuras
1331 2133 1422 2171 inter
1441 2142 1474 2171 et
1492 2141 1678 2185 praescntes
1693 2148 1702 2181 3
1723 2131 1819 2182 quod
1837 2130 1885 2169 ad
1902 2140 2042 2182 tempus
2065 2144 2148 2168 vero

1163 2204 1363 2248 spectat,ne
1378 2194 1527 2246 cogitari
1541 2193 1687 2244 quidem
1705 2202 1818 2245 potest
1835 2191 2038 2230 discrimen.
2052 2191 2150 2237 Quo-

1164 2255 1269 2294 modo
1277 2255 1370 2293 enim
1377 2255 1457 2306 quis
1465 2268 1669 2306 comparare
1677 2267 1812 2306 praesen
1819 2253 1911 2290 tibus
1920 2260 2033 2304 potest
2039 2252 2151 2290 vitam

1164 2316 1271 2354 finem
1291 2329 1361 2354 non
1376 2314 1590 2353 habentem?
1604 2316 1681 2352 Pax
1694 2328 1777 2352 vero
1794 2313 1856 2350 issa
1875 2321 2013 2350 tantum
2031 2312 2152 2350 differt

1164 2393 1185 2416 a
1200 2378 1379 2430 praesenti,
1401 2387 1576 2428 quantum
1596 2391 1668 2429 pax
1686 2391 1705 2414 a
1724 2376 1840 2425 bell03
1863 2385 1896 2414 et
1914 2377 1960 2414 ab
1984 2377 2150 2415 incorru-

1165 2439 1360 2492 ptibilitate
1376 2438 1571 2491 corruptio,
1586 2447 1760 2488 quantum
1778 2451 1798 2475 a
1815 2437 1917 2488 gleba
1930 2437 2041 2488 lutea,
2062 2451 2153 2489 pura

1166 2499 1375 2551 margarita3
1402 2499 1474 2537 imo
1499 2499 1691 2537 discrimen
1710 2512 1812 2535 nemo
1827 2498 2008 2550 explicare
2025 2499 2148 2550 possit.

1167 2562 1246 2599 Etsi
1270 2561 1365 2599 enim
1391 2560 1492 2598 illam
1525 2574 1715 2612 corporum
1740 2559 2046 2610 pulchritudinem
2071 2574 2153 2597 cum

1167 2622 1262 2659 radii
1288 2622 1367 2660 luce
1394 2621 1449 2660 vel
1466 2621 1662 2658 clarissimo
1685 2620 1828 2669 fulgure
1848 2620 2039 2663 conferam,
2060 2620 2153 2657 nihil

1168 2682 1355 2734 splendore
1369 2682 1444 2733 ejus
1459 2681 1610 2731 dignum
1627 2680 1794 2717 dixerim.
1810 2681 1878 2717 Pro
1897 2680 1954 2717 his
1968 2694 2052 2718 vcro
2069 2689 2156 2730 quot

1169 2742 1352 2794 pecunias,
1383 2750 1467 2792 quot
1492 2754 1662 2792 corpora,
1687 2739 1758 2776 imo
1784 2754 1868 2777 vero
1902 2749 1987 2790 quot
2019 2740 2155 2777 animas

1171 2803 1326 2855 proferre
1349 2801 1501 2852 dignum
1520 2813 1589 2837 non
1609 2800 1739 2837 fuerit?
1759 2801 1862 2838 Nunc
1889 2809 2006 2837 autem
2026 2800 2053 2837 si
2074 2799 2154 2851 quis

1170 2873 1204 2901 te
1232 2864 1269 2900 in
1294 2862 1428 2914 regiam
1460 2860 1654 2906 induceret,
1677 2870 1951 2912 procuraretque
1970 2871 2009 2899 ut
2037 2876 2155 2900 coram

1172 2923 1336 2961 omnibus
1355 2937 1420 2961 rex
1445 2931 1564 2960 tecum
1583 2922 1853 2972 colloqueretur,
1872 2931 1905 2959 et
1924 2922 2029 2960 unius
2057 2936 2157 2960 men-

1173 2998 1219 3022 sae
1233 2992 1431 3022 consortem
1444 2983 1586 3029 faceret,
1603 2991 1634 3019 te
1649 2981 1807 3019 omnium
1821 2982 2068 3020 felicissimum
2083 2996 2156 3021 esse

1174 3044 1424 3082 dicereszcum
1443 3042 1479 3080 in
1509 3042 1635 3080 caelum
1658 3051 1777 3079 autem
1809 3056 2015 3080 ascensurus
2037 3043 2097 3089 sis,
2118 3056 2157 3080 ac

1175 3121 1257 3144 cum
1269 3106 1517 3145 universorum
1534 3107 1629 3155 Rege
1643 3112 1856 3152 versaturus,
1870 3104 2056 3156 splendore
2071 3119 2158 3144 cum

1177 3166 1311 3217 angelis
1334 3174 1531 3203 certaturus
1559 3173 1593 3202 et
1618 3163 1790 3201 ineffabili
1822 3164 1936 3215 gloria
1967 3165 2155 3215 fruiturus,

1177 3227 1318 3264 haesitas
1337 3240 1380 3263 an
1401 3226 1470 3264 sint
1495 3224 1716 3263 effundendae
1745 3225 1920 3276 pecuniae,
1945 3239 2026 3262 cum
2057 3240 2159 3278 opor-

1179 3296 1279 3336 teret,
1301 3286 1356 3325 vel
1378 3286 1405 3324 si
1421 3286 1534 3338 ipsam
1549 3285 1660 3324 vitam
1677 3284 1851 3337 deponere
1866 3285 2024 3336 deberes,
2041 3287 2161 3325 exsul-

1205 3392 1220 3415 b
1241 3392 1319 3421 Haec
1345 3400 1445 3431 nsque
1472 3388 1513 3420 ad
1533 3392 1752 3431 ἀηοῖὺςχσοχι,
1769 3387 1884 3421 ιὶῑῐᾶιᾱ
1911 3389 1943 3421 in
1970 3388 2103 3431 Morel„
2124 3401 2162 3421 ex

1160 3434 1234 3467 Mss.
1251 3432 1425 3466 emendata
1442 3441 1530 3466 sunt.
