2502 3810
700 225 741 252 IN
780 225 892 254 ACTA
932 225 1265 255 APOSTOLORUM.

85 303 128 339 E?
151 302 187 339 δὲ
206 304 428 342 ἐπισύστασίν
448 318 531 340 ποτε
555 302 709 349 ἐκίνησεν
726 334 734 349 ,
756 305 937 355 ἐγίνωσκεν
965 306 1003 343 ἂν
1021 322 1101 357 κρι-

83 363 143 409 τὴς
173 364 240 409 ὢν,
264 365 322 402 καὶ
348 364 386 401 τὸ
404 368 555 401 τοιοῦτον
575 363 676 401 αὐτὸν
694 366 754 402 οὐκ
785 365 978 403 ἐλάνθανεν.
1013 360 1101 403 Εἶτα

81 423 200 469 ἐπειδὴ
217 427 234 461 ὅ
251 423 440 475 κατήγορος
460 423 554 461 οὐδὲν
577 418 648 475 εἶχε
660 424 765 468 δεῖξαι
779 427 812 463 ἐν
829 425 1101 478 Ἱεροσολύμοις,

82 481 146 535 ὅρα
173 484 206 521 τί
233 499 336 535 φησι·
358 485 441 526 Τοῖς
470 484 559 522 κατὰ
587 485 649 531 τὴν
668 485 870 536 οἰκουμένην
890 493 994 524 πᾶσιν
1014 487 1101 524 Ἰου-

81 542 206 589 δαίοις,
218 543 364 594 1’ψεῦδος
374 544 431 580 ε’πὶ
447 544 563 593 ψεύδει
580 546 757 589 συντιθείς.
772 546 839 583 Διὰ
857 550 958 583 τοῦτο
973 550 990 584 ὃ
1004 548 1099 583 Παῦ-

79 604 137 646 λος
158 606 308 641 ἐντεῦθεν
331 604 430 641 αὐτὸν
452 605 630 655 ἀφέλκων,
665 607 922 657 Προσκυνήσων
947 607 1071 653 ἀνέδην
1088 636 1096 652 ,

78 661 174 713 λέγει
188 678 195 685 ·
221 663 404 715 μονονουχὶ
426 665 702 715 ἀπολογούμενος
721 665 778 702 διὰ
797 665 916 703 τούτου
936 694 946 711 ,
969 665 1022 703 ὅτι
1037 682 1099 703 το-

28 757 29 760 ,
79 726 199 760 σοῦ’τον
220 723 343 774 ἀπέχω
366 729 423 761 τοῦ
455 724 591 766 στάσεις
610 731 736 761 κινεῖν·
761 725 819 762 καὶ
845 724 953 776 τούτῳ
982 727 1098 762 ἐνδια-

77 782 188 833 τρίῧει
210 785 258 833 τῷ
285 783 426 834 δικαίῳ,
448 783 533 836 ὅπερ
548 778 588 829 ἦν
605 784 745 836 ἰσχυρόν
758 799 765 807 ·
787 784 910 833 ἐπάγει
927 785 1012 837 γάρ·
1031 784 1100 821 Καὶ

77 841 154 879 οὔτε
169 845 202 880 ἐν
225 845 274 893 τῷ
295 844 392 893 ἱερῷ,
412 842 490 880 οὔτε
508 844 542 879 ἐν
565 846 608 893 τῇ
626 843 744 888 πόλει,
765 843 842 880 οὔτε
867 846 900 880 ἐν
922 846 964 892 τῇ
991 859 1100 880 συνα-

77 905 174 951 γωγῇ
191 897 286 952 εῧρόν
312 917 355 950 με
373 901 458 954 πρός
476 916 553 937 τινα
574 901 829 951 διαλεγόμενον.
851 901 965 952 ῐὈπερ
982 897 1023 948 ἦν
1041 902 1100 939 καὶ

76 960 211 1004 ἀληθές.
234 962 401 1002 Κάκεῖνος
432 960 492 1009 μὲν
516 960 775 1010 Πρωτοστάτην
799 961 884 1012 φησὶ
899 991 908 1008 ,
942 962 1100 1014 καθάπερ

76 1019 133 1056 ἐπὶ
153 1019 270 1070 μάχης
296 1019 354 1055 καὶ
382 1020 599 1062 συστάσεως·
628 1014 724 1062 οὗτος
745 1020 780 1057 δὲ
800 1019 863 1072 ὅρα
883 1023 960 1063 πῶς
987 1022 1099 1059 ἐπιει-

75 1081 143 1121 κῶς
160 1078 403 1130 ἀποκρίνεται·
426 1078 612 1129 εΟμολογίῖἰ
647 1078 683 1116 δὲ
720 1080 819 1117 τοῦτο’
841 1095 912 1128 σοι,
933 1080 987 1119 ὅτι
1009 1082 1099 1119 κατὰ

1308 227 1462 257 ΗῡλΠΕ.
1502 230 1542 258 L.

2058 223 2150 283 419

1174 308 1227 343 Et
1245 308 1375 345 multis
1396 313 1520 355 annis,
1542 310 1674 360 inquit,
1705 320 1739 349 te
1760 314 1930 363 judicem
1948 317 2082 353 sciens.
2104 318 2150 354 Et

1174 367 1261 417 quid
1278 368 1345 406 hoc
1364 369 1409 406 ad
1427 370 1761 410 demonstrationem
1785 375 2033 413 conducebat?
2052 377 2149 414 Mul-

1172 435 1268 465 tum:
1286 430 1439 467 ostendit
1466 431 1559 468 enim
1578 432 1696 483 ipsum
1714 449 1856 485 quoque
1871 436 1962 474 scire
1974 466 1984 485 ‚
2003 437 2096 475 nihil
2114 452 2150 475 se

1171 501 1294 525 eorum
1312 489 1445 539 fecisse,
1467 490 1511 528 de
1526 492 1655 541 quibus
1674 496 1917 533 accusabatur.
1935 496 1973 534 Si
1992 511 2078 535 vero
2096 511 2148 535 se-

1170 546 1342 585 ditionem
1360 550 1578 600 concitasset,
1604 551 1679 602 ipse
1693 553 1806 604 judex
1824 565 1951 602 nosset,
1972 570 2084 607 neque
2098 558 2146 595 il—

1124 611 1147 639 Ε
1172 608 1245 645 lum
1266 617 1361 646 tanta
1380 625 1433 647 rcs
1452 611 1586 649 lateret.
1609 613 1745 651 Deinde
1763 615 1844 665 quia
1863 627 2043 655 accusator
2058 619 2149 656 nihil

1170 669 1320 719 probare
1351 680 1512 721 potuerat
1537 674 1781 725 Jerosolymis‚
1808 676 1892 714 vide
1922 678 2009 728 quid
2029 679 2147 718 dicat:

1174 731 1359 767 Omnibus
1379 734 1447 781 qui
1466 734 1507 768 in
1527 742 1605 769 toto
1629 737 1717 771 orbe
1739 745 1829 772 sunt
1858 739 2019 785 Judoeis,
2047 754 2146 777 men-

1170 786 1313 825 dacium
1333 790 1514 827 mendacio
1533 791 1677 829 addens.
1694 794 1778 831 Ideo
1798 796 1929 833 Paulus
1948 798 2029 835 inde
2044 800 2149 838 illum

1170 846 1376 894 deturbans,
1412 849 1485 885 ait:
1505 851 1755 890 Adoraturus
1783 858 1940 893 ascendi
1952 874 1967 901 ,·
1988 860 2088 908 quasi
2113 875 2149 898 se

1171 908 1220 944 sic
1239 923 1414 959 purgans:
1430 911 1587 948 Tantum
1601 912 1711 961 abest,
1723 923 1761 950 ut
1777 915 1964 955 seditiones
1980 920 2148 967 excitem;

1170 977 1203 1005 et
1222 968 1258 1005 in
1280 969 1347 1006 hoc
1367 979 1525 1007 moratur
1543 971 1741 1023 ratiocinio,
1765 975 1860 1024 quod
1879 987 1970 1015 certe
1986 980 2151 1018 validum

1171 1037 1245 1066 erat
1251 1044 1261 1077 3
1284 1029 1385 1067 addit
1405 1030 1517 1068 enim:
1532 1033 1664 1084 Neque
1676 1036 1717 1070 in
1734 1036 1886 1086 templ0‚
1903 1052 2024 1089 neque
2042 1043 2083 1076 in
2099 1044 2151 1077 ci-

1175 1092 1305 1139 vitate,
1327 1105 1447 1142 neque
1461 1094 1502 1128 in
1520 1097 1730 1145 synagogis
1746 1097 1976 1135 invenerunt
1989 1113 2049 1136 me
2064 1114 2151 1137 cum

74 1138 135 1185 τὴν
156 1139 247 1185 ὁδὸν,
269 1139 310 1185 ἣν
326 1138 482 1189 λέγουσιν
501 1138 650 1190 ai'pww,
670 1139 760 1176 0’32'0)
778 1140 935 1191 λατρεύω
958 1143 1008 1192 τῷ
1031 1158 1099 1178 πα-
1114 1174 1160 1200 373
1171 1151 1304 1201 aliquo
1322 1152 1594 1202 disputantem.
1608 1154 1716 1199 Quod
1735 1155 1840 1194 etiam
1856 1172 1981 1196 verum
2002 1168 2086 1197 erat.
2104 1160 2152 1197 Et

77 1199 177 1251 τρῴῳ
210 1201 290 1251 Θεῷ
303 1228 312 1245 ,
333 1199 504 1237 πιστεύων
524 1206 611 1237 πᾶσι
638 1205 707 1242 τοῖς
741 1200 831 1238 κατὰ
848 1201 967 1251 νόμον,
986 1201 1044 1238 καὶ
1065 1203 1099 1238 ἐν

74 1265 144 1302 τοῖς
179 1259 374 1311 προφήταις
413 1260 684 1313 γεγραμμένοις,
722 1260 846 1298 ἐλπίδα
870 1262 958 1313 ἔχων
977 1264 1024 1305 εἷς
1042 1262 1099 1300 τὸν

74 1320 182 1366 Θεὸν,
202 1321 242 1366 ἣν
258 1320 316 1357 καὶ
341 1319 437 1357 αὐτοὶ
463 1319 736 1372 προσδέχονται,
755 1321 942 1360 ἀνάστασιν
961 1322 1098 1372 μέλλειν

74 1379 211 1417 ἔσεσθαι
232 1380 373 1418 δικαίων
395 1395 431 1417 τε
453 1380 513 1417 καὶ
530 1382 670 1419 ἀδίκων,

125 1696 241 1748 “Ορα·
278 1696 443 1748 ἐχώριζον
471 1698 572 1735 αὐτὸν
595 1699 736 1735 ἐκεῖνοι·
757 1691 854 1740 οὗτος
884 1698 1095 1749 συνεισάγει,

75 1759 134 1795 καὶ
150 1759 269 1795 οἷκειοῖ
291 1758 413 1795 ἑαυτὸν
441 1761 489 1809 τῷ
515 1758 609 1809 νόμῳ
632 1759 674 1794 δι’
695 1752 741 1794 ὧν
762 1759 999 1808 ἀπολογεῖται.
1028 1759 1097 1796 Καὶ

77 1818 258 1869 βεὸαιῶνὸ
281 1813 375 1864 εἶπε,
395 1819 500 1856 πάλιν
529 1819 670 1870 ἐπάγει·
693 1818 755 1856 Ἐν
772 1818 884 1870 τούτῳ
904 1819 939 1857 δὲ
958 1819 1017 1857 καὶ
1038 1821 1098 1856 αὗ-

76 1879 132 1922 τὸς
162 1881 279 1927 ἀσκῶ,
307 1879 529 1931 ἀπρόσκοπον
552 1879 746 1925 συνείδησιν
765 1879 854 1931 ἔχων
872 1879 957 1931 πρός
983 1896 1020 1917 τε
1040 1881 1097 1918 τὸν

75 1938 164 1977 Θεὸν
180 1939 239 1977 καὶ
255 1940 339 1990 πρὸς
356 1939 432 1982 τοὺς
449 1939 648 1990 ἀνθρώπους
662 1939 861 1983 διαπαντός.
883 1942 938 1978 Δι’
961 1943 1046 1978 ἐτῶν
1063 1940 1098 1978 δὲ

74 1999 241 2038 πλειόνων
258 1999 520 2052 παρεγενόμην,
550 2000 781 2050 ἐλεημοσύνας
812 2001 967 2047 ποιήσων
989 2003 1037 2044 εἷς
1061 2001 1099 2038 τὸ

75 2060 167 2103 ἔθνος
190 2076 254 2111 μου
276 2060 332 2098 καὶ
355 2059 575 2112 προσφορὰς,
593 2062 627 2097 ἐν
643 2055 692 2103 οἷς
717 2055 812 2113 εῧρόν
831 2077 873 2111 με
893 2062 1099 2112 ἡγνισμένον

75 2123 109 2158 ἐν
129 2123 177 2172 τῷ
197 2123 278 2171 ἱερῷ
295 2123 331 2158 οὐ
346 2119 433 2170 μετὰ
445 2120 548 2172 ὄχλου
571 2120 648 2159 οὐδὲ
670 2121 758 2171 μετὰ
774 2121 918 2173 θορύὸου
935 2123 1037 2165 τινός.
1052 2121 1100 2160 Τί

75 2175 133 2218 οἶν
158 2181 304 2227 ἀνέέης,
332 2180 366 2217 τί
400 2175 517 2227 ἦλθες,
550 2182 819 2233 Προσκυνῆσαι,
843 2182 1097 2232 ἐλεημοσύνας,

73 2241 174 2292 φησὶ,
201 2245 365 2287 ποιῆσαι·
395 2240 486 2278 ὥστε
512 2246 612 2279 τοῦτο
631 2243 693 2279 οὐκ
708 2236 749 2288 ἦν
771 2241 993 2285 στασιώδους.
1010 2237 1100 2281 Εἶτα

74 2301 133 2339 καὶ
157 2302 320 2339 ἐκὸάλλει
337 2303 449 2339 αὐτῶν
468 2303 508 2340 τὸ
526 2302 711 2354 πρόσωπον
724 2329 733 2346 ,
750 2301 861 2353 λέγων
876 2302 1079 2353 ἀδιορίστως
1091 2319 1098 2326 ·

74 2364 136 2400 Ἐν
152 2357 200 2405 οἷς
223 2357 318 2413 εὗρόν
341 2362 386 2412 με’
411 2378 501 2406 τινες
519 2366 586 2400 τῶν
605 2362 673 2400 ἀπὸ
701 2366 764 2408 τ’ἦς
782 2362 898 2405 Ἀσίας
918 2364 1098 2401 Ἰουδαῖοι·

73 2423 132 2466 οὒς
162 2422 230 2460 ἔδει
268 2423 325 2460 ἐπὶ
366 2427 427 2461 σοῦ’
460 2429 641 2474 παρεῖναι,
670 2423 730 2461 καὶ
760 2430 966 2476 κατηγορεῖν
1000 2425 1032 2462 εἴ
1066 2441 1100 2462 τι

74 2484 184 2536 ἔχοιεν
206 2483 292 2536 πρός
318 2500 361 2533 με
375 2483 420 2529 ’ἢ
445 2485 540 2522 αὐτοὶ
574 2479 666 2521 οὗτοι
697 2485 895 2523 εἰπάτωσαν
908 2515 918 2532 ,
938 2485 972 2522 τί
1002 2480 1098 2537 εῧρον

74 2547 108 2583 ἐν
139 2544 216 2595 ἐμοὶ
254 2543 434 2595 ἀδίκημα,
469 2544 612 2587 στάντος
648 2559 712 2595 μου
747 2545 803 2583 ἐπὶ
819 2548 878 2582 τοῦ
899 2546 1073 2596 συνεδρίου
1091 2562 1098 2569 ·

74 2605 95 2651 ἢ
112 2605 192 2657 περὶ
208 2611 290 2655 μιᾶς
308 2604 435 2651 ταύτης
455 2608 570 2656 φωνῆς
587 2600 628 2650 ἧς
647 2604 816 2656 ἐκέκραξα
846 2604 953 2648 ἑστὼς
984 2608 1016 2643 ἐν
1039 2609 1098 2644 αὐ-

73 2669 162 2711 τοῖς,
180 2664 233 2703 ὅτι
252 2665 331 2718 περὶ
360 2664 582 2708 ἀναστάσεως
610 2667 740 2716 νεκρῶν
759 2665 828 2717 ἐγὼ
850 2666 1000 2718 σήμερον
1020 2667 1097 2719 κρί-

73 2740 176 2774 νομαι
195 2725 251 2776 ὑφ’
271 2728 380 2776 ὑμῶν.
401 2728 514 2764 Τοῦτο
541 2725 722 2778 περιουσία
751 2727 1015 2777 δικαιωμάτων,
1047 2727 1094 2777 μὴ

75 2785 210 2835 φεύγειν
231 2785 307 2830 τοὺς
323 2786 556 2839 κατηγόρους,
573 2788 649 2824 ἀλλ’
667 2786 804 2837 ἕτοιμον
826 2781 914 2825 εἶναι
942 2796 1030 2826 πᾶσι
1047 2790 1097 2826 δι-

77 2843 171 2881 δόναι
185 2845 296 2895 λόγον.
316 2847 405 2898 Περὶ
425 2846 645 2890 ἀναστάσεως
671 2849 799 2900 νεκρῶν
821 2847 889 2898 ἐγὼ
919 2848 1071 2902 σήμερον
1086 2880 1095 2896 ,

77 2903 178 2954 φησὶ,
200 2905 371 2956 κρίνομαι.
400 2907 469 2945 Καὶ
491 2906 585 2945 οὐδὲν
612 2901 705 2945 εἶπεν
737 2901 783 2945 ὧν
818 2903 910 2959 εἶχεν
931 2909 1096 2952 ’Ίεῖκότως

77 2965 206 3010 εἰπεῖν,
231 2963 283 3001 ὅτι
313 2967 580 3015 ἐπεὸούλευσαν,
608 2969 661 3005 ὅτι
693 2967 863 3020 κατέσχον
892 2969 1015 3017 αὐτὸν,
1044 2970 1095 3008 ὅτι

76 3023 208 3074 ἔνεδρον
245 3025 409 3072 ἐποίησαν
436 3030 571 3075 (ταῦτα
606 3028 674 3081 γὰρ
702 3031 785 3081 παρ’
823 3029 962 3067 ἐκείνων
993 3031 1094 3082 λε’γε-

76 3100 134 3121 ται
166 3084 340 3134 γενέσθαι·
360 3088 457 3140 παρὰ
488 3089 522 3127 δὲ
543 3090 683 3136 τούτου,
703 3090 762 3127 καὶ
791 3091 948 3130 κινδύνου
979 3092 1094 3138 ὄντος,

76 3147 136 3182 οὐκ
171 3145 261 3194 ἔτι)·
283 3147 370 3184 ἀλλὰ
397 3156 498 3198 σιγᾷ,
532 3150 591 3187 καὶ
615 3150 715 3200 μόνον
747 3153 986 3202 ἀπολογεῖται,
1014 3153 1093 3190 καί-

76 3220 127 3242 τοι
149 3205 253 3256 μυρία
288 3206 374 3257 ἔχων
396 3209 514 3246 εἰπεῖν.
534 3211 646 3248 Τοῦτο
667 3212 766 3249 αὐτὸν
809 3213 867 3250 καὶ
896 3214 930 3250 ἐν
958 3215 1093 3251 Καισα-

121 3326 137 3349 b
156 3328 254 3367 aazia·
271 3330 316 3359 ἐπὶ
334 3329 427 3368 ψεύδει
445 3334 579 3367 συντιθείς
596 3329 686 3362 deest
703 3331 736 3363 in
755 3343 831 3363 uno.

289 3393 382 3416 TOM.
403 3394 455 3417 IX.

1126 1213 1151 1241 A
1169 1210 1230 1248 illc
1252 1210 1398 1261 quidem
1416 1211 1520 1249 illum
1546 1215 1769 1266 Principem
1790 1217 1891 1268 dicit,
1915 1220 2015 1269 quasi
2032 1220 2067 1257 in
2083 1235 2151 1272 pu-

1170 1285 1238 1323 gna
1257 1281 1318 1309 aut
1343 1273 1499 1310 tumultu
1514 1289 1525 1323 ;
1549 1274 1609 1311 hic
1636 1289 1717 1314 vero
1748 1277 1832 1315 vide
1848 1293 1954 1329 quam
1973 1291 2153 1319 mansuete

1168 1332 1402 1384 respondeat:
1420 1335 1483 1372 1-4.
1506 1336 1704 1388 Confiteor
1730 1348 1859 1376 autem
1884 1343 1954 1377 tibi
1969 1344 2073 1393 quod
2088 1357 2151 1380 se-

1170 1395 1341 1432 cundum
1357 1397 1480 1441 viam,
1504 1410 1622 1448 quam
1638 1408 1785 1436 vocant
1803 1401 1992 1448 ltceresim,
2011 1406 2066 1440 sic
2075 1418 2152 1454 pa-

1175 1457 1248 1492 trio
1265 1457 1350 1493 Deo
1370 1460 1508 1504 servio,
1527 1460 1685 1497 credens
1703 1463 1891 1511 omnibus,
1911 1477 1995 1514 quoe
2011 1467 2052 1501 in
2072 1465 2153 1516 lege

1168 1526 1205 1554 et
1222 1519 1419 1569 prophetis
1442 1523 1586 1572 scripta
1612 1531 1704 1559 sunt
1715 1539 1731 1566 ;
1747 1524 1808 1562 15.
1825 1538 1928 1575 spem
1947 1527 2092 1564 habens
2111 1530 2153 1563 in

1169 1579 1309 1625 Deum,
1338 1595 1454 1632 quam
1484 1591 1519 1619 et
1551 1585 1624 1634 ipsi
1650 1586 1952 1636 amplectuntur,
1964 1590 2154 1640 ficturum

1168 1643 1483 1678 resurrectionem
1491 1645 1687 1694 justorum
1700 1654 1737 1682 et
1749 1649 1992 1698 injustorum.

1221 1702 1258 1736 <2
1281 1699 1376 1738 Vide
1401 1716 1409 1736 :
1430 1701 1548 1752 ipsum
1581 1703 1635 1740 illi
1662 1706 1869 1756 separabant
1887 1737 1896 1754 ,
1918 1708 1979 1745 hic
2005 1723 2089 1747 vero
2118 1725 2153 1748 se

1169 1760 1332 1812 adjungit
1352 1761 1423 1812 legi
1440 1776 1512 1799 sese
1523 1764 1721 1814 purgando.
1740 1765 1787 1802 Et
1800 1768 1895 1816 quod
1912 1768 2051 1807 dixerat
2070 1784 2152 1808 con-

1169 1821 1326 1869 firmans,
1346 1821 1474 1859 iterum
1496 1822 1621 1873 adjicit
1642 1840 1649 1859 :
1667 1827 1729 1863 16.
1753 1828 1802 1863 In
1823 1828 1895 1865 hoc
1917 1837 1953 1865 et
1973 1832 2052 1879 ipse
2075 1840 2152 1868 stu-

1171 1883 1240 1918 deo
1254 1884 1338 1919 sine
1357 1883 1597 1933 offendiculo
1620 1889 1894 1924 conscientiam
1929 1889 2070 1927 habere
2100 1892 2155 1928 ad

1170 1943 1297 1979 Deum
1326 1952 1360 1979 et
1387 1943 1441 1979 ad
1457 1944 1631 1982 homines
1647 1959 1804 1998 semper.
1828 1949 1888 1988 17.
1908 1950 2005 1987 Post
2027 1964 2152 1988 annos

1172 2010 1300 2039 autem
1315 2003 1445 2052 plures
1460 2032 1472 2048 ,
1515 2004 1783 2053 eleemosynas
1794 2009 1975 2059 facturus
2005 2013 2046 2046 in
2063 2025 2152 2061 gen-

1173 2071 1248 2099 tem
1274 2076 1413 2108 meam,
1438 2066 1542 2111 veni,
1563 2073 1598 2101 et
1616 2067 1843 2105 oblationes.
1865 2068 1925 2107 18.
1946 2072 1996 2106 In
2015 2073 2153 2121 quibus

1125 2132 1148 2161 B
1172 2126 1401 2160 invenerunt
1417 2138 1476 2160 me
1485 2126 1733 2175 purificatum
1750 2131 1791 2165 in
1805 2131 1956 2181 templo,
1975 2145 2052 2168 non
2066 2146 2154 2170 cum

1172 2185 1298 2231 turba,
1318 2197 1439 2234 neque
1450 2198 1537 2221 cum
1552 2187 1732 2224 tumultu.
1745 2189 1818 2225 Cur
1836 2203 1919 2241 ergo
1937 2193 2154 2230 ascendisti?

1172 2258 1235 2283 cur
1255 2244 1417 2283 venisti?
1434 2246 1699 2295 Adoraturus,
1722 2250 2000 2302 eleemosynas,
2020 2254 2152 2305 inquit,

1166 2305 1361 2357 facturus.
1396 2307 1518 2356 Itaque
1537 2306 1575 2343 id
1611 2321 1681 2345 non
1708 2319 1785 2347 erat
1817 2311 1989 2351 seditiosi.
2018 2314 2155 2352 Deinde

1171 2365 1315 2403 illorum
1335 2365 1457 2417 dejicit
1474 2380 1673 2418 personam,
1692 2368 1813 2407 dicens
1832 2371 1906 2408 sine
1926 2372 2149 2413 discrimine:

1170 2427 1220 2462 In
1239 2428 1376 2477 quibus
1400 2441 1458 2463 me
1478 2429 1707 2466 invenerunt
1729 2431 1792 2468 49.
1811 2433 1970 2482 quidam
1985 2448 2032 2471 ex
2051 2435 2155 2472 Asia

1170 2487 1310 2534 Judoei,
1336 2500 1431 2538 quos
1460 2489 1658 2538 oportebat
1688 2491 1794 2540 apud
1824 2500 1860 2529 te
1889 2503 2030 2543 proesto
2059 2509 2151 2539 esse,

1170 2555 1207 2583 et
1233 2560 1428 2593 accusare,
1459 2550 1493 2584 si
1508 2549 1603 2598 quid
1628 2550 1813 2587 haberent
1842 2553 2045 2591 adversum
2064 2569 2123 2592 me
2142 2571 2152 2589 :

1170 2608 1232 2645 ⁶20.
1247 2616 1314 2644 aut
1325 2609 1366 2644 Izi
1378 2609 1614 2658 ipsidicant,
1638 2612 1672 2646 si
1691 2612 1785 2661 quid
1797 2614 2026 2651 invenerunt
2042 2618 2080 2651 in
2096 2629 2155 2652 me

1169 2671 1402 2719 iniquitatis,
1421 2682 1508 2706 cum
1528 2677 1623 2706 stem
1639 2673 1680 2706 in
1695 2673 1859 2709 concilio
1874 2703 1885 2722 ‚
1917 2676 1960 2711 ‘224
1974 2705 1982 2712 .
2005 2678 2080 2713 nisi
2108 2679 2155 2714 de

1169 2731 1243 2767 hac
1266 2743 1344 2766 una
1362 2743 1460 2766 voce
1476 2760 1488 2775 ,
1514 2743 1592 2781 qua
1622 2732 1793 2769 clamavi
1818 2736 1919 2771 inter
1937 2749 2000 2773 eos
2018 2745 2126 2775 stans
2142 2755 2153 2773 .-

1122 2797 1145 2828 C
1169 2792 1231 2828 De
1249 2793 1525 2828 resurrectione
1540 2800 1774 2830 mortuorum
1790 2808 1857 2845 ego
1874 2796 1987 2833 hodie
1995 2799 2154 2849 judicor

1170 2865 1195 2889 a
1213 2853 1339 2888 vobis.
1359 2851 1441 2888 Haec
1469 2859 1520 2888 est
1541 2851 1680 2903 copiosa
1691 2853 1915 2904 justificatio,
1933 2870 2003 2894 non
2031 2858 2152 2909 fugere

1169 2912 1214 2949 ab
1232 2911 1509 2961 accusatoribus,
1530 2913 1590 2950 sed
1609 2923 1774 2964 paratum
1787 2929 1860 2953 esse
1871 2916 1915 2953 ad
1935 2917 2154 2957 reddendam

1169 2972 1333 3009 omnibus
1351 2972 1535 3010 rationem.
1548 2975 1610 3010 De
1625 2978 1899 3013 resurrectione
1919 2987 2155 3018 mortuorum

1170 3047 1251 3084 ego,
1271 3032 1400 3083 inquit,
1422 3035 1702 3085 lzodiejudicor
1714 3049 1738 3072 a
1752 3038 1933 3075 vobis.Et
1950 3039 2042 3076 nihil
2060 3040 2155 3079 dixit

1170 3107 1303 3139 eorum,
1324 3108 1400 3143 quae
1425 3094 1506 3145 jure
1534 3103 1669 3145 poterat
1697 3095 1813 3133 dicere
1839 3113 1846 3132 ι
1880 3099 1976 3147 quod
1996 3098 2153 3138 insidiati

1170 3162 1264 3199 sunt,
1283 3154 1509 3191 detinuerunt
1525 3154 1656 3206 ipsum,
1678 3155 1822 3193 insidias
1841 3166 2045 3197 struxerunt
2064 3160 2153 3207 (haec

1170 3214 1262 3252 enim
1279 3215 1420 3265 abipsis
1435 3215 1526 3252 facta
1538 3224 1725 3252 narrantur
1738 3231 1750 3266 5
1766 3217 1891 3255 abhoc
1909 3227 2040 3266 autem,
2071 3220 2152 3259 licet

1193 3344 1205 3358 n
1222 3335 1316 3373 liceo,
1334 3339 1450 3371 εἰκότως
1469 3339 1565 3375 εἰπεῖν,
1582 3333 1700 3367 desunt
1716 3336 1749 3368 in
1766 3346 1831 3368 uno
1846 3336 1930 3369 Cod.

1917 3391 1968 3427 ⁶29
