2466 3805
92 2845 182 2874 Joarz.
208 2840 256 2881 14.

97 2892 145 2911 ιο.
162 2889 191 2911 et
211 2883 257 2913 18.

95 2924 146 2953 36.

290 216 382 263 236
739 229 776 258 s.

287 316 564 367 exploremus.F
563 322 651 351 acta
671 320 800 350 autem
816 311 891 355 die,
904 316 987 346 erat
1001 307 1170 344 turbatio
1187 317 1265 340 non

285 390 409 427 parva
434 383 588 426 propter
619 374 789 410 Petrum.
813 370 866 406 Et
886 365 1265 418 inquisitionefacta

287 438 335 473 de
351 436 582 479 custodibus,
606 433 723 484 jussit
741 429 891 466 abduci.
915 428 968 464 Ita
992 440 1093 463 sensu
1112 424 1264 462 destitu-

288 505 344 533 tus
373 495 457 542 fuit,
486 502 525 530 ut
554 492 660 529 etiam
690 490 820 541 injuste
847 487 972 539 punire
1002 484 1264 537 aggrederetur.

288 556 379 593 Ecce
398 567 537 591 causam
555 552 699 588 illorum
719 548 880 586 defendo.
898 547 1054 586 Vincula
1071 554 1182 594 erant,
1205 559 1268 582 cu-

287 615 402 654 stodes
429 615 542 662 intus,
571 625 687 650 carcer
717 611 870 657 clausus,
891 623 1065 660 nusquam
1092 607 1267 660 perfossus

286 675 400 727 paries
412 704 423 724 ,
442 687 562 712 omnes
580 671 701 710 eadem
722 670 888 709 dicebant
900 700 910 719 ,
926 670 1042 707 Homo
1067 668 1128 706 ille
1145 676 1268 720 raptus

288 749 358 772 non
387 744 451 782 est,
475 748 538 772 cur
565 733 647 770 illos
675 730 914 769 condemnas?
930 729 960 768 si
979 729 1116 768 solvere
1132 728 1268 768 voluis-

289 805 385 845 sent,
404 795 462 834 vel
489 803 568 832 ante
586 793 786 843 solvissent,
804 791 863 830 vel
882 791 988 829 simul
1007 792 1175 829 exissent.
1197 789 1267 828 Sed

287 859 452 911 pecunias
466 856 698 910 acceperunt?
712 853 899 903 Quomodo
917 853 978 904 qui
993 866 1106 903 neque
1121 850 1267 904 pauperi

286 933 430 970 crogare
447 926 594 970 poterat,
612 917 669 954 his
691 914 871 953 dedisset?
889 915 1012 964 Neque
1029 912 1124 950 enim
1149 912 1267 949 fractae

285 988 413 1017 catenae
431 992 543 1028 neque
561 977 684 1016 solutae
703 984 796 1013 sunt.
821 973 1017 1025 Oportebat
1042 972 1166 1011 videre
1192 985 1267 1008 rem

284 1056 357 1080 esse
371 1041 545 1086 divinam,
569 1053 639 1077 non
654 1039 861 1076 humanam.
883 1035 1034 1085 Deinde,
1055 1035 1138 1085 quia
1156 1034 1268 1072 histo-

284 1102 375 1139 riam
393 1109 652 1139 memoraturus
670 1107 754 1147 erat,
774 1097 854 1135 ideo
874 1096 978 1134 etiam
994 1095 1137 1133 nomina
1150 1094 1265 1145 ponit,

287 1171 324 1200 ut
343 1163 513 1214 probetur
531 1160 648 1199 omnia
664 1173 744 1197 vere
759 1158 841 1195 dici.
858 1159 911 1195 Et
927 1169 1123 1209 persuaso,
1136 1154 1266 1205 inquit,

284 1223 435 1269 Blasco,
450 1225 516 1275 qui
535 1230 618 1259 erat
637 1233 749 1271 super
767 1218 984 1256 cubiculum
1004 1219 1116 1269 regis,
1136 1224 1267 1268 postu-

286 1284 423 1321 labant
441 1297 588 1335 pacem.
600 1282 675 1319 Hoc
693 1280 838 1328 faciunt,
852 1279 935 1330 quia
948 1279 1058 1316 fames
1074 1286 1159 1316 erat.
1178 1277 1266 1315 Sta-

286 1353 367 1382 tuto
387 1353 516 1383 autem
529 1345 604 1390 die,
627 1343 761 1381 sedens
789 1341 961 1379 Herodes
977 1354 1046 1392 pro
1064 1339 1265 1385 tribunali,

285 1409 550 1451 concionatur,
570 1403 697 1453 inquit.
721 1402 934 1454 Confestim
966 1409 1095 1439 autem
1111 1413 1267 1452 percus-

285 1468 335 1503 sit
349 1479 434 1503 eum
456 1465 618 1517 angelus
635 1465 797 1501 Domini
814 1478 824 1497 :
843 1470 880 1500 et
895 1469 1117 1501 consumtus
1132 1475 1158 1498 a
1179 1474 1267 1498 ver-

285 1528 408 1564 mibus
433 1527 654 1577 exspiravit.

337 1590 376 1625 2.
399 1587 475 1625 Hoc
487 1595 521 1623 et
540 1585 715 1637 Josepbus
733 1584 834 1633 dicit,
854 1582 997 1634 quodin
1013 1582 1160 1634 longum
1175 1596 1268 1619 mor-

286 1648 373 1685 bum
392 1646 567 1686 inciderit.
589 1646 699 1684 Multi
722 1645 840 1695 itaque
858 1644 926 1681 hoc
944 1643 1146 1681 nesciebant
1157 1658 1167 1691 3
1185 1656 1268 1694 apo-

286 1711 397 1748 stolus
411 1723 494 1748 vero
516 1716 646 1745 narrat.
659 1708 797 1745 Verum
816 1704 1016 1756 ignorantia
1039 1704 1111 1741 illis
1130 1703 1265 1755 prode-

285 1781 351 1819 rat,
371 1771 458 1809 dum
481 1769 631 1807 Herodis
650 1782 772 1806 casum
790 1766 896 1805 morti
915 1765 1040 1806 Jacobi
1058 1775 1091 1803 et
1110 1765 1268 1802 militum

286 1832 374 1870 caedi
401 1832 630 1883 imputarent.
666 1827 860 1880 Perpende,
895 1826 1037 1877 quando
1069 1825 1268 1878 apostolum

286 1893 428 1941 occidit,
447 1892 539 1930 nihil
557 1891 626 1928 tale
648 1890 750 1928 fecit:
777 1888 919 1940 quando
937 1888 1032 1938 illos,
1054 1887 1146 1925 nihil
1170 1886 1267 1924 dice-

282 1955 358 1993 bat.
388 1956 520 2006 Utpote
543 1953 674 1990 dubius
705 1965 787 2002 ergo
814 1958 847 1988 et
876 1950 1042 1987 confusus
1069 1963 1114 1986 ex
1142 1948 1268 1988 Judaea

286 2017 480 2054 Caesaream
501 2011 976 2065 venitMihi'Jideturssum
995 2010 1074 2048 illos
1093 2009 1269 2048 abducere

285 2078 405 2127 vellet,
416 2077 464 2115 ad
493 2077 559 2115 hos
585 2075 745 2122 venisse,
759 2083 799 2111 ut
823 2087 895 2111 sese
923 2081 1118 2124 purgaret:
1141 2071 1269 2109 irasce-

287 2139 394 2176 batur
416 2139 510 2176 enim
527 2137 613 2186 illis,
628 2136 717 2173 dum
739 2134 796 2171 his
817 2134 868 2171 sic
887 2133 1159 2184 gratificaretur.
1173 2131 1270 2170 Vide

289 2214 396 2251 quam
414 2214 513 2237 vanae
530 2197 651 2250 gloriae
672 2194 823 2248 cupidus
849 2194 955 2231 homo
981 2202 1081 2231 esset.
1105 2192 1269 2231 Gratiam

288 2261 360 2298 illis
380 2260 530 2297 daturus
561 2256 786 2296 concionatus
806 2263 867 2293 est.
894 2254 1068 2305 Josephus
1093 2266 1178 2290 vero
1207 2252 1269 2301 ait,

814 224 1001 256 sosxsls
1037 219 1279 252 cnRYsos'r.
1319 217 1524 250 Ancmm».
1562 220 1921 253 εοΝεΤΑΝΤιΝοΡ.

1333 305 1395 342 οὐκ
1422 304 1533 356 ὀλίγος
1562 305 1618 343 διὰ
1643 306 1700 344 τὸν
1720 306 1873 358 Πέτρον,
1906 307 1965 345 καὶ
1985 307 2171 361 ἀνακρίνας
2190 306 2266 350 τοὺς
2283 306 2350 359 φύ-

1334 365 1443 407 λακας
1463 365 1641 404 ἐκέλευσεν
1657 368 1870 418 ἀπαχθῆναι.
1904 368 2026 412 Οὕτως
2047 371 2108 407 οὐκ
2128 370 2273 415 ἦσθετο,
2298 368 2351 406 ὅτι

1334 425 1395 462 καὶ
1415 425 1571 469 κολάζειν
1594 426 1722 469 ἀδίκως
1738 428 1919 479 ἐπιχειρεῖ.
1951 428 2040 467 Ἰδοὺ
2059 429 2117 468 τὸν
2131 414 2218 481 δπὲρ
2240 431 2352 466 αὐτῶν

1336 485 1574 536 ἀναλαμὸάνω
1604 486 1718 537 λόγον.
1751 487 1809 525 Τὰ
1829 488 1940 538 δεσμὰ
1954 483 2011 536 ἦν,
2030 492 2060 527 οἳ
2080 490 2230 541 φύλακες
2247 489 2353 537 ἔνδον,

1335 545 1375 584 τὸ
1391 546 1629 598 δεσμωτήριον
1649 546 1906 597 κεκλεισμένον,
1927 549 2079 600 οὐδαμοῦ
2096 557 2210 602 τοῖγος
2230 552 2354 601 διορω-

1338 606 1514 660 ρυγμένος,
1536 608 1664 652 πάντες
1686 609 1731 646 τὰ
1753 609 1840 647 αὐτὰ
1861 609 1978 661 ἔλεγον
1993 626 2001 634 ·
2022 596 2242 664 ἀνάρπαστος
2257 615 2274 649 ὃ
2297 612 2356 649 ἄν·

1337 671 1472 720 θρωπος
1486 668 1617 721 γέγονε,
1633 669 1690 708 διὰ
1709 669 1743 707 τί
1759 669 1880 713 αὐτοὺς
1897 671 2139 715 καταδικάζεις
2146 687 2156 721 3
2186 674 2215 709 εἷ
2234 672 2356 717 ἤθελον

1337 730 1537 776 ἀπολῦσαι,
1564 730 1632 784 πρὸ
1663 729 1782 769 τούτου
1815 730 1992 770 ἀπέλυσαν
2015 732 2077 779 ἂν,
2096 731 2118 778 ἢ
2139 732 2356 778 συνεξῆλθον.

1336 787 1441 827 Ἀλλὰ
1456 789 1627 841 χρήματα
1647 790 1793 837 ἔλαὸον,
1813 790 1927 829 Πόθεν
1949 795 1966 830 ὃ
1988 791 2076 842 μηδὲ
2095 791 2219 839 πένητι
2238 793 2357 830 δοῦναι

1336 850 1425 902 ἔχων
1438 880 1448 898 ,
1477 850 1609 894 τούτοις
1629 851 1763 898 ἐδίδου;
1793 852 1870 890 οὒδὲ
1891 851 1958 904 γὰρ
1980 853 2206 905 διεθρύὸησαν
2223 855 2258 890 αἱ
2273 852 2357 891 ἁλύ-

1292 925 1317 954 D
1338 926 1420 959 σεις,
1441 911 1516 949 οὐδὲ
1543 912 1729 962 λελυμέναι
1749 907 1854 959 ἦσαν.
1891 912 1991 951 Ἔδει
2012 914 2115 962 ἰδεῖν,
2135 913 2188 951 ὅτι
2211 917 2297 952 θεῖον
2318 913 2358 951 τὸ

1336 978 1483 1023 πρᾶγμα
1505 966 1547 1018 ἦν
1567 972 1646 1011 ᾗ’καὶ
1666 974 1727 1010 οὐκ
1747 973 1976 1027 ἀνθρώπινον.
2000 967 2092 1012 Εἶτα
2115 972 2235 1019 ἐπειδὴ
2256 974 2355 1011 ἱστο-

1339 1031 1413 1083 ρίας
1437 1032 1561 1082 ἔμελλε
1579 1036 1777 1083 μεμνῆσθαι
1792 1033 1913 1072 λοιπὸν
1926 1064 1935 1080 ,
1958 1033 2015 1072 διὰ
2035 1038 2133 1072 τοῦτο
2151 1033 2210 1071 καὶ
2226 1033 2271 1071 τὰ
2286 1033 2358 1071 ὀνό-

1339 1107 1434 1141 ματα
1453 1092 1587 1139 τίθησιν
1602 1123 1611 1141 ,
1641 1092 1697 1130 ἵνα
1734 1094 1854 1146 δειχθῇ
1874 1093 1990 1131 πάντα
2015 1094 2253 1141 ἐπαληθεύων.
2288 1094 2358 1131 Καὶ

1337 1152 1516 1195 πείσαντες
1543 1152 1721 1202 Βλάστον,
1749 1154 1854 1205 φησὶ,
1882 1153 1938 1191 τὸν
1966 1153 2022 1192 ἐπὶ
2042 1158 2100 1192 τοῦ
2117 1157 2279 1197 κοιτῶνος
2297 1157 2358 1191 τοῦ

1339 1214 1529 1276 βασιλέως,
1552 1216 1698 1263 ᾐτοῦντο
1723 1214 1874 1266 εἰρήνην.
1908 1217 2022 1254 Τοῦτο
2049 1219 2217 1262 ποιοῦσιν,
2237 1214 2357 1260 ἐπειδὴ

1336 1274 1436 1324 λιμὸς
1465 1278 1520 1321 ἦν.
1553 1276 1677 1326 Tam-R
1705 1274 1740 1312 δὲ
1764 1275 1880 1327 ἡμέρᾳ
1905 1275 2052 1318 καθίσας
2071 1277 2089 1312 ὃ
2112 1273 2274 1325 <Ηρώδης
2299 1273 2358 1311 ἐπὶ

1337 1338 1395 1373 τοῦ
1416 1335 1570 1386 βήματος
1587 1335 1816 1388 ἐδημηγόρει,
1834 1336 1930 1388 φησί.
1965 1337 2197 1387 Παραχρῆμα
2217 1334 2252 1372 δὲ
2272 1334 2359 1373 ἐπά-

1337 1394 1436 1439 ταξεν
1468 1396 1570 1434 αὐτὸν
1591 1397 1734 1448 ἄγγελος
1755 1396 1904 1450 Κυρίου·
1930 1397 1989 1435 καὶ
2010 1396 2191 1448 γενόμενος
2211 1398 2355 1442 σκωλη-

1337 1457 1513 1509 κόνΐρωτος
1528 1456 1675 1510 ἓξέψυξε.

1390 1577 1407 1599 ¹’
1419 1580 1532 1618 Τοῦτο
1551 1580 1611 1617 καὶ
1630 1579 1803 1627 Ἰώσηπος
1821 1579 1939 1630 λέγει,
1957 1579 2010 1618 ὅτι
2040 1587 2158 1633 μακρᾷ
2176 1581 2361 1632 περιέπεσε

1338 1639 1442 1691 νόσῳ.
1459 1642 1505 1678 Οἱ
1526 1639 1586 1690 μὲν
1608 1635 1665 1678 οῧν
1687 1640 1810 1678 πολλοὶ
1828 1645 1928 1678 τοῦτο
1942 1641 2003 1677 οὐκ
2015 1640 2158 1692 ᾔδεσαν,
2176 1645 2194 1680 ὃ
2212 1641 2247 1678 δὲ
2269 1641 2361 1678 ἀπό-

1291 1716 1315 1746 E
1339 1701 1459 1744 στολος
1480 1701 1563 1738 αὐτὸ
1581 1700 1710 1747 τίθησι.
1726 1700 1828 1747 Πλὴν
1851 1699 1942 1738 ἀλλὰ
1969 1700 2028 1737 καὶ
2049 1704 2071 1746 ἡ
2093 1701 2214 1752 ἄγνοια
2237 1699 2363 1753 ὠφέλει

1336 1761 1566 1813 λογιζομένων
1588 1762 1697 1799 αὐτῶν
1718 1764 1767 1814 τῷ
1787 1760 1956 1799 Ἰακώὸου
1979 1761 2116 1813 θανάτῳ
2136 1762 2196 1800 καὶ
2215 1764 2265 1814 τῷ
2291 1763 2360 1799 τῶν

1338 1825 1560 1874 στρατιωτῶν
1581 1822 1672 1874 φόνῳ
1692 1822 1731 1861 τὸ
1749 1821 1840 1861 κατὰ
1871 1821 1928 1860 τὸν
1949 1821 2111 1874 (Ηρώδην
2141 1822 2362 1873 συμὸεὸηκέ-

1336 1898 1404 1920 ναι.
1432 1882 1546 1934 ςὈρα·
1579 1883 1635 1921 ὅτε
1670 1882 1730 1934 μὲν
1758 1884 1814 1921 τὸν
1848 1883 2044 1922 ἀπόστολον
2079 1882 2236 1935 ἔσφαξεν,
2265 1882 2361 1921 οὐδὲν

1337 1947 1488 1982 τοιοῧτον
1511 1944 1716 1997 εἰργάσατο,
1737 1943 1793 1982 ὅτε
1816 1943 1851 1982 δὲ
1869 1944 2020 1990 τούτους,
2032 1944 2153 1982 λοιπὸν
2173 1945 2208 1981 ἓν
2229 1943 2361 1996 ἀφασίᾳ

1337 2000 1486 2052 ἧν.Ἅτε
1505 2000 1562 2043 οῧν
1592 2004 1780 2057 ἠπορηκὼς
1817 2005 1876 2043 καὶ
1911 2004 2160 2057 αἰσχυνόμενος
2191 2007 2363 2050 κατῆλθεν

1339 2066 1408 2104 ἀπὸ
1425 2069 1487 2112 τῆς
1503 2065 1672 2110 Ἰουδαίας
1691 2069 1738 2110 εἷς
1752 2065 1814 2113 τὴν
1832 2065 2060 2118 Καισάρειαν.
2072 2064 2178 2115 Ἐμοὶ
2194 2065 2286 2102 δοκεῖ
2303 2065 2363 2103 καὶ

1339 2126 1486 2169 ἐκείνους
1503 2128 1698 2178 ἀπαγαγεῖν
1721 2126 1945 2178 βουλόμενος,
1965 2126 2052 2178 πρὸς
2071 2124 2259 2177 ἀπολογίαν
2280 2119 2365 2173 ἦλθε

1339 2186 1485 2224 τούτων·
1517 2187 1684 2239 ὠργίζετο
1717 2188 1785 2239 γὰρ
1808 2187 1949 2232 ἐκείνοις
1977 2187 2115 2231 τούτους
2151 2186 2240 2225 οὕτω
2267 2191 2367 2240 θεραο

1758 2248 1787 2261 ΙΝ
1809 2247 1823 2260 9

1339 2246 1464 2285 πεύων.
1480 2246 1573 2300 υΟροι
1595 2251 1669 2290 πῶς
1688 2263 1860 2292 κενοοοςος
1873 2252 1891 2286 ὃ
1910 2248 2090 2300 ἄνθρωπός
2105 2251 2192 2286 ἐστι.
2214 2247 2364 2286 Μέλλων

1477 2306 1545 2319 xx)

288 2323 407 2375 ipsum
426 2330 520 2359 veste
533 2317 718 2372 splendida
740 2326 773 2355 et
786 2324 930 2367 argento
949 2314 1082 2351 intexta
1098 2313 1267 2350 amictum
1282 2340 1330 2364 217
1341 2309 1453 2349 αὐτοῖς
1474 2314 1602 2344 ὸιοοναι
1622 2307 1683 2354 τὴν
1706 2307 1851 2358 δωρεὰν,
1875 2307 2148 2360 ἐδημηγόρησεν,
2168 2307 2212 2346 Ὁ
2233 2307 2268 2346 δὲ
2291 2307 2367 2345 Ἰώ-

287 2384 406 2421 fuisse.
423 2382 518 2421 Vide
537 2381 642 2418 etiam
658 2392 765 2430 quam
794 2376 993 2414 adulatores
1010 2383 1123 2412 essent
1145 2373 1213 2421 illi,
1236 2382 1269 2411 et
1293 2378 1319 2407 A
1341 2366 1450 2415 σηπός
1481 2383 1599 2418 φησιν,
1623 2367 1677 2406 ὅτι
1711 2368 1769 2405 καὶ
1803 2369 1932 2413 ἐσθῆτα
1961 2367 2127 2419 λαμπρὰν
2163 2367 2196 2411 ἐξ
2218 2367 2366 2419 ἀργύρου

289 2444 531 2497 apostolorum
550 2455 702 2480 sensum.
725 2439 842 2485 Quem
867 2436 960 2474 enim
982 2449 1066 2487 gens
1083 2443 1155 2472 tota
1177 2434 1268 2472 cole-

288 2505 363 2554 bat,
380 2505 476 2542 hunc
499 2503 553 2540 ilh'
567 2501 789 2554 respuebant.
823 2499 928 2537 Tunc
951 2496 1024 2534 illis
1054 2495 1179 2533 datum
1206 2504 1269 2544 est,

288 2575 328 2603 ut
346 2565 570 2616 respirarent,
586 2572 619 2600 et
638 2561 751 2599 multa
768 2568 869 2612 parta
889 2566 970 2596 sunt
989 2557 1082 2595 bona
1103 2570 1149 2594 ex
1172 2555 1271 2593 illius

288 2627 435 2665 ultione.
464 2624 572 2672 Quod
591 2624 619 2661 si
638 2623 699 2660 ille
718 2622 786 2660 hoc
815 2620 948 2668 audito,
969 2620 1050 2656 Vol=
1079 2619 1168 2663 Dei,
1194 2630 1272 2654 non

290 2690 470 2738 hominis,
502 2687 585 2724 licet
612 2683 704 2722 nihil
735 2682 883 2729 dixerit,
921 2680 1006 2718 talia
1036 2692 1161 2732 passus
1189 2686 1240 2716 est
1263 2692 1270 2713 :

291 2750 403 2787 multo
418 2749 552 2800 majora
568 2746 747 2793 Christus,
769 2744 799 2782 si
811 2745 906 2781 Deus
920 2756 989 2780 non
1001 2741 1134 2789 fuisset,
1148 2753 1274 2792 passus

292 2819 394 2857 esset,
413 2810 474 2860 qui
493 2821 631 2860 semper
651 2806 814 2853 dicebat,
834 2806 957 2843 Verba
978 2816 1064 2840 mea
1092 2815 1170 2839 non
1190 2813 1276 2838 mea

294 2880 451 2921 sunt,et,
470 2870 642 2907 Ministri
662 2869 736 2904 mei
755 2868 885 2918 utique
901 2865 1154 2909 decertarent,
1178 2860 1276 2898 simi-

295 2936 424 2986 liaque.
444 2934 510 2972 Ille
525 2945 607 2971 vero
621 2930 712 2968 foede
728 2938 760 2967 et
772 2927 1023 2966 miserabiliter
1050 2926 1164 2964 vitam
1181 2924 1278 2962 clau-

295 2998 353 3047 sit,
370 3006 402 3035 et
418 2995 509 3034 nihil
533 3008 578 3032 ex
597 3006 636 3030 eo
656 2991 844 3042 reliquum.
869 2986 1050 3040 Perpende
1077 2987 1163 3024 item
1188 2999 1276 3036 quo-

296 3058 400 3096 modo
416 3057 535 3095 Blasto
552 3052 777 3099 assentiatur,
795 3060 829 3089 et
844 3064 951 3101 quam
968 3047 1072 3086 facile
1095 3047 1203 3084 miser
1218 3045 1278 3083 ille

296 3119 403 3156 homo
418 3119 604 3162 irascatur,
626 3122 658 3151 et
688 3122 807 3166 postea
828 3111 1022 3162 mitigetur,
1056 3108 1188 3158 ubique
1212 3121 1277 3160 po-

298 3180 375 3233 puli
386 3192 521 3228 servus,
551 3178 712 3228 nihilque
730 3175 883 3213 liberum
911 3171 1055 3209 habens.
1088 3167 1276 3206 Considera

299 3242 383 3279 item
399 3240 641 3278 auctoritatem
656 3235 809 3290 Spiritus
823 3232 946 3273 sancti.
962 3231 1277 3270 Ministrantibus

340 3364 353 3378 Α
370 3354 430 3386 Alii
458 3358 506 3387 καὶ
533 3356 611 3387 οὐδὲν
637 3358 832 3395 ἀνθρώπινον,
854 3353 982 3394 ἱστορίας
1007 3349 1173 3390 μεμνῆσθαι
1196 3345 1304 3385 μέλλει

298 3414 406 3442 >ortiv-

1339 2426 1578 2478 πεποιημένην
1598 2427 1805 2479 περιέκειτο.
1824 2426 1921 2479 ζὈροι
1944 2427 2004 2465 καὶ
2024 2430 2147 2466 ἐκεῖνοι
2163 2430 2237 2471 πῶς
2255 2428 2366 2466 κόλα-

1340 2505 1396 2532 κες
1415 2483 1516 2535 ἦσαν,
1535 2487 1594 2525 καὶ
1622 2491 1690 2525 τῶν
1711 2487 1912 2526 ἀποστόλων
1945 2487 1985 2525 τὸ
2008 2487 2186 2541 φρόνημα.
2209 2489 2278 2527 ιῸν
2299 2488 2366 2541 γὰρ

1340 2549 1432 2592 ἔθνος
1451 2547 1637 2600 ὁλόκληρον
1657 2547 1883 2600 ἐθεράπευσε,
1918 2552 2037 2586 τοῦτον
2071 2544 2165 2587 οὗτοι
2195 2548 2368 2589 διέπτυον.

1340 2609 1455 2648 Πάλιν
1469 2608 1503 2645 δὲ
1522 2608 1654 2659 γίνεται
1676 2610 1883 2652 ἀνάπνευσις
1901 2610 2016 2647 αὐτῶν
2044 2610 2179 2661 μεγάλη
2192 2640 2202 2658 ,
2221 2611 2280 2649 καὶ
2297 2627 2369 2662 μυ-

1345 2670 1401 2723 ρία
1420 2669 1533 2719 ἀγαθὰ
1552 2671 1592 2707 ἐκ
1610 2673 1672 2717 τῆς
1689 2670 1818 2708 ἐκείνου
1834 2670 2016 2722 τιμωρίας.
2029 2673 2073 2709 Εἰ
2093 2671 2128 2709 δὲ
2146 2665 2243 2715 οὗτος
2263 2672 2370 2711 ἀκού-

1345 2747 1407 2774 σας
1419 2760 1428 2777 ,
1462 2730 1515 2768 ὅτι
1542 2730 1637 2782 φωνὴ
1666 2732 1758 2769 Θεοῦ
1790 2731 1850 2769 καὶ
1880 2732 1941 2769 οὐκ
1970 2730 2171 2782 ἀνθρώπου,
2190 2731 2306 2769 καίτοι
2331 2748 2371 2783 γε

1350 2791 1456 2843 μηδὲν
1478 2790 1583 2830 εἰπὼν
1597 2796 1741 2830 τοιαῦτα
1760 2792 1878 2830 ἔπαθε·
1891 2793 2010 2844 πολλῷ
2030 2793 2162 2842 μᾶλλον
2181 2793 2220 2829 ἂν
2241 2795 2259 2830 ὁ
2277 2794 2369 2845 Χρι-

1350 2852 1444 2902 στὸς,
1465 2855 1494 2891 εἷ
1510 2851 1557 2904 μὴ
1575 2853 1663 2896 Θεὸς
1677 2847 1718 2899 ἦν
1734 2853 1834 2897 αὐτὸς
1845 2883 1854 2901 ,
1875 2852 1929 2890 ἀεὶ
1944 2852 2067 2904 λέγων,
2085 2852 2139 2892 ὅτι
2155 2853 2213 2892 Τὰ
2229 2854 2370 2905 ῥήματα

1349 2913 1393 2952 τὰ
1411 2912 1479 2964 ἐμὰ
1497 2915 1559 2951 οὐκ
1576 2913 1667 2951 ἔστιν
1691 2912 1777 2963 ἐμὰ,
1797 2913 1878 2958 καὶ,
1897 2913 1943 2951 Οἱ
1970 2913 2142 2965 ὑπηρέται
2163 2913 2202 2952 ἂν
2231 2917 2262 2953 οἳ
2292 2915 2369 2965 ἐμοὶ

1300 2996 1324 3025 Β
1349 2974 1557 3028 ἠγωνίζοντο
1564 3003 1574 3022 ,
1594 2973 1653 3012 καὶ
1669 2974 1732 3012 ὅσα
1746 2978 1902 3012 τοιαῦτα.
1918 2973 2073 3018 Ἐκεῖνος
2091 2974 2126 3014 δὲ
2145 2977 2299 3027 αἰσχρῶς
2311 2975 2370 3015 καὶ

1350 3037 1504 3078 ἐλεεινῶς
1517 3034 1575 3072 τὸν
1594 3034 1666 3085 βίον
1684 3034 1854 3073 κατέλυσε
1869 3064 1878 3081 ,
1893 3035 1952 3072 καὶ
1969 3034 2044 3074 οὐδὲ
2059 3035 2217 3088 φαίνεται
2235 3035 2368 3075 λοιπόν.

1347 3095 1444 3149 ςὈρα
1461 3096 1496 3133 δὲ
1523 3094 1625 3132 αὐτὸν
1642 3094 1700 3133 καὶ
1719 3095 1785 3132 ὑπὸ
1808 3099 1867 3133 τοῦ
1899 3095 2057 3134 Βλάστου
2088 3096 2368 3148 ἀναπειθόμενον,

1349 3157 1408 3195 καὶ
1429 3156 1489 3194 ἅτε
1508 3155 1549 3202 δὴ
1565 3154 1787 3208 ταλαίπωρον
1804 3155 1884 3194 ὄντα
1900 3156 2046 3201 εὐκόλως
2064 3157 2295 3210 ὀργιζόμενον,
2311 3158 2369 3196 καὶ

1349 3218 1454 3256 πάλιν
1486 3215 1822 3266 καταλλαττόμενον,
1855 3217 1914 3255 καὶ
1947 3222 2126 3271 πανταχοῦ
2155 3219 2272 3258 δοῦλον
2300 3223 2368 3258 τῶν

1414 3339 1428 3362 b
1446 3332 1529 3369 vide
1544 3334 1724 3379 Josephum
1740 3334 1816 3369 libr.
1836 3338 1885 3377 ⁴9,
1903 3347 1931 3370 c.
1949 3339 1979 3369 7.
