2466 3805
1220 86 1239 100 9

272 199 348 229 VIII
1190 197 1243 226 PR
1249 198 1414 228 AEFATIO
1422 215 1431 225 .

271 278 390 316 dimus
409 278 702 331 Chrysostomum
721 289 791 314 non
811 288 892 313 cum
908 283 1003 312 tanto
1019 275 1184 325 scrupulo
1203 284 1302 313 notas
1318 284 1519 326 temporum
1532 272 1748 322 consignare.
1771 274 1820 310 L‘t
1837 281 1875 310 ut
1892 286 1945 310 res
1962 281 2029 320 est,
2051 272 2121 309 alio
2138 281 2344 322 argumento

272 339 496 391 comprobari
510 338 652 377 videtur
666 338 758 377 hanc
775 336 942 388 temporis
961 343 1079 373 notam
1098 335 1319 374 referendam
1336 348 1409 374 esse
1424 334 1461 371 in
1479 346 1613 372 annum
1628 334 1696 370 401
1712 364 1718 370 .
1738 333 1894 371 Homilia
1907 333 2177 384 quadragesima
2193 332 2346 369 secunda

271 401 320 439 ait
342 401 635 453 Chrysostomus,
655 415 689 452 p.
714 400 783 437 511
804 427 816 448 ,
837 410 928 434 anno
948 394 1148 447 superiore,
1167 396 1313 448 πέρυσι,
1331 395 1546 434 concussisse
1564 396 1683 433 Deum
1702 395 1902 433 universam
1923 395 2119 444 civitatem,
2142 394 2343 431 Constanti-

273 462 430 515 nopolim
447 476 572 514 nempe
587 471 687 499 terrae
706 467 803 496 motu
823 457 993 507 agitatam
1009 456 1128 493 fuisse.
1150 456 1219 494 Hic
1237 470 1323 496 vero
1341 466 1443 494 terrae
1459 464 1577 493 motus
1597 469 1701 505 quem
1720 456 1825 493 refert
1844 455 2013 508 Synesius
2024 486 2036 507 ,
2056 455 2101 493 ad
2120 469 2251 493 annum
2270 455 2348 491 400

275 523 474 574 consignari
491 523 614 572 debet,
643 521 735 558 unde
753 526 919 569 sequatur
938 517 1031 555 hanc
1053 517 1260 566 homiliam,
1295 532 1372 570 quae
1412 517 1681 568 quadragesima
1706 517 1822 568 prima
1848 531 1995 555 numero
2033 527 2096 565 est,
2138 531 2228 554 anno
2271 516 2340 553 401

272 584 433 621 habitam
450 583 557 620 fuisse
568 598 579 631 3
597 582 634 619 in
652 594 756 631 quem
771 581 876 617 etiam
897 592 1031 616 annum
1046 578 1147 617 illam
1165 579 1288 618 retulit
1306 579 1493 617 Baronius.
1514 577 1766 617 Tillemontius
1783 591 1865 616 vero
1886 578 2031 615 Baronii
2051 578 2258 616 sententiam
2278 590 2347 614 non

271 643 407 695 respuit
422 642 586 693 quidem,
606 641 726 679 mallet
746 649 863 677 tamen
881 647 981 676 terrae
1000 648 1136 677 motum
1155 640 1192 677 in
1208 653 1341 678 annum
1360 640 1460 686 599,
1483 647 1516 676 et
1531 638 1720 676 homiliam
1740 637 2048 690 quadragesimam
2066 638 2220 690 primam
2234 638 2270 675 in
2288 650 2349 674 an-

273 719 358 743 num
374 706 451 742 400
463 705 591 741 referre
602 719 609 739 ι
620 701 894 753 frequentissimi
909 701 1041 754 quippe
1055 711 1151 740 erant
1165 702 1470 754 Constantinopoli
1482 710 1583 739 terrae
1602 710 1719 738 motus
1729 731 1738 749 ,
1758 714 1870 752 neque
1888 714 2007 738 omnes
2027 709 2197 750 quotquot
2216 699 2353 737 accide-

271 774 366 813 runt,
377 765 422 802 ab
432 764 588 802 historiae
595 763 826 816 scriptoribus
840 763 1052 801 referuntur.
1070 763 1275 802 Secundum
1288 764 1379 802 hanc
1393 762 1613 802 Tillemontii
1624 762 1839 814 opinionem,
1855 763 1890 799 in
1910 771 1990 800 nota
2002 761 2183 813 ibid.p.5t
2195 762 2210 796 1
2229 761 2265 798 in
2279 761 2350 798 imo

272 827 429 878 margine
442 827 555 878 posita
568 826 742 877 diximus,
759 835 859 864 terrae
872 834 1007 864 motum
1022 826 1126 865 illum
1138 840 1229 864 anno
1243 827 1321 865 599
1332 825 1521 875 accidisse,
1538 839 1683 876 remque
1697 825 1861 877 pluribus
1878 824 2122 863 excutiendam
2138 823 2300 862 misimus
2314 823 2350 860 in

272 889 397 929 Vitam
413 889 449 926 S.
465 888 611 927 Joannis
629 888 886 940 Chrysostomi,
905 902 981 939 quae
1000 888 1126 926 ultimo
1142 889 1179 927 in
1192 891 1307 927 Tomo
1326 897 1486 941 ponetur.
1505 889 1547 926 In
1566 901 1698 925 annum
1716 901 1800 939 ergo
1819 888 1877 925 vel
1894 887 1973 926 400
1992 895 2196 935 vertentem,
2218 886 2277 924 x-el
2299 900 2351 923 se-

272 959 436 1002 quentem
455 951 524 988 401
554 949 734 988 referenda
751 959 803 989 est
822 950 898 988 haec
915 950 1181 1002 quadragesima
1196 951 1314 1004 prima
1330 950 1492 988 homilia.
1509 951 1602 988 Nam
1625 949 1687 987 illa
1703 962 1775 988 vox
1794 949 1939 1001 πέρυσι,
1961 963 2051 987 anno
2065 948 2230 1000 proximo
2249 962 2352 999 supe-

272 1013 378 1061 riore,
397 1026 467 1051 non
486 1012 535 1050 ita
554 1012 761 1064 accipienda
785 1022 858 1063 est,
879 1022 920 1050 ut
938 1027 1070 1050 annum
1088 1013 1266 1065 integrum
1291 1014 1449 1066 elapsum
1471 1013 1748 1065 Chrysostomus
1761 1012 1963 1063 significare
1977 1011 2140 1049 voluerit.

324 1073 467 1111 Ibidem
486 1082 603 1111 autem
627 1082 661 1111 et
680 1073 896 1112 continenter
913 1087 950 1125 p.
975 1075 1052 1112 512
1077 1075 1200 1112 eadem
1227 1089 1313 1113 voce
1334 1069 1457 1126 π’έρυσι
1482 1074 1760 1126 Chrysostomus
1779 1073 1892 1110 utitur
1912 1072 1958 1110 ad
1976 1087 2051 1110 rem
2069 1072 2176 1109 aliam
2202 1072 2353 1124 carptim

274 1133 527 1171 indicandam:
549 1134 607 1173 Τὰ
620 1133 710 1173 κατὰ
730 1135 910 1188 Θεόδωρον
930 1137 1058 1173 ἐκεῖνον
1080 1136 1292 1188 γεγενημένα
1314 1136 1438 1188 πέρυσι
1457 1164 1468 1182 ,
1487 1135 1564 1173 τίνα
1579 1137 1640 1173 οὐκ
1657 1134 1819 1181 ἐξέπληξε
1826 1150 1836 1182 3
1862 1134 1931 1172 Καὶ
1947 1133 2040 1184 ὅμως
2057 1133 2151 1172 οὐδὲν
2172 1132 2275 1171 πλέον
2297 1132 2356 1185 γε’-

275 1211 388 1247 γονεν.
418 1196 514 1245 Quoe
542 1198 646 1233 circa
669 1196 702 1233 Τ
701 1196 910 1233 heodorum
936 1197 1047 1234 illum
1076 1210 1181 1234 anno
1202 1200 1378 1249 proximo
1399 1205 1508 1248 gesta
1530 1200 1639 1242 sunt,
1664 1210 1776 1247 quem
1811 1209 1889 1232 non
1908 1196 2270 1246 obstupefecerunt?
2301 1195 2355 1232 Et

277 1265 409 1295 tamen
423 1257 523 1294 nihil
539 1257 870 1309 ampliussactum
885 1266 954 1296 est.
975 1258 1064 1304 Quis
1080 1258 1141 1296 ille
1156 1258 1366 1297 Theodorus
1382 1267 1491 1307 esset,
1513 1258 1646 1308 quidve
1664 1257 1719 1295 illi
1734 1257 1922 1306 acciderit,
1945 1257 2084 1307 nullus,
2109 1256 2206 1307 quod
2221 1257 2353 1306 sciam,

277 1318 428 1370 scriptor
451 1317 583 1355 docuit.
604 1318 674 1357 Sed
694 1318 761 1356 hoc
782 1333 893 1357 unum
915 1319 1000 1356 hinc
1016 1319 1191 1371 expiscari
1209 1334 1421 1372 possumus3
1441 1319 1614 1358 nimirum
1640 1333 1764 1358 vocem
1789 1319 1914 1371 πέρυσι
1944 1332 2022 1368 quae
2044 1332 2109 1370 pro
2132 1327 2233 1356 terrae
2255 1327 2354 1356 motu

279 1389 312 1418 et
328 1393 394 1432 pro
412 1380 474 1418 illo
493 1388 589 1417 tanto
616 1380 798 1418 Theodori
815 1395 899 1419 casu
920 1380 1232 1421 indiscriminatim
1249 1391 1464 1434 usurpatur,
1486 1396 1619 1420 annum
1638 1382 1801 1434 proxime
1822 1381 2041 1433 praeteritum
2061 1380 2110 1418 ita
2129 1380 2331 1431 significare
2342 1411 2352 1430 ,

280 1451 320 1480 ut
337 1456 407 1480 non
424 1442 601 1481 curaverit
618 1451 735 1480 orator
752 1457 797 1480 an
815 1444 934 1495 plures
952 1444 1179 1496 paucioresve
1197 1459 1333 1483 menses
1351 1445 1620 1483 intercesserint.
1640 1445 1716 1482 Stet
1736 1445 1846 1495 igitur
1865 1444 1905 1481 id
1922 1443 2017 1494 quod
2036 1458 2142 1495 supra
2163 1443 2322 1480 diximus
2341 1473 2352 1493 ,

281 1504 476 1543 Homiliam
494 1518 619 1556 nempe
636 1504 941 1557 quadragesimam
958 1507 1113 1559 primam
1129 1507 1187 1547 vel
1211 1522 1303 1546 anno
1321 1509 1400 1546 400
1417 1516 1597 1558 vergente,
1619 1507 1677 1546 vel
1695 1508 1764 1544 401
1791 1506 1934 1544 ineunte
1954 1506 2087 1545 dictam
2106 1506 2225 1554 fuisse,
2243 1505 2355 1543 donee

282 1564 370 1616 quid
388 1565 518 1604 certius
533 1567 725 1605 emerserit.

335 1627 510 1666 Homilias
527 1637 645 1666 autem
659 1629 790 1681 incepit
809 1638 908 1669 extra
941 1630 1270 1683 quadragesimam,
1290 1642 1331 1671 ut
1348 1633 1423 1685 ipse
1442 1631 1528 1670 dicit
1543 1631 1690 1670 homilia
1706 1632 1821 1684 prima
1837 1647 1874 1684 p.
1894 1633 1964 1682 15,
1985 1641 2018 1670 et
2035 1630 2177 1682 quidem
2194 1630 2355 1668 Paschali

283 1697 455 1741 tempore,
476 1699 516 1727 ut
536 1690 681 1728 innuere
694 1691 836 1731 videtur
849 1707 885 1744 p.
907 1694 978 1741 10,
995 1694 1077 1731 anni
1093 1694 1259 1732 videlicet
1277 1695 1368 1732 400.
1386 1696 1428 1732 In
1446 1694 1640 1731 moralibus
1659 1703 1776 1732 autem
1793 1694 2100 1741 adhortationibus
2121 1708 2198 1744 quae
2218 1702 2353 1744 partem

285 1752 492 1790 concionum
509 1761 723 1804 postremam
745 1763 940 1806 occupant,
962 1756 1074 1793 multa
1094 1756 1226 1808 profert
1245 1757 1346 1793 utilia
1359 1786 1371 1805 ,
1400 1766 1432 1794 et
1453 1756 1615 1806 quaedam
1633 1756 1674 1793 ad
1699 1757 1810 1795 vitam
1828 1772 1929 1794 suam
1954 1756 2169 1808 spectantia,
2193 1770 2270 1807 quae
2290 1770 2353 1793 suo

284 1813 362 1851 loco
386 1814 757 1853 commemorabuntur
766 1831 778 1866 3
814 1816 851 1853 in
876 1816 1167 1868 quinquagesima
1184 1831 1267 1855 vcro
1288 1818 1440 1855 secunda
1469 1833 1505 1856 se
1530 1820 1699 1858 ,Ioannem
1728 1819 1899 1871 appellari
1929 1819 2029 1856 dicit.

338 1875 405 1914 His
421 1875 634 1928 subjungere
647 1877 767 1917 visum
792 1878 860 1917 fuit
876 1878 1056 1930 judicium
1075 1879 1201 1918 Savilii
1219 1880 1311 1918 circa
1332 1880 1504 1919 Homilias
1529 1881 1773 1933 Chrysostomi
1799 1881 1835 1919 in
1863 1883 1948 1919 Acta
1980 1881 2242 1932 Apostolorum
