2502 3810
674 247 717 275 IN
754 246 894 276 EPIST.
935 245 993 275 AD
1030 246 1138 276 ROM.

56 326 282 379 Πρωτότοκός
302 342 367 378 μου
395 327 539 380 Ἰσραήλ
556 344 563 351 ·
602 329 660 367 καὶ
679 333 696 368 ὃ
727 332 864 374 Παῦλος
896 330 932 368 δέ
955 346 1071 382 φησιν,

12 418 17 424 .
56 381 122 425 ’Ὧν
139 390 160 433 ἡ
182 387 332 425 υἱοθεσία
346 402 355 410 ·
383 389 632 433 κατασκευάζει
650 390 769 429 λοιπὸν
790 391 866 429 ὅσον
893 391 933 429 τὸ
967 390 1071 441 μέσον

57 447 187 494 ἐκείνης
206 447 264 485 καὶ
280 447 410 493 ταύτης
427 452 489 494 τῆς
508 452 625 499 τιμῆς,
644 451 687 488 Ei
700 451 766 502 γὰρ
782 451 842 488 καὶ
860 450 903 489 τὰ
919 450 1072 501 ὀνόματα

56 507 100 545 τὰ
119 507 224 555 αὐτὰ,
243 508 358 560 φησὶν,
392 509 469 546 ἀλλ’
490 512 527 547 οὐ
545 509 589 547 τὰ
607 511 799 562 πράγματα
818 511 862 549 τὰ
882 510 982 548 αὐτά.
1003 510 1073 548 Καὶ
1094 518 1119 548 D

58 571 151 620 σαφῆ
187 569 335 622 παρέχει
366 569 495 608 τούτων
517 571 701 620 ἀπόδειξιν,
719 573 804 610 ἃκαὶ
829 571 898 610 ἀπὸ
916 573 984 608 τῶν
1003 587 1072 609 κα-

57 629 283 681 τορθούντων,
316 631 374 668 καὶ
402 631 470 669 ἀπὸ
498 634 565 669 τῶν
592 632 793 682 δεδομένων,
814 633 874 671 καὶ
905 632 973 670 ἀπὸ
1004 635 1071 669 τῶν

59 690 254 740 μελλόντων
265 690 402 728 ἔσεσθαι
416 691 476 737 τὴν
494 691 672 743 σύγκρισιν
687 692 880 744 εἰσαγαγών
892 709 900 716 ·
915 692 974 730 καὶ
989 692 1074 744 πρό-

57 765 154 801 τερον
175 750 326 789 δείκνυσι
339 751 416 789 τίνα
435 747 477 798 ἦν
497 752 541 790 τὰ
556 753 696 797 ἐκείνοις
718 753 895 803 δεδομένα.
912 752 1002 790 Τίνα
1016 747 1073 791 οῦν

59 815 189 859 ταῦτα,
222 813 369 862 Πνεῦμα
406 813 560 858 δουλείας
574 830 581 838 ·
604 814 654 852 διὸ
675 815 734 851 καὶ
756 815 910 865 ἐπήγαγε
936 813 1045 863 λέγων
1065 828 1073 836 ·

61 873 114 909 Οὔ
145 872 213 924 γὰρ
235 874 376 910 ἐλάδετε
404 878 541 924 πνεῦμα
565 874 718 917 δουλείας
750 874 855 911 πάλιν
889 876 936 916 εἷς
958 873 1074 924 φόὸον.

62 926 149 969 Εἶτα
170 933 266 984 ἀφεὶς
293 935 400 971 εἰπεῖν
419 934 458 970 τὸ
478 933 839 984 ἀντιδιαστελλόμενον
855 937 897 985 τῇ
913 933 1050 984 δουλείᾳ
1066 962 1076 979 ,

61 993 238 1041 τουτέστι,
260 999 396 1044 πνεῦμα
425 994 634 1047 ἐλευθερίας,
658 995 698 1032 τὸ
732 995 850 1048 πολλῷ
885 996 999 1043 μεῖζον
1018 993 1077 1030 τέ·-

63 1057 153 1090 θεῑκε
168 1083 178 1101 ,
197 1054 236 1091 τὸ
264 1057 325 1100 τῆς
347 1053 518 1097 υἱοθεσίας
532 1084 541 1101 ,
573 1056 615 1092 δι’
639 1050 676 1092 οἷ
695 1057 836 1093 κάκεῖνο
858 1053 873 1074 b
886 1054 1076 1105 συνήγετο,

62 1112 168 1150 εἰπών
186 1129 193 1136 ·
213 1113 305 1150 Ἀλλ’
333 1114 475 1152 {Mezze
496 1117 634 1165 πνεῦμα
656 1114 837 1158 υἱοθεσίας.
854 1114 958 1152 Ἀλλὰ
979 1119 1078 1152 τοῦτο

1180 246 1316 277 HOMIL
1325 268 1333 277 .
1378 248 1455 278 XIV
1464 268 1473 278 .

2023 231 2116 294 637

1143 333 1299 384 adoptio
1307 349 1321 379 ,·
1340 333 1467 386 probat
1485 332 1616 372 deinde
1633 342 1807 384 quantum
1836 333 1879 371 sit
1910 333 1998 370 inter
2016 332 2121 370 illum

1143 400 1176 429 et
1186 392 1281 430 hunc
1298 393 1467 432 honorem
1481 393 1683 432 discrimen.
1697 393 1775 432 Etsi
1794 393 1886 431 enim
1905 392 2027 430 eadem
2043 391 2121 443 ipsa

1143 453 1283 491 nomina
1298 454 1379 504 sint,
1395 455 1525 505 inquit,
1539 464 1575 493 at
1593 469 1662 493 non
1684 455 1813 493 eaedem
1833 469 1899 494 res.
1924 455 1970 492 Et
1988 455 2120 492 claram

1143 512 1273 551 horum
1298 514 1631 553 demonstrationem
1657 517 1771 564 affert,
1799 525 1876 553 tum
1906 515 1951 552 ab
1982 515 2031 552 015
2060 515 2123 564 qui

1141 583 1233 611 recte
1250 583 1374 626 agunt,
1395 584 1473 612 tum
1492 576 1598 613 etiam
1616 589 1661 613 ex
1679 575 1781 613 donis
1814 575 1912 627 ipsis,
1935 584 1968 613 et
1987 589 2006 612 a
2023 575 2121 611 futu-

1142 634 1190 672 ris
1227 635 1524 686 comparationem
1551 635 1742 674 inducens:
1760 651 1801 674 ac
1834 636 1951 688 primo
1972 634 2123 673 ostendit

1143 708 1306 744 quaenam
1321 696 1393 734 illis
1412 696 1492 734 data
1511 696 1850 742 fuissentQu-aenam
1870 705 1987 733 autem
2000 696 2121 733 crant?

1143 755 1298 806 Spiritus
1337 755 1517 793 servitutis
1538 769 1668 806 :quare
1703 756 1886 806 subjunxit
1911 772 1917 791 :
1945 757 2004 795 15.
2034 757 2124 793 Non

1144 817 1246 852 enim
1257 818 1455 866 accepistis
1471 819 1645 868 spiritum
1661 819 1855 854 servitutis
1875 820 2011 854 iterum
2025 821 2062 853 in
2079 819 2124 854 ti-

1145 889 1260 913 more.
1284 876 1424 913 Deinde
1455 876 1722 927 praetermittens
1753 876 1805 922 id,
1838 878 1934 926 quod
1965 876 2127 915 servituti

1144 936 1347 986 oppositum
1375 943 1467 984 erat,
1488 935 1527 973 id
1543 945 1605 983 est,
1628 933 1804 988 spiritum
1826 937 2013 987 libertatis,
2031 937 2127 987 quod

1146 994 1260 1031 multo
1286 995 1402 1047 majus
1429 1004 1502 1033 erat
1522 996 1655 1048 posuit,
1686 997 1866 1047 Spiritum
1896 999 2124 1047 adoptionis,

1144 1068 1208 1106 per
1229 1068 1334 1104 quem
1351 1055 1497 1094 libertas
1515 1055 1739 1094 afferebatur.
1754 1057 1830 1094 Sed
1842 1059 2041 1106 accepistis
2052 1061 2127 1107 spi-

1146 1120 1262 1152 ritum
1277 1116 1494 1168 adoptionis
1501 1116 1694 1168 filiorum.
1711 1117 1781 1155 Sed
1798 1116 1866 1153 hoc
1881 1116 2027 1166 quidem
2048 1130 2126 1153 ma-

63 1173 124 1223 μὲν
143 1174 244 1218 δῆλον
261 1189 269 1197 ·
288 1173 327 1210 τὸ
345 1173 379 1212 δὲ
398 1178 537 1224 πνεῦμα
556 1177 619 1220 τῆς
649 1175 801 1218 δουλείας
818 1175 853 1213 τί
869 1174 956 1214 ποτέ
974 1177 1078 1223 ἐστιν,
1100 1186 1126 1217 Ε
1147 1174 1314 1212 nifestum
1331 1185 1400 1226 est,
1416 1176 1564 1228 spiritus
1583 1191 1668 1215 vero
1687 1177 1867 1215 servitutis
1883 1177 1971 1227 quid
1983 1177 2042 1227 sit,
2059 1190 2129 1214 non

61 1234 199 1281 ἄδηλον.
216 1236 350 1272 Οὐκοῦν
370 1237 557 1286 ἀναγκαῖον
574 1235 657 1273 αὐτὸ
682 1238 827 1282 ποιῆσαι
846 1235 1055 1288 σαφέστερον
1071 1251 1079 1259 ·

62 1293 136 1331 οὐδὲ
155 1293 222 1347 γὰρ
253 1294 384 1346 ἀσαφὲς
416 1295 530 1346 μόνον,
551 1294 640 1333 ἀλλὰ
657 1295 716 1333 καὶ
733 1296 865 1347 σφόδρα
883 1297 1012 1347 ἄπορον
1041 1296 1080 1335 τὸ

39 1399 48 1405 μ
62 1355 254 1408 εἰρημένον.
278 1357 426 1406 Πνεῦμα
456 1355 523 1409 γὰρ
553 1358 615 1394 οὐκ
641 1355 763 1394 ἔλαθεν
779 1359 796 1394 ὃ
816 1358 884 1394 τῶν
902 1357 1078 1395 Ἰουδαίων

62 1416 191 1465 δῆμος·
219 1415 254 1452 τί
274 1410 331 1454 οἶν
349 1417 495 1455 ἐνταῦθά
516 1432 627 1469 φησι,
659 1417 716 1455 Τὰ
745 1417 939 1469 γράμματα
971 1418 1079 1462 οὕτως

61 1477 236 1524 ἐκάλεσεν,
253 1477 370 1524 ἐπειδὴ
390 1477 609 1528 πνευματικὰ
634 1473 688 1524 ἦν,
716 1470 836 1531 ὥσπερ
864 1473 920 1517 οὖν
943 1479 1078 1518 καὶτὸν

61 1537 164 1586 νόμον
183 1538 428 1587 πνευματικὸν,
449 1537 508 1575 καὶ
525 1538 564 1576 τὸ
594 1538 686 1590 ὕδωρ
717 1537 755 1575 τὸ
774 1539 843 1576 ἀπὸ
861 1542 922 1585 τῆς
950 1539 1080 1592 πέτρας

1147 1234 1506 1289 liquet.Quapropter
1520 1251 1657 1275 necesse
1676 1247 1727 1275 est
1746 1237 1837 1275 illud
1855 1237 2032 1289 explicare
2047 1253 2054 1273 :
2069 1251 2129 1275 ne-

1148 1310 1217 1346 que
1246 1297 1341 1335 enim
1372 1299 1564 1336 obscurum
1595 1298 1818 1338 solummodo
1845 1309 1909 1349 est,
1937 1298 1998 1337 sed
2025 1298 2129 1336 etiam

1148 1357 1253 1396 valde
1270 1359 1616 1411 dubium.Spiritum
1634 1360 1728 1398 enim
1749 1374 1818 1398 non
1836 1360 1971 1412 accepit
1990 1359 2130 1400 Judaeo-

1148 1433 1228 1456 rum
1248 1420 1403 1472 populus
1419 1437 1426 1457 :
1445 1421 1533 1471 quid
1551 1435 1634 1474 ergo
1652 1422 1712 1459 hic
1732 1422 1810 1459 ait?
1829 1422 1966 1460 Litcras
1994 1422 2043 1459 ita
2064 1435 2128 1459 vo-

1148 1480 1255 1529 cavit,
1277 1481 1360 1530 qaiia
1380 1481 1580 1533 spirituales
1601 1491 1714 1533 erant,
1734 1491 1773 1520 ut
1791 1483 1897 1520 etiam
1918 1483 2033 1534 legem
2054 1482 2131 1534 spi-

1147 1539 1325 1589 ritualem,
1340 1550 1374 1578 et
1389 1555 1517 1591 aquam
1532 1556 1577 1580 ex
1593 1551 1690 1594 petra
1709 1552 1923 1591 manantem,
1940 1552 1973 1581 et
1992 1557 2131 1581 manna.

63 1598 122 1635 καὶ
153 1598 193 1635 τὸ
211 1597 340 1648 μάννα·
357 1598 492 1642 Πάντες
523 1599 609 1650 γὰρ,
642 1599 746 1650 φησὶ,
778 1599 817 1636 τὸ
851 1599 934 1638 αὐτὸ
955 1602 1081 1653 βρῶμα
1147 1602 1241 1639 Ν3111
1260 1602 1333 1639 ait:
1353 1604 1493 1640 Omnes
1521 1605 1697 1642 eamdem.
1717 1619 1845 1642 escam
1872 1607 2133 1644 manducave-
2151 1627 2178 1648 ι,
2193 1620 2266 1648 Cor.
2284 1629 2328 1648 ιο,

1149 1669 1254 1707 runt,
1273 1669 1310 1698 et
1327 1675 1456 1699 omnes
1475 1663 1648 1701 eumdem
1664 1672 1797 1714 potum
1820 1666 2058 1715 spiritualem
2080 1667 2133 1702 bi·
2146 1661 2176 1691 3·
2201 1662 2232 1698 4·

1150 1723 1297 1760 ber-unt.
1321 1722 1380 1760 Sic
1407 1723 1513 1761 etiam
1534 1732 1672 1775 petram
1700 1725 1920 1776 appellavit:
1943 1728 2133 1764 Bibebant
2147 1740 2225 1772 [bid.

1150 1790 1277 1820 autem
1294 1783 1341 1820 de
1353 1784 1546 1835 spirituali
1560 1794 1815 1836 consequente
1828 1799 1889 1824 eos
1903 1795 2026 1837 petra.
2040 1787 2132 1833 Quia
2169 1802 2173 1806 “

1148 1842 1243 1880 0111111
1276 1856 1384 1895 supra
1404 1852 1570 1881 naturam
1596 1844 1673 1881 haec
1700 1854 1813 1896 erant,
1836 1846 2036 1897 spiritualia
2057 1847 2133 1898 ipsa

1148 1903 1378 1953 vocavit,non
1393 1904 1490 1955 quod
1503 1904 1557 1942 illi
1569 1905 1630 1956 qui
1640 1905 1769 1943 horum
1778 1907 1968 1959 participes
1978 1908 2132 1954 fuerunt,

496 2016 516 2023 Ν
1092 2001 1138 2025 578
1149 1965 1326 2017 Spiritum
1339 1966 1566 2018 accepissent.
1585 1967 1634 2005 Et
1648 1969 1826 2019 quomodo
1844 1969 1954 2008 literae
1973 1970 2042 2008 illae
2061 1985 2132 2008 ser-

65 2036 160 2071 ματα
189 2024 300 2060 ἐκεῖνα
321 2021 475 2064 δουλείας
493 2026 534 2067 ἣν
557 2021 751 2073 γράμματα
767 2038 776 2069 3
798 2022 993 2074 Παράγαγε
1007 2029 1081 2060 πᾶ-
1103 2037 1129 2066 Α
1148 2027 1275 2067 vitutis
1296 2037 1395 2066 erant
1412 2028 1546 2067 literae?
1567 2029 1698 2067 Totam
1720 2029 1865 2068 illorum
1880 2031 1963 2071 vitae
1980 2032 2131 2070 formam

65 2098 128 2120 σαν
148 2081 210 2128 τὴν
238 2081 427 2128 πολιτείαν,
447 2081 506 2119 καὶ
524 2081 603 2119 τότε
627 2082 702 2133 εἴσῃ
738 2082 797 2120 καὶ
815 2085 917 2121 τοῦτο
948 2084 1079 2134 σαφῶς·
1147 2089 1316 2140 proferto,
1336 2098 1370 2128 et
1387 2097 1472 2127 tunc
1490 2089 1559 2128 1100
1580 2090 1672 2128 clare
1702 2091 1857 2130 videbis.
1882 2093 2026 2131 Etenim
2048 2108 2133 2146 sup-

1148 2150 1255 2202 plicia
1269 2150 1350 2189 illos
1366 2164 1384 2189 0
1397 2150 1546 2202 vestigio
1565 2151 1802 2204 excipiebant,
1814 2163 1848 2191 et
1866 2168 1998 2192 merces
2013 2155 2132 2193 statim

1147 2212 1372 2262 sequebatur,
1394 2226 1596 2250 mensuram
1617 2227 1717 2250 5113111
1732 2214 1879 2261 habens,
1903 2223 1937 2252 et
1954 2217 2055 2266 quasi
2073 2230 2136 2254 an-

1147 2287 1240 2311 nona
1258 2273 1466 2323 quotidiana
1484 2272 1687 2312 domesticis
1703 2274 1798 2324 data,
1810 2289 1960 2326 magnus
1977 2277 2135 2328 undique

1146 2333 1255 2371 timor
1270 2333 1317 2371 ob
1337 2333 1457 2372 oculos
1476 2333 1698 2385 versabatur,
1721 2344 1754 2372 et
1772 2334 1863 2373 circa
1880 2350 2027 2388 corpora
2047 2353 2135 2390 pur-

1148 2394 1304 2447 gationes
1319 2425 1329 2442 ‚
1360 2404 1393 2433 et
1412 2409 1522 2446 usque
1535 2395 1583 2433 ad
1603 2395 1757 2434 actiones
1781 2397 2005 2436 continentia.
2027 2400 2135 2451 Apud

64 1659 297 1708 πνευματικὸν
317 1658 456 1710 ἔφαγον,
476 1659 536 1696 καὶ
554 1659 680 1702 πάντες
702 1659 741 1697 τὸ
765 1659 848 1697 αὐτὸ
861 1659 958 1710 πόμα
978 1675 1080 1697 πνευ-

64 1719 207 1768 ματικὸν
228 1718 334 1758 ἔπιον.
365 1719 436 1757 Καὶ
460 1718 523 1766 τὴν
555 1718 685 1771 πέτραν
707 1719 741 1757 δὲ
771 1719 879 1763 οὕτως
899 1720 1079 1769 ὀνομάζει,

63 1777 172 1829 λέγων
193 1794 201 1802 ·
223 1778 373 1827 ῘΈπινον
409 1779 445 1817 δὲ
476 1781 515 1816 ἐκ
557 1783 797 1829 πνευματικῆς
829 1780 1083 1827 ἀκολουθούσης

62 1838 201 1891 πέτρας.
223 1841 368 1887 Ἐπειδὴ
396 1840 463 1893 γὰρ
482 1839 567 1892 ὑπὲρ
588 1839 688 1891 φύσιν
702 1835 743 1886 ἦν
762 1840 877 1878 πάντα
892 1840 937 1878 τὰ
962 1841 1084 1879 τελού-

64 1915 150 1950 μενα
161 1930 171 1948 ,
187 1900 406 1951 πνευματικὰ
429 1900 516 1939 αὐτὰ
532 1900 705 1948 ἐκάλεσεν,
721 1903 782 1938 οὐκ
797 1901 916 1948 ἐπειδὴ
936 1902 1082 1952 Πνεῦμα

62 1960 186 1998 ἔλαὸον
207 1964 238 1999 οἱ
258 1961 458 2012 μετέχοντες
475 1962 587 1998 αὐτῶν
609 1960 698 1998 τότε.
720 1961 788 1998 Καὶ
808 1964 881 2003 πῶς
901 1960 945 1999 τὰ
966 1961 1084 2013 γράμ·

64 2142 134 2180 Καὶ
165 2141 233 2194 γὰρ
254 2145 289 2180 αἱ
308 2142 475 2194 τιμωρίαι
491 2141 588 2194 παρὰ
608 2141 716 2185 πόδας
733 2145 847 2186 αὐτοῖς
862 2172 872 2190 ,
892 2142 951 2180 καὶ
977 2145 994 2180 ὃ
1018 2159 1081 2194 μι-

64 2204 142 2245 σθὸς
161 2203 284 2246 εὐθέως
306 2202 440 2250 εἵπετο,
462 2201 658 2255 σύμμετρός
677 2217 714 2240 τε
741 2202 788 2239 ὢν
808 2202 867 2240 καὶ
887 2202 1006 2255 ὥσπερ
1027 2219 1083 2242 σι·-

64 2263 220 2315 τηρέσιόν
232 2280 265 2301 τι
281 2263 511 2314 καθημερινὸν
528 2263 703 2313 διδόμενον
719 2263 868 2306 οἰκέταις
879 2293 889 2310 ,
905 2264 963 2301 καὶ
977 2263 1084 2308 πολὺς

64 2324 280 2376 πανταχόθεν
297 2328 314 2362 ὃ
331 2324 434 2376 φόὸος
449 2323 517 2375 πρὸ
532 2327 594 2370 τῆς
614 2324 723 2376 ὅψεως
738 2325 917 2375 ἀκμάζων,
931 2324 990 2363 καὶ
1004 2324 1084 2377 περὶ

61 2385 105 2424 τὰ
124 2385 272 2436 σώματα
306 2388 336 2424 οἱ
365 2385 560 2437 καθαρμοὶ,
583 2385 642 2423 καὶ
665 2385 770 2438 μέχρι
790 2388 859 2423 τῶν
879 2385 1039 2438 πράξεων
1060 2389 1080 2432 ἡ

64 2446 262 2498 ἐγκράτεια.
286 2445 392 2498 Παρὰ
422 2444 457 2483 δὲ
484 2450 568 2495 ἡμῖν
592 2447 655 2497 οὐχ
673 2445 781 2489 οὕτως
795 2476 805 2494 ,
825 2445 916 2484 ἀλλὰ
944 2446 1003 2484 καὶ
1022 2448 1081 2485 λο-

64 2506 187 2556 γισμὸς
200 2505 260 2544 καὶ
279 2506 429 2549 συνειδὸς
449 2505 713 2557 ἐκκαθαίρεται.
736 2508 788 2544 Οὐ
808 2506 877 2558 γὰρ
895 2506 1010 2557 λέγει,
1032 2506 1080 2557 μὴ

65 2566 244 2619 φονεύσῃς,
264 2567 378 2618 μόνον,
396 2566 500 2613 ἀλλὰ,
520 2568 607 2616 μηδὲ
624 2568 786 2619 ὀργισθῇς
799 2582 806 2591 ·
823 2567 901 2605 οὐδὲ
918 2598 926 2615 ,
943 2567 990 2617 μὴ
1009 2583 1083 2617 μοι·

64 2627 213 2679 χεύσῃς,
229 2627 319 2665 ἀλλὰ
335 2657 344 2674 ,
367 2627 454 2677 μηδὲ
474 2627 548 2677 ἴδῃς
568 2626 768 2669 ἀκολάστως
784 2642 790 2650 ·
812 2628 868 2664 ἵνα
888 2627 1014 2676 μηκέτι
1033 2628 1082 2678 τῷ

66 2688 162 2740 φόὸῳ
176 2691 237 2734 τῆς
255 2688 430 2730 κολάσεως
444 2689 506 2732 τῆς
524 2680 702 2739 παρούσης
719 2717 729 2734 ,
744 2686 833 2724 ἀλλὰ
852 2690 901 2738 τῷ
921 2686 1017 2738 πόθῳ
1033 2689 1082 2739 τῷ

65 2749 151 2799 πρὸς
185 2749 300 2795 αὐτὸν,
331 2748 371 2786 τό
389 2764 427 2786 τε
448 2749 483 2785 ἐν
502 2745 570 2791 ἕξει
588 2751 650 2794 τῆς
683 2749 808 2798 ἀρετῆς
842 2741 929 2785 εἶναι
960 2747 1019 2785 καὶ
1040 2746 1084 2785 τὰ

67 2809 156 2847 ἄλλα
173 2809 217 2847 τὰ
231 2808 489 2861 κατορθούμενα
506 2802 543 2859 ᾖ.
562 2807 653 2845 Οὐδὲ
673 2807 925 2858 ἐπαγγέλλεται
938 2810 1003 2858 γῆν
1025 2807 1084 2861 ῥέ-

66 2886 170 2909 ουσαν
188 2869 268 2921 μέλι
289 2869 348 2907 καὶ
375 2869 468 2920 γάλα
481 2897 491 2915 ,
512 2867 602 2906 ἀλλὰ
617 2870 666 2920 τῷ
685 2869 875 2919 Μονογενεῖ
892 2870 1084 2921 συγκληρο-

66 2932 170 2981 νόμον
193 2936 311 2978 ποιεῖ,
344 2931 413 2967 τῶν
446 2929 626 2981 παρόντων
647 2931 741 2979 ἡμᾶς
762 2927 821 2967 διὰ
842 2928 981 2967 πάντων
1005 2931 1084 2980 ἀφι-

67 2991 151 3035 στὰς
166 3022 175 3039 ,
198 2991 258 3029 καὶ
279 2992 393 3029 ἐκεῖνα
422 2990 576 3040 μάλιστα
606 2989 902 3041 ἐπαγγελλόμενος
931 2989 1084 3037 διδόναι,

69 3052 91 3089 ἃ
104 3057 174 3095 τοῖς
186 3050 382 3103 γενομένοις
395 3053 479 3093 υἱοῖς
486 3053 577 3090 Θεοῦ
590 3050 716 3104 πρέπει
731 3049 923 3100 λαμὸάνειν
937 3065 944 3073 ·
963 3051 1086 3097 αἰσθη-

68 3112 126 3149 τὸν
142 3111 202 3162 μὲν
216 3112 311 3150 οὐδὲν
323 3113 399 3150 οὐδὲ
414 3112 629 3162 σωματικὸν,
646 3110 866 3161 πνευματικὰ
880 3109 916 3147 δὲ
934 3110 1085 3149 ἅπαντα.

69 3170 180 3209 Ὥστε
195 3174 317 3210 ἐκεῖνοι
337 3173 397 3222 μὲν
419 3175 448 3211 εἰ
464 3173 522 3210 καὶ
541 3172 606 3210 υἱοὶ
628 3173 811 3209 ἐκαλοῦντο
823 3201 833 3219 ,
853 3172 929 3209 ἀλλ’
945 3174 992 3215 ὣς
1008 3172 1087 3208 δοῦ-

70 3239 124 3276 λοι
147 3254 153 3261 ·
175 3241 275 3289 ἡμεῖς
297 3238 332 3277 δὲ
361 3240 407 3281 ὡς
423 3238 593 3290 ἐλεύθεροι
612 3237 812 3289 γενόμενοι,
832 3237 893 3284 τὴν
915 3237 1085 3276 υἱοθεσίαν

115 3349 128 3364 ²
151 3340 248 3378 Haec,
266 3345 314 3373 καὶ
337 3345 395 3374 ἀπὸ
418 3347 475 3372 τῶν
500 3341 732 3385 amfleat-armi»,
758 3339 877 3372 desunt
897 3340 931 3372 in
952 3339 1069 3373 Morel.

70 3390 135 3422 Sed
153 3388 315 3423 habentur
334 3389 366 3423 in
381 3389 461 3423 aliis.
476 3391 581 3432 [Infra
595 3399 670 3433 post
687 3395 856 3434 μελλόντων
873 3393 950 3423 Α.οι
966 3403 1069 3434 marg.

1150 2470 1213 2494 nos
1241 2465 1359 2493 autem
1385 2470 1455 2493 non
1471 2455 1534 2505 510,
1551 2456 1613 2494 5οᾶ
1633 2465 1666 2494 et
1681 2457 1849 2508 cogitatio
1871 2467 1904 2496 et
1923 2460 2133 2498 conscientia

1149 2517 1416 2568 purgatur.Non
1431 2516 1525 2554 enim
1535 2516 1650 2554 solum
1661 2516 1824 2564 (111111,Νο
1837 2519 1976 2557 occidas
1979 2535 1991 2570 ,-
2003 2520 2116 2571 sed,N
2118 2536 2136 2559 e

1149 2576 1331 2626 irascari53
1347 2590 1422 2625 nec,
1438 2577 1492 2614 Ne
1507 2577 1707 2627 moecheris,
1725 2577 1797 2627 sed,
1814 2581 1866 2616 Ne
1879 2579 2011 2619 lascive
2025 2581 2134 2633 respi-

1151 2638 1222 2675 cias
1237 2653 1244 2674 :
1259 2646 1300 2675 ut
1322 2651 1365 2675 ne
1385 2637 1478 2674 ultra
1498 2651 1544 2675 ex
1563 2638 1689 2675 timore
1722 2640 1902 2689 praesentis
1928 2655 2055 2692 poenae,
2075 2641 2134 2679 scd

1150 2703 1196 2741 ob
1211 2703 1322 2755 ipsius
1340 2716 1496 2740 amorem
1509 2712 1584 2740 tum
1598 2702 1742 2741 virtutis
1755 2703 1898 2742 habitus
1919 2715 1995 2743 tum
2011 2716 2137 2746 caetcra

1150 2778 1243 2808 recte
1259 2770 1349 2807 faeta
1364 2767 1571 2821 procedant.
1590 2770 1663 2807 Nec
1675 2769 1853 2821 promittit
1872 2779 2002 2809 terram
2021 2773 2135 2810 fluen-

1152 2846 1223 2875 tem
1240 2837 1294 2874 lac
1322 2846 1355 2874 et
1379 2835 1466 2885 mel,
1488 2835 1550 2873 sed
1567 2836 1757 2888 Unigenito
1779 2837 1987 2876 coheredem
2007 2840 2131 2891 efficit,

1153 2902 1419 2956 apraesentibus
1438 2916 1501 2940 nos
1530 2916 1594 2954 per
1624 2903 1741 2941 omnia
1766 2903 1985 2954 abstrahens,
2013 2915 2046 2944 et
2073 2907 2134 2944 illa

1153 2969 1309 3007 maxime
1324 2967 1408 3006 dare
1427 2967 1610 3020 pollicens,
1631 2982 1707 3019 quae
1725 2969 1818 3007 filios
1837 2970 1902 3008 Dei
1918 2972 2062 3011 effectos
2077 2986 2136 3009 ac-

1154 3036 1269 3088 cipere
1287 3050 1352 3088 par
1371 3044 1421 3073 est
1432 3049 1443 3084 ;
1465 3033 1630 3073 sensibile
1649 3035 1706 3073 vel
1725 3049 1933 3088 corporeum
1954 3038 2059 3087 nihil,
2073 3039 2136 3077 sed

1156 3104 1274 3142 omnia
1303 3103 1517 3156 spiritualia.
1535 3104 1658 3153 Itaque
1676 3102 1743 3150 illi,
1769 3104 1832 3141 etsi
1851 3105 1919 3142 filii
1937 3106 2004 3144 Dei
2026 3120 2135 3144 voca-

1157 3180 1293 3221 rentur,
1306 3179 1342 3208 at
1357 3179 1395 3208 ut
1411 3169 1523 3219 servi;
1540 3182 1603 3207 nos
1623 3182 1704 3208 vero
1726 3179 1765 3207 ut
1779 3170 1883 3209 liberi
1901 3172 2029 3223 effecti,
2048 3173 2138 3212 ado-

1158 3238 1316 3290 ptionem
1344 3235 1557 3287 accepimus,
1585 3244 1618 3273 et
1646 3236 1771 3274 caelum
1785 3240 2141 3290 exspectamuszillis

1138 3339 1239 3373 Savil.
1258 3337 1388 3370 addunt
1404 3342 1528 3371 ἔσεσθαι.
1549 3338 1601 3369 Ita
1618 3336 1753 3380 legimus
1770 3349 1802 3380 p.
1823 3338 1896 3378 584,
1915 3339 1967 3381 R]

1183 3392 1199 3416 b
1223 3391 1283 3432 [A.
1303 3390 1511 3431 συνεισήγετο]
