<?xml version="1.0" encoding="UTF-8"?>
<!DOCTYPE html PUBLIC "-//W3C//DTD XHTML 1.0 Transitional//EN"
    "http://www.w3.org/TR/xhtml1/DTD/xhtml1-transitional.dtd">
<html xmlns="http://www.w3.org/1999/xhtml" xml:lang="en" lang="en">
 <head>
  <title>
</title>
<meta http-equiv="Content-Type" content="text/html;charset=utf-8" />
  <meta name='ocr-system' content='tesseract 3.04.00' />
  <meta name='ocr-capabilities' content='ocr_page ocr_carea ocr_par ocr_line ocrx_word'/>
</head>
<body>
  <div class='ocr_page' id='page_1' title='image "./operaomniaquaeex09johnuoft/operaomniaquaeex09johnuoft_0115.png"; bbox 0 0 2466 3805; ppageno 0'>
   <div class='ocr_carea' id='block_1_1' title="bbox 776 210 2358 960">
    <p class='ocr_par' dir='ltr' id='par_1_1' title="bbox 776 210 2152 584">
     <span class='ocr_line' id='line_1_1' title="bbox 776 210 2145 268; baseline -0.01 -7"><span class='ocrx_word' id='word_1_1' title='bbox 776 231 889 261; x_wconf 74' lang='lat' dir='ltr'><strong>ACTA</strong></span> <span class='ocrx_word' id='word_1_2' title='bbox 924 210 1270 259; x_wconf 60' lang='lat' dir='ltr'><em>,iposroronmr</em></span> <span class='ocrx_word' id='word_1_3' title='bbox 1309 224 1464 254; x_wconf 60' lang='lat' dir='ltr'><em>nonu„</em></span> <span class='ocrx_word' id='word_1_4' title='bbox 1504 225 1550 253; x_wconf 85' lang='lat' dir='ltr'><em>x.</em></span> <span class='ocrx_word' id='word_1_5' title='bbox 2087 224 2145 268; x_wconf 66' lang='lat'><em>97</em></span> 
     </span>
     <span class='ocr_line' id='line_1_2' title="bbox 1173 303 2150 357; baseline -0.004 -14"><span class='ocrx_word' id='word_1_6' title='bbox 1173 321 1240 357; x_wconf 83' lang='lat' dir='ltr'><em>que</em></span> <span class='ocrx_word' id='word_1_7' title='bbox 1259 304 1439 343; x_wconf 78' lang='lat' dir='ltr'><em>adducunt</em></span> <span class='ocrx_word' id='word_1_8' title='bbox 1458 318 1515 342; x_wconf 83' lang='lat' dir='ltr'><em>eos</em></span> <span class='ocrx_word' id='word_1_9' title='bbox 1529 303 1574 342; x_wconf 82' lang='lat' dir='ltr'><em>ad</em></span> <span class='ocrx_word' id='word_1_10' title='bbox 1595 303 1750 341; x_wconf 78' lang='lat' dir='ltr'>Pilatum</span> <span class='ocrx_word' id='word_1_11' title='bbox 1767 332 1775 350; x_wconf 90' lang='lat'><strong><em>7</em></strong></span> <span class='ocrx_word' id='word_1_12' title='bbox 1802 303 1963 339; x_wconf 83' lang='lat' dir='ltr'><em>timentes</em></span> <span class='ocrx_word' id='word_1_13' title='bbox 1981 316 2021 339; x_wconf 74' lang='lat' dir='ltr'><em>ac</em></span> <span class='ocrx_word' id='word_1_14' title='bbox 2035 303 2150 353; x_wconf 82' lang='lat' dir='ltr'><em>suspi-</em></span> 
     </span>
     <span class='ocr_line' id='line_1_3' title="bbox 1166 362 2149 418; baseline -0.006 -13"><span class='ocrx_word' id='word_1_15' title='bbox 1166 376 1284 405; x_wconf 83' lang='lat' dir='ltr'>cantes</span> <span class='ocrx_word' id='word_1_16' title='bbox 1299 375 1444 418; x_wconf 85' lang='lat' dir='ltr'><em>propter</em></span> <span class='ocrx_word' id='word_1_17' title='bbox 1460 365 1579 418; x_wconf 83' lang='lat' dir='ltr'><em>priora</em></span> <span class='ocrx_word' id='word_1_18' title='bbox 1590 394 1601 415; x_wconf 96' lang='lat'><strong><em>7</em></strong></span> <span class='ocrx_word' id='word_1_19' title='bbox 1616 378 1656 402; x_wconf 83' lang='lat' dir='ltr'><em>ac</em></span> <span class='ocrx_word' id='word_1_20' title='bbox 1672 378 1715 402; x_wconf 87' lang='lat' dir='ltr'><em>nc</em></span> <span class='ocrx_word' id='word_1_21' title='bbox 1727 363 1771 401; x_wconf 90' lang='lat' dir='ltr'><em>de</em></span> <span class='ocrx_word' id='word_1_22' title='bbox 1784 363 1828 400; x_wconf 91' lang='lat' dir='ltr'><em>iis</em></span> <span class='ocrx_word' id='word_1_23' title='bbox 1845 362 2149 413; x_wconf 82' lang='lat' dir='ltr'><em>redarguerentur.</em></span> 
     </span>
     <span class='ocr_line' id='line_1_4' title="bbox 1166 427 2150 474; baseline -0.007 -9"><span class='ocrx_word' id='word_1_24' title='bbox 1166 430 1333 465; x_wconf 81' lang='lat' dir='ltr'><em>Factum</em></span> <span class='ocrx_word' id='word_1_25' title='bbox 1348 435 1403 464; x_wconf 84' lang='lat' dir='ltr'><em>est</em></span> <span class='ocrx_word' id='word_1_26' title='bbox 1423 434 1552 464; x_wconf 84' lang='lat' dir='ltr'><em>autem</em></span> <span class='ocrx_word' id='word_1_27' title='bbox 1569 428 1611 462; x_wconf 89' lang='lat' dir='ltr'><em>in</em></span> <span class='ocrx_word' id='word_1_28' title='bbox 1627 427 1860 470; x_wconf 79' lang='lat' dir='ltr'><em>crastinum,</em></span> <span class='ocrx_word' id='word_1_29' title='bbox 1880 431 1923 461; x_wconf 87' lang='lat' dir='ltr'><em>ut</em></span> <span class='ocrx_word' id='word_1_30' title='bbox 1939 436 2150 474; x_wconf 79' lang='lat' dir='ltr'><em>congrega-</em></span> 
     </span>
     <span class='ocr_line' id='line_1_5' title="bbox 1166 482 2152 536; baseline -0.007 -13"><span class='ocrx_word' id='word_1_31' title='bbox 1166 493 1299 523; x_wconf 81' lang='lat' dir='ltr'><em>rentur</em></span> <span class='ocrx_word' id='word_1_32' title='bbox 1314 486 1504 536; x_wconf 81' lang='lat' dir='ltr'><em>principes</em></span> <span class='ocrx_word' id='word_1_33' title='bbox 1521 496 1651 521; x_wconf 87' lang='lat' dir='ltr'><em>eorum</em></span> <span class='ocrx_word' id='word_1_34' title='bbox 1667 491 1701 520; x_wconf 83' lang='lat' dir='ltr'><em>et</em></span> <span class='ocrx_word' id='word_1_35' title='bbox 1722 485 1889 521; x_wconf 81' lang='lat' dir='ltr'><em>seniores</em></span> <span class='ocrx_word' id='word_1_36' title='bbox 1906 489 1941 518; x_wconf 82' lang='lat' dir='ltr'><em>et</em></span> <span class='ocrx_word' id='word_1_37' title='bbox 1958 482 2092 519; x_wconf 79' lang='lat' dir='ltr'><em>scribce</em></span> <span class='ocrx_word' id='word_1_38' title='bbox 2110 482 2152 516; x_wconf 88' lang='lat' dir='ltr'><em>in</em></span> 
     </span>
     <span class='ocr_line' id='line_1_6' title="bbox 1164 546 1399 584; baseline -0.009 0"><span class='ocrx_word' id='word_1_39' title='bbox 1164 546 1399 584; x_wconf 82' lang='lat' dir='ltr'><em>Jerusalem.</em></span> 
     </span>
    </p>

    <p class='ocr_par' dir='ltr' id='par_1_2' title="bbox 1162 601 2358 960">
     <span class='ocr_line' id='line_1_7' title="bbox 1215 601 2150 656; baseline -0.007 -11"><span class='ocrx_word' id='word_1_40' title='bbox 1215 608 1251 645; x_wconf 83' lang='lat'><em>5.</em></span> <span class='ocrx_word' id='word_1_41' title='bbox 1280 608 1418 644; x_wconf 85' lang='lat' dir='ltr'><em>Rursus</em></span> <span class='ocrx_word' id='word_1_42' title='bbox 1440 605 1587 643; x_wconf 84' lang='lat' dir='ltr'><em>concilia</em></span> <span class='ocrx_word' id='word_1_43' title='bbox 1609 603 1838 656; x_wconf 85' lang='lat' dir='ltr'><em>Jerosolymis</em></span> <span class='ocrx_word' id='word_1_44' title='bbox 1854 632 1865 653; x_wconf 97' lang='lat'><strong><em>7</em></strong></span> <span class='ocrx_word' id='word_1_45' title='bbox 1882 611 1916 640; x_wconf 88' lang='lat' dir='ltr'><em>et</em></span> <span class='ocrx_word' id='word_1_46' title='bbox 1934 602 1987 640; x_wconf 89' lang='lat' dir='ltr'><em>ibi</em></span> <span class='ocrx_word' id='word_1_47' title='bbox 2005 601 2150 653; x_wconf 80' lang='lat' dir='ltr'><em>sanguis</em></span> 
     </span>
     <span class='ocr_line' id='line_1_8' title="bbox 1162 664 2155 719; baseline -0.004 -13"><span class='ocrx_word' id='word_1_48' title='bbox 1162 668 1379 717; x_wconf 77' lang='lat' dir='ltr'><em>effunditur-3</em></span> <span class='ocrx_word' id='word_1_49' title='bbox 1400 682 1512 719; x_wconf 85' lang='lat' dir='ltr'><em>neque</em></span> <span class='ocrx_word' id='word_1_50' title='bbox 1530 668 1655 705; x_wconf 86' lang='lat' dir='ltr'><em>urbem</em></span> <span class='ocrx_word' id='word_1_51' title='bbox 1675 666 1819 705; x_wconf 80' lang='lat' dir='ltr'><em>reveriti</em></span> <span class='ocrx_word' id='word_1_52' title='bbox 1834 675 1927 704; x_wconf 90' lang='lat' dir='ltr'><em>sunt.</em></span> <span class='ocrx_word' id='word_1_53' title='bbox 1948 668 2087 715; x_wconf 83' lang='lat' dir='ltr'><em>Annas,</em></span> <span class='ocrx_word' id='word_1_54' title='bbox 2102 664 2155 702; x_wconf 90' lang='lat' dir='ltr'><em>in-</em></span> 
     </span>
     <span class='ocr_line' id='line_1_9' title="bbox 1164 727 2354 781; baseline -0.003 -14"><span class='ocrx_word' id='word_1_55' title='bbox 1164 731 1240 780; x_wconf 86' lang='lat' dir='ltr'><em>quit</em></span> <span class='ocrx_word' id='word_1_56' title='bbox 1255 759 1263 776; x_wconf 89' lang='lat'>,</span> <span class='ocrx_word' id='word_1_57' title='bbox 1295 739 1328 767; x_wconf 83' lang='lat' dir='ltr'><em>et</em></span> <span class='ocrx_word' id='word_1_58' title='bbox 1348 730 1513 781; x_wconf 82' lang='lat' dir='ltr'><em>Caiphas</em></span> <span class='ocrx_word' id='word_1_59' title='bbox 1541 729 1658 779; x_wconf 87' lang='lat' dir='ltr'><em>Hujus</em></span> <span class='ocrx_word' id='word_1_60' title='bbox 1688 742 1769 766; x_wconf 62' lang='lat' dir='ltr'><em>seio</em></span> <span class='ocrx_word' id='word_1_61' title='bbox 1802 742 1846 765; x_wconf 87' lang='lat' dir='ltr'><em>ne</em></span> <span class='ocrx_word' id='word_1_62' title='bbox 1873 727 2042 765; x_wconf 84' lang='lat' dir='ltr'>ancillam</span> <span class='ocrx_word' id='word_1_63' title='bbox 2070 728 2150 778; x_wconf 87' lang='lat' dir='ltr'><em>qui-</em></span> <span class='ocrx_word' id='word_1_64' title='bbox 2168 737 2281 766; x_wconf 78' lang='lat' dir='ltr'><em>Mauh.</em></span> <span class='ocrx_word' id='word_1_65' title='bbox 2302 736 2354 767; x_wconf 87' lang='lat'><em>26.</em></span> 
     </span>
     <span class='ocr_line' id='line_1_10' title="bbox 1162 786 2220 840; baseline 0 -14"><span class='ocrx_word' id='word_1_66' title='bbox 1162 789 1266 826; x_wconf 90' lang='lat' dir='ltr'><em>dem</em></span> <span class='ocrx_word' id='word_1_67' title='bbox 1257 797 1530 840; x_wconf 80' lang='lat' dir='ltr'><em>interrogantem</em></span> <span class='ocrx_word' id='word_1_68' title='bbox 1547 788 1712 825; x_wconf 87' lang='lat' dir='ltr'>sustinuit</span> <span class='ocrx_word' id='word_1_69' title='bbox 1726 790 1870 825; x_wconf 83' lang='lat' dir='ltr'><em>Pet1·:us</em></span> <span class='ocrx_word' id='word_1_70' title='bbox 1886 789 1952 825; x_wconf 88' lang='lat' dir='ltr'><em>sub</em></span> <span class='ocrx_word' id='word_1_71' title='bbox 1967 788 2035 826; x_wconf 88' lang='lat' dir='ltr'><em>hoc</em></span> <span class='ocrx_word' id='word_1_72' title='bbox 2049 799 2181 840; x_wconf 81' lang='lat' dir='ltr'><em>nega-</em></span> <span class='ocrx_word' id='word_1_73' title='bbox 2169 786 2220 816; x_wconf 79' lang='lat'><em>7·⁰</em></span> 
     </span>
     <span class='ocr_line' id='line_1_11' title="bbox 1164 847 2153 898; baseline 0 -12"><span class='ocrx_word' id='word_1_74' title='bbox 1164 864 1186 886; x_wconf 67' lang='lat' dir='ltr'>x</span> <span class='ocrx_word' id='word_1_75' title='bbox 1189 858 1279 898; x_wconf 83' lang='lat' dir='ltr'><em>erat7</em></span> <span class='ocrx_word' id='word_1_76' title='bbox 1293 849 1381 886; x_wconf 91' lang='lat' dir='ltr'><em>dum</em></span> <span class='ocrx_word' id='word_1_77' title='bbox 1397 849 1488 885; x_wconf 84' lang='lat' dir='ltr'><em>alius</em></span> <span class='ocrx_word' id='word_1_78' title='bbox 1504 847 1726 885; x_wconf 21' lang='lat' dir='ltr'><em>detineiffetur</em></span> <span class='ocrx_word' id='word_1_79' title='bbox 1742 848 1846 884; x_wconf 89' lang='lat' dir='ltr'><em>Nunc</em></span> <span class='ocrx_word' id='word_1_80' title='bbox 1864 862 1944 885; x_wconf 70' lang='grc' dir='ltr'>ιριο</span> <span class='ocrx_word' id='word_1_81' title='bbox 1960 848 1996 885; x_wconf 93' lang='lat' dir='ltr'><em>in</em></span> <span class='ocrx_word' id='word_1_82' title='bbox 2016 849 2153 886; x_wconf 88' lang='lat' dir='ltr'><em>medios</em></span> 
     </span>
     <span class='ocr_line' id='line_1_12' title="bbox 1165 907 2358 960; baseline -0.001 -14"><span class='ocrx_word' id='word_1_83' title='bbox 1165 909 1245 946; x_wconf 92' lang='lat' dir='ltr'><em>illos</em></span> <span class='ocrx_word' id='word_1_84' title='bbox 1270 922 1478 960; x_wconf 80' lang='lat' dir='ltr'><em>erumpens,</em></span> <span class='ocrx_word' id='word_1_85' title='bbox 1497 908 1582 947; x_wconf 58' lang='lat' dir='ltr'><em>ride</em></span> <span class='ocrx_word' id='word_1_86' title='bbox 1613 907 1790 957; x_wconf 83' lang='lat' dir='ltr'><em>quomodo</em></span> <span class='ocrx_word' id='word_1_87' title='bbox 1821 907 2000 956; x_wconf 81' lang='lat' dir='ltr'><em>loquatur.</em></span> <span class='ocrx_word' id='word_1_88' title='bbox 2016 909 2056 946; x_wconf 89' lang='lat' dir='ltr'><em>Si</em></span> <span class='ocrx_word' id='word_1_89' title='bbox 2085 923 2154 947; x_wconf 84' lang='lat' dir='ltr'><em>nos</em></span> <span class='ocrx_word' id='word_1_90' title='bbox 2168 924 2248 950; x_wconf 72' lang='lat' dir='ltr'><em>Petri</em></span> <span class='ocrx_word' id='word_1_91' title='bbox 2287 932 2358 951; x_wconf 70' lang='lat' dir='ltr'>con-</span> 
     </span>
    </p>
   </div>
   <div class='ocr_carea' id='block_1_2' title="bbox 1167 966 2283 1020">
    <p class='ocr_par' dir='ltr' id='par_1_3' title="bbox 1167 966 2283 1020">
     <span class='ocr_line' id='line_1_13' title="bbox 1167 966 2283 1020; baseline -0.002 -15"><span class='ocrx_word' id='word_1_92' title='bbox 1167 969 1281 1006; x_wconf 80' lang='lat' dir='ltr'><em>]iodie</em></span> <span class='ocrx_word' id='word_1_93' title='bbox 1297 970 1560 1020; x_wconf 71' lang='lat' dir='ltr'><em>dijudicamur</em></span> <span class='ocrx_word' id='word_1_94' title='bbox 1578 971 1620 1002; x_wconf 86' lang='lat' dir='ltr'><em>in</em></span> <span class='ocrx_word' id='word_1_95' title='bbox 1642 969 1844 1017; x_wconf 80' lang='lat' dir='ltr'><em>benefacto</em></span> <span class='ocrx_word' id='word_1_96' title='bbox 1862 968 2030 1004; x_wconf 81' lang='lat' dir='ltr'><em>hominis</em></span> <span class='ocrx_word' id='word_1_97' title='bbox 2047 969 2155 1020; x_wconf 82' lang='lat' dir='ltr'><em>infir·</em></span> <span class='ocrx_word' id='word_1_98' title='bbox 2169 966 2283 991; x_wconf 60' lang='lat' dir='ltr'><em>”³⁰¹1ss-</em></span> 
     </span>
    </p>
   </div>
   <div class='ocr_carea' id='block_1_3' title="bbox 694 234 737 262">
    <p class='ocr_par' dir='ltr' id='par_1_4' title="bbox 694 234 737 262">
     <span class='ocr_line' id='line_1_14' title="bbox 694 234 737 262; baseline 0.023 -1"><span class='ocrx_word' id='word_1_99' title='bbox 694 234 737 262; x_wconf 66' lang='lat' dir='ltr'><em>lh·</em></span> 
     </span>
    </p>
   </div>
   <div class='ocr_carea' id='block_1_4' title="bbox 75 311 1091 427">
    <p class='ocr_par' dir='ltr' id='par_1_5' title="bbox 75 311 1091 427">
     <span class='ocr_line' id='line_1_15' title="bbox 75 311 1091 366; baseline -0.008 -12"><span class='ocrx_word' id='word_1_100' title='bbox 75 316 110 354; x_wconf 77' lang='grc' dir='ltr'><em>δὲ</em></span> <span class='ocrx_word' id='word_1_101' title='bbox 129 316 185 353; x_wconf 76' lang='grc' dir='ltr'><em>ἐπὶ</em></span> <span class='ocrx_word' id='word_1_102' title='bbox 217 315 278 362; x_wconf 88' lang='grc' dir='ltr'><em>τὴν</em></span> <span class='ocrx_word' id='word_1_103' title='bbox 300 314 414 366; x_wconf 80' lang='grc' dir='ltr'>αὔριον</span> <span class='ocrx_word' id='word_1_104' title='bbox 436 315 648 365; x_wconf 69' lang='grc' dir='ltr'>συναχθῆναι</span> <span class='ocrx_word' id='word_1_105' title='bbox 680 315 789 351; x_wconf 79' lang='grc' dir='ltr'>αὐτῶν</span> <span class='ocrx_word' id='word_1_106' title='bbox 820 311 896 355; x_wconf 79' lang='grc' dir='ltr'>τοὺς</span> <span class='ocrx_word' id='word_1_107' title='bbox 923 311 1091 362; x_wconf 70' lang='grc' dir='ltr'>ἄρχοντας</span> 
     </span>
     <span class='ocr_line' id='line_1_16' title="bbox 75 371 1037 427; baseline -0.006 -13"><span class='ocrx_word' id='word_1_108' title='bbox 75 377 132 414; x_wconf 81' lang='grc' dir='ltr'><em>καὶ</em></span> <span class='ocrx_word' id='word_1_109' title='bbox 162 374 409 427; x_wconf 67' lang='grc' dir='ltr'>πρεσὸυτέρους</span> <span class='ocrx_word' id='word_1_110' title='bbox 428 374 486 412; x_wconf 83' lang='grc' dir='ltr'><em>καὶ</em></span> <span class='ocrx_word' id='word_1_111' title='bbox 507 378 725 426; x_wconf 77' lang='grc' dir='ltr'>γραμματεῖς</span> <span class='ocrx_word' id='word_1_112' title='bbox 743 376 775 412; x_wconf 85' lang='grc' dir='ltr'><em>ἐν</em></span> <span class='ocrx_word' id='word_1_113' title='bbox 796 371 1037 426; x_wconf 79' lang='grc' dir='ltr'>Ἰερουσαλήμ.</span> 
     </span>
    </p>
   </div>
   <div class='ocr_carea' id='block_1_5' title="bbox 71 616 1092 1034">
    <p class='ocr_par' dir='ltr' id='par_1_6' title="bbox 71 616 1092 1033">
     <span class='ocr_line' id='line_1_17' title="bbox 124 616 1092 671; baseline -0.004 -14"><span class='ocrx_word' id='word_1_114' title='bbox 124 619 239 657; x_wconf 86' lang='grc' dir='ltr'>Πάλιν</span> <span class='ocrx_word' id='word_1_115' title='bbox 260 619 419 671; x_wconf 71' lang='grc' dir='ltr'>συνέδρια</span> <span class='ocrx_word' id='word_1_116' title='bbox 436 621 469 657; x_wconf 80' lang='grc' dir='ltr'><em>ἐν</em></span> <span class='ocrx_word' id='word_1_117' title='bbox 485 618 756 670; x_wconf 76' lang='grc' dir='ltr'>Ἱεροσολύμοις,</span> <span class='ocrx_word' id='word_1_118' title='bbox 782 618 840 655; x_wconf 85' lang='grc' dir='ltr'><em>καὶ</em></span> <span class='ocrx_word' id='word_1_119' title='bbox 863 620 934 655; x_wconf 84' lang='grc' dir='ltr'>ἐκεῖ</span> <span class='ocrx_word' id='word_1_120' title='bbox 960 616 1003 654; x_wconf 82' lang='grc' dir='ltr'><em>τὰ</em></span> <span class='ocrx_word' id='word_1_121' title='bbox 1039 616 1092 654; x_wconf 76' lang='grc' dir='ltr'><em>αἵ·</em></span> 
     </span>
     <span class='ocr_line' id='line_1_18' title="bbox 75 677 1090 732; baseline -0.005 -14"><span class='ocrx_word' id='word_1_122' title='bbox 75 696 169 731; x_wconf 89' lang='grc' dir='ltr'>ματα</span> <span class='ocrx_word' id='word_1_123' title='bbox 188 682 366 732; x_wconf 77' lang='grc' dir='ltr'>ἐκχεῖται,</span> <span class='ocrx_word' id='word_1_124' title='bbox 389 679 465 717; x_wconf 78' lang='grc' dir='ltr'>οὐδὲ</span> <span class='ocrx_word' id='word_1_125' title='bbox 502 679 564 726; x_wconf 81' lang='grc' dir='ltr'><em>τὴν</em></span> <span class='ocrx_word' id='word_1_126' title='bbox 592 679 692 718; x_wconf 89' lang='grc' dir='ltr'>πόλιν</span> <span class='ocrx_word' id='word_1_127' title='bbox 713 678 922 730; x_wconf 72' lang='grc' dir='ltr'>ᾐδέσθησαν.</span> <span class='ocrx_word' id='word_1_128' title='bbox 944 677 1064 719; x_wconf 81' lang='grc' dir='ltr'>Ἄννας</span> <span class='ocrx_word' id='word_1_129' title='bbox 1081 706 1090 724; x_wconf 87' lang='grc'>,</span> 
     </span>
     <span class='ocr_line' id='line_1_19' title="bbox 72 737 1091 810; baseline -0.007 -31"><span class='ocrx_word' id='word_1_130' title='bbox 72 740 174 792; x_wconf 78' lang='grc' dir='ltr'>φησὶ,</span> <span class='ocrx_word' id='word_1_131' title='bbox 191 757 250 779; x_wconf 83' lang='grc' dir='ltr'><em>και</em></span> <span class='ocrx_word' id='word_1_132' title='bbox 272 740 443 792; x_wconf 69' lang='grc' dir='ltr'>Καιάφας.</span> <span class='ocrx_word' id='word_1_133' title='bbox 460 740 592 778; x_wconf 83' lang='grc' dir='ltr'>Τούτου</span> <span class='ocrx_word' id='word_1_134' title='bbox 605 739 681 778; x_wconf 80' lang='grc' dir='ltr'>οὐδὲ</span> <span class='ocrx_word' id='word_1_135' title='bbox 696 739 758 785; x_wconf 77' lang='grc' dir='ltr'><em>τὴν</em></span> <span class='ocrx_word' id='word_1_136' title='bbox 773 737 923 784; x_wconf 81' lang='grc' dir='ltr'>δούλην’</span> <span class='ocrx_word' id='word_1_137' title='bbox 909 740 1091 810; x_wconf 85' lang='grc' dir='ltr'>ερωτῶσαν</span> 
     </span>
     <span class='ocr_line' id='line_1_20' title="bbox 72 798 1090 854; baseline -0.004 -16"><span class='ocrx_word' id='word_1_138' title='bbox 72 803 214 852; x_wconf 76' lang='grc' dir='ltr'>ἤνεγκεν</span> <span class='ocrx_word' id='word_1_139' title='bbox 234 805 251 840; x_wconf 85' lang='grc' dir='ltr'><strong><em>ὃ</em></strong></span> <span class='ocrx_word' id='word_1_140' title='bbox 272 802 348 839; x_wconf 81' lang='grc' dir='ltr'><em>Πέτ</em></span> <span class='ocrx_word' id='word_1_141' title='bbox 336 818 466 854; x_wconf 81' lang='grc' dir='ltr'>ρος,ε</span> <span class='ocrx_word' id='word_1_142' title='bbox 451 801 508 839; x_wconf 81' lang='grc' dir='ltr'><em>ἐπι</em></span> <span class='ocrx_word' id='word_1_143' title='bbox 524 800 644 838; x_wconf 75' lang='grc' dir='ltr'>τούτου</span> <span class='ocrx_word' id='word_1_144' title='bbox 666 799 860 851; x_wconf 82' lang='grc' dir='ltr'>ἠρνησατο,</span> <span class='ocrx_word' id='word_1_145' title='bbox 879 798 995 849; x_wconf 80' lang='grc' dir='ltr'>ἑτέρου</span> <span class='ocrx_word' id='word_1_146' title='bbox 1020 813 1090 835; x_wconf 84' lang='grc' dir='ltr'><em>κα-</em></span> 
     </span>
     <span class='ocr_line' id='line_1_21' title="bbox 71 856 1090 913; baseline -0.007 -13"><span class='ocrx_word' id='word_1_147' title='bbox 71 862 309 913; x_wconf 75' lang='grc' dir='ltr'>τασχεθέντος.</span> <span class='ocrx_word' id='word_1_148' title='bbox 339 862 424 900; x_wconf 59' lang='lat' dir='ltr'><em>Num</em></span> <span class='ocrx_word' id='word_1_149' title='bbox 460 860 494 898; x_wconf 68' lang='grc' dir='ltr'><em>δὲ</em></span> <span class='ocrx_word' id='word_1_150' title='bbox 523 863 569 901; x_wconf 72' lang='grc' dir='ltr'><em>εἷς</em></span> <span class='ocrx_word' id='word_1_151' title='bbox 601 875 725 911; x_wconf 89' lang='grc' dir='ltr'>μεσους</span> <span class='ocrx_word' id='word_1_152' title='bbox 746 857 869 900; x_wconf 79' lang='grc' dir='ltr'>αὐτους</span> <span class='ocrx_word' id='word_1_153' title='bbox 890 856 1090 909; x_wconf 82' lang='grc' dir='ltr'>παρελθὼν,</span> 
     </span>
     <span class='ocr_line' id='line_1_22' title="bbox 73 918 1092 975; baseline -0.006 -16"><span class='ocrx_word' id='word_1_154' title='bbox 73 938 135 975; x_wconf 88' lang='grc' dir='ltr'><em>ορα</em></span> <span class='ocrx_word' id='word_1_155' title='bbox 155 939 227 965; x_wconf 75' lang='grc' dir='ltr'><em>πως</em></span> <span class='ocrx_word' id='word_1_156' title='bbox 248 921 443 974; x_wconf 75' lang='grc' dir='ltr'>φθέγγεται.</span> <span class='ocrx_word' id='word_1_157' title='bbox 466 923 509 958; x_wconf 82' lang='grc' dir='ltr'><em>Εἰ</em></span> <span class='ocrx_word' id='word_1_158' title='bbox 529 924 630 970; x_wconf 68' lang='grc' dir='ltr'>ἡμεῖς</span> <span class='ocrx_word' id='word_1_159' title='bbox 646 918 935 970; x_wconf 84' lang='grc' dir='ltr'>ἀνακρινόμεθα</span> <span class='ocrx_word' id='word_1_160' title='bbox 920 933 976 955; x_wconf 90' lang='grc' dir='ltr'><em>επι</em></span> <span class='ocrx_word' id='word_1_161' title='bbox 999 918 1092 968; x_wconf 72' lang='grc' dir='ltr'>εὐερ-</span> 
     </span>
     <span class='ocr_line' id='line_1_23' title="bbox 72 979 1091 1034; baseline -0.008 -13.927"><span class='ocrx_word' id='word_1_162' title='bbox 72 982 171 1034; x_wconf 75' lang='grc' dir='ltr'>γεσία</span> <span class='ocrx_word' id='word_1_163' title='bbox 191 981 370 1034; x_wconf 81' lang='grc' dir='ltr'>ἀνθρώπου</span> <span class='ocrx_word' id='word_1_164' title='bbox 388 984 599 1027; x_wconf 58' lang='grc' dir='ltr'><em>ἀσθενοῦς,31</em></span> <span class='ocrx_word' id='word_1_165' title='bbox 603 982 641 1017; x_wconf 88' lang='grc' dir='ltr'><em>ἐν</em></span> <span class='ocrx_word' id='word_1_166' title='bbox 671 979 736 1016; x_wconf 89' lang='grc' dir='ltr'>τίνι</span> <span class='ocrx_word' id='word_1_167' title='bbox 768 981 864 1020; x_wconf 88' lang='grc' dir='ltr'>ουτος</span> <span class='ocrx_word' id='word_1_168' title='bbox 895 991 1091 1022; x_wconf 85' lang='grc' dir='ltr'>σεσωσται,</span> 
     </span>
    </p>
   </div>
   <div class='ocr_carea' id='block_1_6' title="bbox 71 1037 1095 1338">
    <p class='ocr_par' dir='ltr' id='par_1_7' title="bbox 71 1037 1095 1338">
     <span class='ocr_line' id='line_1_24' title="bbox 73 1037 1093 1095; baseline -0.009 -13"><span class='ocrx_word' id='word_1_169' title='bbox 73 1044 223 1095; x_wconf 80' lang='grc' dir='ltr'>γνωστὸν</span> <span class='ocrx_word' id='word_1_170' title='bbox 244 1043 332 1080; x_wconf 76' lang='grc' dir='ltr'>ἔστι)</span> <span class='ocrx_word' id='word_1_171' title='bbox 358 1058 462 1081; x_wconf 89' lang='grc' dir='ltr'>πασιν</span> <span class='ocrx_word' id='word_1_172' title='bbox 481 1043 648 1092; x_wconf 87' lang='grc' dir='ltr'>υμῖν.οἱ</span> <span class='ocrx_word' id='word_1_173' title='bbox 677 1042 733 1086; x_wconf 86' lang='grc' dir='ltr'><em>δε,</em></span> <span class='ocrx_word' id='word_1_174' title='bbox 753 1039 813 1077; x_wconf 84' lang='grc' dir='ltr'>Ἐν</span> <span class='ocrx_word' id='word_1_175' title='bbox 834 1037 922 1089; x_wconf 85' lang='grc' dir='ltr'>ποίι)</span> <span class='ocrx_word' id='word_1_176' title='bbox 948 1037 1093 1087; x_wconf 85' lang='grc' dir='ltr'>ὀνόματι</span> 
     </span>
     <span class='ocr_line' id='line_1_25' title="bbox 71 1097 1092 1153; baseline -0.009 -10"><span class='ocrx_word' id='word_1_177' title='bbox 71 1105 274 1151; x_wconf 78' lang='grc' dir='ltr'>ἐποιήσατε,</span> <span class='ocrx_word' id='word_1_178' title='bbox 294 1103 444 1153; x_wconf 80' lang='grc' dir='ltr'>λέγουσι,</span> <span class='ocrx_word' id='word_1_179' title='bbox 463 1108 581 1151; x_wconf 70' lang='grc' dir='ltr'>τοῦτο,</span> <span class='ocrx_word' id='word_1_180' title='bbox 601 1101 653 1140; x_wconf 82' lang='grc' dir='ltr'><em>Τὸ</em></span> <span class='ocrx_word' id='word_1_181' title='bbox 668 1106 763 1138; x_wconf 90' lang='grc' dir='ltr'>ποῖον</span> <span class='ocrx_word' id='word_1_182' title='bbox 780 1099 836 1137; x_wconf 80' lang='grc' dir='ltr'>διὰ</span> <span class='ocrx_word' id='word_1_183' title='bbox 846 1098 880 1136; x_wconf 86' lang='grc' dir='ltr'><em>τί</em></span> <span class='ocrx_word' id='word_1_184' title='bbox 897 1097 945 1149; x_wconf 84' lang='grc' dir='ltr'><em>μὴ</em></span> <span class='ocrx_word' id='word_1_185' title='bbox 962 1098 1092 1149; x_wconf 82' lang='grc' dir='ltr'>λέγεις,</span> 
     </span>
     <span class='ocr_line' id='line_1_26' title="bbox 72 1158 1095 1214; baseline -0.007 -11"><span class='ocrx_word' id='word_1_186' title='bbox 72 1165 161 1203; x_wconf 84' lang='grc' dir='ltr'>ἀλλὰ</span> <span class='ocrx_word' id='word_1_187' title='bbox 188 1164 401 1211; x_wconf 79' lang='grc' dir='ltr'>συσκιάζεις;</span> <span class='ocrx_word' id='word_1_188' title='bbox 419 1164 480 1202; x_wconf 88' lang='grc' dir='ltr'>Εν</span> <span class='ocrx_word' id='word_1_189' title='bbox 502 1163 591 1214; x_wconf 85' lang='grc' dir='ltr'>ποίῳ</span> <span class='ocrx_word' id='word_1_190' title='bbox 613 1161 758 1212; x_wconf 85' lang='grc' dir='ltr'>ὀνόματι</span> <span class='ocrx_word' id='word_1_191' title='bbox 791 1158 979 1205; x_wconf 85' lang='grc' dir='ltr'>ἐποιησατε</span> <span class='ocrx_word' id='word_1_192' title='bbox 996 1173 1095 1197; x_wconf 89' lang='grc' dir='ltr'>τουτο</span> 
     </span>
     <span class='ocr_line' id='line_1_27' title="bbox 71 1219 1095 1275; baseline -0.004 -13"><span class='ocrx_word' id='word_1_193' title='bbox 71 1225 272 1275; x_wconf 80' lang='grc' dir='ltr'>ὑμεῖς;Καὶ</span> <span class='ocrx_word' id='word_1_194' title='bbox 302 1241 370 1275; x_wconf 71' lang='grc' dir='ltr'><em>αην</em></span> <span class='ocrx_word' id='word_1_195' title='bbox 398 1223 534 1275; x_wconf 84' lang='grc' dir='ltr'>ἔλεγεν,</span> <span class='ocrx_word' id='word_1_196' title='bbox 561 1223 615 1262; x_wconf 85' lang='grc' dir='ltr'><em>οτι</em></span> <span class='ocrx_word' id='word_1_197' title='bbox 649 1237 713 1273; x_wconf 78' lang='grc' dir='ltr'>ουχ</span> <span class='ocrx_word' id='word_1_198' title='bbox 747 1223 847 1270; x_wconf 82' lang='grc' dir='ltr'>ἡμεῖς</span> <span class='ocrx_word' id='word_1_199' title='bbox 868 1219 1095 1269; x_wconf 87' lang='grc' dir='ltr'>ἐποιησαμεν.</span> 
     </span>
     <span class='ocr_line' id='line_1_28' title="bbox 71 1280 1094 1338; baseline -0.007 -13.903"><span class='ocrx_word' id='word_1_200' title='bbox 71 1286 164 1338; x_wconf 59' lang='lat' dir='ltr'><em>“Ope</em></span> <span class='ocrx_word' id='word_1_201' title='bbox 181 1285 340 1324; x_wconf 83' lang='grc' dir='ltr'>σύνεσιν·</span> <span class='ocrx_word' id='word_1_202' title='bbox 370 1287 433 1323; x_wconf 77' lang='grc' dir='ltr'><em>οὐκ</em></span> <span class='ocrx_word' id='word_1_203' title='bbox 465 1289 558 1323; x_wconf 82' lang='grc' dir='ltr'>εἶπεν</span> <span class='ocrx_word' id='word_1_204' title='bbox 578 1283 722 1329; x_wconf 74' lang='grc' dir='ltr'>εὐθέως,</span> <span class='ocrx_word' id='word_1_205' title='bbox 742 1282 795 1320; x_wconf 81' lang='grc' dir='ltr'><em>ὅτι</em></span> <span class='ocrx_word' id='word_1_206' title='bbox 820 1283 853 1319; x_wconf 91' lang='grc' dir='ltr'><em>ἐν</em></span> <span class='ocrx_word' id='word_1_207' title='bbox 870 1298 919 1319; x_wconf 81' lang='grc' dir='ltr'><em>τι)</em></span> <span class='ocrx_word' id='word_1_208' title='bbox 948 1280 1094 1332; x_wconf 81' lang='grc' dir='ltr'>ὀνόματι</span> 
     </span>
    </p>
   </div>
   <div class='ocr_carea' id='block_1_7' title="bbox 70 1342 1112 1396">
    <p class='ocr_par' dir='ltr' id='par_1_8' title="bbox 70 1342 1112 1396">
     <span class='ocr_line' id='line_1_29' title="bbox 70 1342 1112 1396; baseline -0.005 -11"><span class='ocrx_word' id='word_1_209' title='bbox 70 1362 129 1385; x_wconf 86' lang='grc' dir='ltr'><em>του</em></span> <span class='ocrx_word' id='word_1_210' title='bbox 148 1346 263 1393; x_wconf 85' lang='grc' dir='ltr'>Ιησου</span> <span class='ocrx_word' id='word_1_211' title='bbox 290 1346 524 1396; x_wconf 79' lang='grc' dir='ltr'>ἐποιήσαμεν·</span> <span class='ocrx_word' id='word_1_212' title='bbox 545 1343 634 1383; x_wconf 81' lang='grc' dir='ltr'>ἀλλὰ</span> <span class='ocrx_word' id='word_1_213' title='bbox 651 1343 705 1391; x_wconf 81' lang='grc' dir='ltr'><em>τί;</em></span> <span class='ocrx_word' id='word_1_214' title='bbox 726 1343 787 1380; x_wconf 86' lang='grc' dir='ltr'>Ἐν</span> <span class='ocrx_word' id='word_1_215' title='bbox 803 1358 853 1380; x_wconf 79' lang='grc' dir='ltr'><em>τι)</em></span> <span class='ocrx_word' id='word_1_216' title='bbox 869 1342 1014 1392; x_wconf 77' lang='grc' dir='ltr'>ὀνόματι</span> <span class='ocrx_word' id='word_1_217' title='bbox 1037 1344 1112 1380; x_wconf 59' lang='lat' dir='ltr'><em>ab·-</em></span> 
     </span>
    </p>
   </div>
   <div class='ocr_carea' id='block_1_8' title="bbox 67 1401 1094 2964">
    <p class='ocr_par' dir='ltr' id='par_1_9' title="bbox 67 1401 1094 2964">
     <span class='ocr_line' id='line_1_30' title="bbox 69 1401 1093 1457; baseline -0.003 -14"><span class='ocrx_word' id='word_1_218' title='bbox 69 1411 129 1444; x_wconf 78' lang='grc' dir='ltr'><em>τοῦ</em></span> <span class='ocrx_word' id='word_1_219' title='bbox 165 1401 262 1450; x_wconf 62' lang='grc' dir='ltr'>οὗτος</span> <span class='ocrx_word' id='word_1_220' title='bbox 297 1406 514 1457; x_wconf 77' lang='grc' dir='ltr'>παρέστηκεν</span> <span class='ocrx_word' id='word_1_221' title='bbox 536 1404 679 1444; x_wconf 83' lang='grc' dir='ltr'>ἐνώπιον</span> <span class='ocrx_word' id='word_1_222' title='bbox 695 1407 793 1454; x_wconf 79' lang='grc' dir='ltr'>ὑμῶν</span> <span class='ocrx_word' id='word_1_223' title='bbox 811 1403 920 1454; x_wconf 77' lang='grc' dir='ltr'>ὑγιής.</span> <span class='ocrx_word' id='word_1_224' title='bbox 953 1403 1024 1441; x_wconf 86' lang='grc' dir='ltr'><em>Καὶ</em></span> <span class='ocrx_word' id='word_1_225' title='bbox 1056 1406 1093 1440; x_wconf 85' lang='grc' dir='ltr'><em>οὐ</em></span> 
     </span>
     <span class='ocr_line' id='line_1_31' title="bbox 69 1464 1094 1519; baseline -0.004 -14"><span class='ocrx_word' id='word_1_226' title='bbox 69 1467 179 1519; x_wconf 81' lang='grc' dir='ltr'>λέγει,</span> <span class='ocrx_word' id='word_1_227' title='bbox 212 1467 346 1519; x_wconf 80' lang='grc' dir='ltr'>ἐγένετο</span> <span class='ocrx_word' id='word_1_228' title='bbox 361 1469 417 1519; x_wconf 76' lang='grc' dir='ltr'><em>ὑφ’</em></span> <span class='ocrx_word' id='word_1_229' title='bbox 439 1470 539 1517; x_wconf 78' lang='grc' dir='ltr'>ἡμῶν</span> <span class='ocrx_word' id='word_1_230' title='bbox 555 1466 664 1517; x_wconf 77' lang='grc' dir='ltr'>ὗγιής.</span> <span class='ocrx_word' id='word_1_231' title='bbox 685 1465 755 1503; x_wconf 79' lang='grc' dir='ltr'><em>Καὶ</em></span> <span class='ocrx_word' id='word_1_232' title='bbox 776 1464 902 1511; x_wconf 83' lang='grc' dir='ltr'>πάλιν,</span> <span class='ocrx_word' id='word_1_233' title='bbox 921 1466 966 1503; x_wconf 86' lang='grc' dir='ltr'><em>Εἰ</em></span> <span class='ocrx_word' id='word_1_234' title='bbox 991 1468 1094 1514; x_wconf 76' lang='grc' dir='ltr'>ἡμεῖς</span> 
     </span>
     <span class='ocr_line' id='line_1_32' title="bbox 69 1525 1092 1580; baseline -0.002 -14"><span class='ocrx_word' id='word_1_235' title='bbox 69 1528 321 1580; x_wconf 80' lang='grc' dir='ltr'>ἀνακρινόμεθα</span> <span class='ocrx_word' id='word_1_236' title='bbox 335 1528 392 1566; x_wconf 82' lang='grc' dir='ltr'><em>ἐπὶ</em></span> <span class='ocrx_word' id='word_1_237' title='bbox 406 1527 581 1579; x_wconf 74' lang='grc' dir='ltr'>εὐεργεσίᾳ</span> <span class='ocrx_word' id='word_1_238' title='bbox 598 1525 778 1577; x_wconf 82' lang='grc' dir='ltr'>ἀνθρώπου</span> <span class='ocrx_word' id='word_1_239' title='bbox 791 1528 961 1569; x_wconf 70' lang='grc' dir='ltr'>ἀσθενοῦς.</span> <span class='ocrx_word' id='word_1_240' title='bbox 973 1525 1092 1573; x_wconf 76' lang='grc' dir='ltr'>Πλήτ-</span> 
     </span>
     <span class='ocr_line' id='line_1_33' title="bbox 68 1586 1091 1640; baseline -0.002 -13"><span class='ocrx_word' id='word_1_241' title='bbox 68 1605 119 1627; x_wconf 88' lang='grc' dir='ltr'><em>τει</em></span> <span class='ocrx_word' id='word_1_242' title='bbox 140 1590 260 1632; x_wconf 77' lang='grc' dir='ltr'>αὐτοὺς</span> <span class='ocrx_word' id='word_1_243' title='bbox 284 1593 330 1632; x_wconf 82' lang='grc' dir='ltr'><em>ὣς</em></span> <span class='ocrx_word' id='word_1_244' title='bbox 355 1589 408 1627; x_wconf 81' lang='grc' dir='ltr'><em>ἀεὶ</em></span> <span class='ocrx_word' id='word_1_245' title='bbox 432 1594 578 1627; x_wconf 73' lang='grc' dir='ltr'>τοιαῦτα</span> <span class='ocrx_word' id='word_1_246' title='bbox 598 1589 829 1639; x_wconf 78' lang='grc' dir='ltr'>ἐγκαλοῦντας</span> <span class='ocrx_word' id='word_1_247' title='bbox 842 1614 851 1632; x_wconf 87' lang='grc'>,</span> <span class='ocrx_word' id='word_1_248' title='bbox 878 1586 937 1624; x_wconf 81' lang='grc' dir='ltr'><em>καὶ</em></span> <span class='ocrx_word' id='word_1_249' title='bbox 958 1588 1091 1640; x_wconf 78' lang='grc' dir='ltr'>εὐεργε-</span> 
     </span>
     <span class='ocr_line' id='line_1_34' title="bbox 68 1647 1088 1704; baseline -0.004 -15"><span class='ocrx_word' id='word_1_250' title='bbox 68 1651 159 1695; x_wconf 88' lang='grc' dir='ltr'>σίαις</span> <span class='ocrx_word' id='word_1_251' title='bbox 175 1650 363 1704; x_wconf 84' lang='grc' dir='ltr'>ἀνθρώπων</span> <span class='ocrx_word' id='word_1_252' title='bbox 386 1649 625 1701; x_wconf 73' lang='grc' dir='ltr'>μεμφομένους</span> <span class='ocrx_word' id='word_1_253' title='bbox 639 1664 646 1671; x_wconf 94' lang='grc'>·</span> <span class='ocrx_word' id='word_1_254' title='bbox 667 1647 726 1686; x_wconf 81' lang='grc' dir='ltr'><em>καὶ</em></span> <span class='ocrx_word' id='word_1_255' title='bbox 743 1647 1002 1698; x_wconf 77' lang='grc' dir='ltr'><em>ἀναμιμνήσκει</em></span> <span class='ocrx_word' id='word_1_256' title='bbox 1020 1651 1088 1701; x_wconf 72' lang='grc' dir='ltr'><em>τῷν</em></span> 
     </span>
     <span class='ocr_line' id='line_1_35' title="bbox 68 1708 1088 1764; baseline -0.003 -15"><span class='ocrx_word' id='word_1_257' title='bbox 68 1711 260 1764; x_wconf 77' lang='grc' dir='ltr'>προτέρων,</span> <span class='ocrx_word' id='word_1_258' title='bbox 279 1710 330 1748; x_wconf 83' lang='grc' dir='ltr'><em>ὅτι</em></span> <span class='ocrx_word' id='word_1_259' title='bbox 346 1710 443 1748; x_wconf 81' lang='grc' dir='ltr'>αὐτοὶ</span> <span class='ocrx_word' id='word_1_260' title='bbox 462 1709 517 1747; x_wconf 77' lang='grc' dir='ltr'><em>ἐπὶ</em></span> <span class='ocrx_word' id='word_1_261' title='bbox 533 1709 651 1762; x_wconf 76' lang='grc' dir='ltr'>φόνους</span> <span class='ocrx_word' id='word_1_262' title='bbox 667 1708 849 1760; x_wconf 78' lang='grc' dir='ltr'>τρέχουσι·</span> <span class='ocrx_word' id='word_1_263' title='bbox 865 1708 924 1745; x_wconf 78' lang='grc' dir='ltr'><em>καὶ</em></span> <span class='ocrx_word' id='word_1_264' title='bbox 938 1710 975 1746; x_wconf 84' lang='grc' dir='ltr'><em>οὐ</em></span> <span class='ocrx_word' id='word_1_265' title='bbox 988 1711 1088 1746; x_wconf 67' lang='grc' dir='ltr'>τοῦτο</span> 
     </span>
     <span class='ocr_line' id='line_1_36' title="bbox 69 1767 1086 1822; baseline -0.007 -11"><span class='ocrx_word' id='word_1_266' title='bbox 69 1772 185 1822; x_wconf 84' lang='grc' dir='ltr'>μόνον,</span> <span class='ocrx_word' id='word_1_267' title='bbox 207 1771 296 1810; x_wconf 76' lang='grc' dir='ltr'>ἀλλὰ</span> <span class='ocrx_word' id='word_1_268' title='bbox 324 1770 382 1808; x_wconf 75' lang='grc' dir='ltr'><em>καὶ</em></span> <span class='ocrx_word' id='word_1_269' title='bbox 412 1770 469 1808; x_wconf 83' lang='grc' dir='ltr'><em>ἐπὶ</em></span> <span class='ocrx_word' id='word_1_270' title='bbox 493 1769 701 1821; x_wconf 77' lang='grc' dir='ltr'>εὐεργεσίαις</span> <span class='ocrx_word' id='word_1_271' title='bbox 720 1770 937 1819; x_wconf 72' lang='grc' dir='ltr'>ἐγκαλοῦσιν.</span> <span class='ocrx_word' id='word_1_272' title='bbox 957 1767 1086 1821; x_wconf 38' lang='grc' dir='ltr'><em>εΟρδιίς,</em></span> 
     </span>
     <span class='ocr_line' id='line_1_37' title="bbox 67 1829 1087 1884; baseline -0.005 -13"><span class='ocrx_word' id='word_1_273' title='bbox 67 1836 141 1876; x_wconf 79' lang='grc' dir='ltr'><em>πῶς</em></span> <span class='ocrx_word' id='word_1_274' title='bbox 170 1833 243 1884; x_wconf 75' lang='grc' dir='ltr'>ἔχει</span> <span class='ocrx_word' id='word_1_275' title='bbox 265 1833 304 1870; x_wconf 83' lang='grc' dir='ltr'><em>τὸ</em></span> <span class='ocrx_word' id='word_1_276' title='bbox 337 1831 424 1884; x_wconf 77' lang='grc' dir='ltr'>βαρὺ</span> <span class='ocrx_word' id='word_1_277' title='bbox 453 1831 511 1869; x_wconf 83' lang='grc' dir='ltr'><em>καὶ</em></span> <span class='ocrx_word' id='word_1_278' title='bbox 536 1831 580 1868; x_wconf 84' lang='grc' dir='ltr'><em>τὰ</em></span> <span class='ocrx_word' id='word_1_279' title='bbox 609 1830 770 1882; x_wconf 78' lang='grc' dir='ltr'>ῥήματα;</span> <span class='ocrx_word' id='word_1_280' title='bbox 791 1830 852 1867; x_wconf 82' lang='grc' dir='ltr'>Ἐν</span> <span class='ocrx_word' id='word_1_281' title='bbox 871 1829 1002 1872; x_wconf 81' lang='grc' dir='ltr'>τούτοις</span> <span class='ocrx_word' id='word_1_282' title='bbox 1021 1829 1087 1881; x_wconf 87' lang='grc' dir='ltr'>γὰρ</span> 
     </span>
     <span class='ocr_line' id='line_1_38' title="bbox 68 1885 1088 1944; baseline -0.004 -12"><span class='ocrx_word' id='word_1_283' title='bbox 68 1895 296 1944; x_wconf 67' lang='grc' dir='ltr'>ἐγυμνάζοντο</span> <span class='ocrx_word' id='word_1_284' title='bbox 313 1923 321 1940; x_wconf 87' lang='grc'>,</span> <span class='ocrx_word' id='word_1_285' title='bbox 341 1893 400 1931; x_wconf 83' lang='grc' dir='ltr'><em>καὶ</em></span> <span class='ocrx_word' id='word_1_286' title='bbox 419 1892 538 1930; x_wconf 81' lang='grc' dir='ltr'>λοιπὸν</span> <span class='ocrx_word' id='word_1_287' title='bbox 555 1890 819 1936; x_wconf 83' lang='grc' dir='ltr'>ἀκατάπληκτοι</span> <span class='ocrx_word' id='word_1_288' title='bbox 838 1885 941 1936; x_wconf 68' lang='grc' dir='ltr'>ἦσαν.</span> <span class='ocrx_word' id='word_1_289' title='bbox 962 1889 1022 1934; x_wconf 80' lang='grc' dir='ltr'><em>Ἐξ</em></span> <span class='ocrx_word' id='word_1_290' title='bbox 1041 1886 1088 1928; x_wconf 61' lang='grc' dir='ltr'>ὧν</span> 
     </span>
     <span class='ocr_line' id='line_1_39' title="bbox 69 1950 1089 2002; baseline -0.005 -10"><span class='ocrx_word' id='word_1_291' title='bbox 69 1954 237 1992; x_wconf 82' lang='grc' dir='ltr'>δείκνυσιν</span> <span class='ocrx_word' id='word_1_292' title='bbox 255 1957 369 1996; x_wconf 80' lang='grc' dir='ltr'>αὐτοῖς</span> <span class='ocrx_word' id='word_1_293' title='bbox 383 1983 392 2000; x_wconf 87' lang='grc'>,</span> <span class='ocrx_word' id='word_1_294' title='bbox 412 1953 465 1991; x_wconf 74' lang='grc' dir='ltr'><em>ὅτι</em></span> <span class='ocrx_word' id='word_1_295' title='bbox 481 1952 576 1990; x_wconf 78' lang='grc' dir='ltr'>αὐτοὶ</span> <span class='ocrx_word' id='word_1_296' title='bbox 598 1953 728 2001; x_wconf 76' lang='grc' dir='ltr'>μᾶλλον</span> <span class='ocrx_word' id='word_1_297' title='bbox 743 1950 971 2002; x_wconf 80' lang='grc' dir='ltr'>κηρύττουσιν</span> <span class='ocrx_word' id='word_1_298' title='bbox 991 1951 1089 1989; x_wconf 81' lang='grc' dir='ltr'>ἄκον-</span> 
     </span>
     <span class='ocr_line' id='line_1_40' title="bbox 69 2011 1088 2068; baseline -0.004 -14"><span class='ocrx_word' id='word_1_299' title='bbox 69 2032 124 2060; x_wconf 89' lang='grc' dir='ltr'><em>τες</em></span> <span class='ocrx_word' id='word_1_300' title='bbox 139 2017 195 2054; x_wconf 82' lang='grc' dir='ltr'><em>τὸν</em></span> <span class='ocrx_word' id='word_1_301' title='bbox 224 2015 388 2068; x_wconf 81' lang='grc' dir='ltr'>Χριστὸν,</span> <span class='ocrx_word' id='word_1_302' title='bbox 404 2013 463 2052; x_wconf 70' lang='grc' dir='ltr'><em>καὶ</em></span> <span class='ocrx_word' id='word_1_303' title='bbox 493 2013 590 2050; x_wconf 77' lang='grc' dir='ltr'>αὐτοὶ</span> <span class='ocrx_word' id='word_1_304' title='bbox 620 2011 659 2050; x_wconf 80' lang='grc' dir='ltr'><em>τὸ</em></span> <span class='ocrx_word' id='word_1_305' title='bbox 687 2011 800 2062; x_wconf 77' lang='grc' dir='ltr'>δόγμα</span> <span class='ocrx_word' id='word_1_306' title='bbox 827 2011 1028 2063; x_wconf 84' lang='grc' dir='ltr'>ἐπαίρουσιν</span> <span class='ocrx_word' id='word_1_307' title='bbox 1057 2015 1088 2051; x_wconf 78' lang='grc' dir='ltr'><em>οἱ</em></span> 
     </span>
     <span class='ocr_line' id='line_1_41' title="bbox 71 2071 1087 2129; baseline -0.002 -15"><span class='ocrx_word' id='word_1_308' title='bbox 71 2077 307 2129; x_wconf 82' lang='grc' dir='ltr'>ἀνακρίνοντες</span> <span class='ocrx_word' id='word_1_309' title='bbox 324 2075 383 2112; x_wconf 75' lang='grc' dir='ltr'><em>καὶ</em></span> <span class='ocrx_word' id='word_1_310' title='bbox 399 2073 620 2118; x_wconf 80' lang='grc' dir='ltr'>ἐξετάζοντες.</span> <span class='ocrx_word' id='word_1_311' title='bbox 635 2071 702 2110; x_wconf 56' lang='grc' dir='ltr'><em>0Ον</em></span> <span class='ocrx_word' id='word_1_312' title='bbox 719 2076 815 2122; x_wconf 75' lang='grc' dir='ltr'>ὑμεῖς</span> <span class='ocrx_word' id='word_1_313' title='bbox 833 2071 1087 2123; x_wconf 83' lang='grc' dir='ltr'>ἐσταυρώσατε.</span> 
     </span>
     <span class='ocr_line' id='line_1_42' title="bbox 70 2133 1087 2188; baseline -0.003 -14"><span class='ocrx_word' id='word_1_314' title='bbox 70 2137 185 2174; x_wconf 55' lang='lat' dir='ltr'><em>Remeat</em></span> <span class='ocrx_word' id='word_1_315' title='bbox 204 2141 264 2183; x_wconf 75' lang='grc' dir='ltr'><em>τῆς</em></span> <span class='ocrx_word' id='word_1_316' title='bbox 280 2134 485 2188; x_wconf 72' lang='grc' dir='ltr'>παρρησίας.</span> <span class='ocrx_word' id='word_1_317' title='bbox 507 2135 610 2172; x_wconf 71' lang='lat' dir='ltr'><em>⁰‘Ov</em></span> <span class='ocrx_word' id='word_1_318' title='bbox 598 2151 615 2172; x_wconf 91' lang='grc' dir='ltr'>ο</span> <span class='ocrx_word' id='word_1_319' title='bbox 631 2133 760 2176; x_wconf 76' lang='grc' dir='ltr'>Θεὸς”</span> <span class='ocrx_word' id='word_1_320' title='bbox 737 2148 874 2185; x_wconf 84' lang='grc' dir='ltr'>ηγειρεν</span> <span class='ocrx_word' id='word_1_321' title='bbox 891 2135 930 2171; x_wconf 86' lang='grc' dir='ltr'>ἐκ</span> <span class='ocrx_word' id='word_1_322' title='bbox 945 2136 1087 2184; x_wconf 79' lang='grc' dir='ltr'>νεκρῶν.</span> 
     </span>
     <span class='ocr_line' id='line_1_43' title="bbox 69 2191 1087 2246; baseline -0.007 -9.938"><span class='ocrx_word' id='word_1_323' title='bbox 69 2200 182 2236; x_wconf 68' lang='grc' dir='ltr'>Τοῦτο</span> <span class='ocrx_word' id='word_1_324' title='bbox 201 2197 304 2235; x_wconf 83' lang='grc' dir='ltr'>πάλιν</span> <span class='ocrx_word' id='word_1_325' title='bbox 325 2195 476 2246; x_wconf 83' lang='grc' dir='ltr'>μείζονος</span> <span class='ocrx_word' id='word_1_326' title='bbox 494 2193 807 2246; x_wconf 84' lang='grc' dir='ltr'>ἐλευθεροστομίας.</span> <span class='ocrx_word' id='word_1_327' title='bbox 833 2192 882 2230; x_wconf 57' lang='lat' dir='ltr'><em>“O</em></span> <span class='ocrx_word' id='word_1_328' title='bbox 899 2192 1012 2230; x_wconf 66' lang='grc' dir='ltr'>τοίνυν</span> <span class='ocrx_word' id='word_1_329' title='bbox 1030 2191 1087 2230; x_wconf 58' lang='grc' dir='ltr'><em>λέὲ</em></span> 
     </span>
     <span class='ocr_line' id='line_1_44' title="bbox 70 2252 1087 2308; baseline -0.005 -12"><span class='ocrx_word' id='word_1_330' title='bbox 70 2274 143 2308; x_wconf 80' lang='grc' dir='ltr'>γει,</span> <span class='ocrx_word' id='word_1_331' title='bbox 162 2257 261 2296; x_wconf 77' lang='grc' dir='ltr'>τοῦτό</span> <span class='ocrx_word' id='word_1_332' title='bbox 280 2259 371 2294; x_wconf 85' lang='grc' dir='ltr'>ἐστι·</span> <span class='ocrx_word' id='word_1_333' title='bbox 389 2255 436 2306; x_wconf 88' lang='grc' dir='ltr'><em>μὴ</em></span> <span class='ocrx_word' id='word_1_334' title='bbox 449 2255 633 2305; x_wconf 80' lang='grc' dir='ltr'>νομίσητε,</span> <span class='ocrx_word' id='word_1_335' title='bbox 648 2252 700 2291; x_wconf 78' lang='grc' dir='ltr'><em>ὅτι</em></span> <span class='ocrx_word' id='word_1_336' title='bbox 714 2254 757 2291; x_wconf 84' lang='grc' dir='ltr'><em>τὰ</em></span> <span class='ocrx_word' id='word_1_337' title='bbox 773 2253 990 2292; x_wconf 77' lang='grc' dir='ltr'>ἐπονείδιστα</span> <span class='ocrx_word' id='word_1_338' title='bbox 1009 2253 1087 2304; x_wconf 81' lang='grc' dir='ltr'>κρύ-</span> 
     </span>
     <span class='ocr_line' id='line_1_45' title="bbox 69 2314 1086 2368; baseline -0.005 -12"><span class='ocrx_word' id='word_1_339' title='bbox 69 2334 198 2368; x_wconf 88' lang='grc' dir='ltr'>πτομεν</span> <span class='ocrx_word' id='word_1_340' title='bbox 211 2334 219 2342; x_wconf 89' lang='grc'>·</span> <span class='ocrx_word' id='word_1_341' title='bbox 235 2322 394 2356; x_wconf 80' lang='grc' dir='ltr'>τοσοῦτον</span> <span class='ocrx_word' id='word_1_342' title='bbox 415 2317 592 2368; x_wconf 74' lang='grc' dir='ltr'>ἀπέχομεν</span> <span class='ocrx_word' id='word_1_343' title='bbox 613 2315 818 2362; x_wconf 75' lang='grc' dir='ltr'>συσκιάσαι,</span> <span class='ocrx_word' id='word_1_344' title='bbox 839 2314 890 2352; x_wconf 82' lang='grc' dir='ltr'><em>ὅτι</em></span> <span class='ocrx_word' id='word_1_345' title='bbox 917 2314 976 2352; x_wconf 83' lang='grc' dir='ltr'><em>καὶ</em></span> <span class='ocrx_word' id='word_1_346' title='bbox 990 2316 1086 2366; x_wconf 74' lang='grc' dir='ltr'>παῤ-</span> 
     </span>
     <span class='ocr_line' id='line_1_46' title="bbox 69 2374 1087 2431; baseline -0.004 -14"><span class='ocrx_word' id='word_1_347' title='bbox 69 2377 314 2431; x_wconf 81' lang='grc' dir='ltr'>ρησιαζόμεθα.</span> <span class='ocrx_word' id='word_1_348' title='bbox 332 2380 455 2416; x_wconf 79' lang='grc' dir='ltr'>Ταῦτα</span> <span class='ocrx_word' id='word_1_349' title='bbox 470 2376 650 2428; x_wconf 79' lang='grc' dir='ltr'>μονονουχὶ</span> <span class='ocrx_word' id='word_1_350' title='bbox 665 2374 837 2419; x_wconf 81' lang='grc' dir='ltr'>ὀνειδίζων</span> <span class='ocrx_word' id='word_1_351' title='bbox 854 2376 967 2418; x_wconf 77' lang='grc' dir='ltr'>αὐτοῖς</span> <span class='ocrx_word' id='word_1_352' title='bbox 980 2374 1087 2427; x_wconf 80' lang='grc' dir='ltr'>λέγει,</span> 
     </span>
     <span class='ocr_line' id='line_1_47' title="bbox 68 2432 1087 2491; baseline -0.002 -14"><span class='ocrx_word' id='word_1_353' title='bbox 68 2440 126 2477; x_wconf 84' lang='grc' dir='ltr'><em>καὶ</em></span> <span class='ocrx_word' id='word_1_354' title='bbox 145 2440 209 2491; x_wconf 67' lang='grc' dir='ltr'><em>οὐχ</em></span> <span class='ocrx_word' id='word_1_355' title='bbox 222 2440 340 2482; x_wconf 81' lang='grc' dir='ltr'>ἁπλῶς</span> <span class='ocrx_word' id='word_1_356' title='bbox 351 2467 361 2485; x_wconf 91' lang='grc'>,</span> <span class='ocrx_word' id='word_1_357' title='bbox 380 2437 469 2475; x_wconf 81' lang='grc' dir='ltr'>ἀλλὰ</span> <span class='ocrx_word' id='word_1_358' title='bbox 487 2438 548 2475; x_wconf 82' lang='grc' dir='ltr'><em>καὶ</em></span> <span class='ocrx_word' id='word_1_359' title='bbox 565 2435 771 2490; x_wconf 63' lang='grc' dir='ltr'>ἐνδιατρίὲει</span> <span class='ocrx_word' id='word_1_360' title='bbox 784 2438 833 2488; x_wconf 77' lang='grc' dir='ltr'><em>τῷ</em></span> <span class='ocrx_word' id='word_1_361' title='bbox 847 2435 958 2488; x_wconf 86' lang='grc' dir='ltr'>λόγῳ,</span> <span class='ocrx_word' id='word_1_362' title='bbox 975 2432 1087 2479; x_wconf 70' lang='grc' dir='ltr'>Οῧτός</span> 
     </span>
     <span class='ocr_line' id='line_1_48' title="bbox 69 2497 1085 2549; baseline -0.004 -11"><span class='ocrx_word' id='word_1_363' title='bbox 69 2502 160 2538; x_wconf 83' lang='grc' dir='ltr'>ἐστιν</span> <span class='ocrx_word' id='word_1_364' title='bbox 180 2503 197 2537; x_wconf 88' lang='grc' dir='ltr'><em>ὃ</em></span> <span class='ocrx_word' id='word_1_365' title='bbox 216 2499 330 2547; x_wconf 90' lang='grc' dir='ltr'>λίθος,</span> <span class='ocrx_word' id='word_1_366' title='bbox 362 2498 486 2549; x_wconf 82' lang='grc' dir='ltr'>λέγων,</span> <span class='ocrx_word' id='word_1_367' title='bbox 504 2501 521 2536; x_wconf 84' lang='grc' dir='ltr'>ὁ</span> <span class='ocrx_word' id='word_1_368' title='bbox 543 2497 769 2545; x_wconf 79' lang='grc' dir='ltr'>ἐξουθενηθεὶς</span> <span class='ocrx_word' id='word_1_369' title='bbox 800 2499 854 2549; x_wconf 78' lang='grc' dir='ltr'><em>ὑφ’</em></span> <span class='ocrx_word' id='word_1_370' title='bbox 876 2500 972 2547; x_wconf 75' lang='grc' dir='ltr'>ὑμῶν</span> <span class='ocrx_word' id='word_1_371' title='bbox 992 2500 1085 2535; x_wconf 67' lang='grc' dir='ltr'><em>3τῶν</em></span> 
     </span>
     <span class='ocr_line' id='line_1_49' title="bbox 68 2554 1087 2611; baseline -0.002 -13"><span class='ocrx_word' id='word_1_372' title='bbox 68 2560 348 2611; x_wconf 67' lang='grc' dir='ltr'>οἷκοὸομούντιιΝ.</span> <span class='ocrx_word' id='word_1_373' title='bbox 368 2554 458 2599; x_wconf 66' lang='grc' dir='ltr'>Εἶτα</span> <span class='ocrx_word' id='word_1_374' title='bbox 482 2559 632 2607; x_wconf 77' lang='grc' dir='ltr'>δεικνὺς,</span> <span class='ocrx_word' id='word_1_375' title='bbox 658 2559 711 2596; x_wconf 73' lang='grc' dir='ltr'><em>ὅτι</em></span> <span class='ocrx_word' id='word_1_376' title='bbox 736 2557 795 2595; x_wconf 79' lang='grc' dir='ltr'><em>καὶ</em></span> <span class='ocrx_word' id='word_1_377' title='bbox 816 2559 861 2601; x_wconf 88' lang='grc' dir='ltr'><em>εἷς</em></span> <span class='ocrx_word' id='word_1_378' title='bbox 881 2557 1012 2610; x_wconf 76' lang='grc' dir='ltr'>σφόδρα</span> <span class='ocrx_word' id='word_1_379' title='bbox 1034 2558 1087 2596; x_wconf 78' lang='grc' dir='ltr'><em>δό-</em></span> 
     </span>
     <span class='ocr_line' id='line_1_50' title="bbox 69 2618 1087 2673; baseline -0.002 -15"><span class='ocrx_word' id='word_1_380' title='bbox 69 2637 168 2670; x_wconf 87' lang='grc' dir='ltr'>κιμον</span> <span class='ocrx_word' id='word_1_381' title='bbox 184 2624 285 2659; x_wconf 74' lang='grc' dir='ltr'>τοῦτο</span> <span class='ocrx_word' id='word_1_382' title='bbox 299 2621 501 2673; x_wconf 80' lang='grc' dir='ltr'>εἰργάσαντο</span> <span class='ocrx_word' id='word_1_383' title='bbox 515 2651 524 2668; x_wconf 86' lang='grc'>,</span> <span class='ocrx_word' id='word_1_384' title='bbox 541 2620 682 2671; x_wconf 86' lang='grc' dir='ltr'>ἐπάγει·</span> <span class='ocrx_word' id='word_1_385' title='bbox 699 2619 743 2657; x_wconf 76' lang='lat' dir='ltr'><em>‘O</em></span> <span class='ocrx_word' id='word_1_386' title='bbox 763 2618 943 2670; x_wconf 86' lang='grc' dir='ltr'>γενόμενος</span> <span class='ocrx_word' id='word_1_387' title='bbox 963 2621 1010 2663; x_wconf 86' lang='grc' dir='ltr'><em>εἷς</em></span> <span class='ocrx_word' id='word_1_388' title='bbox 1026 2635 1087 2657; x_wconf 85' lang='grc' dir='ltr'><em>κε-</em></span> 
     </span>
     <span class='ocr_line' id='line_1_51' title="bbox 69 2679 1085 2734; baseline -0.001 -14"><span class='ocrx_word' id='word_1_389' title='bbox 69 2681 180 2734; x_wconf 76' lang='grc' dir='ltr'>φαλὴν</span> <span class='ocrx_word' id='word_1_390' title='bbox 198 2681 323 2734; x_wconf 82' lang='grc' dir='ltr'>γωνίας</span> <span class='ocrx_word' id='word_1_391' title='bbox 338 2698 345 2705; x_wconf 94' lang='grc'>·</span> <span class='ocrx_word' id='word_1_392' title='bbox 363 2681 553 2729; x_wconf 82' lang='grc' dir='ltr'>τουτέστιν,</span> <span class='ocrx_word' id='word_1_393' title='bbox 574 2685 591 2719; x_wconf 83' lang='grc' dir='ltr'>ὃ</span> <span class='ocrx_word' id='word_1_394' title='bbox 607 2680 708 2733; x_wconf 72' lang='grc' dir='ltr'>φύσει</span> <span class='ocrx_word' id='word_1_395' title='bbox 726 2679 840 2730; x_wconf 86' lang='grc' dir='ltr'>τίμιος</span> <span class='ocrx_word' id='word_1_396' title='bbox 855 2679 914 2718; x_wconf 79' lang='grc' dir='ltr'><em>καὶ</em></span> <span class='ocrx_word' id='word_1_397' title='bbox 928 2679 1085 2731; x_wconf 80' lang='grc' dir='ltr'>δόκιμος,</span> 
     </span>
     <span class='ocr_line' id='line_1_52' title="bbox 68 2737 1086 2792; baseline -0.001 -12"><span class='ocrx_word' id='word_1_398' title='bbox 68 2737 162 2786; x_wconf 65' lang='grc' dir='ltr'>οὗτος</span> <span class='ocrx_word' id='word_1_399' title='bbox 190 2742 402 2790; x_wconf 76' lang='grc' dir='ltr'>ἐξουθενήθη.</span> <span class='ocrx_word' id='word_1_400' title='bbox 430 2742 551 2786; x_wconf 72' lang='grc' dir='ltr'>Οὕτως</span> <span class='ocrx_word' id='word_1_401' title='bbox 585 2741 654 2779; x_wconf 77' lang='grc' dir='ltr'>ἀπὸ</span> <span class='ocrx_word' id='word_1_402' title='bbox 687 2744 746 2779; x_wconf 73' lang='grc' dir='ltr'><em>τοῦ</em></span> <span class='ocrx_word' id='word_1_403' title='bbox 781 2740 926 2792; x_wconf 88' lang='grc' dir='ltr'>σημείου</span> <span class='ocrx_word' id='word_1_404' title='bbox 952 2741 1086 2788; x_wconf 79' lang='grc' dir='ltr'>πολλὴν</span> 
     </span>
     <span class='ocr_line' id='line_1_53' title="bbox 67 2802 1086 2856; baseline 0 -15"><span class='ocrx_word' id='word_1_405' title='bbox 67 2803 166 2856; x_wconf 75' lang='grc' dir='ltr'>ἔσχον</span> <span class='ocrx_word' id='word_1_406' title='bbox 186 2803 248 2850; x_wconf 80' lang='grc' dir='ltr'><em>τὴν</em></span> <span class='ocrx_word' id='word_1_407' title='bbox 267 2802 476 2856; x_wconf 69' lang='grc' dir='ltr'>παρρησίαν,</span> <span class='ocrx_word' id='word_1_408' title='bbox 505 2802 556 2840; x_wconf 74' lang='grc' dir='ltr'><em>Σὺ</em></span> <span class='ocrx_word' id='word_1_409' title='bbox 591 2802 627 2840; x_wconf 78' lang='grc' dir='ltr'><em>δέ</em></span> <span class='ocrx_word' id='word_1_410' title='bbox 661 2818 718 2852; x_wconf 87' lang='grc' dir='ltr'>μοι</span> <span class='ocrx_word' id='word_1_411' title='bbox 741 2802 883 2850; x_wconf 87' lang='grc' dir='ltr'>σκόπει,</span> <span class='ocrx_word' id='word_1_412' title='bbox 913 2805 1010 2850; x_wconf 78' lang='grc' dir='ltr'>πῶς,</span> <span class='ocrx_word' id='word_1_413' title='bbox 1029 2802 1086 2841; x_wconf 79' lang='grc' dir='ltr'><em>ὅτε</em></span> 
     </span>
     <span class='ocr_line' id='line_1_54' title="bbox 68 2863 1086 2917; baseline 0.001 -16"><span class='ocrx_word' id='word_1_414' title='bbox 68 2863 129 2914; x_wconf 83' lang='grc' dir='ltr'>μὲν</span> <span class='ocrx_word' id='word_1_415' title='bbox 149 2864 280 2908; x_wconf 71' lang='grc' dir='ltr'>διδάξαι</span> <span class='ocrx_word' id='word_1_416' title='bbox 297 2864 386 2917; x_wconf 79' lang='grc' dir='ltr'>χρὴ,</span> <span class='ocrx_word' id='word_1_417' title='bbox 415 2864 626 2917; x_wconf 69' lang='grc' dir='ltr'>προφητείας</span> <span class='ocrx_word' id='word_1_418' title='bbox 641 2864 838 2917; x_wconf 70' lang='grc' dir='ltr'>παράγουσι</span> <span class='ocrx_word' id='word_1_419' title='bbox 851 2864 982 2907; x_wconf 79' lang='grc' dir='ltr'>πολλὰς</span> <span class='ocrx_word' id='word_1_420' title='bbox 995 2894 1005 2912; x_wconf 89' lang='grc'>,</span> <span class='ocrx_word' id='word_1_421' title='bbox 1028 2863 1086 2902; x_wconf 78' lang='grc' dir='ltr'><em>ὅτε</em></span> 
     </span>
     <span class='ocr_line' id='line_1_55' title="bbox 67 2924 130 2964; baseline 0.032 -2"><span class='ocrx_word' id='word_1_422' title='bbox 67 2924 102 2964; x_wconf 78' lang='grc' dir='ltr'><em>δὲ</em></span> <span class='ocrx_word' id='word_1_423' title='bbox 116 2929 130 2946; x_wconf 71' lang='lat'>⁰</span> 
     </span>
    </p>
   </div>
   <div class='ocr_carea' id='block_1_9' title="bbox 65 2986 1086 3039">
    <p class='ocr_par' dir='ltr' id='par_1_10' title="bbox 65 2986 1086 3039">
     <span class='ocr_line' id='line_1_56' title="bbox 65 2986 1086 3039; baseline -0.001 -15"><span class='ocrx_word' id='word_1_424' title='bbox 65 2986 167 3037; x_wconf 72' lang='grc' dir='ltr'>φησὶν</span> <span class='ocrx_word' id='word_1_425' title='bbox 182 3015 191 3033; x_wconf 89' lang='grc'>,</span> <span class='ocrx_word' id='word_1_426' title='bbox 208 2986 317 3037; x_wconf 77' lang='grc' dir='ltr'>ὄνομά</span> <span class='ocrx_word' id='word_1_427' title='bbox 336 2989 426 3025; x_wconf 88' lang='grc' dir='ltr'>ἐστιν</span> <span class='ocrx_word' id='word_1_428' title='bbox 448 2986 563 3038; x_wconf 79' lang='grc' dir='ltr'>ἕτερον</span> <span class='ocrx_word' id='word_1_429' title='bbox 584 2986 650 3024; x_wconf 77' lang='grc' dir='ltr'>ὑπὸ</span> <span class='ocrx_word' id='word_1_430' title='bbox 681 2986 738 3023; x_wconf 79' lang='grc' dir='ltr'><em>τὸν</em></span> <span class='ocrx_word' id='word_1_431' title='bbox 768 2986 910 3039; x_wconf 79' lang='grc' dir='ltr'>οὐρανὸν</span> <span class='ocrx_word' id='word_1_432' title='bbox 930 2986 969 3024; x_wconf 80' lang='grc' dir='ltr'><em>τὸ</em></span> <span class='ocrx_word' id='word_1_433' title='bbox 989 2986 1086 3023; x_wconf 75' lang='grc' dir='ltr'>δεδο-</span> 
     </span>
    </p>
   </div>
   <div class='ocr_carea' id='block_1_10' title="bbox 141 2924 1084 2978">
    <p class='ocr_par' dir='ltr' id='par_1_11' title="bbox 141 2924 1084 2978">
     <span class='ocr_line' id='line_1_57' title="bbox 141 2924 1084 2978; baseline -0.003 -14"><span class='ocrx_word' id='word_1_434' title='bbox 141 2926 468 2978; x_wconf 75' lang='grc' dir='ltr'>παῤῥησιάσασθαι,</span> <span class='ocrx_word' id='word_1_435' title='bbox 491 2925 591 2976; x_wconf 87' lang='grc' dir='ltr'>μόνον</span> <span class='ocrx_word' id='word_1_436' title='bbox 613 2925 872 2977; x_wconf 73' lang='grc' dir='ltr'>ἀποφαίνονται.</span> <span class='ocrx_word' id='word_1_437' title='bbox 899 2925 991 2963; x_wconf 86' lang='grc' dir='ltr'>Οὔτε</span> <span class='ocrx_word' id='word_1_438' title='bbox 1005 2924 1084 2977; x_wconf 84' lang='grc' dir='ltr'>γὰρ,</span> 
     </span>
    </p>
   </div>
   <div class='ocr_carea' id='block_1_11' title="bbox 65 3041 1086 3222">
    <p class='ocr_par' dir='ltr' id='par_1_12' title="bbox 65 3041 1086 3222">
     <span class='ocr_line' id='line_1_58' title="bbox 67 3041 1086 3099; baseline -0.001 -14"><span class='ocrx_word' id='word_1_439' title='bbox 67 3047 166 3098; x_wconf 78' lang='grc' dir='ltr'>μένον</span> <span class='ocrx_word' id='word_1_440' title='bbox 198 3050 231 3086; x_wconf 85' lang='grc' dir='ltr'><em>ἐν</em></span> <span class='ocrx_word' id='word_1_441' title='bbox 262 3047 476 3099; x_wconf 86' lang='grc' dir='ltr'>ἀνθρώποις,</span> <span class='ocrx_word' id='word_1_442' title='bbox 503 3048 538 3085; x_wconf 84' lang='grc' dir='ltr'><em>ἐν</em></span> <span class='ocrx_word' id='word_1_443' title='bbox 562 3041 590 3099; x_wconf 72' lang='grc' dir='ltr'>ᾧ</span> <span class='ocrx_word' id='word_1_444' title='bbox 622 3048 672 3085; x_wconf 87' lang='grc' dir='ltr'><em>δεῖ</em></span> <span class='ocrx_word' id='word_1_445' title='bbox 701 3049 854 3093; x_wconf 70' lang='grc' dir='ltr'>σωθῆναι</span> <span class='ocrx_word' id='word_1_446' title='bbox 872 3051 978 3098; x_wconf 79' lang='grc' dir='ltr'>ἡμᾶς.</span> <span class='ocrx_word' id='word_1_447' title='bbox 1003 3046 1086 3085; x_wconf 59' lang='grc' dir='ltr'>(Ότι</span> 
     </span>
     <span class='ocr_line' id='line_1_59' title="bbox 65 3107 1084 3160; baseline 0.001 -16"><span class='ocrx_word' id='word_1_448' title='bbox 65 3114 169 3146; x_wconf 72' lang='grc' dir='ltr'>πᾶσιν</span> <span class='ocrx_word' id='word_1_449' title='bbox 182 3108 373 3160; x_wconf 79' lang='grc' dir='ltr'>ἀνθρώποις</span> <span class='ocrx_word' id='word_1_450' title='bbox 385 3109 445 3146; x_wconf 73' lang='grc' dir='ltr'><em>καὶ</em></span> <span class='ocrx_word' id='word_1_451' title='bbox 459 3109 519 3145; x_wconf 79' lang='grc' dir='ltr'><em>οὐκ</em></span> <span class='ocrx_word' id='word_1_452' title='bbox 536 3110 651 3152; x_wconf 81' lang='grc' dir='ltr'>αὐτοῖς</span> <span class='ocrx_word' id='word_1_453' title='bbox 671 3107 785 3159; x_wconf 87' lang='grc' dir='ltr'>μόνοις</span> <span class='ocrx_word' id='word_1_454' title='bbox 799 3107 897 3155; x_wconf 76' lang='grc' dir='ltr'>ἐδόθη</span> <span class='ocrx_word' id='word_1_455' title='bbox 915 3108 953 3145; x_wconf 85' lang='grc' dir='ltr'><em>τὸ</em></span> <span class='ocrx_word' id='word_1_456' title='bbox 965 3107 1084 3157; x_wconf 83' lang='grc' dir='ltr'>ὄνομα.</span> 
     </span>
     <span class='ocr_line' id='line_1_60' title="bbox 66 3168 1084 3222; baseline 0 -16"><span class='ocrx_word' id='word_1_457' title='bbox 66 3169 160 3219; x_wconf 86' lang='grc' dir='ltr'>Πρὸς</span> <span class='ocrx_word' id='word_1_458' title='bbox 180 3174 279 3207; x_wconf 79' lang='grc' dir='ltr'>τοῦτο</span> <span class='ocrx_word' id='word_1_459' title='bbox 306 3169 366 3207; x_wconf 84' lang='grc' dir='ltr'><em>καὶ</em></span> <span class='ocrx_word' id='word_1_460' title='bbox 387 3169 506 3212; x_wconf 75' lang='grc' dir='ltr'>αὐτοὺς</span> <span class='ocrx_word' id='word_1_461' title='bbox 535 3169 701 3221; x_wconf 73' lang='grc' dir='ltr'>ἐπάγεται</span> <span class='ocrx_word' id='word_1_462' title='bbox 725 3169 916 3222; x_wconf 85' lang='grc' dir='ltr'>μάρτυρας.</span> <span class='ocrx_word' id='word_1_463' title='bbox 938 3168 1084 3215; x_wconf 77' lang='grc' dir='ltr'>Ἐπειδὴ</span> 
     </span>
    </p>
   </div>
   <div class='ocr_carea' id='block_1_12' title="bbox 70 3308 1066 3402">
    <p class='ocr_par' dir='ltr' id='par_1_13' title="bbox 70 3308 1066 3402">
     <span class='ocr_line' id='line_1_61' title="bbox 111 3308 1066 3352; baseline 0.004 -13"><span class='ocrx_word' id='word_1_464' title='bbox 111 3316 125 3330; x_wconf 78' lang='lat'><em>¹¹</em></span> <span class='ocrx_word' id='word_1_465' title='bbox 142 3308 198 3346; x_wconf 92' lang='lat' dir='ltr'><em>[D.</em></span> <span class='ocrx_word' id='word_1_466' title='bbox 215 3311 243 3339; x_wconf 89' lang='grc' dir='ltr'><em>ἐν</em></span> <span class='ocrx_word' id='word_1_467' title='bbox 266 3312 319 3341; x_wconf 75' lang='grc' dir='ltr'>τίνι</span> <span class='ocrx_word' id='word_1_468' title='bbox 342 3314 493 3342; x_wconf 77' lang='grc' dir='ltr'>σέσωσται-</span> <span class='ocrx_word' id='word_1_469' title='bbox 513 3313 542 3342; x_wconf 79' lang='grc' dir='ltr'>ἐν</span> <span class='ocrx_word' id='word_1_470' title='bbox 558 3314 631 3352; x_wconf 84' lang='grc' dir='ltr'>ποίῳ</span> <span class='ocrx_word' id='word_1_471' title='bbox 648 3313 772 3351; x_wconf 77' lang='grc' dir='ltr'>ὀνόματι</span> <span class='ocrx_word' id='word_1_472' title='bbox 788 3314 944 3346; x_wconf 71' lang='grc' dir='ltr'>ἐποιήσατε</span> <span class='ocrx_word' id='word_1_473' title='bbox 959 3314 1066 3351; x_wconf 59' lang='grc' dir='ltr'>τοῦτορ</span> 
     </span>
     <span class='ocr_line' id='line_1_62' title="bbox 70 3358 684 3402; baseline 0.003 -12"><span class='ocrx_word' id='word_1_474' title='bbox 70 3362 103 3390; x_wconf 70' lang='grc' dir='ltr'><em>τὸ</em></span> <span class='ocrx_word' id='word_1_475' title='bbox 121 3366 212 3396; x_wconf 73' lang='grc' dir='ltr'>ποῖον,</span> <span class='ocrx_word' id='word_1_476' title='bbox 229 3365 292 3389; x_wconf 88' lang='lat' dir='ltr'><em>etc.</em></span> <span class='ocrx_word' id='word_1_477' title='bbox 308 3359 351 3391; x_wconf 83' lang='lat' dir='ltr'><em>Et</em></span> <span class='ocrx_word' id='word_1_478' title='bbox 365 3358 448 3391; x_wconf 81' lang='lat' dir='ltr'><em>infra</em></span> <span class='ocrx_word' id='word_1_479' title='bbox 464 3362 533 3398; x_wconf 76' lang='grc' dir='ltr'>εἶδες</span> <span class='ocrx_word' id='word_1_480' title='bbox 549 3361 684 3402; x_wconf 56' lang='lat' dir='ltr'><em>eia-azam]</em></span> 
     </span>
    </p>
   </div>
   <div class='ocr_carea' id='block_1_13' title="bbox 1109 1027 2159 3219">
    <p class='ocr_par' dir='ltr' id='par_1_14' title="bbox 1109 1027 2159 3219">
     <span class='ocr_line' id='line_1_63' title="bbox 1168 1027 2157 1079; baseline -0.001 -13"><span class='ocrx_word' id='word_1_481' title='bbox 1168 1031 1240 1072; x_wconf 91' lang='lat' dir='ltr'><em>mi,</em></span> <span class='ocrx_word' id='word_1_482' title='bbox 1262 1030 1305 1065; x_wconf 87' lang='lat' dir='ltr'><em>in</em></span> <span class='ocrx_word' id='word_1_483' title='bbox 1331 1041 1406 1079; x_wconf 86' lang='lat' dir='ltr'><em>quo</em></span> <span class='ocrx_word' id='word_1_484' title='bbox 1436 1030 1506 1065; x_wconf 82' lang='lat' dir='ltr'><em>iste</em></span> <span class='ocrx_word' id='word_1_485' title='bbox 1524 1027 1656 1064; x_wconf 75' lang='lat' dir='ltr'><em>salvus</em></span> <span class='ocrx_word' id='word_1_486' title='bbox 1669 1027 1811 1078; x_wconf 81' lang='lat' dir='ltr'><em>factus</em></span> <span class='ocrx_word' id='word_1_487' title='bbox 1844 1034 1920 1072; x_wconf 82' lang='lat' dir='ltr'><em>est,</em></span> <span class='ocrx_word' id='word_1_488' title='bbox 1956 1035 2087 1064; x_wconf 84' lang='lat' dir='ltr'><em>notum</em></span> <span class='ocrx_word' id='word_1_489' title='bbox 2108 1030 2157 1066; x_wconf 80' lang='lat' dir='ltr'><em>sic</em></span> 
     </span>
     <span class='ocr_line' id='line_1_64' title="bbox 1169 1086 2158 1137; baseline 0 -11"><span class='ocrx_word' id='word_1_490' title='bbox 1169 1090 1346 1126; x_wconf 84' lang='lat' dir='ltr'><em>omnibus</em></span> <span class='ocrx_word' id='word_1_491' title='bbox 1372 1090 1497 1125; x_wconf 79' lang='lat' dir='ltr'><em>vobis.</em></span> <span class='ocrx_word' id='word_1_492' title='bbox 1525 1086 1582 1123; x_wconf 89' lang='lat' dir='ltr'><em>Illi</em></span> <span class='ocrx_word' id='word_1_493' title='bbox 1610 1099 1712 1135; x_wconf 79' lang='lat' dir='ltr'><em>vero,</em></span> <span class='ocrx_word' id='word_1_494' title='bbox 1734 1088 1783 1122; x_wconf 81' lang='lat' dir='ltr'><em>In</em></span> <span class='ocrx_word' id='word_1_495' title='bbox 1804 1100 1879 1137; x_wconf 87' lang='lat' dir='ltr'><em>quo</em></span> <span class='ocrx_word' id='word_1_496' title='bbox 1901 1090 2080 1134; x_wconf 76' lang='lat' dir='ltr'><em>nomine,</em></span> <span class='ocrx_word' id='word_1_497' title='bbox 2103 1087 2158 1126; x_wconf 91' lang='lat' dir='ltr'><em>in-</em></span> 
     </span>
     <span class='ocr_line' id='line_1_65' title="bbox 1169 1147 2159 1202; baseline 0 -16"><span class='ocrx_word' id='word_1_498' title='bbox 1169 1149 1318 1201; x_wconf 88' lang='lat' dir='ltr'><em>quiunt,</em></span> <span class='ocrx_word' id='word_1_499' title='bbox 1324 1150 1482 1202; x_wconf 80' lang='lat' dir='ltr'><em>fecistis</em></span> <span class='ocrx_word' id='word_1_500' title='bbox 1498 1149 1569 1185; x_wconf 81' lang='lat' dir='ltr'><em>hoc</em></span> <span class='ocrx_word' id='word_1_501' title='bbox 1587 1151 1686 1184; x_wconf 77' lang='lat' dir='ltr'><em>vos?</em></span> <span class='ocrx_word' id='word_1_502' title='bbox 1705 1147 1778 1184; x_wconf 82' lang='lat' dir='ltr'><em>Cur</em></span> <span class='ocrx_word' id='word_1_503' title='bbox 1795 1161 1866 1184; x_wconf 93' lang='lat' dir='ltr'><em>non</em></span> <span class='ocrx_word' id='word_1_504' title='bbox 1883 1147 1951 1184; x_wconf 85' lang='lat' dir='ltr'><em>hoc</em></span> <span class='ocrx_word' id='word_1_505' title='bbox 1967 1147 2058 1185; x_wconf 86' lang='lat' dir='ltr'><em>dieis</em></span> <span class='ocrx_word' id='word_1_506' title='bbox 2067 1178 2078 1197; x_wconf 93' lang='lat'><strong><em>7</em></strong></span> <span class='ocrx_word' id='word_1_507' title='bbox 2098 1148 2159 1186; x_wconf 86' lang='lat' dir='ltr'><em>sed</em></span> 
     </span>
     <span class='ocr_line' id='line_1_66' title="bbox 1170 1209 2158 1261; baseline -0.001 -13"><span class='ocrx_word' id='word_1_508' title='bbox 1170 1210 1350 1248; x_wconf 71' lang='lat' dir='ltr'><em>occultas?</em></span> <span class='ocrx_word' id='word_1_509' title='bbox 1366 1212 1415 1246; x_wconf 84' lang='lat' dir='ltr'><em>In</em></span> <span class='ocrx_word' id='word_1_510' title='bbox 1432 1222 1507 1261; x_wconf 83' lang='lat' dir='ltr'><em>quo</em></span> <span class='ocrx_word' id='word_1_511' title='bbox 1523 1211 1676 1245; x_wconf 87' lang='lat' dir='ltr'><em>nomine</em></span> <span class='ocrx_word' id='word_1_512' title='bbox 1676 1209 1834 1261; x_wconf 82' lang='lat' dir='ltr'><em>fecistis</em></span> <span class='ocrx_word' id='word_1_513' title='bbox 1848 1209 1923 1246; x_wconf 78' lang='lat' dir='ltr'><em>hoo</em></span> <span class='ocrx_word' id='word_1_514' title='bbox 1936 1214 2034 1247; x_wconf 75' lang='lat' dir='ltr'><em>vos?</em></span> <span class='ocrx_word' id='word_1_515' title='bbox 2050 1210 2158 1260; x_wconf 83' lang='lat' dir='ltr'><strong>Atqui</strong></span> 
     </span>
     <span class='ocr_line' id='line_1_67' title="bbox 1170 1268 2158 1320; baseline -0.001 -12"><span class='ocrx_word' id='word_1_516' title='bbox 1170 1270 1330 1318; x_wconf 78' lang='lat' dir='ltr'><em>dicebat,</em></span> <span class='ocrx_word' id='word_1_517' title='bbox 1349 1272 1428 1308; x_wconf 88' lang='lat' dir='ltr'><em>Non</em></span> <span class='ocrx_word' id='word_1_518' title='bbox 1444 1283 1506 1306; x_wconf 90' lang='lat' dir='ltr'><em>nos</em></span> <span class='ocrx_word' id='word_1_519' title='bbox 1520 1269 1681 1306; x_wconf 81' lang='lat' dir='ltr'><em>fecimus.</em></span> <span class='ocrx_word' id='word_1_520' title='bbox 1704 1268 1800 1307; x_wconf 85' lang='lat' dir='ltr'><em>Vide</em></span> <span class='ocrx_word' id='word_1_521' title='bbox 1816 1268 2045 1320; x_wconf 84' lang='lat' dir='ltr'><em>prudentiam</em></span> <span class='ocrx_word' id='word_1_522' title='bbox 2062 1285 2070 1305; x_wconf 86' lang='lat'>:</span> <span class='ocrx_word' id='word_1_523' title='bbox 2089 1283 2158 1307; x_wconf 91' lang='lat' dir='ltr'><em>non</em></span> 
     </span>
     <span class='ocr_line' id='line_1_68' title="bbox 1171 1331 2159 1382; baseline -0.002 -11"><span class='ocrx_word' id='word_1_524' title='bbox 1171 1334 1266 1371; x_wconf 75' lang='lat' dir='ltr'><em>dixit</em></span> <span class='ocrx_word' id='word_1_525' title='bbox 1281 1332 1414 1381; x_wconf 81' lang='lat' dir='ltr'><em>statim,</em></span> <span class='ocrx_word' id='word_1_526' title='bbox 1426 1333 1467 1370; x_wconf 84' lang='lat' dir='ltr'><em>In</em></span> <span class='ocrx_word' id='word_1_527' title='bbox 1479 1332 1620 1370; x_wconf 86' lang='lat' dir='ltr'><em>nomine</em></span> <span class='ocrx_word' id='word_1_528' title='bbox 1631 1333 1652 1371; x_wconf 88' lang='lat' dir='ltr'>J</span> <span class='ocrx_word' id='word_1_529' title='bbox 1655 1345 1715 1369; x_wconf 89' lang='lat' dir='ltr'><em>esu</em></span> <span class='ocrx_word' id='word_1_530' title='bbox 1726 1331 1895 1381; x_wconf 72' lang='lat' dir='ltr'><em>fecimus5</em></span> <span class='ocrx_word' id='word_1_531' title='bbox 1907 1331 1967 1369; x_wconf 84' lang='lat' dir='ltr'><em>sed</em></span> <span class='ocrx_word' id='word_1_532' title='bbox 1980 1331 2067 1382; x_wconf 85' lang='lat' dir='ltr'><em>quid</em></span> <span class='ocrx_word' id='word_1_533' title='bbox 2077 1333 2095 1369; x_wconf 76' lang='grc' dir='ltr'><em>ἶ)</em></span> <span class='ocrx_word' id='word_1_534' title='bbox 2109 1335 2133 1369; x_wconf 93' lang='lat' dir='ltr'><em>I</em></span> <span class='ocrx_word' id='word_1_535' title='bbox 2134 1348 2159 1369; x_wconf 84' lang='lat' dir='ltr'><em>n</em></span> 
     </span>
     <span class='ocr_line' id='line_1_69' title="bbox 1169 1394 2159 1446; baseline -0.001 -15"><span class='ocrx_word' id='word_1_536' title='bbox 1169 1397 1323 1432; x_wconf 85' lang='lat' dir='ltr'><em>nomine</em></span> <span class='ocrx_word' id='word_1_537' title='bbox 1335 1396 1416 1446; x_wconf 85' lang='lat' dir='ltr'><em>ejus</em></span> <span class='ocrx_word' id='word_1_538' title='bbox 1433 1395 1495 1431; x_wconf 80' lang='lat' dir='ltr'><em>hic</em></span> <span class='ocrx_word' id='word_1_539' title='bbox 1511 1394 1644 1431; x_wconf 81' lang='lat' dir='ltr'><strong><em>adstat</em></strong></span> <span class='ocrx_word' id='word_1_540' title='bbox 1661 1407 1792 1430; x_wconf 83' lang='lat' dir='ltr'><em>eoram</em></span> <span class='ocrx_word' id='word_1_541' title='bbox 1813 1394 1926 1430; x_wconf 78' lang='lat' dir='ltr'><em>vobis</em></span> <span class='ocrx_word' id='word_1_542' title='bbox 1939 1407 2072 1431; x_wconf 83' lang='lat' dir='ltr'><em>sanus.</em></span> <span class='ocrx_word' id='word_1_543' title='bbox 2089 1394 2159 1430; x_wconf 86' lang='lat' dir='ltr'><em>Ne-</em></span> 
     </span>
     <span class='ocr_line' id='line_1_70' title="bbox 1167 1453 2157 1506; baseline -0.001 -14"><span class='ocrx_word' id='word_1_544' title='bbox 1167 1469 1235 1506; x_wconf 86' lang='lat' dir='ltr'><em>que</em></span> <span class='ocrx_word' id='word_1_545' title='bbox 1245 1453 1344 1502; x_wconf 81' lang='lat' dir='ltr'><em>dicit,</em></span> <span class='ocrx_word' id='word_1_546' title='bbox 1357 1454 1383 1491; x_wconf 89' lang='lat' dir='ltr'>F</span> <span class='ocrx_word' id='word_1_547' title='bbox 1386 1462 1484 1490; x_wconf 83' lang='lat' dir='ltr'><em>actus</em></span> <span class='ocrx_word' id='word_1_548' title='bbox 1494 1462 1573 1491; x_wconf 82' lang='lat' dir='ltr'><em>esta</em></span> <span class='ocrx_word' id='word_1_549' title='bbox 1586 1453 1688 1491; x_wconf 87' lang='lat' dir='ltr'><em>nobis</em></span> <span class='ocrx_word' id='word_1_550' title='bbox 1699 1467 1815 1490; x_wconf 75' lang='lat' dir='ltr'><em>sanus.</em></span> <span class='ocrx_word' id='word_1_551' title='bbox 1830 1453 1878 1490; x_wconf 90' lang='lat' dir='ltr'><em>Et</em></span> <span class='ocrx_word' id='word_1_552' title='bbox 1892 1467 2027 1501; x_wconf 81' lang='lat' dir='ltr'><em>rursus,</em></span> <span class='ocrx_word' id='word_1_553' title='bbox 2039 1454 2079 1491; x_wconf 87' lang='lat' dir='ltr'><em>Si</em></span> <span class='ocrx_word' id='word_1_554' title='bbox 2091 1467 2157 1491; x_wconf 84' lang='lat' dir='ltr'><em>nos</em></span> 
     </span>
     <span class='ocr_line' id='line_1_71' title="bbox 1165 1514 2157 1568; baseline -0.001 -15"><span class='ocrx_word' id='word_1_555' title='bbox 1165 1517 1427 1568; x_wconf 81' lang='lat' dir='ltr'><em>dijudicamur</em></span> <span class='ocrx_word' id='word_1_556' title='bbox 1441 1517 1482 1552; x_wconf 88' lang='lat' dir='ltr'><em>in</em></span> <span class='ocrx_word' id='word_1_557' title='bbox 1497 1516 1698 1566; x_wconf 69' lang='lat' dir='ltr'><em>benefacto</em></span> <span class='ocrx_word' id='word_1_558' title='bbox 1714 1515 1880 1551; x_wconf 82' lang='lat' dir='ltr'><em>hominis</em></span> <span class='ocrx_word' id='word_1_559' title='bbox 1898 1514 2055 1565; x_wconf 83' lang='lat' dir='ltr'><em>infirmi.</em></span> <span class='ocrx_word' id='word_1_560' title='bbox 2073 1515 2157 1552; x_wconf 89' lang='lat' dir='ltr'><em>Per-</em></span> 
     </span>
     <span class='ocr_line' id='line_1_72' title="bbox 1163 1573 2153 1628; baseline -0.001 -15"><span class='ocrx_word' id='word_1_561' title='bbox 1163 1575 1306 1628; x_wconf 85' lang='lat' dir='ltr'><em>stringit</em></span> <span class='ocrx_word' id='word_1_562' title='bbox 1325 1575 1405 1612; x_wconf 92' lang='lat' dir='ltr'><em>illos</em></span> <span class='ocrx_word' id='word_1_563' title='bbox 1421 1583 1461 1612; x_wconf 92' lang='lat' dir='ltr'><em>ut</em></span> <span class='ocrx_word' id='word_1_564' title='bbox 1486 1574 1548 1624; x_wconf 89' lang='lat' dir='ltr'><em>qui</em></span> <span class='ocrx_word' id='word_1_565' title='bbox 1569 1588 1706 1625; x_wconf 84' lang='lat' dir='ltr'><em>semper</em></span> <span class='ocrx_word' id='word_1_566' title='bbox 1727 1573 1868 1611; x_wconf 84' lang='lat' dir='ltr'><em>easdem</em></span> <span class='ocrx_word' id='word_1_567' title='bbox 1892 1574 2131 1612; x_wconf 83' lang='lat' dir='ltr'><em>accusationes</em></span> <span class='ocrx_word' id='word_1_568' title='bbox 2144 1605 2153 1621; x_wconf 97' lang='lat'><strong><em>7</em></strong></span> 
     </span>
     <span class='ocr_line' id='line_1_73' title="bbox 1162 1634 2153 1689; baseline -0.002 -15"><span class='ocrx_word' id='word_1_569' title='bbox 1162 1638 1360 1689; x_wconf 85' lang='lat' dir='ltr'><em>proferant,</em></span> <span class='ocrx_word' id='word_1_570' title='bbox 1387 1644 1421 1673; x_wconf 84' lang='lat' dir='ltr'><em>et</em></span> <span class='ocrx_word' id='word_1_571' title='bbox 1446 1635 1619 1672; x_wconf 80' lang='lat' dir='ltr'><em>beneficia</em></span> <span class='ocrx_word' id='word_1_572' title='bbox 1647 1635 1836 1672; x_wconf 89' lang='lat' dir='ltr'><em>hominum</em></span> <span class='ocrx_word' id='word_1_573' title='bbox 1865 1634 2153 1686; x_wconf 82' lang='lat' dir='ltr'><em>reprehendant:</em></span> 
     </span>
     <span class='ocr_line' id='line_1_74' title="bbox 1161 1694 2155 1750; baseline -0.002 -15"><span class='ocrx_word' id='word_1_574' title='bbox 1161 1712 1202 1736; x_wconf 81' lang='lat' dir='ltr'><em>ae</em></span> <span class='ocrx_word' id='word_1_575' title='bbox 1223 1697 1402 1750; x_wconf 66' lang='lat' dir='ltr'><em>praeterita</em></span> <span class='ocrx_word' id='word_1_576' title='bbox 1422 1696 1459 1734; x_wconf 91' lang='lat' dir='ltr'><em>in</em></span> <span class='ocrx_word' id='word_1_577' title='bbox 1478 1695 1687 1734; x_wconf 82' lang='lat' dir='ltr'><em>memoriam</em></span> <span class='ocrx_word' id='word_1_578' title='bbox 1708 1704 1850 1733; x_wconf 77' lang='lat' dir='ltr'><em>revocat</em></span> <span class='ocrx_word' id='word_1_579' title='bbox 1861 1725 1873 1745; x_wconf 93' lang='lat'><strong><em>7</em></strong></span> <span class='ocrx_word' id='word_1_580' title='bbox 1900 1694 1995 1746; x_wconf 86' lang='lat' dir='ltr'><em>quod</em></span> <span class='ocrx_word' id='word_1_581' title='bbox 2016 1710 2155 1747; x_wconf 87' lang='lat' dir='ltr'><em>semper</em></span> 
     </span>
     <span class='ocr_line' id='line_1_75' title="bbox 1161 1757 2155 1807; baseline -0.002 -10"><span class='ocrx_word' id='word_1_582' title='bbox 1161 1759 1207 1797; x_wconf 84' lang='lat' dir='ltr'><em>ad</em></span> <span class='ocrx_word' id='word_1_583' title='bbox 1229 1759 1341 1797; x_wconf 83' lang='lat' dir='ltr'><em>caedes</em></span> <span class='ocrx_word' id='word_1_584' title='bbox 1362 1767 1524 1807; x_wconf 76' lang='lat' dir='ltr'><em>currant3</em></span> <span class='ocrx_word' id='word_1_585' title='bbox 1545 1771 1657 1807; x_wconf 86' lang='lat' dir='ltr'><em>neque</em></span> <span class='ocrx_word' id='word_1_586' title='bbox 1678 1757 1747 1795; x_wconf 83' lang='lat' dir='ltr'><em>hoe</em></span> <span class='ocrx_word' id='word_1_587' title='bbox 1768 1766 1926 1806; x_wconf 79' lang='lat' dir='ltr'><em>tantum,</em></span> <span class='ocrx_word' id='word_1_588' title='bbox 1958 1757 2020 1795; x_wconf 86' lang='lat' dir='ltr'><em>sed</em></span> <span class='ocrx_word' id='word_1_589' title='bbox 2049 1759 2155 1795; x_wconf 78' lang='lat' dir='ltr'><em>etiam</em></span> 
     </span>
     <span class='ocr_line' id='line_1_76' title="bbox 1161 1817 2153 1869; baseline 0 -12"><span class='ocrx_word' id='word_1_590' title='bbox 1161 1819 1205 1857; x_wconf 89' lang='lat' dir='ltr'><em>de</em></span> <span class='ocrx_word' id='word_1_591' title='bbox 1222 1819 1405 1857; x_wconf 86' lang='lat' dir='ltr'><em>benefieiis</em></span> <span class='ocrx_word' id='word_1_592' title='bbox 1424 1819 1596 1856; x_wconf 86' lang='lat' dir='ltr'><em>incusent.</em></span> <span class='ocrx_word' id='word_1_593' title='bbox 1616 1818 1730 1858; x_wconf 88' lang='lat' dir='ltr'><em>Vides</em></span> <span class='ocrx_word' id='word_1_594' title='bbox 1741 1847 1753 1868; x_wconf 94' lang='lat'><strong><em>7</em></strong></span> <span class='ocrx_word' id='word_1_595' title='bbox 1775 1817 1870 1868; x_wconf 91' lang='lat' dir='ltr'><em>quod</em></span> <span class='ocrx_word' id='word_1_596' title='bbox 1888 1818 2028 1869; x_wconf 87' lang='lat' dir='ltr'><em>pondus</em></span> <span class='ocrx_word' id='word_1_597' title='bbox 2045 1820 2153 1857; x_wconf 80' lang='lat' dir='ltr'><em>verba</em></span> 
     </span>
     <span class='ocr_line' id='line_1_77' title="bbox 1162 1879 2153 1932; baseline -0.001 -14"><span class='ocrx_word' id='word_1_598' title='bbox 1162 1881 1395 1918; x_wconf 56' lang='lat' dir='ltr'><em>habeanfflffn</em></span> <span class='ocrx_word' id='word_1_599' title='bbox 1414 1879 1472 1916; x_wconf 89' lang='lat' dir='ltr'><em>his</em></span> <span class='ocrx_word' id='word_1_600' title='bbox 1487 1879 1581 1916; x_wconf 89' lang='lat' dir='ltr'><em>enim</em></span> <span class='ocrx_word' id='word_1_601' title='bbox 1598 1879 1882 1916; x_wconf 76' lang='lat' dir='ltr'><em>exercitabantur</em></span> <span class='ocrx_word' id='word_1_602' title='bbox 1895 1909 1906 1929; x_wconf 86' lang='lat'><strong><em>7</em></strong></span> <span class='ocrx_word' id='word_1_603' title='bbox 1924 1893 1964 1916; x_wconf 82' lang='lat' dir='ltr'><em>ac</em></span> <span class='ocrx_word' id='word_1_604' title='bbox 1986 1879 2153 1932; x_wconf 83' lang='lat' dir='ltr'><em>deinceps</em></span> 
     </span>
     <span class='ocr_line' id='line_1_78' title="bbox 1162 1939 2151 1993; baseline 0 -15"><span class='ocrx_word' id='word_1_605' title='bbox 1162 1941 1389 1993; x_wconf 85' lang='lat' dir='ltr'><em>imperterriti</em></span> <span class='ocrx_word' id='word_1_606' title='bbox 1408 1949 1519 1978; x_wconf 83' lang='lat' dir='ltr'><em>erant.</em></span> <span class='ocrx_word' id='word_1_607' title='bbox 1548 1940 1639 1977; x_wconf 82' lang='lat' dir='ltr'><em>Hinc</em></span> <span class='ocrx_word' id='word_1_608' title='bbox 1658 1939 1811 1977; x_wconf 85' lang='lat' dir='ltr'><em>ostendit</em></span> <span class='ocrx_word' id='word_1_609' title='bbox 1837 1940 1916 1977; x_wconf 92' lang='lat' dir='ltr'><em>illos</em></span> <span class='ocrx_word' id='word_1_610' title='bbox 1937 1940 1995 1979; x_wconf 86' lang='lat' dir='ltr'><em>vel</em></span> <span class='ocrx_word' id='word_1_611' title='bbox 2018 1940 2151 1980; x_wconf 82' lang='lat' dir='ltr'><em>invitos</em></span> 
     </span>
     <span class='ocr_line' id='line_1_79' title="bbox 1163 2002 2151 2056; baseline 0.001 -15"><span class='ocrx_word' id='word_1_612' title='bbox 1163 2004 1345 2042; x_wconf 87' lang='lat' dir='ltr'><em>Christum</em></span> <span class='ocrx_word' id='word_1_613' title='bbox 1362 2003 1579 2056; x_wconf 65' lang='lat' dir='ltr'><em>praedicare,</em></span> <span class='ocrx_word' id='word_1_614' title='bbox 1612 2012 1645 2040; x_wconf 91' lang='lat' dir='ltr'><em>et</em></span> <span class='ocrx_word' id='word_1_615' title='bbox 1664 2003 1751 2040; x_wconf 87' lang='lat' dir='ltr'><em>dum</em></span> <span class='ocrx_word' id='word_1_616' title='bbox 1776 2002 1975 2054; x_wconf 79' lang='lat' dir='ltr'><em>dijudicant</em></span> <span class='ocrx_word' id='word_1_617' title='bbox 2001 2013 2034 2041; x_wconf 87' lang='lat' dir='ltr'><em>et</em></span> <span class='ocrx_word' id='word_1_618' title='bbox 2064 2019 2151 2042; x_wconf 81' lang='lat' dir='ltr'><em>exa—</em></span> 
     </span>
     <span class='ocr_line' id='line_1_80' title="bbox 1161 2064 2149 2115; baseline 0.001 -13"><span class='ocrx_word' id='word_1_619' title='bbox 1161 2065 1319 2113; x_wconf 82' lang='lat' dir='ltr'><em>minant,</em></span> <span class='ocrx_word' id='word_1_620' title='bbox 1339 2065 1405 2102; x_wconf 88' lang='lat' dir='ltr'><em>hoc</em></span> <span class='ocrx_word' id='word_1_621' title='bbox 1423 2064 1551 2115; x_wconf 78' lang='lat' dir='ltr'><em>dogma</em></span> <span class='ocrx_word' id='word_1_622' title='bbox 1571 2064 1753 2101; x_wconf 72' lang='lat' dir='ltr'><em>extollere.</em></span> <span class='ocrx_word' id='word_1_623' title='bbox 1780 2065 1900 2114; x_wconf 86' lang='lat' dir='ltr'><em>Quem</em></span> <span class='ocrx_word' id='word_1_624' title='bbox 1925 2078 1997 2102; x_wconf 82' lang='lat' dir='ltr'><em>vos</em></span> <span class='ocrx_word' id='word_1_625' title='bbox 2017 2069 2149 2103; x_wconf 82' lang='lat' dir='ltr'><em>cruci-</em></span> 
     </span>
     <span class='ocr_line' id='line_1_81' title="bbox 1113 2124 2150 2177; baseline 0.002 -15"><span class='ocrx_word' id='word_1_626' title='bbox 1113 2139 1137 2168; x_wconf 65' lang='grc' dir='ltr'><em>(ζ</em></span> <span class='ocrx_word' id='word_1_627' title='bbox 1149 2126 1312 2177; x_wconf 74' lang='lat' dir='ltr'><em>fixistis.</em></span> <span class='ocrx_word' id='word_1_628' title='bbox 1346 2127 1449 2176; x_wconf 79' lang='lat' dir='ltr'><em>Papae</em></span> <span class='ocrx_word' id='word_1_629' title='bbox 1479 2134 1610 2175; x_wconf 81' lang='lat' dir='ltr'><em>quanta</em></span> <span class='ocrx_word' id='word_1_630' title='bbox 1645 2124 1787 2162; x_wconf 88' lang='lat' dir='ltr'><em>dicendi</em></span> <span class='ocrx_word' id='word_1_631' title='bbox 1822 2125 1967 2162; x_wconf 80' lang='lat' dir='ltr'><em>libertas</em></span> <span class='ocrx_word' id='word_1_632' title='bbox 1986 2125 1995 2164; x_wconf 74' lang='lat' dir='ltr'>I</span> <span class='ocrx_word' id='word_1_633' title='bbox 2030 2127 2150 2176; x_wconf 82' lang='lat' dir='ltr'><em>Quem</em></span> 
     </span>
     <span class='ocr_line' id='line_1_82' title="bbox 1160 2184 2149 2237; baseline 0 -14"><span class='ocrx_word' id='word_1_634' title='bbox 1160 2187 1267 2224; x_wconf 87' lang='lat' dir='ltr'><em>Deus</em></span> <span class='ocrx_word' id='word_1_635' title='bbox 1282 2187 1482 2223; x_wconf 74' lang='lat' dir='ltr'><em>suscitavit</em></span> <span class='ocrx_word' id='word_1_636' title='bbox 1501 2199 1526 2222; x_wconf 83' lang='lat' dir='ltr'><em>a</em></span> <span class='ocrx_word' id='word_1_637' title='bbox 1545 2187 1717 2222; x_wconf 84' lang='lat' dir='ltr'><em>mortuis.</em></span> <span class='ocrx_word' id='word_1_638' title='bbox 1735 2184 1811 2222; x_wconf 91' lang='lat' dir='ltr'><em>Hoe</em></span> <span class='ocrx_word' id='word_1_639' title='bbox 1829 2185 1959 2222; x_wconf 88' lang='lat' dir='ltr'><em>iterum</em></span> <span class='ocrx_word' id='word_1_640' title='bbox 1979 2186 2149 2237; x_wconf 80' lang='lat' dir='ltr'><em>majorem</em></span> 
     </span>
     <span class='ocr_line' id='line_1_83' title="bbox 1158 2244 2147 2298; baseline -0.001 -15"><span class='ocrx_word' id='word_1_641' title='bbox 1158 2259 1232 2298; x_wconf 85' lang='lat' dir='ltr'><em>prae</em></span> <span class='ocrx_word' id='word_1_642' title='bbox 1254 2260 1290 2283; x_wconf 91' lang='lat' dir='ltr'><em>se</em></span> <span class='ocrx_word' id='word_1_643' title='bbox 1308 2246 1374 2283; x_wconf 89' lang='lat' dir='ltr'><em>fert</em></span> <span class='ocrx_word' id='word_1_644' title='bbox 1385 2246 1598 2282; x_wconf 79' lang='lat' dir='ltr'><em>libertatem.</em></span> <span class='ocrx_word' id='word_1_645' title='bbox 1624 2244 1700 2282; x_wconf 85' lang='lat' dir='ltr'><em>Hoc</em></span> <span class='ocrx_word' id='word_1_646' title='bbox 1719 2258 1801 2296; x_wconf 82' lang='lat' dir='ltr'><em>ergo</em></span> <span class='ocrx_word' id='word_1_647' title='bbox 1820 2245 1901 2283; x_wconf 72' lang='lat' dir='ltr'><em>vult</em></span> <span class='ocrx_word' id='word_1_648' title='bbox 1919 2245 2122 2296; x_wconf 79' lang='lat' dir='ltr'><em>significare</em></span> <span class='ocrx_word' id='word_1_649' title='bbox 2140 2262 2147 2282; x_wconf 75' lang='grc' dir='ltr'><em>ε</em></span> 
     </span>
     <span class='ocr_line' id='line_1_84' title="bbox 1160 2306 2149 2360; baseline -0.001 -13"><span class='ocrx_word' id='word_1_650' title='bbox 1160 2310 1213 2347; x_wconf 88' lang='lat' dir='ltr'><em>Ne</em></span> <span class='ocrx_word' id='word_1_651' title='bbox 1236 2308 1365 2360; x_wconf 87' lang='lat' dir='ltr'><em>putetis</em></span> <span class='ocrx_word' id='word_1_652' title='bbox 1383 2322 1446 2346; x_wconf 89' lang='lat' dir='ltr'><em>nos</em></span> <span class='ocrx_word' id='word_1_653' title='bbox 1472 2306 1709 2359; x_wconf 83' lang='lat' dir='ltr'><em>ignominiosa</em></span> <span class='ocrx_word' id='word_1_654' title='bbox 1728 2308 1923 2357; x_wconf 72' lang='lat' dir='ltr'><em>occultare5</em></span> <span class='ocrx_word' id='word_1_655' title='bbox 1952 2307 2015 2345; x_wconf 77' lang='lat' dir='ltr'><em>illa</em></span> <span class='ocrx_word' id='word_1_656' title='bbox 2037 2308 2149 2346; x_wconf 85' lang='lat' dir='ltr'><em>libere</em></span> 
     </span>
     <span class='ocr_line' id='line_1_85' title="bbox 1158 2368 2147 2422; baseline 0 -15"><span class='ocrx_word' id='word_1_657' title='bbox 1158 2369 1413 2422; x_wconf 65' lang='lat' dir='ltr'><em>praedicamus,</em></span> <span class='ocrx_word' id='word_1_658' title='bbox 1440 2369 1573 2408; x_wconf 89' lang='lat' dir='ltr'><em>nedum</em></span> <span class='ocrx_word' id='word_1_659' title='bbox 1602 2369 1765 2406; x_wconf 86' lang='lat' dir='ltr'><em>celemus.</em></span> <span class='ocrx_word' id='word_1_660' title='bbox 1798 2368 1881 2406; x_wconf 85' lang='lat' dir='ltr'><em>Haee</em></span> <span class='ocrx_word' id='word_1_661' title='bbox 1912 2378 2052 2406; x_wconf 80' lang='lat' dir='ltr'><em>tantum</em></span> <span class='ocrx_word' id='word_1_662' title='bbox 2079 2383 2147 2407; x_wconf 90' lang='lat' dir='ltr'><em>non</em></span> 
     </span>
     <span class='ocr_line' id='line_1_86' title="bbox 1160 2430 2149 2484; baseline 0 -16"><span class='ocrx_word' id='word_1_663' title='bbox 1160 2432 1403 2484; x_wconf 80' lang='lat' dir='ltr'><em>improperans</em></span> <span class='ocrx_word' id='word_1_664' title='bbox 1427 2430 1533 2477; x_wconf 83' lang='lat' dir='ltr'><em>dicit,</em></span> <span class='ocrx_word' id='word_1_665' title='bbox 1562 2445 1676 2481; x_wconf 86' lang='lat' dir='ltr'><em>neque</em></span> <span class='ocrx_word' id='word_1_666' title='bbox 1705 2430 1931 2483; x_wconf 82' lang='lat' dir='ltr'><em>simpliciter,</em></span> <span class='ocrx_word' id='word_1_667' title='bbox 1954 2430 2016 2468; x_wconf 86' lang='lat' dir='ltr'><em>sed</em></span> <span class='ocrx_word' id='word_1_668' title='bbox 2044 2431 2149 2469; x_wconf 80' lang='lat' dir='ltr'><em>etiam</em></span> 
     </span>
     <span class='ocr_line' id='line_1_87' title="bbox 1160 2492 2150 2544; baseline -0.001 -14"><span class='ocrx_word' id='word_1_669' title='bbox 1160 2493 1196 2530; x_wconf 90' lang='lat' dir='ltr'><em>in</em></span> <span class='ocrx_word' id='word_1_670' title='bbox 1209 2492 1267 2530; x_wconf 90' lang='lat' dir='ltr'><em>his</em></span> <span class='ocrx_word' id='word_1_671' title='bbox 1277 2502 1445 2530; x_wconf 86' lang='lat' dir='ltr'><em>moratur.</em></span> <span class='ocrx_word' id='word_1_672' title='bbox 1462 2494 1538 2529; x_wconf 81' lang='lat' dir='ltr'><em>Hic</em></span> <span class='ocrx_word' id='word_1_673' title='bbox 1555 2501 1609 2530; x_wconf 78' lang='lat' dir='ltr'><em>est</em></span> <span class='ocrx_word' id='word_1_674' title='bbox 1623 2493 1723 2544; x_wconf 81' lang='lat' dir='ltr'><em>lapis</em></span> <span class='ocrx_word' id='word_1_675' title='bbox 1736 2523 1747 2539; x_wconf 91' lang='lat'><strong><em>7</em></strong></span> <span class='ocrx_word' id='word_1_676' title='bbox 1764 2495 1830 2544; x_wconf 83' lang='lat' dir='ltr'><em>qui</em></span> <span class='ocrx_word' id='word_1_677' title='bbox 1850 2495 2074 2543; x_wconf 81' lang='lat' dir='ltr'><em>reprobatus</em></span> <span class='ocrx_word' id='word_1_678' title='bbox 2094 2501 2150 2529; x_wconf 81' lang='lat' dir='ltr'><em>est</em></span> 
     </span>
     <span class='ocr_line' id='line_1_88' title="bbox 1161 2552 2149 2604; baseline -0.002 -13"><span class='ocrx_word' id='word_1_679' title='bbox 1161 2566 1186 2591; x_wconf 83' lang='lat' dir='ltr'><strong><em>a</em></strong></span> <span class='ocrx_word' id='word_1_680' title='bbox 1209 2556 1321 2591; x_wconf 84' lang='lat' dir='ltr'><em>vobis</em></span> <span class='ocrx_word' id='word_1_681' title='bbox 1348 2553 1644 2604; x_wconf 66' lang='lat' dir='ltr'><em>aedificantibus.</em></span> <span class='ocrx_word' id='word_1_682' title='bbox 1670 2552 1808 2590; x_wconf 87' lang='lat' dir='ltr'><em>Deinde</em></span> <span class='ocrx_word' id='word_1_683' title='bbox 1836 2552 2021 2590; x_wconf 89' lang='lat' dir='ltr'><em>ostendens</em></span> <span class='ocrx_word' id='word_1_684' title='bbox 2055 2553 2149 2604; x_wconf 89' lang='lat' dir='ltr'><em>ipsos</em></span> 
     </span>
     <span class='ocr_line' id='line_1_89' title="bbox 1159 2615 2148 2667; baseline -0.003 -12"><span class='ocrx_word' id='word_1_685' title='bbox 1159 2616 1355 2655; x_wconf 83' lang='lat' dir='ltr'><em>admodum</em></span> <span class='ocrx_word' id='word_1_686' title='bbox 1373 2615 1603 2667; x_wconf 86' lang='lat' dir='ltr'><em>conspicuum</em></span> <span class='ocrx_word' id='word_1_687' title='bbox 1623 2615 1725 2652; x_wconf 88' lang='lat' dir='ltr'><em>illum</em></span> <span class='ocrx_word' id='word_1_688' title='bbox 1750 2615 1893 2664; x_wconf 78' lang='lat' dir='ltr'><em>fecisse,</em></span> <span class='ocrx_word' id='word_1_689' title='bbox 1923 2615 2048 2653; x_wconf 78' lang='lat' dir='ltr'><em>addit:</em></span> <span class='ocrx_word' id='word_1_690' title='bbox 2074 2617 2148 2666; x_wconf 82' lang='lat' dir='ltr'><em>Qui</em></span> 
     </span>
     <span class='ocr_line' id='line_1_90' title="bbox 1147 2677 2146 2731; baseline -0.003 -15"><span class='ocrx_word' id='word_1_691' title='bbox 1147 2680 1288 2731; x_wconf 79' lang='lat' dir='ltr'><em>factus</em></span> <span class='ocrx_word' id='word_1_692' title='bbox 1307 2687 1363 2716; x_wconf 82' lang='lat' dir='ltr'><em>est</em></span> <span class='ocrx_word' id='word_1_693' title='bbox 1391 2680 1433 2714; x_wconf 85' lang='lat' dir='ltr'><em>in</em></span> <span class='ocrx_word' id='word_1_694' title='bbox 1450 2685 1565 2728; x_wconf 83' lang='lat' dir='ltr'><em>eaput</em></span> <span class='ocrx_word' id='word_1_695' title='bbox 1591 2677 1748 2728; x_wconf 71' lang='lat' dir='ltr'><em>anguli7·</em></span> <span class='ocrx_word' id='word_1_696' title='bbox 1776 2677 1816 2714; x_wconf 88' lang='lat' dir='ltr'><em>id</em></span> <span class='ocrx_word' id='word_1_697' title='bbox 1835 2687 1885 2714; x_wconf 88' lang='lat' dir='ltr'><em>est</em></span> <span class='ocrx_word' id='word_1_698' title='bbox 1896 2707 1907 2727; x_wconf 93' lang='lat'><strong><em>7</em></strong></span> <span class='ocrx_word' id='word_1_699' title='bbox 1938 2677 2000 2727; x_wconf 88' lang='lat' dir='ltr'><em>qui</em></span> <span class='ocrx_word' id='word_1_700' title='bbox 2019 2686 2146 2714; x_wconf 80' lang='lat' dir='ltr'><em>natura</em></span> 
     </span>
     <span class='ocr_line' id='line_1_91' title="bbox 1158 2738 2144 2792; baseline -0.001 -15"><span class='ocrx_word' id='word_1_701' title='bbox 1158 2739 1332 2792; x_wconf 87' lang='lat' dir='ltr'><em>pretiosus</em></span> <span class='ocrx_word' id='word_1_702' title='bbox 1365 2752 1405 2776; x_wconf 83' lang='lat' dir='ltr'><em>ac</em></span> <span class='ocrx_word' id='word_1_703' title='bbox 1434 2738 1604 2790; x_wconf 83' lang='lat' dir='ltr'><em>probatus</em></span> <span class='ocrx_word' id='word_1_704' title='bbox 1626 2747 1724 2787; x_wconf 80' lang='lat' dir='ltr'><em>erat,</em></span> <span class='ocrx_word' id='word_1_705' title='bbox 1752 2738 1812 2775; x_wconf 82' lang='lat' dir='ltr'><em>hic</em></span> <span class='ocrx_word' id='word_1_706' title='bbox 1840 2738 2050 2790; x_wconf 76' lang='lat' dir='ltr'><em>reprobatus</em></span> <span class='ocrx_word' id='word_1_707' title='bbox 2078 2747 2144 2776; x_wconf 85' lang='lat' dir='ltr'><em>est.</em></span> 
     </span>
     <span class='ocr_line' id='line_1_92' title="bbox 1109 2798 2145 2851; baseline -0.007 -9"><span class='ocrx_word' id='word_1_708' title='bbox 1109 2813 1134 2842; x_wconf 91' lang='lat' dir='ltr'>D</span> <span class='ocrx_word' id='word_1_709' title='bbox 1159 2803 1312 2839; x_wconf 83' lang='lat' dir='ltr'><em>Tantam</em></span> <span class='ocrx_word' id='word_1_710' title='bbox 1326 2815 1345 2840; x_wconf 82' lang='lat' dir='ltr'>a</span> <span class='ocrx_word' id='word_1_711' title='bbox 1359 2800 1458 2851; x_wconf 81' lang='lat' dir='ltr'><em>signo</em></span> <span class='ocrx_word' id='word_1_712' title='bbox 1472 2800 1563 2837; x_wconf 81' lang='lat' dir='ltr'><em>facto</em></span> <span class='ocrx_word' id='word_1_713' title='bbox 1579 2799 1757 2837; x_wconf 80' lang='lat' dir='ltr'><em>habebant</em></span> <span class='ocrx_word' id='word_1_714' title='bbox 1768 2799 1937 2850; x_wconf 89' lang='lat' dir='ltr'><em>loquendi</em></span> <span class='ocrx_word' id='word_1_715' title='bbox 1960 2798 2145 2836; x_wconf 81' lang='lat' dir='ltr'><em>fiduciam.</em></span> 
     </span>
     <span class='ocr_line' id='line_1_93' title="bbox 1160 2852 2149 2912; baseline -0.004 -12"><span class='ocrx_word' id='word_1_716' title='bbox 1160 2863 1218 2900; x_wconf 91' lang='lat' dir='ltr'><em>Tu</em></span> <span class='ocrx_word' id='word_1_717' title='bbox 1237 2875 1321 2899; x_wconf 76' lang='lat' dir='ltr'><em>vero</em></span> <span class='ocrx_word' id='word_1_718' title='bbox 1338 2860 1430 2898; x_wconf 88' lang='lat' dir='ltr'><em>mihi</em></span> <span class='ocrx_word' id='word_1_719' title='bbox 1459 2859 1636 2912; x_wconf 88' lang='lat' dir='ltr'><em>perpende</em></span> <span class='ocrx_word' id='word_1_720' title='bbox 1655 2890 1664 2907; x_wconf 98' lang='lat'><strong><em>7</em></strong></span> <span class='ocrx_word' id='word_1_721' title='bbox 1693 2852 1892 2910; x_wconf 70' lang='lat' dir='ltr'><em>quomodo,</em></span> <span class='ocrx_word' id='word_1_722' title='bbox 1921 2874 2001 2897; x_wconf 88' lang='lat' dir='ltr'><em>cum</em></span> <span class='ocrx_word' id='word_1_723' title='bbox 2022 2859 2149 2897; x_wconf 85' lang='lat' dir='ltr'><em>docere</em></span> 
     </span>
     <span class='ocr_line' id='line_1_94' title="bbox 1158 2921 2147 2975; baseline -0.004 -14"><span class='ocrx_word' id='word_1_724' title='bbox 1158 2931 1294 2975; x_wconf 88' lang='lat' dir='ltr'><em>oportet</em></span> <span class='ocrx_word' id='word_1_725' title='bbox 1309 2952 1321 2972; x_wconf 93' lang='lat'><strong><em>7</em></strong></span> <span class='ocrx_word' id='word_1_726' title='bbox 1349 2921 1552 2974; x_wconf 79' lang='lat' dir='ltr'><em>prophetias</em></span> <span class='ocrx_word' id='word_1_727' title='bbox 1583 2922 1731 2958; x_wconf 80' lang='lat' dir='ltr'><em>afferant</em></span> <span class='ocrx_word' id='word_1_728' title='bbox 1765 2921 1896 2958; x_wconf 84' lang='lat' dir='ltr'><em>multas</em></span> <span class='ocrx_word' id='word_1_729' title='bbox 1907 2936 1917 2969; x_wconf 76' lang='lat'>3</span> <span class='ocrx_word' id='word_1_730' title='bbox 1947 2934 2029 2958; x_wconf 86' lang='lat' dir='ltr'><em>cum</em></span> <span class='ocrx_word' id='word_1_731' title='bbox 2061 2934 2147 2958; x_wconf 69' lang='lat' dir='ltr'><em>vero</em></span> 
     </span>
     <span class='ocr_line' id='line_1_95' title="bbox 1156 2981 2147 3034; baseline -0.003 -13"><span class='ocrx_word' id='word_1_732' title='bbox 1156 2984 1268 3021; x_wconf 88' lang='lat' dir='ltr'><em>libere</em></span> <span class='ocrx_word' id='word_1_733' title='bbox 1282 2982 1497 3034; x_wconf 87' lang='lat' dir='ltr'><em>loquendum</em></span> <span class='ocrx_word' id='word_1_734' title='bbox 1517 2991 1581 3029; x_wconf 86' lang='lat' dir='ltr'><em>est,</em></span> <span class='ocrx_word' id='word_1_735' title='bbox 1601 2983 1809 3020; x_wconf 78' lang='lat' dir='ltr'><em>sententiam</em></span> <span class='ocrx_word' id='word_1_736' title='bbox 1824 2982 1939 3020; x_wconf 90' lang='lat' dir='ltr'><em>solum</em></span> <span class='ocrx_word' id='word_1_737' title='bbox 1953 2981 2147 3034; x_wconf 83' lang='lat' dir='ltr'><em>proferant.</em></span> 
     </span>
     <span class='ocr_line' id='line_1_96' title="bbox 1158 3043 2147 3096; baseline -0.003 -14"><span class='ocrx_word' id='word_1_738' title='bbox 1158 3046 1292 3096; x_wconf 76' lang='lat' dir='ltr'><em>Neque</em></span> <span class='ocrx_word' id='word_1_739' title='bbox 1323 3047 1425 3082; x_wconf 87' lang='lat' dir='ltr'><em>enim</em></span> <span class='ocrx_word' id='word_1_740' title='bbox 1453 3073 1463 3092; x_wconf 90' lang='lat'><strong><em>7</em></strong></span> <span class='ocrx_word' id='word_1_741' title='bbox 1494 3043 1631 3093; x_wconf 82' lang='lat' dir='ltr'><em>inquit,</em></span> <span class='ocrx_word' id='word_1_742' title='bbox 1664 3043 1776 3080; x_wconf 80' lang='lat' dir='ltr'><em>aliud</em></span> <span class='ocrx_word' id='word_1_743' title='bbox 1814 3056 1952 3079; x_wconf 85' lang='lat' dir='ltr'><em>nomen</em></span> <span class='ocrx_word' id='word_1_744' title='bbox 1985 3051 2040 3079; x_wconf 86' lang='lat' dir='ltr'><em>est</em></span> <span class='ocrx_word' id='word_1_745' title='bbox 2078 3044 2147 3079; x_wconf 80' lang='lat' dir='ltr'><em>sub</em></span> 
     </span>
     <span class='ocr_line' id='line_1_97' title="bbox 1157 3105 2147 3154; baseline -0.004 -11"><span class='ocrx_word' id='word_1_746' title='bbox 1157 3106 1252 3143; x_wconf 84' lang='lat' dir='ltr'><em>caelo</em></span> <span class='ocrx_word' id='word_1_747' title='bbox 1299 3106 1434 3143; x_wconf 81' lang='lat' dir='ltr'><em>datum</em></span> <span class='ocrx_word' id='word_1_748' title='bbox 1480 3105 1699 3142; x_wconf 80' lang='lat' dir='ltr'><em>hominihus</em></span> <span class='ocrx_word' id='word_1_749' title='bbox 1722 3133 1735 3150; x_wconf 83' lang='lat'><strong><em>7</em></strong></span> <span class='ocrx_word' id='word_1_750' title='bbox 1788 3105 1829 3140; x_wconf 86' lang='lat' dir='ltr'><em>in</em></span> <span class='ocrx_word' id='word_1_751' title='bbox 1867 3116 1941 3154; x_wconf 83' lang='lat' dir='ltr'><em>quo</em></span> <span class='ocrx_word' id='word_1_752' title='bbox 1977 3111 2147 3154; x_wconf 80' lang='lat' dir='ltr'><em>oporteat</em></span> 
     </span>
     <span class='ocr_line' id='line_1_98' title="bbox 1159 3163 2149 3219; baseline -0.004 -15"><span class='ocrx_word' id='word_1_753' title='bbox 1159 3181 1226 3206; x_wconf 86' lang='lat' dir='ltr'><em>nos</em></span> <span class='ocrx_word' id='word_1_754' title='bbox 1246 3167 1374 3205; x_wconf 73' lang='lat' dir='ltr'><em>salvos</em></span> <span class='ocrx_word' id='word_1_755' title='bbox 1383 3167 1491 3219; x_wconf 88' lang='lat' dir='ltr'><em>fieri.</em></span> <span class='ocrx_word' id='word_1_756' title='bbox 1531 3165 1625 3211; x_wconf 87' lang='lat' dir='ltr'><em>Quia</em></span> <span class='ocrx_word' id='word_1_757' title='bbox 1651 3164 1815 3202; x_wconf 84' lang='lat' dir='ltr'><em>omnibus</em></span> <span class='ocrx_word' id='word_1_758' title='bbox 1833 3163 2060 3210; x_wconf 87' lang='lat' dir='ltr'><em>hominibus,</em></span> <span class='ocrx_word' id='word_1_759' title='bbox 2088 3177 2149 3200; x_wconf 80' lang='lat' dir='ltr'><em>ne-</em></span> 
     </span>
    </p>
   </div>
   <div class='ocr_carea' id='block_1_14' title="bbox 1149 3304 2096 3402">
    <p class='ocr_par' dir='ltr' id='par_1_15' title="bbox 1149 3304 2096 3402">
     <span class='ocr_line' id='line_1_99' title="bbox 1149 3304 2096 3351; baseline -0.006 -9"><span class='ocrx_word' id='word_1_760' title='bbox 1149 3333 1153 3336; x_wconf 80' lang='lat'><strong>·</strong></span> <span class='ocrx_word' id='word_1_761' title='bbox 1182 3310 1197 3332; x_wconf 78' lang='lat'><em>1,</em></span> <span class='ocrx_word' id='word_1_762' title='bbox 1220 3318 1278 3342; x_wconf 76' lang='grc' dir='ltr'><em>τῶν</em></span> <span class='ocrx_word' id='word_1_763' title='bbox 1291 3311 1520 3351; x_wconf 67' lang='grc' dir='ltr'>οῖκοὸομοὺντων</span> <span class='ocrx_word' id='word_1_764' title='bbox 1536 3305 1628 3338; x_wconf 69' lang='lat' dir='ltr'><em>deest</em></span> <span class='ocrx_word' id='word_1_765' title='bbox 1645 3304 1677 3336; x_wconf 86' lang='lat' dir='ltr'><em>in</em></span> <span class='ocrx_word' id='word_1_766' title='bbox 1692 3304 1805 3351; x_wconf 73' lang='lat' dir='ltr'><em>Mox-el.</em></span> <span class='ocrx_word' id='word_1_767' title='bbox 1825 3306 1882 3347; x_wconf 83' lang='lat' dir='ltr'><em>[D.</em></span> <span class='ocrx_word' id='word_1_768' title='bbox 1898 3313 1933 3338; x_wconf 84' lang='lat' dir='ltr'><em>et</em></span> <span class='ocrx_word' id='word_1_769' title='bbox 1950 3306 2096 3346; x_wconf 64' lang='lat' dir='ltr'><em>Erasm]</em></span> 
     </span>
     <span class='ocr_line' id='line_1_100' title="bbox 1182 3359 1742 3402; baseline -0.002 -10"><span class='ocrx_word' id='word_1_770' title='bbox 1182 3370 1194 3384; x_wconf 60' lang='grc' dir='ltr'>Ω</span> <span class='ocrx_word' id='word_1_771' title='bbox 1212 3359 1358 3402; x_wconf 76' lang='lat' dir='ltr'><em>Quidam</em></span> <span class='ocrx_word' id='word_1_772' title='bbox 1375 3361 1453 3392; x_wconf 82' lang='lat' dir='ltr'><em>Mss.</em></span> <span class='ocrx_word' id='word_1_773' title='bbox 1474 3363 1742 3402; x_wconf 65' lang='grc' dir='ltr'>παρῤησιάζεσθαι.</span> 
     </span>
    </p>
   </div>
  </div>
 </body>
</html>
