2502 3810
710 246 750 275 {N
792 245 907 275 ACTA
946 245 1275 276 APOSTOLORUM
1314 245 1470 276 HOMtt..

144 325 246 375 λιμοῦ
271 324 328 362 καὶ
356 327 418 371 τ’ἧς
446 325 566 372 πείνης
602 327 836 377 ὠθουμένους·
864 330 993 366 ἑαυτῶν
1030 327 1065 366 δὲ
1099 329 1159 365 οὐκ

144 387 389 435 ἐπιμελοῦνται
406 385 482 423 οὐδὲ
500 386 741 425 ἐπιτάττουσιν
761 387 851 425 ὥστε
868 388 915 438 μὴ
940 395 1083 440 τρυφᾷν·
1101 388 1160 426 καὶ

145 445 187 482 τὰ
212 445 272 495 μὲν
296 446 404 497 ἄλογα
431 448 626 499 φιλοσοφεῖν
658 448 897 496 διδάσκουσιν,
920 449 1015 486 αὐτοὶ
1047 448 1082 487 δὲ
1115 450 1162 491 εἷς

144 504 205 551 τὴν
225 509 293 544 τῶν
322 506 455 557 ἀλόγων
475 507 685 560 ρθηριωδίαν
707 509 888 560 ἀνέχονται
916 508 1159 559 καταγόμενοι.

146 565 299 617 Αἴνιγμα
312 567 351 604 τὸ
367 567 515 618 πρᾶγμά
529 569 614 606 ε’στι.
631 568 699 605 Καὶ
715 572 781 605 ποῦ
798 568 841 605 τὰ
858 568 968 619 ἄλογα
979 568 1162 620 φιλόσοφα,

146 626 268 677 (peciit,
284 625 332 664 Ἢ
350 628 387 665 οὐ
406 629 497 665 δοκεῖ
512 644 565 666 σοι
579 629 779 680 φιλοσοφίας
800 622 886 666 εἶναι
902 629 1068 679 μεγάλης,
1081 629 1162 667 ὅταν

147 686 237 724 κύων
260 687 465 738 δακνόμενος
488 689 555 726 ὑπὸ
572 694 630 726 τοῦ
653 690 775 738 λιμοῦ,
799 688 888 739 μετὰ
907 689 946 726 τὸ
964 688 1084 726 λαδεῖν
1103 688 1163 726 καὶ

146 750 328 797 θηρεῦσαι,
348 748 524 800 παρούσης
541 749 716 799 ἀπέχηται
734 752 796 794 τῆς
814 752 961 801 τροφῆς,
991 748 1050 786 καὶ
1075 747 1161 799 τρά-

145 811 251 851 πεζαν
271 824 358 860 ορων
373 809 646 860 παρακειμένην,
662 808 720 845 καὶ
737 813 795 846 τοῦ
814 809 916 857 λιμοῦ
933 807 1162 858 κατεπείγον-

145 883 202 910 τος
235 869 398 918 ἀναμένοι
431 885 488 907 τον
527 868 695 915 δεσπότην
679 884 716 916 ν,
751 868 968 920 ΑἰσᾸύνθητε
1000 867 1161 910 ἑαυτούς·

145 928 352 967 παιδεύσατε
371 929 432 971 τὰς
457 928 626 979 ὑμετέρας
639 928 809 979 γαστέρας
828 927 935 970 οὕτως
952 921 1039 965 εἶναι
1063 929 1163 979 φιλο-

147 988 282 1040 σόφους.
302 991 379 1026 Οὐκ
407 988 498 1027 ἔστιν
525 992 604 1039 ὑμῖν
625 988 807 1038 ἀπολογία.
834 988 965 1039 Ἀλόγῳ
985 987 1083 1039 φύσει
1100 989 1162 1024 δυ-

147 1049 256 1095 νηθεὶς
275 1051 419 1086 ἐνθεῖναι
439 1049 516 1087 οὔτε
531 1048 745 1100 φθεγγομένη
762 1048 839 1086 οὔτε
852 1047 1018 1098 λογισμὸν
1036 1047 1162 1098 ἐχούσῄ

145 1108 315 1155 τοσαύτην
342 1109 563 1160 φιλοσοφίαν,
587 1110 706 1146 πολλι)
737 1110 866 1158 μᾶλλον
885 1106 1013 1158 δυνήσῃ
1035 1123 1164 1161 σαυτῳ.

144 1169 229 1206 01Οτι
244 1169 309 1220 γὰρ
333 1170 530 1219 ἐπιμελείας
547 1169 793 1221 ἁνθρωπίνης’
779 1169 864 1214 εστὶ,
879 1185 937 1207 και
954 1185 991 1206 ου
1011 1168 1164 1220 φύσεως,

144 1232 250 1282 ἐχρῆν
267 1230 422 1273 ἅπαντας
446 1245 545 1268 τουτο
565 1229 643 1272 τους
667 1228 772 1273 κύνας
800 1229 858 1281 ἔχε
843 1245 907 1266 ιν.
935 1228 1082 1267 Γένεσθε
1108 1232 1165 1268 οὖν

145 1290 235 1328 κατὰ
263 1307 339 1333 τους
359 1290 475 1333 κύνας.
499 1290 619 1341 Ὑμεῖς
650 1306 692 1340 με
722 1290 934 1342 ἀναγκάζετε
966 1292 1091 1328 ἐκεῖθεν
1121 1290 1167 1329 τα

144 1351 414 1403 παραδείγματα
437 1351 549 1405 φέρειν
566 1369 574 1376 ·
596 1352 665 1390 ἔδει
691 1351 753 1402 μὲν
778 1351 846 1404 γὰρ
871 1352 940 1390 ἀπὸ
967 1355 1034 1390 τῶν
1063 1354 1164 1404 οὖρα-

145 1412 224 1449 νίων
242 1427 249 1435 ·
282 1412 400 1458 ἐπειδὴ
431 1413 487 1460 δὲ,
519 1413 558 1451 ἂν
593 1413 680 1451 εἴπω
707 1429 740 1450 τι
768 1417 943 1460 τοιοῦτον,
963 1412 1081 1464 λέγετε
1112 1412 1164 1450 ὅτι

145 1475 258 1510 ἐκεῖνα
286 1473 418 1523 μεγάλα
439 1474 524 1521 εἰσὶ,
548 1473 604 1512 διὰ
628 1477 728 1512 τοῦτο
745 1473 838 1511 οὐδὲν
855 1473 946 1524 λέγω
971 1477 1038 1511 τῶν
1059 1475 1164 1525 οὐρα-

144 1534 238 1571 νίων.
269 1535 342 1572 Κᾶν
363 1534 447 1571 εἴπω
471 1535 528 1572 τὸν
547 1537 700 1582 Παῦλον,
719 1534 838 1585 λέγετε
862 1534 913 1572 ὅτι
932 1535 1059 1578 ἐκεῖνος
1076 1533 1165 1572 ἀπό-

146 1596 264 1637 στολος
291 1589 332 1641 ἦν
349 1610 356 1617 ·
386 1595 442 1632 διὰ
468 1599 570 1633 τοῦτο
596 1594 671 1633 οὐδὲ
698 1596 838 1633 Παῦλον
864 1595 968 1645 λέγω.
993 1594 1054 1632 Ἂν
1076 1594 1164 1633 εἴπω

145 1655 342 1706 ἄνθρωπον,
360 1654 513 1705 λέγετεᾶ
493 1672 546 1693 οτι
565 1658 691 1698 εκεῖνος
706 1655 875 1702 ηούνατο·
894 1655 950 1693 διὰ
969 1660 1069 1694 τουτο
1087 1655 1163 1694 οὐδὲ

145 1714 286 1765 ἅνθρω-
276 1731 323 1752 ον
349 1714 460 1765 λέγω,
487 1715 577 1753 ἀλλὰ
607 1715 741 1767 θηρίον,
761 1715 818 1752 καὶ
851 1715 968 1768 θηρίον
1000 1718 1037 1753 οὐ
1065 1715 1164 1768 φύσει

144 1779 244 1812 τοῦτο
263 1775 359 1826 ἔχον,
383 1775 438 1813 ι’να
456 1776 504 1826 μὴ
523 1776 643 1822 εἴπητε
659 1793 711 1814 οτι
734 1775 850 1828 φύσει,
867 1777 926 1815 καὶ
946 1778 982 1815 οὖ
1001 1793 1164 1830 προαιρε-

145 1852 198 1874 σει
212 1841 313 1875 τοῦτο
338 1837 547 1888 κατώρθωσε
562 1853 570 1860 ·
585 1837 644 1875 καὶ
665 1838 704 1876 τὸ
719 1837 782 1883 Ᾱδὴ
800 1838 1014 1888 θαυμαστὸν,
1035 1853 1163 1889 προαι-

147 1897 237 1950 ρέσει
262 1899 323 1936 οὐκ
354 1898 481 1949 οἰκεία,
516 1898 606 1936 ἀλλὰ
636 1902 678 1950 τῇ
708 1901 750 1949 σῇ
782 1898 976 1950 ἐπιμελείᾳ.
1002 1900 1083 1950 Οὐχ
1110 1897 1164 1936 ὅτι

143 1958 334 2006 κατεκόπη,
351 1960 415 2010 οὐχ
437 1958 489 1996 ὅτι
509 1958 699 2004 διεσπάσθη
721 1961 769 2010 τῷ
782 1958 925 2011 δρόμῳ,
943 1961 1007 2010 οὐχ
1025 1958 1076 1996 ὅτι
1093 1965 1162 2002 τοῖς

143 2018 287 2062 οἰκείοις
314 2021 416 2056 αὐτοῦ
450 2019 565 2062 πόνοις
592 2019 736 2067 ἔλαὲεν,
769 2021 896 2057 ἐννοεῖ·
928 2019 1018 2057 ἀλλὰ
1046 2019 1162 2058 πάντα

142 2083 250 2116 ταῦτα
269 2080 369 2132 ῥίψεις
388 2079 464 2128 ἔξω,
484 2080 522 2118 τὸ
541 2084 600 2118 τοῦ
621 2080 786 2118 δεσπότου
801 2079 1010 2132 πρόσταγμα
1026 2079 1160 2132 φυλάτ-

141 2156 211 2186 τει,
244 2140 303 2178 καὶ
332 2141 480 2194 γαστρὸς
512 2140 710 2192 ι)οἰνώτερον
742 2141 885 2192 γίνεται.
924 2141 1012 2189 Ναὶ,
1050 2141 1159 2192 φησί·

140 2202 317 2253 προσδοκᾷ
344 2200 411 2253 γὰρ
452 2201 760 2247 ἐπαινεθήσεσθαι,
795 2202 974 2253 προσδοκᾷ
1003 2201 1159 2244 πλείονος

139 2260 397 2298 ἀπολαύσεσθαι
425 2262 608 2314 τραπέζης.
631 2261 721 2300 Εἰπὲ
742 2256 799 2299 οῧν
822 2261 880 2299 καὶ
901 2264 1040 2314 σαυτῷ,
1064 2262 1116 2300 ὅτι
1140 2265 1157 2300 ὁ

138 2321 227 2360 κύων
257 2322 368 2359 ελπίδι
389 2321 582 2373 μελλούσης
601 2323 742 2369 ἡδονῆς,
769 2326 830 2369 τῆς
845 2323 1022 2374 παρούσης
1047 2339 1156 2362 κοιτα-

136 2387 263 2434 φρονεῖ·
283 2399 323 2421 συ
347 2382 381 2420 δε
397 2385 434 2421 οὐ
451 2383 567 2434 βούλει
583 2383 696 2421 ἐλπίδι
715 2399 783 2420 των
801 2383 996 2421 μελλόντων
1017 2386 1155 2435 ἀγαθῶν

135 2446 203 2481 τῶν
232 2443 411 2495 παρόντων
440 2450 689 2496 καταφρονεῖν·
714 2445 790 2482 ἀλλ’
820 2447 947 2488 ἐκεῖνος
974 2460 1036 2494 μεν
1065 2439 1153 2483 οἶδεν

136 2520 211 2550 οτι,
234 2520 273 2541 αν
296 2505 448 2558 ἀκαίρως
466 2521 525 2542 και
543 2504 640 2558 παρα
658 2505 698 2544 τὸ
715 2521 764 2542 τω
785 2505 934 2558 δεσπότῃ
954 2507 1072 2544 δοκουν
1092 2522 1154 2552 της

134 2567 263 2617 τροφῆς
283 2565 534 2615 ἀπογεύσηται,
554 2566 716 2613 κάκείνης
736 2545 1078 2619 ἀποστερηθήσεται,
1094 2568 1154 2606 καὶ

135 2624 212 2663 οὐδὲ
233 2625 294 2672 τὴν
323 2625 519 2677 ὡρισμένην
549 2626 634 2674 ἕξει,
667 2626 804 2678 πληγὰς
834 2626 951 2666 λαὸὼν
985 2628 1062 2666 ἀντὶ
1092 2633 1154 2676 τῆς

135 2690 279 2738 τροφῆς·
304 2686 344 2725 σὺ
378 2687 413 2724 δὲ
442 2687 516 2724 οὐδὲ
546 2693 646 2726 τοῦτο
683 2687 826 2726 δύνασαι
863 2689 958 2737 ἰδεῖν,
979 2689 1038 2727 καὶ
1068 2689 1153 2743 ὅπερ

134 2748 202 2785 ἀπὸ
222 2750 283 2794 τῆς
298 2748 478 2795 συνηθείας
495 2749 620 2799 ἔμαθεν
641 2750 788 2796 ἐκεῖνος,
810 2753 913 2788 τοῦτο
943 2750 984 2788 σὺ
1008 2751 1076 2789 ἀπὸ
1094 2751 1153 2790 λό-

133 2824 192 2859 γου
209 2811 246 2847 οὐ
263 2813 452 2861 κατορθοῖς.
470 2809 721 2861 Μιμησώμεθα
738 2809 816 2853 τοὺς
832 2810 946 2854 κύνας.
966 2813 1079 2851 Τοῦτο
1097 2813 1153 2850 λε’-

132 2883 250 2917 γονται
275 2870 334 2907 καὶ
361 2870 495 2923 ἱέρακες
524 2875 634 2909 ποιεῖν
665 2870 724 2908 καὶ
746 2871 850 2909 ἀετοί.
868 2871 987 2924 εὈπερ
1005 2873 1062 2911 ἐπὶ
1081 2877 1149 2912 τῶν

132 2929 291 2980 ι*ἀλόγων
319 2930 376 2967 καὶ
401 2933 468 2967 τῶν
488 2931 663 2982 δορκάδων
693 2933 837 2980 ἐκεῖνοι,
865 2937 964 2971 τοῦτο
993 2933 1052 2971 ἐπὶ
1080 2938 1149 2973 τῶν

131 2988 271 3039 ὀρνίθων
303 2984 415 3027 οὗτοι·
449 2991 508 3028 καὶ
526 2986 618 3030 οῧτοι
647 2990 683 3029 δὲ
711 2991 817 3029 πάλιν
849 2993 918 3031 ἀπὸ
948 2995 1148 3047 φιλοσοφίας

131 3048 359 3100 ἀνθρωπίνης.
381 3052 505 3089 Ταῦτα
530 3056 625 3102 ἡμᾶς
658 3053 890 3092 καταδικάσαι
913 3054 1005 3106 ἔχει,
1036 3059 1147 3094 ταῦτα

129 3116 221 3162 ἡμᾶς
255 3115 354 3151 ἑλεῖν.
385 3115 486 3153 Εἴπω
515 3116 573 3153 καὶ
604 3116 732 3169 ἕτερον,
761 3117 888 3162 ἵππους
921 3118 1060 3172 ἀγρίους
1085 3120 1145 3157 καὶ

131 3179 321 3231 ἀνημέρους
350 3181 529 3230 λαὸόντες,
559 3185 781 3229 λακτίζοντας
803 3186 860 3223 καὶ
881 3185 1088 3235 δάκνοντας,
1110 3188 1144 3225 ἓν

175 3291 186 3304 ‘
212 3280 306 3312 Idem
325 3285 481 3327 θνριωῧίαν
495 3291 688 3329 κατάγονται.
709 3293 840 3331 αἴνιγμα.
856 3289 945 3332 [Mox
961 3306 1045 3336 rens«
1035 3299 1132 3334 ἄγησι

133 3347 150 3361 ι
157 3333 196 3363 11ιῖ
202 3344 286 3363 5511111
305 3333 335 3363 111
351 3334 408 3375 D]

178 3394 188 3409 ¹
215 3384 252 3416 Iu
271 3384 316 3416 M
305 3395 344 3417 ·,5
364 3383 454 3427 quib
459 3385 560 3419 isdum
577 3391 609 3426 Er)
632 3387 734 3421 deest.

2124 229 2216 293 29¹3

1508 244 1665 276 XXXlV.

1229 335 1408 379 premente
1419 327 1534 376 fame,
1552 326 1597 364 de
1615 340 1650 365 se
1671 340 1756 365 vero
1776 325 1867 364 nihil
1881 325 2132 364 sollicitudinis
2151 326 2215 364 ha-

1186 394 1208 421 l)
1231 387 1327 436 bent,
1341 401 1453 437 neque
1477 387 1545 425 51111
1565 387 1791 439 praecipiunt,
1810 400 1852 425 ne
1874 386 2011 425 deliciis
2028 386 2112 424 dent
2130 400 2215 438 0116-

1232 461 1308 484 ram
1328 462 1334 483 :
1355 456 1386 484 et
1398 448 1502 484 bruta
1515 446 1656 498 quidem
1671 446 1915 499 philosophari
1929 446 2066 496 docent,
2077 460 2113 484 se
2129 460 2214 485 vero

1232 506 1269 543 in
1288 506 1476 544 brutorum
1507 507 1681 544 feritatem
1716 507 1790 544 labi
1821 507 2018 559 patiuntur.
2048 507 2214 558 AEnigma

1233 575 1283 604 est
1300 567 1376 604 haee
1388 581 1455 606 r.es
1469 567 1516 604 Et
1535 567 1681 605 ubinam
1701 577 1783 605 sunt
1793 567 1959 605 animalia
1977 567 2188 620 philosopha

1235 627 1403 678 inquies?
1418 630 1542 665 Α1111011
1559 628 1625 665 tibi
1643 627 1785 666 videtur
1817 643 1953 681 magnae
1971 644 2043 667 esse
2061 629 2215 682 111111050-

1234 689 1343 740 phiae,
1363 702 1443 726 cum
1458 689 1553 726 canis
1571 703 1614 740 pl
1616 699 1749 726 emente
1764 690 1877 737 fame,
1897 701 2084 742 postquam
2107 691 2143 728 in
2158 704 2217 730 ve-

1235 758 1320 786 natu
1333 749 1437 799 cepit,
1446 762 1466 785 a
1478 749 1640 800 praesenti
1653 763 1729 786 esca
1746 750 1910 802 abstinet,
1922 760 1954 789 et
1970 761 2115 803 urgente
2129 753 2221 790 same

1235 808 1422 846 dominum
1450 810 1657 860 exspectat?
1674 810 1811 847 Pudeat
1840 825 1924 848 vos:
1939 821 2078 850 ventres
2099 812 2220 851 docete

1235 877 1382 918 vestros,
1397 876 1436 905 ut
1456 868 1506 906 ita
1526 868 1597 905 sint
1615 869 1833 920 philosophi.
1854 871 1963 907 Nulla
1982 872 2084 910 vobis
2109 887 2216 910 excu-

1234 929 1322 967 satio
1348 938 1409 968 est.
1430 930 1520 967 Cum
1546 939 1679 967 naturae
1699 930 1948 979 irrationabili,
1973 947 2049 983 qua]
2072 948 2135 971 nec
2167 935 2218 972 lo-

1234 990 1357 1040 quitur
1370 1004 1433 1028 nec
1450 990 1692 1040 ratiocinatur,
1712 1000 1845 1029 tantam
1865 992 2130 1060 philosophiam
2165 995 2217 1032 iu-

1234 1049 1318 1088 dere
1330 1051 1442 1103 possis
1461 1081 1470 1099 ‚
1502 1051 1616 1089 multo
1633 1051 1746 1102 magis
1763 1052 1892 1104 11016115
1916 1052 1982 1090 11111
2012 1053 2091 1105 ipsi.
2108 1054 2216 1100 Quod

1188 1114 1213 1145 Ε
1237 1112 1330 1151 enim
1346 1127 1391 1151 ex
1406 1113 1561 1151 humana
1576 1112 1771 1165 diligentia,
1784 1128 1852 1152 non
1868 1129 1913 1153 ex
1931 1123 2055 1152 natura
2077 1115 2220 1167 11101161-

1236 1183 1356 1212 scatur
1376 1174 1516 1224 11(11161·,
1544 1174 1701 1225 alioquin
1715 1184 2020 1227 011011616101111165
2035 1190 2136 1214 canes
2153 1176 2221 1214 1106

1236 1235 1381 1273 habere.
1403 1235 1526 1273 Estote
1540 1236 1665 1274 saltem
1685 1237 1776 1275 516111
1795 1251 1907 1275 canes.
1932 1239 2006 1276 Vos
2027 1252 2083 1275 me
2097 1237 2221 1290 cogitis

1236 1295 1320 1333 hinc
1340 1296 1502 1348 exempla
1520 1295 1666 1334 ducere:
1689 1297 1901 1349 oportuisset
1920 1298 2015 1334 enim
2037 1312 2057 1335 a
2076 1298 2221 1337 eaelesti-

1235 1357 1319 1406 bus;
1339 1357 1422 1408 quia
1441 1371 1527 1395 vero
1541 1357 1568 1395 si
1581 1358 1652 1395 tale
1665 1358 1849 1410 quidpiam
1865 1357 2006 1408 dixero,
2022 1357 2142 1396 dicitis
2159 1360 2221 1397 illa

1235 1432 1365 1470 magna
1384 1433 1476 1457 esse:
1492 1418 1570 1457 ideo
1595 1419 1686 1456 nihil
1708 1420 1898 1458 eaelestium
1926 1435 2093 1458 memoro.
2110 1421 2148 1459 Si
2165 1421 2221 1460 di-

1235 1493 1320 1518 xero
1358 1480 1511 1517 Paulum
1523 1510 1534 1529 ,
1575 1480 1695 1518 dicitis
1722 1481 1825 1518 illum
1854 1481 1963 1519 fuisse
2001 1482 2200 1534 apostolum
2211 1498 2222 1531 ;

1234 1539 1316 1578 ideo
1334 1554 1403 1578 non
1416 1540 1496 1578 dico
1510 1541 1722 1580 Paulum.Si
1735 1541 1862 1579 dixero
1872 1542 2067 1591 hominem,
2085 1542 2221 1591 dicetis,

1234 1600 1302 1638 Ille
1312 1601 1430 1652 potuit
1439 1616 1449 1649 3
1459 1600 1537 1638 ideo
1550 1615 1662 1652 neque
1677 1602 1859 1640 hominem
1878 1602 1970 1652 dico,
1985 1603 2047 1641 sed
2055 1604 2220 1654 bestiam,

1177 1694 1224 1719 ,57
1237 1672 1269 1700 et
1290 1663 1440 1701 bestiam
1465 1679 1542 1715 quae
1561 1665 1628 1702 1106
1649 1680 1717 1703 11011
1745 1680 1790 1703 ex
1813 1675 1938 1703 natura
1956 1681 2020 1704 sua
2041 1667 2158 1716 hahet,
2181 1681 2224 1705 ne

1189 1731 1214 1760 A
1236 1723 1363 1762 dicatis
1377 1724 1491 1776 ipsam
1507 1739 1551 1762 ex
1571 1734 1695 1764 natura
1713 1726 1845 1764 habere
1859 1756 1872 1777 ,
1888 1741 1957 1764 non
1974 1742 2019 1765 ex
2041 1728 2222 1780 proposito

1236 1798 1320 1834 suo;
1334 1784 1499 1835 quodque
1525 1785 1656 1822 mirum
1676 1795 1739 1836 est,
1763 1800 1831 1824 non
1852 1787 2033 1839 proposito
2052 1802 2127 1837 5110,
2161 1790 2222 1828 sed

1237 1861 1321 1885 cura
1334 1857 1406 1885 tua.
1422 1848 1501 1886 Non
1516 1848 1611 1898 quod
1628 1849 1788 1900 fatigata,
1806 1863 1875 1887 non
1890 1850 1988 1900 quod
2004 1864 2109 1889 cursu
2144 1852 2221 1891 dis-

1236 1918 1366 1961 cerpta,
1398 1924 1468 1947 non
1483 1910 1577 1961 quod
1593 1910 1737 1962 proprio
1754 1910 1875 1948 labore
1906 1920 2006 1963 parta
2029 1912 2104 1950 haec
2121 1914 2220 1966 cogi-

1234 1979 1307 2019 tet,
1334 1970 1396 2008 sed
1409 1971 1466 2008 his
1484 1972 1650 2009 omnibus
1667 1973 1760 2010 foras
1785 1972 1900 2011 missis
1913 2003 1922 2019 ‚
1940 1975 2080 2026 jussum
2100 1974 2218 2014 domi-

1234 2030 1269 2068 ni
1293 2040 1409 2069 servat
1426 2041 1458 2070 et
1479 2042 1601 2072 ventre
1618 2033 1660 2070 fit
1685 2033 1859 2085 superior.
1902 2034 2036 2086 Etiam,
2060 2036 2220 2087 inquies;

1232 2101 1413 2144 exspectat
1447 2093 1541 2130 enim
1581 2093 1734 2142 laudari,
1768 2104 1946 2146 exspectat
1981 2097 2114 2148 majore
2148 2099 2222 2136 frui

1231 2167 1365 2190 mensa.
1388 2155 1456 2190 Dic
1472 2153 1584 2204 igitur
1599 2154 1666 2191 tihi
1686 2154 1754 2206 ipsi
1774 2185 1785 2203 ,
1799 2169 1919 2192 canem
1936 2170 1997 2208 spe
2013 2158 2141 2196 futurae
2156 2174 2219 2197 vo-

1229 2212 1378 2265 luptatis
1395 2222 1605 2266 praesentem
1626 2213 1804 2266 despicere
1811 2230 1822 2264 3
1842 2224 1879 2252 tu
1899 2230 1983 2254 vero
2004 2231 2072 2255 non
2090 2218 2144 2256 vis
2160 2234 2220 2271 spe

1228 2273 1433 2311 futurorum
1460 2273 1635 2312 bonorum
1666 2275 1850 2326 praesentia
1882 2285 2114 2316 contemnere.
2149 2279 2220 2317 Sed

1228 2333 1290 2371 1116
1300 2333 1444 2384 quidem
1462 2334 1563 2372 novit
1581 2364 1592 2384 ,
1610 2334 1639 2372 si
1657 2335 1904 2387 intempestive
1915 2346 1947 2374 et
1965 2347 2091 2389 praeter
2110 2340 2219 2391 placi-

1228 2404 1305 2432 tum
1332 2394 1470 2433 domini
1504 2395 1623 2433 cibum
1641 2395 1830 2447 degustet,
1852 2396 1913 2435 illo
1939 2399 2045 2436 etiam
2071 2400 2216 2451 privan-

1227 2457 1314 2495 dum
1332 2472 1417 2507 esse,
1438 2471 1500 2495 nee
1515 2466 1675 2510 paratam
1688 2472 1804 2495 escam
1820 2458 2029 2497 habiturum
2051 2475 2138 2512 6556,
2154 2463 2216 2501 sed

1226 2516 1347 2568 plagas
1363 2531 1428 2568 pro
1447 2516 1526 2553 cibo
1542 2526 1792 2568 accepturum3
1818 2526 1855 2554 tu
1874 2531 1960 2556 vero
1980 2532 2023 2555 ne
2048 2519 2116 2556 hoc
2135 2520 2214 2570 qui-

1225 2576 1306 2614 dem
1323 2586 1421 2629 potes
1438 2576 1578 2616 videre:
1595 2586 1628 2614 et
1647 2577 1744 2628 quod
1759 2577 1820 2615 ille
1838 2592 1857 2615 a
1873 2580 2127 2618 consuetudine
2149 2581 2211 2619 (11-

1225 2638 1330 2687 dicit,
1346 2638 1414 2675 hoe
1430 2647 1468 2675 tu
1486 2638 1619 2675 ratione
1631 2652 1698 2675 non
1711 2638 1888 2676 emendas
1903 2640 2210 2680 Imitemurcanes.

1225 2700 1300 2737 Hoc
1317 2699 1486 2737 dicuntur
1500 2708 1532 2736 et
1542 2698 1726 2750 accipitres
1738 2708 1771 2737 et
1786 2699 1915 2750 aquilae
1925 2701 2036 2739 facere
2047 2717 2058 2751 3
2071 2711 2104 2739 et
2119 2702 2211 2740 sicut

1225 2759 1317 2796 inter
1333 2760 1423 2797 feras
1450 2768 1483 2797 et
1502 2772 1644 2810 capreas
1660 2773 1773 2807 canes,
1806 2760 1856 2797 516
1875 2760 1912 2797 111
1942 2761 2032 2798 111161
2051 2776 2133 2800 aves
2151 2764 2208 2800 sa-

1224 2820 1321 2858 ciunt
1337 2836 1345 2857 :
1360 2820 1399 2857 hi
1418 2834 1502 2859 vero
1523 2820 1628 2858 etiam
1645 2835 1689 2858 ex
1704 2821 1858 2858 humana
1876 2821 2113 2873 philosophia.
2126 2824 2208 2862 Haec

1223 2895 1286 2919 nos
1310 2881 1480 2919 damnare
1499 2891 1647 2933 possunt
1663 2911 1675 2932 ,
1696 2881 1773 2918 haec
1792 2896 1853 2918 nos
1873 2896 2007 2934 capere.
2026 2883 2136 2921 Aliud
2152 2885 2207 2923 di-

1222 2956 1299 2980 cam
1315 2958 1322 2979 :
1353 2957 1461 2993 equos
1479 2952 1631 2993 agrestes
1650 2951 1682 2980 et
1713 2941 1918 2992 indomitos,
1939 2943 2158 2983 calcitrantes
2174 2955 2207 2984 et

1221 3004 1421 3042 mordentes
1434 3033 1444 3051 ‚
1464 3003 1566 3042 brevi
1582 3012 1738 3056 tempore
1759 3003 1805 3040 ita
1826 3003 1930 3055 periti
1956 3004 2133 3054 erudiunt,
2168 3016 2207 3045 ut

1220 3079 1326 3116 eques
1338 3065 1492 3102 insidens
1500 3079 1544 3102 ex
1556 3064 1748 3116 composito
1768 3065 1902 3102 incessu
1917 3065 2206 3105 oblectetur:ani·

1220 3140 1315 3163 mam
1346 3140 1430 3164 vero
1448 3125 1677 3177 incomposite
1704 3125 1919 3164 incedentem
1951 3139 2051 3163 nemo
2081 3138 2200 3179 curat,

1169 3195 1194 3228 C
1220 3186 1281 3225 sed
1317 3186 1437 3224 exsilit
1466 3186 1539 3234 illa,
1570 3186 1741 3234 calcitrat,
1782 3185 1945 3224 deorsum
1983 3187 2137 3226 trahitur
2166 3199 2204 3227 ut

1243 3291 1260 3315 l>
1283 3289 1344 3321 Alii
1361 3296 1516 3334 ἀνώτερος.

1244 3343 1257 3358 ’³
1282 3343 1292 3384 [
1312 3347 1407 3384 λαγῶν
1421 3340 1587 3382 Suillius]

2257 515 2414 543 Brutorum

2226 557 2412 594 philosophia

2203 597 2214 617 7
2225 607 2263 635 qu
2267 608 2300 625 ae
