<?xml version="1.0" encoding="UTF-8"?>
<!DOCTYPE html PUBLIC "-//W3C//DTD XHTML 1.0 Transitional//EN"
    "http://www.w3.org/TR/xhtml1/DTD/xhtml1-transitional.dtd">
<html xmlns="http://www.w3.org/1999/xhtml" xml:lang="en" lang="en">
 <head>
  <title>
</title>
<meta http-equiv="Content-Type" content="text/html;charset=utf-8" />
  <meta name='ocr-system' content='tesseract 3.04.00' />
  <meta name='ocr-capabilities' content='ocr_page ocr_carea ocr_par ocr_line ocrx_word'/>
</head>
<body>
  <div class='ocr_page' id='page_1' title='image "./operaomniaquaeex09johnuoft/operaomniaquaeex09johnuoft_0356.png"; bbox 0 0 2502 3810; ppageno 0'>
   <div class='ocr_carea' id='block_1_1' title="bbox 353 263 1331 366">
    <p class='ocr_par' dir='ltr' id='par_1_1' title="bbox 353 263 1331 366">
     <span class='ocr_line' id='line_1_1' title="bbox 353 263 1331 307; baseline -0.013 0"><span class='ocrx_word' id='word_1_1' title='bbox 353 263 377 306; x_wconf 76' lang='lat'><strong>5</strong></span> <span class='ocrx_word' id='word_1_2' title='bbox 390 279 443 307; x_wconf 84' lang='lat'>22</span> <span class='ocrx_word' id='word_1_3' title='bbox 799 271 836 300; x_wconf 81' lang='grc' dir='ltr'>ε.</span> <span class='ocrx_word' id='word_1_4' title='bbox 875 268 1057 299; x_wconf 59' lang='lat' dir='ltr'>smmis</span> <span class='ocrx_word' id='word_1_5' title='bbox 1093 264 1331 296; x_wconf 68' lang='lat' dir='ltr'>cniwsosr.</span> 
     </span>
     <span class='ocr_line' id='line_1_2' title="bbox 1309 345 1326 366; baseline 0 0"><span class='ocrx_word' id='word_1_6' title='bbox 1309 345 1326 366; x_wconf 69' lang='grc' dir='ltr'>ἶ)</span> 
     </span>
    </p>
   </div>
   <div class='ocr_carea' id='block_1_2' title="bbox 342 344 1333 3298">
    <p class='ocr_par' dir='ltr' id='par_1_2' title="bbox 342 344 1333 3298">
     <span class='ocr_line' id='line_1_3' title="bbox 347 344 1317 396; baseline -0.014 -1"><span class='ocrx_word' id='word_1_7' title='bbox 347 370 472 394; x_wconf 86' lang='lat' dir='ltr'>norum</span> <span class='ocrx_word' id='word_1_8' title='bbox 493 351 738 392; x_wconf 75' lang='lat' dir='ltr'><strong>manifestavit.</strong></span> <span class='ocrx_word' id='word_1_9' title='bbox 758 348 855 394; x_wconf 83' lang='lat' dir='ltr'><strong>Quid</strong></span> <span class='ocrx_word' id='word_1_10' title='bbox 884 348 968 384; x_wconf 86' lang='lat' dir='ltr'>huic</span> <span class='ocrx_word' id='word_1_11' title='bbox 998 344 1210 396; x_wconf 76' lang='lat' dir='ltr'>sublimitati</span> <span class='ocrx_word' id='word_1_12' title='bbox 1234 359 1317 396; x_wconf 85' lang='lat' dir='ltr'>par.</span> 
     </span>
     <span class='ocr_line' id='line_1_4' title="bbox 348 404 1326 461; baseline -0.014 -7"><span class='ocrx_word' id='word_1_13' title='bbox 348 418 438 453; x_wconf 83' lang='lat' dir='ltr'>Nam</span> <span class='ocrx_word' id='word_1_14' title='bbox 458 414 619 452; x_wconf 76' lang='lat' dir='ltr'>mirabile</span> <span class='ocrx_word' id='word_1_15' title='bbox 634 410 775 461; x_wconf 88' lang='lat' dir='ltr'>quidem</span> <span class='ocrx_word' id='word_1_16' title='bbox 792 417 844 445; x_wconf 89' lang='lat' dir='ltr'>est</span> <span class='ocrx_word' id='word_1_17' title='bbox 862 421 907 444; x_wconf 81' lang='lat' dir='ltr'>ex</span> <span class='ocrx_word' id='word_1_18' title='bbox 922 420 992 443; x_wconf 92' lang='lat' dir='ltr'>uno</span> <span class='ocrx_word' id='word_1_19' title='bbox 1008 415 1059 443; x_wconf 86' lang='lat' dir='ltr'>tot</span> <span class='ocrx_word' id='word_1_20' title='bbox 1077 405 1215 453; x_wconf 78' lang='lat' dir='ltr'>secisse3</span> <span class='ocrx_word' id='word_1_21' title='bbox 1231 404 1326 455; x_wconf 86' lang='lat' dir='ltr'>quod</span> 
     </span>
     <span class='ocr_line' id='line_1_5' title="bbox 346 465 1326 516; baseline -0.009 -4"><span class='ocrx_word' id='word_1_22' title='bbox 346 485 463 512; x_wconf 79' lang='lat' dir='ltr'>autem</span> <span class='ocrx_word' id='word_1_23' title='bbox 492 486 611 510; x_wconf 85' lang='lat' dir='ltr'>omnes</span> <span class='ocrx_word' id='word_1_24' title='bbox 642 471 703 507; x_wconf 83' lang='lat' dir='ltr'>ille</span> <span class='ocrx_word' id='word_1_25' title='bbox 735 468 843 506; x_wconf 91' lang='lat' dir='ltr'>simul</span> <span class='ocrx_word' id='word_1_26' title='bbox 869 467 1057 512; x_wconf 81' lang='lat' dir='ltr'>contineat,</span> <span class='ocrx_word' id='word_1_27' title='bbox 1083 465 1200 503; x_wconf 79' lang='lat' dir='ltr'>adhue</span> <span class='ocrx_word' id='word_1_28' title='bbox 1222 466 1326 516; x_wconf 85' lang='lat' dir='ltr'>longe</span> 
     </span>
     <span class='ocr_line' id='line_1_6' title="bbox 346 527 1325 579; baseline -0.009 -8"><span class='ocrx_word' id='word_1_29' title='bbox 346 534 556 570; x_wconf 83' lang='lat' dir='ltr'>mirabilius.</span> <span class='ocrx_word' id='word_1_30' title='bbox 577 533 703 575; x_wconf 82' lang='lat' dir='ltr'>Dans,</span> <span class='ocrx_word' id='word_1_31' title='bbox 726 527 856 579; x_wconf 75' lang='lat' dir='ltr'>inquit,</span> <span class='ocrx_word' id='word_1_32' title='bbox 876 529 1050 564; x_wconf 83' lang='lat' dir='ltr'>omnibus</span> <span class='ocrx_word' id='word_1_33' title='bbox 1083 529 1262 577; x_wconf 82' lang='lat' dir='ltr'>spiritum</span> <span class='ocrx_word' id='word_1_34' title='bbox 1288 534 1325 563; x_wconf 79' lang='lat' dir='ltr'>et</span> 
     </span>
     <span class='ocr_line' id='line_1_7' title="bbox 344 589 1323 640; baseline -0.008 -10"><span class='ocrx_word' id='word_1_35' title='bbox 344 596 483 630; x_wconf 77' lang='lat' dir='ltr'>vitam.</span> <span class='ocrx_word' id='word_1_36' title='bbox 508 591 607 638; x_wconf 86' lang='lat' dir='ltr'>Quid</span> <span class='ocrx_word' id='word_1_37' title='bbox 634 598 698 639; x_wconf 77' lang='lat' dir='ltr'>est,</span> <span class='ocrx_word' id='word_1_38' title='bbox 721 589 922 640; x_wconf 83' lang='lat' dir='ltr'>Definiens</span> <span class='ocrx_word' id='word_1_39' title='bbox 938 589 1156 638; x_wconf 69' lang='lat' dir='ltr'>praestituta</span> <span class='ocrx_word' id='word_1_40' title='bbox 1178 595 1323 638; x_wconf 83' lang='lat' dir='ltr'>tempo-</span> 
     </span>
     <span class='ocr_line' id='line_1_8' title="bbox 344 650 1324 698; baseline -0.006 -9"><span class='ocrx_word' id='word_1_41' title='bbox 344 667 389 689; x_wconf 82' lang='lat' dir='ltr'>ra</span> <span class='ocrx_word' id='word_1_42' title='bbox 428 661 462 688; x_wconf 84' lang='lat' dir='ltr'>et</span> <span class='ocrx_word' id='word_1_43' title='bbox 491 654 672 688; x_wconf 81' lang='lat' dir='ltr'>terminos</span> <span class='ocrx_word' id='word_1_44' title='bbox 702 650 954 686; x_wconf 72' lang='lat' dir='ltr'>habitationis</span> <span class='ocrx_word' id='word_1_45' title='bbox 974 661 1119 695; x_wconf 77' lang='lat' dir='ltr'>eorum,</span> <span class='ocrx_word' id='word_1_46' title='bbox 1153 661 1324 698; x_wconf 68' lang='lat' dir='ltr'>quaerere</span> 
     </span>
     <span class='ocr_line' id='line_1_9' title="bbox 344 711 1324 763; baseline -0.004 -14"><span class='ocrx_word' id='word_1_47' title='bbox 344 714 483 758; x_wconf 76' lang='lat' dir='ltr'>Deum,</span> <span class='ocrx_word' id='word_1_48' title='bbox 505 715 538 750; x_wconf 76' lang='lat' dir='ltr'>si</span> <span class='ocrx_word' id='word_1_49' title='bbox 548 714 654 763; x_wconf 81' lang='lat' dir='ltr'>forte</span> <span class='ocrx_word' id='word_1_50' title='bbox 680 718 884 748; x_wconf 80' lang='lat' dir='ltr'><em>attrectent</em></span> <span class='ocrx_word' id='word_1_51' title='bbox 899 723 984 746; x_wconf 82' lang='lat' dir='ltr'>eum</span> <span class='ocrx_word' id='word_1_52' title='bbox 1005 717 1071 747; x_wconf 79' lang='lat' dir='ltr'>aut</span> <span class='ocrx_word' id='word_1_53' title='bbox 1095 711 1324 746; x_wconf 75' lang='lat' dir='ltr'>inveniant?</span> 
     </span>
     <span class='ocr_line' id='line_1_10' title="bbox 344 768 1326 821; baseline -0.006 -12"><span class='ocrx_word' id='word_1_54' title='bbox 344 773 422 809; x_wconf 87' lang='lat' dir='ltr'>Non</span> <span class='ocrx_word' id='word_1_55' title='bbox 442 771 630 821; x_wconf 78' lang='lat' dir='ltr'>cogebatur</span> <span class='ocrx_word' id='word_1_56' title='bbox 655 770 756 820; x_wconf 85' lang='lat' dir='ltr'>quis,</span> <span class='ocrx_word' id='word_1_57' title='bbox 777 769 907 819; x_wconf 83' lang='lat' dir='ltr'>inquit,</span> <span class='ocrx_word' id='word_1_58' title='bbox 930 768 1079 805; x_wconf 84' lang='lat' dir='ltr'>circuire</span> <span class='ocrx_word' id='word_1_59' title='bbox 1108 776 1142 804; x_wconf 84' lang='lat' dir='ltr'>et</span> <span class='ocrx_word' id='word_1_60' title='bbox 1170 781 1326 817; x_wconf 85' lang='lat' dir='ltr'>quaerere</span> 
     </span>
     <span class='ocr_line' id='line_1_11' title="bbox 343 828 1326 879; baseline -0.005 -10"><span class='ocrx_word' id='word_1_61' title='bbox 343 834 459 869; x_wconf 89' lang='lat' dir='ltr'>Deum</span> <span class='ocrx_word' id='word_1_62' title='bbox 472 831 542 870; x_wconf 68' lang='lat' dir='ltr'>:vel</span> <span class='ocrx_word' id='word_1_63' title='bbox 561 830 590 867; x_wconf 89' lang='lat' dir='ltr'>si</span> <span class='ocrx_word' id='word_1_64' title='bbox 609 844 678 867; x_wconf 91' lang='lat' dir='ltr'>non</span> <span class='ocrx_word' id='word_1_65' title='bbox 698 831 777 872; x_wconf 78' lang='lat' dir='ltr'>hoc,</span> <span class='ocrx_word' id='word_1_66' title='bbox 789 829 872 879; x_wconf 84' lang='lat' dir='ltr'>quia</span> <span class='ocrx_word' id='word_1_67' title='bbox 891 828 1047 865; x_wconf 78' lang='lat' dir='ltr'>decrevit</span> <span class='ocrx_word' id='word_1_68' title='bbox 1065 837 1103 864; x_wconf 93' lang='lat' dir='ltr'>ut</span> <span class='ocrx_word' id='word_1_69' title='bbox 1119 829 1215 865; x_wconf 89' lang='lat' dir='ltr'>Deus</span> <span class='ocrx_word' id='word_1_70' title='bbox 1231 841 1326 877; x_wconf 82' lang='lat' dir='ltr'>quae-</span> 
     </span>
     <span class='ocr_line' id='line_1_12' title="bbox 343 887 1324 942; baseline -0.005 -13"><span class='ocrx_word' id='word_1_71' title='bbox 343 901 452 930; x_wconf 82' lang='lat' dir='ltr'>ratur.</span> <span class='ocrx_word' id='word_1_72' title='bbox 472 895 517 928; x_wconf 76' lang='lat' dir='ltr'>At</span> <span class='ocrx_word' id='word_1_73' title='bbox 548 905 618 928; x_wconf 88' lang='lat' dir='ltr'>non</span> <span class='ocrx_word' id='word_1_74' title='bbox 648 904 785 942; x_wconf 82' lang='lat' dir='ltr'><strong>semper</strong></span> <span class='ocrx_word' id='word_1_75' title='bbox 815 890 882 926; x_wconf 91' lang='lat' dir='ltr'>hoc</span> <span class='ocrx_word' id='word_1_76' title='bbox 911 888 1111 926; x_wconf 83' lang='lat' dir='ltr'>faciendum</span> <span class='ocrx_word' id='word_1_77' title='bbox 1144 887 1324 936; x_wconf 80' lang='lat' dir='ltr'>definivit,</span> 
     </span>
     <span class='ocr_line' id='line_1_13' title="bbox 343 949 1324 1004; baseline -0.005 -14"><span class='ocrx_word' id='word_1_78' title='bbox 343 954 405 991; x_wconf 83' lang='lat' dir='ltr'>sed</span> <span class='ocrx_word' id='word_1_79' title='bbox 426 951 632 1004; x_wconf 65' lang='lat' dir='ltr'>praestitutis</span> <span class='ocrx_word' id='word_1_80' title='bbox 652 951 883 1003; x_wconf 85' lang='lat' dir='ltr'>temporibus.</span> <span class='ocrx_word' id='word_1_81' title='bbox 906 951 982 987; x_wconf 87' lang='lat' dir='ltr'>Hoc</span> <span class='ocrx_word' id='word_1_82' title='bbox 1001 964 1083 988; x_wconf 64' lang='lat' dir='ltr'>vero</span> <span class='ocrx_word' id='word_1_83' title='bbox 1103 949 1189 986; x_wconf 83' lang='lat' dir='ltr'>dicit</span> <span class='ocrx_word' id='word_1_84' title='bbox 1204 958 1324 986; x_wconf 86' lang='lat' dir='ltr'>osten—</span> 
     </span>
     <span class='ocr_line' id='line_1_14' title="bbox 343 1009 1326 1064; baseline -0.005 -13"><span class='ocrx_word' id='word_1_85' title='bbox 343 1014 445 1063; x_wconf 78' lang='lat' dir='ltr'>dens,</span> <span class='ocrx_word' id='word_1_86' title='bbox 475 1028 587 1064; x_wconf 86' lang='lat' dir='ltr'>neque</span> <span class='ocrx_word' id='word_1_87' title='bbox 614 1027 707 1050; x_wconf 86' lang='lat' dir='ltr'>nunc</span> <span class='ocrx_word' id='word_1_88' title='bbox 735 1021 929 1063; x_wconf 57' lang='lat' dir='ltr'>quaerentes</span> <span class='ocrx_word' id='word_1_89' title='bbox 963 1011 1151 1055; x_wconf 77' lang='lat' dir='ltr'>invenisse,</span> <span class='ocrx_word' id='word_1_90' title='bbox 1188 1009 1326 1047; x_wconf 80' lang='lat' dir='ltr'>etiamsi</span> 
     </span>
     <span class='ocr_line' id='line_1_15' title="bbox 344 1069 1325 1121; baseline -0.005 -9"><span class='ocrx_word' id='word_1_91' title='bbox 344 1075 392 1112; x_wconf 83' lang='lat' dir='ltr'>ita</span> <span class='ocrx_word' id='word_1_92' title='bbox 411 1075 614 1112; x_wconf 79' lang='lat' dir='ltr'>manifestus</span> <span class='ocrx_word' id='word_1_93' title='bbox 639 1081 742 1121; x_wconf 81' lang='lat' dir='ltr'>esset⁷</span> <span class='ocrx_word' id='word_1_94' title='bbox 763 1081 802 1109; x_wconf 89' lang='lat' dir='ltr'>ut</span> <span class='ocrx_word' id='word_1_95' title='bbox 822 1071 1059 1119; x_wconf 75' lang='lat' dir='ltr'>inveniretur,</span> <span class='ocrx_word' id='word_1_96' title='bbox 1076 1085 1116 1107; x_wconf 78' lang='lat' dir='ltr'>ac</span> <span class='ocrx_word' id='word_1_97' title='bbox 1135 1070 1163 1107; x_wconf 91' lang='lat' dir='ltr'>si</span> <span class='ocrx_word' id='word_1_98' title='bbox 1185 1069 1271 1120; x_wconf 89' lang='lat' dir='ltr'>quid</span> <span class='ocrx_word' id='word_1_99' title='bbox 1290 1070 1325 1107; x_wconf 90' lang='lat' dir='ltr'>in</span> 
     </span>
     <span class='ocr_line' id='line_1_16' title="bbox 346 1130 1326 1185; baseline -0.004 -15"><span class='ocrx_word' id='word_1_100' title='bbox 346 1134 461 1171; x_wconf 86' lang='lat' dir='ltr'>medio</span> <span class='ocrx_word' id='word_1_101' title='bbox 489 1134 644 1185; x_wconf 84' lang='lat' dir='ltr'>positum</span> <span class='ocrx_word' id='word_1_102' title='bbox 672 1133 868 1184; x_wconf 82' lang='lat' dir='ltr'>palpemus.</span> <span class='ocrx_word' id='word_1_103' title='bbox 899 1132 1021 1181; x_wconf 67' lang='lat' dir='ltr'>Neque</span> <span class='ocrx_word' id='word_1_104' title='bbox 1048 1131 1142 1168; x_wconf 87' lang='lat' dir='ltr'>enim</span> <span class='ocrx_word' id='word_1_105' title='bbox 1172 1130 1231 1166; x_wconf 85' lang='lat' dir='ltr'>hic</span> <span class='ocrx_word' id='word_1_106' title='bbox 1252 1139 1326 1167; x_wconf 81' lang='lat' dir='ltr'>erat</span> 
     </span>
     <span class='ocr_line' id='line_1_17' title="bbox 344 1190 1325 1243; baseline -0.005 -12"><span class='ocrx_word' id='word_1_107' title='bbox 344 1195 492 1240; x_wconf 82' lang='lat' dir='ltr'>eaelum,</span> <span class='ocrx_word' id='word_1_108' title='bbox 509 1194 595 1231; x_wconf 82' lang='lat' dir='ltr'>alibi</span> <span class='ocrx_word' id='word_1_109' title='bbox 615 1208 706 1242; x_wconf 75' lang='lat' dir='ltr'>non3</span> <span class='ocrx_word' id='word_1_110' title='bbox 726 1207 837 1242; x_wconf 83' lang='lat' dir='ltr'>neque</span> <span class='ocrx_word' id='word_1_111' title='bbox 864 1193 899 1229; x_wconf 92' lang='lat' dir='ltr'>in</span> <span class='ocrx_word' id='word_1_112' title='bbox 919 1192 987 1228; x_wconf 90' lang='lat' dir='ltr'>hoc</span> <span class='ocrx_word' id='word_1_113' title='bbox 1009 1201 1164 1243; x_wconf 80' lang='lat' dir='ltr'>tempore</span> <span class='ocrx_word' id='word_1_114' title='bbox 1185 1199 1269 1238; x_wconf 84' lang='lat' dir='ltr'>erat,</span> <span class='ocrx_word' id='word_1_115' title='bbox 1289 1190 1325 1227; x_wconf 91' lang='lat' dir='ltr'>in</span> 
     </span>
     <span class='ocr_line' id='line_1_18' title="bbox 345 1251 1326 1305; baseline -0.004 -14"><span class='ocrx_word' id='word_1_116' title='bbox 345 1255 415 1292; x_wconf 84' lang='lat' dir='ltr'>alio</span> <span class='ocrx_word' id='word_1_117' title='bbox 435 1269 515 1293; x_wconf 90' lang='lat' dir='ltr'>non.</span> <span class='ocrx_word' id='word_1_118' title='bbox 549 1256 672 1305; x_wconf 77' lang='lat' dir='ltr'>Itaque</span> <span class='ocrx_word' id='word_1_119' title='bbox 698 1263 731 1291; x_wconf 80' lang='lat' dir='ltr'>et</span> <span class='ocrx_word' id='word_1_120' title='bbox 748 1253 844 1291; x_wconf 89' lang='lat' dir='ltr'>omni</span> <span class='ocrx_word' id='word_1_121' title='bbox 865 1261 1034 1304; x_wconf 79' lang='lat' dir='ltr'>tempore,</span> <span class='ocrx_word' id='word_1_122' title='bbox 1054 1261 1086 1289; x_wconf 90' lang='lat' dir='ltr'>et</span> <span class='ocrx_word' id='word_1_123' title='bbox 1106 1252 1142 1289; x_wconf 91' lang='lat' dir='ltr'>in</span> <span class='ocrx_word' id='word_1_124' title='bbox 1161 1251 1326 1289; x_wconf 88' lang='lat' dir='ltr'>omnibus</span> 
     </span>
     <span class='ocr_line' id='line_1_19' title="bbox 346 1312 1324 1367; baseline -0.005 -15"><span class='ocrx_word' id='word_1_125' title='bbox 346 1315 504 1353; x_wconf 85' lang='lat' dir='ltr'>terminis</span> <span class='ocrx_word' id='word_1_126' title='bbox 526 1324 637 1367; x_wconf 85' lang='lat' dir='ltr'>potest</span> <span class='ocrx_word' id='word_1_127' title='bbox 657 1314 823 1352; x_wconf 66' lang='lat' dir='ltr'>inveniri.</span> <span class='ocrx_word' id='word_1_128' title='bbox 853 1314 914 1351; x_wconf 82' lang='lat' dir='ltr'>Sic</span> <span class='ocrx_word' id='word_1_129' title='bbox 933 1312 1153 1364; x_wconf 77' lang='lat' dir='ltr'>dispensavit</span> <span class='ocrx_word' id='word_1_130' title='bbox 1170 1321 1206 1349; x_wconf 89' lang='lat' dir='ltr'>ut</span> <span class='ocrx_word' id='word_1_131' title='bbox 1227 1326 1324 1362; x_wconf 86' lang='lat' dir='ltr'>quae-</span> 
     </span>
     <span class='ocr_line' id='line_1_20' title="bbox 345 1372 1323 1425; baseline -0.005 -12"><span class='ocrx_word' id='word_1_132' title='bbox 345 1385 503 1423; x_wconf 78' lang='lat' dir='ltr'>teretur,</span> <span class='ocrx_word' id='word_1_133' title='bbox 532 1384 571 1412; x_wconf 88' lang='lat' dir='ltr'>ut</span> <span class='ocrx_word' id='word_1_134' title='bbox 598 1389 660 1412; x_wconf 88' lang='lat' dir='ltr'>nec</span> <span class='ocrx_word' id='word_1_135' title='bbox 685 1375 761 1411; x_wconf 86' lang='lat' dir='ltr'>loeo</span> <span class='ocrx_word' id='word_1_136' title='bbox 780 1387 843 1410; x_wconf 88' lang='lat' dir='ltr'>nec</span> <span class='ocrx_word' id='word_1_137' title='bbox 872 1383 1028 1425; x_wconf 87' lang='lat' dir='ltr'>tempore</span> <span class='ocrx_word' id='word_1_138' title='bbox 1056 1372 1323 1424; x_wconf 73' lang='lat' dir='ltr'>prohibeamur.</span> 
     </span>
     <span class='ocr_line' id='line_1_21' title="bbox 346 1432 1326 1486; baseline -0.005 -13"><span class='ocrx_word' id='word_1_139' title='bbox 346 1437 448 1474; x_wconf 82' lang='lat' dir='ltr'><strong>Certe</strong></span> <span class='ocrx_word' id='word_1_140' title='bbox 465 1436 532 1472; x_wconf 86' lang='lat' dir='ltr'>hoc</span> <span class='ocrx_word' id='word_1_141' title='bbox 550 1434 668 1486; x_wconf 88' lang='lat' dir='ltr'>ipsum</span> <span class='ocrx_word' id='word_1_142' title='bbox 696 1434 768 1471; x_wconf 84' lang='lat' dir='ltr'>illis</span> <span class='ocrx_word' id='word_1_143' title='bbox 786 1433 941 1470; x_wconf 77' lang='lat' dir='ltr'>maxime</span> <span class='ocrx_word' id='word_1_144' title='bbox 962 1432 1167 1484; x_wconf 82' lang='lat' dir='ltr'>profuisset,</span> <span class='ocrx_word' id='word_1_145' title='bbox 1191 1432 1221 1469; x_wconf 91' lang='lat' dir='ltr'>si</span> <span class='ocrx_word' id='word_1_146' title='bbox 1248 1432 1326 1482; x_wconf 88' lang='lat' dir='ltr'>qui-</span> 
     </span>
     <span class='ocr_line' id='line_1_22' title="bbox 345 1493 1327 1545; baseline -0.004 -12"><span class='ocrx_word' id='word_1_147' title='bbox 345 1496 427 1533; x_wconf 83' lang='lat' dir='ltr'>dem</span> <span class='ocrx_word' id='word_1_148' title='bbox 457 1496 670 1544; x_wconf 78' lang='lat' dir='ltr'>voluissent3</span> <span class='ocrx_word' id='word_1_149' title='bbox 689 1494 787 1545; x_wconf 84' lang='lat' dir='ltr'>quod</span> <span class='ocrx_word' id='word_1_150' title='bbox 815 1494 947 1544; x_wconf 87' lang='lat' dir='ltr'>ubique</span> <span class='ocrx_word' id='word_1_151' title='bbox 977 1494 1023 1531; x_wconf 86' lang='lat' dir='ltr'>sit</span> <span class='ocrx_word' id='word_1_152' title='bbox 1056 1493 1181 1530; x_wconf 76' lang='lat' dir='ltr'>caelum</span> <span class='ocrx_word' id='word_1_153' title='bbox 1209 1502 1241 1530; x_wconf 89' lang='lat' dir='ltr'>et</span> <span class='ocrx_word' id='word_1_154' title='bbox 1261 1501 1327 1529; x_wconf 85' lang='lat' dir='ltr'>stet</span> 
     </span>
     <span class='ocr_line' id='line_1_23' title="bbox 346 1553 1327 1608; baseline -0.006 -13"><span class='ocrx_word' id='word_1_155' title='bbox 346 1557 441 1595; x_wconf 92' lang='lat' dir='ltr'>omni</span> <span class='ocrx_word' id='word_1_156' title='bbox 457 1567 627 1608; x_wconf 82' lang='lat' dir='ltr'>tempore.</span> <span class='ocrx_word' id='word_1_157' title='bbox 647 1556 728 1593; x_wconf 90' lang='lat' dir='ltr'>Ideo</span> <span class='ocrx_word' id='word_1_158' title='bbox 746 1556 795 1593; x_wconf 89' lang='lat' dir='ltr'>sic</span> <span class='ocrx_word' id='word_1_159' title='bbox 811 1554 899 1592; x_wconf 87' lang='lat' dir='ltr'>dicit</span> <span class='ocrx_word' id='word_1_160' title='bbox 916 1571 923 1590; x_wconf 89' lang='lat'>:</span> <span class='ocrx_word' id='word_1_161' title='bbox 944 1556 1128 1604; x_wconf 78' lang='lat' dir='ltr'>Quamvis</span> <span class='ocrx_word' id='word_1_162' title='bbox 1146 1567 1223 1591; x_wconf 84' lang='lat' dir='ltr'>non</span> <span class='ocrx_word' id='word_1_163' title='bbox 1245 1553 1327 1590; x_wconf 86' lang='lat' dir='ltr'>lon-</span> 
     </span>
     <span class='ocr_line' id='line_1_24' title="bbox 342 1612 1327 1669; baseline -0.007 -13"><span class='ocrx_word' id='word_1_164' title='bbox 342 1632 389 1669; x_wconf 82' lang='lat' dir='ltr'>ge</span> <span class='ocrx_word' id='word_1_165' title='bbox 416 1621 467 1656; x_wconf 79' lang='lat' dir='ltr'>sit</span> <span class='ocrx_word' id='word_1_166' title='bbox 493 1620 542 1655; x_wconf 85' lang='lat' dir='ltr'>ab</span> <span class='ocrx_word' id='word_1_167' title='bbox 574 1630 803 1668; x_wconf 81' lang='lat' dir='ltr'>unoquoque</span> <span class='ocrx_word' id='word_1_168' title='bbox 833 1623 1029 1658; x_wconf 80' lang='lat' dir='ltr'>nostrum;</span> <span class='ocrx_word' id='word_1_169' title='bbox 1060 1613 1121 1651; x_wconf 89' lang='lat' dir='ltr'>sed</span> <span class='ocrx_word' id='word_1_170' title='bbox 1148 1627 1258 1665; x_wconf 86' lang='lat' dir='ltr'>prope</span> <span class='ocrx_word' id='word_1_171' title='bbox 1282 1612 1327 1649; x_wconf 86' lang='lat' dir='ltr'>sit</span> 
     </span>
     <span class='ocr_line' id='line_1_25' title="bbox 345 1673 1328 1727; baseline -0.007 -11"><span class='ocrx_word' id='word_1_172' title='bbox 345 1680 531 1727; x_wconf 85' lang='lat' dir='ltr'>omnibus;</span> <span class='ocrx_word' id='word_1_173' title='bbox 551 1679 618 1715; x_wconf 82' lang='lat' dir='ltr'>hoc</span> <span class='ocrx_word' id='word_1_174' title='bbox 637 1678 799 1715; x_wconf 79' lang='lat' dir='ltr'>estzNon</span> <span class='ocrx_word' id='word_1_175' title='bbox 828 1675 935 1713; x_wconf 88' lang='lat' dir='ltr'>modo</span> <span class='ocrx_word' id='word_1_176' title='bbox 955 1675 1067 1712; x_wconf 67' lang='lat' dir='ltr'>vitam</span> <span class='ocrx_word' id='word_1_177' title='bbox 1097 1683 1130 1711; x_wconf 88' lang='lat' dir='ltr'>et</span> <span class='ocrx_word' id='word_1_178' title='bbox 1159 1673 1328 1725; x_wconf 87' lang='lat' dir='ltr'>spiritum</span> 
     </span>
     <span class='ocr_line' id='line_1_26' title="bbox 343 1734 1328 1786; baseline -0.007 -9"><span class='ocrx_word' id='word_1_179' title='bbox 343 1739 443 1777; x_wconf 83' lang='lat' dir='ltr'>dedit</span> <span class='ocrx_word' id='word_1_180' title='bbox 468 1749 501 1776; x_wconf 86' lang='lat' dir='ltr'>et</span> <span class='ocrx_word' id='word_1_181' title='bbox 532 1738 671 1785; x_wconf 77' lang='lat' dir='ltr'>omnia,</span> <span class='ocrx_word' id='word_1_182' title='bbox 705 1751 829 1775; x_wconf 75' lang='lat' dir='ltr'>verum</span> <span class='ocrx_word' id='word_1_183' title='bbox 859 1736 989 1783; x_wconf 70' lang='lat' dir='ltr'>etiam,</span> <span class='ocrx_word' id='word_1_184' title='bbox 1011 1734 1103 1785; x_wconf 83' lang='lat' dir='ltr'>quod</span> <span class='ocrx_word' id='word_1_185' title='bbox 1140 1743 1246 1786; x_wconf 86' lang='lat' dir='ltr'>caput</span> <span class='ocrx_word' id='word_1_186' title='bbox 1277 1742 1328 1771; x_wconf 89' lang='lat' dir='ltr'>est</span> 
     </span>
     <span class='ocr_line' id='line_1_27' title="bbox 344 1794 1324 1847; baseline -0.005 -11"><span class='ocrx_word' id='word_1_187' title='bbox 344 1800 501 1836; x_wconf 86' lang='lat' dir='ltr'>omnium</span> <span class='ocrx_word' id='word_1_188' title='bbox 516 1828 526 1847; x_wconf 85' lang='lat'><em>‚</em></span> <span class='ocrx_word' id='word_1_189' title='bbox 546 1798 591 1835; x_wconf 82' lang='lat' dir='ltr'>ad</span> <span class='ocrx_word' id='word_1_190' title='bbox 615 1798 668 1836; x_wconf 85' lang='lat' dir='ltr'>sui</span> <span class='ocrx_word' id='word_1_191' title='bbox 685 1796 922 1847; x_wconf 76' lang='lat' dir='ltr'>cognitionem</span> <span class='ocrx_word' id='word_1_192' title='bbox 946 1795 1079 1843; x_wconf 75' lang='lat' dir='ltr'>traxit,</span> <span class='ocrx_word' id='word_1_193' title='bbox 1097 1794 1172 1832; x_wconf 83' lang='lat' dir='ltr'>haec</span> <span class='ocrx_word' id='word_1_194' title='bbox 1191 1794 1324 1843; x_wconf 78' lang='lat' dir='ltr'>dando,</span> 
     </span>
     <span class='ocr_line' id='line_1_28' title="bbox 344 1855 1328 1911; baseline -0.004 -15"><span class='ocrx_word' id='word_1_195' title='bbox 344 1874 407 1911; x_wconf 85' lang='lat' dir='ltr'>per</span> <span class='ocrx_word' id='word_1_196' title='bbox 425 1874 503 1910; x_wconf 77' lang='lat' dir='ltr'>quae</span> <span class='ocrx_word' id='word_1_197' title='bbox 523 1858 698 1910; x_wconf 83' lang='lat' dir='ltr'>possimus</span> <span class='ocrx_word' id='word_1_198' title='bbox 731 1857 833 1894; x_wconf 86' lang='lat' dir='ltr'>illum</span> <span class='ocrx_word' id='word_1_199' title='bbox 853 1856 1011 1893; x_wconf 87' lang='lat' dir='ltr'>invenire</span> <span class='ocrx_word' id='word_1_200' title='bbox 1031 1864 1064 1892; x_wconf 90' lang='lat' dir='ltr'>et</span> <span class='ocrx_word' id='word_1_201' title='bbox 1085 1855 1328 1906; x_wconf 78' lang='lat' dir='ltr'>apprehende-</span> 
     </span>
     <span class='ocr_line' id='line_1_29' title="bbox 344 1915 1325 1967; baseline -0.004 -11"><span class='ocrx_word' id='word_1_202' title='bbox 344 1933 391 1958; x_wconf 83' lang='lat' dir='ltr'>re.</span> <span class='ocrx_word' id='word_1_203' title='bbox 416 1919 485 1957; x_wconf 78' lang='lat' dir='ltr'>Sed</span> <span class='ocrx_word' id='word_1_204' title='bbox 517 1918 697 1955; x_wconf 82' lang='lat' dir='ltr'>noluimus</span> <span class='ocrx_word' id='word_1_205' title='bbox 725 1931 897 1967; x_wconf 69' lang='lat' dir='ltr'>quaerere,</span> <span class='ocrx_word' id='word_1_206' title='bbox 919 1916 984 1953; x_wconf 85' lang='lat' dir='ltr'>etsi</span> <span class='ocrx_word' id='word_1_207' title='bbox 1018 1915 1061 1952; x_wconf 86' lang='lat' dir='ltr'>ad</span> <span class='ocrx_word' id='word_1_208' title='bbox 1089 1915 1196 1967; x_wconf 79' lang='lat' dir='ltr'>pedes</span> <span class='ocrx_word' id='word_1_209' title='bbox 1226 1924 1325 1953; x_wconf 87' lang='lat' dir='ltr'>esset.</span> 
     </span>
     <span class='ocr_line' id='line_1_30' title="bbox 346 1978 1328 2031; baseline -0.004 -14"><span class='ocrx_word' id='word_1_210' title='bbox 346 1987 363 2017; x_wconf 58' lang='lat' dir='ltr'><em>A</em></span> <span class='ocrx_word' id='word_1_211' title='bbox 376 1981 434 2016; x_wconf 65' lang='lat' dir='ltr'>&#39;&#39;on</span> <span class='ocrx_word' id='word_1_212' title='bbox 452 1981 575 2031; x_wconf 69' lang='lat' dir='ltr'>longe,</span> <span class='ocrx_word' id='word_1_213' title='bbox 594 1978 722 2028; x_wconf 71' lang='lat' dir='ltr'>inquit,</span> <span class='ocrx_word' id='word_1_214' title='bbox 738 1980 786 2014; x_wconf 84' lang='lat' dir='ltr'>ab</span> <span class='ocrx_word' id='word_1_215' title='bbox 807 1991 1035 2029; x_wconf 75' lang='lat' dir='ltr'>unoquoque</span> <span class='ocrx_word' id='word_1_216' title='bbox 1058 1984 1241 2014; x_wconf 75' lang='lat' dir='ltr'>nostrum..</span> <span class='ocrx_word' id='word_1_217' title='bbox 1260 1978 1328 2013; x_wconf 81' lang='lat' dir='ltr'>Pa-</span> 
     </span>
     <span class='ocr_line' id='line_1_31' title="bbox 345 2036 1328 2091; baseline -0.002 -16"><span class='ocrx_word' id='word_1_218' title='bbox 345 2054 413 2091; x_wconf 65' lang='lat' dir='ltr'>pae,</span> <span class='ocrx_word' id='word_1_219' title='bbox 435 2040 601 2077; x_wconf 86' lang='lat' dir='ltr'>omnibus</span> <span class='ocrx_word' id='word_1_220' title='bbox 620 2053 728 2090; x_wconf 80' lang='lat' dir='ltr'>prope</span> <span class='ocrx_word' id='word_1_221' title='bbox 748 2052 822 2075; x_wconf 88' lang='lat' dir='ltr'>esse</span> <span class='ocrx_word' id='word_1_222' title='bbox 848 2037 958 2084; x_wconf 88' lang='lat' dir='ltr'>dicit,</span> <span class='ocrx_word' id='word_1_223' title='bbox 985 2037 1048 2087; x_wconf 86' lang='lat' dir='ltr'>qui</span> <span class='ocrx_word' id='word_1_224' title='bbox 1078 2046 1158 2075; x_wconf 87' lang='lat' dir='ltr'>sunt</span> <span class='ocrx_word' id='word_1_225' title='bbox 1188 2036 1224 2073; x_wconf 89' lang='lat' dir='ltr'>in</span> <span class='ocrx_word' id='word_1_226' title='bbox 1243 2037 1328 2074; x_wconf 88' lang='lat' dir='ltr'>orbe</span> 
     </span>
     <span class='ocr_line' id='line_1_32' title="bbox 345 2096 1327 2149; baseline -0.003 -12"><span class='ocrx_word' id='word_1_227' title='bbox 345 2110 530 2138; x_wconf 81' lang='lat' dir='ltr'>terrarum.</span> <span class='ocrx_word' id='word_1_228' title='bbox 553 2099 654 2145; x_wconf 85' lang='lat' dir='ltr'>Quid</span> <span class='ocrx_word' id='word_1_229' title='bbox 672 2100 739 2136; x_wconf 79' lang='lat' dir='ltr'>hoc.</span> <span class='ocrx_word' id='word_1_230' title='bbox 762 2099 902 2149; x_wconf 50' lang='lat' dir='ltr'>majus.3</span> <span class='ocrx_word' id='word_1_231' title='bbox 923 2098 1019 2137; x_wconf 69' lang='lat' dir='ltr'>Vide</span> <span class='ocrx_word' id='word_1_232' title='bbox 1037 2096 1215 2148; x_wconf 84' lang='lat' dir='ltr'>quomodo</span> <span class='ocrx_word' id='word_1_233' title='bbox 1237 2112 1327 2148; x_wconf 80' lang='lat' dir='ltr'>par-</span> 
     </span>
     <span class='ocr_line' id='line_1_33' title="bbox 344 2158 1324 2209; baseline -0.003 -12"><span class='ocrx_word' id='word_1_234' title='bbox 344 2163 435 2197; x_wconf 78' lang='lat' dir='ltr'>titos</span> <span class='ocrx_word' id='word_1_235' title='bbox 455 2160 621 2196; x_wconf 87' lang='lat' dir='ltr'>confutet.</span> <span class='ocrx_word' id='word_1_236' title='bbox 643 2158 741 2203; x_wconf 86' lang='lat' dir='ltr'>Quid</span> <span class='ocrx_word' id='word_1_237' title='bbox 765 2158 845 2195; x_wconf 86' lang='lat' dir='ltr'>dico</span> <span class='ocrx_word' id='word_1_238' title='bbox 868 2158 1018 2209; x_wconf 75' lang='lat' dir='ltr'>procul?</span> <span class='ocrx_word' id='word_1_239' title='bbox 1046 2159 1099 2194; x_wconf 74' lang='lat' dir='ltr'>Ita</span> <span class='ocrx_word' id='word_1_240' title='bbox 1120 2171 1230 2208; x_wconf 85' lang='lat' dir='ltr'>prope</span> <span class='ocrx_word' id='word_1_241' title='bbox 1260 2165 1324 2205; x_wconf 78' lang='lat' dir='ltr'>est,</span> 
     </span>
     <span class='ocr_line' id='line_1_34' title="bbox 346 2218 1327 2270; baseline -0.003 -14"><span class='ocrx_word' id='word_1_242' title='bbox 346 2229 385 2256; x_wconf 85' lang='lat' dir='ltr'>ut</span> <span class='ocrx_word' id='word_1_243' title='bbox 405 2220 479 2256; x_wconf 88' lang='lat' dir='ltr'>sine</span> <span class='ocrx_word' id='word_1_244' title='bbox 497 2219 573 2270; x_wconf 88' lang='lat' dir='ltr'>ipso</span> <span class='ocrx_word' id='word_1_245' title='bbox 594 2233 662 2255; x_wconf 90' lang='lat' dir='ltr'>non</span> <span class='ocrx_word' id='word_1_246' title='bbox 679 2218 836 2256; x_wconf 72' lang='lat' dir='ltr'>vivatur.</span> <span class='ocrx_word' id='word_1_247' title='bbox 857 2220 905 2253; x_wconf 85' lang='lat' dir='ltr'>In</span> <span class='ocrx_word' id='word_1_248' title='bbox 926 2220 1006 2268; x_wconf 77' lang='lat' dir='ltr'>ipso</span> <span class='ocrx_word' id='word_1_249' title='bbox 1029 2220 1131 2254; x_wconf 82' lang='lat' dir='ltr'>enim</span> <span class='ocrx_word' id='word_1_250' title='bbox 1157 2220 1327 2254; x_wconf 72' lang='lat' dir='ltr'>vivimus·</span> 
     </span>
     <span class='ocr_line' id='line_1_35' title="bbox 345 2277 1326 2328; baseline -0.002 -12"><span class='ocrx_word' id='word_1_251' title='bbox 345 2288 381 2316; x_wconf 76' lang='lat' dir='ltr'>et</span> <span class='ocrx_word' id='word_1_252' title='bbox 410 2293 604 2316; x_wconf 71' lang='lat' dir='ltr'>movemur</span> <span class='ocrx_word' id='word_1_253' title='bbox 628 2288 664 2315; x_wconf 77' lang='lat' dir='ltr'>et</span> <span class='ocrx_word' id='word_1_254' title='bbox 683 2292 823 2316; x_wconf 80' lang='lat' dir='ltr'>sumus.</span> <span class='ocrx_word' id='word_1_255' title='bbox 839 2278 950 2322; x_wconf 85' lang='lat' dir='ltr'>Quasi</span> <span class='ocrx_word' id='word_1_256' title='bbox 977 2291 1144 2328; x_wconf 84' lang='lat' dir='ltr'>corporeo</span> <span class='ocrx_word' id='word_1_257' title='bbox 1163 2277 1326 2327; x_wconf 76' lang='lat' dir='ltr'>exemplo</span> 
     </span>
     <span class='ocr_line' id='line_1_36' title="bbox 346 2337 1327 2390; baseline -0.002 -14"><span class='ocrx_word' id='word_1_258' title='bbox 346 2339 553 2390; x_wconf 82' lang='lat' dir='ltr'>hujusmodi</span> <span class='ocrx_word' id='word_1_259' title='bbox 574 2339 759 2390; x_wconf 80' lang='lat' dir='ltr'>quidpiam</span> <span class='ocrx_word' id='word_1_260' title='bbox 788 2338 876 2375; x_wconf 86' lang='lat' dir='ltr'>dicit</span> <span class='ocrx_word' id='word_1_261' title='bbox 891 2338 1012 2375; x_wconf 86' lang='lat' dir='ltr'>:Sicut</span> <span class='ocrx_word' id='word_1_262' title='bbox 1037 2337 1255 2389; x_wconf 84' lang='lat' dir='ltr'>impossibile</span> <span class='ocrx_word' id='word_1_263' title='bbox 1276 2346 1327 2374; x_wconf 84' lang='lat' dir='ltr'>est</span> 
     </span>
     <span class='ocr_line' id='line_1_37' title="bbox 346 2398 1326 2451; baseline -0.003 -14"><span class='ocrx_word' id='word_1_264' title='bbox 346 2401 507 2451; x_wconf 82' lang='lat' dir='ltr'>ignorare</span> <span class='ocrx_word' id='word_1_265' title='bbox 535 2415 648 2438; x_wconf 81' lang='lat' dir='ltr'>aerem</span> <span class='ocrx_word' id='word_1_266' title='bbox 671 2400 802 2449; x_wconf 88' lang='lat' dir='ltr'>ubique</span> <span class='ocrx_word' id='word_1_267' title='bbox 829 2399 1020 2447; x_wconf 84' lang='lat' dir='ltr'>diffusum,</span> <span class='ocrx_word' id='word_1_268' title='bbox 1048 2413 1117 2436; x_wconf 90' lang='lat' dir='ltr'>non</span> <span class='ocrx_word' id='word_1_269' title='bbox 1139 2398 1326 2450; x_wconf 79' lang='lat' dir='ltr'>proculab</span> 
     </span>
     <span class='ocr_line' id='line_1_38' title="bbox 346 2458 1324 2511; baseline -0.003 -14"><span class='ocrx_word' id='word_1_270' title='bbox 346 2475 558 2511; x_wconf 87' lang='lat' dir='ltr'>unoquoque</span> <span class='ocrx_word' id='word_1_271' title='bbox 583 2470 741 2497; x_wconf 88' lang='lat' dir='ltr'>nostrum</span> <span class='ocrx_word' id='word_1_272' title='bbox 767 2473 860 2507; x_wconf 83' lang='lat' dir='ltr'>esse,</span> <span class='ocrx_word' id='word_1_273' title='bbox 888 2460 958 2496; x_wconf 89' lang='lat' dir='ltr'>imo</span> <span class='ocrx_word' id='word_1_274' title='bbox 989 2468 1021 2496; x_wconf 89' lang='lat' dir='ltr'>et</span> <span class='ocrx_word' id='word_1_275' title='bbox 1049 2459 1084 2496; x_wconf 87' lang='lat' dir='ltr'>in</span> <span class='ocrx_word' id='word_1_276' title='bbox 1112 2458 1212 2496; x_wconf 79' lang='lat' dir='ltr'>nobis</span> <span class='ocrx_word' id='word_1_277' title='bbox 1235 2472 1324 2495; x_wconf 86' lang='lat' dir='ltr'>esse:</span> 
     </span>
     <span class='ocr_line' id='line_1_39' title="bbox 347 2518 1326 2570; baseline -0.003 -11"><span class='ocrx_word' id='word_1_278' title='bbox 347 2523 395 2559; x_wconf 80' lang='lat' dir='ltr'>ita</span> <span class='ocrx_word' id='word_1_279' title='bbox 426 2522 532 2559; x_wconf 79' lang='lat' dir='ltr'>etiam</span> <span class='ocrx_word' id='word_1_280' title='bbox 570 2521 729 2558; x_wconf 84' lang='lat' dir='ltr'>omnium</span> <span class='ocrx_word' id='word_1_281' title='bbox 766 2521 980 2558; x_wconf 85' lang='lat' dir='ltr'>Creatorem.</span> <span class='ocrx_word' id='word_1_282' title='bbox 1018 2519 1112 2559; x_wconf 75' lang='lat' dir='ltr'>Vide</span> <span class='ocrx_word' id='word_1_283' title='bbox 1150 2518 1326 2570; x_wconf 82' lang='lat' dir='ltr'>quomodo</span> 
     </span>
     <span class='ocr_line' id='line_1_40' title="bbox 346 2578 1327 2633; baseline -0.003 -15"><span class='ocrx_word' id='word_1_284' title='bbox 346 2582 462 2619; x_wconf 76' lang='lat' dir='ltr'>omnia</span> <span class='ocrx_word' id='word_1_285' title='bbox 475 2581 586 2633; x_wconf 84' lang='lat' dir='ltr'>ipsius</span> <span class='ocrx_word' id='word_1_286' title='bbox 596 2595 668 2618; x_wconf 88' lang='lat' dir='ltr'>esse</span> <span class='ocrx_word' id='word_1_287' title='bbox 678 2580 789 2617; x_wconf 80' lang='lat' dir='ltr'>dicat:</span> <span class='ocrx_word' id='word_1_288' title='bbox 804 2579 1069 2631; x_wconf 80' lang='lat' dir='ltr'>providentiam</span> <span class='ocrx_word' id='word_1_289' title='bbox 1081 2579 1178 2616; x_wconf 84' lang='lat' dir='ltr'>illius</span> <span class='ocrx_word' id='word_1_290' title='bbox 1188 2593 1260 2616; x_wconf 88' lang='lat' dir='ltr'>esse</span> <span class='ocrx_word' id='word_1_291' title='bbox 1273 2578 1327 2615; x_wconf 88' lang='lat' dir='ltr'>di-</span> 
     </span>
     <span class='ocr_line' id='line_1_41' title="bbox 346 2639 1328 2691; baseline -0.003 -12"><span class='ocrx_word' id='word_1_292' title='bbox 346 2642 393 2679; x_wconf 86' lang='lat' dir='ltr'>eit</span> <span class='ocrx_word' id='word_1_293' title='bbox 411 2657 418 2677; x_wconf 90' lang='lat'>:</span> <span class='ocrx_word' id='word_1_294' title='bbox 434 2640 749 2688; x_wconf 74' lang='lat' dir='ltr'>conservationem,</span> <span class='ocrx_word' id='word_1_295' title='bbox 771 2639 864 2690; x_wconf 81' lang='lat' dir='ltr'>quod</span> <span class='ocrx_word' id='word_1_296' title='bbox 885 2640 930 2676; x_wconf 85' lang='lat' dir='ltr'>ab</span> <span class='ocrx_word' id='word_1_297' title='bbox 946 2639 1008 2676; x_wconf 88' lang='lat' dir='ltr'>illo</span> <span class='ocrx_word' id='word_1_298' title='bbox 1031 2639 1100 2676; x_wconf 89' lang='lat' dir='ltr'>sint</span> <span class='ocrx_word' id='word_1_299' title='bbox 1110 2639 1328 2691; x_wconf 79' lang='lat' dir='ltr'>omnia‚ope-</span> 
     </span>
     <span class='ocr_line' id='line_1_42' title="bbox 346 2699 1328 2751; baseline -0.002 -13"><span class='ocrx_word' id='word_1_300' title='bbox 346 2701 449 2738; x_wconf 80' lang='lat' dir='ltr'>randi</span> <span class='ocrx_word' id='word_1_301' title='bbox 461 2701 534 2739; x_wconf 82' lang='lat' dir='ltr'>vim</span> <span class='ocrx_word' id='word_1_302' title='bbox 544 2701 707 2749; x_wconf 81' lang='lat' dir='ltr'>habeant,</span> <span class='ocrx_word' id='word_1_303' title='bbox 717 2709 749 2737; x_wconf 87' lang='lat' dir='ltr'>et</span> <span class='ocrx_word' id='word_1_304' title='bbox 761 2714 828 2736; x_wconf 91' lang='lat' dir='ltr'>non</span> <span class='ocrx_word' id='word_1_305' title='bbox 840 2708 994 2751; x_wconf 79' lang='lat' dir='ltr'>pereant.</span> <span class='ocrx_word' id='word_1_306' title='bbox 1006 2700 1077 2737; x_wconf 84' lang='lat' dir='ltr'>Nec</span> <span class='ocrx_word' id='word_1_307' title='bbox 1089 2699 1196 2747; x_wconf 78' lang='lat' dir='ltr'>dixit,</span> <span class='ocrx_word' id='word_1_308' title='bbox 1206 2700 1273 2737; x_wconf 90' lang='lat' dir='ltr'>Per</span> <span class='ocrx_word' id='word_1_309' title='bbox 1284 2699 1328 2736; x_wconf 86' lang='lat' dir='ltr'>il-</span> 
     </span>
     <span class='ocr_line' id='line_1_43' title="bbox 346 2760 1328 2813; baseline -0.003 -13"><span class='ocrx_word' id='word_1_310' title='bbox 346 2763 439 2811; x_wconf 77' lang='grc'>111111,</span> <span class='ocrx_word' id='word_1_311' title='bbox 450 2761 509 2800; x_wconf 90' lang='lat' dir='ltr'>sed</span> <span class='ocrx_word' id='word_1_312' title='bbox 523 2761 618 2812; x_wconf 88' lang='lat' dir='ltr'>quod</span> <span class='ocrx_word' id='word_1_313' title='bbox 639 2761 786 2813; x_wconf 86' lang='lat' dir='ltr'>propius</span> <span class='ocrx_word' id='word_1_314' title='bbox 802 2770 863 2808; x_wconf 79' lang='lat' dir='ltr'>est,</span> <span class='ocrx_word' id='word_1_315' title='bbox 880 2763 929 2797; x_wconf 80' lang='lat' dir='ltr'>In</span> <span class='ocrx_word' id='word_1_316' title='bbox 950 2761 1031 2798; x_wconf 84' lang='lat' dir='ltr'>illo.</span> <span class='ocrx_word' id='word_1_317' title='bbox 1040 2761 1141 2798; x_wconf 63' lang='lat' dir='ltr'>N&#39;ihil</span> <span class='ocrx_word' id='word_1_318' title='bbox 1152 2761 1220 2798; x_wconf 80' lang='lat' dir='ltr'>tale</span> <span class='ocrx_word' id='word_1_319' title='bbox 1233 2760 1328 2797; x_wconf 75' lang='lat' dir='ltr'>dixit</span> 
     </span>
     <span class='ocr_line' id='line_1_44' title="bbox 348 2821 1327 2876; baseline -0.003 -15"><span class='ocrx_word' id='word_1_320' title='bbox 348 2833 449 2876; x_wconf 82' lang='lat' dir='ltr'>poeta</span> <span class='ocrx_word' id='word_1_321' title='bbox 476 2823 549 2871; x_wconf 83' lang='lat' dir='ltr'>ille,</span> <span class='ocrx_word' id='word_1_322' title='bbox 571 2825 695 2873; x_wconf 83' lang='lat' dir='ltr'>Ipsius</span> <span class='ocrx_word' id='word_1_323' title='bbox 716 2824 831 2867; x_wconf 82' lang='lat' dir='ltr'>enim,</span> <span class='ocrx_word' id='word_1_324' title='bbox 846 2821 1056 2872; x_wconf 54' lang='lat' dir='ltr'>inquiensm</span> <span class='ocrx_word' id='word_1_325' title='bbox 1040 2835 1154 2858; x_wconf 59' lang='lat' dir='ltr'>o*enus</span> <span class='ocrx_word' id='word_1_326' title='bbox 1168 2835 1327 2866; x_wconf 46' lang='lat' dir='ltr'>sumum</span> 
     </span>
     <span class='ocr_line' id='line_1_45' title="bbox 348 2881 1328 2930; baseline -0.003 -9"><span class='ocrx_word' id='word_1_327' title='bbox 348 2884 409 2922; x_wconf 83' lang='lat' dir='ltr'>sed</span> <span class='ocrx_word' id='word_1_328' title='bbox 429 2885 488 2921; x_wconf 87' lang='lat' dir='ltr'>ille</span> <span class='ocrx_word' id='word_1_329' title='bbox 506 2883 549 2920; x_wconf 86' lang='lat' dir='ltr'>de</span> <span class='ocrx_word' id='word_1_330' title='bbox 567 2885 637 2922; x_wconf 69' lang='lat' dir='ltr'>Jox</span> <span class='ocrx_word' id='word_1_331' title='bbox 641 2897 659 2919; x_wconf 88' lang='lat' dir='ltr'>e</span> <span class='ocrx_word' id='word_1_332' title='bbox 675 2882 780 2930; x_wconf 82' lang='lat' dir='ltr'>dixit</span> <span class='ocrx_word' id='word_1_333' title='bbox 800 2881 860 2918; x_wconf 86' lang='lat' dir='ltr'>hic</span> <span class='ocrx_word' id='word_1_334' title='bbox 881 2895 964 2919; x_wconf 68' lang='grc'>1810</span> <span class='ocrx_word' id='word_1_335' title='bbox 995 2881 1039 2918; x_wconf 89' lang='lat' dir='ltr'>de</span> <span class='ocrx_word' id='word_1_336' title='bbox 1073 2882 1237 2919; x_wconf 78' lang='lat' dir='ltr'>Cieatme</span> <span class='ocrx_word' id='word_1_337' title='bbox 1261 2882 1328 2919; x_wconf 85' lang='lat' dir='ltr'>boc</span> 
     </span>
     <span class='ocr_line' id='line_1_46' title="bbox 349 2941 1329 2997; baseline -0.003 -14"><span class='ocrx_word' id='word_1_338' title='bbox 349 2945 477 2997; x_wconf 82' lang='lat' dir='ltr'>accipit</span> <span class='ocrx_word' id='word_1_339' title='bbox 494 2962 502 2982; x_wconf 89' lang='lat'><strong>:</strong></span> <span class='ocrx_word' id='word_1_340' title='bbox 521 2959 583 2982; x_wconf 84' lang='lat' dir='ltr'>nec</span> <span class='ocrx_word' id='word_1_341' title='bbox 595 2943 759 2981; x_wconf 87' lang='lat' dir='ltr'>eumdem</span> <span class='ocrx_word' id='word_1_342' title='bbox 774 2943 891 2994; x_wconf 87' lang='lat' dir='ltr'>ipsum</span> <span class='ocrx_word' id='word_1_343' title='bbox 908 2941 1039 2979; x_wconf 80' lang='lat' dir='ltr'>indicat</span> <span class='ocrx_word' id='word_1_344' title='bbox 1054 2942 1126 2989; x_wconf 85' lang='lat' dir='ltr'>ille,</span> <span class='ocrx_word' id='word_1_345' title='bbox 1143 2942 1234 2979; x_wconf 82' lang='lat' dir='ltr'>absit</span> <span class='ocrx_word' id='word_1_346' title='bbox 1246 2958 1254 2989; x_wconf 90' lang='lat'>;</span> <span class='ocrx_word' id='word_1_347' title='bbox 1268 2942 1329 2980; x_wconf 84' lang='lat' dir='ltr'>sed</span> 
     </span>
     <span class='ocr_line' id='line_1_47' title="bbox 347 3001 1329 3056; baseline -0.004 -14"><span class='ocrx_word' id='word_1_348' title='bbox 347 3020 426 3056; x_wconf 80' lang='lat' dir='ltr'>quae</span> <span class='ocrx_word' id='word_1_349' title='bbox 436 3005 479 3042; x_wconf 86' lang='lat' dir='ltr'>de</span> <span class='ocrx_word' id='word_1_350' title='bbox 490 3005 551 3041; x_wconf 85' lang='lat' dir='ltr'>illo</span> <span class='ocrx_word' id='word_1_351' title='bbox 564 3004 656 3041; x_wconf 84' lang='lat' dir='ltr'>dieta</span> <span class='ocrx_word' id='word_1_352' title='bbox 666 3012 778 3049; x_wconf 83' lang='lat' dir='ltr'>erant,</span> <span class='ocrx_word' id='word_1_353' title='bbox 787 3004 861 3040; x_wconf 91' lang='lat' dir='ltr'>Deo</span> <span class='ocrx_word' id='word_1_354' title='bbox 874 3001 930 3039; x_wconf 91' lang='lat' dir='ltr'>cui</span> <span class='ocrx_word' id='word_1_355' title='bbox 941 3002 1183 3053; x_wconf 67' lang='lat' dir='ltr'>competebant</span> <span class='ocrx_word' id='word_1_356' title='bbox 1195 3002 1329 3039; x_wconf 78' lang='lat' dir='ltr'>adscri-</span> 
     </span>
     <span class='ocr_line' id='line_1_48' title="bbox 350 3063 1329 3116; baseline -0.003 -13"><span class='ocrx_word' id='word_1_357' title='bbox 350 3067 436 3103; x_wconf 82' lang='lat' dir='ltr'>bens</span> <span class='ocrx_word' id='word_1_358' title='bbox 456 3082 463 3102; x_wconf 93' lang='lat'>:</span> <span class='ocrx_word' id='word_1_359' title='bbox 479 3079 560 3102; x_wconf 78' lang='lat' dir='ltr'>nam</span> <span class='ocrx_word' id='word_1_360' title='bbox 576 3079 674 3102; x_wconf 81' lang='lat' dir='ltr'>aram</span> <span class='ocrx_word' id='word_1_361' title='bbox 690 3065 798 3116; x_wconf 89' lang='lat' dir='ltr'>hujus</span> <span class='ocrx_word' id='word_1_362' title='bbox 811 3077 883 3100; x_wconf 89' lang='lat' dir='ltr'>esse</span> <span class='ocrx_word' id='word_1_363' title='bbox 903 3063 1003 3111; x_wconf 79' lang='lat' dir='ltr'>dicit,</span> <span class='ocrx_word' id='word_1_364' title='bbox 1015 3076 1084 3099; x_wconf 89' lang='lat' dir='ltr'>non</span> <span class='ocrx_word' id='word_1_365' title='bbox 1098 3063 1208 3110; x_wconf 90' lang='lat' dir='ltr'>illius,</span> <span class='ocrx_word' id='word_1_366' title='bbox 1225 3077 1329 3113; x_wconf 84' lang='lat' dir='ltr'>quem</span> 
     </span>
     <span class='ocr_line' id='line_1_49' title="bbox 352 3123 1331 3179; baseline -0.004 -15"><span class='ocrx_word' id='word_1_367' title='bbox 352 3128 419 3179; x_wconf 83' lang='lat' dir='ltr'>ipsi</span> <span class='ocrx_word' id='word_1_368' title='bbox 435 3126 606 3164; x_wconf 81' lang='lat' dir='ltr'>colebant.</span> <span class='ocrx_word' id='word_1_369' title='bbox 628 3125 801 3173; x_wconf 76' lang='lat' dir='ltr'>Quaedam</span> <span class='ocrx_word' id='word_1_370' title='bbox 820 3124 913 3162; x_wconf 85' lang='lat' dir='ltr'>enim</span> <span class='ocrx_word' id='word_1_371' title='bbox 924 3123 1018 3161; x_wconf 84' lang='lat' dir='ltr'>dieta</span> <span class='ocrx_word' id='word_1_372' title='bbox 1038 3133 1071 3160; x_wconf 88' lang='lat' dir='ltr'>et</span> <span class='ocrx_word' id='word_1_373' title='bbox 1084 3124 1174 3160; x_wconf 75' lang='lat' dir='ltr'>faeta</span> <span class='ocrx_word' id='word_1_374' title='bbox 1190 3133 1271 3161; x_wconf 89' lang='lat' dir='ltr'>sunt</span> <span class='ocrx_word' id='word_1_375' title='bbox 1287 3123 1331 3161; x_wconf 80' lang='lat' dir='ltr'>ad</span> 
     </span>
     <span class='ocr_line' id='line_1_50' title="bbox 352 3185 1333 3239; baseline -0.003 -14"><span class='ocrx_word' id='word_1_376' title='bbox 352 3202 476 3226; x_wconf 69' lang='lat' dir='ltr'>verum</span> <span class='ocrx_word' id='word_1_377' title='bbox 492 3190 607 3225; x_wconf 87' lang='lat' dir='ltr'>Deum</span> <span class='ocrx_word' id='word_1_378' title='bbox 623 3186 832 3239; x_wconf 84' lang='lat' dir='ltr'>pertinentia</span> <span class='ocrx_word' id='word_1_379' title='bbox 842 3199 987 3235; x_wconf 77' lang='lat' dir='ltr'>3verum</span> <span class='ocrx_word' id='word_1_380' title='bbox 999 3185 1198 3222; x_wconf 77' lang='lat' dir='ltr'>nesciebant</span> <span class='ocrx_word' id='word_1_381' title='bbox 1216 3186 1333 3223; x_wconf 58' lang='lat' dir='ltr'>Graeci</span> 
     </span>
     <span class='ocr_line' id='line_1_51' title="bbox 355 3244 1333 3298; baseline -0.003 -14"><span class='ocrx_word' id='word_1_382' title='bbox 355 3248 400 3284; x_wconf 81' lang='lat' dir='ltr'>ad</span> <span class='ocrx_word' id='word_1_383' title='bbox 409 3262 488 3284; x_wconf 88' lang='lat' dir='ltr'>eum</span> <span class='ocrx_word' id='word_1_384' title='bbox 500 3247 686 3298; x_wconf 84' lang='lat' dir='ltr'>pertinere,</span> <span class='ocrx_word' id='word_1_385' title='bbox 695 3246 755 3283; x_wconf 88' lang='lat' dir='ltr'>sed</span> <span class='ocrx_word' id='word_1_386' title='bbox 765 3245 808 3283; x_wconf 90' lang='lat' dir='ltr'>de</span> <span class='ocrx_word' id='word_1_387' title='bbox 824 3245 894 3283; x_wconf 85' lang='lat' dir='ltr'>alio</span> <span class='ocrx_word' id='word_1_388' title='bbox 917 3245 1134 3282; x_wconf 81' lang='lat' dir='ltr'>intellexere.</span> <span class='ocrx_word' id='word_1_389' title='bbox 1157 3245 1224 3282; x_wconf 86' lang='lat' dir='ltr'>Dic</span> <span class='ocrx_word' id='word_1_390' title='bbox 1240 3244 1333 3282; x_wconf 86' lang='lat' dir='ltr'>enim</span> 
     </span>
    </p>
   </div>
   <div class='ocr_carea' id='block_1_3' title="bbox 400 3378 1065 3424">
    <p class='ocr_par' dir='ltr' id='par_1_3' title="bbox 400 3378 1065 3424">
     <span class='ocr_line' id='line_1_52' title="bbox 400 3378 1065 3424; baseline -0.002 -11"><span class='ocrx_word' id='word_1_391' title='bbox 400 3391 412 3403; x_wconf 62' lang='lat'>⁰&gt;</span> <span class='ocrx_word' id='word_1_392' title='bbox 441 3385 465 3413; x_wconf 71' lang='grc' dir='ltr'>εἷ</span> <span class='ocrx_word' id='word_1_393' title='bbox 477 3395 507 3422; x_wconf 73' lang='grc' dir='ltr'>γε</span> <span class='ocrx_word' id='word_1_394' title='bbox 530 3383 682 3418; x_wconf 43' lang='lat' dir='ltr'>moisio-aro</span> <span class='ocrx_word' id='word_1_395' title='bbox 699 3381 790 3413; x_wconf 81' lang='lat' dir='ltr'>deest</span> <span class='ocrx_word' id='word_1_396' title='bbox 807 3381 838 3413; x_wconf 83' lang='lat' dir='ltr'>in</span> <span class='ocrx_word' id='word_1_397' title='bbox 855 3378 1065 3424; x_wconf 83' lang='lat' dir='ltr'>quibusdam.</span> 
     </span>
    </p>
   </div>
   <div class='ocr_carea' id='block_1_4' title="bbox 1372 266 1966 298">
    <p class='ocr_par' dir='ltr' id='par_1_4' title="bbox 1372 266 1966 298">
     <span class='ocr_line' id='line_1_53' title="bbox 1372 266 1966 298; baseline 0.007 -4"><span class='ocrx_word' id='word_1_398' title='bbox 1372 266 1558 296; x_wconf 71' lang='lat' dir='ltr'>ARCHIEP</span> <span class='ocrx_word' id='word_1_399' title='bbox 1567 287 1576 296; x_wconf 92' lang='lat'>.</span> <span class='ocrx_word' id='word_1_400' title='bbox 1615 268 1696 297; x_wconf 80' lang='lat' dir='ltr'>CON</span> <span class='ocrx_word' id='word_1_401' title='bbox 1704 268 1948 298; x_wconf 67' lang='lat' dir='ltr'>STANTtNOP</span> <span class='ocrx_word' id='word_1_402' title='bbox 1958 289 1966 297; x_wconf 89' lang='lat'>.</span> 
     </span>
    </p>
   </div>
   <div class='ocr_carea' id='block_1_5' title="bbox 1400 346 2419 455">
    <p class='ocr_par' dir='ltr' id='par_1_5' title="bbox 1400 346 2419 455">
     <span class='ocr_line' id='line_1_54' title="bbox 1400 346 2416 399; baseline -0.001 -16"><span class='ocrx_word' id='word_1_403' title='bbox 1400 346 1447 383; x_wconf 88' lang='grc' dir='ltr'>Τί</span> <span class='ocrx_word' id='word_1_404' title='bbox 1465 346 1584 384; x_wconf 79' lang='grc' dir='ltr'>τούτου</span> <span class='ocrx_word' id='word_1_405' title='bbox 1605 351 1664 384; x_wconf 73' lang='grc' dir='ltr'>τοῦ</span> <span class='ocrx_word' id='word_1_406' title='bbox 1687 349 1819 398; x_wconf 69' lang='grc' dir='ltr'>ὑψηλοῦ</span> <span class='ocrx_word' id='word_1_407' title='bbox 1841 347 1936 394; x_wconf 69' lang='grc' dir='ltr'>ἴσον,</span> <span class='ocrx_word' id='word_1_408' title='bbox 1955 348 2169 398; x_wconf 82' lang='grc' dir='ltr'>Θαυμαστὸν</span> <span class='ocrx_word' id='word_1_409' title='bbox 2191 347 2252 397; x_wconf 82' lang='grc' dir='ltr'>μὲν</span> <span class='ocrx_word' id='word_1_410' title='bbox 2270 346 2337 399; x_wconf 82' lang='grc' dir='ltr'>γὰρ</span> <span class='ocrx_word' id='word_1_411' title='bbox 2357 348 2416 383; x_wconf 77' lang='grc' dir='ltr'>καὶ</span> 
     </span>
     <span class='ocr_line' id='line_1_55' title="bbox 1400 406 2419 455; baseline 0 -12"><span class='ocrx_word' id='word_1_412' title='bbox 1400 406 1438 443; x_wconf 83' lang='grc' dir='ltr'>τὸ</span> <span class='ocrx_word' id='word_1_413' title='bbox 1453 406 1487 450; x_wconf 79' lang='grc' dir='ltr'>ἐξ</span> <span class='ocrx_word' id='word_1_414' title='bbox 1503 407 1574 450; x_wconf 80' lang='grc' dir='ltr'>ἑνὸς</span> <span class='ocrx_word' id='word_1_415' title='bbox 1588 410 1733 453; x_wconf 78' lang='grc' dir='ltr'>ποιῆσαι</span> <span class='ocrx_word' id='word_1_416' title='bbox 1749 408 1946 451; x_wconf 81' lang='grc' dir='ltr'>τοσούτους·</span> <span class='ocrx_word' id='word_1_417' title='bbox 1969 409 2007 446; x_wconf 85' lang='grc' dir='ltr'>τὸ</span> <span class='ocrx_word' id='word_1_418' title='bbox 2024 408 2058 445; x_wconf 82' lang='grc' dir='ltr'>δὲ</span> <span class='ocrx_word' id='word_1_419' title='bbox 2073 408 2206 450; x_wconf 85' lang='grc' dir='ltr'>πάντας</span> <span class='ocrx_word' id='word_1_420' title='bbox 2223 407 2323 444; x_wconf 80' lang='grc' dir='ltr'>αὐτὸν</span> <span class='ocrx_word' id='word_1_421' title='bbox 2339 423 2419 455; x_wconf 86' lang='grc' dir='ltr'>συγ-</span> 
     </span>
    </p>
   </div>
   <div class='ocr_carea' id='block_1_6' title="bbox 2169 465 2416 516">
    <p class='ocr_par' dir='ltr' id='par_1_6' title="bbox 2169 465 2416 516">
     <span class='ocr_line' id='line_1_56' title="bbox 2169 465 2416 516; baseline -0.004 -12"><span class='ocrx_word' id='word_1_422' title='bbox 2169 465 2292 510; x_wconf 77' lang='grc' dir='ltr'>Διδοὺς</span> <span class='ocrx_word' id='word_1_423' title='bbox 2326 466 2416 516; x_wconf 81' lang='grc' dir='ltr'>γὰρ,</span> 
     </span>
    </p>
   </div>
   <div class='ocr_carea' id='block_1_7' title="bbox 1401 467 2126 521">
    <p class='ocr_par' dir='ltr' id='par_1_7' title="bbox 1401 467 2126 521">
     <span class='ocr_line' id='line_1_57' title="bbox 1401 467 2126 521; baseline 0.003 -18"><span class='ocrx_word' id='word_1_424' title='bbox 1401 473 1551 517; x_wconf 88' lang='grc' dir='ltr'>κρατεῖν,</span> <span class='ocrx_word' id='word_1_425' title='bbox 1590 467 1641 504; x_wconf 82' lang='grc' dir='ltr'>ἔτι</span> <span class='ocrx_word' id='word_1_426' title='bbox 1678 469 1797 518; x_wconf 80' lang='grc' dir='ltr'>πολλῷ</span> <span class='ocrx_word' id='word_1_427' title='bbox 1836 468 2126 521; x_wconf 80' lang='grc' dir='ltr'>θαυμαστότερον.</span> 
     </span>
    </p>
   </div>
   <div class='ocr_carea' id='block_1_8' title="bbox 1339 526 2420 641">
    <p class='ocr_par' dir='ltr' id='par_1_8' title="bbox 1339 526 2420 641">
     <span class='ocr_line' id='line_1_58' title="bbox 1339 526 2420 582; baseline -0.002 -17"><span class='ocrx_word' id='word_1_428' title='bbox 1339 558 1386 582; x_wconf 79' lang='lat'>290</span> <span class='ocrx_word' id='word_1_429' title='bbox 1401 527 1506 577; x_wconf 70' lang='grc' dir='ltr'>φησὶ,</span> <span class='ocrx_word' id='word_1_430' title='bbox 1529 534 1617 565; x_wconf 82' lang='grc' dir='ltr'>πᾶσι</span> <span class='ocrx_word' id='word_1_431' title='bbox 1639 526 1746 572; x_wconf 85' lang='grc' dir='ltr'>πνοὴν</span> <span class='ocrx_word' id='word_1_432' title='bbox 1763 527 1823 564; x_wconf 75' lang='grc' dir='ltr'>καὶ</span> <span class='ocrx_word' id='word_1_433' title='bbox 1838 526 1945 572; x_wconf 79' lang='grc' dir='ltr'>ζωήν.·</span> <span class='ocrx_word' id='word_1_434' title='bbox 1960 527 2007 564; x_wconf 90' lang='grc' dir='ltr'>Τί</span> <span class='ocrx_word' id='word_1_435' title='bbox 2024 529 2131 574; x_wconf 80' lang='grc' dir='ltr'>ἐστιν,</span> <span class='ocrx_word' id='word_1_436' title='bbox 2149 526 2293 578; x_wconf 77' lang='grc' dir='ltr'>&lt;Ορίσας</span> <span class='ocrx_word' id='word_1_437' title='bbox 2312 541 2420 578; x_wconf 89' lang='grc' dir='ltr'>προσ-</span> 
     </span>
     <span class='ocr_line' id='line_1_59' title="bbox 1350 586 2420 641; baseline 0 -18"><span class='ocrx_word' id='word_1_438' title='bbox 1350 595 1374 623; x_wconf 87' lang='grc' dir='ltr'><strong>Α</strong></span> <span class='ocrx_word' id='word_1_439' title='bbox 1400 588 1630 638; x_wconf 74' lang='grc' dir='ltr'>τεταγμένους</span> <span class='ocrx_word' id='word_1_440' title='bbox 1645 587 1802 641; x_wconf 72' lang='grc' dir='ltr'>καιροὺς,</span> <span class='ocrx_word' id='word_1_441' title='bbox 1820 587 1878 625; x_wconf 83' lang='grc' dir='ltr'>καὶ</span> <span class='ocrx_word' id='word_1_442' title='bbox 1893 586 1954 630; x_wconf 76' lang='grc' dir='ltr'>τὰς</span> <span class='ocrx_word' id='word_1_443' title='bbox 1969 587 2145 638; x_wconf 77' lang='grc' dir='ltr'>ὁροθεσίας</span> <span class='ocrx_word' id='word_1_444' title='bbox 2163 591 2224 633; x_wconf 83' lang='grc' dir='ltr'>τ’ἧς</span> <span class='ocrx_word' id='word_1_445' title='bbox 2241 586 2420 628; x_wconf 81' lang='grc' dir='ltr'>κατοικίας</span> 
     </span>
    </p>
   </div>
   <div class='ocr_carea' id='block_1_9' title="bbox 1398 646 2422 1710">
    <p class='ocr_par' dir='ltr' id='par_1_9' title="bbox 1398 646 2422 1710">
     <span class='ocr_line' id='line_1_60' title="bbox 1400 646 2421 698; baseline -0.003 -13"><span class='ocrx_word' id='word_1_446' title='bbox 1400 649 1525 694; x_wconf 79' lang='grc' dir='ltr'>αὐτῶν,</span> <span class='ocrx_word' id='word_1_447' title='bbox 1547 651 1659 695; x_wconf 85' lang='grc' dir='ltr'>ζητεῖν</span> <span class='ocrx_word' id='word_1_448' title='bbox 1681 648 1736 685; x_wconf 82' lang='grc' dir='ltr'>τὸν</span> <span class='ocrx_word' id='word_1_449' title='bbox 1755 647 1856 692; x_wconf 63' lang='grc' dir='ltr'>(θεὸν,</span> <span class='ocrx_word' id='word_1_450' title='bbox 1877 649 1906 684; x_wconf 85' lang='grc' dir='ltr'>εἷ</span> <span class='ocrx_word' id='word_1_451' title='bbox 1924 647 1990 697; x_wconf 79' lang='grc' dir='ltr'>ἄρα</span> <span class='ocrx_word' id='word_1_452' title='bbox 2006 662 2045 697; x_wconf 85' lang='grc' dir='ltr'>γε</span> <span class='ocrx_word' id='word_1_453' title='bbox 2060 647 2302 698; x_wconf 76' lang='grc' dir='ltr'>ψηλαφήσειαν</span> <span class='ocrx_word' id='word_1_454' title='bbox 2320 646 2421 683; x_wconf 72' lang='grc' dir='ltr'>αὐτὸν</span> 
     </span>
     <span class='ocr_line' id='line_1_61' title="bbox 1398 705 2421 761; baseline -0.003 -15"><span class='ocrx_word' id='word_1_455' title='bbox 1398 707 1457 746; x_wconf 81' lang='grc' dir='ltr'>καὶ</span> <span class='ocrx_word' id='word_1_456' title='bbox 1480 708 1624 761; x_wconf 75' lang='grc' dir='ltr'>εὕροιεν,</span> <span class='ocrx_word' id='word_1_457' title='bbox 1644 708 1727 745; x_wconf 72' lang='grc' dir='ltr'>εὈτι</span> <span class='ocrx_word' id='word_1_458' title='bbox 1747 709 1807 745; x_wconf 82' lang='grc' dir='ltr'>οὐκ</span> <span class='ocrx_word' id='word_1_459' title='bbox 1828 706 2043 757; x_wconf 80' lang='grc' dir='ltr'>ἠναγκάζετό</span> <span class='ocrx_word' id='word_1_460' title='bbox 2062 723 2113 749; x_wconf 88' lang='grc' dir='ltr'>τις</span> <span class='ocrx_word' id='word_1_461' title='bbox 2126 736 2135 753; x_wconf 84' lang='grc'>,</span> <span class='ocrx_word' id='word_1_462' title='bbox 2159 706 2244 757; x_wconf 76' lang='grc' dir='ltr'>φησὶ</span> <span class='ocrx_word' id='word_1_463' title='bbox 2259 735 2268 751; x_wconf 89' lang='grc'>,</span> <span class='ocrx_word' id='word_1_464' title='bbox 2287 705 2421 756; x_wconf 77' lang='grc' dir='ltr'>περιιέ-</span> 
     </span>
     <span class='ocr_line' id='line_1_62' title="bbox 1398 765 2420 816; baseline -0.004 -10"><span class='ocrx_word' id='word_1_465' title='bbox 1398 784 1454 806; x_wconf 88' lang='grc' dir='ltr'>ναι</span> <span class='ocrx_word' id='word_1_466' title='bbox 1474 769 1532 806; x_wconf 77' lang='grc' dir='ltr'>καὶ</span> <span class='ocrx_word' id='word_1_467' title='bbox 1553 770 1664 815; x_wconf 80' lang='grc' dir='ltr'>ζητεῖν</span> <span class='ocrx_word' id='word_1_468' title='bbox 1690 767 1747 804; x_wconf 78' lang='grc' dir='ltr'>τὸν</span> <span class='ocrx_word' id='word_1_469' title='bbox 1775 767 1884 805; x_wconf 85' lang='grc' dir='ltr'>Θεόν·</span> <span class='ocrx_word' id='word_1_470' title='bbox 1913 766 1935 812; x_wconf 78' lang='grc' dir='ltr'>ἢ</span> <span class='ocrx_word' id='word_1_471' title='bbox 1968 769 1996 803; x_wconf 88' lang='grc' dir='ltr'>εἰ</span> <span class='ocrx_word' id='word_1_472' title='bbox 2018 766 2066 816; x_wconf 77' lang='grc' dir='ltr'>μὴ</span> <span class='ocrx_word' id='word_1_473' title='bbox 2087 769 2209 812; x_wconf 70' lang='grc' dir='ltr'>τοῦτο,</span> <span class='ocrx_word' id='word_1_474' title='bbox 2236 765 2288 803; x_wconf 76' lang='grc' dir='ltr'>ὅτι</span> <span class='ocrx_word' id='word_1_475' title='bbox 2317 765 2420 815; x_wconf 81' lang='grc' dir='ltr'>ὥρισε</span> 
     </span>
     <span class='ocr_line' id='line_1_63' title="bbox 1399 826 2420 877; baseline -0.004 -10"><span class='ocrx_word' id='word_1_476' title='bbox 1399 833 1548 876; x_wconf 70' lang='grc' dir='ltr'>ζητῆσαι</span> <span class='ocrx_word' id='word_1_477' title='bbox 1575 830 1631 867; x_wconf 72' lang='grc' dir='ltr'>τὸν</span> <span class='ocrx_word' id='word_1_478' title='bbox 1657 830 1758 867; x_wconf 82' lang='grc' dir='ltr'>Θεόν.</span> <span class='ocrx_word' id='word_1_479' title='bbox 1779 828 1870 866; x_wconf 77' lang='grc' dir='ltr'>Ἀλλ’</span> <span class='ocrx_word' id='word_1_480' title='bbox 1895 830 1932 865; x_wconf 76' lang='grc' dir='ltr'>οὗ</span> <span class='ocrx_word' id='word_1_481' title='bbox 1955 827 2140 869; x_wconf 79' lang='grc' dir='ltr'>διαπαντὸς</span> <span class='ocrx_word' id='word_1_482' title='bbox 2160 830 2261 864; x_wconf 79' lang='grc' dir='ltr'>τοῦτο</span> <span class='ocrx_word' id='word_1_483' title='bbox 2283 826 2420 877; x_wconf 79' lang='grc' dir='ltr'>ὥρισεν,</span> 
     </span>
     <span class='ocr_line' id='line_1_64' title="bbox 1400 886 2420 941; baseline -0.004 -14"><span class='ocrx_word' id='word_1_484' title='bbox 1400 891 1489 927; x_wconf 60' lang='grc' dir='ltr'>ἀκλα</span> <span class='ocrx_word' id='word_1_485' title='bbox 1511 892 1669 941; x_wconf 83' lang='grc' dir='ltr'>Προστετ</span> <span class='ocrx_word' id='word_1_486' title='bbox 1658 905 1762 940; x_wconf 87' lang='grc' dir='ltr'>αγμε</span> <span class='ocrx_word' id='word_1_487' title='bbox 1748 888 1839 931; x_wconf 84' lang='grc' dir='ltr'>’νους</span> <span class='ocrx_word' id='word_1_488' title='bbox 1861 887 2011 939; x_wconf 81' lang='grc' dir='ltr'>καιρούς.</span> <span class='ocrx_word' id='word_1_489' title='bbox 2031 888 2176 925; x_wconf 82' lang='grc' dir='ltr'>Ἰουτο</span> <span class='ocrx_word' id='word_1_490' title='bbox 2159 902 2193 924; x_wconf 84' lang='grc' dir='ltr'>οε</span> <span class='ocrx_word' id='word_1_491' title='bbox 2217 886 2332 938; x_wconf 79' lang='grc' dir='ltr'>λέγει,</span> <span class='ocrx_word' id='word_1_492' title='bbox 2354 888 2389 924; x_wconf 87' lang='grc' dir='ltr'>δε</span> <span class='ocrx_word' id='word_1_493' title='bbox 2395 903 2420 923; x_wconf 90' lang='grc' dir='ltr'>ι-</span> 
     </span>
     <span class='ocr_line' id='line_1_65' title="bbox 1400 947 2420 1023; baseline -0.006 -35"><span class='ocrx_word' id='word_1_494' title='bbox 1400 967 1479 993; x_wconf 87' lang='grc' dir='ltr'>κνυς</span> <span class='ocrx_word' id='word_1_495' title='bbox 1502 950 1553 988; x_wconf 73' lang='grc' dir='ltr'>ὅτι</span> <span class='ocrx_word' id='word_1_496' title='bbox 1572 950 1646 988; x_wconf 74' lang='grc' dir='ltr'>οὐδὲ</span> <span class='ocrx_word' id='word_1_497' title='bbox 1667 954 1723 987; x_wconf 75' lang='grc' dir='ltr'>νῦν</span> <span class='ocrx_word' id='word_1_498' title='bbox 1745 948 1957 995; x_wconf 79' lang='grc' dir='ltr'>ζητησαντες</span> <span class='ocrx_word' id='word_1_499' title='bbox 1982 951 2092 1023; x_wconf 48' lang='lat' dir='ltr'>inpone,</span> <span class='ocrx_word' id='word_1_500' title='bbox 2114 947 2229 985; x_wconf 84' lang='grc' dir='ltr'>καίτοι</span> <span class='ocrx_word' id='word_1_501' title='bbox 2253 962 2358 989; x_wconf 78' lang='grc' dir='ltr'>ουτως</span> <span class='ocrx_word' id='word_1_502' title='bbox 2378 950 2420 991; x_wconf 68' lang='grc' dir='ltr'>ἦ)</span> 
     </span>
     <span class='ocr_line' id='line_1_66' title="bbox 1400 1006 2420 1063; baseline -0.006 -14"><span class='ocrx_word' id='word_1_503' title='bbox 1400 1027 1543 1063; x_wconf 76' lang='grc' dir='ltr'>φανερος</span> <span class='ocrx_word' id='word_1_504' title='bbox 1563 1012 1646 1062; x_wconf 84' lang='grc' dir='ltr'>πρὸς</span> <span class='ocrx_word' id='word_1_505' title='bbox 1664 1012 1703 1049; x_wconf 80' lang='grc' dir='ltr'>τὸ</span> <span class='ocrx_word' id='word_1_506' title='bbox 1720 1010 1959 1061; x_wconf 81' lang='grc' dir='ltr'>ευρίσκεσθαι,</span> <span class='ocrx_word' id='word_1_507' title='bbox 1986 1008 2104 1059; x_wconf 76' lang='grc' dir='ltr'>ὥσπερ</span> <span class='ocrx_word' id='word_1_508' title='bbox 2133 1007 2172 1044; x_wconf 82' lang='grc' dir='ltr'>ἂν</span> <span class='ocrx_word' id='word_1_509' title='bbox 2192 1009 2239 1050; x_wconf 83' lang='grc' dir='ltr'>εἷς</span> <span class='ocrx_word' id='word_1_510' title='bbox 2269 1006 2402 1056; x_wconf 82' lang='grc' dir='ltr'>μέσον</span> <span class='ocrx_word' id='word_1_511' title='bbox 2386 1023 2420 1044; x_wconf 83' lang='grc' dir='ltr'>τι</span> 
     </span>
     <span class='ocr_line' id='line_1_67' title="bbox 1399 1068 2421 1124; baseline -0.006 -14"><span class='ocrx_word' id='word_1_512' title='bbox 1399 1072 1663 1124; x_wconf 68' lang='grc' dir='ltr'>ψηλαρωυιενον.</span> <span class='ocrx_word' id='word_1_513' title='bbox 1696 1070 1785 1108; x_wconf 74' lang='grc' dir='ltr'>Οὐδὲ</span> <span class='ocrx_word' id='word_1_514' title='bbox 1812 1069 1878 1121; x_wconf 80' lang='grc' dir='ltr'>γὰρ</span> <span class='ocrx_word' id='word_1_515' title='bbox 1908 1072 1963 1107; x_wconf 79' lang='grc' dir='ltr'>ἐντ</span> <span class='ocrx_word' id='word_1_516' title='bbox 1967 1073 2053 1107; x_wconf 72' lang='grc' dir='ltr'>αύθα</span> <span class='ocrx_word' id='word_1_517' title='bbox 2089 1084 2127 1118; x_wconf 89' lang='grc' dir='ltr'>μ-</span> <span class='ocrx_word' id='word_1_518' title='bbox 2118 1068 2149 1106; x_wconf 67' lang='lat' dir='ltr'>{v</span> <span class='ocrx_word' id='word_1_519' title='bbox 2181 1084 2223 1114; x_wconf 89' lang='grc' dir='ltr'>ην</span> <span class='ocrx_word' id='word_1_520' title='bbox 2258 1068 2421 1118; x_wconf 78' lang='grc' dir='ltr'>οὐρανὸς,</span> 
     </span>
     <span class='ocr_line' id='line_1_68' title="bbox 1401 1128 2420 1203; baseline -0.004 -34"><span class='ocrx_word' id='word_1_521' title='bbox 1401 1135 1555 1184; x_wconf 73' lang='grc' dir='ltr'>ἀλλαχοῦ</span> <span class='ocrx_word' id='word_1_522' title='bbox 1574 1132 1608 1169; x_wconf 75' lang='grc' dir='ltr'>δὲ</span> <span class='ocrx_word' id='word_1_523' title='bbox 1628 1132 1683 1170; x_wconf 86' lang='grc' dir='ltr'>οὔ·</span> <span class='ocrx_word' id='word_1_524' title='bbox 1703 1133 1778 1169; x_wconf 75' lang='grc' dir='ltr'>οὐδὲ</span> <span class='ocrx_word' id='word_1_525' title='bbox 1802 1133 1836 1168; x_wconf 80' lang='grc' dir='ltr'>ἐν</span> <span class='ocrx_word' id='word_1_526' title='bbox 1857 1145 1967 1167; x_wconf 77' lang='grc' dir='ltr'>τουτω</span> <span class='ocrx_word' id='word_1_527' title='bbox 1990 1146 2039 1166; x_wconf 82' lang='grc' dir='ltr'>τι)</span> <span class='ocrx_word' id='word_1_528' title='bbox 2066 1128 2181 1203; x_wconf 57' lang='grc' dir='ltr'>χρόνω</span> <span class='ocrx_word' id='word_1_529' title='bbox 2197 1132 2251 1175; x_wconf 86' lang='grc' dir='ltr'>ἠν,</span> <span class='ocrx_word' id='word_1_530' title='bbox 2273 1131 2306 1166; x_wconf 81' lang='grc' dir='ltr'>ἐν</span> <span class='ocrx_word' id='word_1_531' title='bbox 2326 1129 2420 1165; x_wconf 72' lang='grc' dir='ltr'>ἅλὶι)</span> 
     </span>
     <span class='ocr_line' id='line_1_69' title="bbox 1401 1189 2418 1241; baseline -0.005 -10"><span class='ocrx_word' id='word_1_532' title='bbox 1401 1193 1435 1231; x_wconf 80' lang='grc' dir='ltr'>δε</span> <span class='ocrx_word' id='word_1_533' title='bbox 1451 1193 1500 1232; x_wconf 78' lang='grc' dir='ltr'>οὔ.</span> <span class='ocrx_word' id='word_1_534' title='bbox 1517 1193 1627 1232; x_wconf 68' lang='grc' dir='ltr'>ζ’.Ωστε</span> <span class='ocrx_word' id='word_1_535' title='bbox 1650 1193 1708 1231; x_wconf 80' lang='grc' dir='ltr'>καὶ</span> <span class='ocrx_word' id='word_1_536' title='bbox 1728 1192 1819 1230; x_wconf 89' lang='grc' dir='ltr'>κατα</span> <span class='ocrx_word' id='word_1_537' title='bbox 1834 1191 1947 1229; x_wconf 76' lang='grc' dir='ltr'>πάντα</span> <span class='ocrx_word' id='word_1_538' title='bbox 1963 1206 2097 1241; x_wconf 83' lang='grc' dir='ltr'>καιρον,</span> <span class='ocrx_word' id='word_1_539' title='bbox 2119 1189 2178 1227; x_wconf 86' lang='grc' dir='ltr'>καὶ</span> <span class='ocrx_word' id='word_1_540' title='bbox 2197 1189 2288 1227; x_wconf 79' lang='grc' dir='ltr'>κατὰ</span> <span class='ocrx_word' id='word_1_541' title='bbox 2304 1195 2418 1226; x_wconf 82' lang='grc' dir='ltr'>πᾶσαν</span> 
     </span>
     <span class='ocr_line' id='line_1_70' title="bbox 1399 1231 2420 1308; baseline -0.006 -16"><span class='ocrx_word' id='word_1_542' title='bbox 1399 1254 1573 1308; x_wconf 84' lang='grc' dir='ltr'>ὃροΟεσίαν</span> <span class='ocrx_word' id='word_1_543' title='bbox 1592 1254 1733 1291; x_wconf 74' lang='grc' dir='ltr'>δυνατὸν</span> <span class='ocrx_word' id='word_1_544' title='bbox 1750 1253 1852 1290; x_wconf 72' lang='grc' dir='ltr'>αὐτὸν</span> <span class='ocrx_word' id='word_1_545' title='bbox 1875 1255 1997 1304; x_wconf 77' lang='grc' dir='ltr'>εὑρεῖν.</span> <span class='ocrx_word' id='word_1_546' title='bbox 2020 1231 2143 1294; x_wconf 81' lang='grc' dir='ltr'>Οὕτως</span> <span class='ocrx_word' id='word_1_547' title='bbox 2165 1249 2366 1302; x_wconf 80' lang='grc' dir='ltr'>ᾠκονόμησε</span> <span class='ocrx_word' id='word_1_548' title='bbox 2382 1249 2420 1286; x_wconf 78' lang='grc' dir='ltr'>τὸ</span> 
     </span>
     <span class='ocr_line' id='line_1_71' title="bbox 1400 1308 2418 1363; baseline -0.007 -11"><span class='ocrx_word' id='word_1_549' title='bbox 1400 1317 1577 1360; x_wconf 80' lang='grc' dir='ltr'>ζητεῖσθαι</span> <span class='ocrx_word' id='word_1_550' title='bbox 1603 1313 1692 1351; x_wconf 79' lang='grc' dir='ltr'>ὥστε</span> <span class='ocrx_word' id='word_1_551' title='bbox 1713 1312 1800 1363; x_wconf 74' lang='grc' dir='ltr'>μήτε</span> <span class='ocrx_word' id='word_1_552' title='bbox 1820 1311 1916 1363; x_wconf 78' lang='grc' dir='ltr'>τόπῳ</span> <span class='ocrx_word' id='word_1_553' title='bbox 1936 1310 2147 1357; x_wconf 75' lang='grc' dir='ltr'>κωλύεσθαι,</span> <span class='ocrx_word' id='word_1_554' title='bbox 2177 1309 2264 1359; x_wconf 76' lang='grc' dir='ltr'>μήτε</span> <span class='ocrx_word' id='word_1_555' title='bbox 2292 1308 2418 1360; x_wconf 74' lang='grc' dir='ltr'>χρόνῳ.</span> 
     </span>
     <span class='ocr_line' id='line_1_72' title="bbox 1402 1369 2421 1422; baseline -0.008 -10"><span class='ocrx_word' id='word_1_556' title='bbox 1402 1375 1470 1412; x_wconf 84' lang='grc' dir='ltr'>Καὶ</span> <span class='ocrx_word' id='word_1_557' title='bbox 1493 1374 1573 1412; x_wconf 78' lang='grc' dir='ltr'>αὐτὸ</span> <span class='ocrx_word' id='word_1_558' title='bbox 1596 1374 1636 1420; x_wconf 80' lang='grc' dir='ltr'>δὴ</span> <span class='ocrx_word' id='word_1_559' title='bbox 1662 1376 1762 1411; x_wconf 76' lang='grc' dir='ltr'>τοῦτο</span> <span class='ocrx_word' id='word_1_560' title='bbox 1783 1373 1935 1422; x_wconf 74' lang='grc' dir='ltr'>μάλιστα</span> <span class='ocrx_word' id='word_1_561' title='bbox 1956 1373 2068 1412; x_wconf 78' lang='grc' dir='ltr'>αὐτοῖς</span> <span class='ocrx_word' id='word_1_562' title='bbox 2087 1369 2339 1416; x_wconf 63' lang='grc' dir='ltr'>συνεὸάλλετο,</span> <span class='ocrx_word' id='word_1_563' title='bbox 2366 1369 2421 1406; x_wconf 49' lang='grc' dir='ltr'><strong>ἢεῖ</strong></span> 
     </span>
     <span class='ocr_line' id='line_1_73' title="bbox 1399 1425 2418 1487; baseline -0.007 -14"><span class='ocrx_word' id='word_1_564' title='bbox 1399 1452 1438 1487; x_wconf 85' lang='grc' dir='ltr'>γε</span> <span class='ocrx_word' id='word_1_565' title='bbox 1457 1435 1644 1481; x_wconf 64' lang='grc' dir='ltr'>ἦὲούλοντο</span> <span class='ocrx_word' id='word_1_566' title='bbox 1661 1464 1670 1482; x_wconf 91' lang='grc'>,</span> <span class='ocrx_word' id='word_1_567' title='bbox 1692 1434 1731 1472; x_wconf 69' lang='grc' dir='ltr'>τὸ</span> <span class='ocrx_word' id='word_1_568' title='bbox 1748 1436 1928 1484; x_wconf 69' lang='grc' dir='ltr'>πανταχοῦ</span> <span class='ocrx_word' id='word_1_569' title='bbox 1946 1425 2034 1469; x_wconf 64' lang='grc' dir='ltr'>εἶναι</span> <span class='ocrx_word' id='word_1_570' title='bbox 2059 1431 2116 1469; x_wconf 73' lang='grc' dir='ltr'>τὸν</span> <span class='ocrx_word' id='word_1_571' title='bbox 2142 1430 2298 1481; x_wconf 76' lang='grc' dir='ltr'>οὐρανὸν,</span> <span class='ocrx_word' id='word_1_572' title='bbox 2319 1430 2358 1468; x_wconf 77' lang='grc' dir='ltr'>τὸ</span> <span class='ocrx_word' id='word_1_573' title='bbox 2384 1431 2418 1466; x_wconf 79' lang='grc' dir='ltr'>ἐν</span> 
     </span>
     <span class='ocr_line' id='line_1_74' title="bbox 1399 1485 2418 1547; baseline -0.006 -13"><span class='ocrx_word' id='word_1_574' title='bbox 1399 1497 1504 1534; x_wconf 84' lang='grc' dir='ltr'>παντὶ</span> <span class='ocrx_word' id='word_1_575' title='bbox 1518 1495 1634 1547; x_wconf 78' lang='grc' dir='ltr'>χρόνῳ</span> <span class='ocrx_word' id='word_1_576' title='bbox 1657 1495 1809 1532; x_wconf 81' lang='grc' dir='ltr'>ἑστάναι.</span> <span class='ocrx_word' id='word_1_577' title='bbox 1831 1493 1893 1531; x_wconf 75' lang='grc' dir='ltr'>Διὸ</span> <span class='ocrx_word' id='word_1_578' title='bbox 1909 1493 1968 1531; x_wconf 77' lang='grc' dir='ltr'>καὶ</span> <span class='ocrx_word' id='word_1_579' title='bbox 1985 1491 2093 1535; x_wconf 78' lang='grc' dir='ltr'>οὕτως</span> <span class='ocrx_word' id='word_1_580' title='bbox 2120 1485 2193 1529; x_wconf 63' lang='grc' dir='ltr'>εἶπε</span> <span class='ocrx_word' id='word_1_581' title='bbox 2210 1507 2217 1515; x_wconf 93' lang='grc'>·</span> <span class='ocrx_word' id='word_1_582' title='bbox 2237 1492 2362 1530; x_wconf 84' lang='grc' dir='ltr'>Καίτοι</span> <span class='ocrx_word' id='word_1_583' title='bbox 2380 1507 2418 1540; x_wconf 90' lang='grc' dir='ltr'>γε</span> 
     </span>
     <span class='ocr_line' id='line_1_75' title="bbox 1400 1553 2418 1607; baseline -0.005 -13"><span class='ocrx_word' id='word_1_584' title='bbox 1400 1558 1437 1594; x_wconf 79' lang='grc' dir='ltr'>οὗ</span> <span class='ocrx_word' id='word_1_585' title='bbox 1457 1556 1593 1607; x_wconf 80' lang='grc' dir='ltr'>μακρὰν</span> <span class='ocrx_word' id='word_1_586' title='bbox 1617 1556 1686 1593; x_wconf 78' lang='grc' dir='ltr'>ἀπὸ</span> <span class='ocrx_word' id='word_1_587' title='bbox 1710 1555 1782 1597; x_wconf 81' lang='grc' dir='ltr'>ἑνὸς</span> <span class='ocrx_word' id='word_1_588' title='bbox 1802 1554 1948 1591; x_wconf 81' lang='grc' dir='ltr'>ἑκάστου</span> <span class='ocrx_word' id='word_1_589' title='bbox 1970 1557 2069 1604; x_wconf 76' lang='grc' dir='ltr'>ἡμῶν</span> <span class='ocrx_word' id='word_1_590' title='bbox 2091 1553 2314 1604; x_wconf 74' lang='grc' dir='ltr'>ὑπάρχοντα,</span> <span class='ocrx_word' id='word_1_591' title='bbox 2342 1553 2418 1589; x_wconf 76' lang='grc' dir='ltr'>ἀλλ’</span> 
     </span>
     <span class='ocr_line' id='line_1_76' title="bbox 1399 1612 2418 1668; baseline -0.004 -15"><span class='ocrx_word' id='word_1_592' title='bbox 1399 1616 1499 1668; x_wconf 78' lang='grc' dir='ltr'>ἐγγὺς</span> <span class='ocrx_word' id='word_1_593' title='bbox 1514 1616 1596 1653; x_wconf 85' lang='grc' dir='ltr'>ὄντα</span> <span class='ocrx_word' id='word_1_594' title='bbox 1612 1622 1731 1653; x_wconf 82' lang='grc' dir='ltr'>πᾶσιν.</span> <span class='ocrx_word' id='word_1_595' title='bbox 1750 1614 1799 1652; x_wconf 59' lang='lat' dir='ltr'>“O</span> <span class='ocrx_word' id='word_1_596' title='bbox 1821 1614 1855 1652; x_wconf 76' lang='grc' dir='ltr'>δὲ</span> <span class='ocrx_word' id='word_1_597' title='bbox 1870 1613 1986 1665; x_wconf 79' lang='grc' dir='ltr'>λέγει,</span> <span class='ocrx_word' id='word_1_598' title='bbox 2006 1613 2105 1651; x_wconf 78' lang='grc' dir='ltr'>τοῦτο’</span> <span class='ocrx_word' id='word_1_599' title='bbox 2126 1615 2237 1650; x_wconf 81' lang='grc' dir='ltr'>ἐστιν·</span> <span class='ocrx_word' id='word_1_600' title='bbox 2258 1615 2295 1650; x_wconf 80' lang='grc' dir='ltr'>οὐ</span> <span class='ocrx_word' id='word_1_601' title='bbox 2318 1612 2418 1662; x_wconf 88' lang='grc' dir='ltr'>μόνον</span> 
     </span>
     <span class='ocr_line' id='line_1_77' title="bbox 2331 1672 2422 1710; baseline 0 0"><span class='ocrx_word' id='word_1_602' title='bbox 2331 1672 2422 1710; x_wconf 78' lang='grc' dir='ltr'>ἀλλὰ</span> 
     </span>
    </p>
   </div>
   <div class='ocr_carea' id='block_1_10' title="bbox 1400 1733 2419 1787">
    <p class='ocr_par' dir='ltr' id='par_1_10' title="bbox 1400 1733 2419 1787">
     <span class='ocr_line' id='line_1_78' title="bbox 1400 1733 2419 1787; baseline -0.004 -14"><span class='ocrx_word' id='word_1_603' title='bbox 1400 1736 1458 1774; x_wconf 77' lang='grc' dir='ltr'>καὶ</span> <span class='ocrx_word' id='word_1_604' title='bbox 1479 1737 1517 1774; x_wconf 81' lang='grc' dir='ltr'>τὸ</span> <span class='ocrx_word' id='word_1_605' title='bbox 1539 1736 1724 1787; x_wconf 71' lang='grc' dir='ltr'>κεφάλαιον</span> <span class='ocrx_word' id='word_1_606' title='bbox 1746 1734 1922 1781; x_wconf 83' lang='grc' dir='ltr'>ἁπάντων,</span> <span class='ocrx_word' id='word_1_607' title='bbox 1943 1736 1990 1776; x_wconf 89' lang='grc' dir='ltr'>εἷς</span> <span class='ocrx_word' id='word_1_608' title='bbox 2008 1737 2134 1785; x_wconf 81' lang='grc' dir='ltr'>γνῶσιν</span> <span class='ocrx_word' id='word_1_609' title='bbox 2150 1733 2279 1784; x_wconf 79' lang='grc' dir='ltr'>ἤγαγεν</span> <span class='ocrx_word' id='word_1_610' title='bbox 2296 1735 2419 1777; x_wconf 74' lang='grc' dir='ltr'>αὑτοῦ,</span> 
     </span>
    </p>
   </div>
   <div class='ocr_carea' id='block_1_11' title="bbox 1399 1673 2296 1724">
    <p class='ocr_par' dir='ltr' id='par_1_11' title="bbox 1399 1673 2296 1724">
     <span class='ocr_line' id='line_1_79' title="bbox 1399 1673 2296 1724; baseline -0.006 -9"><span class='ocrx_word' id='word_1_611' title='bbox 1399 1678 1461 1724; x_wconf 79' lang='grc' dir='ltr'>τὴν</span> <span class='ocrx_word' id='word_1_612' title='bbox 1478 1676 1566 1723; x_wconf 82' lang='grc' dir='ltr'>ζωὴν</span> <span class='ocrx_word' id='word_1_613' title='bbox 1584 1675 1690 1713; x_wconf 81' lang='grc' dir='ltr'>ἔδωκε</span> <span class='ocrx_word' id='word_1_614' title='bbox 1716 1674 1775 1713; x_wconf 79' lang='grc' dir='ltr'>καὶ</span> <span class='ocrx_word' id='word_1_615' title='bbox 1800 1674 1863 1721; x_wconf 75' lang='grc' dir='ltr'>τὴν</span> <span class='ocrx_word' id='word_1_616' title='bbox 1892 1673 2000 1720; x_wconf 87' lang='grc' dir='ltr'>πνοὴν</span> <span class='ocrx_word' id='word_1_617' title='bbox 2016 1675 2076 1711; x_wconf 82' lang='grc' dir='ltr'>καὶ</span> <span class='ocrx_word' id='word_1_618' title='bbox 2092 1673 2136 1711; x_wconf 84' lang='grc' dir='ltr'>τὰ</span> <span class='ocrx_word' id='word_1_619' title='bbox 2163 1673 2296 1711; x_wconf 84' lang='grc' dir='ltr'>πάντα·</span> 
     </span>
    </p>
   </div>
   <div class='ocr_carea' id='block_1_12' title="bbox 1400 1789 2423 2633">
    <p class='ocr_par' dir='ltr' id='par_1_12' title="bbox 1400 1789 2423 2633">
     <span class='ocr_line' id='line_1_80' title="bbox 1402 1789 2420 1846; baseline -0.005 -12"><span class='ocrx_word' id='word_1_620' title='bbox 1402 1796 1476 1839; x_wconf 71' lang='grc' dir='ltr'>δοὺς</span> <span class='ocrx_word' id='word_1_621' title='bbox 1495 1801 1604 1834; x_wconf 68' lang='grc' dir='ltr'>ταῦτα</span> <span class='ocrx_word' id='word_1_622' title='bbox 1617 1827 1626 1844; x_wconf 91' lang='grc'>,</span> <span class='ocrx_word' id='word_1_623' title='bbox 1649 1797 1692 1832; x_wconf 83' lang='grc' dir='ltr'>δι’</span> <span class='ocrx_word' id='word_1_624' title='bbox 1714 1789 1761 1832; x_wconf 59' lang='grc' dir='ltr'>ὧν</span> <span class='ocrx_word' id='word_1_625' title='bbox 1779 1795 1954 1844; x_wconf 72' lang='grc' dir='ltr'>δυνάμεθα</span> <span class='ocrx_word' id='word_1_626' title='bbox 1973 1797 2082 1846; x_wconf 78' lang='grc' dir='ltr'>εὑρεῖν</span> <span class='ocrx_word' id='word_1_627' title='bbox 2107 1794 2207 1831; x_wconf 71' lang='grc' dir='ltr'>αὐτὸν</span> <span class='ocrx_word' id='word_1_628' title='bbox 2228 1793 2287 1830; x_wconf 81' lang='grc' dir='ltr'>καὶ</span> <span class='ocrx_word' id='word_1_629' title='bbox 2307 1809 2420 1830; x_wconf 89' lang='grc' dir='ltr'>κατα-</span> 
     </span>
     <span class='ocr_line' id='line_1_81' title="bbox 1400 1853 2422 1904; baseline -0.005 -9"><span class='ocrx_word' id='word_1_630' title='bbox 1400 1857 1530 1895; x_wconf 68' lang='grc' dir='ltr'>λαὸεῖν.</span> <span class='ocrx_word' id='word_1_631' title='bbox 1558 1857 1648 1894; x_wconf 78' lang='grc' dir='ltr'>Ἀλλ’</span> <span class='ocrx_word' id='word_1_632' title='bbox 1671 1858 1733 1894; x_wconf 72' lang='grc' dir='ltr'>οὐκ</span> <span class='ocrx_word' id='word_1_633' title='bbox 1759 1854 1978 1904; x_wconf 76' lang='grc' dir='ltr'>ἠθελήσαμεν</span> <span class='ocrx_word' id='word_1_634' title='bbox 2011 1856 2183 1900; x_wconf 65' lang='grc' dir='ltr'>ζητῆσαι,</span> <span class='ocrx_word' id='word_1_635' title='bbox 2213 1853 2326 1891; x_wconf 88' lang='grc' dir='ltr'>καίτοι</span> <span class='ocrx_word' id='word_1_636' title='bbox 2355 1853 2422 1904; x_wconf 83' lang='grc' dir='ltr'>πρὸ</span> 
     </span>
     <span class='ocr_line' id='line_1_82' title="bbox 1401 1913 2419 1968; baseline -0.007 -12"><span class='ocrx_word' id='word_1_637' title='bbox 1401 1919 1514 1956; x_wconf 75' lang='grc' dir='ltr'>ποδῶν</span> <span class='ocrx_word' id='word_1_638' title='bbox 1546 1918 1640 1955; x_wconf 75' lang='grc' dir='ltr'>ὄντα.</span> <span class='ocrx_word' id='word_1_639' title='bbox 1669 1918 1721 1955; x_wconf 80' lang='grc' dir='ltr'>Οὐ</span> <span class='ocrx_word' id='word_1_640' title='bbox 1755 1915 1905 1968; x_wconf 74' lang='grc' dir='ltr'>μακρὰν,</span> <span class='ocrx_word' id='word_1_641' title='bbox 1934 1915 2049 1967; x_wconf 67' lang='grc' dir='ltr'>φησὶν,</span> <span class='ocrx_word' id='word_1_642' title='bbox 2074 1914 2142 1952; x_wconf 84' lang='grc' dir='ltr'>ἀπὸ</span> <span class='ocrx_word' id='word_1_643' title='bbox 2170 1914 2252 1956; x_wconf 76' lang='grc' dir='ltr'>ἑνὸς</span> <span class='ocrx_word' id='word_1_644' title='bbox 2275 1913 2419 1950; x_wconf 79' lang='grc' dir='ltr'>ἑκάστου</span> 
     </span>
     <span class='ocr_line' id='line_1_83' title="bbox 1400 1968 2423 2030; baseline -0.005 -15"><span class='ocrx_word' id='word_1_645' title='bbox 1400 1981 1500 2028; x_wconf 78' lang='grc' dir='ltr'>ἡμῶν</span> <span class='ocrx_word' id='word_1_646' title='bbox 1529 1978 1745 2030; x_wconf 74' lang='grc' dir='ltr'>ὑπάρχοντα.</span> <span class='ocrx_word' id='word_1_647' title='bbox 1785 1976 1923 2023; x_wconf 67' lang='grc' dir='ltr'>Βαὸαὶ,</span> <span class='ocrx_word' id='word_1_648' title='bbox 1954 1982 2059 2013; x_wconf 78' lang='grc' dir='ltr'>πᾶσιν</span> <span class='ocrx_word' id='word_1_649' title='bbox 2092 1973 2191 2025; x_wconf 75' lang='grc' dir='ltr'>ἐγγὺς</span> <span class='ocrx_word' id='word_1_650' title='bbox 2219 1968 2305 2011; x_wconf 60' lang='grc' dir='ltr'>εἶναι</span> <span class='ocrx_word' id='word_1_651' title='bbox 2329 1973 2423 2024; x_wconf 77' lang='grc' dir='ltr'>λέγει</span> 
     </span>
     <span class='ocr_line' id='line_1_84' title="bbox 1400 2031 2420 2091; baseline -0.006 -13"><span class='ocrx_word' id='word_1_652' title='bbox 1400 2046 1471 2084; x_wconf 89' lang='grc' dir='ltr'>τοῖς</span> <span class='ocrx_word' id='word_1_653' title='bbox 1486 2043 1666 2091; x_wconf 72' lang='grc' dir='ltr'>πανταχοῦ</span> <span class='ocrx_word' id='word_1_654' title='bbox 1685 2042 1746 2084; x_wconf 82' lang='grc' dir='ltr'>τ’ἧς</span> <span class='ocrx_word' id='word_1_655' title='bbox 1762 2037 1964 2088; x_wconf 76' lang='grc' dir='ltr'>οἰκουμένης</span> <span class='ocrx_word' id='word_1_656' title='bbox 1980 2031 2067 2074; x_wconf 64' lang='grc' dir='ltr'>οἶσι.</span> <span class='ocrx_word' id='word_1_657' title='bbox 2082 2036 2128 2074; x_wconf 82' lang='grc' dir='ltr'>Τί</span> <span class='ocrx_word' id='word_1_658' title='bbox 2142 2035 2262 2074; x_wconf 81' lang='grc' dir='ltr'>τούτου</span> <span class='ocrx_word' id='word_1_659' title='bbox 2282 2037 2395 2085; x_wconf 82' lang='grc' dir='ltr'>μεῖζον</span> <span class='ocrx_word' id='word_1_660' title='bbox 2412 2050 2420 2080; x_wconf 91' lang='grc'>;</span> 
     </span>
     <span class='ocr_line' id='line_1_85' title="bbox 1400 2096 2420 2152; baseline -0.006 -14"><span class='ocrx_word' id='word_1_661' title='bbox 1400 2101 1497 2152; x_wconf 69' lang='grc' dir='ltr'>“Ὀρα</span> <span class='ocrx_word' id='word_1_662' title='bbox 1516 2103 1590 2143; x_wconf 78' lang='grc' dir='ltr'>πῶς</span> <span class='ocrx_word' id='word_1_663' title='bbox 1613 2100 1671 2137; x_wconf 81' lang='grc' dir='ltr'>καὶ</span> <span class='ocrx_word' id='word_1_664' title='bbox 1692 2103 1851 2150; x_wconf 79' lang='grc' dir='ltr'>καθαιρεῖ</span> <span class='ocrx_word' id='word_1_665' title='bbox 1869 2097 1946 2141; x_wconf 69' lang='grc' dir='ltr'>τοὺς</span> <span class='ocrx_word' id='word_1_666' title='bbox 1964 2096 2134 2148; x_wconf 74' lang='grc' dir='ltr'>μερικούς.</span> <span class='ocrx_word' id='word_1_667' title='bbox 2164 2096 2210 2133; x_wconf 88' lang='grc' dir='ltr'>Τί</span> <span class='ocrx_word' id='word_1_668' title='bbox 2236 2096 2327 2145; x_wconf 81' lang='grc' dir='ltr'>λέγω</span> <span class='ocrx_word' id='word_1_669' title='bbox 2351 2112 2420 2145; x_wconf 87' lang='grc' dir='ltr'>μα-</span> 
     </span>
     <span class='ocr_line' id='line_1_86' title="bbox 1400 2155 2419 2212; baseline -0.006 -14"><span class='ocrx_word' id='word_1_670' title='bbox 1400 2161 1503 2212; x_wconf 71' lang='grc' dir='ltr'>κράν,</span> <span class='ocrx_word' id='word_1_671' title='bbox 1529 2161 1652 2203; x_wconf 80' lang='grc' dir='ltr'>Οὕτως</span> <span class='ocrx_word' id='word_1_672' title='bbox 1683 2159 1781 2210; x_wconf 78' lang='grc' dir='ltr'>ἐγγύς</span> <span class='ocrx_word' id='word_1_673' title='bbox 1811 2161 1916 2205; x_wconf 82' lang='grc' dir='ltr'>ἐστιν,</span> <span class='ocrx_word' id='word_1_674' title='bbox 1948 2161 1995 2201; x_wconf 84' lang='grc' dir='ltr'>ὡς</span> <span class='ocrx_word' id='word_1_675' title='bbox 2012 2157 2120 2209; x_wconf 71' lang='grc' dir='ltr'>χωρὶς</span> <span class='ocrx_word' id='word_1_676' title='bbox 2139 2158 2243 2193; x_wconf 75' lang='grc' dir='ltr'>αὐτοῦ</span> <span class='ocrx_word' id='word_1_677' title='bbox 2271 2155 2318 2206; x_wconf 85' lang='grc' dir='ltr'>μὴ</span> <span class='ocrx_word' id='word_1_678' title='bbox 2347 2158 2419 2207; x_wconf 76' lang='grc' dir='ltr'>ζῇν.</span> 
     </span>
     <span class='ocr_line' id='line_1_87' title="bbox 1402 2216 2421 2271; baseline -0.005 -13"><span class='ocrx_word' id='word_1_679' title='bbox 1402 2221 1463 2258; x_wconf 81' lang='grc' dir='ltr'>Ἔν</span> <span class='ocrx_word' id='word_1_680' title='bbox 1487 2223 1579 2271; x_wconf 80' lang='grc' dir='ltr'>αὐτῷ</span> <span class='ocrx_word' id='word_1_681' title='bbox 1599 2220 1665 2271; x_wconf 84' lang='grc' dir='ltr'>γὰρ</span> <span class='ocrx_word' id='word_1_682' title='bbox 1686 2222 1798 2269; x_wconf 78' lang='grc' dir='ltr'>ζῶμεν</span> <span class='ocrx_word' id='word_1_683' title='bbox 1825 2219 1883 2257; x_wconf 77' lang='grc' dir='ltr'>καί</span> <span class='ocrx_word' id='word_1_684' title='bbox 1907 2218 2093 2268; x_wconf 81' lang='grc' dir='ltr'>κινούμεθα</span> <span class='ocrx_word' id='word_1_685' title='bbox 2113 2217 2172 2254; x_wconf 78' lang='grc' dir='ltr'>καὶ</span> <span class='ocrx_word' id='word_1_686' title='bbox 2194 2217 2309 2267; x_wconf 79' lang='grc' dir='ltr'>ἐσμέν.</span> <span class='ocrx_word' id='word_1_687' title='bbox 2335 2216 2421 2259; x_wconf 71' lang='grc' dir='ltr'>ι’Ὡς</span> 
     </span>
     <span class='ocr_line' id='line_1_88' title="bbox 1402 2276 2420 2330; baseline -0.002 -14"><span class='ocrx_word' id='word_1_688' title='bbox 1402 2282 1434 2317; x_wconf 81' lang='grc' dir='ltr'>ἐν</span> <span class='ocrx_word' id='word_1_689' title='bbox 1453 2282 1642 2330; x_wconf 80' lang='grc' dir='ltr'>σωματικῷ</span> <span class='ocrx_word' id='word_1_690' title='bbox 1669 2278 1897 2329; x_wconf 77' lang='grc' dir='ltr'>ὑποδείγματι</span> <span class='ocrx_word' id='word_1_691' title='bbox 1922 2278 2074 2315; x_wconf 76' lang='grc' dir='ltr'>τοιοῦτόν</span> <span class='ocrx_word' id='word_1_692' title='bbox 2105 2294 2139 2314; x_wconf 92' lang='grc' dir='ltr'>τι</span> <span class='ocrx_word' id='word_1_693' title='bbox 2165 2276 2276 2328; x_wconf 78' lang='grc' dir='ltr'>λέγει·</span> <span class='ocrx_word' id='word_1_694' title='bbox 2302 2276 2420 2327; x_wconf 83' lang='grc' dir='ltr'>ὥσπερ</span> 
     </span>
     <span class='ocr_line' id='line_1_89' title="bbox 1402 2337 2419 2388; baseline -0.003 -12"><span class='ocrx_word' id='word_1_695' title='bbox 1402 2339 1566 2377; x_wconf 73' lang='grc' dir='ltr'>ἀδύνατον</span> <span class='ocrx_word' id='word_1_696' title='bbox 1598 2341 1766 2388; x_wconf 69' lang='grc' dir='ltr'>ἀγνοῆσαι</span> <span class='ocrx_word' id='word_1_697' title='bbox 1797 2338 1853 2375; x_wconf 82' lang='grc' dir='ltr'>τὸν</span> <span class='ocrx_word' id='word_1_698' title='bbox 1888 2337 1974 2388; x_wconf 79' lang='grc' dir='ltr'>ἀέρα</span> <span class='ocrx_word' id='word_1_699' title='bbox 2007 2342 2187 2388; x_wconf 72' lang='grc' dir='ltr'>πανταχοῦ</span> <span class='ocrx_word' id='word_1_700' title='bbox 2217 2337 2419 2387; x_wconf 75' lang='grc' dir='ltr'>κεχυμένον,</span> 
     </span>
     <span class='ocr_line' id='line_1_90' title="bbox 1400 2397 2419 2450; baseline -0.003 -13"><span class='ocrx_word' id='word_1_701' title='bbox 1400 2401 1460 2437; x_wconf 79' lang='grc' dir='ltr'>καὶ</span> <span class='ocrx_word' id='word_1_702' title='bbox 1480 2401 1516 2437; x_wconf 75' lang='grc' dir='ltr'>οὐ</span> <span class='ocrx_word' id='word_1_703' title='bbox 1537 2399 1673 2450; x_wconf 73' lang='grc' dir='ltr'>μακρὰν</span> <span class='ocrx_word' id='word_1_704' title='bbox 1709 2400 1765 2450; x_wconf 67' lang='grc' dir='ltr'>ἀφ’</span> <span class='ocrx_word' id='word_1_705' title='bbox 1795 2398 1866 2440; x_wconf 78' lang='grc' dir='ltr'>ἑνὸς</span> <span class='ocrx_word' id='word_1_706' title='bbox 1896 2397 2041 2434; x_wconf 79' lang='grc' dir='ltr'>ἑκάστου</span> <span class='ocrx_word' id='word_1_707' title='bbox 2075 2400 2176 2446; x_wconf 72' lang='grc' dir='ltr'>ἡμῶν</span> <span class='ocrx_word' id='word_1_708' title='bbox 2196 2397 2419 2447; x_wconf 77' lang='grc' dir='ltr'>ὑπάρχοντα,</span> 
     </span>
     <span class='ocr_line' id='line_1_91' title="bbox 1403 2456 2418 2510; baseline -0.004 -13"><span class='ocrx_word' id='word_1_709' title='bbox 1403 2462 1532 2510; x_wconf 75' lang='grc' dir='ltr'>μᾶλλον</span> <span class='ocrx_word' id='word_1_710' title='bbox 1562 2459 1597 2497; x_wconf 75' lang='grc' dir='ltr'>δὲ</span> <span class='ocrx_word' id='word_1_711' title='bbox 1624 2458 1682 2496; x_wconf 80' lang='grc' dir='ltr'>καί</span> <span class='ocrx_word' id='word_1_712' title='bbox 1711 2461 1744 2496; x_wconf 78' lang='grc' dir='ltr'>ἐν</span> <span class='ocrx_word' id='word_1_713' title='bbox 1766 2462 1849 2508; x_wconf 80' lang='grc' dir='ltr'>ἡμῖν</span> <span class='ocrx_word' id='word_1_714' title='bbox 1879 2458 1981 2495; x_wconf 83' lang='grc' dir='ltr'>ὄντα·</span> <span class='ocrx_word' id='word_1_715' title='bbox 2005 2457 2094 2495; x_wconf 79' lang='grc' dir='ltr'>οὕτω</span> <span class='ocrx_word' id='word_1_716' title='bbox 2113 2456 2154 2503; x_wconf 75' lang='grc' dir='ltr'>οη</span> <span class='ocrx_word' id='word_1_717' title='bbox 2174 2457 2233 2494; x_wconf 83' lang='grc' dir='ltr'>καὶ</span> <span class='ocrx_word' id='word_1_718' title='bbox 2260 2457 2317 2494; x_wconf 80' lang='grc' dir='ltr'>τὸν</span> <span class='ocrx_word' id='word_1_719' title='bbox 2350 2461 2418 2494; x_wconf 82' lang='grc' dir='ltr'>τῶν</span> 
     </span>
     <span class='ocr_line' id='line_1_92' title="bbox 1400 2512 2417 2572; baseline -0.004 -14"><span class='ocrx_word' id='word_1_720' title='bbox 1400 2521 1522 2558; x_wconf 73' lang='grc' dir='ltr'>ὅλων</span> <span class='ocrx_word' id='word_1_721' title='bbox 1505 2519 1724 2572; x_wconf 86' lang='grc' dir='ltr'>οημιουργόν.</span> <span class='ocrx_word' id='word_1_722' title='bbox 1744 2519 1837 2571; x_wconf 74' lang='grc' dir='ltr'>”Ορα</span> <span class='ocrx_word' id='word_1_723' title='bbox 1859 2535 1932 2561; x_wconf 85' lang='grc' dir='ltr'>πως</span> <span class='ocrx_word' id='word_1_724' title='bbox 1950 2518 2064 2556; x_wconf 84' lang='grc' dir='ltr'>πάντα</span> <span class='ocrx_word' id='word_1_725' title='bbox 2081 2533 2182 2555; x_wconf 87' lang='grc' dir='ltr'>αυτου</span> <span class='ocrx_word' id='word_1_726' title='bbox 2203 2517 2297 2569; x_wconf 78' lang='grc' dir='ltr'>λέγει</span> <span class='ocrx_word' id='word_1_727' title='bbox 2316 2512 2417 2555; x_wconf 63' lang='grc' dir='ltr'>εἶναι·</span> 
     </span>
     <span class='ocr_line' id='line_1_93' title="bbox 1400 2577 2421 2633; baseline -0.001 -16"><span class='ocrx_word' id='word_1_728' title='bbox 1400 2582 1461 2627; x_wconf 76' lang='grc' dir='ltr'>τὴν</span> <span class='ocrx_word' id='word_1_729' title='bbox 1481 2580 1642 2633; x_wconf 82' lang='grc' dir='ltr'>πρόνοιαν</span> <span class='ocrx_word' id='word_1_730' title='bbox 1662 2581 1763 2616; x_wconf 78' lang='grc' dir='ltr'>αυτοῦ</span> <span class='ocrx_word' id='word_1_731' title='bbox 1777 2594 1912 2630; x_wconf 73' lang='grc' dir='ltr'>,φησι,</span> <span class='ocrx_word' id='word_1_732' title='bbox 1939 2594 1998 2616; x_wconf 90' lang='grc' dir='ltr'>και</span> <span class='ocrx_word' id='word_1_733' title='bbox 2023 2577 2086 2625; x_wconf 78' lang='grc' dir='ltr'>τὴν</span> <span class='ocrx_word' id='word_1_734' title='bbox 2108 2578 2354 2630; x_wconf 76' lang='grc' dir='ltr'>συγκράτησιν,</span> <span class='ocrx_word' id='word_1_735' title='bbox 2383 2579 2421 2616; x_wconf 81' lang='grc' dir='ltr'>τὸ</span> 
     </span>
    </p>
   </div>
   <div class='ocr_carea' id='block_1_13' title="bbox 1349 2634 2420 2691">
    <p class='ocr_par' dir='ltr' id='par_1_13' title="bbox 1349 2634 2420 2691">
     <span class='ocr_line' id='line_1_94' title="bbox 1349 2634 2420 2691; baseline 0.001 -17"><span class='ocrx_word' id='word_1_736' title='bbox 1349 2645 1373 2674; x_wconf 91' lang='lat' dir='ltr'>D</span> <span class='ocrx_word' id='word_1_737' title='bbox 1399 2634 1581 2691; x_wconf 80' lang='grc' dir='ltr'>ειναιπαρ’</span> <span class='ocrx_word' id='word_1_738' title='bbox 1601 2640 1723 2685; x_wconf 63' lang='grc' dir='ltr'>αυτοῧ,</span> <span class='ocrx_word' id='word_1_739' title='bbox 1740 2655 1778 2676; x_wconf 88' lang='grc' dir='ltr'>το</span> <span class='ocrx_word' id='word_1_740' title='bbox 1799 2641 1960 2690; x_wconf 80' lang='grc' dir='ltr'>ἐνεργεῖν,</span> <span class='ocrx_word' id='word_1_741' title='bbox 1981 2654 2020 2676; x_wconf 86' lang='grc' dir='ltr'>το</span> <span class='ocrx_word' id='word_1_742' title='bbox 2044 2639 2092 2688; x_wconf 79' lang='grc' dir='ltr'>μὴ</span> <span class='ocrx_word' id='word_1_743' title='bbox 2117 2638 2320 2676; x_wconf 82' lang='grc' dir='ltr'>ἀπολέσθαι</span> <span class='ocrx_word' id='word_1_744' title='bbox 2351 2638 2420 2676; x_wconf 79' lang='grc' dir='ltr'>Καὶ</span> 
     </span>
    </p>
   </div>
   <div class='ocr_carea' id='block_1_14' title="bbox 1400 2699 2423 3295">
    <p class='ocr_par' dir='ltr' id='par_1_14' title="bbox 1400 2699 2419 2750">
     <span class='ocr_line' id='line_1_95' title="bbox 1400 2699 2419 2750; baseline -0.001 -13"><span class='ocrx_word' id='word_1_745' title='bbox 1400 2702 1459 2737; x_wconf 80' lang='grc' dir='ltr'>οὐκ</span> <span class='ocrx_word' id='word_1_746' title='bbox 1479 2704 1553 2737; x_wconf 74' lang='grc' dir='ltr'>εἰπε</span> <span class='ocrx_word' id='word_1_747' title='bbox 1566 2729 1574 2745; x_wconf 88' lang='grc'>,</span> <span class='ocrx_word' id='word_1_748' title='bbox 1596 2701 1639 2736; x_wconf 74' lang='grc' dir='ltr'>δι’</span> <span class='ocrx_word' id='word_1_749' title='bbox 1667 2701 1790 2744; x_wconf 74' lang='grc' dir='ltr'>αυτοῦ,</span> <span class='ocrx_word' id='word_1_750' title='bbox 1820 2699 1896 2736; x_wconf 81' lang='grc' dir='ltr'>ἀλλ</span> <span class='ocrx_word' id='word_1_751' title='bbox 1916 2700 1933 2737; x_wconf 81' lang='grc' dir='ltr'>ὃ</span> <span class='ocrx_word' id='word_1_752' title='bbox 1956 2715 2073 2750; x_wconf 89' lang='grc' dir='ltr'>εγγυτε</span> <span class='ocrx_word' id='word_1_753' title='bbox 2080 2715 2134 2750; x_wconf 86' lang='grc' dir='ltr'>ρον</span> <span class='ocrx_word' id='word_1_754' title='bbox 2157 2702 2212 2745; x_wconf 85' lang='grc' dir='ltr'>ἠν,</span> <span class='ocrx_word' id='word_1_755' title='bbox 2234 2700 2294 2736; x_wconf 86' lang='grc' dir='ltr'>Ἐν</span> <span class='ocrx_word' id='word_1_756' title='bbox 2315 2715 2419 2737; x_wconf 82' lang='grc' dir='ltr'>αυτω.</span> 
     </span>
    </p>

    <p class='ocr_par' dir='ltr' id='par_1_15' title="bbox 1400 2758 2421 2810">
     <span class='ocr_line' id='line_1_96' title="bbox 1400 2758 2421 2810; baseline -0.001 -12"><span class='ocrx_word' id='word_1_757' title='bbox 1400 2760 1543 2798; x_wconf 77' lang='grc' dir='ltr'>Οὐδεν</span> <span class='ocrx_word' id='word_1_758' title='bbox 1532 2775 1601 2798; x_wconf 87' lang='grc' dir='ltr'>ισον</span> <span class='ocrx_word' id='word_1_759' title='bbox 1622 2764 1716 2797; x_wconf 68' lang='grc' dir='ltr'>εἷπεν</span> <span class='ocrx_word' id='word_1_760' title='bbox 1733 2764 1750 2798; x_wconf 85' lang='grc' dir='ltr'>ὁ</span> <span class='ocrx_word' id='word_1_761' title='bbox 1766 2759 1912 2806; x_wconf 79' lang='grc' dir='ltr'>ποιητὴς</span> <span class='ocrx_word' id='word_1_762' title='bbox 1932 2762 2078 2806; x_wconf 85' lang='grc' dir='ltr'>εκεῖνος,</span> <span class='ocrx_word' id='word_1_763' title='bbox 2103 2761 2174 2797; x_wconf 81' lang='grc' dir='ltr'>Γου</span> <span class='ocrx_word' id='word_1_764' title='bbox 2194 2758 2261 2810; x_wconf 87' lang='grc' dir='ltr'>γαρ</span> <span class='ocrx_word' id='word_1_765' title='bbox 2282 2775 2341 2796; x_wconf 89' lang='grc' dir='ltr'>και</span> <span class='ocrx_word' id='word_1_766' title='bbox 2361 2760 2421 2810; x_wconf 83' lang='grc' dir='ltr'>γε’-</span> 
     </span>
    </p>

    <p class='ocr_par' dir='ltr' id='par_1_16' title="bbox 1400 2818 2423 3295">
     <span class='ocr_line' id='line_1_97' title="bbox 1400 2818 2420 2870; baseline -0.001 -12"><span class='ocrx_word' id='word_1_767' title='bbox 1400 2837 1472 2868; x_wconf 85' lang='grc' dir='ltr'>νος,</span> <span class='ocrx_word' id='word_1_768' title='bbox 1493 2820 1611 2867; x_wconf 66' lang='lat' dir='ltr'>siret-‚iv</span> <span class='ocrx_word' id='word_1_769' title='bbox 1634 2820 1757 2870; x_wconf 79' lang='grc' dir='ltr'>ἐσμεν·</span> <span class='ocrx_word' id='word_1_770' title='bbox 1787 2821 1861 2857; x_wconf 84' lang='grc' dir='ltr'>ἀλλ’</span> <span class='ocrx_word' id='word_1_771' title='bbox 1889 2821 2016 2861; x_wconf 78' lang='grc' dir='ltr'>ἐκεῖνος</span> <span class='ocrx_word' id='word_1_772' title='bbox 2050 2818 2110 2868; x_wconf 78' lang='grc' dir='ltr'>μὲν</span> <span class='ocrx_word' id='word_1_773' title='bbox 2139 2819 2219 2870; x_wconf 80' lang='grc' dir='ltr'>περὶ</span> <span class='ocrx_word' id='word_1_774' title='bbox 2250 2823 2309 2856; x_wconf 77' lang='grc' dir='ltr'>τοῦ</span> <span class='ocrx_word' id='word_1_775' title='bbox 2339 2820 2420 2862; x_wconf 83' lang='grc' dir='ltr'>Διὸς</span> 
     </span>
     <span class='ocr_line' id='line_1_98' title="bbox 1401 2878 2420 2930; baseline -0.004 -12"><span class='ocrx_word' id='word_1_776' title='bbox 1401 2886 1493 2927; x_wconf 86' lang='grc' dir='ltr'>εἰπε,</span> <span class='ocrx_word' id='word_1_777' title='bbox 1515 2884 1608 2922; x_wconf 73' lang='grc' dir='ltr'>οὗτος</span> <span class='ocrx_word' id='word_1_778' title='bbox 1634 2879 1668 2917; x_wconf 74' lang='grc' dir='ltr'>δε</span> <span class='ocrx_word' id='word_1_779' title='bbox 1700 2881 1779 2930; x_wconf 81' lang='grc' dir='ltr'>περὶ</span> <span class='ocrx_word' id='word_1_780' title='bbox 1807 2881 2017 2929; x_wconf 78' lang='grc' dir='ltr'>δημιουργου</span> <span class='ocrx_word' id='word_1_781' title='bbox 2046 2878 2127 2915; x_wconf 67' lang='grc' dir='ltr'>αυτ-ὸ</span> <span class='ocrx_word' id='word_1_782' title='bbox 2154 2878 2351 2928; x_wconf 50' lang='grc' dir='ltr'>λαμβάνει,</span> <span class='ocrx_word' id='word_1_783' title='bbox 2383 2880 2420 2915; x_wconf 83' lang='grc' dir='ltr'>οὐ</span> 
     </span>
     <span class='ocr_line' id='line_1_99' title="bbox 1400 2938 2422 2991; baseline -0.004 -11"><span class='ocrx_word' id='word_1_784' title='bbox 1400 2959 1456 2980; x_wconf 87' lang='grc' dir='ltr'>τον</span> <span class='ocrx_word' id='word_1_785' title='bbox 1478 2942 1578 2980; x_wconf 76' lang='grc' dir='ltr'>αὐτὸν</span> <span class='ocrx_word' id='word_1_786' title='bbox 1601 2956 1655 2978; x_wconf 87' lang='grc' dir='ltr'>εκε</span> <span class='ocrx_word' id='word_1_787' title='bbox 1662 2940 1720 2977; x_wconf 68' lang='lat' dir='ltr'>(vo</span> <span class='ocrx_word' id='word_1_788' title='bbox 1736 2940 1860 2991; x_wconf 83' lang='grc' dir='ltr'>λεγων,</span> <span class='ocrx_word' id='word_1_789' title='bbox 1879 2939 1926 2988; x_wconf 75' lang='grc' dir='ltr'>μὴ</span> <span class='ocrx_word' id='word_1_790' title='bbox 1948 2955 1986 2989; x_wconf 87' lang='grc' dir='ltr'>γε</span> <span class='ocrx_word' id='word_1_791' title='bbox 1990 2954 2100 2985; x_wconf 84' lang='grc' dir='ltr'>νοιτο,</span> <span class='ocrx_word' id='word_1_792' title='bbox 2124 2938 2212 2976; x_wconf 84' lang='grc' dir='ltr'>ἀλλα</span> <span class='ocrx_word' id='word_1_793' title='bbox 2233 2938 2276 2976; x_wconf 87' lang='grc' dir='ltr'>τα</span> <span class='ocrx_word' id='word_1_794' title='bbox 2295 2939 2422 2991; x_wconf 79' lang='grc' dir='ltr'>κυρίως</span> 
     </span>
     <span class='ocr_line' id='line_1_100' title="bbox 1403 2999 2420 3053; baseline -0.004 -13"><span class='ocrx_word' id='word_1_795' title='bbox 1403 3005 1456 3041; x_wconf 79' lang='grc' dir='ltr'>ἐπ’</span> <span class='ocrx_word' id='word_1_796' title='bbox 1477 3004 1568 3052; x_wconf 77' lang='grc' dir='ltr'>αὐτῷ</span> <span class='ocrx_word' id='word_1_797' title='bbox 1593 3001 1758 3053; x_wconf 78' lang='grc' dir='ltr'>εἰρημένα</span> <span class='ocrx_word' id='word_1_798' title='bbox 1784 2999 1964 3050; x_wconf 76' lang='grc' dir='ltr'>ἁρμόζων·</span> <span class='ocrx_word' id='word_1_799' title='bbox 1988 2999 2062 3036; x_wconf 76' lang='grc' dir='ltr'>ἐπεὶ</span> <span class='ocrx_word' id='word_1_800' title='bbox 2084 2999 2142 3036; x_wconf 72' lang='grc' dir='ltr'>καὶ</span> <span class='ocrx_word' id='word_1_801' title='bbox 2164 2999 2281 3050; x_wconf 80' lang='grc' dir='ltr'>βωμὸν</span> <span class='ocrx_word' id='word_1_802' title='bbox 2301 2999 2420 3036; x_wconf 81' lang='grc' dir='ltr'>τούτου</span> 
     </span>
     <span class='ocr_line' id='line_1_101' title="bbox 1405 3058 2421 3112; baseline -0.003 -11"><span class='ocrx_word' id='word_1_803' title='bbox 1405 3058 1510 3110; x_wconf 66' lang='grc' dir='ltr'>εἶπεν,</span> <span class='ocrx_word' id='word_1_804' title='bbox 1527 3064 1586 3100; x_wconf 78' lang='grc' dir='ltr'>οὐκ</span> <span class='ocrx_word' id='word_1_805' title='bbox 1605 3061 1734 3099; x_wconf 79' lang='grc' dir='ltr'>ἐκείνου</span> <span class='ocrx_word' id='word_1_806' title='bbox 1747 3091 1756 3108; x_wconf 88' lang='grc'>,</span> <span class='ocrx_word' id='word_1_807' title='bbox 1777 3061 1811 3098; x_wconf 76' lang='grc' dir='ltr'>ὃν</span> <span class='ocrx_word' id='word_1_808' title='bbox 1829 3060 1998 3098; x_wconf 62' lang='grc' dir='ltr'>εἷο-ἔδοντο.</span> <span class='ocrx_word' id='word_1_809' title='bbox 2014 3061 2164 3112; x_wconf 76' lang='grc' dir='ltr'>Εἴρηται</span> <span class='ocrx_word' id='word_1_810' title='bbox 2179 3060 2239 3110; x_wconf 81' lang='grc' dir='ltr'>μὲν</span> <span class='ocrx_word' id='word_1_811' title='bbox 2258 3061 2325 3111; x_wconf 84' lang='grc' dir='ltr'>γάρ</span> <span class='ocrx_word' id='word_1_812' title='bbox 2344 3077 2421 3098; x_wconf 86' lang='grc' dir='ltr'>τινα</span> 
     </span>
     <span class='ocr_line' id='line_1_102' title="bbox 1405 3120 2423 3174; baseline -0.002 -13"><span class='ocrx_word' id='word_1_813' title='bbox 1405 3123 1462 3161; x_wconf 83' lang='grc' dir='ltr'>καὶ</span> <span class='ocrx_word' id='word_1_814' title='bbox 1491 3122 1683 3174; x_wconf 79' lang='grc' dir='ltr'>πράττεται</span> <span class='ocrx_word' id='word_1_815' title='bbox 1702 3124 1747 3163; x_wconf 87' lang='grc' dir='ltr'>εἷς</span> <span class='ocrx_word' id='word_1_816' title='bbox 1767 3124 1899 3166; x_wconf 75' lang='grc' dir='ltr'>τοῦτον,</span> <span class='ocrx_word' id='word_1_817' title='bbox 1927 3122 2003 3157; x_wconf 77' lang='grc' dir='ltr'>ἀλλ’</span> <span class='ocrx_word' id='word_1_818' title='bbox 2028 3122 2087 3158; x_wconf 75' lang='grc' dir='ltr'>οὐκ</span> <span class='ocrx_word' id='word_1_819' title='bbox 2112 3120 2227 3158; x_wconf 87' lang='grc' dir='ltr'>ἴσασιν</span> <span class='ocrx_word' id='word_1_820' title='bbox 2252 3121 2423 3166; x_wconf 71' lang='grc' dir='ltr'>ςΈλληνες</span> 
     </span>
     <span class='ocr_line' id='line_1_103' title="bbox 1404 3180 2420 3231; baseline -0.002 -10"><span class='ocrx_word' id='word_1_821' title='bbox 1404 3184 1457 3222; x_wconf 78' lang='grc' dir='ltr'>ὅτι</span> <span class='ocrx_word' id='word_1_822' title='bbox 1477 3185 1522 3226; x_wconf 82' lang='grc' dir='ltr'>εἷς</span> <span class='ocrx_word' id='word_1_823' title='bbox 1546 3183 1658 3228; x_wconf 77' lang='grc' dir='ltr'>αὐτὸν,</span> <span class='ocrx_word' id='word_1_824' title='bbox 1677 3181 1754 3219; x_wconf 85' lang='grc' dir='ltr'>ἀλλ’</span> <span class='ocrx_word' id='word_1_825' title='bbox 1775 3183 1821 3223; x_wconf 88' lang='grc' dir='ltr'>εἷς</span> <span class='ocrx_word' id='word_1_826' title='bbox 1840 3181 1954 3231; x_wconf 79' lang='grc' dir='ltr'>ἕτερον</span> <span class='ocrx_word' id='word_1_827' title='bbox 1981 3180 2070 3217; x_wconf 74' lang='grc' dir='ltr'>αὐτὰ</span> <span class='ocrx_word' id='word_1_828' title='bbox 2092 3180 2307 3226; x_wconf 83' lang='grc' dir='ltr'>νενοήκασιν.</span> <span class='ocrx_word' id='word_1_829' title='bbox 2331 3182 2420 3219; x_wconf 83' lang='grc' dir='ltr'>Εἰπὲ</span> 
     </span>
     <span class='ocr_line' id='line_1_104' title="bbox 1405 3240 2421 3295; baseline -0.004 -14"><span class='ocrx_word' id='word_1_830' title='bbox 1405 3243 1471 3295; x_wconf 77' lang='grc' dir='ltr'>γάρ</span> <span class='ocrx_word' id='word_1_831' title='bbox 1505 3259 1582 3293; x_wconf 90' lang='grc' dir='ltr'>μοι,</span> <span class='ocrx_word' id='word_1_832' title='bbox 1618 3242 1698 3293; x_wconf 73' lang='grc' dir='ltr'>περὶ</span> <span class='ocrx_word' id='word_1_833' title='bbox 1726 3241 1815 3283; x_wconf 85' lang='grc' dir='ltr'>τίνος</span> <span class='ocrx_word' id='word_1_834' title='bbox 1842 3240 1880 3277; x_wconf 79' lang='grc' dir='ltr'>ἂν</span> <span class='ocrx_word' id='word_1_835' title='bbox 1911 3240 2050 3292; x_wconf 71' lang='grc' dir='ltr'>λεχθείη</span> <span class='ocrx_word' id='word_1_836' title='bbox 2082 3241 2228 3293; x_wconf 85' lang='grc' dir='ltr'>κυρίως,</span> <span class='ocrx_word' id='word_1_837' title='bbox 2254 3240 2421 3293; x_wconf 83' lang='grc' dir='ltr'>ἀγνώστῳ</span> 
     </span>
    </p>
   </div>
   <div class='ocr_carea' id='block_1_15' title="bbox 1470 3377 2200 3422">
    <p class='ocr_par' dir='ltr' id='par_1_17' title="bbox 1470 3377 2200 3422">
     <span class='ocr_line' id='line_1_105' title="bbox 1470 3377 2200 3422; baseline 0.001 -13"><span class='ocrx_word' id='word_1_838' title='bbox 1470 3380 1485 3403; x_wconf 81' lang='lat'>¹¹</span> <span class='ocrx_word' id='word_1_839' title='bbox 1515 3377 1602 3410; x_wconf 69' lang='lat' dir='ltr'>Aius</span> <span class='ocrx_word' id='word_1_840' title='bbox 1622 3382 1718 3422; x_wconf 60' lang='grc' dir='ltr'>ὥσπερ</span> <span class='ocrx_word' id='word_1_841' title='bbox 1738 3383 1764 3410; x_wconf 76' lang='grc' dir='ltr'>ἐν</span> <span class='ocrx_word' id='word_1_842' title='bbox 1782 3385 1912 3420; x_wconf 60' lang='grc' dir='ltr'>σώματι,</span> <span class='ocrx_word' id='word_1_843' title='bbox 1934 3382 1981 3412; x_wconf 76' lang='grc' dir='ltr'>καὶ</span> <span class='ocrx_word' id='word_1_844' title='bbox 1997 3381 2200 3421; x_wconf 70' lang='grc' dir='ltr'>ὐποῖεἱγματι.</span> 
     </span>
    </p>
   </div>
  </div>
 </body>
</html>
