2502 3810
692 237 733 265 IN
770 236 886 266 ACTA
923 235 1246 266 APOSTOLOBUM
1256 255 1265 265 .

102 320 176 371 νείᾳ
192 321 394 357 τελειοῦται.
410 316 519 355 “sse-‘cs
536 316 594 354 καὶ
610 316 678 355 ἀπὸ
696 320 758 364 τῆς
777 316 960 360 ἐπιεικείας
980 320 1111 366 θαυμα-

101 383 225 425 σθῆναι
244 378 365 420 αὐτοὺς
387 380 506 429 ἐχρῆν.
529 376 630 430 εΌσῳ
664 376 893 429 ἀκριδεστέρα
923 381 945 423 ἡ
981 375 1116 428 φυλακὴ

99 440 250 490 γίνεται,
270 437 423 490 τοσούτῳ
444 437 483 475 τὸ
503 441 618 488 θαῦμα
636 437 892 489 λαμπρότερον.
910 437 1013 480 Ἴσως
1027 435 1115 483 1’τὴν

100 500 264 537 σύστασιν
286 498 432 550 ἐκκόψαι
455 498 656 549 βουλόμενοι
687 503 786 536 τοῦτο
813 498 948 536 ἐποίουν
981 499 1116 536 ἐκεῖνοι.

99 560 244 606 Ἐπειδὴ
263 554 349 598 εἶδον
369 560 426 597 τὸν
449 559 551 610 ὄχλον
569 561 764 610 ἐφεστῶτα,
784 565 859 601 ταῖς
881 558 941 609 μὲν
965 560 1117 609 πληγαῖς

98 621 155 659 τὸν
169 621 274 671 θυμὸν
292 620 377 663 τέως
400 623 525 666 στῆσαι
537 619 717 657 ἐὲούλοντο
729 648 738 666 ,
756 622 804 670 τῷ
819 619 855 656 δὲ
872 622 920 662 εἷς
939 618 1117 669 δεσμωτή-

100 697 169 732 ριον
186 682 348 731 ἐμῧαλεῖν
364 681 422 718 καὶ
437 681 669 734 παραγγεῖλαι
686 681 848 731 ἀσφαλῶς
863 685 995 731 τηρεῖν,
1018 683 1118 716 ἀκοῦ-

99 758 159 779 σαι
181 742 301 787 ἤθελον
329 746 389 779 τοῦ
414 742 630 792 πράγματος.
655 740 726 778 Καὶ
747 738 983 790 ἠσφαλίσατο,
1002 738 1118 790 φησὶν,

99 804 145 845 εἷς
165 803 203 840 τὸ
224 802 333 849 ξύλον,
353 805 399 845 ὡς
419 802 458 838 ἂν
484 801 572 838 εἴποι
592 816 660 846 τις,
682 801 728 842 εἷς
755 800 811 836 τὸν
830 799 962 850 νέρὸον.
990 798 1117 836 Πόσων

99 862 254 914 δακρύων
274 862 317 899 τὰ
335 867 393 900 νῦν
424 861 500 905 ἄξια
514 877 523 908 3
538 860 688 898 Ἐκεῖνοι
720 859 781 909 μὲν
813 858 940 896 ἔπαθον
961 858 1025 895 ὅσα
1058 856 1118 894 καὶ

100 923 239 968 ἔπαθον,
269 926 369 973 ἡμεῖς
400 922 434 959 δὲ
467 923 501 958 ἐν
523 923 655 971 τρυφῇ,
685 923 786 968 ἡμεῖς
814 917 850 955 δὲ
888 920 922 954 ἐν
951 917 1116 969 θεάτροις.

97 983 205 1021 ”Οθεν
225 983 284 1021 καὶ
314 981 562 1031 ἀπολλύμεθα,
583 980 641 1016 καὶ
667 978 1007 1027 καταποντιζόμεθα,
1034 977 1117 1014 ἅνε-

100 1059 151 1080 σιν
171 1045 351 1089 ζητοῦντες
367 1044 567 1092 πανταχοῦ,
588 1039 648 1077 καὶ
674 1038 749 1076 οὐδὲ
771 1038 894 1089 μέχρις
921 1039 1118 1086 ὂνειδισμοῦ

99 1103 156 1141 διὰ
176 1103 232 1140 τὸν
264 1101 415 1155 Χριστὸν
442 1099 646 1151 ἀνεχόμενοι
673 1101 895 1145 λυπηθῆναι,
916 1097 992 1135 οὐδὲ
1014 1097 1118 1148 μέχρι

96 1161 356 1213 λόγου.Τούτοις
375 1163 524 1211 συνεχῶς
544 1158 865 1209 ἀναμιμνήσκωμεν
882 1156 1034 1205 ἑαυτοὺς,
1051 1173 1118 1194 πα-

98 1224 258 1275 ρακαλῶ,
279 1222 344 1259 ὅσα
363 1221 501 1268 ἔπαθον,
521 1219 585 1258 ὅσα
604 1219 807 1270 ὑπέμειναν,
826 1222 900 1263 πῶς
922 1220 982 1256 οὐκ
1003 1221 1119 1272 ἐθορυ-

98 1283 238 1330 δοῦν-σο,
255 1286 329 1326 πῶς
348 1284 409 1319 οὐκ
436 1280 732 1324 ἐσκανδαλίζοντο.
751 1280 803 1318 Τὸ
821 1284 880 1318 τοῦ
905 1281 996 1318 Θεοῦ
1021 1279 1118 1332 ἔργον

97 1342 246 1390 ἐποίουν,
267 1343 326 1380 καὶ
354 1346 462 1380 ταῦτα
485 1341 652 1393 ἔπασχον.
683 1342 758 1378 Οὐκ
790 1342 919 1391 ἔλεγον,
951 1339 984 1377 τί
1017 1344 1120 1378 τοῦτο

97 1404 325 1457 κηρύττομεν,
343 1403 401 1440 καὶ
426 1405 462 1440 οὗ
491 1401 700 1453 προΐσταται
720 1404 819 1452 ἡμῶν
847 1405 863 1439 5
885 1401 992 1449 Θεός,
1015 1400 1120 1439 Ἀλλὰ

99 1466 158 1502 καὶ
175 1469 276 1502 τοῦτο
305 1462 425 1506 αὐτοὺς
455 1464 600 1514 ὠφέλει,
626 1462 685 1500 καὶ
712 1462 848 1515 ἶῙχωρὶς
866 1465 928 1508 τῆς
963 1461 1121 1512 βοηθείας

100 1527 194 1578 αὐτῷ
228 1528 277 1577 τῷ
305 1525 488 1578 πράγματι
520 1523 763 1574 εὐτονωτέρους
794 1522 919 1570 ἐποίει,
943 1521 1121 1574 ἰσχυροτέ-

101 1601 176 1638 ρους
190 1617 198 1633 ,
213 1586 513 1632 ἀκαταπλήκτους.
529 1584 573 1622 Ἡ
586 1585 699 1635 θλῖψις
711 1614 719 1632 ,
732 1583 852 1635 φησὶν,
871 1583 1046 1633 ὑπομονὴν
1064 1599 1120 1620 κα-

98 1647 314 1699 τεργάζεται.
332 1646 394 1693 Μὴ
417 1647 457 1691 δὴ
476 1646 533 1683 τὸν
554 1645 655 1697 ὑγρὸν
673 1645 732 1682 καὶ
750 1644 997 1695 διακεχυμένον
1017 1645 1122 1689 ζητῶ-

102 1724 163 1758 μεν
189 1708 274 1758 βίον.
287 1706 430 1759 ςὨσπερ
449 1706 516 1758 γὰρ
537 1709 682 1744 ἐνταῦθα
702 1707 842 1743 διπλοῦν
862 1705 900 1742 τὸ
930 1705 1047 1752 καλὸν,
1069 1704 1120 1742 ὅτι

99 1784 136 1805 τε
153 1768 287 1820 ἰσχυροὶ
309 1768 460 1819 γίνονται
487 1766 545 1805 καὶ
565 1766 617 1804 ὅτι
642 1766 788 1817 μεγάλοι
807 1768 838 1804 οἱ
858 1765 994 1816 μισθοὶ,
1014 1765 1121 1809 οὕτως

101 1830 171 1866 ἐκεῖ
190 1829 331 1866 διπλοῦν
352 1829 391 1866 τὸ
412 1828 530 1877 κακὸν,
551 1827 603 1865 ὅτι
622 1843 660 1864 τε
680 1825 922 1877 μαλακώτεροι
938 1825 1122 1864 καθίσταν-

102 1906 159 1927 ται
176 1889 235 1927 καὶ
254 1889 306 1927 ὅτι
329 1890 382 1927 ἐπ’
405 1888 514 1927 οὐδενὶ
533 1891 677 1940 χρηστῷ
690 1916 700 1934 ,
720 1886 811 1925 ἀλλὰ
838 1886 898 1924 καὶ
926 1887 982 1924 ἐπὶ
1010 1889 1120 1938 κακῷ.

103 1950 213 1989 Οὐδὲν
229 1950 295 2002 γὰρ
316 1950 571 2002 ἀχρηστότερον
592 1948 772 2000 ἀνθρώπου
794 1948 916 1999 γένοιτ’
935 1947 973 1985 ἂν
995 1950 1028 1986 ἐν
1045 1946 1123 1985 ἀνέ-

103 2027 155 2049 σει
170 2010 229 2048 καὶ
246 2015 355 2064 τρυφῇ
376 2011 432 2049 τὸν
457 2010 594 2047 ἅπαντα
615 2010 849 2051 διατελοῦντος
868 2008 1002 2060 χρόνον.
1020 2007 1122 2060 Ἀνὴρ

103 2072 190 2123 γὰρ,
207 2073 322 2123 φησὶν,
345 2071 552 2123 ἀπείραστος
567 2069 644 2115 ,καὶ
662 2069 845 2119 ἀδόκιμος·
863 2068 1043 2119 ἀδόκιμος,
1061 2071 1123 2106 οὒκ.

105 2135 138 2170 ἐν
159 2138 228 2175 τοῖς
244 2134 354 2182 ἀγῶσι
373 2131 523 2177 τούτοις,
543 2130 633 2168 ἀλλὰ
654 2129 713 2168 καὶ
733 2131 767 2167 ἐν
801 2135 871 2171 τοῖς
891 2129 1008 2170 ἄλλοις
1027 2128 1122 2166 ἅπα-

106 2208 173 2230 σιν.
191 2192 383 2244 Ἄχρηστον
410 2198 557 2245 πρᾶγμα
573 2194 594 2236 ἡ
611 2190 724 2232 ἄνεσις
738 2218 746 2234 ,
772 2189 829 2226 καὶ
845 2191 877 2226 ἐν
906 2190 994 2239 αὐτῇ
1015 2188 1050 2226 δὲ
1078 2190 1122 2238 τῇ

105 2257 214 2308 τρυρῇ
232 2253 326 2292 οὐδὲν
340 2253 447 2296 οὕτως
463 2251 712 2297 ἀνεπιτήδειον,
733 2253 778 2293 ὡς
793 2249 831 2287 τὸ
849 2256 997 2301 τρυφᾷν·
1017 2265 1125 2302 προσ-

106 2313 202 2366 κορὲς
231 2313 298 2366 γάρ
321 2315 424 2351 ἐστιν.
445 2312 537 2350 Οὔτε
564 2311 682 2350 σιτίων
716 2310 821 2356 ἡδονὴ
853 2309 1026 2356 τοσαύτη,
1047 2309 1124 2347 οὔτε

105 2374 251 2417 ἀνέσεως
264 2404 274 2421 ,
295 2373 383 2412 ἀλλὰ
413 2373 528 2411 πάντα
558 2371 696 2417 ἐξίτηλα
727 2371 859 2423 γίνεται
890 2370 949 2408 καὶ
980 2372 1123 2422 διαρρεῖ.

105 2434 165 2483 Μὴ
187 2434 227 2481 δὴ
244 2434 372 2482 ταύτην
394 2435 622 2484 ἐπιζητῶμεν.
642 2434 687 2470 Εἰ
715 2432 782 2484 γὰρ
814 2437 955 2470 σκοπεῖν
975 2431 1122 2477 θελήσο-

106 2512 166 2545 μεν
186 2495 237 2539 τίς
252 2495 348 2542 ἥδιον
372 2495 503 2546 διάγει,
524 2499 541 2533 5
557 2494 764 2544 πονούμενος
792 2494 851 2532 καὶ
878 2493 1127 2545 ταλαιπωροὼ

106 2572 204 2607 μενος
222 2555 274 2602 ἢὸ
292 2558 428 2609 ’τρυφῶν
444 2572 451 2581 ’
465 2560 583 2593 τοῦτον
600 2557 730 2605 μᾶλλον
751 2554 953 2606 εὑρήσομεν.
975 2556 1122 2606 Πρῶτον

107 2617 168 2666 μὲν
187 2617 253 2668 γὰρ
272 2621 331 2656 τοῦ
356 2616 509 2655 τοιούτου
529 2616 567 2654 τὸ
587 2618 689 2666 σῶμα
709 2615 793 2654 αὐτὸ
819 2616 960 2654 ἔκλυτον
980 2616 1038 2653 καὶ
1058 2632 1122 2654 πε-

106 2677 301 2725 πλαδηκός·
323 2678 442 2716 ἔπειτα
464 2676 522 2715 καὶ
543 2679 578 2714 αἱ
603 2681 662 2714 τοῦ
683 2675 844 2726 σώματος
867 2676 1042 2722 αἰσθήσεις
1062 2678 1124 2715 οὐκ

107 2739 189 2778 εἰσὶν
209 2741 405 2792 εἰλικρινεῖς
429 2737 506 2777 οὐδὲ
537 2740 660 2789 ὑγιεῖς,
683 2737 774 2776 ἀλλὰ
792 2742 919 2789 χαῦναι
943 2736 1029 2775 ι’καὶ
1058 2753 1124 2788 μα-

105 2799 210 2837 λακαί
225 2815 232 2822 ·
253 2799 381 2838 τούτων
404 2799 439 2838 δὲ
465 2801 525 2837 οὐκ
543 2800 666 2844 οὐσῶν,
683 2798 757 2836 οὐδὲ
787 2803 849 2845 τῆς
870 2797 998 2849 ὑγιείας
1017 2798 1122 2845 ἡδονὴ

106 2858 274 2909 φαίνεται.
287 2862 391 2903 Ποῖος
404 2859 509 2902 ἵππος
522 2858 695 2910 χρήσιμος
706 2888 716 2905 ,
732 2861 749 2896 5
768 2861 903 2911 τρυφῶν
921 2858 943 2904 ἢ
959 2862 976 2896 5
995 2875 1126 2911 γυμνα-

108 2918 267 2969 ζόμενος,
286 2920 369 2957 ποία
394 2924 476 2963 ναῦς
491 2950 500 2967 ,
520 2923 541 2965 ἡ
569 2919 719 2957 πλέουσα
739 2918 761 2965 ἢ
781 2923 802 2965 ἡ
833 2921 1005 2970 ἀργοῦσα;
1028 2925 1125 2958 ποῖον

108 2979 198 3030 ὕδωρ
214 3009 223 3025 ,
240 2979 278 3017 τὸ
297 2979 454 3031 τρέχονῆ
474 2981 514 3018 τὸ
529 2979 657 3027 ἑστώς,
676 2986 772 3023 ποῖος
799 2979 957 3031 σίδηρος,
974 2984 991 3019 5
1010 2980 1127 3018 κινού-

111 3055 210 3090 μενος
228 3040 249 3085 ἢ
271 3043 288 3077 5
306 3039 353 3089 μὴ
370 3041 611 3093 ἐργαζόμενος,
634 3043 699 3092 οὐχ
713 3043 730 3078 5
751 3040 812 3090 μὲν
833 3040 1054 3091 ἀπολάμπει,
1069 3041 1128 3079 καὶ

112 3101 249 3154 ἀργύρῳ
279 3101 521 3153 προσέοικεν,ὂ
551 3101 586 3139 δὲ
615 3101 785 3139 κατίωται
806 3107 986 3153 πανταχοῦ
1016 3102 1130 3155 ὀίχρη-

110 3182 188 3210 στος
208 3166 267 3214 ὢν,
286 3166 345 3203 καὶ
363 3169 423 3211 τῆς
440 3166 523 3211 ὕλης
539 3166 689 3210 ἀπολλύς
705 3183 738 3204 τι
760 3170 821 3214 τῆς
839 3167 989 3214 οἰκείας,
1006 3169 1130 3206 Τοιοῦ-

111 3234 166 3271 τόν
186 3250 218 3271 τι
236 3234 368 3284 γίνεται
384 3233 441 3270 καὶ
462 3233 518 3270 ἐπὶ
543 3236 603 3279 τῆς
633 3234 804 3285 ἀργούσης
833 3237 966 3286 ψυχῆς·
1000 3234 1048 3276 ἰός
1080 3251 1130 3277 τις

155 3339 171 3361 l»
197 3337 289 3368 ldvm
308 3343 360 3375 τὴν
374 3343 472 3371 στάσιν
489 3342 619 3380 ἐκκόψαι.

155 3400 166 3417 ὃ
193 3389 251 3421 Alii
270 3396 357 3433 χωρὶς
377 3399 426 3427 τῆς
449 3394 585 3427 ἀληθείας
607 3394 633 3422 ἐν
658 3392 734 3431 αᾷτῷ
759 3398 800 3432 τί]
820 3394 987 3432 πράγματι,

1304 235 1459 265 nomn„
1500 234 1644 265 xxxv.
2076 223 2132 267 50
2145 241 2159 268 1

1190 324 1251 353 tus
1284 329 1369 353 mea
1396 318 1438 353 in
1469 316 1698 369 infirmitate
1727 315 1937 368 perficitur.
1969 313 2091 366 Itaque
2124 331 2170 354 ex

1189 376 1457 414 mansuetudine
1472 377 1701 414 admirabiles
1722 385 1833 414 erant.
1857 376 1998 422 Quanto
2017 376 2169 427 diligen-

1188 437 1257 475 tior
1283 437 1442 476 custodia
1471 447 1556 484 erat,
1577 447 1674 476 tanto
1699 437 1912 475 miraculum
1933 437 2167 489 splendidius.

1188 499 1349 536 Fortasse
1367 499 1418 536 sic
1436 498 1643 536 seditionem
1661 498 1785 536 sedare
1804 498 1983 536 volebant.
2003 497 2097 543 Quia
2115 498 2170 535 vi-

1188 559 1318 596 debant
1336 559 1523 597 instantem
1541 560 1697 608 turbam,
1721 559 1836 610 plagis
1855 558 2000 609 quidem
2026 558 2063 595 in
2079 572 2171 609 prae-

1186 621 1276 658 senti
1305 622 1461 659 furorem
1482 622 1604 659 sistere
1624 621 1792 660 volebant
1801 636 1812 670 3
1835 621 1871 657 in
1904 634 2078 658 carcerem
2106 634 2170 657 au-

1186 690 1257 718 tem
1272 682 1496 732 conjicientes
1523 691 1556 718 et
1574 682 1818 733 praecipientes
1839 690 2000 718 accurate
2023 681 2170 726 servari,

1186 754 1328 778 causam
1348 740 1472 778 audire
1496 741 1674 779 volebant.
1705 742 1759 777 Et
1784 743 1941 777 strinxit
1968 741 2085 791 ligno,
2117 741 2170 778 in-

1186 801 1283 851 quit3
1304 816 1344 838 ac
1363 801 1391 838 si
1412 801 1555 848 diceret,
1577 800 1613 837 in
1645 814 1768 837 nerVO.
1792 800 1890 845 Quot
1913 800 2084 852 lacrymis
2113 803 2170 839 di-

1187 875 1255 911 gna
1279 870 1374 910 sunt,
1396 875 1474 910 quae
1489 875 1583 897 nunc
1598 860 1781 911 aguntur?
1796 860 1856 897 Illi
1873 861 1966 897 mala
1983 862 2168 911 patieban-

1186 930 1257 969 tur,
1288 935 1351 959 nos
1367 922 1404 958 in
1419 921 1558 958 deliciis
1577 921 1730 971 agimus,
1747 935 1810 958 nos
1829 921 1865 958 in
1885 921 2044 960 theatris.
2064 924 2170 962 Unde

1187 991 1220 1019 et
1237 982 1394 1034 perimus
1420 991 1454 1019 et
1473 981 1750 1032 submergimur,
1779 981 1866 1018 dum
1887 982 2039 1032 quietem
2058 984 2169 1021 undi-

1187 1057 1255 1094 que
1270 1043 1475 1094 quaerimus,
1493 1057 1556 1080 nec
1583 1057 1648 1095 pro
1668 1042 1811 1080 Christo
1831 1043 1999 1081 volumus
2015 1045 2073 1083 vel
2092 1059 2173 1083 con-

1131 1128 1178 1153 272
1187 1103 1281 1142 vicia
1307 1103 1497 1150 sustinere,
1512 1103 1571 1142 vel
1588 1104 1692 1141 etiam
1720 1103 1844 1142 verba.
1866 1104 1950 1142 Haec
1973 1105 2174 1156 frequenter

1144 1165 1169 1194 Α
1188 1164 1225 1201 in
1265 1165 1472 1202 memoriam
1511 1178 1730 1214 revocemus,
1769 1164 1927 1215 obsecro,
1961 1176 2091 1216 quanta
2118 1167 2173 1204 illi

1187 1225 1282 1276 passi
1305 1225 1386 1274 sint,
1405 1234 1536 1276 quanta
1555 1225 1799 1273 sustinuerint,
1817 1226 1995 1275 quomodo
2016 1241 2079 1264 nec
2097 1237 2172 1265 tur-

1186 1286 1276 1336 bati,
1289 1300 1353 1323 nec
1370 1287 1494 1324 offensi
1510 1286 1592 1323 sint.
1616 1285 1680 1323 Dei
1708 1299 1798 1338 opus
1819 1287 2118 1336 exsequebantur,
2141 1296 2174 1325 et

1186 1346 1264 1384 haec
1283 1347 1376 1399 passi
1398 1355 1493 1384 sunt.
1517 1347 1597 1384 Non
1613 1345 1777 1383 dicebant
1799 1361 1806 1381 ι
1826 1347 1899 1383 Cur
1915 1347 1980 1385 hoc
1998 1348 2174 1399 praedica—

1188 1422 1284 1457 mus,
1307 1422 1369 1445 nec
1402 1407 1506 1445 nobis
1533 1406 1740 1460 praesidium
1766 1407 1868 1445 affert
1900 1409 2023 1446 Deus?
2044 1409 2115 1447 Sed
2143 1418 2176 1447 ct

1188 1470 1257 1507 hoc
1276 1469 1349 1507 illis
1366 1469 1543 1521 proderat,
1566 1478 1598 1506 et
1617 1469 1751 1518 absque
1779 1482 1844 1520 ope
1863 1483 1907 1506 ex
1928 1469 2001 1521 ipsa
2021 1485 2059 1508 re
2086 1485 2174 1508 con-

1188 1531 1374 1569 stantiores
1395 1530 1581 1580 reddebat,
1599 1530 1778 1580 fortiores,
1799 1530 2066 1582 imperterritos.
2091 1534 2124 1570 T
2122 1535 2174 1570 ri-

1191 1592 1352 1639 bulatio,
1371 1591 1498 1641 inquit,
1519 1593 1754 1641 patientiam
1776 1599 1968 1642 operatur.
1990 1593 2055 1636 Ne,
2080 1606 2175 1641 quae-

1189 1667 1240 1702 so,
1263 1653 1399 1690 fluxam
1433 1661 1466 1690 et
1494 1651 1704 1689 dissolutam
1734 1666 1934 1703 quaeramus
1961 1651 2089 1690 vitain.
2125 1655 2176 1692 Ut

1191 1714 1285 1751 enim
1297 1714 1356 1751 hic
1374 1712 1511 1765 duplex
1530 1712 1665 1750 bonum
1683 1722 1748 1763 est,
1776 1713 1872 1763 quod
1897 1713 2057 1751 fortiores
2072 1714 2174 1764 siant,

1190 1783 1223 1812 et
1242 1774 1337 1825 quod
1356 1788 1483 1825 magna
1504 1774 1549 1811 sit
1567 1787 1700 1811 merces
1720 1789 1727 1810 :
1749 1773 1798 1811 sic
1811 1773 1860 1811 ibi
1872 1773 2009 1825 duplex
2022 1775 2172 1824 malum,

1190 1834 1287 1886 quod
1303 1835 1481 1872 molliores
1501 1833 1663 1881 evadant,
1676 1842 1709 1871 et
1722 1833 1816 1884 quod
1829 1833 1875 1871 ad
1890 1834 2027 1871 nullam
2043 1834 2175 1872 utilita-

1190 1905 1274 1943 tem,
1289 1895 1353 1933 sed
1376 1896 1411 1933 in
1439 1895 1588 1932 malum.
1604 1894 1705 1931 Nihil
1720 1894 1815 1931 enim
1838 1894 2002 1931 inutilius
2018 1894 2172 1943 immine,

1192 1957 1253 2008 qui
1273 1957 1307 1994 in
1328 1957 1400 1994 otio
1419 1965 1453 1994 et
1470 1955 1606 1993 deliciis
1621 1964 1734 1993 totum
1748 1955 1911 2006 transigit
1931 1956 2173 2007 tempus.Vir,

1140 446 1164 476 Ε

1193 2017 1321 2068 inquit,
1332 2031 1401 2055 non
1411 2017 1593 2069 probatus,
1601 2016 1707 2053 etiam
1716 2017 1902 2068 reprobus:
1914 2017 2097 2068 reprobus,
2106 2031 2176 2055 non

1192 2078 1228 2115 in
1241 2078 1297 2115 his
1308 2087 1444 2115 tantum
1457 2076 1724 2124 certaminibus,
1737 2076 1798 2114 sed
1808 2076 1914 2113 etiam
1926 2077 1960 2113 in
1972 2077 2051 2114 aliis
2065 2078 2178 2115 omni-

1193 2139 1275 2177 bus.
1295 2141 1363 2176 Res
1383 2146 1434 2175 est
1454 2137 1588 2174 inutilis
1607 2135 1766 2173 desidia:
1785 2145 1891 2186 atque
1915 2136 1950 2173 in
1974 2138 2060 2188 ipsis
2088 2138 2177 2175 deli-

1194 2201 1257 2238 ciis
1272 2199 1364 2237 nihil
1386 2199 1432 2236 ita
1464 2199 1582 2235 fructu
1607 2211 1727 2235 carens
1756 2206 1794 2234 ut
1813 2197 1974 2235 deliciari
1998 2198 2059 2235 :id
2084 2199 2178 2236 enim

1193 2260 1376 2298 fastidium
1395 2259 1502 2311 parit.
1518 2260 1640 2309 Neque
1657 2267 1751 2295 tanta
1767 2267 1817 2295 est
1837 2258 1999 2295 ciborum
2017 2258 2178 2297 desidim-

1195 2336 1262 2372 que
1281 2321 1468 2373 voluptas,
1492 2319 1554 2358 sed
1579 2319 1699 2357 omnia
1721 2319 1883 2357 defluunt
1902 2329 1935 2357 ct
1950 2321 2104 2359 avolant.
2128 2322 2179 2358 Nc

1194 2382 1285 2420 lianc
1304 2396 1516 2433 quaeramus.
1541 2381 1579 2419 Si
1597 2381 1692 2418 enim
1709 2380 1930 2418 considerare
1949 2381 2178 2432 voluerimus,

1148 2442 1172 2473 C
1196 2453 1272 2489 uter
1293 2442 1437 2481 suavius
1453 2452 1545 2493 agat,
1560 2442 1621 2493 qui
1640 2442 1777 2479 laborat
1790 2450 1823 2479 et
1837 2441 1873 2479 in
1889 2442 2055 2480 aerumnis
2068 2443 2176 2492 vivit,

1194 2519 1238 2542 an
1266 2504 1327 2555 qui
1359 2503 1547 2541 deliciatur
1570 2519 1577 2538 :
1600 2502 1705 2539 illum
1734 2502 1878 2540 suavius
1901 2502 2025 2541 vivere
2055 2503 2179 2556 deprc-

1193 2566 1402 2603 hendemus.
1436 2565 1529 2601 Nam
1556 2564 1673 2615 primo
1698 2563 1796 2600 illius
1832 2577 1960 2615 corpus
1993 2578 2118 2602 enerve
2145 2574 2178 2602 ct

1193 2627 1353 2678 ineptum
1374 2634 1446 2662 est:
1466 2623 1594 2661 deinde
1609 2622 1766 2674 corporis
1782 2637 1903 2660 sensus
1918 2637 1986 2660 non
2006 2633 2088 2661 sunt
2107 2624 2179 2661 sin-

1195 2686 1265 2724 ceri
1284 2698 1397 2736 neque
1423 2684 1512 2733 sani,
1532 2683 1595 2720 sed
1614 2683 1736 2720 molles
1764 2692 1797 2720 ct
1815 2683 1976 2734 languidi
1984 2699 1994 2733 ;
2016 2684 2077 2721 ubi
2094 2699 2178 2722 vero

1195 2748 1244 2785 sic
1271 2761 1325 2784 res
1352 2745 1472 2794 habet,
1503 2759 1615 2795 neque
1648 2743 1806 2781 sanitatis
1830 2745 1997 2796 voluptas
2022 2755 2177 2797 apparet.

1196 2808 1287 2857 Quis
1305 2820 1415 2857 equus
1430 2806 1542 2856 utilis,
1557 2806 1617 2856 qui
1632 2804 1820 2842 deliciatur
1836 2820 1879 2842 an
1895 2806 1954 2855 qui
1970 2808 2180 2844 exercetur?

1196 2883 1272 2920 quae
1307 2867 1423 2916 navis,
1457 2881 1534 2917 quae
1564 2865 1710 2916 navigat
1739 2879 1783 2902 an
1813 2880 1891 2916 quae
1916 2867 2075 2904 otiatur?
2100 2882 2180 2918 qua>

1197 2945 1302 2982 aqua,
1320 2943 1397 2979 quae
1425 2927 1504 2966 fluit
1531 2941 1575 2965 an
1605 2941 1682 2978 quae
1716 2927 1895 2977 quiescit?
1915 2927 2010 2977 quod
2029 2928 2177 2973 ferrum,

1199 2991 1295 3042 quod
1313 2999 1474 3028 movetur
1490 3003 1533 3026 an
1562 2988 1659 3039 quod
1685 2988 1773 3025 nihil
1797 2988 1989 3039 operatur?
2006 3002 2119 3026 annon
2136 2989 2180 3026 il-

1198 3052 1262 3090 lud
1281 3052 1426 3103 quidem
1447 3050 1619 3102 splendet,
1639 3059 1672 3087 ct
1697 3058 1841 3099 argento
1870 3048 1985 3086 simile
2013 3059 2086 3098 cst,
2115 3050 2182 3087 hoc

1198 3123 1315 3151 autem
1330 3111 1494 3163 rubigine
1511 3110 1740 3159 consumitur,
1754 3118 1785 3146 et
1800 3109 1927 3147 inutile
1946 3119 2010 3153 est,
2025 3119 2127 3161 atquc
2138 3125 2183 3148 cx

1199 3173 1344 3212 materia
1361 3187 1422 3210 sua
1444 3171 1630 3223 quidpiam
1651 3170 1800 3207 amittit?
1820 3170 1908 3207 Tale
1923 3170 2107 3222 quidpiam
2123 3186 2180 3209 ae-

1199 3233 1285 3272 cidit
1307 3234 1425 3271 otiosae
1440 3232 1566 3270 animae
1592 3247 1599 3266 :
1618 3231 1744 3282 rubigo
1764 3230 1925 3281 quaedam
1939 3230 2035 3269 illam
2058 3246 2183 3283 perva-

1227 3338 1242 3362 l'
1268 3335 1355 3369 Alius
1373 3340 1420 3369 καὶ
1436 3337 1680 3377 μεμαλαγχιέναι.

2191 1544 2280 1573 Rom.
2321 1567 2325 1573 .
2368 1566 2373 1572 .

2221 1902 2301 1932 Nihil
2315 1905 2378 1931 inu-

2190 1944 2268 1971 tilius
2304 1948 2378 1972 otio-

2190 1994 2231 2013 so.
