2502 3810
681 254 724 286 IN
763 254 875 285 ACT&
914 254 1249 285 APOSTOLORUM.

128 333 227 385 ἦλθε,
259 343 357 377 τοῦτο
388 340 594 391 ἀείμνηστον
629 344 707 394 ἔχε·
730 344 884 394 μεγάλην
908 347 1017 380 ταῦτα
1052 347 1142 379 ποιεῖ

128 399 212 449 πρὸς
233 399 323 437 Θεὸν
349 401 466 452 φιλίαν
486 406 582 452 ἡμῖν.
606 405 649 441 Εἰ
678 404 744 455 γὰρ
766 403 955 456 ἀνθρώπιον
988 405 1143 453 ἀναμνη-

129 457 263 501 σθέντες
291 463 359 499 τῶν
391 462 634 501 διασωσάντων
668 468 777 515 ἡμᾶς,
807 465 896 503 πάνυ
927 464 1142 514 δακνόμεθα,

127 519 208 555 ὅταν
231 520 352 564 αὐτοὺς
373 523 585 574 ἀμείψασθαι
605 525 653 574 μὴ
674 526 873 576 δυνηθῶμεν
886 541 893 549 ·
913 526 1031 577 πολλῷ
1058 525 1145 574 μᾶλ-

129 582 185 617 λον
206 580 263 618 ἐπὶ
289 583 391 620 Θεοῦ.
413 585 526 622 Τοῦτο
556 585 615 623 καὶ
644 588 797 637 ἀλλαχοῦ
829 586 1015 638 χρήσιμον.
1031 584 1146 622 “Οταν

128 635 186 678 οῧν
206 641 409 693 βουλώμεθα
427 644 475 695 μὴ
510 645 638 695 ἀλύειν,
657 646 811 698 λέγωμεν
829 647 869 693 δή
883 662 891 669 ·
912 648 955 684 Εἰ
973 646 1015 683 τὰ
1035 644 1147 696 ἀγαθὰ

131 701 317 752 ἐδεξάμεθα
339 705 435 756 παρὰ
465 707 614 759 Κυρίου,
647 707 691 745 τὰ
720 708 811 745 κακὰ
848 710 912 759 οὐχ
941 706 1148 757 ὑποίσομεν;

133 763 201 800 Καὶ
222 766 361 808 Παῦλος
383 766 439 804 διὰ
463 771 562 805 τοῦτο
579 768 695 818 ἔλεγεν
721 767 796 805 ὅθεν
824 768 992 819 ἐῤῥύσθη,
1011 766 1066 804 ἵνα
1087 767 1150 804 κά·-

133 824 263 869 κείνους
297 827 493 878 ἀναμνήσῃ.
512 827 608 880 ΕΌρα
640 829 698 866 καὶ
727 832 745 866 ὁ
777 827 906 866 'lanc->5
933 830 1006 870 πῶς
1036 826 1151 864 πάντα

135 890 246 924 ταῦτα
276 890 310 925 ἐν
341 891 388 940 νῷ
421 884 510 941 εἶχε·
541 891 594 928 διὸ
623 890 682 928 καὶ
712 891 845 940 ἔλεγεν·
875 888 919 926 ‘O
953 888 1095 940 ἄγγελος
1133 889 1150 925 ὁ

138 947 298 998 ῥυόμενος
320 965 363 999 με
383 953 420 987 ἐκ
439 949 594 996 νεότητός
614 966 691 1000 μου.
713 949 785 987 Καὶ
816 949 863 999 μὴ
886 948 1000 998 μόνον,
1025 947 1076 985 ὅτι
1097 949 1151 999 {53-

139 1008 283 1059 ῥύσατο,
303 1010 392 1047 ἀλλὰ
411 1013 485 1054 πῶς
500 1011 558 1047 καὶ
577 1010 635 1048 ἐπὶ
661 1010 729 1047 τίνι
750 1011 933 1060 ἐννοῶμεν.
954 1007 1049 1060 εὈρα
1070 1012 1150 1059 γοῦν

136 1073 293 1107 κάκεῖνον
322 1072 438 1114 ἷδικῶς
468 1070 728 1121 μνημονεύοντα
753 1072 821 1107 τῶν
851 1071 1068 1121 εὐεργεσιῶν.
1089 1069 1150 1107 Ἐν

136 1133 178 1179 τῇ
204 1130 320 1181 §deep
347 1147 433 1180 μου,
450 1130 555 1181 φησὶ,
576 1132 713 1176 διῆλθον
745 1131 802 1168 τὸν
824 1130 1015 1183 Ἰορδάνην.
1042 1130 1089 1166 Οἱ
1117 1128 1152 1166 δὲ

136 1190 294 1228 Ἰουδαῖοι
319 1191 377 1228 καὶ
408 1193 475 1228 τῶν
503 1191 560 1228 ἐπὶ
589 1190 766 1243 προγόνων
795 1191 991 1241 μέμνηνται
1017 1191 1088 1235 ἀεὶ,
1108 1189 1155 1229 τὰ

135 1249 223 1287 κατὰ
235 1250 296 1296 τὴν
314 1250 489 1301 Αἴγυπτον
502 1250 718 1303 στρέφοντες.
733 1253 869 1289 Οὐκοῦν
882 1252 1001 1302 πολλῷ
1022 1252 1154 1301 μᾶλλον

136 1312 236 1360 ἡμεῖς
257 1313 324 1348 τῶν
347 1311 480 1349 οἰκείων
505 1311 564 1349 καὶ
585 1313 632 1354 εἷς
655 1315 749 1362 ἡμᾶς
771 1311 1059 1362 συμῧεὸηκότων,
1087 1326 1153 1349 πο-

137 1371 235 1414 σάκις
255 1374 302 1415 εἷς
317 1372 480 1424 ἐπηρείας
498 1372 558 1410 καὶ
578 1372 757 1425 συμφορὰς
772 1372 1054 1424 ἐμπεπτώκαμεν
1069 1388 1076 1396 ·
1097 1372 1156 1411 καὶ

138 1434 165 1469 εἰ
187 1431 234 1482 μὴ
257 1435 273 1469 ὃ
293 1433 381 1476 Θεὸς
399 1440 500 1485 χεῖρα
519 1434 829 1486 ὑπερέσχε,πάλαι
843 1433 881 1471 ἂν
904 1433 1156 1485 ἀπολώλειμεν.

139 1495 261 1531 Ταῦτα
287 1495 478 1538 ἐννοοῦντες
509 1495 677 1541 ἅπαντες,
711 1495 771 1532 καὶ
806 1494 1051 1545 ἀναλεγόμενοι
1078 1498 1156 1533 καθ’

137 1552 300 1601 ἑκάστην,
319 1554 420 1606 χάριν
447 1556 592 1605 εἰδῶμεν
616 1556 780 1602 διηνεκῶς
802 1557 851 1607 τῷ
871 1557 972 1607 Θεῷ,
993 1555 1052 1593 καὶ
1070 1556 1158 1594 πάν-

137 1630 191 1656 τες
212 1618 307 1666 κοινῇ
331 1615 428 1659 δόξαν
452 1618 544 1667 αὐτῷ
576 1615 851 1667 ἁναπέμψωμεν,
878 1616 938 1654 καὶ
964 1615 1160 1661 δοξάζοντες

141 1675 240 1713 αὐτὸν
260 1675 308 1725 μὴ
330 1676 632 1727 διαλιμπάνωμεν,
650 1676 707 1714 ἵνα
720 1680 782 1722 τῆς
802 1676 1064 1728 εὐγνωμοσύνης
1077 1679 1160 1715 πολ-

139 1736 201 1783 λὴν
224 1736 284 1782 τὴν
305 1737 454 1786 ἀμοιὸὴν
474 1736 701 1787 κομισώμεθα
714 1768 723 1785 ,
744 1737 865 1790 χάριτι
890 1737 950 1774 καὶ
969 1739 1159 1788 οἷκτιρμοῖς

141 1801 199 1834 τοῦ
233 1802 433 1848 μονογενοῦς
461 1800 564 1836 αὐτοῦ
579 1798 683 1844 Υἱοῧ,
700 1798 777 1848 μεθ’
807 1792 845 1835 οὗ
876 1797 952 1848 ἅμα
985 1800 1036 1849 τῷ
1068 1797 1157 1849 ἁγίῳ

141 1858 324 1908 Πνεύματι
350 1858 449 1906 δόξα,
466 1858 611 1911 κράτος,
631 1858 736 1909 τιμὴ,
758 1863 815 1897 νῦν
850 1859 908 1897 καὶ
931 1858 1005 1907 ἀεὶ,
1025 1859 1085 1897 καὶ
1111 1862 1159 1903 εἷς

140 1918 219 1962 τοὺς
235 1922 361 1964 αἰῶνας
380 1923 448 1958 τῶν
465 1919 612 1958 αἰώνων.
633 1919 755 1971 Ἀμήν.

521 2219 700 2257 ΟΜΙΑΙΛ
727 2217 792 2256 λθ’.

142 2342 363 2385 Ἀκούσαντες
384 2341 419 2380 δὲ
449 2342 638 2380 ἀνάστασιν
659 2343 788 2393 νεκρῶν
798 2341 858 2387 ,ὀὶ
878 2341 942 2393 μὲν
963 2342 1161 2393 ἐχλεύαζον,

192 2406 222 2441 οἱ
249 2404 283 2441 δὲ
304 2397 417 2451 εἷπον,
448 2402 666 2453 ἀκουσόμεθα
697 2418 757 2441 σου
788 2403 892 2441 πάλιν
923 2402 1004 2455 περὶ
1025 2403 1159 2442 τούτου.

191 2463 261 2502 Καὶ
277 2463 385 2507 οὕτως
400 2467 418 2502 ὁ
438 2464 575 2507 Παῦλος
595 2462 735 2510 ἐξῆλθεν
752 2465 790 2502 ἐκ
811 2463 917 2515 μέσου
938 2467 1065 2503 αὐτῶν.

199 2708 266 2748 ΩΤί
287 2708 415 2755 δήποτε
452 2707 634 2751 πείσαντος
655 2707 763 2752 οὕτως
785 2709 888 2748 αὐτοῦ
909 2710 955 2750 ὡς
974 2708 1034 2746 καὶ
1054 2708 1161 2746 εἰπεῖν

148 2769 364 2816 Ἀθηναίους,
395 2768 629 2819 Ἀκουσόμεθά
671 2783 730 2807 σου
761 2768 865 2806 πάλιν
911 2768 990 2822 περὶ
1019 2768 1163 2816 τούτου,

147 2831 205 2868 καὶ
219 2829 380 2868 κινδύνων
401 2832 461 2867 οὐκ
486 2829 606 2874 ὄντων,
625 2828 802 2880 ἐπείγεται
821 2828 882 2873 τὰς
897 2829 1041 2876 Ἀθήνας
1062 2830 1163 2880 ἀφεῖ-

146 2906 203 2927 ναι
216 2894 233 2928 ὁ
252 2892 408 2936 Παῦλος
422 2889 526 2934 Ἴσως
545 2890 620 2941 ᾔδει
641 2892 678 2929 οὗ
699 2890 789 2941 μέγα
814 2890 948 2936 ὀνήσων
961 2906 968 2914 ·
993 2890 1107 2934 ἄλλως
1126 2906 1163 2927 τε

147 2952 206 2988 καὶ
228 2952 294 2988 ὑπὸ
311 2956 369 2988 τοῦ
390 2950 591 3002 Πνεύματος
611 2953 657 2994 εἷς
676 2951 841 3004 Κόρινθον
861 2951 1099 3002 ἤγετο..Τινὲς
1127 2951 1162 2988 δὲ

147 3012 266 3063 ἄνδρες
286 3011 507 3058 κολληθέντες
527 3014 620 3063 αὐτῷ
632 3043 641 3059 ,
658 3004 879 3059 ἐπίστευσαν,
894 3013 928 3050 ἓν
943 3007 991 3056 οἷς
1006 3013 1064 3050 καὶ
1085 3016 1164 3050 Διο-

148 3072 260 3114 νύσιος
290 3075 308 3109 ὁ
327 3071 590 3122 Ἀρεοπαγίτης,
609 3073 668 3110 καὶ
698 3072 782 3123 γυνὴ
811 3073 956 3123 ὀνόματι
981 3073 1164 3125 Δάμαρις,

148 3133 205 3169 καὶ
233 3132 344 3182 ἕτεροι
366 3130 426 3169 σὺν
457 3133 583 3175 αὐτοῖς.
603 3132 705 3170 Μετὰ
736 3132 771 3171 δὲ
803 3138 911 3171 ταῦτα
939 3133 1123 3185 χωρισθεὶς
1147 3136 1164 3170 ὁ

149 3194 286 3234 Παῦλος
305 3194 343 3229 ἐκ
357 3194 425 3228 τῶν
444 3191 608 3238 Ἀθηνῶν,
628 3187 730 3239 ἦλθεν
752 3195 798 3237 εἷς
818 3193 995 3245 Κόρινθον.
1012 3194 1083 3232 Καὶ
1106 3196 1162 3231 εὑ-

153 3252 219 3303 ρών
253 3268 330 3289 τινα
359 3251 524 3288 Ἰουδαῖον
558 3252 702 3301 ὀνόματι
723 3252 882 3301 Ἀκύλαν,
917 3255 1084 3292 Ποντικὸν
1115 3257 1165 3306 τῷ

153 3312 264 3362 γένει,
283 3312 490 3363 προσφάτως
513 3312 705 3359 ἐληλυθότα
731 3313 800 3352 ἀπὸ
823 3316 884 3360 τῆς
904 3313 1077 3362 Ἰταλίας,
1107 3315 1166 3353 καὶ

1288 254 1443 285 HOMIL.
1482 255 1640 285 XXXIX.

2099 237 2187 298 327

1214 355 1378 393 magnam
1391 341 1458 380 Dei
1473 341 1665 380 amicitiam
1684 339 1860 379 conciliat.
1880 339 1917 378 Si
1932 338 2026 376 enim
2045 352 2126 375 cum
2139 352 2193 375 re-

1214 402 1402 441 cordamur
1426 403 1625 452 hominum,
1651 403 1712 453 qui
1740 415 1802 440 nos
1826 409 2025 448 servarunt,
2048 412 2193 451 magno-

1215 477 1296 515 pere
1317 463 1488 512 dolcmus,
1504 464 1532 502 si
1555 477 1622 501 non
1642 462 1817 515 possimus
1834 461 1920 513 ipsis
1937 461 2053 500 vicem
2073 472 2193 511 repen-

1216 523 1298 562 dere
1318 540 1325 560 :
1344 525 1456 563 multo
1476 523 1588 575 magis
1607 525 1682 563 Deo
1698 523 1829 574 gratias
1846 522 1974 559 habere
1994 517 2196 573 opoitetjd

1217 596 1251 624 ct
1276 586 1363 625 alias
1384 587 1470 624 utile
1492 596 1554 628 est.
1569 586 1608 625 Si
1633 586 1752 637 itaque
1767 585 1931 624 volumus
1953 598 2022 621 non
2044 582 2196 620 nimium

1219 646 1359 696 dolere,
1386 646 1547 684 dicamus
1568 662 1575 683 ε
1595 647 1635 684 Si
1664 647 1765 683 bona
1794 646 2025 695 suscepimus
2051 658 2082 682 a:
2110 644 2196 681 Do-
2213 654 2278 682 lob.
2297 661 2325 681 2.
2348 659 2395 679 10.

1221 709 1339 752 mino,
1358 720 1491 744 annon
1524 707 1633 743 mala
1657 708 1852 757 feremus?
1874 705 1920 742 Et
1955 705 2089 742 Paulus
2119 703 2200 741 ideo

1220 765 1376 816 dicebat,
1397 765 1491 803 unde
1511 765 1682 802 liberatus
1699 773 1798 813 esset,
1818 773 1857 802 ut
1874 765 1961 802 alios
1980 765 2198 802 admoneret.

1173 830 1197 860 C
1222 826 1321 864 Vide
1342 835 1374 863 et
1399 826 1586 873 Jacobum,
1604 825 1781 876 quomodo
1807 825 1869 862 illa
1895 826 2012 863 omnia
2033 826 2067 863 in
2087 834 2202 864 mente

1222 885 1347 923 habuit
1357 901 1367 935 3
1383 886 1461 923 ideo
1487 885 1628 923 (licebat
1645 901 1652 921 :
1668 886 1845 937 Angelus
1867 888 1933 938 qui
1949 889 2084 937 eripuit
2104 900 2163 923 me
2176 899 2201 923 a
2220 897 2295 923 Gen.
2309 894 2359 932 48.

1216 946 1419 998 juventute
1446 959 1542 983 mea.
1559 945 1628 983 Sed
1655 945 1848 997 cogitemus
1876 959 1946 983 non
1970 945 2085 983 solum
2108 945 2205 996 quod
2224 936 2268 964 ¹6·

1222 1006 1367 1055 cruerit,
1390 1006 1452 1044 sed
1484 1006 1590 1044 etiam
1621 1005 1799 1057 quomodo
1833 1015 1866 1044 et
1892 1020 1961 1057 qua
1989 1006 2027 1044 in
2061 1021 2111 1045 rc.
2137 1007 2203 1046 Vi-

1223 1067 1267 1106 de
1286 1067 1397 1118 igitur
1414 1067 1517 1105 illum
1539 1067 1721 1119 speciatim
1740 1066 1917 1105 beneficia
1931 1081 2206 1105 commemoran-

1223 1139 1304 1169 tem.
1324 1132 1374 1167 In
1390 1133 1505 1182 virga
1523 1144 1624 1177 mea,
1647 1129 1776 1180 inquit,
1800 1133 1964 1167 transivi
1979 1131 2206 1169 Jordanem.
2225 1139 2299 1165 Gen.
2323 1135 2373 1164 32.

1221 1188 1338 1228 Judaei
1358 1202 1440 1228 vero
1454 1189 1560 1226 etiam
1581 1202 1718 1238 eorum,
1733 1202 1811 1238 quae
1829 1188 2023 1240 majoribus
2040 1187 2113 1225 suis
2129 1202 2210 1226 eve-
2227 1187 2273 1207 ¹⁰·

1224 1258 1359 1297 nerant,
1373 1263 1511 1300 semper
1529 1262 1700 1287 memores
1719 1257 1828 1297 erant,
1847 1257 2038 1300 repetentes
2061 1263 2115 1299 ea,
2130 1263 2209 1298 qua:

1226 1309 1263 1346 in
1290 1308 1448 1361 AEgypto
1474 1308 1687 1346 acciderant.
1714 1309 1761 1346 Et
1780 1323 1842 1346 nos
1864 1323 1946 1360 ergo
1969 1309 2081 1347 multo
2097 1308 2212 1360 magis

1227 1384 1361 1420 eorum,
1373 1385 1451 1422 quae
1467 1371 1569 1409 nobis
1581 1371 1798 1420 acciderunt,
1810 1385 1979 1409 memores
1994 1371 2116 1421 simus,
2128 1385 2212 1421 quo-

1228 1432 1293 1470 ties
1313 1432 1349 1469 in
1367 1433 1550 1484 angustias
1570 1442 1603 1471 et
1628 1433 1844 1470 calamitates
1864 1433 2074 1482 incidimus3
2093 1442 2126 1471 et
2146 1433 2212 1470 nisi

1182 1502 1206 1531 D
1230 1494 1328 1531 Deus
1354 1507 1500 1531 manum
1531 1493 1769 1546 porrexisset,
1797 1493 1940 1545 jamdiu
1974 1493 2212 1545 periissemus.

1230 1555 1315 1593 llaec
1335 1555 1527 1606 cogitantes
1547 1569 1667 1593 omncs
1682 1564 1716 1594 et
1734 1554 1892 1606 quotidie
1911 1563 2114 1607 repetentes,
2135 1568 2215 1605 gra-

1230 1616 1297 1654 tias
1310 1631 1447 1668 semper
1460 1618 1534 1654 Deo
1548 1631 1707 1668 agamus,
1716 1625 1748 1654 et
1761 1617 1797 1653 in
1813 1616 1991 1653 communi
2008 1630 2126 1653 omnes
2142 1616 2215 1666 glo-

1230 1677 1321 1715 riam
1340 1677 1407 1729 ipsi
1428 1678 1635 1727 reseramus,
1660 1691 1771 1727 neque
1789 1677 1893 1714 illum
1913 1677 2088 1715 celebrare
2107 1691 2212 1714 cesse-

1229 1752 1321 1787 mus,
1337 1747 1375 1775 ut
1404 1737 1496 1788 grati
1519 1737 1627 1774 animi
1655 1751 1820 1788 magnam
1847 1738 2059 1789 recipiamus
2085 1751 2214 1774 merce-

1229 1798 1312 1835 dem
1335 1814 1342 1834 :
1367 1798 1479 1850 gratia
1496 1807 1528 1835 et
1552 1797 1837 1836 miserationibus
1863 1798 2034 1849 unigeniti
2053 1798 2129 1849 ejus
2148 1798 2213 1835 Fi-

1229 1858 1284 1909 lii,
1301 1859 1448 1910 quicum
1476 1868 1509 1896 et
1536 1873 1606 1896 una
1632 1859 1784 1910 Spiritui
1807 1867 1927 1896 sancto
1955 1859 2087 1910 gloria,
2104 1858 2215 1911 impe-

1229 1921 1338 1968 rium,
1357 1920 1482 1970 honor,
1497 1934 1590 1959 1111110
1610 1929 1643 1959 ct
1657 1934 1807 1973 semper,
1823 1920 1906 1959 etin
1922 1920 2049 1959 saecula
2070 1920 2215 1959 saeculo-

1232 1995 1328 2020 rum.
1345 1982 1471 2020 Amen.

1186 2223 1210 2253 E
1517 2217 1729 2256 HOMILIA
1757 2216 1935 2257 XXXIX.

1234 2339 1324 2377 Cn.
1342 2338 1465 2378 XVII.
1478 2353 1513 2379 v.
1529 2341 1593 2381 5⁶2.
1614 2341 1710 2380 Cum
1726 2341 1924 2379 audissent
1946 2350 2074 2380 autem
2094 2356 2217 2381 resur-

1285 2403 1493 2437 rectionem
1526 2410 1777 2448 mortuorum,
1803 2403 1877 2439 alii
1902 2403 2054 2454 quidem
2085 2405 2218 2441 irride-

1286 2462 1394 2505 bant,
1417 2461 1490 2498 alii
1517 2471 1612 2499 vero
1641 2463 1820 2500 dixerunt
1838 2478 1850 2499 .-
1867 2463 1909 2499 A
1913 2464 2085 2501 udiemus
2109 2473 2145 2502 te
2172 2465 2219 2501 tle

1287 2522 1358 2558 hoc
1378 2524 1529 2559 iterum.
1554 2523 1618 2560 55.
1641 2524 1695 2560 Et
1712 2525 1767 2561 sic
1785 2524 1936 2562 Paulus
1958 2527 2052 2562 exiit
2073 2525 2120 2563 de
2141 2539 2217 2562 me-

1288 2583 1353 2620 dio
1367 2595 1511 2621 eorum.

1288 2706 1323 2742 t.
1354 2705 1426 2741 Cur
1443 2703 1589 2752 Paulus,
1612 2719 1694 2742 cum
1714 2705 1763 2744 sic
1777 2707 2019 2759 persuasisset,
2042 2718 2080 2747 ut
2102 2710 2213 2748 Athe-

1235 2764 1368 2802 nienses
1389 2764 1560 2811 dicerent,
1577 2766 1796 2805 Audimus
1831 2775 1867 2805 te
1889 2769 1936 2805 de
1967 2770 2038 2806 Izoc
2062 2772 2214 2818 iterum,

1234 2839 1385 2877 cumque
1399 2825 1496 2863 nulla
1512 2835 1623 2864 essent
1633 2826 1805 2878 pericula,
1827 2828 1966 2867 festinat
1986 2830 2215 2869 Athenienses

1176 2916 1222 2941 295
1234 2887 1455 2937 relinquere?
1474 2888 1577 2924 Forte
1590 2887 1720 2925 sciebat
1738 2901 1774 2925 se
1792 2901 1861 2925 non
1883 2890 2036 2927 multum
2053 2890 2144 2928 lucri
2159 2892 2216 2928 fa-

1186 2953 1212 2983 A
1235 2957 1374 2985 ctutum
1395 2963 1402 2983 :
1422 2947 1578 2998 alioquin
1600 2947 1706 2985 etiam
1720 2963 1739 2985 a
1754 2948 1889 3000 Spiritu
1911 2949 2121 2988 Corinthum
2143 2951 2215 2989 du-

1235 3009 1390 3048 cebatur.
1411 3009 1476 3047 55.
1507 3009 1674 3058 Quidam
1694 3022 1788 3046 vero
1807 3011 1887 3046 viri
1908 3011 2148 3050 adlzoerentes
2163 3016 2212 3060 ei,

1234 3071 1476 3108 crediderunt
1497 3085 1506 3106 .·
1525 3072 1567 3106 in
1585 3071 1721 3121 quibus
1740 3078 1777 3108 et
1795 3071 2013 3119 Dionysius
2035 3072 2215 3125 Areopa-

1233 3135 1329 3184 gita,
1349 3141 1384 3169 et
1405 3132 1542 3169 mulier
1569 3135 1723 3169 nomine
1747 3133 1947 3181 Damaris,
1972 3143 2011 3172 et
2036 3137 2107 3173 alii
2129 3150 2216 3175 cum

1235 3197 1300 3231 eis.
1319 3195 1334 3230 1
1349 3223 1356 3231 .
1377 3196 1472 3232 Post
1491 3195 1571 3231 lzoee
1591 3201 1719 3231 (actem
1735 3207 1904 3245 egressus
1920 3196 2070 3235 Paulus
2090 3196 2216 3236 Athe-

1239 3257 1311 3300 m's,
1335 3257 1442 3291 ‘venit
1473 3254 1701 3291 Corinthum
1719 3268 1729 3289 :
1748 3256 1784 3291 ΞΖ.
1806 3262 1840 3290 et
1864 3256 2064 3295 inveniens
2085 3271 2216 3309 quem-
2228 3250 2301 3278 Cn.

1239 3316 1330 3354 clam
1346 3316 1376 3353 J
1375 3316 1525 3353 uclceum
1543 3316 1696 3352 nomine
1711 3313 1918 3366 Aquilam,
1935 3317 2140 3357 Ponticum
2155 3332 2217 3371 ge-

201 3436 213 3451 ·
236 3426 327 3458 Unus
343 3431 370 3460 τὶ
393 3428 499 3465 δήποτε
520 3433 615 3462 πεῖσαι
637 3430 758 3467 αὐτοὺς,
777 3433 825 3462 καὶ
846 3431 934 3463 πάλιν
957 3432 1046 3465 αὐτοῦ
1068 3431 1251 3463 ἀκούσεσθαι.

2333 3245 2416 3276 nni.
