2466 3805
287 238 330 266 VI
1187 234 1432 263 PRAEFATto.

287 317 501 366 demumque
521 329 611 367 opus
624 328 706 353 vere
724 314 967 366 Chrysostomi
989 327 1061 351 esse
1074 312 1289 364 pronuntiat.
1310 311 1393 349 Haec
1414 312 1563 363 carptim
1582 325 1601 348 a
1622 325 1678 348 me
1694 311 1788 349 dicta
1808 308 1907 363 sunt,
1922 314 2004 364 quia
2022 313 2148 351 Savilii
2168 313 2233 350 hac
2248 312 2291 350 de
2311 327 2348 350 re

289 378 496 416 sententiam
515 377 602 428 ipsis
619 376 738 416 verbis
759 376 794 412 in
809 376 878 413 fine
890 375 1037 425 hujusce
1052 372 1273 411 praefationis
1291 373 1417 411 afferre
1435 371 1573 411 animus
1589 380 1650 409 est.
1674 372 1758 410 Haee
1773 387 1854 410 cum
1874 374 2061 425 sagacitate
2078 383 2111 412 et
2126 374 2348 412 accuratione

291 439 393 476 solita
413 447 583 476 memorat
602 435 862 483 Tillemontius,
878 443 911 471 et
930 433 1012 470 licet
1034 432 1156 470 multis
1171 432 1207 470 in
1218 432 1306 469 locis
1322 432 1517 482 neglectam
1527 431 1734 481 orationem,
1749 433 1946 484 perplexas,
1962 435 2142 481 obscuras,
2158 434 2228 471 imo
2243 434 2349 471 etiam

289 500 426 537 hiulcas
447 499 633 537 sententias
651 505 835 549 agnoscat3
856 495 967 532 multa
989 503 1104 531 tamen
1120 493 1156 530 in
1175 493 1300 530 ethicis
1319 492 1526 532 admiranda
1542 498 1709 541 recenset,
1735 494 1793 530 cui
1815 503 1848 531 et
1867 509 1930 532 nos
1948 495 2014 533 hac
2033 496 2069 533 in
2098 510 2135 533 re
2153 496 2350 546 adstipula-

290 574 371 597 mur
387 575 395 596 :
411 559 666 610 adjicimusque
677 570 745 594 non
764 555 892 592 multas
908 568 981 591 esse
994 553 1092 605 apud
1110 553 1406 604 chrysostomum
1419 554 1601 593 conciones
1613 554 1846 593 informandis
1860 555 2019 593 moribus
2033 557 2196 608 aptiores.
2213 557 2350 593 Harum

290 634 372 658 vero
387 619 610 671 γνησιότητα,
631 625 824 669 praeterea,
843 629 922 665 quae
944 615 1119 663 diximus,
1141 614 1294 666 probant
1315 615 1421 652 etiam
1448 615 1647 655 testimonia
1673 624 1835 653 veterum
1854 629 1939 653 mox
1956 616 2168 667 adferenda;
2187 631 2249 656 nee
2281 630 2348 653 non

288 681 348 719 illa
371 695 449 731 quae
468 680 513 718 de
530 692 620 716 anno
639 691 708 727 quo
723 677 826 715 dietae
841 677 911 715 illae
925 677 1070 715 fuerunt
1085 676 1308 728 proferimus,
1323 685 1356 714 et
1371 676 1440 714 alia
1461 690 1600 728 quoque
1622 676 1706 728 ipsis
1728 675 1991 728 subjungenda.

593 824 769 860 Veterum
789 824 1007 860 testimonia
1027 823 1074 858 de
1095 822 1154 859 his
1171 823 1355 867 homiliis,
1380 835 1466 873 quoe
1479 823 1617 860 harum
1637 822 1848 873 γνησιότητα
1859 825 2040 874 probant.

342 946 413 992 Qui
432 945 569 997 primus
589 944 656 982 hoc
676 944 919 997 Chrysostomi
942 958 1029 996 opus
1049 958 1260 983 memorasse
1280 953 1439 997 putatur,
1453 954 1504 983 est
1517 946 1763 995 Cassiodorus,
1783 946 1843 996 qui
1860 946 1909 983 sic
1922 946 2078 996 loquitur
2092 947 2137 984 T.
2155 950 2192 996 Q
2206 961 2241 998 p.
2259 948 2347 985 544:

287 1009 361 1046 Sed
368 1011 410 1046 in
421 1007 588 1045 Actibus
604 1006 881 1057 Apostolorum
894 1007 920 1045 S
925 1007 968 1044 ‚J
967 1009 1105 1044 oannis
1124 1010 1288 1058 episcopi
1309 1008 1733 1059 Constantinopolitani
1743 1011 1785 1044 in
1798 1009 1931 1046 Groeco
1942 1021 2118 1046 sermone
2131 1018 2351 1047 commenta

287 1072 493 1121 reperimus
515 1084 526 1104 .·
548 1081 632 1119 quae
649 1070 764 1105 amici
785 1071 904 1106 nostri
917 1071 958 1105 in
972 1069 1122 1106 duobus
1141 1069 1358 1119 Codicibus,
1382 1070 1668 1120 quinquaginta
1687 1072 1855 1120 quinque
1869 1070 2052 1117 homiliis,
2070 1071 2154 1107 Deo
2165 1073 2346 1121 juvante,

288 1132 581 1171 transtulerunt.
597 1129 664 1166 Hie
678 1129 862 1178 hodierno,
879 1130 940 1180 qui
959 1131 996 1167 in
1015 1129 1131 1167 Editis
1146 1130 1310 1178 habetur,
1331 1145 1452 1182 parem
1470 1131 1701 1169 homiliarum
1723 1145 1910 1168 numerum
1929 1141 2097 1179 recenset,
2123 1147 2193 1182 qua
2212 1147 2250 1170 re
2269 1147 2350 1184 pro-

286 1194 392 1231 hatur
407 1192 569 1231 eumdem
588 1192 707 1243 ipsum
725 1191 762 1229 in
782 1194 866 1229 Aeta
889 1192 1137 1243 Apostolorum
1155 1192 1446 1230 commentarium
1465 1193 1604 1231 saeculis
1632 1193 1886 1245 Chrysostomo
1917 1194 2057 1242 vicinis,
2077 1195 2152 1246 ejus
2172 1195 2351 1246 praemisso

288 1254 430 1292 nomine
447 1254 483 1290 in
502 1252 729 1290 Occidentem
745 1253 893 1290 allatum
911 1253 1030 1290 fuisse.
1050 1253 1155 1290 Hunc
1181 1254 1472 1292 commentarium
1492 1254 1615 1292 laudat
1640 1254 1746 1291 etiam
1767 1256 1918 1293 Joannes
1950 1256 2203 1304 Damascenus,
2227 1265 2267 1293 ut
2285 1257 2350 1294 Sa-

288 1316 396 1356 vilius
410 1325 443 1354 et
457 1315 710 1354 Tillemontius
727 1315 899 1363 referunt;
916 1314 1159 1353 OEcumenius
1174 1329 1314 1366 quoque
1327 1315 1620 1355 Enarrationibus
1636 1316 1673 1354 in
1686 1318 1772 1354 Acta
1788 1316 2038 1368 Apostolorum
2054 1331 2123 1355 non
2139 1317 2243 1355 semel
2258 1332 2352 1368 quae-

288 1378 371 1416 dam
382 1392 427 1416 ex
444 1378 512 1416 hoc
529 1378 621 1415 libro
634 1386 831 1415 mutuatur.

341 1439 491 1477 Photius
509 1452 596 1478 vero
614 1439 650 1476 in
667 1438 889 1477 Bibliotheca
906 1452 968 1476 sua
985 1439 1030 1476 N.
1048 1452 1200 1489 cnxxu,
1216 1454 1253 1491 p.
1277 1440 1366 1490 586,
1383 1440 1446 1478 ubi
1460 1440 1504 1478 de
1526 1440 1693 1478 Homiliis
1706 1440 1742 1479 in
1756 1441 1925 1479 Genesim
1943 1440 2029 1493 agit,
2046 1440 2122 1478 haec
2138 1440 2183 1478 de
2202 1441 2353 1479 Coneio-

287 1502 392 1540 nibus
409 1502 447 1540 in
473 1503 560 1540 Acta
584 1502 831 1554 Apostolorum
855 1501 1046 1540 interserit:
1064 1503 1099 1539 αἱ
1126 1501 1192 1554 γὰρ
1214 1505 1259 1546 εἰς
1282 1503 1342 1546 τὰς
1366 1503 1516 1555 Πράξεις
1531 1503 1665 1554 ὁμιλίαι
1685 1504 1899 1551 πεντήκοντα
1923 1504 1984 1555 μέν
2005 1505 2089 1551 εἰσι,
2111 1503 2232 1555 σχεδὸν
2253 1503 2287 1541 δὲ
2309 1505 2352 1541 δι’

287 1566 366 1604 ὅλου
387 1567 480 1617 αὐτῷ
497 1569 557 1602 τοῦ
579 1567 731 1603 ἐνιαυτοῦ
748 1565 961 1617 ἐρρήθησαν·
983 1567 1019 1602 οὐ
1048 1564 1115 1616 γὰρ
1134 1567 1210 1603 καθ’
1237 1566 1371 1617 ἡμέραν
1391 1565 1517 1609 ταύτας
1533 1566 1649 1614 ,ἀλλὰ
1671 1567 1728 1604 καὶ
1751 1566 1838 1619 ὑπὲρ
1857 1567 1978 1613 πέντε,
2000 1566 2057 1604 καὶ
2079 1566 2166 1618 ὑπὲρ
2187 1565 2275 1605 ἑπτὰ
2294 1566 2353 1604 καὶ

286 1626 397 1665 πλείω
412 1625 615 1677 καθωμίλει.
635 1625 693 1669 Ἃς
713 1627 815 1673 δῆλον
836 1627 935 1670 αὐτὸς
954 1633 1045 1664 ποιεῖ
1062 1626 1116 1664 ὅτι
1131 1628 1384 1680 ἇρχιερατεύ(ι)ν
1401 1628 1491 1666 κατὰ
1508 1628 1548 1666 τὸ
1568 1628 1681 1680 τρίτον
1709 1628 1781 1673 ἔτος
1799 1629 1970 1680 ὡμίλησε.
1986 1628 2061 1672 Τὰς
2081 1627 2116 1666 δὲ
2136 1630 2185 1671 εἷς
2206 1627 2268 1674 τὴν
2288 1628 2352 1667 Γέ-

286 1705 378 1727 νεσιν
399 1690 459 1726 οὐκ
473 1689 619 1740 ἔσχομεν
634 1692 763 1740 γνῶναι
780 1688 882 1727 ὁπότε
900 1689 1078 1740 ὁμιλήσειε
1093 1689 1185 1735 πλὴν
1206 1692 1235 1727 εἷ
1255 1690 1392 1728 ἐκείνων
1417 1689 1591 1740 μέμνηται
1606 1693 1672 1728 τῶν
1693 1693 1837 1741 ὁμιλιῶν
1859 1694 1892 1729 ἓν
1914 1694 1963 1742 τῷ
1985 1690 2144 1741 κη’λόγῳ
2163 1692 2350 1740 ὁμιλῆσαι,

287 1752 326 1796 ἃς
341 1752 398 1790 διὰ
423 1755 483 1789 τοῦ
502 1751 619 1804 τρίτου
636 1752 730 1794 ἔτους
748 1755 810 1798 τῆς
830 1751 1085 1804 ἀρχιερωσύνης
1105 1753 1208 1789 αὐτοῦ
1228 1751 1468 1803 ἐξειργάσατο,
1490 1752 1578 1789 ἀλλὰ
1598 1751 1645 1801 μὴ
1677 1753 1803 1805 ἑτέρων
1827 1757 1928 1791 τινῶν
1948 1753 2045 1805 παρὰ
2077 1752 2206 1795 ταύτας
2219 1768 2227 1775 ·
2255 1752 2351 1791 οὔπω

285 1813 354 1866 γὰρ
372 1817 472 1851 τοῦτο
492 1813 598 1864 ἔγνων
610 1828 617 1835 ·
647 1813 750 1858 δῆλον
777 1811 829 1849 ὅτι
854 1813 912 1850 καὶ
928 1811 1054 1854 ταύτας
1073 1812 1325 1864 ἀρχιερατεύων
1341 1811 1575 1849 κατεσκεύασε
1591 1841 1600 1857 ,
1619 1811 1680 1854 τὰς
1701 1812 1762 1861 μὲν
1781 1811 1832 1856 κζ’
1851 1816 1894 1862 τῇ
1916 1815 2176 1864 τεσσαρακοστῇ
2193 1816 2253 1849 τοῦ
2273 1814 2350 1851 δευ-

285 1875 385 1926 τέρου
401 1875 516 1923 ἔτους,
536 1874 598 1917 τὰς
614 1874 649 1912 δὲ
664 1873 789 1917 λοιπὰς
806 1872 859 1911 λδ’
886 1875 921 1911 ἓν
940 1876 989 1924 τῷ
1009 1873 1164 1925 τετάρτῳ
1194 1873 1273 1911 ἔτει.
1294 1873 1340 1911 ‘H
1371 1872 1405 1911 δὲ
1422 1872 1545 1925 φράσις
1575 1874 1677 1909 αὐτοῦ
1699 1872 1787 1922 μετὰ
1814 1877 1876 1919 τῆς
1905 1873 2068 1918 συνήθους
2088 1874 2275 1925 σαφηνείας
2292 1875 2352 1912 καὶ

285 1938 519 1989 καθαρότητος
534 1937 591 1975 καὶ
611 1937 650 1975 τὸ
664 1938 826 1987 λαμπρὸν
846 1936 906 1974 καὶ
922 1936 1040 1986 εὔρουν
1067 1935 1300 1982 ἐνδείκνυται,
1322 1936 1361 1973 τὸ
1387 1934 1557 1985 πολύχουν
1584 1936 1651 1970 τῶν
1672 1934 1869 1983 νοημάτων,
1892 1935 1950 1972 καὶ
1971 1938 2038 1972 τῶν
2058 1937 2351 1986 παραδειγμάτων

284 2000 347 2047 τὴν
365 1998 651 2051 προσφυεστάτην
669 1997 829 2048 εὐπορίαν
850 1996 1162 2047 συνυποφαίνουσα,
1180 1997 1402 2034 Ἠλάττωται
1422 1996 1456 2033 δὲ
1475 1997 1567 2045 ὅμως
1584 1999 1645 2040 ’ΞΤ-,ς
1665 1996 1699 2032 ἓν
1719 2001 1793 2038 ταῖς
1812 1995 1966 2048 Πράξεσι
1986 1997 2142 2048 φράσεως
2162 1998 2218 2035 ἐπὶ
2234 1998 2272 2035 τὸ
2290 2014 2350 2035 τα-

283 2062 478 2113 πεινότερον
495 2059 753 2110 ἀπενηνεγμένη
764 2089 772 2105 ,
789 2059 867 2096 ὅσον
882 2062 950 2096 τῶν
973 2061 1019 2101 εἷς
1038 2059 1094 2096 τὸν
1112 2059 1303 2097 ἀπόστολον
1320 2060 1512 2111 ἓρμηνειῶν
1529 2057 1586 2095 καὶ
1608 2057 1656 2094 ἔτι
1672 2060 1738 2095 τῶν
1760 2060 1806 2101 εἷς
1817 2058 1872 2095 τὸν
1891 2060 2071 2111 ῙΓαλτῆρα
2090 2060 2350 2109 ὑπομνημάτων

283 2129 304 2171 ἡ
324 2126 357 2161 ἐν
378 2130 451 2166 ταῖς
471 2122 643 2173 Πράξεσιν
660 2120 897 2159 ὓπολείπεται,
921 2121 1103 2158 Homilioe
1122 2124 1164 2158 in
1180 2121 1287 2158 Acta
1309 2123 1594 2172 quinquaginta
1615 2128 1717 2165 sunt,
1751 2128 1786 2156 et
1800 2134 1868 2170 per
1891 2122 2180 2172 integrumfere
2204 2136 2350 2160 annum

284 2195 374 2225 sunt
386 2187 528 2223 habita.²
544 2200 555 2219 .-
574 2196 694 2234 neque
712 2185 814 2220 enim
829 2183 1012 2233 quotidie,
1035 2183 1104 2220 sed
1118 2186 1251 2234 quinto
1268 2196 1417 2233 quoque
1436 2183 1509 2227 die,
1530 2182 1597 2218 vel
1617 2184 1787 2232 septz'mO,
1808 2183 1874 2218 vel
1895 2183 2057 2228 tardius,
2081 2183 2174 2220 illas
2199 2187 2349 2221 concio-

287 2248 416 2285 nando
430 2246 661 2297 proferebat.
678 2244 943 2296 Declaratque
962 2246 1040 2295 ipse
1057 2244 1149 2282 illas
1168 2258 1221 2290 se,
1241 2258 1327 2282 cum
1347 2245 1696 2294 archiepiscopatus
1718 2246 1871 2280 tertium
1889 2256 2036 2279 annum
2049 2252 2192 2293 ageret,
2216 2245 2270 2280 ad
2279 2259 2350 2295 po-

283 2310 418 2363 pulum
433 2310 622 2346 habuisse.
643 2307 837 2344 Homilias
854 2320 947 2344 vero
968 2309 1009 2344 in
1033 2307 1212 2344 Genesim
1232 2320 1307 2358 quo
1330 2315 1495 2357 tempore
1518 2307 1696 2343 habuerit
1717 2307 1813 2341 scire
1841 2306 2011 2342 nondum
2044 2308 2236 2355 potuimus
2256 2322 2266 2340 .·
2289 2310 2350 2343 in-

284 2381 430 2411 certum
447 2372 586 2421 quippe
605 2377 660 2405 est
675 2382 728 2405 an
749 2370 790 2404 in
806 2369 992 2418 vigesima
1012 2376 1151 2405 octava
1169 2368 1261 2405 illas
1277 2381 1488 2405 memorare
1508 2367 1605 2404 velit
1620 2396 1631 2412 ,
1651 2379 1748 2418 quas
1770 2369 1879 2403 tertio
1911 2367 2262 2417 archiepiscopatus
2290 2372 2351 2404 sui

284 2447 389 2471 anno
409 2432 558 2476 habuit,
578 2443 631 2466 an
649 2429 761 2466 alias.
784 2426 931 2465 Palam
948 2437 1016 2473 est,
1039 2440 1124 2465 eum
1139 2429 1210 2466 has
1228 2431 1344 2466 etiam
1364 2441 1451 2466 cum
1471 2428 1776 2478 archiepiscopus
1792 2435 1889 2463 esset
1908 2429 2162 2478 composuisse
2173 2441 2187 2470 ;
2207 2429 2350 2477 viginti

284 2504 424 2547 septem
443 2505 588 2543 nempe,
608 2494 649 2528 in
665 2491 962 2543 quadragesima
980 2490 1138 2528 secundi
1156 2491 1535 2541 (archiepiscopatus
1556 2491 1616 2527 sui
1618 2493 1644 2535 j
1659 2492 1768 2534 anni,
1798 2489 1968 2540 reliquas
1988 2497 2116 2526 autem
2135 2491 2176 2524 in
2205 2498 2344 2540 quarto
2380 2513 2384 2516 -

284 2569 402 2593 anno.
421 2554 611 2605 Loquutio
635 2553 716 2603 ejus
732 2565 818 2588 cum
834 2551 950 2588 solita
967 2551 1148 2588 claritate
1171 2554 1414 2603 puritateque
1443 2551 1683 2602 splendorem
1698 2551 2046 2601 profluentiamque
2065 2550 2232 2595 exhibet,
2253 2564 2346 2588 con-

278 2619 458 2668 junctam
476 2627 562 2652 cum
582 2626 763 2651 sensuum
778 2614 962 2657 ubertate,
985 2620 1021 2649 et
1040 2614 1230 2650 concinna
1255 2612 1515 2663 eremplorum
1528 2614 1651 2663 copia.
1678 2612 1848 2662 Inferior
1865 2619 1995 2648 tamen,
2025 2619 2079 2648 est
2102 2613 2287 2649 Homiliis
2304 2616 2345 2650 in

285 2679 406 2724 Acta,
422 2678 475 2714 ad
488 2676 731 2714 humiliorem
747 2675 948 2713 declinans
965 2674 1170 2711 dictionem
1191 2690 1206 2718 ,-
1228 2683 1413 2726 tantoque
1441 2676 1579 2725 spatio,
1599 2681 1746 2724 quanto
1771 2674 1851 2710 hoec
1877 2675 1918 2708 in
1944 2672 2052 2710 Acta
2083 2687 2205 2724 operte
2227 2674 2340 2711 Com-

286 2738 485 2774 mentariis
499 2737 541 2772 in
555 2735 734 2772 Psalmos
746 2742 783 2771 et
796 2736 838 2771 in
852 2732 1034 2785 Apostoli
1049 2733 1246 2784 Epistolas
1269 2735 1432 2785 inferior
1453 2741 1519 2771 est.
1536 2733 1621 2770 Haec
1640 2732 1799 2779 Photius,
1820 2732 1881 2782 qui
1903 2732 1938 2769 in
1958 2746 2105 2770 numero
2127 2733 2344 2772 Coneionum

285 2799 321 2835 in
342 2801 429 2835 Acta
445 2803 549 2842 errat,
569 2794 802 2845 quadraginta
814 2802 953 2830 tantum
971 2807 1043 2831 esse
1063 2793 1198 2838 dicens,
1220 2807 1300 2830 cum
1312 2793 1568 2843 quinquaginta
1587 2791 1743 2842 quinque
1766 2805 1911 2828 numero
1925 2791 2008 2837 sint,
2032 2800 2070 2828 ut
2085 2792 2192 2829 etiam
2221 2792 2344 2831 Homi—

283 2859 414 2896 liarum
433 2857 469 2894 in
500 2856 668 2895 Genesim
683 2867 870 2892 numerum
890 2867 959 2892 non
977 2864 1139 2892 accurate
1157 2854 1297 2902 retulit3
1317 2854 1386 2891 nisi
1401 2853 1559 2891 fortassis
1577 2852 1702 2889 menda
1719 2852 1754 2889 in
1775 2852 1851 2903 ejus
1872 2851 2086 2903 exemplaria
2118 2852 2341 2904 irrepserint,

286 2918 380 2968 quod
403 2917 543 2955 facilius
562 2925 613 2953 est
627 2929 708 2952 cum
720 2914 802 2952 anni
823 2914 1064 2952 numeralibus
1076 2914 1187 2952 literis
1207 2923 1381 2952 notantur.
1397 2915 1517 2964 Neque
1528 2913 1666 2950 felicius
1682 2911 1839 2964 procedit
1860 2926 1940 2949 cum
1953 2912 2014 2960 ait,
2033 2912 2207 2950 Homilias
2221 2912 2258 2950 in
2275 2914 2342 2952 Ge-

285 2981 396 3018 nesim
408 2979 549 3017 habitas
566 2978 673 3015 fuisse
688 2977 1002 3028 Constantinopoli,
1013 2986 1151 3028 partem
1161 2977 1292 3014 scilicet
1305 2990 1425 3014 earum
1441 2989 1531 3013 anno
1538 2974 1859 3026 archiepiscopatus
1876 2973 2120 3025 Chrysostomi
2133 2974 2295 3022 secundo,
2311 2986 2343 3014 et

286 3050 420 3092 partem
427 3053 517 3078 anno
527 3047 664 3089 quarto.
678 3038 822 3075 Certum
831 3037 961 3089 quippe
972 3046 1022 3075 est
1032 3037 1204 3074 Homilias
1219 3037 1254 3074 in
1266 3037 1434 3075 Genesim
1443 3035 1635 3073 Antiochiae
1640 3047 1737 3083 ,cum
1747 3033 1865 3071 adhuc
1875 3034 2149 3084 Chrysostomus
2160 3034 2342 3085 presbyter

287 3112 386 3150 esset,
400 3101 514 3139 dictas
528 3101 648 3150 fuisse,
670 3109 710 3136 ut
724 3099 759 3136 in
779 3099 987 3137 Praefatione
1005 3098 1051 3136 ad
1064 3099 1238 3137 Homilias
1253 3099 1289 3136 in
1310 3098 1475 3137 Genesin]
1499 3096 1740 3149 probavimus.
1755 3095 1861 3141 Quod
1880 3095 1924 3132 de
1935 3095 2028 3146 stylo
2040 3094 2100 3142 ait,
2114 3109 2194 3132 cum
2210 3096 2342 3132 scilicet

286 3164 522 3202 Homiliarum
535 3163 571 3200 in
596 3166 682 3200 Acta
704 3162 894 3205 dictionem
912 3162 1052 3213 praefert
1069 3162 1303 3199 Homiliarum
1328 3162 1362 3199 in
1383 3161 1547 3199 Genesim
1567 3159 1778 3210 loquutioni,
1795 3158 1909 3195 nescio
1943 3171 1985 3194 an
2018 3157 2060 3194 iis
2081 3158 2256 3204 omnibus,
2280 3158 2337 3206 qui

288 3227 422 3278 stylum
435 3225 618 3275 utriusque
635 3225 750 3276 operis
765 3225 919 3262 conferre
933 3225 1124 3274 voluerint,
1137 3224 1351 3276 placiturum
1365 3224 1422 3262 sit.
1436 3225 1651 3272 Certumque
1665 3230 1715 3258 est
1730 3220 1765 3258 in
1782 3229 2035 3270 utroqueopere
2050 3219 2339 3270 Chrysostomuni

285 3304 304 3326 a
325 3289 426 3327 solita
447 3287 641 3338 eloquentia
661 3301 729 3325 non
743 3301 867 3339 parum
887 3286 1079 3326 deflectere.
1103 3288 1185 3326 Utri
1202 3297 1318 3325 autem
1339 3286 1433 3339 operi
1453 3286 1509 3323 hic
1539 3299 1659 3323 naevus
1681 3283 1793 3332 magis
1813 3282 1966 3319 adscribi
1986 3281 2120 3324 (lehem,
2141 3282 2339 3318 examinare

286 3366 352 3389 non
374 3364 542 3401 inagnum
562 3364 673 3400 operm
689 3350 842 3400 pretium
858 3350 975 3387 fuerit.
