2502 3810
98 1985 182 2013 Rom.
201 1987 279 2025 149.

95 2056 172 2082 lhirl.
189 2067 214 2083 ι’.
235 2063 282 2084 ῐΟ.

96 2096 237 2126 exacos.
253 2097 281 2127 5.

102 2147 147 2166 10.

113 3101 192 3128 Deus
208 3112 282 3138 quo-

96 3144 182 3170 modo
211 3144 280 3171 dili-

94 3190 187 3218 gutur.

765 269 802 298 S.
841 264 1020 297 JOANNJS
1057 262 1288 292 CHRYSOST⁴

326 257 417 313 324

323 351 519 402 ignorastis.
551 348 741 399 Despexit3
773 346 810 383 id
841 354 905 393 est,
927 357 994 381 non
1023 342 1136 392 exigit
1172 354 1294 393 poenas

324 411 422 462 quasi
451 425 470 446 a
496 408 670 460 supplicio
699 405 828 456 dignis.
854 402 1060 454 Ignorastis.
1089 401 1163 438 Nec
1195 400 1294 447 dicit,

321 474 451 522 Sponte
467 469 557 506 male
566 467 684 517 egistis
696 481 706 515 ;
720 465 780 502 sed
789 465 923 515 hocper
933 461 1112 514 superiora
1123 469 1295 498 monstra*-

320 532 383 580 vit,
412 532 460 567 Ut
484 531 622 578 ubique
642 527 907 577 poenitentiam
930 530 1065 575 agant,
1081 521 1212 560 dicens.
1228 520 1294 558 Hic

319 599 429 627 totum
451 588 573 625 orbem
590 585 796 624 insinuavit.

368 651 404 687 4.
424 648 519 687 Vide
543 647 720 698 quomodo
749 646 830 684 illos
860 644 1013 683 abducat
1039 658 1059 681 a
1087 643 1292 696 pluralitate

313 710 473 747 deorum.
502 710 600 759 Quia
613 711 748 746 statuit
764 708 878 752 diem,
896 704 1025 756 inquit,
1042 706 1083 741 in
1096 705 1290 756 quajudi-

314 779 468 807 cataras
485 778 539 807 est
560 771 689 806 orbem
705 771 747 805 in
766 770 958 820 aequitate.
980 765 1074 805 Vide
1093 779 1214 803 rursus
1233 779 1291 802 or-

312 830 392 867 bem
417 829 515 878 dicit,
545 829 595 867 sic
616 828 776 867 homines
803 841 944 866 vocans.
967 828 1015 863 In
1038 828 1125 863 viro
1145 828 1186 863 in
1215 837 1290 878 quo

312 893 461 936 statuit,
478 893 669 927 suscitans
684 902 769 927 eum
782 903 805 926 a
820 890 990 925 mortuis.
1002 887 1098 926 Vide
1111 886 1290 937 quomodo

312 951 442 989 iterum
469 951 665 1003 passionem
702 948 963 998 manifestavit,
1003 948 1290 986 resurrectionem

312 1027 519 1051 memorans.
529 1012 634 1059 Quod
646 1021 762 1050 autem
774 1024 898 1049 verum
912 1010 1154 1062 sitjudicium,
1171 1011 1290 1062 palam

311 1083 361 1111 est
373 1089 417 1111 cx
430 1074 681 1111 resurrectione
689 1089 698 1121 ;
708 1072 791 1111 inde
806 1072 899 1110 enim
911 1071 947 1109 id
958 1070 1120 1122 arguitur
1132 1086 1138 1107 :
1149 1080 1182 1108 et
1195 1071 1291 1122 quod

310 1135 428 1172 onmia
444 1149 526 1172 rera
544 1134 626 1176 sint,
639 1134 767 1184 inquit,
785 1133 904 1186 palam
923 1140 973 1170 est
993 1145 1038 1170 ex
1059 1146 1098 1169 co
1119 1132 1214 1182 quod
1234 1147 1288 1170 re-

308 1195 516 1233 surrexerit:
531 1195 695 1245 quodque
706 1194 870 1232 omnibus
888 1193 979 1230 hane
1002 1193 1215 1244 praebuerint
1238 1194 1287 1231 fi—

307 1255 401 1303 dem,
422 1256 517 1306 quod
530 1254 762 1293 resurrexerit
777 1267 821 1292 ex
834 1254 996 1300 mortni&
1010 1263 1043 1291 et
1056 1254 1123 1291 hoc
1137 1252 1289 1305 denique

308 1317 532 1355 manifestum
551 1326 613 1355 est.
633 1317 716 1354 Haec
735 1316 829 1354 dieta
843 1323 925 1353 sunt
940 1315 1238 1365 Atheniensibus,
1255 1324 1288 1353 et

306 1387 502 1430 opportune
519 1378 619 1416 nobis
637 1377 743 1414 etiam
762 1376 949 1424 dicantur,
971 1376 1136 1413 omnibus
1155 1376 1287 1426 ubique

304 1438 476 1488 agendam
497 1437 740 1489 poenitentiam
754 1451 839 1483 esse,
857 1436 939 1486 quia
958 1435 1123 1474 definivit
1137 1436 1232 1474 diem
1248 1437 1284 1474 in

304 1512 373 1548 quo
393 1499 618 1550 judicaturus
642 1507 693 1536 est
711 1498 843 1535 orbem.
863 1497 958 1537 Vide
977 1498 1084 1534 etiam
1105 1498 1282 1547 quomodo
1293 1529 1340 1554 292

301 1559 404 1596 illum
430 1559 590 1610 judicem
617 1558 772 1607 inducat,
806 1566 840 1595 et
863 1556 989 1595 mundi
1018 1557 1281 1608 providentiam
1305 1566 1329 1595 A

299 1619 485 1658 habentem
500 1650 511 1669 ,
532 1620 746 1670 benignum,
767 1617 1049 1666 misericordem,
1071 1627 1251 1669 potentem
1267 1637 1293 1669 ,⁷

299 1680 489 1731 sapientem
501 1707 510 1725 ,
531 1680 718 1730 omniaque
737 1691 880 1730 prorsus
909 1691 986 1727 quae
1009 1686 1089 1714 sunt
1106 1676 1283 1716 Creatoris

298 1740 496 1777 habentem.
510 1740 821 1777 Confirmationem
837 1737 1065 1790 praebuerunt
1076 1737 1184 1787 dicta,
1200 1752 1280 1776 eum

298 1814 316 1837 a
331 1801 480 1838 mortuis
498 1800 740 1838 resurrexisse.
755 1798 1002 1836 Poenitentiam
1017 1812 1100 1850 ergo
1116 1812 1280 1850 agamus:

298 1861 440 1898 omnino
461 1861 555 1898 enim
574 1860 731 1912 judicari
758 1868 907 1912 oportet.
927 1860 966 1898 Si
991 1872 1061 1897 non
1087 1861 1282 1899 resurrexit

298 1922 474 1970 Christus,
486 1937 555 1960 non
566 1922 794 1974 judicamur-3
809 1920 837 1958 si
852 1921 1058 1970 resurrexit,
1074 1922 1218 1960 omnino
1226 1922 1281 1974 ju—

297 1982 471 2021 dicamur.
486 1985 511 2020 I
511 1997 535 2020 η
551 1985 621 2021 hoe
636 1985 737 2020 enim
751 1991 787 2020 et
800 1990 970 2020 mortuus
983 1991 1052 2029 est,
1069 1991 1111 2020 ut
1126 1992 1163 2021 et
1179 1985 1280 2023 vivis

297 2053 333 2082 et
352 2047 511 2082 mortuis
532 2047 714 2096 imperet,
737 2043 852 2094 inquit
868 2058 878 2092 3
898 2051 932 2081 et
952 2055 1114 2080 rursum:
1139 2046 1280 2083 Omnes

297 2109 397 2144 enim
409 2107 650 2144 adstabimus
664 2114 755 2143 ante
764 2105 936 2143 tribunal
946 2106 1103 2155 Christi,
1115 2115 1279 2146 utunus-

297 2170 458 2218 quisque
480 2168 624 2218 reserat
641 2167 849 2203 secundum
865 2179 912 2203 ea
927 2165 1132 2218 quoefecit.
1148 2168 1201 2205 Ne
1214 2183 1279 2219 pu-

296 2227 374 2264 tetis
387 2227 462 2264 haec
477 2226 584 2265 verba
601 2225 715 2263 solum
730 2238 821 2262 esse:
843 2239 920 2262 ecce
937 2234 968 2262 et
989 2226 1278 2265 resurrectionem
1302 2234 1324 2265 B

295 2286 455 2324 omnium
474 2285 681 2323 memoravit
698 2300 707 2330 ;
731 2295 843 2334 neque
862 2284 956 2321 enim
977 2284 1080 2322 aliter
1095 2284 1277 2336 judicatur

295 2348 404 2385 orbis.
422 2346 541 2384 Etiam
559 2344 665 2392 illud,
681 2344 878 2383 Suscitans
893 2357 979 2382 eum
999 2358 1022 2382 a
1039 2349 1211 2392 mortuis,
1233 2347 1278 2385 de

294 2422 440 2460 corpore
459 2407 597 2444 dictum
617 2415 667 2443 est
688 2419 695 2441 ε
718 2405 833 2457 ipsum
857 2405 952 2442 enim
972 2414 1154 2443 mortuum
1174 2415 1247 2444 erat
1263 2436 1273 2456 ,

295 2470 362 2506 hoe
384 2467 567 2506 ceciderat.
588 2465 693 2518 Apud
722 2466 887 2515 gentiles,
914 2465 1007 2503 sicut
1036 2466 1166 2504 creatio
1184 2496 1195 2517 ,
1227 2467 1274 2506 ita

294 2537 327 2567 et
347 2528 526 2581 judicium
555 2526 801 2565 contemnitur.
830 2525 914 2563 Haec
940 2534 1057 2563 autem
1085 2541 1275 2578 puerorum

295 2598 490 2627 commenta
509 2597 604 2637 sunt,
631 2596 663 2624 et
691 2586 872 2624 ebriorum
893 2586 1090 2624 hominum.
1118 2587 1188 2626 Sed
1212 2603 1275 2627 nos

297 2651 358 2700 qui
369 2651 445 2687 haec
455 2657 616 2686 accurate
627 2647 833 2694 didicimus,
841 2647 979 2697 aliquid
990 2647 1078 2685 utile
1092 2648 1274 2699 faciamus,

295 2711 570 2760 studeamusque
594 2708 783 2746 familiares
810 2722 882 2745 esse
909 2707 1060 2747 Christo.
1082 2710 1274 2761 Usquequo

295 2774 369 2824 ejus
380 2772 515 2810 inimici
526 2770 679 2808 erimus?
699 2782 878 2819 usquequo
894 2768 1010 2806 minus
1024 2769 1180 2808 suaviter
1193 2786 1273 2823 erga

293 2834 396 2871 illum
425 2832 542 2870 affecti
571 2830 731 2869 erimus?
765 2829 889 2878 Absit,
922 2829 1084 2880 inquies3
1113 2845 1176 2868 cur
1200 2832 1275 2870 haec

292 2895 559 2933 dicis?Nollem
573 2894 650 2930 haee
669 2892 796 2939 dicere,
813 2891 880 2928 nisi
896 2905 960 2928 vos
978 2892 1135 2930 faceretis
1151 2908 1162 2943 5
1181 2908 1274 2932 nunc

293 2970 377 2995 vero
393 2970 469 3006 quae
484 2954 620 2992 utilitas
635 2967 675 2991 ex
695 2952 847 2996 silenti0‚
862 2965 943 2988 cum
962 2966 1015 2988 res
1031 2952 1077 2988 ita
1090 2954 1276 3006 perspicue
1296 2972 1319 3002 ρ

294 3015 669 3062 οῙεηῃευῑΡΩυοωοᾶο
691 3014 802 3065 igitur
823 3013 926 3050 illum
945 3012 1161 3063 diligemus?
1180 3017 1273 3054 Sex-

294 3079 421 3117 centies
454 3077 548 3126 dixi,
583 3075 646 3114 sed
674 3088 767 3112 nune
799 3087 939 3124 quoque
971 3072 1100 3112 dicam.
1121 3076 1273 3115 Modum

294 3140 470 3179 invenisse
505 3137 595 3175 mihi
625 3135 749 3174 videor
784 3147 953 3185 magnum
988 3142 1021 3172 et
1058 3134 1270 3177 mirabilem.

333 3269 348 3285 ⁸¹
373 3268 478 3310 [Quze
495 3273 687 3309 sequuntur,
701 3263 743 3296 ad
760 3262 994 3306 compendium
1011 3262 1147 3296 redacta
1164 3267 1287 3298 suntin

284 3318 442 3361 Arc]

329 3381 341 3394 ⁰
366 3371 550 3411 [ἀναστῆσαι
561 3366 664 3398 Εεὶἰιὶ.
678 3373 838 3404 ἀναστῆναι
851 3364 960 3399 Codd.
973 3366 1059 3398 Tum
1072 3373 1190 3408 praeter
1207 3366 1286 3399 alias

283 3420 402 3455 multas
416 3421 587 3454 varietates
604 3421 637 3450 A.
649 3419 683 3450 Β.
695 3417 730 3451 C.
744 3425 866 3461 παρεῖχε
880 3413 1027 3460 praebent
1039 3427 1099 3459 pro
1117 3419 1284 3461 remago-1]

1331 261 1533 292 ARCHIEP.
1573 265 1907 296 CONSTANTffiOP
1917 288 1925 296 .

1366 349 1542 390 μετανοεῖν
1571 344 1688 382 εἰπών.
1719 345 1891 383 Ἐνταῦθα
1924 352 2038 383 πᾶσαν
2077 346 2136 394 τὴν
2175 346 2378 397 οἰκουμένην

1366 402 1567 440 αἰνίττεται.

1416 644 1434 662 *
1446 641 1542 693 ‘'Opot
1575 646 1648 686 πῶς
1676 643 1796 686 αὐτοὺς
1829 644 1956 694 ἀπάγει
1986 647 2053 682 τῶν
2091 648 2254 697 μερικῶν.
2282 648 2382 684 Διό-τι

1362 702 1505 750 ἔστησεν
1527 703 1673 754 ἡμέραν,
1696 704 1813 755 φησὶν,
1836 707 1870 742 ἐν
1891 699 1914 755 ᾗ
1942 705 2062 755 μέλλει
2087 707 2213 758 κρίνειν
2244 707 2307 752 τὴν
2331 709 2378 744 οἱ·

1362 763 1532 814 κουμένην
1553 767 1586 802 ἐν
1613 764 1824 816 δικαιοσύνη.
1852 765 1970 818 ”Ορα·
1998 766 2103 804 πάλιν
2122 766 2184 812 τὴν
2215 768 2378 817 οἰκουμέ-

1361 840 1423 870 νην
1443 818 1549 870 εἶπεν,
1570 824 1657 862 οὕτω
1684 824 1761 868 τοὺς
1782 824 1980 877 ἀνθρώπους
1999 828 2126 864 καλῶν.
2148 826 2210 863 Ἔν
2236 827 2333 878 ἀνδρὶ
2351 821 2379 878 ᾧ

1361 884 1497 936 ὥρισεν,
1509 884 1706 931 ἀναστήσας
1724 885 1823 922 αὐτὸν
1847 888 1886 923 ἐκ
1899 889 2044 938 νεκρῶν.
2065 886 2163 939 (Ὀρα
2181 888 2255 930 πῶς
2274 887 2380 924 πάλιν

1360 945 1398 984 τὸ
1414 946 1522 989 πάθος
1541 946 1725 993 ἐδήλωσεν,
1741 945 1961 989 ἀναστάσεως
1978 947 2226 997 μνημονεύσας.
2241 946 2326 985 e‘Ort
2344 947 2378 985 δὲ

1362 1006 1492 1053 ἀληθὴς
1509 1010 1531 1053 ἡ
1554 1006 1686 1059 κρίσις,
1709 1008 1810 1053 δῆλον
1837 1008 1876 1044 ἐκ
1895 1011 1956 1054 τῆς
1978 1007 2219 1051 ἀναστάσεως·
2247 1024 2377 1059 συγκα-

1359 1067 1609 1111 τασκευάζεται
1624 1069 1711 1120 γάρ·
1740 1068 1799 1106 καὶ
1818 1071 1871 1106 ὅτι
1897 1069 2012 1106 πάντα
2038 1069 2182 1122 ἀληθεία
2202 1063 2294 1117 εἶπε,
2320 1070 2379 1115 δῆ-

1360 1129 1417 1165 λον
1434 1128 1466 1172 ἐξ
1486 1123 1532 1165 ὧν
1555 1129 1696 1176 ἀνέστη.
1714 1130 1800 1168 “Ort
1820 1129 1855 1168 δὲ
1874 1130 1933 1167 καὶ
1953 1136 2040 1169 πᾶσι
2061 1130 2189 1177 ταύτην
2210 1137 2378 1182 παρεῖχον

1359 1189 1490 1235 πίστιν,
1509 1189 1548 1227 τὸ
1566 1193 1782 1237 cavatam-zvar
1817 1191 1916 1229 αὐτὸν
1947 1193 1986 1228 ἐκ
2012 1194 2156 1243 νεκρῶν,
2190 1191 2249 1229 καὶ
2278 1197 2378 1230 τοῦτο

1359 1251 1477 1289 λοιπὸν
1507 1251 1620 1297 δῆλον.
1639 1253 1762 1289 Ταῦτα
1796 1251 1930 1305 εἴρηται
1954 1252 2015 1302 μὲν
2045 1251 2130 1303 πρὸς
2160 1253 2376 1299 Ἀθηναίους·

1358 1312 1478 1363 καιρὸν
1498 1313 1526 1349 ’δ’
1543 1311 1582 1349 ἂν
1597 1311 1671 1363 ἔχοι
1690 1311 1749 1349 καὶ
1766 1312 1850 1363 πρὸς
1867 1316 1960 1362 ἡμᾶς
1974 1312 2154 1362 λέγεσθαι,
2175 1312 2228 1349 ὅτι
2246 1312 2378 1354 πάντας

1358 1376 1537 1424 πανταχοῦ
1562 1379 1738 1423 μετανοεῖν
1774 1374 1841 1419 δεῖ,
1876 1374 1929 1410 ὅτι
1956 1373 2078 1426 ὥρισεν
2111 1373 2259 1424 ἡμέραν,
2291 1376 2324 1411 ἐν
2354 1368 2377 1418 ἧ

1359 1434 1478 1484 μέλλει
1497 1435 1624 1485 κρίνειν
1644 1434 1706 1481 τὴν
1733 1434 1949 1485 οἰκουμένην.
1967 1433 2065 1485 υΟρα
2085 1436 2158 1477 πῶς
2185 1434 2245 1471 καὶ
2277 1434 2377 1471 δικα-

1355 1494 1440 1541 στὴν
1457 1495 1556 1532 αὑτὸν
1580 1494 1732 1545 εἰσάγει,
1749 1495 1807 1532 καὶ
1825 1498 2037 1547 προνοοῦντα
2064 1499 2124 1533 τοῦ
2157 1494 2289 1545 κόσμου
2317 1495 2377 1533 καὶ

1353 1555 1594 1609 φιλάνθρωπον
1608 1556 1667 1593 καὶ
1690 1556 1969 1607 συγγνωμονικὸν
1986 1555 2045 1593 καὶ
2071 1555 2210 1594 δυνατὸν
2237 1556 2294 1593 καὶ
2321 1572 2376 1595 σο-

1352 1616 1426 1667 φὸν,
1438 1616 1494 1653 καὶ
1511 1616 1625 1653 πάντα
1642 1618 1760 1659 ἁπλῶς
1779 1621 1792 1637 ‘¹
1805 1617 2015 1668 δημιουργοῦ
2031 1616 2167 1668 ἔχοντα.
2186 1616 2375 1661 Ἀπόδειξιν

1352 1676 1458 1713 ἔδωκε
1478 1680 1537 1714 τοῦ
1557 1678 1748 1722 ἀναστῆναι
1778 1677 1880 1714 αὐτὸν
1900 1679 1938 1714 ἐκ
1966 1679 2095 1728 νεκρῶν
2115 1676 2159 1714 τὰ
2194 1677 2374 1729 εἰρημένα.

1353 1736 1634 1787 Μετανοήσωμεν
1655 1731 1731 1774 οὖν·
1753 1737 1893 1780 πάντως
1908 1735 1975 1788 γὰρ
1998 1740 2157 1788 κριθῆναι
2181 1738 2242 1775 δεῖ.
2259 1739 2304 1775 Εἰ
2326 1737 2374 1788 μὴ

1353 1796 1477 1844 ἀνέστη
1498 1801 1515 1835 ὁ
1536 1798 1686 1850 Χριστὸς
1699 1827 1708 1845 ,
1729 1798 1766 1834 οὗ
1785 1797 1993 1850 κρινόμεθα·
2014 1799 2044 1835 εἷ
2061 1797 2097 1836 δὲ
2116 1797 2242 1844 ἀνέστη
2257 1829 2267 1846 ,
2287 1799 2375 1836 πάν-

1352 1873 1419 1901 τως
1437 1858 1636 1910 κρινόμεθα.
1658 1860 1720 1902 Εἰς
1737 1861 1839 1896 τοῦτο
1858 1857 1925 1910 γὰρ
1944 1857 2003 1895 καὶ
2029 1858 2211 1905 ἀπέθανεν,
2231 1857 2287 1896 ἵνα
2315 1859 2373 1896 καὶ

1351 1923 1481 1972 νεκρῶν
1500 1920 1560 1958 καὶ
1580 1919 1717 1965 ζώντων
1737 1919 1920 1972 κυριεύσῃ,
1937 1919 2022 1973 φησί
2033 1935 2041 1943 ·
2059 1919 2117 1957 καὶ
2135 1921 2240 1958 πάλιν
2254 1935 2261 1943 ·
2276 1920 2375 1958 Πάν·

1351 1996 1406 2024 τες
1424 1981 1491 2035 γὰρ
1505 1980 1802 2034 παραστησόμεθα
1819 1982 1870 2030 τῷ
1888 1979 2021 2031 βήματι
2041 1984 2100 2018 τοῦ
2120 1981 2273 2031 Χριστοῦ
2287 2009 2296 2027 ,
2317 1981 2372 2018 ἵνα

1350 2042 1493 2086 ἕκαστος
1521 2042 1711 2093 κομίσηται
1734 2041 1821 2093 πρὸς
1842 2041 1864 2078 ἃ
1889 2040 2027 2093 ἔπραξε.
2056 2041 2118 2088 Μὴ
2140 2040 2180 2087 δὴ
2207 2041 2372 2090 νομίσητε

1349 2102 1490 2155 ῥήματα
1507 2104 1609 2155 μόνον
1629 2097 1715 2141 εἶναι
1729 2107 1855 2140 ταῦτα·
1875 2102 1947 2140 ἰδοὺ
1963 2102 2094 2140 καὶτὸν
2111 2102 2191 2154 περὶ
2207 2106 2268 2148 τῆς
2288 2104 2371 2140 ἀνα-

1349 2163 1502 2207 στάσεως
1520 2167 1588 2201 τῶν
1604 2164 1742 2202 πάντων
1769 2163 1933 2214 εἰσήγαγε
1962 2161 2079 2214 λόγον·
2097 2163 2134 2201 οὐ
2164 2162 2230 2214 γὰρ
2258 2163 2370 2207 ἄλλως

1348 2223 1501 2275 κρίνεται
1521 2229 1542 2271 ἡ
1564 2224 1759 2274 οἰκουμένη.
1778 2223 1847 2261 Καὶ
1878 2224 1935 2270 τὸ,
1967 2223 2177 2270 Ἀναστήσας
2205 2225 2240 2262 δὲ
2267 2224 2367 2262 αὐτὸν

1347 2287 1386 2322 ἐκ
1407 2288 1550 2336 νεκρῶν,
1567 2284 1646 2336 περὶ
1668 2284 1828 2333 σώματός
1848 2287 1939 2322 ἐστιν
1963 2285 2143 2336 εἰρημένον
2159 2301 2166 2308 ·
2185 2289 2286 2323 τοῦτο
2301 2285 2368 2338 γὰρ

1347 2345 1406 2383 καὶ
1428 2345 1560 2396 νεκρὸν,
1582 2349 1683 2382 τοῦτο
1703 2345 1762 2382 καὶ
1782 2344 1958 2382 πέπτωκε.
1974 2345 2079 2397 Παρὰ
2094 2344 2265 2391 εἛλλησιν
2291 2347 2367 2384 ὥσ-

1347 2421 1412 2458 περ
1437 2406 1480 2444 τὰ
1509 2408 1570 2451 τῆς
1601 2405 1842 2456 δημιουργίας,
1859 2403 1946 2441 οὕτω
1971 2405 2030 2442 καὶ
2063 2405 2108 2442 τὰ
2134 2408 2195 2451 τῆς
2223 2406 2367 2458 κρίσεως

1348 2470 1531 2505 ἀθετεῖται.
1551 2468 1673 2504 Ταῦτα
1689 2466 1724 2503 δὲ
1753 2465 1888 2503 παίδων
1912 2465 2114 2517 εὑρήματα,
2130 2467 2189 2504 καὶ
2217 2468 2363 2517 μεθυόν-

1347 2544 1414 2566 των
1430 2527 1618 2580 ἀνθρώπων
1634 2526 1738 2565 ἐστίν.
1753 2526 1846 2565 Ἀλλ’
1860 2530 1961 2576 ἡμεῖς
1976 2530 2007 2564 οἱ
2022 2543 2064 2565 πε
2071 2527 2102 2578 pt
2121 2527 2251 2565 τούτων
2267 2532 2366 2583 ἀκρι-

1348 2589 1416 2632 ὃῶς
1430 2588 1571 2636 εἰδότες,
1588 2586 1795 2639 πράττωμέν
1812 2603 1846 2624 τι
1862 2590 1930 2624 τῶν
1943 2586 2164 2639 ι’χρησίμωῃ
2181 2589 2241 2626 καὶ
2260 2605 2365 2627 σπου-

1348 2650 1503 2701 δάζωμεν
1518 2650 1737 2693 οἷκειωθῆναι
1753 2650 1802 2699 τῷ
1817 2649 1973 2700 Χριστῷ.
1988 2649 2107 2702 Μέχρι
2121 2649 2205 2687 πότε
2223 2651 2365 2702 ἐχθραί-

1346 2727 1447 2761 νομεν
1486 2710 1572 2764 πρὸς
1608 2709 1728 2756 αὖτόν;
1767 2709 1870 2761 μέχρι
1899 2709 1983 2747 πότε
2017 2711 2103 2761 πρὸς
2123 2711 2225 2748 αὐτὸν
2250 2712 2365 2758 ἀηδῶς

1346 2772 1492 2824 ἔχομεν;
1508 2771 1569 2817 Μὴ
1604 2770 1754 2821 γένοιτο,
1774 2770 1859 2821 φησί
1873 2786 1880 2793 ·
1911 2769 1945 2808 τί
1981 2774 2092 2808 ταῦτα
2123 2771 2254 2822 λέγεις;
2287 2773 2363 2810 Οὖκ

1346 2833 1537 2883 ἐδουλόμην
1552 2835 1661 2869 ταῦτα
1676 2830 1802 2881 λέγειν,
1813 2833 1841 2868 εἰ
1855 2829 1903 2881 μὴ
1919 2834 2027 2868 ταῦτα
2043 2831 2232 2882 ἐπράττετε
2247 2834 2345 2882 ὑμεῖς
2357 2848 2364 2856 ·

1346 2893 1418 2931 νυνὶ
1439 2892 1474 2930 δὲ
1489 2892 1523 2929 τί
1542 2892 1580 2929 τὸ
1596 2891 1714 2943 κέρδος
1733 2893 1795 2936 τ’ἧς
1814 2893 1882 2928 τῶν
1900 2889 2012 2941 λόγων
2038 2894 2154 2941 σιγῆς,
2176 2895 2245 2929 τῶν
2265 2908 2362 2944 πρα-

1346 2955 1487 3006 γμάτων
1505 2953 1593 2991 οὕτω
1610 2952 1768 3003 βοώντων
1785 2951 1873 3001 μετὰ
1890 2951 2004 2998 πάσης
2022 2953 2263 3004 περιφανείας,
2279 2955 2363 2998 Πῶς

1346 3009 1402 3054 οὖν
1436 3014 1536 3052 αὐτὸν
1565 3013 1774 3065 φιλήσομεν;
1805 3005 1912 3049 Εἶπον
1951 3012 2012 3061 μὲν
2046 3013 2206 3063 μυριάκις
2236 3016 2360 3067 μυρία,

1344 3079 1485 3128 ἐροῦμεν
1507 3075 1542 3113 δὲ
1561 3074 1620 3112 καὶ
1647 3078 1716 3111 νῦν.
1733 3072 1871 3124 Τρόπον
1894 3071 1954 3109 ἕνα
1977 3074 2159 3125 εὑρηκέναι
2182 3091 2240 3125 μοι
2265 3077 2354 3115 δοχῶ

1342 3137 1429 3175 πολὺ
1447 3136 1554 3186 μέγαν
1575 3134 1634 3172 καὶ
1654 3131 1864 3183 Θαυμαστόν·
1881 3131 1967 3182 μετὰ
1988 3137 2047 3171 τοῦ
2075 3134 2119 3172 τὰ
2142 3138 2239 3188 κοινῇ
2268 3138 2361 3188 γινό-

1399 3275 1412 3290 ⁸¹
1445 3265 1537 3297 Unus
1565 3265 1623 3305 [B.
1641 3263 1696 3305 C.]
1719 3265 1897 3307 δημιουργοῦ
1922 3267 2007 3305 ἔχειν.
2035 3269 2184 3298 τουτέστιν
2214 3268 2358 3305 ἀπόδειξιν

1353 3319 1442 3350 ἔδωκε
1462 3321 1497 3349 τὸ
1518 3321 1677 3352 ἀναστῆναι
1695 3317 1782 3348 αὐτὸν
1799 3318 1829 3346 ἐκ
1847 3323 1966 3359 νεκρῶν.
1982 3329 2089 3357 μετ-αν.

1394 3368 1409 3391 b
1434 3366 1527 3401 Idem
1544 3372 1711 3413 xpnct'stmv'
1730 3371 1924 3409 οἱκεῑωθώμ-ῑν
1938 3375 1978 3410 τῷ
1997 3372 2062 3410 θεῷ.
2081 3371 2183 3413 μέχρι.
