2502 3810
131 313 305 343 Psal.1o3.

135 351 181 381 18.
207 362 253 391 ¹7·

129 568 176 594 lb.
194 577 220 593 v.
246 573 293 593 12.

132 615 178 634 ll.

128 743 225 770 Iid.v.
249 740 293 769 15.

127 931 173 959 Ib.
203 941 229 959 v.
247 939 297 968 25.

127 1112 173 1139 lb.
192 1122 219 1138 v.
242 1107 288 1149 14.

126 1239 173 1266 lb.
191 1248 218 1265 v.
244 1238 298 1273 19?

126 1351 215 1379 Psal.
225 1349 311 1386 324).

127 1530 240 1569 Il1.48.
262 1531 308 1561 16.

129 1656 306 1692 Ib.1o2.t4.

125 1715 307 1754 Ib.1o3.29.

126 1836 208 1863 Μία.
228 1835 257 1865 8.
279 1833 308 1862 6.

129 2018 145 2044 I
147 2019 162 2043 h
167 2017 198 2044 id
203 2038 209 2044 .

131 2076 216 2105 Psal.
246 2083 312 2103 102.

133 2118 178 2147 13.

128 2256 173 2287 lh.
198 2254 264 2294 114.
285 2266 315 2293 7.

132 2378 212 2404 llml.
229 2378 274 2407 18.
287 2386 315 2404 2.

134 2573 210 2600 llud.
230 2583 257 2600 v.
276 2571 305 2610 4.

135 2741 181 2768 Ιίι.
210 2738 316 2769 (03.6.

337 207 423 251 800
792 218 828 247 s.
867 215 1050 247 JOANMS
1086 213 1325 244 CHRYSOST.

334 303 383 339 rei
416 309 552 338 montes
582 299 651 336 sint
681 298 794 345 utiles,
827 296 1012 348 respondet
1035 295 1100 332 tibi
1121 312 1128 332 :
1158 296 1312 331 ,Montes

332 361 473 399 excelsi
484 362 618 396 cervis.
638 357 685 395 Et
700 371 763 394 cur
777 366 884 408 petrae
899 356 980 401 sint,
995 355 1084 392 dicit
1098 354 1178 402 tibi,
1192 356 1311 391 Petra

330 422 520 472 refugium
540 417 836 469 choerogrylliis
866 425 903 454 et
931 417 1126 453 erinaciis.
1156 414 1229 451 Cur
1243 413 1313 451 sint

331 481 558 516 infructuosae
583 477 725 514 arbores
745 476 841 514 disce
858 492 865 512 τ
884 476 975 513 Illic
988 488 1163 526 passeres
1183 474 1312 526 nidifi-

329 542 482 577 eahunt.
499 539 569 576 Cur
579 538 615 575 in
625 537 773 575 desertis
788 537 898 574 sontes
913 536 930 573 9
943 538 1004 572 Ibi
1024 535 1212 572 volatilia
1227 535 1313 571 caeli

328 601 575 645 habitabunt,
604 607 641 636 et
660 600 788 636 bestice
813 599 911 648 agri.
947 595 1005 634 Ad
1038 595 1124 646 quid
1156 594 1311 633 vinum?

328 661 406 697 Non
430 669 568 697 tantum
582 668 620 696 ut
637 659 757 707 bibas,
778 671 860 695 113111
879 657 925 694 ad
944 656 981 694 id
999 656 1081 694 satis
1091 664 1189 709 (esset
1204 669 1309 705 aqua,

326 720 388 758 scd
402 729 440 757 ut
458 719 648 758 laetificeris
664 728 698 757 et
715 718 855 770 placide
870 732 953 769 agas
969 733 976 753 :
992 730 1076 754 nam
1092 717 1234 753 Vinum
1251 716 1313 752 Zae-

327 782 451 834 tificat
481 794 546 818 cor
579 782 757 818 hominis.
778 781 832 817 Ita
853 778 978 816 doctus
1008 777 1096 814 scies
1130 790 1313 826 quousque

327 843 410 881 vino
422 842 473 879 uti
484 841 623 879 debeas.
642 841 746 879 Unde
759 840 899 877 alantur
916 837 1093 887 volatilia,
1111 846 1146 874 et
1160 846 1312 887 agrestes

326 904 406 941 ferae
424 903 440 940 9
460 901 594 940 Audies
609 902 787 939 dicentem
803 916 810 936 :
832 902 973 938 Omnia
988 913 1012 936 a
1028 907 1063 935 te
1075 905 1312 949 exspectant,

327 973 368 1002 ut
395 965 460 1001 des
480 964 561 1001 illis
587 977 715 1000 escam
746 965 787 998 in
816 970 995 1012 tempore.
1022 959 1061 997 Si
1093 958 1244 1006 dixeris,
1267 956 1312 994 ad

326 1025 415 1075 quid
428 1024 607 1076 jumenta?
625 1021 813 1075 respondet
827 1021 894 1059 tibi
908 1021 983 1058 11ωο
1000 1019 1105 1057 etiam
1120 1027 1267 1070 propter
1282 1026 1313 1054 te

325 1086 414 1123 facta
427 1099 521 1123 esse:
537 1086 612 1135 Qui
625 1085 814 1136 producit,
827 1082 955 1132 inquit,
965 1082 1152 1132 jumentis
1163 1081 1313 1131 faenum

328 1157 362 1185 et
396 1149 556 1184 herbam
584 1148 759 1184 servituti
779 1147 992 1182 hominum.
1017 1142 1189 1188 Quaenam
1218 1141 1311 1177 lunae

327 1207 493 1245 utilitas?
516 1206 613 1244 Audi
636 1206 740 1243 illum
761 1205 950 1251 dicentem,
977 1204 1088 1240 Fecit
1112 1202 1246 1238 lunam
1271 1202 1313 1236 in

330 1278 511 1319 tempora.
533 1266 580 1304 Et
600 1266 697 1317 quod
721 1265 839 1303 omnia
868 1263 1004 1310 fecerit,
1034 1262 1109 1300 sive
1137 1261 1309 1309 visibilia,

327 1329 402 1367 sive
422 1328 632 1373 invisibilia,
666 1328 758 1365 clare
785 1326 908 1364 docuit
931 1325 1074 1362 dicens:
1100 1325 1185 1374 Ipse
1214 1324 1313 1359 dixit

326 1393 491 1442 etfacta
519 1398 630 1433 szctzt,·
651 1392 729 1439 ipse
755 1388 969 1431 mandavit,
992 1395 1028 1422 et
1055 1393 1187 1422 creata
1206 1391 1310 1420 sunt.

327 1452 373 1489 Et
393 1450 489 1501 quod
509 1450 616 1487 etiam
633 1449 757 1486 mortis
787 1447 916 1485 solutio
943 1447 1062 1483 futura
1088 1445 1148 1491 sit,
1167 1443 1259 1481 illud
1281 1453 1314 1480 te

325 1512 425 1549 docet
444 1511 586 1549 dicens:
608 1511 714 1547 Deus
738 1510 899 1546 redimet
917 1510 1091 1544 animam
1119 1519 1244 1542 meam
1269 1505 1316 1541 de

325 1587 442 1610 mann
454 1572 586 1623 inferi,
606 1584 693 1607 cum
705 1571 895 1620 acceperit
911 1582 980 1605 me.
996 1566 1102 1605 Unde
1115 1565 1216 1602 nobis
1237 1578 1315 1601 cor-

324 1635 416 1686 pus‘.3
437 1635 479 1671 Et
494 1633 560 1671 hoc
574 1632 676 1681 dicit,
698 1631 935 1669 Recordatns
952 1637 1007 1666 est
1023 1630 1209 1679 quoniam
1222 1626 1311 1677 pul-

327 1698 380 1732 vis
414 1708 559 1732 sumus.
590 1693 670 1738 Quo
702 1691 847 1728 demum
876 1689 980 1726 311119
1011 1690 1238 1725 Revertelur
1275 1689 1316 1723 in

321 1756 518 1806 pulverem
540 1767 666 1792 suum.
706 1753 779 1790 Cur
806 1751 883 1788 11ωο
907 1749 1053 1787 omnia?
1076 1749 1226 1799 Propter
1256 1756 1314 1783 te:

328 1816 465 1854 Gloria
480 1824 514 1853 et
532 1817 675 1853 honore
690 1814 886 1851 coronasti
903 1825 1006 1860 eum,
1029 1819 1065 1847 et
1083 1810 1318 1858 constituisti

325 1892 411 1914 eam
445 1890 558 1928 snper
593 1890 708 1927 opera
744 1887 931 1911 manuum
960 1881 1129 1909 tuarum.
1168 1872 1221 1907 An
1254 1883 1317 1906 nos

324 1937 486 1975 homines
502 1936 590 1986 quid
604 1949 790 1973 commune
802 1934 974 1971 habemus
996 1946 1077 1969 cum
1094 1929 1253 1981 angelis?
1270 1930 1317 1967 Et

329 1999 396 2036 hoe
412 1998 507 2036 dixit
527 1998 575 2035 ita
595 1997 749 2049 psallens
768 2012 775 2032 :
800 1997 979 2033 Minuisti
999 2007 1085 2030 eum
1102 1992 1221 2043 paulo
1244 1993 1316 2027 mi-

330 2074 399 2098 nus
419 2062 468 2097 ab
504 2060 664 2111 angelis.
694 2059 748 2095 De
778 2055 970 2094 dilectione
994 2054 1059 2091 Dei
1083 2069 1090 2088 :
1118 2052 1317 2102 Quomodo

330 2124 529 2158 miseretur
546 2128 657 2171 pater
673 2119 869 2171 filiorum,
894 2119 1070 2153 misertus
1090 2122 1145 2150 est
1174 2114 1315 2151 Domi—

1363 211 1551 243 ARCHIEP
1561 234 1570 242 .
1609 211 1944 246 CONSTANTlxop
1953 236 1962 245 .

1385 291 1400 312 ¹⁷
1414 295 1566 344 σεισμῶν
1587 295 1803 346 ἐπιθυμήσῃς
1822 298 1941 345 μαθεῖν
1960 296 2062 334 πόθεν
2091 296 2259 346 γίνονται,
2282 297 2399 334 ἀπαλ-

1383 351 1479 395 λάξει
1499 369 1537 390 σε
1557 353 1671 401 πάσης
1692 353 1838 405 ἀπορίας
1850 383 1859 401 ,
1876 354 1966 392 οὕτω
1984 355 2093 406 λέγων
2111 372 2118 379 ·
2140 357 2184 394 ‘O
2203 356 2402 395 ἐπιῧλέπων

1383 413 1440 451 ἐπὶ
1457 413 1518 460 τὴν
1548 418 1627 466 γῆν,
1648 414 1707 452 καὶ
1734 417 1842 452 ποιῶν
1873 414 1977 462 αὐτὴν
1997 416 2148 467 τρέμειν.
2164 416 2237 454 Κᾶν
2255 419 2317 462 τῆς
2346 432 2403 453 νυ-

1383 474 1462 514 κτὸς
1483 474 1636 525 ζητήσῃς
1652 473 1715 520 τὴν
1735 474 1870 526 χρείαν,
1890 475 1950 513 καὶ
1965 476 2095 522 ταύτην
2116 476 2191 526 εἴσῃ
2205 478 2286 528 παρ’
2301 478 2402 514 αὐτοῦ

1386 534 1520 583 μαθὼν,
1541 534 1595 573 ὅτι
1615 535 1678 572 Ἐν
1709 538 1796 586 αὐτῇ
1828 535 2062 574 διελεύσονται
2084 536 2198 574 πάντα
2226 535 2270 573 τὰ
2302 536 2404 588 θηρία

1384 598 1443 632 τοῦ
1467 596 1609 646 δρυμοῦ.
1635 594 1702 633 Καὶ
1730 595 1774 633 τὰ
1805 597 1866 646 ὄρη
1896 599 1961 633 ποῦ
1982 596 2164 648 χρήσιμα,
2181 595 2406 647 ἀποκρίνεταί

1386 671 1458 693 σοι·
1470 655 1563 707 Ὄρη
1581 655 1624 693 τὰ
1638 656 1754 707 ὑψηλὰ
1770 662 1840 699 τοῖς
1857 657 2007 708 ἐλάφοις.
2024 658 2094 696 Καὶ
2108 657 2165 695 διὰ
2184 657 2218 695 τί
2233 660 2268 695 αἱ
2281 657 2407 708 πέτραι

1385 715 1479 767 λέγει
1507 732 1583 754 σοι·
1604 716 1725 768 Πέτρα
1750 717 1935 769 καταφυγὴ
1956 724 2026 760 τοῖς
2054 718 2326 770 χοιρογρυλλίοις
2347 717 2406 755 καὶ

1386 782 1455 819 τοῖς
1474 780 1634 828 λαγωοῖς.
1650 776 1719 814 Διὰ
1735 777 1770 814 τί
1798 777 1842 814 τὰ
1858 778 2002 830 ἄκαρπα
2022 779 2161 831 δένδρα,
2183 779 2269 829 μάθε
2281 794 2288 802 ·
2310 778 2407 816 Ἐκεῖ

1386 837 1552 887 στρουθία
1586 837 1857 875 ἐννοσσεύσουσι.
1884 838 1952 875 Διὰ
1977 838 2012 875 τί
2040 841 2073 876 ἐν
2106 839 2247 891 ἐρήμοις
2276 838 2407 888 πηγαί;

1386 897 1467 936 Ἐπ’
1485 897 1575 936 αὐτὰ
1594 897 1638 935 τὰ
1657 898 1798 935 πετεινὰ
1810 903 1868 936 τοῦ
1885 901 2027 950 οὐρανοῦ
2049 899 2332 946 κατασκηνώσει,
2350 898 2408 936 καὶ

1386 958 1429 996 τὰ
1449 958 1553 1012 θηρία
1586 963 1645 996 τοῦ
1667 961 1788 1011 ἀγροῦ.
1811 959 1877 997 Διὰ
1911 959 1945 996 τί
1979 953 2089 1005 οἷνος;
2116 962 2196 1011 Οὐχ
2226 959 2282 996 ἵνα
2307 959 2409 1010 πίνῃς

1387 1019 1502 1069 μόνον,
1514 1020 1589 1057 ἐπεὶ
1605 1019 1705 1071 ἤρκει
1720 1019 1779 1057 καὶ
1793 1023 1814 1065 ἡ
1829 1023 1887 1057 τοῦ
1899 1019 2020 1062 ὕδατος
2032 1019 2152 1072 φύσις,
2164 1019 2241 1057 ἀλλ’
2256 1019 2312 1057 ἵνα
2328 1019 2409 1056 εκαὶ

1386 1081 1577 1132 εὖφρανθῇς
1612 1080 1671 1118 καὶ
1703 1083 1812 1131 ἡσθῇς
1827 1096 1834 1103 ·
1856 1074 1959 1123 Οἷνος
1977 1080 2044 1131 γὰρ
2061 1080 2236 1132 εὐφραίνει
2264 1079 2408 1131 καρδίαν

1387 1141 1580 1192 ἀνθρώπου.
1597 1143 1712 1179 Τοῦτο
1738 1140 1773 1178 δὲ
1800 1141 1931 1191 μαθὼν,
1955 1141 2030 1192 εἴσῃ
2053 1141 2111 1179 καὶ
2136 1141 2240 1192 μέχρι
2268 1144 2333 1179 ποῦ
2360 1143 2410 1192 τῷ

1386 1201 1467 1253 οἴνῳ
1497 1205 1690 1253 κεχρῆσθαι
1710 1202 1771 1239 δεῖ.
1793 1201 1906 1239 Πόθεν
1926 1201 2088 1253 τρέφεται
2109 1201 2152 1239 τὰ
2170 1201 2331 1248 πετεινὰ,
2351 1202 2410 1238 καὶ

1409 1263 1417 1275 ἱ
1452 1262 1466 1275 ⁴(
1653 1262 1661 1275 Ι
1724 1263 1733 1275 2
1814 1261 1822 1275 Ῑ
1934 1263 1941 1275 Ι
2160 1262 2168 1275 Ι

1385 1279 1425 1301 το
1444 1277 1549 1314 αγρια
1583 1266 1704 1313 θηρια;
1731 1265 1871 1312 Ακουσῃ
1903 1264 2078 1312 λεγοντος·
2110 1264 2234 1300 Παντα
2255 1262 2340 1314 πρὸς
2373 1260 2410 1299 σὲ

1389 1323 1612 1373 προσδοκῶσι
1635 1323 1750 1359 δοῦναι
1769 1322 1831 1368 τὴν
1858 1322 1987 1375 τροφὴν
2009 1322 2150 1364 ᾱαύτοῖς
2173 1325 2220 1365 εἷς
2239 1322 2409 1375 εὔκαιρον.

1389 1382 1464 1420 Κᾶν
1486 1382 1606 1434 εἴπῃς,
1629 1382 1686 1420 διὰ
1714 1382 1748 1419 τί
1781 1381 1827 1420 τὰ
1852 1382 1979 1428 κτήνης
2010 1382 2238 1434 ἀποκρί-ῖταί
2267 1398 2341 1429 σοι,
2359 1382 2412 1419 ὅτι

1388 1444 1447 1481 καὶ
1466 1448 1577 1481 ταῦτα
1596 1443 1652 1481 διὰ
1675 1442 1732 1480 σε’·
1748 1443 1792 1480 ‘O
1810 1441 2047 1485 ἐξανατέλλων
2066 1441 2132 1493 γὰρ
2145 1470 2153 1487 ,
2168 1442 2270 1494 φησὶ,
2288 1442 2411 1494 χόρτον

1388 1510 1457 1547 τοῖς
1474 1504 1636 1550 κτήνεσι,
1654 1503 1713 1541 καὶ
1729 1502 1837 1554 χλόην
1852 1505 1895 1553 τῇ
1913 1503 2049 1556 δουλείᾳ
2063 1505 2131 1540 τῶν
2149 1502 2352 1556 ἀνθρώπων.
2366 1503 2413 1541 Τί

1389 1568 1451 1610 τῆς
1484 1565 1631 1611 σελήνης
1667 1581 1721 1602 σοι
1755 1563 1879 1615 χρεία,
1907 1563 2072 1602 Ἄκουσον
2103 1566 2206 1602 αὐτοῦ
2237 1564 2411 1615 λέγοντος·

1391 1626 1562 1672 Ἐποίησε
1574 1625 1723 1672 σελήνην
1741 1627 1787 1667 εἷς
1804 1624 1956 1678 καιρούς.
1974 1624 2044 1662 Καὶ
2059 1624 2110 1662 ὅτι
2130 1625 2272 1672 ἐποίησε
2287 1625 2414 1676 γενητὰ

1391 1686 1507 1724 πάντα
1527 1686 1571 1723 τὰ
1587 1685 1748 1737 ὁρώμενα
1779 1685 1839 1723 καὶ
1862 1685 1907 1723 τὰ
1940 1684 1988 1735 μὴ
2018 1685 2196 1737 ὁρώμενα,
2219 1686 2283 1723 καί
2313 1690 2413 1723 τοῦτο

1391 1749 1510 1799 σαφῶς
1529 1746 1678 1790 ἐδίδαξεν
1700 1746 1805 1784 εἰπών
1819 1762 1826 1769 ·
1847 1746 1956 1789 Αὐτὸς
1984 1740 2079 1793 εἶπε,
2100 1750 2159 1785 καὶ
2179 1747 2410 1798 ἐγενήθησαν·

1393 1808 1494 1852 αὐτὸς
1520 1808 1734 1855 ἐνετείλατο,
1754 1807 1813 1846 καὶ
1847 1807 2066 1854 ἐκτίσθησαν.
2088 1808 2158 1846 Καὶ
2186 1808 2237 1846 ὅτι
2269 1808 2414 1847 θανάτου

1391 1869 1489 1911 λύσις
1508 1869 1626 1915 ἔσται,
1647 1868 1706 1906 καὶ
1734 1868 1837 1907 τοῦτό
1858 1884 1895 1906 σε
1927 1868 2082 1907 διδάσκει
2107 1869 2239 1921 λέγων·
2262 1869 2305 1908 Ὁ
2326 1869 2414 1913 Θεὸς

1391 1929 1608 1983 λυτρώσεται
1647 1929 1710 1976 την
1743 1929 1859 1981 ψυχήν
1894 1944 1959 1980 μου
1994 1932 2032 1968 ἐκ
2062 1930 2178 1981 χειρὸς
2210 1930 2291 1981 ᾅδου
2304 1961 2313 1977 ,
2332 1930 2414 1968 ὅταν

1391 1991 1555 2042 λαμὲάνῃ
1579 2007 1633 2040 με.
1653 1991 1765 2029 Πόθεν
1786 1991 1825 2028 τὸ
1844 1994 1947 2041 σῶμα
1973 1995 2058 2041 ἡμῖν
2084 1990 2218 2042 γέγονε,
2239 1991 2298 2029 καὶ
2314 1997 2415 2031 τοῦτο

1391 2053 1505 2103 λέγει·
1526 2051 1709 2102 Ἐμνήσθη
1727 2050 1780 2088 ὅτι
1799 2056 1882 2103 χοῦς
1901 2054 2017 2102 ἐσμεν.
2038 2053 2113 2089 Ποῦ
2136 2052 2240 2090 πάλιν
2260 2053 2414 2105 ἀπέρχε-

1391 2129 1466 2159 ται;
1490 2112 1716 2165 Ἐπιστρέψει
1741 2114 1788 2152 εἷς
1819 2113 1875 2150 τὸν
1895 2116 1977 2164 χοῦν
2010 2114 2124 2150 αὐτοῦ.
2142 2113 2210 2151 Διὰ
2243 2113 2276 2150 τί
2306 2119 2414 2152 ταῦτα

1331 2160 1378 2183 7¹23

331 2196 401 2219 nus
422 2183 636 2219 timentium
653 2194 704 2217 se.
726 2181 778 2217 De
794 2178 851 2227 iis,
876 2192 953 2227 quae
973 2185 1052 2228 post
1070 2175 1147 2212 haec
1167 2188 1231 2211 nos
1250 2188 1313 2211 ex·
1340 2179 1365 2225 Ᾰ
1392 2175 1527 2221 πάντα,
1549 2173 1616 2210 Διὰ
1638 2173 1677 2211 σέ
1692 2189 1699 2196 ·
1721 2173 1811 2223 Δόξῃ
1835 2173 1903 2227 γὰρ
1919 2173 1978 2211 καὶ
1992 2177 2076 2223 τιμῆ
2098 2174 2338 2226 ἐστεφάνωσας
2355 2175 2415 2212 αὖ-

330 2251 475 2294 ceptura
497 2241 581 2288 sint,
603 2250 636 2278 et
655 2240 698 2277 de
717 2238 909 2289 tranquilla
929 2246 1021 2274 sorte
1040 2235 1100 2272 illa
1117 2251 1125 2271 ε
1151 2236 1316 2272 Conver-

329 2313 421 2349 tere,
442 2303 571 2352 inquit,
592 2304 726 2339 anima
746 2314 831 2337 mea
851 2302 892 2335 in
914 2300 1082 2349 requiem
1099 2305 1219 2333 tuam.
1243 2296 1316 2332 Cur

331 2364 418 2401 adeo
454 2377 623 2414 magnum
651 2371 703 2399 cst
732 2360 890 2398 melum?
919 2359 992 2396 Hoc
1027 2371 1167 2407 quoque
1196 2356 1288 2393 dicet
1307 2370 1314 2377 ·

334 2426 431 2464 Caeli
449 2432 635 2461 enarrant
657 2423 822 2474 gloriam
843 2422 930 2458 Dei.
961 2419 1017 2457 Ad
1035 2417 1124 2468 quid
1153 2418 1243 2454 facta
1267 2424 1318 2453 est

332 2500 403 2524 nox
424 2495 457 2523 et
481 2485 587 2522 dies?
617 2485 695 2522 Non
715 2492 753 2519 ut
773 2482 834 2518 1113
862 2482 990 2529 luceat,
1013 2488 1047 2517 et
1066 2479 1141 2516 haec
1160 2477 1316 2528 quietem

333 2548 391 2585 det
412 2556 561 2595 tantum,
579 2545 639 2583 sed
667 2554 705 2582 ut
725 2558 786 2582 1105
807 2543 1017 2580 instituant:
1039 2542 1129 2579 ,Non
1149 2548 1238 2577 sunt
1263 2539 1318 2576 lo-

334 2610 457 2661 queloe
473 2621 594 2659 neque
610 2619 816 2651 sermones,
838 2617 999 2656 qnorum
1013 2616 1090 2639 non
1105 2602 1322 2638 audiantur

333 2684 445 2708 voces
466 2682 609 2707 eorum.
630 2665 818 2713 Quomodo
838 2679 934 2702 mare
956 2661 1152 2701 circumdet
1171 2660 1319 2698 terram?

336 2734 518 2781 Abyssus
539 2735 637 2770 sicat
656 2732 932 2768 vestimentum
952 2729 1117 2765 amictus
1139 2727 1220 2777 ejus
1239 2740 1248 2759 .·
1274 2724 1322 2761 113

334 2793 511 2844 siquidem
532 2790 748 2830 Hebraicum
764 2789 885 2827 habet.

381 3275 394 3296 ¹¹
422 3273 514 3305 Idem
534 3283 656 3314 σεισμῶν
676 3276 758 3309 θεας
780 3275 895 3314 μαθεῖν.
911 3270 977 3312 [Sic
995 3277 1027 3302 et
1050 3271 1085 3303 Α.
1105 3276 1136 3301 ct
1153 3279 1257 3312 marg.
1279 3268 1340 3301 Sa-

337 3325 409 3366 vit]

381 3386 392 3399 ε
418 3376 490 3416 [καί
505 3375 597 3407 abest
619 3375 660 3407 al)
678 3375 730 3415 A]

1391 2236 1461 2283 τὸν,
1479 2235 1538 2273 καὶ
1566 2234 1784 2280 κατέστησας
1806 2234 1907 2271 αὐτὸν
1939 2234 1995 2271 ἐπὶ
2021 2235 2063 2271 τὰ
2089 2233 2174 2285 ἔργα
2192 2237 2259 2271 τῶν
2287 2239 2413 2286 χειρῶν

1392 2312 1464 2334 σου.
1480 2297 1525 2333 1Ξῖ
1544 2294 1669 2346 ἔχομέν
1697 2310 1728 2331 τι
1755 2294 1868 2332 κοινὸν
1897 2294 1981 2345 πρὸς
2000 2293 2078 2336 τοὺς
2104 2293 2270 2345 ἀγγέλους
2301 2298 2332 2332 οἱ
2352 2295 2412 2332 ἄν-

1392 2360 1542 2408 θρωποι,
1562 2355 1632 2393 Καὶ
1650 2359 1750 2392 τοῦτο
1768 2355 1862 2405 λέγει
1879 2355 2020 2405 ψάλλων
2037 2353 2143 2397 οὕτως
2159 2370 2166 2377 ·
2187 2354 2415 2400 Ἤλοίττωσας

1392 2418 1493 2454 αὐτὸν
1517 2415 1628 2467 βραχύ
1649 2431 1681 2452 τι
1697 2417 1780 2467 παρ’
1805 2414 1982 2465 ἀγγέλους.
2002 2414 2092 2466 Περὶ
2116 2418 2178 2461 τ’ῆς
2199 2416 2338 2465 ἀγάπης
2355 2421 2415 2455 τοῦ

1392 2480 1503 2517 Θεοῦ·
1526 2476 1651 2518 Καθὼς
1669 2475 1830 2528 οἷκτείρει
1852 2476 1970 2526 πατὴρ
1990 2475 2101 2523 υἱοὺς,
2120 2476 2313 2528 ᾠκτείρησε
2341 2477 2415 2516 Κύ-

1395 2554 1464 2590 ριος
1485 2536 1562 2580 τοὺς
1582 2531 1814 2588 φοὸουμένους
1843 2537 1954 2574 αὐτόν.
1976 2536 2065 2588 Περὶ
2092 2540 2159 2574 τῶν
2191 2537 2278 2586 μετὰ
2306 2542 2416 2576 ταῦτα

1394 2598 1642 2649 διαδεξομένων
1663 2602 1780 2647 ἡμᾶς,
1800 2597 1860 2635 καὶ
1885 2600 1948 2642 τῆς
1981 2597 2160 2650 ἀταράχου
2180 2598 2310 2645 λήξεως
2329 2600 2417 2638 ἐκεί·

1393 2676 1472 2707 νης·
1495 2659 1744 2711 Ἔπίστρεψον,
1767 2659 1850 2710 φησὶ
1865 2689 1874 2706 ,
1891 2658 1986 2710 ψυχή
2009 2674 2090 2709 μου,
2110 2661 2157 2701 εἷς
2178 2659 2240 2706 τὴν
2261 2660 2416 2698 ἀνάπαυ-

1394 2721 1446 2760 σίν
1472 2736 1544 2758 σου.
1564 2719 1632 2757 Διὰ
1659 2719 1694 2756 τί
1726 2719 1816 2757 οὕτω
1844 2719 1952 2771 μέγας
1986 2722 2003 2757 ὃ
2034 2720 2197 2771 οὗρανός;
2217 2721 2287 2759 Καὶ
2318 2726 2418 2761 τοῦτο

1395 2785 1484 2834 ἐρεῖ,
1504 2781 1556 2819 ὅτι
1576 2782 1622 2819 Οἱ
1650 2780 1788 2831 οὐρανοὶ
1820 2780 2020 2830 διηγοῦνται
2040 2780 2139 2824 δόξαν
2162 2783 2266 2819 Θεοῦ.
2288 2782 2356 2820 Διὰ
2382 2782 2417 2820 τί

1395 2843 1452 2887 νὺξ
1471 2842 1530 2880 καὶ
1556 2841 1671 2892 ἡμέρα
1693 2841 1849 2891 ἕγένετο;
1866 2842 1947 2892 Οὐχ
1978 2839 2034 2878 ἵνα
2064 2842 2211 2893 φαίνωσι
2241 2843 2300 2880 καὶ
2330 2845 2416 2881 ἀνα-

1394 2903 1532 2942 παύωσι
1553 2902 1667 2953 μόνον,
1686 2903 1762 2939 ἀλλ’
1779 2900 1836 2938 ἵνα
1855 2900 1913 2938 καὶ
1933 2901 2143 2939 παιδεύωσιν
2162 2917 2169 2924 ·
2191 2903 2244 2940 Οὖ
2264 2902 2330 2953 γάρ
2350 2906 2416 2941 εἰσι

1395 2964 1513 3004 λαλιαὶ
1528 2962 1605 3001 οὐδὲ
1619 2961 1736 3012 λόγοι,
1751 2955 1799 2999 ὧν
1817 2960 1894 3012 οὐχὶ
1911 2961 2095 2999 ἀκούονται
2110 2965 2145 2999 αἱ
2162 2962 2273 3013 φωναὶ
2291 2965 2416 3001 αὐτῶν.

1398 3027 1482 3067 Πῶς
1512 3027 1534 3070 ἡ
1571 3022 1729 3061 θάλασσα
1751 3021 1947 3073 περίκειται
1974 3024 2042 3072 ὃτῇ
2073 3025 2141 3072 γῇ;
2175 3021 2341 3066 Ἄὸυσσος
2372 3026 2418 3066 ὡς

1398 3086 1536 3137 ἱμάτιον
1558 3084 1597 3121 τὸ
1616 3082 1838 3135 περιὸόλαιον
1858 3082 1982 3128 <abt-”qq-
2004 3081 2094 3120 οὕτω
2124 3083 2189 3134 γὰρ
2210 3083 2248 3121 τὸ
2272 3083 2418 3136 Ἑὸραϊ-

1400 3147 1458 3185 κὸν
1476 3145 1558 3198 ἔχει.

1455 3266 1468 3284 ‘¹
1493 3265 1615 3306 [αὐτῶν
1633 3264 1668 3293 A.
1688 3269 1720 3293 et
1737 3271 1842 3303 marg.
1857 3261 1975 3303 Savil.]

1453 3329 1465 3343 ἶι
1491 3316 1586 3348 Idem
1612 3323 1648 3356 τῇ
1673 3322 1729 3356 γῇς
1753 3317 1801 3346 καὶ
1828 3320 1915 3347 τοῦτο
1938 3317 2046 3347 ἐκεῖθεν
2070 3319 2208 3359 ,anfi-dep·
2236 3318 2357 3352 ἀὲυσσος
2381 3319 2418 3352 ὡς

1408 3376 1524 3411 Ἴηυμ1ἰον
1540 3373 1571 3401 τὸ
1588 3368 1775 3410 περιὲἁλαιον
1790 3368 1888 3403 αὐτῆς,
1901 3368 1975 3400 οὕτω
1990 3371 2046 3409 γὰρ
2059 3372 2091 3400 τὸ
2108 3362 2253 3409 iisspm'w
2267 3371 2336 3409 ἔχει,
2352 3367 2418 3397 Hc-
