2466 3805
676 234 716 263 m
755 234 870 264 ACTA
906 229 1255 262 APOSTOLORQM.
1294 227 1449 258 nomm.
1490 227 1532 257 V.

68 317 208 372 φητείας
222 317 336 359 αὐτοῖς
353 314 586 366 διαλέγεσθαι·
603 319 703 354 τοῦτο
716 316 856 353 καὶτῶν
867 314 1084 366 πραγμάτων

69 382 181 417 αὐτῶν
206 377 439 429 ἰσχυρότερον.
469 378 607 424 Σημεῖα
631 375 698 427 γὰρ
718 380 893 419 ποιοῦντος
911 379 970 413 τοῦ
992 376 1084 426 Χρι-

69 444 168 486 στοῦ,
187 437 355 479 πολλάκις
383 435 580 487 ἀντέλεγον·
602 435 656 474 ὅτε
675 436 710 475 δὲ
728 436 785 474 τὸν
816 436 995 489 προφήτην
1016 451 1084 472 πα-

71 500 216 552 ρήγαγεν
251 499 363 540 αὐτοῖς
381 501 398 535 ὁ
416 497 566 548 Χριστὸς
593 496 755 549 λέγοντα,
788 491 893 535 Εἶπεν
914 500 931 534 ὁ
960 496 1085 547 Κύριος

68 562 117 611 τῷ
134 559 250 611 Κυρίῳ
272 574 336 609 μου
349 588 358 606 ,
375 558 480 596 κάθου
496 561 533 596 ἐκ
552 558 667 602 δεξιῶν
684 573 766 607 μου,
782 557 947 608 ἐσίγησαν
965 557 1084 603 οὕτως,

64 623 113 664 ὡς
134 619 267 671 μηδένα
287 620 408 657 λοιπὸν
435 621 577 671 ἰσχῦσαι
604 622 835 670 ἀποκριθῆναι
855 621 947 670 αὐτῷ
972 617 1084 668 λόγον.

71 681 139 718 Καὶ
159 682 337 731 πολλαχοῦ
358 681 427 716 τῶν
450 681 597 730 Γραφῶν
626 679 684 716 καὶ
709 679 807 721 αὐτὸς
832 678 1006 729 μέμνηται
1033 675 1086 713 λέ-

69 759 160 792 γων·
182 743 227 779 Εἰ
255 741 399 783 ἐκείνους
430 740 523 784 Θεοὺς
548 736 642 787 εἶπε,
673 741 758 793 πρὸς
783 739 840 782 οὒς
859 743 876 777 ὁ
896 739 996 789 λόγος
1028 740 1087 774 τοῦ

69 806 160 841 Θεοῦ
186 803 328 853 ἐγένετο.
357 803 501 839 Μᾶλλον
524 800 559 839 δὲ
579 805 760 851 πανταχοῦ
779 803 881 836 τοῦτο
912 798 1002 848 εὕροι
1033 812 1085 838 τις

69 864 121 901 ἄν.
146 863 214 900 Διὰ
242 867 342 900 τοῦτο
368 862 426 898 καὶ
453 860 602 899 ἐνταῦθά
621 875 743 911 φησιν·
765 859 905 909 Ἔκχεῶ
931 857 999 894 ἀπὸ
1025 859 1084 892 τοῦ

67 923 270 973 Πνεύματός
290 937 354 972 μου
372 921 428 959 ἐπὶ
446 928 561 958 πᾶσαν
581 919 712 971 σάρκα·
729 918 908 963 τουτέστι,
931 917 974 954 τὰ
994 916 1084 963 ἔθνη.

67 983 157 1020 Ἀλλ’
191 982 322 1020 οὐδέπω
353 980 609 1026 ἀποκαλύπτει,
647 978 722 1016 οὐδὲ
752 977 950 1029 ἑρμηνεύει·
984 975 1086 1014 Ῑόὗδὲ

66 1043 134 1096 γὰρ
153 1044 344 1095 συνέφερεν,
362 1042 436 1079 ἐπεὶ
455 1041 513 1078 καὶ
532 1044 632 1078 τοῦτο
656 1038 797 1090 ἀσαφές.
824 1038 936 1076 Δώσω
956 1038 1085 1090 τέρατα

68 1108 101 1142 ἐν
120 1107 169 1154 τῷ
190 1106 320 1155 οὐρανῷ
340 1103 423 1154 ἄνῳ.
440 1103 583 1139 Μᾶλλον
603 1100 670 1153 γὰρ
687 1099 806 1143 αὐτοὺς
823 1100 939 1152 ἐφόὸει
956 1099 1086 1151 ἀσαφὲς

65 1165 113 1203 ὅν.
136 1167 180 1202 Εἰ
198 1164 233 1201 δὲ
251 1163 467 1216 ἡρμήνευσε,
488 1163 618 1212 μᾶλλον
641 1161 680 1198 ἂν
697 1164 810 1205 αὐτοῖς
826 1161 884 1198 καὶ
898 1161 1083 1213 προσέστη.

66 1219 156 1263 Εἶτα
190 1225 249 1263 καὶ
280 1228 326 1267 ὣς
354 1226 456 1271 δῆλον
480 1222 649 1274 παρίησι,
680 1221 841 1269 τοιαύτην
879 1222 1085 1272 βουλόμενος

67 1288 181 1324 δοῦναι
203 1285 314 1329 δόξαν.
336 1285 472 1335 Ἀμέλει
491 1287 571 1335 γοῦν
597 1282 687 1332 μετὰ
705 1286 818 1320 ταῦτα
839 1284 954 1325 αὐτοῖς
970 1284 1084 1333 ἑρμη-

66 1347 181 1395 νεύει,
207 1346 265 1385 ὅτε
283 1346 362 1398 περὶ
393 1347 455 1391 τῆς
487 1343 706 1387 ἀναστάσεως
737 1346 849 1386 αὐτοῖς
870 1342 1084 1393 διαλέγεται·

66 1409 122 1446 ὅτε
135 1407 396 1461 προωδοποίησε
412 1409 461 1458 τῷ
477 1405 580 1458 λόγῳ.
601 1404 668 1443 Διὰ
684 1408 785 1442 τοῦτο
801 1403 888 1441 ἑκὼν
906 1404 1085 1455 παρίησιν,

67 1470 186 1515 ἐπειδὴ
221 1470 280 1507 οὐκ
308 1469 407 1521 ἤρκει
437 1467 481 1505 τὰ
511 1465 624 1518 ἀγαθὰ
660 1465 938 1504 ἐπισπάσασθαι·
972 1464 1086 1503 καίτοι

66 1534 166 1568 τοῦτο
185 1530 348 1568 οὐδέποτε
366 1528 515 1580 γέγονεν.
531 1527 654 1569 Οὐδεὶς
671 1526 737 1578 γὰρ
758 1526 836 1564 τότε
852 1525 1006 1576 διέφυγε·
1027 1529 1085 1562 νῦν

66 1591 102 1628 δὲ
124 1593 155 1628 οἱ
173 1589 290 1628 πιστοὶ
319 1588 475 1641 διέφυγον
503 1587 560 1625 ἐπὶ
583 1589 860 1625 Οὐεσπασιανοῦ.
889 1586 959 1624 Καὶ
986 1586 1087 1624 τοῦτό

66 1654 171 1699 ἐστιν,
188 1651 205 1690 δ
222 1651 313 1702 λέγει
330 1666 338 1674 ·
363 1652 408 1688 Εἰ
434 1650 481 1701 μὴ
502 1648 764 1695 ἕκολοὸώθησαν
792 1651 827 1686 αἱ
847 1648 977 1700 ἡμέραι
996 1650 1086 1686 ἐκεῖ-

66 1728 142 1759 ναι,
162 1713 224 1750 οὒκ
243 1712 283 1749 ἂν
304 1710 416 1757 ἐσώθη
441 1718 538 1749 πᾶσα
554 1709 650 1762 σάρξ.
670 1709 721 1747 Τὸ
738 1708 983 1761 χαλεπώτερον
1003 1709 1086 1761 πρό-

65 1788 162 1824 τερον
182 1773 319 1825 γέγονε·
345 1776 482 1824 πρῶτον
505 1771 572 1824 γὰρ
595 1770 721 1817 συνέὸη
741 1769 819 1813 τοὺς
838 1775 1086 1814 κατοικοῦντας

66 1835 197 1872 ἁλῶναι
209 1864 218 1881 ,
234 1833 293 1871 καὶ
308 1833 386 1871 τότε
400 1832 462 1880 τὴν
479 1831 579 1870 πόλιν
596 1833 863 1882 κατασκαφῆναι
876 1831 935 1868 καὶ
951 1832 1087 1882 ἐμπρη-

67 1897 200 1940 σθῆναι.
231 1887 321 1931 Εἶτα
355 1892 535 1943 ΰέπιμένει
571 1895 613 1943 τῆ
653 1898 852 1943 μεταφορᾷ,
889 1890 988 1941 ἐγγὺς
1024 1893 1086 1936 τῆς

65 1955 175 2006 &teme
189 1957 257 1991 τῶν
278 1955 455 2006 ἀκροατῶν
482 1953 575 2003 ἄγων
601 1951 665 1997 τὴν
685 1951 913 2002 κατασκαφὴν
937 1951 995 1988 καὶ
1022 1950 1083 1998 τὴν

66 2015 208 2052 ἅλωσιν.
228 2013 273 2051 ‘O
290 2013 386 2059 ἥλιος
408 2012 734 2065 μεταστραφήσεται
755 2014 801 2054 εἷς
823 2011 966 2059 σκότος,
986 2011 1044 2048 καὶ
1062 2015 1083 2058 ἡ

65 2075 192 2121 σελήνη
220 2076 266 2116 εἰς
299 2068 398 2123 αἷμα.
416 2072 432 2092 ‘¹
448 2072 494 2110 Τί
521 2075 626 2118 ἐστιν,
643 2074 689 2114 εἰς
711 2067 798 2122 αἷμα
816 2072 962 2118 σελήνην
983 2088 1085 2122 μετα-

66 2139 278 2187 στραφῆναι,
294 2136 396 2172 Δοκεῖ
422 2149 479 2184 μοι
500 2133 556 2170 διὰ
575 2133 694 2171 τούτου
715 2132 776 2179 τὴν
805 2131 999 2183 ὑπερὸολὴν
1027 2131 1085 2169 λέ-

65 2212 137 2247 γειν
163 2198 224 2241 τῆς
255 2198 406 2247 σφαγῆς,
437 2195 496 2232 καὶ
525 2195 656 2238 πολλῆς
679 2193 825 2244 ἀπορίας
844 2192 1004 2238 ἐπίτηδες
1027 2192 1084 2229 τὸν

66 2257 164 2307 λόγον
189 2258 383 2307 ἐμπιπλᾶν.
407 2254 478 2293 Καὶ
496 2255 612 2301 ἔσται,
632 2260 700 2296 πᾶς
720 2253 754 2296 ὃς
777 2252 816 2290 ἂν
834 2252 1084 2299 ἐπικαλέσηται

63 2317 102 2354 τὸ
121 2317 228 2367 ὄνομα
247 2315 389 2368 Κυρίου,
408 2316 427 2334 *
439 2315 646 2360 σωθήσεται.
664 2315 754 2360 Πᾶς,
776 2313 874 2365 φησὶ,
897 2312 961 2350 κᾶν
977 2313 1085 2367 ἱερεὺς

61 2372 85 2429 ῆ
111 2378 206 2425 (ἀλλ’
233 2377 368 2415 οὐδέπω
394 2373 671 2424 ἀποκαλύπτει),
696 2374 759 2411 κᾶν
778 2374 895 2417 δοῦλος
913 2368 955 2426 ἦ,
978 2374 1084 2426 φησὶ,

63 2438 126 2475 κᾶν
146 2437 329 2489 ἐλεύθερος.
349 2439 427 2475 Οὔκ
455 2438 558 2488 ἄρσεν
577 2436 667 2488 γὰρ,
696 2436 734 2472 οὐ
758 2437 843 2481 Οῆλυ
873 2437 907 2472 ἓν
940 2436 1084 2488 Χριστῷ

64 2498 197 2546 Ἰησοῦ,
228 2501 265 2535 οὐ
293 2499 432 2543 δοῦλος,
464 2500 525 2534 οὐκ
554 2497 740 2548 ἐλεύθερος.
771 2495 945 2538 Εἰκότως·
973 2500 1084 2533 ταῦτα

61 2559 128 2610 γὰρ
149 2561 313 2606 ἐνταῦθα,
333 2558 413 2596 ἔνθα
431 2557 546 2596 πάντα
566 2556 659 2595 σκιά.
682 2558 726 2594 Εἰ
742 2555 807 2608 γὰρ
833 2558 867 2594 ἐν
899 2555 1084 2607 βασιλείοις

63 2618 172 2662 οὐδεὶς
189 2618 327 2670 εὐγενὴς
359 2618 435 2657 οὐδὲ
461 2617 625 2670 δυσγενὴς
643 2647 651 2665 ,
679 2616 769 2655 ἀλλὰ
789 2615 858 2654 ἀπὸ
886 2619 954 2654 τῶν
974 2616 1083 2668 ἔργων

63 2679 207 2723 ἕκαστος
227 2679 403 2731 φαίνεται,
424 2680 486 2717 καὶ
511 2681 545 2716 ἐν
575 2677 682 2730 τέχνῃ
704 2678 772 2715 ἀπὸ
790 2681 850 2715 τοῦ
872 2677 971 2728 ἔργου
1003 2677 1084 2714 ἕκα-

62 2757 141 2784 στος
162 2741 334 2779 δείκνυται
350 2756 357 2763 ·
372 2742 490 2792 πολλῷ
513 2740 644 2790 μᾶλλον
662 2741 695 2777 ἐν
714 2738 826 2790 ἐκείνῃ
845 2742 888 2790 τῆ
907 2739 1083 2776 καταστά-

61 2818 126 2840 σει.
158 2803 236 2845 Πᾶς
263 2803 297 2846 ὃς
324 2801 363 2839 ἂν
397 2800 659 2847 ἐπικαλέσηται.
694 2799 989 2846 Ἐπικαλέσηται,
1020 2801 1085 2851 οὐχ

61 2862 181 2905 ἁπλῶς
213 2862 286 2913 (Οὐ
313 2861 380 2913 γὰρ
405 2868 491 2908 πᾶς,
514 2860 631 2911 φησὶν,
650 2864 667 2898 ὁ
688 2859 798 2911 λέγων
836 2876 920 2910 μοι,
951 2859 1057 2913 Κύριε
1074 2890 1083 2907 ,

62 2922 209 2974 Κύριε),
242 2923 332 2961 ἀλλὰ
358 2921 446 2973 μετὰ
478 2921 679 2969 διαθέσεως,
702 2920 789 2972 μετὰ
819 2920 893 2971 βίου
922 2921 1082 2973 ἀρίστου,

64 2983 153 3032 μετὰ
171 2983 368 3036 παρρησίας
384 2986 445 3029 τῆς
465 2982 719 3036 προσηκούσης.
748 2986 762 3001 ⁰
774 2981 873 3024 Τέως
902 2983 1081 3034 ἀνεπαχθῆ

62 3049 154 3081 ποιεῖ
172 3043 229 3082 τὸν
245 3044 358 3096 λόγον,
376 3045 415 3082 τὸ
433 3047 495 3090 τῆς
512 3043 660 3086 πίστεως
681 3043 841 3094 εἰσάγων,
860 3043 919 3081 καὶ
949 3045 986 3080 οὐ
1017 3059 1081 3095 φο-

65 3103 162 3154 &pov
179 3103 339 3154 κρύπτων
358 3105 397 3143 τὸ
416 3108 478 3151 τῆς
502 3104 689 3148 κολάσεως.
720 3106 822 3152 Πῶς,
843 3103 1005 3152 Δεικνὺς,,
1026 3103 1078 3142 ὅτι

65 3166 100 3201 ἐν
116 3165 294 3211 ἐπικλήσει
312 3168 333 3211 ἦ
357 3165 526 3217 σωτηρία.

111 3271 127 3295 b
152 3270 240 3303 Alius
263 3274 326 3305 οὐδὲ
345 3277 402 3317 γὰρ
419 3279 569 3319 συμφέρει-

111 3332 124 3345 c
149 3320 235 3353 Alius
248 3327 391 3365 ἐπέμεινε.

113 3374 124 3390 ⁶
148 3373 209 3405 uic
233 3374 382 3417 quaedam
403 3377 492 3418 [τί...
509 3380 774 3424 μεταστραφῆναι]
791 3378 1065 3412 desiderabantur

2085 208 2135 252 51

1150 320 1203 348 ret
1236 309 1411 358 Christus,
1443 321 1534 359 saepe
1568 304 1880 354 contradicebant,
1904 317 1986 340 cum
2016 311 2132 340 autem

1152 371 1362 423 prophetam
1376 369 1558 408 induceret
1576 368 1649 406 illis
1663 367 1851 414 (licentem,
1870 366 1984 402 Dixit
2003 365 2136 402 Domi·
2152 384 2240 412 Psal.
2260 393 2324 422 ¹09·

1156 445 1226 469 nus
1246 433 1416 468 Domino
1437 443 1533 476 meo,
1557 429 1651 468 Sede
1673 442 1698 465 a
1722 428 1866 464 dextris
1886 428 1993 471 meis,
2016 424 2066 462 ita
2087 425 2134 462 si·
2156 432 2181 450 ¹-

1153 492 1285 539 lebant,
1312 500 1351 528 ut
1373 505 1474 528 nemo
1494 490 1658 542 deinceps
1691 496 1808 540 posset
1837 486 1890 523 illi
1912 484 2134 537 respondere.

1156 554 1206 589 Ae
1224 565 1315 603 saepe
1334 551 1394 588 ille
1409 551 1612 602 Scripturas
1632 557 1815 595 memorat,
1835 546 1970 595 dicens,
1991 546 2029 584 Si
2046 546 2136 583 illos
2149 562 2239 589 me.
2270 570 2304 589 10

1156 613 1255 648 dixit
1273 612 1377 657 deos,
1401 612 1453 648 ad
1469 624 1562 662 quos
1586 623 1709 647 sermo
1726 610 1801 645 Dei
1804 609 1944 660 sactus
1969 615 2038 644 est.
2061 607 2137 643 Imo
2152 603 2204 632 35-

1108 679 1131 707 B
1156 672 1287 722 ubique
1315 673 1384 709 hoc
1399 672 1478 721 quis
1495 671 1682 709 invenerit.
1703 670 1786 707 Ideo
1813 670 1872 706 hie
1896 669 1969 706 ait:
1988 669 2140 721 Effun-

1156 735 1247 770 dam
1267 735 1314 770 de
1332 734 1474 783 Spiritu
1511 747 1592 769 meo
1625 746 1737 780 super
1767 746 1917 768 omnem
1947 745 2105 769 carnem
2123 746 2138 775 ,·

1156 793 1222 830 hoc
1238 802 1300 841 est,
1313 793 1347 829 in
1366 801 1495 842 gentes.
1515 791 1585 830 Sed
1604 792 1764 829 nondum
1780 792 1924 840 revelat,
1941 806 2004 828 nee
2026 792 2139 829 inter—

1154 862 1331 904 pretatur,
1346 867 1456 902 neque
1474 853 1566 889 enim
1588 852 1812 903 expediebat,
1843 853 1926 901 quia
1946 853 2052 889 etiam
2072 852 2141 889 hoc

1155 914 1346 951 obscurum
1375 922 1460 951 erat.
1479 914 1593 950 Dabo
1613 913 1791 963 prodigia
1806 915 1846 948 in
1863 913 1956 949 ccelo
1972 926 2136 949 sursum.

1155 975 1272 1025 Magis
1293 967 1375 1011 illos
1391 974 1459 1011 hoe
1494 973 1659 1020 terrebat,
1687 972 1780 1022 quod
1811 981 1899 1009 esset
1933 972 2138 1009 obscurum.

1155 1035 1194 1073 Si
1211 1045 1329 1072 autem
1348 1035 1414 1072 hoc
1445 1035 1695 1086 interpretatus
1724 1042 1825 1080 esset,
1856 1032 1970 1083 magis
1990 1032 2062 1069 illis
2078 1032 2142 1069 ob-

1155 1095 1311 1133 stitisset.
1334 1094 1470 1132 Deinde
1496 1094 1586 1131 illud
1603 1093 1759 1146 praeterit
1778 1093 1876 1144 quasi
1896 1093 2139 1143 manifestum,

1153 1156 1261 1195 talem
1283 1157 1404 1195 volens
1435 1156 1518 1194 dare
1553 1156 1769 1208 opinionem.
1794 1154 1955 1204 Denique
1983 1155 2052 1192 hoc
2070 1155 2142 1192 illis

1155 1217 1418 1270 interpretatur,
1433 1231 1515 1254 cum
1531 1216 1575 1254 de
1595 1215 1849 1254 resurreetione
1862 1215 2036 1265 loquitur,
2052 1224 2084 1252 et
2098 1215 2143 1253 ad

1155 1278 1194 1315 id
1209 1292 1367 1316 sermone
1383 1277 1479 1316 viam
1500 1285 1612 1329 parat.
1624 1276 1708 1314 Ideo
1725 1285 1849 1327 sponte
1870 1277 2039 1327 praeterit,
2056 1290 2143 1325 quo—

1155 1339 1252 1376 niam
1273 1339 1366 1377 bona
1387 1339 1434 1376 ad
1454 1339 1536 1376 illos
1556 1336 1808 1390 pertrahendos
1822 1351 1891 1373 non
1917 1336 2002 1374 satis
2023 1345 2142 1374 erant:

1156 1414 1373 1451 quamquam
1386 1400 1453 1437 hoe
1475 1412 1659 1449 nunquam
1680 1399 1813 1435 sactum
1832 1406 1895 1434 est.
1917 1399 2029 1435 Nemo
2049 1396 2143 1434 enim

1156 1470 1239 1498 tunc
1266 1461 1414 1511 effugit,
1450 1473 1544 1497 nune
1573 1473 1657 1497 vero
1697 1458 1818 1495 fideles
1851 1458 2050 1508 effugerunt
2076 1457 2144 1494 sub

1155 1522 1386 1574 Vespasium.
1407 1521 1453 1559 Et
1474 1522 1542 1558 hoc
1574 1530 1625 1558 est
1650 1520 1747 1570 quod
1765 1519 1872 1557 dicit:
1891 1521 1978 1556 [visi
2008 1522 2141 1556 abbre—
2157 1537 2269 1565 Mami,
2293 1539 2341 1574 24,

1159 1584 1440 1634 viatifuissent
1478 1582 1558 1619 dies
1599 1581 1673 1627 illi,
1709 1594 1786 1617 non
1823 1580 1981 1618 salvata
1994 1581 2142 1632 fuisset
2159 1587 2207 1606 ²²·

1157 1647 1282 1682 omnis
1292 1657 1395 1681 earo,
1415 1643 1523 1691 Quod
1538 1643 1718 1680 molestius
1733 1651 1820 1692 erat,
1839 1642 1956 1694 primo
1972 1642 2117 1693 contigit
2133 1657 2140 1678 :

1156 1706 1271 1758 primo
1290 1706 1383 1742 enim
1406 1705 1539 1742 accidit
1567 1713 1606 1741 ut
1628 1704 1843 1741 habitatores
1865 1713 2086 1755 caperentur,
2108 1713 2142 1741 et

1155 1768 1240 1805 urbs
1254 1767 1517 1805 subverteretur
1537 1775 1570 1803 et
1578 1764 1856 1803 succenderetur.
1871 1764 2008 1802 Deinde
2019 1765 2054 1803 in
2069 1780 2141 1804 me-

1154 1828 1303 1880 taphora
1334 1826 1478 1876 insistit,
1501 1826 1567 1863 sub
1586 1826 1706 1863 oculos
1725 1824 1931 1862 auditorum
1957 1825 2140 1863 excidium

1153 1888 1345 1926 adducens.
1364 1888 1430 1926 Sol
1455 1895 1698 1925 convertetur
1713 1889 1754 1923 in
1771 1888 1962 1932 tenebras,
1986 1895 2022 1924 et
2043 1887 2139 1924 luna
2174 1904 2254 1941 Quid
2286 1912 2340 1937 NJ,

1155 1952 1196 1986 ιή
1212 1951 1452 2000 sanguinem.
1468 1946 1567 1994 Quid
1583 1955 1645 1994 est,
1658 1946 1780 1982 lunam
1799 1946 1929 1982 mutari
1943 1946 1978 1983 in
1993 1947 2137 1998 sangui—
2152 1945 2248 1992 ¹⁰¹¹j⁴f¹¹
2279 1956 2342 1972 '¹¹¹¹-

1154 2010 1261 2047 nem?
1278 2009 1432 2048 Videtur
1451 2007 1540 2045 mihi
1559 2007 1617 2044 hic
1646 2006 1840 2044 maximam
1856 2006 1987 2044 caedem
2001 2006 2138 2044 indica-
2152 1992 2335 2063 g‘:,';¹„2.¹,¹„⁵7‘¹¹''

1155 2085 1205 2119 re,
1221 2083 1488 2118 sermonemque
1499 2068 1547 2105 ita
1560 2068 1806 2105 concinnatum
1827 2080 1912 2113 esse,
1927 2076 1964 2104 ut
1981 2068 2138 2105 maximo

1154 2139 1285 2168 terrore
1308 2129 1469 2181 impleat.
1499 2130 1548 2165 Et
1574 2131 1658 2173 erit,
1677 2130 1799 2164 omnis
1823 2130 2053 2179 quicumque
2082 2131 2140 2165 in-

1153 2193 1350 2228 vocaverit
1371 2203 1509 2226 nomen
1528 2189 1702 2233 Domini,
1726 2188 1859 2225 salvus
1879 2191 1962 2225 erit.
1986 2189 2134 2234 Omnis,

1153 2252 1283 2302 inquit,
1302 2260 1335 2288 et
1355 2249 1383 2287 si
1405 2248 1568 2287 sacerdos
1588 2248 1633 2285 sit
1665 2247 1741 2295 (sed
1768 2247 1926 2284 nondum
1961 2249 2136 2297 revelat),

1153 2313 1228 2351 sive
1254 2325 1378 2349 servus
1398 2313 1456 2359 sit,
1488 2309 1563 2347 sive
1590 2309 1678 2346 liber
1699 2324 1706 2344 :
1727 2310 1818 2346 Non
1839 2317 1894 2346 est
1923 2312 2025 2345 enim
2052 2323 2138 2347 mas
2158 2327 2228 2354 Gal.
2244 2328 2273 2357 3·
2288 2328 2338 2357 23,

1154 2387 1276 2426 neque
1290 2374 1450 2425 femina
1479 2373 1520 2407 in
1541 2371 1695 2408 Christo
1729 2370 1838 2415 Jesu,
1877 2383 1954 2406 non
1989 2384 2134 2416 servus,

1154 2448 1230 2472 non
1251 2435 1357 2470 liber.
1375 2434 1460 2471 Jure
1480 2430 1647 2481 quidem:
1668 2430 1736 2467 hoe
1754 2429 1847 2467 enim
1867 2429 2057 2467 discrimen
2080 2430 2139 2467 hic

1153 2506 1215 2546 est,
1255 2496 1318 2534 ubi
1355 2495 1474 2533 omnia
1513 2494 1639 2531 umbra
1679 2502 1774 2530 sunt.
1799 2493 1892 2530 Nam
1921 2492 1949 2530 si
1981 2493 2017 2530 in
2045 2493 2137 2544 regia

1154 2572 1257 2596 nemo
1292 2556 1421 2594 nobilis
1435 2585 1447 2606 ,
1481 2569 1583 2592 nemo
1618 2553 1798 2606 ignobilis,
1829 2553 1891 2591 sed
1922 2568 1984 2591 sua
2016 2568 2138 2604 quem-

1153 2634 1220 2670 que
1238 2632 1343 2670 opera
1371 2625 1508 2666 notant,
1530 2625 1563 2653 et
1585 2615 1614 2653 si
1635 2616 1669 2653 in
1698 2624 1772 2652 arte
1797 2627 1886 2665 opus
1915 2614 2138 2652 commendat

1117 2694 1121 2700 ’
1152 2681 1344 2718 artificem:
1365 2678 1478 2715 multo
1500 2677 1612 2727 magis
1632 2677 1667 2713 in
1687 2676 1748 2713 illo
1766 2684 1872 2712 statu.
1896 2677 2029 2712 Omnis
2046 2678 2134 2727 qui-

1152 2756 1314 2794 cumque
1333 2741 1583 2778 invocaverit.
1604 2739 1864 2782 Invocaverit,
1885 2736 2045 2787 inquam,
2066 2751 2136 2774 non

1151 2805 1278 2857 quavis
1298 2803 1432 2841 ratione
1446 2803 1552 2850 (Non
1565 2803 1681 2844 enim,
1699 2798 1827 2849 inquit,
1851 2802 1974 2836 omnis
1993 2801 2060 2851 qui
2078 2800 2136 2836 di-
2152 2811 2263 2839 Mateh.
2287 2820 2317 2849 ς.

1152 2870 1204 2905 cit
1224 2868 1331 2912 mihi,
1361 2866 1542 2909 Domine,
1566 2864 1764 2909 Domine),
1788 2860 1848 2898 sed
1868 2860 1929 2910 qui
1950 2874 2031 2897 cum
2052 2861 2137 2898 affe·
2152 2861 2203 2880 ²²·

1153 2937 1226 2977 ctu,
1251 2941 1332 2964 cum
1360 2925 1493 2977 optima
1525 2924 1615 2973 vita,
1641 2937 1721 2960 eum
1751 2921 1954 2973 congruenti
1989 2921 2134 2959 fiducia.

1152 2987 1298 3026 Interim
1312 3000 1382 3024 non
1401 2985 1546 3022 moleste
1560 2983 1730 3034 loquitur,
1747 2982 1790 3020 de
1808 2982 1879 3019 fide
1900 2995 2137 3032 agens,neque

1152 3049 1318 3102 supplicii
1334 3058 1502 3086 terrorem
1522 3045 1751 3084 abscondens.
1773 3043 1961 3091 Quomodo
1977 3043 1994 3081 ἶ)
2010 3045 2136 3082 Osten-

1153 3111 1205 3148 dit
1216 3111 1253 3148 in
1269 3107 1491 3148 invocatione
1508 3107 1656 3144 salutem
1674 3119 1759 3143 esse.

1132 3275 1166 3307 in
1183 3272 1306 3315 Editis,
1322 3284 1394 3316 quae
1409 3282 1448 3303 ex
1463 3265 1696 3309 Manuscriptis
1709 3266 1760 3308 [A.
1775 3266 1830 3307 C.]
1845 3264 1975 3308 adjecta
1992 3266 2136 3300 fuerunt.

1178 3326 1193 3343 *
1208 3326 1441 3367 [Domo-hant.
1457 3324 1546 3361 εἶπεν,
1559 3324 1606 3353 καὶ
1623 3322 1734 3353 οὐδέπω
1745 3324 1833 3352 ἀπο-ι..
1850 3323 1902 3352 κᾶν
1916 3320 2015 3356 δοῦλος
2028 3319 2140 3360 κ.τ.λ.]

1177 3384 1189 3398 ²
1213 3378 1305 3410 Unus
1322 3383 1396 3414 τέω,-
1410 3378 1440 3409 ὃὲ
1456 3378 1558 3418 κοῦφον
1573 3379 1658 3407 ποιεῖ.
1680 3369 1690 3415 [
1707 3370 1784 3403 Mox
1798 3369 1875 3402 fort.
1895 3376 1929 3404 τὸ
1946 3371 2096 3416 φοδερόν.]
