2502 3810
154 1094 163 1111 1

152 1134 162 1142 c

175 1106 179 1110 .
209 1086 286 1113 Tim.
304 1084 333 1114 5.

362 261 453 318 764

827 273 842 300 Ξ

840 286 863 301 ›.
903 272 1087 301 JOANNIS
1123 271 1359 301 CHRYSOST.
1398 270 1605 301 ARCHIEP.
1643 271 2001 304 CONSTANTINOP-

355 355 460 401 laris;
482 363 515 390 ct
533 366 595 389 nos
614 352 725 403 ipsius
742 351 912 399 membra,
931 351 1161 401 agricultura,
1178 351 1337 388 aedifica-
1362 355 1388 386 D
1415 350 1584 403 συνεργοί.
1605 350 1651 389 Τί
1671 349 1737 402 γὰρ
1753 352 1790 389 οὗ
1815 351 1974 402 βούλεται
1988 354 2088 403 ἡμῶν
2106 347 2193 391 εἶναι
2204 383 2213 402 ,
2232 353 2337 391 παντὶ
2356 353 2434 406 τρο·

355 415 416 459 tio,
441 412 603 463 palmites
629 420 661 448 et
680 410 885 462 cooperarii.
906 410 1004 456 Quid
1034 411 1128 448 enim
1147 424 1217 448 non
1235 410 1338 448 nobis

356 486 427 509 esse
441 472 528 519 vult,
545 471 641 508 omni
661 470 766 507 modo
778 484 841 507 nos
859 470 929 508 sibi
946 471 1191 521 conglutinans
1207 480 1239 508 et
1255 484 1353 508 con-⁷

349 531 529 583 jungens?
542 530 579 567 id
593 530 689 581 quod
709 530 931 568 vehementer
943 530 1094 568 amantis
1112 539 1174 569 est.
1188 531 1338 569 Obtem-

353 605 437 642 pera
457 591 568 641 igitur
585 591 628 639 ei,
648 605 688 629 ac
706 591 749 628 de
768 604 888 628 somno
908 603 1068 641 surgens,
1086 591 1194 629 indue
1209 591 1335 628 illum:

353 651 415 687 illo
441 650 599 698 indutus,
620 651 833 702 morigeram
862 650 931 702 ipsi
953 664 1093 687 carnem
1117 651 1253 702 praebe:
1268 651 1337 688 hoe

353 711 446 749 enim
464 711 714 759 subindicavit,
742 712 880 749 dicens:
898 713 1036 749 Carnis
1057 726 1191 749 curam
1210 727 1257 749 ne
1266 713 1335 764 fe-

352 775 478 809 ceritis
495 775 535 808 in
561 772 770 809 desideriis.
792 772 892 810 Sicut
912 771 1006 809 enim
1034 786 1103 809 non
1124 773 1259 821 bibere,
1274 772 1335 810 sed

349 832 518 869 inebriari
537 833 662 881 vetuit,
682 847 750 870 non
766 847 931 884 sponsam
953 832 1094 880 ducere,
1109 833 1169 871 sed
1188 834 1335 871 lascivi-

349 907 387 930 re
401 908 408 928 τ
424 893 474 930 sic
496 907 557 930 nec
581 907 702 930 curam
721 907 841 944 gerere
858 893 973 931 carnis
994 893 1193 945 prohibuit,
1213 894 1272 932 sed
1286 894 1334 932 ad.

350 953 668 1005 conscupiscentias
686 962 838 1001 tantum,
859 967 902 990 ue
928 954 1062 991 scilicet
1092 954 1332 992 necessitatem

348 1014 691 1064 przetergrediamur.
722 1015 814 1051 Nam
830 1015 925 1064 quod
941 1014 1042 1051 illius
1062 1028 1183 1052 curam
1213 1028 1332 1066 gerere

350 1088 418 1111 non
438 1076 640 1127 prohibeat,
662 1075 745 1113 audi
773 1075 859 1125 quid
881 1076 1069 1113 Timotheo
1099 1076 1213 1114 dicat:
1234 1079 1331 1114 Vino

350 1137 498 1172 modico
526 1145 631 1173 utere
665 1145 821 1187 propter
859 1138 1100 1174 stomachum
1142 1146 1262 1183 tuum,
1294 1146 1331 1175 et

342 1197 568 1247 frequentes
613 1206 698 1234 tuas
742 1196 999 1247 infirmitates.
1035 1198 1090 1234 Ita
1121 1206 1155 1234 et
1176 1197 1235 1234 hic
1269 1211 1330 1235 cu-

347 1272 424 1294 ram
458 1271 558 1308 geras
589 1257 750 1307 quidem,
775 1257 836 1294 sed
869 1257 914 1294 ad
948 1257 1147 1307 sanitatem,
1182 1271 1251 1295 non
1285 1258 1331 1295 ad

347 1318 682 1368 lasciviam.Neque
708 1318 802 1355 enim
832 1317 924 1354 illud
953 1332 1034 1355 cura
1055 1328 1088 1355 et
1106 1319 1333 1369 providentia

347 1387 447 1424 esset,
471 1379 500 1415 si
520 1378 700 1414 flammam
717 1376 929 1424 incenderes,
949 1377 979 1414 si
995 1378 1194 1427 graviorem
1213 1378 1333 1416 forna-

346 1452 421 1474 cem
449 1439 590 1475 faceres.
612 1439 661 1475 Ut
692 1437 822 1474 clarius
844 1437 988 1473 discatis
1010 1437 1097 1486 quid
1116 1438 1182 1485 sit,
1210 1452 1332 1475 curam

345 1498 418 1547 ejus
438 1497 567 1534 habere
580 1497 625 1534 ad
642 1496 974 1548 concupiscentiam,
987 1505 1019 1533 et
1036 1505 1074 1533 ut
1088 1497 1196 1534 talem
1209 1512 1332 1536 curam

344 1558 510 1607 fugiatis,
530 1557 698 1606 ebriosos,
716 1557 830 1595 ventri
851 1557 1042 1605 studentes,
1061 1571 1118 1595 eos
1133 1558 1193 1608 qui
1213 1573 1249 1596 se
1268 1573 1328 1597 ve-

342 1618 457 1655 stibus
474 1618 637 1669 pretiosis
661 1627 803 1663 ornant,
823 1617 1038 1666 deliciantes,
1057 1632 1114 1655 eos
1138 1619 1198 1669 qui
1218 1620 1331 1658 vitam

343 1678 487 1732 mollem
506 1687 539 1716 et
558 1678 766 1715 dissolutam
793 1677 927 1715 ducunt
949 1678 1113 1729 cogitate,
1138 1688 1172 1716 et
1191 1679 1328 1717 intelli-

341 1739 430 1790 getis
450 1738 536 1790 quid
555 1738 692 1776 dictum
720 1739 776 1776 sit.
804 1738 864 1775 Illi
883 1739 978 1776 enim
996 1738 1088 1776 nihil
1106 1753 1176 1777 non
1203 1750 1326 1791 agunt,

342 1814 410 1837 non
433 1810 471 1837 ut
498 1800 701 1839 valetudine
734 1801 910 1847 fruantur,
928 1799 991 1837 sed
1017 1810 1056 1837 ut
1082 1801 1326 1852 luxurientur,

342 1870 381 1898 ut
393 1861 710 1912 concupiscentiam
726 1860 1005 1899 incendant.Scd
1019 1870 1055 1898 tu
1070 1861 1130 1912 qui
1146 1862 1329 1901 Christum

341 1921 501 1969 induisti,
518 1921 589 1958 illis
609 1921 774 1958 omnibus
793 1920 964 1972 praecisis,
986 1934 1096 1958 unum
1115 1935 1231 1972 quaere
1246 1932 1328 1960 tan-

341 1991 429 2029 tum,
446 1991 485 2019 ut
497 1996 580 2019 sana
591 1981 637 2019 sis
652 1995 754 2019 carne
771 1997 777 2017 :
791 1981 961 2019 hactenus
976 1982 1076 2019 illam
1093 1996 1192 2031 cura,
1209 1993 1242 2021 et
1258 1998 1328 2023 non

341 2042 433 2079 ultra
450 2058 460 2091 5
480 2041 540 2079 sed
554 2051 662 2079 totam
677 2056 800 2079 curam
821 2042 857 2078 in
875 2042 1123 2093 spiritualibus
1147 2043 1325 2095 impende.

340 2103 391 2138 Ita
413 2102 506 2139 enim
523 2116 568 2139 ex
582 2101 649 2139 hoc
664 2115 786 2139 somno
806 2115 950 2152 surgere
977 2102 1121 2152 poteris,
1133 2103 1204 2140 illis
1219 2104 1328 2143 variis

341 2163 633 2214 concupiscentiis
646 2177 714 2200 non
727 2171 907 2213 gravatus.
916 2163 1009 2199 Nam
1020 2177 1164 2201 somnus
1179 2173 1229 2202 est
1241 2177 1312 2216 prce
1322 2191 1331 2196 -

343 2238 420 2261 sens
439 2223 526 2271 vita,
539 2233 571 2260 et
587 2237 664 2273 quae
678 2222 725 2260 ad
743 2223 843 2259 illam
857 2232 1027 2274 spectant,
1039 2237 1058 2260 a
1072 2225 1219 2262 somniis
1236 2226 1328 2264 nihil

342 2284 486 2321 omnino
510 2284 694 2321 differunt.
716 2284 768 2319 Ac
788 2283 1088 2332 quemadmodum
1105 2284 1142 2332 ii,
1164 2286 1223 2334 qui
1244 2285 1327 2323 dor-

342 2342 469 2388 miunt,
481 2342 604 2380 insana
617 2342 725 2379 verba
739 2342 1069 2392 p1*0serunt,etnihil
1084 2344 1159 2380 sani
1170 2344 1326 2394 plerum-

344 2416 412 2453 que
422 2401 558 2448 vident,
569 2401 616 2438 ita
629 2410 662 2438 et
670 2415 750 2449 nos,
760 2401 832 2438 imo
842 2401 944 2452 pejus
957 2402 1074 2438 affecti
1089 2416 1223 2440 sumus.
1236 2405 1327 2441 Nam

345 2462 406 2512 qui
420 2462 456 2498 in
467 2475 588 2498 somno
600 2461 720 2512 turpia
733 2461 791 2499 vel
807 2461 962 2512 patravit
974 2461 1029 2499 vel
1043 2461 1148 2510 dixit,
1160 2477 1328 2515 experge-

344 2524 499 2570 factus,a
511 2521 730 2573 turpitudine
748 2521 933 2570 liberatur,
951 2535 1014 2558 nec
1033 2521 1095 2560 dat
1115 2537 1255 2574 poenas3
1269 2525 1329 2562 hic

345 2592 462 2620 autem
495 2595 564 2619 non
584 2582 632 2618 ita
660 2595 696 2618 se
726 2595 781 2618 res
800 2581 932 2629 habet5
952 2581 1014 2618 sed
1040 2591 1071 2619 et
1092 2583 1278 2635 turpitudo
1296 2594 1330 2622 et

345 2643 560 2695 supplicium
573 2641 786 2679 immortalia
800 2650 892 2679 sunt.
903 2642 1041 2679 Rursus
1056 2643 1117 2692 qui
1130 2643 1166 2680 in
1183 2645 1329 2682 somniis

343 2702 472 2741 divites
492 2711 586 2752 sunt,
608 2711 684 2739 orto
700 2701 757 2739 die
773 2716 807 2739 se
822 2701 953 2739 frustra
977 2701 1107 2740 divites
1140 2704 1248 2742 fuisse
1263 2704 1328 2743 de-

343 2763 586 2815 prehendunt3
601 2762 660 2799 hic
674 2775 758 2799 vero
777 2771 810 2799 et
828 2770 907 2799 ante
924 2760 1020 2799 diem
1039 2762 1107 2800 hoc
1120 2763 1238 2815 ipsum
1268 2765 1329 2802 de-

343 2823 579 2876 prehendunt,
593 2831 624 2859 et
639 2831 827 2872 antequam
844 2822 928 2859 hinc
944 2822 1103 2870 abeatur,
1118 2825 1254 2862 somnia
1266 2825 1328 2863 illa

343 2885 541 2922 avolarunt.
550 2883 784 2920 Excutiamus
793 2896 874 2933 ergo
883 2882 978 2920 hunc
990 2897 1142 2934 pravum
1151 2899 1327 2925 somnum.

344 2946 437 2982 Nam
457 2943 486 2981 si
505 2956 568 2979 nos
611 2942 823 2979 dormientes
861 2942 937 2979 dies
970 2943 1031 2979 ille
1062 2943 1325 2996 deprehendat,

345 3019 440 3042 mors
459 3018 521 3041 nos
535 3003 685 3054 excipiet
704 3002 933 3051 immortalis3
950 3012 982 3040 et
1006 3013 1086 3041 ante
1105 3005 1200 3044 diem
1223 3007 1327 3045 illum

344 3065 500 3103 inimicis
512 3063 677 3101 omnibus
688 3063 771 3100 hinc
791 3072 896 3114 captu
911 3063 1029 3101 faciles
1047 3065 1191 3113 erimus,
1204 3076 1238 3104 et
1255 3068 1325 3105 ho-

344 3126 500 3163 minibus
523 3133 556 3161 et
575 3123 795 3162 daemonibus
811 3139 821 3171 3
838 3136 878 3160 ac
893 3123 922 3160 si
946 3137 1008 3161 nos
1027 3125 1189 3163 occidere
1203 3127 1327 3175 velint,

345 3200 446 3223 nemo
467 3184 704 3236 impediturus
730 3192 792 3221 est.
813 3183 919 3229 Quod
941 3184 971 3221 si
995 3185 1100 3222 multi
1121 3197 1246 3235 essent,
1263 3188 1326 3238 qui

346 3246 546 3295 vigilarent,
569 3258 637 3281 non
661 3252 798 3281 tantum
817 3242 904 3281 foret
922 3243 1234 3294 periculumtcum
1253 3261 1325 3284 au-

390 3392 403 3406 st
428 3382 514 3413 Alius
533 3388 581 3416 τὶν
595 3390 722 3426 χαι-τὸυ
739 3386 926 3425 ἐν-ἶυτάμενος
945 3387 1101 3425 σύμπαντα
1119 3391 1225 3419 ἐκεῖνος,

1344 1655 1392 1680 697

1353 3002 1378 3033 C

1414 426 1470 462 πῳ
1491 411 1691 461 συγκολλῶν
1710 410 1770 447 καὶ
1793 410 1976 449 συνάπτων
1997 415 2108 462 ἡμᾶς,
2126 413 2210 465 ὅπερ
2228 419 2287 452 τοῦ
2303 414 2434 465 σφόδρα

1415 470 1591 522 φιλοῦντός
1610 473 1695 508 ἐστι.
1716 470 1844 508 Πείθου
1864 471 1990 519 τοίνυν,
2009 472 2068 509 καὶ
2089 475 2240 517 ἀναστὰς
2260 474 2293 518 ἐξ
2318 474 2434 512 ὕπνων

1414 531 1553 568 ἔνδυσαι
1574 531 1688 579 αὐτὸν,
1709 530 1769 568 καὶ
1788 531 2015 582 ἐνδυσάμενος
2035 532 2167 578 εὐήνιον
2189 537 2281 586 αὐτῷ
2300 534 2435 586 πάρεχε

1413 591 1475 638 τὴν
1507 592 1641 642 σάρκα·
1661 597 1761 630 τοῦτο
1790 591 1858 645 γὰρ
1891 591 2032 643 ᾐνίξατο
2061 594 2179 642 εἰπὼν,
2199 597 2274 642 Τῆς
2307 596 2434 646 σαρκὸς

1412 651 1575 703 πρόνοιαν
1601 651 1648 702 μὴ
1683 656 1838 690 ποιεῖσθε
1867 654 1914 695 εἷς
1937 652 2131 702 ἐπιθυμίας.
2145 653 2285 707 ιεὨσπερ
2306 654 2374 706 γὰρ
2394 657 2433 693 οὖ

1411 712 1451 750 τὸ
1471 712 1580 750 πίνειν
1602 712 1788 760 ἐκώλυσεν,
1811 712 1900 750 ἀλλὰ
1918 712 1957 750 τὸ
1978 713 2127 763 μεθύειν,
2146 714 2221 753 οὐδὲ
2240 715 2279 752 τὸ
2293 721 2432 767 γαμεῖν,

1413 773 1503 811 ἀλλὰ
1521 774 1560 811 τὸ
1580 775 1738 824 ἀσελγεῖν
1751 789 1758 796 ·
1773 773 1879 816 οὕτως
1892 773 1969 810 οὐδὲ
1983 774 2022 811 τὸ
2037 781 2192 826 προνοεῖν
2204 777 2265 821 τῆς
2285 777 2411 828 σαρκὸς
2421 805 2432 822 ,

1413 833 1506 872 ἀλλὰ
1536 834 1575 872 τὸ
1595 836 1643 877 εἷς
1663 834 1870 885 ἐπιθυμίας,
1890 828 1958 872 οἷον
1976 834 2017 872 τὸ
2037 834 2102 881 τὴν
2119 836 2241 888 χρείαν
2260 837 2431 888 ὑπερὸαί-

1409 910 1496 932 νειν·
1517 894 1615 942 ἐπεὶ,
1638 894 1692 933 ὅτι
1711 910 1750 945 γε
1782 900 1940 947 προνοεῖν
1971 896 2077 942 αὐτῆς
2107 896 2263 944 κελεύει,
2283 896 2432 935 ἄκουσον

1408 954 1443 991 τί
1462 970 1547 1005 φησι
1566 954 1729 1006 Τιμοθέῳ
1744 970 1751 979 ·
1767 954 1862 1006 Οἴνῳ
1882 954 1989 1006 ὀλίγῳ
2006 957 2082 1007 χρῶ
2101 955 2158 992 διὰ
2175 956 2234 994 τὸν
2253 956 2431 1008 στόμαχόν

1410 1031 1469 1053 σου
1490 1014 1625 1058 καὶτὰς
1643 1015 1776 1058 πυκνάς
1805 1030 1866 1052 σου
1887 1014 2072 1058 ἀσθενείας.
2091 1015 2195 1053 Οὕτω
2215 1015 2256 1062 δὴ
2284 1017 2343 1055 καὶ
2373 1019 2430 1054 ἐν·-

1409 1080 1518 1114 ταῧθα
1535 1076 1672 1127 προνόει
1690 1075 1765 1127 μὲν,
1786 1076 1877 1114 ἀλλὰ
1896 1076 1981 1128 πρὸς
2003 1076 2132 1127 ὑγείαν,
2155 1077 2203 1127 μὴ
2225 1078 2310 1130 πρὸς
2325 1077 2430 1116 ἀσέλ-

1408 1154 1517 1189 γειαν.
1539 1137 1630 1176 Οὐδὲ
1651 1137 1717 1188 γὰρ
1738 1137 1777 1175 ἂν
1807 1137 1858 1184 εἴη
1882 1142 1982 1176 τοῦτο
2015 1137 2160 1189 πρόνοια
2188 1140 2321 1184 λοιπὸν,
2347 1139 2429 1177 ὅταν

1407 1198 1470 1245 τὴν
1485 1197 1597 1250 φλόγα
1612 1198 1786 1249 ἀνάπτῃς,
1801 1198 1882 1235 ὅταν
1898 1198 2057 1250 χαλεπὴν
2073 1198 2136 1245 τὴν
2152 1199 2297 1250 κάμινον
2314 1203 2428 1251 ποιῇς.

1407 1259 1482 1297 Ἵνα
1502 1258 1537 1296 δὲ
1558 1259 1618 1296 καὶ
1639 1258 1847 1310 σαφέστερον
1869 1258 2014 1308 μάθητε,
2035 1257 2069 1295 τί
2087 1259 2171 1296 ποτέ
2191 1260 2321 1298 ἔστιτὸ
2340 1274 2429 1311 προ-

1405 1324 1491 1357 νοεῖν
1520 1320 1625 1364 αὖτῆς
1643 1321 1690 1361 εἰς
1712 1318 1909 1367 ἐπιθυμίαν,
1929 1318 1988 1355 καὶ
2007 1317 2136 1369 φύγητε
2161 1318 2223 1365 τὴν
2252 1319 2417 1366 τοιαύτην

1405 1379 1581 1431 πρόνοιαν,
1600 1379 1679 1421 τοὺς
1705 1378 1889 1428 μεθύοντας
1901 1408 1911 1425 ,
1929 1377 2005 1421 τοὺς
2023 1379 2331 1429 γαστριζομένους,
2350 1379 2430 1422 τοὺς

1405 1441 1440 1476 ἐν
1477 1438 1628 1488 ἱματίοις
1661 1437 2004 1487 καλλωπιζομένους,
2037 1437 2116 1482 τοὺς
2151 1438 2404 1491 θρυπτομένους
2417 1469 2428 1486 ,

1404 1498 1483 1541 τοὺς
1501 1498 1558 1535 τὸν
1571 1498 1672 1549 ὑγρὸν
1687 1498 1746 1535 καὶ
1763 1497 1966 1550 διαρρέοντα
1983 1500 2112 1541 ζῶντας
2131 1499 2204 1549 βίον
2224 1499 2427 1546 ἐννοήσατε,

1405 1559 1463 1596 καὶ
1483 1558 1615 1596 εἴσεσθε
1635 1559 1674 1596 τὸ
1695 1558 1887 1610 εἰρημένον.
1913 1558 2064 1596 Ἐκεῖνοι
2085 1559 2151 1610 γὰρ
2172 1559 2287 1598 πάντα
2304 1564 2427 1599 ποιοῦ-

1406 1635 1471 1667 σιν,
1491 1621 1556 1670 οὐχ
1573 1617 1629 1656 ἵνα
1651 1619 1864 1668 ὑγιαίνωσιν,
1885 1619 1961 1656 ἀλλ’
1986 1618 2043 1656 ἵνα
2068 1622 2267 1670 σκιρτῶσιν,
2289 1620 2345 1658 ἵνα
2363 1621 2427 1668 τὴν

1406 1680 1592 1730 ἐπιθυμίαν
1621 1680 1834 1718 ἀνάπτωσιν.
1854 1678 1946 1717 Ἀλλ’
1973 1683 1991 1718 ὃ
2018 1680 2098 1717 ῧτὸν
2118 1681 2270 1732 Χριστὸν
2291 1682 2427 1719 ἐνδεδυ-

1405 1740 1504 1789 μένος
1530 1739 1590 1786 ab,
1610 1740 1727 1778 πάντα
1751 1742 1866 1777 ἐκεῖνα
1892 1740 2103 1792 περικόψας,
2125 1739 2159 1777 ἓν
2194 1741 2290 1787 ζήτει
2311 1739 2427 1791 μόνον,

1402 1801 1494 1844 ὅπως
1514 1801 1735 1852 ὑγιαίνουσαν
1752 1801 1836 1852 ἔχῃς
1854 1800 1916 1848 τὴν
1945 1801 2058 1853 σάρκα
2070 1817 2077 1824 ·
2095 1801 2154 1839 καὶ
2175 1802 2279 1854 μέχρι
2305 1801 2427 1840 τοσού-

1401 1878 1460 1899 του
1480 1861 1617 1914 προνόει
1633 1861 1780 1909 ταύτης,
1799 1861 1996 1914 περαιτέρω
2017 1860 2052 1899 δὲ
2072 1861 2219 1911 μηκέτι,
2242 1862 2333 1900 ἀλλὰ
2353 1869 2426 1900 πᾶ-

1402 1938 1464 1962 σαν
1484 1922 1548 1968 τὴν
1569 1922 1722 1968 σπουδὴν
1752 1923 1798 1964 εἷς
1818 1922 1880 1968 τὴν
1906 1925 1975 1960 τῶν
1995 1924 2241 1972 πνευματικῶν
2262 1922 2427 1961 ἀνάλισκε

1402 1985 1618 2033 ἐπιμέλειαν.
1641 1983 1746 2020 Οὕτω
1765 1981 1832 2034 γὰρ
1860 1980 1920 2020 καὶ
1953 1985 2146 2027 ἀναστῆναι
2174 1984 2213 2021 ἐκ
2240 1988 2299 2022 τοῦ
2318 1982 2426 2022 ὕπνου

1400 2044 1520 2082 τούτου
1537 2044 1666 2095 δυνήσῃ
1678 2074 1687 2091 ,
1706 2043 1753 2094 μὴ
1777 2043 1988 2094 βαρούμενος
2006 2049 2081 2085 ταῖς
2096 2043 2271 2087 ποικίλαις
2283 2043 2426 2088 ταύταις

1401 2104 1613 2156 ἐπιθυμίαις.
1634 2104 1705 2142 Καὶ
1724 2103 1791 2156 γὰρ
1811 2104 1915 2148 ὕπνος
1933 2106 1950 2141 ὅ
1975 2103 2095 2156 παρὼν
2129 2103 2224 2154 βίος,
2245 2104 2304 2142 καὶ
2333 2108 2425 2143 ὀνει-

1403 2166 1517 2218 ράτων
1538 2165 1632 2203 οὐδὲν
1650 2165 1694 2203 τὰ
1714 2167 1747 2202 ἐν
1771 2166 1863 2215 αὐτῷ
1895 2163 2083 2216 διενήνοχε.
2105 2163 2175 2201 Καὶ
2205 2164 2362 2216 καθάπερ
2392 2168 2424 2203 οἱ

1401 2226 1621 2268 καθεύδοντες
1641 2224 1699 2263 καὶ
1713 2224 2016 2277 παραφθέγγονται
2029 2254 2038 2272 ,
2055 2224 2113 2262 καὶ
2128 2227 2234 2275 ὁρῶσι
2253 2225 2425 2269 πολλάκις

1399 2288 1495 2324 οὐδὲν
1509 2286 1613 2335 ὑγιὲς,
1635 2285 1726 2323 οὕτω
1740 2285 1800 2322 καὶ
1812 2288 1913 2334 ’ἡμεῖς
1924 2300 1932 2307 ·
1947 2286 2077 2334 μᾶλλον
2095 2284 2202 2322 δὲκαὶ
2217 2286 2335 2336 πολλῷ
2351 2291 2425 2336 χεῖ-

1401 2344 1517 2395 ρονῘΟ
1530 2344 1591 2394 μὲν
1601 2345 1668 2396 γὰρ
1682 2344 1812 2396 αἰσχρά
1822 2359 1897 2381 τινα
1908 2343 2041 2394 πράξας
2055 2342 2077 2388 ἢ
2090 2343 2194 2381 εἰπὼν
2207 2345 2302 2394 ὄναρ,
2313 2345 2427 2382 ἀπαλ-

1399 2404 1517 2454 λαγεὶς
1530 2407 1589 2441 τοῦ
1611 2403 1716 2441 ὕπνου
1729 2433 1738 2449 ,
1759 2403 1819 2441 καὶ
1840 2407 1902 2449 τῆς
1922 2403 2088 2455 αἰσχύνης
2103 2404 2348 2452 ἀπήλλακται,
2363 2404 2423 2442 καὶ

1402 2463 1499 2510 δίκην
1513 2466 1549 2501 οὖ
1565 2464 1701 2501 δίδωσιν
1716 2479 1724 2487 ·
1737 2465 1883 2502 ἐνταῦθα
1900 2464 1934 2501 δὲ
1951 2466 2014 2515 οὐχ
2025 2463 2143 2510 οὕτως,
2160 2463 2250 2502 ἀλλὰ
2262 2464 2352 2510 καὶὴ
2370 2466 2424 2501 αἷ-

1401 2523 1509 2576 σχύνη
1523 2524 1583 2562 καὶ
1598 2527 1619 2570 ἠ
1641 2523 1795 2576 τιμωρία
1810 2524 1992 2566 ἀθάνατος.
2010 2524 2140 2571 Πάλιν,
2152 2527 2183 2562 οἱ
2196 2526 2426 2568 πλουτοῦντες

1400 2585 1495 2637 ὄναρ,
1514 2584 1648 2636 ἡμέρας
1666 2584 1851 2636 γενομένης
1873 2584 2075 2636 ἐλέγχονται
2096 2587 2171 2636 εἰκῇ
2205 2584 2423 2631 πλουτήσαν-

1401 2662 1471 2689 τες·
1494 2648 1641 2684 ἐνταῧθα
1659 2645 1694 2684 δὲ
1714 2645 1772 2683 καὶ
1791 2645 1859 2698 πρὸ
1875 2649 1936 2691 τῆς
1953 2645 2087 2696 ἡμέρας
2106 2647 2123 2683 ὃ
2148 2646 2290 2697 ἔλεγχος
2308 2645 2422 2684 ἔπεισι

1401 2707 1588 2751 πολλάκις,
1607 2706 1666 2744 καὶ
1687 2706 1768 2757 πρὶν
1785 2707 1945 2743 ἀπελθεῖν
1963 2708 2032 2743 ἐκεῖ
2043 2735 2053 2753 ,
2073 2705 2118 2743 τὰ
2137 2705 2297 2756 ὀνείρατα
2311 2708 2423 2742 ταῦτα

1402 2767 1557 2814 ἀπέπτη.
1579 2765 1883 2816 Ἀποτιναξώμεθα
1904 2765 2015 2804 τοίνυν
2043 2766 2101 2804 τὸν
2127 2765 2276 2816 πονηρὸν
2301 2768 2421 2802 τοῦτον

1401 2827 1518 2866 ὕπνον.
1534 2827 1594 2865 Ἂν
1609 2826 1677 2879 γὰρ
1695 2826 1921 2869 καθεύδοντας
1934 2829 2027 2876 ἡμᾶς
2044 2829 2067 2872 ἡ
2087 2825 2202 2878 ἡμέρα
2217 2825 2402 2876 καταλάὸῃ
2413 2853 2422 2868 ,

1401 2888 1545 2930 θάνατος
1561 2887 1751 2931 διαδέξεται
1773 2887 1960 2929 ἀθάνατος·
1982 2887 2042 2924 καὶ
2063 2887 2130 2937 πρὸ
2154 2889 2216 2932 τῆς
2233 2886 2366 2937 ἡμέρας
2386 2885 2423 2922 δὲ

1401 2948 1532 2994 ἐκείνης
1547 2954 1652 2985 πᾶσιν
1671 2946 1922 2998 εὖεπιχείρητοι
1939 2953 2010 2990 τοῖς
2027 2949 2161 2999 ἐχθροῖς
2176 2952 2246 2988 τοῖς
2265 2947 2424 2983 ἐντεῦθεν

1401 3008 1568 3058 ἐσόμεθα,
1592 3008 1651 3046 καὶ
1685 3008 1878 3059 ἀνθρώποις
1909 3007 1970 3044 καὶ
1999 3006 2162 3055 δαίμοσι·
2188 3005 2252 3043 κᾶν
2289 3008 2423 3044 ἀνελεῖν

1402 3070 1629 3119 βουληθῶσιν,
1648 3069 1665 3104 ὁ
1684 3067 1848 3105 κωλύσων
1876 3066 1994 3109 οὐδείς.
2018 3067 2062 3104 Εἰ
2078 3064 2140 3116 μὲν
2160 3065 2227 3117 γὰρ
2245 3066 2367 3103 πολλοὶ
2390 3067 2422 3104 οἱ

1399 3127 1623 3180 ἐγρηγορότες
1641 3121 1743 3173 ἦσαν,
1757 3128 1818 3163 οὐκ
1836 3120 1877 3171 ἦν
1897 3129 2058 3169 τοσοῦτος
2075 3129 2093 3164 ὁ
2113 3125 2282 3168 κίνδυνος·
2302 3125 2422 3172 ἐπειδὴ

1400 3189 1434 3226 δὲ
1456 3183 1502 3230 εἷς
1518 3203 1582 3225 που
1602 3187 1660 3225 καὶ
1680 3186 1837 3239 δεύτερος
1852 3186 1977 3238 λύχνον
1995 3186 2105 3238 ἅψας,
2125 3186 2283 3237 καθάπερ
2303 3188 2337 3223 ἐν
2358 3188 2423 3236 βα-

1399 3248 1527 3298 θυτάτη
1545 3247 1642 3286 νυκτὶ
1665 3250 1734 3285 τῶν
1756 3248 1870 3285 ἄλλων
1890 3246 2139 3294 καθευδόντων,
2161 3246 2345 3298 ἐγρήγορε,
2365 3245 2422 3284 διὰ
