2502 3810
707 284 750 312 ΙΝ
786 281 926 312 EPIST.

49 364 104 402 τὸν
124 363 382 416 ἐσταυρωμένον
398 370 601 415 προσκυνεῖν
618 364 812 402 ἐκελεύοντο
824 394 833 411 ,
848 363 905 401 τὸν
926 365 960 401 ἐν
975 364 1062 400 Ἰου-

47 424 128 476 δαίᾳ
147 424 318 476 τραφέντα
334 440 342 447 ·
358 424 416 462 καὶ
443 424 532 475 μετὰ
559 429 618 463 τοῦ
636 424 806 475 δόγματος
831 425 888 461 καὶ
912 423 983 474 βίον
1001 425 1062 461 αὖ-

47 484 171 534 στηρὸν
186 499 273 529 κατη
264 484 451 558 ’γγελλρνίι
461 488 491 523 οἱ
507 485 707 522 διδάσκαλοι
723 484 916 537 ἀνθρωποις
932 490 1062 535 τρυφᾷν

49 544 246 594 μεμελετηκ
225 543 320 591 κόσι,
335 544 393 581 καὶ
410 545 494 597 πρὸς
509 545 553 583 τὰ
568 544 724 596 παρόντα
744 544 979 594 ἐπτοημένοις.
994 543 1063 582 Καὶ

48 607 78 642 οἱ
91 604 383 678 καταγγέλλοντες
401 609 489 651 ἦσαν
506 604 650 652 πένητες
666 620 724 642 και
742 605 898 651 ιδιωται,
914 607 1064 655 ἀγεννεῖς

49 664 107 701 καὶ
123 664 194 708 ἐξ
176 667 336 714 αγεννῶν.
351 665 443 703 ”Αλλ
460 665 536 704 οὐδὲ
538 681 555 702 ν
574 665 701 703 τούτων
718 681 776 703 του
789 665 891 715 λόγου
912 665 968 703 τὸν
987 663 1063 716 δρό·

51 741 114 786 μον
143 724 312 763 ἐκώλυσε·
337 728 488 773 τοσαύτη
514 743 573 764 του
602 725 856 777 σταυρωθεντος
874 728 895 770 ἡ
919 724 1064 774 δύναμις

48 788 103 830 ἣν,
121 788 167 828 ὡς
185 790 364 837 ’,ταντα-[οῦ
383 802 560 838 περιαγειν
579 786 637 824 τὸν
650 786 763 835 λόγον.
779 784 1063 835 Καταγγέλλεται

50 845 137 897 γαρ,
158 847 274 898 φησὶν,
295 848 329 884 ἐν
349 846 419 884 ὅλω
437 851 487 885 τῶ
505 847 638 898 κόσμω.
655 846 724 884 Καὶ
739 847 801 883 οὐκ
818 849 891 881 εἰπε
904 845 1061 891 ,δηλοῦ-

50 923 131 953 ται,
154 907 262 954 ἀλλὰ,
285 886 588 959 Καταγγελλεται,
608 909 654 950 ὡς
674 906 813 944 πάντων
836 906 871 942 ἓν
893 904 1063 954 στόμασιν

52 967 171 1011 αὐτους
190 968 348 1019 ἐχόντων.
373 970 666 1006 Θεσσαλονικευσι
687 981 748 1016 μεν
777 968 835 1002 οὖν
854 980 954 1002 τουτο
975 979 1063 1016 μαρ-

50 1044 172 1078 τυριΝ,
198 1029 256 1066 καὶ
291 1028 405 1081 ἕτερον
437 1026 681 1078 προστίΟησιν·
714 1025 819 1063 εἷπων
848 1023 934 1076 γὰρ,
967 1022 1064 1075 ι’Ἀφ’

49 1091 145 1136 ὑμῶν
165 1087 331 1139 ἐξήχηται
351 1091 368 1125 ὁ
387 1087 486 1137 λόγος
514 1090 573 1124 τοῦ
602 1087 694 1124 Θεοῦ
711 1113 720 1130 ,
749 1084 937 1135 ἐπήγαγεν,
954 1083 1065 1122 “flore

50 1146 98 1194 μὴ
123 1146 242 1198 χρείαν
263 1147 354 1198 ἔχειν
373 1148 602 1197 ᾗμᾶςλαλεῖν
621 1162 669 1183 τι.
692 1147 738 1183 Οἱ
761 1144 828 1197 γὰρ
858 1144 1012 1195 μαθηταὶ
1032 1147 1066 1182 ἓν

50 1206 142 1249 τάξει
177 1206 392 1244 διδασκάλων
427 1206 657 1254 κατέστησαν,
690 1205 746 1243 διὰ
778 1209 839 1251 τῆς
869 1203 1067 1257 παρρησίας

50 1268 159 1304 αὐτῶν
179 1266 310 1310 πάντας
325 1267 557 1315 παιδεύοντες,
578 1266 637 1304 καὶ
653 1267 739 1318 πρὸς
766 1265 907 1309 ἑαυτοὺς
927 1265 1068 1317 ἐφελκό-

51 1342 157 1376 μενοι.
178 1329 230 1364 Οὐ
247 1326 314 1380 γὰρ
333 1327 453 1365 ἵστατό
472 1343 537 1365 που
566 1328 605 1365 τὸ
630 1327 814 1378 κήρυγμα,
848 1325 937 1364 ἀλλὰ
961 1326 1068 1377 πυρὸς

50 1387 273 1439 σφοδρότερον
300 1394 413 1426 πᾶσαν
441 1388 542 1440 ἐπῄει
568 1388 630 1435 τὴν
653 1390 868 1438 οἰκουμένην.
895 1387 1068 1425 Ἐνταῦθα

50 1449 86 1486 δὲ
108 1453 267 1487 τοσοῦτον
290 1449 404 1499 μόνον,
421 1450 473 1487 ὅτι
495 1449 794 1500 Καταγγέλλεται.
811 1450 937 1492 Καλῶς
961 1442 1067 1494 εἶπεν,

51 1510 104 1547 ὅτι
124 1510 426 1560 Καταγγέλλεται,
448 1509 580 1553 δεικνὺς
606 1511 659 1548 ὅτι
675 1509 770 1548 οὐδὲν
786 1510 855 1548 ἔδει
868 1512 1068 1562 προσθεῖναι

52 1576 121 1614 τοῖς
152 1570 343 1621 εἰρημένοις
379 1570 454 1609 οὐδὲ
491 1572 627 1622 ἀφελεῖν
640 1586 648 1594 ·
687 1570 832 1621 ἀγγέλου
870 1569 937 1621 γὰρ
969 1574 1069 1607 τοῦτο

55 1630 178 1680 *ἔργον
206 1630 301 1676 ἐστὶ,
325 1630 364 1667 τὸ
390 1629 478 1680 μόνα
496 1630 540 1669 τὰ
558 1630 727 1682 λεγόμενα
754 1630 977 1680 διακομίζειν.
1000 1629 1069 1667 Διὰ

53 1694 150 1727 τοῦτο
164 1690 222 1727 καὶ
240 1694 256 1728 ὁ
272 1690 379 1742 ἱερεὺς
391 1691 534 1742 ἅγγελος
548 1693 729 1738 καλεῖται,
746 1690 800 1729 ὅτι
815 1692 852 1728 οὐ
869 1689 913 1727 τὰ
934 1693 1070 1739 ἑαυτοῦ,

54 1749 144 1786 ἀλλὰ
158 1750 200 1787 τὰ
216 1754 274 1787 τοῦ
289 1750 485 1801 πέμποντος
503 1751 722 1803 ἀναγγέλλει.
739 1750 864 1788 Καίτοι
879 1766 919 1801 γε
938 1751 1070 1803 Πέτρος

53 1810 212 1883 ἐκήρυξεν
241 1812 329 1858 ἐκεῖ,
356 1812 445 1849 ἀλλὰ
467 1812 526 1850 καὶ
548 1812 591 1850 τὰ
611 1811 740 1850 ἐκείνου
767 1814 889 1849 ἑαυτοῦ
913 1814 1070 1862 ἡγεῖται·

54 1871 162 1914 οὕτως
175 1903 184 1919 ,
219 1888 303 1924 οπερ
331 1872 436 1925 ἔφθην
463 1874 581 1918 εἰπὼν,
611 1876 683 1923 μεθ’
706 1872 900 1925 υπερὸολης
933 1873 1072 1919 ἁπάσης

55 1932 279 1982 βασκανίας
263 1950 304 1979 ην
323 1934 482 1986 καθαρός.
495 1933 639 1987 Μάρτυς
660 1933 726 1985 γάρ
744 1933 809 1983 μού
828 1935 919 1972 ἐστιν
936 1936 953 1971 ὃ
971 1933 1072 1982 Θεὸς,

54 1996 83 2044 ᾡ
98 1993 285 2044 λατρεύι)’
271 2010 305 2032 εν
320 2011 369 2031 τι)
384 1993 559 2044 πνεύματί
580 2010 668 2044 μου,
689 1997 723 2033 ἐν
741 1996 791 2046 τῷ
812 1993 1000 2046 εὐαγγελίῳ
1014 1999 1074 2034 τοῦ

55 2054 99 2089 Υ
92 2056 140 2090 ιοῧ
162 2055 277 2091 αὐτου.

109 2121 369 2160 Ἀποστολικῶν
389 2123 597 2176 σπλάγχνων
621 2124 665 2163 τὰ
695 2124 836 2176 ῥήματα
848 2155 857 2173 ,
877 2130 891 2146 ⁰
903 2129 1074 2178 πατρικῆς

56 2182 297 2232 κηδεμονίας
280 2197 301 2231 η
325 2183 507 2236 ἀπόφασις.
527 2185 574 2223 Τί
591 2185 657 2222 δε’
643 2201 734 2223 εστιν
753 2185 774 2224 0'
790 2201 888 2237 φησι,
907 2186 966 2224 καὶ
984 2186 1073 2229 τίνος

56 2243 168 2279 ε’νεκεν
198 2244 254 2281 τὸν
287 2243 376 2282 Θεὸν
406 2245 566 2297 μάρτυρα
592 2246 711 2292 καλεῖ,
742 2246 831 2298 Περὶ
851 2246 1034 2290 διαθέσεως
1056 2250 1073 2285 ὃ

55 2303 189 2376 λόγος
172 2320 213 2349 ην
234 2307 339 2356 αὐτῳ.
359 2305 462 2342 Ἐπεὶ
481 2321 538 2343 ουν
553 2306 686 2344 οὐδέπω
702 2310 743 2352 ἠν
759 2305 881 2350 αὐτους
897 2307 1072 2358 ἑωρακως,

57 2364 113 2401 διά
133 2379 185 2401 τοι
200 2380 301 2403 τουτο
317 2364 506 2416 ἀνθρώπων
524 2365 585 2416 μὲν
603 2366 740 2416 οὐδένα,
770 2366 827 2404 τὸν
849 2367 885 2405 δὲ
905 2367 1072 2417 ε’μὸατεύ-

55 2439 136 2462 οντα
154 2430 230 2468 ταῖς
248 2424 417 2476 καρδίαις,
437 2429 557 2464 τοῦτον
579 2427 722 2466 ἐκάλεσε
730 2397 916 2480 ,μάρτυρα
949 2428 1073 2466 Ἔπει-

57 2484 98 2530 δὴ
120 2485 186 2536 γὰρ
205 2485 339 2536 ἔλεγεν,
365 2485 417 2524 ὅτι
440 2489 566 2538 ἀγαπῶ
586 2490 696 2538 ὑμᾶς,
730 2488 789 2527 καὶ
811 2495 954 2538 σημεῖον
975 2492 1074 2527 ἐποι-

59 2551 127 2582 εῖτο
156 2545 196 2582 τὸ
217 2547 379 2591 διηνεκῶς
401 2547 582 2598 εὔχεσθαι,
613 2548 673 2587 καὶ
694 2549 733 2587 τὸ
756 2548 940 2600 βούλεσθαι
965 2553 1073 2589 ἐλθεῖν

58 2606 142 2655 πρὸς
162 2605 283 2649 αὖτοὺς
295 2636 304 2653 ,
324 2607 382 2644 καὶ
403 2607 478 2646 οὐδὲ
496 2613 596 2647 τοῦτο
614 2611 717 2656 δῆλον
739 2604 781 2657 ἦν
797 2641 808 2658 ,
827 2610 884 2649 ἐπὶ
903 2610 966 2658 τὴν
982 2611 1075 2656 ἀξιό-

58 2682 180 2704 πιστον
207 2666 416 2719 καταφεύγει
454 2669 657 2721 μαρτυρίαν.
693 2664 781 2722 Ἆρα
808 2671 994 2717 δυνήσεταί
1021 2689 1073 2716 τις

57 2729 157 2775 ἡμῶν
177 2727 441 2779 καυχήσασθαι,
463 2727 516 2766 ὅτι
536 2729 710 2779 μέμνηται
730 2730 788 2768 ἐπὶ
809 2735 870 2778 τῆς
889 2733 998 2776 οἷκίας
1019 2736 1073 2771 εὔ-

58 2786 202 2837 χόμενος
220 2792 279 2826 τοῦ
295 2790 356 2834 τῆς
372 2787 586 2835 Ἐκκλησίας
600 2790 856 2843 πληρώματος;
871 2794 947 2831 Οὐκ
963 2788 1074 2844 οἶμαι.

59 2846 150 2884 Ἀλλ’
173 2851 191 2885 ὁ
209 2849 347 2892 Παῦλος
365 2850 431 2901 οὐχ
449 2849 536 2901 ὑπὲρ
552 2851 685 2895 πόλεως
705 2859 798 2901 μιᾶς,
817 2855 893 2891 ἀλλ’
910 2855 996 2906 ὑπὲρ
1012 2858 1074 2901 τῆς

59 2906 260 2956 οἰκουμένης
290 2909 429 2956 ἁπάσης
446 2910 593 2963 προσῄει
610 2915 660 2964 τῷ
680 2915 781 2964 Θεῷ,
813 2913 872 2951 καὶ
889 2917 990 2953 τοῦτο
1011 2917 1075 2967 οὐχ

60 2967 152 3010 ἅπαξ
173 2967 249 3006 οὐδὲ
277 2969 428 3021 δεύτερον
455 2971 530 3009 οὐδὲ
549 2971 676 3024 τρίτον,
694 2972 810 3011 ᾱάλλὰ
829 2975 1006 3020 διηνεκῶς.
1030 2977 1075 3013 Εἰ

65 3026 99 3065 δὲ
115 3027 155 3065 τὸ
173 3029 336 3075 διηνεκῶς
353 3033 388 3068 ἐν
409 3032 528 3084 μνήμῃ
548 3032 625 3070 τινὰ
644 3033 854 3087 περιφέρειν,
875 3037 938 3074 οὐκ
958 3035 997 3073 ἂν
1018 3035 1076 3087 γε’-

105 3167 117 3180 ³
143 3155 249 3188 Iidem
265 3159 313 3200 [et
330 3160 384 3203 A.]
401 3165 427 3195 οἱ
442 3164 630 3203 διδάσκοντες-

106 3210 123 3232 b
150 3208 254 3241 Iidem
272 3216 316 3244 ὅτι
331 3217 382 3257 ἀφ’
399 3217 491 3256 ὑμῶν.

108 3262 121 3275 ³*
148 3262 181 3301 [
172 3267 255 3305 ἔργον
272 3277 306 3300 ην
327 3264 364 3294 A.
389 3272 422 3295 et.
450 3277 554 3308 marg.
573 3267 674 3300 Savil.
698 3269 775 3301 ΜΟΧ
801 3271 838 3302 A·
867 3275 982 3313 ὶέγεται
999 3283 1060 3314 pro

64 3317 134 3345 22-
125 3321 214 3403 avg,
233 3320 283 3399 et¹
291 3320 458 3409 Tua-ssime
447 3331 469 3349 ι
493 3328 553 3358 pro
579 3324 741 3362 otuu-syene
744 3336 763 3354 ι.
786 3322 858 3353 Hoc
883 3334 1014 3366 qnoque
1030 3325 1063 3357 in

65 3376 154 3395 lll'll‘ff
210 3376 258 3396 ἱὶΠ

110 3418 256 3450 Codex
276 3419 356 3451 ilius
374 3420 419 3461 [et
438 3421 490 3461 A.]
507 3430 652 3465 πατρικῆς
668 3426 871 3465 διδασκαλίας,
886 3425 966 3457 alius
985 3440 1068 3460 meu*

967 281 1025 310 AD
1059 280 1167 311 ROM-

1209 281 1363 312 HOMIL.
1404 281 1450 310 11.
2017 261 2108 324 [175

1132 362 1296 400 omnibus
1318 371 1393 399 erat
1406 392 1418 409 ‚
1447 369 1479 398 et
1510 359 1725 398 crucifixum
1749 358 1896 397 adorare
1921 357 2107 409 jubebant,

1132 421 1195 472 qui
1219 422 1254 459 in
1279 421 1402 460 Judaea
1427 420 1601 459 educatus
1621 421 1735 457 fuerat
1743 435 1754 468 5
1774 433 1815 457 ac
1843 433 1924 456 cum
1949 419 2111 456 doctrina

1085 495 1108 524 Β
1132 484 1244 521 vitam
1268 484 1397 522 duram
1423 483 1699 535 praescribebant
1724 482 1884 520 doctores
1907 481 2112 519 hominibus

1131 544 1309 597 voluptati
1330 544 1460 582 deditis
1473 574 1482 591 ,
1501 553 1533 582 et
1559 543 1604 581 ad
1629 542 1815 595 praesentia
1841 543 1955 579 solum
1972 542 2112 579 inhian-

1131 606 1239 644 tibus.
1253 605 1308 644 Ad
1316 605 1405 652 haec,
1417 604 1478 655 qui
1491 604 1555 642 ista
1572 604 1795 653 nuntiabant,
1813 617 1985 655 pauperes
1998 611 2111 647 erant,

1132 665 1266 715 idiotae,
1293 665 1467 716 ignobiles
1495 679 1539 703 ex
1561 664 1778 716 ignobilibus
1799 664 1880 702 orti.
1912 666 1956 701 At
1984 664 2114 701 horum

1132 726 1223 763 nihil
1244 726 1345 764 verbi
1376 739 1520 763 cursum
1545 724 1733 776 impedivit
1756 740 1763 760 :
1789 733 1884 762 tanta
1903 733 1977 762 erat
1997 722 2115 761 cruci-

1130 785 1196 822 fixi
1211 785 1381 836 potentia,
1402 794 1442 823 ut
1463 784 1615 822 verbum
1635 783 1792 833 undique
1807 793 1997 835 spargeret.
2024 785 2063 822 A
2068 798 2115 820 n-

1132 847 1346 891 nuntiatur‚
1374 844 1515 894 inquit,
1546 847 1590 880 in
1617 851 1695 880 toto
1724 845 1880 882 mundo.
1901 845 1980 882 Non
2003 844 2111 893 dixit,

1130 904 1398 952 Manifestatur3
1419 903 1496 951 sed,
1517 902 1808 949 Annuntiatur,
1826 917 1866 940 ac
1883 904 1912 941 si
1932 917 2052 941 omnes
2078 904 2115 940 in

1128 978 1188 1002 ore
1206 964 1349 1001 ferrent.
1366 962 1409 1001 Id
1423 977 1506 1001 vero
1520 962 1895 1001 Thessalonicensibus
1910 964 2114 1013 testificans,

1130 1023 1232 1061 aliud
1258 1022 1360 1061 addit
1381 1038 1388 1059 :
1406 1036 1488 1060 cum
1511 1021 1664 1060 dixisset
1692 1022 1804 1071 enim,
1825 1024 1865 1059 A
1894 1025 2006 1061 vobis
2034 1037 2119 1074 per·
2139 1040 2318 1068 1.leess.1.

1138 1092 1254 1122 sonat
1275 1085 1436 1120 verbum
1466 1084 1556 1128 Dei,
1591 1081 1728 1129 subdit,
1761 1084 1825 1119 Ila
1852 1091 1892 1120 ut
1922 1096 2001 1119 non
2027 1097 2118 1134 opus
2134 1080 2164 1110 8·

1135 1147 1187 1182 sit
1220 1146 1329 1181 nobis
1360 1144 1467 1194 loqui
1499 1144 1664 1194 aliquid.
1693 1142 1873 1194 Discipuli
1901 1157 2054 1193 namque
2084 1143 2120 1180 in

1102 1212 1111 1241 Σ
1134 1204 1321 1242 doctorum
1343 1203 1472 1256 gradU,
1490 1217 1571 1241 cum
1589 1203 1721 1241 fiducia
1738 1203 1907 1254 loquendi
1932 1217 2052 1241 omnes
2068 1203 2121 1240 in-

1135 1265 1329 1303 stituebant
1343 1274 1377 1303 et
1389 1264 1435 1302 ad
1454 1279 1489 1302 se
1500 1264 1700 1302 trahebant.
1720 1265 1905 1314 Nusquam
1916 1264 2122 1316 praedicatio

1136 1326 1294 1372 sistebat,
1317 1324 1379 1363 sed
1409 1325 1491 1376 igne
1512 1324 1751 1363 vehementius
1774 1333 1888 1363 totum
1906 1324 2124 1376 pervadebat

1136 1388 1272 1425 orbem.
1293 1387 1370 1424 Hoc
1393 1395 1513 1425 autem
1539 1386 1616 1424 loco
1641 1386 1756 1423 solum
1774 1386 1918 1435 dicitur,
1941 1385 2038 1436 quod
2061 1400 2123 1423 an-

1137 1447 1333 1486 nuntiatur.
1352 1448 1446 1486 Bene
1466 1446 1575 1495 dixit,
1596 1446 1677 1496 quia
1691 1446 1994 1491 Annzmtiatur5
2008 1455 2123 1484 osten-

1137 1508 1222 1546 dens
1238 1508 1331 1545 nihil
1346 1507 1550 1545 addendum
1562 1507 1669 1545 dictis
1681 1521 1766 1556 esse,
1782 1507 1872 1544 nihil
1887 1507 2102 1544 demendum
2115 1523 2122 1543 :

1138 1569 1254 1607 nuntii
1273 1569 1367 1606 enim
1382 1568 1451 1605 hoc
1471 1582 1560 1620 opus
1582 1577 1647 1616 est,
1669 1577 1707 1606 ut
1728 1582 1767 1605 ea
1787 1569 1903 1606 solum
1924 1582 2003 1618 quae
2028 1567 2125 1605 dicta

1138 1637 1219 1665 sunt
1236 1627 1373 1665 afferat.
1388 1626 1542 1676 Ideoque
1559 1625 1720 1663 sacerdos
1736 1626 1883 1663 nuntius
1902 1640 1960 1663 seu
1978 1626 2125 1677 augelus

1137 1696 1298 1735 vocatur,
1310 1686 1394 1737 quia
1409 1700 1478 1723 non
1499 1700 1575 1733 sua,
1594 1685 1656 1723 sed
1671 1700 1724 1732 ea,
1742 1700 1819 1736 quae
1837 1686 2011 1724 mittentis
2028 1695 2123 1732 sunt,

1138 1748 1335 1788 annuntiat.
1368 1747 1478 1798 Atqui
1519 1749 1660 1785 Petrus?
1685 1747 1761 1784 illic
1793 1747 2025 1798 praedicavit,
2065 1747 2127 1785 sed

1140 1808 1253 1859 ipsius
1264 1815 1354 1854 acta,
1368 1815 1401 1844 et
1414 1820 1475 1844 sua
1487 1819 1559 1843 esse
1571 1805 1671 1843 ducit
1687 1821 1694 1841 :
1714 1804 1776 1854 sic,
1792 1814 1831 1843 ut
1849 1819 1957 1857 supra
1968 1805 2062 1855 dixi,
2079 1807 2126 1843 ab

1094 1882 1119 1911 D
1139 1865 1278 1904 invidia
1291 1864 1497 1903 omnimoda
1515 1863 1617 1901 liber.
1638 1865 1675 1902 9.
1697 1865 1818 1901 Testis
1833 1866 1936 1901 enim
1956 1872 2012 1901 est
2032 1865 2127 1901 mihi

1139 1926 1260 1971 Deus,
1279 1926 1341 1962 cui
1361 1925 1485 1962 servio
1505 1925 1545 1959 in
1565 1924 1702 1974 spiritu
1726 1935 1833 1972 meo,
1862 1924 1904 1959 in
1923 1922 2125 1974 evangelio

1142 1986 1240 2025 Filii
1260 1987 1353 2038 ejus.

1192 2121 1229 2156 9.
1258 2118 1318 2156 Ex
1336 2116 1543 2170 apostolicis
1562 2116 1759 2155 visceribus
1781 2116 1854 2154 haec
1882 2116 1988 2154 verba
2018 2116 2126 2167 profi-

1140 2178 1334 2226 ciscuntur,
1354 2187 1507 2230 paternae
1524 2191 1617 2215 curae
1644 2176 1814 2214 sententia
1837 2186 1900 2214 est.
1921 2175 2022 2222 Quid
2045 2189 2127 2213 vero

1138 2239 1207 2277 sibi
1234 2239 1334 2285 vult,
1365 2247 1399 2276 et
1427 2253 1498 2289 qua
1521 2237 1566 2275 de
1587 2252 1692 2275 causa
1714 2239 1827 2275 Deum
1847 2246 1951 2275 vocat
1978 2238 2127 2274 testem?

1140 2302 1192 2338 De
1209 2299 1341 2337 affectu
1369 2312 1433 2336 suo
1458 2312 1573 2336 sermo
1602 2306 1687 2336 erat.
1709 2297 1805 2345 Quia
1830 2297 1943 2348 igitur
1970 2296 2129 2334 nondum

1138 2360 1219 2397 illos
1235 2359 1388 2406 viderat,
1407 2358 1487 2397 ideo
1501 2358 1642 2396 nullum
1656 2357 1850 2405 hominem,
1873 2357 1934 2395 sed
1953 2371 2048 2404 eum,
2067 2357 2130 2408 qui

1140 2422 1175 2459 in
1190 2421 1298 2459 corda
1310 2428 1487 2472 penetrat,
1509 2419 1652 2457 vocavit
1670 2428 1806 2456 testem.
1825 2420 2017 2469 Postquam
2036 2418 2131 2455 enim

1139 2482 1295 2532 dixerat,
1319 2487 1413 2520 Amo,
1430 2494 1506 2530 VOS,
1529 2489 1562 2518 et
1581 2481 1724 2531 signum
1748 2479 1914 2517 attulerat
1938 2479 2034 2529 quod
2054 2479 2129 2516 fre-

1141 2552 1287 2594 quenter
1317 2549 1531 2593 precaretur,
1561 2549 1597 2578 et
1628 2538 1724 2589 quod.
1743 2539 1851 2577 vellet
1877 2540 1972 2591 ipsos
1999 2538 2126 2576 adire:

1141 2618 1222 2641 cum
1240 2603 1309 2641 hoc
1333 2601 1453 2653 palam
1483 2614 1551 2639 non
1581 2609 1682 2648 esset,
1701 2599 1748 2636 ad
1773 2599 1845 2636 fide
1862 2599 2013 2650 dignum
2033 2599 2129 2636 testi-

1142 2664 1303 2702 monium
1326 2662 1494 2713 confugit.
1518 2664 1572 2699 An
1600 2660 1730 2712 poterit
1750 2660 1939 2711 quisquam
1971 2669 2136 2699 vestrum

1143 2724 1300 2776 gloriari,
1319 2722 1417 2774 quod
1435 2722 1643 2760 memoriam
1656 2720 1763 2757 faeiat
1777 2719 1874 2757 domi
1895 2734 2041 2771 precans
2056 2719 2129 2770 plc-

1142 2787 1316 2826 nitudinis
1344 2784 1537 2824 Ecclesiae?
1566 2785 1644 2821 Non
1667 2791 1768 2834 puto,
1798 2782 1871 2820 Sed
1899 2783 2033 2820 Paulus
2062 2796 2130 2821 nou

1142 2863 1206 2900 pro
1226 2861 1295 2885 una
1315 2846 1469 2894 civitate,
1490 2843 1551 2881 sed
1579 2857 1643 2895 pro
1669 2851 1744 2880 toto
1767 2842 1852 2880 orbe
1876 2844 1989 2880 Deum
2011 2857 2131 2894 preca-

1141 2912 1264 2958 baua-3
1285 2908 1393 2958 idque
1412 2920 1481 2944 non
1501 2905 1620 2953 semel,
1645 2918 1715 2942 non
1734 2903 1803 2952 bis,
1823 2917 1891 2941 non
1912 2913 1976 2951 ter,
1995 2905 2058 2944 sed
2077 2918 2132 2942 as-

1143 2971 1258 3010 sidue.
1293 2969 1401 3016 Quod
1430 2968 1461 3006 si
1490 2966 1631 3005 assidue
1665 2967 1700 3003 in
1729 2965 1900 3003 memoria
1927 2965 2132 3017 quempiam

1144 3031 1387 3081 circumferat,
1406 3027 1545 3068 nonnisi
1564 3041 1608 3065 ex
1628 3026 1773 3065 caritate
1798 3039 1925 3077 magna
1947 3025 2024 3064 fieri
2047 3040 2132 3078 pos-

1130 3174 1258 3210 ματικῆς
1278 3166 1346 3202 κνδε
1334 3167 1464 3205 εμονίας

1171 3221 1185 3238 ‘¹
1209 3219 1221 3259 [
1241 3218 1279 3248 A.
1305 3220 1385 3249 ἀλλὰ
1411 3217 1544 3251 διηνεκῶς
1574 3216 1602 3244 ἐν
1626 3217 1742 3252 μνήμῃ.
1762 3213 1784 3241 :I
1810 3210 1841 3241 δὲ
1865 3212 1899 3241 τὸ
1927 3209 2002 3244 &tm
1992 3215 2061 3244 ‘0135
2077 3222 2141 3243 rm.

1127 3286 1162 3305 π
1153 3285 1227 3315 :Iup
1235 3295 1242 3309 ‚
1261 3278 1371 3300 errore
1399 3263 1606 3305 transpositis
1632 3259 1752 3300 xerbis,
1777 3265 1805 3293 ἐν
1832 3267 1947 3302 μνήμη.
1973 3257 2037 3290 Sed
2056 3266 2143 3290 reete

1134 3322 1223 3354 idem
1239 3332 1313 3352 cum
1331 3316 1432 3351 Savil
1454 3319 1506 3349 εἰ
1493 3321 1525 3349 σε’
1539 3326 1598 3357 pro
1617 3319 1653 3351 ὼς
1668 3311 1854 3354 3:1³&ch
1871 3322 1931 3342 nco
1947 3311 2040 3343 novit
2054 3309 2142 3353 quod

1133 3372 1217 3405 ‘iufra
1237 3378 1311 3413 post
1327 3366 1553 3412 εὐχαῖς-Μοῃιῖ,
1574 3363 1679 3407 posuit
1697 3370 1753 3409 μρ
1772 3361 2010 3394 constructioni
2040 3363 2147 3395 omni·

1139 3436 1181 3457 no
1196 3420 1395 3462 iuimicum.]
