2466 3805
137 2236 304 2274 Eleemosy-

117 2286 159 2303 nae
178 2279 280 2304 virtus.

323 273 411 331 194

315 366 441 404 habuit
454 365 598 414 Paulus3
621 362 733 401 multo
750 359 863 409 magis
884 366 969 394 tunc
996 355 1097 391 initio
1108 351 1285 404 praedica-

315 427 433 475 tionis,
463 438 542 463 cum
572 430 683 460 essent
710 420 825 457 adhuc
862 415 1101 460 infirmimes,
1122 412 1179 449 his
1198 414 1301 463 opus'

314 486 501 523 habebant.
518 485 570 520 Et
586 495 680 526 ecce,
703 479 829 529 inquit,
854 478 934 514 viri
945 476 1050 512 missi
1062 487 1087 510 a
1107 473 1287 510 Cornelio

314 548 540 582 adstiterunt
574 542 628 578 ad
644 542 844 591 januam:
862 544 897 574 et
929 549 1017 572 cum
1050 539 1283 578 vocassent,

312 604 597 653 interrogabant
628 603 661 637 si
701 600 850 642 Simon,
892 598 958 648 qui
995 595 1289 645 cognominatur

309 667 459 708 Petrus,
482 663 566 698 illic
580 662 735 698 haberet
751 661 968 710 hospitium.
990 656 1044 694 Eo
1075 654 1172 706 quod
1204 653 1287 692 vilis

308 732 396 761 esset
414 722 555 771 domus,
567 720 668 768 infra,
690 733 759 757 non
775 728 893 756 autem
918 717 1068 765 vicinos,
1087 716 1286 765 interroga-

307 783 403 820 bant.
418 785 534 819 Petro
551 790 677 818 autem
706 782 786 818 hoec
806 793 932 817 secum
956 780 1169 829 cogitante,
1187 777 1288 812 dixit

307 844 368 880 zllz
377 843 568 894 Spiritus
588 843 752 893 Surgens
771 840 970 885 descende,
990 847 1027 875 et
1054 838 1158 874 vade
1189 836 1289 873 nihil

307 903 503 949 haesitans,
526 905 619 954 quia
638 915 705 953 ego
730 903 817 938 misi
835 913 910 937 eos.
929 897 1048 945 Vide3
1068 911 1137 934 non
1155 895 1283 933 dixit:

306 962 393 1000 Ideo
409 962 501 1000 enim
514 962 604 1001 visio
616 962 781 1014 apparuit
798 961 877 1009 tibi;
894 959 971 1009 sed,
990 961 1073 1010 Ego
1087 958 1176 995 illos
1187 959 1287 1005 misi,

307 1024 490 1063 ostendens
511 1024 562 1062 sic
593 1022 906 1076 obtemperandum
924 1035 1010 1071 esse,
1042 1034 1105 1058 net·¹
1136 1019 1288 1057 rationes

307 1099 381 1123 esse
398 1085 599 1135 exigendas.
620 1084 712 1122 Satis
729 1084 823 1121 enim
846 1091 934 1131 erat,
958 1091 997 1119 ut
1014 1081 1140 1118 certior
1164 1080 1286 1129 fieret,

310 1150 407 1196 quod
439 1146 484 1183 ab
506 1146 569 1183 illo
604 1145 812 1191 audivisset,
839 1144 915 1181 Hoc
933 1144 1002 1192 sac,
1024 1143 1092 1179 hoe
1120 1142 1287 1191 loquere;

309 1220 372 1244 nec
385 1205 473 1256 quid
489 1206 581 1243 ultra
601 1204 827 1255 quaerendum
845 1212 930 1241 erat.
951 1203 1196 1240 Descendens
1218 1214 1287 1238 ‹m-

311 1276 386 1304 tem
402 1268 540 1304 Petrus
560 1267 656 1303 dixit
672 1281 682 1302 :
696 1267 799 1303 Ecce
825 1278 892 1316 ego
908 1277 1004 1309 sum,
1024 1276 1138 1314 quem
1149 1263 1289 1313 quieri-

311 1330 372 1364 τίς.
396 1327 467 1363 Cur
481 1340 550 1364 non
569 1326 686 1363 statim
714 1326 794 1362 illos
817 1324 953 1376 recipit,
968 1322 1028 1360 sed
1048 1323 1194 1372 quaerit?
1216 1321 1286 1361 Vi-

309 1386 418 1424 debat
444 1387 524 1424 illos
543 1401 616 1424 esse
647 1385 777 1423 milites
794 1400 802 1420 :
822 1383 901 1421 ideo
920 1397 989 1420 non
1006 1382 1214 1433 simpliciter
1234 1381 1288 1418 in-

310 1456 464 1498 terrogat
478 1462 488 1495 3
508 1447 569 1484 sed
586 1456 774 1498 postquam
787 1445 900 1482 fassus
919 1452 981 1491 est,
997 1457 1032 1480 se
1055 1443 1172 1494 ipsum
1192 1456 1264 1479 esse
1276 1471 1287 1491 ,

310 1516 394 1544 tunc
411 1507 535 1557 quaerit
552 1507 725 1545 adventus
748 1518 903 1551 causam,
923 1513 961 1540 ut
979 1517 1022 1540 ne
1036 1511 1231 1554 putaretur,
1255 1515 1291 1538 se

310 1568 388 1605 ideo
402 1568 584 1616 sciscitari,
604 1566 703 1617 quasi
721 1566 828 1604 vellet
842 1579 914 1602 sese
936 1564 1124 1602 occultare.
1148 1563 1196 1600 Et
1222 1563 1290 1600 sci-

310 1628 470 1676 scitatur,
493 1636 532 1664 ut
555 1627 584 1664 si
603 1627 723 1664 statim
739 1634 933 1675 urgeretur,
953 1623 1120 1661 cumillis
1138 1622 1218 1672 iret3
1236 1622 1290 1660 sin

310 1689 439 1737 minus,
459 1688 538 1725 illos
555 1687 709 1738 hospitio
728 1686 917 1737 exciperet.
942 1685 1015 1721 Cur
1033 1693 1151 1721 autem
1166 1683 1292 1720 dicunt

309 1749 364 1786 illi
381 1765 388 1785 :
402 1750 580 1787 Accersit
593 1757 628 1785 te
654 1751 696 1785 in
715 1749 868 1784 domum
881 1759 992 1783 suam
1007 1749 1023 1781 Ρ
1039 1745 1134 1792 Quia
1150 1745 1200 1782 sic
1218 1744 1291 1781 illis

312 1818 533 1861 praeceperat.
551 1809 711 1845 Fortasse
728 1821 824 1855 vero,
841 1805 939 1855 quasi
964 1804 1134 1842 rationem
1147 1818 1212 1855 pro
1227 1804 1290 1841 illo

308 1871 444 1919 dantes,
466 1870 611 1906 dicunt:
635 1869 687 1905 Ne
721 1867 867 1904 damnes
897 1866 1012 1914 illum3
1042 1879 1110 1903 non
1133 1865 1234 1916 quasi
1258 1873 1291 1902 te

310 1939 531 1967 contemnens
552 1928 667 1979 misit,
689 1928 748 1966 sed
756 1929 888 1979 jussus.
905 1927 1105 1965 Cornelius
1117 1940 1210 1963 vero
1226 1940 1292 1963 ex·-

309 1993 505 2042 spectahat
524 1990 613 2029 illos
636 2018 647 2037 ‚
676 1990 899 2026 convocatis
929 1990 1103 2039 cognatis
1136 1989 1231 2033 suis,
1254 1995 1291 2025 et

312 2054 534 2089 necessariis
548 2053 694 2088 amicis.
724 2052 810 2088 Jure
847 2065 855 2085 :
892 2062 1004 2099 neque
1031 2048 1127 2085 enim
1154 2048 1292 2099 justum

312 2112 433 2149 suisset
449 2120 613 2162 cognatos
628 2120 660 2148 et
674 2110 803 2147 amicos
824 2123 894 2146 non
912 2109 1020 2146 simul
1038 2108 1189 2146 adduci:
1205 2109 1293 2146 alio-

316 2172 402 2221 quin
422 2186 520 2218 vero,
545 2171 619 2208 illic
644 2179 829 2222 praesentes
849 2170 960 2220 magis
995 2169 1152 2206 audituri
1179 2178 1290 2206 erant.

318 2232 470 2270 Vidistis
486 2262 495 2279 ,
512 2240 641 2281 quanta
661 2230 705 2267 sit
719 2230 946 2280 eleemosynae
964 2229 1091 2277 virtus,
1106 2229 1183 2266 etin
1199 2229 1292 2280 prio-

316 2292 346 2329 ri
371 2301 403 2328 et
422 2292 457 2328 in
488 2290 652 2342 praesenti
682 2304 839 2328 sermone
858 2290 875 2326 ἶ)
911 2289 980 2326 Illa
1014 2303 1034 2326 a
1071 2298 1295 2340 temporanea

316 2361 426 2390 morte
447 2351 612 2388 liberavit
630 2379 640 2399 ‚
673 2350 749 2386 haec
769 2350 814 2386 ab
846 2358 973 2386 aeterna
997 2364 1004 2385 ε
1024 2349 1100 2386 haee
1119 2358 1152 2386 et
1170 2350 1296 2400 januas

315 2411 392 2450 caeli
427 2411 575 2462 aperuit.
618 2409 728 2456 Vide,
760 2409 882 2459 quanti
911 2408 1030 2446 fecerit
1051 2408 1144 2458 quod
1179 2408 1298 2446 credat

316 2472 512 2518 Cornelius,
529 2479 567 2507 ut
580 2479 613 2507 et
626 2469 770 2520 angelus
782 2469 956 2518 mittatur,
966 2478 998 2506 et
1011 2469 1164 2520 Spiritus
1176 2482 1297 2520 opere-

316 2542 387 2580 tur,
403 2541 436 2569 et
449 2531 687 2584 apostolorum
703 2531 913 2582 coryphaeus
928 2530 1132 2578 advocetur,
1148 2531 1297 2580 talisque

318 2603 484 2646 appareat
503 2593 606 2637 visio,
626 2606 667 2630 ac
705 2591 796 2628 nihil
829 2600 923 2629 retro
940 2591 1172 2642 relinquatur.
1203 2591 1299 2637 Quot

318 2663 415 2692 eraut
429 2653 661 2701 centuriones,
680 2651 829 2699 tribuni,
850 2665 960 2702 reges,
986 2660 1019 2688 et
1040 2651 1159 2689 nullus
1175 2665 1298 2689 eorum

318 2714 438 2752 eadem
460 2721 691 2763 consequutus
704 2720 770 2749 est.
789 2711 920 2749 Audite
937 2725 1058 2749 omnes
1077 2720 1249 2762 quotquot
1261 2711 1297 2749 in

318 2774 475 2813 exercitu
493 2773 589 2822 estis,
605 2781 779 2823 quotquot
803 2786 902 2822 reges
922 2772 1070 2824 stipatis.
1088 2774 1184 2810 Pius
1201 2781 1297 2820 erat,

318 2835 447 2885 inquit,
481 2843 517 2872 et
548 2837 684 2871 timens
711 2834 860 2870 Deum:
885 2832 1050 2882 quodque
1070 2834 1199 2884 majus,
1218 2833 1300 2870 talis

319 2904 393 2932 erat
410 2896 507 2933 Cum
535 2896 639 2930 omni
658 2893 770 2929 domo
790 2905 873 2930 sua.
896 2894 948 2929 Ita
968 2901 1041 2929 erat
1070 2892 1154 2929 huic
1171 2892 1220 2929 rei
1246 2892 1299 2930 in<

320 2964 461 3003 tentus,
487 2963 526 2991 ut
556 2967 625 2991 non
643 2952 747 2990 modo
778 2966 840 2989 sua
867 2952 956 2989 bene
980 2951 1210 3003 dispensaret,
1241 2953 1302 2990 sed

321 3015 426 3052 etiam
444 3014 480 3051 in
500 3013 636 3050 familia
650 3026 713 3050 sua
729 3011 886 3063 idipsum
905 3012 1045 3049 faceret.
1064 3013 1144 3049 Non
1157 3012 1251 3049 enim
1262 3021 1301 3049 ut

323 3089 399 3122 nos,
423 3075 484 3124 qui
510 3073 602 3111 nihil
624 3087 692 3110 non
716 3072 882 3123 agimus,
915 3081 954 3109 ut
972 3086 1036 3109 nos
1062 3072 1216 3110 ministri
1249 3072 1299 3110 ti-

324 3144 453 3185 meant,
471 3143 510 3172 ut
528 3143 644 3172 autem
659 3134 710 3185 pii
724 3134 808 3183 sint,
831 3147 901 3171 non
924 3133 1018 3170 item.
1035 3133 1103 3170 Hic
1123 3147 1205 3171 vero
1232 3147 1300 3171 non

325 3197 374 3233 sic.
390 3225 400 3245 ,
433 3196 492 3233 sed
511 3209 593 3233 cum
613 3195 709 3233 omni
744 3194 851 3232 domo
882 3208 945 3231 sua
970 3195 1087 3232 Deum
1125 3194 1271 3232 timebat
1291 3211 1298 3230 :

327 3270 388 3294 nec
422 3255 525 3293 modo
557 3256 656 3305 quasi
693 3254 888 3293 eommunis
909 3263 1006 3306 pater
1039 3263 1111 3292 erat
1144 3254 1303 3293 omnium

373 3403 385 3416 ²
404 3399 516 3430 εἰκότως
533 3393 623 3426 deest
640 3395 672 3425 in
689 3393 895 3435 quibusdam,

794 282 831 311 S.
869 275 1053 309 JOANNIS
1086 273 1328 304 CHRYSOST
1370 272 1575 302 ARCHIEP.
1616 271 1969 303 CONSTANTINOP.

1358 352 1489 401 μᾶλλον
1518 351 1597 389 τότε
1620 353 1656 388 ἐν
1686 354 1778 404 ἀρχῇ
1796 355 1855 389 τοῦ
1883 349 2104 403 κηρύγματος
2124 351 2376 402 ἀσθενεστέρων

1357 410 1462 448 ὄντων
1484 413 1614 458 αὐτῶν,
1635 410 1765 448 τούτων
1782 410 1861 448 ἔδει.
1881 410 1950 447 Καὶ
1972 408 2041 447 ἰδοὺ
2070 412 2102 446 οἷ
2125 409 2264 462 ἄνδρες,
2281 412 2377 462 φησὶ,

1357 471 1388 508 οἱ
1415 470 1669 520 ἀπεσταλμένοι
1691 470 1760 509 ἀπὸ
1783 474 1843 508 τοῦ
1872 469 2064 521 Κορνηλίου
2094 469 2290 517 ἐπέστησαν
2319 471 2378 508 ἐπὶ

1357 531 1413 568 τὸν
1433 533 1575 569 πυλῶνα
1589 546 1596 553 ·
1617 531 1677 569 καὶ
1702 530 1922 582 φωνήσαντες
1951 530 2193 578 ἐπυνθάνοντο,
2210 533 2239 568 εἷ
2256 530 2378 581 Σίμων

1356 592 1374 627 ὃ
1404 588 1671 639 ἐπικαλούμενος
1701 588 1835 641 Πέτρος
1863 588 1981 626 ἐνθάδε
2013 587 2188 633 ξενίζεται.
2223 588 2301 626 Ἅτε
2333 592 2379 631 ὡς

1360 651 1479 695 εὐτελῆ
1496 648 1619 697 οἰκίαν,
1639 649 1793 687 κάτωθεν
1812 648 2039 686 ἐπυνθάνοντο
2051 677 2060 695 ,
2080 650 2117 685 οὐ
2134 647 2212 690 τοὺς
2226 648 2380 698 γείτονας

1360 709 1517 783 ἠρώτων.
1539 711 1611 748 Τοῦ
1628 709 1663 746 δὲ
1691 709 1826 760 Πέτρου
1847 708 2147 758 διενθυμουμένου,
2171 702 2265 746 εἶπεν
2287 710 2380 760 αὐτῷ

1359 770 1399 808 τὸ
1424 772 1592 820 Πνευμα·
1617 769 1768 813 ἀναστὰς
1799 768 1985 815 κατάὸηθι,
2014 784 2073 806 και
2101 785 2245 821 πορευου
2273 768 2379 819 μηδὲν

2267 829 2379 881 “Opot-

1360 894 1422 929 οὐκ
1450 895 1537 939 εἷπε,
1570 891 1627 929 διὰ
1648 891 1716 942 γὰρ
1743 906 1842 928 τουτο
1865 890 1905 928 τὸ
1932 889 2048 943 ὅραμα
2069 905 2122 927 σοι
2142 890 2262 941 ὤφθη·
2287 891 2379 936 ἀλλ’,

1360 830 1633 883 διακρινόμενος,
1661 830 1747 868 διότι
1781 829 1849 881 ἐγω
1878 829 2083 868 ἀπέσταλκα
2107 829 2238 872 αὐτούς.

1361 951 1456 1003 Εγω
1481 951 1601 994 αὐτους
1621 951 1845 999 ἀπέσταλκα,
1870 950 2020 998 δεικνυς,
2041 950 2094 988 ὅτι
2123 966 2213 988 ουτω
2240 951 2290 988 δεῖ
2308 950 2383 988 πεί-

1361 1015 1499 1060 θεσθαι,
1534 1011 1672 1055 εὐθύνας
1700 1013 1763 1049 οὐκ
1797 1014 2022 1049 ἀπαιτοῖῖντα.
2052 1010 2166 1063 Ἀρκεῖ
2195 1010 2264 1063 γὰρ
2297 1010 2382 1062 πρὸς

1361 1088 1478 1110 πασαν
1502 1071 1738 1124 πληροφορίαν
1774 1072 1814 1109 τὸ
1852 1074 1998 1109 ἀκούσαι
2031 1072 2114 1122 παρ’
2147 1072 2274 1119 αὐτοῦ,
2304 1071 2382 1108 τόδε

1361 1132 1518 1179 ποίησον,
1541 1133 1619 1170 τόοε
1643 1132 1812 1179 λάλησον,
1831 1132 1890 1169 καὶ
1911 1131 2016 1181 μηδὲν
2037 1131 2140 1169 πλέον
2157 1134 2284 1177 ζητεῖν.
2309 1133 2383 1169 Κα-

1359 1192 1508 1236 ταὸὰς
1490 1208 1524 1230 οε
1542 1193 1672 1243 Πέτρος
1690 1195 1808 1229 εἶπεν·
1830 1191 1901 1228 ἶδου
1921 1191 1988 1242 εγώ
2013 1193 2096 1241 εἰμι,
2113 1191 2148 1228 ὃν
2169 1193 2313 1236 ζητεῖτε.
2335 1190 2383 1228 Τί

1362 1252 1490 1298 δήποτε
1510 1253 1572 1290 οὐκ
1587 1251 1708 1294 ευθέως
1729 1251 1850 1295 αὐτους
1864 1251 2014 1299 ἐοέξατο,
2035 1251 2125 1289 ἀλλὰ
2154 1253 2384 1298 πυνθάνεται,

1361 1306 1444 1349 Εἰδε
1456 1327 1670 1363 στρατιωτας
1685 1312 1782 1354 ὄντας
1792 1327 1870 1355 τους
1883 1312 2101 1354 επιστοίντας.
2115 1312 2178 1350 Διὸ
2189 1327 2252 1363 ουχ
2263 1313 2382 1356 ἁπλως

1361 1374 1486 1424 ἐρωτᾷ,
1512 1371 1602 1410 ἀλλὰ
1627 1370 1794 1423 πρότερον
1817 1370 2035 1421 ὁμολογήσας
2060 1372 2160 1413 αὐτος
2175 1376 2275 1417 εἶναι,
2301 1371 2382 1410 τότε

1360 1432 1422 1478 τὴν
1444 1432 1557 1470 αἰτίαν
1574 1431 1783 1470 πυνθάνεται
1802 1434 1864 1477 τῆς
1888 1430 2053 1483 ἀφίξεως,
2082 1430 2138 1468 ι’να
2159 1430 2207 1482 μὴ
2231 1435 2380 1483 νομισθῃ

1363 1491 1419 1529 διὰ
1438 1497 1537 1529 τοῦτο
1551 1491 1794 1539 πυνθάνεσθαι,
1813 1494 1858 1534 ὡς
1881 1491 1921 1537 δὴ
1947 1491 2053 1529 θέλων
2071 1491 2191 1529 ἑαυτὸν
2208 1491 2384 1543 κατακρύ-

1362 1555 1438 1604 ψαι.
1455 1553 1530 1591 Καὶ
1553 1552 1782 1599 πυνθάνεται,
1796 1551 1871 1600 ἵνα,
1894 1551 1933 1588 ἂν
1955 1550 2015 1602 μὲν
2034 1552 2157 1594 εὐθέως
2177 1552 2381 1603 κατεπείγῃ,

1363 1613 1422 1651 καὶ
1440 1613 1621 1664 συνεξέλθῃ
1636 1628 1644 1636 ·
1667 1612 1707 1649 ἂν
1728 1613 1762 1649 δὲ
1779 1613 1842 1663 μὴ,
1862 1612 1918 1650 ἵνα
1935 1612 2064 1663 ξενίσῃ.
2095 1612 2199 1655 Τίνος
2215 1612 2250 1651 δὲ
2269 1613 2383 1651 ἕνεκεν

1363 1675 1486 1711 ἐκεῖνοι
1512 1672 1671 1723 λέγουσι,
1692 1671 1970 1723 Μεταπέμπεταί
1997 1688 2034 1710 σε
2060 1674 2107 1716 εἷς
2124 1673 2183 1710 τὸν
2206 1667 2297 1711 οἶκον
2324 1674 2384 1710 αὖ-

1364 1737 1444 1780 τοῦ,
1472 1732 1558 1770 (Ότι
1591 1736 1692 1770 τοῦτο
1720 1734 1835 1775 αὐτοῖς
1865 1732 2036 1770 ἐκέλευσε.
2057 1732 2163 1784 Τάχα
2185 1733 2221 1770 δὲ
2251 1733 2308 1771 καὶ
2338 1736 2384 1777 ὡς

1365 1792 1633 1844 ἀπολογούμενοι
1650 1792 1736 1846 ὑπὲρ
1761 1795 1864 1831 αὐτοῦ
1892 1793 2074 1844 μονονουχὶ
2099 1793 2258 1844 λέγουσι·
2277 1794 2383 1844 μηδὲν

1363 1858 1542 1907 καταγνῷς
1558 1870 1566 1878 ·
1592 1855 1657 1906 οὐχ
1684 1858 1730 1897 ὡς
1756 1857 1981 1906 καταφρονῶν
2011 1853 2165 1906 ἔπεμψεν
2180 1884 2191 1901 ,
2212 1856 2288 1892 ἀλλ’
2311 1857 2385 1893 ἔκε-

1364 1914 1488 1963 λεύσθη
1510 1915 1629 1958 οὕτως.
1644 1915 1688 1953 Ὁ
1709 1915 1744 1953 δὲ
1761 1915 1953 1969 Κορνήλιος
1971 1909 2012 1961 ἦν
2033 1916 2234 1965 προσδοκῶν
2252 1915 2386 1963 αὐτοὺς,

1365 1977 1462 2030 φησὶ,
1479 1975 1805 2028 προσκαλεσάμενος
1820 1975 1899 2019 τοὺς
1916 1982 2088 2027 συγγενεῖς
2107 1976 2221 2022 αὐτοῦ,
2236 1975 2295 2013 καὶ
2309 1976 2386 2019 τοὺς

1366 2037 1572 2089 ἀναγκαίους
1598 2037 1729 2089 φίλους.
1745 2037 1925 2079 ξιΕἰκότως
1938 2052 1946 2059 ·
1969 2038 2006 2074 οὓ
2023 2036 2091 2089 γὰρ
2119 2036 2250 2075 δίκαιον
2266 2032 2307 2084 ἦν
2326 2038 2386 2076 καὶ

1366 2099 1443 2142 τοὺς
1471 2104 1645 2149 συγγενεῖς
1674 2097 1732 2135 καὶ
1768 2097 1845 2141 τοὺς
1876 2097 1992 2149 φίλους
2032 2098 2080 2147 μὴ
2113 2098 2386 2148 συνεπάγεσθαι·

1367 2159 1480 2202 ἄλλως
1509 2159 1545 2195 δὲ
1575 2159 1635 2195 καὶ
1662 2161 1732 2196 ἐκεῖ
1758 2157 1926 2209 παρόντες
1955 2160 2086 2207 μᾶλλον
2113 2159 2216 2196 αὐτοῦ
2235 2158 2387 2204 ἤκουσαν

1367 2219 1422 2255 ἄν.
1444 2218 1580 2263 Εἴδετε,
1600 2218 1690 2264 πόση
1713 2221 1774 2263 τῆς
1794 2217 2027 2268 ἐλεημοσύνης
2045 2221 2067 2264 ἡ
2092 2216 2253 2268 δύναμις,
2272 2217 2331 2255 καὶ
2355 2220 2388 2256 ἐν

1367 2284 1410 2331 τῇ
1435 2279 1587 2332 προτέρᾳ
1616 2280 1761 2323 διαλέξει
1789 2280 1848 2316 καὶ
1879 2282 2043 2326 ἐνταῦθα;
2068 2280 2209 2326 Ἐκείνη
2241 2280 2388 2318 θανάτου

1370 2339 1548 2385 ἀπήλλαξε
1566 2343 1625 2376 τοῦ
1645 2338 1871 2391 προσκαίρου,
1903 2339 1991 2385 αὕτη
2023 2344 2082 2376 τοῦ
2113 2340 2251 2378 αἰωνίου
2269 2356 2277 2364 ·
2300 2340 2389 2386 αὕτη

1369 2401 1428 2439 καὶ
1445 2401 1547 2451 θύρας
1566 2399 1708 2451 ἀνέῳξεν
1727 2401 1887 2450 οὐρανοῦ.
1907 2398 2005 2450 ςὈρα
2024 2399 2079 2442 δὲ,
2105 2403 2179 2441 πῶς
2203 2400 2282 2451 περὶ
2302 2402 2390 2438 πολ-

1369 2463 1428 2499 λοῦ
1450 2460 1632 2511 γεγένηται
1650 2459 1688 2496 τὸ
1707 2463 1891 2497 πιστεῦσαι
1909 2459 2099 2511 Κορνήλιον
2113 2490 2122 2507 ,
2139 2462 2185 2503 ὡς
2204 2460 2263 2498 καὶ
2289 2460 2391 2511 ἄγγε-

1369 2522 1428 2558 λον
1464 2522 1685 2571 πεμφθῆναι,
1720 2518 1779 2557 καὶ
1810 2521 1956 2569 Πνεῦμα
1991 2521 2194 2572 ἐνεργῆσαι,
2239 2519 2297 2557 καὶ
2332 2521 2390 2558 τὸν

1369 2585 1554 2632 κορυφαῖον
1583 2583 1872 2631 μεταπεμφθῆναι
1891 2581 1959 2616 τῶν
1978 2579 2200 2627 ἀποστόλων,
2227 2580 2286 2617 καὶ
2312 2579 2389 2632 ὄψιν

1371 2644 1518 2692 φανῆναι
1533 2654 1708 2688 τοιαυτην,
1730 2639 1789 2677 καὶ
1807 2640 1913 2713 μηδεν
1931 2639 2018 2682 ὅλως
2035 2640 2266 2692 ἐλλειφθῆναι.
2279 2639 2391 2678 Πόσοι

1370 2704 1457 2746 ἦσαν
1476 2699 1743 2773 ἑκατόνταρχοι,
1763 2699 1821 2736 καὶ
1839 2699 2032 2752 χιλίαρχοι,
2053 2700 2113 2737 καὶ
2133 2702 2306 2750 βασιλεῖς,
2332 2700 2391 2738 καὶ

1371 2760 1477 2803 οὐοεὶς
1495 2760 1623 2797 τούτων
1643 2760 1805 2811 ἐπέτυχεν
1830 2763 1876 2797 ὡν
1907 2763 2024 2807 ουτος,
2046 2759 2233 2797 Ἀκούσατε
2253 2759 2391 2806 πάντες,

1372 2821 1443 2859 ὅσοι
1464 2836 1496 2858 εν
1515 2821 1707 2870 στρατείαις
1728 2820 1820 2866 ἐστὲ,
1839 2835 1913 2857 οσοι
1935 2822 2114 2870 βασιλεῦσι
2134 2835 2390 2870 παρεστηκατε.

1371 2879 1529 2930 Εὐσεβὴς
1546 2875 1587 2926 ἦν
1600 2907 1609 2924 ,
1632 2880 1733 2932 φησὶ,
1755 2880 1813 2918 καὶ
1837 2879 2045 2930 φοὸούμενος
2067 2879 2125 2917 τὸν
2145 2879 2235 2917 Θεόν
2252 2895 2259 2902 ·
2277 2880 2336 2917 καὶ
2353 2880 2393 2918 τὸ

1336 2949 1341 2958 “
1375 2943 1501 2991 μεῖζον,
1520 2956 1573 2977 οτι
1587 2955 1738 2982 τοιουτος
1754 2944 1819 2986 ἠν
1810 2940 1910 2977 Μετὰ
1919 2955 2062 2982 παντος
2089 2956 2147 2977 του
2163 2939 2258 2977 οἴκου
2276 2943 2390 2978 αυτου.

1374 3001 1494 3044 Οὕτως
1514 3004 1556 3047 ἠν
1577 2999 1894 3053 συγκεκροτημένος
1914 3015 1997 3051 προς
2016 3015 2116 3037 τουτο
2135 3001 2194 3038 και
2214 3000 2393 3052 διακείμε-

1374 3077 1449 3108 νος,
1474 3064 1519 3104 ὣς
1547 3061 1595 3112 μὴ
1627 3061 1726 3111 μόνον
1757 3064 1792 3098 εὐ
1814 3059 1966 3098 τίθεσθαι
1986 3060 2030 3098 τὰ
2058 3063 2190 3108 οἰκεῖα,
2220 3061 2310 3099 ἀλλὰ
2333 3060 2392 3099 καὶ

1376 3122 1433 3161 ἐπὶ
1454 3125 1516 3168 τῆς
1540 3121 1704 3165 οἰκετείας
1724 3122 1762 3160 τὸ
1788 3121 1870 3159 αὐτὸ
1894 3136 1994 3158 τουτο
2023 3123 2221 3160 ποιεῖν.οὖ
2247 3121 2314 3174 γὰρ
2346 3137 2393 3164 ως

1376 3193 1408 3238 ἦζ
1430 3195 1488 3236 εἷς,
1503 3188 1534 3227 οἳ
1550 3188 1640 3231 ὅπως
1657 3187 1717 3238 μὲν
1733 3191 1816 3237 ἡμῖν
1832 3187 1969 3239 φοὸεροὶ
1986 3190 2016 3225 οἱ
2032 3190 2283 3238 ὑπηρετοῦντες
2301 3186 2393 3224 ἔσον-

1376 3271 1451 3303 ται,
1469 3254 1582 3293 πάντα
1602 3258 1783 3304 ποιοῦμεν,
1803 3252 1895 3296 ὅπως
1917 3253 1952 3291 δὲ
1975 3254 2139 3300 εὐλαὸεῖς,
2156 3253 2281 3293 οὐκέτι.
2301 3253 2391 3291 Ἀλλ’
