2466 3805
2069 242 2081 268 1
2097 226 2151 284 37

89 319 251 373 ὑδρίζων,
271 319 391 357 ἑαυτὸν
414 319 555 371 ὓὸρίζει.
576 320 699 365 Οὐδεὶς
716 325 809 372 ἡμᾶς
831 322 995 368 ἀδικῆσαι
1011 321 1109 367 &ov-f,-
1178 318 1272 367 dieo,
1293 318 1361 356 nisi
1380 332 1443 356 nos
1462 318 1551 370 ipsi3
1573 331 1635 356 nec
1650 319 1730 369 quis
1749 333 1805 356 me
1825 332 2019 371 pauperem
2039 321 2156 371 faciet,

89 395 199 426 σεται,
214 379 408 434 πάλινὲρῶ,
419 379 477 418 ἐὰν
493 380 540 431 μὴ
551 385 652 432 ἡμεῖς
667 381 907 426 {muroile-0618
918 381 1052 428 πένητά
1063 380 1108 431 μέ
1118 411 1165 436 113
1181 378 1248 417 nisi
1264 392 1328 430 ego
1345 378 1432 430 ipse.
1451 381 1525 429 Age
1542 391 1637 430 crgo,
1650 378 1702 416 sic
1720 393 1794 417 rem
1811 378 2071 431 perpendamus
2092 396 2100 417 :
2115 380 2160 418 sit

87 456 140 483 τις
163 440 360 492 ἐργάσεται,
384 441 441 480 ἐὰν
464 442 511 492 μὴ
532 442 600 494 ἐγὼ
619 444 779 493 ἐμαυτόν.
799 444 894 496 Φέρε
910 443 998 496 γὰρ,
1017 442 1106 480 οὕτω
1129 451 1154 478 Α
1179 439 1269 477 1111111
1283 439 1400 477 anima
1417 453 1567 491 pauper,
1586 448 1619 476 et
1637 453 1758 477 omnes
1785 439 1877 477 mihi
1893 440 2061 492 pecunias
2083 455 2158 479 ero-

1179 509 1260 552 gent
1270 516 1281 550 3
1296 500 1386 550 quid
1405 499 1516 537 inde?
1532 501 1653 538 Donec
1668 499 1729 537 illa
1743 509 1913 552 mutetur,
1934 501 2051 539 omnia
2080 502 2157 539 fru-

1178 570 1249 598 stra
1263 570 1355 599 sunt.
1376 561 1431 599 Sit
1446 560 1562 598 anima
1581 561 1670 598 mihi
1685 575 1827 613 magna,
1856 571 1890 600 et
1922 561 2038 600 cuncti
2056 576 2161 613 pecu-

1178 622 1255 659 nias
1269 635 1362 659 meas
1383 622 1579 673 accipiant3
1596 622 1683 672 quid
1701 622 1811 660 inde?
1831 624 1951 661 Donec
1964 623 2063 661 illam
2089 637 2158 660 non

1178 696 1368 734 pauperem
1381 682 1524 732 reddas,
1541 683 1633 720 nihil
1645 683 1728 720 hinc
1737 683 1871 722 damni.
1892 684 1948 723 Sit
1974 684 2064 722 mihi
2088 684 2157 722 im-

1179 756 1269 793 pura
1308 742 1401 790 vita,
1429 751 1463 779 et
1495 756 1614 780 omnes
1642 744 1815 782 contraria
1855 744 1899 782 de
1930 759 1987 783 me
2018 745 2158 794 dicant3

1179 801 1267 852 quid
1314 802 1428 839 inde?
1463 802 1562 839 Licet
1597 802 1717 840 dicant
1734 833 1744 852 ‚
1778 813 1814 841 at
1856 819 1925 842 non
1971 806 2007 843 in
2046 815 2161 843 mente

648 239 687 267 IN
727 239 843 269 ACTA
884 238 1230 269 APOSTOLORUM.
1270 237 1426 266 flomiL.
1468 236 1566 266 xlv.

89 500 320 552 σκεψώμεθα·
354 501 444 540 ἔστω
475 519 533 553 μοι
563 503 660 556 ψυχὴ
693 504 860 556 πενιχρὰ,
892 504 952 542 καὶ
981 503 1108 546 πάντες

88 561 304 600 κενούτωσαν
323 564 370 607 εἷς
389 563 450 614 ἐμὲ
469 562 512 601 τὰ
538 564 727 617 χρήματα·
747 565 781 602 τί
800 570 898 603 τοῦτο
910 580 921 614 5
943 564 1039 607 Ἕως
1066 564 1106 601 ἂν

88 621 201 669 ἐκείνη
227 623 274 673 μὴ
305 625 569 674 μεταέοίληται,
595 626 710 664 πάντα
742 626 869 676 μάτην.
899 625 1020 663 Ἔστω
1048 640 1107 676 μοι

89 683 184 735 ψυχὴ
218 685 373 736 μεγάλη,
406 686 465 724 καὶ
493 687 619 730 πάντες
647 687 922 737 λαμὸανέτωσαν
948 687 991 724 τὰ
1022 686 1106 738 χρή-

92 760 187 795 ματα
203 760 210 768 ·
233 745 266 782 τί
287 749 410 793 τοῦτο,
428 745 525 790 “Eme
548 747 587 784 ἂν
616 747 748 794 ἐκείνην
779 747 826 798 μὴ
847 747 996 798 ποιήσῃς
1013 762 1107 785 πενι-

90 804 192 856 χρὰν,
212 806 305 844 οὐδὲν
336 807 474 857 βλάὲος.
494 805 614 845 ’Έστω
641 823 700 857 μοι
722 806 794 858 βίος
814 807 1025 858 ἀκάθαρτος,
1049 807 1108 844 καὶ
2216 827 2273 854 Hic
2285 835 2364 864 quae-

91 866 218 910 πάντες
238 867 404 904 τάναντία
417 867 612 918 λεγέτωσαν
629 867 708 918 περὶ
725 869 827 917 ἐμοῦ·
847 866 882 904 τί
896 872 1013 914 τοῦτο;
1033 867 1106 904 Κᾶν
1179 861 1393 912 approbant.
1438 862 1598 899 Rursum
1638 862 1684 899 Sit
1721 863 1811 900 mihi
1853 865 1928 903 Vita
1970 880 2074 917 pur-‘17
2128 870 2242 904 etdam
2305 877 2364 895 '¹⁰¹¹

92 926 160 978 γὰρ
187 928 354 979 λέγωσιν,
382 930 458 966 ἀλλ’
479 928 556 980 οὐχὶ
576 927 634 965 καὶ
653 930 687 965 ἐν
708 926 841 977 διανοίᾳ
864 931 975 964 ταῦτα
994 927 1107 978 ψηφί-
1180 936 1300 959 omnes
1315 921 1491 959 contraria
1518 922 1654 971 dicant;
1679 932 1713 960 et
1738 923 1824 973 quid
1862 925 1976 962 inde?
2002 928 2096 964 Nam
2126 929 2160 965 in
2176 910 2364 979 v-,ssffifi'rf'ffl

92 991 219 1031 ζονται.
240 988 353 1026 Πάλιν
374 989 464 1026 ἔστω
482 1003 540 1038 μοι
558 988 629 1039 βίος
643 986 804 1038 καθαρὸς,
824 986 882 1024 καὶ
897 986 1024 1029 πάντες
1044 989 1107 1025 τά-

93 1050 212 1088 ναντία
226 1052 441 1102 λεγέτωσαν·
469 1051 528 1089 καὶ
547 1050 581 1087 τί
599 1054 699 1087 τοῦτο
712 1067 721 1096 ;
741 1049 802 1087 Ἐν
827 1048 895 1101 γὰρ
920 1052 970 1100 τῷ
999 1066 1109 1088 συνει-

93 1111 165 1149 δότι
191 1115 320 1149 ἑαυτῶν
348 1112 654 1161 καταγνώσονται·
671 1112 708 1148 οὗ
730 1110 798 1162 γὰρ
823 1109 864 1157 δὴ
885 1111 1110 1161 πεπεισμένοι

91 1170 261 1222 λέγουσιν.
291 1171 432 1223 ”Ωσπερ
458 1170 526 1224 γὰρ
553 1171 616 1215 τὰς
644 1171 815 1223 εὐφημίας
835 1172 942 1209 οὔδεϊ
970 1172 1109 1225 προσίε-

91 1235 189 1269 σθαι·
205 1231 311 1275 οὕτως
326 1231 401 1270 οὐδὲ
416 1231 477 1275 τὰς
493 1232 716 1284 κατηγορίας.
735 1231 806 1271 Καὶ
825 1232 858 1269 τί
870 1232 962 1284 λέγω
977 1238 1109 1282 ταῦτα;

92 1291 216 1335 Οὐδεὶς
230 1295 313 1343 ἡμῖν
333 1292 574 1330 ἐπιὸουλεῧσαί
591 1307 676 1330 ποτε
696 1292 892 1339 δυνήσεται,
909 1292 984 1330 οὐδὲ
1003 1309 1110 1341 κατη-

91 1352 191 1404 γορίᾳ
221 1353 287 1390 τινὶ
313 1353 534 1406 περιῧαλεῖν,
565 1352 623 1390 ἐὰν
659 1352 873 1404 βουλώμεθα.
901 1352 1049 1405 Ἰδωμεν
1073 1355 1109 1393 δὲ

92 1414 152 1452 καὶ
185 1413 311 1457 οὕτως·
349 1414 478 1452 ἑλκέτω
513 1431 564 1457 τις
591 1415 638 1457 εἷς
670 1415 909 1467 δικαστήριον,
936 1432 1110 1468 συκοφαν-

92 1475 206 1523 τείτω,
235 1478 264 1514 εἰ
297 1475 434 1527 βούλει,
462 1475 522 1513 καὶ
551 1475 612 1523 τὴν
634 1476 749 1528 ψυχὴν
773 1476 946 1530 ἐκφερέτω
962 1493 970 1501 ·
990 1478 1049 1516 καὶ
1076 1477 1111 1516 τί

92 1541 210 1582 τοῦτο,
233 1537 318 1589 πρὸς
342 1536 463 1589 μικρὸν
484 1539 568 1590 παρ’
594 1537 691 1582 ἀξίαν
711 1543 820 1576 ταῦτα
839 1542 960 1577 παθεῖν
968 1555 978 1587 ;
998 1541 1031 1577 Τ
1033 1543 1111 1578 οῧτο

94 1597 155 1648 μὲν
176 1592 232 1636 οἶν
249 1597 332 1636 αὐτὸ
351 1597 476 1644 κακὸν,
495 1597 610 1650 φησίν.
629 1599 722 1636 Αὐτὸ
741 1598 803 1649 μὲν
822 1593 881 1636 οὖν
899 1603 1000 1637 τοῦτο
1016 1604 1110 1638 ξικοι-

89 1658 148 1696 λὸν
176 1659 215 1697 τὸ
242 1658 290 1710 μὴ
320 1661 397 1697 κατ’
422 1659 520 1704 ἀξίαν
541 1663 677 1698 παθεῖν.
705 1658 810 1698 Ἀλλὰ
828 1659 879 1705 τί,
906 1662 984 1698 κατ’
1014 1661 1110 1705 ἀξίαν

91 1719 179 1768 ἔδει,
199 1720 300 1758 Εἴπω
321 1736 354 1758 τι
382 1720 487 1758 πάλιν
502 1736 509 1743 ·
528 1718 737 1773 1ἐριλόσοιρός
760 1736 813 1764 τις
831 1723 899 1758 τῶν
923 1720 1044 1765 ἔξωθεν
1065 1724 1111 1766 ὡς

90 1781 248 1828 ἤκουσεν,
269 1782 321 1819 ὅτι
348 1784 366 1819 ὃ
392 1783 487 1819 δεῖνα
515 1781 788 1829 ἀπέθανε,-““’καί
816 1798 867 1825 τις
895 1776 988 1820 εἶπεν
1017 1785 1111 1835 αὐτῷ

90 1845 158 1881 τῶν
180 1844 368 1892 μαθητῶν·
399 1842 505 1894 οἴμοι,
531 1842 584 1882 ὅτι
615 1843 758 1886 ἀδίκως·
787 1845 914 1887 ἐκεῖνος
942 1844 1111 1895 ἐπιστρα-

91 1904 177 1956 φεὶς,
199 1903 289 1941 ἀλλὰ
307 1903 358 1951 τί,
380 1903 464 1956 ἔφη,
485 1904 626 1948 δικαίως
644 1904 784 1953 ἤθελες,
808 1904 877 1943 Καὶ
893 1903 1057 1951 Ἰωάννης
1077 1904 1112 1944 δὲ

91 1965 170 2016 οὐχὶ
199 1964 327 2008 ἀδίκως
355 1965 523 2011 ἀπέθανε,
542 1967 574 2002 Τ
579 1965 633 2002 ι’να
658 1960 713 2003 οἶν
744 1966 875 2016 μᾶλλον
905 1967 1042 2012 ἐλεεῖς,’
1054 1966 1112 2004 τὸν

88 2025 233 2069 δικαίως
264 2025 540 2073 ἀποθανόντα,ἢ
568 2026 625 2064 τὸν
652 2027 716 2078 οὐχ
737 2027 866 2072 οὕτως;
899 2026 975 2078 οὐχὶ
994 2030 1112 2065 τοῦτον

93 2086 156 2137 μὲν
182 2086 396 2135 ταλανίζεις,
429 2088 557 2125 ἐκεῖνον
582 2086 618 2125 δὲ
647 2086 706 2124 καί
740 2088 945 2138 θαυμάζεις,
978 2087 1026 2125 Τί
1055 2082 1112 2126 οῧν

91 2148 257 2194 ἠδίκηται
286 2148 465 2199 ἅνθρωπος
490 2148 550 2186 καὶ
571 2149 631 2186 ἀπ’
655 2151 759 2186 αὐτοῦ
778 2153 838 2186 τοῦ
862 2148 1008 2186 θανάτου
1034 2165 1112 2199 κερ-

91 2207 194 2251 δάνας
223 2208 371 2259 μεγάλα,
395 2209 432 2246 οὗ
460 2208 563 2259 μόνον
583 2208 677 2246 οὐδὲν
707 2209 870 2260 [stragem
896 2211 940 2247 Εἷ
964 2208 1026 2259 μὲν
1045 2210 1112 2261 γὰρ

90 2268 257 2306 ἀθάνατον
277 2269 358 2306 ὄντα
387 2269 507 2315 θνητὸν
539 2269 658 2315 ἐποίει,
679 2268 762 2313 ἴσως
789 2270 828 2308 ἂν
850 2270 963 2321 βλάὸη
994 2266 1056 2318 ἦν·
1082 2274 1112 2310 εἷ

89 2328 125 2366 δὲ
153 2329 273 2374 θνητὸν
297 2329 392 2375 ὄντα,
414 2328 474 2366 καὶ
495 2329 564 2367 ἀπὸ
584 2331 647 2375 τῆς
665 2330 798 2381 φύσεως
819 2331 942 2384 μικρὸν
969 2331 1110 2384 ὕστερον

87 2389 144 2428 τὸν
180 2389 324 2427 θάνατον
354 2389 556 2441 ἐκδέχεσθαι
588 2390 780 2440 μέλλοντα,
815 2391 979 2431 ἔσπευσεν
1015 2388 1112 2437 οὗτος

89 2449 177 2500 μετὰ
214 2450 311 2497 δόξης
342 2455 462 2488 τοῦτον
496 2452 711 2503 ἐπαγαγεῖν,
740 2451 774 2490 τί
812 2453 958 2504 βλάὸος,
989 2453 1111 2493 Ἔστω

87 2515 173 2562 ἡμῖν
189 2515 211 2558 ἡ
232 2511 327 2563 ψυχὴ
350 2512 581 2564 ῥυθμιζομένη
604 2515 736 2561 καλῶς,
763 2514 822 2552 καὶ
856 2514 985 2566 βλάὲος
1013 2516 1109 2555 οὐδὲν

88 2571 187 2610 ἔσται
215 2571 348 2615 ἔξωθεν.
369 2571 461 2609 Ἀλλ’
491 2575 552 2610 οὐκ
580 2567 613 2611 εἷ
640 2575 675 2610 ἐν
706 2573 806 2626 δόξῃ,
826 2575 897 2613 Καὶ
926 2575 960 2613 τί
992 2580 1110 2626 τοῦτο,

88 2632 207 2683 υΟπερ
236 2631 302 2685 γὰρ
322 2632 379 2670 ἐπὶ
400 2635 468 2670 τῶν
495 2633 687 2685 χρημάτων
719 2635 809 2684 ἐστὶ,
841 2641 942 2675 τοῦτο
969 2637 1028 2675 καὶ
1053 2639 1111 2677 ἐπὶ

90 2696 152 2740 τῆς
179 2692 289 2740 δόξης.
319 2691 379 2731 Ἂν
407 2693 474 2745 γὰρ
501 2687 529 2731 ὦ
557 2697 837 2748 μεγαλοπρεπὴς,
871 2701 909 2736 οὐ
941 2698 1112 2750 δεήσομαι

91 2754 227 2798 οὐδενός
240 2770 248 2778 ·
277 2754 316 2792 ἂν
349 2754 386 2792 δὲ
412 2755 606 2804 κενόδοξος,
625 2755 695 2810 ὅσῳ
714 2757 753 2796 ἂν
773 2759 941 2812 ἐπιτύχω,
958 2760 1111 2813 τοσούτῳ

92 2816 243 2867 μείζονος
271 2816 451 2866 δεήσομαι.
474 2815 566 2854 Τότε
594 2817 629 2854 δὲ
661 2818 815 2868 μάλιστα
844 2821 1005 2873 λαμπρὸς
1036 2821 1111 2860 ἔσο-

92 2892 174 2927 μαι,
194 2877 253 2915 καὶ
282 2877 434 2928 μείζονος
463 2877 705 2928 ἀπολαύσομαι
723 2879 846 2928 δόξης,
875 2883 904 2919 εἰ
933 2897 1111 2934 καταφρο-

134 3026 148 3040 2
161 3014 276 3050 Morel,
295 3017 392 3058 [cum
407 3017 464 3058 D.]
481 3024 580 3056 κακὸν,
597 3028 668 3059 quae
682 3017 782 3050 lectio
801 3018 891 3051 bona
909 3028 976 3058 est,
993 3020 1017 3052 si
1043 3022 1098 3053 iu-

93 3068 291 3109 terrogantis
316 3079 408 3100 more
432 3067 486 3100 hic
501 3068 700 3110 proferatur.

137 3119 152 3143 b
167 3119 240 3150 Hoc
261 3119 414 3151 Socrates
434 3118 517 3152 dicit
532 3120 622 3162 apud
645 3122 824 3164 Diogenem
845 3123 1015 3156 Laertium
1030 3149 1038 3164 ,
1055 3126 1098 3156 si-

93 3168 233 3212 mileque
248 3170 348 3201 refert
360 3170 548 3213 Xenophon
565 3173 597 3203 in
613 3171 770 3216 Apologia
785 3173 944 3206 Socratis.

137 3232 149 3246 c
165 3223 205 3254 In
220 3221 308 3254 hunc
325 3230 432 3255 totum
446 3223 555 3255 locum
569 3223 638 3256 haec
653 3223 753 3256 habet
778 3226 942 3258 Dounfeus
958 3226 990 3258 in
1005 3226 1095 3261 Edit.

93 3272 208 3308 Savil.:
226 3277 306 3308 ἀλλὰ
320 3280 349 3308 τί
357 3280 409 3320 ἔφη
421 3287 429 3317 3
440 3279 554 3314 δικαίως
568 3280 689 3317 ή’θελες,·
703 3275 788 3307 Haec
801 3275 946 3310 Socratis
960 3285 1038 3310 sunl
1053 3279 1100 3311 ad

96 3337 229 3357 uxorem
245 3326 360 3365 verba,
381 3334 415 3358 uz
433 3327 532 3371 refert
550 3328 703 3359 Laertius
719 3329 754 3359 in
765 3327 850 3361 Vita
866 3329 1034 3363 Socratis:
1049 3339 1100 3369 τῆς

96 3382 228 3418 γαν-λαὸς
252 3381 401 3420 εἰπούσης,
420 3383 524 3417 ἀδίκως
547 3385 746 3419 ἀποθνήσκεις·
774 3384 805 3414 σὺ
830 3385 877 3418 δὲ,
894 3387 966 3425 ἔφη,
986 3386 1100 3421 δικαίως

1181 982 1393 1021 conscientia
1417 998 1480 1021 sua
1503 983 1541 1021 id
1573 983 1769 1022 damnant:
1787 999 1857 1023 non
1881 986 1977 1024 enim
2005 990 2164 1038 persuasi

1181 1043 1320 1081 dicunt.
1347 1045 1393 1082 Ut
1411 1044 1506 1082 enim
1526 1044 1649 1082 laudes
1683 1059 1752 1083 non
1786 1056 1924 1098 oportet
1962 1047 2162 1099 admittere,

1183 1106 1234 1144 sic
1251 1120 1314 1144 nec
1331 1106 1581 1145 accusationes.
1598 1107 1647 1145 Et
1665 1121 1727 1146 cur
1744 1107 1820 1146 haec
1839 1108 1944 1148 dieo?
1961 1112 2073 1149 Nemo
2104 1126 2167 1151 no-

1183 1167 1238 1205 bis
1259 1181 1432 1218 umquam
1450 1167 1613 1205 insidiari
1631 1169 1775 1220 poterit,
1806 1183 1919 1220 neque
1947 1172 2167 1211 accusatione

1183 1228 1458 1278 circumvenire,
1480 1228 1511 1266 si
1528 1229 1760 1268 voluerimus.
1794 1230 1870 1268 Hoc
1885 1230 1934 1268 ita
1970 1232 2168 1271 considere-

1183 1304 1285 1328 mus:
1305 1290 1423 1328 trahat
1450 1304 1512 1328 nos
1532 1291 1612 1341 quis
1641 1290 1687 1329 ad
1717 1292 1848 1339 forum,
1868 1292 2118 1341 calumnietur-3
2139 1295 2169 1332 si

1182 1351 1251 1399 vis,
1281 1360 1315 1389 et
1342 1351 1502 1389 animum
1522 1352 1661 1400 efferat3
1680 1361 1713 1390 et
1735 1353 1822 1404 quid
1839 1353 1920 1401 hoc,
1935 1354 1963 1391 si
1989 1355 2170 1408 paulisper

1183 1412 1259 1449 haec
1275 1411 1452 1449 immerito
1465 1412 1584 1450 seras?
1603 1413 1679 1450 Hoc
1693 1413 1813 1466 ipsum
1844 1414 1978 1453 malum
2013 1424 2078 1466 est⁷
2112 1416 2169 1454 in-

1183 1471 1294 1523 quies.
1332 1472 1410 1510 Hoc
1431 1472 1551 1524 ipsum
1578 1472 1714 1511 honum
1751 1483 1815 1523 est,
1843 1474 1939 1526 quod
1971 1475 2169 1515 immeritus

1182 1533 1342 1585 patiaris.
1366 1533 1439 1572 sed
1458 1533 1571 1584 quid?
1592 1548 1636 1571 an
1658 1534 1827 1572 meritum
1850 1535 1924 1588 pati
1955 1538 2169 1589 oportebat?

1183 1593 1332 1644 Aliquid
1350 1593 1479 1632 iterum
1501 1594 1620 1632 dicam
1637 1610 1645 1631 :
1677 1594 1912 1648 philosophus
1931 1597 2078 1648 quidam
2108 1613 2169 1638 ex-

1185 1663 1355 1706 terorum,
1380 1664 1420 1693 ut
1437 1655 1580 1694 audivit
1595 1656 1798 1708 quempiam
1818 1657 1960 1706 obiisse,
1979 1672 2061 1697 cum
2090 1659 2169 1711 qui-

1150 1729 1156 1738 ·
1183 1715 1267 1753 dam
1287 1730 1332 1754 ex
1352 1716 1539 1768 discipulis
1576 1715 1707 1754 diceret
1734 1718 1817 1769 ipsi,
1850 1719 1915 1757 Vae
1945 1719 2050 1770 mihi,
2087 1721 2171 1771 quia

1183 1776 1330 1829 injuste3
1350 1778 1411 1815 ille
1432 1791 1636 1828 conversus,
1673 1778 1744 1816 Sed
1777 1778 1883 1829 quid,
1911 1779 1974 1829 ait,
1994 1795 2038 1818 an
2076 1782 2171 1833 juste

1182 1839 1384 1877 voluisses?
1404 1839 1450 1877 Et
1461 1841 1614 1878 Joannes
1634 1853 1749 1878 nonne
1763 1840 1895 1892 injuste
1909 1851 2072 1881 mortuus
2093 1844 2171 1882 est?

1185 1901 1303 1947 Quem
1321 1913 1404 1951 ergo
1419 1900 1533 1950 magis
1553 1900 1742 1949 miseraris,
1767 1915 1893 1939 eumne
1916 1903 1977 1953 qui
1993 1904 2102 1955 juste,
2125 1919 2170 1943 an

1182 1959 1263 1999 eum
1282 1961 1516 2013 quiinjusteP
1539 1975 1652 1998 nonne
1673 1961 1769 1999 hunc
1796 1963 1968 2001 miserum
1992 1964 2096 2014 dicis,
2125 1965 2169 2004 il-

1182 2021 1259 2058 lum
1275 2035 1358 2059 vero
1373 2020 1546 2058 beatum?
1561 2022 1602 2058 In
1631 2035 1701 2071 quo
1735 2036 1818 2074 ergo
1844 2022 1988 2061 laeditur
2014 2024 2121 2063 homo
2149 2040 2169 2063 a

1183 2093 1310 2134 morte,
1322 2084 1385 2134 qui
1401 2084 1557 2121 multum
1570 2084 1743 2134 lucratur,
1772 2085 1906 2124 nedum
1931 2087 2020 2138 quid
2045 2087 2168 2126 damni

1182 2146 1334 2183 referat?
1348 2148 1439 2184 Nam
1453 2146 1484 2183 si
1510 2160 1556 2183 ex
1584 2146 1779 2185 immortali
1807 2149 1994 2187 mortalem
2015 2150 2165 2200 fecisset,

1181 2207 1272 2244 forte
1291 2206 1462 2244 damnum
1494 2215 1602 2257 esset3
1621 2207 1651 2245 si
1669 2222 1755 2247 vero
1772 2210 1971 2260 mortalem,
1995 2220 2029 2249 et
2046 2226 2090 2249 ex
2109 2226 2168 2250 na-

1183 2276 1262 2305 tura
1281 2281 1344 2305 sua
1371 2267 1478 2319 paulo
1511 2276 1591 2319 post
1628 2268 1844 2306 moriturum
1879 2271 2060 2310 festinavit
2088 2287 2170 2311 cum

1182 2329 1295 2381 gloria
1315 2329 1503 2378 abducere⁷
1519 2329 1609 2380 quid
1619 2330 1704 2368 111110
1719 2331 1868 2370 damni?
1889 2333 1944 2373 Sit
1971 2335 2073 2373 nobis
2091 2336 2168 2373 ani-

1182 2405 1260 2428 mus
1273 2399 1366 2428 recte
1384 2390 1611 2442 compositus,
1628 2400 1661 2429 et
1682 2392 1823 2431 nullum
1847 2394 2066 2433 extrinsecus
2094 2396 2170 2434 da·-

1181 2467 1305 2491 mnum
1325 2451 1501 2491 adveniet.
1519 2452 1590 2491 Sed
1607 2467 1677 2491 non
1701 2468 1736 2492 es
1764 2454 1800 2492 in
1831 2456 1970 2508 gloria?
2003 2458 2051 2496 Et
2080 2459 2168 2509 quid

1180 2515 1275 2552 hoc?
1291 2515 1382 2552 Nam
1401 2514 1501 2564 quod
1515 2514 1550 2551 in
1566 2514 1708 2566 opibus,
1727 2515 1885 2568 idipsum
1905 2517 1941 2555 in
1960 2519 2073 2570 gloria
2103 2530 2166 2558 est.

1180 2576 1219 2614 Si
1239 2575 1334 2613 enim
1352 2575 1564 2626 magnificus
1579 2575 1690 2629 fuero,
1711 2577 1810 2615 nullo
1825 2592 1914 2630 opus
1940 2579 2090 2630 habeho;
2112 2582 2168 2619 sin

1180 2652 1279 2676 vanae
1288 2637 1409 2688 gloriae
1420 2636 1584 2688 cupidus,
1594 2647 1726 2687 quanto
1736 2639 1840 2690 plura
1855 2655 2059 2693 consequar,
2071 2652 2167 2682 tanto

1180 2698 1344 2750 pluribus
1365 2697 1485 2749 egebo.
1520 2698 1625 2735 Tunc
1654 2713 1739 2737 vero
1766 2700 1988 2752 splendidior
2024 2717 2097 2751 ere,
2133 2714 2168 2743 et

1181 2758 1307 2811 majori
1323 2759 1420 2796 fruar
1434 2758 1559 2809 gloria,
1586 2758 1615 2795 si
1644 2759 1796 2810 gloriam
1823 2770 2052 2803 contemsero.
2084 2765 2168 2803 Haec

1180 2836 1263 2859 cum
1277 2821 1445 2870 sciamus,
1469 2819 1621 2872 gratiam
1635 2820 1829 2860 habeamus
1849 2823 1990 2862 Christo
2010 2826 2086 2864 Deo
2106 2841 2168 2865 no-

1181 2891 1268 2932 stro,
1282 2882 1344 2932 qui
1362 2882 1470 2920 talem
1485 2881 1596 2921 vitam
1612 2882 1715 2920 nohis
1732 2883 1884 2935 largitus
1913 2895 1978 2936 est,
2000 2895 2035 2924 et
2067 2887 2169 2927 illam

1166 3025 1303 3063 έέοὐλους
1322 3019 1508 3062 Xenophon
1533 3027 1643 3051 autem
1660 3019 1692 3052 in
1705 3020 1863 3063 Apologia
1877 3021 2024 3055 Socratis
2042 3025 2090 3056 sic
2105 3025 2167 3057 ha-

1167 3073 1240 3115 bet,
1267 3079 1372 3118 παρὼν
1393 3076 1424 3106 δέ
1449 3088 1490 3110 τις
1513 3070 1742 3117 Ᾰπολλὸδωρος,
1769 3077 1952 3115 ἐπιθυμητὴς
1974 3079 2030 3118 μὲν
2042 3081 2169 3123 ἰσχυρῶς

1165 3129 1266 3166 αὐτοῦ,
1281 3129 1379 3162 ἄλλως
1394 3127 1423 3157 δὲ
1439 3128 1558 3162 εὐήθης,
1575 3126 1663 3158 εἶπεν·
1682 3127 1762 3157 ἀλλὰ
1776 3129 1863 3158 τοῦτο
1879 3129 1969 3168 ἔγωγε
1981 3153 1990 3168 ,
2008 3130 2030 3161 ὦ
2046 3137 2167 3175 Σώκρα-

1164 3192 1229 3218 τες,
1249 3180 1455 3220 χαλεπώτατα
1479 3179 1576 3220 φέρω,
1600 3179 1645 3209 ὅτι
1660 3179 1719 3219 ὁρῶ
1742 3190 1773 3208 σε
1797 3179 1902 3214 ἀδίκως
1926 3183 2166 3219 ἀποθνήσκοντα·

1165 3231 1259 3262 *rb-,13⁸5
1284 3232 1401 3270 λέγεται
1418 3233 1632 3270 καταψήσαντα
1657 3230 1746 3260 αὐτοῦ
1770 3233 1823 3265 τὴν
1846 3233 1992 3274 κεφαλὴν,
2009 3237 2098 3267 εἰπεῖν
2111 3243 2118 3251 ”
2139 3240 2171 3269 σὺ

1166 3284 1195 3314 δὲ
1206 3306 1213 3319 ,
1232 3283 1254 3313 ὦ
1278 3283 1416 3324 φίλτατε,
1435 3282 1552 3321 μᾶλλον
1566 3284 1601 3312 ἂν
1618 3281 1737 3312 {Somou
1759 3294 1799 3321 με
1815 3283 1888 3325 ὸρᾷν
1903 3284 2018 3321 δικαίως
2033 3289 2050 3323 ἦ
2067 3289 2172 3325 ἀδίκως

1166 3340 1369 3369 τε).ευτῶντα;
1388 3331 1430 3363 Ει
1445 3330 1532 3363 1111110
1556 3330 1665 3363 10011111
1690 3331 1792 3374 magis
1815 3331 1945 3366 videtur
1971 3335 2171 3381 Chrysosto-

1167 3396 1240 3415 mus
1257 3382 1453 3426 significare.
