<?xml version="1.0" encoding="UTF-8"?>
<!DOCTYPE html PUBLIC "-//W3C//DTD XHTML 1.0 Transitional//EN"
    "http://www.w3.org/TR/xhtml1/DTD/xhtml1-transitional.dtd">
<html xmlns="http://www.w3.org/1999/xhtml" xml:lang="en" lang="en">
 <head>
  <title>
</title>
<meta http-equiv="Content-Type" content="text/html;charset=utf-8" />
  <meta name='ocr-system' content='tesseract 3.04.00' />
  <meta name='ocr-capabilities' content='ocr_page ocr_carea ocr_par ocr_line ocrx_word'/>
</head>
<body>
  <div class='ocr_page' id='page_1' title='image "./operaomniaquaeex09johnuoft/operaomniaquaeex09johnuoft_0533.png"; bbox 0 0 2502 3810; ppageno 0'>
   <div class='ocr_carea' id='block_1_1' title="bbox 779 280 1245 313">
    <p class='ocr_par' dir='ltr' id='par_1_1' title="bbox 779 280 1245 313">
     <span class='ocr_line' id='line_1_1' title="bbox 779 280 1245 313; baseline -0.011 0"><span class='ocrx_word' id='word_1_1' title='bbox 779 284 821 313; x_wconf 81' lang='lat' dir='ltr'><strong>IN</strong></span> <span class='ocrx_word' id='word_1_2' title='bbox 860 281 999 312; x_wconf 78' lang='lat' dir='ltr'><strong>EPIST.</strong></span> <span class='ocrx_word' id='word_1_3' title='bbox 1042 280 1101 309; x_wconf 79' lang='lat' dir='ltr'><strong>AD</strong></span> <span class='ocrx_word' id='word_1_4' title='bbox 1137 280 1245 309; x_wconf 81' lang='lat' dir='ltr'>ROM-</span> 
     </span>
    </p>
   </div>
   <div class='ocr_carea' id='block_1_2' title="bbox 115 361 1140 3141">
    <p class='ocr_par' dir='ltr' id='par_1_2' title="bbox 122 361 1140 1081">
     <span class='ocr_line' id='line_1_2' title="bbox 122 361 1139 418; baseline -0.006 -14"><span class='ocrx_word' id='word_1_5' title='bbox 122 365 397 418; x_wconf 76' lang='grc' dir='ltr'>τυραννουμένῃ,</span> <span class='ocrx_word' id='word_1_6' title='bbox 422 364 566 416; x_wconf 63' lang='grc' dir='ltr'>νιφάδας</span> <span class='ocrx_word' id='word_1_7' title='bbox 592 367 794 416; x_wconf 81' lang='grc' dir='ltr'>πειρασμῶν</span> <span class='ocrx_word' id='word_1_8' title='bbox 830 362 1034 413; x_wconf 78' lang='grc' dir='ltr'>ὑπομένειν·</span> <span class='ocrx_word' id='word_1_9' title='bbox 1052 361 1139 399; x_wconf 77' lang='grc' dir='ltr'>οὕτω</span> 
     </span>
     <span class='ocr_line' id='line_1_3' title="bbox 122 420 1140 478; baseline -0.007 -13"><span class='ocrx_word' id='word_1_10' title='bbox 122 431 202 478; x_wconf 74' lang='grc' dir='ltr'>γοῦν</span> <span class='ocrx_word' id='word_1_11' title='bbox 221 427 280 465; x_wconf 78' lang='grc' dir='ltr'><strong>καὶ</strong></span> <span class='ocrx_word' id='word_1_12' title='bbox 298 427 355 464; x_wconf 79' lang='grc' dir='ltr'><strong>τὸν</strong></span> <span class='ocrx_word' id='word_1_13' title='bbox 377 425 448 477; x_wconf 88' lang='grc' dir='ltr'>βίον</span> <span class='ocrx_word' id='word_1_14' title='bbox 469 424 654 463; x_wconf 78' lang='grc' dir='ltr'>κατέλυσεν</span> <span class='ocrx_word' id='word_1_15' title='bbox 669 426 703 461; x_wconf 82' lang='grc' dir='ltr'><strong>ἐν</strong></span> <span class='ocrx_word' id='word_1_16' title='bbox 718 428 761 475; x_wconf 75' lang='grc' dir='ltr'><strong>τῇ</strong></span> <span class='ocrx_word' id='word_1_17' title='bbox 781 423 879 461; x_wconf 84' lang='grc' dir='ltr'>πόλει</span> <span class='ocrx_word' id='word_1_18' title='bbox 901 421 1009 472; x_wconf 79' lang='grc' dir='ltr'>ταύτῃ</span> <span class='ocrx_word' id='word_1_19' title='bbox 1023 420 1140 473; x_wconf 75' lang='grc' dir='ltr'>,παρὰ</span> 
     </span>
     <span class='ocr_line' id='line_1_4' title="bbox 122 482 1138 537; baseline -0.007 -12"><span class='ocrx_word' id='word_1_20' title='bbox 122 492 182 526; x_wconf 75' lang='grc' dir='ltr'><strong>τοῦ</strong></span> <span class='ocrx_word' id='word_1_21' title='bbox 203 487 281 525; x_wconf 87' lang='grc' dir='ltr'>τότε</span> <span class='ocrx_word' id='word_1_22' title='bbox 307 490 550 537; x_wconf 76' lang='grc' dir='ltr'>τυραννοῦντος</span> <span class='ocrx_word' id='word_1_23' title='bbox 582 484 837 535; x_wconf 80' lang='grc' dir='ltr'>ἀποτμηθείς)·</span> <span class='ocrx_word' id='word_1_24' title='bbox 858 485 933 520; x_wconf 87' lang='grc' dir='ltr'>ἀλλ’</span> <span class='ocrx_word' id='word_1_25' title='bbox 963 482 1056 532; x_wconf 79' lang='grc' dir='ltr'>ὅμως</span> <span class='ocrx_word' id='word_1_26' title='bbox 1077 497 1138 519; x_wconf 88' lang='grc' dir='ltr'><strong>το-</strong></span> 
     </span>
     <span class='ocr_line' id='line_1_5' title="bbox 122 540 1136 597; baseline -0.008 -12"><span class='ocrx_word' id='word_1_27' title='bbox 122 551 233 585; x_wconf 77' lang='grc' dir='ltr'>σαῧτα</span> <span class='ocrx_word' id='word_1_28' title='bbox 247 549 447 597; x_wconf 74' lang='grc' dir='ltr'>προσδοκῶν</span> <span class='ocrx_word' id='word_1_29' title='bbox 467 548 662 596; x_wconf 72' lang='grc' dir='ltr'>ὃπομενεῖν,</span> <span class='ocrx_word' id='word_1_30' title='bbox 682 545 792 584; x_wconf 81' lang='grc' dir='ltr'>οὐδενὶ</span> <span class='ocrx_word' id='word_1_31' title='bbox 806 542 934 581; x_wconf 78' lang='grc' dir='ltr'>τούτων</span> <span class='ocrx_word' id='word_1_32' title='bbox 955 540 1136 592; x_wconf 68' lang='grc' dir='ltr'>ὀκνηρότε-</span> 
     </span>
     <span class='ocr_line' id='line_1_6' title="bbox 126 601 1140 660; baseline -0.008 -15"><span class='ocrx_word' id='word_1_33' title='bbox 126 623 180 660; x_wconf 86' lang='grc' dir='ltr'><strong>ρος</strong></span> <span class='ocrx_word' id='word_1_34' title='bbox 196 607 367 659; x_wconf 80' lang='grc' dir='ltr'>ἐγίγνετο,</span> <span class='ocrx_word' id='word_1_35' title='bbox 389 606 405 626; x_wconf 72' lang='lat'><strong>¹³</strong></span> <span class='ocrx_word' id='word_1_36' title='bbox 422 607 510 644; x_wconf 79' lang='grc' dir='ltr'>ἀλλὰ</span> <span class='ocrx_word' id='word_1_37' title='bbox 530 605 761 656; x_wconf 87' lang='grc' dir='ltr'>κατηπείγετο</span> <span class='ocrx_word' id='word_1_38' title='bbox 777 604 836 642; x_wconf 79' lang='grc' dir='ltr'><strong>καὶ</strong></span> <span class='ocrx_word' id='word_1_39' title='bbox 855 602 956 640; x_wconf 86' lang='grc' dir='ltr'>ὤδινε</span> <span class='ocrx_word' id='word_1_40' title='bbox 975 602 1034 639; x_wconf 83' lang='grc' dir='ltr'><strong>καὶ</strong></span> <span class='ocrx_word' id='word_1_41' title='bbox 1050 601 1140 654; x_wconf 88' lang='grc' dir='ltr'>πρό-</span> 
     </span>
     <span class='ocr_line' id='line_1_7' title="bbox 123 660 1140 719; baseline -0.008 -13"><span class='ocrx_word' id='word_1_42' title='bbox 123 672 229 718; x_wconf 85' lang='grc' dir='ltr'>θυμος</span> <span class='ocrx_word' id='word_1_43' title='bbox 247 663 301 715; x_wconf 60' lang='grc' dir='ltr'><strong>ἦν.</strong></span> <span class='ocrx_word' id='word_1_44' title='bbox 319 667 381 705; x_wconf 76' lang='grc' dir='ltr'><strong>Διό</strong></span> <span class='ocrx_word' id='word_1_45' title='bbox 393 683 509 719; x_wconf 71' lang='grc' dir='ltr'>φησιν,</span> <span class='ocrx_word' id='word_1_46' title='bbox 529 666 631 705; x_wconf 80' lang='grc' dir='ltr'>Οὕτω</span> <span class='ocrx_word' id='word_1_47' title='bbox 650 667 689 704; x_wconf 82' lang='grc' dir='ltr'><strong>τὸ</strong></span> <span class='ocrx_word' id='word_1_48' title='bbox 704 664 783 703; x_wconf 73' lang='grc' dir='ltr'>κατ’</span> <span class='ocrx_word' id='word_1_49' title='bbox 797 663 858 714; x_wconf 80' lang='grc' dir='ltr'><strong>ἐμὲ</strong></span> <span class='ocrx_word' id='word_1_50' title='bbox 872 663 1060 715; x_wconf 79' lang='grc' dir='ltr'>πρόθυμον,</span> <span class='ocrx_word' id='word_1_51' title='bbox 1080 660 1140 698; x_wconf 76' lang='grc' dir='ltr'><strong>καὶ</strong></span> 
     </span>
     <span class='ocr_line' id='line_1_8' title="bbox 123 723 1138 779; baseline -0.008 -12"><span class='ocrx_word' id='word_1_52' title='bbox 123 732 203 779; x_wconf 76' lang='grc' dir='ltr'>ὑμῖν</span> <span class='ocrx_word' id='word_1_53' title='bbox 225 734 296 772; x_wconf 87' lang='grc' dir='ltr'>τοῖς</span> <span class='ocrx_word' id='word_1_54' title='bbox 322 731 356 765; x_wconf 82' lang='grc' dir='ltr'><strong>ἐν</strong></span> <span class='ocrx_word' id='word_1_55' title='bbox 379 728 501 778; x_wconf 82' lang='grc' dir='ltr'>Ῥώμῃ</span> <span class='ocrx_word' id='word_1_56' title='bbox 536 727 834 778; x_wconf 79' lang='grc' dir='ltr'>εὐαγγελίσασθαι.</span> <span class='ocrx_word' id='word_1_57' title='bbox 855 726 908 762; x_wconf 83' lang='grc' dir='ltr'><strong>Οὐ</strong></span> <span class='ocrx_word' id='word_1_58' title='bbox 938 723 1005 775; x_wconf 84' lang='grc' dir='ltr'><strong>γὰρ</strong></span> <span class='ocrx_word' id='word_1_59' title='bbox 1033 725 1138 760; x_wconf 80' lang='grc' dir='ltr'>ἐπαι-</span> 
     </span>
     <span class='ocr_line' id='line_1_9' title="bbox 122 779 1138 841; baseline -0.009 -14"><span class='ocrx_word' id='word_1_60' title='bbox 122 790 295 841; x_wconf 84' lang='grc' dir='ltr'>σχύνομαι</span> <span class='ocrx_word' id='word_1_61' title='bbox 312 790 350 828; x_wconf 86' lang='grc' dir='ltr'><strong>τὸ</strong></span> <span class='ocrx_word' id='word_1_62' title='bbox 369 788 580 839; x_wconf 77' lang='grc' dir='ltr'>εὐαγγέλιον.</span> <span class='ocrx_word' id='word_1_63' title='bbox 600 787 646 826; x_wconf 87' lang='grc' dir='ltr'><strong>Τί</strong></span> <span class='ocrx_word' id='word_1_64' title='bbox 664 786 746 838; x_wconf 76' lang='grc' dir='ltr'>φῂς,</span> <span class='ocrx_word' id='word_1_65' title='bbox 763 779 791 823; x_wconf 64' lang='grc' dir='ltr'>ὦ</span> <span class='ocrx_word' id='word_1_66' title='bbox 821 786 961 830; x_wconf 76' lang='grc' dir='ltr'>Παῦλε;</span> <span class='ocrx_word' id='word_1_67' title='bbox 983 781 1068 820; x_wconf 81' lang='grc' dir='ltr'>Δέον</span> <span class='ocrx_word' id='word_1_68' title='bbox 1089 784 1138 819; x_wconf 89' lang='grc' dir='ltr'>εἷ-</span> 
     </span>
     <span class='ocr_line' id='line_1_10' title="bbox 123 842 1138 900; baseline -0.009 -12"><span class='ocrx_word' id='word_1_69' title='bbox 123 855 211 897; x_wconf 88' lang='grc' dir='ltr'>πεῖν,</span> <span class='ocrx_word' id='word_1_70' title='bbox 230 850 284 888; x_wconf 74' lang='grc' dir='ltr'><strong>ὅτι</strong></span> <span class='ocrx_word' id='word_1_71' title='bbox 306 850 364 887; x_wconf 82' lang='grc' dir='ltr'><strong>καὶ</strong></span> <span class='ocrx_word' id='word_1_72' title='bbox 383 852 572 900; x_wconf 74' lang='grc' dir='ltr'>καυχῶμαι</span> <span class='ocrx_word' id='word_1_73' title='bbox 594 847 654 885; x_wconf 78' lang='grc' dir='ltr'><strong>καὶ</strong></span> <span class='ocrx_word' id='word_1_74' title='bbox 685 845 899 896; x_wconf 81' lang='grc' dir='ltr'>σεμνύνομαι</span> <span class='ocrx_word' id='word_1_75' title='bbox 918 843 977 880; x_wconf 79' lang='grc' dir='ltr'><strong>καὶ</strong></span> <span class='ocrx_word' id='word_1_76' title='bbox 997 842 1138 894; x_wconf 66' lang='grc' dir='ltr'>ἕναὸρύ·</span> 
     </span>
     <span class='ocr_line' id='line_1_11' title="bbox 124 902 1139 961; baseline -0.01 -13"><span class='ocrx_word' id='word_1_77' title='bbox 124 926 275 961; x_wconf 81' lang='grc' dir='ltr'>νομαι,</span> <span class='ocrx_word' id='word_1_78' title='bbox 259 925 359 947; x_wconf 88' lang='grc' dir='ltr'>τουτο</span> <span class='ocrx_word' id='word_1_79' title='bbox 378 909 439 959; x_wconf 76' lang='grc' dir='ltr'><strong>μὲν</strong></span> <span class='ocrx_word' id='word_1_80' title='bbox 459 912 496 947; x_wconf 83' lang='grc' dir='ltr'><strong>οὐ</strong></span> <span class='ocrx_word' id='word_1_81' title='bbox 517 909 645 959; x_wconf 75' lang='grc' dir='ltr'>λέγεις,</span> <span class='ocrx_word' id='word_1_82' title='bbox 666 907 704 944; x_wconf 85' lang='grc' dir='ltr'><strong>τὸ</strong></span> <span class='ocrx_word' id='word_1_83' title='bbox 720 908 756 943; x_wconf 84' lang='grc' dir='ltr'>δε</span> <span class='ocrx_word' id='word_1_84' title='bbox 743 905 913 943; x_wconf 85' lang='grc' dir='ltr'>ἔλαττον</span> <span class='ocrx_word' id='word_1_85' title='bbox 932 903 1071 949; x_wconf 86' lang='grc' dir='ltr'>τούτου,</span> <span class='ocrx_word' id='word_1_86' title='bbox 1086 902 1139 939; x_wconf 79' lang='grc' dir='ltr'><strong>ὅτι</strong></span> 
     </span>
     <span class='ocr_line' id='line_1_12' title="bbox 123 964 1136 1036; baseline -0.008 -28"><span class='ocrx_word' id='word_1_87' title='bbox 123 972 183 1009; x_wconf 87' lang='grc' dir='ltr'><strong>οὐκ</strong></span> <span class='ocrx_word' id='word_1_88' title='bbox 201 969 411 1021; x_wconf 70' lang='grc' dir='ltr'>ἓπαισχύνῃ’</span> <span class='ocrx_word' id='word_1_89' title='bbox 432 969 516 1019; x_wconf 77' lang='grc' dir='ltr'>ὅπερ</span> <span class='ocrx_word' id='word_1_90' title='bbox 547 970 608 1006; x_wconf 82' lang='grc' dir='ltr'><strong>οὐκ</strong></span> <span class='ocrx_word' id='word_1_91' title='bbox 626 966 684 1004; x_wconf 81' lang='grc' dir='ltr'><strong>ἐπι</strong></span> <span class='ocrx_word' id='word_1_92' title='bbox 706 969 773 1003; x_wconf 81' lang='grc' dir='ltr'><strong>τῶν</strong></span> <span class='ocrx_word' id='word_1_93' title='bbox 807 964 938 1016; x_wconf 83' lang='grc' dir='ltr'>σφόδρα</span> <span class='ocrx_word' id='word_1_94' title='bbox 964 965 1136 1036; x_wconf 79' lang='grc' dir='ltr'>λαμπρων</span> 
     </span>
     <span class='ocr_line' id='line_1_13' title="bbox 122 1022 1137 1081; baseline -0.01 -13"><span class='ocrx_word' id='word_1_95' title='bbox 122 1031 232 1081; x_wconf 79' lang='grc' dir='ltr'>λέγειν</span> <span class='ocrx_word' id='word_1_96' title='bbox 254 1030 434 1067; x_wconf 68' lang='grc' dir='ltr'>εἰώθαμεν.</span> <span class='ocrx_word' id='word_1_97' title='bbox 452 1029 499 1066; x_wconf 87' lang='grc' dir='ltr'><strong>Τί</strong></span> <span class='ocrx_word' id='word_1_98' title='bbox 519 1032 575 1065; x_wconf 83' lang='grc' dir='ltr'><strong>οὐν</strong></span> <span class='ocrx_word' id='word_1_99' title='bbox 601 1030 692 1065; x_wconf 81' lang='grc' dir='ltr'>ἐστιν</span> <span class='ocrx_word' id='word_1_100' title='bbox 711 1026 732 1064; x_wconf 77' lang='grc' dir='ltr'>ὅ</span> <span class='ocrx_word' id='word_1_101' title='bbox 747 1040 852 1077; x_wconf 74' lang='grc' dir='ltr'>φησι,</span> <span class='ocrx_word' id='word_1_102' title='bbox 873 1024 931 1061; x_wconf 85' lang='grc' dir='ltr'><strong>καὶ</strong></span> <span class='ocrx_word' id='word_1_103' title='bbox 956 1023 1046 1065; x_wconf 87' lang='grc' dir='ltr'>τίνος</span> <span class='ocrx_word' id='word_1_104' title='bbox 1064 1022 1137 1060; x_wconf 76' lang='grc' dir='ltr'>ἔνε-</span> 
     </span>
    </p>

    <p class='ocr_par' dir='ltr' id='par_1_3' title="bbox 115 1084 1139 2106">
     <span class='ocr_line' id='line_1_14' title="bbox 119 1084 1136 1141; baseline -0.009 -13"><span class='ocrx_word' id='word_1_105' title='bbox 119 1106 177 1128; x_wconf 87' lang='grc' dir='ltr'><strong>κεν</strong></span> <span class='ocrx_word' id='word_1_106' title='bbox 199 1091 288 1127; x_wconf 79' lang='grc' dir='ltr'>οὔτι)</span> <span class='ocrx_word' id='word_1_107' title='bbox 307 1089 512 1141; x_wconf 73' lang='grc' dir='ltr'>φθέγγεται,</span> <span class='ocrx_word' id='word_1_108' title='bbox 532 1087 645 1125; x_wconf 86' lang='grc' dir='ltr'>καίτοι</span> <span class='ocrx_word' id='word_1_109' title='bbox 658 1102 696 1137; x_wconf 89' lang='grc' dir='ltr'>γε</span> <span class='ocrx_word' id='word_1_110' title='bbox 713 1084 947 1135; x_wconf 79' lang='grc' dir='ltr'>ἀ(αλλόμενος</span> <span class='ocrx_word' id='word_1_111' title='bbox 967 1084 1020 1120; x_wconf 82' lang='grc' dir='ltr'>ἐπ’</span> <span class='ocrx_word' id='word_1_112' title='bbox 1044 1085 1136 1120; x_wconf 81' lang='grc' dir='ltr'>αὐτι)</span> 
     </span>
     <span class='ocr_line' id='line_1_15' title="bbox 121 1142 1135 1200; baseline -0.007 -14"><span class='ocrx_word' id='word_1_113' title='bbox 121 1151 251 1200; x_wconf 74' lang='grc' dir='ltr'>μᾶλλον</span> <span class='ocrx_word' id='word_1_114' title='bbox 272 1149 293 1194; x_wconf 86' lang='grc' dir='ltr'>ἢ</span> <span class='ocrx_word' id='word_1_115' title='bbox 314 1149 370 1187; x_wconf 80' lang='grc' dir='ltr'><strong>ἐπι</strong></span> <span class='ocrx_word' id='word_1_116' title='bbox 388 1165 437 1185; x_wconf 70' lang='grc' dir='ltr'><strong>τι)</strong></span> <span class='ocrx_word' id='word_1_117' title='bbox 461 1150 614 1198; x_wconf 71' lang='grc' dir='ltr'>ουρανι3;</span> <span class='ocrx_word' id='word_1_118' title='bbox 630 1146 806 1187; x_wconf 80' lang='grc' dir='ltr'>Γαλάταις</span> <span class='ocrx_word' id='word_1_119' title='bbox 824 1160 904 1195; x_wconf 90' lang='grc' dir='ltr'>γουν</span> <span class='ocrx_word' id='word_1_120' title='bbox 922 1142 1135 1181; x_wconf 79' lang='grc' dir='ltr'>ἐπιστέλλων</span> 
     </span>
     <span class='ocr_line' id='line_1_16' title="bbox 118 1202 1136 1259; baseline -0.008 -12"><span class='ocrx_word' id='word_1_121' title='bbox 118 1210 256 1257; x_wconf 82' lang='grc' dir='ltr'>ἔλεγεν·</span> <span class='ocrx_word' id='word_1_122' title='bbox 274 1208 413 1259; x_wconf 86' lang='grc' dir='ltr'>Εμοι</span> <span class='ocrx_word' id='word_1_123' title='bbox 395 1208 430 1245; x_wconf 79' lang='grc' dir='ltr'><strong>οὲ</strong></span> <span class='ocrx_word' id='word_1_124' title='bbox 450 1207 497 1258; x_wconf 82' lang='grc' dir='ltr'><strong>μὴ</strong></span> <span class='ocrx_word' id='word_1_125' title='bbox 514 1207 646 1257; x_wconf 87' lang='grc' dir='ltr'>γε’νοιτο</span> <span class='ocrx_word' id='word_1_126' title='bbox 667 1208 884 1257; x_wconf 80' lang='grc' dir='ltr'>καυχᾶσθαι,</span> <span class='ocrx_word' id='word_1_127' title='bbox 907 1206 936 1241; x_wconf 86' lang='grc' dir='ltr'>εἰ</span> <span class='ocrx_word' id='word_1_128' title='bbox 958 1202 1005 1254; x_wconf 81' lang='grc' dir='ltr'><strong>μὴ</strong></span> <span class='ocrx_word' id='word_1_129' title='bbox 1032 1205 1066 1240; x_wconf 78' lang='grc' dir='ltr'><strong>ἓν</strong></span> <span class='ocrx_word' id='word_1_130' title='bbox 1087 1204 1136 1239; x_wconf 80' lang='grc' dir='ltr'><strong>τῶ</strong></span> 
     </span>
     <span class='ocr_line' id='line_1_17' title="bbox 120 1263 1136 1321; baseline -0.007 -14"><span class='ocrx_word' id='word_1_131' title='bbox 120 1285 257 1321; x_wconf 87' lang='grc' dir='ltr'>σταυρῳ</span> <span class='ocrx_word' id='word_1_132' title='bbox 272 1285 330 1306; x_wconf 93' lang='grc' dir='ltr'><strong>του</strong></span> <span class='ocrx_word' id='word_1_133' title='bbox 358 1267 488 1320; x_wconf 86' lang='grc' dir='ltr'>Κυρίου</span> <span class='ocrx_word' id='word_1_134' title='bbox 508 1269 607 1316; x_wconf 81' lang='grc' dir='ltr'>ἡμων</span> <span class='ocrx_word' id='word_1_135' title='bbox 626 1266 742 1312; x_wconf 85' lang='grc' dir='ltr'>Ιησου</span> <span class='ocrx_word' id='word_1_136' title='bbox 765 1266 933 1316; x_wconf 87' lang='grc' dir='ltr'>Χριστου.</span> <span class='ocrx_word' id='word_1_137' title='bbox 955 1263 1060 1306; x_wconf 84' lang='grc' dir='ltr'>Τίνος</span> <span class='ocrx_word' id='word_1_138' title='bbox 1080 1267 1136 1301; x_wconf 83' lang='grc' dir='ltr'><strong>οὐν</strong></span> 
     </span>
     <span class='ocr_line' id='line_1_18' title="bbox 120 1325 1136 1379; baseline -0.006 -12"><span class='ocrx_word' id='word_1_139' title='bbox 120 1329 234 1367; x_wconf 82' lang='grc' dir='ltr'>ἕνεκεν</span> <span class='ocrx_word' id='word_1_140' title='bbox 271 1331 417 1367; x_wconf 78' lang='grc' dir='ltr'>ἐνταυθα</span> <span class='ocrx_word' id='word_1_141' title='bbox 449 1344 486 1366; x_wconf 90' lang='grc' dir='ltr'><strong>ου</strong></span> <span class='ocrx_word' id='word_1_142' title='bbox 512 1328 563 1366; x_wconf 82' lang='grc' dir='ltr'>λέ</span> <span class='ocrx_word' id='word_1_143' title='bbox 553 1344 623 1379; x_wconf 88' lang='grc' dir='ltr'>γ,ει</span> <span class='ocrx_word' id='word_1_144' title='bbox 653 1326 705 1365; x_wconf 84' lang='grc' dir='ltr'><strong>ότι</strong></span> <span class='ocrx_word' id='word_1_145' title='bbox 737 1342 798 1364; x_wconf 84' lang='grc' dir='ltr'><strong>και</strong></span> <span class='ocrx_word' id='word_1_146' title='bbox 825 1340 1047 1377; x_wconf 74' lang='grc' dir='ltr'>καυχωμαι,</span> <span class='ocrx_word' id='word_1_147' title='bbox 1060 1325 1136 1362; x_wconf 85' lang='grc' dir='ltr'>ἀλλ’</span> 
     </span>
     <span class='ocr_line' id='line_1_19' title="bbox 115 1384 1138 1440; baseline -0.006 -13"><span class='ocrx_word' id='word_1_148' title='bbox 115 1390 169 1428; x_wconf 75' lang='grc' dir='ltr'><strong>ὅτι</strong></span> <span class='ocrx_word' id='word_1_149' title='bbox 191 1391 268 1427; x_wconf 83' lang='grc' dir='ltr'>Οὐκ</span> <span class='ocrx_word' id='word_1_150' title='bbox 295 1387 569 1440; x_wconf 70' lang='grc' dir='ltr'>ἐπαισχύνομαι,</span> <span class='ocrx_word' id='word_1_151' title='bbox 585 1387 727 1440; x_wconf 60' lang='grc' dir='ltr'>Σφόδρα</span> <span class='ocrx_word' id='word_1_152' title='bbox 752 1386 837 1438; x_wconf 73' lang='grc' dir='ltr'>πρὸς</span> <span class='ocrx_word' id='word_1_153' title='bbox 856 1385 900 1424; x_wconf 83' lang='grc' dir='ltr'><strong>τὰ</strong></span> <span class='ocrx_word' id='word_1_154' title='bbox 927 1389 986 1423; x_wconf 77' lang='grc' dir='ltr'><strong>τοῦ</strong></span> <span class='ocrx_word' id='word_1_155' title='bbox 1006 1384 1138 1434; x_wconf 89' lang='grc' dir='ltr'>κόσμου</span> 
     </span>
     <span class='ocr_line' id='line_1_20' title="bbox 116 1444 1139 1503; baseline -0.004 -16"><span class='ocrx_word' id='word_1_156' title='bbox 116 1450 308 1503; x_wconf 72' lang='grc' dir='ltr'>πράγματα</span> <span class='ocrx_word' id='word_1_157' title='bbox 323 1444 410 1496; x_wconf 64' lang='grc' dir='ltr'>ἦσαν</span> <span class='ocrx_word' id='word_1_158' title='bbox 431 1447 638 1500; x_wconf 80' lang='grc' dir='ltr'>ἐπτοημένοι</span> <span class='ocrx_word' id='word_1_159' title='bbox 653 1450 683 1486; x_wconf 84' lang='grc' dir='ltr'><strong>οἱ</strong></span> <span class='ocrx_word' id='word_1_160' title='bbox 701 1447 874 1498; x_wconf 61' lang='grc' dir='ltr'><strong>ςΡωμαῖοι</strong></span> <span class='ocrx_word' id='word_1_161' title='bbox 890 1446 946 1484; x_wconf 78' lang='grc' dir='ltr'><strong>διὰ</strong></span> <span class='ocrx_word' id='word_1_162' title='bbox 960 1446 1018 1484; x_wconf 76' lang='grc' dir='ltr'><strong>τὸν</strong></span> <span class='ocrx_word' id='word_1_163' title='bbox 1035 1448 1139 1484; x_wconf 73' lang='grc' dir='ltr'>πλοῦ-</span> 
     </span>
     <span class='ocr_line' id='line_1_21' title="bbox 118 1507 1137 1562; baseline -0.005 -14"><span class='ocrx_word' id='word_1_164' title='bbox 118 1526 191 1559; x_wconf 75' lang='grc' dir='ltr'>τον,</span> <span class='ocrx_word' id='word_1_165' title='bbox 213 1511 270 1547; x_wconf 76' lang='grc' dir='ltr'><strong>διὰ</strong></span> <span class='ocrx_word' id='word_1_166' title='bbox 288 1510 350 1557; x_wconf 89' lang='grc' dir='ltr'><strong>τὴν</strong></span> <span class='ocrx_word' id='word_1_167' title='bbox 366 1510 490 1562; x_wconf 78' lang='grc' dir='ltr'>ἀρχὴν,</span> <span class='ocrx_word' id='word_1_168' title='bbox 505 1509 561 1546; x_wconf 75' lang='grc' dir='ltr'><strong>διὰ</strong></span> <span class='ocrx_word' id='word_1_169' title='bbox 579 1510 639 1551; x_wconf 78' lang='grc' dir='ltr'><strong>τὰς</strong></span> <span class='ocrx_word' id='word_1_170' title='bbox 658 1508 756 1551; x_wconf 85' lang='grc' dir='ltr'>νίκας</span> <span class='ocrx_word' id='word_1_171' title='bbox 768 1508 828 1546; x_wconf 80' lang='grc' dir='ltr'><strong>καὶ</strong></span> <span class='ocrx_word' id='word_1_172' title='bbox 845 1507 921 1550; x_wconf 76' lang='grc' dir='ltr'>τοὺς</span> <span class='ocrx_word' id='word_1_173' title='bbox 942 1509 1054 1545; x_wconf 80' lang='grc' dir='ltr'>αὐτῶν</span> <span class='ocrx_word' id='word_1_174' title='bbox 1072 1508 1137 1557; x_wconf 84' lang='grc' dir='ltr'><strong>βα-</strong></span> 
     </span>
     <span class='ocr_line' id='line_1_22' title="bbox 122 1568 1136 1622; baseline -0.006 -12"><span class='ocrx_word' id='word_1_175' title='bbox 122 1574 209 1611; x_wconf 79' lang='grc' dir='ltr'>σιλε·</span> <span class='ocrx_word' id='word_1_176' title='bbox 199 1587 243 1615; x_wconf 81' lang='grc' dir='ltr'><strong>ι·ς</strong></span> <span class='ocrx_word' id='word_1_177' title='bbox 264 1571 413 1614; x_wconf 73' lang='grc' dir='ltr'>ἰσοθέους</span> <span class='ocrx_word' id='word_1_178' title='bbox 433 1570 499 1622; x_wconf 81' lang='grc' dir='ltr'><strong>γὰρ</strong></span> <span class='ocrx_word' id='word_1_179' title='bbox 519 1573 666 1621; x_wconf 81' lang='grc' dir='ltr'>ἦγουντο</span> <span class='ocrx_word' id='word_1_180' title='bbox 682 1570 834 1611; x_wconf 83' lang='grc' dir='ltr'>τούτους.</span> <span class='ocrx_word' id='word_1_181' title='bbox 854 1568 959 1606; x_wconf 81' lang='grc' dir='ltr'>Οὕτω</span> <span class='ocrx_word' id='word_1_182' title='bbox 976 1583 1056 1618; x_wconf 87' lang='grc' dir='ltr'>γουν</span> <span class='ocrx_word' id='word_1_183' title='bbox 1072 1568 1136 1604; x_wconf 82' lang='grc' dir='ltr'><strong>αὐ-</strong></span> 
     </span>
     <span class='ocr_line' id='line_1_23' title="bbox 121 1628 1137 1678; baseline -0.004 -9"><span class='ocrx_word' id='word_1_184' title='bbox 121 1632 197 1675; x_wconf 88' lang='grc' dir='ltr'>τους</span> <span class='ocrx_word' id='word_1_185' title='bbox 208 1648 266 1669; x_wconf 87' lang='grc' dir='ltr'><strong>και</strong></span> <span class='ocrx_word' id='word_1_186' title='bbox 282 1631 435 1672; x_wconf 77' lang='grc' dir='ltr'>ἐκάλουν.</span> <span class='ocrx_word' id='word_1_187' title='bbox 449 1631 546 1669; x_wconf 80' lang='grc' dir='ltr'><strong>Δια</strong></span> <span class='ocrx_word' id='word_1_188' title='bbox 528 1631 569 1678; x_wconf 81' lang='grc' dir='ltr'><strong>οὴ</strong></span> <span class='ocrx_word' id='word_1_189' title='bbox 584 1646 683 1669; x_wconf 80' lang='grc' dir='ltr'>τουτο</span> <span class='ocrx_word' id='word_1_190' title='bbox 696 1646 754 1668; x_wconf 89' lang='grc' dir='ltr'><strong>και</strong></span> <span class='ocrx_word' id='word_1_191' title='bbox 770 1635 863 1672; x_wconf 88' lang='grc' dir='ltr'>ναοῖς</span> <span class='ocrx_word' id='word_1_192' title='bbox 878 1628 997 1672; x_wconf 82' lang='grc' dir='ltr'>αὐτους</span> <span class='ocrx_word' id='word_1_193' title='bbox 1016 1630 1068 1666; x_wconf 81' lang='grc' dir='ltr'>ἐθε</span> <span class='ocrx_word' id='word_1_194' title='bbox 1073 1628 1137 1678; x_wconf 76' lang='grc' dir='ltr'><strong>ρά-</strong></span> 
     </span>
     <span class='ocr_line' id='line_1_24' title="bbox 121 1688 1138 1743; baseline -0.004 -14"><span class='ocrx_word' id='word_1_195' title='bbox 121 1709 163 1731; x_wconf 80' lang='grc' dir='ltr'><strong>πε</strong></span> <span class='ocrx_word' id='word_1_196' title='bbox 167 1709 223 1731; x_wconf 88' lang='grc' dir='ltr'><strong>υον</strong></span> <span class='ocrx_word' id='word_1_197' title='bbox 243 1709 302 1730; x_wconf 86' lang='grc' dir='ltr'><strong>και</strong></span> <span class='ocrx_word' id='word_1_198' title='bbox 331 1695 461 1743; x_wconf 80' lang='grc' dir='ltr'>βωμοῖς</span> <span class='ocrx_word' id='word_1_199' title='bbox 478 1691 537 1729; x_wconf 84' lang='grc' dir='ltr'><strong>καὶ</strong></span> <span class='ocrx_word' id='word_1_200' title='bbox 556 1691 698 1734; x_wconf 73' lang='grc' dir='ltr'>θυσίαις.</span> <span class='ocrx_word' id='word_1_201' title='bbox 717 1690 820 1729; x_wconf 81' lang='grc' dir='ltr'>Επει</span> <span class='ocrx_word' id='word_1_202' title='bbox 839 1693 896 1727; x_wconf 81' lang='grc' dir='ltr'><strong>οὐν</strong></span> <span class='ocrx_word' id='word_1_203' title='bbox 919 1688 1026 1732; x_wconf 82' lang='grc' dir='ltr'>ούτως</span> <span class='ocrx_word' id='word_1_204' title='bbox 1048 1692 1138 1734; x_wconf 83' lang='grc' dir='ltr'>ἠσαν</span> 
     </span>
     <span class='ocr_line' id='line_1_25' title="bbox 122 1749 1138 1805; baseline -0.005 -14"><span class='ocrx_word' id='word_1_205' title='bbox 122 1760 135 1774; x_wconf 66' lang='lat'><em>‘</em></span> <span class='ocrx_word' id='word_1_206' title='bbox 148 1756 415 1805; x_wconf 59' lang='grc' dir='ltr'>πεφυσιωμένοι,</span> <span class='ocrx_word' id='word_1_207' title='bbox 429 1756 445 1790; x_wconf 78' lang='grc' dir='ltr'>ὁ</span> <span class='ocrx_word' id='word_1_208' title='bbox 460 1751 495 1790; x_wconf 75' lang='grc' dir='ltr'><strong>δὲ</strong></span> <span class='ocrx_word' id='word_1_209' title='bbox 510 1753 614 1790; x_wconf 69' lang='grc' dir='ltr'>Παῦλ</span> <span class='ocrx_word' id='word_1_210' title='bbox 616 1767 650 1795; x_wconf 94' lang='grc' dir='ltr'><strong>ος</strong></span> <span class='ocrx_word' id='word_1_211' title='bbox 665 1751 789 1802; x_wconf 75' lang='grc' dir='ltr'>ἔμελλε</span> <span class='ocrx_word' id='word_1_212' title='bbox 807 1750 988 1803; x_wconf 80' lang='grc' dir='ltr'>κηρύττειν</span> <span class='ocrx_word' id='word_1_213' title='bbox 998 1764 1054 1787; x_wconf 83' lang='grc' dir='ltr'><strong>τον</strong></span> <span class='ocrx_word' id='word_1_214' title='bbox 1064 1749 1138 1795; x_wconf 72' lang='grc' dir='ltr'>Ἰη-</span> 
     </span>
     <span class='ocr_line' id='line_1_26' title="bbox 122 1810 1139 1864; baseline -0.005 -12"><span class='ocrx_word' id='word_1_215' title='bbox 122 1820 200 1852; x_wconf 75' lang='grc' dir='ltr'>σοῦν</span> <span class='ocrx_word' id='word_1_216' title='bbox 215 1816 271 1853; x_wconf 73' lang='grc' dir='ltr'><strong>τὸν</strong></span> <span class='ocrx_word' id='word_1_217' title='bbox 289 1815 509 1864; x_wconf 84' lang='grc' dir='ltr'>νομιζόμενον</span> <span class='ocrx_word' id='word_1_218' title='bbox 526 1817 584 1851; x_wconf 78' lang='grc' dir='ltr'><strong>τοῦ</strong></span> <span class='ocrx_word' id='word_1_219' title='bbox 597 1813 755 1855; x_wconf 79' lang='grc' dir='ltr'>τέκτονος</span> <span class='ocrx_word' id='word_1_220' title='bbox 770 1812 853 1857; x_wconf 80' lang='grc' dir='ltr'>υἱὸν,</span> <span class='ocrx_word' id='word_1_221' title='bbox 866 1812 924 1849; x_wconf 80' lang='grc' dir='ltr'><strong>τὸν</strong></span> <span class='ocrx_word' id='word_1_222' title='bbox 939 1814 972 1850; x_wconf 79' lang='grc' dir='ltr'><strong>ἐν</strong></span> <span class='ocrx_word' id='word_1_223' title='bbox 989 1810 1139 1861; x_wconf 82' lang='grc' dir='ltr'>Ἰουδαίᾳ</span> 
     </span>
     <span class='ocr_line' id='line_1_27' title="bbox 121 1870 1138 1947; baseline -0.003 -36"><span class='ocrx_word' id='word_1_224' title='bbox 121 1875 294 1925; x_wconf 64' lang='grc' dir='ltr'>τραφέντα</span> <span class='ocrx_word' id='word_1_225' title='bbox 310 1874 368 1913; x_wconf 83' lang='grc' dir='ltr'><strong>καὶ</strong></span> <span class='ocrx_word' id='word_1_226' title='bbox 382 1876 414 1912; x_wconf 81' lang='grc' dir='ltr'><strong>ἐν</strong></span> <span class='ocrx_word' id='word_1_227' title='bbox 429 1874 520 1925; x_wconf 82' lang='grc' dir='ltr'>οἷκίᾳ</span> <span class='ocrx_word' id='word_1_228' title='bbox 534 1873 692 1924; x_wconf 79' lang='grc' dir='ltr'>γυναικὸς</span> <span class='ocrx_word' id='word_1_229' title='bbox 703 1874 869 1918; x_wconf 72' lang='grc' dir='ltr'>εὐτελοῦς,</span> <span class='ocrx_word' id='word_1_230' title='bbox 881 1874 917 1910; x_wconf 77' lang='grc' dir='ltr'><strong>οὐ</strong></span> <span class='ocrx_word' id='word_1_231' title='bbox 934 1870 1138 1947; x_wconf 62' lang='grc' dir='ltr'>δορυφόρους</span> 
     </span>
     <span class='ocr_line' id='line_1_28' title="bbox 121 1934 1136 2011; baseline -0.002 -38"><span class='ocrx_word' id='word_1_232' title='bbox 121 1936 314 2009; x_wconf 79' lang='grc' dir='ltr'>ἐσχηκότα,</span> <span class='ocrx_word' id='word_1_233' title='bbox 335 1937 372 1973; x_wconf 79' lang='grc' dir='ltr'><strong>οὗ</strong></span> <span class='ocrx_word' id='word_1_234' title='bbox 388 1951 557 1987; x_wconf 71' lang='grc' dir='ltr'>χρηματα</span> <span class='ocrx_word' id='word_1_235' title='bbox 575 1934 883 2011; x_wconf 79' lang='grc' dir='ltr'>περιὸαλλόμενον,</span> <span class='ocrx_word' id='word_1_236' title='bbox 905 1934 996 1972; x_wconf 85' lang='grc' dir='ltr'>ἀλλα</span> <span class='ocrx_word' id='word_1_237' title='bbox 1015 1950 1074 1971; x_wconf 89' lang='grc' dir='ltr'><strong>και</strong></span> <span class='ocrx_word' id='word_1_238' title='bbox 1091 1937 1136 1977; x_wconf 78' lang='grc' dir='ltr'><strong>ὡς</strong></span> 
     </span>
     <span class='ocr_line' id='line_1_29' title="bbox 119 1994 1137 2047; baseline -0.002 -13"><span class='ocrx_word' id='word_1_239' title='bbox 119 1997 304 2034; x_wconf 71' lang='grc' dir='ltr'>κατάδικον</span> <span class='ocrx_word' id='word_1_240' title='bbox 319 1995 534 2034; x_wconf 83' lang='grc' dir='ltr'>αποθανόντα</span> <span class='ocrx_word' id='word_1_241' title='bbox 555 1995 643 2046; x_wconf 72' lang='grc' dir='ltr'>μετὰ</span> <span class='ocrx_word' id='word_1_242' title='bbox 657 1997 811 2047; x_wconf 79' lang='grc' dir='ltr'>λῃστων,</span> <span class='ocrx_word' id='word_1_243' title='bbox 828 2010 887 2032; x_wconf 89' lang='grc' dir='ltr'><strong>και</strong></span> <span class='ocrx_word' id='word_1_244' title='bbox 906 1994 1007 2046; x_wconf 79' lang='grc' dir='ltr'>ε’τερα</span> <span class='ocrx_word' id='word_1_245' title='bbox 1022 1994 1137 2032; x_wconf 90' lang='grc' dir='ltr'>πολλα</span> 
     </span>
     <span class='ocr_line' id='line_1_30' title="bbox 120 2053 1135 2106; baseline -0.003 -12"><span class='ocrx_word' id='word_1_246' title='bbox 120 2057 224 2100; x_wconf 79' lang='grc' dir='ltr'>ἄδοξα</span> <span class='ocrx_word' id='word_1_247' title='bbox 243 2056 492 2106; x_wconf 81' lang='grc' dir='ltr'>υπουιείναντα,</span> <span class='ocrx_word' id='word_1_248' title='bbox 514 2057 573 2093; x_wconf 85' lang='grc' dir='ltr'><strong>καὶ</strong></span> <span class='ocrx_word' id='word_1_249' title='bbox 594 2056 682 2099; x_wconf 89' lang='grc' dir='ltr'>εἷκος</span> <span class='ocrx_word' id='word_1_250' title='bbox 703 2059 745 2102; x_wconf 89' lang='grc' dir='ltr'><strong>ἠν</strong></span> <span class='ocrx_word' id='word_1_251' title='bbox 766 2054 887 2097; x_wconf 91' lang='grc' dir='ltr'>αυτους</span> <span class='ocrx_word' id='word_1_252' title='bbox 917 2053 1112 2106; x_wconf 74' lang='grc' dir='ltr'>ἐγκαλύπτ’</span> <span class='ocrx_word' id='word_1_253' title='bbox 1084 2078 1135 2092; x_wconf 62' lang='lat'><strong>55-</strong></span> 
     </span>
    </p>

    <p class='ocr_par' dir='ltr' id='par_1_4' title="bbox 116 2114 1139 3140">
     <span class='ocr_line' id='line_1_31' title="bbox 122 2114 1139 2167; baseline -0.002 -14"><span class='ocrx_word' id='word_1_254' title='bbox 122 2120 213 2162; x_wconf 87' lang='grc' dir='ltr'>σθαι,</span> <span class='ocrx_word' id='word_1_255' title='bbox 230 2116 322 2154; x_wconf 73' lang='grc' dir='ltr'>οὗδεν</span> <span class='ocrx_word' id='word_1_256' title='bbox 339 2132 406 2153; x_wconf 85' lang='grc' dir='ltr'><strong>των</strong></span> <span class='ocrx_word' id='word_1_257' title='bbox 430 2116 634 2167; x_wconf 82' lang='grc' dir='ltr'>ἀπορρήτων</span> <span class='ocrx_word' id='word_1_258' title='bbox 663 2116 721 2154; x_wconf 75' lang='grc' dir='ltr'><strong>καὶ</strong></span> <span class='ocrx_word' id='word_1_259' title='bbox 743 2115 902 2166; x_wconf 82' lang='grc' dir='ltr'>μεγάλων</span> <span class='ocrx_word' id='word_1_260' title='bbox 928 2114 1060 2157; x_wconf 79' lang='grc' dir='ltr'>εἰδότας</span> <span class='ocrx_word' id='word_1_261' title='bbox 1078 2129 1139 2151; x_wconf 92' lang='grc' dir='ltr'><strong>ου-</strong></span> 
     </span>
     <span class='ocr_line' id='line_1_32' title="bbox 120 2176 1137 2228; baseline 0 -15"><span class='ocrx_word' id='word_1_262' title='bbox 120 2176 213 2213; x_wconf 75' lang='grc' dir='ltr'>δέπω</span> <span class='ocrx_word' id='word_1_263' title='bbox 227 2192 234 2199; x_wconf 85' lang='grc'><em>·</em></span> <span class='ocrx_word' id='word_1_264' title='bbox 256 2176 311 2213; x_wconf 73' lang='grc' dir='ltr'><strong>διὰ</strong></span> <span class='ocrx_word' id='word_1_265' title='bbox 331 2176 430 2213; x_wconf 75' lang='grc' dir='ltr'>τοῦτο’</span> <span class='ocrx_word' id='word_1_266' title='bbox 459 2192 574 2228; x_wconf 79' lang='grc' dir='ltr'>φησιν,</span> <span class='ocrx_word' id='word_1_267' title='bbox 593 2178 670 2214; x_wconf 81' lang='grc' dir='ltr'>Οὐκ</span> <span class='ocrx_word' id='word_1_268' title='bbox 690 2176 966 2228; x_wconf 75' lang='grc' dir='ltr'>ἐπαισχύνομαι,</span> <span class='ocrx_word' id='word_1_269' title='bbox 988 2176 1137 2219; x_wconf 83' lang='grc' dir='ltr'>ἐκείνους</span> 
     </span>
     <span class='ocr_line' id='line_1_33' title="bbox 119 2236 1136 2290; baseline 0.001 -17"><span class='ocrx_word' id='word_1_270' title='bbox 119 2236 289 2275; x_wconf 73' lang='grc' dir='ltr'>διδάσκων</span> <span class='ocrx_word' id='word_1_271' title='bbox 305 2237 389 2281; x_wconf 77' lang='grc' dir='ltr'>τέως</span> <span class='ocrx_word' id='word_1_272' title='bbox 414 2238 462 2288; x_wconf 77' lang='grc' dir='ltr'><strong>μὴ</strong></span> <span class='ocrx_word' id='word_1_273' title='bbox 495 2238 781 2290; x_wconf 72' lang='grc' dir='ltr'>ἐπαισχύνεσθαι·</span> <span class='ocrx_word' id='word_1_274' title='bbox 799 2237 875 2289; x_wconf 80' lang='grc' dir='ltr'>ᾔδει</span> <span class='ocrx_word' id='word_1_275' title='bbox 903 2237 970 2290; x_wconf 80' lang='grc' dir='ltr'><strong>γὰρ</strong></span> <span class='ocrx_word' id='word_1_276' title='bbox 1002 2236 1072 2281; x_wconf 77' lang='grc' dir='ltr'>ὅτι,</span> <span class='ocrx_word' id='word_1_277' title='bbox 1095 2237 1136 2274; x_wconf 84' lang='grc' dir='ltr'><strong>ἂν</strong></span> 
     </span>
     <span class='ocr_line' id='line_1_34' title="bbox 119 2297 1137 2374; baseline 0.002 -40"><span class='ocrx_word' id='word_1_278' title='bbox 119 2313 218 2335; x_wconf 86' lang='grc' dir='ltr'>τουτο</span> <span class='ocrx_word' id='word_1_279' title='bbox 248 2297 493 2350; x_wconf 70' lang='grc' dir='ltr'>κατορθώσωσι</span> <span class='ocrx_word' id='word_1_280' title='bbox 505 2327 515 2345; x_wconf 97' lang='grc'>,</span> <span class='ocrx_word' id='word_1_281' title='bbox 548 2298 682 2350; x_wconf 81' lang='grc' dir='ltr'>ταχέως</span> <span class='ocrx_word' id='word_1_282' title='bbox 709 2297 895 2374; x_wconf 76' lang='grc' dir='ltr'>προιόντες</span> <span class='ocrx_word' id='word_1_283' title='bbox 916 2298 976 2335; x_wconf 84' lang='grc' dir='ltr'><strong>καὶ</strong></span> <span class='ocrx_word' id='word_1_284' title='bbox 1007 2313 1064 2335; x_wconf 92' lang='grc' dir='ltr'><strong>επι</strong></span> <span class='ocrx_word' id='word_1_285' title='bbox 1099 2298 1137 2336; x_wconf 84' lang='grc' dir='ltr'><strong>τὸ</strong></span> 
     </span>
     <span class='ocr_line' id='line_1_35' title="bbox 119 2356 1137 2410; baseline 0 -15"><span class='ocrx_word' id='word_1_286' title='bbox 119 2360 355 2410; x_wconf 78' lang='grc' dir='ltr'>καυχᾶσθαι’</span> <span class='ocrx_word' id='word_1_287' title='bbox 334 2376 373 2406; x_wconf 66' lang='grc' dir='ltr'><strong>’ςη</strong></span> <span class='ocrx_word' id='word_1_288' title='bbox 359 2360 461 2397; x_wconf 62' lang='grc' dir='ltr'><strong>ςουσι.</strong></span> <span class='ocrx_word' id='word_1_289' title='bbox 479 2358 549 2397; x_wconf 90' lang='grc' dir='ltr'><strong>Και</strong></span> <span class='ocrx_word' id='word_1_290' title='bbox 583 2375 624 2397; x_wconf 91' lang='grc' dir='ltr'><strong>συ</strong></span> <span class='ocrx_word' id='word_1_291' title='bbox 644 2358 754 2397; x_wconf 90' lang='grc' dir='ltr'>τοίνυν</span> <span class='ocrx_word' id='word_1_292' title='bbox 785 2358 842 2396; x_wconf 80' lang='grc' dir='ltr'><strong>ἐὰν</strong></span> <span class='ocrx_word' id='word_1_293' title='bbox 877 2358 1028 2408; x_wconf 87' lang='grc' dir='ltr'>ἀκούσῃς</span> <span class='ocrx_word' id='word_1_294' title='bbox 1046 2356 1137 2402; x_wconf 82' lang='grc' dir='ltr'>τινὸς</span> 
     </span>
     <span class='ocr_line' id='line_1_36' title="bbox 116 2418 1134 2472; baseline -0.001 -15"><span class='ocrx_word' id='word_1_295' title='bbox 116 2419 291 2470; x_wconf 85' lang='grc' dir='ltr'>λεγοντος,</span> <span class='ocrx_word' id='word_1_296' title='bbox 321 2421 378 2458; x_wconf 84' lang='grc' dir='ltr'><strong>τὸν</strong></span> <span class='ocrx_word' id='word_1_297' title='bbox 403 2419 663 2472; x_wconf 79' lang='grc' dir='ltr'>ἐσταυρωμένον</span> <span class='ocrx_word' id='word_1_298' title='bbox 693 2423 914 2471; x_wconf 84' lang='grc' dir='ltr'>προσκυνεῖς;</span> <span class='ocrx_word' id='word_1_299' title='bbox 944 2418 992 2470; x_wconf 83' lang='grc' dir='ltr'><strong>μὴ</strong></span> <span class='ocrx_word' id='word_1_300' title='bbox 1028 2420 1134 2456; x_wconf 85' lang='grc' dir='ltr'>ἐπαι-</span> 
     </span>
     <span class='ocr_line' id='line_1_37' title="bbox 117 2479 1134 2532; baseline -0.001 -14"><span class='ocrx_word' id='word_1_301' title='bbox 117 2484 284 2531; x_wconf 81' lang='grc' dir='ltr'>σχυνθῇς,</span> <span class='ocrx_word' id='word_1_302' title='bbox 303 2480 391 2530; x_wconf 81' lang='grc' dir='ltr'>μηδε</span> <span class='ocrx_word' id='word_1_303' title='bbox 422 2480 518 2518; x_wconf 79' lang='grc' dir='ltr'>κάτω</span> <span class='ocrx_word' id='word_1_304' title='bbox 558 2480 618 2531; x_wconf 82' lang='grc' dir='ltr'>βλέ</span> <span class='ocrx_word' id='word_1_305' title='bbox 620 2482 704 2532; x_wconf 79' lang='grc' dir='ltr'>ψῃς,</span> <span class='ocrx_word' id='word_1_306' title='bbox 734 2479 824 2528; x_wconf 77' lang='grc' dir='ltr'>ἀλλὰ</span> <span class='ocrx_word' id='word_1_307' title='bbox 859 2495 918 2518; x_wconf 88' lang='grc' dir='ltr'><strong>και</strong></span> <span class='ocrx_word' id='word_1_308' title='bbox 949 2479 1134 2532; x_wconf 80' lang='grc' dir='ltr'>ἐναορύνου</span> 
     </span>
     <span class='ocr_line' id='line_1_38' title="bbox 117 2540 1134 2593; baseline 0.001 -16"><span class='ocrx_word' id='word_1_309' title='bbox 117 2556 176 2577; x_wconf 86' lang='grc' dir='ltr'><strong>και</strong></span> <span class='ocrx_word' id='word_1_310' title='bbox 194 2540 372 2578; x_wconf 69' lang='grc' dir='ltr'>καλλο)πί”</span> <span class='ocrx_word' id='word_1_311' title='bbox 357 2557 434 2588; x_wconf 88' lang='grc' dir='ltr'><strong>ου,</strong></span> <span class='ocrx_word' id='word_1_312' title='bbox 452 2541 511 2578; x_wconf 75' lang='grc' dir='ltr'><strong>καὶ</strong></span> <span class='ocrx_word' id='word_1_313' title='bbox 531 2541 718 2593; x_wconf 82' lang='grc' dir='ltr'>ελευθέροις</span> <span class='ocrx_word' id='word_1_314' title='bbox 734 2542 924 2593; x_wconf 75' lang='grc' dir='ltr'>ὀφθαλμοῖς</span> <span class='ocrx_word' id='word_1_315' title='bbox 940 2557 998 2579; x_wconf 86' lang='grc' dir='ltr'><strong>και</strong></span> <span class='ocrx_word' id='word_1_316' title='bbox 1012 2542 1134 2592; x_wconf 77' lang='grc' dir='ltr'>ὑψηλῷ</span> 
     </span>
     <span class='ocr_line' id='line_1_39' title="bbox 118 2601 1134 2652; baseline 0.002 -15"><span class='ocrx_word' id='word_1_317' title='bbox 118 2599 292 2651; x_wconf 57' lang='grc' dir='ltr'>προσώπῳ</span> <span class='ocrx_word' id='word_1_318' title='bbox 307 2601 492 2645; x_wconf 81' lang='grc' dir='ltr'>κατοίοεξαι</span> <span class='ocrx_word' id='word_1_319' title='bbox 513 2601 574 2646; x_wconf 83' lang='grc' dir='ltr'><strong>τὴν</strong></span> <span class='ocrx_word' id='word_1_320' title='bbox 596 2601 796 2652; x_wconf 83' lang='grc' dir='ltr'>ὃυ.ολογίαν.</span> <span class='ocrx_word' id='word_1_321' title='bbox 815 2601 890 2639; x_wconf 79' lang='grc' dir='ltr'><strong>Κᾶν</strong></span> <span class='ocrx_word' id='word_1_322' title='bbox 913 2601 994 2652; x_wconf 87' lang='grc' dir='ltr'>εἴπῃ</span> <span class='ocrx_word' id='word_1_323' title='bbox 1015 2601 1134 2648; x_wconf 80' lang='grc' dir='ltr'>πάλιν,</span> 
     </span>
     <span class='ocr_line' id='line_1_40' title="bbox 119 2660 1134 2714; baseline 0.002 -17"><span class='ocrx_word' id='word_1_324' title='bbox 119 2660 176 2697; x_wconf 76' lang='grc' dir='ltr'><strong>τὸν</strong></span> <span class='ocrx_word' id='word_1_325' title='bbox 197 2661 456 2711; x_wconf 81' lang='grc' dir='ltr'>ἐσταυρωμένον</span> <span class='ocrx_word' id='word_1_326' title='bbox 476 2669 701 2713; x_wconf 86' lang='grc' dir='ltr'>προσκυνεῖς;</span> <span class='ocrx_word' id='word_1_327' title='bbox 723 2661 800 2700; x_wconf 80' lang='grc' dir='ltr'>εἰπὲ</span> <span class='ocrx_word' id='word_1_328' title='bbox 832 2661 937 2699; x_wconf 82' lang='grc' dir='ltr'>πάλιν</span> <span class='ocrx_word' id='word_1_329' title='bbox 967 2662 1052 2714; x_wconf 71' lang='grc' dir='ltr'>πρὸς</span> <span class='ocrx_word' id='word_1_330' title='bbox 1071 2664 1134 2699; x_wconf 84' lang='grc' dir='ltr'><strong>αὐ-</strong></span> 
     </span>
     <span class='ocr_line' id='line_1_41' title="bbox 119 2721 1133 2775; baseline 0.002 -17"><span class='ocrx_word' id='word_1_331' title='bbox 119 2721 176 2759; x_wconf 89' lang='grc' dir='ltr'><strong>τόν</strong></span> <span class='ocrx_word' id='word_1_332' title='bbox 188 2737 195 2744; x_wconf 93' lang='grc'><em>·</em></span> <span class='ocrx_word' id='word_1_333' title='bbox 215 2723 290 2759; x_wconf 82' lang='grc' dir='ltr'>ἀλλ’</span> <span class='ocrx_word' id='word_1_334' title='bbox 309 2724 346 2760; x_wconf 80' lang='grc' dir='ltr'><strong>οὗ</strong></span> <span class='ocrx_word' id='word_1_335' title='bbox 364 2721 420 2759; x_wconf 75' lang='grc' dir='ltr'><strong>τὸν</strong></span> <span class='ocrx_word' id='word_1_336' title='bbox 442 2723 563 2773; x_wconf 78' lang='grc' dir='ltr'>μοιχὸν</span> <span class='ocrx_word' id='word_1_337' title='bbox 579 2722 654 2760; x_wconf 79' lang='grc' dir='ltr'>οὐδὲ</span> <span class='ocrx_word' id='word_1_338' title='bbox 674 2721 730 2760; x_wconf 82' lang='grc' dir='ltr'><strong>τὸν</strong></span> <span class='ocrx_word' id='word_1_339' title='bbox 749 2722 963 2775; x_wconf 88' lang='grc' dir='ltr'>πατραλοίαν</span> <span class='ocrx_word' id='word_1_340' title='bbox 980 2724 1057 2761; x_wconf 79' lang='grc' dir='ltr'>οὐδὲ</span> <span class='ocrx_word' id='word_1_341' title='bbox 1076 2723 1133 2760; x_wconf 78' lang='grc' dir='ltr'><strong>τὸν</strong></span> 
     </span>
     <span class='ocr_line' id='line_1_42' title="bbox 118 2782 1136 2836; baseline 0.001 -16"><span class='ocrx_word' id='word_1_342' title='bbox 118 2782 342 2821; x_wconf 79' lang='grc' dir='ltr'>παιδοκτόνον</span> <span class='ocrx_word' id='word_1_343' title='bbox 365 2786 533 2830; x_wconf 77' lang='grc' dir='ltr'>(τοιοῦτοι</span> <span class='ocrx_word' id='word_1_344' title='bbox 552 2783 620 2836; x_wconf 82' lang='grc' dir='ltr'><strong>γὰρ</strong></span> <span class='ocrx_word' id='word_1_345' title='bbox 639 2785 670 2821; x_wconf 82' lang='grc' dir='ltr'><strong>οἱ</strong></span> <span class='ocrx_word' id='word_1_346' title='bbox 689 2785 771 2835; x_wconf 90' lang='grc' dir='ltr'>παρ’</span> <span class='ocrx_word' id='word_1_347' title='bbox 802 2786 915 2826; x_wconf 87' lang='grc' dir='ltr'>αὐτοῖς</span> <span class='ocrx_word' id='word_1_348' title='bbox 946 2783 1014 2822; x_wconf 77' lang='grc' dir='ltr'>θεοὶ</span> <span class='ocrx_word' id='word_1_349' title='bbox 1043 2783 1136 2821; x_wconf 77' lang='grc' dir='ltr'>ποίν-</span> 
     </span>
     <span class='ocr_line' id='line_1_43' title="bbox 118 2843 1132 2898; baseline 0.002 -18"><span class='ocrx_word' id='word_1_350' title='bbox 118 2847 207 2891; x_wconf 85' lang='grc' dir='ltr'>τες),</span> <span class='ocrx_word' id='word_1_351' title='bbox 225 2843 314 2881; x_wconf 77' lang='grc' dir='ltr'>ἀλλὰ</span> <span class='ocrx_word' id='word_1_352' title='bbox 330 2843 385 2882; x_wconf 84' lang='grc' dir='ltr'><strong>τὸν</strong></span> <span class='ocrx_word' id='word_1_353' title='bbox 410 2844 466 2882; x_wconf 77' lang='grc' dir='ltr'><strong>διὰ</strong></span> <span class='ocrx_word' id='word_1_354' title='bbox 489 2850 635 2898; x_wconf 74' lang='grc' dir='ltr'>σταυροῦ</span> <span class='ocrx_word' id='word_1_355' title='bbox 651 2844 817 2895; x_wconf 84' lang='grc' dir='ltr'>δαίμονας</span> <span class='ocrx_word' id='word_1_356' title='bbox 836 2844 1132 2895; x_wconf 81' lang='grc' dir='ltr'>ἐπιστομίσαντα,</span> 
     </span>
     <span class='ocr_line' id='line_1_44' title="bbox 118 2905 1134 2959; baseline 0.002 -17"><span class='ocrx_word' id='word_1_357' title='bbox 118 2905 176 2942; x_wconf 76' lang='grc' dir='ltr'><strong>καὶ</strong></span> <span class='ocrx_word' id='word_1_358' title='bbox 195 2905 256 2948; x_wconf 79' lang='grc' dir='ltr'><strong>τὰς</strong></span> <span class='ocrx_word' id='word_1_359' title='bbox 273 2905 395 2956; x_wconf 88' lang='grc' dir='ltr'>μυρίας</span> <span class='ocrx_word' id='word_1_360' title='bbox 412 2907 525 2944; x_wconf 80' lang='grc' dir='ltr'>αὐτῶν</span> <span class='ocrx_word' id='word_1_361' title='bbox 553 2906 718 2944; x_wconf 82' lang='grc' dir='ltr'>ἀνελόντα</span> <span class='ocrx_word' id='word_1_362' title='bbox 745 2906 967 2958; x_wconf 84' lang='grc' dir='ltr'>μαγγανείας.</span> <span class='ocrx_word' id='word_1_363' title='bbox 984 2906 1053 2944; x_wconf 82' lang='grc' dir='ltr'><strong>Καὶ</strong></span> <span class='ocrx_word' id='word_1_364' title='bbox 1067 2906 1134 2959; x_wconf 79' lang='grc' dir='ltr'><strong>γὰρ</strong></span> 
     </span>
     <span class='ocr_line' id='line_1_45' title="bbox 119 2966 1135 3020; baseline 0.003 -18"><span class='ocrx_word' id='word_1_365' title='bbox 119 2969 136 3003; x_wconf 85' lang='grc' dir='ltr'>ὃ</span> <span class='ocrx_word' id='word_1_366' title='bbox 158 2967 300 3017; x_wconf 84' lang='grc' dir='ltr'>σταυρὸς</span> <span class='ocrx_word' id='word_1_367' title='bbox 320 2968 362 3003; x_wconf 83' lang='grc' dir='ltr'><strong>δι’</strong></span> <span class='ocrx_word' id='word_1_368' title='bbox 392 2969 486 3017; x_wconf 76' lang='grc' dir='ltr'>ἡμᾶς</span> <span class='ocrx_word' id='word_1_369' title='bbox 502 2967 541 3005; x_wconf 79' lang='grc' dir='ltr'><strong>τὸ</strong></span> <span class='ocrx_word' id='word_1_370' title='bbox 559 2971 622 3014; x_wconf 67' lang='grc' dir='ltr'><strong>τῆς</strong></span> <span class='ocrx_word' id='word_1_371' title='bbox 642 2966 774 3019; x_wconf 73' lang='grc' dir='ltr'>ἀφᾶτου</span> <span class='ocrx_word' id='word_1_372' title='bbox 801 2967 1061 3020; x_wconf 75' lang='grc' dir='ltr'>φιλανθρωπίας</span> <span class='ocrx_word' id='word_1_373' title='bbox 1083 2967 1135 3019; x_wconf 82' lang='grc' dir='ltr'><strong>ἔρ-</strong></span> 
     </span>
     <span class='ocr_line' id='line_1_46' title="bbox 118 3027 1134 3084; baseline 0.002 -22"><span class='ocrx_word' id='word_1_374' title='bbox 118 3041 190 3076; x_wconf 87' lang='grc' dir='ltr'>γον,</span> <span class='ocrx_word' id='word_1_375' title='bbox 219 3027 258 3064; x_wconf 74' lang='grc' dir='ltr'><strong>τὸ</strong></span> <span class='ocrx_word' id='word_1_376' title='bbox 287 3030 348 3073; x_wconf 67' lang='grc' dir='ltr'><strong>τῆς</strong></span> <span class='ocrx_word' id='word_1_377' title='bbox 379 3029 510 3074; x_wconf 77' lang='grc' dir='ltr'>πολλῆς</span> <span class='ocrx_word' id='word_1_378' title='bbox 536 3028 746 3078; x_wconf 84' lang='grc' dir='ltr'>κηδεμονίας</span> <span class='ocrx_word' id='word_1_379' title='bbox 762 3028 963 3084; x_wconf 35' lang='grc' dir='ltr'>,σύμὸολοψ</span> <span class='ocrx_word' id='word_1_380' title='bbox 978 3029 1073 3080; x_wconf 81' lang='grc' dir='ltr'>Πρὸς</span> <span class='ocrx_word' id='word_1_381' title='bbox 1100 3027 1134 3065; x_wconf 77' lang='grc' dir='ltr'><strong>δὲ</strong></span> 
     </span>
     <span class='ocr_line' id='line_1_47' title="bbox 117 3087 1134 3141; baseline 0.005 -19"><span class='ocrx_word' id='word_1_382' title='bbox 117 3092 186 3129; x_wconf 83' lang='grc' dir='ltr'>τοῖς</span> <span class='ocrx_word' id='word_1_383' title='bbox 205 3087 416 3138; x_wconf 80' lang='grc' dir='ltr'>εἰρημένοις,</span> <span class='ocrx_word' id='word_1_384' title='bbox 436 3088 553 3134; x_wconf 81' lang='grc' dir='ltr'>ἐπειδὴ</span> <span class='ocrx_word' id='word_1_385' title='bbox 574 3088 632 3126; x_wconf 83' lang='grc' dir='ltr'><strong>καὶ</strong></span> <span class='ocrx_word' id='word_1_386' title='bbox 653 3088 745 3141; x_wconf 88' lang='grc' dir='ltr'>λόγω</span> <span class='ocrx_word' id='word_1_387' title='bbox 769 3089 859 3140; x_wconf 77' lang='grc' dir='ltr'>μέγα</span> <span class='ocrx_word' id='word_1_388' title='bbox 875 3089 1134 3140; x_wconf 86' lang='grc' dir='ltr'>κομπάζοντες,</span> 
     </span>
    </p>
   </div>
   <div class='ocr_carea' id='block_1_3' title="bbox 1208 259 2199 2536">
    <p class='ocr_par' dir='ltr' id='par_1_5' title="bbox 1208 259 2199 2173">
     <span class='ocr_line' id='line_1_48' title="bbox 1286 259 2188 317; baseline -0.008 -9"><span class='ocrx_word' id='word_1_389' title='bbox 1286 279 1442 308; x_wconf 59' lang='lat' dir='ltr'><strong>nomn„</strong></span> <span class='ocrx_word' id='word_1_390' title='bbox 1481 279 1527 307; x_wconf 90' lang='lat'><strong>11.</strong></span> <span class='ocrx_word' id='word_1_391' title='bbox 2097 259 2188 317; x_wconf 71' lang='grc'><strong>485</strong></span> 
     </span>
     <span class='ocr_line' id='line_1_49' title="bbox 1210 354 2193 410; baseline -0.008 -12"><span class='ocrx_word' id='word_1_392' title='bbox 1210 361 1345 397; x_wconf 85' lang='lat' dir='ltr'><strong>tionum</strong></span> <span class='ocrx_word' id='word_1_393' title='bbox 1362 358 1550 410; x_wconf 88' lang='lat' dir='ltr'><strong>grandines</strong></span> <span class='ocrx_word' id='word_1_394' title='bbox 1571 355 1815 408; x_wconf 80' lang='lat' dir='ltr'><strong>exspectandae</strong></span> <span class='ocrx_word' id='word_1_395' title='bbox 1827 362 1925 392; x_wconf 86' lang='lat' dir='ltr'><strong>erant</strong></span> <span class='ocrx_word' id='word_1_396' title='bbox 1935 369 1946 403; x_wconf 75' lang='lat'><em>3</em></span> <span class='ocrx_word' id='word_1_397' title='bbox 1965 354 2015 392; x_wconf 88' lang='lat' dir='ltr'><strong>sic</strong></span> <span class='ocrx_word' id='word_1_398' title='bbox 2030 363 2062 391; x_wconf 88' lang='lat' dir='ltr'><strong>et</strong></span> <span class='ocrx_word' id='word_1_399' title='bbox 2082 354 2193 392; x_wconf 81' lang='lat' dir='ltr'><strong>vitam</strong></span> 
     </span>
     <span class='ocr_line' id='line_1_50' title="bbox 1208 414 2192 468; baseline -0.008 -10"><span class='ocrx_word' id='word_1_400' title='bbox 1208 420 1244 458; x_wconf 86' lang='lat' dir='ltr'><strong>in</strong></span> <span class='ocrx_word' id='word_1_401' title='bbox 1267 421 1333 457; x_wconf 87' lang='lat' dir='ltr'><strong>ista</strong></span> <span class='ocrx_word' id='word_1_402' title='bbox 1354 420 1440 456; x_wconf 87' lang='lat' dir='ltr'><strong>urbe</strong></span> <span class='ocrx_word' id='word_1_403' title='bbox 1457 417 1595 464; x_wconf 85' lang='lat' dir='ltr'><strong>clausit,</strong></span> <span class='ocrx_word' id='word_1_404' title='bbox 1609 417 1712 468; x_wconf 87' lang='lat' dir='ltr'><strong>jussu</strong></span> <span class='ocrx_word' id='word_1_405' title='bbox 1734 414 1877 468; x_wconf 82' lang='lat' dir='ltr'><strong>tyranni</strong></span> <span class='ocrx_word' id='word_1_406' title='bbox 1910 423 1993 452; x_wconf 90' lang='lat' dir='ltr'><strong>tunc</strong></span> <span class='ocrx_word' id='word_1_407' title='bbox 2015 414 2192 465; x_wconf 88' lang='lat' dir='ltr'><strong>regnantis</strong></span> 
     </span>
     <span class='ocr_line' id='line_1_51' title="bbox 1209 480 2194 531; baseline -0.007 -14"><span class='ocrx_word' id='word_1_408' title='bbox 1209 480 1323 531; x_wconf 83' lang='lat' dir='ltr'><strong>capite</strong></span> <span class='ocrx_word' id='word_1_409' title='bbox 1342 481 1545 526; x_wconf 82' lang='lat' dir='ltr'><strong>truncatus)</strong></span> <span class='ocrx_word' id='word_1_410' title='bbox 1562 492 1572 527; x_wconf 77' lang='lat'><em>3</em></span> <span class='ocrx_word' id='word_1_411' title='bbox 1605 485 1758 514; x_wconf 78' lang='lat' dir='ltr'><strong>attamen</strong></span> <span class='ocrx_word' id='word_1_412' title='bbox 1788 489 1871 512; x_wconf 90' lang='lat' dir='ltr'><strong>cum</strong></span> <span class='ocrx_word' id='word_1_413' title='bbox 1888 483 1941 512; x_wconf 85' lang='lat' dir='ltr'><strong>tot</strong></span> <span class='ocrx_word' id='word_1_414' title='bbox 1958 482 2125 524; x_wconf 89' lang='lat' dir='ltr'><strong>tantaque</strong></span> <span class='ocrx_word' id='word_1_415' title='bbox 2158 487 2194 511; x_wconf 88' lang='lat' dir='ltr'><strong>se</strong></span> 
     </span>
     <span class='ocr_line' id='line_1_52' title="bbox 1209 534 2193 592; baseline -0.005 -16"><span class='ocrx_word' id='word_1_416' title='bbox 1209 553 1398 592; x_wconf 85' lang='lat' dir='ltr'><strong>passurum</strong></span> <span class='ocrx_word' id='word_1_417' title='bbox 1420 546 1651 590; x_wconf 79' lang='lat' dir='ltr'><strong>exspectaret,</strong></span> <span class='ocrx_word' id='word_1_418' title='bbox 1680 550 1750 574; x_wconf 90' lang='lat' dir='ltr'><strong>non</strong></span> <span class='ocrx_word' id='word_1_419' title='bbox 1769 536 1846 573; x_wconf 92' lang='lat' dir='ltr'><strong>ideo</strong></span> <span class='ocrx_word' id='word_1_420' title='bbox 1869 535 2010 586; x_wconf 80' lang='lat' dir='ltr'><strong>segnior</strong></span> <span class='ocrx_word' id='word_1_421' title='bbox 2021 534 2193 572; x_wconf 85' lang='lat' dir='ltr'><strong>reddeba—</strong></span> 
     </span>
     <span class='ocr_line' id='line_1_53' title="bbox 1211 598 2193 651; baseline -0.008 -11"><span class='ocrx_word' id='word_1_422' title='bbox 1211 611 1281 650; x_wconf 85' lang='lat' dir='ltr'><strong>tur,</strong></span> <span class='ocrx_word' id='word_1_423' title='bbox 1303 601 1363 640; x_wconf 90' lang='lat' dir='ltr'><strong>sed</strong></span> <span class='ocrx_word' id='word_1_424' title='bbox 1376 601 1575 648; x_wconf 81' lang='lat' dir='ltr'><strong>festinabat,</strong></span> <span class='ocrx_word' id='word_1_425' title='bbox 1593 598 1824 651; x_wconf 83' lang='lat' dir='ltr'><strong>parturiebat,</strong></span> <span class='ocrx_word' id='word_1_426' title='bbox 1852 606 2086 649; x_wconf 82' lang='lat' dir='ltr'><strong>promtusque</strong></span> <span class='ocrx_word' id='word_1_427' title='bbox 2107 604 2193 634; x_wconf 85' lang='lat' dir='ltr'><strong>erat.</strong></span> 
     </span>
     <span class='ocr_line' id='line_1_54' title="bbox 1210 661 2192 712; baseline -0.006 -12"><span class='ocrx_word' id='word_1_428' title='bbox 1210 662 1365 712; x_wconf 85' lang='lat' dir='ltr'><strong>Ideoque</strong></span> <span class='ocrx_word' id='word_1_429' title='bbox 1378 661 1427 698; x_wconf 85' lang='lat' dir='ltr'><strong>ait</strong></span> <span class='ocrx_word' id='word_1_430' title='bbox 1446 677 1453 697; x_wconf 92' lang='lat'>:</span> <span class='ocrx_word' id='word_1_431' title='bbox 1481 662 1678 711; x_wconf 77' lang='lat' dir='ltr'><strong>Quantum</strong></span> <span class='ocrx_word' id='word_1_432' title='bbox 1694 662 1736 695; x_wconf 84' lang='lat' dir='ltr'><strong>in</strong></span> <span class='ocrx_word' id='word_1_433' title='bbox 1763 673 1822 696; x_wconf 84' lang='lat' dir='ltr'><strong>me</strong></span> <span class='ocrx_word' id='word_1_434' title='bbox 1837 667 1906 704; x_wconf 79' lang='lat' dir='ltr'><strong>est,</strong></span> <span class='ocrx_word' id='word_1_435' title='bbox 1926 666 2089 709; x_wconf 80' lang='lat' dir='ltr'><strong>paratus</strong></span> <span class='ocrx_word' id='word_1_436' title='bbox 2107 670 2192 695; x_wconf 84' lang='lat' dir='ltr'><strong>sum</strong></span> 
     </span>
     <span class='ocr_line' id='line_1_55' title="bbox 1210 720 2192 775; baseline -0.007 -13"><span class='ocrx_word' id='word_1_437' title='bbox 1210 726 1322 761; x_wconf 80' lang='lat' dir='ltr'><strong>vobis</strong></span> <span class='ocrx_word' id='word_1_438' title='bbox 1357 737 1520 775; x_wconf 83' lang='lat' dir='ltr'><strong>quoque,</strong></span> <span class='ocrx_word' id='word_1_439' title='bbox 1539 725 1606 773; x_wconf 81' lang='lat' dir='ltr'><strong>qui</strong></span> <span class='ocrx_word' id='word_1_440' title='bbox 1619 723 1748 759; x_wconf 77' lang='lat' dir='ltr'><strong>Romoe</strong></span> <span class='ocrx_word' id='word_1_441' title='bbox 1772 723 1875 769; x_wconf 81' lang='lat' dir='ltr'><strong>estis,</strong></span> <span class='ocrx_word' id='word_1_442' title='bbox 1907 720 2192 771; x_wconf 76' lang='lat' dir='ltr'><strong>evangelizare.</strong></span> 
     </span>
     <span class='ocr_line' id='line_1_56' title="bbox 1213 779 2191 832; baseline -0.004 -11"><span class='ocrx_word' id='word_1_443' title='bbox 1213 786 1274 822; x_wconf 86' lang='grc'><strong>16.</strong></span> <span class='ocrx_word' id='word_1_444' title='bbox 1292 786 1381 822; x_wconf 87' lang='lat' dir='ltr'><strong>Non</strong></span> <span class='ocrx_word' id='word_1_445' title='bbox 1398 787 1499 821; x_wconf 83' lang='lat' dir='ltr'><strong>enim</strong></span> <span class='ocrx_word' id='word_1_446' title='bbox 1516 785 1696 820; x_wconf 79' lang='lat' dir='ltr'><strong>erubesco</strong></span> <span class='ocrx_word' id='word_1_447' title='bbox 1726 781 1980 832; x_wconf 73' lang='lat' dir='ltr'><strong>evangelium.</strong></span> <span class='ocrx_word' id='word_1_448' title='bbox 2006 779 2104 826; x_wconf 89' lang='lat' dir='ltr'><strong>Quid</strong></span> <span class='ocrx_word' id='word_1_449' title='bbox 2124 780 2191 829; x_wconf 86' lang='lat' dir='ltr'><strong>ais,</strong></span> 
     </span>
     <span class='ocr_line' id='line_1_57' title="bbox 1212 841 2195 895; baseline -0.005 -12"><span class='ocrx_word' id='word_1_450' title='bbox 1212 845 1345 883; x_wconf 74' lang='lat' dir='ltr'><strong>Paule?</strong></span> <span class='ocrx_word' id='word_1_451' title='bbox 1358 846 1448 882; x_wconf 89' lang='lat' dir='ltr'><strong>Cum</strong></span> <span class='ocrx_word' id='word_1_452' title='bbox 1463 851 1638 895; x_wconf 82' lang='lat' dir='ltr'><strong>oporteret</strong></span> <span class='ocrx_word' id='word_1_453' title='bbox 1647 841 1778 888; x_wconf 79' lang='lat' dir='ltr'><strong>dicere,</strong></span> <span class='ocrx_word' id='word_1_454' title='bbox 1795 842 1954 890; x_wconf 83' lang='lat' dir='ltr'><strong>Glorior,</strong></span> <span class='ocrx_word' id='word_1_455' title='bbox 1964 842 2054 880; x_wconf 88' lang='lat' dir='ltr'><strong>mihi</strong></span> <span class='ocrx_word' id='word_1_456' title='bbox 2074 851 2195 893; x_wconf 80' lang='lat' dir='ltr'><strong>gratu·</strong></span> 
     </span>
     <span class='ocr_line' id='line_1_58' title="bbox 1210 901 2194 952; baseline -0.003 -10"><span class='ocrx_word' id='word_1_457' title='bbox 1210 905 1282 952; x_wconf 87' lang='lat' dir='ltr'><strong>lor;</strong></span> <span class='ocrx_word' id='word_1_458' title='bbox 1298 919 1366 942; x_wconf 93' lang='lat' dir='ltr'><strong>non</strong></span> <span class='ocrx_word' id='word_1_459' title='bbox 1385 904 1453 941; x_wconf 87' lang='lat' dir='ltr'><strong>hoc</strong></span> <span class='ocrx_word' id='word_1_460' title='bbox 1467 903 1571 949; x_wconf 87' lang='lat' dir='ltr'><strong>dicis,</strong></span> <span class='ocrx_word' id='word_1_461' title='bbox 1590 901 1652 939; x_wconf 89' lang='lat' dir='ltr'><strong>sed</strong></span> <span class='ocrx_word' id='word_1_462' title='bbox 1670 902 1767 951; x_wconf 89' lang='lat' dir='ltr'><strong>quod</strong></span> <span class='ocrx_word' id='word_1_463' title='bbox 1786 901 1849 938; x_wconf 88' lang='lat' dir='ltr'><strong>illo</strong></span> <span class='ocrx_word' id='word_1_464' title='bbox 1875 902 1992 940; x_wconf 87' lang='lat' dir='ltr'><strong>minus</strong></span> <span class='ocrx_word' id='word_1_465' title='bbox 2010 911 2075 952; x_wconf 89' lang='lat' dir='ltr'><strong>est,</strong></span> <span class='ocrx_word' id='word_1_466' title='bbox 2096 901 2194 952; x_wconf 90' lang='lat' dir='ltr'><strong>quod</strong></span> 
     </span>
     <span class='ocr_line' id='line_1_59' title="bbox 1212 961 2195 1012; baseline -0.002 -11"><span class='ocrx_word' id='word_1_467' title='bbox 1212 978 1280 1001; x_wconf 93' lang='lat' dir='ltr'><strong>non</strong></span> <span class='ocrx_word' id='word_1_468' title='bbox 1300 964 1484 1002; x_wconf 87' lang='lat' dir='ltr'><strong>erubescas</strong></span> <span class='ocrx_word' id='word_1_469' title='bbox 1495 978 1507 1012; x_wconf 70' lang='lat'>5</span> <span class='ocrx_word' id='word_1_470' title='bbox 1533 962 1572 999; x_wconf 90' lang='lat' dir='ltr'><strong>id</strong></span> <span class='ocrx_word' id='word_1_471' title='bbox 1591 962 1688 1011; x_wconf 89' lang='lat' dir='ltr'><strong>quod</strong></span> <span class='ocrx_word' id='word_1_472' title='bbox 1708 962 1744 998; x_wconf 91' lang='lat' dir='ltr'><strong>in</strong></span> <span class='ocrx_word' id='word_1_473' title='bbox 1762 962 1868 998; x_wconf 87' lang='lat' dir='ltr'><strong>rebus</strong></span> <span class='ocrx_word' id='word_1_474' title='bbox 1882 961 2078 1011; x_wconf 82' lang='lat' dir='ltr'><strong>insignibus</strong></span> <span class='ocrx_word' id='word_1_475' title='bbox 2099 962 2195 999; x_wconf 89' lang='lat' dir='ltr'><strong>diee—</strong></span> 
     </span>
     <span class='ocr_line' id='line_1_60' title="bbox 1212 1020 2195 1072; baseline -0.003 -11"><span class='ocrx_word' id='word_1_476' title='bbox 1212 1037 1249 1060; x_wconf 92' lang='lat' dir='ltr'><strong>re</strong></span> <span class='ocrx_word' id='word_1_477' title='bbox 1269 1037 1338 1061; x_wconf 90' lang='lat' dir='ltr'><strong>non</strong></span> <span class='ocrx_word' id='word_1_478' title='bbox 1358 1023 1521 1060; x_wconf 89' lang='lat' dir='ltr'><strong>solemus.</strong></span> <span class='ocrx_word' id='word_1_479' title='bbox 1540 1021 1638 1067; x_wconf 84' lang='lat' dir='ltr'><strong>Quid</strong></span> <span class='ocrx_word' id='word_1_480' title='bbox 1651 1021 1763 1072; x_wconf 88' lang='lat' dir='ltr'><strong>igitur</strong></span> <span class='ocrx_word' id='word_1_481' title='bbox 1784 1020 1898 1059; x_wconf 74' lang='lat' dir='ltr'><strong>dicit?</strong></span> <span class='ocrx_word' id='word_1_482' title='bbox 1925 1035 1988 1058; x_wconf 88' lang='lat' dir='ltr'><strong>cur</strong></span> <span class='ocrx_word' id='word_1_483' title='bbox 2011 1021 2061 1058; x_wconf 90' lang='lat' dir='ltr'><strong>sic</strong></span> <span class='ocrx_word' id='word_1_484' title='bbox 2078 1021 2195 1071; x_wconf 89' lang='lat' dir='ltr'><strong>loqui-</strong></span> 
     </span>
     <span class='ocr_line' id='line_1_61' title="bbox 1211 1081 2195 1134; baseline -0.001 -13"><span class='ocrx_word' id='word_1_485' title='bbox 1211 1093 1283 1133; x_wconf 90' lang='lat' dir='ltr'><strong>tur,</strong></span> <span class='ocrx_word' id='word_1_486' title='bbox 1296 1083 1360 1121; x_wconf 86' lang='lat' dir='ltr'><strong>etsi</strong></span> <span class='ocrx_word' id='word_1_487' title='bbox 1380 1082 1495 1134; x_wconf 88' lang='lat' dir='ltr'><strong>magis</strong></span> <span class='ocrx_word' id='word_1_488' title='bbox 1508 1081 1552 1119; x_wconf 90' lang='lat' dir='ltr'><strong>dc</strong></span> <span class='ocrx_word' id='word_1_489' title='bbox 1569 1081 1752 1132; x_wconf 79' lang='lat' dir='ltr'><strong>evangelio</strong></span> <span class='ocrx_word' id='word_1_490' title='bbox 1768 1095 1876 1131; x_wconf 86' lang='lat' dir='ltr'><strong>quarn</strong></span> <span class='ocrx_word' id='word_1_491' title='bbox 1892 1081 1937 1118; x_wconf 91' lang='lat' dir='ltr'><strong>de</strong></span> <span class='ocrx_word' id='word_1_492' title='bbox 1955 1081 2040 1119; x_wconf 78' lang='lat' dir='ltr'><strong>eaelo</strong></span> <span class='ocrx_word' id='word_1_493' title='bbox 2060 1082 2195 1133; x_wconf 85' lang='lat' dir='ltr'><strong>glorie—</strong></span> 
     </span>
     <span class='ocr_line' id='line_1_62' title="bbox 1210 1142 2196 1191; baseline 0 -9"><span class='ocrx_word' id='word_1_494' title='bbox 1210 1145 1294 1182; x_wconf 76' lang='lat' dir='ltr'><strong>tur?</strong></span> <span class='ocrx_word' id='word_1_495' title='bbox 1312 1144 1369 1182; x_wconf 85' lang='lat' dir='ltr'><strong>Ad</strong></span> <span class='ocrx_word' id='word_1_496' title='bbox 1389 1145 1534 1182; x_wconf 80' lang='lat' dir='ltr'><strong>Galatas</strong></span> <span class='ocrx_word' id='word_1_497' title='bbox 1547 1143 1641 1181; x_wconf 87' lang='lat' dir='ltr'><strong>enim</strong></span> <span class='ocrx_word' id='word_1_498' title='bbox 1656 1143 1824 1191; x_wconf 83' lang='lat' dir='ltr'><strong>scribens,</strong></span> <span class='ocrx_word' id='word_1_499' title='bbox 1844 1142 1893 1180; x_wconf 84' lang='lat' dir='ltr'><strong>ait</strong></span> <span class='ocrx_word' id='word_1_500' title='bbox 1916 1159 1923 1179; x_wconf 93' lang='lat'><strong>:</strong></span> <span class='ocrx_word' id='word_1_501' title='bbox 1949 1144 2053 1180; x_wconf 76' lang='lat' dir='ltr'><em>Mihi</em></span> <span class='ocrx_word' id='word_1_502' title='bbox 2068 1153 2196 1182; x_wconf 80' lang='lat' dir='ltr'><strong>autem</strong></span> 
     </span>
     <span class='ocr_line' id='line_1_63' title="bbox 1212 1208 2195 1259; baseline 0.001 -15"><span class='ocrx_word' id='word_1_503' title='bbox 1212 1210 1312 1246; x_wconf 79' lang='lat' dir='ltr'><strong>absit</strong></span> <span class='ocrx_word' id='word_1_504' title='bbox 1325 1209 1501 1259; x_wconf 80' lang='lat' dir='ltr'><strong>gloriari,</strong></span> <span class='ocrx_word' id='word_1_505' title='bbox 1521 1209 1596 1245; x_wconf 84' lang='lat' dir='ltr'><strong>nisi</strong></span> <span class='ocrx_word' id='word_1_506' title='bbox 1610 1209 1650 1244; x_wconf 86' lang='lat' dir='ltr'><strong>in</strong></span> <span class='ocrx_word' id='word_1_507' title='bbox 1664 1221 1775 1245; x_wconf 85' lang='lat' dir='ltr'><strong>cruce</strong></span> <span class='ocrx_word' id='word_1_508' title='bbox 1787 1208 1949 1244; x_wconf 84' lang='lat' dir='ltr'><strong>Domini</strong></span> <span class='ocrx_word' id='word_1_509' title='bbox 1966 1210 2086 1244; x_wconf 81' lang='lat' dir='ltr'><strong>nostri</strong></span> <span class='ocrx_word' id='word_1_510' title='bbox 2102 1209 2130 1246; x_wconf 88' lang='lat' dir='ltr'><em>J</em></span> <span class='ocrx_word' id='word_1_511' title='bbox 2131 1222 2195 1245; x_wconf 78' lang='lat' dir='ltr'><strong>esu</strong></span> 
     </span>
     <span class='ocr_line' id='line_1_64' title="bbox 1214 1270 2198 1321; baseline 0.001 -13"><span class='ocrx_word' id='word_1_512' title='bbox 1214 1271 1371 1308; x_wconf 79' lang='lat' dir='ltr'><strong>Christi.</strong></span> <span class='ocrx_word' id='word_1_513' title='bbox 1403 1271 1476 1308; x_wconf 88' lang='lat' dir='ltr'><strong>Cur</strong></span> <span class='ocrx_word' id='word_1_514' title='bbox 1498 1284 1581 1321; x_wconf 88' lang='lat' dir='ltr'><strong>ergo</strong></span> <span class='ocrx_word' id='word_1_515' title='bbox 1602 1284 1672 1308; x_wconf 92' lang='lat' dir='ltr'><strong>non</strong></span> <span class='ocrx_word' id='word_1_516' title='bbox 1697 1270 1796 1319; x_wconf 89' lang='lat' dir='ltr'><strong>dicit,</strong></span> <span class='ocrx_word' id='word_1_517' title='bbox 1818 1270 1981 1318; x_wconf 88' lang='lat' dir='ltr'><strong>Glorior;</strong></span> <span class='ocrx_word' id='word_1_518' title='bbox 2007 1270 2080 1320; x_wconf 88' lang='lat' dir='ltr'><strong>sed,</strong></span> <span class='ocrx_word' id='word_1_519' title='bbox 2107 1273 2198 1309; x_wconf 84' lang='lat' dir='ltr'><strong>Non</strong></span> 
     </span>
     <span class='ocr_line' id='line_1_65' title="bbox 1211 1330 2195 1383; baseline 0.002 -15"><span class='ocrx_word' id='word_1_520' title='bbox 1211 1333 1390 1369; x_wconf 78' lang='lat' dir='ltr'><strong>erubesco</strong></span> <span class='ocrx_word' id='word_1_521' title='bbox 1403 1336 1418 1368; x_wconf 74' lang='grc' dir='ltr'><em>Ρ</em></span> <span class='ocrx_word' id='word_1_522' title='bbox 1433 1331 1586 1369; x_wconf 85' lang='lat' dir='ltr'><strong>Romani</strong></span> <span class='ocrx_word' id='word_1_523' title='bbox 1605 1331 1651 1368; x_wconf 89' lang='lat' dir='ltr'><strong>ad</strong></span> <span class='ocrx_word' id='word_1_524' title='bbox 1666 1345 1720 1369; x_wconf 88' lang='lat' dir='ltr'><strong>res</strong></span> <span class='ocrx_word' id='word_1_525' title='bbox 1739 1331 1847 1383; x_wconf 89' lang='lat' dir='ltr'><strong>hujus</strong></span> <span class='ocrx_word' id='word_1_526' title='bbox 1859 1330 1982 1368; x_wconf 88' lang='lat' dir='ltr'><strong>mundi</strong></span> <span class='ocrx_word' id='word_1_527' title='bbox 1996 1330 2195 1381; x_wconf 82' lang='lat' dir='ltr'><strong>inhiabant,</strong></span> 
     </span>
     <span class='ocr_line' id='line_1_66' title="bbox 1212 1390 2199 1444; baseline 0.002 -16"><span class='ocrx_word' id='word_1_528' title='bbox 1212 1390 1257 1428; x_wconf 91' lang='lat' dir='ltr'><strong>ob</strong></span> <span class='ocrx_word' id='word_1_529' title='bbox 1275 1390 1434 1441; x_wconf 88' lang='lat' dir='ltr'><strong>divitias,</strong></span> <span class='ocrx_word' id='word_1_530' title='bbox 1445 1392 1491 1429; x_wconf 88' lang='lat' dir='ltr'><strong>ob</strong></span> <span class='ocrx_word' id='word_1_531' title='bbox 1511 1391 1716 1443; x_wconf 82' lang='lat' dir='ltr'><strong>imperium,</strong></span> <span class='ocrx_word' id='word_1_532' title='bbox 1749 1391 1794 1429; x_wconf 90' lang='lat' dir='ltr'><strong>ob</strong></span> <span class='ocrx_word' id='word_1_533' title='bbox 1813 1391 1995 1441; x_wconf 84' lang='lat' dir='ltr'><strong>victorias,</strong></span> <span class='ocrx_word' id='word_1_534' title='bbox 2015 1391 2060 1428; x_wconf 89' lang='lat' dir='ltr'><strong>ob</strong></span> <span class='ocrx_word' id='word_1_535' title='bbox 2085 1391 2199 1444; x_wconf 79' lang='lat' dir='ltr'><strong>impe-</strong></span> 
     </span>
     <span class='ocr_line' id='line_1_67' title="bbox 1211 1452 2198 1504; baseline 0.001 -14"><span class='ocrx_word' id='word_1_536' title='bbox 1211 1462 1357 1502; x_wconf 85' lang='lat' dir='ltr'><strong>ratores,</strong></span> <span class='ocrx_word' id='word_1_537' title='bbox 1380 1467 1467 1504; x_wconf 88' lang='lat' dir='ltr'><strong>quos</strong></span> <span class='ocrx_word' id='word_1_538' title='bbox 1482 1453 1552 1490; x_wconf 88' lang='lat' dir='ltr'><strong>diis</strong></span> <span class='ocrx_word' id='word_1_539' title='bbox 1575 1467 1675 1504; x_wconf 85' lang='lat' dir='ltr'><strong>pares</strong></span> <span class='ocrx_word' id='word_1_540' title='bbox 1689 1452 1939 1490; x_wconf 80' lang='lat' dir='ltr'><strong>existimabant</strong></span> <span class='ocrx_word' id='word_1_541' title='bbox 1958 1455 1970 1499; x_wconf 97' lang='lat'>(</span> <span class='ocrx_word' id='word_1_542' title='bbox 1984 1452 2102 1502; x_wconf 85' lang='lat' dir='ltr'><strong>sicque</strong></span> <span class='ocrx_word' id='word_1_543' title='bbox 2115 1453 2198 1491; x_wconf 85' lang='lat' dir='ltr'><strong>illos</strong></span> 
     </span>
     <span class='ocr_line' id='line_1_68' title="bbox 1211 1513 2197 1564; baseline -0.001 -13"><span class='ocrx_word' id='word_1_544' title='bbox 1211 1514 1428 1562; x_wconf 74' lang='lat' dir='ltr'><strong>vocabant);</strong></span> <span class='ocrx_word' id='word_1_545' title='bbox 1458 1513 1552 1550; x_wconf 85' lang='lat' dir='ltr'><strong>unde</strong></span> <span class='ocrx_word' id='word_1_546' title='bbox 1567 1522 1601 1550; x_wconf 87' lang='lat' dir='ltr'><strong>et</strong></span> <span class='ocrx_word' id='word_1_547' title='bbox 1617 1513 1758 1564; x_wconf 87' lang='lat' dir='ltr'><strong>templis</strong></span> <span class='ocrx_word' id='word_1_548' title='bbox 1789 1522 1822 1550; x_wconf 92' lang='lat' dir='ltr'><strong>et</strong></span> <span class='ocrx_word' id='word_1_549' title='bbox 1843 1513 1913 1550; x_wconf 86' lang='lat' dir='ltr'><strong>aris</strong></span> <span class='ocrx_word' id='word_1_550' title='bbox 1941 1521 1974 1550; x_wconf 93' lang='lat' dir='ltr'><strong>et</strong></span> <span class='ocrx_word' id='word_1_551' title='bbox 2014 1513 2197 1551; x_wconf 83' lang='lat' dir='ltr'><strong>sacrificiis</strong></span> 
     </span>
     <span class='ocr_line' id='line_1_69' title="bbox 1210 1573 2196 1626; baseline 0.001 -16"><span class='ocrx_word' id='word_1_552' title='bbox 1210 1573 1290 1611; x_wconf 89' lang='lat' dir='ltr'><strong>illos</strong></span> <span class='ocrx_word' id='word_1_553' title='bbox 1318 1574 1492 1612; x_wconf 88' lang='lat' dir='ltr'><strong>colebant.</strong></span> <span class='ocrx_word' id='word_1_554' title='bbox 1513 1574 1605 1611; x_wconf 91' lang='lat' dir='ltr'><strong>Cum</strong></span> <span class='ocrx_word' id='word_1_555' title='bbox 1625 1573 1736 1624; x_wconf 89' lang='lat' dir='ltr'><strong>igitur</strong></span> <span class='ocrx_word' id='word_1_556' title='bbox 1763 1573 1812 1611; x_wconf 89' lang='lat' dir='ltr'><strong>ita</strong></span> <span class='ocrx_word' id='word_1_557' title='bbox 1838 1574 1931 1611; x_wconf 87' lang='lat' dir='ltr'><strong>fastu</strong></span> <span class='ocrx_word' id='word_1_558' title='bbox 1949 1573 2046 1626; x_wconf 85' lang='lat' dir='ltr'><strong>pleni</strong></span> <span class='ocrx_word' id='word_1_559' title='bbox 2069 1584 2196 1619; x_wconf 83' lang='lat' dir='ltr'><strong>essent,</strong></span> 
     </span>
     <span class='ocr_line' id='line_1_70' title="bbox 1211 1633 2198 1686; baseline 0.002 -16"><span class='ocrx_word' id='word_1_560' title='bbox 1211 1642 1244 1670; x_wconf 90' lang='lat' dir='ltr'><strong>et</strong></span> <span class='ocrx_word' id='word_1_561' title='bbox 1263 1634 1394 1671; x_wconf 89' lang='lat' dir='ltr'><strong>Paulus</strong></span> <span class='ocrx_word' id='word_1_562' title='bbox 1421 1633 1677 1686; x_wconf 81' lang='lat' dir='ltr'><strong>praedicaturus</strong></span> <span class='ocrx_word' id='word_1_563' title='bbox 1695 1643 1785 1671; x_wconf 89' lang='lat' dir='ltr'><strong>esset</strong></span> <span class='ocrx_word' id='word_1_564' title='bbox 1813 1635 1948 1684; x_wconf 87' lang='lat' dir='ltr'><strong>Jesum,</strong></span> <span class='ocrx_word' id='word_1_565' title='bbox 1968 1635 2028 1685; x_wconf 87' lang='lat' dir='ltr'><strong>qui</strong></span> <span class='ocrx_word' id='word_1_566' title='bbox 2047 1635 2139 1672; x_wconf 89' lang='lat' dir='ltr'><strong>fabri</strong></span> <span class='ocrx_word' id='word_1_567' title='bbox 2155 1635 2198 1672; x_wconf 82' lang='lat' dir='ltr'><strong>si-</strong></span> 
     </span>
     <span class='ocr_line' id='line_1_71' title="bbox 1209 1694 2197 1747; baseline 0.003 -16"><span class='ocrx_word' id='word_1_568' title='bbox 1209 1694 1279 1732; x_wconf 87' lang='lat' dir='ltr'><strong>lius</strong></span> <span class='ocrx_word' id='word_1_569' title='bbox 1295 1709 1367 1732; x_wconf 86' lang='lat' dir='ltr'><strong>esse</strong></span> <span class='ocrx_word' id='word_1_570' title='bbox 1398 1695 1605 1747; x_wconf 83' lang='lat' dir='ltr'><strong>putabatur,</strong></span> <span class='ocrx_word' id='word_1_571' title='bbox 1640 1695 1676 1732; x_wconf 89' lang='lat' dir='ltr'><strong>in</strong></span> <span class='ocrx_word' id='word_1_572' title='bbox 1693 1695 1817 1734; x_wconf 87' lang='lat' dir='ltr'><strong>Judaea</strong></span> <span class='ocrx_word' id='word_1_573' title='bbox 1850 1705 1966 1745; x_wconf 82' lang='lat' dir='ltr'><strong>natus,</strong></span> <span class='ocrx_word' id='word_1_574' title='bbox 1982 1705 2015 1733; x_wconf 94' lang='lat' dir='ltr'><strong>et</strong></span> <span class='ocrx_word' id='word_1_575' title='bbox 2033 1696 2069 1733; x_wconf 90' lang='lat' dir='ltr'><strong>in</strong></span> <span class='ocrx_word' id='word_1_576' title='bbox 2090 1696 2197 1734; x_wconf 89' lang='lat' dir='ltr'><strong>domo</strong></span> 
     </span>
     <span class='ocr_line' id='line_1_72' title="bbox 1210 1754 2195 1807; baseline 0.004 -15"><span class='ocrx_word' id='word_1_577' title='bbox 1210 1755 1324 1792; x_wconf 90' lang='lat' dir='ltr'><strong>tenuis</strong></span> <span class='ocrx_word' id='word_1_578' title='bbox 1343 1755 1502 1793; x_wconf 86' lang='lat' dir='ltr'><strong>mulieris</strong></span> <span class='ocrx_word' id='word_1_579' title='bbox 1518 1754 1689 1793; x_wconf 84' lang='lat' dir='ltr'><strong>educatus</strong></span> <span class='ocrx_word' id='word_1_580' title='bbox 1703 1756 1836 1806; x_wconf 69' lang='lat' dir='ltr'><strong>fuerat,</strong></span> <span class='ocrx_word' id='word_1_581' title='bbox 1853 1757 1915 1807; x_wconf 89' lang='lat' dir='ltr'><strong>qui</strong></span> <span class='ocrx_word' id='word_1_582' title='bbox 1944 1757 2111 1795; x_wconf 80' lang='lat' dir='ltr'><strong>satellites</strong></span> <span class='ocrx_word' id='word_1_583' title='bbox 2126 1772 2195 1796; x_wconf 89' lang='lat' dir='ltr'><strong>non</strong></span> 
     </span>
     <span class='ocr_line' id='line_1_73' title="bbox 1209 1814 2196 1865; baseline 0.005 -15"><span class='ocrx_word' id='word_1_584' title='bbox 1209 1814 1393 1865; x_wconf 83' lang='lat' dir='ltr'><strong>habuerat,</strong></span> <span class='ocrx_word' id='word_1_585' title='bbox 1405 1829 1472 1853; x_wconf 85' lang='lat' dir='ltr'><strong>non</strong></span> <span class='ocrx_word' id='word_1_586' title='bbox 1484 1814 1642 1861; x_wconf 83' lang='lat' dir='ltr'><strong>divitias,</strong></span> <span class='ocrx_word' id='word_1_587' title='bbox 1659 1815 1720 1852; x_wconf 91' lang='lat' dir='ltr'><strong>sed</strong></span> <span class='ocrx_word' id='word_1_588' title='bbox 1736 1815 1842 1852; x_wconf 85' lang='lat' dir='ltr'><strong>etiam</strong></span> <span class='ocrx_word' id='word_1_589' title='bbox 1859 1825 1898 1853; x_wconf 86' lang='lat' dir='ltr'><strong>ut</strong></span> <span class='ocrx_word' id='word_1_590' title='bbox 1909 1815 2196 1855; x_wconf 86' lang='lat' dir='ltr'><strong>damnatusmor-</strong></span> 
     </span>
     <span class='ocr_line' id='line_1_74' title="bbox 1210 1876 2195 1929; baseline 0.003 -16"><span class='ocrx_word' id='word_1_591' title='bbox 1210 1885 1291 1913; x_wconf 85' lang='lat' dir='ltr'><strong>tuus</strong></span> <span class='ocrx_word' id='word_1_592' title='bbox 1306 1877 1420 1914; x_wconf 85' lang='lat' dir='ltr'><strong>fuerat</strong></span> <span class='ocrx_word' id='word_1_593' title='bbox 1437 1890 1517 1914; x_wconf 90' lang='lat' dir='ltr'><strong>eum</strong></span> <span class='ocrx_word' id='word_1_594' title='bbox 1531 1876 1744 1927; x_wconf 87' lang='lat' dir='ltr'><strong>latronibus,</strong></span> <span class='ocrx_word' id='word_1_595' title='bbox 1771 1877 1971 1927; x_wconf 84' lang='lat' dir='ltr'><strong>multasque</strong></span> <span class='ocrx_word' id='word_1_596' title='bbox 1986 1878 2074 1916; x_wconf 89' lang='lat' dir='ltr'><strong>alias</strong></span> <span class='ocrx_word' id='word_1_597' title='bbox 2093 1878 2195 1929; x_wconf 87' lang='lat' dir='ltr'><strong>igno-</strong></span> 
     </span>
     <span class='ocr_line' id='line_1_75' title="bbox 1210 1937 2195 1989; baseline 0.004 -16"><span class='ocrx_word' id='word_1_598' title='bbox 1210 1937 1337 1974; x_wconf 84' lang='lat' dir='ltr'><strong>minias</strong></span> <span class='ocrx_word' id='word_1_599' title='bbox 1355 1951 1479 1989; x_wconf 87' lang='lat' dir='ltr'><strong>passus</strong></span> <span class='ocrx_word' id='word_1_600' title='bbox 1493 1937 1627 1987; x_wconf 67' lang='lat' dir='ltr'><strong>fuerat,</strong></span> <span class='ocrx_word' id='word_1_601' title='bbox 1650 1951 1690 1974; x_wconf 87' lang='lat' dir='ltr'><strong>ac</strong></span> <span class='ocrx_word' id='word_1_602' title='bbox 1712 1937 1904 1975; x_wconf 83' lang='lat' dir='ltr'><strong>verisimile</strong></span> <span class='ocrx_word' id='word_1_603' title='bbox 1929 1948 2002 1976; x_wconf 83' lang='lat' dir='ltr'><strong>erat</strong></span> <span class='ocrx_word' id='word_1_604' title='bbox 2017 1940 2195 1977; x_wconf 86' lang='lat' dir='ltr'><strong>Romanos</strong></span> 
     </span>
     <span class='ocr_line' id='line_1_76' title="bbox 1208 2000 2193 2052; baseline 0.002 -14"><span class='ocrx_word' id='word_1_605' title='bbox 1208 2009 1294 2038; x_wconf 88' lang='lat' dir='ltr'><strong>tune</strong></span> <span class='ocrx_word' id='word_1_606' title='bbox 1312 2000 1449 2052; x_wconf 87' lang='lat' dir='ltr'><strong>pud01e</strong></span> <span class='ocrx_word' id='word_1_607' title='bbox 1468 2000 1621 2037; x_wconf 85' lang='lat' dir='ltr'><strong>suffusos</strong></span> <span class='ocrx_word' id='word_1_608' title='bbox 1637 2000 1756 2049; x_wconf 85' lang='lat' dir='ltr'><strong>fuisse,</strong></span> <span class='ocrx_word' id='word_1_609' title='bbox 1772 2014 1854 2038; x_wconf 87' lang='lat' dir='ltr'><strong>eum</strong></span> <span class='ocrx_word' id='word_1_610' title='bbox 1870 2001 2052 2039; x_wconf 86' lang='lat' dir='ltr'><strong>nihildum</strong></span> <span class='ocrx_word' id='word_1_611' title='bbox 2065 2002 2193 2040; x_wconf 89' lang='lat' dir='ltr'><strong>seirent</strong></span> 
     </span>
     <span class='ocr_line' id='line_1_77' title="bbox 1208 2064 2196 2115; baseline 0.002 -14"><span class='ocrx_word' id='word_1_612' title='bbox 1208 2078 1264 2102; x_wconf 81' lang='lat' dir='ltr'><strong>rei</strong></span> <span class='ocrx_word' id='word_1_613' title='bbox 1268 2078 1329 2101; x_wconf 91' lang='lat' dir='ltr'><strong>um</strong></span> <span class='ocrx_word' id='word_1_614' title='bbox 1360 2077 1565 2102; x_wconf 86' lang='lat' dir='ltr'><strong>arcanarum</strong></span> <span class='ocrx_word' id='word_1_615' title='bbox 1588 2072 1621 2100; x_wconf 90' lang='lat' dir='ltr'><strong>et</strong></span> <span class='ocrx_word' id='word_1_616' title='bbox 1648 2077 1878 2114; x_wconf 89' lang='lat' dir='ltr'><strong>magnarum:</strong></span> <span class='ocrx_word' id='word_1_617' title='bbox 1908 2064 1989 2102; x_wconf 92' lang='lat' dir='ltr'><strong>ideo</strong></span> <span class='ocrx_word' id='word_1_618' title='bbox 2024 2065 2085 2115; x_wconf 87' lang='lat' dir='ltr'><strong>ait,</strong></span> <span class='ocrx_word' id='word_1_619' title='bbox 2105 2067 2196 2103; x_wconf 80' lang='lat' dir='ltr'><strong>Non</strong></span> 
     </span>
     <span class='ocr_line' id='line_1_78' title="bbox 1209 2123 2193 2173; baseline 0.002 -11"><span class='ocrx_word' id='word_1_620' title='bbox 1209 2127 1403 2171; x_wconf 78' lang='lat' dir='ltr'><strong>erubesco,</strong></span> <span class='ocrx_word' id='word_1_621' title='bbox 1427 2124 1533 2162; x_wconf 88' lang='lat' dir='ltr'><strong>illos</strong></span> <span class='ocrx_word' id='word_1_622' title='bbox 1523 2124 1666 2162; x_wconf 80' lang='lat' dir='ltr'><strong>inteiim</strong></span> <span class='ocrx_word' id='word_1_623' title='bbox 1687 2123 1830 2173; x_wconf 86' lang='lat' dir='ltr'><strong>docens,</strong></span> <span class='ocrx_word' id='word_1_624' title='bbox 1868 2139 1910 2163; x_wconf 91' lang='lat' dir='ltr'><strong>ne</strong></span> <span class='ocrx_word' id='word_1_625' title='bbox 1927 2126 2193 2164; x_wconf 87' lang='lat' dir='ltr'><strong>erubescerent.</strong></span> 
     </span>
    </p>

    <p class='ocr_par' dir='ltr' id='par_1_6' title="bbox 1208 2183 2198 2536">
     <span class='ocr_line' id='line_1_79' title="bbox 1208 2183 2195 2235; baseline 0.002 -13"><span class='ocrx_word' id='word_1_626' title='bbox 1208 2185 1340 2222; x_wconf 88' lang='lat' dir='ltr'><strong>sciebat</strong></span> <span class='ocrx_word' id='word_1_627' title='bbox 1358 2185 1452 2222; x_wconf 89' lang='lat' dir='ltr'><strong>enim</strong></span> <span class='ocrx_word' id='word_1_628' title='bbox 1468 2198 1540 2234; x_wconf 91' lang='lat' dir='ltr'><strong>eos,</strong></span> <span class='ocrx_word' id='word_1_629' title='bbox 1559 2185 1588 2222; x_wconf 88' lang='lat' dir='ltr'><strong>si</strong></span> <span class='ocrx_word' id='word_1_630' title='bbox 1604 2184 1645 2228; x_wconf 41' lang='lat' dir='ltr'><strong>id,</strong></span> <span class='ocrx_word' id='word_1_631' title='bbox 1661 2183 1805 2221; x_wconf 79' lang='lat' dir='ltr'><strong>tandem</strong></span> <span class='ocrx_word' id='word_1_632' title='bbox 1824 2195 2104 2235; x_wconf 85' lang='lat' dir='ltr'><strong>assequerentur,</strong></span> <span class='ocrx_word' id='word_1_633' title='bbox 2126 2186 2195 2224; x_wconf 86' lang='lat' dir='ltr'><strong>cito</strong></span> 
     </span>
     <span class='ocr_line' id='line_1_80' title="bbox 1209 2244 2197 2297; baseline 0 -15"><span class='ocrx_word' id='word_1_634' title='bbox 1209 2259 1361 2295; x_wconf 88' lang='lat' dir='ltr'><strong>eousque</strong></span> <span class='ocrx_word' id='word_1_635' title='bbox 1375 2253 1607 2296; x_wconf 75' lang='lat' dir='ltr'><strong>perventuros</strong></span> <span class='ocrx_word' id='word_1_636' title='bbox 1622 2258 1694 2281; x_wconf 85' lang='lat' dir='ltr'><strong>esse</strong></span> <span class='ocrx_word' id='word_1_637' title='bbox 1706 2253 1745 2281; x_wconf 89' lang='lat' dir='ltr'><strong>ut</strong></span> <span class='ocrx_word' id='word_1_638' title='bbox 1757 2244 2004 2294; x_wconf 85' lang='lat' dir='ltr'><strong>gloriarentur.</strong></span> <span class='ocrx_word' id='word_1_639' title='bbox 2016 2245 2062 2282; x_wconf 88' lang='lat' dir='ltr'><strong>Et</strong></span> <span class='ocrx_word' id='word_1_640' title='bbox 2076 2255 2115 2282; x_wconf 90' lang='lat' dir='ltr'><strong>tu</strong></span> <span class='ocrx_word' id='word_1_641' title='bbox 2130 2245 2197 2297; x_wconf 86' lang='lat' dir='ltr'><strong>igi-</strong></span> 
     </span>
     <span class='ocr_line' id='line_1_81' title="bbox 1208 2304 2197 2360; baseline 0.002 -18"><span class='ocrx_word' id='word_1_642' title='bbox 1208 2314 1282 2354; x_wconf 87' lang='lat' dir='ltr'><strong>tur,</strong></span> <span class='ocrx_word' id='word_1_643' title='bbox 1314 2305 1343 2342; x_wconf 90' lang='lat' dir='ltr'><strong>si</strong></span> <span class='ocrx_word' id='word_1_644' title='bbox 1380 2305 1543 2360; x_wconf 63' lang='lat' dir='ltr'><strong>audieris</strong></span> <span class='ocrx_word' id='word_1_645' title='bbox 1576 2305 1780 2357; x_wconf 86' lang='lat' dir='ltr'><strong>quempiam</strong></span> <span class='ocrx_word' id='word_1_646' title='bbox 1808 2304 1982 2343; x_wconf 86' lang='lat' dir='ltr'><strong>dicentem</strong></span> <span class='ocrx_word' id='word_1_647' title='bbox 2009 2322 2017 2342; x_wconf 92' lang='lat'>:</span> <span class='ocrx_word' id='word_1_648' title='bbox 2046 2306 2197 2345; x_wconf 86' lang='lat' dir='ltr'><strong>Crucifi-</strong></span> 
     </span>
     <span class='ocr_line' id='line_1_82' title="bbox 1209 2363 2194 2416; baseline 0.002 -15"><span class='ocrx_word' id='word_1_649' title='bbox 1209 2378 1342 2402; x_wconf 74' lang='lat' dir='ltr'><strong>xumne</strong></span> <span class='ocrx_word' id='word_1_650' title='bbox 1357 2363 1508 2401; x_wconf 74' lang='lat' dir='ltr'><strong>adoras?</strong></span> <span class='ocrx_word' id='word_1_651' title='bbox 1529 2378 1573 2402; x_wconf 89' lang='lat' dir='ltr'><strong>ne</strong></span> <span class='ocrx_word' id='word_1_652' title='bbox 1584 2365 1768 2402; x_wconf 88' lang='lat' dir='ltr'><strong>erubescas</strong></span> <span class='ocrx_word' id='word_1_653' title='bbox 1787 2378 1850 2402; x_wconf 90' lang='lat' dir='ltr'><strong>nee</strong></span> <span class='ocrx_word' id='word_1_654' title='bbox 1866 2365 1985 2402; x_wconf 89' lang='lat' dir='ltr'><strong>oeulos</strong></span> <span class='ocrx_word' id='word_1_655' title='bbox 2003 2365 2170 2403; x_wconf 87' lang='lat' dir='ltr'><strong>demittas</strong></span> <span class='ocrx_word' id='word_1_656' title='bbox 2182 2381 2194 2416; x_wconf 73' lang='lat'><em>3</em></span> 
     </span>
     <span class='ocr_line' id='line_1_83' title="bbox 1208 2424 2198 2477; baseline 0.002 -15"><span class='ocrx_word' id='word_1_657' title='bbox 1208 2424 1280 2462; x_wconf 91' lang='lat' dir='ltr'><strong>imo</strong></span> <span class='ocrx_word' id='word_1_658' title='bbox 1291 2425 1444 2476; x_wconf 84' lang='lat' dir='ltr'><strong>gloriare</strong></span> <span class='ocrx_word' id='word_1_659' title='bbox 1463 2434 1497 2462; x_wconf 89' lang='lat' dir='ltr'><strong>et</strong></span> <span class='ocrx_word' id='word_1_660' title='bbox 1513 2425 1581 2463; x_wconf 86' lang='lat' dir='ltr'><strong>tibi</strong></span> <span class='ocrx_word' id='word_1_661' title='bbox 1602 2425 1793 2477; x_wconf 82' lang='lat' dir='ltr'><strong>gratulare,</strong></span> <span class='ocrx_word' id='word_1_662' title='bbox 1815 2425 2007 2476; x_wconf 85' lang='lat' dir='ltr'><strong>liberisque</strong></span> <span class='ocrx_word' id='word_1_663' title='bbox 2034 2426 2146 2464; x_wconf 82' lang='lat' dir='ltr'><strong>oculis</strong></span> <span class='ocrx_word' id='word_1_664' title='bbox 2165 2436 2198 2464; x_wconf 84' lang='lat' dir='ltr'><strong>et</strong></span> 
     </span>
     <span class='ocr_line' id='line_1_84' title="bbox 1208 2486 2198 2536; baseline 0.001 -12"><span class='ocrx_word' id='word_1_665' title='bbox 1208 2496 1324 2531; x_wconf 76' lang='lat' dir='ltr'><strong>erecta</strong></span> <span class='ocrx_word' id='word_1_666' title='bbox 1343 2486 1448 2536; x_wconf 86' lang='lat' dir='ltr'><strong>facie,</strong></span> <span class='ocrx_word' id='word_1_667' title='bbox 1470 2487 1725 2524; x_wconf 85' lang='lat' dir='ltr'><strong>confessionem</strong></span> <span class='ocrx_word' id='word_1_668' title='bbox 1744 2486 1906 2524; x_wconf 86' lang='lat' dir='ltr'><strong>admitte.</strong></span> <span class='ocrx_word' id='word_1_669' title='bbox 1925 2487 1964 2525; x_wconf 86' lang='lat' dir='ltr'><strong>Si</strong></span> <span class='ocrx_word' id='word_1_670' title='bbox 1982 2502 2127 2525; x_wconf 87' lang='lat' dir='ltr'><strong>rursum</strong></span> <span class='ocrx_word' id='word_1_671' title='bbox 2142 2488 2198 2525; x_wconf 86' lang='lat' dir='ltr'><strong>di-</strong></span> 
     </span>
    </p>
   </div>
   <div class='ocr_carea' id='block_1_4' title="bbox 1170 2547 2194 2599">
    <p class='ocr_par' dir='ltr' id='par_1_7' title="bbox 1170 2547 2194 2599">
     <span class='ocr_line' id='line_1_85' title="bbox 1170 2547 2194 2599; baseline 0.003 -15"><span class='ocrx_word' id='word_1_672' title='bbox 1170 2551 1183 2580; x_wconf 72' lang='grc' dir='ltr'><strong>ἰ</strong></span> <span class='ocrx_word' id='word_1_673' title='bbox 1207 2548 1300 2585; x_wconf 76' lang='lat' dir='ltr'><strong>xerit</strong></span> <span class='ocrx_word' id='word_1_674' title='bbox 1316 2563 1324 2584; x_wconf 73' lang='grc' dir='ltr'>τ</span> <span class='ocrx_word' id='word_1_675' title='bbox 1340 2547 1608 2585; x_wconf 79' lang='lat' dir='ltr'><strong>Crucifixumne</strong></span> <span class='ocrx_word' id='word_1_676' title='bbox 1627 2547 1919 2599; x_wconf 77' lang='lat' dir='ltr'><strong>adoras?reponc</strong></span> <span class='ocrx_word' id='word_1_677' title='bbox 1939 2548 1993 2585; x_wconf 88' lang='lat' dir='ltr'><strong>illi</strong></span> <span class='ocrx_word' id='word_1_678' title='bbox 2011 2564 2018 2585; x_wconf 76' lang='grc' dir='ltr'>τ</span> <span class='ocrx_word' id='word_1_679' title='bbox 2042 2548 2112 2586; x_wconf 89' lang='lat' dir='ltr'><strong>Sed</strong></span> <span class='ocrx_word' id='word_1_680' title='bbox 2125 2563 2194 2587; x_wconf 91' lang='lat' dir='ltr'><strong>non</strong></span> 
     </span>
    </p>
   </div>
   <div class='ocr_carea' id='block_1_5' title="bbox 1203 2608 2197 3144">
    <p class='ocr_par' dir='ltr' id='par_1_8' title="bbox 1203 2608 2197 3144">
     <span class='ocr_line' id='line_1_86' title="bbox 1207 2608 2196 2660; baseline 0 -14"><span class='ocrx_word' id='word_1_681' title='bbox 1207 2609 1396 2657; x_wconf 86' lang='lat' dir='ltr'><strong>moechum,</strong></span> <span class='ocrx_word' id='word_1_682' title='bbox 1427 2623 1496 2646; x_wconf 91' lang='lat' dir='ltr'><strong>non</strong></span> <span class='ocrx_word' id='word_1_683' title='bbox 1527 2608 1758 2660; x_wconf 84' lang='lat' dir='ltr'><strong>parricidam,</strong></span> <span class='ocrx_word' id='word_1_684' title='bbox 1783 2622 1852 2646; x_wconf 94' lang='lat' dir='ltr'><strong>non</strong></span> <span class='ocrx_word' id='word_1_685' title='bbox 1881 2609 2039 2647; x_wconf 85' lang='lat' dir='ltr'><strong>filiorum</strong></span> <span class='ocrx_word' id='word_1_686' title='bbox 2056 2610 2196 2647; x_wconf 85' lang='lat' dir='ltr'><strong>interfe-</strong></span> 
     </span>
     <span class='ocr_line' id='line_1_87' title="bbox 1208 2669 2197 2719; baseline 0 -12"><span class='ocrx_word' id='word_1_687' title='bbox 1208 2679 1337 2707; x_wconf 89' lang='lat' dir='ltr'><strong>ctorem</strong></span> <span class='ocrx_word' id='word_1_688' title='bbox 1369 2670 1478 2718; x_wconf 87' lang='lat' dir='ltr'><strong>(tales</strong></span> <span class='ocrx_word' id='word_1_689' title='bbox 1497 2670 1592 2707; x_wconf 90' lang='lat' dir='ltr'><strong>enim</strong></span> <span class='ocrx_word' id='word_1_690' title='bbox 1610 2678 1692 2707; x_wconf 88' lang='lat' dir='ltr'><strong>sunt</strong></span> <span class='ocrx_word' id='word_1_691' title='bbox 1710 2683 1830 2706; x_wconf 92' lang='lat' dir='ltr'><strong>omnes</strong></span> <span class='ocrx_word' id='word_1_692' title='bbox 1858 2669 2002 2707; x_wconf 89' lang='lat' dir='ltr'><strong>illorum</strong></span> <span class='ocrx_word' id='word_1_693' title='bbox 2025 2670 2097 2718; x_wconf 85' lang='lat' dir='ltr'><strong>dii)</strong></span> <span class='ocrx_word' id='word_1_694' title='bbox 2109 2686 2119 2719; x_wconf 78' lang='lat'><em>3</em></span> <span class='ocrx_word' id='word_1_695' title='bbox 2135 2671 2197 2708; x_wconf 86' lang='lat' dir='ltr'><strong>sed</strong></span> 
     </span>
     <span class='ocr_line' id='line_1_88' title="bbox 1207 2729 2195 2783; baseline 0.001 -16"><span class='ocrx_word' id='word_1_696' title='bbox 1207 2745 1300 2780; x_wconf 91' lang='lat' dir='ltr'><strong>eum,</strong></span> <span class='ocrx_word' id='word_1_697' title='bbox 1315 2730 1376 2781; x_wconf 88' lang='lat' dir='ltr'><strong>qui</strong></span> <span class='ocrx_word' id='word_1_698' title='bbox 1404 2745 1465 2783; x_wconf 88' lang='lat' dir='ltr'><strong>per</strong></span> <span class='ocrx_word' id='word_1_699' title='bbox 1481 2744 1621 2768; x_wconf 85' lang='lat' dir='ltr'><strong>crucem</strong></span> <span class='ocrx_word' id='word_1_700' title='bbox 1641 2729 1861 2767; x_wconf 86' lang='lat' dir='ltr'><strong>daemonibus</strong></span> <span class='ocrx_word' id='word_1_701' title='bbox 1881 2743 1940 2767; x_wconf 89' lang='lat' dir='ltr'><strong>ora</strong></span> <span class='ocrx_word' id='word_1_702' title='bbox 1962 2730 2129 2778; x_wconf 88' lang='lat' dir='ltr'><strong>obstruit,</strong></span> <span class='ocrx_word' id='word_1_703' title='bbox 2142 2740 2195 2768; x_wconf 88' lang='lat' dir='ltr'><strong>at-</strong></span> 
     </span>
     <span class='ocr_line' id='line_1_89' title="bbox 1207 2790 2192 2842; baseline 0.001 -14"><span class='ocrx_word' id='word_1_704' title='bbox 1207 2806 1275 2842; x_wconf 89' lang='lat' dir='ltr'><strong>que</strong></span> <span class='ocrx_word' id='word_1_705' title='bbox 1292 2791 1493 2829; x_wconf 87' lang='lat' dir='ltr'><strong>innumeras</strong></span> <span class='ocrx_word' id='word_1_706' title='bbox 1507 2791 1653 2828; x_wconf 86' lang='lat' dir='ltr'><strong>illorum</strong></span> <span class='ocrx_word' id='word_1_707' title='bbox 1662 2790 1860 2842; x_wconf 73' lang='lat' dir='ltr'><strong>praestigias</strong></span> <span class='ocrx_word' id='word_1_708' title='bbox 1880 2790 2039 2828; x_wconf 85' lang='lat' dir='ltr'><strong>abstulit.</strong></span> <span class='ocrx_word' id='word_1_709' title='bbox 2049 2791 2192 2829; x_wconf 88' lang='lat' dir='ltr'><strong>Etenim</strong></span> 
     </span>
     <span class='ocr_line' id='line_1_90' title="bbox 1207 2850 2193 2904; baseline 0 -15"><span class='ocrx_word' id='word_1_710' title='bbox 1207 2867 1296 2889; x_wconf 78' lang='lat' dir='ltr'><strong>crux</strong></span> <span class='ocrx_word' id='word_1_711' title='bbox 1312 2861 1455 2904; x_wconf 84' lang='lat' dir='ltr'><strong>propter</strong></span> <span class='ocrx_word' id='word_1_712' title='bbox 1470 2865 1532 2889; x_wconf 86' lang='lat' dir='ltr'><strong>nos</strong></span> <span class='ocrx_word' id='word_1_713' title='bbox 1553 2850 1746 2888; x_wconf 86' lang='lat' dir='ltr'><strong>ineffabilis</strong></span> <span class='ocrx_word' id='word_1_714' title='bbox 1769 2850 1997 2902; x_wconf 84' lang='lat' dir='ltr'><strong>benignitatis</strong></span> <span class='ocrx_word' id='word_1_715' title='bbox 2014 2865 2103 2903; x_wconf 85' lang='lat' dir='ltr'><strong>opus</strong></span> <span class='ocrx_word' id='word_1_716' title='bbox 2116 2866 2193 2889; x_wconf 86' lang='lat' dir='ltr'><strong>ma-</strong></span> 
     </span>
     <span class='ocr_line' id='line_1_91' title="bbox 1205 2910 2192 2964; baseline 0 -14"><span class='ocrx_word' id='word_1_717' title='bbox 1205 2926 1354 2963; x_wconf 80' lang='lat' dir='ltr'><strong>gnaeque</strong></span> <span class='ocrx_word' id='word_1_718' title='bbox 1381 2926 1473 2949; x_wconf 78' lang='lat' dir='ltr'><strong>curae</strong></span> <span class='ocrx_word' id='word_1_719' title='bbox 1502 2912 1709 2964; x_wconf 85' lang='lat' dir='ltr'><strong>symbolum</strong></span> <span class='ocrx_word' id='word_1_720' title='bbox 1728 2919 1790 2948; x_wconf 90' lang='lat' dir='ltr'><strong>est.</strong></span> <span class='ocrx_word' id='word_1_721' title='bbox 1815 2910 1871 2948; x_wconf 87' lang='lat' dir='ltr'><strong>Ad</strong></span> <span class='ocrx_word' id='word_1_722' title='bbox 1886 2911 1963 2949; x_wconf 81' lang='lat' dir='ltr'><strong>haec</strong></span> <span class='ocrx_word' id='word_1_723' title='bbox 1979 2926 2079 2961; x_wconf 88' lang='lat' dir='ltr'><strong>vero,</strong></span> <span class='ocrx_word' id='word_1_724' title='bbox 2109 2913 2192 2963; x_wconf 87' lang='lat' dir='ltr'><strong>quia</strong></span> 
     </span>
     <span class='ocr_line' id='line_1_92' title="bbox 1204 2970 2193 3024; baseline 0 -14"><span class='ocrx_word' id='word_1_725' title='bbox 1204 2972 1441 3023; x_wconf 86' lang='lat' dir='ltr'><strong>eloquentiam</strong></span> <span class='ocrx_word' id='word_1_726' title='bbox 1468 2986 1568 3009; x_wconf 86' lang='lat' dir='ltr'><strong>suam</strong></span> <span class='ocrx_word' id='word_1_727' title='bbox 1582 2970 1777 3016; x_wconf 81' lang='lat' dir='ltr'><strong>venditant,</strong></span> <span class='ocrx_word' id='word_1_728' title='bbox 1811 2980 1844 3008; x_wconf 89' lang='lat' dir='ltr'><strong>et</strong></span> <span class='ocrx_word' id='word_1_729' title='bbox 1865 2981 2008 3009; x_wconf 77' lang='lat' dir='ltr'><strong>externa</strong></span> <span class='ocrx_word' id='word_1_730' title='bbox 2029 2972 2193 3024; x_wconf 87' lang='lat' dir='ltr'><strong>philoso-</strong></span> 
     </span>
     <span class='ocr_line' id='line_1_93' title="bbox 1204 3032 2192 3098; baseline 0 -27"><span class='ocrx_word' id='word_1_731' title='bbox 1204 3034 1289 3086; x_wconf 87' lang='lat' dir='ltr'><strong>phia</strong></span> <span class='ocrx_word' id='word_1_732' title='bbox 1304 3033 1433 3071; x_wconf 82' lang='lat' dir='ltr'><strong>muniti</strong></span> <span class='ocrx_word' id='word_1_733' title='bbox 1457 3033 1571 3071; x_wconf 87' lang='lat' dir='ltr'><strong>altum</strong></span> <span class='ocrx_word' id='word_1_734' title='bbox 1590 3032 1756 3084; x_wconf 84' lang='lat' dir='ltr'><strong>sapiunt,</strong></span> <span class='ocrx_word' id='word_1_735' title='bbox 1779 3032 1871 3098; x_wconf 86' lang='lat' dir='ltr'><strong>Ego,</strong></span> <span class='ocrx_word' id='word_1_736' title='bbox 1905 3033 2022 3083; x_wconf 89' lang='lat' dir='ltr'><strong>inquit</strong></span> <span class='ocrx_word' id='word_1_737' title='bbox 2047 3034 2192 3081; x_wconf 86' lang='lat' dir='ltr'><strong>Paulus,</strong></span> 
     </span>
     <span class='ocr_line' id='line_1_94' title="bbox 1203 3091 2194 3144; baseline 0 -15"><span class='ocrx_word' id='word_1_738' title='bbox 1203 3092 1260 3130; x_wconf 91' lang='lat' dir='ltr'><strong>his</strong></span> <span class='ocrx_word' id='word_1_739' title='bbox 1275 3092 1493 3144; x_wconf 88' lang='lat' dir='ltr'><strong>syllogismis</strong></span> <span class='ocrx_word' id='word_1_740' title='bbox 1514 3092 1662 3142; x_wconf 90' lang='lat' dir='ltr'><strong>longum</strong></span> <span class='ocrx_word' id='word_1_741' title='bbox 1683 3091 1828 3129; x_wconf 82' lang='lat' dir='ltr'><strong>v&#39;aleie</strong></span> <span class='ocrx_word' id='word_1_742' title='bbox 1814 3091 1936 3142; x_wconf 74' lang='lat' dir='ltr'><strong>jussis,</strong></span> <span class='ocrx_word' id='word_1_743' title='bbox 1951 3105 2093 3129; x_wconf 88' lang='lat' dir='ltr'><strong>erucem</strong></span> <span class='ocrx_word' id='word_1_744' title='bbox 2103 3106 2194 3144; x_wconf 85' lang='lat' dir='ltr'><strong>prae-</strong></span> 
     </span>
    </p>
   </div>
   <div class='ocr_carea' id='block_1_6' title="bbox 118 3145 2193 3260">
    <p class='ocr_par' dir='ltr' id='par_1_9' title="bbox 118 3145 2193 3260">
     <span class='ocr_line' id='line_1_95' title="bbox 118 3145 2193 3222; baseline 0.002 -39"><span class='ocrx_word' id='word_1_745' title='bbox 118 3145 177 3183; x_wconf 84' lang='grc' dir='ltr'><strong>καὶ</strong></span> <span class='ocrx_word' id='word_1_746' title='bbox 209 3146 271 3192; x_wconf 65' lang='grc' dir='ltr'><strong>τὴν</strong></span> <span class='ocrx_word' id='word_1_747' title='bbox 301 3146 422 3191; x_wconf 81' lang='grc' dir='ltr'>ἔξωθεν</span> <span class='ocrx_word' id='word_1_748' title='bbox 456 3148 748 3199; x_wconf 67' lang='grc' dir='ltr'>περιὸεὸλημένοι</span> <span class='ocrx_word' id='word_1_749' title='bbox 787 3149 908 3201; x_wconf 76' lang='grc' dir='ltr'>σοφίαν</span> <span class='ocrx_word' id='word_1_750' title='bbox 941 3151 1362 3222; x_wconf 45' lang='grc' dir='ltr'>ἐφυσῶντοηϋᾶίειιῑιιηι</span> <span class='ocrx_word' id='word_1_751' title='bbox 1393 3151 1510 3200; x_wconf 82' lang='lat' dir='ltr'><strong>venio,</strong></span> <span class='ocrx_word' id='word_1_752' title='bbox 1540 3164 1651 3200; x_wconf 88' lang='lat' dir='ltr'><strong>neque</strong></span> <span class='ocrx_word' id='word_1_753' title='bbox 1687 3149 1768 3187; x_wconf 89' lang='lat' dir='ltr'><strong>ideo</strong></span> <span class='ocrx_word' id='word_1_754' title='bbox 1797 3149 1978 3188; x_wconf 87' lang='lat' dir='ltr'><strong>erubesco.</strong></span> <span class='ocrx_word' id='word_1_755' title='bbox 2006 3151 2193 3187; x_wconf 82' lang='lat' dir='ltr'><strong>Potentia</strong></span> 
     </span>
     <span class='ocr_line' id='line_1_96' title="bbox 123 3205 2193 3260; baseline 0.001 -18"><span class='ocrx_word' id='word_1_756' title='bbox 123 3205 206 3256; x_wconf 66' lang='grc' dir='ltr'>ἐγιῖ,)</span> <span class='ocrx_word' id='word_1_757' title='bbox 230 3221 343 3257; x_wconf 72' lang='grc' dir='ltr'>φησιν,</span> <span class='ocrx_word' id='word_1_758' title='bbox 358 3209 528 3259; x_wconf 76' lang='grc' dir='ltr'>ἐρρωσθαι</span> <span class='ocrx_word' id='word_1_759' title='bbox 552 3209 666 3247; x_wconf 86' lang='grc' dir='ltr'>πολλὰ</span> <span class='ocrx_word' id='word_1_760' title='bbox 681 3210 812 3253; x_wconf 82' lang='grc' dir='ltr'>τούτοις</span> <span class='ocrx_word' id='word_1_761' title='bbox 831 3209 938 3248; x_wconf 82' lang='grc' dir='ltr'>εἰπὼν</span> <span class='ocrx_word' id='word_1_762' title='bbox 959 3216 1029 3254; x_wconf 88' lang='grc' dir='ltr'>τοῖς</span> <span class='ocrx_word' id='word_1_763' title='bbox 1057 3213 1134 3248; x_wconf 88' lang='grc' dir='ltr'>συλ-</span> <span class='ocrx_word' id='word_1_764' title='bbox 1156 3218 1182 3247; x_wconf 88' lang='grc' dir='ltr'><strong>Α</strong></span> <span class='ocrx_word' id='word_1_765' title='bbox 1202 3214 1304 3248; x_wconf 79' lang='lat' dir='ltr'><strong>enim</strong></span> <span class='ocrx_word' id='word_1_766' title='bbox 1325 3211 1401 3247; x_wconf 78' lang='lat' dir='ltr'><strong>Dei</strong></span> <span class='ocrx_word' id='word_1_767' title='bbox 1414 3210 1531 3247; x_wconf 80' lang='lat' dir='ltr'><strong>estad</strong></span> <span class='ocrx_word' id='word_1_768' title='bbox 1543 3209 1721 3246; x_wconf 79' lang='lat' dir='ltr'><strong>salutem.</strong></span> <span class='ocrx_word' id='word_1_769' title='bbox 1739 3207 1832 3254; x_wconf 84' lang='lat' dir='ltr'><strong>Quia</strong></span> <span class='ocrx_word' id='word_1_770' title='bbox 1852 3208 1945 3247; x_wconf 87' lang='lat' dir='ltr'><strong>enim</strong></span> <span class='ocrx_word' id='word_1_771' title='bbox 1955 3209 2114 3260; x_wconf 84' lang='lat' dir='ltr'><strong>potentia</strong></span> <span class='ocrx_word' id='word_1_772' title='bbox 2126 3209 2193 3246; x_wconf 87' lang='lat' dir='ltr'><strong>Dei</strong></span> 
     </span>
    </p>
   </div>
   <div class='ocr_carea' id='block_1_7' title="bbox 119 3267 1134 3383">
    <p class='ocr_par' dir='ltr' id='par_1_10' title="bbox 119 3267 1134 3383">
     <span class='ocr_line' id='line_1_97' title="bbox 119 3267 1134 3322; baseline 0.007 -20"><span class='ocrx_word' id='word_1_773' title='bbox 119 3267 318 3315; x_wconf 82' lang='grc' dir='ltr'>λογισμοῖς,</span> <span class='ocrx_word' id='word_1_774' title='bbox 349 3267 492 3319; x_wconf 82' lang='grc' dir='ltr'>σταυρὸν</span> <span class='ocrx_word' id='word_1_775' title='bbox 525 3268 673 3320; x_wconf 70' lang='grc' dir='ltr'>ἔρχομαι</span> <span class='ocrx_word' id='word_1_776' title='bbox 702 3270 896 3322; x_wconf 85' lang='grc' dir='ltr'>κηρύττων,</span> <span class='ocrx_word' id='word_1_777' title='bbox 915 3270 974 3308; x_wconf 89' lang='grc' dir='ltr'><strong>και</strong></span> <span class='ocrx_word' id='word_1_778' title='bbox 1009 3274 1046 3309; x_wconf 83' lang='grc' dir='ltr'><strong>οὐ</strong></span> <span class='ocrx_word' id='word_1_779' title='bbox 1077 3271 1134 3309; x_wconf 82' lang='grc' dir='ltr'><strong>διὰ</strong></span> 
     </span>
     <span class='ocr_line' id='line_1_98' title="bbox 121 3327 1134 3383; baseline 0.009 -21"><span class='ocrx_word' id='word_1_780' title='bbox 121 3331 218 3364; x_wconf 75' lang='grc' dir='ltr'>τοῦτο</span> <span class='ocrx_word' id='word_1_781' title='bbox 238 3327 456 3378; x_wconf 81' lang='grc' dir='ltr'>αἰσχύνομαι.</span> <span class='ocrx_word' id='word_1_782' title='bbox 476 3329 630 3379; x_wconf 82' lang='grc' dir='ltr'>Δύναμις</span> <span class='ocrx_word' id='word_1_783' title='bbox 649 3330 716 3383; x_wconf 85' lang='grc' dir='ltr'><strong>γὰρ</strong></span> <span class='ocrx_word' id='word_1_784' title='bbox 735 3334 826 3371; x_wconf 77' lang='grc' dir='ltr'>Θεοῦ</span> <span class='ocrx_word' id='word_1_785' title='bbox 846 3334 938 3371; x_wconf 82' lang='grc' dir='ltr'>ἐστιν</span> <span class='ocrx_word' id='word_1_786' title='bbox 953 3336 1000 3377; x_wconf 90' lang='grc' dir='ltr'><strong>εἷς</strong></span> <span class='ocrx_word' id='word_1_787' title='bbox 1020 3349 1134 3381; x_wconf 74' lang='grc' dir='ltr'>σωτη-</span> 
     </span>
    </p>
   </div>
   <div class='ocr_carea' id='block_1_8' title="bbox 165 3432 760 3479">
    <p class='ocr_par' dir='ltr' id='par_1_11' title="bbox 165 3432 760 3479">
     <span class='ocr_line' id='line_1_99' title="bbox 165 3432 760 3479; baseline 0.01 -16"><span class='ocrx_word' id='word_1_788' title='bbox 165 3435 180 3457; x_wconf 72' lang='lat' dir='ltr'><strong>h</strong></span> <span class='ocrx_word' id='word_1_789' title='bbox 206 3432 309 3464; x_wconf 78' lang='lat' dir='ltr'><strong>Iidem</strong></span> <span class='ocrx_word' id='word_1_790' title='bbox 326 3434 372 3474; x_wconf 81' lang='lat' dir='ltr'><strong>[et</strong></span> <span class='ocrx_word' id='word_1_791' title='bbox 389 3433 442 3478; x_wconf 83' lang='lat' dir='ltr'><strong>A.]</strong></span> <span class='ocrx_word' id='word_1_792' title='bbox 459 3439 538 3469; x_wconf 67' lang='grc' dir='ltr'>ἀλλὰ</span> <span class='ocrx_word' id='word_1_793' title='bbox 556 3441 603 3470; x_wconf 80' lang='grc' dir='ltr'><strong>καὶ</strong></span> <span class='ocrx_word' id='word_1_794' title='bbox 617 3442 760 3479; x_wconf 71' lang='grc' dir='ltr'>ἐπείγετο.</span> 
     </span>
    </p>
   </div>
   <div class='ocr_carea' id='block_1_9' title="bbox 1202 3268 2194 3385">
    <p class='ocr_par' dir='ltr' id='par_1_12' title="bbox 1202 3268 2194 3385">
     <span class='ocr_line' id='line_1_100' title="bbox 1202 3268 2194 3321; baseline -0.003 -12"><span class='ocrx_word' id='word_1_795' title='bbox 1202 3281 1252 3309; x_wconf 87' lang='lat' dir='ltr'><strong>est</strong></span> <span class='ocrx_word' id='word_1_796' title='bbox 1271 3271 1376 3308; x_wconf 87' lang='lat' dir='ltr'><strong>etiam</strong></span> <span class='ocrx_word' id='word_1_797' title='bbox 1395 3269 1441 3307; x_wconf 82' lang='lat' dir='ltr'><strong>ad</strong></span> <span class='ocrx_word' id='word_1_798' title='bbox 1460 3283 1601 3321; x_wconf 86' lang='lat' dir='ltr'><strong>poenam</strong></span> <span class='ocrx_word' id='word_1_799' title='bbox 1621 3268 1952 3318; x_wconf 84' lang='lat' dir='ltr'><strong>inferendain(nam</strong></span> <span class='ocrx_word' id='word_1_800' title='bbox 1975 3283 2056 3307; x_wconf 82' lang='lat' dir='ltr'><strong>eum</strong></span> <span class='ocrx_word' id='word_1_801' title='bbox 2082 3269 2194 3320; x_wconf 85' lang='lat' dir='ltr'><strong>AEgy-</strong></span> 
     </span>
     <span class='ocr_line' id='line_1_101' title="bbox 1202 3330 2190 3385; baseline -0.003 -15"><span class='ocrx_word' id='word_1_802' title='bbox 1202 3333 1291 3385; x_wconf 85' lang='lat' dir='ltr'><strong>ptios</strong></span> <span class='ocrx_word' id='word_1_803' title='bbox 1315 3331 1499 3384; x_wconf 84' lang='lat' dir='ltr'><strong>puniebat,</strong></span> <span class='ocrx_word' id='word_1_804' title='bbox 1529 3330 1648 3367; x_wconf 81' lang='lat' dir='ltr'><strong>dixit:</strong></span> <span class='ocrx_word' id='word_1_805' title='bbox 1670 3331 1753 3368; x_wconf 80' lang='lat' dir='ltr'><strong>Haec</strong></span> <span class='ocrx_word' id='word_1_806' title='bbox 1772 3340 1822 3369; x_wconf 84' lang='lat' dir='ltr'><strong>est</strong></span> <span class='ocrx_word' id='word_1_807' title='bbox 1841 3330 1997 3384; x_wconf 86' lang='lat' dir='ltr'><strong>potentia</strong></span> <span class='ocrx_word' id='word_1_808' title='bbox 2018 3345 2094 3368; x_wconf 86' lang='lat' dir='ltr'><strong>mea</strong></span> <span class='ocrx_word' id='word_1_809' title='bbox 2115 3344 2190 3367; x_wconf 81' lang='lat' dir='ltr'><strong>ma-</strong></span> 
     </span>
    </p>
   </div>
   <div class='ocr_carea' id='block_1_10' title="bbox 1235 3437 1584 3482">
    <p class='ocr_par' dir='ltr' id='par_1_13' title="bbox 1235 3437 1584 3482">
     <span class='ocr_line' id='line_1_102' title="bbox 1235 3437 1584 3482; baseline -0.003 -13"><span class='ocrx_word' id='word_1_810' title='bbox 1235 3450 1247 3463; x_wconf 79' lang='lat' dir='ltr'><strong>c</strong></span> <span class='ocrx_word' id='word_1_811' title='bbox 1271 3437 1363 3471; x_wconf 71' lang='lat' dir='ltr'><strong>Unus</strong></span> <span class='ocrx_word' id='word_1_812' title='bbox 1378 3452 1513 3482; x_wconf 54' lang='lat' dir='ltr'><strong>*nefus-ng).</strong></span> <span class='ocrx_word' id='word_1_813' title='bbox 1520 3443 1572 3470; x_wconf 66' lang='grc' dir='ltr'>ἑνοῖ</span> <span class='ocrx_word' id='word_1_814' title='bbox 1579 3462 1584 3468; x_wconf 91' lang='grc'><strong>.</strong></span> 
     </span>
    </p>
   </div>
   <div class='ocr_carea' id='block_1_11' title="bbox 2215 1157 2395 1197">
    <p class='ocr_par' dir='ltr' id='par_1_14' title="bbox 2215 1157 2395 1197">
     <span class='ocr_line' id='line_1_103' title="bbox 2215 1157 2395 1197; baseline -0.006 -11"><span class='ocrx_word' id='word_1_815' title='bbox 2215 1159 2286 1187; x_wconf 71' lang='lat' dir='ltr'><strong>Gal.</strong></span> <span class='ocrx_word' id='word_1_816' title='bbox 2301 1157 2330 1186; x_wconf 82' lang='grc'><strong>6.</strong></span> <span class='ocrx_word' id='word_1_817' title='bbox 2350 1157 2395 1197; x_wconf 60' lang='grc' dir='ltr'><strong>ιῇ,</strong></span> 
     </span>
    </p>
   </div>
  </div>
 </body>
</html>
