2502 3810
721 260 763 287 IN
801 259 916 288 ACTA
954 258 1292 289 APOSTOLORL'M.

120 355 185 388 μα,
216 339 414 390 ἐνεφάνισαν
433 341 463 376 οἱ
480 340 651 390 ἀρχιερεῖς
676 339 733 376 καὶ
756 342 786 377 οἱ
812 338 1038 390 πρεσὸύτεροι
1067 341 1135 376 τῶν

119 399 309 446 Ἰουδαίων,
339 399 534 450 αἰτούμενοι
563 402 639 436 κατ’
673 401 775 437 αὐτοῦ
808 399 917 445 δίκην.
949 400 1044 451 Πρὸς
1081 398 1137 441 οὒς

122 460 326 512 ἀπεκρίθην,
347 459 400 498 ὅτι
429 460 488 498 οὐκ
509 460 599 498 ἔστιν
628 459 700 503 ἔθος
717 459 905 510 Ῥωμαίοις
935 458 1138 511 χαρίζεσθαί

122 536 199 557 τινα
219 520 398 572 ἄνθρωπον
419 522 465 562 εἷς
488 520 677 566 ἀπιῖιλειαν,
698 520 779 571 πρὶν
807 519 828 565 ἢ
845 523 862 557 ὁ
878 519 1136 572 κατηγορούμε-

121 597 175 624 νος
201 582 290 619 κατὰ
312 581 497 633 πρόσωπον
523 581 597 632 ἔχοι
623 581 701 624 τοὺς
727 580 956 633 κατηγόρους,
975 581 1078 619 τόπον
1101 597 1137 619 τε

123 642 310 692 ἀπολογίας
328 643 430 681 λοίζῖοι
447 644 525 694 περὶ
547 647 606 681 τοῦ
639 643 868 693 ἐγκλήματος.
899 642 1135 680 Συνελθόντων

122 698 178 740 οῦν
200 706 310 742 αὐτῶν
333 703 467 750 ἐνθάδε,
489 703 661 750 ἇναὲολὴν
687 702 860 753 μηδεμίαν
881 703 1136 752 ποιησάμενος,

122 769 164 814 τῆ
193 764 269 810 ἑξῆς
285 765 428 807 καθίσας
447 764 505 801 ἐπὶ
530 768 588 801 τοῦ
611 764 786 814 βήματος,
804 763 969 801 ἐκέλευσα
988 765 1137 813 ἀχθῆναι

122 826 178 863 τὸν
200 826 316 876 ἄνδρα.
335 825 423 876 Περὶ
451 818 488 861 οῧ
506 823 685 866 σταθέντες
709 825 739 861 οἱ
767 823 954 874 κατήγοροι
975 822 1137 873 οὐδεμίαν

123 884 236 922 αἰτίαν
256 885 431 936 ἐπέφερον,
449 878 495 921 ὧν
512 883 675 921 ὑπενόουν
700 883 769 932 ἐγώ
782 898 789 905 ·
810 882 994 932 ζητήματα
1011 882 1046 919 δέ
1061 897 1138 919 τινα

124 945 202 997 περὶ
221 947 283 990 τῆς
303 945 390 987 ἰδίας
407 943 677 993 δεισιδαιμονίας
704 937 797 993 εἶχον
825 942 909 993 πρὸς
934 942 1047 987 αὐτὸν,
1080 940 1140 978 καὶ

123 1005 203 1056 περί
228 1021 316 1047 τινος
340 1005 454 1051 Ἰησοῦ
482 1002 703 1049 τεθνηκότος,
735 1003 771 1039 ὃν
800 1001 947 1052 ἔφασκεν
967 1004 984 1039 ὁ
1002 1002 1140 1042 Παῦλος

124 1067 196 1113 ζῆν.
223 1063 467 1116 Ἀπορούμενος
491 1062 526 1100 δὲ
553 1062 620 1112 ἐγὼ
647 1061 728 1112 περὶ
755 1061 818 1106 τὴν
836 1060 957 1098 τούτου
983 1059 1139 1105 ζήτησιν,

123 1125 251 1175 ἔλεγον,
272 1126 300 1162 εἰ
322 1124 477 1174 βούλοιτο
496 1123 701 1175 πορεύεσθαι
722 1120 1025 1173 εἷςἹερουσαλὴμ,
1040 1122 1140 1158 κάκεῖ

124 1185 298 1236 κρίνεσθαι
318 1184 397 1234 περὶ
413 1183 556 1222 τούτων.
582 1185 654 1221 Τοῦ
673 1182 708 1219 δὲ
725 1182 869 1220 Παύλου
886 1180 1142 1231 ἐπικαλεσαμέ-

122 1260 179 1282 νου
195 1248 388 1296 τηρηθῆναι
408 1244 508 1282 αὐτὸν
528 1245 574 1286 εἷς
596 1243 658 1290 τὴν
677 1248 737 1281 τοῦ
757 1244 924 1282 σεὸαστοῦ
943 1243 1140 1294 διάγνωσιν,

124 1305 287 1344 ἐκέλευσα
314 1308 494 1357 τηρεῖσθαι
511 1304 624 1353 αὐτὸν,
648 1304 711 1348 ἕως
728 1304 767 1342 ἂν
787 1303 918 1356 πέμψω
935 1303 1036 1342 αὐτὸν
1056 1302 1141 1354 πρὸς

124 1365 298 1418 Καίσαρα.
322 1364 514 1417 Ἀγρίππας
535 1365 570 1403 δὲ
597 1366 681 1418 πρὸς
697 1365 753 1403 τὸν
772 1367 917 1412 Φῆστον
935 1364 999 1415 ἔφη
1015 1380 1023 1387 ·
1043 1363 1141 1402 ἐδου-

125 1426 237 1476 λόμην
253 1426 312 1464 καὶ
327 1427 426 1470 αὐτὸς
437 1432 497 1465 τοῦ
513 1427 692 1478 ἀνθρώπου
708 1428 866 1465 ἀκοῦσαι.
881 1425 925 1464 ‘O
941 1425 995 1470 δὲ,
1010 1424 1141 1476 αὔριον,

125 1487 241 1537 φησὶν,
274 1486 403 1537 ἀκούσῃ
447 1488 560 1525 αὐτοῦ.
594 1485 691 1539 ΕὈρα
723 1486 933 1538 κατηγορίαν
963 1485 1140 1524 Ἰουδαίων

126 1546 243 1593 πάλιν,
263 1549 300 1584 οὔ
320 1547 415 1599 παρὰ
439 1551 497 1585 τοῦ
518 1547 658 1585 Παύλου
671 1577 680 1594 ,
701 1547 790 1585 ἀλλὰ
811 1545 907 1598 παρὰ
930 1550 989 1584 τοῦ
1010 1546 1140 1598 ἄρχον-

126 1623 193 1650 τος.
214 1607 454 1659 Ἔνειράνισαν,
474 1608 590 1660 φησὶν,
614 1611 643 1645 οἱ
672 1609 845 1659 ἀρχιερεῖς
864 1607 922 1644 καὶ
939 1608 970 1644 οἱ
990 1607 1142 1659 πρεσὸύ-

126 1683 219 1718 ’.εροι
254 1670 320 1705 τῶν
353 1668 543 1713 Ἰουδαίων,
571 1668 763 1717 αἰτούμενοι
790 1670 865 1705 κατ’
898 1669 999 1705 αὐτοῦ
1031 1667 1140 1714 δίκην.

125 1729 241 1779 3Πρὸς
259 1728 315 1771 οὒς
330 1728 396 1779 ἐγὼ
417 1728 720 1782 ἀπεκρίθην-ςΌρα
735 1729 794 1766 καὶ
809 1728 843 1766 τί
858 1727 1081 1779 ἀποκρίνεται
1094 1729 1142 1770 εἷς

127 1787 292 1839 αἰσχύνην
316 1790 441 1826 αὐτῶν·
462 1788 514 1826 ὅτι
539 1791 617 1827 Οὐκ
635 1788 726 1826 ἔστιν
742 1788 815 1832 ἔθος
829 1788 1019 1839 τΡωμαιόις
1037 1787 1140 1840 χαρί-

126 1848 242 1891 ζεσθαί
257 1865 334 1887 τινα
355 1849 533 1901 ἄνθρωπον
550 1852 595 1892 εἷς
613 1849 786 1887 ἀπώλειαν
800 1865 808 1873 ·
824 1849 999 1895 τουτέστι,
1021 1849 1101 1900 πρὶν
1117 1849 1140 1895 ἢ

125 1909 226 1959 λόγου
261 1911 354 1961 αὐτῷ
393 1911 621 1959 μεταδοῦναι,
662 1911 827 1948 ἀδύνατον
863 1911 902 1948 τὸ
935 1909 1140 1962 χαρίζεσθαι

125 1970 256 2012 ἁπλῶς.
280 1969 407 2009 1’Κατὰ
432 1971 472 2008 τὸ
497 1971 612 2015 εἰωθὸς
633 1971 667 2008 δὲ
686 1971 851 2018 ποιήσας,
879 1972 943 2023 οὐχ
966 1965 1061 2022 εὗρεν
1082 1973 1140 2008 αἷ-

125 2030 219 2067 τίαν·
239 2030 314 2069 ὅθεν
333 2031 391 2069 καί
411 2034 592 2084 ἀπορεῖται
610 2032 667 2070 ἐπὶ
684 2032 806 2083 τούτῳ.
832 2032 902 2070 Καὶ
921 2033 1023 2077 δῆλον
1043 2037 1142 2070 τοῦτο

127 2093 168 2128 δι’
194 2085 240 2129 ὧν
268 2092 443 2143 ἐπήγαγε,
477 2092 609 2144 λέγων·
629 2092 879 2144 Ἀπορούμενος
909 2091 944 2129 δὲ
963 2091 1032 2143 ἐγὼ
1063 2093 1142 2145 περὶ

125 2153 188 2198 τὴν
199 2154 326 2191 τούτων
343 2154 498 2200 ζήτησιν.
513 2154 636 2197 Οὕτως
650 2148 737 2201 εἷπε,
752 2154 944 2197 συσκιάζων
960 2153 999 2191 τὸ
1017 2155 1141 2191 οἰκεῖον

126 2213 331 2265 ἁμάρτημα.
356 2214 423 2252 Καὶ
444 2216 571 2257 ἐκεῖνος
594 2214 655 2264 μὲν
682 2214 876 2262 συσκιάζει,
894 2214 1085 2266 Ἀγρίππας
1106 2214 1142 2252 δὲ

126 2276 285 2324 ἐπιθυμεῖ
314 2275 394 2312 ἰδεῖν
425 2274 540 2312 αὐτόν.
567 2274 663 2326 εὈρα
691 2275 743 2312 ἀεὶ
769 2274 849 2318 τοὺς
868 2274 1038 2326 ἄρχοντας
1068 2276 1140 2312 δια-

124 2335 348 2385 κρουομένους
366 2334 429 2381 τὴν
445 2336 634 2386 ἐπάχθειαν
652 2334 714 2381 τὴν
738 2334 946 2382 Ἰουδαϊκὴν,
966 2334 1025 2372 καὶ
1044 2333 1141 2385 παρὰ

1332 257 1486 287 flOMlL.
1527 257 1584 285 LI.

2092 240 2185 301 429

1205 340 1394 389 principes
1430 337 1670 375 sacerdotum
1695 343 1729 372 et
1757 336 1922 373 seniores
1941 333 2183 380 Judceorum,

1206 399 1444 449 postulantes
1490 399 1672 435 adversus
1716 396 1827 433 illum
1877 396 2181 432 damnationem.

1209 461 1270 497 46.
1291 461 1434 510 Quibus
1456 459 1662 510 respondi:
1679 458 1770 495 Νοη
1796 465 1852 495 est
1880 458 2066 494 Romanis
2091 469 2187 493 con-

1161 529 1183 559 C
1209 520 1367 558 suetudo
1394 520 1582 556 damnare
1616 518 1786 569 aliquem
1819 518 2033 560 hominem,
2059 518 2188 566 prius-

1208 593 1326 631 quam
1346 582 1376 616 is
1394 582 1461 630 qui
1476 586 1682 616 accusatur
1693 585 1897 628 praesentes
1912 578 2052 613 haheat
2067 588 2187 612 accu—

1207 648 1368 686 satores,
1388 639 1589 690 locumque
1609 638 1843 689 defendendi
1865 638 2033 687 accipiat
2050 636 2104 672 ad
2121 637 2187 672 ab-

1209 702 1354 739 luenda
1375 704 1553 738 crimina.
1580 702 1640 738 17.
1665 701 1761 737 Cum
1783 713 1870 751 ergo
1893 701 1966 736 lzuc
1988 700 2188 736 convenis-

1208 770 1305 807 sent,
1327 764 1410 799 sine
1433 761 1518 798 ulla
1546 761 1735 797 dilatione
1763 762 1936 810 sequenti
1968 760 2030 796 die
2055 760 2187 796 sedens

1206 835 1276 872 pro
1296 822 1482 858 tribunali
1491 823 1595 872 jussi
1614 821 1756 857 adduci
1774 822 1912 856 virum.
1933 819 1995 857 48.
2016 821 2076 856 De
2096 833 2185 870 quo,

1209 897 1295 920 cum
1311 886 1502 920 stetissent
1516 889 1772 926 accusatores,
1792 882 1942 918 nullam
1956 896 2113 918 causam
2127 884 2189 919 de—

1204 947 1396 997 ferebant,
1416 946 1462 982 de
1486 946 1623 996 quibus
1649 958 1716 994 ego
1743 946 1984 995 suspicabar,·
2004 947 2064 981 15).
2086 959 2190 996 qute-

1208 1008 1351 1044 stiones
1365 1018 1459 1042 vero
1483 1006 1674 1057 quasdam
1689 1005 1736 1041 de
1755 1018 1826 1041 sua
1840 1007 2108 1054 superstitione
2123 1007 2192 1042 lta<

1211 1069 1350 1105 bebant
1373 1068 1556 1105 adversus
1579 1080 1678 1112 eum,
1704 1074 1740 1103 et
1760 1066 1808 1102 de
1827 1066 1994 1117 quodam
2014 1067 2107 1103 Jesu
2124 1067 2192 1104 de·-

1204 1130 1346 1182 functo
1361 1159 1372 1175 ,
1415 1143 1527 1181 quem
1565 1129 1797 1181 affirmabat
1847 1129 1998 1165 Paulus
2051 1132 2192 1167 vivere.

1210 1191 1275 1228 ΞΟ.
1296 1191 1494 1227 Hoesitans
1523 1197 1653 1227 autem
1679 1202 1745 1240 ego
1775 1189 1822 1225 de
1846 1189 2067 1239 hujusmodi
2092 1202 2194 1239 quee-

1166 1251 1191 1279 D
1211 1254 1347 1297 stione,
1364 1251 1553 1297 dicebam,
1569 1264 1660 1287 num
1681 1250 1798 1286 vellet
1818 1252 1873 1286 ire
1891 1250 2195 1297 Jerosolymam,

1212 1321 1248 1349 et
1279 1313 1334 1348 ibi
1346 1312 1520 1363 judicari
1545 1312 1592 1348 de
1617 1311 1711 1348 illis.
1734 1312 1796 1348 91.
1816 1310 1946 1347 Paulo
1974 1318 2103 1347 autern
2129 1324 2194 1360 ap-

1209 1372 1397 1422 pellante,
1420 1381 1461 1410 ut
1487 1380 1706 1410 servaretur
1731 1372 1785 1408 ad
1812 1371 1984 1422 Augusti
2011 1372 2195 1422 cognitio-

1212 1448 1311 1480 nem,
1326 1436 1428 1486 jussi
1444 1437 1591 1472 servari
1611 1447 1710 1480 eum,
1728 1434 1847 1470 donec
1865 1436 2017 1469 mittam
2036 1446 2123 1469 eum
2144 1433 2198 1469 ad

1213 1497 1418 1534 Caesarem.
1451 1497 1513 1532 92
1544 1495 1723 1546 Agrippa
1751 1503 1877 1531 autem
1911 1496 2027 1531 Festo
2056 1495 2155 1530 Attii
2183 1509 2193 1528 .-

1214 1557 1361 1594 Vellem
1379 1565 1416 1594 et
1434 1559 1514 1608 ipse
1539 1557 1732 1593 hominem
1757 1556 1905 1592 audire.
1930 1556 2039 1601 Cras,
2065 1554 2195 1604 inquit,

1211 1618 1345 1654 audies
1364 1617 1488 1655 illum.
1510 1616 1606 1655 Vide
1619 1629 1763 1653 rursum
1778 1615 2035 1653 accusationem
2054 1614 2195 1653 Judaeo-

1216 1692 1297 1716 rum
1315 1691 1385 1715 non
1398 1692 1418 1715 a
1432 1678 1559 1723 Paulo,
1577 1677 1638 1715 sed
1655 1692 1673 1714 a
1690 1676 1853 1729 principe
1865 1685 2056 1714 narratam.
2072 1677 2115 1713 A
2117 1677 2195 1714 die-

1210 1747 1302 1776 runt
1318 1753 1390 1784 me,
1412 1738 1540 1788 inquit,
1557 1740 1750 1789 principes
1761 1738 2004 1775 sacerdotum
2020 1746 2057 1774 et
2071 1740 2194 1774 senio—

1211 1812 1271 1836 res
1287 1800 1318 1836 J
1317 1799 1527 1844 udaeorum,
1539 1798 1783 1849 postulantes
1814 1798 1997 1834 adversus
2012 1811 2096 1833 eum
2130 1798 2194 1833 da-

1211 1862 1459 1897 mnationem.
1479 1860 1625 1909 Quibus
1639 1872 1706 1910 ego
1726 1858 1904 1909 respondi
1911 1857 2018 1896 .Vide
2031 1857 2118 1907 quid
2139 1872 2193 1895 re-

1210 1920 1380 1973 spondeat
1398 1919 1443 1957 ad
1465 1920 1610 1957 illorum
1632 1918 1872 1956 confusionem
1889 1920 2002 1955 :Non
2022 1927 2078 1955 est
2105 1932 2193 1955 con-

1209 1981 1368 2021 suetudo
1376 1983 1561 2019 Romanis
1573 1981 1719 2018 donare
1734 1980 1905 2032 aliquem
1925 1981 2132 2028 hominem,
2152 1988 2194 2017 ut

1207 2054 1356 2097 pereat;
1371 2044 1408 2082 id
1423 2053 1485 2092 est,
1496 2052 1685 2093 antequam
1701 2043 1872 2080 rationem
1887 2041 2024 2091 reddat,
2041 2056 2111 2079 non
2129 2056 2193 2094 po-

1209 2117 1277 2146 test
1295 2107 1401 2146 vestri
1421 2106 1532 2159 gratia
1554 2106 1660 2144 tradi.
1681 2105 1775 2142 Huic
1794 2119 1877 2143 vero
1896 2105 1986 2142 mori
2006 2105 2193 2143 obsecutus
2214 2117 2220 2125 ·

1210 2183 1351 2206 causam
1375 2182 1443 2206 non
1467 2167 1604 2204 invenit
1626 2182 1633 2202 ε
1656 2166 1750 2203 unde
1776 2174 1810 2203 et
1828 2165 1895 2202 hac
1913 2165 1958 2203 de
1977 2180 2013 2203 re
2040 2165 2193 2203 incertus

1209 2227 1319 2264 haeret
1339 2241 1347 2262 :
1366 2226 1404 2263 id
1421 2224 1517 2276 quod
1534 2225 1646 2274 liquet
1665 2238 1710 2261 ex
1731 2223 1979 2273 sequentibus:
1996 2226 2192 2261 Iloesitans

1210 2295 1340 2325 autem
1360 2300 1426 2338 ego
1447 2287 1493 2323 de
1512 2286 1735 2337 hujusmodi
1754 2287 1977 2336 quoestione.
2002 2284 2061 2321 Sic
2076 2284 2192 2334 loqui-

1210 2356 1280 2396 tur,
1298 2361 1403 2384 suum
1425 2345 1642 2384 adumbrans
1670 2353 1867 2397 peccatum.
1890 2344 1938 2381 Et
1961 2344 2023 2381 ille
2050 2344 2193 2395 quidem

123 2395 162 2432 τὸ
178 2393 309 2432 &imm
328 2395 624 2446 ἀναγκαζομένους
643 2395 812 2438 πολλάχῑς
828 2401 952 2443 ποῑῑῖνν
976 2394 1036 2433 καὶ
1054 2410 1138 2445 προ·
1151 2418 1200 2442 382
1209 2407 1412 2454 adumbrat,
1433 2406 1591 2458 Agrippa
1607 2419 1692 2444 vero
1711 2405 1810 2457 cupit
1826 2405 1930 2442 illum
1946 2404 2078 2442 videre.
2097 2405 2193 2444 Vide

123 2455 240 2507 φάσεις
257 2458 501 2501 ἐπιζητοῦντας
519 2459 580 2503 τῆς
597 2457 767 2503 ἀναέολῆς
780 2472 788 2479 ·
810 2458 846 2494 οὐ
866 2456 933 2508 γὰρ
951 2456 992 2502 δὴ
1007 2458 1138 2507 ἀγνοῶν

125 2517 310 2556 ἀνεὸάλετο
327 2547 336 2566 ,
359 2517 435 2555 ἀλλ’
455 2517 563 2561 εἰδώς.
586 2517 630 2556 ‘O
651 2517 686 2555 δὲ
705 2517 898 2571 Ἀγρίππας
923 2519 960 2556 οὗ
981 2517 1081 2567 μόνον
1101 2518 1139 2556 οὗ

125 2578 362 2630 διακρούεται,
388 2578 477 2616 ἀλλὰ
493 2579 552 2616 καὶ
572 2582 718 2617 ἀκοῦσαι
740 2579 921 2630 βούλεται·
942 2578 960 2617 ὃ
978 2578 1037 2616 καὶ
1057 2582 1140 2617 θαυ-

125 2639 235 2689 μοίσαι
255 2639 359 2686 ἄξιον,
377 2639 479 2677 πόθεν
508 2641 555 2682 εἷς
583 2639 770 2690 ἐπιθυμίαν
800 2638 951 2686 κατέστη
971 2643 1030 2676 τοῦ
1054 2638 1139 2690 βού-

122 2701 242 2737 λεο-θαι
269 2701 352 2737 ἰδεῖν
383 2701 562 2753 ἄνθρωπον
584 2702 613 2737 εἰ
632 2699 691 2737 καὶ
711 2699 856 2746 ἀδίκως,
877 2699 970 2749 ὅμως
989 2715 1139 2751 κατηγο-

123 2759 298 2810 ρούμενον.
321 2760 444 2804 Οὕτως
462 2755 503 2807 ῆν
523 2761 583 2798 καὶ
603 2765 703 2798 τοῦτο
728 2759 934 2810 οἰκονομίας.
953 2759 1017 2797 Διὸ
1038 2760 1097 2798 καὶ
1116 2763 1137 2807 ἡ

124 2820 208 2870 γυνὴ
237 2824 341 2860 αὐτοῦ
365 2822 567 2867 συνακούει,
586 2822 645 2860 καὶ
669 2825 731 2868 τῆς
758 2821 954 2874 ἀκροάσεως
974 2824 1034 2861 οὔκ
1053 2826 1138 2861 ἀπο-

125 2882 345 2930 λιμπάνεται.
365 2883 437 2921 Καὶ
454 2883 529 2920 οῧΡὲ
558 2884 677 2925 ἁπλῶς
704 2887 895 2934 ἀκροᾶται,
926 2883 1016 2921 ἀλλὰ
1048 2882 1137 2934 μετὰ

126 2943 253 2987 πολλῆς
269 2945 330 2988 τῆς
349 2945 468 2993 τιμῆς.
490 2943 673 2989 Τοσαύτην
693 2943 774 2995 {effi
795 2943 857 2990 τὴν
877 2944 1059 2995 ἐπιθυμίαν
1073 2960 1080 2968 ·
1099 2947 1137 2983 οὐ

125 3002 189 3052 γὰρ
207 3002 258 3051 ἂν,
276 3005 306 3040 εἰ
327 3003 374 3053 μὴ
394 3004 621 3055 ἐπεθύμησεν,
638 3005 801 3052 ἐζήτησεν
826 3005 866 3042 ἂν
884 3008 1048 3052 ἀκοῦσαι,
1068 3008 1137 3045 οὐδ’

126 3061 163 3097 ἂν
178 3062 235 3099 καὶ
249 3062 311 3108 τὴν
323 3070 469 3114 γυναῖκα
483 3065 643 3103 κοινωνὸν
657 3065 845 3112 ἐποιήσατο
858 3069 918 3112 τῆς
929 3067 1137 3118 ἀκροάσεως,

126 3124 152 3157 εἰ
175 3123 221 3170 μὴ
244 3124 378 3174 μεγάλα
395 3126 475 3175 περὶ
500 3127 600 3163 αὐτοῦ
622 3126 838 3177 ἐφαντάζετο.
860 3126 966 3176 Ἐμοὶ
988 3126 1022 3165 δὲ
1047 3129 1138 3166 δοκεῖ

1165 2455 1190 2484 A
1210 2468 1389 2521 principes
1405 2481 1542 2519 semper
1558 2465 1783 2503 inimicitiam
1805 2467 1826 2505 J
1830 2464 1993 2502 udaicam
2007 2466 2190 2517 repellere,

1209 2539 1242 2568 et
1264 2539 1392 2581 praeter
1409 2529 1468 2580 jus
1491 2541 1581 2580 saepe
1598 2541 1701 2577 agere
1725 2527 1816 2577 cogi,
1830 2541 1870 2563 ac
1889 2526 2069 2564 dilationis
2090 2542 2192 2565 ansas

1211 2601 1389 2638 quaerere:
1406 2600 1476 2624 non
1504 2585 1599 2623 enim
1626 2585 1791 2636 ignorans
1814 2583 2012 2631 differebat,
2027 2585 2086 2622 sed
2100 2599 2190 2636 gna-

1211 2661 1281 2685 rus.
1302 2647 1461 2698 Agrippa
1480 2659 1563 2685 vero
1589 2658 1658 2682 non
1688 2643 1793 2682 modo
1812 2658 1881 2681 non
1903 2644 2055 2696 repellit,
2078 2645 2139 2683 sed
2159 2656 2192 2683 et

1208 2707 1335 2744 audire
1353 2715 1450 2758 optat
1467 2721 1475 2742 ε
1494 2704 1590 2756 quod
1606 2704 1839 2742 admiratione
1858 2704 2019 2755 dignum,
2040 2705 2134 2743 unde
2154 2706 2189 2743 in

1208 2766 1425 2805 desiderium
1440 2765 1574 2804 venerit
1583 2764 1730 2803 videndi
1742 2764 1923 2801 hominem
1936 2774 2139 2803 accusatum
2152 2766 2190 2803 li-

1209 2836 1261 2865 cet
1283 2827 1420 2879 injuste.
1429 2827 1484 2864 Ita
1502 2835 1535 2864 et
1552 2825 1620 2863 hoc
1631 2839 1694 2877 per
1705 2824 1968 2876 providentiam
1980 2825 2111 2863 finctum
2123 2837 2186 2865 cst.

1209 2889 1450 2935 Quamobrem
1473 2897 1506 2925 et
1527 2902 1618 2925 uxor
1634 2887 1710 2938 ejus
1730 2886 1838 2924 simul
1856 2886 1967 2935 audit,
1988 2901 2052 2924 nec
2070 2901 2089 2925 a
2108 2903 2190 2926 con-

1208 2950 1306 2987 cione
1324 2949 1433 2987 abest.
1448 2949 1520 2986 Nec
1533 2948 1648 2986 solum
1666 2946 1780 2996 audit,
1797 2946 1857 2984 sed
1873 2961 1953 2984 cum
1970 2947 2102 2985 honore
2118 2964 2192 2987 ma-

1208 3024 1287 3061 gno.
1306 3009 1431 3048 Talem
1451 3008 1578 3046 habuit
1599 3007 1829 3060 cupiditatem
1848 3023 1855 3043 :
1871 3021 1939 3045 non
1959 3008 2050 3045 enim
2066 3009 2192 3048 audire

1206 3071 1375 3122 petiisset,
1392 3069 1460 3107 nisi
1480 3069 1516 3106 id
1534 3078 1697 3120 optasset,
1712 3083 1824 3119 neque
1843 3069 1971 3106 sociam
1991 3069 2191 3108 admisisset

1208 3145 1370 3174 uxorem,
1395 3130 1459 3168 nisi
1478 3143 1647 3180 magnum
1664 3128 1849 3181 quidpiam
1868 3129 1911 3167 cle
1931 3130 1993 3167 illo
2012 3130 2186 3168 sensisset.

125 3184 285 3230 κάκείνην
308 3189 407 3222 τοῦτο
426 3188 587 3231 ποθῆσαι.
609 3187 678 3223 Καὶ
693 3187 755 3239 ὅρα
777 3187 833 3225 τὸν
857 3189 997 3225 Παῦλον
1017 3188 1138 3233 εὐθέως
1162 3199 1184 3228 Β
1211 3191 1362 3229 Videtur
1391 3199 1507 3227 autem
1534 3190 1620 3227 mihi
1656 3189 1755 3227 illam
1785 3204 1924 3240 quoquc
1950 3190 2023 3227 hzcc
2055 3190 2191 3229 deside·

168 3321 178 3334 ³
198 3312 289 3343 Unus
306 3317 376 3354 πρὸς
393 3315 438 3350 οὒς
457 3316 533 3347 εἶπον
550 3319 623 3356 ἐγὼ,
645 3318 780 3358 αἰσχύνην
798 3319 884 3349 αὐτὸν
903 3320 959 3349 ἔτι.

169 3364 181 3385 ¹1
202 3364 209 3403 [
227 3364 261 3393 Α.
285 3364 321 3395 B.
341 3363 377 3396 C.
394 3364 438 3394 sic
456 3373 610 3407 pergunt,
630 3370 786 3407 μετέδωκα
802 3369 846 3407 δὲ,
869 3371 916 3401 καὶ
939 3370 1017 3401 οὐδε-,ι
1045 3368 1126 3411 εὖρον

1194 3326 1294 3353 αἰτίαν.
1316 3320 1516 3363 ἀπορούμενος
1534 3320 1564 3350 δέ
1579 3316 1689 3360 φηςιν]
