2502 3810
1022 293 1263 325 PRAEFA'HO.
2078 270 2169 330 457

106 380 265 433 Ἰσραήλ.
287 378 329 418 Id
344 387 395 417 est
413 394 420 414 :
438 379 527 417 Non
541 377 693 415 dicendi
707 376 834 430 finem
837 376 1009 429 faciam,
1023 377 1175 413 etiamsi
1192 373 1321 411 nullus
1334 374 1384 410 sit
1398 373 1464 425 qni
1477 371 1613 409 audiat
1632 385 1642 407 :
1659 369 1826 408 medicus
1841 381 1939 415 sum,
1955 367 2172 419 pharmaca

104 445 290 481 adhibeo:
309 443 442 479 doctor
456 455 538 478 sam
550 449 584 477 et
603 441 792 477 admoneo
803 454 817 483 ,·
834 441 890 476 ait
909 441 1010 476 enim
1030 453 1038 474 :
1054 437 1318 489 Speculatorem
1331 434 1414 472 dedi
1431 443 1465 472 te
1486 433 1610 472 domui
1628 433 1750 471 Israel.

158 505 199 541 In
220 503 300 540 aliis
322 516 460 553 qnoque
479 501 638 538 homiliis
660 500 854 538 Antiochiae
875 499 1008 537 habitis
1028 499 1091 536 illa
1116 498 1237 536 munia
1263 510 1300 534 se
1325 509 1486 534 exercere
1511 495 1612 542 dicit,
1636 509 1716 545 quae
1735 493 1903 534 videntur
1922 491 2171 547 adwpraecipua

105 566 352 618 episcoporum
371 564 489 602 officia
508 563 690 616 pertinere.
711 562 772 601 Sic
790 562 826 600 in
844 562 1017 613 vigesima
1038 560 1187 598 homilia
1201 559 1246 597 ad
1262 558 1437 611 populum
1458 557 1730 607 Antiochenum,
1748 565 1833 595 tom.
1850 559 1886 605 9,
1901 568 1982 608 pag.
2002 555 2094 604 215,
2111 553 2140 591 B
2160 570 2168 590 :

105 628 364 679 τεσσαράκοντα
382 627 500 665 λοιπὸν
515 625 645 677 ἡμέραι
663 627 857 678 παρῆλθον·
876 623 915 661 ἂν
942 622 1054 661 τοίνυν
1084 623 1123 660 τὸ
1143 622 1268 673 πᾶσΛα
1283 621 1440 673 παρέλθῃ
1460 620 1500 658 τὸ
1517 621 1620 671 ἱερὸν,
1640 619 1749 658 οὐδενὶ
1768 618 2014 670 συγγνώσομαι
2032 617 2169 663 λοιπὸν,

102 688 177 726 οὐδὲ
205 688 407 740 παραίνεσιν
428 686 590 740 προσάξω
601 716 612 735 ,
634 687 710 724 ἀλλ’
735 683 902 735 ἐπιταγὴν
920 685 979 722 καὶ
998 682 1193 733 ἀποτομίαν
1214 682 1515 733 ἀκαταφρόνητον.
1536 709 1543 718 .
1567 709 1575 718 .
1595 711 1602 718 .
1623 688 1711 718 πᾶσι
1733 680 1846 718 τοίνυν
1866 679 2026 731 προλέγω
2042 679 2100 719 καὶ
2116 681 2174 718 δια

108 751 329 802 μαρτύρομαι
344 781 355 797 ,
383 750 436 788 ὅτι
468 749 507 786 ἂν
528 747 775 800 συγγενόμενος
795 750 876 797 ὑμῖν
896 749 973 784 κατ’
997 745 1101 792 ἰδίαν,
1122 745 1182 782 καὶ
1197 743 1314 782 λαὸὼν
1337 743 1530 795 ἀπόπειραν
1552 743 1732 794 (λήψομαι
1752 741 1787 780 δὲ
1806 742 1945 784 πάντως
1955 745 1980 789 >,
2005 742 2063 781 καὶ
2086 744 2175 797 εὕρω

108 810 202 854 τινὰς
215 810 265 861 μὴ
284 810 538 863 διορθώσαντας
556 809 595 847 τὸ
615 809 821 858 ἐλάττωμα,
838 806 1024 853 ἀπαιτήσω
1043 805 1154 851 δίκην,
1173 804 1337 846 κελεύσας
1357 803 1421 846 ἔξω
1441 803 1553 852 μένειν
1573 804 1642 839 τῶν
1664 802 1862 852 μυστηρίων
1881 805 1949 839 τῶν
1964 804 2079 855 ἱερῶν.
2098 804 2176 842 Hoc

107 884 159 912 est
182 890 189 910 :
219 875 488 925 Quadraginta
504 873 585 909 dies
598 873 686 922 jam
707 872 974 920 praeterierunt
993 883 1004 903 :
1028 870 1061 905 si
1080 869 1197 917 igitur
1218 878 1369 904 sacrum
1391 877 1542 915 qaoque
1563 865 1722 901 Pascha
1742 872 1929 909 transeat,
1955 866 2056 902 nulli
2071 867 2176 904 ultra

111 939 269 973 veniam
297 935 411 980 dabo,
443 946 520 969 non
541 933 858 979 admonitionem,
879 930 948 967 sed
966 931 1049 966 vim
1074 930 1223 979 imperii
1242 935 1279 964 et
1301 928 1543 963 severitatem
1570 937 1646 961 non
1665 926 1987 962 contemnendam
2011 929 2176 965 adhibe—

111 997 170 1033 bo.
184 1025 192 1032 .
218 1026 225 1032 .
251 1025 258 1033 .
280 996 465 1032 Omnibus
482 996 612 1044 itaque
626 992 809 1029 denuntio
824 999 861 1027 et
875 998 1065 1041 protestor
1079 1004 1091 1024 .-
1107 989 1210 1039 quod
1227 990 1260 1024 si
1279 1000 1351 1024 vos
1370 986 1544 1037 singulos
1558 988 1804 1031 conveniens,
1822 994 1859 1023 et
1878 990 2179 1037 experimentzmz

110 1071 261 1095 sumens
278 1060 291 1104 (
311 1070 401 1094 nam
423 1056 530 1092 haud
547 1055 661 1090 dabie
684 1066 834 1090 sumam
850 1056 876 1099 ),
902 1051 1186 1103 deprehendero
1210 1049 1400 1100 quosdam
1423 1049 1495 1085 hoc
1516 1050 1657 1084 vitiam
1681 1061 1758 1086 non
1780 1050 2003 1095 correxisse,
2026 1064 2181 1100 poenam

110 1121 302 1170 irrogabo,
325 1119 474 1155 edicam
498 1124 539 1153 ut
561 1117 660 1167 foris
683 1123 795 1152 extra
809 1127 923 1151 saera
943 1115 1130 1161 mysteria
1152 1114 1352 1149 consistat.
1377 1111 1432 1147 An
1454 1109 1606 1161 pastoris
1625 1122 1752 1146 nomen
1771 1122 1945 1161 usurpare
1967 1124 2036 1148 non
2055 1112 2183 1150 audeat

109 1181 171 1231 qni
187 1181 269 1218 talia
290 1181 383 1217 fatur
396 1180 412 1216 Ξ)
427 1180 564 1218 Verum
582 1178 656 1214 haec
669 1191 688 1214 a
704 1176 841 1229 judicio
859 1176 1003 1214 ferendo
1023 1173 1293 1214 Tillemontium
1310 1172 1495 1210 detinuere
1511 1187 1519 1208 τ
1536 1181 1570 1209 et
1593 1171 1837 1209 Antiochiaene
1863 1186 1908 1210 an
1929 1174 2183 1213 Constantino-

110 1243 182 1295 poli
202 1241 366 1280 Homiliae
387 1241 424 1278 in
441 1240 640 1292 Epistolam
655 1239 701 1276 ad
717 1241 895 1277 Romanos
913 1239 1045 1276 habitae
1062 1237 1207 1282 fuerint,
1228 1235 1377 1274 definire
1397 1249 1467 1272 non
1490 1249 1596 1272 ausus
1617 1243 1679 1272 est.
1699 1235 1771 1272 Nos
1790 1244 1908 1272 autem
1927 1236 2028 1286 quasi
2048 1247 2184 1275 certum

110 1314 144 1342 et
161 1304 384 1356 exploratum
407 1302 611 1340 habendum
631 1310 812 1354 putamus,
838 1301 917 1339 illas
945 1300 1140 1338 Antiochiae
1160 1299 1302 1337 habitas
1325 1297 1443 1336 fuisse.
1468 1296 1692 1335 Tillemontii
1713 1296 1808 1334 enim
1828 1297 1978 1349 objectio
2001 1313 2064 1337 nos
2083 1314 2102 1337 a
2122 1301 2187 1338 tali

110 1366 253 1405 serenda
269 1366 438 1404 sententia
452 1365 627 1403 abducere
646 1378 715 1402 non
731 1372 857 1416 potest.
875 1364 966 1401 Cum
984 1363 1079 1401 enim
1097 1362 1387 1414 Chrysostomus,
1405 1361 1534 1397 fatente
1552 1359 1795 1408 Tillemonti0‚
1816 1359 1872 1397 bis
1889 1360 1982 1399 clare
2001 1361 2132 1400 indicet
2152 1377 2188 1401 se

112 1429 306 1468 Antiochiae
326 1428 538 1477 concionari,
555 1427 644 1478 quid
656 1427 748 1465 ultra
765 1424 996 1478 quaeramus?
1015 1435 1049 1464 et
1064 1440 1128 1464 cur
1142 1434 1215 1463 tam
1228 1425 1300 1464 levi
1317 1424 1518 1476 conjectura
1531 1437 1551 1460 a
1568 1422 1812 1474 Chrysostomi
1829 1424 2029 1463 testimonio
2045 1439 2188 1476 sequen-

111 1489 160 1527 do
177 1489 400 1527 detineamur
413 1489 431 1526 Ξ)

168 1553 323 1600 Annum,
343 1564 412 1600 quo
430 1549 535 1587 hasce
556 1547 723 1586 homilias
741 1547 893 1588 Joannes
912 1547 1100 1587 adornavit
1119 1557 1152 1585 et
1172 1545 1279 1596 dixit,
1302 1560 1346 1585 ne
1365 1547 1568 1598 conjectura
1590 1545 1736 1596 quidem
1758 1545 1897 1597 assequi
1915 1547 2075 1585 valemus
2094 1563 2101 1584 ι
2122 1548 2192 1586 hoc

116 1625 227 1649 unum
242 1611 316 1649 sine
337 1611 478 1649 errandi
493 1611 649 1663 periculo
668 1611 784 1649 dicere
801 1625 1005 1663 possumus,
1028 1610 1167 1648 nonnisi
1194 1619 1272 1662 post
1292 1624 1425 1647 annum
1443 1610 1521 1649 583
1541 1608 1696 1661 potuisse
1718 1608 2016 1660 Chrysostomum
2036 1609 2093 1648 his
2112 1625 2189 1648 ma-

117 1686 200 1709 num
217 1682 249 1710 et
267 1687 410 1724 operam
428 1672 615 1711 admovere
633 1688 641 1708 ε
660 1673 760 1710 annis
775 1686 926 1723 namque
942 1673 1014 1710 illis
1029 1672 1226 1724 prioribus,
1243 1671 1343 1722 queis
1357 1670 1614 1709 concionatoris
1630 1670 1750 1708 officio
1769 1671 1912 1708 functus
1931 1680 1996 1721 est,
2012 1680 2063 1709 tot
2078 1671 2193 1710 edidit

123 1734 306 1772 conciones
324 1743 357 1771 et
373 1734 552 1782 homilias,
571 1743 610 1772 ut
629 1734 715 1786 ipsis
735 1734 821 1772 alias
833 1734 988 1786 adjicere
1000 1748 1069 1772 non
1089 1733 1245 1771 licuerit.

173 1797 264 1833 Cum
284 1809 388 1847 porro
404 1796 580 1845 Julianus,
601 1796 662 1846 qui
679 1796 814 1847 Pelagii
832 1809 966 1833 errores
981 1796 1163 1845 tuebatur,
1185 1794 1230 1832 ad
1251 1803 1434 1846 peccatum
1453 1792 1624 1845 originale
1643 1792 1841 1830 tollendum
1861 1793 2108 1845 Chrysostomi
2128 1809 2191 1832 au-

118 1858 278 1895 ctoritate
300 1872 383 1895 usus
403 1867 490 1896 esset
508 1874 517 1906 ;
538 1858 773 1910 Augustinus,
792 1858 854 1909 qui
869 1859 965 1896 hunc
983 1858 1156 1896 haereseos
1175 1866 1474 1910 propugnatorem
1490 1856 1630 1907 egregie
1651 1855 1800 1907 depulit,
1824 1869 1870 1893 ex
1888 1855 2037 1893 homilia
2053 1856 2192 1895 decima

118 1918 364 1970 Chrysostomi
384 1919 495 1956 multa
514 1919 697 1956 confertim
712 1919 832 1957 attulit
846 1919 939 1958 libro
963 1923 976 1957 1
998 1929 1118 1957 contra
1137 1921 1158 1958 J
1162 1918 1336 1968 ulianum,
1357 1931 1468 1968 eaque
1486 1916 1610 1954 Latine
1630 1929 1812 1963 conversa,
1832 1929 1910 1965 quae
1929 1915 2031 1953 nobis
2049 1916 2109 1954 hic
2127 1931 2193 1969 ap-

120 1994 248 2031 ponere
268 1979 384 2017 visum
404 1989 467 2029 est,
486 1981 662 2018 annotatis
682 1981 717 2018 in
737 1980 896 2032 margine
913 1981 1014 2029 loeis,
1035 1981 1128 2018 unde
1148 1981 1225 2019 haec
1243 1980 1419 2032 excerpsit
1440 1977 1670 2030 Augustinus.

176 2044 274 2093 Lege
289 2045 410 2080 etiam
435 2043 759 2094 quemadmodum
779 2046 935 2095 exponit
955 2045 1056 2081 idem
1077 2046 1157 2095 ipse
1176 2044 1242 2081 ‘vir
1259 2051 1417 2082 sanctus
1433 2042 1607 2080 eumdem
1628 2043 1751 2092 ipsum
1767 2040 1950 2091 Apostoli
1968 2042 2106 2090 locum,
2128 2044 2195 2080 nbi
2239 2058 2395 2095 Auguffiu·

121 2107 305 2161 scriptum
319 2113 376 2142 est
392 2106 480 2142 :Per
497 2118 608 2142 unum
623 2104 804 2143 hominem
825 2115 1010 2158 peccatum
1025 2106 1173 2145 intravit
1191 2106 1227 2143 in
1246 2105 1436 2143 mundum.
1452 2107 1514 2142 Ibi
1528 2107 1630 2141 enim
1652 2104 1737 2140 luce
1753 2103 1897 2140 clarius
1911 2106 1951 2140 in
1971 2105 2086 2156 hujus
2090 2106 2194 2157 fidei
2206 2106 2316 2168 '‘³2:¹¹2''ss
2331 2100 2394 2167 ᾗ·

124 2169 336 2206 Catlzolicoe
356 2171 522 2206 veritate
537 2177 728 2207 versatur.
756 2171 869 2220 Quod
887 2178 1009 2208 totum
1032 2172 1127 2222 quia
1149 2171 1305 2221 longum
1325 2178 1380 2207 est
1400 2170 1488 2206 huic
1514 2169 1617 2219 operi
1641 2168 1824 2213 intexere,
1838 2169 1972 2217 paucis
1991 2168 2081 2204 inde
2101 2182 2193 2206 con—
2206 2162 2398 2218 c.27,p.5'=3'.

122 2234 271 2282 tingant
290 2246 296 2267 ε
316 2235 330 2251 ³
351 2230 593 2277 Manifestum,
618 2233 755 2283 inquit,
774 2232 941 2282 quoniam
959 2246 1027 2270 non
1056 2232 1173 2284 ipsum
1199 2241 1399 2284 peccatum,
1422 2230 1517 2281 quod
1537 2244 1582 2267 ex
1599 2228 1687 2280 legis
1709 2228 1998 2279 transgressione,
2023 2229 2081 2267 sed
2103 2230 2190 2269 illud
2206 2222 2292 2285 ffi'n·
2307 2222 2337 2251 5·
2352 2231 2399 2250 ¹²·

120 2305 315 2346 peccatum,
336 2293 431 2344 quod
452 2308 496 2331 ex
520 2294 605 2331 Adae
627 2294 881 2344 inobedientia,
900 2295 969 2333 hoc
994 2303 1082 2345 erat,
1109 2294 1207 2346 quod
1225 2294 1344 2333 omnia
1366 2291 1633 2332 contaminavit.
1656 2292 1712 2329 Et
1727 2291 1848 2342 paulo
1865 2299 1951 2342 post
1969 2306 1977 2327 ε
1998 2291 2190 2343 Regnavit5
2306 2307 2392 2335 joan.

116 2357 255 2408 inquit,
276 2369 370 2392 mors
389 2354 435 2391 ab
455 2354 569 2391 Adam
586 2368 696 2404 usque
712 2353 758 2391 ad
777 2356 942 2406 Moysen,
962 2364 996 2392 et
1013 2356 1050 2393 in
1065 2369 1134 2403 eos,
1159 2355 1303 2406 quinon
1322 2361 1570 2406 peccaverunt.
1591 2350 1780 2398 Quomodo
1794 2351 1984 2402 regnavit?
2002 2352 2042 2389 In
2065 2352 2193 2391 simili·
2208 2348 2391 2418 Ηξηῑξΐῑὸιθξῑ-

119 2418 242 2456 tudine
263 2416 549 2467 transgressionis
571 2416 671 2463 Adae,
694 2416 755 2467 qni
772 2426 824 2455 est
841 2417 955 2455 forma
974 2418 1099 2455 futuri.
1123 2420 1312 2470 Propterea
1333 2425 1366 2454 et
1383 2416 1495 2454 forma
1511 2424 1562 2453 est
1582 2414 1716 2452 Christi
1731 2413 1856 2451 Adam.
1876 2414 2065 2461 Quomodo
2082 2416 2194 2456 forma
2210 2434 2238 2457 m
2253 2411 2347 2467 Epist.
2362 2410 2397 2456 aa

118 2490 184 2530 est,
205 2480 305 2518 aiunt
323 2480 340 2517 ἶ)
365 2479 545 2527 Quoniam
567 2478 657 2516 sicut
675 2479 736 2517 ille
754 2494 800 2517 ex
823 2480 1011 2533 semetipso
1033 2481 1272 2530 nascentibus,
1293 2479 1460 2531 quamvis
1481 2491 1550 2516 non
1570 2476 1862 2515 manducaverint
1884 2476 1928 2514 de
1950 2476 2060 2528 ligno,
2081 2479 2195 2519 sactus
2207 2471 2315 2540 {³53}
2361 2481 2392 2507 P·

123 2551 173 2579 cst
192 2555 294 2579 causa
314 2540 450 2589 mortis,
480 2553 556 2590 quae
578 2553 643 2592 per
665 2540 783 2578 cibum
808 2541 953 2579 inducta
975 2551 1026 2580 est
1048 2557 1056 2578 :
1076 2542 1125 2580 ita
1151 2551 1184 2580 et
1204 2541 1369 2580 Christus
1394 2541 1452 2589 iis,
1471 2539 1532 2591 qui
1554 2553 1599 2577 ex
1618 2539 1696 2589 ipso
1715 2545 1812 2588 sunt,
1834 2537 1973 2574 tametsi
1993 2538 2084 2576 nihil
2101 2540 2197 2590 juste
2209 2533 2294 2581 noni.
2308 2554 2335 2582 5
2350 2556 2394 2592 ¹:3-

123 2603 268 2654 egerint,
291 2603 403 2640 sactus
421 2611 472 2639 est
490 2602 653 2653 provisor
670 2599 836 2655 justitiae,
851 2618 958 2655 quam
977 2619 1041 2657 per
1064 2619 1205 2644 crucem
1229 2604 1331 2642 nobis
1349 2603 1515 2641 omnibus
1532 2600 1758 2639 condonavit.
1779 2600 1875 2638 Alio
1896 2602 1937 2636 in
1959 2600 2042 2638 loco
2064 2603 2196 2639 eodem

126 2678 297 2702 sermone
321 2680 328 2700 ε
351 2669 366 2685 ³
381 2665 430 2702 Ut
447 2677 528 2700 cum
546 2664 613 2701 tibi
627 2664 759 2702 dixerit
775 2665 934 2716 Judaeus,
958 2669 1096 2720 inquit,
1121 2666 1312 2716 Quomodo
1332 2665 1437 2703 unius
1458 2664 1590 2702 virtute
1609 2661 1742 2700 Christi
1764 2660 1920 2699 mundus
1939 2662 2096 2700 salvatus
2114 2664 2196 2701 est?
2286 2703 2297 2719 8
2317 2688 2396 2716 ΠΜ.

126 2727 238 2780 possis
249 2727 280 2764 ei
294 2726 422 2774 dicere,
437 2725 747 2773 Quemadmodum
762 2742 833 2766 uno
845 2728 1068 2768 inobediente
1079 2730 1194 2770 Adam
1208 2729 1363 2768 mundus
1378 2727 1566 2766 damnatus
1581 2734 1643 2763 est.
1662 2725 1889 2774 Quamquam
1908 2736 1977 2760 non
1995 2724 2064 2762 sint
2079 2739 2195 2775 aequa·
2208 2738 2239 2766 P·
2254 2728 2326 2761 520›
2338 2730 2374 2757 E.

126 2790 186 2839 lia,
208 2789 319 2840 gratia
337 2798 440 2839 atque
462 2797 657 2840 peccatum,
678 2803 791 2840 neque
807 2791 907 2843 paria
928 2792 1001 2832 sint
1018 2808 1113 2832 mors
1134 2803 1239 2844 atque
1261 2792 1348 2839 vita,
1371 2805 1440 2829 non
1457 2788 1601 2840 aequalis
1622 2789 1719 2825 Dens
1740 2800 1780 2824 ac
1795 2785 1970 2823 diabolus.
1991 2788 2090 2824 Item
2110 2798 2197 2839 post

127 2851 326 2901 paululum
350 2866 357 2885 ε
375 2849 391 2869 b
412 2849 482 2888 Sed
497 2864 564 2887 non
583 2851 885 2901 quemadmodum
897 2853 1080 2904 delictum,
1097 2858 1239 2908 inquit,
1259 2855 1306 2892 ita
1321 2863 1354 2892 et
1367 2852 1490 2904 gratia.
1511 2850 1550 2889 Si
1569 2849 1663 2888 enim
1679 2848 1784 2886 unius
1799 2847 1929 2885 delicto
1945 2847 2049 2885 multi
2063 2851 2196 2887 mortui
2285 2876 2300 2900 1,
2316 2873 2394 2900 md·

130 2922 224 2962 sunt,
243 2913 354 2950 multo
370 2912 482 2964 magis
502 2913 614 2964 gratia
628 2914 694 2951 Dei
712 2923 746 2952 et
763 2913 899 2954 donum
915 2916 951 2954 in
967 2918 1080 2969 gratia
1095 2919 1200 2956 unius
1219 2917 1376 2956 hominis
1395 2917 1479 2955 Jesu
1496 2912 1629 2951 Christi
1650 2911 1683 2948 in
1705 2910 1836 2948 multos
1854 2909 2065 2948 abundavit.
2089 2912 2197 2958 Quod
2209 2911 2315 2979 552¹,
2338 2915 2371 2945 A,

130 2975 224 3012 cuim
243 2975 343 3024 dicit,
360 2978 496 3026 inquit,
509 2975 716 3027 hujusmodi
728 2986 779 3015 est
805 2993 812 3013 :
827 2978 864 3017 Si
879 2990 1064 3031 peccatum
1079 2982 1210 3031 valuit,
1230 2990 1263 3018 et
1283 2988 1466 3032 peccatum
1479 2976 1585 3014 unius
1598 2973 1752 3012 hominis
1769 2988 1778 3020 3
1804 2972 1917 3024 gratia
1934 2982 1968 3010 et
1981 2973 2047 3011 Dei
2067 2975 2194 3025 gratia,
2210 2974 2295 3021 Rom.
2310 2992 2396 3021 5.15.

132 3045 164 3073 ct
181 3049 248 3073 non
263 3036 377 3074 solum
396 3037 523 3084 Patris,
547 3037 608 3075 sed
628 3037 733 3076 etiam
750 3039 848 3090 Filii,
869 3042 1173 3092 quemadmodum
1187 3057 1255 3081 non
1273 3041 1427 3094 amplius
1446 3037 1654 3092 praevalebit
1672 3036 1689 3073 Ξ)
1713 3035 1829 3073 Multo
1845 3034 1938 3072 enim
1955 3034 2020 3073 hoc
2039 3036 2197 3075 rationa-

133 3098 254 3134 bilius.
279 3098 370 3135 Nam
384 3098 494 3135 alium
513 3113 579 3151 pro
599 3099 670 3137 alio
687 3099 862 3151 damnari,
884 3117 953 3141 non
976 3105 1079 3143 valde
1098 3105 1243 3144 videtur
1259 3105 1389 3142 habere
1408 3102 1579 3140 rationem
1596 3113 1604 3135 :
1624 3097 1735 3135 alium
1754 3105 1869 3134 autem
1889 3110 1953 3148 pro
1968 3097 2038 3134 alio
2055 3097 2198 3148 salvari,

134 3167 166 3195 et
186 3157 363 3196 decentius
383 3159 496 3210 magis
514 3169 547 3197 et
561 3160 808 3200 rationabilius
829 3175 987 3216 apparet.
1010 3167 1048 3204 Si
1067 3167 1176 3219 igitur
1198 3166 1289 3204 illud
1308 3167 1441 3203 sactum
1463 3171 1526 3210 est,
1544 3160 1655 3198 multo
1681 3159 1794 3209 magis
1811 3158 1892 3195 hoc.
1918 3160 2091 3210 Itemque
2104 3162 2200 3199 alibi

136 3223 176 3255 in
194 3223 507 3271 consequentibus
523 3222 540 3257 ἐ
563 3222 759 3273 Judicium,
784 3227 928 3277 inquit,
951 3241 996 3265 ex
1021 3243 1091 3267 uno
1111 3230 1147 3267 in
1173 3227 1512 3273 condemnationem,
1533 3222 1644 3275 gratia
1667 3230 1784 3258 autem
1803 3234 1848 3258 ex
1869 3220 1990 3257 multis
2007 3219 2146 3260 delictis
2165 3223 2200 3261 in
2214 3241 2290 3271 thid.
2305 3252 2333 3268 v,
2352 3241 2396 3269 15,

135 3280 432 3331 justificationem.
459 3281 535 3319 Hoc
555 3282 650 3320 idem
669 3292 734 3334 est,
759 3287 900 3337 inquit,
928 3289 1024 3338 quod
1049 3289 1197 3341 dicitur,
1229 3289 1395 3341 quoniam
1419 3285 1563 3336 quidem
1589 3291 1737 3321 mortem
1758 3290 1790 3319 et
1808 3279 2070 3318 (lamnationem
2088 3283 2203 3333 potuit

140 3351 321 3393 peccatum
339 3342 525 3393 inducere;
545 3345 657 3396 gratia
677 3355 792 3384 autem
810 3361 879 3386 non
900 3364 1011 3389 unum
1035 3352 1129 3391 illud
1147 3351 1392 3391 tantummodo
1413 3347 1585 3387 interfecit
1606 3353 1801 3398 peccatum,
1817 3343 1878 3381 sed
1895 3343 2001 3381 etiam
2015 3353 2094 3395 post
2113 3345 2205 3384 illud

139 3403 349 3440 introeuntia
365 3413 516 3455 peccata.
537 3407 591 3443 Et
609 3407 742 3457 paullo
752 3410 893 3459 postde
908 3412 978 3450 hoc
992 3416 1072 3465 ipso
1093 3430 1102 3450 .·
1124 3415 1303 3462 Quoniam
1322 3426 1417 3464 ergo,
1441 3412 1582 3461 inquit,
1602 3407 1707 3460 plura
1727 3405 1929 3443 introducta
1954 3414 2036 3443 sunt
2054 3405 2158 3457 bona,
2174 3418 2206 3445 ct

142 3478 208 3502 uon
230 3465 342 3503 solum
367 3465 457 3503 illud
481 3466 702 3506 intersectum
721 3478 770 3507 est
791 3482 988 3525 peccatum,
1016 3476 1076 3514 sed
1095 3477 1200 3515 etiam
1223 3476 1340 3515 omnia
1362 3473 1508 3523 reliqua,
1534 3468 1685 3509 ostendit
1710 3467 1829 3507 dicens
1852 3483 1858 3503 :
1879 3466 2005 3505 Gratia
2026 3475 2142 3505 autem
2164 3484 2206 3508 cx
2227 3474 2303 3501 ‘bid-

1964 3531 2028 3558 oo,
