<?xml version="1.0" encoding="UTF-8"?>
<!DOCTYPE html PUBLIC "-//W3C//DTD XHTML 1.0 Transitional//EN"
    "http://www.w3.org/TR/xhtml1/DTD/xhtml1-transitional.dtd">
<html xmlns="http://www.w3.org/1999/xhtml" xml:lang="en" lang="en">
 <head>
  <title>
</title>
<meta http-equiv="Content-Type" content="text/html;charset=utf-8" />
  <meta name='ocr-system' content='tesseract 3.04.00' />
  <meta name='ocr-capabilities' content='ocr_page ocr_carea ocr_par ocr_line ocrx_word'/>
</head>
<body>
  <div class='ocr_page' id='page_1' title='image "./operaomniaquaeex09johnuoft/operaomniaquaeex09johnuoft_0646.png"; bbox 0 0 2502 3810; ppageno 0'>
   <div class='ocr_carea' id='block_1_1' title="bbox 115 2635 295 2664">
    <p class='ocr_par' dir='ltr' id='par_1_1' title="bbox 115 2635 295 2664">
     <span class='ocr_line' id='line_1_1' title="bbox 115 2635 295 2664; baseline 0 -1"><span class='ocrx_word' id='word_1_1' title='bbox 115 2644 142 2663; x_wconf 90' lang='lat'>1.</span> <span class='ocrx_word' id='word_1_2' title='bbox 161 2635 230 2664; x_wconf 81' lang='lat' dir='ltr'>Cor.</span> <span class='ocrx_word' id='word_1_3' title='bbox 249 2644 295 2664; x_wconf 86' lang='lat'>10.</span> 
     </span>
    </p>
   </div>
   <div class='ocr_carea' id='block_1_2' title="bbox 305 235 399 300">
    <p class='ocr_par' dir='ltr' id='par_1_2' title="bbox 305 235 399 300">
     <span class='ocr_line' id='line_1_2' title="bbox 305 235 399 300; baseline 0.011 -18"><span class='ocrx_word' id='word_1_4' title='bbox 305 235 399 300; x_wconf 77' lang='lat'>596</span> 
     </span>
    </p>
   </div>
   <div class='ocr_carea' id='block_1_3' title="bbox 309 325 1292 686">
    <p class='ocr_par' dir='ltr' id='par_1_3' title="bbox 309 325 1292 686">
     <span class='ocr_line' id='line_1_3' title="bbox 311 325 1292 378; baseline -0.006 -8"><span class='ocrx_word' id='word_1_5' title='bbox 311 341 345 370; x_wconf 91' lang='lat' dir='ltr'>et</span> <span class='ocrx_word' id='word_1_6' title='bbox 359 331 404 369; x_wconf 87' lang='lat' dir='ltr'>ad</span> <span class='ocrx_word' id='word_1_7' title='bbox 417 344 479 369; x_wconf 88' lang='lat' dir='ltr'>nos</span> <span class='ocrx_word' id='word_1_8' title='bbox 494 330 694 378; x_wconf 80' lang='lat' dir='ltr'><strong>redeamus,</strong></span> <span class='ocrx_word' id='word_1_9' title='bbox 707 336 938 378; x_wconf 88' lang='lat' dir='ltr'>ornatumque</span> <span class='ocrx_word' id='word_1_10' title='bbox 958 326 1062 365; x_wconf 91' lang='lat' dir='ltr'>illum</span> <span class='ocrx_word' id='word_1_11' title='bbox 1075 326 1121 364; x_wconf 90' lang='lat' dir='ltr'>ab</span> <span class='ocrx_word' id='word_1_12' title='bbox 1135 325 1292 365; x_wconf 81' lang='lat' dir='ltr'>externis</span> 
     </span>
     <span class='ocr_line' id='line_1_4' title="bbox 310 387 1292 430; baseline -0.005 -1"><span class='ocrx_word' id='word_1_13' title='bbox 310 392 356 430; x_wconf 89' lang='lat' dir='ltr'>ad</span> <span class='ocrx_word' id='word_1_14' title='bbox 370 392 526 429; x_wconf 88' lang='lat' dir='ltr'>animam</span> <span class='ocrx_word' id='word_1_15' title='bbox 541 389 790 428; x_wconf 83' lang='lat' dir='ltr'><strong>transferamus</strong></span> <span class='ocrx_word' id='word_1_16' title='bbox 806 402 814 424; x_wconf 71' lang='grc' dir='ltr'><em>ε</em></span> <span class='ocrx_word' id='word_1_17' title='bbox 829 387 880 425; x_wconf 85' lang='lat' dir='ltr'>sic</span> <span class='ocrx_word' id='word_1_18' title='bbox 897 387 991 425; x_wconf 90' lang='lat' dir='ltr'>enim</span> <span class='ocrx_word' id='word_1_19' title='bbox 1002 387 1156 425; x_wconf 85' lang='lat' dir='ltr'>intactus</span> <span class='ocrx_word' id='word_1_20' title='bbox 1169 401 1292 425; x_wconf 90' lang='lat' dir='ltr'>mane-</span> 
     </span>
     <span class='ocr_line' id='line_1_5' title="bbox 309 447 1292 502; baseline -0.004 -13"><span class='ocrx_word' id='word_1_21' title='bbox 309 452 377 502; x_wconf 83' lang='lat' dir='ltr'>bit,</span> <span class='ocrx_word' id='word_1_22' title='bbox 416 465 457 488; x_wconf 87' lang='lat' dir='ltr'>ac</span> <span class='ocrx_word' id='word_1_23' title='bbox 480 464 542 488; x_wconf 91' lang='lat' dir='ltr'>nos</span> <span class='ocrx_word' id='word_1_24' title='bbox 568 449 702 501; x_wconf 87' lang='lat' dir='ltr'>angelis</span> <span class='ocrx_word' id='word_1_25' title='bbox 734 462 837 501; x_wconf 89' lang='lat' dir='ltr'>pares</span> <span class='ocrx_word' id='word_1_26' title='bbox 866 447 1003 497; x_wconf 83' lang='lat' dir='ltr'><strong>reddet,</strong></span> <span class='ocrx_word' id='word_1_27' title='bbox 1022 447 1292 498; x_wconf 82' lang='lat' dir='ltr'>immobiliaque</span> 
     </span>
     <span class='ocr_line' id='line_1_6' title="bbox 311 510 1291 562; baseline -0.003 -11"><span class='ocrx_word' id='word_1_28' title='bbox 311 513 513 552; x_wconf 81' lang='lat' dir='ltr'>conciliabit</span> <span class='ocrx_word' id='word_1_29' title='bbox 531 513 623 550; x_wconf 85' lang='lat' dir='ltr'>bona</span> <span class='ocrx_word' id='word_1_30' title='bbox 643 527 651 549; x_wconf 91' lang='lat'><strong>:</strong></span> <span class='ocrx_word' id='word_1_31' title='bbox 669 526 746 562; x_wconf 87' lang='lat' dir='ltr'>quae</span> <span class='ocrx_word' id='word_1_32' title='bbox 765 510 867 550; x_wconf 88' lang='lat' dir='ltr'>nobis</span> <span class='ocrx_word' id='word_1_33' title='bbox 879 511 1044 549; x_wconf 86' lang='lat' dir='ltr'>omnibus</span> <span class='ocrx_word' id='word_1_34' title='bbox 1056 511 1196 562; x_wconf 83' lang='lat' dir='ltr'>assequi</span> <span class='ocrx_word' id='word_1_35' title='bbox 1209 524 1291 548; x_wconf 89' lang='lat' dir='ltr'>con-</span> 
     </span>
     <span class='ocr_line' id='line_1_7' title="bbox 309 571 1292 625; baseline -0.003 -14"><span class='ocrx_word' id='word_1_36' title='bbox 309 575 435 625; x_wconf 75' lang='lat' dir='ltr'>tingat,</span> <span class='ocrx_word' id='word_1_37' title='bbox 451 573 565 624; x_wconf 90' lang='lat' dir='ltr'>gratia</span> <span class='ocrx_word' id='word_1_38' title='bbox 580 581 614 610; x_wconf 92' lang='lat' dir='ltr'>et</span> <span class='ocrx_word' id='word_1_39' title='bbox 633 572 852 623; x_wconf 85' lang='lat' dir='ltr'>benignitate</span> <span class='ocrx_word' id='word_1_40' title='bbox 883 572 1031 610; x_wconf 90' lang='lat' dir='ltr'>Domini</span> <span class='ocrx_word' id='word_1_41' title='bbox 1066 571 1178 610; x_wconf 86' lang='lat' dir='ltr'>nostri</span> <span class='ocrx_word' id='word_1_42' title='bbox 1206 573 1292 611; x_wconf 87' lang='lat' dir='ltr'>Jesu</span> 
     </span>
     <span class='ocr_line' id='line_1_8' title="bbox 311 634 1288 686; baseline -0.002 -14"><span class='ocrx_word' id='word_1_43' title='bbox 311 634 456 684; x_wconf 77' lang='lat' dir='ltr'>Christi,</span> <span class='ocrx_word' id='word_1_44' title='bbox 477 634 535 672; x_wconf 89' lang='lat' dir='ltr'>cui</span> <span class='ocrx_word' id='word_1_45' title='bbox 553 634 666 686; x_wconf 85' lang='lat' dir='ltr'>gloria</span> <span class='ocrx_word' id='word_1_46' title='bbox 694 634 731 672; x_wconf 91' lang='lat' dir='ltr'>in</span> <span class='ocrx_word' id='word_1_47' title='bbox 750 634 879 672; x_wconf 83' lang='lat' dir='ltr'>saecula</span> <span class='ocrx_word' id='word_1_48' title='bbox 906 634 1131 672; x_wconf 83' lang='lat' dir='ltr'>saeculorum.</span> <span class='ocrx_word' id='word_1_49' title='bbox 1160 634 1288 671; x_wconf 90' lang='lat' dir='ltr'>Amen.</span> 
     </span>
    </p>
   </div>
   <div class='ocr_carea' id='block_1_4' title="bbox 647 1389 960 1430">
    <p class='ocr_par' dir='ltr' id='par_1_4' title="bbox 647 1389 960 1430">
     <span class='ocr_line' id='line_1_9' title="bbox 647 1389 960 1430; baseline 0 -2"><span class='ocrx_word' id='word_1_50' title='bbox 647 1390 859 1430; x_wconf 78' lang='lat' dir='ltr'>HOMILIA</span> <span class='ocrx_word' id='word_1_51' title='bbox 877 1389 960 1428; x_wconf 84' lang='lat' dir='ltr'>XII.</span> 
     </span>
    </p>
   </div>
   <div class='ocr_carea' id='block_1_5' title="bbox 312 1510 1294 1871">
    <p class='ocr_par' dir='ltr' id='par_1_5' title="bbox 312 1510 1294 1871">
     <span class='ocr_line' id='line_1_10' title="bbox 312 1510 1293 1562; baseline -0.005 -11"><span class='ocrx_word' id='word_1_52' title='bbox 312 1515 401 1552; x_wconf 76' lang='lat' dir='ltr'><strong>CAP.</strong></span> <span class='ocrx_word' id='word_1_53' title='bbox 418 1515 485 1553; x_wconf 79' lang='lat' dir='ltr'>VI.</span> <span class='ocrx_word' id='word_1_54' title='bbox 499 1528 537 1554; x_wconf 81' lang='lat' dir='ltr'>v.</span> <span class='ocrx_word' id='word_1_55' title='bbox 555 1514 617 1553; x_wconf 74' lang='lat'>19.</span> <span class='ocrx_word' id='word_1_56' title='bbox 637 1515 867 1551; x_wconf 81' lang='lat' dir='ltr'>Humanum</span> <span class='ocrx_word' id='word_1_57' title='bbox 892 1512 978 1548; x_wconf 84' lang='lat' dir='ltr'>dico</span> <span class='ocrx_word' id='word_1_58' title='bbox 1001 1518 1157 1562; x_wconf 81' lang='lat' dir='ltr'>propter</span> <span class='ocrx_word' id='word_1_59' title='bbox 1183 1510 1293 1562; x_wconf 84' lang='lat' dir='ltr'>infir-</span> 
     </span>
     <span class='ocr_line' id='line_1_11' title="bbox 367 1571 1289 1626; baseline -0.008 -13"><span class='ocrx_word' id='word_1_60' title='bbox 367 1578 541 1613; x_wconf 79' lang='lat' dir='ltr'>mitatem</span> <span class='ocrx_word' id='word_1_61' title='bbox 555 1577 684 1612; x_wconf 85' lang='lat' dir='ltr'>carnis</span> <span class='ocrx_word' id='word_1_62' title='bbox 699 1582 851 1626; x_wconf 70' lang='lat' dir='ltr'>vestroe.</span> <span class='ocrx_word' id='word_1_63' title='bbox 866 1573 971 1610; x_wconf 83' lang='lat' dir='ltr'>Sicut</span> <span class='ocrx_word' id='word_1_64' title='bbox 987 1574 1090 1609; x_wconf 84' lang='lat' dir='ltr'>enim</span> <span class='ocrx_word' id='word_1_65' title='bbox 1111 1571 1289 1608; x_wconf 70' lang='lat' dir='ltr'>exhibui-</span> 
     </span>
     <span class='ocr_line' id='line_1_12' title="bbox 363 1632 1293 1674; baseline -0.008 1"><span class='ocrx_word' id='word_1_66' title='bbox 363 1640 432 1674; x_wconf 83' lang='lat' dir='ltr'>stis</span> <span class='ocrx_word' id='word_1_67' title='bbox 452 1639 625 1674; x_wconf 81' lang='lat' dir='ltr'>membra</span> <span class='ocrx_word' id='word_1_68' title='bbox 640 1637 770 1673; x_wconf 83' lang='lat' dir='ltr'>carnis</span> <span class='ocrx_word' id='word_1_69' title='bbox 779 1642 919 1671; x_wconf 78' lang='lat' dir='ltr'>vestroe</span> <span class='ocrx_word' id='word_1_70' title='bbox 930 1636 1071 1670; x_wconf 73' lang='lat' dir='ltr'>servire</span> <span class='ocrx_word' id='word_1_71' title='bbox 1086 1632 1293 1670; x_wconf 84' lang='lat' dir='ltr'>immundi-</span> 
     </span>
     <span class='ocr_line' id='line_1_13' title="bbox 364 1695 1293 1748; baseline -0.006 -14"><span class='ocrx_word' id='word_1_72' title='bbox 364 1700 428 1735; x_wconf 82' lang='lat' dir='ltr'>tiae</span> <span class='ocrx_word' id='word_1_73' title='bbox 445 1706 481 1733; x_wconf 85' lang='lat' dir='ltr'>et</span> <span class='ocrx_word' id='word_1_74' title='bbox 494 1698 693 1748; x_wconf 78' lang='lat' dir='ltr'>iniquitati</span> <span class='ocrx_word' id='word_1_75' title='bbox 712 1696 765 1732; x_wconf 83' lang='lat' dir='ltr'>ad</span> <span class='ocrx_word' id='word_1_76' title='bbox 782 1696 1049 1746; x_wconf 80' lang='lat' dir='ltr'>iniquitatem:</span> <span class='ocrx_word' id='word_1_77' title='bbox 1067 1695 1122 1731; x_wconf 84' lang='lat' dir='ltr'>sic</span> <span class='ocrx_word' id='word_1_78' title='bbox 1136 1700 1172 1730; x_wconf 82' lang='lat' dir='ltr'>et</span> <span class='ocrx_word' id='word_1_79' title='bbox 1190 1704 1293 1729; x_wconf 82' lang='lat' dir='ltr'>nunc</span> 
     </span>
     <span class='ocr_line' id='line_1_14' title="bbox 362 1754 1294 1806; baseline -0.005 -11"><span class='ocrx_word' id='word_1_80' title='bbox 362 1759 538 1796; x_wconf 70' lang='lat' dir='ltr'>exhibete</span> <span class='ocrx_word' id='word_1_81' title='bbox 556 1758 729 1794; x_wconf 80' lang='lat' dir='ltr'>membra</span> <span class='ocrx_word' id='word_1_82' title='bbox 754 1764 888 1794; x_wconf 79' lang='lat' dir='ltr'>vestra</span> <span class='ocrx_word' id='word_1_83' title='bbox 907 1756 1051 1793; x_wconf 77' lang='lat' dir='ltr'>servire</span> <span class='ocrx_word' id='word_1_84' title='bbox 1074 1756 1237 1806; x_wconf 71' lang='lat' dir='ltr'>justitia?</span> <span class='ocrx_word' id='word_1_85' title='bbox 1253 1754 1294 1789; x_wconf 87' lang='lat' dir='ltr'>in</span> 
     </span>
     <span class='ocr_line' id='line_1_15' title="bbox 360 1819 722 1871; baseline -0.011 -14"><span class='ocrx_word' id='word_1_86' title='bbox 360 1819 722 1871; x_wconf 79' lang='lat' dir='ltr'>sanctificationem.</span> 
     </span>
    </p>
   </div>
   <div class='ocr_carea' id='block_1_6' title="bbox 307 1936 1300 3277">
    <p class='ocr_par' dir='ltr' id='par_1_6' title="bbox 307 1936 1300 3277">
     <span class='ocr_line' id='line_1_16' title="bbox 363 1936 1293 1990; baseline -0.003 -15"><span class='ocrx_word' id='word_1_87' title='bbox 363 1943 398 1977; x_wconf 87' lang='grc'>1,</span> <span class='ocrx_word' id='word_1_88' title='bbox 421 1940 613 1990; x_wconf 88' lang='lat' dir='ltr'>Postquam</span> <span class='ocrx_word' id='word_1_89' title='bbox 631 1951 796 1990; x_wconf 82' lang='lat' dir='ltr'>magnam</span> <span class='ocrx_word' id='word_1_90' title='bbox 822 1937 944 1988; x_wconf 83' lang='lat' dir='ltr'>exegit</span> <span class='ocrx_word' id='word_1_91' title='bbox 965 1936 1046 1975; x_wconf 78' lang='lat' dir='ltr'>vitae</span> <span class='ocrx_word' id='word_1_92' title='bbox 1066 1950 1186 1974; x_wconf 88' lang='lat' dir='ltr'>curam</span> <span class='ocrx_word' id='word_1_93' title='bbox 1203 1965 1214 1985; x_wconf 92' lang='grc'>,</span> <span class='ocrx_word' id='word_1_94' title='bbox 1227 1936 1293 1988; x_wconf 86' lang='lat' dir='ltr'>ju—</span> 
     </span>
     <span class='ocr_line' id='line_1_17' title="bbox 308 1998 1294 2046; baseline -0.005 -7"><span class='ocrx_word' id='word_1_95' title='bbox 308 2001 394 2039; x_wconf 88' lang='lat' dir='ltr'>bens</span> <span class='ocrx_word' id='word_1_96' title='bbox 409 2015 480 2039; x_wconf 86' lang='lat' dir='ltr'>esse</span> <span class='ocrx_word' id='word_1_97' title='bbox 500 2010 657 2039; x_wconf 81' lang='lat' dir='ltr'>mortuos</span> <span class='ocrx_word' id='word_1_98' title='bbox 684 1998 817 2037; x_wconf 90' lang='lat' dir='ltr'>mundo</span> <span class='ocrx_word' id='word_1_99' title='bbox 836 2013 877 2036; x_wconf 90' lang='lat' dir='ltr'>ac</span> <span class='ocrx_word' id='word_1_100' title='bbox 900 1998 1044 2037; x_wconf 79' lang='lat' dir='ltr'>malitiae</span> <span class='ocrx_word' id='word_1_101' title='bbox 1055 2028 1065 2046; x_wconf 87' lang='lat'><em>‚</em></span> <span class='ocrx_word' id='word_1_102' title='bbox 1081 2007 1114 2035; x_wconf 92' lang='lat' dir='ltr'>et</span> <span class='ocrx_word' id='word_1_103' title='bbox 1129 1998 1294 2035; x_wconf 90' lang='lat' dir='ltr'>immotos</span> 
     </span>
     <span class='ocr_line' id='line_1_18' title="bbox 308 2059 1295 2114; baseline -0.005 -13"><span class='ocrx_word' id='word_1_104' title='bbox 308 2077 449 2101; x_wconf 86' lang='lat' dir='ltr'>manere</span> <span class='ocrx_word' id='word_1_105' title='bbox 466 2062 636 2101; x_wconf 79' lang='lat' dir='ltr'>adversus</span> <span class='ocrx_word' id='word_1_106' title='bbox 650 2070 875 2114; x_wconf 88' lang='lat' dir='ltr'>peccatorum</span> <span class='ocrx_word' id='word_1_107' title='bbox 887 2060 1126 2112; x_wconf 87' lang='lat' dir='ltr'>operationem</span> <span class='ocrx_word' id='word_1_108' title='bbox 1141 2089 1153 2110; x_wconf 90' lang='grc'>,</span> <span class='ocrx_word' id='word_1_109' title='bbox 1172 2059 1295 2097; x_wconf 79' lang='lat' dir='ltr'>visus-</span> 
     </span>
     <span class='ocr_line' id='line_1_19' title="bbox 309 2119 1295 2175; baseline -0.003 -15"><span class='ocrx_word' id='word_1_110' title='bbox 309 2138 376 2174; x_wconf 85' lang='lat' dir='ltr'>que</span> <span class='ocrx_word' id='word_1_111' title='bbox 397 2133 447 2162; x_wconf 89' lang='lat' dir='ltr'>est</span> <span class='ocrx_word' id='word_1_112' title='bbox 466 2137 638 2175; x_wconf 84' lang='lat' dir='ltr'>magnum</span> <span class='ocrx_word' id='word_1_113' title='bbox 667 2121 853 2174; x_wconf 82' lang='lat' dir='ltr'>quidpiam</span> <span class='ocrx_word' id='word_1_114' title='bbox 873 2130 906 2159; x_wconf 78' lang='lat' dir='ltr'>et</span> <span class='ocrx_word' id='word_1_115' title='bbox 926 2135 1033 2172; x_wconf 79' lang='lat' dir='ltr'>grave</span> <span class='ocrx_word' id='word_1_116' title='bbox 1047 2121 1147 2171; x_wconf 90' lang='lat' dir='ltr'>loqui</span> <span class='ocrx_word' id='word_1_117' title='bbox 1164 2151 1175 2171; x_wconf 92' lang='grc'>,</span> <span class='ocrx_word' id='word_1_118' title='bbox 1197 2119 1295 2171; x_wconf 84' lang='lat' dir='ltr'>quod</span> 
     </span>
     <span class='ocr_line' id='line_1_20' title="bbox 307 2182 1297 2237; baseline -0.004 -13"><span class='ocrx_word' id='word_1_119' title='bbox 307 2186 503 2224; x_wconf 86' lang='lat' dir='ltr'>humanam</span> <span class='ocrx_word' id='word_1_120' title='bbox 526 2193 668 2237; x_wconf 85' lang='lat' dir='ltr'>superet</span> <span class='ocrx_word' id='word_1_121' title='bbox 686 2193 850 2221; x_wconf 88' lang='lat' dir='ltr'>naturam</span> <span class='ocrx_word' id='word_1_122' title='bbox 869 2198 881 2232; x_wconf 78' lang='lat'><em>3</em></span> <span class='ocrx_word' id='word_1_123' title='bbox 909 2192 949 2220; x_wconf 90' lang='lat' dir='ltr'>ut</span> <span class='ocrx_word' id='word_1_124' title='bbox 969 2183 1129 2221; x_wconf 86' lang='lat' dir='ltr'>ostendat</span> <span class='ocrx_word' id='word_1_125' title='bbox 1146 2197 1182 2220; x_wconf 87' lang='lat' dir='ltr'>se</span> <span class='ocrx_word' id='word_1_126' title='bbox 1204 2182 1297 2220; x_wconf 86' lang='lat' dir='ltr'>nihil</span> 
     </span>
     <span class='ocr_line' id='line_1_21' title="bbox 309 2252 1296 2297; baseline -0.003 -14"><span class='ocrx_word' id='word_1_127' title='bbox 309 2260 496 2284; x_wconf 91' lang='lat' dir='ltr'>onerosum</span> <span class='ocrx_word' id='word_1_128' title='bbox 530 2255 694 2297; x_wconf 81' lang='lat' dir='ltr'>expetere</span> <span class='ocrx_word' id='word_1_129' title='bbox 717 2275 726 2293; x_wconf 85' lang='lat'>‚</span> <span class='ocrx_word' id='word_1_130' title='bbox 760 2258 875 2294; x_wconf 89' lang='lat' dir='ltr'>neque</span> <span class='ocrx_word' id='word_1_131' title='bbox 911 2252 1085 2293; x_wconf 89' lang='lat' dir='ltr'>quantum</span> <span class='ocrx_word' id='word_1_132' title='bbox 1127 2253 1296 2295; x_wconf 81' lang='lat' dir='ltr'>praestare</span> 
     </span>
     <span class='ocr_line' id='line_1_22' title="bbox 310 2302 1295 2358; baseline -0.004 -14"><span class='ocrx_word' id='word_1_133' title='bbox 310 2315 487 2358; x_wconf 87' lang='lat' dir='ltr'>oporteret</span> <span class='ocrx_word' id='word_1_134' title='bbox 504 2320 585 2342; x_wconf 88' lang='lat' dir='ltr'>eum</span> <span class='ocrx_word' id='word_1_135' title='bbox 600 2334 609 2353; x_wconf 83' lang='lat'>,</span> <span class='ocrx_word' id='word_1_136' title='bbox 623 2304 686 2355; x_wconf 91' lang='lat' dir='ltr'>qui</span> <span class='ocrx_word' id='word_1_137' title='bbox 705 2313 802 2341; x_wconf 87' lang='lat' dir='ltr'>tanto</span> <span class='ocrx_word' id='word_1_138' title='bbox 821 2303 913 2340; x_wconf 92' lang='lat' dir='ltr'>dono</span> <span class='ocrx_word' id='word_1_139' title='bbox 932 2303 1087 2353; x_wconf 81' lang='lat' dir='ltr'>fruitur,</span> <span class='ocrx_word' id='word_1_140' title='bbox 1107 2302 1170 2340; x_wconf 90' lang='lat' dir='ltr'>sed</span> <span class='ocrx_word' id='word_1_141' title='bbox 1189 2303 1295 2341; x_wconf 68' lang='lat' dir='ltr'>valde</span> 
     </span>
     <span class='ocr_line' id='line_1_23' title="bbox 310 2365 1295 2417; baseline -0.004 -11"><span class='ocrx_word' id='word_1_142' title='bbox 310 2369 534 2406; x_wconf 88' lang='lat' dir='ltr'>moderatum</span> <span class='ocrx_word' id='word_1_143' title='bbox 559 2376 592 2404; x_wconf 93' lang='lat' dir='ltr'>et</span> <span class='ocrx_word' id='word_1_144' title='bbox 621 2366 698 2403; x_wconf 76' lang='lat' dir='ltr'>leve</span> <span class='ocrx_word' id='word_1_145' title='bbox 726 2365 905 2417; x_wconf 83' lang='lat' dir='ltr'>postulare</span> <span class='ocrx_word' id='word_1_146' title='bbox 926 2366 1028 2417; x_wconf 86' lang='lat' dir='ltr'>:jam</span> <span class='ocrx_word' id='word_1_147' title='bbox 1057 2378 1078 2401; x_wconf 95' lang='lat' dir='ltr'>a</span> <span class='ocrx_word' id='word_1_148' title='bbox 1107 2365 1295 2402; x_wconf 87' lang='lat' dir='ltr'>contrariis</span> 
     </span>
     <span class='ocr_line' id='line_1_24' title="bbox 310 2425 1295 2480; baseline -0.005 -14"><span class='ocrx_word' id='word_1_149' title='bbox 310 2428 378 2466; x_wconf 87' lang='lat' dir='ltr'>hoc</span> <span class='ocrx_word' id='word_1_150' title='bbox 396 2430 515 2480; x_wconf 86' lang='lat' dir='ltr'>ipsum</span> <span class='ocrx_word' id='word_1_151' title='bbox 533 2428 671 2480; x_wconf 85' lang='lat' dir='ltr'>probat,</span> <span class='ocrx_word' id='word_1_152' title='bbox 691 2435 724 2463; x_wconf 88' lang='lat' dir='ltr'>et</span> <span class='ocrx_word' id='word_1_153' title='bbox 738 2425 810 2474; x_wconf 81' lang='lat' dir='ltr'>ait,</span> <span class='ocrx_word' id='word_1_154' title='bbox 829 2427 1057 2463; x_wconf 82' lang='lat' dir='ltr'>Humanum</span> <span class='ocrx_word' id='word_1_155' title='bbox 1073 2425 1159 2462; x_wconf 82' lang='lat' dir='ltr'>dico</span> <span class='ocrx_word' id='word_1_156' title='bbox 1174 2440 1188 2469; x_wconf 87' lang='lat'><em>;</em></span> <span class='ocrx_word' id='word_1_157' title='bbox 1206 2439 1247 2462; x_wconf 80' lang='lat' dir='ltr'>ac</span> <span class='ocrx_word' id='word_1_158' title='bbox 1264 2426 1295 2462; x_wconf 85' lang='lat' dir='ltr'>si</span> 
     </span>
     <span class='ocr_line' id='line_1_25' title="bbox 308 2486 1293 2540; baseline -0.006 -11"><span class='ocrx_word' id='word_1_159' title='bbox 308 2489 463 2540; x_wconf 82' lang='lat' dir='ltr'>diceret,</span> <span class='ocrx_word' id='word_1_160' title='bbox 485 2490 529 2528; x_wconf 88' lang='lat' dir='ltr'>ab</span> <span class='ocrx_word' id='word_1_161' title='bbox 548 2488 715 2526; x_wconf 86' lang='lat' dir='ltr'>humanis</span> <span class='ocrx_word' id='word_1_162' title='bbox 748 2486 1046 2538; x_wconf 79' lang='lat' dir='ltr'>cogitationibus,</span> <span class='ocrx_word' id='word_1_163' title='bbox 1081 2486 1126 2523; x_wconf 84' lang='lat' dir='ltr'>ab</span> <span class='ocrx_word' id='word_1_164' title='bbox 1155 2486 1198 2524; x_wconf 86' lang='lat' dir='ltr'>iis</span> <span class='ocrx_word' id='word_1_165' title='bbox 1216 2500 1293 2537; x_wconf 82' lang='lat' dir='ltr'>quae</span> 
     </span>
     <span class='ocr_line' id='line_1_26' title="bbox 309 2546 1294 2598; baseline -0.007 -8"><span class='ocrx_word' id='word_1_166' title='bbox 309 2561 473 2590; x_wconf 87' lang='lat' dir='ltr'>consueta</span> <span class='ocrx_word' id='word_1_167' title='bbox 501 2559 606 2589; x_wconf 89' lang='lat' dir='ltr'>sunt:</span> <span class='ocrx_word' id='word_1_168' title='bbox 630 2549 780 2587; x_wconf 88' lang='lat' dir='ltr'>modum</span> <span class='ocrx_word' id='word_1_169' title='bbox 799 2561 951 2598; x_wconf 90' lang='lat' dir='ltr'>namque</span> <span class='ocrx_word' id='word_1_170' title='bbox 979 2546 1120 2584; x_wconf 90' lang='lat' dir='ltr'>nomine</span> <span class='ocrx_word' id='word_1_171' title='bbox 1145 2547 1294 2585; x_wconf 86' lang='lat' dir='ltr'>humani</span> 
     </span>
     <span class='ocr_line' id='line_1_27' title="bbox 310 2607 1294 2651; baseline -0.006 0"><span class='ocrx_word' id='word_1_172' title='bbox 310 2612 466 2651; x_wconf 85' lang='lat' dir='ltr'>declarat</span> <span class='ocrx_word' id='word_1_173' title='bbox 487 2627 495 2648; x_wconf 80' lang='lat' dir='ltr'><strong><em>z</em></strong></span> <span class='ocrx_word' id='word_1_174' title='bbox 515 2625 598 2649; x_wconf 90' lang='lat' dir='ltr'>nam</span> <span class='ocrx_word' id='word_1_175' title='bbox 618 2619 651 2648; x_wconf 88' lang='lat' dir='ltr'>et</span> <span class='ocrx_word' id='word_1_176' title='bbox 674 2609 760 2647; x_wconf 89' lang='lat' dir='ltr'>alibi</span> <span class='ocrx_word' id='word_1_177' title='bbox 779 2607 866 2646; x_wconf 86' lang='lat' dir='ltr'>dicit</span> <span class='ocrx_word' id='word_1_178' title='bbox 894 2624 903 2645; x_wconf 75' lang='grc' dir='ltr'>ε</span> <span class='ocrx_word' id='word_1_179' title='bbox 930 2609 1108 2645; x_wconf 82' lang='lat' dir='ltr'>Tentatio</span> <span class='ocrx_word' id='word_1_180' title='bbox 1124 2621 1196 2646; x_wconf 81' lang='lat' dir='ltr'>vos</span> <span class='ocrx_word' id='word_1_181' title='bbox 1214 2621 1294 2645; x_wconf 85' lang='lat' dir='ltr'>non</span> 
     </span>
     <span class='ocr_line' id='line_1_28' title="bbox 311 2666 1291 2721; baseline -0.006 -8"><span class='ocrx_word' id='word_1_182' title='bbox 311 2677 456 2713; x_wconf 73' lang='lat' dir='ltr'>invasit</span> <span class='ocrx_word' id='word_1_183' title='bbox 470 2676 545 2711; x_wconf 85' lang='lat' dir='ltr'>nisi</span> <span class='ocrx_word' id='word_1_184' title='bbox 558 2674 732 2711; x_wconf 76' lang='lat' dir='ltr'>humana</span> <span class='ocrx_word' id='word_1_185' title='bbox 741 2687 755 2715; x_wconf 87' lang='grc'>,·</span> <span class='ocrx_word' id='word_1_186' title='bbox 766 2670 834 2707; x_wconf 87' lang='lat' dir='ltr'>hoc</span> <span class='ocrx_word' id='word_1_187' title='bbox 848 2666 912 2719; x_wconf 78' lang='lat' dir='ltr'>est,</span> <span class='ocrx_word' id='word_1_188' title='bbox 929 2668 1110 2706; x_wconf 88' lang='lat' dir='ltr'>moderata</span> <span class='ocrx_word' id='word_1_189' title='bbox 1123 2678 1155 2706; x_wconf 90' lang='lat' dir='ltr'>et</span> <span class='ocrx_word' id='word_1_190' title='bbox 1166 2683 1291 2721; x_wconf 74' lang='lat' dir='ltr'>parva.</span> 
     </span>
     <span class='ocr_line' id='line_1_29' title="bbox 309 2735 1297 2778; baseline -0.006 -1"><span class='ocrx_word' id='word_1_191' title='bbox 309 2740 415 2778; x_wconf 79' lang='lat' dir='ltr'>Sicut</span> <span class='ocrx_word' id='word_1_192' title='bbox 437 2740 538 2775; x_wconf 85' lang='lat' dir='ltr'>enim</span> <span class='ocrx_word' id='word_1_193' title='bbox 557 2737 784 2774; x_wconf 74' lang='lat' dir='ltr'>exhibuistis</span> <span class='ocrx_word' id='word_1_194' title='bbox 818 2735 990 2770; x_wconf 81' lang='lat' dir='ltr'>membra</span> <span class='ocrx_word' id='word_1_195' title='bbox 1006 2741 1139 2770; x_wconf 70' lang='lat' dir='ltr'>‘vestra</span> <span class='ocrx_word' id='word_1_196' title='bbox 1155 2735 1297 2771; x_wconf 76' lang='lat' dir='ltr'>servire</span> 
     </span>
     <span class='ocr_line' id='line_1_30' title="bbox 310 2794 1298 2847; baseline -0.006 -10"><span class='ocrx_word' id='word_1_197' title='bbox 310 2800 567 2837; x_wconf 77' lang='lat' dir='ltr'>immundiciae</span> <span class='ocrx_word' id='word_1_198' title='bbox 592 2805 629 2835; x_wconf 81' lang='lat' dir='ltr'>et</span> <span class='ocrx_word' id='word_1_199' title='bbox 654 2797 855 2847; x_wconf 80' lang='lat' dir='ltr'>iniquitati</span> <span class='ocrx_word' id='word_1_200' title='bbox 869 2794 923 2831; x_wconf 82' lang='lat' dir='ltr'>ad</span> <span class='ocrx_word' id='word_1_201' title='bbox 941 2794 1188 2844; x_wconf 77' lang='lat' dir='ltr'>iniquitatem</span> <span class='ocrx_word' id='word_1_202' title='bbox 1207 2808 1217 2828; x_wconf 91' lang='lat'><em>:</em></span> <span class='ocrx_word' id='word_1_203' title='bbox 1241 2795 1298 2831; x_wconf 80' lang='lat' dir='ltr'>ita</span> 
     </span>
     <span class='ocr_line' id='line_1_31' title="bbox 311 2857 1297 2907; baseline -0.007 -8"><span class='ocrx_word' id='word_1_204' title='bbox 311 2875 414 2899; x_wconf 82' lang='lat' dir='ltr'>nunc</span> <span class='ocrx_word' id='word_1_205' title='bbox 443 2862 617 2898; x_wconf 73' lang='lat' dir='ltr'>exhibete</span> <span class='ocrx_word' id='word_1_206' title='bbox 630 2859 803 2895; x_wconf 82' lang='lat' dir='ltr'>membra</span> <span class='ocrx_word' id='word_1_207' title='bbox 819 2864 954 2894; x_wconf 76' lang='lat' dir='ltr'>vestra</span> <span class='ocrx_word' id='word_1_208' title='bbox 975 2857 1118 2893; x_wconf 76' lang='lat' dir='ltr'>servire</span> <span class='ocrx_word' id='word_1_209' title='bbox 1133 2857 1297 2907; x_wconf 77' lang='lat' dir='ltr'>justitioe</span> 
     </span>
     <span class='ocr_line' id='line_1_32' title="bbox 309 2915 1298 2973; baseline -0.006 -14"><span class='ocrx_word' id='word_1_210' title='bbox 309 2923 363 2959; x_wconf 87' lang='lat' dir='ltr'>ad</span> <span class='ocrx_word' id='word_1_211' title='bbox 380 2921 743 2973; x_wconf 76' lang='lat' dir='ltr'>sanctificationem.</span> <span class='ocrx_word' id='word_1_212' title='bbox 764 2917 872 2968; x_wconf 79' lang='lat' dir='ltr'>Atqui</span> <span class='ocrx_word' id='word_1_213' title='bbox 891 2916 1045 2954; x_wconf 83' lang='lat' dir='ltr'>multum</span> <span class='ocrx_word' id='word_1_214' title='bbox 1063 2925 1114 2953; x_wconf 85' lang='lat' dir='ltr'>est</span> <span class='ocrx_word' id='word_1_215' title='bbox 1134 2915 1298 2954; x_wconf 87' lang='lat' dir='ltr'>dominos</span> 
     </span>
     <span class='ocr_line' id='line_1_33' title="bbox 309 2977 1298 3030; baseline -0.007 -9"><span class='ocrx_word' id='word_1_216' title='bbox 309 2983 400 3021; x_wconf 86' lang='lat' dir='ltr'>inter</span> <span class='ocrx_word' id='word_1_217' title='bbox 413 2981 624 3029; x_wconf 81' lang='lat' dir='ltr'>discrimen3</span> <span class='ocrx_word' id='word_1_218' title='bbox 644 2989 797 3017; x_wconf 88' lang='lat' dir='ltr'>attamen</span> <span class='ocrx_word' id='word_1_219' title='bbox 817 2992 937 3030; x_wconf 86' lang='lat' dir='ltr'>parem</span> <span class='ocrx_word' id='word_1_220' title='bbox 957 2977 1138 3015; x_wconf 76' lang='lat' dir='ltr'>servitutis</span> <span class='ocrx_word' id='word_1_221' title='bbox 1152 2977 1298 3015; x_wconf 85' lang='lat' dir='ltr'>modum</span> 
     </span>
     <span class='ocr_line' id='line_1_34' title="bbox 310 3038 1300 3095; baseline -0.005 -14"><span class='ocrx_word' id='word_1_222' title='bbox 310 3044 466 3094; x_wconf 89' lang='lat' dir='ltr'>requiro.</span> <span class='ocrx_word' id='word_1_223' title='bbox 484 3042 681 3095; x_wconf 87' lang='lat' dir='ltr'>Oportebat</span> <span class='ocrx_word' id='word_1_224' title='bbox 700 3040 846 3092; x_wconf 85' lang='lat' dir='ltr'>quidem</span> <span class='ocrx_word' id='word_1_225' title='bbox 861 3039 974 3077; x_wconf 86' lang='lat' dir='ltr'>multo</span> <span class='ocrx_word' id='word_1_226' title='bbox 996 3038 1078 3090; x_wconf 88' lang='lat' dir='ltr'>plus</span> <span class='ocrx_word' id='word_1_227' title='bbox 1097 3038 1245 3085; x_wconf 84' lang='lat' dir='ltr'>afferre,</span> <span class='ocrx_word' id='word_1_228' title='bbox 1266 3047 1300 3076; x_wconf 90' lang='lat' dir='ltr'>et</span> 
     </span>
     <span class='ocr_line' id='line_1_35' title="bbox 311 3099 1298 3157; baseline -0.005 -14"><span class='ocrx_word' id='word_1_229' title='bbox 311 3114 406 3143; x_wconf 89' lang='lat' dir='ltr'>tanto</span> <span class='ocrx_word' id='word_1_230' title='bbox 429 3105 530 3157; x_wconf 77' lang='lat' dir='ltr'>plus,</span> <span class='ocrx_word' id='word_1_231' title='bbox 557 3112 689 3154; x_wconf 88' lang='lat' dir='ltr'>quanto</span> <span class='ocrx_word' id='word_1_232' title='bbox 715 3101 917 3140; x_wconf 88' lang='lat' dir='ltr'>dominatus</span> <span class='ocrx_word' id='word_1_233' title='bbox 937 3099 998 3138; x_wconf 86' lang='lat' dir='ltr'>hic</span> <span class='ocrx_word' id='word_1_234' title='bbox 1018 3100 1132 3152; x_wconf 86' lang='lat' dir='ltr'>major</span> <span class='ocrx_word' id='word_1_235' title='bbox 1151 3100 1298 3138; x_wconf 86' lang='lat' dir='ltr'>melior-</span> 
     </span>
     <span class='ocr_line' id='line_1_36' title="bbox 312 3161 1299 3216; baseline -0.007 -12"><span class='ocrx_word' id='word_1_236' title='bbox 312 3180 380 3216; x_wconf 92' lang='lat' dir='ltr'>que</span> <span class='ocrx_word' id='word_1_237' title='bbox 399 3175 449 3204; x_wconf 88' lang='lat' dir='ltr'>est</span> <span class='ocrx_word' id='word_1_238' title='bbox 473 3165 535 3203; x_wconf 87' lang='lat' dir='ltr'>illo</span> <span class='ocrx_word' id='word_1_239' title='bbox 553 3181 561 3203; x_wconf 90' lang='lat'>:</span> <span class='ocrx_word' id='word_1_240' title='bbox 589 3173 743 3202; x_wconf 85' lang='lat' dir='ltr'>attamen</span> <span class='ocrx_word' id='word_1_241' title='bbox 764 3163 857 3201; x_wconf 89' lang='lat' dir='ltr'>nihil</span> <span class='ocrx_word' id='word_1_242' title='bbox 876 3161 1029 3214; x_wconf 89' lang='lat' dir='ltr'>amplius</span> <span class='ocrx_word' id='word_1_243' title='bbox 1053 3170 1134 3213; x_wconf 86' lang='lat' dir='ltr'>peto</span> <span class='ocrx_word' id='word_1_244' title='bbox 1153 3170 1299 3213; x_wconf 86' lang='lat' dir='ltr'>propter</span> 
     </span>
     <span class='ocr_line' id='line_1_37' title="bbox 312 3223 1298 3277; baseline -0.004 -12"><span class='ocrx_word' id='word_1_245' title='bbox 312 3227 567 3265; x_wconf 84' lang='lat' dir='ltr'>infirmitatem.</span> <span class='ocrx_word' id='word_1_246' title='bbox 605 3228 678 3265; x_wconf 88' lang='lat' dir='ltr'>Nec</span> <span class='ocrx_word' id='word_1_247' title='bbox 714 3225 809 3263; x_wconf 80' lang='lat' dir='ltr'>dixit</span> <span class='ocrx_word' id='word_1_248' title='bbox 826 3255 835 3273; x_wconf 90' lang='lat'>‚</span> <span class='ocrx_word' id='word_1_249' title='bbox 866 3223 1044 3277; x_wconf 82' lang='lat' dir='ltr'>Propositi</span> <span class='ocrx_word' id='word_1_250' title='bbox 1075 3224 1184 3263; x_wconf 85' lang='lat' dir='ltr'>vestri</span> <span class='ocrx_word' id='word_1_251' title='bbox 1202 3252 1213 3271; x_wconf 89' lang='lat'>‚</span> <span class='ocrx_word' id='word_1_252' title='bbox 1240 3223 1298 3262; x_wconf 86' lang='lat' dir='ltr'>vel</span> 
     </span>
    </p>
   </div>
   <div class='ocr_carea' id='block_1_7' title="bbox 1317 697 1342 728">
    <p class='ocr_par' dir='ltr' id='par_1_7' title="bbox 1317 697 1342 728">
     <span class='ocr_line' id='line_1_38' title="bbox 1317 697 1342 728; baseline 0 0"><span class='ocrx_word' id='word_1_253' title='bbox 1317 697 1342 728; x_wconf 89' lang='lat' dir='ltr'>E</span> 
     </span>
    </p>
   </div>
   <div class='ocr_carea' id='block_1_8' title="bbox 1305 1389 1352 1415">
    <p class='ocr_par' dir='ltr' id='par_1_8' title="bbox 1305 1389 1352 1415">
     <span class='ocr_line' id='line_1_39' title="bbox 1305 1389 1352 1415; baseline 0.021 -2"><span class='ocrx_word' id='word_1_254' title='bbox 1305 1389 1352 1415; x_wconf 71' lang='lat'>542</span> 
     </span>
    </p>
   </div>
   <div class='ocr_carea' id='block_1_9' title="bbox 1320 2063 1343 2092">
    <p class='ocr_par' dir='ltr' id='par_1_9' title="bbox 1320 2063 1343 2092">
     <span class='ocr_line' id='line_1_40' title="bbox 1320 2063 1343 2092; baseline 0 0"><span class='ocrx_word' id='word_1_255' title='bbox 1320 2063 1343 2092; x_wconf 93' lang='lat' dir='ltr'>B</span> 
     </span>
    </p>
   </div>
   <div class='ocr_carea' id='block_1_10' title="bbox 754 246 1929 280">
    <p class='ocr_par' dir='ltr' id='par_1_10' title="bbox 754 246 1929 280">
     <span class='ocr_line' id='line_1_41' title="bbox 754 246 1929 280; baseline 0 -1"><span class='ocrx_word' id='word_1_256' title='bbox 754 249 791 279; x_wconf 81' lang='lat' dir='ltr'>S.</span> <span class='ocrx_word' id='word_1_257' title='bbox 829 247 1013 279; x_wconf 76' lang='lat' dir='ltr'>JOANNIS</span> <span class='ocrx_word' id='word_1_258' title='bbox 1048 246 1288 279; x_wconf 75' lang='lat' dir='ltr'>CHRYSOST.</span> <span class='ocrx_word' id='word_1_259' title='bbox 1327 247 1535 278; x_wconf 73' lang='lat' dir='ltr'><strong>ARCHIEP.</strong></span> <span class='ocrx_word' id='word_1_260' title='bbox 1574 248 1929 280; x_wconf 70' lang='lat' dir='ltr'>CONSTANTtNOP.</span> 
     </span>
    </p>
   </div>
   <div class='ocr_carea' id='block_1_11' title="bbox 1364 327 2388 1171">
    <p class='ocr_par' dir='ltr' id='par_1_11' title="bbox 1364 327 2388 1171">
     <span class='ocr_line' id='line_1_42' title="bbox 1367 327 2386 378; baseline 0.005 -14"><span class='ocrx_word' id='word_1_261' title='bbox 1367 327 1456 378; x_wconf 81' lang='grc' dir='ltr'>μετὰ</span> <span class='ocrx_word' id='word_1_262' title='bbox 1474 330 1587 365; x_wconf 87' lang='grc' dir='ltr'>ταῦτα</span> <span class='ocrx_word' id='word_1_263' title='bbox 1606 328 1743 366; x_wconf 82' lang='grc' dir='ltr'>ἅπαντα</span> <span class='ocrx_word' id='word_1_264' title='bbox 1771 328 1831 367; x_wconf 72' lang='grc' dir='ltr'>καὶ</span> <span class='ocrx_word' id='word_1_265' title='bbox 1861 328 2058 374; x_wconf 78' lang='grc' dir='ltr'>δοξάζεσθαι</span> <span class='ocrx_word' id='word_1_266' title='bbox 2080 329 2150 368; x_wconf 79' lang='grc' dir='ltr'>ἀπὸ</span> <span class='ocrx_word' id='word_1_267' title='bbox 2169 334 2229 369; x_wconf 83' lang='grc' dir='ltr'>τοῦ</span> <span class='ocrx_word' id='word_1_268' title='bbox 2248 332 2386 369; x_wconf 85' lang='grc' dir='ltr'>καλλω-</span> 
     </span>
     <span class='ocr_line' id='line_1_43' title="bbox 1365 387 2388 442; baseline 0.003 -16"><span class='ocrx_word' id='word_1_269' title='bbox 1365 391 1496 438; x_wconf 89' lang='grc' dir='ltr'>πισμοῦ</span> <span class='ocrx_word' id='word_1_270' title='bbox 1516 389 1584 425; x_wconf 81' lang='grc' dir='ltr'>τῶν</span> <span class='ocrx_word' id='word_1_271' title='bbox 1616 387 1737 432; x_wconf 82' lang='grc' dir='ltr'>ἔξωθεν</span> <span class='ocrx_word' id='word_1_272' title='bbox 1757 389 2007 441; x_wconf 73' lang='grc' dir='ltr'>περικειμένων</span> <span class='ocrx_word' id='word_1_273' title='bbox 2029 390 2176 440; x_wconf 82' lang='grc' dir='ltr'>νομίζων</span> <span class='ocrx_word' id='word_1_274' title='bbox 2192 406 2201 438; x_wconf 82' lang='grc'>;</span> <span class='ocrx_word' id='word_1_275' title='bbox 2219 390 2237 429; x_wconf 80' lang='grc' dir='ltr'>ὃ</span> <span class='ocrx_word' id='word_1_276' title='bbox 2254 390 2294 438; x_wconf 85' lang='grc' dir='ltr'>δὴ</span> <span class='ocrx_word' id='word_1_277' title='bbox 2317 391 2388 442; x_wconf 83' lang='grc' dir='ltr'>μά·-</span> 
     </span>
     <span class='ocr_line' id='line_1_44' title="bbox 1365 449 2386 502; baseline 0.004 -17"><span class='ocrx_word' id='word_1_278' title='bbox 1365 449 1468 486; x_wconf 86' lang='grc' dir='ltr'>λιστα</span> <span class='ocrx_word' id='word_1_279' title='bbox 1490 451 1552 495; x_wconf 73' lang='grc' dir='ltr'>τ’ἧς</span> <span class='ocrx_word' id='word_1_280' title='bbox 1571 449 1724 500; x_wconf 75' lang='grc' dir='ltr'>ἐσχάτης</span> <span class='ocrx_word' id='word_1_281' title='bbox 1753 449 1997 501; x_wconf 80' lang='grc' dir='ltr'>παραπληξίας</span> <span class='ocrx_word' id='word_1_282' title='bbox 2023 450 2122 499; x_wconf 82' lang='grc' dir='ltr'>ἐστὶ,</span> <span class='ocrx_word' id='word_1_283' title='bbox 2138 450 2177 488; x_wconf 82' lang='grc' dir='ltr'>τὸ</span> <span class='ocrx_word' id='word_1_284' title='bbox 2191 450 2386 502; x_wconf 83' lang='grc' dir='ltr'>γελώμενον</span> 
     </span>
     <span class='ocr_line' id='line_1_45' title="bbox 1365 509 2388 563; baseline 0.004 -17"><span class='ocrx_word' id='word_1_285' title='bbox 1365 509 1424 546; x_wconf 83' lang='grc' dir='ltr'>καὶ</span> <span class='ocrx_word' id='word_1_286' title='bbox 1445 509 1692 560; x_wconf 82' lang='grc' dir='ltr'>ὄνειδιζόμενον</span> <span class='ocrx_word' id='word_1_287' title='bbox 1719 509 1778 547; x_wconf 80' lang='grc' dir='ltr'>καὶ</span> <span class='ocrx_word' id='word_1_288' title='bbox 1803 511 2069 561; x_wconf 74' lang='grc' dir='ltr'>ἀσχημονοῦντα</span> <span class='ocrx_word' id='word_1_289' title='bbox 2094 512 2154 549; x_wconf 83' lang='grc' dir='ltr'>καὶ</span> <span class='ocrx_word' id='word_1_290' title='bbox 2171 512 2388 563; x_wconf 86' lang='grc' dir='ltr'>ἀτιμαζόμε-</span> 
     </span>
     <span class='ocr_line' id='line_1_46' title="bbox 1365 570 2388 624; baseline 0.004 -16"><span class='ocrx_word' id='word_1_291' title='bbox 1365 586 1421 608; x_wconf 91' lang='grc' dir='ltr'>νον</span> <span class='ocrx_word' id='word_1_292' title='bbox 1440 570 1498 609; x_wconf 85' lang='grc' dir='ltr'>καὶ</span> <span class='ocrx_word' id='word_1_293' title='bbox 1526 571 1574 613; x_wconf 85' lang='grc' dir='ltr'>εἷς</span> <span class='ocrx_word' id='word_1_294' title='bbox 1596 571 1747 623; x_wconf 80' lang='grc' dir='ltr'>ἐσχάτην</span> <span class='ocrx_word' id='word_1_295' title='bbox 1768 571 1988 621; x_wconf 79' lang='grc' dir='ltr'>ἐμπίπτοντα</span> <span class='ocrx_word' id='word_1_296' title='bbox 2004 572 2158 621; x_wconf 81' lang='grc' dir='ltr'>κόλασιν,</span> <span class='ocrx_word' id='word_1_297' title='bbox 2179 573 2230 611; x_wconf 84' lang='grc' dir='ltr'>ἔτι</span> <span class='ocrx_word' id='word_1_298' title='bbox 2249 572 2308 611; x_wconf 83' lang='grc' dir='ltr'>καὶ</span> <span class='ocrx_word' id='word_1_299' title='bbox 2332 577 2388 624; x_wconf 89' lang='grc' dir='ltr'>ἐγ-</span> 
     </span>
     <span class='ocr_line' id='line_1_47' title="bbox 1365 631 2388 684; baseline 0.004 -15"><span class='ocrx_word' id='word_1_300' title='bbox 1365 631 1647 675; x_wconf 78' lang='grc' dir='ltr'>καλλωπίζεσθαι</span> <span class='ocrx_word' id='word_1_301' title='bbox 1662 632 1804 676; x_wconf 81' lang='grc' dir='ltr'>τούτοις.</span> <span class='ocrx_word' id='word_1_302' title='bbox 1817 631 1899 679; x_wconf 84' lang='grc' dir='ltr'>Διὸ,</span> <span class='ocrx_word' id='word_1_303' title='bbox 1916 634 2111 684; x_wconf 75' lang='grc' dir='ltr'>παρακαλῶ</span> <span class='ocrx_word' id='word_1_304' title='bbox 2124 662 2134 679; x_wconf 90' lang='grc'>,</span> <span class='ocrx_word' id='word_1_305' title='bbox 2150 639 2259 673; x_wconf 76' lang='grc' dir='ltr'>ταῦτα</span> <span class='ocrx_word' id='word_1_306' title='bbox 2272 634 2388 672; x_wconf 83' lang='grc' dir='ltr'>πάντα</span> 
     </span>
     <span class='ocr_line' id='line_1_48' title="bbox 1366 691 2388 746; baseline 0.002 -16"><span class='ocrx_word' id='word_1_307' title='bbox 1366 693 1587 739; x_wconf 84' lang='grc' dir='ltr'>ἐννοήσαντες</span> <span class='ocrx_word' id='word_1_308' title='bbox 1607 693 1837 744; x_wconf 69' lang='grc' dir='ltr'>ἀνανήψωμεν</span> <span class='ocrx_word' id='word_1_309' title='bbox 1869 691 1930 744; x_wconf 72' lang='grc' dir='ltr'>ὀψὲ</span> <span class='ocrx_word' id='word_1_310' title='bbox 1955 696 2035 743; x_wconf 87' lang='grc' dir='ltr'>γοῦν</span> <span class='ocrx_word' id='word_1_311' title='bbox 2056 709 2161 742; x_wconf 86' lang='grc' dir='ltr'>ποτε,</span> <span class='ocrx_word' id='word_1_312' title='bbox 2196 695 2256 732; x_wconf 79' lang='grc' dir='ltr'>καὶ</span> <span class='ocrx_word' id='word_1_313' title='bbox 2286 696 2388 746; x_wconf 77' lang='grc' dir='ltr'>ἡμῶν</span> 
     </span>
     <span class='ocr_line' id='line_1_49' title="bbox 1368 752 2386 804; baseline 0.004 -14"><span class='ocrx_word' id='word_1_314' title='bbox 1368 755 1478 791; x_wconf 79' lang='grc' dir='ltr'>αὐτῶν</span> <span class='ocrx_word' id='word_1_315' title='bbox 1505 752 1708 804; x_wconf 80' lang='grc' dir='ltr'>γενώμεθα,</span> <span class='ocrx_word' id='word_1_316' title='bbox 1726 753 1784 792; x_wconf 72' lang='grc' dir='ltr'>καὶ</span> <span class='ocrx_word' id='word_1_317' title='bbox 1819 753 1876 791; x_wconf 81' lang='grc' dir='ltr'>τὸν</span> <span class='ocrx_word' id='word_1_318' title='bbox 1901 752 2031 804; x_wconf 87' lang='grc' dir='ltr'>κόσμον</span> <span class='ocrx_word' id='word_1_319' title='bbox 2057 758 2174 793; x_wconf 87' lang='grc' dir='ltr'>τοῦτον</span> <span class='ocrx_word' id='word_1_320' title='bbox 2211 756 2280 794; x_wconf 80' lang='grc' dir='ltr'>ἀπὸ</span> <span class='ocrx_word' id='word_1_321' title='bbox 2318 759 2386 794; x_wconf 65' lang='grc' dir='ltr'>τῶν</span> 
     </span>
     <span class='ocr_line' id='line_1_50' title="bbox 1366 813 2387 867; baseline 0.004 -16"><span class='ocrx_word' id='word_1_322' title='bbox 1366 813 1487 857; x_wconf 79' lang='grc' dir='ltr'>ἔξωθεν</span> <span class='ocrx_word' id='word_1_323' title='bbox 1508 815 1554 856; x_wconf 86' lang='grc' dir='ltr'>εἷς</span> <span class='ocrx_word' id='word_1_324' title='bbox 1572 813 1634 861; x_wconf 87' lang='grc' dir='ltr'>τὴν</span> <span class='ocrx_word' id='word_1_325' title='bbox 1652 813 1765 866; x_wconf 73' lang='grc' dir='ltr'>ψυχὴν</span> <span class='ocrx_word' id='word_1_326' title='bbox 1785 813 2063 864; x_wconf 82' lang='grc' dir='ltr'>μετενέγκωμεν,</span> <span class='ocrx_word' id='word_1_327' title='bbox 2095 816 2200 854; x_wconf 77' lang='grc' dir='ltr'>Οὕτω</span> <span class='ocrx_word' id='word_1_328' title='bbox 2227 815 2294 867; x_wconf 76' lang='grc' dir='ltr'>γὰρ</span> <span class='ocrx_word' id='word_1_329' title='bbox 2328 816 2387 854; x_wconf 81' lang='grc' dir='ltr'>καὶ</span> 
     </span>
     <span class='ocr_line' id='line_1_51' title="bbox 1367 874 2388 929; baseline 0.004 -16"><span class='ocrx_word' id='word_1_330' title='bbox 1367 875 1468 920; x_wconf 77' lang='grc' dir='ltr'>αὐτὸς</span> <span class='ocrx_word' id='word_1_331' title='bbox 1483 875 1607 919; x_wconf 85' lang='grc' dir='ltr'>ἄσυλος</span> <span class='ocrx_word' id='word_1_332' title='bbox 1626 875 1732 925; x_wconf 85' lang='grc' dir='ltr'>μένει,</span> <span class='ocrx_word' id='word_1_333' title='bbox 1748 874 1807 913; x_wconf 78' lang='grc' dir='ltr'>καὶ</span> <span class='ocrx_word' id='word_1_334' title='bbox 1821 878 1914 925; x_wconf 71' lang='grc' dir='ltr'>ἡμᾶς</span> <span class='ocrx_word' id='word_1_335' title='bbox 1929 881 2000 919; x_wconf 86' lang='grc' dir='ltr'>τοῖς</span> <span class='ocrx_word' id='word_1_336' title='bbox 2009 875 2165 928; x_wconf 78' lang='grc' dir='ltr'>ἀγγέλοις</span> <span class='ocrx_word' id='word_1_337' title='bbox 2179 876 2273 921; x_wconf 87' lang='grc' dir='ltr'>ἴσους</span> <span class='ocrx_word' id='word_1_338' title='bbox 2286 878 2388 929; x_wconf 83' lang='grc' dir='ltr'>ἐργά·</span> 
     </span>
     <span class='ocr_line' id='line_1_52' title="bbox 1366 933 2388 990; baseline 0.003 -16"><span class='ocrx_word' id='word_1_339' title='bbox 1366 939 1482 983; x_wconf 84' lang='grc' dir='ltr'>ζεται,</span> <span class='ocrx_word' id='word_1_340' title='bbox 1502 937 1561 975; x_wconf 83' lang='grc' dir='ltr'>καὶ</span> <span class='ocrx_word' id='word_1_341' title='bbox 1579 937 1623 975; x_wconf 73' lang='grc' dir='ltr'>τὰ</span> <span class='ocrx_word' id='word_1_342' title='bbox 1646 936 1793 983; x_wconf 85' lang='grc' dir='ltr'>ἀκίνητα</span> <span class='ocrx_word' id='word_1_343' title='bbox 1822 936 2027 990; x_wconf 77' lang='grc' dir='ltr'>προξενήσει</span> <span class='ocrx_word' id='word_1_344' title='bbox 2046 938 2154 976; x_wconf 82' lang='grc' dir='ltr'>καλοί·</span> <span class='ocrx_word' id='word_1_345' title='bbox 2180 933 2227 976; x_wconf 64' lang='grc' dir='ltr'>ὧν</span> <span class='ocrx_word' id='word_1_346' title='bbox 2255 939 2388 990; x_wconf 88' lang='grc' dir='ltr'>γένοιτο</span> 
     </span>
     <span class='ocr_line' id='line_1_53' title="bbox 1367 998 2386 1054; baseline 0.002 -18"><span class='ocrx_word' id='word_1_347' title='bbox 1367 998 1502 1042; x_wconf 83' lang='grc' dir='ltr'>πάντας</span> <span class='ocrx_word' id='word_1_348' title='bbox 1527 1003 1621 1050; x_wconf 67' lang='grc' dir='ltr'>ἡμᾶς</span> <span class='ocrx_word' id='word_1_349' title='bbox 1643 1000 1833 1051; x_wconf 70' lang='grc' dir='ltr'>ἐπιτυχεῖν,</span> <span class='ocrx_word' id='word_1_350' title='bbox 1849 998 1971 1052; x_wconf 79' lang='grc' dir='ltr'>χάριτι</span> <span class='ocrx_word' id='word_1_351' title='bbox 1986 998 2046 1037; x_wconf 74' lang='grc' dir='ltr'>καὶ</span> <span class='ocrx_word' id='word_1_352' title='bbox 2066 1000 2310 1054; x_wconf 76' lang='grc' dir='ltr'>φιλανθρωπίᾳ</span> <span class='ocrx_word' id='word_1_353' title='bbox 2326 1004 2386 1039; x_wconf 87' lang='grc' dir='ltr'>τοῦ</span> 
     </span>
     <span class='ocr_line' id='line_1_54' title="bbox 1365 1054 2387 1112; baseline 0.003 -15"><span class='ocrx_word' id='word_1_354' title='bbox 1365 1060 1494 1112; x_wconf 82' lang='grc' dir='ltr'>Κυρίου</span> <span class='ocrx_word' id='word_1_355' title='bbox 1513 1063 1613 1110; x_wconf 73' lang='grc' dir='ltr'>ἡμῶν</span> <span class='ocrx_word' id='word_1_356' title='bbox 1632 1059 1748 1107; x_wconf 81' lang='grc' dir='ltr'>Ἰησοῦ</span> <span class='ocrx_word' id='word_1_357' title='bbox 1768 1062 1940 1112; x_wconf 83' lang='grc' dir='ltr'>Χριστοῦ,</span> <span class='ocrx_word' id='word_1_358' title='bbox 1957 1054 1985 1112; x_wconf 67' lang='grc' dir='ltr'>ᾧ</span> <span class='ocrx_word' id='word_1_359' title='bbox 2004 1063 2025 1106; x_wconf 87' lang='grc' dir='ltr'>ἡ</span> <span class='ocrx_word' id='word_1_360' title='bbox 2049 1060 2131 1105; x_wconf 82' lang='grc' dir='ltr'>δόξα</span> <span class='ocrx_word' id='word_1_361' title='bbox 2146 1063 2193 1106; x_wconf 83' lang='grc' dir='ltr'>εἷς</span> <span class='ocrx_word' id='word_1_362' title='bbox 2210 1061 2288 1106; x_wconf 71' lang='grc' dir='ltr'>τοὺς</span> <span class='ocrx_word' id='word_1_363' title='bbox 2304 1064 2387 1100; x_wconf 79' lang='grc' dir='ltr'>αἰῶ-</span> 
     </span>
     <span class='ocr_line' id='line_1_55' title="bbox 1364 1120 1824 1171; baseline 0 -12"><span class='ocrx_word' id='word_1_364' title='bbox 1364 1138 1424 1165; x_wconf 86' lang='grc' dir='ltr'>νας</span> <span class='ocrx_word' id='word_1_365' title='bbox 1442 1124 1510 1160; x_wconf 82' lang='grc' dir='ltr'>τῶν</span> <span class='ocrx_word' id='word_1_366' title='bbox 1533 1121 1681 1159; x_wconf 84' lang='grc' dir='ltr'>αἰώνων.</span> <span class='ocrx_word' id='word_1_367' title='bbox 1703 1120 1824 1171; x_wconf 77' lang='grc' dir='ltr'>Ἀμήν.</span> 
     </span>
    </p>
   </div>
   <div class='ocr_carea' id='block_1_12' title="bbox 1751 1388 2008 1428">
    <p class='ocr_par' dir='ltr' id='par_1_12' title="bbox 1751 1388 2008 1428">
     <span class='ocr_line' id='line_1_56' title="bbox 1751 1388 2008 1428; baseline -0.004 0"><span class='ocrx_word' id='word_1_368' title='bbox 1751 1390 1931 1428; x_wconf 69' lang='lat' dir='ltr'>OMIAIA</span> <span class='ocrx_word' id='word_1_369' title='bbox 1952 1388 2008 1427; x_wconf 69' lang='grc' dir='ltr'>ιδ’.</span> 
     </span>
    </p>
   </div>
   <div class='ocr_carea' id='block_1_13' title="bbox 1367 1510 2387 1807">
    <p class='ocr_par' dir='ltr' id='par_1_13' title="bbox 1367 1510 2387 1807">
     <span class='ocr_line' id='line_1_57' title="bbox 1367 1510 2383 1564; baseline 0.002 -15"><span class='ocrx_word' id='word_1_370' title='bbox 1367 1511 1594 1563; x_wconf 78' lang='grc' dir='ltr'>Ἀνθρώπινον</span> <span class='ocrx_word' id='word_1_371' title='bbox 1609 1510 1700 1562; x_wconf 88' lang='grc' dir='ltr'>λέγω</span> <span class='ocrx_word' id='word_1_372' title='bbox 1715 1510 1770 1549; x_wconf 80' lang='grc' dir='ltr'>διὰ</span> <span class='ocrx_word' id='word_1_373' title='bbox 1784 1510 1846 1557; x_wconf 80' lang='grc' dir='ltr'>τὴν</span> <span class='ocrx_word' id='word_1_374' title='bbox 1864 1510 2041 1550; x_wconf 86' lang='grc' dir='ltr'>ἀσθένειαν</span> <span class='ocrx_word' id='word_1_375' title='bbox 2056 1514 2118 1558; x_wconf 63' lang='grc' dir='ltr'>τῆς</span> <span class='ocrx_word' id='word_1_376' title='bbox 2132 1511 2257 1564; x_wconf 83' lang='grc' dir='ltr'>σαρκὸς</span> <span class='ocrx_word' id='word_1_377' title='bbox 2272 1514 2383 1563; x_wconf 80' lang='grc' dir='ltr'>ὑμῶν.</span> 
     </span>
     <span class='ocr_line' id='line_1_58' title="bbox 1421 1571 2385 1625; baseline 0.001 -15"><span class='ocrx_word' id='word_1_378' title='bbox 1421 1572 1561 1624; x_wconf 54' lang='grc' dir='ltr'>υΩσπερ</span> <span class='ocrx_word' id='word_1_379' title='bbox 1574 1571 1641 1624; x_wconf 76' lang='grc' dir='ltr'>γὰρ</span> <span class='ocrx_word' id='word_1_380' title='bbox 1656 1571 1902 1624; x_wconf 79' lang='grc' dir='ltr'>παρεστήσατε</span> <span class='ocrx_word' id='word_1_381' title='bbox 1912 1571 1956 1609; x_wconf 80' lang='grc' dir='ltr'>τὰ</span> <span class='ocrx_word' id='word_1_382' title='bbox 1973 1572 2060 1623; x_wconf 90' lang='grc' dir='ltr'>μέλη</span> <span class='ocrx_word' id='word_1_383' title='bbox 2071 1575 2134 1618; x_wconf 71' lang='grc' dir='ltr'>τῆς</span> <span class='ocrx_word' id='word_1_384' title='bbox 2149 1573 2275 1625; x_wconf 83' lang='grc' dir='ltr'>σαρκὸς</span> <span class='ocrx_word' id='word_1_385' title='bbox 2288 1576 2385 1624; x_wconf 77' lang='grc' dir='ltr'>ὑμῶν</span> 
     </span>
     <span class='ocr_line' id='line_1_59' title="bbox 1420 1632 2387 1686; baseline 0.002 -15"><span class='ocrx_word' id='word_1_386' title='bbox 1420 1634 1526 1671; x_wconf 79' lang='grc' dir='ltr'>δοῦλα</span> <span class='ocrx_word' id='word_1_387' title='bbox 1554 1635 1598 1683; x_wconf 77' lang='grc' dir='ltr'>τῇ</span> <span class='ocrx_word' id='word_1_388' title='bbox 1628 1632 1825 1684; x_wconf 81' lang='grc' dir='ltr'>ἀκαθαρσίᾳ</span> <span class='ocrx_word' id='word_1_389' title='bbox 1852 1632 1911 1670; x_wconf 81' lang='grc' dir='ltr'>καὶ</span> <span class='ocrx_word' id='word_1_390' title='bbox 1939 1635 1983 1684; x_wconf 70' lang='grc' dir='ltr'>τῇ</span> <span class='ocrx_word' id='word_1_391' title='bbox 2005 1633 2132 1686; x_wconf 76' lang='grc' dir='ltr'>ἀνομίᾳ</span> <span class='ocrx_word' id='word_1_392' title='bbox 2159 1636 2206 1677; x_wconf 84' lang='grc' dir='ltr'>εἷς</span> <span class='ocrx_word' id='word_1_393' title='bbox 2226 1633 2288 1681; x_wconf 73' lang='grc' dir='ltr'>τὴν</span> <span class='ocrx_word' id='word_1_394' title='bbox 2309 1637 2387 1673; x_wconf 89' lang='grc' dir='ltr'>ἀνο-</span> 
     </span>
     <span class='ocr_line' id='line_1_60' title="bbox 1422 1693 2386 1746; baseline 0.004 -16"><span class='ocrx_word' id='word_1_395' title='bbox 1422 1693 1517 1744; x_wconf 86' lang='grc' dir='ltr'>μίαν,</span> <span class='ocrx_word' id='word_1_396' title='bbox 1540 1693 1630 1730; x_wconf 78' lang='grc' dir='ltr'>οὕτω</span> <span class='ocrx_word' id='word_1_397' title='bbox 1649 1698 1705 1731; x_wconf 74' lang='grc' dir='ltr'>νῦν</span> <span class='ocrx_word' id='word_1_398' title='bbox 1725 1693 1976 1746; x_wconf 71' lang='grc' dir='ltr'>παραστήσατε</span> <span class='ocrx_word' id='word_1_399' title='bbox 1996 1693 2038 1732; x_wconf 85' lang='grc' dir='ltr'>τὰ</span> <span class='ocrx_word' id='word_1_400' title='bbox 2058 1694 2146 1744; x_wconf 82' lang='grc' dir='ltr'>μέλη</span> <span class='ocrx_word' id='word_1_401' title='bbox 2166 1697 2261 1746; x_wconf 80' lang='grc' dir='ltr'>ὑμῶν</span> <span class='ocrx_word' id='word_1_402' title='bbox 2283 1696 2386 1734; x_wconf 88' lang='grc' dir='ltr'>δοῦλα</span> 
     </span>
     <span class='ocr_line' id='line_1_61' title="bbox 1420 1754 1951 1807; baseline 0.002 -14"><span class='ocrx_word' id='word_1_403' title='bbox 1420 1759 1462 1807; x_wconf 74' lang='grc' dir='ltr'>τῇ</span> <span class='ocrx_word' id='word_1_404' title='bbox 1480 1754 1676 1807; x_wconf 76' lang='grc' dir='ltr'>δικαιοσύνῃ</span> <span class='ocrx_word' id='word_1_405' title='bbox 1699 1757 1746 1798; x_wconf 86' lang='grc' dir='ltr'>εἷς</span> <span class='ocrx_word' id='word_1_406' title='bbox 1766 1754 1951 1807; x_wconf 83' lang='grc' dir='ltr'>ἁγιασμόν.</span> 
     </span>
    </p>
   </div>
   <div class='ocr_carea' id='block_1_14' title="bbox 1368 1933 2427 3265">
    <p class='ocr_par' dir='ltr' id='par_1_14' title="bbox 1368 1933 2427 3265">
     <span class='ocr_line' id='line_1_62' title="bbox 1424 1933 2390 1986; baseline 0.003 -15"><span class='ocrx_word' id='word_1_407' title='bbox 1424 1933 1570 1981; x_wconf 76' lang='grc' dir='ltr'>Ἐπειδὴ</span> <span class='ocrx_word' id='word_1_408' title='bbox 1593 1934 1726 1982; x_wconf 73' lang='grc' dir='ltr'>πολλὴν</span> <span class='ocrx_word' id='word_1_409' title='bbox 1755 1934 1932 1986; x_wconf 67' lang='grc' dir='ltr'>ἀπῄτησεν</span> <span class='ocrx_word' id='word_1_410' title='bbox 1952 1934 2131 1986; x_wconf 70' lang='grc' dir='ltr'>ἀκρίὸειαν</span> <span class='ocrx_word' id='word_1_411' title='bbox 2149 1939 2209 1973; x_wconf 83' lang='grc' dir='ltr'>τοῦ</span> <span class='ocrx_word' id='word_1_412' title='bbox 2230 1934 2317 1986; x_wconf 84' lang='grc' dir='ltr'>βίου,</span> <span class='ocrx_word' id='word_1_413' title='bbox 2336 1952 2390 1974; x_wconf 90' lang='grc' dir='ltr'>νε-</span> 
     </span>
     <span class='ocr_line' id='line_1_63' title="bbox 1369 1990 2387 2049; baseline 0 -15"><span class='ocrx_word' id='word_1_414' title='bbox 1369 1995 1471 2048; x_wconf 71' lang='grc' dir='ltr'>κροὺς</span> <span class='ocrx_word' id='word_1_415' title='bbox 1491 1990 1576 2034; x_wconf 62' lang='grc' dir='ltr'>εἶναι</span> <span class='ocrx_word' id='word_1_416' title='bbox 1604 1995 1753 2034; x_wconf 78' lang='grc' dir='ltr'>κελεύων</span> <span class='ocrx_word' id='word_1_417' title='bbox 1784 1998 1834 2049; x_wconf 77' lang='grc' dir='ltr'>τῷ</span> <span class='ocrx_word' id='word_1_418' title='bbox 1864 1995 2005 2048; x_wconf 85' lang='grc' dir='ltr'>κόσμῳ,</span> <span class='ocrx_word' id='word_1_419' title='bbox 2032 1995 2092 2033; x_wconf 75' lang='grc' dir='ltr'>καὶ</span> <span class='ocrx_word' id='word_1_420' title='bbox 2118 1996 2321 2042; x_wconf 81' lang='grc' dir='ltr'>τεθνηκέναι</span> <span class='ocrx_word' id='word_1_421' title='bbox 2344 1999 2387 2048; x_wconf 78' lang='grc' dir='ltr'>τῇ</span> 
     </span>
     <span class='ocr_line' id='line_1_64' title="bbox 1369 2055 2390 2110; baseline -0.003 -13"><span class='ocrx_word' id='word_1_422' title='bbox 1369 2056 1540 2110; x_wconf 77' lang='grc' dir='ltr'>πονηρίᾳ,</span> <span class='ocrx_word' id='word_1_423' title='bbox 1560 2055 1618 2095; x_wconf 74' lang='grc' dir='ltr'>καὶ</span> <span class='ocrx_word' id='word_1_424' title='bbox 1636 2056 1819 2103; x_wconf 69' lang='grc' dir='ltr'>ἀκινήτους</span> <span class='ocrx_word' id='word_1_425' title='bbox 1837 2056 1949 2106; x_wconf 90' lang='grc' dir='ltr'>μένειν</span> <span class='ocrx_word' id='word_1_426' title='bbox 1965 2057 2050 2110; x_wconf 75' lang='grc' dir='ltr'>πρὸς</span> <span class='ocrx_word' id='word_1_427' title='bbox 2065 2056 2128 2103; x_wconf 74' lang='grc' dir='ltr'>τὴν</span> <span class='ocrx_word' id='word_1_428' title='bbox 2145 2060 2212 2094; x_wconf 82' lang='grc' dir='ltr'>τῶν</span> <span class='ocrx_word' id='word_1_429' title='bbox 2230 2057 2390 2109; x_wconf 83' lang='grc' dir='ltr'>ἁμαρτη-</span> 
     </span>
     <span class='ocr_line' id='line_1_65' title="bbox 1372 2117 2389 2170; baseline -0.001 -13"><span class='ocrx_word' id='word_1_430' title='bbox 1372 2119 1490 2170; x_wconf 72' lang='grc' dir='ltr'>μάτων</span> <span class='ocrx_word' id='word_1_431' title='bbox 1513 2117 1700 2170; x_wconf 77' lang='grc' dir='ltr'>ἐνέργειαν,</span> <span class='ocrx_word' id='word_1_432' title='bbox 1719 2117 1779 2155; x_wconf 78' lang='grc' dir='ltr'>καὶ</span> <span class='ocrx_word' id='word_1_433' title='bbox 1799 2117 1909 2156; x_wconf 72' lang='grc' dir='ltr'>ἐδόκει</span> <span class='ocrx_word' id='word_1_434' title='bbox 1930 2117 2021 2169; x_wconf 81' lang='grc' dir='ltr'>μέγα</span> <span class='ocrx_word' id='word_1_435' title='bbox 2036 2134 2070 2155; x_wconf 85' lang='grc' dir='ltr'>τι</span> <span class='ocrx_word' id='word_1_436' title='bbox 2090 2117 2149 2155; x_wconf 80' lang='grc' dir='ltr'>καὶ</span> <span class='ocrx_word' id='word_1_437' title='bbox 2170 2117 2257 2170; x_wconf 81' lang='grc' dir='ltr'>βαρὺ</span> <span class='ocrx_word' id='word_1_438' title='bbox 2277 2118 2389 2170; x_wconf 83' lang='grc' dir='ltr'>λέγειν</span> 
     </span>
     <span class='ocr_line' id='line_1_66' title="bbox 1371 2178 2391 2231; baseline 0 -13"><span class='ocrx_word' id='word_1_439' title='bbox 1371 2181 1430 2219; x_wconf 78' lang='grc' dir='ltr'>καὶ</span> <span class='ocrx_word' id='word_1_440' title='bbox 1452 2180 1515 2226; x_wconf 74' lang='grc' dir='ltr'>τὴν</span> <span class='ocrx_word' id='word_1_441' title='bbox 1536 2178 1754 2230; x_wconf 75' lang='grc' dir='ltr'>ἀνθρωπίνην</span> <span class='ocrx_word' id='word_1_442' title='bbox 1771 2179 1977 2230; x_wconf 64' lang='grc' dir='ltr'>ὑπερὲαῖνον</span> <span class='ocrx_word' id='word_1_443' title='bbox 1998 2178 2097 2231; x_wconf 77' lang='grc' dir='ltr'>φύσιν</span> <span class='ocrx_word' id='word_1_444' title='bbox 2112 2195 2119 2203; x_wconf 91' lang='lat'><em>·</em></span> <span class='ocrx_word' id='word_1_445' title='bbox 2141 2180 2248 2224; x_wconf 80' lang='grc' dir='ltr'>δεῖξαι</span> <span class='ocrx_word' id='word_1_446' title='bbox 2270 2180 2391 2231; x_wconf 88' lang='grc' dir='ltr'>βουλό-</span> 
     </span>
     <span class='ocr_line' id='line_1_67' title="bbox 1373 2239 2389 2293; baseline 0 -14"><span class='ocrx_word' id='word_1_447' title='bbox 1373 2257 1472 2292; x_wconf 90' lang='grc' dir='ltr'>μενος</span> <span class='ocrx_word' id='word_1_448' title='bbox 1486 2271 1495 2289; x_wconf 90' lang='grc'>,</span> <span class='ocrx_word' id='word_1_449' title='bbox 1515 2240 1567 2278; x_wconf 76' lang='grc' dir='ltr'>ὅτι</span> <span class='ocrx_word' id='word_1_450' title='bbox 1584 2239 1678 2277; x_wconf 73' lang='grc' dir='ltr'>οὐδὲν</span> <span class='ocrx_word' id='word_1_451' title='bbox 1701 2240 1890 2291; x_wconf 78' lang='grc' dir='ltr'>ὑπέρογκον</span> <span class='ocrx_word' id='word_1_452' title='bbox 1911 2242 2074 2288; x_wconf 89' lang='grc' dir='ltr'>ἀπαιτεῖ,</span> <span class='ocrx_word' id='word_1_453' title='bbox 2097 2240 2172 2278; x_wconf 77' lang='grc' dir='ltr'>οὐδὲ</span> <span class='ocrx_word' id='word_1_454' title='bbox 2189 2242 2266 2279; x_wconf 80' lang='grc' dir='ltr'>ὅσον</span> <span class='ocrx_word' id='word_1_455' title='bbox 2282 2243 2389 2293; x_wconf 74' lang='grc' dir='ltr'>ἐχρῆν</span> 
     </span>
     <span class='ocr_line' id='line_1_68' title="bbox 1369 2299 2388 2353; baseline -0.003 -13"><span class='ocrx_word' id='word_1_456' title='bbox 1369 2303 1427 2340; x_wconf 80' lang='grc' dir='ltr'>τὸν</span> <span class='ocrx_word' id='word_1_457' title='bbox 1447 2299 1616 2346; x_wconf 72' lang='grc' dir='ltr'>τοσαύτης</span> <span class='ocrx_word' id='word_1_458' title='bbox 1636 2300 1882 2338; x_wconf 80' lang='grc' dir='ltr'>ἀπολαύσαντα</span> <span class='ocrx_word' id='word_1_459' title='bbox 1901 2301 2049 2351; x_wconf 70' lang='grc' dir='ltr'>δωρεᾶς,</span> <span class='ocrx_word' id='word_1_460' title='bbox 2071 2300 2161 2338; x_wconf 78' lang='grc' dir='ltr'>ἀλλὰ</span> <span class='ocrx_word' id='word_1_461' title='bbox 2180 2301 2238 2338; x_wconf 85' lang='grc' dir='ltr'>καὶ</span> <span class='ocrx_word' id='word_1_462' title='bbox 2258 2301 2388 2353; x_wconf 73' lang='grc' dir='ltr'>σφόδρα</span> 
     </span>
     <span class='ocr_line' id='line_1_69' title="bbox 1371 2359 2390 2413; baseline -0.002 -13"><span class='ocrx_word' id='word_1_463' title='bbox 1371 2361 1568 2413; x_wconf 82' lang='grc' dir='ltr'>σύμμετρον</span> <span class='ocrx_word' id='word_1_464' title='bbox 1586 2361 1646 2397; x_wconf 81' lang='grc' dir='ltr'>καὶ</span> <span class='ocrx_word' id='word_1_465' title='bbox 1667 2364 1806 2410; x_wconf 71' lang='grc' dir='ltr'>κοῦφον,</span> <span class='ocrx_word' id='word_1_466' title='bbox 1826 2359 1894 2397; x_wconf 83' lang='grc' dir='ltr'>ἀπὸ</span> <span class='ocrx_word' id='word_1_467' title='bbox 1911 2363 1979 2396; x_wconf 82' lang='grc' dir='ltr'>τῶν</span> <span class='ocrx_word' id='word_1_468' title='bbox 2000 2360 2160 2397; x_wconf 79' lang='grc' dir='ltr'>ἐναντίων</span> <span class='ocrx_word' id='word_1_469' title='bbox 2183 2361 2267 2399; x_wconf 73' lang='grc' dir='ltr'>αὐτὸ</span> <span class='ocrx_word' id='word_1_470' title='bbox 2277 2377 2390 2398; x_wconf 84' lang='grc' dir='ltr'>κατα-</span> 
     </span>
     <span class='ocr_line' id='line_1_70' title="bbox 1370 2419 2390 2472; baseline -0.002 -11"><span class='ocrx_word' id='word_1_471' title='bbox 1370 2423 1553 2465; x_wconf 76' lang='grc' dir='ltr'>σκευάζει,</span> <span class='ocrx_word' id='word_1_472' title='bbox 1572 2420 1632 2458; x_wconf 90' lang='grc' dir='ltr'>καί</span> <span class='ocrx_word' id='word_1_473' title='bbox 1651 2436 1766 2472; x_wconf 78' lang='grc' dir='ltr'>φησιν,</span> <span class='ocrx_word' id='word_1_474' title='bbox 1786 2419 2014 2471; x_wconf 76' lang='grc' dir='ltr'>Ἀνθρώπινον</span> <span class='ocrx_word' id='word_1_475' title='bbox 2034 2420 2125 2472; x_wconf 85' lang='grc' dir='ltr'>λέγω</span> <span class='ocrx_word' id='word_1_476' title='bbox 2138 2437 2145 2444; x_wconf 89' lang='grc'>·</span> <span class='ocrx_word' id='word_1_477' title='bbox 2167 2422 2295 2459; x_wconf 79' lang='grc' dir='ltr'>ὡσανεὶ</span> <span class='ocrx_word' id='word_1_478' title='bbox 2315 2421 2390 2459; x_wconf 84' lang='grc' dir='ltr'>ἔλε-</span> 
     </span>
     <span class='ocr_line' id='line_1_71' title="bbox 1368 2477 2390 2536; baseline -0.002 -15"><span class='ocrx_word' id='word_1_479' title='bbox 1368 2499 1438 2536; x_wconf 84' lang='grc' dir='ltr'>γεν,</span> <span class='ocrx_word' id='word_1_480' title='bbox 1465 2481 1532 2519; x_wconf 77' lang='grc' dir='ltr'>ἀπὸ</span> <span class='ocrx_word' id='word_1_481' title='bbox 1550 2477 1774 2531; x_wconf 77' lang='grc' dir='ltr'>ἀνθρωπίνων</span> <span class='ocrx_word' id='word_1_482' title='bbox 1793 2482 1984 2531; x_wconf 75' lang='grc' dir='ltr'>λογισμῶν,</span> <span class='ocrx_word' id='word_1_483' title='bbox 2006 2481 2075 2519; x_wconf 80' lang='grc' dir='ltr'>ἀπὸ</span> <span class='ocrx_word' id='word_1_484' title='bbox 2094 2484 2162 2520; x_wconf 79' lang='grc' dir='ltr'>τῶν</span> <span class='ocrx_word' id='word_1_485' title='bbox 2178 2483 2211 2519; x_wconf 85' lang='grc' dir='ltr'>ἐν</span> <span class='ocrx_word' id='word_1_486' title='bbox 2228 2482 2390 2534; x_wconf 75' lang='grc' dir='ltr'>συνηθείᾳ</span> 
     </span>
     <span class='ocr_line' id='line_1_72' title="bbox 1369 2541 2427 2597; baseline -0.003 -15"><span class='ocrx_word' id='word_1_487' title='bbox 1369 2542 1576 2597; x_wconf 68' lang='grc' dir='ltr'>ἱὶγινομένων</span> <span class='ocrx_word' id='word_1_488' title='bbox 1591 2557 1598 2565; x_wconf 92' lang='grc'><em>·</em></span> <span class='ocrx_word' id='word_1_489' title='bbox 1614 2542 1653 2579; x_wconf 84' lang='grc' dir='ltr'>τὸ</span> <span class='ocrx_word' id='word_1_490' title='bbox 1668 2541 1734 2592; x_wconf 80' lang='grc' dir='ltr'>γὰρ</span> <span class='ocrx_word' id='word_1_491' title='bbox 1751 2541 1949 2594; x_wconf 83' lang='grc' dir='ltr'>σύμμετρον</span> <span class='ocrx_word' id='word_1_492' title='bbox 1965 2544 2008 2591; x_wconf 73' lang='grc' dir='ltr'>τῆ</span> <span class='ocrx_word' id='word_1_493' title='bbox 2025 2541 2241 2594; x_wconf 80' lang='grc' dir='ltr'>προσηγορίᾳ</span> <span class='ocrx_word' id='word_1_494' title='bbox 2257 2547 2318 2581; x_wconf 84' lang='grc' dir='ltr'>τοῦ</span> <span class='ocrx_word' id='word_1_495' title='bbox 2333 2545 2390 2580; x_wconf 88' lang='grc' dir='ltr'>ἀν·</span> <span class='ocrx_word' id='word_1_496' title='bbox 2424 2563 2427 2565; x_wconf 23' lang='grc' dir='ltr'><strong>Δ</strong></span> 
     </span>
     <span class='ocr_line' id='line_1_73' title="bbox 1370 2602 2390 2659; baseline -0.003 -15"><span class='ocrx_word' id='word_1_497' title='bbox 1370 2604 1540 2659; x_wconf 86' lang='grc' dir='ltr'>θρωπίνου</span> <span class='ocrx_word' id='word_1_498' title='bbox 1565 2604 1682 2650; x_wconf 78' lang='grc' dir='ltr'>δηλοῖ·</span> <span class='ocrx_word' id='word_1_499' title='bbox 1702 2603 1760 2640; x_wconf 74' lang='grc' dir='ltr'>καὶ</span> <span class='ocrx_word' id='word_1_500' title='bbox 1779 2602 1847 2656; x_wconf 75' lang='grc' dir='ltr'>γὰρ</span> <span class='ocrx_word' id='word_1_501' title='bbox 1864 2603 1924 2640; x_wconf 79' lang='grc' dir='ltr'>καὶ</span> <span class='ocrx_word' id='word_1_502' title='bbox 1948 2604 2103 2655; x_wconf 73' lang='grc' dir='ltr'>ἀλλαχοῦ</span> <span class='ocrx_word' id='word_1_503' title='bbox 2119 2618 2224 2655; x_wconf 78' lang='grc' dir='ltr'>φησι,</span> <span class='ocrx_word' id='word_1_504' title='bbox 2253 2605 2390 2655; x_wconf 89' lang='grc' dir='ltr'>Πειρα-</span> 
     </span>
     <span class='ocr_line' id='line_1_74' title="bbox 1371 2663 2390 2718; baseline -0.003 -13"><span class='ocrx_word' id='word_1_505' title='bbox 1371 2667 1456 2718; x_wconf 79' lang='grc' dir='ltr'>σμὸς</span> <span class='ocrx_word' id='word_1_506' title='bbox 1475 2668 1565 2716; x_wconf 78' lang='grc' dir='ltr'>ὑμᾶς</span> <span class='ocrx_word' id='word_1_507' title='bbox 1589 2666 1652 2702; x_wconf 72' lang='grc' dir='ltr'>οὐκ</span> <span class='ocrx_word' id='word_1_508' title='bbox 1679 2663 1832 2716; x_wconf 70' lang='grc' dir='ltr'>εἴληφεν,</span> <span class='ocrx_word' id='word_1_509' title='bbox 1856 2666 1885 2702; x_wconf 87' lang='grc' dir='ltr'>εἰ</span> <span class='ocrx_word' id='word_1_510' title='bbox 1908 2663 1955 2715; x_wconf 75' lang='grc' dir='ltr'>μὴ</span> <span class='ocrx_word' id='word_1_511' title='bbox 1973 2664 2202 2718; x_wconf 83' lang='grc' dir='ltr'>ἀνθρώπινος·</span> <span class='ocrx_word' id='word_1_512' title='bbox 2222 2663 2390 2711; x_wconf 82' lang='grc' dir='ltr'>τουτέστι,</span> 
     </span>
     <span class='ocr_line' id='line_1_75' title="bbox 1371 2724 2392 2778; baseline -0.004 -12"><span class='ocrx_word' id='word_1_513' title='bbox 1371 2727 1566 2778; x_wconf 79' lang='grc' dir='ltr'>σύμμετρος</span> <span class='ocrx_word' id='word_1_514' title='bbox 1592 2725 1652 2764; x_wconf 70' lang='grc' dir='ltr'>καὶ</span> <span class='ocrx_word' id='word_1_515' title='bbox 1679 2726 1812 2778; x_wconf 85' lang='grc' dir='ltr'>μικρός.</span> <span class='ocrx_word' id='word_1_516' title='bbox 1838 2724 1978 2777; x_wconf 66' lang='grc' dir='ltr'>υΩσπερ</span> <span class='ocrx_word' id='word_1_517' title='bbox 1994 2724 2062 2776; x_wconf 71' lang='grc' dir='ltr'>γὰρ</span> <span class='ocrx_word' id='word_1_518' title='bbox 2080 2724 2326 2778; x_wconf 85' lang='grc' dir='ltr'>παρεστήσατε</span> <span class='ocrx_word' id='word_1_519' title='bbox 2348 2725 2392 2762; x_wconf 86' lang='grc' dir='ltr'>τὰ</span> 
     </span>
     <span class='ocr_line' id='line_1_76' title="bbox 1373 2784 2392 2840; baseline -0.004 -14"><span class='ocrx_word' id='word_1_520' title='bbox 1373 2788 1461 2840; x_wconf 85' lang='grc' dir='ltr'>μέλη</span> <span class='ocrx_word' id='word_1_521' title='bbox 1483 2791 1578 2838; x_wconf 77' lang='grc' dir='ltr'>ὑμῶν</span> <span class='ocrx_word' id='word_1_522' title='bbox 1604 2788 1707 2825; x_wconf 82' lang='grc' dir='ltr'>δοῦλα</span> <span class='ocrx_word' id='word_1_523' title='bbox 1721 2790 1763 2838; x_wconf 71' lang='grc' dir='ltr'>τῇ</span> <span class='ocrx_word' id='word_1_524' title='bbox 1781 2785 1976 2839; x_wconf 79' lang='grc' dir='ltr'>ἀκαθαρσίᾳ</span> <span class='ocrx_word' id='word_1_525' title='bbox 1992 2786 2051 2824; x_wconf 76' lang='grc' dir='ltr'>καὶ</span> <span class='ocrx_word' id='word_1_526' title='bbox 2065 2790 2107 2838; x_wconf 78' lang='grc' dir='ltr'>τῇ</span> <span class='ocrx_word' id='word_1_527' title='bbox 2126 2785 2251 2838; x_wconf 79' lang='grc' dir='ltr'>ἀνομίᾳ</span> <span class='ocrx_word' id='word_1_528' title='bbox 2267 2787 2314 2828; x_wconf 82' lang='grc' dir='ltr'>εἷς</span> <span class='ocrx_word' id='word_1_529' title='bbox 2328 2784 2392 2832; x_wconf 69' lang='grc' dir='ltr'>τὴν</span> 
     </span>
     <span class='ocr_line' id='line_1_77' title="bbox 1373 2846 2393 2900; baseline -0.004 -12"><span class='ocrx_word' id='word_1_530' title='bbox 1373 2849 1518 2900; x_wconf 82' lang='grc' dir='ltr'>ἀνομίαν</span> <span class='ocrx_word' id='word_1_531' title='bbox 1532 2879 1541 2897; x_wconf 92' lang='grc'>,</span> <span class='ocrx_word' id='word_1_532' title='bbox 1560 2847 1648 2886; x_wconf 70' lang='grc' dir='ltr'>οὕτω</span> <span class='ocrx_word' id='word_1_533' title='bbox 1663 2853 1721 2886; x_wconf 81' lang='grc' dir='ltr'>νῦν</span> <span class='ocrx_word' id='word_1_534' title='bbox 1737 2847 1989 2900; x_wconf 74' lang='grc' dir='ltr'>παραστήσατε</span> <span class='ocrx_word' id='word_1_535' title='bbox 2006 2847 2050 2885; x_wconf 79' lang='grc' dir='ltr'>τὰ</span> <span class='ocrx_word' id='word_1_536' title='bbox 2067 2846 2155 2898; x_wconf 81' lang='grc' dir='ltr'>μέλη</span> <span class='ocrx_word' id='word_1_537' title='bbox 2174 2849 2271 2898; x_wconf 79' lang='grc' dir='ltr'>ὑμῶν</span> <span class='ocrx_word' id='word_1_538' title='bbox 2287 2848 2393 2885; x_wconf 82' lang='grc' dir='ltr'>δοῦλα</span> 
     </span>
     <span class='ocr_line' id='line_1_78' title="bbox 1371 2907 2391 2962; baseline -0.004 -13"><span class='ocrx_word' id='word_1_539' title='bbox 1371 2913 1414 2962; x_wconf 73' lang='grc' dir='ltr'>τῇ</span> <span class='ocrx_word' id='word_1_540' title='bbox 1437 2909 1636 2960; x_wconf 78' lang='grc' dir='ltr'>δικαιοσύνῃ</span> <span class='ocrx_word' id='word_1_541' title='bbox 1655 2911 1701 2952; x_wconf 83' lang='grc' dir='ltr'>εἷς</span> <span class='ocrx_word' id='word_1_542' title='bbox 1719 2908 1903 2960; x_wconf 80' lang='grc' dir='ltr'>ἁγιασμόν.</span> <span class='ocrx_word' id='word_1_543' title='bbox 1931 2907 2056 2946; x_wconf 87' lang='grc' dir='ltr'>Καίτοι</span> <span class='ocrx_word' id='word_1_544' title='bbox 2075 2907 2163 2946; x_wconf 75' lang='grc' dir='ltr'>πολὺ</span> <span class='ocrx_word' id='word_1_545' title='bbox 2177 2911 2245 2946; x_wconf 84' lang='grc' dir='ltr'>τῶν</span> <span class='ocrx_word' id='word_1_546' title='bbox 2261 2908 2391 2945; x_wconf 77' lang='grc' dir='ltr'>δεσπο-</span> 
     </span>
     <span class='ocr_line' id='line_1_79' title="bbox 1372 2968 2392 3020; baseline -0.004 -10"><span class='ocrx_word' id='word_1_547' title='bbox 1372 2975 1440 3011; x_wconf 80' lang='grc' dir='ltr'>τῶν</span> <span class='ocrx_word' id='word_1_548' title='bbox 1456 2973 1496 3011; x_wconf 78' lang='grc' dir='ltr'>τὸ</span> <span class='ocrx_word' id='word_1_549' title='bbox 1516 2971 1633 3020; x_wconf 78' lang='grc' dir='ltr'>μέσον,</span> <span class='ocrx_word' id='word_1_550' title='bbox 1654 2972 1730 3008; x_wconf 82' lang='grc' dir='ltr'>ἀλλ’</span> <span class='ocrx_word' id='word_1_551' title='bbox 1748 2970 1842 3020; x_wconf 74' lang='grc' dir='ltr'>ὅμως</span> <span class='ocrx_word' id='word_1_552' title='bbox 1861 2970 1899 3008; x_wconf 84' lang='grc' dir='ltr'>τὸ</span> <span class='ocrx_word' id='word_1_553' title='bbox 1915 2971 1986 3008; x_wconf 81' lang='grc' dir='ltr'>ἴσον</span> <span class='ocrx_word' id='word_1_554' title='bbox 2007 2972 2069 3015; x_wconf 79' lang='grc' dir='ltr'>τ’ῆς</span> <span class='ocrx_word' id='word_1_555' title='bbox 2084 2968 2238 3013; x_wconf 82' lang='grc' dir='ltr'>δουλείας</span> <span class='ocrx_word' id='word_1_556' title='bbox 2255 2970 2392 3007; x_wconf 83' lang='grc' dir='ltr'>ἀπαιτῶ</span> 
     </span>
     <span class='ocr_line' id='line_1_80' title="bbox 1374 3030 2390 3087; baseline -0.007 -14"><span class='ocrx_word' id='word_1_557' title='bbox 1374 3034 1509 3087; x_wconf 80' lang='grc' dir='ltr'>μέτρον.</span> <span class='ocrx_word' id='word_1_558' title='bbox 1530 3032 1630 3070; x_wconf 73' lang='grc' dir='ltr'>Ἔδει</span> <span class='ocrx_word' id='word_1_559' title='bbox 1659 3031 1720 3081; x_wconf 78' lang='grc' dir='ltr'>μὲν</span> <span class='ocrx_word' id='word_1_560' title='bbox 1744 3031 1810 3083; x_wconf 73' lang='grc' dir='ltr'>γὰρ</span> <span class='ocrx_word' id='word_1_561' title='bbox 1835 3031 1894 3069; x_wconf 78' lang='grc' dir='ltr'>καὶ</span> <span class='ocrx_word' id='word_1_562' title='bbox 1914 3032 2032 3083; x_wconf 82' lang='grc' dir='ltr'>πολλῷ</span> <span class='ocrx_word' id='word_1_563' title='bbox 2053 3030 2158 3069; x_wconf 85' lang='grc' dir='ltr'>πλέον</span> <span class='ocrx_word' id='word_1_564' title='bbox 2174 3033 2390 3082; x_wconf 80' lang='grc' dir='ltr'>εἰσενεγκεῖν,</span> 
     </span>
     <span class='ocr_line' id='line_1_81' title="bbox 1373 3091 2394 3146; baseline -0.006 -12"><span class='ocrx_word' id='word_1_565' title='bbox 1373 3096 1432 3134; x_wconf 79' lang='grc' dir='ltr'>καὶ</span> <span class='ocrx_word' id='word_1_566' title='bbox 1450 3094 1601 3146; x_wconf 77' lang='grc' dir='ltr'>τοσούτῳ</span> <span class='ocrx_word' id='word_1_567' title='bbox 1626 3092 1743 3139; x_wconf 84' lang='grc' dir='ltr'>πλέον,</span> <span class='ocrx_word' id='word_1_568' title='bbox 1766 3093 1836 3145; x_wconf 76' lang='grc' dir='ltr'>ὅσῳ</span> <span class='ocrx_word' id='word_1_569' title='bbox 1862 3092 1922 3130; x_wconf 78' lang='grc' dir='ltr'>καὶ</span> <span class='ocrx_word' id='word_1_570' title='bbox 1939 3091 2024 3139; x_wconf 72' lang='grc' dir='ltr'>αὕτη</span> <span class='ocrx_word' id='word_1_571' title='bbox 2046 3091 2170 3143; x_wconf 82' lang='grc' dir='ltr'>μείζων</span> <span class='ocrx_word' id='word_1_572' title='bbox 2187 3094 2248 3138; x_wconf 73' lang='grc' dir='ltr'>τῆς</span> <span class='ocrx_word' id='word_1_573' title='bbox 2270 3092 2394 3129; x_wconf 78' lang='grc' dir='ltr'>δεσπο-</span> 
     </span>
     <span class='ocr_line' id='line_1_82' title="bbox 1372 3152 2391 3203; baseline -0.005 -8"><span class='ocrx_word' id='word_1_574' title='bbox 1372 3156 1467 3200; x_wconf 88' lang='grc' dir='ltr'>τείας</span> <span class='ocrx_word' id='word_1_575' title='bbox 1499 3154 1633 3201; x_wconf 85' lang='grc' dir='ltr'>ἐκείνης</span> <span class='ocrx_word' id='word_1_576' title='bbox 1662 3154 1720 3191; x_wconf 62' lang='lat' dir='ltr'>mi</span> <span class='ocrx_word' id='word_1_577' title='bbox 1751 3153 1925 3203; x_wconf 85' lang='grc' dir='ltr'>ἀμείνων·</span> <span class='ocrx_word' id='word_1_578' title='bbox 1950 3153 2042 3200; x_wconf 82' lang='grc' dir='ltr'>πλὴν</span> <span class='ocrx_word' id='word_1_579' title='bbox 2067 3155 2143 3190; x_wconf 88' lang='grc' dir='ltr'>ἀλλ’</span> <span class='ocrx_word' id='word_1_580' title='bbox 2173 3153 2268 3191; x_wconf 79' lang='grc' dir='ltr'>οὐδὲν</span> <span class='ocrx_word' id='word_1_581' title='bbox 2287 3152 2391 3190; x_wconf 87' lang='grc' dir='ltr'>πλέον</span> 
     </span>
     <span class='ocr_line' id='line_1_83' title="bbox 1374 3207 2390 3265; baseline -0.006 -9"><span class='ocrx_word' id='word_1_582' title='bbox 1374 3221 1512 3256; x_wconf 85' lang='grc' dir='ltr'>ἀπαιτῶ</span> <span class='ocrx_word' id='word_1_583' title='bbox 1539 3216 1595 3255; x_wconf 79' lang='grc' dir='ltr'>διὰ</span> <span class='ocrx_word' id='word_1_584' title='bbox 1618 3214 1680 3262; x_wconf 74' lang='grc' dir='ltr'>τὴν</span> <span class='ocrx_word' id='word_1_585' title='bbox 1700 3214 1891 3253; x_wconf 85' lang='grc' dir='ltr'>ἀσθένειαν.</span> <span class='ocrx_word' id='word_1_586' title='bbox 1917 3214 1987 3252; x_wconf 78' lang='grc' dir='ltr'>Καὶ</span> <span class='ocrx_word' id='word_1_587' title='bbox 2005 3215 2065 3252; x_wconf 83' lang='grc' dir='ltr'>οὔκ</span> <span class='ocrx_word' id='word_1_588' title='bbox 2081 3207 2168 3259; x_wconf 71' lang='grc' dir='ltr'>εἷπε,</span> <span class='ocrx_word' id='word_1_589' title='bbox 2184 3216 2246 3259; x_wconf 75' lang='grc' dir='ltr'>τῆς</span> <span class='ocrx_word' id='word_1_590' title='bbox 2269 3229 2390 3265; x_wconf 85' lang='grc' dir='ltr'>προαι-</span> 
     </span>
    </p>
   </div>
   <div class='ocr_carea' id='block_1_15' title="bbox 312 3282 2393 3337">
    <p class='ocr_par' dir='ltr' id='par_1_15' title="bbox 312 3282 2393 3337">
     <span class='ocr_line' id='line_1_84' title="bbox 312 3282 2393 3337; baseline -0.001 -13"><span class='ocrx_word' id='word_1_591' title='bbox 312 3288 521 3335; x_wconf 84' lang='lat' dir='ltr'>alacritatis,</span> <span class='ocrx_word' id='word_1_592' title='bbox 541 3287 601 3326; x_wconf 86' lang='lat' dir='ltr'>sed</span> <span class='ocrx_word' id='word_1_593' title='bbox 619 3288 759 3325; x_wconf 82' lang='lat' dir='ltr'>Carnis</span> <span class='ocrx_word' id='word_1_594' title='bbox 775 3294 936 3335; x_wconf 82' lang='lat' dir='ltr'>vestroe,</span> <span class='ocrx_word' id='word_1_595' title='bbox 964 3284 1161 3324; x_wconf 80' lang='lat' dir='ltr'>orationem</span> <span class='ocrx_word' id='word_1_596' title='bbox 1179 3285 1297 3322; x_wconf 88' lang='lat' dir='ltr'>minus</span> <span class='ocrx_word' id='word_1_597' title='bbox 1320 3294 1345 3323; x_wconf 86' lang='lat' dir='ltr'>D</span> <span class='ocrx_word' id='word_1_598' title='bbox 1376 3284 1499 3337; x_wconf 80' lang='grc' dir='ltr'>ρέσεως</span> <span class='ocrx_word' id='word_1_599' title='bbox 1519 3285 1631 3334; x_wconf 73' lang='grc' dir='ltr'>ὑμῶν,</span> <span class='ocrx_word' id='word_1_600' title='bbox 1648 3282 1723 3322; x_wconf 70' lang='grc' dir='ltr'>οὐδὲ</span> <span class='ocrx_word' id='word_1_601' title='bbox 1742 3283 1801 3328; x_wconf 67' lang='grc' dir='ltr'>τῆς</span> <span class='ocrx_word' id='word_1_602' title='bbox 1817 3284 2028 3336; x_wconf 79' lang='grc' dir='ltr'>προθυμίας,</span> <span class='ocrx_word' id='word_1_603' title='bbox 2049 3284 2156 3331; x_wconf 84' lang='grc' dir='ltr'>ἀλλὰ,</span> <span class='ocrx_word' id='word_1_604' title='bbox 2177 3285 2210 3322; x_wconf 92' lang='grc' dir='ltr'>Τ</span> <span class='ocrx_word' id='word_1_605' title='bbox 2212 3287 2252 3330; x_wconf 80' lang='grc' dir='ltr'>ἧς</span> <span class='ocrx_word' id='word_1_606' title='bbox 2268 3283 2393 3336; x_wconf 79' lang='grc' dir='ltr'>σαρκὸς</span> 
     </span>
    </p>
   </div>
   <div class='ocr_carea' id='block_1_16' title="bbox 362 3416 1380 3461">
    <p class='ocr_par' dir='ltr' id='par_1_16' title="bbox 362 3416 1380 3461">
     <span class='ocr_line' id='line_1_85' title="bbox 362 3416 1380 3461; baseline -0.001 -13"><span class='ocrx_word' id='word_1_607' title='bbox 362 3428 373 3442; x_wconf 67' lang='lat'>¹</span> <span class='ocrx_word' id='word_1_608' title='bbox 397 3417 474 3450; x_wconf 77' lang='lat' dir='ltr'>Mss.</span> <span class='ocrx_word' id='word_1_609' title='bbox 486 3416 551 3448; x_wconf 79' lang='lat' dir='ltr'>duo</span> <span class='ocrx_word' id='word_1_610' title='bbox 570 3417 616 3458; x_wconf 85' lang='lat' dir='ltr'>[et</span> <span class='ocrx_word' id='word_1_611' title='bbox 634 3416 686 3459; x_wconf 80' lang='lat' dir='ltr'>A.]</span> <span class='ocrx_word' id='word_1_612' title='bbox 703 3420 877 3459; x_wconf 65' lang='grc' dir='ltr'>γινομένων·</span> <span class='ocrx_word' id='word_1_613' title='bbox 892 3421 907 3454; x_wconf 71' lang='grc' dir='ltr'>ἦ</span> <span class='ocrx_word' id='word_1_614' title='bbox 926 3422 983 3461; x_wconf 68' lang='grc' dir='ltr'>γὰρ</span> <span class='ocrx_word' id='word_1_615' title='bbox 1001 3420 1098 3457; x_wconf 60' lang='grc' dir='ltr'>τοῦτο,</span> <span class='ocrx_word' id='word_1_616' title='bbox 1115 3420 1131 3453; x_wconf 78' lang='grc' dir='ltr'>ἦ</span> <span class='ocrx_word' id='word_1_617' title='bbox 1151 3421 1181 3450; x_wconf 68' lang='grc' dir='ltr'>τὸ</span> <span class='ocrx_word' id='word_1_618' title='bbox 1200 3419 1380 3461; x_wconf 56' lang='grc' dir='ltr'>τ’),αμετρσν.</span> 
     </span>
    </p>
   </div>
  </div>
 </body>
</html>
