2502 3810
321 223 414 278 726
779 235 817 264 s.

318 338 400 361 cum
432 322 551 359 beatos
583 318 754 370 praedicat
779 315 1037 365 misericordes,
1056 329 1125 353 non
1151 329 1208 353 eos
1235 315 1297 366 qui

316 381 502 433 pecuniam
520 387 665 429 erogant
694 387 844 425 tantum,
863 376 925 414 sed
955 377 1064 414 etiam
1090 389 1149 413 005
1175 376 1297 427 quiex

315 441 423 478 animi
450 439 633 491 proposito
665 438 733 476 hoc
760 437 907 485 faciunt,
940 436 1073 474 laudat.
1103 437 1180 473 Hoc
1213 450 1297 489 ergo

314 500 424 537 animi
446 498 668 550 propositum
700 506 864 549 paratum
881 497 1074 534 habeamus
1089 496 1137 534 ad
1158 496 1296 534 miseri-

312 561 481 608 cordiam,
496 570 528 598 et
551 560 668 597 omnia
691 569 882 610 sequentur
911 559 1014 597 bona.
1031 559 1124 596 Nam
1141 559 1203 609 qui
1229 559 1297 596 be·-

313 622 419 672 nigno
433 630 467 658 et
483 619 704 658 misericordi
730 619 851 657 animo
872 619 1044 671 praeditus
1061 628 1124 666 est,
1141 618 1169 656 si
1190 633 1298 671 pecu—

312 683 388 720 nias
410 682 549 729 habeat,
566 681 738 732 largietur
756 681 836 718 illas
847 696 857 729 ;
877 680 906 718 si
924 694 1028 730 quem
1047 679 1082 717 in
1103 679 1300 718 calamitate

316 743 464 793 viderit,
484 743 583 781 flebit
597 742 823 794 lugebitque;
844 742 873 779 si
895 742 1024 793 injuste
1035 742 1118 779 laeso
1133 756 1296 780 occurre-

314 804 377 849 rit,
397 803 466 855 ipsi
481 803 781 856 patrocinabitur3
812 804 841 841 si
860 803 993 855 injuria
1014 803 1180 841 affectum
1195 803 1299 843 vide-

311 864 372 914 rit,
395 878 539 901 manum
557 864 729 916 porriget.
767 865 860 910 Cum
894 863 988 901 enim
1014 863 1192 901 honorum
1223 864 1296 902 the-

310 939 457 962 saurum
483 924 623 971 habeat,
656 924 853 961 humanum
877 933 910 961 et
938 923 1202 962 misericordem
1219 924 1295 961 ani-

310 1000 423 1035 mum,
440 985 557 1023 omnia
573 986 658 1023 hinc
677 985 836 1023 effundet
848 999 913 1037 pro
929 985 1112 1030 fratribus,
1135 994 1169 1022 et
1181 985 1295 1022 omni·

309 1047 376 1084 bus
390 1048 524 1084 fruetur
532 1061 552 1084 a
563 1048 638 1084 Deo
651 1047 811 1099 repositis
819 1046 1136 1099 p1·aemiis.Utergo
1147 1046 1221 1083 haec
1232 1060 1294 1084 nos

309 1107 416 1145 etiam
444 1122 688 1158 assequamur,
728 1117 807 1146 ante
837 1107 954 1145 omnia
995 1107 1156 1144 animum
1191 1108 1294 1145 nobis

309 1177 534 1205 mansuetum
554 1183 732 1220 paremus.
753 1168 812 1207 Sic
826 1168 920 1205 enim
942 1176 975 1205 et
996 1167 1056 1205 hic
1071 1167 1178 1219 positi
1193 1168 1294 1205 mille

307 1229 534 1280 operabimur
552 1230 697 1276 bona,et
716 1229 843 1267 futuris
858 1229 1018 1266 fruemur
1032 1228 1169 1266 coronis
1184 1244 1191 1264 ε
1208 1243 1295 1279 quas

309 1290 446 1328 utinam
480 1305 600 1329 omnes
640 1304 888 1342 assequamur,
918 1290 1031 1341 gratia
1065 1298 1098 1327 et
1132 1289 1295 1341 benigni-

309 1360 397 1403 tate,
422 1361 489 1390 etc.

633 1574 845 1613 HOMILIA
874 1573 960 1612 XX.

306 1697 392 1734 CAP.
417 1696 502 1735 XII.
524 1712 559 1735 v.
581 1698 618 1735 1.
655 1699 819 1735 Obsecro
851 1700 984 1748 itaque
1011 1710 1098 1743 vos,
1123 1697 1286 1748 fratres,

353 1773 423 1810 per
441 1759 744 1795 misericordiam
767 1759 853 1806 Dei,
869 1766 908 1794 nt
925 1758 1141 1794 e.rlzibeatis
1159 1770 1291 1807 corpo-

356 1833 403 1857 ra
420 1827 553 1857 vestra
573 1820 741 1856 hostiam
761 1821 971 1865 viventem,
992 1826 1186 1863 sanctam,
1205 1818 1290 1854 Deo

355 1881 587 1931 placentem,
604 1880 839 1917 rationabile
855 1881 1077 1931 obsequium
1099 1887 1287 1916 vestrum.

359 2007 373 2041 1
386 2035 393 2042 .
411 2006 603 2054 Postquam
634 2003 747 2040 multa
768 2002 812 2040 de
832 2001 898 2040 Dei
928 2001 1146 2052 benignitate
1173 2001 1290 2039 disse-

305 2075 437 2115 ruerat,
455 2064 724 2115 ostenderatque
755 2065 832 2116 ejus
861 2063 1079 2101 ineffabilem
1099 2062 1291 2114 providen-

304 2127 404 2172 tiam,
421 2125 761 2175 inenarrabilemque
773 2124 1043 2175 benignitatem,
1057 2137 1166 2174 quam
1190 2137 1292 2161 nemo

305 2187 455 2226 scrutari
480 2196 602 2237 queat,
632 2186 733 2223 illam
761 2186 876 2238 ipsam
898 2184 1025 2222 deinde
1053 2185 1198 2236 profert,
1223 2199 1293 2235 quo

305 2249 476 2287 beneficio
497 2247 631 2284 affectis
658 2245 815 2294 suadeat,
836 2254 875 2282 ut
900 2254 996 2282 tanto
1021 2244 1114 2282 dono
1144 2245 1294 2295 dignum

307 2309 499 2347 exhibeant
514 2308 596 2345 vitae
617 2306 832 2343 institutum.
853 2305 901 2342 Et
914 2319 994 2342 cum
1010 2314 1128 2342 tantus
1143 2305 1294 2354 talisque

306 2370 366 2419 sit,
387 2382 456 2406 non
489 2376 629 2405 recusat
648 2366 727 2403 illos
747 2366 929 2403 obsecrare
946 2364 1073 2415 :idque
1100 2378 1169 2402 non
1189 2379 1294 2416 super

307 2430 364 2477 iis,
387 2429 516 2480 quibus
539 2428 612 2479 ipse
642 2427 829 2475 frueretur,
857 2425 918 2463 sed
941 2439 1046 2477 super
1065 2425 1122 2474 iis,
1144 2439 1221 2475 quae
1248 2424 1293 2461 ad

307 2491 452 2528 illorum
471 2490 611 2526 lucrum
631 2487 805 2525 cederent.
827 2485 968 2536 Ecquid
991 2486 1147 2533 miraris,
1169 2486 1196 2523 si
1219 2486 1294 2537 ipse

292 2566 376 2591 -non
409 2559 544 2589 recuset
571 2549 768 2598 obsecrare,
803 2547 944 2598 quando
964 2546 1206 2584 miserationes
1227 2547 1295 2584 Dei

308 2613 496 2667 proponit?
515 2611 609 2658 Quia
628 2611 736 2655 enim,
759 2610 887 2660 inquit,
911 2609 1096 2647 innumera
1114 2609 1217 2648 vobis
1229 2609 1296 2646 bo-

307 2691 351 2715 na
367 2691 386 2714 a
400 2674 686 2713 miserationibus
703 2672 769 2710 Dei
783 2671 992 2724 procedunt,
1018 2672 1113 2724 ipsas
1135 2686 1290 2710 reverea-

308 2736 412 2786 mini,
435 2736 527 2787 ipsas
547 2733 641 2772 adite
674 2732 860 2770 humiliter
882 2746 988 2769 :nam
1012 2731 1096 2784 ipsae
1116 2732 1295 2784 supplica-

309 2799 440 2836 tionem
457 2805 600 2849 parant,
615 2803 654 2832 ut
673 2808 716 2832 ne
736 2793 825 2845 quid
844 2793 916 2831 illis
935 2793 1122 2844 indignum
1142 2794 1292 2832 faciatis.

311 2862 378 2898 Per
393 2858 593 2909 illasigitur
615 2856 723 2909 ipsas,
746 2855 872 2906 inquit,
890 2855 1047 2905 obsecro,
1062 2870 1125 2908 per
1144 2871 1231 2906 quas
1246 2871 1298 2894 sa·

310 2921 421 2957 lutem
439 2918 532 2956 nacti
548 2915 957 2966 estis:quemadmodum
974 2915 1001 2953 si
1024 2916 1103 2965 quis
1126 2931 1218 2965 eum,
1237 2916 1300 2967 qui

311 2994 438 3031 magna
457 2977 593 3030 accepit
610 2976 798 3025 beneficia,
819 2975 956 3028 pudore
974 2976 1180 3015 suffundere
1196 2977 1296 3023 velit,

310 3042 415 3079 illum
428 3041 545 3092 ipsum
561 3038 622 3089 qui
637 3036 810 3075 beneficia
822 3036 972 3074 contulit
982 3036 1179 3088 supplicem
1194 3037 1303 3074 indu-

313 3102 435 3140 cat.Et
445 3099 676 3151 quid,quaeso,
685 3097 872 3135 obsecras?
889 3099 927 3135 U
925 3106 939 3134 t
946 3098 1161 3135 exhibeatis
1173 3111 1303 3149 corpo-

314 3177 358 3200 ra
367 3170 499 3199 vestra
514 3161 681 3197 hostiam
693 3161 1103 3208 viventem,sanctam,
1118 3159 1201 3195 Deo
1210 3159 1299 3210 pla-

316 3232 478 3267 centem,
499 3220 733 3258 rationabile
753 3220 974 3270 obsequium
1005 3227 1191 3256 vestrum.
1211 3220 1302 3257 Cum

318 3283 410 3319 enim
432 3284 597 3319 hostiam
626 3279 799 3328 dixisset3
823 3292 865 3316 ne
894 3280 974 3329 quis
1009 3289 1149 3331 putaret
1177 3279 1303 3331 jubere

318 3343 433 3393 ipsum
467 3355 612 3392 corpora
642 3339 754 3377 occidi
769 3369 778 3386 ,
798 3339 918 3377 statim
937 3340 1136 3391 subjunxit,
1157 3342 1302 3378 Viven—

320 3412 407 3441 [ειη.
429 3401 564 3439 Deinde
593 3400 814 3452 distinguens
843 3401 940 3438 illam
967 3416 985 3439 a
1015 3401 1179 3452 Judaica,
1201 3401 1303 3452 dicit,

856 232 1039 263 JOANNIS
1075 231 1314 261 CHRYSOST.

1321 563 1346 592 Ι)

1304 1573 1352 1597 555

1317 1609 1343 1638 Α

1354 232 1560 263 ARCfflEP.
1600 233 1682 262 CON
1690 233 1767 263 STA
1775 235 1936 266 NTINOP
1945 256 1954 265 .

1366 315 1444 360 τοὺς
1461 316 1672 367 ἐλεήμονας,
1689 320 1727 356 οὗ
1747 317 1824 361 τοὺς
1845 319 1902 357 διὰ
1917 320 2108 372 χρημάτων
2126 322 2305 363 ἐλεοῦντας
2325 319 2386 369 μό-

1365 392 1436 425 νον,
1467 377 1557 416 ἀλλὰ
1575 378 1634 415 καὶ
1657 377 1734 421 τοὺς
1757 378 1813 415 διὰ
1833 379 2069 432 προαιρέσεως
2087 385 2187 419 τοῦτο
2204 385 2388 423 ποιοῦντας

1367 438 1552 490 μακαρίζει
1580 439 1638 476 καὶ
1668 441 1814 477 ἐπαινεῖ.
1857 441 2000 486 Ταύτην
2033 440 2143 478 τοίνυν
2175 441 2387 493 παρέχωμεν

1366 497 1566 544 ἐπιτηδείαν
1591 498 1674 551 πρὸς
1700 498 1806 547 ἔλεον,
1829 500 1887 537 καὶ
1906 499 2022 538 πάντα
2056 500 2175 552 ἕψεται
2195 500 2239 537 τὰ
2258 501 2387 552 ἀγαθά.

1368 557 1412 596 Ὁ
1424 558 1491 609 γὰρ
1508 558 1749 611 φιλάνθρωπον
1770 559 1914 610 γνώμην
1935 560 2024 612 ἔχων
2045 561 2104 599 καὶ
2119 560 2304 610 ἐλεήμονα,
2323 560 2388 598 κᾶν

1366 619 1535 671 χρήματα
1550 620 1613 671 ἔχῃ
1630 649 1639 666 ,
1656 620 1847 671 προήσεται
1862 651 1871 668 ,
1888 620 1951 658 κᾶν
1968 623 2001 658 ἐν
2019 626 2213 674 συμφοραῖς
2226 621 2280 673 ἴδῃ
2298 620 2388 668 τινὰ,

1366 679 1556 717 κλαύσεται
1576 679 1634 717 καὶ
1663 680 1850 731 θρηνήσει,
1882 681 1945 719 κᾶν
1967 681 2184 734 ἀδικουμένῳ
2204 681 2387 734 περιτύχῃ,

1367 739 1626 791 προστήσεται,
1657 739 1721 777 κᾶν
1750 741 2026 794 ἐπηρεαζόμενον
2059 741 2250 790 θεάσηται,
2285 749 2386 795 χεῖρα

1366 800 1487 851 ὀρέξει.
1517 800 1586 838 Τὸν
1603 799 1671 852 γὰρ
1688 801 1860 854 θησαυρὸν
1879 804 1969 853 ἔχων
1988 804 2056 840 τῶν
2077 804 2226 854 ἀγαθῶν,
2245 802 2308 849 τὴν
2326 818 2386 855 φι-

1365 861 1568 913 λάνθρωπον
1589 861 1648 899 καὶ
1671 862 1842 912 ἐλεήμονα
1860 863 1996 915 ψυχὴν,
2015 864 2131 902 πάντα
2149 866 2276 902 ἐκεῖθεν
2297 866 2386 901 ἀνα-

1366 921 1487 959 Ελύσει
1513 921 1557 959 τὰ
1573 921 1660 974 ὑπὲρ
1680 924 1747 959 τῶν
1770 923 1940 975 ἀδελφῶν,
1959 924 2017 961 καὶ
2037 923 2175 961 πάντων
2195 923 2388 962 ἀπολαύσε-

1364 997 1423 1019 ται
1450 985 1519 1019 τῶν
1547 983 1643 1033 παρὰ
1670 988 1730 1021 τοῦ
1757 984 1849 1021 Θεοῦ
1871 983 2038 1034 κειμένων
2060 987 2204 1034 μισθῶν.
2232 983 2312 1021 Ἵνα
2329 978 2386 1020 οῦν

1364 1042 1423 1081 καὶ
1441 1046 1541 1092 ἡμεῖς
1562 1042 1692 1080 τούτων
1708 1043 1940 1095 ἐπιτύχωμεν,
1955 1044 2023 1096 πρὸ
2038 1044 2177 1082 πάντων
2194 1043 2256 1090 τὴν
2272 1043 2387 1096 ψυχὴν

1363 1103 1492 1153 ἥμερον
1511 1104 1843 1154 κατασκευάσωμεν.
1861 1104 1967 1142 Οὕτω
1979 1104 2045 1157 γὰρ
2061 1104 2119 1142 καὶ
2134 1107 2280 1142 ἐνταῦθα
2295 1104 2388 1146 ὄντες

1366 1163 1473 1215 μυρία
1499 1163 1717 1215 ἐργασόμεθα
1745 1163 1878 1214 ἀγαθὰ,
1914 1164 2060 1202 καὶτῶν
2083 1164 2278 1216 μελλόντων
2302 1167 2388 1202 ἀπο-

1318 1231 1342 1261 Ε
1363 1223 1565 1274 λαυσόμεθα
1588 1225 1764 1275 στεφάνων
1779 1240 1786 1248 ·
1803 1228 1850 1261 ὡν
1867 1224 1999 1276 γένοιτο
2012 1225 2144 1268 πάντας
2159 1228 2252 1275 ἡμᾶς
2268 1227 2388 1263 ἐπιτυ-

1366 1291 1440 1336 χεῖν
1465 1285 1585 1336 χάριτι
1599 1284 1658 1323 καὶ
1675 1285 1914 1337 φιλανθρωπία
1930 1315 1940 1334 ,
1959 1286 2019 1323 καὶ
2034 1285 2078 1324 τὰ
2094 1285 2183 1330 ἑξῆς.

1757 1577 1936 1614 ΟΜΙΑΙΑ
1965 1575 2008 1613 κ’.

1362 1696 1568 1748 Παρακαλῶ
1595 1690 1652 1735 οῦν
1674 1698 1784 1747 ὑμᾶς,
1806 1697 1967 1749 ἀδελφοὶ,
2002 1697 2058 1735 διὰ
2092 1700 2161 1735 τῶν
2197 1700 2387 1750 οἰκτιρμῶν

1413 1762 1473 1795 τοῦ
1503 1760 1613 1805 Θεοῦ,
1639 1752 1867 1810 παραστῆσαι
1899 1757 1943 1795 τὰ
1977 1757 2125 1808 σώματα
2148 1761 2245 1808 ὑμῶν
2267 1759 2386 1798 Θυσίαν

1413 1820 1538 1865 ζῶσαν,
1556 1818 1670 1869 ἁγίαν,
1691 1819 1872 1870 εὐάρεστον
1894 1821 1942 1870 τῷ
1961 1820 2043 1870 Θεῷ
2055 1849 2064 1864 ,
2081 1817 2144 1865 τὴν
2163 1819 2304 1870 λογικὴν
2320 1821 2364 1857 λα
2379 1841 2389 1846 ·

1413 1878 1528 1931 τρείαν
1551 1881 1662 1929 ὑμῶν.

1414 2002 1538 2041 Πολλὰ
1551 2002 1629 2054 περὶ
1643 2003 1705 2048 τῆς
1720 2005 1883 2041 τοῦ-Θεοῦ
1900 2002 2163 2055 φιλανθρωπίας
2179 2001 2389 2054 διαλεχθεὶς,

1363 2064 1422 2103 καὶ
1458 2063 1570 2107 δείξας
1599 2065 1700 2101 αὐτοῦ
1732 2063 1794 2109 τὴν
1823 2063 1954 2115 ἄφατον
1987 2062 2211 2113 κηδεμονίαν,
2241 2062 2301 2100 καὶ
2325 2062 2388 2109 τὴν

1316 2129 1340 2158 Β
1365 2125 1561 2177 ἀπόρρητον
1582 2124 1782 2174 ἀγαθότητα
1801 2124 1860 2161 καὶ
1890 2123 1966 2162 οὐδὲ
1989 2121 2215 2175 ἐρευνηθῆναι
2235 2123 2388 2173 δυναμέ-

1365 2202 1440 2233 νην,
1464 2185 1569 2231 αὐτὴν
1590 2185 1709 2223 λοιπὸν
1730 2185 1858 2230 ταύτην
1878 2184 2131 2235 προέοίλλεται,
2150 2185 2198 2226 εἷς
2213 2182 2252 2220 τὸ
2271 2189 2390 2220 πεῖσαι

1365 2247 1442 2289 τοὺς
1462 2244 1746 2298 εὐεργετηθέντας
1774 2245 1873 2288 ἀξίαν
1894 2249 1956 2291 τῆς
1990 2246 2120 2297 δωρεᾶς
2153 2243 2388 2287 ἐπιδείξασθαι

1365 2306 1426 2353 τὴν
1456 2305 1646 2343 πολιτείαν.
1679 2305 1749 2342 Καὶ
1777 2307 1935 2348 τοσοῦτος
1964 2304 2011 2342 ὢν
2031 2305 2090 2342 καὶ
2109 2306 2332 2351 τηλικοῦτος,
2352 2306 2389 2342 οὐ

1364 2371 1588 2418 παραιτεῖται
1608 2367 1844 2416 παρακαλεῖν·
1870 2365 1929 2403 καὶ
1943 2369 2052 2403 ταῦτα
2075 2365 2139 2416 οὐχ
2154 2364 2243 2416 ὓπὲρ
2264 2359 2311 2402 ὧν
2328 2367 2388 2401 αὖ·

1365 2429 1421 2471 τὸς
1437 2429 1578 2478 ἔμελλεν
1597 2427 1797 2473 ἀπολαύειν,
1827 2429 1901 2464 ἀλλ’
1923 2427 2008 2478 ὑπὲρ
2035 2420 2083 2463 ὧν
2105 2429 2228 2465 ἐκεῖνοι
2258 2426 2389 2478 κερδα-

1365 2495 1433 2527 νεῖν
1454 2483 1559 2540 εἶχον.
1580 2488 1647 2525 Καὶ
1668 2487 1700 2524 τί
1719 2488 1905 2538 θαυμάζεις
1918 2517 1927 2534 ,
1948 2490 1977 2524 εἷ
1997 2488 2098 2530 αὐτὸς
2114 2489 2151 2525 οὗ
2168 2491 2391 2538 παραιτεῖται

1364 2550 1595 2601 παρακαλεῖν,
1618 2548 1702 2585 ὅπου
1721 2564 1760 2599 γε
1791 2547 1850 2585 καὶ
1881 2546 1958 2590 τοὺς
1989 2546 2189 2599 οἷκτιρμοὺς
2219 2552 2279 2585 τοῦ
2298 2549 2390 2585 Θεοῦ

1365 2610 1618 2662 προδοίλλεται,
1637 2607 1785 2655 Ἐπειδὴ
1815 2607 1883 2660 γὰρ
1915 2607 1959 2645 τὰ
1994 2608 2100 2660 μυρία
2125 2610 2206 2658 ὑμῖν
2223 2609 2390 2655 ἐντεῦθεν,

1366 2672 1484 2723 φησὶν,
1516 2670 1629 2722 ἀγαθὰ
1659 2669 1728 2708 ἀπὸ
1756 2672 1823 2708 τῶν
1844 2672 2033 2723 οἰκτιρμῶν
2059 2675 2118 2708 τοῦ
2135 2673 2249 2717 Θεοῦ,
2271 2668 2391 2712 αὐτοὺς

1369 2732 1569 2779 αἰδέσθητε,
1595 2731 1718 2774 αὐτοὺς
1745 2731 1986 2779 δυσωπῆθητε.
2012 2731 2083 2769 Καὶ
2106 2733 2173 2783 γὰρ
2205 2731 2300 2770 αὐτοὶ
2327 2730 2391 2777 τὴν

1320 2804 1344 2834 C
1368 2793 1546 2845 ἱκετηρίαν
1567 2792 1734 2839 τιθέασιν,
1752 2791 1808 2830 ἰ’να
1831 2791 1938 2843 μηδὲν
1969 2791 2103 2836 ἀνάξιον
2124 2794 2235 2829 αὐτῶν
2262 2790 2393 2829 ἐπιδεί-

1371 2854 1485 2901 ξησθε.
1505 2855 1558 2890 Δι’
1592 2855 1703 2890 αὐτῶν
1724 2847 1780 2890 οῦν
1801 2853 1944 2899 τούτων,
1977 2853 2082 2903 φησὶ,
2101 2852 2318 2904 παρακαλῶ,
2347 2852 2390 2887 δι’

1371 2909 1417 2952 ὧν
1439 2914 1589 2960 ἐσώθητε
1606 2929 1613 2936 ·
1635 2912 1752 2964 ὥσπερ
1774 2913 1813 2950 ἂν
1837 2913 1868 2950 εἴ
1890 2929 1941 2955 τις
1967 2913 2025 2950 τὸν
2053 2912 2189 2962 μεγάλα
2210 2912 2392 2961 εὐεργετη-

1373 2974 1473 3013 θέντα
1492 2973 1653 3025 ἐντρέψαι
1677 2973 1902 3023 βουλόμενος,
1924 2972 2026 3010 αὐτὸν
2045 2973 2102 3010 τὸν
2119 2970 2394 3023 εὐεργετήσαντα

1373 3035 1489 3082 ἱκέτην
1512 3035 1648 3086 ἀγάγοι.
1674 3034 1744 3072 Καὶ
1762 3034 1796 3071 τί
1814 3034 2049 3085 παρακαλεῖς,
2072 3031 2147 3070 εἶπέ
2170 3047 2246 3081 μοι,
2270 3032 2395 3083 Παρα-

1374 3100 1501 3143 στῆσαι
1514 3096 1558 3134 τὰ
1578 3094 1723 3145 σώματα
1744 3095 1839 3144 ὑμῶν
1861 3093 1977 3131 θυσίαν
1996 3095 2123 3139 ζῶσαν,
2146 3091 2259 3143 ἁγίαν,
2277 3091 2396 3143 εὐάρε-

1375 3174 1454 3197 στον
1473 3160 1522 3209 τῷ
1548 3158 1648 3208 Θεῷ,
1670 3155 1732 3201 τὴν
1754 3154 1898 3205 λογικὴν
1929 3153 2092 3205 λατρείαν
2114 3155 2224 3203 ὑμῶν.
2246 3152 2393 3198 Ἐπειδὴ

1375 3219 1442 3270 γὰρ
1459 3212 1553 3264 εἶπε,
1575 3216 1722 3262 Θυσίαν,
1748 3215 1804 3253 ἵνα
1826 3214 1875 3266 μή
1896 3231 1946 3257 τις
1965 3215 2091 3265 νομίσῃ
2106 3244 2116 3262 ,
2136 3213 2190 3252 ὅτι
2216 3214 2396 3264 κατασφά-

1377 3280 1431 3323 ξαι
1453 3278 1584 3316 κελεύει
1616 3276 1660 3314 τὰ
1680 3276 1845 3326 σώματα,
1877 3275 2011 3327 ταχέως
2045 3275 2221 3326 ἐπήγαγε,
2258 3276 2396 3311 Ζῶσαν.

1376 3336 1465 3380 Εἶτα
1480 3340 1621 3392 διαιρῶν
1635 3337 1740 3383 αὐτὴν
1758 3337 1826 3374 ἀπὸ
1840 3337 2122 3382 τῆςἸουδαϊκ-ἧς,
2139 3333 2396 3386 φησὶν,Ἁγίαν,

1377 3401 1556 3451 εὐάρεστον
1573 3401 1622 3451 τῷ
1637 3401 1738 3450 Θεῷ,
1753 3397 1814 3445 τὴν
1825 3396 2139 3448 λογίκὴνλατρείαν
2151 3397 2264 3445 ὑμῶν·
2284 3393 2394 3439 ἐκείνη
