2466 3805
82 1837 151 1864 ΛΗ.
167 1845 196 1865 2.
220 1845 268 1867 22.

85 1880 158 1907 υι3.
181 1878 224 1906 16.

746 238 782 266 S.
821 236 1005 267 JOANMS
1041 232 1291 263 CHRYSOST.

299 226 359 283 84

350 320 385 356 5.
416 317 509 358 Vide
531 331 685 366 rursum,
707 316 883 367 quomodo
904 314 1039 352 occulte
1058 312 1102 348 de
1121 311 1275 363 potentia

297 381 394 418 illius
418 379 598 429 loquatui,
619 377 713 427 quod
744 377 898 427 seipsum
923 372 1160 421 suscitaveiit,
1179 379 1219 408 ut
1239 371 1275 408 in

297 456 339 493 pi
342 454 407 478 1011
423 440 588 477 concione
601 437 765 474 dicebat:
786 436 816 473 J
816 449 867 472 ux
871 443 911 471 ta
925 434 1030 485 quod
1043 431 1276 484 impossibile

297 511 380 540 erat
402 503 521 539 teneri
539 500 649 536 illum
671 499 719 533 ab
739 510 798 540 ee,-
819 505 851 533 ct
870 495 943 545 hie,
966 492 1226 539 Auctorem,
1215 507 1272 530 m—

296 562 388 612 quit,
410 563 504 598 vitre
517 559 772 595 interemistis
788 556 866 593 Nou
879 568 961 606 eigo
975 555 1020 592 ab
1037 554 1148 592 altem
1165 553 1275 593 vitam

295 621 439 671 accepit.
471 618 569 656 Sicut
585 625 617 653 et
633 615 695 666 qui
714 615 859 653 malitiae
889 624 1010 652 auctor
1025 623 1090 664 est,
1109 615 1184 666 ipse
1197 628 1272 652 ma—

293 677 405 714 litiam
435 675 574 727 gignet3
602 683 635 711 et
656 683 779 712 auctor
800 673 1000 719 homicidii,
1026 673 1087 723 qui
1119 672 1272 710 homici-

292 737 392 773 dium
422 735 559 787 primus
585 733 729 771 induxit
748 749 755 769 :
772 733 821 771 sic
848 742 970 771 auctor
987 733 1070 771 vitae
1089 741 1154 780 est,
1175 732 1237 782 qui
1253 747 1273 769 a

291 797 405 848 seipso
425 797 537 834 vitam
563 795 683 832 habet.
717 794 833 844 Quem
856 795 962 831 Deus
988 796 1201 839 suscitavit,
1218 793 1272 830 in-
1295 802 1317 832 B

291 857 379 907 quit.
411 858 601 906 Postquam
619 855 694 893 haec
714 855 869 903 dixerat,
893 854 1015 892 subdit
1032 870 1040 890 t
1057 855 1111 892 Et
1135 856 1178 891 in
1189 854 1274 906 fide

292 920 456 954 nominis
476 919 557 968 ejus
572 917 687 961 hunc,
708 929 819 967 quem
833 928 904 952 vos
923 915 1066 952 videtis
1082 923 1119 951 et
1136 916 1268 959 nostis,

290 978 535 1030 confirmavit
551 989 688 1013 nomen
703 977 784 1028 ejus
802 992 812 1011 :
828 985 864 1013 et
867 976 988 1027 fides,
1011 989 1096 1027 quae
1107 989 1176 1026 per
1186 988 1272 1012 eum

290 1047 358 1083 est,
381 1039 486 1076 dedit
513 1041 548 1074 ei
576 1040 765 1089 integram
793 1038 1000 1074 sanitatem
1020 1038 1146 1073 istam.
1164 1035 1272 1085 Atqui

290 1098 318 1135 si
338 1098 426 1135 fides
444 1098 479 1135 in
498 1112 594 1147 euin,
616 1106 729 1134 totum
748 1104 890 1148 operata
919 1105 984 1146 est,
1009 1095 1093 1146 quia
1113 1095 1148 1133 in
1168 1095 1272 1132 illum

267 1154 276 1157 ⁷⁷
290 1160 462 1210 speravit,
485 1172 547 1195 cur
566 1172 634 1195 non
654 1157 761 1207 dixit,
784 1159 849 1194 Per
869 1170 1019 1205 nomen,
1040 1156 1116 1205 sed,
1135 1158 1184 1193 In
1205 1170 1271 1193 ηο-

288 1217 421 1257 rnine?
442 1219 535 1265 Quia
562 1218 721 1256 nondum
749 1218 925 1255 audebant
951 1217 1083 1265 dicere,
1102 1218 1144 1254 In
1166 1216 1272 1253 illum

287 1279 388 1316 fides.
405 1281 457 1317 Ne
476 1293 560 1317 vero
586 1278 690 1325 illud,
709 1280 786 1316 Per
804 1281 942 1330 ipsum,
967 1278 1140 1315 humilius
1166 1286 1267 1324 esset,

287 1340 473 1392 subjunxit
494 1356 501 1376 :
522 1341 576 1378 Et
600 1353 736 1376 nomen
765 1342 845 1391 ejus
870 1339 1115 1391 confirmavit
1140 1339 1265 1375 illum.

286 1400 334 1438 Et
357 1415 439 1438 cum
463 1401 531 1438 hoc
562 1400 662 1452 prius
687 1399 849 1448 dixisset,
880 1409 962 1437 tunc
986 1399 1058 1437 ait:
1076 1401 1130 1436 Et
1145 1399 1266 1451 fides,

286 1477 370 1514 quoe
381 1477 450 1514 per
466 1478 550 1500 eum
571 1471 639 1509 est,
660 1464 763 1500 dedit
780 1464 840 1500 illi
854 1465 1044 1514 integram
1059 1464 1269 1500 sanitatem

285 1526 414 1560 istam.
437 1523 547 1573 Vide,
569 1522 745 1573 quomodo
762 1523 912 1560 declaret
934 1536 970 1560 se
987 1531 1213 1574 attemperate
1228 1522 1271 1559 il-

285 1583 347 1621 lud
371 1583 517 1622 dixisse.
544 1586 666 1635 Neque
692 1584 787 1621 enim
807 1584 877 1621 alio
897 1598 984 1635 opus
1006 1583 1132 1621 habuit
1154 1583 1200 1620 ad
1220 1597 1272 1621 re-

285 1644 551 1693 surrectionem,
570 1645 673 1696 cujus
695 1657 821 1681 nomen
844 1643 1026 1693 claudum,
1049 1643 1109 1694 qui
1131 1657 1150 1680 a
1174 1657 1269 1681 mor-

283 1713 346 1742 tuo
372 1704 464 1742 nihil
493 1705 696 1753 differebat,
721 1705 845 1741 erexit.
867 1703 1064 1755 perpende,
1090 1703 1270 1754 quomodo

284 1765 416 1816 ubique
429 1765 624 1804 testimonia
640 1765 784 1803 illorum
804 1765 971 1802 attrahat.
989 1764 1162 1816 Superius
1175 1764 1270 1802 enim

284 1825 379 1863 dixit
401 1842 408 1862 ε
428 1827 532 1864 Sicut
558 1835 593 1863 et
616 1827 688 1876 ipsi
707 1826 828 1870 scitis;
846 1834 893 1875 et,
910 1826 959 1861 In
975 1826 1100 1862 medio
1126 1828 1266 1869 vestri,-

283 1901 323 1924 ac
337 1901 494 1936 rursum,
518 1888 637 1936 Quem
651 1886 794 1923 videtis
809 1894 843 1922 et
860 1888 993 1931 nostis,
1012 1888 1054 1922 in
1069 1894 1271 1937 conspectu

283 1950 454 1984 omnium
482 1955 667 1984 vestrum.
703 1945 811 1996 Atqui
837 1945 1053 1995 nesciebant,
1086 1944 1205 1997 ipsum
1234 1945 1271 1983 in

281 2009 422 2046 nomine
450 2007 562 2060 ipsius
595 2020 722 2045 sanum
751 2007 884 2044 sactum
904 2020 994 2055 esse3
1016 2005 1076 2044 sed
1095 2006 1266 2057 sciebant,

281 2070 399 2120 ipsum
426 2068 596 2106 claudum
625 2067 743 2104 fuisse.
765 2066 813 2104 Et
833 2067 902 2118 ipsi
930 2080 1070 2117 quoque
1095 2066 1156 2117 qui
1180 2067 1316 2106 fece-D

281 2137 361 2166 rant
390 2128 662 2175 confitebantur,
686 2141 754 2164 non
784 2141 861 2177 sua,
886 2126 947 2164 sed
973 2126 1107 2164 Christi
1137 2128 1270 2166 virtute

281 2190 400 2240 ipsum
419 2188 679 2225 consolidatum
696 2201 778 2225 esse.
798 2188 837 2225 Si
852 2202 906 2225 res
921 2201 991 2224 non
1010 2187 1061 2226 ita
1073 2187 1212 2238 fuisset,
1232 2198 1266 2226 et

282 2265 364 2288 vere
392 2249 624 2287 credidissent
657 2250 773 2300 ipsum
801 2250 1051 2297 resurrexisse,
1075 2249 1270 2287 noluissent

283 2312 414 2349 mortui
440 2310 590 2361 gloriam
614 2309 728 2360 magis
760 2323 867 2359 quam
887 2324 988 2347 suam
1007 2318 1170 2357 statuere,
1187 2324 1269 2348 cum

282 2374 437 2411 maxime
464 2372 518 2409 illi
547 2371 593 2409 ad
613 2386 648 2409 se
667 2371 892 2423 respicerent.
913 2372 1049 2409 Deinde
1064 2374 1269 2424 perterritos

282 2435 418 2472 animos
437 2435 587 2470 fratrum
603 2433 744 2471 nomine
765 2432 885 2471 statim
899 2434 1114 2481 consolatur,
1130 2434 1265 2484 dicens,

286 2498 367 2533 Viri
376 2497 541 2547 fratres.
562 2495 640 2532 Illic
658 2494 801 2545 quiden]
825 2495 916 2532 nihil
935 2495 978 2533 de
1005 2495 1128 2547 seipsis
1154 2491 1264 2546 dixit,

281 2555 340 2594 sed
362 2565 501 2593 tantum
527 2555 572 2592 de
591 2555 747 2603 Christo,
771 2556 884 2592 Certo
903 2558 1020 2607 igitur
1043 2567 1262 2608 eognoscat,

280 2617 417 2667 dicens,
434 2620 561 2654 «omnis
581 2618 718 2654 domus
742 2618 868 2654 Israel
889 2632 900 2653 :
921 2617 980 2654 hic
1005 2627 1123 2655 autem
1143 2618 1265 2656 admo-

281 2680 449 2717 nitionem
467 2679 599 2731 adjicit.
621 2678 701 2715 Illic
721 2678 951 2730 exspectavit,
968 2688 1007 2716 ut
1022 2679 1076 2716 illi
1090 2679 1263 2730 dicerent3

280 2740 340 2778 hic
357 2740 499 2785 sciebat,
517 2748 691 2790 quantum
717 2738 851 2790 operati
876 2748 999 2786 essent,
1023 2749 1056 2777 et
1078 2741 1175 2790 quod
1188 2711 1263 2792 jani

279 2801 332 2838 illi
356 2801 611 2838 tractabiliores
639 2808 762 2836 essent.
784 2800 876 2837 Sane
895 2809 927 2837 et
944 2814 1022 2850 quae
1041 2814 1148 2852 supra
1168 2802 1264 2839 dicta

277 2862 429 2908 fuerant,
469 2875 538 2898 non
568 2875 613 2897 ex
646 2859 844 2910 ignorantia
880 2871 1131 2910 processerant.
1171 2864 1262 2900 Nam

277 2923 374 2972 quod
391 2923 567 2959 latronem
588 2920 775 2972 petierint,
800 2919 895 2970 quod
921 2935 1002 2957 cum
1024 2921 1262 2961 absolvendus

272 2982 512 3033 judicaretur,
533 2981 570 3018 id
584 2980 651 3033 ipsi
666 2994 735 3017 non
752 2978 975 3027 admiserint,
991 2981 1086 3031 quod
1102 2982 1263 3020 occidere

275 3043 471 3089 voluerint,
493 3043 592 3093 cujus
606 3040 813 3092 ignorantiae
829 3054 902 3078 esse
920 3041 1079 3092 poterat.⁰
1097 3044 1259 3081 Attamen

275 3104 335 3142 dat
348 3104 418 3141 illis
432 3111 639 3155 potestatem
656 3100 807 3153 negandi
825 3109 858 3138 et
873 3100 1069 3153 poenitendi
1081 3101 1125 3139 de
1141 3103 1258 3152 factis,

317 3231 334 3254 b
360 3229 447 3261 Alius
463 3235 509 3263 ἵνα
534 3235 591 3273 γὰρ
608 3237 663 3271 μή.

316 3282 333 3298 '⁶
357 3282 368 3323 [
385 3281 571 3313 Delex-imus
587 3291 658 3322 quae
675 3279 728 3311 hic
751 3278 986 3321 repetebantur
1003 3278 1121 3317 verba,
1136 3285 1180 3314 ὅτι
1200 3283 1280 3322 ῡ-μὴς

272 3340 392 3373 ἔστηκε,
411 3333 609 3365 auctoritate
631 3330 807 3369 CommeL,
823 3331 953 3363 Erasm.
973 3339 1005 3363 et
1020 3329 1106 3364 Cod.
1124 3332 1179 3371 D„
1197 3330 1277 3363 dum

275 3386 368 3418 alteri
382 3382 492 3417 Codd.
509 3385 544 3415 A.
565 3385 601 3416 B.
621 3383 657 3415 C.
675 3381 816 3424 indeque
834 3380 979 3424 pendens
1002 3381 1101 3415 Savil.
1121 3383 1154 3414 in
1180 3394 1276 3424 supe-

1288 2733 1423 2783 Eoi-(32.

1333 230 1524 259 ARCHIEP
1533 249 1542 258 .
1582 230 1666 258 CON
1674 229 1855 259 STAuTffi
1864 230 1919 258 ΟΡ
1928 250 1937 259 ,

1399 310 1494 363 “Ορα
1513 311 1618 348 πάλιν
1638 311 1874 354 λανθανόντως
1902 312 1974 353 πῶς
2000 311 2077 364 περὶ
2102 313 2160 356 τῆς
2184 311 2359 360 δυνάμεως

1349 371 1452 408 αὐτοῦ
1474 370 1688 421 διαλέγεται,
1708 371 1851 418 δεικνὺς,
1872 371 1924 409 ὅτι
1943 372 2063 409 ἑαυτὸν
2085 372 2201 423 ἤγειρε
2214 386 2221 393 ·
2249 371 2362 408 καθά-

1347 447 1412 483 περ
1437 433 1471 469 ἐν
1493 433 1535 482 τῇ
1562 430 1713 482 προτέρᾳ
1731 431 1928 484 δημηγορίᾳ
1947 432 2044 483 ἔλεγε
2058 448 2065 454 ·
2090 431 2220 470 Καθότι
2239 432 2300 468 οὐκ
2320 424 2361 475 ἦν

1347 490 1489 528 δυνατὸν
1522 494 1722 541 κρατεῖσθαι
1753 493 1852 530 αὐτὸν
1882 494 1938 530 ὑπ’
1969 494 2091 530 αὐτοῦ·
2125 493 2184 530 καὶ
2205 493 2361 536 ἐνταῦθα,

1346 550 1416 588 Τὸν
1438 550 1473 588 δὲ
1496 551 1649 604 ἀρχηγὸν
1663 580 1673 597 ,
1693 551 1799 603 φησὶ,
1818 553 1880 597 τῆς
1900 554 1989 598 ζωῆς
2008 551 2244 590 ἀπεκτείνατε.
2285 552 2363 588 Οὐκ

1348 611 1414 663 ἄρα
1442 612 1526 663 παρ’
1559 611 1674 664 ἑτέρου
1705 611 1785 663 ἔσχε
1803 611 1842 648 τὸ
1865 614 1936 662 ζῇν.
1966 612 2105 664 ε’.Ωσπερ
2128 611 2280 664 ἀρχηγὸς
2300 613 2363 655 τῆς

1346 672 1470 716 κακίας
1495 674 1596 717 αὐτὸς
1625 673 1665 710 ἂν
1685 673 1738 718 εἴη
1759 676 1776 710 ὃ
1793 673 1856 719 τὴν
1876 672 2000 710 κακίαν
2018 672 2148 720 τεκὼν,
2170 673 2229 710 καὶ
2249 675 2361 724 ἀρχη-

1344 735 1403 786 γὸς
1427 735 1527 786 φόνου
1554 738 1571 772 ὑ
1598 734 1654 772 τὸν
1678 733 1776 786 φόνον
1796 735 1933 786 πρῶτος
1954 732 2147 784 εἰσαγαγών
2161 748 2168 755 ·
2190 733 2279 770 οὕτω
2303 733 2361 770 καὶ

1345 796 1497 848 ἀρχηγὸς
1525 799 1614 842 ζωῆς
1639 798 1657 833 ὃ
1675 796 1758 846 παρ’
1779 796 1901 831 ἑαυτοῦ
1922 793 1984 840 τὴν
2007 793 2096 840 ζωὴν
2120 793 2222 844 ἔχων.
2257 792 2325 831 ἱῸν
2344 797 2361 830 ὁ

1342 857 1430 899 Θεὸς
1456 857 1584 910 ἤγειρε,
1612 855 1726 908 φησίν.
1759 855 1906 900 Ἐπειδὴ
1927 858 2027 892 τοῦτο
2051 853 2256 906 ἐφθέγξατο,
2276 854 2361 900 ἕπτ’,-

1341 933 1445 968 γαγε·
1477 919 1547 956 Καὶ
1567 918 1625 955 ἐπὶ
1650 919 1692 967 τῇ
1711 915 1826 954 πίστει
1847 920 1906 954 τοῖ’)
1924 914 2090 965 ὀνόματος
2111 918 2211 952 αὐτοῦ
2227 920 2360 958 τοῦτον,

1341 979 1377 1016 ὃν
1407 982 1566 1030 θεωρεῖτε
1596 977 1655 1015 καὶ
1674 977 1789 1016 οἴδατε
1804 1004 1813 1021 ,
1844 976 2032 1027 ἐστερέιοσε
2050 977 2089 1014 τὸ
2108 977 2216 1027 ὄνομα
2239 977 2356 1014 αὐτοῦ·

1342 1040 1401 1077 καὶ
1434 1042 1456 1084 ἡ
1489 1038 1605 1082 πίστις
1636 1041 1658 1083 ἡ
1691 1037 1736 1075 δι’
1768 1038 1872 1075 αὐτοῦ
1907 1036 2032 1074 ἔδωκεν
2066 1040 2159 1090 αὐτῷ
2191 1037 2254 1083 τὴν
2285 1038 2360 1074 ὁλο-

1342 1096 1486 1148 κληρίαν
1526 1096 1667 1143 ταύτην.
1714 1095 1784 1133 Καὶ
1823 1094 1891 1146 μὴν
1925 1094 1983 1133 εὰν
2014 1098 2035 1141 ἡ
2071 1098 2119 1139 εἷς
2154 1096 2255 1134 αὐτόν
2285 1098 2359 1134 ἐστι

1341 1154 1456 1197 πίστις
1486 1159 1508 1202 ἠ
1537 1155 1578 1193 τὸ
1608 1161 1677 1192 πᾶν
1707 1154 1952 1206 ἐργασαμένη,
1997 1170 2056 1191 και
2093 1170 2144 1191 οτι
2171 1157 2228 1197 εἰς
2255 1153 2358 1192 αὐτον

1341 1212 1542 1260 ἐπίστευσε,
1585 1213 1674 1256 τίνος
1709 1212 1821 1250 ἕνεκεν
1856 1215 1916 1250 οὐκ
1951 1207 2063 1260 εἶπεν,
2101 1211 2157 1250 διὰ
2190 1227 2249 1249 του
2282 1212 2357 1250 ὀνό-

1340 1290 1466 1323 ματος,
1483 1275 1572 1320 ἀλλ’,
1590 1275 1652 1312 Ἐν
1678 1276 1728 1325 τῷ
1758 1273 1924 1323 ὀνόματι,
1953 1272 2038 1310 “Ort
2066 1272 2163 1310 οὔπω
2191 1272 2354 1325 ἐθάρρουν

1340 1336 1460 1382 εἰπεῖν,
1480 1337 1502 1380 ἡ
1523 1337 1569 1378 εἷς
1589 1335 1690 1372 αὐτὸν
1707 1333 1833 1376 πίστις.
1850 1331 1865 1351 ¹³
1879 1332 1956 1370 Ἵνα
1972 1332 2007 1371 δὲ
2024 1332 2072 1383 μὴ
2095 1332 2146 1381 τὸ,
2165 1334 2218 1370 Δι’
2237 1334 2355 1378 αὐτοῦ,

1339 1396 1497 1433 ταπεινὸν
1516 1390 1551 1447 ᾗ,
1567 1395 1741 1446 ἐπήγαγε·
1760 1393 1830 1431 Καὶ
1849 1393 1888 1431 τὸ
1902 1393 2009 1444 ὄνομα
2025 1396 2127 1432 αὐτοῦ
2143 1393 2349 1445 ἐστερέωσεν

1340 1455 1454 1495 αὐτόν.
1492 1456 1561 1493 Καὶ
1589 1460 1688 1493 τοῦτο
1713 1454 1878 1506 πρότερον
1905 1453 2010 1492 εἰπὼν
2026 1482 2035 1499 ,
2061 1454 2138 1492 τότε
2157 1453 2262 1506 φησί·
2284 1454 2356 1492 Καὶ

1339 1519 1360 1563 ἦ
1388 1516 1504 1559 πίστις
1531 1534 1554 1562 η
1585 1516 1630 1553 δι
1660 1516 1762 1553 αὐτοῦ
1795 1515 1921 1553 ἔνωκεν
1951 1517 2044 1567 αὗτῳ
2065 1515 2127 1561 τὴν
2149 1515 2356 1567 ὁλοκληρίαν

1338 1576 1482 1624 ταύτην.
1514 1577 1655 1628 εὈρα,
1645 1593 1719 1620 πως
1739 1576 1922 1623 δείκνυσιν,
1947 1576 1999 1613 ὅτι
2014 1592 2073 1614 και
2093 1578 2202 1614 ἐκεῖνο
2221 1591 2355 1628 συγκα-

1339 1638 1512 1689 ταβαίνων
1532 1654 1637 1676 ειπεν.
1666 1640 1719 1676 Οὐ
1739 1637 1806 1690 γὰρ
1826 1637 1865 1674 ἂν
1886 1636 2002 1689 ἑτερου
2021 1637 2144 1684 ἓδεηθη
2164 1654 2249 1689 προς
2267 1637 2355 1676 ἀνά-

1339 1714 1480 1748 στασιν,
1510 1702 1546 1737 οὓ
1567 1715 1606 1736 το
1623 1714 1734 1749 ονομα
1751 1698 1864 1750 χωὶον
1887 1697 1982 1736 οὖδεν
2001 1702 2121 1750 νεκρου
2148 1698 2354 1750 διαφέροντα

1337 1761 1466 1812 ἤγειρε.
1497 1760 1641 1804 Σκόπει,
1660 1761 1734 1802 πῶς
1748 1762 1927 1810 πανταχοῦ
1949 1757 2011 1802 τὰς
2032 1759 2223 1812 μαρτυρίας
2239 1760 2354 1797 αὐτῶν

1342 1823 1544 1859 ἐπισπᾶται.
1573 1819 1748 1872 Ἀνωτέριι)
1769 1818 1831 1869 μὲν
1855 1818 1922 1872 γὰρ
1941 1818 2049 1870 ἔλεγε·
2074 1819 2198 1863 Καθὼς
2217 1820 2275 1858 καὶ
2292 1823 2352 1857 αὖ-

1338 1880 1390 1918 τοὶ
1411 1880 1543 1918 οἴδατε·
1560 1880 1631 1927 καὶ,
1651 1882 1712 1918 Ἐν
1729 1879 1823 1932 μέσῳ
1838 1882 1933 1927 ὑμῶν
1948 1895 1956 1902 ·
1976 1879 2034 1916 καὶ
2050 1880 2169 1925 πάλιν,
2185 1879 2254 1918 ζὈν
2271 1884 2354 1918 θεω-

1341 1948 1429 1995 ρεῖτε
1447 1958 1506 1980 και
1533 1941 1660 1988 οἴδατε,
1688 1941 1854 1978 ἀπέναντι
1873 1940 2011 1978 πάντων
2031 1943 2140 1990 υμιον.
2169 1941 2292 1979 Καίτοι
2321 1945 2354 1980 ἐν

1337 2008 1386 2057 τῷ
1403 2004 1547 2054 ὀνόματι
1560 2003 1662 2040 αὐτου
1681 2003 1743 2039 οὐκ.
1757 2001 1818 2052 ῃδε
1822 2016 1896 2047 σαν,
1912 2000 1964 2038 ὁτι
1979 2000 2078 2051 υγιης
2092 2001 2248 2048 ε’στηκεν,
2265 2002 2354 2040 ἀλλα

1290 2070 1436 2105 Βτουτο
1456 2064 1596 2115 ῃδεσαν,
1616 2062 1668 2101 ὅτι
1686 2061 1774 2135 lamo)
1765 2078 1799 2104 ος
1813 2065 1866 2107 ἠν.
1870 2060 1889 2079 *
1905 2061 1973 2099 Και
1992 2061 2090 2098 αὐτοι
2108 2062 2143 2099 δὲ
2160 2065 2190 2099 οἱ
2209 2078 2355 2109 πεποιη-

1337 2124 1432 2167 κότες
1451 2122 1668 2174 ὡμολόγουν
1695 2136 1748 2158 οτι
1766 2121 1826 2158 οὐκ
1843 2119 1914 2158 ἰδία
1936 2119 2102 2169 δυνάμει,
2122 2119 2211 2157 ἀλλὰ
2227 2124 2269 2171 τῇ
2292 2124 2352 2159 τοῦ

1336 2186 1488 2238 Χριστοῦ
1502 2181 1735 2257 Ἐ’ἐστερέωτα
1750 2183 1794 2219 Εἰ
1821 2181 1856 2217 δὲ
1883 2179 1931 2230 μὴ
1952 2183 2053 2218 τοῦτο
2073 2174 2132 2228 ἦν,
2163 2181 2223 2218 καὶ
2249 2181 2356 2225 ὅντως

1337 2242 1562 2294 πεπεισμένοι
1588 2238 1696 2289 ἦσαν,
1715 2258 1768 2280 οτι
1793 2240 1938 2286 ἀνεστη,
1962 2242 2022 2278 οὐκ
2040 2240 2079 2276 ἂν
2102 2241 2277 2288 ἠθέλησαν
2295 2257 2356 2280 του

1337 2310 1456 2358 νεκροῦ
1475 2305 1537 2351 τὴν
1565 2303 1662 2347 δόξαν
1683 2305 1808 2348 στῆσαι
1834 2300 2002 2351 ,wranov
1984 2318 2006 2346 η
2028 2301 2090 2346 τὴν
2113 2304 2265 2349 ἑαυτῶν,
2295 2318 2354 2339 και

1337 2382 1447 2403 ταυτα
1473 2363 1612 2402 ἐκείνων
1636 2363 1720 2449 πρὸς
1740 2361 1860 2421 αὐτους
1882 2360 2052 2412 ὁρώντων.
2080 2354 2170 2398 Ειτα
2194 2362 2352 2412 πεφοῧη-

1338 2428 1441 2477 μένας
1456 2428 1566 2463 αὐτῶν
1585 2441 1645 2467 τας
1658 2423 1771 2476 ψυχὰς
1789 2421 1910 2465 ευθειος
1927 2438 2002 2471 τη
1986 2424 2053 2458 τῶν
2068 2423 2124 2459 αδ
2114 2423 2223 2474 3125,ko
2243 2438 2353 2474 προσ·

1334 2487 1459 2540 ηγορία
1506 2485 1797 2538 παρεμυθήσατο,
1844 2482 1972 2521 εἰπών·
2010 2482 2146 2534 Ἄνδρες
2199 2483 2353 2535 ἀδελφοί.

1334 2551 1432 2587 Ἐκεῖ
1453 2547 1512 2598 μὲν
1530 2547 1598 2598 γὰρ
1617 2545 1735 2583 ςούδὲν
1754 2544 1835 2596 περι
1855 2559 1938 2581 εαυτ
1940 2560 1986 2581 ων
2005 2547 2119 2591 εἶπεν,
2142 2543 2231 2582 ἀλλὰ
2251 2544 2353 2594 μόνον

1332 2610 1412 2662 περὶ
1440 2614 1499 2647 τοῦ
1525 2610 1697 2660 Χριστοῦ,
1717 2607 1895 2658 Ἂσφαλως
1913 2599 1969 2642 οἶν
1986 2604 2206 2656 γινωσκέτω,
2227 2605 2352 2656 λέγων,

1331 2688 1399 2714 πας
1422 2665 1511 2714 οἶκος
1533 2669 1697 2721 Ἰσραήλ·
1719 2670 1863 2706 ἐνταῦθα
1884 2665 1992 2702 δὲκαὶ
2012 2666 2215 2718 παραίνεσιν
2245 2681 2353 2717 προσ-

1467 2732 1566 2769 Εκεῖ
1599 2730 1760 2781 ἀνέμενεν
1799 2727 1922 2770 αυτους
1947 2729 2072 2765 εἰπεῖν·
2103 2729 2248 2764 ἐνταῦθα
2276 2727 2353 2778 ᾔδει

1332 2793 1469 2832 πόσον..
1452 2795 1481 2823 ’ῗε
1474 2807 1678 2844 ιργασαντο,
1705 2806 1765 2828 και
1785 2791 1831 2831 ὡς
1851 2804 1943 2827 ουτοι
1964 2789 2093 2838 μᾶλλον
2112 2791 2200 2833 ἦσαν
2219 2787 2351 2838 ᾠκειω-

1335 2870 1441 2904 μεν.οι
1472 2852 1543 2890 Καὶ
1565 2850 1632 2902 μὴν
1651 2850 1696 2889 τα
1712 2866 1782 2888 ανω
1799 2847 1963 2901 εἰρημένα
1978 2863 2039 2884 ουκ
2059 2863 2100 2892 ην
2122 2846 2276 2897 ἀγνοίας.
2299 2845 2352 2884 Τὸ

1330 2930 1397 2966 γαρ
1416 2929 1473 2951 τον
1491 2912 1624 2965 λγστην
1644 2910 1660 2931 ‘¹
1676 2926 1832 2956 αιτησαι,
1848 2925 1886 2946 το
1905 2908 1962 2946 τὸν
1981 2923 2037 2960 κρι
2028 2907 2118 2945 ιθεντ
2122 2923 2141 2944 α
2163 2909 2349 2954 απολυθῆ-

1330 2992 1387 3013 ναι
1409 2974 1456 3025 μὴ
1473 2974 1606 3018 λαδεῖν,
1622 2972 1661 3010 τὸ
1675 2972 1734 3009 καὶ
1750 2972 1893 3016 θελῆσαι
1909 2971 2051 3015 ἀνελεῖν,
2069 2968 2170 3011 ποίας
2190 2968 2351 3019 ἀγνοίας,

1331 3035 1423 3073 Ἀλλ’
1442 3034 1535 3084 ὅμως
1557 3034 1694 3071 δίδωσιν
1715 3035 1828 3074 αὐτοῖς
1849 3029 2001 3073 ἐξουσίαν
2024 3030 2262 3081 ἀρνήσασθαι,
2290 3030 2349 3067 καὶ

1333 3104 1550 3152 μεταγνῶναι
1578 3099 1635 3137 ἐπὶ
1659 3104 1729 3141 τοῖς
1761 3096 2022 3148 γεγενημένοις·
2053 3097 2182 3146 μᾶλλον

1344 3229 1430 3260 riore
1452 3228 1525 3259 loco
1549 3237 1585 3258 ea
1606 3224 1795 3265 omittunt.]

1389 3290 1401 3305 c
1423 3279 1511 3311 Alius
1531 3282 1612 3312 0333„
1627 3284 1782 3321 προεῖπεν,
1794 3278 1873 3308 ἀλλὰ
1887 3281 1986 3316 μόνον,

1389 3331 1405 3355 d
1430 3329 1490 3362 Alii
1512 3336 1647 3368 αἰτῆσαι·
1667 3333 1700 3362 τὸ
1716 3334 1773 3372 γὰρ
1797 3334 1856 3361 τὸν·

2223 3095 2257 3134 δὲ
2290 3096 2348 3133 καὶ
2400 3092 2403 3094 ’
