2502 3810
703 284 748 314 IN
783 281 925 314 EPIST.
965 280 1025 311 AD
1061 279 1172 310 Rowl.

93 368 252 442 Θατέρῳ
246 366 372 413 μόνον,
393 364 484 404 ἀλλὰ
515 364 690 417 ἑκατέροις
709 364 826 415 ἔλεγε·
847 379 906 402 και
930 362 997 415 γὰρ
1022 362 1107 413 πρὸς

91 428 272 481 ἑχατξρους
291 429 449 478 Εἰρῆσθαῑ
467 442 585 479 καιρον
606 430 712 478 Ξῖγξν·

143 540 251 593 Εἶτα,
272 545 390 592 ἐπειδὴ
412 540 506 584 εἶπεν
526 545 664 597 εἰρήνην
682 545 741 583 καὶ
759 544 872 596 χαράν
888 543 982 591 (ἔστι
999 541 1034 580 δὲ
1055 543 1107 579 εἶ-

93 607 177 660 ρήνη
196 607 256 644 καὶ
272 606 366 658 χαρὰ
380 606 439 645 καὶ
455 607 512 644 ἐπὶ
527 623 589 644 πον
593 609 718 657 Γ,ρῶν
707 604 958 659 πραγμάτων),
978 602 1108 653 ἐπηγα-

90 683 167 719 γεν,
186 668 247 705 Ἐν
267 668 450 718 Πνεύματι
470 667 569 719 ἁγίῳ.
589 666 690 709 (εὨς
670 682 687 703 0
707 681 747 717 γε
764 664 886 704 ἀπολλ
877 681 913 708 υς
929 664 985 702 τὸν
1007 664 1108 701 ἀδελ-

1210 278 1366 309 nomn„
1404 278 1532 309 xxV1.
2064 258 2153 318 783

1179 360 1305 410 oritur,
1336 373 1443 411 quam
1462 359 1575 397 aufert
1606 356 1811 409 increpatio.
1845 354 1930 393 Haec
1961 368 2068 406 porro
2088 368 2159 392 non

1178 421 1242 458 uni
1273 429 1424 468 tantum,
1459 419 1523 457 sed
1548 418 1690 468 utrique
1727 416 1815 454 dicit
1836 424 1937 454 :erat
1955 414 2050 453 enim
2084 414 2160 453 haec

1178 482 1321 532 utrique
1336 480 1478 518 dicendi
1493 489 1734 532 opportunum
1749 487 1900 530 tempus.

1232 545 1270 582 5²2.
1290 541 1427 580 Deinde
1446 542 1527 592 quia
1542 541 1682 578 dixerat
1701 554 1823 592 pacem
1836 548 1868 577 et
1883 537 2078 590 gaudium(
2088 552 2162 590 pax

1182 617 1265 641 vero
1277 612 1309 640 et
1329 602 1502 654 gaudium
1524 602 1559 639 in
1579 601 1682 639 malis
1697 601 1802 638 etiam
1821 601 1925 638 rebus
1939 599 2160 648 invenitur),

1182 663 1384 715 subjunxit,
1407 666 1457 700 In
1474 664 1617 714 Spiritu
1636 671 1780 700 sanem.
1798 663 1918 712 Itaque
1940 661 2001 712 qui
2015 661 2161 698 fratrem

91 729 152 781 φὺν
173 729 232 767 καὶ
245 728 382 781 εἰρήνην
405 727 600 781 ἀνέτρεψε·1
607 727 666 766 καὶ
683 727 744 774 τὴν
765 726 892 779 χαρὰν,
911 741 971 763 και
986 723 1107 770 ἧδίκη-
1121 751 1168 775 723
1181 724 1314 775 perdit,
1348 738 1472 775 pacem
1503 723 1679 761 subvertit
1714 731 1747 760 et
1771 722 1956 773 gaudium,
1978 723 2160 773 magisque

92 807 130 830 σε
146 789 286 836 πλέονῆ
310 793 327 827 ὁ
343 790 387 828 τὰ
403 790 571 842 χρήματα
588 790 764 841 ἁρπάζων·
784 788 843 826 καὶ
862 789 901 827 τὸ
922 787 962 833 δὴ
980 793 1109 838 χεῖρον,
1133 790 1159 818 Α
1181 786 1285 833 laesit,
1307 800 1414 837 quam
1448 786 1478 823 is
1510 785 1574 836 qui
1600 784 1767 836 pecunias
1795 784 1899 835 rapit.
1916 783 2023 829 Quod
2043 793 2160 821 autem

90 851 143 890 ὅτι
163 851 265 894 ἄλλος
281 851 389 889 ἔσωσε
400 880 409 897 ,
429 851 488 889 καὶ
504 850 545 889 σὺ
563 852 692 893 ἀδικεῖς
709 850 767 887 καὶ
783 848 976 892 ἀπολλύεις.
992 847 1107 885 (Ὀταν

91 905 148 950 οὖν
167 915 278 949 ταῦτα
297 911 358 962 μὲν
382 911 429 962 μὴ
451 911 589 962 εἰσάγῃ,
620 915 641 957 ἡ
670 914 798 963 βρῶσις
826 909 885 947 καὶ
910 912 930 954 ἡ
962 909 1107 946 δοκοῦσα

90 972 285 1018 τελειότης,
306 972 350 1011 τὰ
375 972 410 1011 δε
431 972 667 1023 ἀνατρέπονται
688 971 775 1009 αὐτὰ
805 970 959 1019 εἰσάγει,
981 985 1054 1011 πως
1071 984 1108 1006 ου

89 1033 159 1084 χρὴ
179 1039 405 1085 καταφρονεῖν
424 1048 491 1070 των
510 1048 643 1084 μικρων
664 1031 754 1069 ὥστε
768 1031 811 1069 τὰ
831 1029 967 1081 μεγάλα
983 1029 1108 1075 πηξαι,

87 1087 178 1131 Εἶτα
193 1094 338 1141 ,ἐπειδὴ
360 1109 419 1130 και
438 1093 507 1130 ἀπο
524 1092 751 1136 κενοδοξίας
733 1108 848 1144 ηρεμα
863 1107 991 1128 τουτο
977 1090 1107 1140 εγίνετο

88 1153 128 1190 τὸ
151 1156 338 1204 ἐπιτιμᾷν,
360 1154 483 1203 ἐπάγει
511 1153 644 1204 λέγων·
664 1152 708 1191 ‘O
728 1152 795 1204 γὰρ
820 1154 853 1189 ἐν
873 1151 1006 1195 τούτοις
1024 1151 1106 1188 δου-

86 1212 195 1251 λεύων
221 1216 270 1265 τῷ
291 1215 449 1265 Χριστῷ,
480 1213 662 1263 εὐάρεστος
687 1215 736 1264 τῷ
763 1214 844 1264 Θεῷ
873 1212 932 1251 καὶ
965 1211 1108 1261 δόκιμος

85 1278 156 1316 τοῖς
173 1272 374 1325 ἀνθρώποις,
397 1275 450 1311 Οὐ
468 1273 535 1325 γὰρ
554 1272 642 1310 οὕτω
657 1289 695 1311 σε
717 1272 956 1322 θαυμάσονται
969 1275 1031 1318 τῆς
1047 1287 1104 1309 τε-

85 1333 280 1381 λειότητος,
303 1337 349 1377 ὡς
378 1337 440 1380 τ’ἧς
462 1334 597 1385 εἰρήνης
612 1333 671 1372 καὶ
689 1336 751 1379 τῆς
768 1333 927 1383 ὁμονοίας
945 1332 1105 1376 ἅπαντες.

88 1394 222 1432 Τούτου
238 1394 300 1445 μὲν
314 1394 382 1446 γὰρ
395 1399 455 1432 τοῦ
466 1396 574 1432 καλοῦ
589 1395 716 1437 πάντες
733 1393 1000 1440 ἀπολαύσονται,
1018 1392 1106 1431 ἐκεί·
1130 1390 1153 1420 Β

87 1470 143 1492 νου
165 1455 201 1492 δὲ
220 1454 297 1492 οὐδὲ
317 1448 374 1497 εἷς.
393 1454 479 1507 Ἄρα
498 1449 554 1492 οῧν
583 1454 626 1492 τὰ
653 1458 715 1500 τῆς
745 1453 881 1505 εἰρήνης
902 1452 1103 1503 διώκωμεν,

86 1516 146 1553 καὶ
165 1514 209 1553 τὰ
230 1517 292 1560 τῆς
311 1515 495 1565 οἰκοδομῆς
516 1517 578 1560 τῆς
606 1517 655 1558 εἰς
683 1515 863 1561 ἀλλήλους.
883 1514 998 1551 Τοῦτο
1021 1513 1108 1566 πρὸς

86 1576 232 1623 ἐκεῖνον,
251 1576 307 1613 ἵνα
321 1576 479 1629 εἷρηνεύῃ
494 1592 501 1599 ·
517 1579 619 1614 τοῦτο
635 1575 719 1627 πρὸς
737 1578 874 1622 τοῦτον,
893 1574 950 1612 ἵνα
971 1574 1019 1625 μὴ
1041 1591 1107 1612 κα-

84 1636 194 1687 ταλύῃ
213 1652 270 1674 τον
291 1636 447 1688 ἀδελφόν.
465 1635 556 1674 Ἀλλ’
573 1636 668 1686 ομως
685 1635 783 1674 κοινὰ
799 1636 903 1674 πάλιν
927 1635 1106 1686 ἀμφότερα

84 1700 195 1735 ταῦτα
211 1697 400 1744 πεποίηκεν
421 1697 544 1742 εἴπων,
565 1699 639 1743 Τῆς
659 1699 704 1741 εἷς
721 1698 901 1744 ἀλλήλους,
915 1696 975 1734 καὶ
995 1696 1106 1740 δείξας

84 1756 138 1795 ὅτι
158 1757 267 1809 χωρὶς
287 1757 423 1810 εἰρηνης
443 1760 504 1796 οὐκ
521 1757 658 1796 εὔκολον
680 1759 884 1808 οἰκοδομεῖν
906 1757 1004 1804 Μὴ
991 1756 1103 1795 ε’νεκεν

84 1817 270 1869 βρώματος
289 1818 442 1856 κατάλυε
460 1819 499 1856 τὸ
518 1818 615 1870 ἔργον
636 1823 695 1857 τοῦ
711 1820 803 1857 Θεοῦ
819 1834 826 1842 ·
846 1817 908 1865 τὴν
929 1817 1104 1868 σωτηρίαν

83 1882 143 1916 τοῦ
159 1880 306 1930 ἀδελφοῦ
325 1878 415 1916 οὕτω
437 1881 574 1927 καλῶν,
597 1880 714 1916 ‘'zai'
699 1879 878 1917 επιτείνων
893 1877 950 1917 τὸν
973 1878 1076 1930 ’,9όὲον
1091 1909 1101 1926 ,

83 1938 143 1976 καὶ
163 1939 293 1983 δεικνὺς
307 1939 360 1977 ὅτι
375 1939 570 1977 τούναντίον
587 1934 625 1978 οῧ
646 1938 830 1983 σπουδάζει
845 1945 948 1977 ποιεῖ.
966 1940 1019 1977 Οὐ
1037 1938 1104 1993 γὰρ

83 1999 185 2049 μόνον
201 2003 263 2038 οὐκ
278 2002 481 2050 οἰκοδομεῖς,
503 2001 618 2052 φησὶν,
638 2001 828 2051 ὃνομίζεις,
849 2000 939 2038 ἀλλὰ
959 2000 1018 2038 καὶ
1035 2016 1102 2038 κα-

82 2059 237 2106 ταλύεις,
257 2059 316 2097 καὶ
335 2060 518 2111 οἰκοδομὴν
540 2064 599 2099 οὐκ
618 2061 854 2113 ἀνθρωπίνην,
882 2060 973 2099 ἀλλὰ
995 2062 1100 2108 Θεοῦ,

82 2118 142 2156 καὶ
161 2119 236 2158 οὐδὲ
257 2120 408 2171 μεγάλου
437 2121 527 2165 τινὸς
547 2121 680 2169 ἕνεκεν,
704 2120 794 2159 ἀλλὰ
812 2121 1018 2172 πράγματος
1044 2123 1101 2158 εὖ-

82 2182 199 2223 τελοῧς
215 2196 222 2203 ·
242 2179 388 2219 ἽΞνεκεν
412 2181 477 2233 γὰρ
501 2182 701 2233 βρώματος,
718 2182 834 2234 φησίν.
863 2176 953 2220 Εἰτα
973 2181 1030 2219 ἵνα
1051 2181 1100 2232 μὴ

82 2242 118 2278 αἱ
137 2246 302 2279 τοσαῦται
319 2242 558 2293 συ“αο)ρῆσεις
581 2242 802 2294 βεὸαιώσωσι
819 2241 876 2280 τὸν
894 2242 1101 2281 ἀσθενέστε-

83 2316 137 2354 ρον
166 2303 201 2338 ἐν
220 2305 263 2353 τῇ
283 2310 420 2354 πονηρᾷ
438 2303 630 2355 ὑπολήψει,
651 2303 850 2355 δογματίζει
878 2303 984 2340 πάλιν
1014 2302 1102 2341 οὕτω

80 2361 190 2414 λέγων
207 2377 214 2385 ·
231 2361 357 2400 Πάντα
372 2361 434 2412 μὲν
451 2363 587 2415 καθαρά
603 2378 611 2386 ·
629 2363 718 2401 ἀλλὰ
735 2364 842 2402 κακὸν
860 2366 910 2416 τῷ
929 2363 1102 2417 ἀνθρώπῳ

80 2425 131 2475 τῷ
151 2422 207 2461 διὰ
227 2422 500 2475 προσκόμματος
531 2424 698 2462 ἐσθίοντι·
715 2427 766 2476 τῷ
796 2423 885 2475 μετὰ
912 2425 1104 2470 συνειδότος

81 2486 248 2533 πονηροῦ.
270 2482 382 2520 αΩστε
401 2483 464 2521 κᾶν
494 2485 694 2535 ἀναγκάσῃς
715 2484 775 2522 καὶ
796 2485 886 2536 φάγῃ
897 2515 908 2534 ,
930 2485 969 2523 τὸ
984 2487 1103 2537 ὄφελος

83 2543 179 2581 οὐδέν
194 2559 203 2566 ·
223 2545 260 2580 οὗ
286 2543 354 2595 γὰρ
381 2545 421 2582 τὸ
451 2551 571 2595 φαγεῖν
602 2551 694 2583 ποιεῖ
726 2546 939 2598 ἀκάθαρτον,
972 2548 1048 2584 ἀλλ’
1080 2551 1102 2594 ἡ

83 2603 227 2654 γνώμη,
245 2606 319 2654 μεθ’
347 2599 388 2650 ἧς
414 2604 532 2642 ἐσθίει.
549 2603 608 2642 Ἂν
634 2605 746 2644 τοίνυν
774 2606 908 2652 ἐκείνην
936 2606 984 2656 μὴ
1011 2608 1103 2660 διορ-

86 2662 200 2714 θώσῃ,
220 2663 335 2701 πάντα
365 2666 440 2714 εἰκῇ
463 2665 678 2712 πεποίηκας,
699 2666 758 2703 καὶ
776 2667 906 2716 μᾶλλον
926 2666 1078 2718 ἔὸλαψας
1095 2682 1103 2690 ·

83 2726 122 2762 οὗ
135 2724 201 2776 γάρ
214 2727 305 2762 ἐστιν
319 2724 390 2762 ἴσον
405 2724 555 2774 νομίζειν
571 2725 763 2778 ἀκάθαρτόν
779 2742 825 2773 τι,
845 2725 904 2763 καὶ
921 2727 1105 2776 νομίζοντα

83 2785 279 2838 ἀκάθαρτον
307 2778 420 2835 εἶναι,
445 2786 685 2836 ἀπογεύεσθαι.
712 2786 781 2824 Δύο
811 2786 924 2824 τοίνυν
955 2788 1104 2826 ἐνταῦθα

83 2843 306 2894 ἁμαρτάνεις,
316 2844 405 2881 καὶτ
408 2860 450 2890 Γ,ν
466 2845 556 2895 πρόλ
548 2847 662 2896 ηζκιν
650 2845 830 2883 ἐπιτείνων
842 2848 884 2896 τῇ
897 2845 1101 2898 νριλονεικίοιι,

81 2904 142 2942 καὶ
164 2904 360 2980 ἀκαθάρτου
384 2907 493 2942 ποιῶν
513 2907 619 2957 ἀπογε
607 2905 765 2943 ευεσθαι·
782 2904 871 2943 ὥστε
890 2905 955 2950 ἕως
983 2905 1022 2943 ἂν
1055 2906 1102 2956 μὴ

81 2964 226 3016 πείσῃς,
251 2965 299 3015 μὴ
322 2965 532 3017 ἀναγκάσῃς.
563 2965 676 3003 Καλὸν
708 2966 748 3003 τὸ
776 2965 823 3016 μὴ
855 2972 977 3018 φαγεῖν
997 2967 1104 3018 κρέα,

84 3025 171 3073 μηδε
185 3031 275 3063 πιεῖν
287 3029 388 3073 οἶνον,
403 3026 491 3076 μηδε
509 3027 543 3064 ἐν
559 3029 586 3078 ᾡ
603 3029 620 3064 ὃ
641 3027 732 3064 ἀδελ
724 3025 783 3078 ιός
803 3042 863 3064 σου
884 3027 1104 3072 σκανδαλίζε-

84 3099 142 3122 ται
161 3085 409 3139 ἢπροσκόπτει
427 3085 449 3132 ἢ
472 3089 618 3124 ἀσθενεῖ.
635 3086 750 3124 Πάλιν
764 3087 803 3124 τὸ
825 3086 928 3125 πλεον
946 3088 1104 3133 ἀπαιτεῖ,

84 3144 174 3184 ὥστε
193 3147 242 3198 μὴ
259 3147 363 3198 μόνον
383 3146 431 3198 μὴ
451 3147 670 3197 ἀναγκάζειν,
686 3147 776 3186 ἀλλὰ
791 3147 850 3185 καὶ
870 3148 1106 3199 συγκαταὸαί-

84 3228 154 3250 νειν
171 3215 277 3266 αὐτῷ.
299 3214 369 3252 Καὶ
386 3213 453 3266 γὰρ
479 3214 538 3251 καὶ
556 3214 656 3257 αὐτὸς
684 3215 769 3253 αὐτὸ
787 3216 966 3267 πολλαχοῦ
988 3215 1106 3261 ἐποίη-

87 3293 143 3316 σεν
162 3294 169 3302 ·
189 3281 235 3322 ὡς
252 3279 308 3317 ὅτε
324 3280 545 3331 περιέτεμεν,
564 3282 609 3324 ὡς
625 3280 680 3318 ὅτε
697 3280 856 3333 ἐξυρᾶτο,
873 3284 919 3324 ὡς
949 3281 1006 3319 ὅτε
1032 3281 1107 3319 ἔθυε

133 3391 149 3415 ‘l
174 3391 266 3423 Unus
282 3390 396 3423 Codex
413 3397 461 3426 καὶ
477 3399 530 3431 τὴν
545 3398 644 3435 χαρὰν
660 3397 776 3431 ἠδίκησε
793 3397 892 3427 πλέον.

130 3451 144 3466 ²
172 3445 262 3476 Unus
280 3443 393 3476 Codtx
411 3447 460 3480 [A.
481 3452 511 3476 et
530 3456 634 3488 marg.
653 3444 739 3478 Saxi!
759 3446 830 3487 ]ν.αὶ
843 3449 932 3481 mlh
949 3451 1098 3480 ἐπιτείωνν

1181 849 1281 901 pejus
1300 857 1366 897 est,
1394 848 1485 886 alius
1510 847 1677 895 servavit,
1710 856 1743 884 et
1774 855 1813 884 tu
1832 847 1962 897 injuria
1981 847 2093 885 afficis
2127 856 2161 885 et

1182 909 1313 959 qerdis.
1332 910 1423 946 Cum
1442 917 1560 945 autem
1577 907 1665 955 haec,
1688 920 1813 958 nempe
1843 907 1957 956 cibus,
1979 916 2011 944 et
2027 921 2065 944 ea
2082 921 2160 957 quae

1180 969 1326 1007 videtur
1345 983 1417 1007 esse
1434 968 1614 1020 perfectio,
1644 967 1680 1004 in
1704 981 1852 1018 regnum
1876 981 1946 1004 non
1974 966 2158 1017 inducant,

1180 1028 1351 1066 inducant
1364 1038 1482 1065 autem
1501 1028 1563 1064 illa
1582 1041 1660 1077 quae
1678 1027 1751 1063 haec
1767 1027 1979 1064 subvertunt
1994 1042 2001 1062 :
2014 1041 2161 1077 quomo-

1179 1088 1225 1126 do
1253 1102 1323 1126 non
1343 1096 1502 1140 oporteat
1533 1087 1675 1124 modica
1699 1095 1933 1133 contemnere,
1960 1095 1998 1123 ut
2028 1087 2162 1137 majora

1178 1151 1391 1188 firmentur?
1412 1149 1549 1187 Deinde
1560 1149 1729 1200 quoniam
1759 1147 1952 1199 increpatio
1967 1147 2028 1184 illa
2045 1161 2090 1185 ex
2102 1161 2164 1185 va-

1180 1225 1224 1249 na
1250 1211 1363 1263 gloria
1393 1211 1522 1249 sensim
1543 1210 1806 1255 suboriebatur,
1831 1208 1906 1246 haec
1921 1207 2044 1260 adjicit
2064 1224 2072 1244 :
2095 1208 2159 1246 18.

1185 1273 1260 1323 Qui
1277 1275 1379 1311 enim
1396 1275 1437 1309 in
1453 1273 1513 1309 his
1536 1273 1652 1309 servit
1681 1271 1847 1317 Christo,
1864 1269 1993 1321 placet
2008 1270 2107 1315 Deo,
2124 1278 2165 1307 ‘et

1177 1336 1361 1385 probatus
1379 1342 1434 1371 est
1462 1335 1696 1371 hominibus.
1714 1333 1793 1369 Non
1810 1331 1903 1368 enim
1923 1330 1973 1368 sic
1990 1339 2025 1368 te
2048 1330 2163 1368 mira-

1178 1394 1315 1432 buntur
1337 1408 1456 1433 omnes
1487 1402 1632 1445 propter
1661 1392 1929 1444 perfectionem,
1954 1400 1993 1428 ut
2019 1400 2164 1443 propter

1178 1469 1301 1506 pacem
1320 1463 1353 1492 et
1373 1453 1608 1491 concordiam.
1645 1453 1720 1490 Hoc
1754 1452 1886 1504 quippe
1913 1451 2006 1489 bono
2042 1465 2162 1489 omnes

1179 1515 1431 1562 f1·uentur,·illo
1452 1514 1585 1551 nullus.
1605 1514 1666 1551 19.
1680 1516 1818 1564 Itaque
1833 1526 1916 1562 quoe
1929 1515 2038 1564 pacis
2053 1522 2159 1559 sunt,

1178 1585 1386 1621 sectemur;
1401 1584 1437 1613 εἰ
1452 1589 1537 1627 quoe
1553 1574 1820 1627 aedificationis
1834 1582 1936 1619 sunt,
1949 1581 2080 1611 mutuo
2095 1588 2162 1612 cu-

1178 1638 1403 1676 stodiamus.
1419 1637 1496 1674 Hoc
1518 1635 1566 1673 ad
1585 1635 1701 1682 illum,
1723 1649 1848 1685 nempe
1866 1634 2062 1683 infirmum,
2083 1649 2162 1686 per-

1179 1697 1279 1744 tinet,
1299 1706 1338 1734 ut
1357 1698 1392 1734 in
1413 1710 1498 1748 pace
1517 1696 1561 1734 sit
1569 1711 1579 1744 ;
1611 1694 1708 1732 aliud
1731 1695 1778 1733 ad
1804 1695 1998 1744 fortiorem,
2015 1710 2058 1733 ne
2084 1696 2160 1733 fra—

1178 1766 1267 1795 trem
1282 1772 1386 1795 suum
1399 1757 1552 1810 dejiciat.
1573 1759 1737 1795 Attamen
1760 1756 1821 1793 illa
1839 1755 1984 1808 utrique
2002 1770 2163 1794 commu-

1179 1818 1237 1856 nia
1257 1818 1429 1865 reddidit,
1448 1832 1530 1855 cum
1549 1816 1657 1866 dixit,
1682 1819 1731 1854 In
1744 1819 1921 1863 invicem,
1941 1817 2163 1868 ostenditque

1179 1878 1253 1916 sine
1283 1892 1368 1930 pace
1406 1892 1476 1915 non
1503 1877 1605 1915 facile
1627 1876 1796 1914 aedificari
1823 1890 1938 1927 posse.
1967 1878 2038 1916 3220.
2070 1879 2164 1916 Noli

1175 1949 1329 1992 propter
1342 1953 1470 1978 escam
1486 1940 1679 1976 destruere
1693 1952 1786 1989 opus
1799 1939 1876 1975 Dei
1890 1954 1904 1982 ,-
1925 1938 2073 1976 salutem
2096 1940 2163 1976 fra-

1177 2001 1242 2039 tris
1261 2002 1311 2039 sic
1340 2015 1482 2049 vocans,
1514 2009 1547 2038 et
1576 1999 1739 2037 timorem
1756 2012 1888 2050 augens
1907 1999 2164 2050 ostendensque

1176 2061 1279 2100 illum
1311 2071 1432 2100 contra
1464 2070 1628 2099 conatum
1660 2074 1766 2098 suum
1787 2060 1912 2098 facere.
1934 2062 2012 2098 Non
2047 2061 2164 2100 solum

1174 2124 1278 2170 enim,
1288 2123 1418 2174 inquit,
1430 2136 1498 2160 non
1515 2122 1668 2160 aedificas
1680 2120 1775 2171 quod
1791 2131 1906 2173 putas,
1923 2121 1984 2159 sed
1997 2120 2163 2171 destruis,

1174 2198 1244 2221 non
1263 2183 1433 2230 hominis,
1465 2182 1527 2221 sed
1549 2182 1615 2220 Dei
1649 2181 1856 2230 aedificium,
1881 2196 1994 2231 neque
2026 2196 2164 2233 magnae

1173 2245 1362 2297 cujusdam
1380 2245 1430 2282 rei
1450 2258 1570 2291 causa,
1591 2243 1654 2281 sed
1670 2243 1754 2281 vili-s
1773 2243 1823 2280 rei
1850 2243 1985 2293 gratia3
2002 2245 2167 2295 Propter·

1174 2321 1316 2356 escam,
1356 2305 1486 2356 inquit.
1528 2304 1667 2342 Deinde
1701 2318 1744 2342 ne
1771 2318 1816 2342 ex
1845 2304 1907 2341 tali
1944 2304 2166 2356 indulgentia

1175 2367 1352 2405 infirmior
1368 2367 1404 2404 in
1418 2367 1512 2403 mala
1533 2365 1779 2417 sua'opinione
1803 2365 2021 2415 firmaretur,
2042 2380 2166 2404 rursus

1174 2428 1276 2470 docet
1295 2428 1398 2465 illum
1410 2428 1466 2465 his
1483 2426 1603 2465 verbis
1626 2441 1634 2463 :
1654 2428 1796 2464 Omnia
1822 2427 1976 2478 quidem
1990 2427 2164 2472 munda;

1176 2493 1245 2530 sed
1258 2493 1405 2529 malum
1421 2500 1477 2529 est
1502 2492 1664 2538 homini,
1693 2492 1760 2540 qui
1780 2503 1848 2540 per
1880 2490 2166 2540 offendiculum

1179 2553 1393 2590 manducat
1412 2568 1423 2588 .·
1451 2551 1514 2601 qui
1536 2563 1660 2601 nempe
1697 2563 1778 2586 cum
1811 2549 2022 2587 conscientia
2057 2550 2162 2587 mala.

1177 2619 1300 2669 Itaque
1320 2618 1458 2656 etiamsi
1488 2615 1643 2668 coegeris
1679 2624 1713 2652 et
1742 2615 1803 2652 ille
1829 2615 2035 2665 comederit,
2072 2616 2166 2654 nihil

1175 2683 1261 2721 hinc
1278 2683 1443 2721 utilitatis
1465 2698 1473 2719 ε
1491 2696 1561 2720 non
1580 2681 1674 2718 enim
1696 2681 1925 2719 immundum
1945 2682 2045 2719 cibus
2063 2682 2161 2731 facit,

1176 2751 1238 2789 sed
1266 2750 1489 2802 propositum
1516 2763 1585 2799 quo
1605 2748 1813 2786 comeditur.
1841 2749 1917 2786 Nisi
1943 2748 2054 2799 igitur
2072 2748 2165 2786 illud

1177 2817 1384 2865 correxeris,
1418 2817 1549 2854 frustra
1582 2815 1700 2853 omnia
1727 2815 1855 2862 fecisti,
1894 2815 2077 2866 magisque
2102 2829 2164 2853 110-

1177 2883 1279 2922 cuisti
1300 2899 1308 2920 :
1327 2897 1438 2934 neque
1455 2882 1548 2920 enim
1564 2897 1629 2934 par
1661 2891 1711 2920 est
1733 2881 1916 2933 quidpiam
1936 2881 2164 2920 immundum

1176 2958 1315 3002 putare,
1349 2958 1383 2987 et
1411 2948 1638 2987 immundum
1672 2962 1744 2985 esse
1762 2957 1945 3000 putantem
1964 2947 2162 2998 degustare.

1177 3016 1382 3069 Dupliciter
1400 3015 1511 3067 igitur
1538 3015 1598 3052 hic
1618 3029 1756 3067 peccas,
1787 3014 1874 3052 dum
1893 3023 1925 3051 et
1943 3013 2164 3052 contentione

1177 3082 1425 3135 praejudicium
1441 3096 1559 3133 auges,
1580 3090 1613 3119 et
1628 3081 1809 3132 impurum
1841 3079 2022 3118 comedere
2036 3080 2132 3131 cogis
2152 3097 2161 3117 :

1178 3148 1289 3200 igitur
1308 3163 1350 3186 ne
1370 3160 1485 3198 cogas,
1497 3147 1608 3185 donec
1624 3147 1677 3184 illi
1690 3147 1917 3199 persuaseris.
1931 3149 1993 3184 91.
2010 3148 2164 3185 Bonum

1180 3224 1235 3253 est
1267 3229 1343 3252 non
1373 3216 1570 3253 comedere
1597 3227 1747 3259 carnes,
1779 3227 1850 3251 nec
1875 3215 1998 3250 bibere
2012 3216 2162 3261 vinum,

1182 3295 1303 3333 neque
1318 3281 1518 3332 quidpiam
1533 3282 1574 3317 in
1589 3280 1803 3331 quosrater
1816 3287 1901 3317 tuus
1919 3279 2163 3318 scandaliza.-

1162 3400 1211 3429 τὸν
1229 3398 1326 3440 ‚taffo-1.
1348 3394 1390 3425 Et
1406 3392 1504 3436 paulo
1522 3399 1597 3435 post
1615 3396 1697 3437 φησὶν
1714 3395 1744 3425 ὃν
1762 3397 1899 3434 νομίζεις.
