2466 3805
672 279 714 308 {N
751 277 866 308 ACTA
905 274 1255 319 APOSTOLORUM3

80 375 138 399 νυν
157 358 296 410 ὕστερον
320 358 421 396 αὐτὸν
445 374 512 396 των
535 358 649 396 ἄλλων
679 359 808 406 ἐλθεῖν,
837 359 966 409 μᾶλλον
996 356 1096 395 αὐτὸν

80 419 332 472 προθυμότερον
356 419 474 457 ἐποίει.
496 418 669 471 Καὶὲργι)
692 389 916 472 ἐπληρ,ουτο’
902 424 1010 457 εκεῖνο
1039 417 1098 465 τὸ,

78 475 129 533 (ῼ
148 479 285 531 ἀφίεται
300 479 409 526 πολυ,
428 481 557 530 μᾶλλον
574 480 762 531 ἀγαπήσει,
776 478 926 517 ‘'‘sscte'
905 495 975 530 οσι)
991 479 1098 529 ἔσχα-

79 555 137 577 τον
167 543 268 587 ἠλθε,
288 540 441 578 τοσούτω
462 543 595 592 μᾶ)λον
616 540 809 591 ἠγάπησεν.
831 540 898 578 Διὰ
913 555 1012 577 τουτο
1040 554 1099 577 και

79 599 137 638 τὸν
162 600 328 652 πρότερον
358 600 430 652 βίον
460 604 581 639 ἑαυτοῦ
614 601 838 649 στηλιτεύων,
855 602 914 638 καὶ
932 599 1100 642 πολλάκις

79 661 196 698 ἑαυτὸν
219 660 355 709 στίζων,
376 662 470 700 οὐδὲν
488 666 606 712 ἡγεῖτο
632 663 746 700 ἱκανὸν
769 655 854 699 εἶναι
874 661 960 714 πρὸς
987 662 1026 699 τὸ
1054 660 1099 698 τὰ

79 721 232 774 πρότερα
268 723 478 774 ἀποκρύψαι.
510 722 764 773 Συμὸιὲάζων,
792 722 894 774 φησὶ,
920 721 1099 768 τουτέστι,

81 784 156 832 μετ’
174 782 359 826 ἐπιεικείας
386 784 571 822 διδάσκων.
600 784 670 822 Καὶ
689 783 773 835 ὅρα,
793 786 830 820 οὗ
857 782 1012 832 λέγουσιν
1034 782 1099 818 αὖ-

80 845 148 894 τῷ,
168 844 219 880 ὅτι
237 842 277 881 σὺ
300 839 329 881 εἷ
345 847 361 881 ὃ
381 848 534 896 πορθῶν·
561 845 595 882 τί
613 844 893 895 μεταδέὸλησαι,
909 841 1101 893 ’ᾐσχύνοντο

80 904 148 956 γάρ
161 920 168 927 ·
190 904 279 942 ἀλλὰ
297 905 381 958 πρὸς
408 905 547 947 ἑαυτοὺς
575 905 702 956 ἔλεγον.
721 899 810 943 Eius
832 903 899 955 γὰρ
922 902 961 938 ἂν
981 903 1100 952 πολλῷ

81 965 311 1016 δικαιότερον,
327 966 379 1002 ὅτι
400 970 499 1004 τοῦτο
520 965 673 1015 μάλιστα
688 967 778 1014 ὑμᾶς
795 963 928 1015 διδάξαι
951 961 1098 1012 ὀφείλει,

82 1025 157 1063 ἕπει
176 1041 234 1063 και
254 1041 339 1077 προς
365 1025 555 1077 Ἀγρίππαν
576 1024 681 1068 οὕτως
708 1025 946 1074 ἀπολογεῖται.
967 1024 1040 1060 Γ
1003 1037 1099 1059 ουτον

82 1085 289 1135 μιμώμεθα,
311 1087 526 1136 παρακαλῶ,
543 1100 601 1122 και
621 1088 739 1135 ἡμεῖς,
760 1084 818 1121 καὶ
854 1082 940 1134 πρὸς
968 1081 1100 1125 πάντας

80 1149 174 1195 ὠμεν
207 1145 379 1188 κινδύνους
401 1144 714 1196 παρατεταγμένοι.
735 1143 831 1181 “Kal
863 1160 936 1186 πως
924 1174 956 1190 ,
974 1159 1099 1194 φησιν,

79 1209 207 1250 ἐκεῖνος
219 1206 355 1258 φεύγει·
383 1209 458 1244 Ουκ
475 1211 517 1253 ἠν
538 1206 665 1249 δειλίας
681 1223 719 1244 το
738 1212 904 1258 πρᾶγμα,
924 1206 1000 1243 ἀλλ’
1017 1204 1101 1256 ἐφύ-

79 1267 237 1304 λαττεν
224 1268 345 1305 εαυτὸν
361 1271 409 1305 τῶ
425 1267 635 1318 κηρύγματι.
671 1269 701 1304 Ξῖ
721 1267 860 1309 δειλὸς
843 1282 900 1312 ην,
920 1267 982 1304 οὐκ
999 1265 1038 1302 ἂν
1055 1267 1101 1308 εἰς

79 1326 124 1365 τὰ
149 1327 376 1379 Ἱεροσόλυμα
403 1331 517 1375 ἠλθεν,
538 1331 599 1366 οὐκ
626 1328 664 1365 ἂν
686 1328 809 1371 εὐθέως
836 1326 1016 1371 ἀνεδέξατο
1038 1326 1100 1374 τὴν

81 1389 327 1426 διδασκαλίαν·
357 1392 550 1441 καθυφῆκεν
581 1388 621 1425 ἂν
641 1392 703 1435 τῆς
737 1388 978 1440 σφοδρότητος.
1008 1388 1102 1426 Ἀλλ’

81 1450 143 1486 οὐκ
162 1443 203 1494 ἦν
227 1450 353 1496 δειλὸς,
384 1449 474 1488 ἀλλὰ
500 1449 560 1487 καὶ
576 1449 800 1499 οἰκονομικός.
819 1448 1030 1496 Ἐπαιδεύθη
1051 1452 1100 1502 τῷ

81 1509 256 1546 πάθειτοῦ
273 1509 465 1561 Στεφάνου.
493 1509 555 1547 Διὸ
580 1509 674 1547 οὐδὲν
692 1509 779 1561 μέγα
803 1514 920 1562 ἡγεῖτο
943 1510 982 1547 τὸ
1008 1513 1100 1547 ἀπο-

82 1573 193 1608 θανεῖν
213 1572 299 1622 ὑπὲρ
313 1575 371 1608 τοῦ
394 1571 635 1624 κηρύγματος,
654 1573 684 1609 εἰ
706 1571 752 1621 μὴ
783 1571 870 1621 μετὰ
889 1572 1018 1610 πολλοῦ
1040 1574 1100 1609 τοῦ

81 1629 221 1681 κέρδους
244 1637 342 1670 τοῦτο
359 1631 544 1684 ἐργάσαιτο
559 1662 568 1679 ,
589 1631 766 1683 ἅνθρωπος
785 1632 859 1669 οὐδὲ
879 1632 935 1669 τὸν
951 1632 1100 1683 Χριστὸν

82 1692 164 1729 ἰδεῖν
184 1692 304 1739 θέλων,
316 1693 352 1730 ὃν
365 1694 517 1743 μάλιστα
535 1693 674 1730 πάντων
688 1692 850 1730 ἔσπευδεν
864 1694 945 1730 ἰδεῖν
957 1723 966 1739 ,
982 1693 1100 1739 ἐπειδὴ

83 1751 214 1790 οὐδέπω
238 1753 430 1805 ἀπήρτιστο
449 1755 542 1804 αὐτῷ
571 1752 615 1791 τὰ
644 1757 704 1799 τῆς
730 1755 776 1796 εἷς
808 1752 885 1797 τοὺς
904 1752 1104 1804 ἀνθρώπους

83 1813 290 1863 οἰκονομίας.
310 1813 483 1861 Τοιαύτην
505 1808 591 1852 εἶναι
611 1814 680 1867 χρὴ
703 1814 765 1860 τὴν
788 1814 903 1867 ψυχὴν
936 1818 994 1852 τοῦ
1017 1815 1104 1866 Χρι-

84 1877 236 1912 στιανοῧ.

136 1933 243 1972 Ἀπὸ
233 1934 436 2011 προοιμίων,
453 1953 511 1975 και
530 1937 598 1974 ἀπὸ
614 1937 776 1987 βαλὲῖδος
791 1938 896 1984 αὐτῆς
908 1935 1105 1974 ι’ἐδείκνυτο

82 1997 100 2031 ὅ
119 1996 303 2048 χαρακτὴρ
331 1997 490 2035 Παύλου·
513 2000 642 2048 μαλλον
668 1997 703 2036 δὲ
723 2013 782 2035 και
801 2013 868 2050 προ
891 1997 1024 2036 τούτου.
1040 2000 1102 2036 Ἐν

82 2059 131 2099 οἷς
152 2072 217 2108 γαρ
244 2060 281 2094 οὐ
303 2057 394 2095 κατὰ
412 2073 537 2109 γνωσιν
560 2058 689 2105 εποίει,
717 2057 921 2110 ἀνθρωπίνῳ
944 2058 1103 2109 κινούμε-

82 2132 135 2159 νος
156 2119 353 2169 λογισμῳ
335 2118 570 2168 οιεπράττετο
589 2120 659 2156 Εἰ
649 2118 715 2170 γὰρ
737 2118 824 2168 μετὰ
841 2123 1001 2157 τοσοῦτον
1016 2119 1100 2172 χρό-

80 2192 136 2214 νον
154 2180 216 2215 οὐκ
234 2179 353 2224 ἤθελεν
374 2181 563 2217 ἀναλῦσαι·
579 2181 697 2231 πολλῷ
715 2181 845 2230 μᾶλλον
863 2182 897 2216 ἐν
920 2182 1011 2232 ἀρχῇ
1039 2184 1101 2227 τῆς

80 2239 268 2290 ἐμπορίας,
286 2240 365 2291 ἄρτι
384 2242 453 2277 τῶν
473 2239 621 2290 λιμένων
649 2239 804 2283 ἐξελθών,
837 2241 914 2277 Οὔκ
946 2240 1100 2291 ἐξαρπά-

80 2300 129 2341 ζει
146 2299 180 2337 δὲ
202 2300 301 2337 αὐτὸν
337 2304 353 2338 ὅ
382 2300 530 2351 Χριστὸς
548 2305 607 2337 τοῦ
638 2299 812 2347 κινδύνου,
840 2301 915 2337 ἀλλ’
934 2300 1075 2352 ἀφίησιν
1091 2316 1099 2324 ·

78 2360 196 2405 επειδὴ
219 2360 377 2411 βούλεται
402 2362 460 2399 καὶ
479 2361 676 2413 ἀνθρωπίνη
705 2361 838 2399 συνέσει
871 2362 984 2400 πολλὰ
1004 2362 1099 2413 γίνε-

77 2422 166 2458 σθαι.
187 2419 354 2465 Ἄλλωςδ

77 2480 252 2533 ἄνθρωποι
270 2486 371 2531 ἦσαν,
391 2483 449 2521 καὶ
475 2500 527 2521 Οτι
547 2500 584 2522 0¹)
603 2499 782 2535 πανταχοῦ
803 2501 843 2523 ’ἳο
866 2502 935 2524 παν
955 2490 976 2533 ἡ
996 2503 1100 2539 χαρῑς

356 2421 529 2474 Ξάφίησῑν
542 2450 552 2467 ,
576 2421 632 2459 ἳνα
649 2422 836 2472 μαθῡ)υ.,εν
853 2423 905 2462 01τί
925 2425 984 2463 καὶ
1004 2425 1099 2463 αυτοὶ

78 2541 230 2593 εντ’ργει·
259 2543 333 2581 ἐπει
351 2546 380 2582 εἷ
400 2544 447 2594 μὴ
469 2560 570 2583 τουτο
589 2539 649 2591 ἦν,
676 2544 758 2588 ξύλα
778 2546 897 2589 ἁπλῶς
916 2548 1097 2597 ἐνομίσθη-

1296 272 1458 302 HOMIL.
1495 274 1575 303 xx.
2069 275 2151 320 ¹77

1172 367 1321 392 crucem
1339 367 1464 400 suam,
1488 362 1524 391 et
1544 360 1730 405 sequatur
1746 364 1816 389 me.
1840 350 1947 398 Quod
1965 364 2048 403 ergo
2078 362 2157 404 post

1172 415 1258 452 alios
1284 414 1458 462 venisset,
1477 415 1545 452 hoc
1573 414 1677 452 illum
1695 412 1944 452 ferventiorem
1972 412 2156 452 reddebat.

1172 477 1220 514 Et
1236 491 1339 528 opere
1355 476 1447 514 illud
1463 476 1680 528 implebatur
1697 491 1704 511 :
1725 477 1798 514 Cui
1813 476 1977 513 multum
1994 477 2158 514 dimitti-
2172 486 2245 514 Luc.
2262 495 2291 524 7.
2305 487 2359 525 47.

1173 546 1248 584 tur,
1268 540 1301 575 is
1310 538 1398 589 plus
1419 539 1566 589 diliget.
1585 539 1706 588 Itaque
1724 545 1856 587 quanto
1881 537 2019 574 tardius
2038 537 2158 586 venit,

1124 611 1147 640 c
1172 606 1269 635 tanto
1296 598 1377 649 plus
1396 599 1541 637 amavit.
1572 598 1723 649 Ideoque
1748 598 1901 649 priorem
1927 599 2038 635 vitam
2058 613 2161 636 suam

1173 666 1291 709 aperte
1319 658 1508 707 damnans,
1535 672 1676 708 seseque
1703 667 1846 705 notans,
1869 657 1961 694 nihil
1983 658 2068 696 satis
2088 672 2161 697 esse

1171 719 1336 770 putabat,
1357 728 1396 756 ut
1422 718 1542 769 priora
1561 727 1704 769 tegeret.
1732 719 1994 771 Confirmatis,
2023 719 2139 770 inquit
2148 736 2158 770 ;

1172 776 1211 814 id
1229 786 1294 827 est,
1317 791 1399 814 cum
1427 778 1696 815 mansuetudine
1724 777 1864 815 docens.
1896 778 1944 815 Et
1964 778 2047 817 vide
2065 795 2072 815 ε
2090 794 2160 818 non

1171 837 1294 874 dicunt
1309 838 1340 874 ei
1358 838 1435 874 :Tu
1454 851 1490 874 es
1509 838 1571 887 qui
1589 838 1798 875 devastabas
1809 853 1819 885 3
1839 851 1902 875 cur
1920 848 2076 876 mutatus
2096 854 2131 878 es
2143 841 2161 878 Ξ)

1172 898 1426 935 erubescebant
1453 897 1548 934 enim
1559 913 1570 947 3
1593 898 1654 935 sed
1674 899 1764 935 inter
1786 912 1822 935 se
1839 898 2015 936 dicebant.
2036 901 2161 939 Dixis-

1173 966 1225 994 set
1253 958 1348 995 enim
1376 958 1490 995 multo
1517 959 1673 1010 justius,
1696 959 1771 995 Hoc
1799 973 1863 997 vos
1897 960 2010 1009 magis
2039 961 2163 1000 docere

1172 1027 1420 1069 oportet:nam
1437 1019 1534 1070 apud
1551 1019 1749 1071 Agrippam
1765 1018 1815 1056 ita
1837 1019 2008 1057 rationem
2029 1021 2158 1060 reddit.

1173 1078 1277 1116 Hune
1304 1078 1484 1116 imitemur
1503 1088 1535 1116 et
1555 1093 1629 1128 nos,
1650 1094 1783 1130 quaeso,
1799 1088 1831 1117 et
1847 1079 1895 1117 ad
1912 1081 2032 1118 omnia
2051 1081 2164 1120 simus

1172 1139 1332 1190 pericula
1359 1139 1533 1177 instructi.
1551 1140 1600 1177 Et
1621 1140 1813 1190 quomodo,
1844 1140 1983 1191 inquies
1996 1171 2007 1191 ,
2028 1141 2088 1179 ille
2108 1143 2163 1180 fu-

1174 1199 1253 1249 git?
1271 1201 1350 1238 Non
1370 1214 1414 1238 ex
1433 1199 1639 1251 timiditate,
1663 1200 1724 1238 sed
1750 1215 1785 1239 se
1808 1201 1851 1238 ad
1873 1202 2165 1253 praedicationem

1125 1264 1150 1293 D
1174 1260 1348 1298 servabat.
1372 1261 1411 1300 Si
1444 1261 1594 1299 timidus
1628 1261 1766 1312 fuisset,
1799 1276 1868 1299 non
1903 1263 2163 1315 Jerosolymam

1173 1321 1340 1372 venisset,
1377 1336 1446 1360 non
1481 1323 1601 1360 statim
1635 1323 1835 1361 doctrinam
1869 1324 2097 1375 suscepisset3
2119 1339 2164 1363 ex

1173 1382 1395 1421 vehementia
1411 1384 1552 1434 aliquid
1571 1384 1916 1424 re1nisisset.Ve1·um
1935 1399 2003 1422 non
2025 1395 2099 1423 erat
2120 1386 2165 1423 ti-

1173 1443 1307 1494 midus,
1327 1444 1388 1481 sed
1407 1444 1579 1496 prudens,
1599 1446 1771 1497 Stephani
1791 1445 1886 1483 caede
1902 1446 2057 1484 edoctus.
2078 1446 2164 1484 Ideo

1173 1504 1266 1542 nihil
1280 1519 1451 1556 magnum
1466 1506 1615 1556 putabat
1632 1519 1705 1543 esse
1718 1520 1782 1558 pro
1796 1505 2046 1558 praedicatione
2059 1507 2164 1557 mori,

1173 1564 1242 1602 nisi
1262 1579 1342 1602 cum
1362 1578 1491 1616 magno
1519 1566 1619 1603 lucro
1649 1566 1687 1603 id
1718 1566 1819 1604 fieret
1836 1566 1965 1604 :homo
1987 1581 2030 1605 ne
2059 1567 2163 1605 Chri-

1174 1635 1269 1663 stum
1281 1626 1425 1676 quidem
1436 1626 1558 1665 videre
1572 1627 1708 1675 volens,
1721 1641 1827 1678 quem
1838 1627 1992 1665 maxime
2004 1629 2163 1666 omnium

1174 1686 1295 1724 videre
1309 1687 1492 1739 cupiebat,
1508 1688 1677 1737 quoniam
1694 1687 1854 1726 nondum
1874 1703 1979 1726 suum
1999 1703 2082 1740 erga
2097 1689 2164 1726 ho-

1175 1747 1286 1785 mines
1302 1748 1545 1785 ministerium
1570 1749 1757 1800 impletum
1774 1759 1860 1788 erat.
1883 1751 2007 1788 Talem
2027 1760 2164 1802 oportet

1175 1821 1248 1846 esse
1273 1809 1468 1847 Christiani
1493 1809 1658 1846 animam.

1227 1933 1267 1969 4.
1292 1932 1349 1969 Ab
1368 1931 1470 1970 initio
1497 1941 1530 1969 et
1548 1932 1593 1969 ab
1613 1932 1690 1984 ipso
1717 1947 1841 1971 cursus
1871 1933 2048 1986 principio
2080 1935 2163 1973 cha-

1126 1997 1150 2027 E
1175 2002 1288 2030 ractei
1318 1993 1422 2030 Pauli
1457 1992 1705 2031 declaiabatur
1730 2010 1738 2030 ε
1765 1994 1838 2031 imo
1871 2003 1904 2032 et
1935 2005 2060 2033 antea:
2081 2010 2163 2034 nam

1174 2053 1209 2090 in
1233 2054 1277 2091 iis
1304 2054 1425 2104 etiam,
1457 2068 1534 2104 quae
1569 2068 1639 2092 non
1671 2055 1866 2093 seeundum
1897 2057 2081 2095 scientiam
2109 2059 2163 2096 fa-

1174 2113 1301 2161 ciebat,
1326 2114 1482 2151 humano
1511 2123 1628 2152 motus
1665 2115 1851 2153 ratiocinio
1880 2131 1917 2154 se
1949 2119 2102 2168 gerebat.
2123 2119 2163 2157 Si

1172 2174 1267 2212 enim
1294 2184 1373 2226 post
1392 2184 1530 2212 tantum
1548 2185 1689 2227 tempus
1718 2190 1789 2214 non
1818 2179 1985 2229 cupiebat
2014 2180 2160 2230 resolvi,

1173 2236 1287 2273 multo
1322 2236 1435 2286 magis
1463 2236 1564 2274 initio
1596 2237 1858 2288 negotiationis,
1877 2253 1990 2291 nuper
2017 2254 2035 2277 0
2057 2250 2163 2292 portu

1172 2310 1342 2348 egressus.
1358 2298 1437 2335 Non
1457 2297 1562 2350 eripit
1578 2307 1699 2335 autem
1718 2299 1822 2337 illum
1839 2300 2001 2339 Christus
2023 2316 2042 2338 a
2071 2301 2164 2354 peri-

1173 2358 1268 2406 culo,
1297 2356 1358 2395 sed
1377 2357 1551 2395 dimittit:
1570 2358 1654 2408 quia
1681 2359 1760 2397 vult
1786 2360 1899 2397 multa
1929 2375 1976 2398 ex
2005 2361 2163 2400 humana

1171 2417 1366 2470 prudentia
1396 2418 1486 2456 fieri.
1519 2418 1690 2469 Alioquin
1723 2419 1889 2471 dimittit,
1913 2431 1952 2459 ut
1980 2421 2161 2460 discamus

1170 2479 1266 2545 ipsos
1288 2479 1395 2517 etiam
1412 2479 1574 2517 homines
1605 2480 1726 2531 fuisse,
1751 2495 1862 2531 neque
1882 2497 2019 2534 semper
2041 2483 2160 2521 omnia

1172 2539 1324 2590 glatiam
1344 2540 1495 2591 οΡ01··.311
1524 2540 1603 2577 Ν151
1629 2542 1724 2577 0111111
1757 2541 1823 2578 hoc
1843 2552 1954 2592 esset,
1974 2543 2070 2594 ligna
2087 2558 2160 2581 esse

78 2617 141 2639 σαν
162 2603 214 2640 ἄν
244 2604 312 2642 Ami
332 2620 383 2643 τοι
414 2621 513 2644 τουτο
539 2605 654 2644 πολλὰ
686 2605 746 2644 χαὶ
778 2607 875 2644 αὐτοὶ
899 2608 1097 2660 ὠκονόμουν
1110 2632 1159 2657 167
1171 2599 1379 2652 simpliciter
1408 2600 1601 2637 existimati
1635 2600 1795 2638 fuissent.
1830 2601 1914 2639 Ideo
1947 2603 2059 2640 multa
2089 2603 2159 2655 ipsi

78 2662 134 2699 διὰ
153 2679 219 2701 των
242 2666 469 2717 πραγμάτων.
489 2669 603 2705 Τουτο
629 2666 688 2704 καὶ
720 2671 823 2718 ἡμεῖς
848 2685 1016 2721 ποιωμεν,
1039 2671 1098 2709 καὶ

77 2723 165 2761 οὕτω
196 2727 258 2770 τῆς
290 2729 356 2765 τῶν
379 2729 533 2780 ἀδελφῶν
551 2728 751 2781 ὂρεγώμεθα
780 2730 964 2783 σωτηρίας.
985 2733 1097 2770 Τοῦτο

77 2786 261 2839 μαρτυρίου
282 2789 344 2826 οὐκ
365 2788 530 2838 ἔλαττον,
551 2788 657 2839 μηδὲν
671 2789 957 2842 παραιτήσασθαι
972 2795 1095 2830 παθεῖν

75 2845 130 2882 διὰ
148 2846 208 2893 τὴν
228 2851 295 2886 τῶν
313 2851 450 2888 πολλῶν
472 2850 658 2903 σωτηρίαν.
698 2850 809 2889 Οὐδὲν
829 2851 934 2896 οὕτως
956 2853 1094 2905 εὐφραί-

75 2919 125 2941 νει
140 2905 196 2942 τὸν
213 2907 314 2945 Θεόν.
331 2909 445 2946 Πάλιν
467 2912 534 2961 ἐρῶ
547 2940 556 2957 ,
576 2910 594 2948 ὃ
615 2909 782 2953 πολλάκις
799 2904 893 2948 εἷπον
907 2927 915 2935 ·
948 2913 1015 2964 ἐρῶ
1037 2913 1071 2951 δὲ
1083 2943 1092 2960 ,

76 2964 194 3010 ἐπειδὴ
211 2967 341 3018 σφόδρα
361 2970 442 3007 αὐτὸ
462 2969 652 3021 βούλομαι·
674 2970 749 3008 ἐπεὶ
770 2971 830 3008 καὶ
848 2974 865 3009 ὃ
884 2973 1035 3024 Χριστὸς
1055 2974 1095 3012 τὸ

76 3025 158 3062 αὐτὸ
187 3026 314 3074 ἐποίει,
340 3029 419 3080 περὶ
451 3030 628 3083 ἱ1οἱιρέσεως
660 3035 838 3084 παραινῶν
872 3034 930 3079 καὶ
963 3034 1090 3086 λέγων·

76 3084 185 3123 “Ὀταν
206 3087 443 3140 προσεύχησθε
473 3095 592 3142 ὑμεῖς,
614 3093 731 3144 ἀφίετε
758 3094 789 3131 εἴ
814 3111 847 3132 τι
884 3095 975 3133 κατά
1005 3111 1095 3139 τινος

73 3145 180 3197 ἔχετε.
202 3147 315 3185 Πάλιν
331 3152 379 3201 τῷ
399 3151 523 3204 Πέτρῳ
551 3154 811 3204 διαλεγόμενος,
834 3157 886 3194 Οὔ
903 3155 994 3206 λέγω
1019 3173 1092 3203 σοι,

72 3207 187 3258 φησὶν,
209 3207 260 3246 ὅτι
280 3209 362 3260 ἄφες
380 3210 442 3255 ἕως
459 3213 622 3262 ἑπτάκις,
645 3216 721 3253 ἀλλ’
742 3216 805 3259 ἕως
829 3217 1093 3268 ἑὸδομηκοντά-

115 3348 227 3429 '‘31330
236 3371 243 3386 a
261 3352 307 3380 7-7-’1
324 3357 405 3390 πῶς,
424 3355 555 3393 φησὶν,ε
543 3357 648 3390 ἐκεῖνος
673 3368 705 3398 5³⁵
709 3357 758 3396 ύγε
762 3369 789 3396 [3
809 3353 928 3386 desunt
955 3355 987 3387 in
1004 3355 1081 3398 qui-

77 3397 135 3429 bus
165 3409 214 3429 1111

1125 2670 1148 2699 Α
1170 2661 1476 2699 administiabant.
1510 2662 1585 2698 Hoc
1615 2670 1648 2698 et
1668 2676 1731 2699 1105
1753 2662 1937 2713 faciamus,
1956 2673 1989 2700 et
2008 2664 2056 2701 ita
2087 2665 2158 2702 fia-

1168 2733 1266 2761 trum
1284 2722 1432 2760 salutem
1451 2736 1624 2759 curemus.
1647 2723 1726 2760 Non
1745 2732 1796 2760 est
1817 2723 1991 2775 martyrio
2021 2725 2154 2776 minus,

1168 2785 1259 2823 nihil
1277 2785 1351 2836 pati
1379 2798 1540 2822 recusare
1564 2785 1610 2821 ob
1640 2784 1836 2822 multorum
1867 2785 2039 2836 saluten13
2064 2787 2157 2824 nihil

1167 2849 1214 2886 ita
1234 2849 1350 2885 Deum
1366 2846 1536 2885 laetificat.
1556 2848 1713 2884 Rursum
1736 2846 1854 2883 dicam
1872 2845 1923 2897 id,
1948 2847 2047 2897 quod
2065 2862 2157 2900 saepe

1165 2910 1267 2960 dixi5
1295 2910 1426 2957 dicam,
1454 2909 1537 2960 quia
1566 2909 1606 2947 id
1638 2909 1744 2948 valde
1773 2909 1877 2961 cupio
1898 2909 2092 2959 :quoniam
2121 2918 2155 2947 et

1167 2973 1330 3011 Christus
1349 2972 1506 3024 idipsum
1534 2971 1696 3021 faciebat,
1721 2972 1766 3009 de
1794 2971 1998 3009 remissione
2023 2971 2153 3009 admo—

2197 1586 2278 1613 Pauli
2296 1586 2364 1613 cha-

2177 1633 2281 1656 taeter.

1166 3050 1249 3073 nens
1269 3044 1303 3072 et
1327 3034 1470 3072 dicens:
1489 3034 1653 3084 Quando
1674 3036 1793 3070 oratis
1813 3046 1898 3078 vos,
1917 3035 2099 3070 remittite
2120 3035 2154 3070 si
2167 3047 2281 3076 Matth.
2302 3049 2331 3077 s,⁸

1166 3098 1261 3149 quid
1291 3104 1427 3133 contra
1458 3095 1629 3146 aliquem
1659 3096 1820 3131 habetis.
1858 3095 2014 3131 Rursum
2049 3094 2152 3131 Petro
2168 3086 2219 3116 ²3·

1164 3158 1323 3208 loquens,
1345 3156 1460 3207 inquit
1482 3158 1595 3194 :Non
1615 3157 1699 3192 dico
1727 3157 1810 3204 tihi,
1839 3156 2004 3193 Remitte
2034 3170 2153 3209 usque
2169 3165 2247 3192 Μία.
2268 3166 2313 3196 18.

1164 3222 1316 3270 septies,
1355 3219 1424 3256 sed
1457 3231 1576 3269 usque
1606 3219 1819 3267 septuagies
1855 3219 2017 3267 septies;
2048 3230 2154 3267 reque
2168 3214 2204 3234 ²²

1194 3357 1208 3381 ¹¹
1226 3355 1373 3396 Quidam
1389 3358 1584 3390 ἐπεδείκνυτο-

1192 3419 1204 3433 ⁵
1221 3409 1314 3441 Unus
1332 3408 1416 3441 Cod.
1438 3414 1564 3453 αἱρέσεως
1579 3411 1794 3450 διαλεγόμενος,
1814 3412 1886 3441 ὅταν
1903 3410 2116 3452 προσεύχησθε.
