2466 3805
294 251 381 296 228
739 264 776 293 s.

286 348 537 400 prehenderet
554 353 588 382 et
603 346 772 381 Petrum.
789 339 953 378 Placebat
967 337 1092 385 caedeS,
1108 344 1141 373 et
1154 335 1266 373 eaedes

290 411 423 459 iniqua.
446 411 576 457 Magna
596 403 743 442 Herodis
761 400 895 438 insania
912 414 923 449 3
959 398 1124 436 absurdis
1143 411 1266 435 eorum

290 466 543 521 cupiditatibus
570 464 757 502 serviebat.
793 461 884 498 Cum
925 457 1137 510 oportuisset
1169 457 1265 495 enim

813 258 990 290 JOANNIS
1025 255 1265 286 CHRYSOST.
1305 255 1507 285 ARCHIEP.
1545 254 1894 285 CONSTANTINOP-

1339 335 1467 377 ἄδικος.
1488 334 1610 380 Πολλὴ
1631 338 1652 380 ἡ
1678 335 1776 373 ἄνοια
1795 339 1853 373 τοῦ
1873 334 2030 387 Ἡρώδου
2047 350 2053 357 ·
2071 340 2146 377 ταῖς
2161 334 2356 385 ἐπιθυμίαις

1341 397 1453 432 αὐτῶν
1479 401 1555 437 ταῖς
1571 395 1710 438 ἀτόποις
1737 399 1951 448 ὑπηρετεῖτο.
1971 395 2056 434 Δέον
2073 395 2141 448 γὰρ
2160 395 2356 433 τούναντίον

1338 459 1462 502 ποιεῖν,
1477 455 1535 492 καὶ
1556 454 1735 506 ἐγκόπτειν
1755 457 1868 494 αὐτῶν
1885 456 1948 503 τὴν
1963 456 2090 508 ὁρμήν·
2108 460 2125 494 ὁ
2138 456 2172 495 δὲ
2189 456 2355 502 ἐπέτεινε,

289 530 503 570 contrarium
516 529 638 573 facere,
663 534 696 562 et
711 524 855 561 illorum
878 522 1051 573 impetum
1076 533 1234 558 coercere
1250 549 1262 570 ,
1278 547 1326 571 210
1339 514 1496 566 καθάπερ
1508 531 1558 557 τις
1574 515 1695 565 δήμιος
1708 515 1754 553 ὢν
1766 518 1833 553 τῶν
1847 516 2049 561 νοσούντων,
2061 518 2137 554 ἀλλ’
2153 519 2214 554 οὐκ
2230 516 2356 568 ἰατρός·

288 592 347 629 ille
360 598 477 627 contra
496 586 665 624 incitabat
689 583 790 634 quasi
810 582 967 620 carnifex
982 580 1128 631 quidam
1153 594 1265 632 aegro-
1290 585 1315 613 A
1338 577 1452 615 καίτοι
1472 575 1580 628 μυρία
1596 576 1864 629 παραδείγματα
1880 577 1968 628 ἔχων
1988 578 2047 615 καὶ
2064 582 2123 615 τοῦ
2138 577 2282 616 πάππου
2299 577 2358 615 καὶ

287 650 448 694 tantium,
469 661 537 684 non
556 659 640 683 vero
664 643 835 691 medicus,
862 641 998 680 etiamsi
1013 641 1126 679 millia
1148 654 1267 679 exem-

286 711 343 762 pla
358 708 513 754 haberet,
533 714 567 743 et
585 705 644 743 avi
663 714 696 742 et
711 705 821 757 patris
833 702 984 740 Herodis
1002 717 1014 752 ;
1047 710 1080 739 et
1093 701 1268 752 quomodo

284 770 343 806 ille
360 766 503 819 quidem
526 774 669 817 propter
687 764 817 802 ccedem
834 763 1023 800 infantium
1043 775 1171 813 magna
1183 762 1268 800 sub-

283 829 363 866 ierit
384 827 476 865 mala
492 842 502 875 3
519 827 578 863 hic
607 839 702 874 vero,
723 827 857 864 Joanne
886 837 971 861 caeso
987 853 996 871 ,
1014 837 1119 874 grave
1131 823 1268 861 bellum

283 887 504 927 excitaverit.
541 887 661 937 Quem
675 900 760 923 cum
781 885 1102 936 apprehendisset,
1123 883 1239 934 inquit
1256 913 1266 933 ,

284 953 389 988 misit
405 953 447 987 in
466 962 671 987 carcerem.
700 946 896 996 Metuebat,
922 960 965 983 ne
992 954 1138 997 propter
1163 945 1269 983 timo-

282 1025 357 1049 rem
383 1024 428 1048 ex
443 1018 555 1047 morte
570 1008 693 1048 Jacobi
710 1016 916 1058 conceptum
939 1005 1112 1043 secederet
1125 1006 1266 1043 Petrus:

287 1081 320 1109 et
336 1080 375 1108 ut
394 1071 430 1108 in
442 1079 517 1107 tuto
529 1077 685 1121 poneret,
701 1067 797 1105 misit
817 1067 850 1104 in
867 1081 1054 1105 carcerem.
1072 1067 1150 1112 Quo
1165 1080 1268 1104 accu-

281 1133 390 1171 ratior
406 1130 594 1178 custodia,
622 1144 661 1168 eo
689 1128 890 1166 mirabilius
920 1128 1170 1180 spectaculum.
1194 1128 1269 1165 Hoc

281 1202 396 1230 autem
412 1194 515 1229 Petro
543 1189 771 1238 conducebat,
793 1188 855 1238 qui
878 1187 962 1225 hinc
984 1187 1164 1239 probatior
1187 1187 1270 1224 effe-

284 1264 361 1291 ctus
377 1262 439 1301 est,
451 1261 483 1290 et
500 1250 743 1289 fortitudinem
759 1263 859 1286 suam
875 1248 1189 1286 exhibuitorasio
1203 1261 1268 1285 au-

285 1324 372 1362 tem,
394 1312 522 1363 inquit,
547 1312 676 1364 fiebat
695 1312 777 1348 sine
808 1311 1099 1346 intermissione.
1130 1309 1268 1346 Amoris

280 1373 457 1412 indicium
477 1381 549 1410 erat
573 1371 695 1409 oratio.
731 1372 871 1408 Patrem
894 1383 1013 1407 omnes
1038 1369 1239 1419 quaerebant
1258 1399 1269 1419 ,

278 1445 415 1487 patrem
443 1442 675 1472 mansuetum.
698 1433 794 1470 Sine
823 1433 1117 1477 intermissione,
1135 1430 1266 1480 inquit,

281 1498 415 1533 oratio
436 1508 505 1546 pro
526 1494 594 1531 illo
598 1493 741 1545 fiebat.
763 1491 902 1539 Audite,
922 1505 991 1542 quo
1008 1500 1119 1528 essent
1139 1491 1267 1529 affectu

282 1569 364 1606 erga
376 1554 537 1592 doctores
552 1567 645 1590 suos.
662 1554 741 1591 Non
754 1551 1080 1600 tumultuabantur,
1101 1564 1170 1588 non
1189 1560 1266 1588 tur-

280 1616 479 1663 babantur3
498 1614 560 1652 sed
580 1613 627 1650 ad
650 1612 844 1650 orationem
858 1611 949 1649 versi
971 1620 1066 1660 sunt,
1089 1624 1214 1648 verum
1232 1620 1266 1648 et

280 1674 558 1727 inexpugnabile
587 1671 837 1711 commilitium
856 1687 863 1707 :
886 1671 931 1708 ad
948 1670 1048 1707 illam
1079 1671 1262 1722 confugie—

279 1739 378 1775 bant.
402 1738 480 1775 Non
506 1735 670 1772 dicebant
690 1749 696 1769 ;
713 1732 868 1770 Humilis
887 1746 951 1783 ego
972 1741 1004 1769 et
1028 1732 1162 1769 nullius
1181 1746 1264 1784 pre-

281 1798 321 1835 tii
339 1811 402 1849 pro
433 1797 496 1834 illo
526 1809 661 1833 orarem
678 1793 686 1833 1
706 1793 798 1840 Quia
827 1793 920 1830 enim
939 1806 984 1830 ex
1012 1793 1154 1830 caritate
1181 1807 1261 1844 age-

278 1859 377 1907 bant,
414 1857 506 1894 nihil
539 1855 746 1907 hujusmodi
776 1853 989 1904 cogitabant.
1024 1854 1091 1893 Vis
1130 1853 1263 1892 discere

279 1928 410 1969 quanta
435 1917 493 1955 vel
510 1916 613 1955 inviti
631 1915 774 1953 fecerint
788 1915 803 1951 9
826 1914 910 1953 Illos
924 1914 1142 1965 probatiores
1159 1913 1258 1952 exhi-

277 1979 444 2025 buerunt,
466 1978 530 2015 hos
556 1975 798 2027 diligentiores
826 1975 997 2012 fecerunt.
1019 1974 1065 2012 Et
1083 1974 1165 2012 vide
1189 1984 1259 2013 ten-

282 2039 430 2077 tationes
450 2038 485 2075 in
508 2038 595 2075 festo
617 2037 675 2074 die
694 2036 870 2083 inductas,
890 2044 929 2072 ut
947 2035 1002 2072 illi
1030 2035 1194 2074 clariores
1210 2050 1263 2074 es-

282 2108 369 2136 sent.
393 2100 490 2136 Cum
508 2106 635 2135 autem
653 2097 908 2148 producturus
925 2109 1009 2132 eum
1026 2105 1122 2133 esset
1142 2098 1264 2134 Hero-

283 2161 361 2205 des,
393 2159 519 2208 inquit,
544 2166 651 2195 nocte
679 2157 752 2193 illa
770 2157 909 2193 Petrus
929 2156 1154 2193 dormiebat.
1170 2156 1265 2195 Vide

282 2221 427 2257 Petrum
448 2219 691 2263 dormientem,
712 2230 774 2254 nec
788 2225 918 2253 terrore
939 2215 995 2253 vel
1022 2224 1116 2252 metu
1140 2215 1263 2254 deten-

284 2288 371 2316 tum.
391 2279 445 2316 Ea
467 2279 543 2330 ipsa
558 2286 658 2315 nocte
674 2306 684 2325 ,
705 2290 772 2326 qua
799 2274 1046 2326 producendus
1064 2284 1152 2325 erat,
1183 2276 1267 2313 dor-

285 2340 427 2389 miebat,
448 2338 565 2377 omnia
579 2338 614 2375 in
638 2339 753 2374 Deum
769 2334 939 2386 rejiciens.
960 2336 1033 2372 Nec
1054 2335 1264 2387 simpliciter

286 2400 506 2445 dormiebat,
525 2398 601 2447 sed,
615 2400 723 2435 Inter
737 2397 831 2433 duos
851 2395 1008 2443 milites,
1026 2398 1180 2434 vinctus
1196 2409 1261 2434 ca—

290 2466 385 2500 tenis
405 2463 564 2500 duabus.
584 2462 692 2497 Inter
709 2459 804 2495 duos
826 2457 918 2494 enim
935 2486 946 2502 ,
970 2456 1097 2507 inquit,
1124 2457 1264 2495 milites

287 2534 367 2562 erat
384 2525 597 2568 dormiens,
614 2523 768 2558 vinctus
784 2520 930 2556 duabus
950 2520 1109 2557 catenis.
1132 2517 1262 2556 Viden'

287 2598 392 2634 quam
406 2591 566 2620 accurata
579 2580 813 2619 custodia'2‘Ec
826 2592 910 2616 ecce
925 2578 1263 2629 angelusDomini,

1338 642 1397 676 τοῦ
1423 637 1554 690 πατρὸς
1585 636 1759 690 (Ηρώδου,
1780 636 1839 674 καὶ
1870 640 1944 680 πῶς
1973 639 2099 680 ἐκεῖνος
2119 637 2180 687 μὲν
2211 637 2267 676 διὰ
2294 638 2357 685 τὴν

1339 698 1513 751 ἀναίρεσιν
1534 700 1598 736 τῶν
1623 697 1769 736 παιδίων
1788 697 1936 749 μέγιστα
1952 697 2057 736 ἔπαθε
2078 697 2170 735 κακὰ
2183 728 2192 745 ,
2212 693 2309 742 οὗτος
2323 698 2358 737 δὲ

1340 759 1504 805 Ἰωάννην
1527 759 1655 797 ἀνελὼν
1678 758 1830 809 πόλεμον
1859 759 1976 811 ἤγειρε
2005 758 2172 810 χαλεπόν.
2199 757 2268 797 ““Ον
2300 758 2359 796 καὶ

1339 820 1488 869 πιάσας,
1509 820 1628 873 φησὶν,
1649 820 1743 859 ἔθετο
1762 822 1810 863 εἷς
1829 820 1996 872 φυλακήν.
2015 819 2214 872 Ἔφοὸεῖτο,
2237 819 2284 871 μὴ
2302 819 2359 858 διὰ

1339 881 1396 919 τὸν
1425 881 1524 933 φόνον
1555 885 1613 918 τοῦ
1633 880 1802 918 Ἰακώὸου
1834 880 2047 933 ἀναχωρήσῃ
2079 883 2096 917 ὁ
2124 879 2278 932 Πέτρος,
2299 880 2358 917 καὶ

1343 942 1545 993 βουλόμενος
1564 940 1656 992 ἔχειν
1678 941 1777 979 αὐτὸν
1797 942 1831 979 ἐν
1853 943 2021 993 ἀσφαλεῖ,
2054 940 2194 979 ἐνέὸαλε
2229 943 2279 992 τῷ
2306 942 2359 978 ’δε-

1341 1003 1542 1054 σμωτηρίῳ.
1576 1002 1678 1055 “Oe-q)
1710 1002 1941 1055 ἀκριὲεστέρα
1967 1006 1989 1048 ἡ
2021 1001 2173 1053 φρουρὰ,
2206 1001 2359 1054 τοσούτῳ

1342 1062 1605 1115 θαυμασιωτέρα
1622 1065 1644 1108 ἧ
1661 1062 1830 1107 ἐπίδειξις.
1850 1065 1963 1101 Τοῦτο
1982 1062 2017 1100 δὲ
2032 1057 2073 1108 ἦν
2093 1062 2180 1114 ὑπὲρ
2207 1061 2358 1114 Πέτρου,

1342 1123 1574 1177 δοκιμωτέρου
1607 1124 1761 1173 ἃμᾶλλον
1783 1125 1934 1161 ἐντεῦθεν
1969 1124 2176 1173 γενομένου,
2209 1122 2268 1160 καὶ
2297 1122 2360 1169 τὴν

1343 1184 1501 1237 ἀνδρείαν
1520 1184 1584 1231 τὴν
1605 1183 1732 1222 οἰκείαν
1751 1183 2013 1227 ἐπιδεικνύντος.
2034 1184 2220 1236 Προσευχὴ
2250 1183 2284 1220 δὲ
2304 1179 2360 1230 ἦν,

1292 1252 1317 1282 Β
1343 1245 1458 1296 φησὶν,
1491 1245 1629 1291 ἐκτενὴς
1666 1244 1842 1295 γινομένη.
1885 1244 2141 1296 Φιλοστοργίας
2177 1245 2302 1294 δεῖγμα
2335 1248 2357 1290 ἡ

1341 1305 1532 1357 προσευχῆ.
1557 1304 1702 1357 Πατέρα
1729 1305 1853 1348 πάντες
1873 1304 2025 1352 ἐζήτουν,
2056 1303 2191 1357 πατέρα
2214 1304 2357 1356 ἥμερον.

1341 1366 1506 1413 Ἐκτενὴς
1522 1395 1532 1413 ,
1552 1367 1669 1418 φησὶν,
1697 1360 1738 1412 ἦν
1758 1365 1934 1418 προσευχὴ
1956 1365 2119 1416 γινομένη
2135 1364 2221 1416 ὑπὲρ
2242 1367 2357 1403 αὐτοῦ.

1340 1426 1548 1474 Ἀκούσατε,
1578 1429 1652 1469 πῶς
1683 1426 1848 1464 διέκειντο
1890 1425 1969 1477 περὶ
2002 1424 2079 1468 τοὺς
2113 1425 2354 1468 διδασκάλους.

1338 1488 1414 1525 Οὐκ
1430 1486 1654 1535 ἐστασίασαν,
1691 1489 1750 1525 οὐκ
1778 1486 2049 1538 ἐθορυὸήθησαν,
2072 1487 2148 1523 ἀλλ’
2168 1485 2224 1523 ἐπὶ
2252 1485 2358 1537 εὐχὴν

1338 1548 1551 1600 ἐτράπησαν,
1576 1547 1638 1594 τὴν
1665 1547 1770 1589 ὄντως
1790 1547 1995 1599 συμμαχίαν
2022 1545 2086 1593 τὴν
2117 1546 2270 1598 ἄμαχον,
2301 1549 2354 1585 ἐπ’

1339 1610 1444 1656 αὐτὴν
1471 1609 1674 1661 κατέφυγον.
1695 1611 1772 1647 Οὐκ
1805 1608 1920 1660 ἔλεγον
1937 1624 1944 1631 ·
1968 1611 1985 1646 ὃ
2009 1608 2167 1650 ταπεινὸς
2200 1607 2268 1658 ἐγὼ
2298 1608 2358 1646 καὶ

1337 1671 1518 1721 οὖδαμινὸς
1536 1670 1622 1722 ὑπὲρ
1646 1669 1774 1707 ἐκείνου
1795 1669 1960 1720 εὔχομαι·
1990 1668 2109 1715 ἐπειδὴ
2141 1667 2206 1719 γὰρ
2236 1668 2356 1721 ἀγάπῃ

1336 1731 1483 1778 ἐποίουν,
1498 1730 1592 1769 οὐδὲν
1604 1729 1733 1768 τούτων
1750 1729 1766 1748 ¹³
1779 1730 1980 1780 ἐλογίζοντο.
1996 1729 2119 1767 Βούλει
2134 1734 2254 1779 μαθεῖν
2266 1729 2359 1768 πόσα

1337 1791 1540 1844 εἰργάσαντο
1556 1790 1614 1828 καὶ
1635 1790 1795 1837 ἄκοντες,
1812 1789 1987 1833 Ἐκείνους
2004 1790 2256 1842 δοκιμωτέρους
2273 1790 2357 1828 ἀπέ-

1337 1852 1460 1899 δειξαν,
1480 1851 1615 1894 τούτους
1632 1849 1918 1902 σπουδαιοτέρους
1935 1850 2117 1896 ἐποίησαν.
2146 1851 2215 1888 Καὶ
2234 1850 2298 1903 ὅρα
2323 1853 2356 1889 ἐν

1334 1916 1376 1964 τῇ
1399 1914 1499 1965 ἑορτῇ
1522 1910 1599 1954 τοὺς
1617 1910 1830 1962 πειρασμοὺς
1850 1910 2103 1962 ἐπαγομένους,
2121 1910 2178 1948 ἵνα
2200 1912 2356 1962 δοκιμώ-

1286 1984 1309 2010 (“.
1335 1989 1426 2025 τεροι
1446 1975 1598 2024 φανῶσιν
1615 1966 1720 2010 οὗτοι.
1736 1971 1826 2010 εΌτε
1848 1971 1883 2009 δὲ
1901 1971 2042 2022 ἔμελλεν
2071 1971 2170 2009 αὐτὸν
2191 1972 2356 2024 προάγειν

1335 2038 1353 2072 ὃ
1367 2034 1411 2071 tH
1419 2032 1545 2086 ρώδης,
1565 2031 1648 2084 φησὶ
1662 2062 1671 2079 ,
1686 2035 1729 2083 τῇ
1747 2031 1844 2069 νυκτὶ
1860 2032 1972 2084 ἐκείνῃ
1993 2027 2034 2078 ἦν
2049 2035 2066 2069 ὅ
2085 2033 2219 2084 Πέτρος
2236 2033 2356 2071 καθεύ-

1337 2095 1415 2132 δων.
1441 2093 1537 2145 “Optat
1561 2094 1618 2131 τὸν
1638 2093 1775 2145 Πέτρον
1794 2091 2001 2130 καθεύδοντα
2015 2123 2025 2141 ,
2045 2092 2105 2131 καὶ
2122 2094 2182 2131 οὐκ
2209 2093 2291 2131 ὄντα
2323 2095 2357 2131 ἐν

1338 2152 1468 2205 ἀγωνίᾳ
1494 2152 1568 2191 οὐδὲ
1590 2153 1622 2190 ἐν
1647 2153 1755 2203 φόὸῳ.
1778 2154 1876 2203 Αὖτῇ
1899 2156 1941 2204 τῇ
1964 2153 2083 2200 νυκτὶ,
2101 2147 2125 2204 ᾗ
2144 2152 2358 2206 προάγεσθαι

1338 2214 1492 2264 ἔμελλεν,
1521 2212 1704 2259 ἐκάθευδε,
1731 2213 1792 2250 οτὸ
1825 2219 1894 2250 πᾶν
1932 2213 2032 2266 ῥίψας
2072 2214 2129 2251 ἐπὶ
2164 2215 2221 2252 τὸν
2255 2214 2357 2253 Θεόν.

1339 2275 1419 2324 Οὐχ
1443 2274 1561 2315 ἁπλῶς
1589 2272 1625 2310 δὲ
1661 2272 1855 2318 ἐκάθευδεν,
1878 2273 1968 2311 ἀλλὰ
1997 2273 2101 2323 μέσον
2134 2278 2356 2325 στρατιωτῶν

1338 2335 1397 2373 καὶ
1425 2333 1612 2382 δεδεμένος.
1645 2331 1783 2375 Μεταξὺ
1809 2332 1893 2383 γὰρ,
1923 2333 2028 2383 φησὶ,
2051 2333 2110 2370 δύο
2136 2338 2358 2385 στρατιωτῶν

1339 2392 1554 2444 κοιμώμενος
1570 2387 1625 2439 ἦν,
1645 2391 1822 2441 δεδεμένος
1837 2391 1977 2430 ἁλύσεσι
2003 2393 2109 2430 δυσίν.
2133 2393 2262 2445 (Ορᾷς,
2282 2397 2358 2437 πῶς

1340 2454 1487 2506 ἀκριὲὴς
1514 2455 1535 2498 ἡ
1566 2452 1722 2504 φυλακή,
1739 2453 1809 2490 Καὶ
1825 2453 1895 2490 ἰδοὺ
1913 2453 2057 2505 ἅγγελος
2071 2453 2198 2506 Κυρίου
2213 2454 2357 2501 ἐπέστη,

1339 2514 1422 2566 φησι
1433 2543 1442 2560 ,
1459 2512 1571 2564 λέγων
1588 2527 1595 2535 ·
1619 2512 1752 2550 ἀνάστα
1769 2514 1803 2549 ἐν
1820 2512 1931 2565 τάχει.
1953 2515 2248 2566 ΣυγκαΟεύδοντες
2267 2509 2355 2561 ἦσαν

1338 2578 1368 2613 οἳ
1383 2574 1528 2626 φύλακες
1543 2588 1549 2595 ·
1573 2572 1624 2610 διὸ
1642 2573 1782 2610 καὶτῶν
1803 2574 1991 2624 γινομένων
2009 2576 2104 2613 οὐδὲν
2126 2575 2357 2613 ἐπαισθάνον-

293 2644 431 2695 inquit,
458 2645 622 2688 adstitit,
645 2642 787 2685 dicens,
811 2640 927 2690 Surge
956 2639 1152 2676 velociter.
1174 2640 1265 2676 Dor·
1290 2647 1314 2677 D
1337 2652 1407 2675 ται.
1424 2636 1508 2677 Φῶς
1526 2633 1561 2671 δὲ
1581 2632 1747 2685 ἔλαμψεν,
1771 2633 1861 2672 ὥστε
1877 2635 1934 2673 καὶ
1952 2637 2034 2674 ἰδεῖν
2055 2636 2114 2674 καὶ
2134 2639 2280 2675 ἀκοῦσαι
2299 2637 2357 2674 τὸν

289 2707 444 2746 miebant
462 2705 569 2743 simul
578 2702 737 2742 custodes
752 2718 758 2738 ε
774 2701 853 2739 ideo
882 2700 973 2737 nihil
991 2709 1168 2750 gestorum
1189 2715 1266 2738 sen-

289 2775 419 2806 serunt.
440 2767 577 2804 Lumen
598 2778 680 2802 vero
693 2761 843 2809 refulsit,
865 2769 905 2797 ut
920 2769 952 2797 et
963 2759 1098 2799 videret
1111 2769 1144 2798 et
1166 2760 1268 2798 audi-

289 2838 341 2867 ret
369 2831 507 2877 Petrus,
529 2840 592 2864 nec
614 2833 751 2877 putaret
771 2822 994 2874 phantasiam
1012 2835 1094 2859 esse.
1113 2823 1165 2859 Ne
1183 2835 1267 2860 vero

291 2890 442 2941 segniter
463 2896 601 2939 ageret,
631 2886 724 2923 latus
742 2885 818 2936 ejus
840 2882 1004 2934 percutit.
1027 2884 1149 2933 Neque
1162 2883 1267 2921 modo

291 2950 403 2998 audit,
436 2950 552 3000 Surge
562 2962 573 2997 5
601 2946 663 2984 sed
693 2945 798 2982 etiam
830 2942 1000 2989 additur,
1045 2944 1235 2981 Velociter
1255 2958 1266 2980 .-

291 3022 364 3050 tam
374 3020 468 3048 arete
487 3007 697 3047 dormiebat.
719 3005 986 3044 Existimabat
999 3012 1127 3041 autem
1145 3018 1184 3042 se
1203 3007 1268 3043 vi-

294 3087 377 3110 sum
391 3073 536 3117 videre,
548 3068 673 3119 inquit.
690 3067 892 3105 Pertransi
897 3066 948 3101 vit
965 3072 1093 3101 autem
1103 3068 1268 3115 primum

294 3141 329 3170 et
354 3132 559 3170 secundam
581 3129 806 3167 custodiam.
830 3125 903 3164 Ubi
930 3139 1022 3163 nunc
1045 3135 1125 3163 sunt
1160 3126 1270 3163 haere-

340 3271 352 3285 ²¹
370 3265 485 3303 μᾶλλον
501 3265 629 3293 ἐντεῦθεν
645 3257 736 3289 deest
753 3256 785 3288 in
803 3254 1012 3298 quibusdam.

341 3315 357 3337 b
375 3312 433 3344 Alii
450 3316 625 3353 ἐλογίζοντο.
641 3314 697 3354 ὅρα
720 3316 796 3343 πόσα
818 3313 1004 3352 εἰργάσαντο.

340 3376 352 3389 2
370 3364 431 3395 Hic
447 3363 558 3396 omnia
575 3361 701 3392 diverse
716 3360 823 3402 posita
849 3367 925 3391 sunt
941 3360 974 3390 in
989 3357 1045 3390 illo
1064 3370 1145 3401 sche
1161 3370 1290 3393 memo-

298 3423 372 3448 rato
386 3414 525 3455 Cod²ce‚
542 3411 730 3454 nullamque
754 3413 787 3443 in
811 3421 905 3447 sensu
927 3409 1145 3444 differentiam
1169 3423 1235 3454 pree
1258 3424 1291 3445 se

1340 2697 1486 2748 Πέτρον,
1513 2693 1571 2732 καὶ
1603 2694 1650 2745 μὴ
1666 2694 1806 2744 νομίσαι
1828 2696 2018 2747 φαντασίαν
2050 2692 2147 2734 εἶναι.
2171 2696 2232 2740 Ὡς
2252 2696 2290 2734 ἂν
2322 2695 2357 2735 δὲ

1341 2757 1388 2808 μὴ
1408 2755 1611 2809 ῥαθυμήσῃ,
1630 2754 1688 2792 καὶ
1705 2754 1766 2801 τὴν
1786 2756 1937 2808 πλευρὰν
1960 2757 2190 2795 πατάσσεται.
2209 2757 2277 2794 Καὶ
2294 2759 2358 2809 οὐχ

1340 2819 1458 2860 ἁπλῶς
1477 2816 1609 2863 ἀκούει,
1625 2815 1773 2853 Ἀνάστα
1789 2831 1796 2839 ·
1816 2817 1977 2861 ἀλλ’,Ἐν
1996 2817 2117 2868 τάχει,
2136 2817 2223 2866 μετὰ
2243 2832 2355 2870 προσ-

1341 2879 1448 2926 θήκης
1461 2894 1468 2901 ·
1500 2877 1588 2915 οὕτω
1621 2875 1753 2927 βαθέως
1785 2877 1979 2915 ἐκάθευδεν.
2011 2877 2148 2916 Ἐδόκει
2177 2878 2213 2916 δὲ
2242 2878 2357 2929 ὅραμα

1343 2939 1493 2990 βλέπειν,
1513 2937 1608 2991 (ρησί.
1631 2939 1759 2984 ,λι-ἦλθε
1779 2937 1814 2975 δὲ
1832 2937 1974 2989 πρώτην
1993 2938 2051 2975 καί
2069 2938 2230 2991 δευτέραν
2251 2940 2358 2990 φυλα-

2033 3002 2054 3009 mv
2098 3000 2149 3011 ’κικ-

1342 2999 1419 3046 κήν.
1436 3001 1511 3037 Ποῦ
1539 3003 1594 3036 νῦν
1623 2999 1706 3036 εἰσιν
1734 3000 1764 3034 οἳ
1791 2997 1976 3050 αἱρετικοί,
1994 3000 2075 3041 Πως
2095 3001 2230 3045 οιηλΟεν
2259 2998 2358 3036 εἰπά-

1342 3077 1455 3099 τωσαν
1485 3063 1589 3110 ἡμῖν·
1622 3061 1697 3096 ἀλλ’
1728 3061 1788 3096 οὐκ
1810 3059 1849 3096 ἂν
1871 3059 1994 3111 ἔχοιεν.
2027 3060 2150 3098 Καίτοι
2179 3059 2235 3097 διὰ
2258 3064 2359 3097 τοῦτο

1344 3122 1443 3160 αὐτὸν
1463 3121 1521 3159 καὶ
1549 3120 1724 3165 ζώσασθαι
1752 3119 1882 3158 κελεύει
1915 3120 1974 3158 καὶ
2004 3121 2268 3167 ὑποδήσασθαι,
2298 3119 2358 3157 καὶ

1358 3258 1483 3299 ferunt,
1502 3267 1534 3290 ct
1551 3266 1602 3290 tot
1618 3265 1774 3300 tantaque
1797 3265 1872 3289 sunt
1884 3285 1891 3297 ,
1906 3266 1943 3289 ut
1960 3258 1984 3289 si
2001 3257 2111 3289 omnia
2135 3256 2358 3289 exscriberen-

1358 3317 1423 3350 tur,
1442 3311 1581 3353 majores
1607 3309 1675 3352 ipsa
1700 3308 1781 3342 serie
1802 3310 1971 3352 scriptoriS
2005 3317 2099 3342 notas
2116 3307 2237 3341 addere
2259 3319 2294 3349 01
2304 3319 2358 3339 or-

1358 3370 1451 3394 leret.
