2502 3810
748 240 784 270 S.

285 232 374 290 482

282 327 376 371 estis,
394 335 426 362 et
442 325 520 376 plus
537 335 641 372 quam
658 320 774 357 caeteri
784 317 934 366 habetis,
947 317 1065 353 minus
1081 329 1164 365 erga
1182 315 1263 352 reli-

283 400 370 435 quos
388 383 545 422 studium
561 380 711 417 adhibeo
729 394 736 414 :
750 391 819 415 non
835 376 964 414 divites
979 375 1184 426 quaerimus‚
1200 373 1261 412 sed

282 445 415 481 fideles.
441 442 513 480 Ubi
532 454 625 477 nune
645 448 724 476 sunt
755 437 926 489 sapientes
943 436 997 473 illi
1021 436 1232 473 Graecorum
1248 463 1258 482 ‚

279 506 403 542 densas
417 503 584 539 habentes
598 501 728 538 barbas
743 529 750 546 ,
767 498 886 550 palliis
906 497 1025 534 amicti
1053 505 1086 533 et
1105 509 1258 546 magno—

278 579 358 616 pere
373 562 626 600 tumescentes?
646 560 824 599 Graeciam
837 568 870 597 et
881 558 1115 595 barbarorum
1130 565 1259 593 terram

277 638 416 662 omnem
444 623 676 662 tentoriorum
705 621 834 659 artifex
859 619 1044 657 convertit.
1076 617 1142 654 Ille
1173 630 1259 655 vero

277 686 339 736 qui
358 684 455 737 apud
477 685 557 721 illos
574 683 785 736 proponitur
808 691 841 719 et
858 680 1105 719 circumfertur
1125 679 1226 716 Plato
1245 707 1255 726 ,

274 746 373 784 terin
393 745 552 783 Siciliam
568 745 755 796 profectus,
774 756 854 780 cum
873 750 971 779 tanto
986 741 1048 777 illo
1067 740 1260 778 verborum

274 808 388 855 fastu,
409 821 490 844 cum
511 806 573 843 illa
599 814 695 842 tanta
709 834 718 851 ,
751 817 858 854 quam
883 801 927 839 de
955 801 1032 853 ipso
1051 800 1230 838 habebant
1243 831 1255 848 ,

275 867 439 919 opinione
453 897 463 916 ,
485 880 528 903 ne
544 879 655 903 unum
670 863 814 915 quidem
835 871 1030 915 tyrannum
1047 861 1227 913 superavit
1247 877 1257 910 ;

276 928 348 965 imo
369 936 442 965 tam
463 927 588 965 misere
603 926 662 963 ille
681 926 820 977 elapsus
839 933 909 971 est,
929 932 967 960 ut
984 922 1091 960 etiam
1109 936 1127 959 a
1149 922 1258 960 liber-

275 998 345 1026 tate
355 988 540 1026 exciderit.
555 990 600 1025 At
617 987 848 1025 tentoriorum
869 984 997 1022 artifex
1011 998 1079 1021 non
1096 983 1257 1022 Siciliam

276 1048 400 1098 modo,
415 1063 485 1086 non
497 1048 638 1086 Italiam
654 1056 790 1085 tantum
806 1077 815 1094 ,
834 1045 897 1083 sed
911 1054 1025 1082 totum
1050 1045 1259 1096 peragravit

274 1111 397 1149 orbem
408 1127 419 1161 3
441 1125 481 1148 ac
503 1125 632 1161 neque,
651 1109 738 1147 dum
758 1108 988 1161 praedicaret,
1009 1116 1120 1144 artem
1151 1107 1258 1144 inter-

275 1171 394 1221 misit,
411 1171 473 1209 sed
492 1171 597 1208 etiam
613 1180 695 1208 tunc
711 1170 819 1222 pelles
835 1167 1041 1215 consuebat,
1059 1176 1092 1204 et
1106 1167 1257 1204 officinae

275 1241 435 1283 praeerat:
450 1245 561 1282 neque
577 1231 668 1268 illud
685 1229 929 1268 consularibus
945 1227 1157 1265 offendiculo
1171 1227 1257 1275 fuit;

276 1292 383 1342 idque
398 1293 479 1343 jure
495 1291 631 1329 merito.
647 1291 727 1328 Non
743 1290 838 1327 enim
854 1297 944 1326 artes
963 1302 1001 1325 ac
1030 1287 1144 1324 studia
1155 1317 1166 1336 ,
1197 1287 1260 1324 sed

277 1352 500 1390 mendacium
522 1361 555 1389 et
572 1351 719 1389 conficta
740 1350 906 1401 dogmata
928 1348 1159 1400 despicabiles
1178 1348 1259 1386 red-

276 1412 365 1449 dunt
384 1412 556 1450 doctores.
570 1411 724 1462 Ideoque
741 1410 822 1448 illos
841 1410 985 1460 quidem
1001 1411 1076 1461 jam
1096 1410 1259 1448 derident

278 1473 507 1511 Athenienses
522 1489 532 1522 3
551 1473 636 1510 huic·
652 1486 734 1510 vero
749 1470 935 1509 attendunt
949 1470 1113 1520 barbari,
1134 1471 1259 1509 inculti

278 1536 438 1574 homines
471 1545 505 1573 et
532 1535 660 1573 idiotae.
695 1533 902 1572 Communis
932 1533 1064 1584 quippe
1092 1533 1258 1571 omnibus

278 1596 439 1634 doctrina
455 1606 589 1648 prostat
608 1613 615 1632 :
637 1610 705 1633 non
721 1594 907 1645 dignitatis
921 1593 1114 1631 discrimen
1136 1594 1236 1631 novit
1248 1623 1258 1641 ,

277 1671 346 1694 non
371 1658 485 1708 gentis
504 1656 747 1694 excellentiam
767 1684 775 1702 ,
800 1668 869 1691 non
888 1653 988 1691 aliud
1007 1653 1191 1705 quidpiam
1212 1655 1259 1692 si-

277 1718 360 1754 mile
381 1734 387 1753 :
410 1716 481 1754 fide
500 1730 650 1767 namque
669 1725 807 1753 tantum
825 1723 923 1765 eget,
944 1728 1013 1752 non
1028 1715 1257 1766 syllogismis.

276 1777 429 1827 Ideoque
449 1777 604 1814 maxime
619 1775 828 1814 admiranda
848 1785 918 1823 est,
940 1789 1008 1812 non
1031 1775 1136 1813 modo
1164 1776 1259 1826 quod

277 1837 376 1874 utilis
391 1847 423 1875 et
438 1837 600 1875 salutaris
617 1836 680 1885 sit,
699 1835 759 1873 sed
778 1835 882 1872 etiam
904 1835 986 1886 quia
1002 1835 1116 1873 facilis
1133 1866 1142 1884 ‚
1163 1845 1196 1874 et
1214 1838 1259 1875 ab

277 1898 443 1935 omnibus
462 1898 560 1935 nullo
577 1897 717 1948 negotio
743 1896 942 1948 excipitur:
966 1895 1003 1933 id
1025 1897 1119 1947 quod
1137 1897 1259 1935 maxi-

277 1973 333 1996 me
355 1960 420 1996 Dei
455 1958 687 2011 providentiae
718 1972 806 2009 opus
825 1966 904 2003 est,
931 1957 992 2008 qui
1014 1971 1077 1995 sua
1096 1958 1260 1996 omnibus

277 2019 479 2056 communia
498 2018 677 2071 proponit.
699 2019 791 2056 Nam
809 2018 904 2068 quod
924 2018 960 2055 in
979 2019 1072 2065 sole,
1099 2019 1181 2056 luna
1196 2049 1206 2067 ,
1223 2019 1259 2057 in

278 2092 369 2119 terra
382 2112 391 2130 ,
409 2082 443 2119 in
462 2082 551 2119 mari
572 2082 774 2131 caeterisque
795 2081 877 2118 fecit
892 2111 902 2130 ,
917 2095 987 2120 non
1004 2081 1109 2133 plura
1130 2097 1175 2120 ex
1188 2082 1259 2121 illis

277 2142 435 2180 tribuens
466 2142 641 2180 divitibus
674 2151 706 2180 et
727 2143 970 2194 sapientibus,
999 2157 1061 2181 nec
1092 2144 1259 2195 pauciora

278 2204 512 2254 pauperibus,
534 2204 593 2241 sed
609 2204 780 2254 aequalem
799 2205 964 2242 omnibus
997 2205 1261 2244 usumfructum

279 2278 476 2315 proponens
491 2280 502 2313 ;
536 2265 604 2302 hoc
640 2274 672 2302 et
706 2265 741 2302 in
771 2265 1020 2317 praedicatione
1053 2266 1157 2316 fecit,
1188 2267 1260 2304 imo

278 2325 390 2361 inulto
421 2325 552 2376 majus,
587 2326 754 2375 quoniam
783 2326 850 2363 hoc
882 2326 997 2376 magis
1026 2327 1260 2364 necessarium

277 2401 383 2436 quam
415 2387 477 2424 illa
511 2396 573 2425 est.
596 2388 750 2438 Ideoque
779 2387 912 2424 Paulus
957 2387 1154 2437 frequenter
1184 2387 1234 2425 ait
1249 2418 1258 2436 ,

281 2450 466 2485 Omnibus
484 2451 673 2500 gentibus.
690 2449 828 2486 Deinde
843 2448 1028 2486 ostendens
1047 2463 1082 2486 se
1101 2449 1193 2486 nihil
1212 2449 1258 2486 il-

279 2509 323 2546 lis
355 2509 499 2560 largiri,
528 2508 587 2547 sed
607 2519 823 2562 praeeeptum
844 2509 988 2547 Domini
1021 2509 1190 2562 implere,
1228 2520 1261 2548 et

277 2570 456 2608 remittens
470 2570 550 2607 illos
562 2570 809 2609 adreddendas
824 2573 898 2609 Deo
917 2571 1163 2609 universorum
1183 2585 1261 2623 gra·
1272 2594 1319 2619 [Μ

276 2630 361 2678 tias,
380 2630 449 2667 ait:
471 2632 532 2668 14.
561 2631 706 2669 Groecis
736 2641 772 2669 et
790 2634 986 2678 barbaris,
1023 2634 1260 2683 sapientibus
1285 2631 1311 2658 A

276 2699 312 2727 et
328 2693 596 2742 insipientibus
612 2692 761 2729 debitor
772 2706 869 2730 sum.
894 2691 1003 2738 Quod
1025 2701 1057 2729 et
1072 2691 1117 2729 ad
1133 2692 1260 2730 Corin-

277 2751 369 2789 thios
390 2752 547 2789 scribens
576 2752 624 2790 ita
643 2752 802 2801 dicebat,
824 2753 942 2791 omnia
957 2755 1032 2790 Deo
1050 2753 1257 2792 attribuens.

278 2813 340 2849 15.
360 2815 424 2850 Ita
440 2822 628 2865 quantum
646 2817 687 2851 in
703 2829 762 2852 me
778 2823 847 2865 est,
863 2823 899 2852 et
910 2816 1034 2861 vobis,
1049 2817 1116 2866 qui
1129 2816 1259 2853 Romoe

276 2876 380 2919 estis,
399 2875 679 2925 evangelizare.

328 2935 364 2972 6.
377 2935 408 2971 Ο
425 2947 628 2984 generosam
642 2935 797 2973 animam
815 2935 823 2974 !
839 2937 926 2974 Rem
940 2945 990 2973 tot
1003 2937 1171 2988 periculis
1184 2938 1259 2990 ple-

275 3009 357 3031 nam
371 2994 580 3046 suscipiens,
603 2995 777 3033 marinam
803 2996 1134 3048 peregrinationem,
1148 3006 1260 3036 tenta-

277 3054 401 3102 tiones,
440 3054 602 3103 insidias,
628 3055 815 3093 seditiones
845 3059 950 3103 (nam
969 3056 1005 3094 in
1045 3066 1141 3095 tanta
1173 3058 1260 3096 urbe

278 3114 584 3165 concionanti75ub
606 3115 796 3167 impietatis
816 3116 1260 3170 tyrannideposita‚tenta-

322 3267 333 3280 ἢ
361 3256 417 3288 &lii
440 3257 510 3299 [A]
528 3264 582 3291 ποῦ
599 3264 703 3292 τοίνυν.

325 3311 337 3331 ¹¹
363 3311 454 3342 IJnus
471 3309 554 3342 Cod.
575 3314 730 3353 αἰδόμενος,
749 3316 815 3344 11011
841 3310 935 3345 mule.
956 3311 1049 3344 Iden]
1077 3318 1181 3346 &ad-10>
1207 3321 1278 3354 μέν,

280 3371 345 3391 non
366 3361 461 3392 mule.
477 3363 523 3393 Dc
540 3361 763 3405 1³12110ne,‹1u‘1
783 3372 829 3395 ter
842 3364 873 3395 in
892 3363 1035 3396 Siciliam
1052 3363 1195 3406 appulit,
1211 3365 1280 3406 plu-

823 238 1005 269 Jomms
1039 233 1276 265 cnm'sosr.
1316 234 1521 266 ARCHIEP.
1560 229 1917 269 cons'rax'rffioPI

1330 315 1407 359 τοὺς
1435 316 1590 359 πιστούς.
1610 318 1711 355 ἐιΠοῦ
1744 321 1801 356 νῦν
1827 321 1858 357 οἱ
1890 320 1987 370 σοφοὶ
2015 322 2082 357 τῶν
2104 318 2295 368 Ἑλλήνων,
2317 325 2347 361 οἱ

1330 375 1408 420 τοὺς
1435 379 1549 427 βαθεῖς
1575 377 1747 428 πώγωνας
1779 378 1956 427 ἕλκοντες,
1991 380 2050 418 καὶ
2089 380 2150 423 τὰς
2178 380 2347 430 ἐξωμίδας

1330 436 1626 486 ἀναῧεὸλημένοι,
1644 438 1703 475 καὶ
1721 437 1765 476 τὰ
1785 440 1920 489 μεγάλα
1948 444 2140 492 φυσῶντες,
2164 440 2241 487 Τὴν
2258 440 2347 477 Ἓλ-

1328 497 1436 545 Mea,
1449 497 1511 544 τὴν
1531 498 1704 550 βοίρὸαρον
1719 505 1836 536 πᾶσαν
1867 502 1884 536 ὃ
1897 502 2099 546 σκηνοποιὸς
2126 501 2347 553 ἐπέστρεψεν.

1333 557 1377 596 Ὁ
1395 557 1430 596 δὲ
1450 560 1532 610 παρ’
1555 561 1669 602 αὐτοῖς
1687 557 1878 610 Βάγόμενος
1893 560 1951 598 καὶ
1970 562 2235 613 περιφερόμενος
2248 561 2347 598 Πλά-

1332 635 1413 666 των,
1429 618 1543 670 τρίτον
1563 621 1608 661 εἷς
1627 619 1790 657 Σικελίαν
1810 620 1916 658 ἐλθὼν
1937 621 2025 669 μετὰ
2043 626 2101 659 τοῦ
2126 622 2262 673 κόμπου
2280 624 2348 659 τῶν

1333 679 1498 731 ῥημάτων
1517 680 1667 727 ἐκείνων,
1689 680 1776 730 μετὰ
1794 685 1856 727 τῆς
1871 681 2074 733 ὑπολήψεως
2088 685 2150 727 τ’ἧς
2161 685 2326 734 λαμπρᾶς
2339 712 2348 729 ,

1332 740 1407 777 οὐδὲ
1441 740 1513 784 ἑνὸς
1545 740 1760 792 περιεγένετο
1780 742 1966 794 τυράννου,
1986 744 2064 780 ἀλλ’
2085 742 2192 785 οὕτως
2225 742 2350 785 ἀθλίως

1332 801 1541 848 ἀπήλλαξεν,
1556 804 1602 845 ὡς
1621 800 1680 839 καὶ
1701 803 1806 847 αὔτῆς
1826 804 1983 840 ἐκπεσεῖν
2005 806 2067 849 τ’ἧς
2082 802 2287 854 ἐλευθερίας.
2304 802 2348 840 eO

1332 862 1367 899 δὲ
1385 862 1588 909 σκηνοποιὸς
1607 856 1704 906 οὗτος
1722 864 1759 901 οὐ
1775 863 1938 901 Σικελίαν
1961 862 2063 913 μόνον
2083 862 2159 902 οὐδὲ
2179 863 2348 909 Ἰταλίαν,

1332 922 1421 961 ἀλλὰ
1453 929 1568 961 πᾶσαν
1589 923 1763 974 ἐπέδραμε
1792 922 1854 969 τὴν
1877 924 2093 974 οἰκουμένην,
2125 923 2184 962 καὶ
2211 924 2287 962 οὐδὲ
2315 925 2349 961 ἐν

1330 986 1380 1035 τῷ
1401 983 1580 1036 κηρύττειν
1612 986 1673 1029 τ’ἧς
1706 983 1830 1035 τέχνης
1869 984 2003 1032 ἀπέστη
2016 1014 2025 1031 ,
2056 985 2146 1023 ἀλλὰ
2178 985 2237 1022 καὶ
2273 984 2351 1023 τότε

1333 1045 1489 1096 δέρματα
1516 1044 1685 1097 ἔρραπτε,
1708 1045 1767 1083 καὶ
1787 1046 2015 1096 ἐργαστηρίου
2035 1046 2273 1098 προειστήκει·
2291 1045 2350 1083 καὶ

1332 1104 1406 1144 οὐδὲ
1438 1108 1537 1143 τοῦτο
1574 1106 1801 1144 ἐσκανδάλισε
1826 1105 1906 1150 τοὺς
1932 1106 1965 1151 ἐξ
1993 1107 2155 1145 ὑπάτων·
2175 1106 2234 1144 καὶ
2255 1106 2350 1157 μάλα

1333 1165 1483 1208 εἰκότως.
1503 1167 1555 1204 Οὐ
1585 1165 1650 1217 γὰρ
1682 1169 1716 1204 αἱ
1746 1165 1866 1217 τέχναι
1899 1167 1958 1204 καὶ
1993 1167 2036 1204 τὰ
2070 1167 2349 1217 ἐπιτηδεύματα,

1334 1226 1423 1264 ἀλλὰ
1442 1227 1481 1264 τὸ
1500 1228 1619 1278 ψεῦδος
1639 1226 1697 1263 καὶ
1716 1226 1760 1264 τὰ
1779 1227 2009 1278 πεπλασμένα
2033 1228 2189 1278 δόγματα
2208 1230 2350 1265 εὐκατα-

1865 1287 1938 1300 κ’κΙ

1333 1286 1520 1337 φρονῆτους
1535 1292 1644 1324 ποιεῖν
1662 1286 1757 1324 εἴωθε
1770 1285 1846 1329 τοὺς
1862 1300 2099 1330 οιοασκοντας.
2110 1288 2178 1326 Ami
2188 1303 2241 1325 τοι
2251 1293 2350 1326 τοῦτο

1333 1346 1472 1384 ἐκείνων
1498 1346 1558 1397 μὲν
1580 1347 1639 1385 καὶ
1656 1346 1827 1394 Ἀθηναῖοι
1845 1348 1964 1385 λοιπὸν
1983 1349 2219 1399 καταγελῶσι·
2238 1348 2350 1399 τούτῳ

1334 1406 1443 1444 δὲκαὶ
1462 1407 1632 1457 βάρέαροι
1658 1407 1871 1458 προσέχουσι
1885 1407 1944 1445 καὶ
1965 1408 2103 1454 ἀνόητοι
2123 1408 2181 1445 καὶ
2203 1409 2350 1446 ἰδιῶται.

1334 1466 1455 1504 Κοινὸν
1474 1466 1542 1518 γὰρ
1564 1468 1602 1505 τὸ
1623 1468 1788 1519 κήρυγμα
1807 1467 1987 1518 πρόκειται
2014 1475 2120 1506 πᾶσιν
2134 1485 2141 1491 ·
2163 1469 2223 1506 οὐκ
2243 1467 2349 1512 ’ἀξιώ-

1333 1542 1440 1576 ματος
1459 1522 1527 1564 οῗῗε
1547 1528 1724 1579 διαφορὰν,
1751 1529 1812 1564 οὐκ
1832 1528 1943 1571 ἔθνους
1961 1529 2147 1581 ὑπεροχὴν,
2176 1531 2237 1566 οὐκ
2267 1530 2352 1566 ἄλλο

1331 1591 1399 1625 τῶν
1416 1587 1580 1625 τοιούτων
1608 1588 1722 1626 οὐδέν·
1750 1588 1900 1630 πίστεως
1932 1588 1999 1640 γὰρ
2034 1591 2143 1627 δεῖται
2166 1590 2294 1639 μόνης,
2313 1592 2351 1627 οὐ

1332 1649 1586 1699 συλλογισμῶν.
1607 1648 1670 1686 Διὸ
1687 1647 1728 1695 δὴ
1749 1648 1904 1699 μάλιστα
1931 1650 2015 1687 αὐτὸ
2043 1650 2228 1699 θαυμάζειν
2246 1649 2352 1697 ἄξιον,

1333 1711 1399 1760 οὔχ
1410 1709 1462 1747 ἔτι
1477 1709 1650 1761 χρήσιμον
1670 1709 1730 1747 καὶ
1751 1710 1919 1763 σωτήριον
1936 1709 2049 1760 μόνον,
2069 1712 2145 1748 ἀλλ’
2161 1710 2214 1749 ὅτι
2229 1710 2287 1748 καὶ
2297 1710 2352 1747 εὕ-

1333 1771 1433 1808 κολον
1447 1770 1506 1807 καὶ
1519 1772 1654 1821 ῥᾷστον,
1665 1770 1724 1808 καὶ
1742 1776 1811 1813 τοῖς
1821 1777 1925 1808 πᾶσιν
1941 1771 2124 1818 εὔληπτον·
2153 1771 2170 1809 ὃ
2187 1772 2226 1818 δὴ
2247 1772 2352 1822 μάλι-

1333 1847 1400 1869 στα
1419 1834 1481 1878 τῆς
1501 1835 1561 1869 τοῦ
1578 1833 1668 1870 Θεοῦ
1687 1831 1849 1885 προνοίας
1866 1831 1962 1884 ἔργον
1983 1832 2182 1881 ἐστὶ,κοινὰ
2195 1832 2238 1870 τὰ
2266 1836 2348 1886 παρ’

1335 1894 1458 1931 ἑαυτοῦ
1479 1892 1696 1945 προτιθέντος
1714 1892 1855 1931 ἅπασιν.
1868 1893 1983 1944 εΌπερ
2003 1893 2071 1945 γὰρ
2087 1893 2143 1932 ἐπὶ
2164 1894 2262 1940 ἡλίου
2292 1895 2351 1932 καὶ

1334 1954 1479 2001 σελήνης
1491 1954 1549 1991 καὶ
1560 1957 1622 2005 γῆς
1639 1953 1696 1991 καὶ
1717 1954 1887 2000 θαλάττης
1902 1954 1960 1992 καὶ
1970 1958 2036 1992 τῶν
2051 1956 2165 1993 ἄλλων
2178 1954 2354 2003 ἐποίησεν,

1334 2015 1370 2052 οὗ
1389 2020 1458 2058 τοῖς
1474 2013 1535 2065 μὲν
1555 2016 1742 2053 πλουτοῦσι
1761 2015 1820 2053 καὶ
1840 2022 1954 2067 σοφοῖς
1973 2016 2128 2059 πλείονος
2149 2015 2352 2066 μεταδιδοὺς

1333 2078 1395 2121 τῆς
1418 2076 1487 2114 ἀπὸ
1506 2076 1633 2114 τούτων
1649 2075 1835 2128 χορηγίας,
1855 2076 2034 2119 ἐλάττονος
2052 2078 2088 2116 δὲ
2107 2083 2177 2122 τοῖς
2195 2077 2353 2125 πένησιν,

1334 2139 1410 2176 ἀλλ’
1431 2138 1510 2184 ἴσην
1527 2137 1638 2175 ἅπασι
1664 2136 1725 2184 τὴν
1746 2138 1937 2176 ἀπόλαυσιν
1955 2139 2148 2191 προτιθεὶς,
2174 2143 2273 2176 τοῦτο
2293 2138 2352 2176 καὶ

1335 2197 1392 2235 ἐπὶ
1406 2202 1465 2236 τοῦ
1479 2197 1701 2251 κηρύγματος
1717 2198 1900 2248 εἰργάσατο
1910 2229 1919 2246 ,
1938 2200 1996 2237 καὶ
2016 2201 2133 2250 πολλῷ
2145 2199 2264 2245 πλέον,
2282 2199 2352 2250 ὅσῳ

1334 2258 1394 2295 καὶ
1426 2258 1693 2310 ἀναγκαιότερον
1712 2263 1811 2296 τοῦτο
1841 2259 1994 2296 ἐκείνων.
2024 2260 2088 2296 Διὸ
2126 2259 2185 2296 καὶ
2214 2258 2352 2301 Παυλός

1335 2333 1419 2369 φησι
1437 2321 1634 2368 εσυνεχῶς,
1651 2319 1747 2354 Πῖσι
1767 2324 1837 2361 τοῖς
1857 2317 1997 2356 ἔθνεσιν.
2030 2313 2120 2356 Εἶτα
2139 2317 2268 2360 δεικνὺς
2287 2319 2352 2354 αὐ-

1333 2384 1421 2425 τοῖς,
1440 2377 1493 2415 ὅτι
1513 2377 1608 2415 οὐδὲν
1628 2381 1740 2421 αὐτοῖς
1755 2379 1952 2430 χαρίζεται,
1970 2381 2045 2416 ἀλλ’
2067 2378 2245 2430 ἐπίταγμα
2263 2380 2352 2425 πλη-

1337 2444 1388 2492 ροῖ
1402 2438 1616 2486 δεσποτικὸν,
1631 2438 1689 2476 καὶ
1705 2439 1950 2491 παραπέμπων
1977 2438 2098 2483 αὐτοὺς
2129 2440 2186 2478 ἐπὶ
2214 2439 2276 2486 τὴν
2291 2443 2351 2476 τοῦ

1335 2501 1426 2537 Θεοῦ
1456 2502 1525 2537 τῶν
1550 2499 1637 2537 ὅλων
1657 2500 1892 2551 εὐχαριστίαν,
1912 2500 2014 2551 φησίν
2030 2516 2037 2523 ·
2065 2499 2217 2547 “Em-spi
2234 2516 2271 2538 τε
2292 2499 2351 2537 καὶ

1337 2560 1543 2613 βαρόοίροις,
1562 2567 1677 2612 σοφοῖς
1696 2576 1733 2597 τε
1752 2560 1809 2598 καὶ
1831 2561 1985 2607 ἀνοήτοις
2004 2561 2181 2613 ὀφειλέτης
2201 2562 2283 2612 εἶμί.
2301 2561 2351 2600 ⁰0

1335 2620 1394 2659 καὶ
1419 2621 1609 2672 Κορινθίοις
1625 2621 1836 2658 ἐπιστέλλων
1853 2621 1962 2673 ἔλεγε.
1979 2622 2082 2672 Λέγει
2108 2622 2142 2660 δὲ
2163 2626 2262 2659 τοῦτο
2274 2652 2284 2669 ,
2312 2623 2352 2660 τὸ

1334 2689 1402 2720 πᾶν
1428 2682 1597 2724 ἀνατιθεὶς
1622 2685 1672 2734 τῷ
1699 2683 1792 2733 Θεῷ.
1825 2682 1930 2720 Οὕτω
1959 2683 1998 2721 τὸ
2029 2685 2106 2721 κατ’
2135 2682 2197 2732 ἐμὲ
2218 2682 2351 2734 πρόθυ-

1335 2759 1411 2793 μον,
1427 2742 1486 2780 καὶ
1508 2744 1586 2793 ὑμῖν
1609 2749 1679 2786 τοῖς
1706 2744 1740 2779 ἐν
1760 2742 1883 2794 Ῥώμη
1906 2743 2202 2794 εὐαγγελίσασθαι.

1384 2935 1433 2975 Ὢ
1451 2939 1566 2988 ψυχῆς
1583 2937 1742 2987 γενναίας
1756 2952 1764 2962 ·
1785 2943 1931 2990 πρᾶγμα
1963 2938 2132 2976 τοσούτων
2152 2943 2167 2959 ²²
2187 2939 2350 2977 κινδύνων

1335 2997 1459 3048 μεστὸν
1497 2997 1766 3047 ἀναδεξάμενος,
1800 2998 1998 3048 ἀποδημίαν
2034 2999 2240 3048 διαπόντιον,
2273 3016 2351 3037 πει-

1335 3058 1504 3109 ρασμοὺς,
1539 3058 1743 3104 ἐπιδουλὰς,
1774 3059 2023 3102 ἐπαναστάσεις
2054 3060 2138 3107 (καὶ
2165 3061 2232 3112 γὰρ
2263 3062 2351 3104 εἷκὸς

1333 3120 1431 3158 πόλει
1461 3118 1609 3169 τοσαύτῃ
1642 3119 1811 3169 μέλλοντα
1843 3120 2072 3171 διαλέγεσθαι,
2091 3122 2157 3159 ὑπὸ
2192 3121 2350 3165 ἀσεὸείας

1347 3261 1436 3293 ribus
1453 3262 1521 3303 agit
1538 3262 1697 3303 Diogenes
1715 3261 1864 3293 Laertius
1882 3262 1912 3293 in
1931 3263 1996 3304 ejus
2014 3263 2093 3296 xiia.

1391 3325 1403 3338 C
1428 3315 1499 3346 Duo
1516 3315 1593 3347 Mss.
1612 3314 1663 3354 [A.
1684 3320 1715 3344 ct
1733 3324 1835 3355 marg.
1857 3313 2111 3357 811νί].]συνεχῶς
2128 3319 2156 3348 ἐν
2172 3323 2250 3349 πᾶσι,

1393 3379 1404 3390 «ι
1432 3364 1538 3397 Iidem
1557 3366 1675 3408 [marg.
1696 3364 1796 3398 Sat-il.
1817 3372 1848 3397 ct
1866 3367 1918 3407 A]
1937 3369 2067 3400 meh-am
2087 3373 2185 3410 γέμον,
