2466 3805
650 248 693 277 ΙΝ
728 247 843 277 ACTA
884 246 1203 278 APOSTOLORUM
1215 268 1224 279 .

104 328 249 381 ραδείσῳ
269 329 359 368 ἔοικε
381 334 438 368 τοῦ
457 331 559 368 Θεοῦ.
574 330 650 367 Οὐκ
667 329 760 367 ἔστιν
781 331 852 367 ἐκεῖ
870 329 1004 381 κραυγὴ
1020 360 1030 375 ,
1057 331 1118 367 οὐκ

101 389 174 428 ἔστι
206 390 365 442 θόρυὸος,
401 392 463 428 οὐκ
494 390 610 441 ἐχθροὶ
640 390 818 442 διάφοροι,
858 391 923 442 οὐχ
950 389 1098 442 αἱρέσεις
1110 404 1118 412 ·

99 449 231 495 πάντας
250 451 368 502 φίλους
387 450 478 489 ἐστὶν
496 452 591 499 ἰδεῖν,
611 454 679 488 τῶν
706 453 817 488 αὐτῶν
835 450 1016 501 δογμάτων
1044 465 1119 488 κοι-

100 510 238 554 νωνούς.
256 510 350 563 ’'A-(52
379 527 416 548 σε
436 513 483 554 εἰς
501 511 704 563 φιλοσοφίαν
726 515 748 558 ἡ
773 510 922 563 ἡσυχία·
943 510 1060 549 λαῧών
1081 526 1119 548 σε

100 572 169 609 ἀπὸ
183 575 245 618 τῆς
260 571 462 624 φιλοσοφίας
479 571 607 619 ταύτης
626 575 642 610 ὅ
658 571 902 623 πρεσὸύτερος,
944 569 1118 622 θεραπεύ-

100 647 152 670 σει
169 631 329 676 εὐκόλως.
347 634 521 670 Ἐνταῦθα
543 633 604 682 μὲν
625 633 704 686 γὰρ,
721 632 786 670 ὅσα
813 632 870 670 ἐὰν
897 632 1070 683 λέγωμεν,
1096 635 1117 677 ἡ

100 693 211 745 ἀγορὰ
227 693 382 745 ἐκκρούει
398 709 406 716 ·
429 696 499 732 ἐκεῖ
521 693 555 731 δὲ
576 693 664 745 ἅπερ
685 693 724 730 ἂν
746 692 916 744 ἀκούσῃς,
935 692 1119 742 πεπηγότα

100 753 184 797 ἕξεις
195 756 228 791 ἐν
243 757 286 805 τῇ
304 753 435 805 διανοίᾳ
451 784 461 802 ,
478 753 592 806 ἕτερος
611 756 644 791 ἐν
660 757 709 806 τῷ
727 755 822 805 ἀγρῷ
837 753 898 802 ἔσῃ
917 754 958 789 δι’
976 753 1118 790 ἐκείνου·

99 814 158 851 καὶ
174 814 312 852 ἐκείνων
333 814 369 852 δὲ
382 814 617 865 προστήσεται
633 842 643 860 ,
672 813 732 851 καὶ
751 814 849 851 ἔσται
880 811 989 864 φύλαξ’
1009 815 1058 864 τῷ
1082 828 1119 849 τε

99 874 280 926 παρεῖναι,
305 878 354 928 τῷ
370 891 408 913 τε
429 874 600 927 ῥυθμίζειν
627 873 761 916 αὐτούς.
778 873 893 910 Πόσον
911 872 948 909 δέ
967 873 1040 935 ἐστι
1059 871 1119 909 καὶ

99 937 139 974 τὸ
154 937 340 986 ἀνάλωμα,
364 937 440 974 εἰπέ
463 951 538 986 μοι,
555 935 706 982 Ποίησον
723 934 808 977 τέως
831 933 955 984 μικρὸν
974 936 1065 971 οἰκον
1083 934 1117 970 ἐν

99 996 193 1040 τάξει
214 1002 310 1035 ναοῦ·
340 1000 357 1035 ὁ
384 996 472 1048 μετὰ
501 996 537 1035 σὲ
567 995 705 1042 ποιήσει
721 995 837 1042 στοὰν,
858 998 875 1031 ὃ
897 995 971 1044 μετ’
991 997 1117 1032 ἐκεῖνον

100 1057 200 1109 ἕτερα
220 1057 426 1109 προσθήσει,
445 1056 503 1094 καί
521 1055 610 1093 οὕτω
630 1055 683 1093 σοὶ
701 1054 946 1106 λογισθήσεται
971 1054 1010 1092 τὸ
1037 1060 1118 1091 πᾶν.

99 1116 150 1154 Σὺ
168 1117 267 1159 δίδως
288 1117 423 1168 μικρὸν,
442 1115 500 1153 καὶ
520 1120 578 1153 τοῦ
597 1114 723 1158 παντὸς
742 1113 931 1165 λαμὸάνεις
954 1112 1011 1151 τὸν
1034 1117 1118 1163 3μι-

99 1177 190 1215 σθόν.
208 1178 344 1215 Οὐκοῦν
362 1176 474 1228 ἀρχὴν
490 1175 622 1223 ἐπίθες,
639 1176 795 1226 θεμέλιον
813 1174 991 1212 κατάὸαλε
1008 1190 1015 1197 ·
1032 1176 1119 1224 μᾶλ-

98 1238 156 1274 λον
180 1236 215 1274 δὲ
242 1236 410 1281 ἀλλήλους
430 1236 699 1289 παρακαλέσατε
714 1251 721 1258 ·
745 1235 897 1286 ἅμιλλαν
926 1235 1119 1281 ποιήσασθε

98 1301 156 1335 τοῦ
173 1298 387 1350 πράγματος.
405 1299 477 1335 Νῦν
499 1297 533 1334 δὲ
553 1296 633 1333 ἔνθα
653 1296 714 1347 μὲν
735 1296 850 1349 ἄχυρα
869 1296 928 1334 καὶ
949 1302 1041 1334 σῖτον
1059 1295 1118 1333 καὶ

98 1358 212 1396 πάντα
229 1358 273 1395 τὰ
289 1362 431 1396 τοιαῦτα
451 1357 641 1395 ἀποθέσθαι
661 1358 732 1403 δεῖ,
749 1358 899 1400 εὐκόλως
918 1358 1116 1407 οἶκοδομοῢ·

98 1435 163 1458 σιν·
180 1420 259 1458 ἔνθα
276 1419 310 1456 δὲ
325 1421 532 1470 συλλεγῆναι
545 1418 615 1471 χρὴ
635 1420 756 1470 ψυχῶν
775 1419 988 1470 γεννήματα,
1008 1419 1116 1470 933&-

99 1483 172 1531 μῶς
186 1481 430 1532 φροντίζουσιν,
445 1482 520 1518 ἀλλ’
533 1482 785 1532 ἀναγκάζονται
802 1480 941 1532 μυρίους
959 1480 1115 1523 σταδίους

98 1541 262 1592 βαδίζειν,
286 1541 344 1579 καὶ
365 1541 500 1594 μακρὰς
527 1540 724 1592 ἀποδημίας
743 1542 966 1588 στέλλεσθαι,
991 1540 1049 1578 ἵνα
1068 1543 1115 1584 εἷς

95 1602 282 1648 ἐκκλησίαν
306 1602 467 1641 ἀπίωσιν.
484 1601 595 1640 εὈσον
612 1602 647 1639 δέ
663 1604 755 1640 ἐστιν
775 1603 900 1663 ἀγαθὸν
924 1603 1010 1654 μετὰ
1026 1605 1114 1641 πολ-

96 1665 160 1708 λῆς
178 1663 325 1714 ἡσυχίας
342 1665 377 1701 ἐν
396 1666 438 1714 τῇ
456 1664 624 1715 ἐκκλησίᾳ
642 1664 699 1702 τὸν
731 1660 830 1716 ἱερέα.
843 1664 1112 1717 παραγίνεσθαι,

95 1724 152 1762 ἵνα
178 1724 304 1777 προσίῃ
322 1727 371 1776 τῷ
391 1727 491 1777 Θεῷ,
511 1725 569 1763 καὶ
591 1725 676 1777 λέγῃ
703 1724 876 1778 ὑπὲρ,’τῆς
895 1726 1016 1776 κώμης
1035 1729 1111 1764 καθ’

97 1786 245 1833 ἑκάστην
268 1786 414 1838 ἡμέραν,
433 1786 518 1838 ὑπὲρ
531 1791 590 1825 τοῦ
605 1782 832 1839 κεκτημένου.
852 1787 986 1838 Μικρόν
1002 1790 1108 1833 ἐστιν,

95 1847 171 1884 εἶπέ
184 1863 258 1898 μοι,
280 1849 319 1886 τὸ
332 1848 390 1885 καὶ
407 1850 441 1886 ἐν
457 1853 532 1891 ταῖς
542 1848 664 1899 ’ἁγίαις
682 1852 867 1902 ἀναφοραῖς
886 1848 987 1886 ἀεὶτὸ
1003 1848 1112 1899 όνομοί

94 1924 154 1946 σου
180 1911 374 1959 ἐγκεῖσθαι,
404 1908 462 1946 καὶ
493 1911 569 1947 καθ’
592 1910 742 1955 ἑκάστην
773 1910 906 1961 ἡμέραν
938 1909 1024 1960 ὑπὲρ
1050 1912 1112 1955 τῆς

94 1968 215 2018 κώμης
234 1970 338 2020 εὐχὰς
357 1969 508 2019 γίνεσθαι
531 1971 616 2022 πρὸς
641 1971 697 2008 τὸν
717 1971 827 2017 Θεόν,
848 1970 952 2008 πόσον
983 1971 1035 2009 σοὶ
1053 1970 1111 2008 καὶ

95 2031 142 2071 εἷς
174 2030 218 2067 τὰ
237 2030 326 2066 ἄλλα
352 2028 475 2067 ι’τοῦτο
498 2031 686 2078 λυσιτελεῖ,
721 2031 913 2082 Συμὸαίνει
944 2031 1039 2074 τινὰς
1072 2034 1111 2069 ἐκ

94 2089 255 2140 γειτόνων
271 2092 375 2127 οἷκεῖν
394 2090 452 2127 καὶ
469 2090 560 2142 ἔχειν
577 2092 779 2144 ἐπιτρόπους
791 2108 798 2115 ·
816 2092 900 2143 πρὸς
917 2092 954 2130 σὲ
976 2092 1036 2143 μὲν
1053 2087 1110 2130 οὖν

94 2151 151 2188 τὸν
171 2150 304 2196 πένητα
325 2154 385 2189 οὐκ
408 2151 547 2194 ἀξιώσει
566 2169 618 2195 τις
645 2153 782 2191 ἐκείνων
805 2155 881 2191 οὐδὲ
905 2156 1031 2191 ἐλθεῖν·
1052 2154 1108 2191 τὸν

95 2211 129 2250 δὲ
148 2211 378 2262 πρεσὸύτερον
406 2211 487 2255 ἴσως
505 2212 564 2249 καὶ
581 2213 720 2251 καλέσει
734 2244 744 2262 ,
762 2214 822 2251 καὶ
840 2213 1012 2266 τραπέζης
1030 2229 1108 2251 κοι-

92 2272 195 2310 νωνὸν
211 2271 359 2317 ποιήσει.
375 2271 499 2324 Ὁρᾷς,
520 2272 611 2311 πόσα
627 2276 777 2312 ἐντεῦθεν
796 2275 978 2325 γενήσεται
998 2275 1106 2321 καλοί;

91 2334 213 2379 Ποίσης
231 2331 328 2370 ἔσται
343 2331 428 2374 τέως
443 2336 465 2378 ἠ
482 2332 583 2383 κώμη
600 2341 752 2387 πονηρᾶς
771 2334 919 2386 ὑποψίας
934 2336 1107 2387 ἐλευθέρα’

90 2392 197 2435 οὐδεὶς
224 2392 445 2445 ἀνδροφονίας
459 2423 468 2440 ,
497 2393 605 2438 οὐδεὶς
623 2395 756 2442 κλοπ-ῆς
775 2395 888 2433 ἕνεκεν
909 2396 1108 2448 ἐγκαλέσει,

89 2453 195 2497 οὐδεὶς
213 2457 365 2492 τοιοῦτον
384 2453 477 2492 οὐδὲν
497 2455 714 2494 ὓποπτεύσει.
730 2455 881 2509 ’Ἔχουσι
904 2457 963 2495 καὶ
988 2458 1108 2511 ἑτέραν

88 2514 323 2566 παραμυθίαν,
351 2514 389 2552 ἂν
411 2515 508 2559 νόσος
536 2518 846 2570 παρακολουθήσῃ,
881 2518 919 2556 ἂν
950 2519 1105 2562 Θάνατος.

88 2575 166 2626 Οὐχ
184 2576 299 2618 ἁπλῶς
318 2575 393 2614 οὐδὲ
412 2578 458 2620 ὡς
476 2576 576 2629 ἔτυχε
592 2578 651 2615 καὶ
668 2581 703 2617 αἱ
722 2579 833 2630 φιλίαι
858 2580 1009 2631 γίνονται
1036 2584 1105 2618 τῶν

90 2637 159 2672 ἐκεῖ
174 2639 255 2687 παρ’
272 2637 432 2683 ἀλλήλοις
448 2637 568 2676 ἰόντων
581 2655 588 2662 ·
606 2638 665 2676 καὶ
681 2642 714 2677 αἱ
732 2640 867 2678 σύνοδοι
885 2640 920 2678 δὲ
938 2641 1105 2692 γενήσον-

88 2711 144 2733 ται
164 2698 280 2749 πολλῷ
299 2701 366 2736 τῶν
390 2701 424 2736 ἐν
443 2705 516 2742 ταῖς
537 2701 769 2752 πανηγύρεσιν
789 2701 916 2749 ἡδίους.
935 2704 987 2740 Οὐ
1003 2702 1104 2753 μόνον

89 2757 122 2795 δὲ
144 2761 177 2796 αἱ
200 2758 352 2806 σύνοδοι,
375 2760 465 2798 ἀλλὰ
484 2761 542 2799 καὶ
564 2761 661 2800 αὐτοὶ
683 2765 713 2800 οἱ
731 2767 950 2815 προεστῶτες
969 2764 1025 2801 διὰ
1047 2764 1104 2802 τὸν

87 2818 316 2871 πρεσὸύτερον
337 2821 600 2875 αἰδεσιμώτεροι
623 2822 772 2862 ἔσονται.
789 2824 937 2867 Πάντως
952 2825 1103 2872 ἀκούεις,

86 2879 136 2918 ὅτι
155 2880 197 2918 τὰ
216 2879 443 2933 Ἱεροσόλυμα
461 2882 558 2934 παρὰ
575 2883 637 2926 τὰς
653 2883 761 2928 ἄλλας
779 2884 898 2929 πόλεις
911 2885 1103 2937 τιμιώτερα

87 2934 126 2987 ἦν
146 2942 241 2994 παρὰ
270 2948 340 2986 τοῖς
378 2945 559 2987 παλαιοῖς·
587 2946 662 2983 ἀλλ’
686 2947 751 2998 οὐχ
779 2948 918 2993 ἁπλῶς,
942 2947 1032 2986 ἀλλὰ
1048 2947 1104 2985 διὰ

84 3001 146 3048 τὴν
164 3002 242 3040 τότε
261 3007 456 3055 κρατοῦσαν
477 3004 662 3044 εὖσέὲειαν.
684 3006 751 3043 Διὰ
771 3012 870 3045 τοῦτο
896 3007 976 3045 ἔνθα
994 3015 1103 3059 τιμᾶ-

83 3078 141 3099 ται
158 3063 247 3106 Θεὸς
259 3093 268 3109 ,
286 3064 381 3101 οὐδέν
409 3066 483 3102 ἐστι
508 3065 657 3119 πονηρόν
672 3082 679 3089 ·
695 3066 814 3119 ὥσπερ
834 3068 940 3106 πάλιν
970 3068 1049 3104 ἔνθα
1066 3069 1103 3105 οὐ

83 3131 246 3174 τιμᾶται,
278 3124 372 3163 οὐδὲν
405 3127 544 3177 ἀγαθόν.
573 3127 694 3173 Πολλὴ
717 3129 888 3180 ἀσφάλεια
921 3128 1018 3166 ἔσται
1044 3129 1103 3166 καὶ

83 3184 179 3234 παρὰ
197 3186 278 3236 Θεῷ
305 3186 363 3222 καὶ
388 3185 485 3238 παρὰ
504 3187 706 3238 ἀνθρώποις.
729 3189 799 3227 Mt
818 3191 1030 3241 παρακαλῶ,
1055 3188 1102 3240 μὴ

82 3251 285 3303 παρέργως,
303 3252 393 3290 ἀλλὰ
412 3253 596 3305 προθύμως
616 3258 675 3292 τοῦ
692 3255 897 3307 πράγματος
919 3256 1101 3294 ἀντιλάὸε-

128 3392 140 3406 ³
157 3388 260 3425 μισθόν
274 3393 280 3399 ·
300 3389 374 3422 ὅλως
389 3391 484 3430 ἀρχὴν
499 3391 603 3427 ἐπίθες,
622 3387 668 3418 sic
684 3398 778 3418 unus.

1133 488 1180 514 151

1265 249 1422 279 nonni„
1460 249 1590 279 xviu.
2091 234 2178 298 ¹59

1194 330 1294 369 Villa
1312 331 1405 368 enim
1421 345 1498 381 quae
1517 329 1701 367 ecclesiam
1722 329 1841 380 habet,
1860 329 2027 381 paradiso
2046 330 2110 368 Dei
2131 331 2179 368 si-

1195 392 1291 430 milis
1311 401 1372 430 est.
1394 393 1472 430 Non
1491 392 1632 429 estillic
1646 392 1791 441 clamor,
1812 405 1881 429 non
1900 392 2090 441 tumultus,
2108 406 2178 430 non

1195 452 1288 491 varii
1306 453 1458 502 inimici,
1474 467 1542 490 non
1556 453 1706 490 haereses
1725 469 1732 489 :
1751 466 1872 490 omnes
1885 452 2005 491 videre
2023 461 2072 489 est
2089 452 2178 489 ami-

1145 527 1171 555 Α
1196 527 1265 562 cos,
1282 514 1486 552 eorumdem
1505 523 1680 552 consortes
1694 513 1914 565 dogmatum.
1933 516 1986 552 Te
2005 513 2050 550 ad
2062 514 2177 565 pbilo-

1195 574 1356 625 sophiam
1369 574 1468 625 quies
1482 574 1627 612 adducit
1645 590 1652 610 :
1669 574 1714 611 ab
1736 575 1803 612 hac
1818 574 2045 626 philosophia
2064 583 2097 612 te
2114 588 2177 612 as-

1191 648 1332 673 sumens
1359 636 1559 688 presbyter,
1580 636 1683 673 facile
1710 637 1861 674 curabit.
1878 636 1944 673 Hic
1964 636 2070 683 enim,
2086 650 2178 686 quae-

1191 708 1341 745 cumque
1360 695 1570 743 dixerimus,
1590 696 1708 732 sorum
1727 697 1860 733 excutit
1879 712 1886 732 :
1903 696 1979 733 illic
1999 710 2079 734 vero
2100 710 2177 746 quae

1190 754 1358 802 audieris,
1378 755 1497 792 defixa
1522 756 1559 792 in
1591 765 1704 792 mente
1731 756 1891 802 habebis.
1908 757 2011 794 Alius
2032 757 2068 794 in
2091 771 2176 808 agro

1190 815 1257 852 eris
1268 830 1330 867 per
1341 815 1449 852 illum
1465 832 1472 851 :
1493 825 1525 852 et
1537 816 1608 853 illis
1625 816 1701 870 ipse
1711 818 1865 867 praeerit,
1883 827 1999 855 custos
2018 819 2084 856 erit
2100 828 2176 856 tum

1192 875 1285 925 quod
1299 890 1451 927 praesens
1463 876 1521 925 sit,
1532 885 1608 913 tum
1622 876 1717 926 quod
1729 877 1808 914 illos
1822 888 2022 929 componat.
2035 880 2176 924 Quanta

1190 945 1241 973 est
1262 950 1429 987 expensa,
1450 937 1509 974 dic
1540 937 1656 974 mihi?
1673 938 1743 975 Fac
1764 929 1911 976 interim
1939 954 2087 990 parvam
2112 941 2175 978 do-

1189 1009 1290 1033 mum
1307 1011 1371 1047 pro
1387 997 1539 1048 templo;
1558 997 1620 1047 qui
1639 1006 1716 1048 post
1732 1007 1765 1035 te
1784 998 1916 1050 veniet,
1936 1000 2039 1037 faciet
2057 1001 2176 1051 porti-

1190 1069 1288 1105 cum;
1300 1071 1448 1107 sequens
1463 1057 1565 1094 aliud
1583 1057 1730 1109 adjiciet
1751 1074 1759 1094 :
1780 1067 1815 1096 et
1833 1062 1883 1096 sic
1899 1060 1963 1097 tibi
1980 1069 2095 1097 totum
2108 1061 2176 1098 im-

1187 1117 1384 1168 putabitur.
1407 1120 1465 1156 Tu
1490 1118 1553 1155 das
1573 1133 1715 1170 parum,
1741 1129 1774 1157 et
1796 1120 1956 1158 omnium
1975 1121 2175 1160 mercedem

1188 1178 1329 1230 recipis.
1351 1178 1447 1230 Ergo
1469 1179 1613 1217 initium
1635 1180 1751 1229 facito,
1770 1181 2042 1227 fundamentum
2063 1198 2173 1235 pone;

1143 1242 1166 1270 B
1188 1238 1260 1276 imo
1287 1253 1350 1277 vos
1376 1249 1501 1278 mutuo
1530 1241 1740 1291 hortamini3
1757 1242 1823 1279 hac
1847 1242 1882 1279 in
1902 1257 1940 1280 re
1960 1254 2171 1283 concertate.

1187 1301 1290 1337 Nunc
1315 1310 1433 1338 autem
1463 1301 1524 1339 ubi
1551 1302 1666 1354 palea,
1688 1304 1907 1341 frumentum
1930 1314 1963 1342 et
1984 1306 2101 1342 omnia
2121 1305 2172 1344 si—

1186 1361 1286 1398 milia
1315 1363 1516 1414 reponenda
1544 1373 1636 1411 sunt,
1655 1365 1760 1402 facile
1778 1365 1957 1403 aedificant
1973 1382 1981 1402 :
2000 1366 2063 1403 ubi
2089 1381 2174 1406 vero

1186 1423 1386 1460 animarum
1414 1424 1551 1461 fructus
1578 1425 1768 1477 colligendi
1794 1435 1887 1475 sunt,
1907 1426 2000 1464 nihil
2026 1437 2172 1477 curant,

1185 1483 1246 1521 sed
1262 1493 1437 1535 coguntur
1453 1485 1551 1523 mille
1564 1486 1678 1524 stadia
1697 1488 1849 1537 emetiri,
1867 1497 1899 1525 et
1911 1502 2056 1540 magnas
2071 1503 2172 1540 pere-

1185 1544 1398 1595 grinationes
1409 1545 1598 1598 suscipere,
1608 1556 1647 1584 ut
1658 1547 1694 1584 in
1709 1548 1891 1586 ecclesiam
1907 1549 2044 1587 abeant.
2056 1551 2174 1597 Quan-

1183 1615 1262 1643 tum
1273 1615 1392 1643 autem
1405 1606 1540 1644 bonum
1554 1617 1618 1656 est,
1636 1623 1717 1646 cum
1730 1623 1855 1660 magna
1877 1610 1994 1660 quiete
2009 1612 2172 1650 sacerdo—

1183 1676 1254 1705 tem
1273 1667 1309 1705 in
1337 1668 1521 1705 ecclesiam
1542 1670 1674 1717 venire,
1695 1680 1734 1708 ut
1761 1671 1904 1709 accedat
1931 1672 1977 1709 ad
1993 1674 2121 1723 Deum,
2138 1683 2172 1711 ct

1184 1727 1341 1778 quotidie
1359 1737 1432 1765 oret
1448 1743 1513 1780 pro
1530 1729 1620 1779 vico,
1640 1745 1705 1782 pro
1740 1731 1889 1783 praedio.
1909 1735 2086 1771 Parumne
2101 1743 2166 1785 est,

1183 1787 1243 1824 die
1259 1802 1332 1838 oro,
1344 1789 1380 1826 in
1394 1790 1503 1827 sacris
1520 1790 1759 1829 oblationibus
1773 1806 1911 1845 semper
1925 1808 2051 1832 nomen
2066 1803 2169 1832 tuum

2245 1746 2374 1776 Nomina

2237 1799 2271 1825 pa
2278 1795 2376 1817 [rono-

2184 1840 2249 1857 rum
2276 1840 2306 1856 ln
2332 1841 2375 1858 sa-

1183 1850 1330 1896 referri‚
1361 1860 1394 1888 et
1426 1851 1587 1901 quotidie
1616 1867 1679 1904 pro
1706 1854 1795 1892 villa
1824 1869 1943 1906 preces
1970 1855 2015 1892 ad
2051 1858 2168 1894 Deum
2183 1873 2238 1899 cris
2253 1871 2375 1898 oblatio-

1185 1910 1324 1948 emitti?
1340 1922 1513 1962 quantum
1524 1913 1588 1950 tibi
1611 1923 1643 1951 et
1657 1914 1703 1951 ad
1721 1914 1793 1952 alia
1813 1916 1880 1953 hoc
1899 1917 2168 1968 pi'odesti‘Con-

1137 1981 1160 2011 C
1184 1971 1289 2022 tingit
1311 1973 1483 2023 quosdam
1501 1988 1520 2012 e
1539 1975 1655 2013 vicino
1673 1975 1835 2013 habitare
1853 1986 1886 2014 et
1906 1987 2085 2016 curatores
2105 1980 2171 2017 ba—

1183 2032 1265 2070 bere
1288 2049 1295 2069 z
1318 2034 1364 2071 ad
1384 2044 1416 2072 te
1436 2034 1548 2085 igitur
1561 2050 1756 2088 pauperem
1776 2051 1879 2075 nemo
1898 2053 2020 2076 eorum
2052 2041 2172 2079 venire

1183 2093 1402 2143 dignabitur,
1427 2094 1488 2132 sed
1525 2097 1774 2147 presbyterum
1802 2098 1893 2135 forte
1926 2098 2114 2150 invitabit,
2140 2111 2174 2139 et

1183 2166 1310 2190 mensae
1335 2163 1530 2191 consortem
1551 2155 1666 2192 faciet.
1688 2158 1721 2195 V
1725 2157 1799 2202 ides
1821 2168 1951 2208 quanta
1972 2160 2054 2199 hinc
2081 2162 2173 2199 bona

1182 2213 1368 2251 evenient?
1387 2215 1486 2253 Villa
1516 2215 1658 2253 interim
1685 2217 1750 2254 erit
1775 2219 1821 2255 ab
1846 2219 1943 2257 omni
1972 2222 2174 2274 suspicione

1181 2273 1424 2313 libera:nemo
1446 2276 1657 2325 homicidii,
1673 2292 1774 2316 nemo
1793 2280 1878 2318 furti
1898 2284 2097 2332 accusabit,
2116 2299 2173 2322 ne-

1183 2350 1242 2374 mo
1260 2336 1376 2375 simile
1395 2338 1582 2390 quidpiam
1595 2340 1846 2392 suspicabitur.
1860 2343 1998 2381 Habent
2014 2355 2047 2382 et
2064 2347 2173 2384 aliam

1183 2397 1471 2448 consolationem,
1505 2399 1580 2439 sive
1611 2401 1757 2439 morbus
1789 2402 1866 2441 sive
1899 2419 1995 2444 mors
2022 2407 2173 2446 accidat.

1181 2458 1261 2496 Non
1281 2468 1474 2510 utcumque
1496 2474 1558 2498 nec
1586 2476 1729 2513 quoquo
1750 2463 1856 2502 modo
1892 2467 2057 2506 amicitiae
2081 2469 2173 2507 istuc

1181 2529 1305 2558 mutuo
1325 2521 1528 2558 coeuntium
1557 2523 1777 2573 junguntur5
1810 2535 1919 2565 coetus
1952 2543 2035 2567 vero
2069 2539 2172 2567 erunt

1133 2590 1159 2620 D
1180 2583 1293 2620 multo
1318 2597 1426 2633 quam
1440 2583 1474 2620 in
1489 2583 1752 2623 celebritatibus
1782 2587 1973 2626 suaviores.
1996 2592 2076 2628 Non
2095 2605 2171 2628 mo-

1179 2641 1225 2679 do
1257 2652 1376 2680 autem
1407 2651 1529 2690 coetus,
1558 2643 1621 2681 sed
1647 2653 1680 2681 et
1713 2644 1780 2694 illi,
1813 2647 1875 2696 qui
1900 2649 2101 2699 praesident,
2123 2651 2170 2687 ob

1177 2703 1431 2755 presbyterum
1449 2704 1723 2742 venerabiliores
1753 2716 1867 2746 erunt.
1896 2709 2011 2747 Audis
2046 2711 2169 2762 utique

1178 2764 1437 2816 jerosolymam
1458 2764 1544 2802 olim
1564 2765 1644 2803 aliis
1667 2766 1816 2805 urbibus
1837 2769 1934 2821 apud
1949 2780 2084 2809 veteres
2103 2772 2168 2809 bo-

1177 2825 1391 2862 noratiorem
1412 2825 1538 2875 fuisse3
1569 2840 1632 2864 nec
1659 2827 1734 2865 sine
1765 2842 1884 2880 causa,
1906 2831 1968 2868 sed
1993 2833 2087 2882 quod
2115 2833 2168 2870 ibi

1177 2895 1260 2923 tunc
1271 2886 1383 2938 pietas
1394 2886 1580 2924 obtineret.
1594 2889 1773 2935 Quoniam
1782 2890 1844 2927 ubi
1854 2891 2048 2930 honoratur
2056 2895 2165 2943 Deus,

1177 2948 1227 2985 ibi
1242 2948 1334 2985 nihil
1353 2948 1439 2986 mali
1459 2957 1529 2997 est;
1551 2949 1613 2986 ubi
1636 2964 1706 2988 non
1719 2951 1926 3001 honoratur,
1945 2953 2036 2991 nihil
2060 2955 2161 2993 boni.

1177 3012 1294 3049 Multa
1329 3012 1498 3050 securitas
1532 3013 1598 3051 erit
1626 3014 1733 3051 etiam
1776 3025 1809 3052 et
1842 3016 1937 3067 apud
1975 3019 2092 3056 Deum
2133 3029 2166 3057 et

1177 3071 1275 3122 apud
1293 3072 1466 3110 homines.
1485 3072 1603 3109 Etiam
1629 3086 1726 3123 rOgO,
1753 3087 1821 3111 non
1852 3075 1981 3125 ignave
2001 3077 2062 3114 sed
2084 3078 2163 3115 ala-

2183 1913 2269 1940 nibus

2185 1954 2372 1982 serebantur.

2307 1922 2376 1950 prov·

1178 3133 1283 3170 criter
1303 3147 1379 3170 rem
1397 3132 1575 3185 suscipite.
1596 3135 1688 3172 Nam
1703 3135 1731 3171 si
1753 3135 1814 3185 qui
1833 3136 1951 3174 educit
1969 3138 2163 3189 pretiosum
2177 3147 2238 3174 λεν.
2263 3146 2307 3175 15.
2319 3155 2365 3185 ¹9·

1177 3207 1197 3230 a
1221 3193 1297 3242 vili,
1317 3193 1416 3244 quasi
1441 3208 1479 3230 os
1510 3194 1575 3230 Dei
1601 3194 1684 3243 erit,
1704 3195 1765 3245 qui
1795 3204 1845 3233 tot
1869 3197 2071 3247 animabus,
2090 3208 2163 3237 tam

1177 3255 1408 3305 praesentibus
1444 3269 1550 3304 quain
1581 3255 1710 3293 suturis
1750 3271 1861 3307 usque
1898 3258 1944 3296 ad
1972 3258 2165 3299 adveutum

1207 3391 1223 3413 b
1240 3389 1332 3420 Unus
1346 3386 1429 3420 Cod.
1449 3393 1536 3421 τοῦτο
1554 3391 1691 3421 συντελεῖ.
