2502 3810
699 279 741 307 ΙΝ
778 276 919 307 EPIST.
959 275 1018 304 AD
1054 272 1162 303 ROM.
1200 271 1355 301 HOMIL.
1394 269 1488 299 XIX.
2056 263 2140 308 721

84 362 132 412 μὴ
151 360 317 414 ἷσγύσῃς,
343 359 432 399 ἀ)λα
462 376 520 397 και
545 375 644 397 τουτο
669 359 827 411 προδι1ς;
854 351 945 396 Ειτα
976 354 1095 400 ἐπειδὴ

82 426 156 460 εἰπε
170 421 300 473 ,Παρὰ
312 420 425 472 φύσιν,
445 419 525 467 καὶ,
542 417 876 471 Ἐνεκεντρίσθης,“’
863 433 916 455 ινα
929 416 976 467 μὴ
994 415 1096 454 πλέον

81 497 114 519 τι
129 482 186 520 τὸν
203 480 406 519 Ἴουδαῖονὲ
387 497 445 532 εχε
431 496 477 518 ιν
493 479 652 531 νουιίζῃς,
672 479 776 517 πάλιν
794 478 876 516 αὐτὸ
892 479 1097 528 διορθοῦται,

81 542 190 593 λεγων
204 542 262 580 καὶ
282 540 383 579 αὐτὸν
404 541 697 594 ἐγκεντρίζεσθαι·
712 539 819 591 Πόσι)
840 540 970 588 μᾶλλον
991 540 1097 583 οὗτοι,

83 618 205 654 φησιν,
240 603 271 640 οἱ
307 601 397 640 κατὰ
436 601 535 653 φύσιν
573 599 918 651 ἐγκεντρισθήσονται
947 600 989 649 τῇ
1028 596 1099 648 ἰδίᾳ

82 662 204 714 ἐλαίᾳ,
231 662 299 700 Καὶ
321 661 439 709 πάλιν,
467 662 650 703 Δυνατὸςὸ
673 659 762 702 Θεὸς
787 657 1004 710 ἐγκεντρίσαι
1033 659 1097 695 αὖ-

82 722 168 765 τούς.
185 723 254 761 Καὶ
270 722 338 773 πρὸ
354 721 472 760 τούτου
494 721 530 759 δέ
545 736 660 772 φησιν,
680 720 733 759 ὅτι
750 719 807 758 ἐὰν
826 718 874 770 μὴ
896 717 1099 769 ἐπιμείνωσι

83 786 125 834 τῇ
158 782 323 833 ἀπιστίᾳ,
345 781 702 833 ἐγκεντρισθήσονται.
722 779 830 831 Παρὰ
849 779 948 830 φύσιν
976 777 1011 816 δὲ
1040 777 1100 815 καὶ

84 842 173 880 κατὰ
189 842 287 894 φύσιν
309 843 388 880 ὅταν
407 841 556 894 ἀκούσῃς
570 844 671 879 αὐτοῦ
688 842 837 895 σρνεχῶς
851 838 1007 889 λέγοντος
1018 868 1027 885 ,
1050 838 1098 888 μὴ

84 903 145 950 τὴν
162 904 320 950 ἀκίνητον
341 903 468 949 ταύτην
488 903 585 955 φύσιν
611 902 728 952 νόμιζε
746 901 858 950 λέγειν
881 900 994 947 αὐτὸν,
1012 898 1100 936 ἀλλὰ

85 965 144 1002 καὶ
164 964 202 1001 τὸ
221 964 308 1007 εἰκὸς
325 963 437 1001 καὶτὸ
455 963 651 1009 ἀκόλουθον,
678 961 737 999 καὶ
761 961 799 998 τὸ
827 960 967 1002 ἀπεικὸς
993 960 1099 996 πάλιν

84 1025 215 1068 τούτοις
249 1026 370 1071 δηλοῦν
405 1031 475 1067 τοῖς
502 1023 679 1073 ὀνόμασιν.
710 1024 787 1059 ίὈὐ
813 1021 881 1072 γὰρ
900 1020 1028 1072 φυσικὰ
1056 1020 1100 1057 τὰ

85 1085 176 1122 καλὰ
195 1085 254 1123 καὶ
273 1084 317 1122 τὰ
336 1084 384 1134 μὴ
405 1088 566 1130 τοιαῦτα,
587 1081 678 1120 ἀλλὰ
695 1081 837 1132 γνώμης
855 1080 914 1117 καὶ
939 1079 1101 1131 προαιρέ-

84 1160 169 1187 σεως
196 1144 313 1194 μόνης.
338 1143 470 1182 Σκόπει
489 1142 524 1181 δὲ
545 1144 645 1180 αὐτοῦ
665 1142 724 1179 καὶ
742 1141 780 1178 τὸ
805 1139 1010 1192 ἀνεπαχθές.
1039 1142 1101 1178 Εἰ-

84 1204 160 1242 πὼν
176 1203 264 1256 γὰρ,
284 1204 337 1242 ὅτι
352 1203 411 1241 καὶ
430 1202 470 1240 σὺ
487 1202 665 1253 ἐκκοπήσῃ
679 1232 688 1249 ,
713 1201 770 1239 ἐὰν
792 1200 839 1251 μὴ
859 1200 1039 1252 ἓπιμείνῃς
1056 1203 1099 1251 τῇ

83 1264 222 1311 πίστει,
245 1264 303 1301 καὶ
319 1258 412 1302 οὗτοι
431 1263 793 1314 ἕγκεντρισθήσονται,
819 1261 876 1299 ἐὰν
895 1261 943 1312 μὴ
963 1260 1102 1311 ἐπιμεί-

84 1342 168 1364 νωσι
184 1328 226 1377 τῇ
246 1325 412 1378 ἀπιστίᾳ,
432 1325 472 1363 τὸ
491 1323 772 1376 σκυθρωπότερον
796 1323 892 1375 ἀφεὶς
905 1351 914 1368 ,
942 1323 980 1360 τὸ
1009 1338 1102 1374 χρη-

458 1385 486 1409 ‘r

85 1387 245 1438 στότερον
267 1401 539 1430 κατασκευαςει,
562 1384 620 1422 καὶ
638 1387 684 1427 εἷς
705 1383 787 1421 αὐτὸ
801 1386 966 1434 τελευτᾷ,
996 1382 1103 1434 μεγά-
1125 1395 1149 1427 C

85 1449 147 1490 λας
167 1453 236 1490 τοῖς
262 1445 442 1488 Ἰουδαίοις
461 1444 612 1496 ὑφαίνων
642 1443 800 1489 ἐλπίδας,
832 1445 861 1480 εἰ
893 1445 1102 1493 βουληθεῖεν.

87 1507 151 1545 Διὸ
170 1507 228 1544 καὶ
248 1506 368 1554 ἐπάγει
394 1505 522 1555 λέγων·
543 1506 596 1541 Οὐ
621 1503 687 1555 γὰρ
715 1503 804 1541 θέλω
834 1506 924 1552 ὑμᾶς
956 1506 1102 1553 ἀγνοεῖν,

87 1567 245 1618 ἀδελφοὶ,
261 1566 300 1604 τὸ
320 1565 507 1616 μυστήριον
521 1567 621 1601 τοῦτο
634 1592 643 1608 ,
657 1562 714 1601 ἵνα
734 1563 780 1614 μὴ
798 1558 858 1610 ιἦτε
872 1565 955 1616 παρ’
973 1566 1103 1606 ἑαυτοῖς

89 1627 265 1678 φρόνιμοι·
300 1625 487 1677 μυστήριον
520 1626 683 1672 ἐνταῦθα,
717 1625 756 1662 τὸ
789 1623 1014 1674 ἀγνοούμενον
1045 1623 1103 1661 καὶ

90 1687 285 1739 ἀπόρρητον
307 1687 428 1737 λέγων,
453 1685 511 1723 καὶ
535 1684 623 1723 πολὺ
648 1684 709 1735 μὲν
731 1685 770 1722 τὸ
795 1688 930 1734 θαῦμα,
951 1683 1037 1722 πολὺ
1068 1684 1103 1722 δὲ

88 1748 127 1785 τὸ
142 1747 334 1798 παράδοξον
355 1747 433 1798 ἔχον
446 1761 453 1768 ·
475 1745 592 1797 ὥσπερ
609 1744 668 1783 καὶ
694 1746 849 1796 ἀλλαχοῦ
869 1760 972 1796 φησιν
985 1760 992 1767 ·
1014 1743 1103 1783 Ἰδοὺ

90 1808 277 1860 μυστήριον
294 1812 372 1858 ὑμῖν
392 1807 482 1858 λέγω
494 1837 503 1855 ,
518 1807 645 1849 πάντες
668 1806 730 1856 μὲν
747 1808 784 1844 οὐ
799 1806 1082 1856 κοιμηθησόμεθα
1094 1836 1104 1854 ,

89 1868 214 1912 πάντες
233 1868 266 1906 δὲ
285 1869 565 1919 ἀλλαγησόμεθα.
586 1867 632 1905 Τί
650 1861 706 1905 οἶν
727 1869 799 1906 ἐστι
827 1868 866 1906 τὸ
892 1867 1103 1919 μυστήριον,

88 1929 174 1968 ιὈτι
194 1929 356 1981 πώρωσις
366 1929 570 1981 τῷἸσραὴλ
587 1929 656 1967 ἀπὸ
671 1929 794 1981 μέρους
805 1928 1106 1980 γέγονεν.Ἐντα’ὔ-

90 1995 132 2028 θα
152 1991 256 2028 πάλιν
282 1991 430 2036 πλήττει
447 1990 503 2028 τὸν
531 1990 709 2037 Ἰουδαῖον,
730 1991 838 2028 δοκῶν
858 1990 1105 2028 καταστέλλειν

90 2051 146 2090 τὸν
165 2051 197 2096 ἐξ
210 2050 378 2090 εὈνῶνὲῸ
395 2051 430 2089 δὲ
449 2052 559 2102 λέγει,
578 2051 727 2090 τοιοῦτόν
749 2053 854 2099 ἐστιν,
870 2051 954 2103 ὅπερ
971 2050 1028 2088 καὶ
1047 2050 1106 2101 ἔμ-

89 2116 235 2164 προσθεν
252 2112 380 2163 ἔλεγεν,
394 2112 446 2150 ὅτι
462 2115 524 2151 οὐκ
552 2112 586 2157 ἐξ
603 2112 791 2165 ὁλοκλήρου
806 2116 827 2158 ἡ
845 2112 1001 2160 ἀπιστία,
1017 2111 1107 2150 ἀλλὰ

90 2174 129 2210 ἐκ
142 2172 276 2224 μέρους,
294 2172 411 2224 ὥσπερ
432 2173 512 2211 ὅταν
529 2173 627 2225 λέγῃ·
639 2175 682 2211 Ei
703 2173 739 2210 δέ
755 2189 806 2215 τις
819 2172 1026 2220 λελύπηκεν,
1046 2174 1108 2210 οὒκ

91 2233 152 2282 ἐμὲ
169 2232 375 2280 λελύπηκεν,
405 2235 480 2271 ἀλλ’
512 2234 580 2272 ἀπὸ
615 2233 759 2285 μέρους,
783 2233 840 2271 ἵνα
876 2233 924 2284 μὴ
950 2233 1109 2285 ἐπιὸαρῶ

38 2317 42 2318 ⁷
89 2293 221 2336 πάντας
237 2297 344 2344 ὑμᾶς·
361 2293 432 2341 καὶ,
449 2293 533 2332 Ἐὰν
550 2296 646 2344 ὑμῶν
662 2297 799 2346 πρῶτον
819 2294 888 2332 ἀπὸ
906 2293 1030 2346 μέρους
1049 2297 1110 2344 ἔμ-

89 2355 246 2400 πλησθῶ.
264 2353 369 2392 Οὕτω
389 2353 429 2400 δὴ
446 2353 505 2391 καὶ
520 2354 667 2392 ἐνταῦθά
683 2369 766 2405 φησι
781 2357 902 2400 τοῦτο,
919 2354 1003 2408 ὅπερ
1016 2356 1110 2392 ἀνω-

88 2413 177 2465 τέρω
193 2414 305 2465 ἔλεγεν
319 2429 326 2436 ·
342 2416 417 2452 Οὐκ
432 2413 599 2451 ἀπώσατο
614 2417 631 2452 ὃ
647 2414 735 2457 Θεὸς
758 2413 816 2451 τὸν
829 2414 912 2452 λαὸν
932 2417 1051 2460 αὑτοῦ,
1074 2415 1110 2453 ὃν

90 2474 266 2525 προέγνω,
287 2474 346 2512 καὶ
360 2475 464 2513 πάλιν
481 2491 488 2498 ·
518 2475 565 2514 Τί
592 2469 671 2523 οὖν,
690 2474 858 2514 ἔπταισαν
876 2475 932 2514 ἵνα
956 2476 1111 2525 πέσωσι,

92 2534 153 2591 Μῇ
174 2534 434 2585 γένοιτο.Τοῧτο
451 2535 490 2582 δὴ
506 2535 565 2573 καὶ
580 2536 724 2573 ἐνταῦθα
744 2535 857 2587 λέγει·
879 2536 932 2574 ὅτι
957 2540 1020 2588 οὐχ
1036 2538 1111 2575 ὁλό-

91 2596 218 2647 κληρον
239 2597 436 2633 ἀνασπᾶται
451 2595 490 2633 τὸ
510 2595 616 2643 ἔθνος,
636 2595 795 2634 ἀλλὰκαὶ
814 2596 880 2643 ἤδη
898 2598 1020 2635 πολλοὶ
1036 2597 1111 2635 ἐπί-

93 2671 251 2703 στευσαν,
273 2655 332 2693 καὶ
362 2655 526 2706 μέλλουσι
551 2655 655 2693 πάλιν
677 2655 864 2694 πιστεύειν.
884 2651 974 2694 Εἶτα
991 2658 1109 2704 ἐπειδὴ

93 2715 182 2766 μέγα
195 2715 436 2767 ἐπηγγείλατο,
453 2715 547 2767 φέρει
567 2716 725 2767 μάρτυρα
745 2716 801 2754 τὸν
821 2717 1001 2768 προφήτην
1021 2718 1111 2755 οὕτω

92 2776 247 2827 λέγοντα.
272 2776 357 2814 εΌτι
372 2776 434 2827 μὲν
453 2776 519 2827 γὰρ
535 2776 697 2828 πώρωσις
716 2776 865 2828 γέγονεν,
897 2779 933 2815 οὔ
959 2778 1112 2829 παράγει

93 2837 302 2889 μαρτυρίαν·
319 2836 377 2874 καὶ
396 2836 462 2888 γὰρ
483 2838 584 2883 δῆλον
600 2836 729 2874 ἅπασιν
753 2832 813 2883 ἦν·
830 2837 883 2876 ὅτι
912 2837 946 2875 δὲ
966 2838 1108 2877 πιστεύκ

76 2912 187 2936 ’σουσι
222 2898 281 2935 καὶ
309 2897 543 2945 σωθήσονται,
570 2897 627 2935 τὸν
657 2896 806 2936 εΗσαίαν
840 2898 946 2937 πάλιν
978 2899 1112 2951 εἰσάγει

92 2959 245 3008 βοῶντα,
263 2974 322 2996 και
343 2957 505 3008 λέγοντα·
518 2956 654 3002 ϋΗξεΝ
640 2973 678 2996 εκ
695 2958 788 2997 Σιὼν
810 2961 862 2995 ὃ(
849 2959 1032 3010 ρυόμενος,
1053 2959 1111 2997 καὶ

91 3018 300 3071 ἀποστρέψει
326 3017 486 3061 ἂσεὸείας
509 3019 578 3057 ἀπὸ
604 3018 747 3057 ’,Ιακωᾶ
768 3012 858 3057 Εἶτα
885 3019 924 3057 τὸ
949 3018 1112 3070 παράση-

1168 351 1306 403 regredi
1324 350 1425 390 velis.
1446 351 1526 397 Qua
1540 347 1650 399 igitur
1664 345 1764 385 venia
1779 344 1909 396 dignus
1925 342 2005 392 eris,
2020 342 2049 380 si
2068 356 2150 380 eum

1169 412 1328 450 ethnicus
1347 425 1397 459 ca,
1413 424 1490 461 quae
1511 417 1638 462 praeter
1656 415 1819 444 naturam
1839 413 1947 452 erant,
1962 404 2073 441 facere
2088 417 2151 455 po-

1169 473 1288 518 tuerit,
1303 482 1356 521 111,
1371 469 1466 521 quod
1482 469 1673 508 secundum
1692 476 1854 505 naturam
1872 474 1936 515 est,
1953 465 2067 502 facere
2082 478 2151 502 non

1168 534 1299 581 valea&
1311 532 1373 570 sed
1384 530 1476 569 illud
1489 544 1627 581 quoquc
1641 528 1771 582 prodas
1783 525 1945 565 ?Deinde
1960 525 2042 576 quia
2055 525 2153 562 dixe-

1169 602 1238 643 rat,
1258 595 1406 631 Praeter
1422 600 1617 636 naturam,
1639 599 1684 636 et,
1696 592 1867 627 Insertus
1882 601 1920 625 es
1932 603 1947 632 ,·
1966 600 2010 624 ne
2026 588 2047 626 J
2051 586 2151 623 udae-

1124 665 1146 694 ss
1171 668 1232 691 um
1263 653 1402 703 aliquid
1426 651 1581 703 amplius
1607 650 1736 687 habere
1755 638 1915 701 putares,
1947 660 2069 684 rursus
2086 646 2154 684 hoc

1170 714 1287 781 ipsum
1317 713 1462 764 corrigit
1493 711 1628 761 dicens,
1671 710 1789 762 ipsum
1819 722 1958 759 quoque
1986 707 2153 747 Judaeum

1170 774 1295 811 inseii.
1315 775 1470 824 Quanto
1484 787 1569 824 ma
1553 775 1606 810 «ris
1622 773 1677 818 hi,
1700 770 1830 820 inquit,
1862 772 1928 821 qui
1947 769 2157 807 secundum

1173 844 1354 872 naturam
1374 836 1592 871 inserentur
1607 835 1647 869 in
1660 834 1817 883 propria
1834 831 1938 867 oliva
1948 833 2004 866 Pet
2019 843 2081 866 1111
2083 842 2155 876 sus

1172 897 1304 932 Potest
1327 895 1435 932 Deus
1467 896 1633 930 inserere
1656 892 1761 928 illos.
1787 890 1834 927 Et
1867 899 1968 927 antea
1997 890 2154 939 dixerat,

1171 955 1210 994 Si
1230 969 1298 992 non
1318 953 1481 991 maneant
1497 953 1533 990 in
1551 951 1810 997 incredulitate,
1830 950 2040 987 inserentur.
2064 951 2156 986 Cum

1172 1014 1273 1052 audis
1286 1023 1403 1051 autem
1414 1022 1538 1064 praeter
1552 1021 1714 1049 naturam
1727 1019 1760 1047 et
1775 1009 1967 1047 secundum
1981 1018 2157 1056 naturam,

1171 1088 1215 1111 ne
1236 1083 1338 1125 putes
1356 1073 1461 1109 illum
1479 1071 1523 1109 de
1539 1072 1606 1109 hac
1625 1069 1802 1108 immobili
1822 1077 1944 1105 natura
1964 1068 2064 1117 loqui
2074 1083 2084 1116 3
2097 1068 2158 1105 sed

1170 1133 1228 1171 his
1258 1133 1460 1171 nominibus
1488 1131 1679 1180 decorum,
1702 1129 1932 1178 indecorum,
1965 1127 2159 1178 seriemque

1172 1209 1291 1234 rerum
1310 1195 1390 1234 vult
1408 1193 1621 1245 significare.
1635 1192 1757 1242 Neque
1775 1190 1869 1228 enim
1885 1205 1929 1227 ex
1941 1200 2066 1228 natura
2077 1198 2159 1227 sunt

1172 1259 1265 1296 hona
1289 1257 1347 1296 vel
1374 1256 1468 1294 mala
1481 1286 1492 1305 ‚
1516 1254 1576 1293 sed
1601 1269 1646 1292 ex
1675 1254 1859 1292 voluntate
1879 1263 1912 1290 et
1935 1267 1980 1290 ex
2010 1252 2160 1290 arbitrio

1173 1329 1312 1357 tantum
1327 1316 1687 1370 pendent3Perpende
1698 1325 1815 1353 autem
1836 1330 1943 1366 quam
1959 1324 2055 1352 curet
2068 1316 2160 1352 Pau-

1174 1380 1243 1427 lus,
1259 1393 1301 1417 ne
1321 1392 1489 1416 onerosus
1509 1378 1566 1416 sit.
1584 1378 1673 1414 Cum
1691 1376 1839 1414 dixisset
1852 1375 1961 1425 0111111,
1974 1375 2022 1412 Et
2039 1384 2075 1412 tu
2092 1389 2160 1412 ex-

1175 1439 1318 1485 cideris,
1338 1439 1367 1477 si
1386 1453 1453 1476 non
1474 1437 1708 1490 permanseris
1726 1437 1761 1474 in
1780 1436 1873 1484 fide;
1897 1445 1929 1473 et
1949 1436 1986 1472 111
2003 1435 2159 1473 inseren-

1176 1509 1250 1547 tur,
1274 1500 1302 1536 si
1324 1513 1392 1536 non
1412 1498 1667 1550 permanserint
1689 1497 1723 1534 in
1751 1495 2016 1533 incredulitate:
2037 1495 2159 1533 relicto

1175 1562 1236 1599 illo
1249 1560 1342 1611 quod
1356 1560 1491 1597 tristius
1505 1568 1592 1607 erat,
1604 1557 1700 1609 quod
1712 1556 1929 1594 mansuetius
1943 1565 1992 1594 est
2005 1555 2160 1593 adstruit

1175 1631 1280 1672 atque
1307 1621 1343 1658 in
1372 1621 1440 1659 hoc
1458 1619 1607 1668 desinit,
1630 1632 1794 1670 magnam
1818 1617 1954 1656 Judaeis
1982 1631 2079 1668 spem
2106 1617 2159 1654 sa-

1176 1682 1282 1729 ciens‚
1297 1682 1327 1719 si
1347 1681 1491 1732 quidem
1503 1679 1693 1718 volueriut.
1708 1679 1935 1729 Quapropter
1947 1677 2131 1729 subjungit
2148 1692 2155 1712 ε

1175 1744 1241 1782 95.
1264 1744 1366 1781 Nolo
1384 1744 1486 1779 enim
1516 1755 1587 1779 vos
1612 1744 1805 1792 ignorare,
1819 1740 1994 1792 fratres,
2016 1747 2158 1787 myste-

1176 1806 1277 1842 rium
1308 1805 1394 1849 hoc,
1422 1811 1558 1839 utnon
1577 1804 1660 1839 sitis
1688 1802 1801 1838 vobis
1834 1801 1927 1850 ipsis
1951 1801 2156 1850 sapientes.

1176 1863 1392 1917 Mysterium
1403 1863 1477 1911 hic,
1489 1862 1585 1913 quod
1597 1862 1757 1913 ignotum
1770 1869 1802 1897 et
1816 1873 1983 1897 areanum
1998 1867 2049 1896 est
2059 1858 2160 1906 dicit,

1176 1924 1273 1976 quod
1292 1924 1454 1962 mirabile
1469 1923 1514 1960 sit
1533 1937 1572 1960 ac
1593 1931 1719 1974 praeter
1731 1920 1952 1973 opinionem:
1968 1919 2058 1956 sicut
2074 1918 2162 1955 alibi

1178 1985 1286 2023 dicit:
1308 1986 1410 2022 Eece
1433 1986 1662 2032 mysterium
1680 1984 1791 2019 vobis
1807 1982 1907 2030 dico,
1925 1981 2014 2017 Non
2030 1993 2160 2017 omnes
2177 1993 2202 2014 1.
2222 1984 2293 2013 Cor.
2311 1984 2359 2013 15.

1128 2056 1154 2084 D
1178 2047 1332 2098 quidem
1360 2046 1592 2082 dormiemus
1607 2044 1694 2092 ,sed
1711 2056 1840 2079 omnes
1860 2042 2160 2078 immutabimur.
2173 2026 2207 2054 5¹

1180 2108 1279 2156 Quid
1297 2121 1380 2159 ergo
1399 2116 1451 2145 est
1469 2107 1535 2144 1100
1554 2105 1792 2158 mysterium?
1820 2104 1932 2154 Quod
1946 2106 2099 2141 coecitas
2116 2117 2163 2140 ex

1176 2180 1289 2222 parte
1304 2172 1462 2221 contigit
1479 2171 1521 2205 in
1538 2168 1677 2205 Israel.
1707 2167 1775 2204 Hie
1806 2179 1928 2203 rursus
1959 2165 2165 2216 perstringit

1180 2230 1360 2279 Judaeum,
1377 2229 1464 2266 dum
1482 2228 1625 2267 videtur
1643 2227 1824 2265 ethnicum
1843 2225 2047 2277 reprimere.
2066 2225 2166 2262 Illud

1180 2304 1286 2343 porro
1306 2290 1497 2341 signifieat,
1515 2287 1612 2339 quod
1631 2288 1732 2340 prius
1743 2286 1900 2324 dixerat:
1921 2284 2018 2336 quod
2040 2299 2166 2337 nempe

1181 2350 1409 2390 incredulitas
1423 2363 1492 2387 non
1510 2349 1554 2387 sit
1573 2348 1746 2394 omnium,
1757 2346 1819 2384 sed
1832 2360 1876 2384 ex
1895 2355 1994 2398 parte
2009 2355 2163 2395 tantum3

1182 2422 1222 2450 ut
1238 2426 1319 2450 011111
1337 2410 1446 2448 dicit:
1464 2410 1602 2462 Siquis
1623 2409 1879 2453 contristavit,
1900 2421 1959 2443 1ηο
1979 2420 2056 2443 non
2075 2420 2165 2443 con-
2179 2413 2206 2463 ξ
2228 2403 2296 2432 Cvr·
2311 2412 2338 2431 2·

1183 2475 1366 2519 tristavit,
1391 2474 1466 2509 nisi
1487 2485 1535 2508 ez
1551 2478 1676 2522 parte,
1695 2483 1742 2506 ne
1757 2470 1866 2506 vobis
1886 2470 2061 2505 omnibus
2075 2481 2165 2519 gra-
2178 2456 2209 2474 δ’

1134 2547 1159 2577 Ε
1187 2538 1242 2573 νίς
1261 2537 1356 2573 sim:
1379 2542 1426 2579 et,
1451 2534 1492 2571 Si
1511 2535 1622 2570 vobis
1637 2533 1804 2582 primum
1826 2543 1874 2566 ex
1890 2537 2001 2580 parte
2013 2530 2165 2580 fruitus
2179 2522 2266 2591 {³⁰¹⁷ss
2296 2520 2342 2548 ¹5¹

1179 2597 1305 2647 fuero.
1332 2594 1392 2633 Sic
1417 2602 1450 2631 et
1473 2593 1540 2630 1100
1558 2593 1635 2629 1000
1656 2590 1831 2640 (11011,111
1862 2588 2046 2640 superius:
2077 2591 2168 2626 Non
2199 2564 2230 2600 ⁴

1183 2657 1325 2707 repulit
1343 2656 1449 2692 Deus
1472 2653 1655 2704 populum
1679 2664 1804 2696 suum,
1827 2663 1938 2701 quem
1952 2651 2165 2700 praescivit:

1184 2730 1224 2753 ac
1243 2729 1398 2762 rursum,
1411 2714 1514 2763 Quid
1523 2726 1610 2764 ergo
1623 2716 1639 2748 Ρ
1652 2714 1890 2762 impegerunt
1904 2717 1945 2746 ut
1957 2710 2139 2746 caderent
2149 2713 2168 2744 P

1184 2777 1316 2814 Absit.
1335 2775 1497 2827 ldipsum
1511 2772 1781 2821 hoeloeodicit,
1793 2770 1887 2821 quod
1909 2783 1976 2807 non
1997 2779 2068 2807 tota
2084 2783 2169 2820 gens

1183 2836 1310 2873 avulsa
1335 2834 1392 2882 sit,
1424 2833 1486 2871 sed
1522 2833 1627 2870 multi
1667 2830 1883 2869 crediderint
1911 2830 1968 2867 vel
2001 2829 2169 2867 credituri

1182 2894 1420 2941 sint.Deinde‚
1444 2893 1526 2945 quia
1545 2907 1712 2944 magnum
1733 2891 1921 2958 quidpiam
1943 2890 2169 2941 promiserat,

1182 2966 1306 2995 testem
1332 2955 1481 2993 adducit
1510 2954 1720 3006 prophetam
1752 2952 1803 2990 sic
1834 2952 2047 3004 loquentem.
2078 2951 2170 2988 Nam

1183 3019 1280 3070 quod
1300 3018 1437 3056 caecitas
1457 3015 1630 3061 evenerit,
1653 3028 1722 3051 non
1742 3011 1942 3051 testimonio
1966 3011 2110 3063 probat:
2132 3010 2170 3047 id

92 3095 153 3129 μῦν
169 3083 229 3126 τῆς
241 3079 414 3130 σωτηρίας
429 3077 575 3126 τιθεῑς,’
562 3095 615 3117 ινα
632 3078 681 3130 μή
698 3095 748 3122 τις
766 3081 812 3122 εἷς
827 3078 903 3122 τους
917 3079 1110 3132 ἔμπροσθεν
1125 3070 1171 3134 ῦῗξ
1185 3079 1277 3117 enim
1296 3078 1415 3130 palam
1434 3089 1599 3115 omnious
1618 3082 1716 3111 erat.
1743 3072 1841 3123 quod
1859 3080 1978 3108 autem
1998 3070 2171 3109 cledituri

92 3140 174 3177 αὐτὸ
193 3140 335 3192 χρόνους
350 3139 478 3191 ἑλκύσῃ
508 3155 566 3177 και
599 3139 765 3192 συζεύξῃ,
787 3140 901 3192 φησί·
929 3140 998 3178 Και
1024 3140 1110 3187 αὕτη

95 3201 206 3243 αὐτοῖς
225 3204 246 3246 ἡ
292 3201 374 3252 παρ’
411 3201 495 3250 ἐμοῦ
524 3200 688 3247 διαθήκη,
720 3200 800 3237 ὅταν
833 3200 1017 3252 ἀφέλωμαι
1051 3200 1112 3243 τὰς

95 3261 265 3313 ἁμαρτίας
297 3263 428 3298 αὐτῶν·
450 3262 514 3312 οὐχ
533 3260 614 3298 ὅταν
635 3263 910 3312 περιτμηθῶσιν,
941 3263 1006 3313 οὐχ
1030 3260 1110 3300 ὅταν

144 3404 155 3417 ³³
181 3394 234 3426 Sic
253 3405 334 3426 unus
351 3394 475 3427 Codex,
496 3393 588 3425 Editi
604 3404 679 3426 vero
698 3397 728 3428 οὐ
747 3400 802 3440 γὰρ
820 3397 916 3439 fiam,
934 3394 1028 3426 male.

1184 3149 1216 3177 et
1237 3138 1399 3177 servandi
1415 3146 1538 3182 essent,
1551 3136 1587 3172 id
1603 3134 1731 3172 Isaiam
1750 3132 1888 3170 inducit
1905 3132 2115 3169 clamantem
2128 3145 2170 3168 ae

1184 3200 1383 3237 dicentem:
1404 3199 1467 3236 QG.
1502 3198 1635 3234 leniet
1667 3208 1714 3232 ετ
1753 3194 1859 3241 Sion,
1882 3195 1948 3244 qui
1972 3195 2110 3245 eripiat
2133 3200 2169 3229 et
2186 3195 2329 3233 lsai-179.

1186 3275 1278 3299 aver
1281 3268 1336 3298 tat
1362 3261 1596 3310 impietatem
1614 3270 1637 3293 a
1656 3256 1793 3294 Jacob.
1817 3253 1956 3292 Deinde
1973 3254 2095 3292 salutis
2115 3253 2172 3291 in-
2185 3245 2223 3266 ²⁰
