2466 3805
635 249 676 277 IN
715 248 829 278 ACTA

61 335 118 373 καὶ
136 336 238 372 ἐθνῶν
259 332 318 371 καὶ
351 333 521 383 βασιλέων
543 333 703 372 ἁπάντων
722 335 908 385 κρατῆσαι.
927 332 1077 378 Ἀπῆλθε

60 395 95 433 δὲ
116 394 270 438 Ἀνανίας
287 394 345 431 καὶ
365 396 518 441 εἰσῆλθεν
541 397 588 438 εἷς
617 394 678 441 τὴν
707 395 831 441 οἰκίαν,
861 393 918 431 καὶ
949 392 1077 435 ἐπιθεὶς

59 458 112 494 ἐπ’
135 456 235 493 αὐτὸν
255 454 316 498 τὰς
336 461 454 507 χεῖρας
481 450 555 493 εἶπε
569 471 576 478 ·
597 455 714 494 Σαοὺλ
742 454 888 506 ἀδελφὲ,
911 457 928 491 ὃ
952 453 1075 505 Κύριος

60 515 259 554 ἀπέσταλκε
283 532 345 566 με,
373 517 507 563 Ἰησοῦς
530 520 547 555 ὃ
575 516 688 568 ὀφθείς
720 531 774 554 σοι
802 518 835 553 ἐν
867 518 910 566 τῇ
939 516 1023 566 ὁδῷ,
1052 509 1075 563 ἧ

58 577 191 629 ἤρχου,
224 577 309 615 ὅπου
345 577 542 629 ἀναὸλέψῃς
578 578 638 615 καὶ
676 579 834 627 πλησθῇς
871 575 1074 624 Πνεύματος

58 637 168 687 ἁγίου.
189 637 325 680 Εὐθέως
355 639 455 676 αὐτὸν
473 641 657 676 οἰκειοῦται
676 653 725 674 το)
741 637 896 686 ὀνόματι.
917 636 1049 682 Ἰησοῦς
1063 664 1072 681 ,

60 713 176 749 φησιν,
196 701 213 735 5
235 698 346 750 ὀφθείς
367 715 421 737 σοι
453 702 486 737 ἐν
508 715 548 750 τῃ
568 700 651 750 ὁδῳ.
684 676 754 736 Koa
786 697 853 746 μὴν
881 712 982 734 τουτο
1013 698 1075 733 οὐκ

60 763 154 838 ειίπεν
190 761 252 796 αὐτ
255 776 282 796 ι)
311 763 328 797 ὃ
359 759 526 812 Χριστός·
558 761 633 797 ἀλλ
673 759 741 795 ἀπὸ
772 773 831 795 του
869 755 1075 805 Πνεύματος

69 819 203 857 ’ἕααῡε-
226 822 297 858 Και
329 821 450 863 εὐθέως
483 819 656 857 ἀπέπεσον
691 818 760 855 ἀπὸ
786 833 854 854 των
887 817 1073 867 ὀφθαλμῶν

61 882 162 918 αὐτοῦ
189 882 272 920 ὡσεὶ
300 882 453 926 λεπίδες,
475 879 643 931 ἀνέὸλεψέ
668 893 706 915 τε
739 880 982 929 παραχρῆμα,
1015 874 1074 913 καὶ

60 942 211 984 ἀναστὰς
241 942 445 988 ἐξαπτίσθη.
481 941 550 979 Καὶ
583 938 699 977 >aalma
733 937 862 988 τροφὴν
901 936 1072 987 ἐνίσχυσε.

59 1001 172 1039 Μόνον
208 1005 300 1053 αὐτῷ
326 1002 387 1044 τὰς
414 1008 531 1052 χεῖρας
563 999 725 1045 ἐπέθηκε,
757 997 817 1035 καὶ
849 996 970 1039 εὐθέως
1003 999 1071 1033 τῶν

58 1064 242 1112 ὀφθαλμῶν
264 1065 366 1100 αὐτοῦ
397 1062 568 1099 ἀπέπεσον
591 1062 625 1098 αἱ
644 1059 793 1101 λεπίδες.
819 1057 961 1100 Ταύτας
983 1056 1072 1099 τινές

58 1137 142 1172 φασι
157 1125 218 1168 τῆς
236 1137 425 1173 πηριι)σει)ς
441 1124 543 1159 αὐτου
558 1115 643 1158 εἶναι
664 1119 785 1161 αἰτίας.
806 1118 910 1156 Καὶ
893 1116 948 1154 οιὰ
967 1117 1002 1154 τί
1021 1116 1070 1167 μὴ

57 1182 217 1233 ἐπηρωσε
236 1183 339 1220 αὐτοῦ
361 1198 437 1224 τους
461 1183 578 1233 ὂφθαλ
562 1179 675 1225 μούς;
702 1182 815 1217 Τουτο
841 1177 1072 1253 παραδοξοτε-

59 1257 114 1294 ρον
135 1245 199 1287 ἠν·
222 1257 280 1279 και
295 1243 363 1295 γὰρ
379 1242 603 1324 ἀνειργιιένων
623 1244 684 1280 οὐκ
705 1239 867 1278 ἔολεπεν·
888 1238 973 1290 ὅπερ
989 1237 1073 1275 ἔπα-

57 1304 138 1340 θεν’
123 1318 180 1341 επι
193 1308 252 1341 τοῦ
267 1302 372 1353 νόμου
385 1333 394 1350 ,
416 1303 506 1346 ³3oeq
523 1303 562 1341 τὸ
581 1303 689 1353 ὅνουα
705 1301 847 1347 ἐπετέθη
861 1316 920 1338 του
943 1299 1071 1346 Ἰησου.

57 1364 127 1402 Καὶ
156 1365 294 1410 εὐθέως,
327 1365 442 1416 φησὶν,
462 1365 667 1411 ἐὸαπτίσθη.
697 1364 766 1401 Καὶ
792 1361 909 1401 λαθὼν
929 1362 1072 1413 τροφὴν,

58 1424 246 1476 ἐνίσχυσεν.
262 1425 348 1478 Ἄρα
367 1426 425 1463 καὶ
446 1424 680 1472 ἐξησθεντμὼς
699 1419 740 1471 ἦν
761 1423 829 1461 ἀπό
845 1439 883 1461 τε
901 1426 964 1470 τῆς
984 1424 1073 1460 ὁδοι-

58 1486 181 1537 πορίας
193 1517 202 1533 ,
220 1487 289 1524 ἀπό
308 1503 346 1524 τε
362 1490 420 1524 τοῦ
436 1487 540 1538 φόδου
553 1517 562 1534 ,
588 1485 656 1523 ἀπό
677 1490 790 1529 τετοῦ
808 1487 911 1535 λιμοῦ
934 1485 992 1522 καὶ
1011 1487 1073 1530 τῆς

59 1547 220 1596 ἀθυμίας.
241 1547 452 1597 Βουλόυενος
473 1552 529 1585 οὐν
559 1548 661 1586 αὐτου
687 1550 854 1585 ἐπιτεῖναι
883 1545 945 1593 τὴν
961 1545 1073 1584 Βάθυ-

60 1623 155 1657 μιαν,
173 1610 296 1659 τυφλὸν
325 1608 437 1659 μένειν
457 1608 584 1657 εἴασεν,
603 1608 666 1651 ἕως
683 1610 786 1653 ἠλθεν
809 1606 973 1650 Ἀνανίας.
1003 1608 1074 1645 Και

59 1667 114 1704 ι’να
136 1668 183 1717 μὴ
205 1669 330 1718 νομίσῃ
348 1669 539 1721 φαντασίαν
558 1685 610 1712 τις
629 1673 714 1706 εἶναι
741 1667 804 1714 τὴν
823 1667 995 1742 πήρωσιν,
1018 1667 1074 1706 διὰ

59 1731 118 1765 τοῦ
122 1744 159 1765 το
175 1731 210 1766 αἱ
224 1729 370 1772 λεπίδες.
385 1729 471 1781 Ἄρα
484 1732 545 1768 οὐκ
565 1729 686 1776 ἐδεήθη
703 1727 928 1771 διδασκαλίας
943 1727 1073 1780 ἑτέρας,

59 1789 148 1827 ἀλλὰ
169 1790 206 1828 τὸ
225 1789 361 1839 congios
378 1790 495 1842 γέγονε
511 1789 731 1828 διδασκαλία.
750 1787 910 1839 Ἐγένετο
929 1787 963 1825 δὲ
985 1788 1074 1838 μετὰ

51 1853 118 1888 τῶν
136 1850 242 1888 ὄντων
271 1852 304 1888 ἐν
331 1853 512 1903 Δαμασκῷ
529 1853 693 1901 μαθητῶν
715 1850 848 1902 ἡμέρας
868 1848 976 1891 τινάς.
1004 1850 1073 1888 Καὶ

52 1911 209 1953 ευθέως
194 1928 228 1950 εν
245 1918 319 1956 ταῖς
338 1928 435 1950 συνα
434 1918 554 1964 (ωγαῖς
572 1912 741 1963 ἐκήρυσσε
757 1911 813 1949 τὸν
835 1911 999 1962 Χριστὸν,
1019 1911 1072 1950 ὅτι

52 1967 147 2014 οὑτός
167 1989 258 2010 εστιν
277 1976 293 2010 5
313 1974 369 2010 Y‘
349 1989 394 2015 ιος
413 1977 472 2010 τοῦ
496 1976 598 2011 Θεου.
625 1972 737 2025 υΟρα,
759 1972 918 2016 εὐθέως
901 1973 1071 2011 οιδάσκα-

51 2034 108 2075 λος
130 2037 170 2078 ἠν
196 2035 229 2070 ἐν
248 2039 323 2076 ταῖς
344 2039 590 2105 ouva-[mynden
590 2035 701 2071 Οὐκ’
684 2032 854 2084 ησχύνετο
877 2032 940 2079 τὴν
961 2050 1071 2084 υετα-

54 2092 131 2130 οσλ
118 2109 171 2140 ην,
199 2097 259 2131 οὐκ
283 2093 465 2139 εδεδοίκει,
495 2095 530 2130 ἐν
555 2097 603 2136 οἷς
633 2096 674 2139 ἠν
701 2093 860 2145 λαμπρὸς
891 2093 1071 2145 πρότερον,

52 2157 138 2191 ταῖτ
142 2171 162 2191 α
190 2154 384 2192 καταλύων.
415 2155 495 2206 Οὐχ
518 2155 636 2196 ἄπλως
661 2158 703 2200 ἠν
732 2153 959 2200 διδάσκαλος,
981 2154 1071 2191 ἀλλὰ

53 2215 110 2252 καὶ
131 2216 164 2252 ἐν
180 2221 255 2258 ταῖς
273 2220 381 2252 θσυνα
383 2220 523 2266 γωγαῖς.
544 2215 702 2257 Οὕτως’
688 2230 726 2252 εκ
746 2214 937 2265 προοιμίων
959 2219 1068 2252 θανα-

52 2292 118 2313 των
134 2280 150 2314 5
167 2276 376 2328 ἄνθρωπος
359 2292 413 2322 ην,
429 2291 488 2312 και
502 2274 586 2326 πρὸς
600 2275 719 2326 φόνους
733 2275 1067 2326 παρεσκευασμένος.

51 2336 175 2388 Ὁρᾷς,
195 2340 262 2373 οἱον
284 2353 322 2387 γε
308 2335 401 2386 ζγονε
422 2342 562 2386 σημεῖον
582 2337 630 2378 εἷς
646 2335 746 2373 αὐτον
766 2337 847 2386 ἐναρ
849 2335 926 2386 γές5
945 2336 1067 2388 Τούτῳ

50 2398 144 2434 αὐτῶ
175 2412 233 2434 και
263 2396 394 2439 πάντας
424 2395 621 2443 ἐξέπληττε.
651 2396 715 2433 Διὸ
735 2396 794 2434 καὶ
825 2401 924 2434 τοῦτο
952 2397 1066 2443 δηλων

51 2437 192 2506 ἐπάγει,
214 2457 341 2508 λέγων·
363 2456 567 2500 Ἐξίσταντο
591 2456 626 2495 δὲ
650 2456 776 2500 πάντες
803 2459 834 2495 οἱ
864 2457 1064 2506 ἀκούοντες,

51 2518 109 2556 καὶ
130 2518 243 2568 ἔλεγον
257 2533 264 2541 ·
282 2520 347 2569 οὐχ
370 2513 465 2562 οὗτός
494 2521 584 2556 ἐστιν
602 2521 619 2555 ὃ
639 2518 815 2571 πορθήσας
838 2520 870 2556 ἐν
891 2518 1065 2571 Ἰερουσα-

51 2578 123 2627 λὴμ
137 2577 214 2622 τὼς
230 2579 518 2629 ἐπικαλουμένους
537 2579 575 2617 τὸ
593 2579 701 2629 ὄνομα
716 2583 837 2629 τοῦτο,
855 2579 914 2617 καὶ
931 2575 998 2618 ὧδε
1016 2583 1065 2625 εἷς

54 2639 134 2675 αὐτὸ
158 2643 256 2677 τοῦτο
288 2639 462 2687 ἐλήλυθεν,
494 2638 551 2676 ἵνα
580 2639 778 2690 δεδεμένους
811 2641 968 2693 ἀναγάγῃ
1007 2642 1064 2680 ἐπὶ

51 2699 127 2742 τοὺς
155 2703 345 2752 ἀρχιερεῖς
366 2703 499 2745 Σαῦλος
519 2701 554 2739 δὲ
577 2704 706 2753 μᾶλλον
728 2703 976 2753 ἐνεδυναμοῦτο
1006 2704 1065 2742 καὶ

51 2760 240 2812 συνῇσχυνε
259 2760 335 2805 τοὺς
352 2761 536 2806 Ἰουδαίους
556 2761 633 2806 τοὺς
656 2767 899 2807 κατοικοῦντας
925 2765 961 2801 ἐν
985 2766 1064 2802 Δα-

52 2823 195 2872 μασκῷ,
218 2822 454 2871 συμὲιὸοίζυψ,
474 2822 526 2860 ὅτι
540 2817 637 2866 οῧτός
657 2825 748 2862 ἐστιν
767 2826 785 2861 ὃ
804 2824 966 2875 Χριστός.
986 2825 1065 2864 “Ave

52 2881 248 2930 νομομαθὴς
266 2881 325 2929 ὢν,
343 2882 563 2934 ἐπεστόμιζεν
579 2883 719 2931 αὐτοὺς,
739 2884 798 2922 καὶ
813 2885 875 2923 οὐκ
894 2884 948 2922 εἴα
962 2885 1065 2937 φθέγ-

52 2956 89 2990 γε
94 2944 186 2978 σθαι
205 2942 391 2992 }⁴'„v6y.t<nv
408 2943 669 2996 οἰπηλλοίχθαι“1
679 2961 741 2992 της
762 2948 796 2983 ἐν
813 2951 882 2989 τοῖς
901 2946 1066 2990 τοιούτοις

53 3000 231 3045 διαλέξει)ς
264 3004 518 3054 ἀπαλλαγεντες
551 3005 727 3058 Στεφάνου
743 3037 752 3055 ,
793 3021 852 3044 και
888 3007 1065 3059 Στεφάνου

54 3062 273 3113 σφοδρότερον
294 3067 389 3116 ευρον
409 3065 534 3118 ε’τερον.

97 3167 108 3185 ‘¹
124 3165 184 3198 Alii
201 3172 318 3208 ἑζιιαθεν,
336 3172 381 3201 ἵνα
396 3174 571 3216 ἀναδλέψῃς,
589 3176 668 3216 φησὶ,
686 3176 735 3205 καὶ
750 3176 864 3209 εὐθέως.

98 3227 110 3241 ’·
128 3222 178 3254 ἕως
192 3223 224 3250 τὸ
238 3221 330 3259 ’ὄνομα
344 3224 467 3258 ἐπετέθη
482 3227 532 3254 τοῦ
548 3221 649 3263 iasab,
668 3222 786 3253 Donec
805 3223 989 3266 impositum
1006 3229 1053 3253 est

54 3268 106 3298 1lIi
135 3279 251 3298 ιιοήεη
282 3270 366 3303 Jesu.
393 3270 459 3302 Sed
483 3271 695 3314 quandonam
726 3273 827 3305 Paulo
859 3273 1052 3315 impositum

53 3326 97 3348 ost
118 3329 236 3349 nomen
253 3319 340 3360 Jesu,
357 3328 392 3351 ut
405 3320 509 3353 visum
527 3322 710 3365 reciperet?
726 3325 789 3355 Hic
805 3323 856 3356 vel
879 3325 996 3357 vitium
1018 3325 1052 3356 in

55 3368 161 3400 verbis
184 3377 242 3410 est,
266 3370 318 3402 vel
342 3370 490 3404 dieamus
507 3381 650 3415 oportet,
672 3382 751 3406 tunc
769 3375 929 3407 Ananiam
945 3373 1053 3417 impo-

55 3422 152 3453 suisse
171 3421 272 3454 Paulo
290 3433 411 3458 nomen
433 3425 506 3457 Jesu
521 3452 528 3465 ‚
557 3425 692 3468 quando
716 3425 830 3468 positis
847 3438 942 3470 super
960 3426 1051 3460 illum

864 246 1189 277 APOSTOLORUM
1199 266 1208 276 .

1246 246 1402 277 nomn..
1440 247 1514 277 xx.
2038 246 2052 273 1
2065 248 2088 292 7
2098 231 2122 275 3

1149 335 1234 370 nias
1248 341 1285 370 et
1304 334 1466 371 intravit
1476 334 1517 369 in
1527 332 1694 380 domum,
1709 337 1745 367 et
1756 331 1953 380 imponens
1969 328 2033 365 illi
2046 342 2127 366 ma-

1148 409 1220 433 nus
1236 396 1336 433 dixit
1350 411 1362 433 .·
1379 395 1508 441 Saule,
1526 396 1675 447 frater,
1696 394 1888 431 Dominus
1915 392 2019 427 misit
2051 404 2124 437 me,

1147 457 1260 493 Jesus
1280 458 1346 508 qui
1364 458 1544 508 apparuit
1557 457 1626 492 tibi
1644 457 1685 491 in
1712 455 1783 491 via
1820 465 1899 504 qua
1929 453 2127 500 veniebas,

1148 525 1189 553 ut
1204 518 1340 554 videas
1354 525 1391 554 et
1406 518 1601 568 implearis
1615 516 1757 567 Spiritu
1772 522 1919 552 sancto.
1936 511 2066 550 Statim
2083 511 2129 549 il-

1146 575 1222 613 lum
1242 576 1453 614 familiarem
1482 575 1623 614 nomine
1653 575 1748 612 facit.
1763 575 1892 620 Jesus,
1912 572 2042 624 inquit,
2062 575 2129 625 qui

1147 639 1328 687 apparuit
1344 638 1412 674 tibi
1430 639 1471 673 in
1489 639 1567 674 via.
1588 636 1689 673 Certe
1725 648 1796 672 non
1825 633 1894 671 hoc
1923 633 1956 670 ei
1988 632 2129 670 dixerat

1148 696 1310 733 Christus
1318 712 1330 746 3
1360 696 1420 734 sed
1438 710 1459 733 a
1480 696 1617 747 Spiritu
1648 705 1767 733 sancto
1783 694 1969 732 didicerat.
1994 695 2056 732 18.
2074 695 2131 732 Et

1146 759 1280 793 statim
1316 757 1539 793 deciderunt
1572 757 1621 792 ab
1652 756 1774 792 oculis
1806 757 1887 806 ejus
1930 763 2130 805 tamquam

1146 830 1331 867 squamoe,
1355 825 1390 853 et
1412 819 1544 853 visum
1562 819 1702 866 recepit
1723 817 1870 860 statim,
1905 824 1941 851 et
1975 829 2130 863 surgens

1086 908 1134 932 163
1149 878 1276 927 bapti
1261 885 1366 914 atus
1379 885 1446 914 est.
1465 877 1526 913 49.
1556 877 1610 913 Et
1634 890 1722 913 cum
1749 877 1956 925 accepisset
1986 877 2127 921 cibum,

1100 945 1124 973 A
1149 938 1391 990 confortatus
1411 945 1478 974 est.
1495 936 1620 974 Solum
1659 935 1713 972 illi
1740 948 1866 972 manus
1897 934 2078 985 imposuit,
2098 944 2131 971 et

1148 997 1267 1034 statim
1293 1011 1447 1047 squamae
1480 997 1525 1034 ab
1555 996 1668 1034 oculis
1702 996 1778 1047 ejus
1803 994 2023 1032 deciderunt.
2057 995 2131 1032 Has

1148 1057 1294 1107 quidam
1313 1057 1437 1095 dicunt
1468 1057 1635 1094 caecitatis
1666 1056 1763 1093 illius
1789 1055 1897 1092 fuisse
1922 1068 2055 1092 causas.
2085 1055 2131 1093 Et

1148 1133 1211 1157 cur
1238 1133 1306 1157 non
1325 1119 1516 1157 exeaeeavit
1534 1118 1633 1156 illius
1647 1117 1801 1156 oculos?
1831 1116 1908 1154 Hoc
1931 1116 2132 1154 mirabilius

1147 1190 1244 1219 erat:
1264 1196 1347 1219 nam
1366 1181 1497 1233 apertis
1519 1180 1631 1218 oculis
1661 1193 1732 1216 non
1760 1177 1906 1217 videbat
1930 1193 1937 1213 ε
1966 1176 2004 1214 id
2034 1177 2131 1228 quod

1145 1244 1347 1296 patiebatur
1363 1244 1399 1281 in
1416 1244 1506 1294 lege,
1523 1242 1634 1280 donec
1653 1241 1707 1279 illi
1740 1241 1949 1292 impositum
1986 1249 2038 1278 est
2069 1254 2130 1278 no-

1145 1321 1224 1345 men
1245 1309 1341 1347 Jesu.
1369 1309 1423 1345 Et
1456 1309 1589 1344 statim
1616 1308 1836 1357 baptizatus
1863 1312 1933 1342 est.
1960 1305 2015 1341 Et
2042 1317 2131 1341 cum

1145 1371 1353 1420 accepisset
1365 1371 1506 1414 cibum,
1517 1368 1760 1420 confortatus
1775 1373 1844 1403 est.
1857 1365 1955 1415 Ergo
1965 1364 2131 1403 infirmus

1145 1438 1218 1467 erat
1237 1444 1281 1467 ex
1294 1429 1432 1475 itinere,
1451 1442 1496 1466 ex
1512 1437 1624 1478 metu,
1646 1441 1692 1465 ex
1707 1427 1812 1475 fame,
1826 1439 1871 1463 ex
1889 1427 2131 1464 moe1·0re.Vo-

1143 1491 1219 1529 lens
1249 1491 1360 1542 igitur
1378 1490 1476 1528 illius
1505 1503 1634 1541 augere
1661 1502 1859 1535 moerorem,
1890 1501 2022 1524 caecum
2054 1501 2130 1524 ma-

1144 1566 1226 1589 nere
1258 1550 1435 1604 permisit,
1470 1550 1581 1588 donec
1606 1549 1704 1589 venit
1730 1547 1905 1585 Ananias.
1940 1547 1988 1584 Et
2021 1556 2061 1584 ut
2086 1561 2130 1585 ne

1144 1612 1225 1662 quis
1260 1620 1360 1663 putet
1389 1610 1616 1663 phantasiam
1660 1609 1769 1647 fuisse
1807 1608 2013 1653 caecitatem,
2048 1607 2130 1645 ideo

1145 1686 1299 1722 squamae
1314 1672 1471 1708 fuerunt.
1489 1670 1607 1722 Igitur
1618 1683 1687 1708 non
1700 1683 1790 1721 opus
1806 1668 1959 1706 hahebat
1975 1668 2045 1706 alia
2065 1667 2130 1706 do-

1145 1732 1277 1781 ctrina3
1294 1731 1355 1769 sed
1388 1731 1427 1768 id
1447 1730 1544 1781 quod
1569 1730 1712 1779 accidit,
1737 1728 1900 1767 doctrina
1920 1729 2002 1766 fuit.
2036 1731 2132 1766 Fuit

1143 1800 1274 1829 autem
1292 1806 1378 1829 cum
1397 1793 1613 1843 discipulis,
1637 1793 1705 1843 qui
1715 1798 1827 1827 erant
1838 1791 2044 1835 Damasci,
2061 1803 2132 1840 per

1143 1854 1225 1890 dies
1247 1854 1412 1905 aliquot.
1441 1854 1504 1891 20.
1539 1854 1594 1890 Et
1618 1855 1801 1890 continuo
1843 1854 1885 1888 in
1917 1853 2129 1902 synagogis

1139 1915 1379 1966 praedicabat
1399 1915 1608 1960 Christum,
1634 1916 1728 1966 quia
1743 1915 1806 1951 hic
1817 1921 1872 1950 est
1889 1913 2017 1949 Filius
2033 1913 2123 1949 Dei.

1141 1975 1250 2021 Vide,
1277 1975 1395 2012 statim
1421 1974 1543 2012 doct01
1572 1983 1647 2012 erat
1671 1974 1707 2011 in
1723 1973 1924 2027 synagogis.
1949 1974 2027 2010 Non
2047 1986 2127 2009 eru·
2142 1975 2247 2044 Ptaulus
2270 1977 2328 2004 do-

2141 2028 2155 2045 C
2171 2027 2203 2044 Ol*
2220 2028 2249 2044 ln
2263 2027 2330 2056 sym

2141 2069 2246 2096 agogls.

1141 2035 1305 2074 bescebat
1320 2036 1365 2073 de
1383 2035 1591 2083 mutatione,
1613 2049 1727 2086 neque
1739 2034 1918 2072 metuebat
1946 2032 2128 2071 destrueie

1142 2096 1214 2145 illa,
1235 2097 1272 2134 in
1291 2097 1424 2146 quibus
1439 2105 1538 2134 antea
1555 2096 1670 2133 clarus
1681 2105 1767 2133 erat.
1782 2097 1855 2134 Nec
1870 2095 1986 2132 solum
2002 2094 2127 2132 doctor

1140 2165 1229 2204 erat,
1251 2156 1312 2193 sed
1328 2156 1435 2194 etiam
1464 2156 1501 2193 in
1518 2155 1721 2208 synagogis.
1740 2156 1794 2192 Ita
1813 2155 1858 2192 ab
1882 2154 1985 2191 initio
2021 2155 2129 2192 homo

1142 2226 1216 2255 erat
1234 2225 1268 2254 et
1287 2216 1463 2265 occidens,
1491 2216 1586 2254 etad
1611 2215 1722 2253 caedes
1756 2214 1985 2267 compositus.
2015 2214 2130 2254 Vides

1141 2293 1250 2330 quam
1264 2279 1401 2316 clarum
1420 2278 1563 2329 signum
1577 2277 1614 2314 in
1634 2278 1698 2315 illo
1713 2277 1846 2314 factum
1864 2277 1933 2314 sit?
1948 2277 2024 2314 Hoc
2051 2277 2129 2329 ipso

1141 2353 1262 2378 omnes
1283 2339 1507 2391 percellebat.
1527 2338 1613 2376 Ideo
1644 2338 1721 2375 haec
1753 2338 1957 2389 significans
1987 2337 2131 2389 adjicit:

1139 2403 1183 2439 :⁶21
1195 2431 1202 2439 .
1222 2402 1437 2453 Stupebant
1455 2409 1586 2438 autem
1603 2414 1734 2438 omnes
1748 2403 1815 2452 qui
1835 2401 2061 2446 audiebant,
2091 2409 2129 2438 et

1139 2463 1335 2499 dicebant:
1348 2462 1561 2499 Nonneliie
1576 2469 1646 2507 est,
1662 2463 1730 2513 qui
1745 2462 1993 2512 expugnabat
2008 2463 2049 2497 in
2067 2461 2128 2498 Je-

1138 2523 1309 2561 rusalem
1328 2525 1555 2560 invocantes
1570 2524 1611 2558 in
1634 2523 1789 2558 nomine
1800 2522 1891 2569 lzoc,
1904 2529 1939 2558 et
1960 2522 2023 2558 bie
2042 2521 2128 2558 ideo

1139 2587 1262 2630 venit,
1286 2592 1328 2621 ut
1354 2585 1509 2620 vinctos
1544 2582 1635 2619 illos
1671 2582 1827 2619 duceret
1854 2583 1909 2618 ad
1936 2583 2128 2632 principes

1139 2646 1383 2684 sacerdotum
1397 2648 1413 2680 Ρ
1432 2645 1495 2681 22.
1526 2643 1666 2680 Saulus
1686 2651 1815 2679 autem
1831 2645 1955 2693 magis
1976 2655 2124 2679 conva-

1144 2707 1309 2743 lescebat
1328 2712 1364 2742 et
1377 2703 1643 2756 confundebat
1676 2702 1848 2748 Judoeos,
1879 2704 1946 2753 qui
1972 2704 2127 2741 habita-

1141 2768 1238 2803 bant
1266 2766 1469 2812 Damasci‚
1505 2763 1716 2815 affirmans
1755 2765 1940 2813 quoniam
1977 2765 2040 2801 hic
2071 2772 2128 2801 est

1141 2828 1332 2866 Christus.
1354 2828 1487 2878 Utpote
1500 2825 1591 2876 legis
1612 2824 1746 2876 peritus
1771 2824 2009 2863 confundebat
2032 2826 2125 2875 illos,

1090 2907 1114 2937 D
1140 2902 1204 2926 nec
1219 2887 1319 2938 loqui
1336 2886 1484 2925 sinebat.
1506 2885 1684 2922 Putabant
1705 2899 1741 2922 se
1756 2899 1775 2922 a
1790 2885 1970 2936 Stephano
1989 2885 2125 2923 libera-

1139 2958 1206 2997 tos,
1218 2963 1238 2986 a
1257 2948 1322 2985 tali
1339 2946 1582 2999 disputatione
1597 2955 1734 2997 ereptos
1749 2958 1836 2991 esse,
1855 2954 1888 2982 et
1903 2945 2012 2983 alium
2028 2946 2125 2985 inve-

1139 3018 1265 3048 nerunt
1281 3008 1460 3060 Stephano
1470 3006 1783 3047 vehementiorem.

1116 3169 1269 3203 manibus
1290 3171 1376 3203 dixit
1400 3168 1458 3211 illi,
1487 3169 1600 3201 Jesum
1625 3179 1693 3200 esse
1715 3179 1733 3199 a
1760 3179 1826 3210 quo
1848 3169 1918 3211 ipse
1947 3169 2053 3202 visum
2075 3181 2125 3202 re-

1117 3224 1251 3265 ciperet.

1161 3276 1179 3300 b
1196 3272 1258 3307 Alli
1282 3261 1374 3316 ἀθυμί’
1377 3288 1422 3312 αι,
1449 3274 1597 3316 ἐτύφλωσε
1620 3276 1670 3305 τὸν
1696 3276 1864 3316 ἄνθρωπον,
1893 3288 1964 3317 πριν
1991 3278 2008 3312 ἣ
2033 3278 2109 3309 ἐλθ*
2102 3291 2125 3309 ιν

1118 3330 1232 3360 τοῦτον.

1162 3387 1174 3402 ⁶
1193 3383 1380 3419 συναγωγαῖς,
1398 3380 1448 3408 καὶ
1466 3377 1580 3414 εὐθέως,
1598 3377 1630 3405 ἐκ
1647 3380 1704 3406 τῶν
1717 3378 1895 3418 προοιμίων,
1908 3374 1953 3407 sic
1969 3374 2035 3408 alii.

1165 3429 1180 3452 (ἶ
1200 3429 1294 3461 Unus
1307 3436 1359 3465 τῆς
1376 3432 1404 3460 ἐν
1419 3433 1479 3464 τοῖς
1495 3427 1635 3462 τοιούτοις
1653 3427 1766 3464 λέξεως.
