2502 3810
317 209 413 272 094
759 219 796 248 s.
834 217 1018 248 smmis
1055 214 1296 245 CHRYSOST.
1336 213 1546 242 anctum-⁸.
1587 212 1942 255 consummor,

318 305 381 342 sed
396 318 475 342 cum
489 313 521 341 te
542 301 671 341 viderit
685 300 795 351 ipsius
815 298 936 349 gloria}
953 307 1145 342 amantem,
1165 305 1250 333 tunc
1270 305 1303 333 te
1373 298 1506 368 ἐρῶντα
1523 298 1583 341 τῆς
1611 297 1694 347 παρ’
1722 296 1834 332 αὐτῶν
1861 295 2044 346 εὐφημίας.
2071 295 2162 332 Ἀλλ’
2183 296 2247 345 οὐχ
2271 297 2288 332 ὁ
2310 293 2398 336 Θεὸς

318 365 472 401 maxime
500 361 676 406 laudabit,
712 358 919 406 mirabitur,
938 357 1160 410 praedicabit.
1189 357 1304 394 Homo
1373 355 1493 403 οὕτως,
1516 358 1591 393 ἀλλ’
1610 356 1691 394 ὅταν
1712 356 1767 408 ἴδῃ
1797 371 1835 393 σε
1856 358 1987 407 ἐρῶντα
2006 372 2068 402 της
2084 358 2168 430 παρ’
2199 357 2303 392 αὐτοῦ
2335 354 2396 391 δό-

317 433 434 461 autem
448 435 517 459 non
532 420 670 469 sic,sed
687 428 719 456 te
731 419 886 456 liberum
900 418 936 456 in
951 432 1094 456 servum
1114 417 1303 469 accipiens,
1375 416 1450 463 ξτς,
1479 416 1557 455 τότε
1586 433 1624 455 σε
1654 416 1785 467 μάλιστ
1788 432 1807 453 α
1839 415 2060 454 ἐπαινέσεται
2089 416 2149 454 καὶ
2182 415 2399 465 θαυμάσεται

317 492 350 520 et
368 497 431 534 per
451 481 602 519 verbum
625 494 738 517 unum
756 478 861 517 laude
881 486 915 516 te
933 479 1020 516 falsa
1037 477 1229 530 excipiens,
1245 491 1305 516 vo-
1374 476 1432 513 καὶ
1449 475 1669 529 ἀνακηρύξει.
1691 476 1770 514 ‘O
1754 476 1788 515 οὲ
1808 476 1988 528 ἄνθρωπος
2007 479 2072 528 οὐχ
2091 475 2209 522 οὕτως,
2228 475 2318 513 ἀλλὰ
2336 476 2399 512 >u-

317 558 392 581 ram
409 543 472 580 abs
491 551 525 580 te
543 540 743 579 mercedem
761 540 890 590 aufert,
906 549 940 577 et
958 549 992 578 te
1011 539 1079 577 sibi
1101 540 1182 591 plus
1196 553 1304 589 quam
1375 536 1444 574 ἕών
1461 552 1498 574 σε
1518 537 1635 574 δοῦλον
1656 538 1729 574 ἀντ’
1749 536 1925 587 ἐλευθέρου
1938 566 1947 582 ,
1965 536 2024 574 καὶ
2040 537 2097 574 διὰ
2115 538 2216 588 1ψιλοῦ
2245 535 2399 587 ῥήματος

316 603 495 640 emtitium
525 601 683 653 subjicit.
706 600 874 638 Emtitios
904 600 999 638 enim
1028 608 1106 651 post
1137 599 1304 637 mandata
1373 597 1542 641 πολλάκις
1568 613 1622 635 σοι
1654 597 1888 650 χαρισάμενος
1917 597 2055 635 ἔπαινον
2082 598 2209 648 ψευδῆ,
2240 596 2396 648 ἥρπασεν

317 663 413 701 dicto
432 662 615 700 audientes
650 662 782 699 habent
808 660 904 710 heri,
924 670 963 699 tu
989 674 1072 699 vero
1101 660 1207 698 etiam
1231 660 1305 697 sine
1328 656 1351 687 C
1375 658 1444 699 ἀπὸ
1475 662 1535 696 σοῦ
1570 661 1690 708 μισθὸν
1724 660 1857 705 ἀληΟῆ,
1893 657 1952 696 καὶ
1991 658 2232 709 ἀργυρωνήτου
2265 658 2399 707 μᾶλλον

317 724 494 761 mandatis
510 723 705 761 famularis.
724 723 846 773 Neque
864 721 956 759 enim
975 730 1156 774 exspectas
1171 722 1304 773 jussio·
1375 718 1555 761 ὑπέταξεν.
1587 718 1764 762 Ἐκείνους
1793 718 1854 769 μὲν
1890 718 1957 769 γὰρ
1990 717 2078 769 μετὰ
2107 718 2150 756 τὰ
2177 718 2400 768 ἐπιτάγματα

317 799 397 822 nem
407 800 417 833 ;
434 784 497 822 sed
515 784 544 822 si
565 784 680 822 solum
699 783 853 833 noveris,
873 797 943 833 quo
963 791 1065 834 pacto
1095 783 1168 819 illis
1189 782 1304 833 grati·
1375 778 1511 830 ἔχουσιν
1544 779 1781 823 ὑπακούοντας
1808 782 1838 817 οι
1867 778 2049 826 δεσπόται,
2070 794 2110 816 συ
2136 777 2172 816 δὲ
2204 778 2262 816 καὶ
2294 793 2402 829 [Opts

318 845 416 883 ficari
434 845 562 897 possis,
585 845 657 882 illis
676 844 768 882 nihil
787 843 1045 896 imperantibus
1061 843 1181 881 omnia
1202 843 1301 880 facis.
1376 857 1456 878 επιτ
1459 857 1479 878 α
1482 840 1626 892 γαάτων
1645 842 1726 879 δουλ
1729 840 1796 878 363¹.
1789 857 1825 884 .ς.
1846 839 1938 879 Οὐδὲ
1959 856 2026 893 γαρ
2052 841 2233 890 ἀναμένεις
2256 839 2403 877 ἀκοῦσαί

319 906 460 952 Quanta
476 919 558 957 ergo
578 905 737 956 gehenna
756 919 825 942 non
843 904 944 956 digni
959 904 1146 953 fuerimus,
1160 904 1221 954 qui
1238 904 1306 942 im-
1376 917 1409 939 τι
1428 904 1510 952 παρ’
1546 903 1657 939 αὐτων
1675 931 1684 948 ,
1711 903 1787 939 ἀλλ’
1817 901 1856 938 ἂν
1876 917 1965 953 γνῳς
1997 900 2098 952 μόνον
2131 901 2174 936 δι’
2209 904 2255 937 ὡν
2290 901 2403 940 αὐτοῖς

319 967 450 1019 probos
467 966 815 1016 delectamus,iisque
837 974 1027 1016 antequam
1047 965 1220 1016 imperent
1235 979 1306 1002 ser-
1376 966 1483 1014 χαριῇ
1496 993 1505 1009 ,
1525 961 1602 1000 οὐδε
1619 963 1871 1000 ἐπιταττόντιι)ν
1901 964 2014 1000 αὐτων
2034 962 2149 999 πάντα
2171 966 2294 1004 ποιεῖς.
2324 959 2402 997 Πό-

320 1028 542 1075 vimu53Deo
556 1036 675 1064 autem
688 1025 1000 1078 qilotidiejubente
1011 1034 1042 1062 et
1054 1025 1306 1074 hortante,non
1378 1039 1441 1069 σης
1461 1027 1517 1060 οὐν
1539 1026 1600 1061 οὐκ
1620 1023 1659 1059 ἂν
1677 1039 1796 1073 ειημεν
1817 1023 1905 1066 ἄξιοι
1924 1021 2064 1074 γεέννης
2081 1021 2158 1065 τοὺς
2188 1021 2249 1073 μὲν
2271 1024 2403 1072 μοχθη-

321 1088 371 1125 sic
385 1087 574 1125 audimus?
589 1087 698 1137 Atqui
718 1087 748 1124 si
766 1086 814 1124 ita
833 1086 956 1124 laudes
971 1100 1068 1123 amas
1083 1095 1117 1123 et
1142 1086 1306 1137 gloriam,
1380 1099 1457 1134 ρους
1484 1083 1687 1134 τέρποντες,
1719 1083 1777 1121 καὶ
1807 1083 1888 1135 πρὶν
1912 1082 2113 1126 επιτοίξουσι
2140 1081 2402 1133 θεραπεύοντες,

321 1149 404 1199 fuge
423 1149 521 1185 illam
541 1163 618 1200 quae
638 1148 682 1185 ab
697 1148 902 1185 bominibus
924 1156 986 1196 est,
1004 1156 1038 1184 et
1056 1156 1140 1184 tunc
1157 1147 1307 1197 gloriam
1378 1148 1437 1182 τοῦ
1458 1143 1492 1182 δὲ
1514 1146 1605 1182 Θεοῦ
1625 1145 1702 1181 καθ’
1723 1143 1874 1190 ἑκάστην
1895 1142 2030 1194 ἡμέραν
2059 1142 2324 1194 ἐγκελευομένου
2344 1142 2403 1179 καὶ

322 1209 675 1259 assequeriszaverte
704 1217 737 1246 te
758 1223 778 1245 a
812 1207 1002 1257 laudibus,
1033 1216 1066 1244 et
1097 1216 1179 1244 tunc
1208 1207 1307 1244 mille
1378 1210 1648 1256 παραινοῦντος,
1682 1204 1770 1255 μηδὲ
1797 1204 1903 1248 οὕτως
1926 1203 2126 1251 ἀκούοντες,
2146 1203 2271 1242 Καίτοι
2302 1220 2341 1254 γε
2374 1206 2403 1241 εἰ

322 1271 451 1308 frueris
484 1270 654 1308 laudibus
692 1279 767 1307 tnn]
796 1284 815 1306 a
840 1271 927 1317 Deo,
960 1278 1036 1306 tum
1069 1269 1114 1306 ab
1152 1268 1304 1305 homini·
1380 1266 1477 1313 δόξης
1496 1282 1554 1303 και
1585 1265 1735 1304 ἐπαίνων
1760 1267 1861 1317 ἔρας,
1885 1270 1986 1317 φεῦγε
2011 1281 2067 1303 τον
2098 1267 2181 1316 παρ’
2211 1263 2402 1316 ἀνθρώπιον

323 1330 417 1368 bus?
451 1331 635 1368 Neminem
674 1330 769 1367 enim
806 1329 855 1366 ita
890 1328 1037 1366 laudare
1070 1329 1238 1378 solemus,
1270 1338 1308 1366 ut
1330 1333 1356 1362 D
1380 1326 1537 1373 ἔπαινον,
1562 1327 1621 1364 καὶ
1640 1326 1718 1363 τότε
1745 1326 1904 1376 ἐπιτεύξῃ
1929 1325 2050 1370 δόξης·
2073 1325 2317 1376 ἀποστράφηθι
2341 1324 2404 1368 τὰς

323 1405 404 1429 cum
431 1391 489 1441 qui
522 1391 672 1441 gloriam
688 1389 859 1441 despicit,
890 1403 952 1426 nec
969 1389 1145 1426 celebrare
1174 1398 1207 1426 et
1238 1389 1306 1425 mi·
1380 1386 1571 1438 εὐφημίας,
1592 1403 1651 1424 και
1677 1386 1755 1424 τότε
1776 1386 1906 1437 μυρίων
1930 1385 2138 1428 ἀπολαύσεις
2157 1401 2225 1422 των
2255 1386 2403 1423 ἐπαίνων

324 1451 416 1499 rari,
436 1460 474 1487 ut
502 1464 583 1487 eum
604 1450 665 1500 qui
686 1449 835 1486 laudum
863 1457 1056 1486 contemtor
1074 1457 1126 1485 est
1143 1447 1193 1485 :si
1224 1462 1308 1486 vero
1380 1446 1439 1483 καὶ
1455 1446 1551 1499 παρὰ
1568 1449 1662 1498 Θεῷ,
1683 1447 1741 1483 καὶ
1757 1448 1839 1497 παρ’
1863 1445 2067 1498 ἀνθρώποις.
2084 1445 2220 1483 Οὐδένα
2235 1444 2302 1498 γὰρ
2317 1445 2406 1483 οὕτω

325 1525 401 1560 nos,
423 1511 535 1548 multo
555 1510 668 1561 magis
687 1510 935 1547 universorum
953 1510 1061 1545 Deus.
1084 1509 1174 1545 Cum
1190 1517 1309 1545 autem
1381 1506 1530 1550 δοξάζειν
1552 1506 1721 1556 εἰώθαμεν
1752 1509 1798 1549 ὡς
1831 1506 1889 1543 τον
1920 1508 2143 1557 ὑπερορῶντα
2177 1505 2295 1552 δόξης,
2330 1506 2405 1546 οὐδὲ

324 1571 385 1608 ille
401 1580 433 1608 te
461 1570 715 1622 glorificaverit
732 1578 764 1607 ct
780 1568 992 1617 laudaverit,
1020 1569 1100 1618 quis
1120 1577 1154 1605 te
1172 1567 1310 1605 beatior
1382 1569 1534 1605 ἐπαινεῖν
1567 1568 1626 1605 καὶ
1658 1567 1845 1618 θαυμάζειν
1877 1569 1924 1610 ὡς
1953 1567 2010 1604 τὸν
2037 1570 2318 1618 καταφρονοῦντα
2347 1572 2406 1605 τοῦ

325 1632 456 1669 suerit?
473 1631 616 1669 Etenim
635 1640 807 1680 quantum
821 1638 872 1667 est
892 1629 1042 1680 gloriam
1056 1629 1147 1666 inter
1163 1637 1196 1665 et
1210 1628 1310 1679 igno·
1383 1627 1619 1677 Οαυμάζεσθαι
1648 1628 1706 1666 καὶ
1738 1630 1952 1665 ἐπαινεῖσθαι
1971 1643 1979 1651 ·
2002 1629 2032 1664 εἷ
2069 1626 2105 1664 δὲ
2134 1630 2255 1677 ἡμεῖς,
2288 1629 2406 1678 πολλῷ

326 1692 472 1729 miniam
493 1691 696 1737 discrimen,
719 1699 815 1727 tanta
835 1699 885 1727 est
917 1690 1007 1727 inter
1027 1700 1216 1741 supernam
1235 1688 1311 1739 glo-
1384 1690 1515 1739 μᾶλλον
1533 1692 1550 1726 ὁ
1569 1692 1638 1726 τῶν
1661 1690 1748 1727 ὅλων
1769 1688 1871 1732 Θεός.
1886 1687 2000 1726 c'0:06⁴
2022 1687 2057 1726 δὲ
2077 1687 2204 1730 ἐκεῖνός
2228 1703 2266 1725 σε
2283 1687 2405 1736 δοξάζῃ

325 1753 414 1789 riam
429 1761 461 1789 et
483 1752 677 1788 humanam
697 1750 896 1788 differentia
915 1766 921 1785 :
939 1750 1010 1787 imo
1039 1750 1151 1786 multo
1173 1759 1205 1786 et
1225 1749 1309 1786 iufi-
1383 1750 1442 1787 καὶ
1459 1752 1584 1800 ἐπαινῇ
1600 1780 1609 1797 ,
1626 1749 1677 1793 τίς
1697 1766 1756 1788 σου
1787 1749 2080 1801 μακαριστότερος
2102 1748 2228 1800 γένοιτ’
2253 1749 2314 1796 ἄν;
2337 1748 2407 1787 Καὶ

325 1812 399 1850 nito
417 1813 499 1864 plus
520 1811 672 1849 excellit.
697 1812 788 1848 Nam
805 1811 832 1848 si
853 1810 912 1848 illa
942 1810 1033 1847 nulli
1054 1810 1180 1847 collata
1197 1809 1312 1861 turpis
1383 1810 1449 1862 γὰρ
1472 1811 1550 1849 ὅσον
1580 1810 1678 1857 δόξης
1704 1809 1764 1848 καὶ
1791 1809 1932 1859 ἀτιμίας
1954 1810 1992 1848 τὸ
2012 1808 2136 1859 μέσον,
2164 1812 2324 1846 τοσοῦτον
2345 1811 2406 1854 τῆς

325 1882 377 1911 est
405 1882 435 1910 et
455 1872 567 1921 foeda,
583 1872 726 1922 quando
749 1886 831 1909 cum
850 1871 919 1909 alia
958 1871 1058 1908 illam
1078 1872 1311 1920 conferemus,
1387 1871 1515 1909 ἄνωθεν
1530 1870 1630 1918 δόξης
1644 1870 1730 1922 πρὸς
1746 1869 1808 1917 τὴν
1832 1869 2048 1921 ἀνθρωπίνην
2065 1870 2102 1908 τὸ
2119 1868 2277 1921 διάφορον
2293 1884 2300 1891 ·
2323 1871 2408 1919 μᾶλ-

326 1935 440 1986 cogita
458 1943 591 1984 quanta
609 1935 728 1970 futura
755 1933 800 1970 sit
820 1931 974 1972 foeditas.
994 1934 1044 1970 L't
1070 1932 1165 1970 enim
1196 1945 1315 1969 mere-
1386 1933 1445 1970 λον
1464 1932 1499 1970 δὲ
1525 1934 1644 1983 πολλῷ
1667 1932 1770 1970 πλέον
1789 1932 1848 1970 καὶ
1873 1932 2027 1984 ἄπειρον.
2055 1932 2100 1968 Εἰ
2119 1930 2185 1983 γὰρ
2205 1931 2265 1968 καὶ
2287 1930 2409 1980 μηδενὶ

327 1996 402 2033 trix
434 1996 564 2032 mulier
582 1995 618 2032 in
637 1994 839 2046 prostibulo
861 2003 976 2040 stans,
999 1994 1164 2031 omuibus
1185 1993 1240 2031 sui
1260 2007 1316 2030 co·
1339 2009 1362 2039 E
1388 1993 1685 2044 παραοαλλομένη
1717 1992 1802 2039 αὕτη
1833 1992 1962 2044 αἰσχρά
1984 1992 2034 2036 τίς
2054 2008 2114 2030 εστ
2119 2009 2128 2029 ι
2154 2007 2213 2029 και
2241 1991 2409 2038 δυσειδης,

327 2057 423 2108 piam
444 2056 548 2093 facit:
567 2056 616 2093 sic
638 2069 735 2092 vanae
765 2054 886 2106 gloria?
906 2054 1016 2103 servi,
1036 2054 1108 2092 imo
1141 2054 1316 2106 turpiores
1388 2053 1468 2092 ὅταν
1485 2070 1544 2092 και
1562 2055 1648 2107 πρὸς
1664 2053 1784 2104 ἑτεραν
1808 2052 1914 2100 αὐτην
1938 2054 2000 2090 ἀντ
2003 2052 2075 2096 εξετ
2079 2053 2236 2103 άζωμεν,
2251 2051 2408 2098 ἐννόησον

328 2117 390 2154 illa
405 2117 583 2154 sunt.Illae
600 2130 750 2166 namque
765 2130 856 2167 saepc
871 2115 1044 2166 quosdam
1055 2115 1206 2153 amasios
1222 2129 1317 2167 sper·
1390 2131 1467 2154 οσον
1494 2121 1652 2168 φανεῖται
1671 2116 1709 2153 τὸ
1731 2119 1862 2166 αἶσχος.
1890 2114 2057 2165 Καθάπερ
2077 2113 2145 2166 γὰρ
2171 2112 2410 2189 ἑταιριζρμένη

329 2186 433 2228 nunt,
461 2186 498 2214 tu
529 2192 613 2216 vcro
642 2176 807 2214 omnibus
839 2186 989 2228 prostas,
1023 2176 1198 2227 fugitivis,
1229 2175 1317 2213 furi·
1389 2176 1474 2227 γυνὴ
1501 2191 1560 2214 και
1580 2176 1637 2214 επὶ
1657 2181 1715 2214 τοῦ
1735 2175 1902 2226 ὃστεγους
1924 2177 2060 2212 ἑστῶσα
2079 2180 2194 2212 πᾶσαν
2211 2172 2335 2220 ἑαυτὴν
2356 2174 2412 2210 ἐκ·

328 2237 407 2285 bus,
428 2238 691 2289 marsupiorum
709 2237 914 2274 sectoribus.
931 2237 1082 2273 Illorum
1098 2237 1192 2274 enim
1213 2245 1318 2286 atque
1391 2237 1549 2282 δίδωσιν,
1575 2236 1664 2275 οὕτω
1694 2235 1753 2273 καὶ
1780 2239 1812 2274 οἱ
1839 2235 2030 2279 κενοδοξίας
2056 2236 2193 2273 δοῦλοι·
2214 2236 2345 2285 μᾶλλον
2377 2233 2412 2270 δὲ

331 2297 502 2334 similium
526 2298 627 2334 turba
652 2297 787 2334 theatra
807 2310 869 2334 vos
889 2296 1072 2333 laudantia
1093 2305 1271 2343 constant,
1286 2305 1319 2334 et
1391 2298 1450 2334 καὶ
1470 2298 1600 2343 ἐκείνης
1624 2297 1778 2348 αἰσχίους
1804 2291 1908 2334 οῧτοι.
1938 2296 2093 2333 Ἐκεῖναι
2112 2295 2173 2345 μὲν
2190 2295 2258 2346 γὰρ
2277 2295 2413 2332 πολλα-

332 2371 420 2407 quos
453 2356 611 2408 singulos
634 2355 737 2393 nihili
757 2370 830 2394 esse
854 2365 972 2408 putas,
994 2357 1156 2394 collectos
1176 2356 1231 2393 x‘el
1251 2365 1319 2394 tuae
1391 2362 1456 2409 χοῦ
1485 2358 1746 2409 κατεφρόνησάν
1776 2372 1877 2394 τινων
1910 2355 2121 2407 ἐρασθέντιι)ν
2150 2357 2264 2392 αὐτῶν
2282 2370 2289 2378 ·
2311 2353 2352 2391 σὺ
2377 2353 2413 2392 δὲ

332 2417 438 2454 saluti
468 2417 670 2470 anteponis,
693 2426 726 2454 et
748 2426 781 2454 te
804 2416 862 2454 his
882 2416 1048 2454 omnibus
1071 2416 1320 2467 ignobiliorem
1393 2417 1505 2454 ἅπασι
1525 2418 1649 2455 σαυτὸν
1665 2417 1883 2469 προύΟηκας,
1905 2416 1963 2453 καὶ
1984 2415 2170 2468 δραπέταις
2189 2415 2248 2452 καὶ
2269 2416 2415 2465 λῃσταῖς

333 2478 502 2516 declaras.
1393 2493 1453 2515 και
1474 2477 1768 2528 βαλαντιοτόμοις.
1792 2476 1874 2515 ’Areo
1890 2476 1956 2528 γὰρ
1972 2476 2099 2514 τούτων
2116 2490 2175 2512 και
2204 2477 2272 2512 τῶν
2301 2473 2417 2511 τοιού-

1393 2555 1461 2577 των
1481 2539 1525 2577 τὰ
1543 2542 1750 2577 επαινοῦντα
1778 2541 1868 2588 υμας
1893 2538 2079 2583 συνέστηκε
2108 2535 2144 2573 03'
2129 2551 2261 2587 ,ατ-ραι·
2280 2534 2339 2572 καὶ
2360 2534 2416 2577 οὓς

1333 2634 1363 2658 6
1365 2634 1380 2657 3
1394 2601 1471 2637 καθ’
1493 2601 1573 2637 ἑαυτ
1576 2616 1630 2643 ους
1647 2600 1746 2643 ὄντας
1765 2599 1898 2641 οὐδενὸς
1922 2597 2034 2641 ἀξίους
2052 2601 2141 2634 εῖναι
2156 2596 2319 2646 νομίζεις,
2336 2595 2396 2633 τού
2410 2616 2419 2622 -

1346 2671 1371 2699 Α
1395 2676 1472 2704 τους
1474 2659 1715 2722 συλλεγέντας
1730 2676 1791 2705 της
1808 2662 1949 2697 σεαυτοῦ
1965 2665 2138 2710 προτιμας
2153 2655 2341 2708 σωτηρίας,
2358 2671 2418 2692 και

1395 2720 1534 2758 πάντων
1553 2720 1690 2759 εκείνων
1708 2719 1912 2771 ἀτιμότερον
1932 2719 2055 2757 σαυτὸν
2074 2717 2287 2769 ἀποφαίνεις.

386 2790 422 2827 5.
440 2785 630 2835 Quomodo
653 2784 747 2823 enim
778 2798 847 2823 non
866 2783 1060 2836 ignobilior
1079 2783 1123 2830 is,
1147 2783 1209 2834 qui
1235 2783 1319 2821 lau-
1447 2783 1531 2825 Πως
1548 2781 1614 2833 γὰρ
1637 2782 1697 2819 οὐκ
1717 2780 1921 2831 ἀτιμότερος
1946 2782 1964 2817 ὃ
1991 2782 2053 2825 τῆς
2071 2781 2156 2831 παρ’
2187 2776 2327 2815 ἐκείνων
2347 2775 2419 2814 δεό-

332 2849 377 2887 ‹le
404 2850 550 2886 illorum
585 2857 676 2899 eget,
707 2861 770 2885 nec
800 2856 901 2899 putat
932 2847 1000 2883 sibi
1031 2846 1100 2898 ipsi
1137 2845 1321 2893 sufficere,
1397 2859 1495 2893 μενος
1522 2842 1714 2895 εὐφημίας,
1733 2841 1793 2880 καὶ
1821 2841 1869 2891 μὴ
1886 2840 2034 2890 νομίζων
2069 2842 2184 2890 ἀρκεῖν
2212 2839 2366 2888 σεαυτῷ,
2389 2838 2419 2873 εἷ

333 2910 403 2947 nisi
422 2910 467 2946 ab
492 2909 571 2946 aliis
587 2909 739 2959 gloriam
767 2907 943 2959 accipiat?
958 2908 1036 2944 Non
1065 2907 1322 2957 cogitas,quae-
1399 2903 1447 2956 μὴ
1467 2904 1530 2950 τὴν
1553 2906 1637 2955 παρ’
1659 2904 1785 2956 ἑτέρων
1805 2902 1902 2946 δόξαν
1932 2902 2075 2947 λάδοις,
2091 2902 2166 2938 Οὐκ
2183 2901 2306 2941 ἐννοεῖς
2319 2928 2328 2945 ,
2345 2897 2419 2935 εἰπέ

334 2986 372 3010 50
392 2981 437 3020 te,
455 2981 582 3023 praeter
601 2985 639 3008 ea
655 2985 733 3021 quae
765 2969 859 3007 dicta
889 2978 984 3018 sunt,
1005 2977 1038 3005 te
1065 2968 1092 3005 si
1113 2968 1323 3019 conspicuus
1398 2982 1468 3015 μοι,
1490 2964 1578 3016 μετὰ
1595 2967 1663 3002 τῶν
1679 2962 1886 3017 εἰρημένων,
1900 2961 1953 3000 ὅτι
1966 2960 2195 3012 περίὸλεπτος
2214 2958 2275 3009 μὲν
2295 2960 2342 2997 ὢν
2362 2959 2421 2996 καὶ

335 3034 382 3071 sis
399 3042 431 3070 et
450 3032 616 3070 omnibus
633 3041 751 3080 notus,
775 3030 836 3067 ubi
864 3029 1082 3082 peccaveris,
1101 3029 1200 3066 mille
1218 3029 1323 3065 habi·
1397 3033 1485 3064 πᾶσι
1503 3026 1715 3073 κατάδηλος,
1737 3024 1776 3061 ἂν
1797 3023 1973 3075 ἁμάρτῃς,
1993 3021 2134 3073 μυρίους
2153 3022 2243 3073 ἔχεις
2267 3020 2421 3071 κατηγό-

334 3104 456 3132 turum
482 3101 702 3130 accusatores
711 3107 720 3140 3
741 3091 770 3129 si
790 3091 932 3150 ignotus
949 3104 1034 3128 vero
1061 3090 1126 3139 sis,
1148 3089 1270 3126 saltem
1288 3089 1323 3126 in
1401 3103 1495 3140 ρους·
1527 3087 1702 3138 ἄγνωστος
1729 3085 1763 3123 δὲ
1780 3115 1789 3132 ,
1816 3084 1879 3122 κᾶν
1910 3087 1945 3122 ἐν
1977 3082 2149 3135 ἀσφαλείᾳ
2172 3087 2306 3132 μενεῖς;
2326 3081 2415 3127 Ναὶ,

336 3164 412 3192 tuto
433 3155 500 3191 hac
520 3168 564 3191 ex
584 3162 683 3206 parte
709 3152 905 3190 collocari-‚⁰
926 3151 1061 3201 Etiam,
1087 3150 1242 3200 inquies,
1264 3149 1325 3187 secl
1400 3148 1520 3200 φησίν·
1542 3147 1631 3185 ἀλλὰ
1650 3146 1710 3184 καὶ
1730 3148 1905 3196 κατορθῶν
1934 3144 2075 3196 μυρίους
2093 3144 2164 3195 ἔχω
2190 3142 2267 3185 τοὺς
2286 3146 2420 3192 Θαυμα-

337 3217 424 3254 dum
450 3217 619 3269 praeclare
647 3229 744 3267 gero,
766 3214 863 3252 mille
881 3214 1084 3252 laudatores
1099 3214 1228 3251 liabeo.
1250 3213 1325 3250 Hoc
1400 3211 1497 3254 στάς.
1515 3211 1626 3248 Τοῦτο
1644 3208 1712 3260 γάρ
1729 3209 1801 3245 ἐστι
1821 3206 1859 3244 τὸ
1881 3205 2000 3254 δεινὸν,
2020 3205 2071 3243 ὅτι
2092 3207 2129 3243 06
2144 3204 2245 3255 μόνον
2262 3203 2420 3255 ἁμαρτά-

386 3364 398 3377 ³
425 3353 512 3384 Ed‘ui
531 3360 647 3396 τέγους,
665 3353 741 3386 Mss.
753 3363 866 3385 omnes
889 3352 1174 3394 er3706;.Utraque
1192 3362 1254 3384 vox
1271 3349 1424 3393 quadrat.
