2502 3810
109 2052 134 2070 1.
151 2041 219 2069 Cor.
243 2049 288 2069 11.

107 2092 154 2121 19.

104 2173 173 2199 Act.
192 2169 219 2198 5.
239 2169 290 2199 36.

103 2415 274 2442 Judmorum

103 2462 194 2483 sectae.

325 239 414 299 590

328 336 403 371 Hie
423 334 556 382 solum,
588 330 774 381 inquiunt*5
800 329 858 366 sed
878 331 1038 380 Ubique.
1073 327 1169 363 Tum
1197 326 1305 363 etiam

322 395 496 431 accusatio
508 394 646 443 majora
659 390 903 442 praesentibus.
918 388 971 425 Ad
990 388 1067 424 haec
1076 418 1087 436 ,
1104 387 1271 437 inquiunt
1282 415 1294 435 ‚

322 455 556 504 Profanawit
574 451 777 502 templum,
795 452 902 486 viros
914 449 1077 500 gentiles
1094 448 1294 485 inducens.

321 514 428 562 Atqui
457 513 562 548 etiam
581 511 715 549 Christi
736 520 893 562 tempore
921 508 1152 547 ascenderunt
1173 507 1299 545 adora-

318 574 416 623 tui-ij
440 572 499 609 sed
519 573 556 609 hi
582 573 776 623 loquuntur
801 571 844 608 de
863 571 906 608 iis
920 601 930 619 ‚
955 571 1016 621 qui
1035 584 1105 607 non
1126 568 1299 606 adorandi

318 647 419 669 causa
448 633 648 670 veniebant.
668 635 721 670 Et
741 640 976 670 assumentes
990 660 999 678 ,
1024 629 1160 680 inquit,
1191 631 1298 666 Ραιι-

319 695 409 740 lum,
440 695 646 731 trahebant
665 694 778 731 illum
783 694 915 745 foras.
939 690 1136 742 perpende,
1166 704 1187 727 a
1206 698 1298 727 tem-

317 755 376 805 plo
398 753 544 805 ejiciunt
564 754 669 791 illum
688 770 695 790 :
713 768 824 804 neque
847 753 941 790 enim
961 752 1054 789 ultra
1072 751 1212 802 legibus
1242 750 1299 788 vel

317 815 555 853 tribunalibus
574 829 663 867 opus
689 814 888 863 habebant3
910 812 1062 862 ideoque
1087 812 1191 848 illum
1211 825 1295 862 per—

317 877 513 914 cutiebant:
528 876 578 913 sic
593 890 655 928 per
668 875 786 913 omnia
802 875 931 912 feroces
942 882 975 910 et
987 872 1185 924 petulantes
1202 880 1295 908 sunt.

316 938 381 974 Ille
398 952 480 976 vero
495 946 579 974 tunc
593 936 739 987 quidem
755 950 824 973 non
843 949 916 973 sese
932 934 1116 986 purgarit,
1133 933 1193 971 sed
1202 941 1296 984 post-

317 1014 377 1047 ειη
406 1009 438 1036 et
453 1000 533 1051 jure
551 998 695 1049 quidem
721 1013 727 1033 :
751 1007 834 1035 tunc
850 996 944 1033 enim
962 1010 1004 1033 ne
1020 994 1199 1032 audissent
1215 994 1296 1044 qui-

315 1060 410 1097 dem.
433 1060 478 1097 Et
498 1075 560 1098 eur
578 1059 800 1107 clamabant,
824 1059 932 1096 Tolle
951 1071 1035 1094 eum
1048 1061 1064 1093 P
1086 1056 1295 1106 Timebant,

315 1135 358 1159 nc
373 1122 554 1172 effugeret.
574 1120 644 1159 Sed
658 1120 761 1167 vide,
777 1133 857 1157 cum
873 1127 1004 1168 quanta
1018 1116 1187 1154 modestia
1206 1117 1297 1154 Pau·
1317 1112 1341 1143 C

316 1182 371 1219 lus
392 1197 472 1220 cum
495 1182 658 1219 Tribuno
683 1181 863 1231 loquatur.
887 1179 987 1225 Quid
1009 1178 1103 1215 enim
1122 1177 1238 1215 dicit?
1258 1178 1298 1216 Si

317 1245 412 1281 mihi
427 1245 515 1281 licet
531 1243 683 1294 aliquid
696 1244 765 1279 tibi
782 1241 926 1279 dicere?
938 1241 991 1277 Ita
1002 1251 1075 1277 erat
1085 1239 1245 1287 humilis,
1259 1248 1298 1276 ut

315 1307 448 1357 ubique
466 1306 623 1344 modeste
635 1319 738 1357 agere
751 1304 865 1343 sciret.
880 1305 1018 1342 Nonne
1039 1311 1079 1340 tu
1094 1316 1146 1348 es,
1169 1301 1296 1352 inquit,

314 1369 519 1419 AEgyptius
539 1367 632 1404 ille?

365 1431 401 1467 5.
419 1429 513 1468 Vide
534 1428 791 1480 malignitatem
809 1428 958 1466 diaboli.
981 1428 1155 1478 Deceptor
1174 1434 1247 1464 erat
1263 1434 1295 1463 et

312 1490 743 1542 preestigiatorAEgyptius
757 1490 829 1538 ille,
842 1499 875 1527 et
888 1488 1049 1540 sperabat
1065 1501 1100 1524 se
1115 1501 1177 1539 per
1190 1487 1294 1524 illum

312 1564 384 1587 rem
400 1551 671 1588 obscuraturum
686 1564 769 1597 esse,
783 1559 815 1587 et
830 1551 894 1587 hos
910 1549 1007 1586 illius
1024 1548 1194 1586 scelerum
1211 1561 1294 1584 con-

311 1620 420 1648 sortes
448 1610 594 1648 reddere
602 1640 614 1660 7
641 1620 675 1648 et
699 1610 881 1647 Christum
900 1623 1026 1660 nempe
1050 1618 1082 1645 et
1098 1608 1289 1659 apostolos.

310 1672 380 1709 Sed
395 1673 485 1710 nihil
495 1672 627 1724 potuit,
643 1672 715 1708 imo
726 1671 810 1707 hinc
826 1669 1047 1721 splendidior
1059 1669 1187 1706 veritas
1200 1668 1292 1705 facta

309 1743 371 1781 est,
392 1734 483 1770 nihil
500 1747 546 1771 ex
565 1731 699 1769 diaboli
718 1730 892 1768 machinis
911 1730 1008 1778 laesa,
1028 1729 1099 1766 imo
1118 1728 1232 1779 magis
1247 1728 1291 1765 il-

305 1795 464 1832 lustrata.
478 1795 569 1832 Nam
597 1792 626 1830 si
653 1792 928 1844 praestigiatores
957 1804 1026 1828 non
1058 1790 1221 1839 fuissent,
1251 1804 1291 1827 ac

305 1855 432 1893 deinde
450 1855 489 1893 hi
508 1854 689 1905 vicissent,
705 1855 794 1891 forte
811 1853 965 1904 suspicio
986 1852 1107 1890 fuisset
1124 1867 1132 1887 ε
1148 1851 1290 1902 quando

302 1926 420 1954 autem
436 1926 468 1954 et
482 1916 537 1954 illi
547 1923 801 1968 apparuerunt,
819 1923 851 1952 et
864 1914 903 1950 hi
917 1913 1065 1952 vincunt
1077 1943 1085 1960 ,
1099 1912 1168 1950 hoe
1182 1912 1290 1950 nimi-

303 1991 383 2014 rum
401 1977 565 2014 mirabile
582 1985 644 2013 est.
661 1975 746 2012 Ideo
763 1988 932 2026 apparere
948 1987 1016 2011 non
1037 1972 1286 2025 prohibentur,

306 2049 343 2077 ut
361 2048 393 2076 et
414 2039 464 2076 sic
482 2037 598 2089 magis
612 2037 791 2088 fulgeant:
817 2044 857 2072 ut
873 2034 980 2072 etiam
999 2034 1085 2071 alibi
1106 2033 1210 2082 dicit,
1239 2036 1289 2071 Ut
1309 2043 1334 2072 D

307 2102 534 2153 quiprobati
544 2106 647 2146 sunt,
664 2096 984 2150 manifestifiant.
1001 2095 1090 2132 Tale
1102 2095 1289 2147 quidpiam

307 2171 339 2199 et
371 2161 548 2200 Gamaliel
575 2159 737 2197 dicebat:
765 2157 874 2194 Ante
903 2158 972 2194 hos
1006 2158 1086 2193 dies
1122 2159 1289 2193 surrexit

311 2224 343 2258 T
342 2223 500 2259 heudas.
517 2220 669 2259 Siearios
687 2232 770 2256 vero
783 2217 927 2267 quidam
944 2216 1068 2254 dicunt
1087 2230 1159 2254 esse
1178 2230 1287 2266 genus

304 2283 494 2329 latronum,
511 2281 559 2318 sic
579 2279 773 2331 appellatos
792 2291 811 2313 a
827 2277 970 2327 gladiis,
991 2290 1078 2325 quos
1091 2276 1287 2326 gestabant,

304 2344 392 2382 sicas
408 2343 522 2381 dictos
534 2340 720 2379 Romanis:
735 2338 797 2376 alii
814 2352 898 2376 vero
913 2346 1050 2388 putant,
1071 2351 1114 2375 ex
1133 2351 1203 2374 una
1223 2339 1287 2376 Ju-

304 2405 461 2442 daeorum
479 2411 572 2441 secta
585 2401 702 2438 fuisse.
715 2401 804 2437 Tres
818 2411 966 2448 namque
986 2406 1067 2434 sunt
1082 2397 1178 2448 apud
1192 2398 1286 2448 ipsos

305 2462 699 2513 sectae7Pharisaeorum,
712 2458 1004 2505 Sadducaeorum,
1020 2466 1053 2494 et
1070 2457 1287 2495 Essenorum

305 2526 364 2577 qui
392 2534 424 2563 et
439 2524 560 2563 Sancti
585 2520 862 2568 mmmm-(hoc
894 2519 988 2556 enim
1018 2518 1088 2556 sibi
1114 2519 1194 2556 vult
1218 2519 1286 2556 hoc

305 2601 430 2624 nomen
445 2584 603 2633 Esseni),
624 2583 730 2633 idque
750 2581 795 2618 ob
816 2580 900 2619 vitae
921 2580 1153 2617 sanctitatem.
1171 2579 1286 2617 Iidem

304 2663 387 2686 vero
404 2657 437 2686 et
458 2645 586 2686 Sicarii
604 2644 707 2694 dicti,
730 2641 824 2693 quod
846 2650 958 2679 essent
977 2641 1108 2678 zelotae.
1131 2642 1184 2679 Ne
1204 2655 1285 2692 ergo

304 2709 487 2748 doleamus
510 2705 606 2758 quod
637 2713 735 2743 sectae
756 2703 846 2751 sint,
867 2716 947 2739 cum
969 2710 1002 2738 et
1027 2701 1287 2753 pseudochristi

305 2769 446 2819 fuerint,
464 2769 524 2819 qui
539 2766 679 2805 Christo
692 2763 856 2809 insidiari
869 2763 1071 2811 voluerunt,
1089 2772 1121 2800 et
1140 2764 1286 2802 antehac

305 2841 336 2868 et
353 2839 481 2883 postea,
504 2838 543 2866 ut
561 2828 787 2866 obscurarent
808 2824 922 2862 illum.
946 2823 1015 2862 Sed
1029 2824 1160 2862 veritas
1175 2825 1287 2877 fulget

305 2901 337 2929 et
357 2889 514 2942 splendet
537 2888 679 2938 ubique.
700 2886 775 2923 Hoc
802 2893 835 2922 et
854 2884 1108 2936 prophetarum
1128 2899 1203 2923 aevo
1234 2886 1285 2923 fa-

305 2962 400 2990 ctum
413 2961 481 2989 est:
497 2951 639 2988 fuerunt
660 2945 985 2998 pseudoprophetae,
994 2955 1026 2983 et
1038 2947 1113 2984 veri
1130 2961 1174 2984 ex
1188 2961 1275 2985 com-

304 3013 484 3065 paratione
499 3011 610 3061 magis
628 3007 855 3058 effulgebant.
871 3005 1013 3043 Etenim
1031 3007 1177 3045 morbus
1191 3008 1283 3045 sani-

303 3082 410 3111 tatem
432 3071 657 3122 conspicuam
683 3068 780 3115 faest,
808 3074 841 3103 et
861 3065 1012 3103 tenebrae
1031 3067 1158 3115 lucem,
1179 3077 1282 3106 tran-

302 3133 584 3184 quillitatemque
596 3138 794 3182 tempestas.
811 3128 888 3164 Non
903 3136 1047 3178 possunt
1067 3129 1213 3179 gentiles
1227 3130 1282 3167 di-

303 3208 393 3244 cere,
410 3193 501 3243 quod
519 3192 573 3229 illi
586 3190 786 3243 deceptores
800 3199 832 3228 et
845 3190 1116 3242 praestigiatores
1131 3191 1278 3230 fuerint:

1307 2708 1331 2737 E

344 3344 356 3357 ³¹
375 3335 414 3364 In
432 3331 628 3375 quibusdam
644 3338 672 3366 τί
689 3338 745 3377 γάρ
765 3348 847 3376 φησιν
861 3330 964 3363 deest.

344 3386 359 3409 θ’
377 3385 434 3425 [Α.
454 3385 489 3416 Β.
508 3383 545 3417 C.
564 3390 612 3417 ὅτε
628 3383 685 3425 (ὅτι
704 3383 756 3425 Β.)
779 3386 807 3417 δὲ
833 3388 879 3417 καὶ
897 3383 975 3417 οὗτοι
999 3388 1058 3429 ip„
1078 3388 1165 3418 τοῦτο’
1188 3390 1248 3420 ἐστι
1267 3392 1300 3421 τὸ

773 253 807 281 S.
843 249 1025 280 JOANMS
1061 246 1300 277 CHRYSOST.
1339 246 1545 279 ARCHIEP.
1587 250 1939 281 CONSTANTINOP-

1365 328 1447 380 δρας
1463 328 1643 374 (Έλληνας
1659 330 1864 381 εἷο-αγαγών.
1884 332 1954 368 Καὶ
1975 330 2043 381 μὴν
2062 330 2120 367 καὶ
2143 330 2199 368 ἐπὶ
2218 334 2276 367 τοῦ
2296 330 2385 380 Χρι-

1368 392 1448 426 στοῦ
1478 389 1650 436 ἀνέδησαν
1671 391 1987 441 προσκυνήσοντες·
2021 391 2111 429 ἀλλὰ
2141 390 2219 433 τοὺς
2251 392 2314 427 οὐκ
2348 389 2387 426 ἂν

1369 449 1549 498 ἑλομένους
1569 452 1809 502 προσκυνῆσαι
1831 445 1924 488 οῦτοι
1948 450 2101 502 λέγουσι.
2131 450 2201 488 Καὶ
2219 448 2388 487 ἐπιλαὸό-

1371 523 1466 558 μενοι
1492 514 1551 547 τοῦ
1572 510 1713 547 Παύλου
1725 539 1734 555 ,
1754 510 1869 561 φησὶν,
1891 505 2002 548 εἷλκον
2026 510 2124 548 αὐτὸν
2143 510 2218 554 ἔξω.
2237 509 2389 547 Σκόπει·

1370 569 1437 606 ἀπὸ
1457 575 1516 608 τοῦ
1534 573 1625 622 ἱεροῦ
1656 570 1882 608 ἐκδοίλλουσιν
1903 570 2001 608 αὐτόν
2014 586 2021 593 ·
2043 570 2157 608 οὐκέτι
2183 570 2251 622 γὰρ
2275 569 2390 619 νόμων

1370 629 1503 668 ἐδέοντο
1536 630 1611 668 οὐδὲ
1646 630 1899 682 δικαστηρίων·
1932 631 1983 668 διὸ
2018 631 2078 668 καὶ
2104 631 2247 668 ἔτυπτον
2269 629 2390 668 αὐτόν·

1369 689 1456 727 οὕτω
1478 690 1534 727 διὰ
1559 691 1698 729 πάντων
1720 691 1897 743 φαίνονται
1917 695 2052 742 θρασεῖς
2069 690 2162 734 ὄντες
2183 691 2242 728 καὶ
2260 690 2388 740 ἷταμοί.

1368 751 1413 789 ‘O
1429 751 1463 788 δὲ
1481 752 1557 790 τότε
1576 752 1638 802 μὲν
1667 755 1727 790 οὐκ
1749 753 2010 802 ἀπελογήσατο,
2038 751 2177 803 ὕστερον
2207 750 2262 787 δέ·
2294 750 2389 788 εἰκό-

1369 829 1451 856 τως·
1475 813 1554 851 τότε
1572 813 1639 866 γὰρ
1659 815 1726 851 οὐδ’
1743 813 1782 851 ἂν
1800 813 1966 859 ἥκουσαν.
1994 813 2064 850 Καὶ
2085 812 2118 849 τί
2141 812 2269 858 δήποτε
2289 811 2390 863 ἔκρα-

1368 876 1434 918 ζον,
1451 868 1538 925 Αἶρε
1563 874 1680 921 αὐτόν,
1704 874 1936 926 Ἒροὸοῦντο,
1959 872 2007 923 μὴ
2031 872 2192 924 διαφύγῃ.
2214 872 2304 909 Ἀλλ’
2325 871 2389 923 ὅρα

1367 934 1443 984 μεθ’
1462 935 1543 981 ὅσης
1569 937 1763 981 ὑποστολῆς
1778 935 1972 985 διαλέγεται
1989 937 2007 971 ὁ
2027 935 2165 976 Παῦλος
2184 936 2233 984 τῷ
2250 932 2391 984 χιλῳὶρ-

1364 1011 1430 1046 χῳ.
1449 995 1520 1033 ΒΤί
1538 995 1604 1045 γάρ
1624 1011 1746 1046 φησινς
1769 996 1814 1033 Εἰ
1832 994 1941 1037 ἔξεστί
1965 1009 2023 1045 μοι
2049 996 2155 1031 εἰπεῖν
2173 1009 2207 1030 τι
2225 993 2310 1044 πρὸς
2329 992 2388 1037 σε’;

1366 1057 1538 1094 Τοσοῦτον
1558 1051 1599 1103 ἦν
1620 1056 1797 1103 ταπεινὸς,
1816 1055 1870 1094 ὅτι
1898 1056 1958 1093 καὶ
1987 1054 2180 1107 μετριάζειν
2205 1054 2281 1105 ᾔδει
2302 1068 2388 1091 παν-

1367 1121 1487 1169 ταχοῦ.
1503 1119 1579 1156 Οὐκ
1598 1118 1666 1169 ἄρα
1686 1117 1726 1156 σὺ
1744 1111 1785 1164 ei,
1809 1117 1925 1169 φησὶν,
1945 1120 1962 1155 ὃ
1982 1115 2191 1167 Αἰγύπτιος,

1417 1433 1514 1487 ιὈρα
1529 1432 1739 1486 κακουργίαν
1757 1429 2116 1470 διαέόλουΫΑπατεὼν
2132 1424 2173 1476 ἦν
2189 1431 2315 1471 ἐκεῖνος
2327 1428 2385 1466 καὶ

1362 1496 1445 1546 γόης
1469 1499 1486 1533 ὃ
1513 1494 1722 1545 Αἰγύπτιος,
1755 1493 1815 1531 καὶ
1844 1492 2079 1544 προσεδόκησε
2105 1491 2299 1534 συσκιάζειν
2329 1490 2385 1527 διὰ

1362 1557 1481 1594 τούτου
1499 1555 1557 1593 καί
1575 1554 1756 1596 κοινωνοὺς
1774 1559 1883 1591 ποιεῖν
1903 1557 1972 1591 τῶν
1993 1553 2112 1604 ἐκείνῳ
2137 1551 2383 1603 προσηκόντων

1362 1616 1590 1667 ἐγκλημάτων
1619 1615 1679 1652 καὶ
1707 1614 1764 1651 τὸν
1789 1614 1939 1665 Χριστὸν
1970 1613 2028 1650 καὶ
2053 1612 2130 1655 τοὺς
2153 1611 2383 1653 ἀποστόλους·

1362 1679 1438 1714 ἀλλ’
1452 1676 1546 1714 οὐδὲν
1565 1677 1716 1726 ἴσχυσεν,
1732 1677 1807 1712 ἀλλ’
1822 1674 1916 1724 ὅμως
1935 1674 1985 1711 ἔτι
2003 1673 2231 1725 λαμπροτέρα
2245 1671 2383 1723 γέγονεν

1361 1741 1382 1783 ἦ
1402 1737 1545 1783 ἀλήθεια
1558 1766 1567 1782 ,
1587 1736 1683 1775 οὐδὲν
1699 1735 1968 1787 παραέλαὸεἷσα
1979 1742 2049 1777 τοῖς
2062 1738 2120 1772 τοῦ
2139 1733 2300 1771 διαὲόλου
2317 1748 2383 1782 μη-

1361 1799 1574 1850 χανήμασιν,
1601 1797 1690 1836 ἀλλὰ
1715 1797 1774 1835 καὶ
1796 1798 1926 1846 μᾶλλον
1951 1796 2137 1847 λάμψασα.
2166 1797 2209 1833 Εἰ
2232 1794 2293 1844 μὲν
2315 1792 2383 1844 γὰρ

1363 1859 1411 1910 μὴ
1434 1855 1526 1906 ἦσαν
1552 1859 1695 1911 γόητες,
1723 1852 1797 1896 εἶτα
1826 1852 1917 1895 οὗτοι
1945 1857 2122 1908 ἐκράτουν,
2151 1855 2242 1907 τάχα
2268 1855 2308 1892 ἄν
2329 1870 2382 1896 τις

1361 1920 1567 1959 {waldem-
1588 1919 1671 1958 bo'te
1685 1919 1720 1957 δὲ
1741 1919 1799 1957 καὶ
1820 1921 1942 1956 ἐκεῖνοι
1969 1917 2155 1968 ἐφάνησαν,
2172 1912 2264 1954 οὗτοι
2291 1931 2381 1966 κρα-

1360 1986 1475 2029 τοῦσι,
1495 1981 1594 2020 τοῦτο’
1616 1983 1689 2019 ἐστι
1713 1980 1752 2018 τὸ
1774 1979 1982 2030 Θαυμαστόν.
2009 1978 2072 2016 Διὸ
2092 1978 2151 2015 καὶ
2173 1981 2321 2029 φανῆναι
2342 1979 2379 2014 οὐ

1359 2041 1572 2089 κωλύονται,
1603 2041 1659 2079 ἵνα
1689 2041 1748 2079 καὶ
1769 2039 1856 2077 οὕτω
1877 2041 2006 2090 μᾶλλον
2026 2038 2213 2090 λοὶμψωσιν
2229 2053 2236 2060 ·
2261 2037 2381 2088 ὥσπερ

1359 2097 1455 2146 οἶτος
1469 2103 1528 2140 καὶ
1549 2104 1704 2154 ἀλλαχοῦ
1722 2101 1838 2152 λέγει·
1860 2100 1936 2138 Ἵνα
1962 2103 1992 2138 οἳ
2013 2100 2149 2150 δόκιμοι
2167 2098 2306 2150 φανεροὶ
2323 2098 2379 2150 γέ-

1359 2179 1497 2201 νωνται.
1514 2163 1662 2201 Τοιοῦτό
1683 2179 1717 2200 τι
1736 2158 1797 2210 ἦν,
1817 2161 1834 2199 ὃ
1854 2161 1912 2199 καὶ
1936 2162 2162 2211 Γαμαλιῆλος
2183 2159 2311 2210 ἔλεγεν,
2328 2158 2380 2196 ὅτι

1358 2225 1436 2275 Πρὸ
1453 2224 1582 2261 τούτων
1598 2227 1666 2261 τῶν
1684 2226 1825 2275 ἡμερῶν
1847 2222 1972 2268 ἀνέστη
1991 2223 2140 2264 Θευδᾶς.
2163 2220 2252 2263 Τοὺς
2268 2220 2303 2258 δὲ
2325 2237 2380 2258 σι·-

1357 2283 1511 2334 καρίους,
1536 2285 1566 2320 οἱ
1589 2283 1650 2333 μὲν
1670 2283 1766 2333 γένος
1785 2299 1818 2320 τι
1839 2285 1978 2333 λῃστῶν
2005 2298 2107 2334 φασιν
2129 2281 2251 2325 αὐτοὺς
2274 2276 2379 2328 εἶναι,

1357 2343 1446 2380 οὕτω
1475 2343 1706 2393 καλουμένους
1732 2346 1788 2394 ἀφ’
1819 2337 1865 2379 ὧν
1892 2343 2096 2394 ἐπεφέροντο
2124 2342 2241 2394 ξιφῶν,
2271 2346 2378 2381 σικῶν

1355 2403 1547 2454 λεγομένων
1573 2403 1669 2454 παρὰ
1693 2403 1900 2453 (Ρωμαιόις
1920 2406 1950 2440 οἱ
1971 2403 2005 2440 δὲ
2024 2406 2086 2448 τῆς
2109 2410 2188 2454 μιᾶς
2214 2404 2378 2454 αἱρέσεως

1355 2467 1416 2510 τῆς
1434 2466 1516 2515 παρ’
1535 2463 1724 2515 Ἕὲραίοις.
1753 2466 1856 2515 Τρεῖς
1875 2464 1943 2516 γάρ
1964 2466 2029 2501 εἷο-ι
2050 2466 2131 2516 παρ’
2153 2466 2266 2507 αὐτοῖς
2287 2464 2379 2516 αἱρέ-

1357 2541 1427 2567 σεις
1446 2527 1481 2562 αἱ
1495 2524 1646 2575 γενικαὶ,
1664 2525 1878 2577 Φαρισαῖοι,
1899 2525 2148 2570 Σαδδουκαῖοι,
2171 2524 2231 2561 καὶ
2249 2524 2377 2572 Ἐσση-

1355 2585 1417 2633 νοὶ,
1433 2588 1463 2622 οἳ
1485 2585 1543 2623 καὶ
1564 2584 1681 2624 ζΌσιοι
1699 2584 1859 2637 λέγονται
1876 2588 1996 2631 (τοῦτο
2015 2585 2081 2637 γάρ
2098 2588 2171 2623 ἐστι
2187 2585 2226 2622 τὸ
2246 2585 2377 2631 Ἐσση-

1355 2646 1406 2684 νοὶ
1420 2646 1549 2696 ὄνομα)
1570 2646 1626 2683 διὰ
1646 2646 1683 2683 το
1710 2649 1769 2683 τοῦ
1794 2645 1867 2696 βίου
1902 2645 2046 2696 σεμνόν·
2066 2649 2096 2684 οἱ
2127 2645 2223 2683 αὐτοὶ
2252 2645 2286 2682 δὲ
2315 2645 2376 2683 καὶ

1356 2706 1517 2758 Σικοὶριοι
1544 2705 1598 2743 διὰ
1625 2706 1663 2744 τὸ
1691 2700 1777 2744 εἶναι
1799 2706 1964 2752 ζηλωταί.
1984 2706 2046 2751 Μὴ
2068 2706 2179 2743 τοίνυν
2199 2708 2376 2757 ἀλγῶμεν,

1355 2767 1408 2806 ὅτι
1438 2768 1583 2819 αἱρέσεις
1614 2767 1713 2813 εἰσὶν,
1748 2767 1832 2804 ὅπου
1865 2767 1924 2805 καὶ
1955 2766 2198 2819 ψευδόχριστοι
2235 2767 2294 2804 καὶ
2324 2770 2373 2818 τῷ

1356 2829 1499 2879 Χριστῷ
1516 2827 1695 2865 ἐπιθέσθαι
1714 2827 1887 2873 ἠθέλησαν
1905 2828 1963 2865 καὶ
1985 2828 2052 2879 πρὸ
2067 2826 2185 2865 τούτου
2203 2827 2261 2864 καὶ
2285 2827 2374 2877 μετὰ

1355 2893 1474 2936 τοῦτο,
1497 2888 1585 2927 ὥστε
1607 2889 1806 2927 συσκιάσαι.
1827 2888 1918 2926 Ἀλλ’
1946 2893 1967 2935 ἡ
1999 2889 2143 2935 ἀλήθεια
2163 2888 2296 2939 λάμπει
2315 2889 2374 2926 καὶ

1356 2948 1515 2996 διάδηλός
1538 2952 1611 2987 ἐστι
1633 2954 1826 3001 πανταχοῦ.
1847 2951 1960 2987 Τοῦτο
1989 2950 2048 2987 καὶ
2075 2950 2132 2987 ἐπὶ
2156 2953 2222 2986 τῶν
2243 2965 2373 3002 προφη-

1353 3014 1421 3049 τῶν
1440 3011 1575 3062 γέγονε·
1595 3011 1756 3061 γεγόνασι
1787 3011 2088 3063 ψευδοπροφῆται,
2113 3011 2172 3048 καὶ
2193 3011 2260 3048 ἀπὸ
2284 3027 2371 3062 συγ-

1353 3072 1499 3124 κρίσεως
1517 3074 1647 3123 μᾶλλον
1663 3071 1838 3123 ἔλαμψαν.
1859 3072 1927 3108 Καὶ
1945 3072 2011 3124 γὰρ
2026 3075 2047 3117 ἦ
2062 3070 2159 3115 νόσος
2172 3071 2233 3118 τὴν
2254 3072 2370 3123 ὑγείαν

1352 3133 1502 3186 φανερὰν
1519 3133 1691 3181 δείκνυσι,
1713 3133 1771 3171 καὶ
1791 3133 1829 3170 τὸ
1848 3133 1969 3176 σκότος
1989 3134 2028 3171 τὸ
2047 3137 2138 3185 φῶς,
2157 3134 2216 3171 καὶ
2231 3133 2292 3180 τὴν
2310 3151 2370 3185 γα-

1351 3195 1457 3242 λήνην
1481 3194 1658 3247 ὃχειμών.
1688 3195 1762 3232 Οὐκ
1789 3192 1838 3230 ἔνι
1864 3195 1971 3231 εἰπεῖν
1998 3194 2074 3237 τοὺς
2097 3194 2294 3242 ἽΞλληνας,
2316 3193 2368 3232 ὅτι

1366 3341 1392 3370 0.
1412 3336 1452 3368 In
1470 3335 1509 3368 D.
1529 3341 1578 3370 καί
1592 3341 1666 3366 ante
1684 3339 1766 3378 &fd-2.
1781 3345 1908 3366 erasum
1924 3335 2001 3376 est.]
