<?xml version="1.0" encoding="UTF-8"?>
<!DOCTYPE html PUBLIC "-//W3C//DTD XHTML 1.0 Transitional//EN"
    "http://www.w3.org/TR/xhtml1/DTD/xhtml1-transitional.dtd">
<html xmlns="http://www.w3.org/1999/xhtml" xml:lang="en" lang="en">
 <head>
  <title>
</title>
<meta http-equiv="Content-Type" content="text/html;charset=utf-8" />
  <meta name='ocr-system' content='tesseract 3.04.00' />
  <meta name='ocr-capabilities' content='ocr_page ocr_carea ocr_par ocr_line ocrx_word'/>
</head>
<body>
  <div class='ocr_page' id='page_1' title='image "./operaomniaquaeex09johnuoft/operaomniaquaeex09johnuoft_0018.png"; bbox 0 0 2466 3805; ppageno 0'>
   <div class='ocr_carea' id='block_1_1' title="bbox 125 517 315 546">
    <p class='ocr_par' dir='ltr' id='par_1_1' title="bbox 125 517 315 546">
     <span class='ocr_line' id='line_1_1' title="bbox 125 517 315 546; baseline -0.016 0"><span class='ocrx_word' id='word_1_1' title='bbox 125 518 207 546; x_wconf 81' lang='lat' dir='ltr'>Libri</span> <span class='ocrx_word' id='word_1_2' title='bbox 227 517 315 545; x_wconf 73' lang='lat' dir='ltr'><strong>Actu-</strong></span> 
     </span>
    </p>
   </div>
   <div class='ocr_carea' id='block_1_2' title="bbox 125 569 175 586">
    <p class='ocr_par' dir='ltr' id='par_1_2' title="bbox 125 569 175 586">
     <span class='ocr_line' id='line_1_2' title="bbox 125 569 175 586; baseline 0 -1"><span class='ocrx_word' id='word_1_3' title='bbox 125 569 175 586; x_wconf 69' lang='lat' dir='ltr'><strong>un]</strong></span> 
     </span>
    </p>
   </div>
   <div class='ocr_carea' id='block_1_3' title="bbox 236 558 314 594">
    <p class='ocr_par' dir='ltr' id='par_1_3' title="bbox 236 558 314 594">
     <span class='ocr_line' id='line_1_3' title="bbox 236 558 314 594; baseline -0.026 -9"><span class='ocrx_word' id='word_1_4' title='bbox 236 558 314 594; x_wconf 80' lang='lat' dir='ltr'><strong>Apo-</strong></span> 
     </span>
    </p>
   </div>
   <div class='ocr_carea' id='block_1_4' title="bbox 125 600 270 677">
    <p class='ocr_par' dir='ltr' id='par_1_4' title="bbox 125 600 270 677">
     <span class='ocr_line' id='line_1_4' title="bbox 127 600 270 627; baseline -0.007 -1"><span class='ocrx_word' id='word_1_5' title='bbox 127 600 270 627; x_wconf 81' lang='lat' dir='ltr'><strong>stolorum</strong></span> 
     </span>
     <span class='ocr_line' id='line_1_5' title="bbox 125 641 261 677; baseline 0 -10"><span class='ocrx_word' id='word_1_6' title='bbox 125 641 261 677; x_wconf 74' lang='lat' dir='ltr'>dignitas.</span> 
     </span>
    </p>
   </div>
   <div class='ocr_carea' id='block_1_5' title="bbox 125 1117 279 1154">
    <p class='ocr_par' dir='ltr' id='par_1_5' title="bbox 125 1117 279 1154">
     <span class='ocr_line' id='line_1_6' title="bbox 125 1117 279 1154; baseline -0.013 -8"><span class='ocrx_word' id='word_1_7' title='bbox 125 1119 216 1146; x_wconf 81' lang='lat' dir='ltr'><strong>Joan.</strong></span> <span class='ocrx_word' id='word_1_8' title='bbox 232 1117 279 1154; x_wconf 65' lang='grc'><strong>14.</strong></span> 
     </span>
    </p>
   </div>
   <div class='ocr_carea' id='block_1_6' title="bbox 129 1166 174 1186">
    <p class='ocr_par' dir='ltr' id='par_1_6' title="bbox 129 1166 174 1186">
     <span class='ocr_line' id='line_1_7' title="bbox 129 1166 174 1186; baseline 0 -1"><span class='ocrx_word' id='word_1_9' title='bbox 129 1166 174 1186; x_wconf 74' lang='lat'><strong>¹2.</strong></span> 
     </span>
    </p>
   </div>
   <div class='ocr_carea' id='block_1_7' title="bbox 124 1238 310 1267">
    <p class='ocr_par' dir='ltr' id='par_1_7' title="bbox 124 1238 310 1267">
     <span class='ocr_line' id='line_1_8' title="bbox 124 1238 310 1267; baseline 0.005 -3"><span class='ocrx_word' id='word_1_10' title='bbox 124 1238 240 1267; x_wconf 78' lang='lat' dir='ltr'><strong>Matth.</strong></span> <span class='ocrx_word' id='word_1_11' title='bbox 263 1245 310 1267; x_wconf 88' lang='lat'><strong>10.</strong></span> 
     </span>
    </p>
   </div>
   <div class='ocr_carea' id='block_1_8' title="bbox 129 1278 175 1307">
    <p class='ocr_par' dir='ltr' id='par_1_8' title="bbox 129 1278 175 1307">
     <span class='ocr_line' id='line_1_9' title="bbox 129 1278 175 1307; baseline 0 -1"><span class='ocrx_word' id='word_1_12' title='bbox 129 1278 175 1307; x_wconf 86' lang='lat'><strong>18.</strong></span> 
     </span>
    </p>
   </div>
   <div class='ocr_carea' id='block_1_9' title="bbox 127 2266 291 2296">
    <p class='ocr_par' dir='ltr' id='par_1_9' title="bbox 127 2266 291 2296">
     <span class='ocr_line' id='line_1_10' title="bbox 127 2266 291 2296; baseline 0 -2"><span class='ocrx_word' id='word_1_13' title='bbox 127 2268 214 2295; x_wconf 81' lang='lat' dir='ltr'><strong>Joan.</strong></span> <span class='ocrx_word' id='word_1_14' title='bbox 245 2266 291 2296; x_wconf 80' lang='lat'><strong>13.</strong></span> 
     </span>
    </p>
   </div>
   <div class='ocr_carea' id='block_1_10' title="bbox 128 2308 144 2337">
    <p class='ocr_par' dir='ltr' id='par_1_10' title="bbox 128 2308 144 2337">
     <span class='ocr_line' id='line_1_11' title="bbox 128 2308 144 2337; baseline 0 0"><span class='ocrx_word' id='word_1_15' title='bbox 128 2308 144 2337; x_wconf 85' lang='lat'>3</span> 
     </span>
    </p>
   </div>
   <div class='ocr_carea' id='block_1_11' title="bbox 151 2308 167 2322">
    <p class='ocr_par' dir='ltr' id='par_1_11' title="bbox 151 2308 167 2322">
     <span class='ocr_line' id='line_1_12' title="bbox 151 2308 167 2322; baseline 0 -8"><span class='ocrx_word' id='word_1_16' title='bbox 151 2308 167 2322; x_wconf 76' lang='lat' dir='ltr'><strong>r</strong></span> 
     </span>
    </p>
   </div>
   <div class='ocr_carea' id='block_1_12' title="bbox 150 2318 179 2336">
    <p class='ocr_par' dir='ltr' id='par_1_12' title="bbox 150 2318 179 2336">
     <span class='ocr_line' id='line_1_13' title="bbox 150 2318 179 2336; baseline -0.034 0"><span class='ocrx_word' id='word_1_17' title='bbox 150 2318 179 2336; x_wconf 64' lang='lat' dir='ltr'><strong>J.</strong></span> 
     </span>
    </p>
   </div>
   <div class='ocr_carea' id='block_1_13' title="bbox 328 235 1292 273">
    <p class='ocr_par' dir='ltr' id='par_1_13' title="bbox 328 235 1292 273">
     <span class='ocr_line' id='line_1_14' title="bbox 328 235 1292 273; baseline -0.01 0"><span class='ocrx_word' id='word_1_18' title='bbox 328 246 348 273; x_wconf 88' lang='lat'>2</span> <span class='ocrx_word' id='word_1_19' title='bbox 749 240 788 270; x_wconf 84' lang='lat' dir='ltr'><strong>S.</strong></span> <span class='ocrx_word' id='word_1_20' title='bbox 827 238 1013 268; x_wconf 73' lang='lat' dir='ltr'>JOANMS</span> <span class='ocrx_word' id='word_1_21' title='bbox 1051 235 1292 265; x_wconf 75' lang='lat' dir='ltr'>CHRYSOST.</span> 
     </span>
    </p>
   </div>
   <div class='ocr_carea' id='block_1_14' title="bbox 322 314 1357 2726">
    <p class='ocr_par' dir='ltr' id='par_1_14' title="bbox 322 314 1357 2726">
     <span class='ocr_line' id='line_1_15' title="bbox 322 314 1301 375; baseline -0.011 -15"><span class='ocrx_word' id='word_1_22' title='bbox 322 323 391 360; x_wconf 83' lang='lat' dir='ltr'><strong>fuit</strong></span> <span class='ocrx_word' id='word_1_23' title='bbox 406 331 445 360; x_wconf 87' lang='lat' dir='ltr'><strong>ut</strong></span> <span class='ocrx_word' id='word_1_24' title='bbox 463 322 531 360; x_wconf 90' lang='lat' dir='ltr'><strong>hoc</strong></span> <span class='ocrx_word' id='word_1_25' title='bbox 546 335 635 375; x_wconf 88' lang='lat' dir='ltr'><strong>opus</strong></span> <span class='ocrx_word' id='word_1_26' title='bbox 648 320 867 372; x_wconf 75' lang='lat' dir='ltr'>aggrederer,</span> <span class='ocrx_word' id='word_1_27' title='bbox 881 332 950 368; x_wconf 89' lang='lat' dir='ltr'><strong>quo</strong></span> <span class='ocrx_word' id='word_1_28' title='bbox 963 318 1071 366; x_wconf 87' lang='lat' dir='ltr'><strong>hujus</strong></span> <span class='ocrx_word' id='word_1_29' title='bbox 1089 315 1139 352; x_wconf 89' lang='lat' dir='ltr'><strong>rei</strong></span> <span class='ocrx_word' id='word_1_30' title='bbox 1159 314 1301 363; x_wconf 79' lang='lat' dir='ltr'><strong>ignaros</strong></span> 
     </span>
     <span class='ocr_line' id='line_1_16' title="bbox 323 372 1301 431; baseline -0.012 -13"><span class='ocrx_word' id='word_1_31' title='bbox 323 382 557 431; x_wconf 70' lang='lat' dir='ltr'><strong>instituerem,</strong></span> <span class='ocrx_word' id='word_1_32' title='bbox 575 395 636 419; x_wconf 90' lang='lat' dir='ltr'><strong>nec</strong></span> <span class='ocrx_word' id='word_1_33' title='bbox 651 390 787 418; x_wconf 87' lang='lat' dir='ltr'><strong>tantum</strong></span> <span class='ocrx_word' id='word_1_34' title='bbox 802 379 1006 416; x_wconf 84' lang='lat' dir='ltr'><strong>thesaurum</strong></span> <span class='ocrx_word' id='word_1_35' title='bbox 1020 374 1127 410; x_wconf 87' lang='lat' dir='ltr'><strong>latere</strong></span> <span class='ocrx_word' id='word_1_36' title='bbox 1139 372 1301 408; x_wconf 86' lang='lat' dir='ltr'>sinerem.</span> 
     </span>
     <span class='ocr_line' id='line_1_17' title="bbox 323 430 1349 485; baseline -0.014 -5"><span class='ocrx_word' id='word_1_37' title='bbox 323 443 403 480; x_wconf 84' lang='lat' dir='ltr'><strong>Non</strong></span> <span class='ocrx_word' id='word_1_38' title='bbox 434 442 551 479; x_wconf 90' lang='lat' dir='ltr'><strong>minus</strong></span> <span class='ocrx_word' id='word_1_39' title='bbox 588 441 681 478; x_wconf 89' lang='lat' dir='ltr'><strong>enim</strong></span> <span class='ocrx_word' id='word_1_40' title='bbox 708 438 823 485; x_wconf 87' lang='lat' dir='ltr'><strong>nobis,</strong></span> <span class='ocrx_word' id='word_1_41' title='bbox 859 448 965 485; x_wconf 89' lang='lat' dir='ltr'><strong>quam</strong></span> <span class='ocrx_word' id='word_1_42' title='bbox 995 432 1072 483; x_wconf 84' lang='lat' dir='ltr'><strong>ipsa</strong></span> <span class='ocrx_word' id='word_1_43' title='bbox 1107 430 1304 481; x_wconf 78' lang='lat' dir='ltr'><strong>Evangelia</strong></span> <span class='ocrx_word' id='word_1_44' title='bbox 1326 431 1349 460; x_wconf 79' lang='grc' dir='ltr'><em>Β</em></span> 
     </span>
     <span class='ocr_line' id='line_1_18' title="bbox 326 490 1306 553; baseline -0.013 -14"><span class='ocrx_word' id='word_1_45' title='bbox 326 501 424 539; x_wconf 90' lang='lat' dir='ltr'><strong>utilis</strong></span> <span class='ocrx_word' id='word_1_46' title='bbox 444 515 516 539; x_wconf 91' lang='lat' dir='ltr'><strong>esse</strong></span> <span class='ocrx_word' id='word_1_47' title='bbox 530 500 674 553; x_wconf 85' lang='lat' dir='ltr'><strong>poterit:</strong></span> <span class='ocrx_word' id='word_1_48' title='bbox 690 506 785 535; x_wconf 87' lang='lat' dir='ltr'><strong>tanta</strong></span> <span class='ocrx_word' id='word_1_49' title='bbox 804 494 972 533; x_wconf 89' lang='lat' dir='ltr'><strong>nimirum</strong></span> <span class='ocrx_word' id='word_1_50' title='bbox 985 492 1110 544; x_wconf 90' lang='lat' dir='ltr'><strong>plenus</strong></span> <span class='ocrx_word' id='word_1_51' title='bbox 1123 499 1174 528; x_wconf 85' lang='lat' dir='ltr'><strong>est</strong></span> <span class='ocrx_word' id='word_1_52' title='bbox 1187 490 1306 542; x_wconf 85' lang='lat' dir='ltr'><strong>philo-</strong></span> 
     </span>
     <span class='ocr_line' id='line_1_19' title="bbox 326 550 1306 613; baseline -0.014 -14"><span class='ocrx_word' id='word_1_53' title='bbox 326 561 465 613; x_wconf 88' lang='lat' dir='ltr'><strong>sophia,</strong></span> <span class='ocrx_word' id='word_1_54' title='bbox 481 569 577 598; x_wconf 82' lang='lat' dir='ltr'><strong>tanta</strong></span> <span class='ocrx_word' id='word_1_55' title='bbox 591 559 797 608; x_wconf 87' lang='lat' dir='ltr'><strong>dogmatum</strong></span> <span class='ocrx_word' id='word_1_56' title='bbox 807 553 1020 602; x_wconf 79' lang='lat' dir='ltr'><strong>sinceritate,</strong></span> <span class='ocrx_word' id='word_1_57' title='bbox 1036 550 1306 588; x_wconf 88' lang='lat' dir='ltr'><strong>miraculorum-</strong></span> 
     </span>
     <span class='ocr_line' id='line_1_20' title="bbox 325 612 1306 672; baseline -0.012 -12"><span class='ocrx_word' id='word_1_58' title='bbox 325 637 393 672; x_wconf 87' lang='lat' dir='ltr'><strong>que</strong></span> <span class='ocrx_word' id='word_1_59' title='bbox 411 621 525 672; x_wconf 88' lang='lat' dir='ltr'><strong>copia,</strong></span> <span class='ocrx_word' id='word_1_60' title='bbox 544 633 665 657; x_wconf 87' lang='lat' dir='ltr'><strong>eorum</strong></span> <span class='ocrx_word' id='word_1_61' title='bbox 686 617 857 664; x_wconf 74' lang='lat' dir='ltr'><strong>maxime,</strong></span> <span class='ocrx_word' id='word_1_62' title='bbox 875 628 952 664; x_wconf 89' lang='lat' dir='ltr'><strong>quae</strong></span> <span class='ocrx_word' id='word_1_63' title='bbox 975 627 996 650; x_wconf 88' lang='lat' dir='ltr'><strong>a</strong></span> <span class='ocrx_word' id='word_1_64' title='bbox 1021 612 1157 664; x_wconf 82' lang='lat' dir='ltr'><strong>Spiritu</strong></span> <span class='ocrx_word' id='word_1_65' title='bbox 1186 620 1306 649; x_wconf 90' lang='lat' dir='ltr'><strong>sancto</strong></span> 
     </span>
     <span class='ocr_line' id='line_1_21' title="bbox 324 672 1306 732; baseline -0.01 -14"><span class='ocrx_word' id='word_1_66' title='bbox 324 689 461 732; x_wconf 87' lang='lat' dir='ltr'><strong>patrata</strong></span> <span class='ocrx_word' id='word_1_67' title='bbox 490 687 585 716; x_wconf 86' lang='lat' dir='ltr'><strong>sunt.</strong></span> <span class='ocrx_word' id='word_1_68' title='bbox 620 678 672 714; x_wconf 90' lang='lat' dir='ltr'><strong>Ne</strong></span> <span class='ocrx_word' id='word_1_69' title='bbox 698 677 816 726; x_wconf 88' lang='lat' dir='ltr'><strong>itaque</strong></span> <span class='ocrx_word' id='word_1_70' title='bbox 849 673 1015 725; x_wconf 84' lang='lat' dir='ltr'><strong>deinceps</strong></span> <span class='ocrx_word' id='word_1_71' title='bbox 1043 672 1139 709; x_wconf 84' lang='lat' dir='ltr'><strong>hunc</strong></span> <span class='ocrx_word' id='word_1_72' title='bbox 1171 672 1306 709; x_wconf 85' lang='lat' dir='ltr'><strong>librum</strong></span> 
     </span>
     <span class='ocr_line' id='line_1_22' title="bbox 322 731 1306 790; baseline -0.008 -14"><span class='ocrx_word' id='word_1_73' title='bbox 322 748 658 790; x_wconf 85' lang='lat' dir='ltr'><strong>praetercurramus;</strong></span> <span class='ocrx_word' id='word_1_74' title='bbox 676 736 737 775; x_wconf 89' lang='lat' dir='ltr'><strong>sed</strong></span> <span class='ocrx_word' id='word_1_75' title='bbox 755 749 836 773; x_wconf 93' lang='lat' dir='ltr'><strong>eum</strong></span> <span class='ocrx_word' id='word_1_76' title='bbox 855 747 985 785; x_wconf 84' lang='lat' dir='ltr'><strong>magna</strong></span> <span class='ocrx_word' id='word_1_77' title='bbox 1003 731 1225 770; x_wconf 81' lang='lat' dir='ltr'><strong>accuratione</strong></span> <span class='ocrx_word' id='word_1_78' title='bbox 1245 746 1306 769; x_wconf 77' lang='lat' dir='ltr'><strong>ex-</strong></span> 
     </span>
     <span class='ocr_line' id='line_1_23' title="bbox 324 794 1306 851; baseline -0.007 -14"><span class='ocrx_word' id='word_1_79' title='bbox 324 800 516 851; x_wconf 87' lang='lat' dir='ltr'><strong>ploremus.</strong></span> <span class='ocrx_word' id='word_1_80' title='bbox 532 799 675 836; x_wconf 86' lang='lat' dir='ltr'><strong>Etenim</strong></span> <span class='ocrx_word' id='word_1_81' title='bbox 691 813 744 848; x_wconf 87' lang='lat' dir='ltr'><strong>ea,</strong></span> <span class='ocrx_word' id='word_1_82' title='bbox 759 811 837 847; x_wconf 87' lang='lat' dir='ltr'><strong>quae</strong></span> <span class='ocrx_word' id='word_1_83' title='bbox 859 795 1022 833; x_wconf 85' lang='lat' dir='ltr'><strong>Christus</strong></span> <span class='ocrx_word' id='word_1_84' title='bbox 1044 794 1079 831; x_wconf 92' lang='lat' dir='ltr'><strong>in</strong></span> <span class='ocrx_word' id='word_1_85' title='bbox 1100 794 1306 844; x_wconf 80' lang='lat' dir='ltr'><strong>Evangeliis</strong></span> 
     </span>
     <span class='ocr_line' id='line_1_24' title="bbox 323 854 1306 912; baseline -0.008 -13"><span class='ocrx_word' id='word_1_86' title='bbox 323 861 506 912; x_wconf 69' lang='lat' dir='ltr'><strong>praedixit,</strong></span> <span class='ocrx_word' id='word_1_87' title='bbox 522 860 583 897; x_wconf 85' lang='lat' dir='ltr'><strong>hic</strong></span> <span class='ocrx_word' id='word_1_88' title='bbox 595 874 699 912; x_wconf 87' lang='lat' dir='ltr'><strong>opere</strong></span> <span class='ocrx_word' id='word_1_89' title='bbox 716 858 888 910; x_wconf 84' lang='lat' dir='ltr'><strong>completa</strong></span> <span class='ocrx_word' id='word_1_90' title='bbox 903 855 1024 895; x_wconf 83' lang='lat' dir='ltr'><strong>videre</strong></span> <span class='ocrx_word' id='word_1_91' title='bbox 1037 864 1106 904; x_wconf 88' lang='lat' dir='ltr'><strong>est;</strong></span> <span class='ocrx_word' id='word_1_92' title='bbox 1122 854 1306 893; x_wconf 79' lang='lat' dir='ltr'><strong>veritatem</strong></span> 
     </span>
     <span class='ocr_line' id='line_1_25' title="bbox 326 915 1307 972; baseline -0.006 -14"><span class='ocrx_word' id='word_1_93' title='bbox 326 934 372 958; x_wconf 76' lang='lat' dir='ltr'><strong>ex</strong></span> <span class='ocrx_word' id='word_1_94' title='bbox 394 922 498 958; x_wconf 86' lang='lat' dir='ltr'><strong>rebus</strong></span> <span class='ocrx_word' id='word_1_95' title='bbox 529 921 617 972; x_wconf 88' lang='lat' dir='ltr'><strong>ipsis</strong></span> <span class='ocrx_word' id='word_1_96' title='bbox 647 919 903 971; x_wconf 75' lang='lat' dir='ltr'><strong>splendentem,</strong></span> <span class='ocrx_word' id='word_1_97' title='bbox 933 915 1198 967; x_wconf 86' lang='lat' dir='ltr'><strong>discipulosque</strong></span> <span class='ocrx_word' id='word_1_98' title='bbox 1228 924 1307 966; x_wconf 92' lang='lat' dir='ltr'><strong>post</strong></span> 
     </span>
     <span class='ocr_line' id='line_1_26' title="bbox 326 973 1307 1032; baseline -0.009 -14"><span class='ocrx_word' id='word_1_99' title='bbox 326 990 509 1032; x_wconf 82' lang='lat' dir='ltr'><strong>acceptum</strong></span> <span class='ocrx_word' id='word_1_100' title='bbox 545 979 721 1032; x_wconf 87' lang='lat' dir='ltr'><strong>Spiritum</strong></span> <span class='ocrx_word' id='word_1_101' title='bbox 756 986 917 1016; x_wconf 83' lang='lat' dir='ltr'><strong>sanctum</strong></span> <span class='ocrx_word' id='word_1_102' title='bbox 955 976 991 1012; x_wconf 90' lang='lat' dir='ltr'><strong>in</strong></span> <span class='ocrx_word' id='word_1_103' title='bbox 1034 975 1160 1011; x_wconf 89' lang='lat' dir='ltr'><strong>melius</strong></span> <span class='ocrx_word' id='word_1_104' title='bbox 1203 973 1307 1025; x_wconf 84' lang='lat' dir='ltr'><strong>longe</strong></span> 
     </span>
     <span class='ocr_line' id='line_1_27' title="bbox 325 1033 1306 1088; baseline -0.008 -10"><span class='ocrx_word' id='word_1_105' title='bbox 325 1050 571 1078; x_wconf 83' lang='lat' dir='ltr'><strong>commutatos.</strong></span> <span class='ocrx_word' id='word_1_106' title='bbox 606 1040 700 1076; x_wconf 87' lang='lat' dir='ltr'><strong>Nam</strong></span> <span class='ocrx_word' id='word_1_107' title='bbox 726 1051 804 1088; x_wconf 86' lang='lat' dir='ltr'><strong>quae</strong></span> <span class='ocrx_word' id='word_1_108' title='bbox 823 1051 843 1074; x_wconf 85' lang='lat' dir='ltr'><strong>a</strong></span> <span class='ocrx_word' id='word_1_109' title='bbox 864 1035 1004 1073; x_wconf 87' lang='lat' dir='ltr'><strong>Christo</strong></span> <span class='ocrx_word' id='word_1_110' title='bbox 1032 1033 1215 1071; x_wconf 78' lang='lat' dir='ltr'><strong>audierant</strong></span> <span class='ocrx_word' id='word_1_111' title='bbox 1254 1033 1306 1070; x_wconf 88' lang='lat' dir='ltr'><strong>di-</strong></span> 
     </span>
     <span class='ocr_line' id='line_1_28' title="bbox 325 1096 1308 1151; baseline -0.009 -13"><span class='ocrx_word' id='word_1_112' title='bbox 325 1110 447 1138; x_wconf 86' lang='lat' dir='ltr'><strong>cente:</strong></span> <span class='ocrx_word' id='word_1_113' title='bbox 468 1102 602 1138; x_wconf 85' lang='lat' dir='ltr'><strong>Omm&#39;s</strong></span> <span class='ocrx_word' id='word_1_114' title='bbox 629 1102 696 1151; x_wconf 81' lang='lat' dir='ltr'><strong>qui</strong></span> <span class='ocrx_word' id='word_1_115' title='bbox 715 1098 919 1136; x_wconf 84' lang='lat' dir='ltr'><strong>crediderit</strong></span> <span class='ocrx_word' id='word_1_116' title='bbox 937 1098 978 1132; x_wconf 88' lang='lat' dir='ltr'><strong>in</strong></span> <span class='ocrx_word' id='word_1_117' title='bbox 997 1109 1070 1140; x_wconf 79' lang='lat' dir='ltr'><strong>me,</strong></span> <span class='ocrx_word' id='word_1_118' title='bbox 1093 1096 1204 1145; x_wconf 83' lang='lat' dir='ltr'><strong>signa</strong></span> <span class='ocrx_word' id='word_1_119' title='bbox 1224 1107 1308 1144; x_wconf 83' lang='lat' dir='ltr'><strong>quoe</strong></span> 
     </span>
     <span class='ocr_line' id='line_1_29' title="bbox 325 1155 1304 1213; baseline -0.009 -14"><span class='ocrx_word' id='word_1_120' title='bbox 325 1175 392 1212; x_wconf 82' lang='lat' dir='ltr'><strong>ego</strong></span> <span class='ocrx_word' id='word_1_121' title='bbox 401 1162 530 1213; x_wconf 84' lang='lat' dir='ltr'><strong>facio,</strong></span> <span class='ocrx_word' id='word_1_122' title='bbox 553 1168 590 1197; x_wconf 80' lang='lat' dir='ltr'><strong>et</strong></span> <span class='ocrx_word' id='word_1_123' title='bbox 609 1162 688 1210; x_wconf 82' lang='lat' dir='ltr'><strong>ipse</strong></span> <span class='ocrx_word' id='word_1_124' title='bbox 692 1159 835 1211; x_wconf 82' lang='lat' dir='ltr'><strong>faciet,</strong></span> <span class='ocrx_word' id='word_1_125' title='bbox 859 1158 968 1194; x_wconf 78' lang='lat' dir='ltr'><strong>ethis</strong></span> <span class='ocrx_word' id='word_1_126' title='bbox 989 1157 1139 1206; x_wconf 78' lang='lat' dir='ltr'><strong>majora</strong></span> <span class='ocrx_word' id='word_1_127' title='bbox 1156 1155 1276 1205; x_wconf 81' lang='lat' dir='ltr'><strong>faciet</strong></span> <span class='ocrx_word' id='word_1_128' title='bbox 1294 1169 1304 1189; x_wconf 89' lang='lat'><em>:</em></span> 
     </span>
     <span class='ocr_line' id='line_1_30' title="bbox 324 1213 1308 1271; baseline -0.008 -13"><span class='ocrx_word' id='word_1_129' title='bbox 324 1229 357 1258; x_wconf 89' lang='lat' dir='ltr'><strong>et</strong></span> <span class='ocrx_word' id='word_1_130' title='bbox 375 1234 413 1258; x_wconf 86' lang='lat' dir='ltr'><strong>ea</strong></span> <span class='ocrx_word' id='word_1_131' title='bbox 428 1235 504 1271; x_wconf 83' lang='lat' dir='ltr'><strong>quae</strong></span> <span class='ocrx_word' id='word_1_132' title='bbox 524 1218 691 1271; x_wconf 60' lang='lat' dir='ltr'><strong>praedixit</strong></span> <span class='ocrx_word' id='word_1_133' title='bbox 706 1216 905 1268; x_wconf 80' lang='lat' dir='ltr'><strong>discipulis,</strong></span> <span class='ocrx_word' id='word_1_134' title='bbox 921 1214 1019 1265; x_wconf 85' lang='lat' dir='ltr'><strong>quod</strong></span> <span class='ocrx_word' id='word_1_135' title='bbox 1041 1222 1121 1251; x_wconf 86' lang='lat' dir='ltr'><strong>ante</strong></span> <span class='ocrx_word' id='word_1_136' title='bbox 1138 1213 1308 1265; x_wconf 87' lang='lat' dir='ltr'><strong>praesides</strong></span> 
     </span>
     <span class='ocr_line' id='line_1_31' title="bbox 323 1273 1307 1332; baseline -0.008 -14"><span class='ocrx_word' id='word_1_137' title='bbox 323 1289 358 1318; x_wconf 87' lang='lat' dir='ltr'><strong>et</strong></span> <span class='ocrx_word' id='word_1_138' title='bbox 378 1294 475 1332; x_wconf 82' lang='lat' dir='ltr'><strong>reges</strong></span> <span class='ocrx_word' id='word_1_139' title='bbox 496 1278 650 1316; x_wconf 72' lang='lat' dir='ltr'><strong>ducendi</strong></span> <span class='ocrx_word' id='word_1_140' title='bbox 669 1285 796 1323; x_wconf 84' lang='lat' dir='ltr'><strong>essent,</strong></span> <span class='ocrx_word' id='word_1_141' title='bbox 815 1275 911 1327; x_wconf 88' lang='lat' dir='ltr'><strong>quod</strong></span> <span class='ocrx_word' id='word_1_142' title='bbox 927 1275 963 1312; x_wconf 88' lang='lat' dir='ltr'><strong>in</strong></span> <span class='ocrx_word' id='word_1_143' title='bbox 980 1273 1170 1326; x_wconf 80' lang='lat' dir='ltr'><strong>synagogis</strong></span> <span class='ocrx_word' id='word_1_144' title='bbox 1188 1273 1307 1325; x_wconf 81' lang='lat' dir='ltr'><strong>flagel-</strong></span> 
     </span>
     <span class='ocr_line' id='line_1_32' title="bbox 322 1336 1306 1392; baseline -0.008 -12"><span class='ocrx_word' id='word_1_145' title='bbox 322 1342 434 1391; x_wconf 84' lang='lat' dir='ltr'><strong>landi,</strong></span> <span class='ocrx_word' id='word_1_146' title='bbox 462 1341 558 1392; x_wconf 87' lang='lat' dir='ltr'><strong>quod</strong></span> <span class='ocrx_word' id='word_1_147' title='bbox 583 1338 820 1378; x_wconf 81' lang='lat' dir='ltr'><strong>intolerabilia</strong></span> <span class='ocrx_word' id='word_1_148' title='bbox 838 1337 990 1390; x_wconf 86' lang='lat' dir='ltr'><strong>passuri,</strong></span> <span class='ocrx_word' id='word_1_149' title='bbox 1011 1345 1044 1373; x_wconf 89' lang='lat' dir='ltr'><strong>et</strong></span> <span class='ocrx_word' id='word_1_150' title='bbox 1062 1336 1117 1373; x_wconf 85' lang='lat' dir='ltr'><strong>his</strong></span> <span class='ocrx_word' id='word_1_151' title='bbox 1141 1336 1306 1373; x_wconf 84' lang='lat' dir='ltr'><strong>omnihus</strong></span> 
     </span>
     <span class='ocr_line' id='line_1_33' title="bbox 322 1396 1307 1454; baseline -0.007 -14"><span class='ocrx_word' id='word_1_152' title='bbox 322 1403 518 1454; x_wconf 87' lang='lat' dir='ltr'><strong>superiores</strong></span> <span class='ocrx_word' id='word_1_153' title='bbox 549 1401 661 1438; x_wconf 88' lang='lat' dir='ltr'><strong>futuri</strong></span> <span class='ocrx_word' id='word_1_154' title='bbox 691 1407 815 1448; x_wconf 84' lang='lat' dir='ltr'><strong>essent,</strong></span> <span class='ocrx_word' id='word_1_155' title='bbox 845 1397 941 1449; x_wconf 89' lang='lat' dir='ltr'><strong>quod</strong></span> <span class='ocrx_word' id='word_1_156' title='bbox 971 1397 1056 1435; x_wconf 83' lang='lat' dir='ltr'><strong>item</strong></span> <span class='ocrx_word' id='word_1_157' title='bbox 1080 1396 1307 1448; x_wconf 77' lang='lat' dir='ltr'><strong>evangelium</strong></span> 
     </span>
     <span class='ocr_line' id='line_1_34' title="bbox 322 1456 1308 1514; baseline -0.006 -14"><span class='ocrx_word' id='word_1_158' title='bbox 322 1461 589 1514; x_wconf 66' lang='lat' dir='ltr'><strong>praedicandum</strong></span> <span class='ocrx_word' id='word_1_159' title='bbox 611 1462 698 1498; x_wconf 88' lang='lat' dir='ltr'><strong>foret</strong></span> <span class='ocrx_word' id='word_1_160' title='bbox 723 1460 759 1496; x_wconf 89' lang='lat' dir='ltr'><strong>in</strong></span> <span class='ocrx_word' id='word_1_161' title='bbox 780 1458 947 1497; x_wconf 65' lang='lat' dir='ltr'><strong>universo</strong></span> <span class='ocrx_word' id='word_1_162' title='bbox 970 1456 1122 1494; x_wconf 90' lang='lat' dir='ltr'><strong>mundo:</strong></span> <span class='ocrx_word' id='word_1_163' title='bbox 1140 1457 1228 1506; x_wconf 85' lang='lat' dir='ltr'><strong>haec,</strong></span> <span class='ocrx_word' id='word_1_164' title='bbox 1251 1457 1308 1494; x_wconf 81' lang='lat' dir='ltr'><strong>in-</strong></span> 
     </span>
     <span class='ocr_line' id='line_1_35' title="bbox 323 1517 1306 1573; baseline -0.004 -13"><span class='ocrx_word' id='word_1_165' title='bbox 323 1536 442 1573; x_wconf 83' lang='lat' dir='ltr'><strong>quam,</strong></span> <span class='ocrx_word' id='word_1_166' title='bbox 462 1522 579 1560; x_wconf 89' lang='lat' dir='ltr'><strong>omnia</strong></span> <span class='ocrx_word' id='word_1_167' title='bbox 597 1519 860 1559; x_wconf 85' lang='lat' dir='ltr'><strong>accuratissime</strong></span> <span class='ocrx_word' id='word_1_168' title='bbox 879 1517 1053 1570; x_wconf 86' lang='lat' dir='ltr'><strong>completa</strong></span> <span class='ocrx_word' id='word_1_169' title='bbox 1072 1517 1109 1554; x_wconf 92' lang='lat' dir='ltr'><strong>in</strong></span> <span class='ocrx_word' id='word_1_170' title='bbox 1127 1517 1195 1555; x_wconf 90' lang='lat' dir='ltr'><strong>hoc</strong></span> <span class='ocrx_word' id='word_1_171' title='bbox 1213 1518 1306 1556; x_wconf 85' lang='lat' dir='ltr'><strong>libro</strong></span> 
     </span>
     <span class='ocr_line' id='line_1_36' title="bbox 326 1578 1307 1633; baseline -0.004 -12"><span class='ocrx_word' id='word_1_172' title='bbox 326 1598 466 1621; x_wconf 86' lang='lat' dir='ltr'><strong>cernere</strong></span> <span class='ocrx_word' id='word_1_173' title='bbox 483 1593 533 1621; x_wconf 89' lang='lat' dir='ltr'><strong>est</strong></span> <span class='ocrx_word' id='word_1_174' title='bbox 544 1598 556 1633; x_wconf 78' lang='lat'>3</span> <span class='ocrx_word' id='word_1_175' title='bbox 578 1595 711 1620; x_wconf 87' lang='lat' dir='ltr'><strong>necnon</strong></span> <span class='ocrx_word' id='word_1_176' title='bbox 724 1581 781 1617; x_wconf 88' lang='lat' dir='ltr'><strong>his</strong></span> <span class='ocrx_word' id='word_1_177' title='bbox 802 1580 906 1632; x_wconf 88' lang='lat' dir='ltr'><strong>plura</strong></span> <span class='ocrx_word' id='word_1_178' title='bbox 921 1593 999 1628; x_wconf 86' lang='lat' dir='ltr'><strong>quae</strong></span> <span class='ocrx_word' id='word_1_179' title='bbox 1019 1592 1101 1615; x_wconf 90' lang='lat' dir='ltr'><strong>cum</strong></span> <span class='ocrx_word' id='word_1_180' title='bbox 1121 1578 1307 1630; x_wconf 81' lang='lat' dir='ltr'><strong>discipulis</strong></span> 
     </span>
     <span class='ocr_line' id='line_1_37' title="bbox 325 1640 1306 1691; baseline -0.006 -7"><span class='ocrx_word' id='word_1_181' title='bbox 325 1659 467 1683; x_wconf 78' lang='lat' dir='ltr'><strong>versans</strong></span> <span class='ocrx_word' id='word_1_182' title='bbox 487 1645 663 1683; x_wconf 89' lang='lat' dir='ltr'><strong>Dominus</strong></span> <span class='ocrx_word' id='word_1_183' title='bbox 676 1643 830 1680; x_wconf 76' lang='lat' dir='ltr'><strong>dixerat.</strong></span> <span class='ocrx_word' id='word_1_184' title='bbox 848 1640 1071 1690; x_wconf 84' lang='lat' dir='ltr'><strong>Videbisque</strong></span> <span class='ocrx_word' id='word_1_185' title='bbox 1091 1640 1149 1677; x_wconf 88' lang='lat' dir='ltr'><strong>hic</strong></span> <span class='ocrx_word' id='word_1_186' title='bbox 1171 1650 1306 1691; x_wconf 86' lang='lat' dir='ltr'><strong>aposto-</strong></span> 
     </span>
     <span class='ocr_line' id='line_1_38' title="bbox 323 1699 1354 1755; baseline -0.005 -12"><span class='ocrx_word' id='word_1_187' title='bbox 323 1706 376 1743; x_wconf 91' lang='lat' dir='ltr'><strong>los</strong></span> <span class='ocrx_word' id='word_1_188' title='bbox 397 1720 458 1743; x_wconf 87' lang='lat' dir='ltr'><strong>ceu</strong></span> <span class='ocrx_word' id='word_1_189' title='bbox 471 1706 634 1743; x_wconf 70' lang='lat' dir='ltr'><strong>volucres</strong></span> <span class='ocrx_word' id='word_1_190' title='bbox 648 1717 711 1755; x_wconf 87' lang='lat' dir='ltr'><strong>per</strong></span> <span class='ocrx_word' id='word_1_191' title='bbox 725 1712 855 1740; x_wconf 86' lang='lat' dir='ltr'><strong>terram</strong></span> <span class='ocrx_word' id='word_1_192' title='bbox 870 1710 902 1738; x_wconf 90' lang='lat' dir='ltr'><strong>et</strong></span> <span class='ocrx_word' id='word_1_193' title='bbox 918 1700 1031 1737; x_wconf 87' lang='lat' dir='ltr'><strong>maria</strong></span> <span class='ocrx_word' id='word_1_194' title='bbox 1054 1699 1305 1751; x_wconf 83' lang='lat' dir='ltr'><strong>discurrentes,</strong></span> <span class='ocrx_word' id='word_1_195' title='bbox 1333 1716 1354 1745; x_wconf 89' lang='lat' dir='ltr'>B</span> 
     </span>
     <span class='ocr_line' id='line_1_39' title="bbox 324 1760 1306 1816; baseline -0.005 -12"><span class='ocrx_word' id='word_1_196' title='bbox 324 1766 472 1816; x_wconf 90' lang='lat' dir='ltr'><strong>illosque</strong></span> <span class='ocrx_word' id='word_1_197' title='bbox 491 1766 578 1803; x_wconf 89' lang='lat' dir='ltr'><strong>olim</strong></span> <span class='ocrx_word' id='word_1_198' title='bbox 600 1763 746 1802; x_wconf 90' lang='lat' dir='ltr'><strong>timidos</strong></span> <span class='ocrx_word' id='word_1_199' title='bbox 768 1771 802 1799; x_wconf 87' lang='lat' dir='ltr'><strong>et</strong></span> <span class='ocrx_word' id='word_1_200' title='bbox 830 1760 950 1809; x_wconf 85' lang='lat' dir='ltr'><strong>rudes,</strong></span> <span class='ocrx_word' id='word_1_201' title='bbox 970 1760 1006 1797; x_wconf 90' lang='lat' dir='ltr'><strong>in</strong></span> <span class='ocrx_word' id='word_1_202' title='bbox 1032 1760 1119 1798; x_wconf 85' lang='lat' dir='ltr'><strong>alios</strong></span> <span class='ocrx_word' id='word_1_203' title='bbox 1147 1760 1306 1799; x_wconf 84' lang='lat' dir='ltr'><strong>homines</strong></span> 
     </span>
     <span class='ocr_line' id='line_1_40' title="bbox 323 1821 1305 1878; baseline -0.008 -14"><span class='ocrx_word' id='word_1_204' title='bbox 323 1836 464 1878; x_wconf 89' lang='lat' dir='ltr'><strong>repente</strong></span> <span class='ocrx_word' id='word_1_205' title='bbox 482 1834 649 1874; x_wconf 87' lang='lat' dir='ltr'><strong>mutatos,</strong></span> <span class='ocrx_word' id='word_1_206' title='bbox 670 1822 882 1861; x_wconf 78' lang='lat' dir='ltr'><strong>divitiarum</strong></span> <span class='ocrx_word' id='word_1_207' title='bbox 901 1829 1144 1870; x_wconf 84' lang='lat' dir='ltr'><strong>contemtores,</strong></span> <span class='ocrx_word' id='word_1_208' title='bbox 1170 1821 1280 1871; x_wconf 82' lang='lat' dir='ltr'><strong>gloria</strong></span> <span class='ocrx_word' id='word_1_209' title='bbox 1295 1850 1305 1868; x_wconf 87' lang='lat'><strong>,</strong></span> 
     </span>
     <span class='ocr_line' id='line_1_41' title="bbox 324 1881 1306 1938; baseline -0.004 -15"><span class='ocrx_word' id='word_1_210' title='bbox 324 1886 394 1936; x_wconf 88' lang='lat' dir='ltr'><strong>ira,</strong></span> <span class='ocrx_word' id='word_1_211' title='bbox 415 1884 698 1938; x_wconf 82' lang='lat' dir='ltr'><strong>concupiscentia</strong></span> <span class='ocrx_word' id='word_1_212' title='bbox 714 1883 914 1932; x_wconf 65' lang='lat' dir='ltr'><strong>caeterisque</strong></span> <span class='ocrx_word' id='word_1_213' title='bbox 929 1881 1093 1918; x_wconf 89' lang='lat' dir='ltr'><strong>omnibus</strong></span> <span class='ocrx_word' id='word_1_214' title='bbox 1111 1881 1306 1932; x_wconf 87' lang='lat' dir='ltr'><strong>superiores</strong></span> 
     </span>
     <span class='ocr_line' id='line_1_42' title="bbox 323 1940 1303 1993; baseline -0.007 -10"><span class='ocrx_word' id='word_1_215' title='bbox 323 1947 484 1985; x_wconf 84' lang='lat' dir='ltr'><strong>effectos:</strong></span> <span class='ocrx_word' id='word_1_216' title='bbox 504 1947 654 1983; x_wconf 88' lang='lat' dir='ltr'><strong>multam</strong></span> <span class='ocrx_word' id='word_1_217' title='bbox 674 1943 816 1982; x_wconf 76' lang='lat' dir='ltr'><strong>videbis</strong></span> <span class='ocrx_word' id='word_1_218' title='bbox 841 1943 932 1979; x_wconf 89' lang='lat' dir='ltr'><strong>inter</strong></span> <span class='ocrx_word' id='word_1_219' title='bbox 951 1941 1044 1993; x_wconf 89' lang='lat' dir='ltr'><strong>ipsos</strong></span> <span class='ocrx_word' id='word_1_220' title='bbox 1065 1940 1303 1989; x_wconf 82' lang='lat' dir='ltr'><strong>concordiam,</strong></span> 
     </span>
     <span class='ocr_line' id='line_1_43' title="bbox 323 2001 1307 2053; baseline -0.008 -8"><span class='ocrx_word' id='word_1_221' title='bbox 323 2007 460 2045; x_wconf 84' lang='lat' dir='ltr'><strong>nullam</strong></span> <span class='ocrx_word' id='word_1_222' title='bbox 486 2006 675 2051; x_wconf 74' lang='lat' dir='ltr'><strong>invidiam,</strong></span> <span class='ocrx_word' id='word_1_223' title='bbox 704 2013 743 2041; x_wconf 91' lang='lat' dir='ltr'><strong>ut</strong></span> <span class='ocrx_word' id='word_1_224' title='bbox 774 2003 871 2051; x_wconf 80' lang='lat' dir='ltr'><strong>olim,</strong></span> <span class='ocrx_word' id='word_1_225' title='bbox 904 2002 1040 2039; x_wconf 79' lang='lat' dir='ltr'><strong>nullam</strong></span> <span class='ocrx_word' id='word_1_226' title='bbox 1069 2001 1114 2039; x_wconf 86' lang='lat' dir='ltr'><strong>ob</strong></span> <span class='ocrx_word' id='word_1_227' title='bbox 1132 2001 1307 2053; x_wconf 86' lang='lat' dir='ltr'><strong>primatus</strong></span> 
     </span>
     <span class='ocr_line' id='line_1_44' title="bbox 323 2062 1306 2111; baseline -0.007 -5"><span class='ocrx_word' id='word_1_228' title='bbox 323 2067 539 2106; x_wconf 89' lang='lat' dir='ltr'><strong>desiderium</strong></span> <span class='ocrx_word' id='word_1_229' title='bbox 554 2066 810 2105; x_wconf 87' lang='lat' dir='ltr'><strong>contentionem</strong></span> <span class='ocrx_word' id='word_1_230' title='bbox 825 2079 835 2111; x_wconf 92' lang='lat'>;</span> <span class='ocrx_word' id='word_1_231' title='bbox 849 2062 909 2101; x_wconf 89' lang='lat' dir='ltr'><strong>sed</strong></span> <span class='ocrx_word' id='word_1_232' title='bbox 927 2076 1067 2100; x_wconf 87' lang='lat' dir='ltr'><strong>omnem</strong></span> <span class='ocrx_word' id='word_1_233' title='bbox 1086 2062 1121 2099; x_wconf 92' lang='lat' dir='ltr'><strong>in</strong></span> <span class='ocrx_word' id='word_1_234' title='bbox 1142 2062 1214 2099; x_wconf 89' lang='lat' dir='ltr'><strong>illis</strong></span> <span class='ocrx_word' id='word_1_235' title='bbox 1233 2062 1306 2100; x_wconf 80' lang='lat' dir='ltr'><strong>vir-</strong></span> 
     </span>
     <span class='ocr_line' id='line_1_45' title="bbox 323 2121 1307 2179; baseline -0.007 -15"><span class='ocrx_word' id='word_1_236' title='bbox 323 2137 435 2166; x_wconf 87' lang='lat' dir='ltr'><strong>tutem</strong></span> <span class='ocrx_word' id='word_1_237' title='bbox 448 2128 639 2179; x_wconf 82' lang='lat' dir='ltr'><strong>diligenter</strong></span> <span class='ocrx_word' id='word_1_238' title='bbox 658 2126 804 2174; x_wconf 86' lang='lat' dir='ltr'><strong>cultam,</strong></span> <span class='ocrx_word' id='word_1_239' title='bbox 823 2124 1073 2172; x_wconf 84' lang='lat' dir='ltr'><strong>caritatemque</strong></span> <span class='ocrx_word' id='word_1_240' title='bbox 1097 2121 1226 2159; x_wconf 70' lang='lat' dir='ltr'><strong>eximie</strong></span> <span class='ocrx_word' id='word_1_241' title='bbox 1239 2122 1307 2158; x_wconf 82' lang='lat' dir='ltr'><strong>ful-</strong></span> 
     </span>
     <span class='ocr_line' id='line_1_46' title="bbox 325 2181 1306 2240; baseline -0.009 -14"><span class='ocrx_word' id='word_1_242' title='bbox 325 2196 462 2240; x_wconf 84' lang='lat' dir='ltr'><strong>gentem</strong></span> <span class='ocrx_word' id='word_1_243' title='bbox 480 2204 487 2224; x_wconf 90' lang='lat'><strong>:</strong></span> <span class='ocrx_word' id='word_1_244' title='bbox 512 2187 556 2225; x_wconf 88' lang='lat' dir='ltr'><strong>de</strong></span> <span class='ocrx_word' id='word_1_245' title='bbox 583 2200 652 2237; x_wconf 89' lang='lat' dir='ltr'><strong>qua</strong></span> <span class='ocrx_word' id='word_1_246' title='bbox 678 2185 791 2222; x_wconf 84' lang='lat' dir='ltr'><strong>multa</strong></span> <span class='ocrx_word' id='word_1_247' title='bbox 817 2183 904 2235; x_wconf 88' lang='lat' dir='ltr'><strong>ipsis</strong></span> <span class='ocrx_word' id='word_1_248' title='bbox 923 2190 1146 2233; x_wconf 80' lang='lat' dir='ltr'><strong>praeceperat,</strong></span> <span class='ocrx_word' id='word_1_249' title='bbox 1162 2181 1306 2218; x_wconf 89' lang='lat' dir='ltr'><strong>dicens:</strong></span> 
     </span>
     <span class='ocr_line' id='line_1_47' title="bbox 325 2243 1309 2301; baseline -0.01 -12"><span class='ocrx_word' id='word_1_250' title='bbox 325 2254 374 2288; x_wconf 84' lang='lat' dir='ltr'><strong>In</strong></span> <span class='ocrx_word' id='word_1_251' title='bbox 401 2252 472 2289; x_wconf 81' lang='lat' dir='ltr'><strong>hoc</strong></span> <span class='ocrx_word' id='word_1_252' title='bbox 504 2255 732 2301; x_wconf 78' lang='lat' dir='ltr'><strong>cognoscent</strong></span> <span class='ocrx_word' id='word_1_253' title='bbox 753 2258 880 2283; x_wconf 81' lang='lat' dir='ltr'><strong>omnes</strong></span> <span class='ocrx_word' id='word_1_254' title='bbox 908 2245 1011 2295; x_wconf 81' lang='lat' dir='ltr'><strong>quod</strong></span> <span class='ocrx_word' id='word_1_255' title='bbox 1030 2243 1208 2294; x_wconf 80' lang='lat' dir='ltr'><strong>discipuli</strong></span> <span class='ocrx_word' id='word_1_256' title='bbox 1236 2245 1309 2280; x_wconf 82' lang='lat' dir='ltr'><strong>mei</strong></span> 
     </span>
     <span class='ocr_line' id='line_1_48' title="bbox 325 2305 1308 2358; baseline -0.01 -7"><span class='ocrx_word' id='word_1_257' title='bbox 325 2315 422 2358; x_wconf 82' lang='lat' dir='ltr'><strong>sitis,</strong></span> <span class='ocrx_word' id='word_1_258' title='bbox 445 2315 478 2350; x_wconf 81' lang='lat' dir='ltr'><strong>si</strong></span> <span class='ocrx_word' id='word_1_259' title='bbox 499 2312 713 2349; x_wconf 72' lang='lat' dir='ltr'><strong>dilexeritis</strong></span> <span class='ocrx_word' id='word_1_260' title='bbox 747 2310 923 2346; x_wconf 74' lang='lat' dir='ltr'><strong>invicem.</strong></span> <span class='ocrx_word' id='word_1_261' title='bbox 947 2306 1044 2353; x_wconf 88' lang='lat' dir='ltr'><strong>Quin</strong></span> <span class='ocrx_word' id='word_1_262' title='bbox 1077 2314 1109 2342; x_wconf 90' lang='lat' dir='ltr'><strong>et</strong></span> <span class='ocrx_word' id='word_1_263' title='bbox 1141 2305 1308 2355; x_wconf 81' lang='lat' dir='ltr'><strong>dogmata</strong></span> 
     </span>
     <span class='ocr_line' id='line_1_49' title="bbox 326 2365 1308 2424; baseline -0.009 -13"><span class='ocrx_word' id='word_1_264' title='bbox 326 2373 492 2424; x_wconf 84' lang='lat' dir='ltr'><strong>quaedam</strong></span> <span class='ocrx_word' id='word_1_265' title='bbox 526 2372 562 2409; x_wconf 90' lang='lat' dir='ltr'><strong>in</strong></span> <span class='ocrx_word' id='word_1_266' title='bbox 594 2372 661 2408; x_wconf 87' lang='lat' dir='ltr'><strong>hoc</strong></span> <span class='ocrx_word' id='word_1_267' title='bbox 691 2369 785 2407; x_wconf 88' lang='lat' dir='ltr'><strong>libro</strong></span> <span class='ocrx_word' id='word_1_268' title='bbox 823 2367 977 2419; x_wconf 84' lang='lat' dir='ltr'><strong>reperire</strong></span> <span class='ocrx_word' id='word_1_269' title='bbox 1004 2366 1099 2409; x_wconf 80' lang='lat' dir='ltr'><strong>licet,</strong></span> <span class='ocrx_word' id='word_1_270' title='bbox 1132 2379 1209 2415; x_wconf 80' lang='lat' dir='ltr'><strong>quae</strong></span> <span class='ocrx_word' id='word_1_271' title='bbox 1240 2365 1308 2403; x_wconf 91' lang='lat' dir='ltr'><strong>nisi</strong></span> 
     </span>
     <span class='ocr_line' id='line_1_50' title="bbox 326 2426 1357 2485; baseline -0.01 -14"><span class='ocrx_word' id='word_1_272' title='bbox 326 2434 478 2485; x_wconf 90' lang='lat' dir='ltr'><strong>scriptus</strong></span> <span class='ocrx_word' id='word_1_273' title='bbox 496 2433 556 2470; x_wconf 91' lang='lat' dir='ltr'><strong>ille</strong></span> <span class='ocrx_word' id='word_1_274' title='bbox 576 2431 712 2480; x_wconf 86' lang='lat' dir='ltr'><strong>fuisset,</strong></span> <span class='ocrx_word' id='word_1_275' title='bbox 741 2427 832 2466; x_wconf 90' lang='lat' dir='ltr'><strong>nulli</strong></span> <span class='ocrx_word' id='word_1_276' title='bbox 859 2428 908 2464; x_wconf 88' lang='lat' dir='ltr'><strong>ita</strong></span> <span class='ocrx_word' id='word_1_277' title='bbox 932 2426 1117 2478; x_wconf 87' lang='lat' dir='ltr'><strong>perspicua</strong></span> <span class='ocrx_word' id='word_1_278' title='bbox 1147 2434 1180 2463; x_wconf 91' lang='lat' dir='ltr'><strong>et</strong></span> <span class='ocrx_word' id='word_1_279' title='bbox 1203 2426 1309 2476; x_wconf 83' lang='lat' dir='ltr'><strong>plana</strong></span> <span class='ocrx_word' id='word_1_280' title='bbox 1334 2427 1357 2457; x_wconf 90' lang='lat' dir='ltr'>C</span> 
     </span>
     <span class='ocr_line' id='line_1_51' title="bbox 325 2486 1312 2538; baseline -0.009 -6"><span class='ocrx_word' id='word_1_281' title='bbox 325 2493 587 2532; x_wconf 74' lang='lat' dir='ltr'><strong>fuissentzimo</strong></span> <span class='ocrx_word' id='word_1_282' title='bbox 620 2491 727 2529; x_wconf 85' lang='lat' dir='ltr'><strong>etiam</strong></span> <span class='ocrx_word' id='word_1_283' title='bbox 757 2488 810 2538; x_wconf 85' lang='lat' dir='ltr'><strong>id,</strong></span> <span class='ocrx_word' id='word_1_284' title='bbox 841 2487 938 2538; x_wconf 91' lang='lat' dir='ltr'><strong>quod</strong></span> <span class='ocrx_word' id='word_1_285' title='bbox 957 2496 1008 2525; x_wconf 88' lang='lat' dir='ltr'><strong>est</strong></span> <span class='ocrx_word' id='word_1_286' title='bbox 1031 2486 1155 2524; x_wconf 84' lang='lat' dir='ltr'><strong>salutis</strong></span> <span class='ocrx_word' id='word_1_287' title='bbox 1186 2496 1312 2524; x_wconf 83' lang='lat' dir='ltr'><strong>nostrae</strong></span> 
     </span>
     <span class='ocr_line' id='line_1_52' title="bbox 326 2549 1312 2606; baseline -0.009 -14"><span class='ocrx_word' id='word_1_288' title='bbox 326 2563 447 2606; x_wconf 87' lang='lat' dir='ltr'><strong>caput,</strong></span> <span class='ocrx_word' id='word_1_289' title='bbox 470 2562 543 2591; x_wconf 89' lang='lat' dir='ltr'><strong>tam</strong></span> <span class='ocrx_word' id='word_1_290' title='bbox 573 2550 767 2590; x_wconf 86' lang='lat' dir='ltr'><strong>secundum</strong></span> <span class='ocrx_word' id='word_1_291' title='bbox 786 2549 897 2587; x_wconf 81' lang='lat' dir='ltr'><strong>vitam</strong></span> <span class='ocrx_word' id='word_1_292' title='bbox 917 2556 951 2585; x_wconf 85' lang='lat' dir='ltr'><strong>et</strong></span> <span class='ocrx_word' id='word_1_293' title='bbox 969 2560 1094 2595; x_wconf 87' lang='lat' dir='ltr'><strong>mores,</strong></span> <span class='ocrx_word' id='word_1_294' title='bbox 1119 2561 1225 2597; x_wconf 87' lang='lat' dir='ltr'><strong>quam</strong></span> <span class='ocrx_word' id='word_1_295' title='bbox 1254 2561 1312 2584; x_wconf 93' lang='lat' dir='ltr'><strong>se-</strong></span> 
     </span>
     <span class='ocr_line' id='line_1_53' title="bbox 326 2607 1308 2664; baseline -0.009 -12"><span class='ocrx_word' id='word_1_296' title='bbox 326 2614 486 2653; x_wconf 89' lang='lat' dir='ltr'><strong>cundum</strong></span> <span class='ocrx_word' id='word_1_297' title='bbox 508 2613 697 2664; x_wconf 83' lang='lat' dir='ltr'><strong>dogmata,</strong></span> <span class='ocrx_word' id='word_1_298' title='bbox 717 2609 897 2648; x_wconf 88' lang='lat' dir='ltr'><strong>occultum</strong></span> <span class='ocrx_word' id='word_1_299' title='bbox 922 2607 1184 2657; x_wconf 88' lang='lat' dir='ltr'><strong>obscurumque</strong></span> <span class='ocrx_word' id='word_1_300' title='bbox 1207 2616 1308 2644; x_wconf 86' lang='lat' dir='ltr'><strong>esset.</strong></span> 
     </span>
     <span class='ocr_line' id='line_1_54' title="bbox 326 2667 1312 2726; baseline -0.01 -13"><span class='ocrx_word' id='word_1_301' title='bbox 326 2674 488 2713; x_wconf 82' lang='lat' dir='ltr'><strong>Maxima</strong></span> <span class='ocrx_word' id='word_1_302' title='bbox 507 2687 588 2726; x_wconf 89' lang='lat' dir='ltr'><strong>pars</strong></span> <span class='ocrx_word' id='word_1_303' title='bbox 612 2682 732 2721; x_wconf 66' lang='lat' dir='ltr'><strong>autem</strong></span> <span class='ocrx_word' id='word_1_304' title='bbox 760 2669 846 2708; x_wconf 86' lang='lat' dir='ltr'><strong>libri</strong></span> <span class='ocrx_word' id='word_1_305' title='bbox 872 2667 975 2706; x_wconf 88' lang='lat' dir='ltr'><strong>Pauli</strong></span> <span class='ocrx_word' id='word_1_306' title='bbox 1004 2676 1099 2718; x_wconf 85' lang='lat' dir='ltr'><strong>gesta</strong></span> <span class='ocrx_word' id='word_1_307' title='bbox 1129 2675 1230 2716; x_wconf 87' lang='lat' dir='ltr'><strong>sunt,</strong></span> <span class='ocrx_word' id='word_1_308' title='bbox 1250 2667 1312 2718; x_wconf 88' lang='lat' dir='ltr'><strong>qui</strong></span> 
     </span>
    </p>
   </div>
   <div class='ocr_carea' id='block_1_15' title="bbox 317 2778 1333 2821">
    <p class='ocr_par' dir='ltr' id='par_1_15' title="bbox 317 2778 1333 2821">
     <span class='ocr_line' id='line_1_55' title="bbox 317 2778 1333 2821; baseline -0.01 1"><span class='ocrx_word' id='word_1_309' title='bbox 317 2788 415 2821; x_wconf 88' lang='lat' dir='ltr'><strong>-Cod.</strong></span> <span class='ocrx_word' id='word_1_310' title='bbox 445 2790 509 2820; x_wconf 86' lang='lat'><strong>728</strong></span> <span class='ocrx_word' id='word_1_311' title='bbox 540 2787 757 2820; x_wconf 86' lang='lat' dir='ltr'><strong>recentiorem</strong></span> <span class='ocrx_word' id='word_1_312' title='bbox 785 2791 818 2816; x_wconf 87' lang='lat' dir='ltr'><strong>et</strong></span> <span class='ocrx_word' id='word_1_313' title='bbox 846 2795 864 2814; x_wconf 85' lang='lat' dir='ltr'><strong>a</strong></span> <span class='ocrx_word' id='word_1_314' title='bbox 896 2781 1032 2813; x_wconf 66' lang='lat' dir='ltr'><strong>librario</strong></span> <span class='ocrx_word' id='word_1_315' title='bbox 1061 2778 1214 2811; x_wconf 81' lang='lat' dir='ltr'><strong>malefido</strong></span> <span class='ocrx_word' id='word_1_316' title='bbox 1253 2782 1333 2812; x_wconf 89' lang='lat' dir='ltr'><strong>scri-</strong></span> 
     </span>
    </p>
   </div>
   <div class='ocr_carea' id='block_1_16' title="bbox 327 2831 1338 3443">
    <p class='ocr_par' dir='ltr' id='par_1_16' title="bbox 327 2831 1336 3292">
     <span class='ocr_line' id='line_1_56' title="bbox 327 2831 1334 2883; baseline -0.009 -10"><span class='ocrx_word' id='word_1_317' title='bbox 327 2842 442 2883; x_wconf 87' lang='lat' dir='ltr'><strong>ptum)</strong></span> <span class='ocrx_word' id='word_1_318' title='bbox 469 2842 503 2874; x_wconf 82' lang='lat' dir='ltr'><strong>in</strong></span> <span class='ocrx_word' id='word_1_319' title='bbox 530 2839 611 2871; x_wconf 87' lang='lat' dir='ltr'><strong>locis</strong></span> <span class='ocrx_word' id='word_1_320' title='bbox 643 2835 753 2869; x_wconf 89' lang='lat' dir='ltr'><strong>dubiis</strong></span> <span class='ocrx_word' id='word_1_321' title='bbox 765 2860 772 2872; x_wconf 82' lang='lat'><strong>,</strong></span> <span class='ocrx_word' id='word_1_322' title='bbox 800 2834 850 2867; x_wconf 74' lang='lat' dir='ltr'><strong>vel</strong></span> <span class='ocrx_word' id='word_1_323' title='bbox 877 2833 932 2865; x_wconf 89' lang='lat' dir='ltr'><strong>ubi</strong></span> <span class='ocrx_word' id='word_1_324' title='bbox 949 2833 1078 2876; x_wconf 80' lang='lat' dir='ltr'><strong>gravior</strong></span> <span class='ocrx_word' id='word_1_325' title='bbox 1110 2831 1219 2873; x_wconf 83' lang='lat' dir='ltr'><strong>aliqua</strong></span> <span class='ocrx_word' id='word_1_326' title='bbox 1251 2840 1334 2864; x_wconf 85' lang='lat' dir='ltr'><strong>esset</strong></span> 
     </span>
     <span class='ocr_line' id='line_1_57' title="bbox 330 2880 1332 2923; baseline -0.007 -1"><span class='ocrx_word' id='word_1_327' title='bbox 330 2892 506 2923; x_wconf 74' lang='lat' dir='ltr'><strong>verborum</strong></span> <span class='ocrx_word' id='word_1_328' title='bbox 533 2889 618 2922; x_wconf 81' lang='lat' dir='ltr'><strong>inter</strong></span> <span class='ocrx_word' id='word_1_329' title='bbox 647 2885 809 2920; x_wconf 82' lang='lat' dir='ltr'><strong>Savilium</strong></span> <span class='ocrx_word' id='word_1_330' title='bbox 841 2892 874 2916; x_wconf 85' lang='lat' dir='ltr'><strong>et</strong></span> <span class='ocrx_word' id='word_1_331' title='bbox 900 2883 1174 2915; x_wconf 83' lang='lat' dir='ltr'><strong>Momfauconum</strong></span> <span class='ocrx_word' id='word_1_332' title='bbox 1207 2880 1332 2915; x_wconf 83' lang='lat' dir='ltr'><strong>discre-</strong></span> 
     </span>
     <span class='ocr_line' id='line_1_58' title="bbox 327 2932 1334 2986; baseline -0.009 -11"><span class='ocrx_word' id='word_1_333' title='bbox 327 2944 459 2986; x_wconf 83' lang='lat' dir='ltr'><strong>pantia,</strong></span> <span class='ocrx_word' id='word_1_334' title='bbox 485 2940 536 2975; x_wconf 89' lang='lat' dir='ltr'><strong>vel</strong></span> <span class='ocrx_word' id='word_1_335' title='bbox 566 2938 728 2982; x_wconf 82' lang='lat' dir='ltr'><strong>singulos,</strong></span> <span class='ocrx_word' id='word_1_336' title='bbox 759 2935 810 2969; x_wconf 67' lang='lat' dir='ltr'><strong>vel</strong></span> <span class='ocrx_word' id='word_1_337' title='bbox 840 2936 939 2967; x_wconf 80' lang='lat' dir='ltr'><strong>etiam</strong></span> <span class='ocrx_word' id='word_1_338' title='bbox 963 2944 1095 2974; x_wconf 78' lang='lat' dir='ltr'><strong>omneS‚</strong></span> <span class='ocrx_word' id='word_1_339' title='bbox 1128 2940 1228 2974; x_wconf 88' lang='lat' dir='ltr'><strong>prout</strong></span> <span class='ocrx_word' id='word_1_340' title='bbox 1258 2932 1334 2966; x_wconf 80' lang='lat' dir='ltr'><strong>lice-</strong></span> 
     </span>
     <span class='ocr_line' id='line_1_59' title="bbox 328 2983 1332 3036; baseline -0.009 -10"><span class='ocrx_word' id='word_1_341' title='bbox 328 2993 387 3026; x_wconf 84' lang='lat' dir='ltr'><strong>bat</strong></span> <span class='ocrx_word' id='word_1_342' title='bbox 430 3005 487 3036; x_wconf 88' lang='lat' dir='ltr'><strong>per</strong></span> <span class='ocrx_word' id='word_1_343' title='bbox 531 2991 688 3034; x_wconf 86' lang='lat' dir='ltr'><strong>temporis</strong></span> <span class='ocrx_word' id='word_1_344' title='bbox 730 2988 934 3031; x_wconf 79' lang='lat' dir='ltr'><strong>angustiam,</strong></span> <span class='ocrx_word' id='word_1_345' title='bbox 975 2985 1084 3017; x_wconf 88' lang='lat' dir='ltr'><strong>denuo</strong></span> <span class='ocrx_word' id='word_1_346' title='bbox 1120 2983 1332 3025; x_wconf 64' lang='lat' dir='ltr'><strong>contulimus,</strong></span> 
     </span>
     <span class='ocr_line' id='line_1_60' title="bbox 329 3035 1335 3087; baseline -0.009 -10"><span class='ocrx_word' id='word_1_347' title='bbox 329 3047 475 3087; x_wconf 82' lang='lat' dir='ltr'><strong>signatos</strong></span> <span class='ocrx_word' id='word_1_348' title='bbox 496 3043 609 3085; x_wconf 86' lang='lat' dir='ltr'><strong>nobis,</strong></span> <span class='ocrx_word' id='word_1_349' title='bbox 632 3053 692 3085; x_wconf 93' lang='lat' dir='ltr'><strong>pro</strong></span> <span class='ocrx_word' id='word_1_350' title='bbox 712 3039 829 3073; x_wconf 85' lang='lat' dir='ltr'><strong>ordine</strong></span> <span class='ocrx_word' id='word_1_351' title='bbox 851 3038 998 3077; x_wconf 84' lang='lat' dir='ltr'><strong>numeri,</strong></span> <span class='ocrx_word' id='word_1_352' title='bbox 1013 3035 1116 3067; x_wconf 88' lang='lat' dir='ltr'><strong>literis</strong></span> <span class='ocrx_word' id='word_1_353' title='bbox 1130 3036 1215 3068; x_wconf 82' lang='grc' dir='ltr'>Δ.Β.</span> <span class='ocrx_word' id='word_1_354' title='bbox 1228 3036 1265 3068; x_wconf 93' lang='lat' dir='ltr'><strong>C.</strong></span> <span class='ocrx_word' id='word_1_355' title='bbox 1279 3038 1335 3078; x_wconf 91' lang='lat' dir='ltr'><strong>D.]</strong></span> 
     </span>
     <span class='ocr_line' id='line_1_61' title="bbox 331 3088 1335 3138; baseline -0.01 -9"><span class='ocrx_word' id='word_1_356' title='bbox 331 3096 432 3138; x_wconf 84' lang='lat' dir='ltr'><strong>Quod</strong></span> <span class='ocrx_word' id='word_1_357' title='bbox 449 3105 558 3128; x_wconf 84' lang='lat' dir='ltr'><strong>autem</strong></span> <span class='ocrx_word' id='word_1_358' title='bbox 575 3093 781 3135; x_wconf 82' lang='lat' dir='ltr'><strong>dicitinipso</strong></span> <span class='ocrx_word' id='word_1_359' title='bbox 797 3089 962 3133; x_wconf 83' lang='lat' dir='ltr'><strong>principio</strong></span> <span class='ocrx_word' id='word_1_360' title='bbox 975 3088 1246 3131; x_wconf 82' lang='lat' dir='ltr'><strong>Chrysostomus,</strong></span> <span class='ocrx_word' id='word_1_361' title='bbox 1260 3099 1335 3131; x_wconf 90' lang='lat' dir='ltr'><strong>per-</strong></span> 
     </span>
     <span class='ocr_line' id='line_1_62' title="bbox 333 3140 1336 3190; baseline -0.008 -11"><span class='ocrx_word' id='word_1_362' title='bbox 333 3148 410 3181; x_wconf 88' lang='lat' dir='ltr'><strong>inde</strong></span> <span class='ocrx_word' id='word_1_363' title='bbox 426 3147 552 3180; x_wconf 82' lang='lat' dir='ltr'><strong>multos</strong></span> <span class='ocrx_word' id='word_1_364' title='bbox 579 3146 737 3190; x_wconf 86' lang='lat' dir='ltr'><strong>ignorare</strong></span> <span class='ocrx_word' id='word_1_365' title='bbox 753 3154 796 3175; x_wconf 85' lang='lat' dir='ltr'><strong>au</strong></span> <span class='ocrx_word' id='word_1_366' title='bbox 816 3141 870 3174; x_wconf 87' lang='lat' dir='ltr'><strong>hic</strong></span> <span class='ocrx_word' id='word_1_367' title='bbox 894 3141 976 3173; x_wconf 86' lang='lat' dir='ltr'><strong>liber</strong></span> <span class='ocrx_word' id='word_1_368' title='bbox 1002 3146 1128 3180; x_wconf 83' lang='lat' dir='ltr'><strong>exstet,</strong></span> <span class='ocrx_word' id='word_1_369' title='bbox 1149 3146 1248 3180; x_wconf 86' lang='lat' dir='ltr'><strong>atque</strong></span> <span class='ocrx_word' id='word_1_370' title='bbox 1264 3140 1336 3181; x_wconf 90' lang='lat' dir='ltr'><strong>quis</strong></span> 
     </span>
     <span class='ocr_line' id='line_1_63' title="bbox 331 3191 1336 3242; baseline -0.008 -10"><span class='ocrx_word' id='word_1_371' title='bbox 331 3199 374 3232; x_wconf 77' lang='lat' dir='ltr'><strong>sit</strong></span> <span class='ocrx_word' id='word_1_372' title='bbox 390 3200 456 3242; x_wconf 86' lang='lat' dir='ltr'><strong>ejus</strong></span> <span class='ocrx_word' id='word_1_373' title='bbox 472 3200 634 3241; x_wconf 70' lang='lat' dir='ltr'><strong>scriptor,</strong></span> <span class='ocrx_word' id='word_1_374' title='bbox 652 3195 792 3228; x_wconf 84' lang='lat' dir='ltr'><strong>habetur</strong></span> <span class='ocrx_word' id='word_1_375' title='bbox 805 3195 906 3226; x_wconf 80' lang='lat' dir='ltr'><strong>etiam</strong></span> <span class='ocrx_word' id='word_1_376' title='bbox 921 3192 1029 3224; x_wconf 90' lang='lat' dir='ltr'><strong>Tomo</strong></span> <span class='ocrx_word' id='word_1_377' title='bbox 1048 3193 1144 3224; x_wconf 80' lang='lat' dir='ltr'><strong>tertio</strong></span> <span class='ocrx_word' id='word_1_378' title='bbox 1158 3191 1281 3224; x_wconf 81' lang='lat' dir='ltr'><strong>Homil.</strong></span> <span class='ocrx_word' id='word_1_379' title='bbox 1303 3193 1336 3224; x_wconf 87' lang='lat' dir='ltr'><strong>in</strong></span> 
     </span>
     <span class='ocr_line' id='line_1_64' title="bbox 333 3246 848 3292; baseline -0.004 -11"><span class='ocrx_word' id='word_1_380' title='bbox 333 3250 531 3292; x_wconf 84' lang='lat' dir='ltr'><strong>principium</strong></span> <span class='ocrx_word' id='word_1_381' title='bbox 545 3251 703 3281; x_wconf 76' lang='lat' dir='ltr'><strong>Actorum</strong></span> <span class='ocrx_word' id='word_1_382' title='bbox 715 3273 723 3286; x_wconf 86' lang='lat'>‚</span> <span class='ocrx_word' id='word_1_383' title='bbox 742 3259 776 3289; x_wconf 86' lang='lat' dir='ltr'><strong>p.</strong></span> <span class='ocrx_word' id='word_1_384' title='bbox 795 3246 848 3279; x_wconf 85' lang='lat'><strong>54.</strong></span> 
     </span>
    </p>

    <p class='ocr_par' dir='ltr' id='par_1_17' title="bbox 378 3297 914 3341">
     <span class='ocr_line' id='line_1_65' title="bbox 378 3297 914 3341; baseline -0.007 -7"><span class='ocrx_word' id='word_1_385' title='bbox 378 3302 393 3317; x_wconf 67' lang='lat'><strong>¹²</strong></span> <span class='ocrx_word' id='word_1_386' title='bbox 417 3303 502 3341; x_wconf 73' lang='grc' dir='ltr'>[Τῶν</span> <span class='ocrx_word' id='word_1_387' title='bbox 518 3305 606 3341; x_wconf 77' lang='grc' dir='ltr'>ἁγίων</span> <span class='ocrx_word' id='word_1_388' title='bbox 625 3306 677 3333; x_wconf 80' lang='grc' dir='ltr'><strong>ἀπ.</strong></span> <span class='ocrx_word' id='word_1_389' title='bbox 695 3297 779 3330; x_wconf 84' lang='lat' dir='ltr'><strong>Cod.</strong></span> <span class='ocrx_word' id='word_1_390' title='bbox 803 3297 842 3329; x_wconf 90' lang='lat' dir='ltr'><strong>C.</strong></span> <span class='ocrx_word' id='word_1_391' title='bbox 856 3297 914 3338; x_wconf 92' lang='lat' dir='ltr'><strong>D.]</strong></span> 
     </span>
    </p>

    <p class='ocr_par' dir='ltr' id='par_1_18' title="bbox 337 3340 1338 3443">
     <span class='ocr_line' id='line_1_66' title="bbox 378 3340 1338 3393; baseline -0.015 -7"><span class='ocrx_word' id='word_1_392' title='bbox 378 3362 390 3376; x_wconf 74' lang='lat'>³</span> <span class='ocrx_word' id='word_1_393' title='bbox 415 3352 498 3393; x_wconf 64' lang='grc' dir='ltr'>[οὐδ’</span> <span class='ocrx_word' id='word_1_394' title='bbox 514 3356 559 3384; x_wconf 80' lang='grc' dir='ltr'><strong>ὅτι</strong></span> <span class='ocrx_word' id='word_1_395' title='bbox 574 3355 632 3384; x_wconf 80' lang='grc' dir='ltr'>ἔστι</span> <span class='ocrx_word' id='word_1_396' title='bbox 648 3348 747 3382; x_wconf 64' lang='lat' dir='ltr'><strong>savii.</strong></span> <span class='ocrx_word' id='word_1_397' title='bbox 762 3356 793 3380; x_wconf 80' lang='lat' dir='ltr'><strong>et</strong></span> <span class='ocrx_word' id='word_1_398' title='bbox 806 3347 845 3379; x_wconf 89' lang='lat' dir='ltr'><strong>C.</strong></span> <span class='ocrx_word' id='word_1_399' title='bbox 859 3358 888 3378; x_wconf 82' lang='lat' dir='ltr'><strong>a.</strong></span> <span class='ocrx_word' id='word_1_400' title='bbox 901 3358 934 3388; x_wconf 90' lang='lat' dir='ltr'><strong>p.</strong></span> <span class='ocrx_word' id='word_1_401' title='bbox 948 3357 993 3377; x_wconf 83' lang='lat' dir='ltr'><strong>m.</strong></span> <span class='ocrx_word' id='word_1_402' title='bbox 1006 3347 1064 3378; x_wconf 69' lang='grc' dir='ltr'>οὐδ’</span> <span class='ocrx_word' id='word_1_403' title='bbox 1079 3349 1122 3377; x_wconf 68' lang='grc' dir='ltr'><strong>ἔτι</strong></span> <span class='ocrx_word' id='word_1_404' title='bbox 1140 3348 1168 3376; x_wconf 82' lang='grc' dir='ltr'><strong>τί</strong></span> <span class='ocrx_word' id='word_1_405' title='bbox 1180 3348 1239 3377; x_wconf 76' lang='grc' dir='ltr'>ἐστι</span> <span class='ocrx_word' id='word_1_406' title='bbox 1253 3340 1338 3373; x_wconf 75' lang='lat' dir='ltr'><strong>idem</strong></span> 
     </span>
     <span class='ocr_line' id='line_1_67' title="bbox 337 3403 487 3443; baseline -0.027 -7"><span class='ocrx_word' id='word_1_407' title='bbox 337 3416 366 3436; x_wconf 68' lang='lat'><strong>[2.</strong></span> <span class='ocrx_word' id='word_1_408' title='bbox 386 3415 410 3435; x_wconf 87' lang='lat' dir='ltr'><strong>s.</strong></span> <span class='ocrx_word' id='word_1_409' title='bbox 426 3403 487 3443; x_wconf 90' lang='lat' dir='ltr'><strong>m.]</strong></span> 
     </span>
    </p>
   </div>
   <div class='ocr_carea' id='block_1_17' title="bbox 1331 233 1932 264">
    <p class='ocr_par' dir='ltr' id='par_1_19' title="bbox 1331 233 1932 264">
     <span class='ocr_line' id='line_1_68' title="bbox 1331 233 1932 264; baseline 0 -1"><span class='ocrx_word' id='word_1_410' title='bbox 1331 234 1536 263; x_wconf 75' lang='lat' dir='ltr'><strong>ARCHIEP.</strong></span> <span class='ocrx_word' id='word_1_411' title='bbox 1572 234 1656 262; x_wconf 81' lang='lat' dir='ltr'><strong>CON</strong></span> <span class='ocrx_word' id='word_1_412' title='bbox 1665 233 1932 264; x_wconf 71' lang='lat' dir='ltr'>STANTKNOP.</span> 
     </span>
    </p>
   </div>
   <div class='ocr_carea' id='block_1_18' title="bbox 1373 312 2403 2720">
    <p class='ocr_par' dir='ltr' id='par_1_20' title="bbox 1373 312 2403 2720">
     <span class='ocr_line' id='line_1_69' title="bbox 1375 312 2390 366; baseline 0.001 -16"><span class='ocrx_word' id='word_1_413' title='bbox 1375 313 1432 350; x_wconf 80' lang='grc' dir='ltr'><strong>καὶ</strong></span> <span class='ocrx_word' id='word_1_414' title='bbox 1454 312 1470 333; x_wconf 79' lang='lat'><strong>¹³</strong></span> <span class='ocrx_word' id='word_1_415' title='bbox 1485 313 1636 363; x_wconf 82' lang='grc' dir='ltr'>μάλιστα</span> <span class='ocrx_word' id='word_1_416' title='bbox 1667 316 1714 357; x_wconf 86' lang='grc' dir='ltr'><strong>εἷς</strong></span> <span class='ocrx_word' id='word_1_417' title='bbox 1743 314 1870 361; x_wconf 80' lang='grc' dir='ltr'>ταύτην</span> <span class='ocrx_word' id='word_1_418' title='bbox 1898 316 2044 364; x_wconf 80' lang='grc' dir='ltr'>ἐμαυτὸν</span> <span class='ocrx_word' id='word_1_419' title='bbox 2064 315 2181 366; x_wconf 79' lang='grc' dir='ltr'>ἔκρινα</span> <span class='ocrx_word' id='word_1_420' title='bbox 2200 319 2307 354; x_wconf 84' lang='grc' dir='ltr'>θεῖναι</span> <span class='ocrx_word' id='word_1_421' title='bbox 2328 316 2390 360; x_wconf 74' lang='grc' dir='ltr'><strong>τὴν</strong></span> 
     </span>
     <span class='ocr_line' id='line_1_70' title="bbox 1373 372 2391 426; baseline 0.002 -16"><span class='ocrx_word' id='word_1_422' title='bbox 1373 373 1631 424; x_wconf 76' lang='grc' dir='ltr'>πραγματείαν,</span> <span class='ocrx_word' id='word_1_423' title='bbox 1648 372 1739 411; x_wconf 82' lang='grc' dir='ltr'>ὥστε</span> <span class='ocrx_word' id='word_1_424' title='bbox 1757 375 1816 412; x_wconf 85' lang='grc' dir='ltr'><strong>καὶ</strong></span> <span class='ocrx_word' id='word_1_425' title='bbox 1834 374 1911 418; x_wconf 73' lang='grc' dir='ltr'>τοὺς</span> <span class='ocrx_word' id='word_1_426' title='bbox 1938 377 2140 426; x_wconf 70' lang='grc' dir='ltr'>ἀγνοοῦντας</span> <span class='ocrx_word' id='word_1_427' title='bbox 2160 375 2314 423; x_wconf 77' lang='grc' dir='ltr'>διδάξαι,</span> <span class='ocrx_word' id='word_1_428' title='bbox 2333 376 2391 413; x_wconf 79' lang='grc' dir='ltr'><strong>καὶ</strong></span> 
     </span>
     <span class='ocr_line' id='line_1_71' title="bbox 1376 432 2393 487; baseline 0.001 -17"><span class='ocrx_word' id='word_1_429' title='bbox 1376 432 1424 483; x_wconf 86' lang='grc' dir='ltr'><strong>μὴ</strong></span> <span class='ocrx_word' id='word_1_430' title='bbox 1457 435 1591 484; x_wconf 72' lang='grc' dir='ltr'>ἀφεῖναι</span> <span class='ocrx_word' id='word_1_431' title='bbox 1615 436 1775 471; x_wconf 79' lang='grc' dir='ltr'>τοσοῦτον</span> <span class='ocrx_word' id='word_1_432' title='bbox 1811 435 1989 473; x_wconf 76' lang='grc' dir='ltr'>λανθάνειν</span> <span class='ocrx_word' id='word_1_433' title='bbox 2023 435 2082 473; x_wconf 75' lang='grc' dir='ltr'><strong>καὶ</strong></span> <span class='ocrx_word' id='word_1_434' title='bbox 2110 434 2393 487; x_wconf 73' lang='grc' dir='ltr'>ἀποκρύπτεσθαι</span> 
     </span>
     <span class='ocr_line' id='line_1_72' title="bbox 1376 491 2391 546; baseline 0.002 -17"><span class='ocrx_word' id='word_1_435' title='bbox 1376 492 1556 545; x_wconf 84' lang='grc' dir='ltr'>θησαυρόν.</span> <span class='ocrx_word' id='word_1_436' title='bbox 1580 491 1671 530; x_wconf 80' lang='grc' dir='ltr'>Οὐδὲ</span> <span class='ocrx_word' id='word_1_437' title='bbox 1693 493 1761 545; x_wconf 86' lang='grc' dir='ltr'><strong>γὰρ</strong></span> <span class='ocrx_word' id='word_1_438' title='bbox 1788 492 1928 532; x_wconf 80' lang='grc' dir='ltr'>ἔλαττον</span> <span class='ocrx_word' id='word_1_439' title='bbox 1951 496 2062 533; x_wconf 80' lang='grc' dir='ltr'>αὐτῶν</span> <span class='ocrx_word' id='word_1_440' title='bbox 2081 498 2149 533; x_wconf 83' lang='grc' dir='ltr'><strong>τῶν</strong></span> <span class='ocrx_word' id='word_1_441' title='bbox 2168 495 2391 546; x_wconf 78' lang='grc' dir='ltr'>Εὐαγγελίων</span> 
     </span>
     <span class='ocr_line' id='line_1_73' title="bbox 1375 552 2392 606; baseline 0.002 -18"><span class='ocrx_word' id='word_1_442' title='bbox 1375 552 1554 604; x_wconf 71' lang='grc' dir='ltr'>ὠφελῆσαι</span> <span class='ocrx_word' id='word_1_443' title='bbox 1589 555 1683 603; x_wconf 79' lang='grc' dir='ltr'>ἡμᾶς</span> <span class='ocrx_word' id='word_1_444' title='bbox 1712 552 1914 599; x_wconf 79' lang='grc' dir='ltr'>δυνήσεται·</span> <span class='ocrx_word' id='word_1_445' title='bbox 1947 554 2113 600; x_wconf 80' lang='grc' dir='ltr'>τοσαύτης</span> <span class='ocrx_word' id='word_1_446' title='bbox 2146 555 2392 606; x_wconf 78' lang='grc' dir='ltr'>ἐμπέπλησται</span> 
     </span>
     <span class='ocr_line' id='line_1_74' title="bbox 1377 613 2391 665; baseline 0.001 -15"><span class='ocrx_word' id='word_1_447' title='bbox 1377 613 1577 665; x_wconf 72' lang='grc' dir='ltr'>φιλοσοφίας</span> <span class='ocrx_word' id='word_1_448' title='bbox 1595 613 1655 650; x_wconf 75' lang='grc' dir='ltr'><strong>καὶ</strong></span> <span class='ocrx_word' id='word_1_449' title='bbox 1674 613 1853 665; x_wconf 75' lang='grc' dir='ltr'>δογμάτων</span> <span class='ocrx_word' id='word_1_450' title='bbox 1879 613 2076 665; x_wconf 79' lang='grc' dir='ltr'>ὀρθότητος,</span> <span class='ocrx_word' id='word_1_451' title='bbox 2096 615 2178 653; x_wconf 77' lang='grc' dir='ltr'><strong>οκαὶ</strong></span> <span class='ocrx_word' id='word_1_452' title='bbox 2208 615 2391 665; x_wconf 80' lang='grc' dir='ltr'>θαυμάτων</span> 
     </span>
     <span class='ocr_line' id='line_1_75' title="bbox 1377 673 2393 727; baseline 0 -17"><span class='ocrx_word' id='word_1_453' title='bbox 1377 673 1590 721; x_wconf 78' lang='grc' dir='ltr'>ἐπιδείξεως,</span> <span class='ocrx_word' id='word_1_454' title='bbox 1623 673 1682 711; x_wconf 86' lang='grc' dir='ltr'><strong>καὶ</strong></span> <span class='ocrx_word' id='word_1_455' title='bbox 1713 673 1865 723; x_wconf 79' lang='grc' dir='ltr'>μάλιστα</span> <span class='ocrx_word' id='word_1_456' title='bbox 1883 677 1950 711; x_wconf 78' lang='grc' dir='ltr'><strong>τῶν</strong></span> <span class='ocrx_word' id='word_1_457' title='bbox 1973 674 2068 727; x_wconf 78' lang='grc' dir='ltr'>παρὰ</span> <span class='ocrx_word' id='word_1_458' title='bbox 2101 678 2161 713; x_wconf 76' lang='grc' dir='ltr'><strong>τοῦ</strong></span> <span class='ocrx_word' id='word_1_459' title='bbox 2190 675 2393 723; x_wconf 79' lang='grc' dir='ltr'>Πνεύματος</span> 
     </span>
     <span class='ocr_line' id='line_1_76' title="bbox 1377 733 2392 786; baseline -0.001 -14"><span class='ocrx_word' id='word_1_460' title='bbox 1377 734 1622 785; x_wconf 83' lang='grc' dir='ltr'>εἰργασμένων.</span> <span class='ocrx_word' id='word_1_461' title='bbox 1656 733 1716 779; x_wconf 85' lang='grc' dir='ltr'><strong>Μὴ</strong></span> <span class='ocrx_word' id='word_1_462' title='bbox 1757 734 1797 780; x_wconf 76' lang='grc' dir='ltr'><strong>δὴ</strong></span> <span class='ocrx_word' id='word_1_463' title='bbox 1829 733 1949 772; x_wconf 84' lang='grc' dir='ltr'>λοιπὸν</span> <span class='ocrx_word' id='word_1_464' title='bbox 1984 734 2259 786; x_wconf 73' lang='grc' dir='ltr'>παρατρέχωμεν</span> <span class='ocrx_word' id='word_1_465' title='bbox 2292 735 2392 777; x_wconf 75' lang='grc' dir='ltr'>αὐτὸ,</span> 
     </span>
     <span class='ocr_line' id='line_1_77' title="bbox 1378 794 2394 848; baseline 0.001 -16"><span class='ocrx_word' id='word_1_466' title='bbox 1378 795 1467 833; x_wconf 81' lang='grc' dir='ltr'>ἀλλὰ</span> <span class='ocrx_word' id='word_1_467' title='bbox 1491 794 1578 846; x_wconf 81' lang='grc' dir='ltr'>μετὰ</span> <span class='ocrx_word' id='word_1_468' title='bbox 1596 794 1772 845; x_wconf 66' lang='grc' dir='ltr'>ἀκριὸείας</span> <span class='ocrx_word' id='word_1_469' title='bbox 1791 795 2013 845; x_wconf 71' lang='grc' dir='ltr'>ἐξετάζωμεν.</span> <span class='ocrx_word' id='word_1_470' title='bbox 2032 796 2102 834; x_wconf 78' lang='grc' dir='ltr'><strong>Καὶ</strong></span> <span class='ocrx_word' id='word_1_471' title='bbox 2121 795 2188 848; x_wconf 85' lang='grc' dir='ltr'><strong>γὰρ</strong></span> <span class='ocrx_word' id='word_1_472' title='bbox 2206 795 2268 838; x_wconf 83' lang='grc' dir='ltr'><strong>τὰς</strong></span> <span class='ocrx_word' id='word_1_473' title='bbox 2283 797 2394 848; x_wconf 73' lang='grc' dir='ltr'>προρ-</span> 
     </span>
     <span class='ocr_line' id='line_1_78' title="bbox 1379 855 2395 908; baseline 0 -15"><span class='ocrx_word' id='word_1_474' title='bbox 1379 856 1509 908; x_wconf 72' lang='grc' dir='ltr'>ρήσεις,</span> <span class='ocrx_word' id='word_1_475' title='bbox 1526 855 1565 898; x_wconf 82' lang='grc' dir='ltr'>ἃς</span> <span class='ocrx_word' id='word_1_476' title='bbox 1588 857 1622 893; x_wconf 84' lang='grc' dir='ltr'><strong>ἐν</strong></span> <span class='ocrx_word' id='word_1_477' title='bbox 1650 861 1720 899; x_wconf 88' lang='grc' dir='ltr'>τοῖς</span> <span class='ocrx_word' id='word_1_478' title='bbox 1738 856 1963 907; x_wconf 81' lang='grc' dir='ltr'>Εὐαγγελίοις</span> <span class='ocrx_word' id='word_1_479' title='bbox 1980 859 1997 894; x_wconf 85' lang='grc' dir='ltr'>ὃ</span> <span class='ocrx_word' id='word_1_480' title='bbox 2015 857 2166 908; x_wconf 82' lang='grc' dir='ltr'>Χριστὸς</span> <span class='ocrx_word' id='word_1_481' title='bbox 2181 871 2395 907; x_wconf 78' lang='grc' dir='ltr'>προαναφω-</span> 
     </span>
     <span class='ocr_line' id='line_1_79' title="bbox 1378 915 2396 968; baseline -0.001 -14"><span class='ocrx_word' id='word_1_482' title='bbox 1378 922 1447 962; x_wconf 86' lang='grc' dir='ltr'>νεῖ,</span> <span class='ocrx_word' id='word_1_483' title='bbox 1464 916 1589 959; x_wconf 81' lang='grc' dir='ltr'>ταύτας</span> <span class='ocrx_word' id='word_1_484' title='bbox 1607 917 1655 959; x_wconf 85' lang='grc' dir='ltr'><strong>εἷς</strong></span> <span class='ocrx_word' id='word_1_485' title='bbox 1674 916 1770 968; x_wconf 81' lang='grc' dir='ltr'>ἔργον</span> <span class='ocrx_word' id='word_1_486' title='bbox 1792 915 1989 960; x_wconf 78' lang='grc' dir='ltr'>ἐξελθούσας</span> <span class='ocrx_word' id='word_1_487' title='bbox 2011 919 2154 954; x_wconf 74' lang='grc' dir='ltr'>ἐνταῦθα</span> <span class='ocrx_word' id='word_1_488' title='bbox 2181 916 2272 953; x_wconf 80' lang='grc' dir='ltr'>ἔστιν</span> <span class='ocrx_word' id='word_1_489' title='bbox 2292 917 2373 953; x_wconf 81' lang='grc' dir='ltr'>ἰδεῖν</span> <span class='ocrx_word' id='word_1_490' title='bbox 2388 947 2396 961; x_wconf 89' lang='grc'><strong>,</strong></span> 
     </span>
     <span class='ocr_line' id='line_1_80' title="bbox 1379 976 2395 1028; baseline -0.002 -14"><span class='ocrx_word' id='word_1_491' title='bbox 1379 976 1460 1014; x_wconf 56' lang='grc' dir='ltr'>ἀκαὶ</span> <span class='ocrx_word' id='word_1_492' title='bbox 1487 978 1547 1014; x_wconf 86' lang='grc' dir='ltr'><strong>ἀπ’</strong></span> <span class='ocrx_word' id='word_1_493' title='bbox 1568 978 1678 1013; x_wconf 75' lang='grc' dir='ltr'>αὐτῶν</span> <span class='ocrx_word' id='word_1_494' title='bbox 1705 979 1774 1013; x_wconf 77' lang='grc' dir='ltr'><strong>τῶν</strong></span> <span class='ocrx_word' id='word_1_495' title='bbox 1792 976 2009 1028; x_wconf 69' lang='grc' dir='ltr'>πραγμάτιον</span> <span class='ocrx_word' id='word_1_496' title='bbox 2042 976 2304 1026; x_wconf 75' lang='grc' dir='ltr'>διαλάμπουσαν</span> <span class='ocrx_word' id='word_1_497' title='bbox 2334 976 2395 1021; x_wconf 78' lang='grc' dir='ltr'><strong>τὴν</strong></span> 
     </span>
     <span class='ocr_line' id='line_1_81' title="bbox 1381 1036 2398 1088; baseline -0.001 -13"><span class='ocrx_word' id='word_1_498' title='bbox 1381 1037 1556 1085; x_wconf 65' lang='grc' dir='ltr'>ἀλήθειαν,</span> <span class='ocrx_word' id='word_1_499' title='bbox 1576 1036 1633 1074; x_wconf 65' lang='grc' dir='ltr'><strong>καὶ</strong></span> <span class='ocrx_word' id='word_1_500' title='bbox 1660 1036 1791 1084; x_wconf 75' lang='grc' dir='ltr'>πολλὴν</span> <span class='ocrx_word' id='word_1_501' title='bbox 1810 1041 1879 1074; x_wconf 79' lang='grc' dir='ltr'><strong>τῶν</strong></span> <span class='ocrx_word' id='word_1_502' title='bbox 1907 1040 2069 1088; x_wconf 76' lang='grc' dir='ltr'>μαθητῶν</span> <span class='ocrx_word' id='word_1_503' title='bbox 2090 1036 2153 1083; x_wconf 87' lang='grc' dir='ltr'><strong>τὴν</strong></span> <span class='ocrx_word' id='word_1_504' title='bbox 2173 1036 2229 1075; x_wconf 82' lang='grc' dir='ltr'><strong>ἐπὶ</strong></span> <span class='ocrx_word' id='word_1_505' title='bbox 2250 1037 2288 1074; x_wconf 81' lang='grc' dir='ltr'><strong>τὸ</strong></span> <span class='ocrx_word' id='word_1_506' title='bbox 2320 1036 2398 1087; x_wconf 79' lang='grc' dir='ltr'>βέλ-</span> 
     </span>
     <span class='ocr_line' id='line_1_82' title="bbox 1380 1096 2399 1148; baseline -0.002 -12"><span class='ocrx_word' id='word_1_507' title='bbox 1380 1114 1450 1136; x_wconf 89' lang='grc' dir='ltr'>τιον</span> <span class='ocrx_word' id='word_1_508' title='bbox 1472 1097 1666 1148; x_wconf 67' lang='grc' dir='ltr'>μεταίολὴν</span> <span class='ocrx_word' id='word_1_509' title='bbox 1692 1097 1754 1144; x_wconf 77' lang='grc' dir='ltr'><strong>τὴν</strong></span> <span class='ocrx_word' id='word_1_510' title='bbox 1778 1096 1845 1135; x_wconf 78' lang='grc' dir='ltr'><strong>ἀπὸ</strong></span> <span class='ocrx_word' id='word_1_511' title='bbox 1861 1101 1919 1135; x_wconf 71' lang='grc' dir='ltr'><strong>τοῦ</strong></span> <span class='ocrx_word' id='word_1_512' title='bbox 1940 1097 2143 1148; x_wconf 77' lang='grc' dir='ltr'>Πνεύματος</span> <span class='ocrx_word' id='word_1_513' title='bbox 2171 1099 2284 1140; x_wconf 79' lang='grc' dir='ltr'>αὐτοῖς</span> <span class='ocrx_word' id='word_1_514' title='bbox 2303 1100 2399 1148; x_wconf 79' lang='grc' dir='ltr'>ἐγγε-</span> 
     </span>
     <span class='ocr_line' id='line_1_83' title="bbox 1380 1157 2399 1211; baseline -0.003 -14"><span class='ocrx_word' id='word_1_515' title='bbox 1380 1159 1536 1209; x_wconf 82' lang='grc' dir='ltr'>νομένην.</span> <span class='ocrx_word' id='word_1_516' title='bbox 1557 1159 1627 1196; x_wconf 80' lang='grc' dir='ltr'><strong>Καὶ</strong></span> <span class='ocrx_word' id='word_1_517' title='bbox 1640 1158 1707 1211; x_wconf 78' lang='grc' dir='ltr'><strong>γὰρ</strong></span> <span class='ocrx_word' id='word_1_518' title='bbox 1723 1159 1811 1210; x_wconf 81' lang='grc' dir='ltr'>ἅπερ</span> <span class='ocrx_word' id='word_1_519' title='bbox 1825 1158 1975 1205; x_wconf 79' lang='grc' dir='ltr'>ἥκουσαν</span> <span class='ocrx_word' id='word_1_520' title='bbox 1993 1162 2052 1196; x_wconf 69' lang='grc' dir='ltr'><strong>τοῦ</strong></span> <span class='ocrx_word' id='word_1_521' title='bbox 2064 1160 2217 1210; x_wconf 68' lang='grc' dir='ltr'>Χριστοῦ</span> <span class='ocrx_word' id='word_1_522' title='bbox 2229 1157 2399 1208; x_wconf 80' lang='grc' dir='ltr'>λέγοντος,</span> 
     </span>
     <span class='ocr_line' id='line_1_84' title="bbox 1379 1217 2400 1269; baseline -0.002 -12"><span class='ocrx_word' id='word_1_523' title='bbox 1379 1219 1433 1258; x_wconf 76' lang='grc' dir='ltr'><strong>ὅτι</strong></span> <span class='ocrx_word' id='word_1_524' title='bbox 1450 1226 1518 1261; x_wconf 79' lang='grc' dir='ltr'><strong>πᾶς</strong></span> <span class='ocrx_word' id='word_1_525' title='bbox 1535 1218 1580 1256; x_wconf 75' lang='lat' dir='ltr'><strong>‘O</strong></span> <span class='ocrx_word' id='word_1_526' title='bbox 1599 1219 1770 1257; x_wconf 81' lang='grc' dir='ltr'>πιστεύων</span> <span class='ocrx_word' id='word_1_527' title='bbox 1786 1221 1833 1262; x_wconf 86' lang='grc' dir='ltr'><strong>εἰς</strong></span> <span class='ocrx_word' id='word_1_528' title='bbox 1847 1218 1928 1269; x_wconf 81' lang='grc' dir='ltr'>ἐμὲ,</span> <span class='ocrx_word' id='word_1_529' title='bbox 1949 1217 1992 1256; x_wconf 86' lang='grc' dir='ltr'><strong>τὰ</strong></span> <span class='ocrx_word' id='word_1_530' title='bbox 2005 1224 2133 1268; x_wconf 85' lang='grc' dir='ltr'>σημεῖα</span> <span class='ocrx_word' id='word_1_531' title='bbox 2144 1247 2153 1264; x_wconf 86' lang='grc'><strong>,</strong></span> <span class='ocrx_word' id='word_1_532' title='bbox 2170 1218 2191 1255; x_wconf 80' lang='grc' dir='ltr'>ἃ</span> <span class='ocrx_word' id='word_1_533' title='bbox 2212 1217 2278 1269; x_wconf 77' lang='grc' dir='ltr'>ἐγὼ</span> <span class='ocrx_word' id='word_1_534' title='bbox 2292 1222 2400 1264; x_wconf 83' lang='grc' dir='ltr'>ποιῶ,</span> 
     </span>
     <span class='ocr_line' id='line_1_85' title="bbox 1380 1279 2401 1330; baseline -0.002 -12"><span class='ocrx_word' id='word_1_535' title='bbox 1380 1282 1535 1323; x_wconf 83' lang='grc' dir='ltr'>κάκεῖνος</span> <span class='ocrx_word' id='word_1_536' title='bbox 1555 1280 1709 1327; x_wconf 83' lang='grc' dir='ltr'>ποιήσει,</span> <span class='ocrx_word' id='word_1_537' title='bbox 1739 1280 1798 1318; x_wconf 83' lang='grc' dir='ltr'><strong>καὶ</strong></span> <span class='ocrx_word' id='word_1_538' title='bbox 1831 1279 1969 1330; x_wconf 83' lang='grc' dir='ltr'>μείζονα</span> <span class='ocrx_word' id='word_1_539' title='bbox 2001 1279 2129 1317; x_wconf 83' lang='grc' dir='ltr'>τούτων</span> <span class='ocrx_word' id='word_1_540' title='bbox 2161 1279 2316 1325; x_wconf 72' lang='grc' dir='ltr'>ποιήσει·</span> <span class='ocrx_word' id='word_1_541' title='bbox 2342 1280 2401 1316; x_wconf 79' lang='grc' dir='ltr'><strong>καὶ</strong></span> 
     </span>
     <span class='ocr_line' id='line_1_86' title="bbox 1380 1339 2403 1393; baseline -0.002 -15"><span class='ocrx_word' id='word_1_542' title='bbox 1380 1345 1393 1360; x_wconf 87' lang='lat'>⁸</span> <span class='ocrx_word' id='word_1_543' title='bbox 1405 1340 1628 1393; x_wconf 76' lang='grc' dir='ltr'>προλέγοντος</span> <span class='ocrx_word' id='word_1_544' title='bbox 1640 1346 1709 1383; x_wconf 86' lang='grc' dir='ltr'>τοῖς</span> <span class='ocrx_word' id='word_1_545' title='bbox 1725 1344 1912 1390; x_wconf 79' lang='grc' dir='ltr'>μαθηταῖς,</span> <span class='ocrx_word' id='word_1_546' title='bbox 1932 1341 1986 1379; x_wconf 78' lang='grc' dir='ltr'><strong>ὅτι</strong></span> <span class='ocrx_word' id='word_1_547' title='bbox 2006 1340 2064 1377; x_wconf 79' lang='grc' dir='ltr'><strong>ἐπὶ</strong></span> <span class='ocrx_word' id='word_1_548' title='bbox 2081 1339 2253 1390; x_wconf 75' lang='grc' dir='ltr'>ἡγεμόνας</span> <span class='ocrx_word' id='word_1_549' title='bbox 2266 1339 2325 1377; x_wconf 79' lang='grc' dir='ltr'><strong>καὶ</strong></span> <span class='ocrx_word' id='word_1_550' title='bbox 2342 1342 2403 1390; x_wconf 85' lang='grc' dir='ltr'><strong>βα-</strong></span> 
     </span>
     <span class='ocr_line' id='line_1_87' title="bbox 1381 1400 2400 1452; baseline -0.002 -14"><span class='ocrx_word' id='word_1_551' title='bbox 1381 1402 1485 1443; x_wconf 86' lang='grc' dir='ltr'>σιλεῖς</span> <span class='ocrx_word' id='word_1_552' title='bbox 1504 1400 1715 1452; x_wconf 74' lang='grc' dir='ltr'>ἀχθήσονται</span> <span class='ocrx_word' id='word_1_553' title='bbox 1727 1431 1737 1448; x_wconf 93' lang='grc'><strong>,</strong></span> <span class='ocrx_word' id='word_1_554' title='bbox 1760 1401 1818 1438; x_wconf 82' lang='grc' dir='ltr'><strong>καὶ</strong></span> <span class='ocrx_word' id='word_1_555' title='bbox 1833 1400 1885 1438; x_wconf 76' lang='grc' dir='ltr'><strong>ὅτι</strong></span> <span class='ocrx_word' id='word_1_556' title='bbox 1907 1401 1941 1437; x_wconf 85' lang='grc' dir='ltr'><strong>ἐν</strong></span> <span class='ocrx_word' id='word_1_557' title='bbox 1964 1406 2039 1443; x_wconf 86' lang='grc' dir='ltr'>ταῖς</span> <span class='ocrx_word' id='word_1_558' title='bbox 2055 1405 2269 1451; x_wconf 83' lang='grc' dir='ltr'>συναγωγαῖς</span> <span class='ocrx_word' id='word_1_559' title='bbox 2289 1401 2400 1436; x_wconf 78' lang='grc' dir='ltr'>αὐτῶν</span> 
     </span>
     <span class='ocr_line' id='line_1_88' title="bbox 1382 1461 2401 1513; baseline -0.003 -14"><span class='ocrx_word' id='word_1_560' title='bbox 1382 1461 1659 1513; x_wconf 83' lang='grc' dir='ltr'>μαστιγώσουσιν</span> <span class='ocrx_word' id='word_1_561' title='bbox 1682 1461 1822 1507; x_wconf 76' lang='grc' dir='ltr'>αὐτοὺς,</span> <span class='ocrx_word' id='word_1_562' title='bbox 1843 1462 1902 1499; x_wconf 82' lang='grc' dir='ltr'><strong>καὶ</strong></span> <span class='ocrx_word' id='word_1_563' title='bbox 1930 1461 1974 1499; x_wconf 75' lang='grc' dir='ltr'><strong>τὰ</strong></span> <span class='ocrx_word' id='word_1_564' title='bbox 2009 1461 2183 1507; x_wconf 74' lang='grc' dir='ltr'>ἀνήκεστα</span> <span class='ocrx_word' id='word_1_565' title='bbox 2203 1461 2401 1503; x_wconf 86' lang='grc' dir='ltr'>πείσονται,</span> 
     </span>
     <span class='ocr_line' id='line_1_89' title="bbox 1380 1519 2398 1574; baseline 0 -16"><span class='ocrx_word' id='word_1_566' title='bbox 1380 1521 1439 1559; x_wconf 82' lang='grc' dir='ltr'><strong>καὶ</strong></span> <span class='ocrx_word' id='word_1_567' title='bbox 1458 1521 1510 1559; x_wconf 78' lang='grc' dir='ltr'><strong>ὅτι</strong></span> <span class='ocrx_word' id='word_1_568' title='bbox 1536 1521 1755 1574; x_wconf 81' lang='grc' dir='ltr'>περιέσονται</span> <span class='ocrx_word' id='word_1_569' title='bbox 1785 1522 1940 1568; x_wconf 84' lang='grc' dir='ltr'>πάντων,</span> <span class='ocrx_word' id='word_1_570' title='bbox 1962 1520 2020 1558; x_wconf 83' lang='grc' dir='ltr'><strong>καὶ</strong></span> <span class='ocrx_word' id='word_1_571' title='bbox 2045 1521 2098 1559; x_wconf 83' lang='grc' dir='ltr'><strong>ὅτι</strong></span> <span class='ocrx_word' id='word_1_572' title='bbox 2132 1521 2172 1559; x_wconf 85' lang='grc' dir='ltr'><strong>τὸ</strong></span> <span class='ocrx_word' id='word_1_573' title='bbox 2201 1519 2398 1570; x_wconf 83' lang='grc' dir='ltr'>εὐαγγέλιον</span> 
     </span>
     <span class='ocr_line' id='line_1_90' title="bbox 1379 1579 2400 1635; baseline -0.002 -15"><span class='ocrx_word' id='word_1_574' title='bbox 1379 1582 1636 1635; x_wconf 72' lang='grc' dir='ltr'>κηρυχθήσεται</span> <span class='ocrx_word' id='word_1_575' title='bbox 1665 1585 1697 1620; x_wconf 77' lang='grc' dir='ltr'><strong>ἐν</strong></span> <span class='ocrx_word' id='word_1_576' title='bbox 1717 1582 1787 1635; x_wconf 79' lang='grc' dir='ltr'>ὅλῳ</span> <span class='ocrx_word' id='word_1_577' title='bbox 1807 1585 1856 1634; x_wconf 82' lang='grc' dir='ltr'><strong>τῷ</strong></span> <span class='ocrx_word' id='word_1_578' title='bbox 1878 1582 2016 1633; x_wconf 80' lang='grc' dir='ltr'>κόσμῳ,</span> <span class='ocrx_word' id='word_1_579' title='bbox 2038 1585 2147 1620; x_wconf 77' lang='grc' dir='ltr'>ταῦτα</span> <span class='ocrx_word' id='word_1_580' title='bbox 2168 1579 2283 1617; x_wconf 83' lang='grc' dir='ltr'>πάντα</span> <span class='ocrx_word' id='word_1_581' title='bbox 2312 1581 2400 1631; x_wconf 76' lang='grc' dir='ltr'>μετὰ</span> 
     </span>
     <span class='ocr_line' id='line_1_91' title="bbox 1382 1639 2399 1695; baseline -0.002 -16"><span class='ocrx_word' id='word_1_582' title='bbox 1382 1642 1558 1695; x_wconf 70' lang='grc' dir='ltr'>ἀκριὸείας</span> <span class='ocrx_word' id='word_1_583' title='bbox 1585 1642 1722 1690; x_wconf 82' lang='grc' dir='ltr'>ἁπάσης</span> <span class='ocrx_word' id='word_1_584' title='bbox 1756 1642 1970 1689; x_wconf 67' lang='grc' dir='ltr'>ἐκὸεὸηκότα</span> <span class='ocrx_word' id='word_1_585' title='bbox 2004 1644 2037 1680; x_wconf 80' lang='grc' dir='ltr'><strong>ἓν</strong></span> <span class='ocrx_word' id='word_1_586' title='bbox 2059 1643 2107 1692; x_wconf 84' lang='grc' dir='ltr'><strong>τῷ</strong></span> <span class='ocrx_word' id='word_1_587' title='bbox 2139 1639 2264 1692; x_wconf 65' lang='grc' dir='ltr'>βιὸλίῳ</span> <span class='ocrx_word' id='word_1_588' title='bbox 2290 1640 2399 1692; x_wconf 77' lang='grc' dir='ltr'>τούτῳ</span> 
     </span>
     <span class='ocr_line' id='line_1_92' title="bbox 1380 1701 2399 1754; baseline -0.002 -14"><span class='ocrx_word' id='word_1_589' title='bbox 1380 1703 1471 1741; x_wconf 80' lang='grc' dir='ltr'>ἔστιν</span> <span class='ocrx_word' id='word_1_590' title='bbox 1492 1705 1592 1749; x_wconf 77' lang='grc' dir='ltr'>ἰδεῖν,</span> <span class='ocrx_word' id='word_1_591' title='bbox 1614 1704 1672 1741; x_wconf 79' lang='grc' dir='ltr'><strong>καὶ</strong></span> <span class='ocrx_word' id='word_1_592' title='bbox 1694 1703 1835 1741; x_wconf 80' lang='grc' dir='ltr'>πλείονα</span> <span class='ocrx_word' id='word_1_593' title='bbox 1863 1703 1989 1741; x_wconf 80' lang='grc' dir='ltr'>τούτων</span> <span class='ocrx_word' id='word_1_594' title='bbox 2010 1702 2127 1752; x_wconf 79' lang='grc' dir='ltr'>ἕτερα,</span> <span class='ocrx_word' id='word_1_595' title='bbox 2148 1701 2236 1754; x_wconf 84' lang='grc' dir='ltr'>ἅπερ</span> <span class='ocrx_word' id='word_1_596' title='bbox 2265 1701 2399 1752; x_wconf 84' lang='grc' dir='ltr'>εἴρηκεν</span> 
     </span>
     <span class='ocr_line' id='line_1_93' title="bbox 1381 1761 2399 1815; baseline -0.002 -15"><span class='ocrx_word' id='word_1_597' title='bbox 1381 1765 1493 1806; x_wconf 71' lang='grc' dir='ltr'>αὐτοῖς</span> <span class='ocrx_word' id='word_1_598' title='bbox 1510 1763 1631 1802; x_wconf 84' lang='grc' dir='ltr'>συνών.</span> <span class='ocrx_word' id='word_1_599' title='bbox 1644 1763 1751 1815; x_wconf 75' lang='grc' dir='ltr'>Ὄψει</span> <span class='ocrx_word' id='word_1_600' title='bbox 1766 1763 1800 1802; x_wconf 77' lang='grc' dir='ltr'><strong>δὲ</strong></span> <span class='ocrx_word' id='word_1_601' title='bbox 1816 1763 1874 1801; x_wconf 80' lang='grc' dir='ltr'><strong>καὶ</strong></span> <span class='ocrx_word' id='word_1_602' title='bbox 1891 1761 2011 1805; x_wconf 77' lang='grc' dir='ltr'>αὐτοὺς</span> <span class='ocrx_word' id='word_1_603' title='bbox 2026 1761 2103 1804; x_wconf 76' lang='grc' dir='ltr'>τοὺς</span> <span class='ocrx_word' id='word_1_604' title='bbox 2119 1761 2328 1804; x_wconf 79' lang='grc' dir='ltr'>ἀποστόλους</span> <span class='ocrx_word' id='word_1_605' title='bbox 2347 1763 2399 1798; x_wconf 74' lang='grc' dir='ltr'><strong>ἓν·</strong></span> 
     </span>
     <span class='ocr_line' id='line_1_94' title="bbox 1380 1822 2400 1876; baseline -0.004 -14"><span class='ocrx_word' id='word_1_606' title='bbox 1380 1829 1488 1862; x_wconf 55' lang='lat' dir='ltr'><strong>zazou</strong></span> <span class='ocrx_word' id='word_1_607' title='bbox 1502 1824 1659 1876; x_wconf 84' lang='grc' dir='ltr'>καθάπερ</span> <span class='ocrx_word' id='word_1_608' title='bbox 1679 1823 1827 1871; x_wconf 72' lang='grc' dir='ltr'>πτηνοὺς</span> <span class='ocrx_word' id='word_1_609' title='bbox 1847 1822 2090 1875; x_wconf 71' lang='grc' dir='ltr'>διατρέχοντας</span> <span class='ocrx_word' id='word_1_610' title='bbox 2105 1824 2169 1873; x_wconf 77' lang='grc' dir='ltr'>γ’ἧν</span> <span class='ocrx_word' id='word_1_611' title='bbox 2191 1822 2250 1859; x_wconf 81' lang='grc' dir='ltr'><strong>καὶ</strong></span> <span class='ocrx_word' id='word_1_612' title='bbox 2266 1822 2400 1860; x_wconf 78' lang='grc' dir='ltr'>θάλατ-</span> 
     </span>
     <span class='ocr_line' id='line_1_95' title="bbox 1381 1881 2400 1934; baseline -0.001 -14"><span class='ocrx_word' id='word_1_613' title='bbox 1381 1899 1458 1931; x_wconf 89' lang='grc' dir='ltr'>ταν,</span> <span class='ocrx_word' id='word_1_614' title='bbox 1487 1884 1544 1922; x_wconf 38' lang='grc' dir='ltr'><strong>καὶ1</strong></span> <span class='ocrx_word' id='word_1_615' title='bbox 1571 1884 1648 1928; x_wconf 73' lang='grc' dir='ltr'>τοὺς</span> <span class='ocrx_word' id='word_1_616' title='bbox 1668 1884 1796 1927; x_wconf 78' lang='grc' dir='ltr'>δειλοὺς</span> <span class='ocrx_word' id='word_1_617' title='bbox 1823 1883 1970 1927; x_wconf 79' lang='grc' dir='ltr'>ἐκείνους</span> <span class='ocrx_word' id='word_1_618' title='bbox 1989 1883 2047 1920; x_wconf 76' lang='grc' dir='ltr'><strong>καὶ</strong></span> <span class='ocrx_word' id='word_1_619' title='bbox 2072 1881 2251 1924; x_wconf 79' lang='grc' dir='ltr'>ἀσυνέτους</span> <span class='ocrx_word' id='word_1_620' title='bbox 2279 1882 2400 1934; x_wconf 79' lang='grc' dir='ltr'>ἀθρόον</span> 
     </span>
     <span class='ocr_line' id='line_1_96' title="bbox 1382 1943 2399 1995; baseline -0.002 -14"><span class='ocrx_word' id='word_1_621' title='bbox 1382 1944 1505 1987; x_wconf 73' lang='grc' dir='ltr'>ἄλλους</span> <span class='ocrx_word' id='word_1_622' title='bbox 1525 1947 1596 1981; x_wconf 77' lang='grc' dir='ltr'>ἀντ’</span> <span class='ocrx_word' id='word_1_623' title='bbox 1622 1945 1733 1982; x_wconf 45' lang='grc' dir='ltr'>ἀῧιλων</span> <span class='ocrx_word' id='word_1_624' title='bbox 1753 1943 1973 1994; x_wconf 78' lang='grc' dir='ltr'>γενομένους,</span> <span class='ocrx_word' id='word_1_625' title='bbox 2004 1943 2063 1980; x_wconf 79' lang='grc' dir='ltr'><strong>καὶ</strong></span> <span class='ocrx_word' id='word_1_626' title='bbox 2086 1943 2279 1994; x_wconf 75' lang='grc' dir='ltr'>χρημάτων</span> <span class='ocrx_word' id='word_1_627' title='bbox 2294 1944 2399 1995; x_wconf 81' lang='grc' dir='ltr'>ὑπερ-</span> 
     </span>
     <span class='ocr_line' id='line_1_97' title="bbox 1381 2003 2399 2053; baseline -0.002 -12"><span class='ocrx_word' id='word_1_628' title='bbox 1381 2004 1507 2051; x_wconf 79' lang='grc' dir='ltr'>οπτὰς,</span> <span class='ocrx_word' id='word_1_629' title='bbox 1527 2004 1586 2042; x_wconf 78' lang='grc' dir='ltr'><strong>καὶ</strong></span> <span class='ocrx_word' id='word_1_630' title='bbox 1606 2003 1721 2051; x_wconf 79' lang='grc' dir='ltr'>δόξης,</span> <span class='ocrx_word' id='word_1_631' title='bbox 1740 2004 1800 2040; x_wconf 75' lang='grc' dir='ltr'><strong>καὶ</strong></span> <span class='ocrx_word' id='word_1_632' title='bbox 1814 2006 1941 2053; x_wconf 74' lang='grc' dir='ltr'>θυμοῦ,</span> <span class='ocrx_word' id='word_1_633' title='bbox 1961 2003 2020 2041; x_wconf 77' lang='grc' dir='ltr'><strong>καὶ</strong></span> <span class='ocrx_word' id='word_1_634' title='bbox 2041 2003 2244 2053; x_wconf 83' lang='grc' dir='ltr'>ἐπιθυμίας,</span> <span class='ocrx_word' id='word_1_635' title='bbox 2262 2003 2399 2040; x_wconf 87' lang='grc' dir='ltr'>πάντων</span> 
     </span>
     <span class='ocr_line' id='line_1_98' title="bbox 1381 2063 2400 2115; baseline -0.002 -13"><span class='ocrx_word' id='word_1_636' title='bbox 1381 2065 1499 2107; x_wconf 76' lang='grc' dir='ltr'>ἁπλῶς</span> <span class='ocrx_word' id='word_1_637' title='bbox 1516 2064 1705 2115; x_wconf 76' lang='grc' dir='ltr'>ἄνωτέρους</span> <span class='ocrx_word' id='word_1_638' title='bbox 1723 2063 1922 2115; x_wconf 80' lang='grc' dir='ltr'>γεγονότας,</span> <span class='ocrx_word' id='word_1_639' title='bbox 1939 2063 1998 2100; x_wconf 84' lang='grc' dir='ltr'><strong>καὶ</strong></span> <span class='ocrx_word' id='word_1_640' title='bbox 2012 2063 2144 2109; x_wconf 83' lang='grc' dir='ltr'>πολλὴν</span> <span class='ocrx_word' id='word_1_641' title='bbox 2158 2063 2220 2109; x_wconf 77' lang='grc' dir='ltr'><strong>τὴν</strong></span> <span class='ocrx_word' id='word_1_642' title='bbox 2237 2063 2400 2113; x_wconf 78' lang='grc' dir='ltr'>ὁμόνοιαν</span> 
     </span>
     <span class='ocr_line' id='line_1_99' title="bbox 1381 2123 2402 2175; baseline 0 -14"><span class='ocrx_word' id='word_1_643' title='bbox 1381 2125 1540 2175; x_wconf 74' lang='grc' dir='ltr'>ἔχοντας,</span> <span class='ocrx_word' id='word_1_644' title='bbox 1562 2124 1621 2162; x_wconf 81' lang='grc' dir='ltr'><strong>καὶ</strong></span> <span class='ocrx_word' id='word_1_645' title='bbox 1641 2125 1791 2174; x_wconf 70' lang='grc' dir='ltr'>οὐδαμοῦ</span> <span class='ocrx_word' id='word_1_646' title='bbox 1809 2123 1972 2174; x_wconf 74' lang='grc' dir='ltr'>οὐδεμίαν</span> <span class='ocrx_word' id='word_1_647' title='bbox 1993 2123 2184 2174; x_wconf 80' lang='grc' dir='ltr'>βασκανίαν</span> <span class='ocrx_word' id='word_1_648' title='bbox 2211 2126 2257 2166; x_wconf 84' lang='grc' dir='ltr'>ὡς</span> <span class='ocrx_word' id='word_1_649' title='bbox 2277 2123 2402 2174; x_wconf 83' lang='grc' dir='ltr'>ἔμπρο-</span> 
     </span>
     <span class='ocr_line' id='line_1_100' title="bbox 1382 2182 2401 2235; baseline -0.001 -14"><span class='ocrx_word' id='word_1_650' title='bbox 1382 2188 1474 2231; x_wconf 86' lang='grc' dir='ltr'>σθεν,</span> <span class='ocrx_word' id='word_1_651' title='bbox 1499 2183 1574 2221; x_wconf 71' lang='grc' dir='ltr'>οὐδὲ</span> <span class='ocrx_word' id='word_1_652' title='bbox 1601 2184 1657 2221; x_wconf 71' lang='grc' dir='ltr'><strong>τὸν</strong></span> <span class='ocrx_word' id='word_1_653' title='bbox 1688 2183 1766 2235; x_wconf 83' lang='grc' dir='ltr'>περὶ</span> <span class='ocrx_word' id='word_1_654' title='bbox 1800 2183 1978 2234; x_wconf 81' lang='grc' dir='ltr'>πρωτείων</span> <span class='ocrx_word' id='word_1_655' title='bbox 2004 2183 2137 2234; x_wconf 78' lang='grc' dir='ltr'>ἔρωτα,</span> <span class='ocrx_word' id='word_1_656' title='bbox 2166 2182 2256 2220; x_wconf 79' lang='grc' dir='ltr'>ἀλλὰ</span> <span class='ocrx_word' id='word_1_657' title='bbox 2287 2189 2401 2221; x_wconf 76' lang='grc' dir='ltr'>πᾶσαν</span> 
     </span>
     <span class='ocr_line' id='line_1_101' title="bbox 1381 2243 2401 2295; baseline -0.002 -13"><span class='ocrx_word' id='word_1_658' title='bbox 1381 2243 1674 2295; x_wconf 67' lang='grc' dir='ltr'>ἀπηκριὸωμένην</span> <span class='ocrx_word' id='word_1_659' title='bbox 1697 2246 1731 2281; x_wconf 84' lang='grc' dir='ltr'><strong>ἐν</strong></span> <span class='ocrx_word' id='word_1_660' title='bbox 1749 2245 1860 2286; x_wconf 71' lang='grc' dir='ltr'>αὐτοῖς</span> <span class='ocrx_word' id='word_1_661' title='bbox 1878 2243 1941 2289; x_wconf 75' lang='grc' dir='ltr'><strong>τὴν</strong></span> <span class='ocrx_word' id='word_1_662' title='bbox 1959 2243 2097 2295; x_wconf 79' lang='grc' dir='ltr'>ἀρετὴν,</span> <span class='ocrx_word' id='word_1_663' title='bbox 2114 2243 2173 2281; x_wconf 78' lang='grc' dir='ltr'><strong>καὶ</strong></span> <span class='ocrx_word' id='word_1_664' title='bbox 2186 2243 2248 2289; x_wconf 75' lang='grc' dir='ltr'><strong>τὴν</strong></span> <span class='ocrx_word' id='word_1_665' title='bbox 2265 2244 2401 2294; x_wconf 81' lang='grc' dir='ltr'>ἀγάπην</span> 
     </span>
     <span class='ocr_line' id='line_1_102' title="bbox 1383 2298 2403 2355; baseline 0 -13"><span class='ocrx_word' id='word_1_666' title='bbox 1383 2307 1456 2355; x_wconf 86' lang='grc' dir='ltr'>μεθ’</span> <span class='ocrx_word' id='word_1_667' title='bbox 1486 2306 1679 2355; x_wconf 69' lang='grc' dir='ltr'>ὓπερὸολῆς</span> <span class='ocrx_word' id='word_1_668' title='bbox 1705 2304 1987 2353; x_wconf 77' lang='grc' dir='ltr'>διαλάμπουσαν,</span> <span class='ocrx_word' id='word_1_669' title='bbox 2020 2307 2106 2355; x_wconf 81' lang='grc' dir='ltr'>ὑπερ</span> <span class='ocrx_word' id='word_1_670' title='bbox 2137 2298 2178 2349; x_wconf 65' lang='grc' dir='ltr'>ἧς</span> <span class='ocrx_word' id='word_1_671' title='bbox 2211 2303 2271 2341; x_wconf 83' lang='grc' dir='ltr'><strong>καὶ</strong></span> <span class='ocrx_word' id='word_1_672' title='bbox 2290 2305 2403 2342; x_wconf 80' lang='grc' dir='ltr'>πολλὰ</span> 
     </span>
     <span class='ocr_line' id='line_1_103' title="bbox 1381 2363 2403 2417; baseline 0 -14"><span class='ocrx_word' id='word_1_673' title='bbox 1381 2364 1397 2384; x_wconf 84' lang='lat'><strong>¹’</strong></span> <span class='ocrx_word' id='word_1_674' title='bbox 1409 2366 1639 2417; x_wconf 72' lang='grc' dir='ltr'>παρήγγειλεν</span> <span class='ocrx_word' id='word_1_675' title='bbox 1661 2367 1774 2408; x_wconf 77' lang='grc' dir='ltr'>αὐτοῖς</span> <span class='ocrx_word' id='word_1_676' title='bbox 1788 2365 1913 2416; x_wconf 80' lang='grc' dir='ltr'>λέγων,</span> <span class='ocrx_word' id='word_1_677' title='bbox 1932 2364 1986 2403; x_wconf 79' lang='grc' dir='ltr'><strong>ὅτι</strong></span> <span class='ocrx_word' id='word_1_678' title='bbox 2005 2363 2066 2402; x_wconf 82' lang='grc' dir='ltr'><strong>Ἐν</strong></span> <span class='ocrx_word' id='word_1_679' title='bbox 2087 2364 2196 2416; x_wconf 81' lang='grc' dir='ltr'>τούτῳ</span> <span class='ocrx_word' id='word_1_680' title='bbox 2212 2364 2403 2415; x_wconf 82' lang='grc' dir='ltr'>γνώσονται</span> 
     </span>
     <span class='ocr_line' id='line_1_104' title="bbox 1382 2423 2403 2476; baseline 0.002 -15"><span class='ocrx_word' id='word_1_681' title='bbox 1382 2425 1524 2472; x_wconf 83' lang='grc' dir='ltr'>πάντες,</span> <span class='ocrx_word' id='word_1_682' title='bbox 1553 2425 1604 2462; x_wconf 76' lang='grc' dir='ltr'><strong>ὅτι</strong></span> <span class='ocrx_word' id='word_1_683' title='bbox 1635 2425 1712 2474; x_wconf 78' lang='grc' dir='ltr'>ἐμοὶ</span> <span class='ocrx_word' id='word_1_684' title='bbox 1738 2424 1892 2475; x_wconf 86' lang='grc' dir='ltr'>μαθηταί</span> <span class='ocrx_word' id='word_1_685' title='bbox 1912 2427 1987 2463; x_wconf 79' lang='grc' dir='ltr'>ἐστε</span> <span class='ocrx_word' id='word_1_686' title='bbox 2002 2454 2012 2471; x_wconf 89' lang='grc'><strong>,</strong></span> <span class='ocrx_word' id='word_1_687' title='bbox 2038 2423 2096 2462; x_wconf 79' lang='grc' dir='ltr'><strong>ἐὰν</strong></span> <span class='ocrx_word' id='word_1_688' title='bbox 2116 2426 2274 2476; x_wconf 75' lang='grc' dir='ltr'>ἀγαπᾶτε</span> <span class='ocrx_word' id='word_1_689' title='bbox 2293 2426 2403 2472; x_wconf 71' lang='grc' dir='ltr'>ἀλλ-τ’,-</span> 
     </span>
     <span class='ocr_line' id='line_1_105' title="bbox 1381 2484 2403 2537; baseline 0.003 -15"><span class='ocrx_word' id='word_1_690' title='bbox 1381 2486 1471 2528; x_wconf 84' lang='grc' dir='ltr'>λους.</span> <span class='ocrx_word' id='word_1_691' title='bbox 1487 2485 1591 2523; x_wconf 80' lang='grc' dir='ltr'>’Ἐστι</span> <span class='ocrx_word' id='word_1_692' title='bbox 1612 2484 1647 2522; x_wconf 75' lang='grc' dir='ltr'><strong>δὲ</strong></span> <span class='ocrx_word' id='word_1_693' title='bbox 1665 2485 1724 2522; x_wconf 81' lang='grc' dir='ltr'><strong>καὶ</strong></span> <span class='ocrx_word' id='word_1_694' title='bbox 1746 2484 1904 2535; x_wconf 77' lang='grc' dir='ltr'>δόγματα</span> <span class='ocrx_word' id='word_1_695' title='bbox 1923 2485 2068 2521; x_wconf 72' lang='grc' dir='ltr'>ἐνταῦθα</span> <span class='ocrx_word' id='word_1_696' title='bbox 2090 2487 2214 2537; x_wconf 81' lang='grc' dir='ltr'>εὑρεῖν,</span> <span class='ocrx_word' id='word_1_697' title='bbox 2239 2486 2346 2537; x_wconf 84' lang='grc' dir='ltr'>ἅπερ,</span> <span class='ocrx_word' id='word_1_698' title='bbox 2375 2489 2403 2525; x_wconf 74' lang='grc' dir='ltr'><strong>εἴ</strong></span> 
     </span>
     <span class='ocr_line' id='line_1_106' title="bbox 1385 2541 2403 2598; baseline 0.001 -14"><span class='ocrx_word' id='word_1_699' title='bbox 1385 2546 1432 2596; x_wconf 84' lang='grc' dir='ltr'><strong>μὴ</strong></span> <span class='ocrx_word' id='word_1_700' title='bbox 1455 2549 1554 2584; x_wconf 65' lang='grc' dir='ltr'>τοῦτο</span> <span class='ocrx_word' id='word_1_701' title='bbox 1568 2541 1609 2592; x_wconf 63' lang='grc' dir='ltr'><strong>ἦν</strong></span> <span class='ocrx_word' id='word_1_702' title='bbox 1630 2545 1669 2582; x_wconf 79' lang='grc' dir='ltr'><strong>τὸ</strong></span> <span class='ocrx_word' id='word_1_703' title='bbox 1697 2544 1846 2596; x_wconf 69' lang='grc' dir='ltr'>βιὸλίον,</span> <span class='ocrx_word' id='word_1_704' title='bbox 1863 2544 1972 2583; x_wconf 71' lang='grc' dir='ltr'>οὐδενὶ</span> <span class='ocrx_word' id='word_1_705' title='bbox 1992 2547 2109 2597; x_wconf 71' lang='grc' dir='ltr'>σαφῶς</span> <span class='ocrx_word' id='word_1_706' title='bbox 2136 2544 2225 2583; x_wconf 74' lang='grc' dir='ltr'>οὕτω</span> <span class='ocrx_word' id='word_1_707' title='bbox 2244 2546 2403 2598; x_wconf 83' lang='grc' dir='ltr'>γνώριμα</span> 
     </span>
     <span class='ocr_line' id='line_1_107' title="bbox 1383 2605 2402 2658; baseline 0 -14"><span class='ocrx_word' id='word_1_708' title='bbox 1383 2606 1535 2657; x_wconf 82' lang='grc' dir='ltr'>ἐγένοντο</span> <span class='ocrx_word' id='word_1_709' title='bbox 1547 2622 1555 2629; x_wconf 90' lang='grc'><em>·</em></span> <span class='ocrx_word' id='word_1_710' title='bbox 1568 2605 1657 2644; x_wconf 73' lang='grc' dir='ltr'>ἀλλὰ</span> <span class='ocrx_word' id='word_1_711' title='bbox 1673 2606 1712 2643; x_wconf 84' lang='grc' dir='ltr'><strong>τὸ</strong></span> <span class='ocrx_word' id='word_1_712' title='bbox 1729 2605 1914 2657; x_wconf 72' lang='grc' dir='ltr'>κεφάλαιον</span> <span class='ocrx_word' id='word_1_713' title='bbox 1930 2607 1992 2650; x_wconf 74' lang='grc' dir='ltr'>τῆς</span> <span class='ocrx_word' id='word_1_714' title='bbox 2007 2605 2180 2658; x_wconf 89' lang='grc' dir='ltr'>σωτηρίας</span> <span class='ocrx_word' id='word_1_715' title='bbox 2195 2608 2294 2656; x_wconf 73' lang='grc' dir='ltr'>ἡμῶν</span> <span class='ocrx_word' id='word_1_716' title='bbox 2311 2611 2402 2646; x_wconf 85' lang='grc' dir='ltr'>ἀπε-</span> 
     </span>
     <span class='ocr_line' id='line_1_108' title="bbox 1383 2660 2402 2720; baseline -0.001 -16"><span class='ocrx_word' id='word_1_717' title='bbox 1383 2667 1552 2720; x_wconf 79' lang='grc' dir='ltr'>κρύπτετο</span> <span class='ocrx_word' id='word_1_718' title='bbox 1565 2698 1574 2714; x_wconf 91' lang='grc'><strong>,</strong></span> <span class='ocrx_word' id='word_1_719' title='bbox 1589 2666 1648 2704; x_wconf 75' lang='grc' dir='ltr'><strong>καὶ</strong></span> <span class='ocrx_word' id='word_1_720' title='bbox 1667 2666 1792 2712; x_wconf 74' lang='grc' dir='ltr'>ἄδηλον</span> <span class='ocrx_word' id='word_1_721' title='bbox 1806 2660 1847 2712; x_wconf 62' lang='grc' dir='ltr'><strong>ἦν</strong></span> <span class='ocrx_word' id='word_1_722' title='bbox 1861 2696 1870 2713; x_wconf 92' lang='grc'><strong>,</strong></span> <span class='ocrx_word' id='word_1_723' title='bbox 1887 2665 1945 2702; x_wconf 77' lang='grc' dir='ltr'><strong>καὶ</strong></span> <span class='ocrx_word' id='word_1_724' title='bbox 1962 2664 2037 2716; x_wconf 84' lang='grc' dir='ltr'>βίου</span> <span class='ocrx_word' id='word_1_725' title='bbox 2054 2665 2113 2703; x_wconf 74' lang='grc' dir='ltr'><strong>καὶ</strong></span> <span class='ocrx_word' id='word_1_726' title='bbox 2130 2666 2308 2715; x_wconf 79' lang='grc' dir='ltr'>δογμάτων</span> <span class='ocrx_word' id='word_1_727' title='bbox 2326 2667 2402 2704; x_wconf 78' lang='grc' dir='ltr'>ἕνε-</span> 
     </span>
    </p>
   </div>
   <div class='ocr_carea' id='block_1_19' title="bbox 1397 2777 2404 3385">
    <p class='ocr_par' dir='ltr' id='par_1_21' title="bbox 1397 2777 2403 2978">
     <span class='ocr_line' id='line_1_109' title="bbox 1443 2777 2403 2823; baseline 0.002 -13"><span class='ocrx_word' id='word_1_728' title='bbox 1443 2780 1459 2803; x_wconf 72' lang='lat' dir='ltr'><strong>l’</strong></span> <span class='ocrx_word' id='word_1_729' title='bbox 1485 2778 1597 2812; x_wconf 85' lang='lat' dir='ltr'><strong>Morel.</strong></span> <span class='ocrx_word' id='word_1_730' title='bbox 1625 2784 1798 2820; x_wconf 71' lang='grc' dir='ltr'>ἀναγκαίως.</span> <span class='ocrx_word' id='word_1_731' title='bbox 1817 2777 1918 2810; x_wconf 81' lang='lat' dir='ltr'><strong>Paulo</strong></span> <span class='ocrx_word' id='word_1_732' title='bbox 1940 2784 2018 2819; x_wconf 79' lang='lat' dir='ltr'><strong>post</strong></span> <span class='ocrx_word' id='word_1_733' title='bbox 2037 2778 2122 2819; x_wconf 81' lang='lat' dir='ltr'><strong>[pro</strong></span> <span class='ocrx_word' id='word_1_734' title='bbox 2151 2783 2280 2820; x_wconf 76' lang='grc' dir='ltr'>ἐμαυτὸν</span> <span class='ocrx_word' id='word_1_735' title='bbox 2305 2784 2403 2823; x_wconf 65' lang='grc' dir='ltr'>ἔκρινα</span> 
     </span>
     <span class='ocr_line' id='line_1_110' title="bbox 1401 2827 2400 2871; baseline -0.002 -7"><span class='ocrx_word' id='word_1_736' title='bbox 1401 2836 1490 2864; x_wconf 76' lang='grc' dir='ltr'>θεῖναι</span> <span class='ocrx_word' id='word_1_737' title='bbox 1502 2828 1603 2861; x_wconf 81' lang='lat' dir='ltr'><strong>Savil.</strong></span> <span class='ocrx_word' id='word_1_738' title='bbox 1627 2835 1756 2871; x_wconf 72' lang='grc' dir='ltr'>ἐμαυτὸν</span> <span class='ocrx_word' id='word_1_739' title='bbox 1774 2834 1900 2870; x_wconf 69' lang='grc' dir='ltr'>καθῆκα,</span> <span class='ocrx_word' id='word_1_740' title='bbox 1918 2827 2002 2860; x_wconf 82' lang='lat' dir='ltr'><strong>Cod.</strong></span> <span class='ocrx_word' id='word_1_741' title='bbox 2019 2828 2057 2862; x_wconf 88' lang='lat' dir='ltr'><strong>C.</strong></span> <span class='ocrx_word' id='word_1_742' title='bbox 2078 2834 2205 2866; x_wconf 80' lang='grc' dir='ltr'>καθῆκα.</span> <span class='ocrx_word' id='word_1_743' title='bbox 2230 2830 2324 2868; x_wconf 81' lang='lat' dir='ltr'><strong>Mox]</strong></span> <span class='ocrx_word' id='word_1_744' title='bbox 2340 2841 2400 2871; x_wconf 84' lang='lat' dir='ltr'><strong>pro</strong></span> 
     </span>
     <span class='ocr_line' id='line_1_111' title="bbox 1400 2880 2402 2923; baseline -0.003 -9"><span class='ocrx_word' id='word_1_745' title='bbox 1400 2884 1512 2921; x_wconf 78' lang='grc' dir='ltr'>διδάξαι</span> <span class='ocrx_word' id='word_1_746' title='bbox 1524 2880 1625 2913; x_wconf 80' lang='lat' dir='ltr'><strong>Savil.</strong></span> <span class='ocrx_word' id='word_1_747' title='bbox 1643 2885 1867 2915; x_wconf 73' lang='grc' dir='ltr'>ἐπισπάσασθαι.</span> <span class='ocrx_word' id='word_1_748' title='bbox 1888 2880 1940 2921; x_wconf 89' lang='lat' dir='ltr'><strong>[C.</strong></span> <span class='ocrx_word' id='word_1_749' title='bbox 1961 2883 2034 2913; x_wconf 69' lang='grc' dir='ltr'>ὥστε</span> <span class='ocrx_word' id='word_1_750' title='bbox 2051 2884 2147 2914; x_wconf 61' lang='lat' dir='ltr'><strong>{nas-n.</strong></span> <span class='ocrx_word' id='word_1_751' title='bbox 2164 2882 2231 2917; x_wconf 79' lang='grc' dir='ltr'>τοὺς</span> <span class='ocrx_word' id='word_1_752' title='bbox 2245 2886 2325 2922; x_wconf 80' lang='grc' dir='ltr'>ἀγν.,</span> <span class='ocrx_word' id='word_1_753' title='bbox 2342 2897 2402 2923; x_wconf 77' lang='grc' dir='ltr'><strong>μη-</strong></span> 
     </span>
     <span class='ocr_line' id='line_1_112' title="bbox 1397 2930 1965 2978; baseline -0.007 -12"><span class='ocrx_word' id='word_1_754' title='bbox 1397 2936 1430 2966; x_wconf 72' lang='grc' dir='ltr'><strong>δὲ</strong></span> <span class='ocrx_word' id='word_1_755' title='bbox 1447 2933 1590 2978; x_wconf 50' lang='grc' dir='ltr'>ἀρεῖ-ιαμ]</span> <span class='ocrx_word' id='word_1_756' title='bbox 1608 2932 1682 2965; x_wconf 81' lang='lat' dir='ltr'><strong>Mss.</strong></span> <span class='ocrx_word' id='word_1_757' title='bbox 1701 2934 1814 2971; x_wconf 72' lang='grc' dir='ltr'>διδάξαι</span> <span class='ocrx_word' id='word_1_758' title='bbox 1830 2930 1965 2962; x_wconf 83' lang='lat' dir='ltr'><strong>hahent.</strong></span> 
     </span>
    </p>

    <p class='ocr_par' dir='ltr' id='par_1_22' title="bbox 1401 2980 2404 3120">
     <span class='ocr_line' id='line_1_113' title="bbox 1443 2980 2402 3026; baseline -0.002 -10"><span class='ocrx_word' id='word_1_759' title='bbox 1443 2994 1456 3008; x_wconf 79' lang='lat'><strong>⁰</strong></span> <span class='ocrx_word' id='word_1_760' title='bbox 1481 2985 1570 3026; x_wconf 79' lang='lat' dir='ltr'><strong>HaeC,</strong></span> <span class='ocrx_word' id='word_1_761' title='bbox 1587 2988 1635 3016; x_wconf 82' lang='grc' dir='ltr'><strong>καὶ</strong></span> <span class='ocrx_word' id='word_1_762' title='bbox 1650 2988 1808 3025; x_wconf 74' lang='grc' dir='ltr'>θαυμάτων</span> <span class='ocrx_word' id='word_1_763' title='bbox 1819 2986 1989 3023; x_wconf 70' lang='grc' dir='ltr'>ἐπιδείξεως,</span> <span class='ocrx_word' id='word_1_764' title='bbox 2002 2980 2268 3014; x_wconf 81' lang='lat' dir='ltr'><strong>desuntinSavil.</strong></span> <span class='ocrx_word' id='word_1_765' title='bbox 2283 2984 2402 3025; x_wconf 72' lang='lat' dir='ltr'><strong>[etC.],</strong></span> 
     </span>
     <span class='ocr_line' id='line_1_114' title="bbox 1401 3032 2404 3075; baseline -0.002 -7"><span class='ocrx_word' id='word_1_766' title='bbox 1401 3047 1460 3068; x_wconf 86' lang='lat' dir='ltr'><strong>nec</strong></span> <span class='ocrx_word' id='word_1_767' title='bbox 1484 3036 1567 3067; x_wconf 84' lang='lat' dir='ltr'><strong>lecta</strong></span> <span class='ocrx_word' id='word_1_768' title='bbox 1585 3042 1661 3067; x_wconf 85' lang='lat' dir='ltr'><strong>sunt</strong></span> <span class='ocrx_word' id='word_1_769' title='bbox 1683 3033 1725 3066; x_wconf 81' lang='lat' dir='ltr'><strong>ab</strong></span> <span class='ocrx_word' id='word_1_770' title='bbox 1748 3033 1905 3075; x_wconf 65' lang='lat' dir='ltr'><strong>Erasmo,</strong></span> <span class='ocrx_word' id='word_1_771' title='bbox 1920 3033 1979 3065; x_wconf 90' lang='lat' dir='ltr'><strong>sed</strong></span> <span class='ocrx_word' id='word_1_772' title='bbox 1995 3032 2159 3065; x_wconf 81' lang='lat' dir='ltr'><strong>habentur</strong></span> <span class='ocrx_word' id='word_1_773' title='bbox 2184 3034 2217 3065; x_wconf 91' lang='lat' dir='ltr'><strong>in</strong></span> <span class='ocrx_word' id='word_1_774' title='bbox 2239 3033 2353 3066; x_wconf 85' lang='lat' dir='ltr'><strong>Morel.</strong></span> <span class='ocrx_word' id='word_1_775' title='bbox 2372 3042 2404 3066; x_wconf 78' lang='lat' dir='ltr'><strong>et</strong></span> 
     </span>
     <span class='ocr_line' id='line_1_115' title="bbox 1401 3089 1477 3120; baseline 0.013 -1"><span class='ocrx_word' id='word_1_776' title='bbox 1401 3089 1477 3120; x_wconf 87' lang='lat' dir='ltr'><strong>Mss.</strong></span> 
     </span>
    </p>

    <p class='ocr_par' dir='ltr' id='par_1_23' title="bbox 1445 3136 1902 3178">
     <span class='ocr_line' id='line_1_116' title="bbox 1445 3136 1902 3178; baseline -0.009 -8"><span class='ocrx_word' id='word_1_777' title='bbox 1445 3139 1458 3157; x_wconf 78' lang='lat'><strong>‘¹</strong></span> <span class='ocrx_word' id='word_1_778' title='bbox 1483 3136 1642 3178; x_wconf 78' lang='lat' dir='ltr'><strong>Savil.[ct</strong></span> <span class='ocrx_word' id='word_1_779' title='bbox 1657 3136 1712 3177; x_wconf 89' lang='lat' dir='ltr'><strong>C.]</strong></span> <span class='ocrx_word' id='word_1_780' title='bbox 1730 3139 1777 3169; x_wconf 69' lang='grc' dir='ltr'><strong>ἐπ’</strong></span> <span class='ocrx_word' id='word_1_781' title='bbox 1796 3139 1902 3168; x_wconf 63' lang='grc' dir='ltr'>αὐτῶν.</span> 
     </span>
    </p>

    <p class='ocr_par' dir='ltr' id='par_1_24' title="bbox 1402 3184 2404 3281">
     <span class='ocr_line' id='line_1_117' title="bbox 1445 3184 2404 3233; baseline -0.004 -12"><span class='ocrx_word' id='word_1_782' title='bbox 1445 3200 1459 3214; x_wconf 76' lang='lat'>⁸</span> <span class='ocrx_word' id='word_1_783' title='bbox 1483 3191 1579 3229; x_wconf 85' lang='lat' dir='ltr'><strong>Haec,</strong></span> <span class='ocrx_word' id='word_1_784' title='bbox 1596 3192 1791 3233; x_wconf 66' lang='grc' dir='ltr'>προλέγοντος</span> <span class='ocrx_word' id='word_1_785' title='bbox 1812 3196 1872 3224; x_wconf 80' lang='grc' dir='ltr'>τοῖς</span> <span class='ocrx_word' id='word_1_786' title='bbox 1894 3191 2060 3229; x_wconf 71' lang='grc' dir='ltr'>μαθηταῖς,</span> <span class='ocrx_word' id='word_1_787' title='bbox 2079 3185 2197 3218; x_wconf 86' lang='lat' dir='ltr'><strong>desunt</strong></span> <span class='ocrx_word' id='word_1_788' title='bbox 2220 3186 2252 3218; x_wconf 90' lang='lat' dir='ltr'><strong>in</strong></span> <span class='ocrx_word' id='word_1_789' title='bbox 2274 3184 2404 3217; x_wconf 88' lang='lat' dir='ltr'><strong>duobus</strong></span> 
     </span>
     <span class='ocr_line' id='line_1_118' title="bbox 1402 3236 2401 3281; baseline -0.005 -8"><span class='ocrx_word' id='word_1_790' title='bbox 1402 3243 1475 3275; x_wconf 85' lang='lat' dir='ltr'><strong>Mss.</strong></span> <span class='ocrx_word' id='word_1_791' title='bbox 1484 3267 1491 3281; x_wconf 91' lang='lat'><strong>,</strong></span> <span class='ocrx_word' id='word_1_792' title='bbox 1502 3241 1559 3273; x_wconf 89' lang='lat' dir='ltr'><strong>sed</strong></span> <span class='ocrx_word' id='word_1_793' title='bbox 1572 3242 1605 3272; x_wconf 91' lang='lat' dir='ltr'><strong>in</strong></span> <span class='ocrx_word' id='word_1_794' title='bbox 1618 3238 1725 3272; x_wconf 82' lang='lat' dir='ltr'><strong>Editis</strong></span> <span class='ocrx_word' id='word_1_795' title='bbox 1737 3238 1901 3270; x_wconf 88' lang='lat' dir='ltr'><strong>hahentur</strong></span> <span class='ocrx_word' id='word_1_796' title='bbox 1915 3245 1947 3269; x_wconf 90' lang='lat' dir='ltr'><strong>et</strong></span> <span class='ocrx_word' id='word_1_797' title='bbox 1960 3237 2002 3269; x_wconf 80' lang='lat' dir='ltr'><strong>ab</strong></span> <span class='ocrx_word' id='word_1_798' title='bbox 2015 3239 2202 3280; x_wconf 84' lang='lat' dir='ltr'><strong>Interprete</strong></span> <span class='ocrx_word' id='word_1_799' title='bbox 2215 3236 2298 3269; x_wconf 86' lang='lat' dir='ltr'><strong>lecta</strong></span> <span class='ocrx_word' id='word_1_800' title='bbox 2314 3245 2401 3269; x_wconf 75' lang='lat' dir='ltr'><strong>sunt.</strong></span> 
     </span>
    </p>

    <p class='ocr_par' dir='ltr' id='par_1_25' title="bbox 1408 3287 2403 3385">
     <span class='ocr_line' id='line_1_119' title="bbox 1446 3287 2403 3337; baseline -0.004 -13"><span class='ocrx_word' id='word_1_801' title='bbox 1446 3295 1463 3319; x_wconf 84' lang='lat' dir='ltr'>b</span> <span class='ocrx_word' id='word_1_802' title='bbox 1486 3291 1600 3325; x_wconf 78' lang='lat' dir='ltr'><strong>Morel.</strong></span> <span class='ocrx_word' id='word_1_803' title='bbox 1613 3294 1828 3337; x_wconf 65' lang='grc' dir='ltr'>παρήγγελλεν.</span> <span class='ocrx_word' id='word_1_804' title='bbox 1843 3290 1932 3332; x_wconf 76' lang='lat' dir='ltr'><strong>[Mox</strong></span> <span class='ocrx_word' id='word_1_805' title='bbox 1950 3298 2045 3334; x_wconf 48' lang='lat' dir='ltr'><strong>weng</strong></span> <span class='ocrx_word' id='word_1_806' title='bbox 2061 3300 2114 3331; x_wconf 82' lang='lat' dir='ltr'><strong>ap.</strong></span> <span class='ocrx_word' id='word_1_807' title='bbox 2133 3287 2340 3326; x_wconf 60' lang='lat' dir='ltr'><strong>Savilnucis</strong></span> <span class='ocrx_word' id='word_1_808' title='bbox 2356 3289 2403 3320; x_wconf 79' lang='lat' dir='ltr'><strong>in—</strong></span> 
     </span>
     <span class='ocr_line' id='line_1_120' title="bbox 1408 3342 1769 3385; baseline -0.017 -8"><span class='ocrx_word' id='word_1_809' title='bbox 1408 3345 1531 3377; x_wconf 84' lang='lat' dir='ltr'><strong>clusum</strong></span> <span class='ocrx_word' id='word_1_810' title='bbox 1543 3371 1550 3385; x_wconf 91' lang='lat'><strong>,</strong></span> <span class='ocrx_word' id='word_1_811' title='bbox 1573 3342 1664 3375; x_wconf 83' lang='lat' dir='ltr'><strong>abest</strong></span> <span class='ocrx_word' id='word_1_812' title='bbox 1681 3353 1698 3372; x_wconf 84' lang='lat' dir='ltr'><strong>a</strong></span> <span class='ocrx_word' id='word_1_813' title='bbox 1714 3342 1769 3382; x_wconf 86' lang='lat' dir='ltr'><strong>C.]</strong></span> 
     </span>
    </p>
   </div>
  </div>
 </body>
</html>
