2502 3810
817 233 859 265 IN
896 233 1036 265 EPIST-

149 318 300 367 θρωπος,
331 314 368 353 οὐ
390 315 531 368 χρόνος,
562 317 599 354 οὐ
619 315 823 367 περίστασις
849 315 1079 368 πραγμάτων,
1103 318 1164 354 οὐκ

147 376 246 420 αὐτὸς
265 380 282 414 ὁ
302 377 481 423 διάὸολος,
511 378 576 428 οὐχ
602 380 619 414 ὃ
647 377 790 419 θάνατος
822 376 973 415 ἐπελθὼν
1005 376 1163 414 ἒκὸαλεῖν

148 441 258 476 αὐτῶν
281 441 373 488 ἡμᾶς
400 437 602 483 δυνήσεται·
625 439 701 475 ἀλλ’
722 437 802 474 ὅταν
828 436 1067 487 ἀποθάνωμεν,
1087 436 1165 474 τότε

147 498 390 550 ἀκριὸέστερον
437 497 523 536 αὐτὰ
560 497 767 549 κατέχομεν,
812 497 872 535 καὶ
907 497 1074 535 πλειόνων
1111 496 1164 534 ἀεὶ

148 558 324 611 προϊόντες
339 558 568 610 ἀπολαύομεν.
587 558 697 596 εΏστε
727 560 756 596 εἷ
777 560 969 601 διαπιστεῖς
988 564 1056 600 τοῖς
1074 557 1163 608 με’λ-

146 620 276 667 λουσιν,
298 620 365 657 ἀπὸ
385 621 452 656 τῶν
482 619 660 672 παρόντων
692 619 751 656 καὶ
779 613 825 656 ὧν
853 619 975 661 ἔλαὸες
996 618 1063 664 ἤδη
1077 648 1086 665 ,
1106 618 1164 655 καὶ

145 680 285 723 ἐκείνοις
301 679 453 718 πίστευε.
471 679 538 717 Διὰ
553 679 619 731 γὰρ
638 684 737 717 τοῦτο
754 673 844 725 εἷπε,
867 678 935 716 Καὶ
953 677 1165 730 καυχώμεθα

147 741 201 777 ἐπ’
221 740 335 778 ἐλπίδι
351 744 411 787 τῆς
431 741 528 787 δόξης
545 745 604 778 τοῦ
623 742 714 778 Θεοῦ
727 770 736 787 ,
753 739 808 777 ἵνα
824 739 935 790 μάθῃς
957 739 1030 776 οἵαν
1050 737 1165 789 ψυχὴν

147 800 204 838 τὸν
223 801 344 838 πιστὸν
365 800 455 853 ἔχειν
489 803 550 838 δεῖ.
574 800 663 839 Οὐδὲ
683 801 749 852 γὰρ
769 800 855 850 ὑπὲρ
884 802 950 836 τῶν
975 797 1164 848 δεδομένων

149 861 264 910 μόνον,
285 861 374 900 ἀλλὰ
396 862 451 899 καὶ
480 861 565 913 ὑπὲρ
592 864 660 898 τῶν
679 860 877 910 μελλόντων
897 861 943 901 ὡς
973 857 1164 907 δεδομένων

145 925 475 976 πεπληροφορῆσθαι
490 925 558 974 χρή
571 938 579 945 ·
594 928 770 973 καυχᾶται
788 921 856 972 γάρ
874 936 925 962 τις
935 917 996 956 ’ἐπὶ
1011 925 1081 960 τοῖς
1097 919 1163 964 ἤδη

145 989 427 1036 παρασχεθεῖσιν.
449 984 550 1022 Ἐπεὶ
566 977 622 1021 οῧν
642 982 701 1019 καὶ
716 986 738 1028 ἡ
759 984 827 1018 τῶν
850 979 1046 1029 μελλόντων
1067 978 1165 1020 ἐλπὶς

145 1045 233 1082 οὕτω
253 1045 377 1095 βεὸαία
391 1045 449 1082 καὶ
464 1043 595 1095 σαφὴς,
615 1046 660 1085 ὡς
679 1046 700 1088 ἡ
719 1045 787 1079 τῶν
806 1040 1010 1091 δεδομένων,
1029 1039 1089 1077 καὶ
1106 1039 1163 1076 ἐπ’

143 1104 279 1155 ἐκείνῃ,
309 1105 424 1155 φησὶν,
455 1102 581 1153 ὁμοίως
607 1101 820 1154 καυχώμεθα
833 1116 840 1124 ·
878 1100 934 1138 διὰ
969 1103 1070 1137 τοῦτο
1105 1098 1164 1137 καὶ

144 1165 242 1208 δόξαν
260 1164 346 1202 αὐτὰ
362 1165 536 1202 ἐκάλεσεν.
556 1165 598 1201 Εἴ
625 1163 692 1214 γὰρ
713 1165 760 1205 εἷς
775 1161 839 1208 τὴν
859 1165 919 1199 τοῦ
937 1163 1029 1199 Θεοῦ
1048 1176 1165 1198 συντε-

143 1226 196 1262 λεῖ
220 1224 333 1272 δόξαν,
354 1224 492 1268 πάντως
512 1224 719 1272 ἐκέήσεται,
753 1224 781 1261 εἷ
815 1223 875 1260 καὶ
904 1221 952 1272 μὴ
981 1223 1023 1259 δι’
1049 1225 1162 1272 ἡμᾶς,

145 1284 234 1323 ἀλλὰ
253 1287 295 1323 δι’
317 1284 429 1323 αὐτόν.
450 1285 519 1323 Καὶ
543 1284 576 1322 τί
595 1284 704 1336 λέγω,
721 1284 836 1335 φησὶν,
853 1283 906 1321 ὅτι
925 1282 968 1320 τὰ
993 1282 1164 1333 μέλλοντα

145 1345 260 1396 ἀγαθὰ
287 1345 365 1389 ἄξια
394 1345 617 1397 καυχήσεως,
644 1344 743 1383 Αὒτὰ
769 1343 830 1394 μὲν
861 1338 917 1380 οὖν
938 1343 982 1380 τὰ
1008 1342 1164 1394 παρόντα

143 1406 237 1444 κακὰ
253 1405 354 1443 ἱκανὰ
369 1409 462 1456 ἡμᾶς
479 1405 699 1443 καλλωπίσαι
710 1434 719 1452 ,
737 1405 795 1442 καὶ
810 1407 955 1450 ποιῆσαι
972 1404 1032 1441 *ἐν
1050 1405 1165 1446 αὐτοῖς

144 1467 410 1519 ἔναὲρύνεσθαι·
432 1466 484 1504 διὸ
503 1466 562 1504 καὶ
585 1467 758 1517 ἐπήγαγεν
772 1482 779 1489 ·
796 1467 848 1503 Οὐ
870 1464 971 1515 μόνον
989 1464 1023 1502 δὲ
1038 1495 1049 1513 ,
1075 1465 1164 1502 ἀλλὰ
1185 1463 1209 1493 C

144 1528 204 1565 καὶ
230 1527 443 1579 καυχώμεθα
469 1530 502 1565 ἓν
538 1534 613 1570 ταῖς
646 1527 811 1579 θλίψεσιν.
836 1525 1021 1572 Ἐννόησον
1051 1525 1164 1563 τοίνυν

144 1588 251 1634 ἡλίκα
271 1588 315 1626 τὰ
339 1588 528 1639 μέλλοντα,
551 1588 631 1626 ὅταν
655 1588 713 1626 καὶ
733 1588 790 1625 ἐπὶ
813 1593 882 1630 τοῖς
902 1589 1057 1625 δοκοῦσιν
1076 1581 1166 1625 εἶναι

143 1650 311 1700 λυπηροῖς
327 1649 417 1700 μέγα
431 1652 621 1701 φρονῶμεν.
639 1648 805 1693 Τοσαύτη
819 1651 840 1694 ἡ
860 1652 918 1686 τοῦ
933 1649 1024 1685 Θεοῦ
1040 1647 1165 1699 δωρεὰ,

655 1711 689 1724 &l
734 1710 743 1723 3

145 1711 203 1748 καὶ
216 1710 322 1754 οὕτως
340 1712 435 1749 οὐδὲν
451 1717 465 1732 ²¹
477 1713 584 1758 αὐτῆς
603 1713 717 1757 ἀηοες.
748 1710 818 1748 Επὶ
840 1708 899 1760 μὲν
918 1710 985 1760 γὰρ
1003 1712 1069 1747 τῶν
1085 1709 1166 1754 ἔξω-

144 1776 199 1809 θεν
218 1772 435 1823 πραγμάτων
457 1774 487 1809 οἱ
508 1772 570 1822 μὲν
592 1774 720 1822 ἀγῶνες
743 1771 846 1809 πόνον
865 1771 983 1823 ἔχουσι
1006 1771 1063 1809 καὶ
1083 1770 1164 1809 ὀδύ-

141 1848 203 1879 νην
223 1832 282 1870 καὶ
309 1832 562 1884 ταλαιπωρίαν,
581 1835 611 1871 οἱ
632 1832 666 1870 δὲ
687 1832 849 1884 στέφανοι
880 1832 939 1870 καὶ
960 1832 1003 1870 τὰ
1028 1832 1163 1870 ἔπαθλα

141 1893 205 1939 τὴν
224 1893 348 1940 ἡδονὴν
370 1894 588 1944 κομίζουσιν·
611 1895 755 1932 ἐνταῦθα
775 1894 810 1931 δὲ
836 1896 901 1945 οὐχ
919 1893 1044 1941 οὕτως,
1074 1893 1163 1932 ἀλλὰ

142 1956 209 1992 τῶν
230 1954 388 1995 ἐπάθλων
409 1948 453 1992 τὰ
470 1954 699 2004 παλαίσματα
734 1957 797 2005 οὐχ
821 1949 924 2000 ἧττον
951 1958 1034 2005 ἡμῖν
1061 1954 1160 2000 ἡδίω.

142 2013 287 2061 Ἐπειδὴ
305 2015 372 2067 γὰρ
393 2016 514 2053 πολλοὶ
536 2017 597 2065 μὲν
619 2018 649 2053 οἱ
665 2016 852 2067 πειρασμοί
872 2015 949 2062 τότε
967 2010 1069 2062 ἦσαν,
1086 2019 1107 2061 ἡ
1126 2014 1162 2053 δὲ

144 2075 303 2126 βασιλεία
327 2079 361 2114 ἐν
383 2076 519 2123 ἐλπίσι,
540 2076 598 2114 καὶ
619 2076 662 2113 τὰ
683 2076 744 2127 μὲν
761 2075 855 2113 δεινὰ
873 2078 906 2114 ἓν
924 2075 1046 2127 χερσὶ,
1063 2075 1108 2113 τὰ
1126 2075 1162 2114 δὲ

141 2136 279 2187 χρηστὰ
308 2138 342 2174 ἐν
364 2136 579 2188 προσδοκίᾳ,
606 2141 706 2175 τοῦτο
732 2136 767 2173 δὲ
794 2135 872 2179 τοὺς
899 2136 1162 2188 ἀσθενεστέρους
1181 2143 1205 2172 D

779 2198 793 2209 ,χ

139 2196 276 2239 ἐξέλυσε
288 2226 297 2243 ,
313 2197 372 2234 καὶ
387 2198 454 2249 πρὸ
472 2201 540 2235 τῶν
559 2197 735 2249 στεφάνων
750 2197 815 2243 ἥοη
834 2197 971 2234 δίδωσιν
990 2200 1103 2240 αὐτοῖς
1118 2197 1162 2235 τὰ

142 2258 309 2308 βραδεῖα,
330 2258 440 2308 λέγων
460 2259 514 2297 ὅτι
547 2259 606 2296 καὶ
627 2261 662 2296 ἐν
689 2265 763 2301 ταῖς
786 2258 922 2309 θλίψεσι
943 2259 991 2295 δεῖ
1022 2265 1161 2309 καυχᾶ-

140 2321 231 2356 σθαι.
253 2317 322 2356 Καὶ
343 2321 403 2356 οὐκ
419 2313 511 2367 εἶπε,
532 2321 583 2357 δεῖ
597 2323 793 2371 καυχᾶσθαι
813 2323 922 2369 ὑμᾶς,
940 2318 1047 2366 ἀλλὰ,
1067 2321 1162 2356 Καυ-

138 2377 303 2430 χώμεθα,
322 2379 438 2430 φησὶν,
456 2384 574 2430 ἡμεῖς,
593 2382 627 2418 ἐν
641 2383 689 2432 τῷ
706 2380 820 2431 οἰκείῳ
836 2379 1014 2431 προσώπῳ
1031 2380 1162 2432 παραί-

138 2455 229 2476 νεσιν
263 2440 422 2490 εἰσάγων.
453 2435 543 2478 Εἶτα
576 2441 694 2487 ἐπειδὴ
731 2441 842 2479 ἐδόκει
872 2440 962 2483 ξένον
992 2435 1079 2478 εἶναι
1101 2440 1161 2477 καὶ

139 2499 331 2549 παράδοξον
352 2502 391 2539 τὸ
411 2502 604 2554 εἰρημένον,
622 2503 651 2539 εἰ
669 2502 726 2540 τὸν
748 2504 841 2553 λιμῷ
867 2501 1082 2548 παλαίοντα,
1102 2500 1161 2538 καὶ

140 2562 175 2598 ἐν
193 2561 313 2600 ἁλύσει
332 2562 391 2600 καὶ
410 2565 443 2600 ἐν
472 2562 635 2613 βασάνοις
649 2563 731 2600 ὄντα
745 2594 755 2609 ,
771 2563 833 2600 καὶ
858 2562 1078 2614 ὑδριζόμενον
1102 2560 1161 2599 καὶ

139 2622 386 2673 ὂνειδιζόμενον
429 2627 625 2674 καυχᾶσθαι
660 2624 734 2670 δεῖ,
760 2623 1011 2666 κατασκευάζει
1039 2622 1159 2659 λοιπὸν

140 2684 242 2722 αὐτό·
266 2683 325 2721 καὶ
344 2684 382 2722 τὸ
396 2684 436 2730 δὴ
454 2686 580 2734 μεῖζον,
601 2685 653 2722 ὅτι
673 2684 752 2727 ἄξια
768 2684 972 2735 καυχήσεως
989 2676 1076 2721 εἶναί
1088 2699 1159 2735 φη-

140 2761 206 2792 σιν,
236 2746 273 2782 οὐ
302 2745 344 2782 δι’
367 2748 480 2783 ἐκεῖνα
497 2744 540 2782 τὰ
574 2745 747 2795 μέλλοντα
770 2745 887 2795 μόνον,
919 2744 1008 2782 ἀλλὰ
1031 2745 1091 2782 καὶ
1119 2745 1160 2781 δι’

140 2805 227 2842 αὐτὰ
254 2805 297 2843 τὰ
317 2805 474 2858 παρόντα
490 2822 497 2829 ·
518 2806 577 2843 καὶ
593 2806 657 2857 γὰρ
677 2806 777 2844 αὐταὶ
796 2807 875 2844 καθ’
892 2806 1016 2849 ἑαυτὰς
1037 2809 1071 2844 αἱ
1088 2805 1162 2844 θλί-

137 2868 213 2917 ψεις
243 2867 369 2916 ἀγαθὸν
398 2867 547 2919 πρᾶγμά
577 2870 661 2905 ἐστι.
692 2867 796 2911 Τίνος
829 2867 964 2914 ἕνεκεν,
995 2865 1081 2904 νΟτι
1116 2868 1162 2908 εἷς

137 2927 312 2975 ὑπομονὴν
345 2927 534 2979 ἀλείρουσι.
567 2927 697 2980 Διόπερ
726 2927 846 2977 εἰπὼν,
875 2927 1098 2979 Καυχώμεθα
1128 2928 1162 2963 ἐν

138 2993 212 3030 ταῖς
231 2988 385 3039 θλίψεσι,
403 2988 462 3026 καὶ
481 2989 543 3035 τὴν
565 2989 677 3027 αἰτίαν
707 2989 923 3041 προσέθηκε,
953 2988 1081 3038 λέγων·
1100 2989 1162 3025 Εἶ-

141 3047 253 3095 Ξότες,
269 3049 321 3086 ὅτι
342 3051 362 3094 ἡ
383 3051 497 3101 θλῖψις
512 3050 686 3100 ὑπομονὴν
703 3050 964 3101 κατεργάζεται.
981 3047 1078 3099 υΟρα
1093 3048 1160 3086 πά-

138 3109 191 3145 λιν
212 3108 275 3154 τὴν
297 3110 506 3160 φιλονεικίαν
526 3111 687 3158 Παύλου,
706 3113 780 3154 πῶς
801 3113 847 3154 εἰς
866 3110 904 3148 τὸ
929 3108 1082 3152 ἐναντίον
1098 3125 1163 3147 πε-

141 3175 291 3225 ριτρέπει
318 3176 375 3214 τὸν
403 3176 516 3227 λόγον.
534 3177 680 3224 Ἐπειδὴ
707 3177 773 3229 γὰρ
797 3180 831 3215 αἱ
851 3176 982 3227 θλίψεις
1005 3176 1160 3227 μάλιστα

141 3236 367 3287 ἀπαγορεύειν
386 3238 522 3276 ἐποίουν
538 3238 625 3290 ὑπὲρ
640 3242 710 3277 τῶν
732 3238 930 3289 μελλόντων
952 3237 1091 3285 αὐτοὺς,
1110 3237 1170 3276 καὶ

182 3372 197 3387 '⁶
216 3371 226 3415 [
245 3379 291 3408 uxi
306 3377 352 3408 ἐπἸ
370 3376 468 3413 αὐτοῖς
483 3375 520 3407 Α.
536 3382 568 3407 et
582 3386 685 3419 marg.
702 3375 823 3417 savit]

1076 235 1134 264 AD
1170 234 1279 264 ROM.

2127 215 2215 261 563

1235 329 1304 352 non
1321 324 1472 366 tempus,
1490 328 1560 352 non
1590 327 1708 351 rerum
1727 312 1896 361 conditio,
1914 326 1982 350 non
1999 312 2072 364 ipse
2090 311 2219 350 diabo—

1233 376 1302 425 lus,
1323 390 1391 413 non
1411 390 1504 413 mors
1521 375 1724 424 adveniens,
1743 375 1788 412 ab
1807 374 1850 411 iis
1879 388 1941 411 nos
1960 374 2134 425 depellere
2153 388 2218 425 po-

1235 437 1334 486 terit;
1348 437 1409 474 sed
1418 437 1560 488 quando
1576 436 1762 485 morimur,
1782 445 1867 473 tunc
1888 435 1950 472 illa
1964 435 2104 472 firmius
2123 444 2220 473 tene-

1235 512 1326 547 mus,
1346 507 1378 535 et
1398 498 1433 535 in
1467 510 1655 548 progressu
1685 510 1822 547 semper
1854 496 2021 548 pluribus
2052 495 2219 533 fruimur.

1236 558 1474 610 Quapropter,
1496 558 1525 595 si
1554 571 1622 595 non
1649 557 1761 594 credis
1790 557 1968 606 futuris,a
1989 556 2220 608 praesentibus

1234 627 1267 655 et
1282 618 1327 655 ab
1345 619 1401 667 iis,
1424 632 1502 668 quae
1514 618 1589 669 jam
1609 617 1787 669 accepisti,
1803 617 1904 655 crede
1921 618 2003 655 illis.
2020 617 2105 654 Ideo
2125 617 2219 654 enim

1234 679 1283 716 ait
1302 694 1308 714 :
1327 680 1379 716 Et
1394 679 1610 730 gloriamur
1629 682 1670 715 in
1683 692 1747 729 spe
1768 679 1903 728 gloriae
1922 679 2009 724 Dei,
2030 687 2068 715 ut
2084 677 2216 727 diseas,

1235 753 1341 789 quam
1361 748 1519 790 oporteat
1536 753 1609 776 esse
1636 738 1751 776 fidelis
1778 739 1933 776 hominis
1957 738 2124 775 animam.
2147 740 2218 776 Ne-

1236 814 1304 848 que
1320 800 1412 836 enim
1432 799 1475 836 de
1494 799 1587 836 datis
1609 808 1759 847 tantum,
1783 799 1842 836 sed
1872 800 1977 836 etiam
2005 799 2048 836 de
2069 799 2123 848 iis,
2144 814 2220 849 quae

1235 859 1352 896 danda
1370 868 1462 907 sunt,
1483 873 1522 896 ae
1540 859 1568 896 si
1583 860 1659 910 jam
1686 859 1768 896 data
1788 864 1913 908 essent,
1947 860 2129 897 certiorem
2148 875 2221 897 esse

1234 927 1392 969 oportet:
1410 918 1581 969 gloriatur
1610 919 1704 956 enim
1735 918 1815 968 quis
1833 934 1937 971 super
1965 920 2024 968 iis,
2054 935 2130 970 quae
2145 921 2220 972 jam

1318 234 1472 264 nomn..
1508 234 1570 263 IX.

1214 978 1380 1029 «accepit.
1400 979 1495 1025 Quia
1517 977 1628 1028 igitur
1659 987 1691 1015 et
1706 979 1911 1016 futurorum
1940 993 2017 1030 spes
2038 980 2085 1016 ita
2117 981 2221 1017 firma

1235 1046 1268 1074 et
1290 1037 1473 1089 explorata
1493 1047 1555 1084 est,
1586 1047 1625 1075 ut
1660 1052 1782 1075 eorum
1807 1053 1885 1089 quae
1909 1039 1984 1090 jam
2004 1039 2086 1078 data
2118 1049 2220 1088 sunt;

1236 1097 1282 1135 Et
1316 1098 1351 1135 in
1387 1099 1447 1135 illa
1467 1099 1646 1147 similiter,
1678 1099 1810 1149 inquit,
1837 1100 2031 1151 gloriamur
2049 1115 2056 1136 ε
2074 1099 2223 1150 ideoque

1233 1159 1295 1196 illa
1315 1160 1466 1211 gloriam
1480 1160 1633 1199 vocavit.
1653 1160 1691 1199 Si
1711 1161 1803 1198 enim
1815 1161 1861 1198 ad
1881 1161 1946 1199 Dei
1966 1160 2116 1213 gloriam
2131 1176 2220 1199 con—

1233 1220 1358 1268 ferant,
1394 1221 1537 1258 omnino
1570 1221 1730 1259 evenient
1751 1237 1761 1270 3
1783 1223 1846 1259 etsi
1877 1236 1946 1260 non
1974 1231 2119 1274 propter
2142 1237 2219 1271 nos,

1233 1291 1378 1334 propter
1397 1282 1514 1334 ipsum
1529 1292 1659 1320 tamen.
1686 1283 1732 1320 Et
1747 1283 1834 1334 quid
1858 1283 1959 1332 dieo,
1990 1284 2141 1334 inquies,
2162 1285 2221 1321 su-

1233 1354 1313 1382 tura
1344 1345 1437 1383 bona
1453 1345 1562 1396 digna
1591 1360 1677 1393 esse,
1695 1355 1732 1383 ut
1766 1346 1812 1383 ob
1830 1361 1867 1383 ea
1890 1346 2108 1398 gloriemur?
2136 1349 2218 1398 Ipsa

1234 1420 1374 1456 quoque
1388 1407 1574 1458 praesentia
1591 1407 1683 1444 mala
1695 1407 1778 1444 satis
1791 1407 1870 1456 sint,
1887 1417 1925 1445 ut
1940 1407 1983 1445 de
1994 1407 2036 1445 iis
2056 1422 2119 1445 nos
2132 1422 2214 1445 con-

1233 1467 1404 1517 gratulari
1420 1477 1578 1520 oporteat
1602 1485 1609 1505 :
1650 1468 1729 1506 ideo
1748 1469 1959 1521 subjunxit:
1987 1470 2024 1507 5.
2048 1471 2139 1507 Non
2154 1484 2214 1508 so-

1235 1530 1315 1567 lum
1335 1539 1477 1577 autem,
1496 1532 1565 1568 sed
1590 1540 1627 1568 et
1646 1532 1861 1582 gloriamur
1880 1534 1921 1569 in
1948 1533 2219 1569 tribulationi-

1237 1592 1318 1628 bus.
1335 1591 1459 1642 Cogita
1474 1591 1584 1642 igitur
1603 1600 1734 1641 quanta
1759 1592 1827 1629 sint
1853 1592 1987 1642 futura,
2012 1592 2154 1642 quando
2175 1593 2220 1630 de

1233 1650 1290 1698 iis,
1326 1666 1404 1701 quae
1430 1651 1545 1689 tristia
1577 1666 1649 1689 esse
1680 1651 1860 1701 videntur,
1885 1653 1997 1690 altum
2030 1654 2218 1705 sapimus:

1235 1720 1371 1749 tantum
1396 1721 1447 1750 est
1462 1712 1528 1750 Dei
1551 1711 1699 1762 donum,
1716 1722 1748 1749 et
1768 1713 1868 1750 sicin
1892 1713 1952 1750 illo
1970 1713 2060 1751 nihil
2094 1714 2218 1766 ingra-

1233 1781 1309 1810 tum
1329 1782 1390 1810 est.
1409 1774 1450 1810 In
1472 1773 1578 1810 rebus
1600 1788 1751 1824 namque
1775 1774 2011 1812 exteriOribus
2028 1775 2218 1812 certamina

1231 1837 1391 1875 laborem
1420 1836 1565 1883 liabent,
1590 1836 1750 1875 dolorem
1780 1846 1813 1875 et
1841 1837 2041 1887 miseriam3
2080 1853 2216 1876 coronae

1230 1911 1314 1936 vero
1328 1907 1361 1935 et
1374 1897 1520 1950 praemia
1534 1898 1568 1934 in
1578 1898 1797 1949 voluptatem
1818 1898 2010 1949 conjiciunt
2032 1914 2040 1934 :
2060 1898 2119 1935 hic
2132 1913 2215 1936 vero
2254 1915 2418 1942 Cemmim

1231 1973 1298 1996 non
1313 1959 1378 2008 sie,
1398 1959 1458 1997 sed
1479 1959 1669 1996 certamina
1697 1973 1767 1996 non
1795 1959 1968 1996 minorem
1988 1973 2096 2009 quam
2119 1974 2213 2011 prae-
2231 1957 2419 2034 Qffiusslffigffi

2229 2038 2365 2065 afferunt.

1230 2017 1301 2054 mia
1319 2017 1539 2069 voluptatem
1560 2018 1724 2054 afferunt.
1750 2017 1845 2064 Quia
1871 2017 1962 2055 enim
1995 2018 2116 2055 multae
2131 2027 2216 2056 tunc

1231 2087 1329 2114 erant
1354 2078 1572 2126 tentatione5‚
1588 2091 1736 2128 regnum
1767 2087 1885 2114 autem
1911 2078 1947 2115 in
1977 2092 2038 2130 spe
2061 2087 2148 2128 erat,
2184 2088 2217 2116 et

1230 2139 1396 2189 graviora
1414 2153 1484 2190 prae
1511 2138 1688 2184 manibus,
1708 2138 1798 2176 bona
1830 2148 1949 2176 autem
1970 2138 2004 2175 in
2033 2148 2216 2190 exspecta-

1230 2199 1342 2248 tione;
1362 2200 1428 2236 hoc
1444 2209 1564 2237 alitem
1585 2199 1799 2236 infirmiores
1823 2199 2008 2250 frangebat
2029 2215 2037 2235 :
2060 2199 2138 2237 ideo
2155 2214 2219 2237 an-

1230 2268 1263 2296 te
1275 2274 1420 2298 coronas
1432 2261 1508 2312 jam
1530 2258 1602 2297 illis
1620 2259 1767 2311 praemia
1794 2259 1960 2311 largitur,
1977 2259 2097 2298 dicens
2116 2275 2220 2312 opor-

1230 2329 1301 2358 tere
1318 2322 1354 2359 in
1382 2320 1672 2358 tribulationibus
1701 2320 1857 2371 gloriari.
1874 2321 1945 2358 Nee
1964 2319 2073 2366 dixit,
2096 2323 2220 2373 Opor-

1233 2390 1279 2419 tet
1296 2397 1359 2420 vos
1379 2382 1540 2434 gloriari,
1581 2381 1655 2430 sed,
1694 2382 1766 2418 Nos
1786 2381 1996 2432 gloriamur,
2025 2381 2154 2432 inquit,
2184 2382 2220 2419 in

1230 2444 1374 2496 propria
1393 2458 1541 2495 persona
1575 2443 1858 2480 adhortationem
1877 2442 2059 2480 inducens.
2083 2444 2220 2481 Deinde

1229 2506 1311 2556 quia
1330 2505 1467 2543 dictum
1481 2505 1571 2542 illud
1592 2519 1725 2542 novum
1746 2504 2038 2556 inopinatumque
2059 2519 2135 2542 esse
2157 2506 2217 2543 vi-

1231 2566 1397 2615 debatur,
1418 2566 1513 2617 quod
1532 2580 1612 2603 cum
1641 2566 1732 2602 fame
1750 2565 1952 2611 luctantem,
1970 2579 2049 2602 cum
2072 2566 2216 2611 eatenis,

1231 2640 1313 2663 cum
1327 2626 1521 2671 tormentis,
1537 2640 1619 2662 oum
1638 2624 1863 2662 contumeliis
1883 2634 1915 2661 et
1929 2625 2129 2676 opprobriis
2145 2626 2221 2676 glo-

1231 2686 1315 2723 riari
1332 2695 1519 2738 oporteret,
1538 2685 1630 2722 illud
1640 2685 1781 2722 demum
1800 2686 1945 2736 probat;
1964 2685 2130 2735 quodque
2145 2700 2220 2723 ma-

1195 2745 1206 2774 ’ἶ
1235 2747 1295 2798 jus
1311 2756 1375 2795 est,
1399 2747 1472 2783 haec
1504 2745 1713 2796 gloriatione
1740 2745 1847 2796 digna
1870 2745 1972 2793 dicit,
1995 2759 2061 2782 non
2084 2754 2221 2783 tantum

1233 2817 1377 2860 propter
1393 2807 1454 2844 illa
1471 2808 1603 2852 futura,
1638 2806 1699 2843 sed
1727 2815 1872 2858 propter
1902 2806 2113 2857 praesentia:
2138 2821 2220 2844 nam

1233 2868 1318 2920 ipsae
1355 2882 1418 2920 per
1437 2881 1510 2904 sese
1544 2866 1789 2904 tribulationes
1823 2867 1922 2903 bonae
1950 2875 2044 2903 sunt.
2071 2868 2219 2914 Quare?

1239 2930 1332 2976 Quia
1348 2929 1394 2967 ad
1414 2928 1621 2981 patientiam
1641 2927 1808 2966 excitant.
1829 2928 2054 2979 Quapropter
2071 2942 2151 2965 cum
2166 2928 2220 2965 di-

1233 2992 1358 3037 xisset‚
1396 2992 1623 3029 Gloriantur
1642 2992 1681 3027 in
1711 2990 2039 3036 tribulacionibus,
2074 3004 2218 3027 causam

1233 3054 1362 3106 adjecit
1377 3053 1497 3091 dicens
1515 3054 1717 3098 :Scz'entes,
1735 3052 1839 3103 quod
1853 3052 2055 3088 tribulatio
2067 3055 2218 3103 patien-

1233 3119 1330 3153 tiam
1350 3123 1540 3167 operatur.
1568 3113 1665 3152 Vide
1684 3127 1827 3150 rursum
1855 3113 2112 3150 contentionem
2126 3115 2218 3151 Pau-

1230 3177 1272 3225 li,
1297 3175 1475 3226 quomodo
1492 3175 1527 3212 in
1545 3173 1762 3211 contrarium
1780 3188 1976 3211 sermonem
1990 3174 2107 3212 vertit.
2123 3174 2217 3220 Quia

1232 3236 1326 3275 enim
1341 3235 1588 3274 tribulationes
1610 3234 1823 3281 efficiebant,
1848 3243 1886 3273 ut
1901 3235 1954 3272 illi
1974 3235 2133 3273 animum
2155 3235 2209 3273 de-

1262 3383 1274 3398 st
1299 3374 1309 3415 [
1326 3372 1433 3405 Iidem
1452 3377 1479 3406 ἓν
1496 3373 1628 3414 αὐτοῖςκ]
