2502 3810
97 2129 113 2146 2
147 2122 223 2149 T1m.
248 2119 278 2159 4.
295 2118 334 2146 ut
348 2109 524 2160 possimus
543 2107 735 2145 secuudum
753 2108 905 2145 Paulum
920 2106 1036 2144 dicere
1052 2122 1058 2143 :
1073 2109 1156 2160 Ego
1174 2112 1274 2146 enim

321 240 409 299 728

318 335 361 372 Et
390 344 427 371 tu
455 335 572 383 itaque
599 334 757 371 membra
788 343 847 371 tua
878 334 1036 372 eduxisti
1068 335 1114 373 ad
1134 335 1289 381 bellum,

316 394 410 443 quod
443 403 562 431 contra
597 394 780 431 diabolum
800 404 862 443 est,
876 395 920 432 ad
941 396 1138 434 terribilem
1156 396 1268 434 aciem
1285 411 1292 431 :

314 467 356 490 ue
377 454 534 491 retrahas
555 454 616 491 illa
634 454 680 492 ad
698 456 844 507 propria
858 456 1069 494 ministeria.
1083 456 1195 494 Aliud
1210 456 1295 494 item

313 528 355 551 ex
375 514 441 551 hoc
460 514 625 564 ostendit,
649 514 745 565 quod
764 525 922 567 oporteat
938 516 1000 553 illa
1015 517 1164 569 probata
1178 526 1211 554 et
1230 531 1293 554 ac·

312 583 410 626 cepta
428 574 585 624 reddere,
599 575 628 613 si
646 575 867 614 velimusilla
878 577 1046 629 proferre.
1065 579 1187 628 Neque
1199 578 1294 615 enim
1318 591 1342 620 D

311 634 465 685 cuipiam
493 643 712 673 terrenorum
740 636 927 674 hominum
957 637 1018 674 illa
1044 637 1217 686 sistimus,
1233 637 1294 675 sed

311 694 399 745 Regi
415 695 661 733 universorum
672 698 769 745 Deo;
785 711 853 734 non
870 706 907 734 ut
922 697 1126 750 praelientur
1140 707 1291 747 tantum,

311 754 372 791 scd
399 764 437 792 ut
469 755 586 807 ipsum
616 757 749 808 Regem
781 772 949 796 sessorem
984 758 1149 796 habeant.
1171 759 1292 809 Neque

310 815 404 853 enim
425 826 562 855 recusat
587 817 648 856 ille
677 819 847 857 membris
866 819 1020 857 insidere
1045 819 1188 865 nostris,
1218 820 1290 857 imo

309 876 375 914 hoc
394 891 531 915 summe
543 879 679 931 expetit
694 895 702 916 :
723 889 756 917 et
769 879 865 931 quod
886 894 950 918 rex
967 880 1056 932 ipse,
1072 880 1133 930 qui
1149 895 1288 919 conser-

308 953 373 976 vus
392 948 508 977 noster
527 949 592 989 est,
612 940 798 978 admittere
813 942 980 991 noluerit,
1001 941 1069 980 hoc
1083 942 1289 993 angelorum

308 1000 482 1038 Dominus
496 1000 608 1052 eligit.
629 1003 807 1049 Quoniam
823 1002 933 1053 igitur
949 1002 1103 1040 sistenda
1123 1013 1204 1041 sunt
1223 1003 1289 1050 illi,

309 1070 341 1098 et
353 1061 430 1099 haec
450 1061 563 1099 hostia
584 1071 648 1111 est,
669 1077 808 1100 omnem
821 1063 866 1101 ab
885 1063 956 1101 illis
970 1064 1146 1101 maculam
1159 1064 1258 1101 auser
1276 1079 1286 1099 :

308 1138 390 1162 nam
411 1125 440 1162 si
460 1125 635 1163 maculam
657 1125 798 1174 habeat,
816 1140 885 1164 non
908 1126 999 1164 ultra
1019 1126 1135 1164 hostia
1163 1127 1283 1164 fuerit.

305 1189 428 1238 Neque
447 1189 541 1226 enim
563 1189 701 1238 oculus,
735 1188 797 1239 qui
818 1189 1016 1227 meretricia
1036 1189 1191 1241 respicit,
1218 1204 1285 1241 po—

306 1259 372 1288 test
397 1251 585 1300 immolari,
605 1265 668 1290 nec
691 1265 816 1289 manus
845 1253 978 1301 offerri,
1002 1266 1080 1302 quae
1106 1252 1237 1304 rapinae
1253 1262 1286 1290 ct

305 1314 461 1352 avaritiae
476 1314 537 1352 dat
556 1329 710 1367 operam,
731 1329 794 1352 nec
810 1314 929 1367 pedes,
954 1316 1015 1366 qui
1032 1315 1233 1353 claudicant
1253 1325 1285 1354 et

303 1375 349 1412 ad
363 1375 498 1412 theatra
513 1375 721 1423 ascendunt,
739 1389 803 1412 nec
823 1384 957 1424 venter,
979 1375 1040 1426 qui
1058 1375 1194 1413 deliciis
1214 1390 1284 1413 ser-

302 1434 355 1472 vit
373 1435 671 1486 voluptatumque
689 1425 1010 1486 concupiscentiam
1033 1434 1202 1483 incendit,
1222 1449 1285 1473 nec

301 1507 361 1531 cor
378 1493 468 1530 iram
486 1492 543 1531 vel
564 1505 719 1529 amorem
735 1492 975 1530 meretricium
986 1493 1121 1543 fovens,
1135 1508 1198 1532 nec
1213 1495 1282 1532 lin—

301 1570 369 1607 gua
391 1556 510 1607 turpia
528 1555 686 1606 loquens.

351 1619 389 1655 2.
411 1616 495 1654 Ideo
530 1625 668 1668 oportet
689 1616 849 1667 undique,
870 1616 1060 1669 dispicere,
1082 1631 1125 1656 ne
1153 1632 1280 1671 corpus

298 1687 457 1716 nostrum
473 1678 695 1716 maculosum
708 1679 763 1716 sit.
782 1678 821 1717 Si
836 1678 930 1717 enim
945 1679 985 1729 ii,
1009 1679 1070 1729 qui
1088 1689 1222 1719 veteres
1238 1682 1281 1719 il-

298 1741 349 1778 las
366 1740 500 1778 hostias
516 1740 726 1790 offerebant,
741 1740 959 1792 jubebantur
975 1741 1094 1778 omnia
1123 1741 1280 1780 circum-

297 1801 444 1853 spicere,
466 1816 529 1840 nec
548 1801 643 1852 quod
669 1810 756 1839 esset
788 1801 934 1840 succisis
963 1802 1126 1849 auribus,
1166 1803 1279 1842 cauda

297 1862 436 1913 mutila,
454 1863 666 1911 scabiosum,
678 1871 738 1900 aut
754 1862 997 1914 impetiginem
1012 1862 1158 1914 habens,
1173 1865 1280 1902 osfer-

294 1938 331 1961 rc
348 1924 642 1975 permittebantur
660 1939 667 1960 ε
686 1923 799 1961 multo
822 1923 934 1975 magis
955 1937 1018 1961 nos
1039 1924 1100 1974 qui
1126 1939 1195 1963 non
1223 1925 1276 1963 ir-

295 1986 480 2024 tiouabiles
507 2000 604 2032 oves,
635 1986 699 2024 scd
718 1999 779 2023 nos
810 1985 905 2038 ipsos
932 1985 1128 2036 offerimus,
1145 1988 1278 2039 majore

294 2047 515 2085 accuratione
530 2047 582 2084 uti
600 2056 737 2099 oportet
761 2056 865 2097 atque
884 2046 1043 2096 undique
1061 2061 1168 2098 puros
1187 2062 1274 2098 esse,

797 255 816 284 S
826 276 833 283 .
873 255 1058 284 JOANMS
1093 255 1332 285 CHRYSOST.

289 2171 375 2221 jam
390 2170 594 2215 delibor,et
616 2178 762 2220 tempus
776 2169 1020 2206 resolutionis
1036 2183 1128 2206 meoe
1142 2172 1274 2208 instat.

295 2230 436 2267 Etenim
462 2229 578 2267 hostia
608 2230 704 2267 omni
738 2229 864 2281 purior
891 2229 1086 2266 eratzideo
1119 2229 1275 2268 libamen

293 2290 446 2342 seipsum
465 2291 625 2327 vocabat.
650 2290 730 2327 Erit
763 2299 880 2327 autem
908 2289 990 2338 hoc,
1012 2289 1041 2326 si
1074 2290 1275 2328 auferamus

292 2360 447 2388 veterem
472 2350 664 2399 hominem,
683 2350 713 2387 si
732 2350 986 2387 mortificemus
1017 2349 1174 2386 membra
1195 2365 1274 2400 quse

293 2420 375 2448 sunt
393 2425 498 2463 super
517 2420 658 2458 terram,
677 2410 708 2448 si
725 2409 900 2447 mundum
918 2409 1020 2446 nobis
1040 2409 1126 2460 ipsis
1152 2411 1271 2448 cruci—

292 2472 458 2522 figamus.
481 2471 540 2510 Sic
563 2485 625 2508 nec
645 2470 763 2522 gladio
778 2484 841 2507 nec
851 2484 911 2507 ara
927 2483 989 2506 nec
1004 2469 1086 2520 igne
1102 2484 1189 2522 opus
1209 2471 1272 2508 ha-

293 2535 474 2583 bebimus;
493 2536 563 2572 imo
585 2534 704 2586 potius
732 2533 788 2570 his
813 2532 978 2570 omnibus
998 2532 1191 2583 egebimus,
1213 2533 1273 2571 sed

294 2610 362 2633 non
396 2595 620 2641 manufactis,
640 2594 701 2632 sed
721 2593 908 2631 desursum
937 2593 1039 2630 nobis
1073 2593 1190 2630 omnia
1212 2608 1272 2631 ve-

292 2655 412 2703 uieut;
434 2655 526 2705 ignis
549 2654 663 2692 aderit
687 2667 875 2705 supernus,
898 2652 1052 2703 gladius,
1076 2667 1136 2690 ara
1169 2654 1271 2691 uobis

292 2716 356 2752 erit
391 2714 541 2752 latitudo
571 2714 729 2752 caelestis.
764 2714 803 2752 Si
837 2713 931 2750 enim
963 2712 1042 2750 Elia
1070 2713 1273 2752 sensibilem

291 2777 444 2814 hostiam
460 2777 639 2825 offerente,
659 2776 802 2814 flamma
819 2789 969 2827 superne
986 2774 1138 2812 demissa
1154 2776 1273 2814 omnia

291 2838 498 2887 consumsit,
514 2851 658 2887 aquam,
678 2836 777 2888 ligna
795 2844 828 2872 et
844 2836 980 2888 lapides
999 2851 1006 2872 ε
1028 2836 1141 2873 multo
1158 2837 1271 2888 magis

290 2913 354 2950 pro
370 2908 402 2936 te
417 2899 484 2936 hoc
504 2899 575 2937 fiet.
591 2898 630 2936 Si
651 2897 737 2948 quid
755 2911 838 2934 vero
868 2897 1006 2934 fluxum
1040 2906 1072 2934 et
1103 2898 1270 2935 saeculare

283 2960 470 3003 habueris,
489 2969 520 2997 et
537 2973 617 2996 cum
632 2968 724 2996 recta
744 2958 927 2995 voluntate
944 2958 1158 2995 sacrificium
1178 2960 1268 2996 osfe—

290 3035 358 3065 ras,
375 3020 592 3058 descendens
607 3019 803 3071 spiritualis
817 3019 908 3070 ignis
922 3019 1090 3056 saeculare
1105 3019 1197 3057 illud
1209 3021 1270 3057 ah-

290 3092 419 3131 sumet,
441 3092 473 3120 et
497 3082 712 3119 oblationem
732 3090 839 3118 totam
870 3081 1043 3117 conficiet.
1065 3080 1163 3126 Quid
1185 3095 1269 3118 vero

290 3151 340 3179 est
357 3142 578 3180 rationabilis
592 3142 732 3179 cultus‘.3
746 3141 938 3192 Spirituale
953 3141 1200 3188 ministerium,
1216 3141 1269 3179 vi-

291 3211 324 3239 ta
341 3204 534 3241 secundum
554 3203 748 3241 Christum.
770 3202 870 3240 Sicut
889 3202 1013 3253 igitur,
1029 3202 1141 3252 quiin
1160 3202 1267 3240 domo

332 3320 347 3342 ¹·
373 3318 431 3350 Alii
448 3323 555 3357 ᾑόονῶν
571 3325 746 3354 ἀπαιτοῦσα.

330 3380 343 3394 a
367 3368 509 3409 Quidam
533 3371 606 3403 Mss.
623 3377 674 3404 τοῦ
690 3370 775 3405 utin.
796 3370 868 3411 [Sic
897 3372 932 3402 Α.
952 3369 1059 3403 Scrib.
1079 3370 1127 3403 vel
1145 3369 1221 3404 ἀλέα
1237 3370 1287 3402 vel

284 3419 400 3461 §32:201

1291 2085 1320 2107 65

1302 2087 1336 2150 AS
1348 2109 1478 2161 λέγειν·
1498 2108 1594 2160 Ἐγὼ
1615 2108 1683 2160 γὰρ
1702 2108 1769 2155 ἤδη
1791 2108 2007 2159 σπένδομαι,
2028 2108 2088 2146 καὶ
2117 2111 2134 2146 ὅ
2161 2107 2279 2159 καιρὸς
2308 2111 2372 2154 τῆς

1372 256 1575 286 ARCHIEP.
1611 257 1966 290 CONSTANTINOP.

1367 337 1418 374 δεῖ
1436 343 1560 385 ποιεῖν,
1574 337 1606 374 εἴ
1622 354 1662 388 γε
1679 345 1852 391 παριστᾷν
1875 340 2058 390 μέλλομεν.
2076 343 2128 381 Οὔ
2144 342 2211 393 γάρ
2231 357 2298 379 τινι
2318 344 2384 380 τῶν

1366 397 1527 448 ἐπιγείων
1549 398 1849 450 ἀνθρώπων,ςάλλ’
1872 402 1967 452 αὐτῷ
1984 404 2208 452 παριστῶμεν
2230 402 2317 440 αὐτὰ
2335 406 2386 455 τῷ

1369 460 1505 508 βασιλεῖ
1526 461 1594 497 τῶν
1610 460 1697 498 ὅλων
1719 463 1801 512 Θεῷ
1815 491 1824 508 ,
1847 463 1911 513 οὐχ
1928 461 1985 499 ἵνα
2010 465 2146 515 πολεμῇ
2173 464 2288 514 μόνον,
2308 465 2385 502 ἀλλ’

1366 518 1422 556 ἵνα
1445 519 1504 556 καὶ
1533 519 1633 557 αὐτὸν
1666 521 1920 571 ἐπικαθήμενον
1941 522 2004 574 ἔχῃ
2029 522 2086 560 τὸν
2111 524 2270 574 βασιλέα.
2294 524 2386 562 Οὐδὲ

1365 579 1433 631 γὰρ
1464 587 1685 632 παραιτεῖται
1720 583 1952 628 ἐπικαθῆσθαι
1987 589 2058 625 τοῖς
2098 583 2236 633 μέλεσιν
2269 587 2384 635 ἡμῶν,

1366 638 1456 677 ἀλλὰ
1484 641 1543 677 καὶ
1565 640 1694 693 σφόδρα
1713 645 1813 680 τοῦτο
1836 641 1996 692 βούλεται
2013 658 2021 666 ·
2042 644 2101 682 καὶ
2120 643 2205 695 ὅπερ
2225 643 2386 694 βασιλεὺς

1365 701 1426 738 οὐκ
1446 699 1485 737 ἂν
1503 699 1615 738 ἕλοιτο
1643 702 1826 752 ὃμόδουλος
1853 706 1951 753 ἡμῖν,
1980 707 2080 742 τοῦτο
2099 707 2116 741 ὃ
2138 706 2206 741 τῶν
2227 704 2383 756 ἀγγέλων

1365 761 1544 808 Δεσπότης
1565 764 1723 813 αἱρεῖται.
1739 763 1842 801 Ἐπεὶ
1865 758 1922 800 οὖν
1952 765 2011 802 καὶ
2031 763 2267 817 παρίστασθαι
2298 765 2384 816 μέλ-

1363 823 1437 870 λει,
1462 822 1521 859 καὶ
1555 822 1657 861 θυσία
1674 824 1768 870 ἐστὶ,
1797 824 1914 862 πάντα
1934 827 2055 875 μῶμον
2076 825 2213 877 περίελε
2227 841 2234 849 ·
2256 828 2302 869 ὡς
2323 826 2382 865 ἐὰν

1365 883 1428 935 ἔχῃ
1452 887 1587 935 μῶμον,
1605 884 1714 923 οὐκέτ’
1740 884 1779 922 ἂν
1796 885 1848 932 εἴη
1869 886 1981 924 θυσία.
2001 885 2093 925 Οὐδὲ
2113 886 2180 939 γὰρ
2208 886 2383 937 ὀφθαλμὸς

1362 945 1503 983 δύναται
1520 949 1664 992 τυθῆναι
1679 946 1826 998 πορνικὰ
1843 946 1993 997 βλέπων,
2013 949 2051 985 οὖ
2064 947 2142 999 χεὶρ
2157 949 2382 1000 παραστῆναι

1362 1006 1565 1058 ἇρπάζουσα
1584 1007 1642 1044 καὶ
1655 1009 1908 1046 πλεονεκτοῧσα
1919 1038 1929 1055 ,
1945 1009 1982 1046 οὖ
1996 1007 2097 1051 πόδες
2109 1007 2209 1060 χωλὰ
2227 1007 2382 1059 βαδίζον-

1361 1082 1416 1109 τες
1438 1067 1497 1104 καὶ
1517 1067 1574 1104 ἐπὶ
1591 1067 1717 1120 θέατρα
1739 1068 2002 1114 ἀναὸαίνοντες,
2038 1071 2075 1106 οὐ
2100 1068 2236 1121 γαστὴρ
2267 1072 2380 1120 τρυφῇ

1363 1126 1585 1174 δουλεύουσα,
1607 1127 1664 1165 καὶ
1683 1129 1751 1165 τῶν
1772 1127 1787 1147 ¹³
1803 1129 1933 1174 ἡδονῶν
1955 1128 2159 1167 ἀνάπτουσα
2179 1127 2241 1171 τὰς
2260 1130 2381 1166 ἐπιθυ-

1363 1186 1461 1236 μίας,
1482 1189 1519 1225 οὐ
1554 1187 1680 1239 καρδία
1700 1186 1804 1237 θυμὸν
1825 1189 1955 1240 ἔχουσα
1973 1188 2032 1226 καὶ
2063 1189 2172 1241 ἔρωτα
2203 1187 2377 1240 πορνικὸν,

1362 1249 1398 1285 οὐ
1422 1249 1560 1299 γλῶττα
1580 1248 1710 1300 αἰσχρὰ
1728 1249 1955 1300 φθεγγομένη.

1409 1620 1472 1658 Διὸ
1492 1619 1560 1672 χρὴ
1586 1620 1804 1673 πανταχόθεν
1827 1624 2137 1671 μωμοσκοπεῖσθαι
2161 1621 2199 1660 τὸ
2219 1624 2321 1673 σῶμα
2338 1624 2378 1662 τὸ

1354 1682 1534 1733 ἦμέτερον.
1559 1683 1604 1720 Εἰ
1626 1681 1692 1734 γὰρ
1713 1684 1743 1720 οἱ
1762 1681 1824 1725 τὰς
1847 1681 1999 1725 παλαιὰς
2017 1681 2241 1734 ἀναφέροντες
2258 1683 2377 1726 θυσίας

1354 1742 1553 1781 ἐκελεύοντο
1582 1743 1696 1780 πάντα
1723 1748 1962 1794 περισκοπεῖν,
1984 1742 2042 1780 καὶ
2062 1742 2140 1780 οὔτε
2159 1743 2374 1793 ὠτότμητον,

1353 1802 1430 1841 οὔτε
1454 1803 1716 1856 κολοὸόκερκον,
1734 1803 1811 1841 οὔτε
1829 1804 2104 1855 ψωραγριῶντα,
2127 1803 2203 1842 οὔτε
2227 1806 2376 1855 λειχῆνα
2425 1854 2431 1856 ξ

1353 1864 1478 1916 ἔχοντα
1490 1895 1499 1913 ,
1521 1864 1751 1917 ἐπετρέποντο
1770 1864 1950 1916 ἀναφέρειν
1966 1880 1973 1887 ·
1991 1865 2110 1916 πολλῷ
2132 1865 2263 1914 μᾶλλον
2281 1868 2375 1915 ἡμᾶς

1351 1925 1429 1969 τοὺς
1448 1928 1484 1964 οὐ
1503 1925 1664 1977 πρόὸατα
1684 1925 1812 1975 ἄλογα,
1848 1925 1923 1962 ἀλλ’
1952 1923 2091 1968 ἑαυτοὺς
2119 1924 2372 1976 ἀναφέροντας,

1351 1988 1494 2026 πλείονα
1524 1986 1706 2039 &affigam
1737 1986 1993 2025 ἐπιδείκνυσθαι
2011 1985 2100 2038 χρὴ,
2127 1988 2186 2023 καὶ
2205 1986 2373 2025 πάντοθεν

1350 2043 1436 2086 εἶναι
1451 2047 1640 2100 καθαροὺς,
1658 2046 1713 2085 ἵνα
1731 2048 1928 2098 δυνηθῶμεν
1941 2047 1998 2085 καὶ
2015 2050 2114 2097 ἡμεῖς
2128 2047 2217 2085 κατὰ
2231 2049 2372 2086 Παῦλον

1349 2171 1435 2220 ἕμῆς
1456 2169 1653 2211 ἀναλύσεως
1684 2167 1862 2220 ἐφέστηκε.
1893 2169 1963 2207 Καὶ
1995 2168 2062 2221 γὰρ
2094 2168 2213 2212 θυσίας
2231 2169 2373 2216 ἁπάσης

1348 2230 1589 2283 καθαρώτερος
1617 2225 1659 2276 ἦν
1673 2245 1680 2252 ·
1712 2230 1764 2268 διὸ
1797 2230 1857 2267 καὶ
1894 2230 2043 2277 σπονδὴν
2081 2230 2201 2268 ἑαυτὸν
2236 2230 2365 2269 ἐκάλει.

1347 2291 1478 2329 Ἔσται
1498 2290 1533 2329 δὲ
1553 2294 1671 2336 τοῦτο,
1692 2290 1749 2328 ἐὰν
1785 2290 1961 2340 ἀνέλωμεν
1981 2290 2038 2328 τὸν
2059 2289 2208 2327 παλαιὸν
2237 2291 2370 2342 ἄνθρω-

1347 2368 1424 2397 πον,
1453 2351 1511 2390 ἐὰν
1535 2350 1764 2404 νεκρώσωμεν
1793 2351 1836 2388 τὰ
1857 2350 1945 2400 μέλη
1968 2350 2012 2388 τὰ
2033 2350 2089 2388 ἐπὶ
2109 2354 2171 2397 τῆς
2197 2354 2281 2402 γῆς,
2309 2351 2368 2390 ἐὰν

1347 2412 1600 2464 σταυρώσωμεν
1621 2412 1677 2450 τὸν
1693 2411 1822 2461 κόσμον
1839 2414 1983 2455 ἑαυτοῖς.
2003 2411 2126 2457 Οὕτως
2142 2411 2217 2451 οὗῗὲ
2239 2413 2370 2464 μαχαί-

1349 2489 1407 2525 ρας
1424 2473 1617 2523 δεησόμεθα
1634 2472 1769 2519 λοιπὸν,
1789 2472 1865 2510 οὐῗὲ
1885 2473 2131 2525 θυσιαστηρίου
2150 2474 2227 2511 οὐδὲ
2245 2474 2368 2526 πυρός·

1347 2535 1477 2585 μᾶλλον
1496 2533 1530 2571 δὲ
1550 2533 1677 2571 τούτων
1695 2532 1858 2570 ἁπάντων
1879 2533 2091 2583 δεησόμεθα,
2114 2534 2204 2581 πλὴν
2231 2537 2268 2572 οὐ
2288 2550 2368 2587 χει-

1349 2595 1554 2649 ροποιήτων,
1583 2595 1658 2631 ἀλλ’
1698 2594 1825 2631 ἄνωθεν
1845 2598 1929 2644 ἡμῖν
1962 2595 2100 2633 ἅπαντα
2127 2594 2222 2644 ἥξει,
2244 2596 2303 2633 καὶ
2329 2597 2368 2634 τὸ

1347 2661 1414 2708 πῧρ
1434 2656 1562 2694 ἄνωθεν
1577 2655 1636 2694 καὶ
1651 2658 1672 2701 ἡ
1691 2655 1853 2706 μάχαιρα
1879 2655 1937 2692 καὶ
1962 2655 2001 2693 τὸ
2023 2656 2264 2708 θυσιαστήριον
2281 2661 2366 2708 ἡμῖν

1346 2717 1443 2755 ἔσται
1477 2720 1536 2754 τοῦ
1557 2717 1698 2767 οὐρανοῦ
1724 2714 1763 2752 τὸ
1781 2715 1924 2758 πλάτος.
1952 2718 1996 2754 Εἰ
2012 2716 2080 2768 γὰρ
2094 2746 2103 2764 ,
2137 2720 2224 2754 3τοῦ
2245 2716 2365 2755 Ἠλίου

1347 2778 1465 2816 θυσίαν
1486 2777 1712 2829 ἀναφέροντος
1736 2776 1915 2824 αἰσθητὴν,
1935 2776 2077 2827 λαμπὰς
2107 2777 2235 2815 ἄνωθεν
2264 2793 2366 2816 κατε-

1345 2843 1505 2891 νεχθεῖσα
1530 2838 1645 2875 πάντα
1673 2838 1847 2884 ἀνάλωσε,
1869 2837 1926 2875 καὶ
1950 2837 1988 2875 τὸ
2008 2837 2098 2888 ὕδωρ
2131 2838 2189 2875 καὶ
2218 2838 2262 2875 τὰ
2282 2839 2365 2883 ξύλα

1344 2901 1402 2938 καὶ
1424 2899 1501 2942 τοὺς
1517 2898 1629 2941 λίθους
1643 2914 1650 2921 ·
1675 2900 1794 2950 πολλῷ
1818 2900 1947 2948 μᾶλλον
1969 2898 2026 2936 ἐπὶ
2056 2904 2116 2937 σοῦ
2130 2903 2229 2936 τοῦτο
2251 2899 2362 2937 ἔσται.

1341 2961 1404 2998 κᾶν
1435 2960 1519 3011 ἔχῃς
1539 2976 1572 2997 τι
1603 2958 1759 3010 διαρρέον
1780 2959 1839 2996 καὶ
1864 2959 2038 3009 βιωτικὸν,
2073 2959 2298 3010 προσαγάγῃς
2329 2960 2365 2998 δὲ

1342 3020 1460 3059 θυσίαν
1484 3019 1572 3070 μετὰ
1587 3019 1727 3071 γνώμης
1753 3021 1876 3071 ὀρθῆς,
1895 3019 2059 3056 κατελθὸν
2081 3023 2139 3056 τοῦ
2159 3019 2364 3070 Πνεύματος

1340 3082 1380 3119 τὸ
1399 3085 1490 3134 πῦρ,
1514 3080 1574 3118 καὶ
1601 3080 1640 3117 τὸ
1663 3079 1824 3130 βιωτικὸν
1852 3080 1962 3116 ἐκεῖνο
1984 3080 2179 3126 Γ3απανήσει
2194 3110 2203 3128 ,
2222 3080 2282 3118 καὶ
2301 3081 2363 3127 τὴν

1340 3142 1356 3162 b
1367 3141 1564 3194 προσφορὰν
1583 3139 1698 3178 ἀνύσει
1714 3147 1842 3178 πᾶσαν.
1858 3139 1906 3177 Τί
1922 3139 1958 3177 δέ
1973 3141 2047 3178 ἔστι
2061 3140 2183 3192 λογικὴ
2200 3142 2361 3193 λατρεία;

1339 3203 1386 3242 ‘H
1404 3200 1622 3252 πνευματικὴ
1641 3200 1796 3237 διακονία
1810 3229 1820 3248 ,
1837 3204 1858 3247 ἡ
1880 3201 2038 3238 πολιτεία
2053 3205 2074 3247 ἡ
2091 3202 2181 3239 κατὰ
2199 3202 2362 3254 Χριστόν.

1397 3319 1413 3342 b
1438 3318 1515 3351 Mss.
1531 3322 1703 3362 προτροράν
1725 3321 1843 3349 ἀνοίσει.
1858 3316 1939 3356 Quae
1962 3315 2061 3347 lectio
2087 3327 2154 3347 uon
2177 3315 2361 3359 spernenda

1354 3370 1495 3403 videtur.
1514 3370 1591 3411 [Sic
1608 3376 1639 3400 et
1656 3370 1692 3402 A.
1708 3372 1740 3401 et
1757 3379 1860 3411 marg.
1879 3367 1995 3409 δεινὼ,
2014 3366 2127 3409 male.]
