2466 3805
122 525 210 552 Psal.
234 524 284 564 67.

123 564 173 594 33.

323 298 415 359 254
760 313 796 342 s.
835 310 1022 341 JOANMS
1057 307 1301 339 cuanosT.

322 395 414 432 circa
433 394 550 432 omnia
570 392 723 441 disserit,
739 389 959 427 attendamus
977 399 1016 426 ut
1034 403 1099 440 par
1120 398 1182 426 est.
1202 388 1301 434 Quid

321 456 451 492 frustra
470 468 532 491 nos
552 454 645 504 ipsos
664 450 885 502 decipimus?
904 450 1044 498 Timeo,
1065 464 1108 487 ne
1134 449 1179 487 de
1198 449 1301 487 nobis

321 515 461 552 dicatur
485 530 492 549 ι
525 514 760 564 Defecerant
780 514 821 548 in
844 513 1025 548 vanitate
1052 512 1132 548 dies
1163 513 1297 556 nostri,

321 583 357 611 et
376 576 472 610 anni
491 574 611 609 nostri
642 572 1010 623 cumfestinatione.
1030 571 1122 618 Quis
1149 585 1212 608 nos
1231 585 1299 608 au·-

319 633 417 670 diens
447 632 614 670 abscessit
637 646 657 668 a
681 630 859 669 theatris?
879 631 958 681 quis
986 631 1031 668 ab
1053 631 1203 669 avaritia
1234 632 1298 669 de-

318 694 430 731 stitit?
442 693 520 744 quis
533 692 723 730 ferventior
740 693 852 730 factus
868 701 919 730 est
944 692 989 729 ad
1007 692 1268 745 eleemosynam
1282 693 1299 730 ἔ)

323 754 459 793 Vellem
477 754 578 803 scire,
596 768 665 791 non
683 767 782 791 vanae
807 753 928 804 gloriae
949 768 1063 802 causa,
1079 753 1140 791 sed
1160 763 1200 792 ut
1228 754 1300 792 ala·
1322 764 1346 794 E

319 814 411 851 crior
429 814 561 861 fierem,
579 814 704 852 videns
728 814 909 865 egregium
935 814 1098 852 laborum
1131 815 1298 852 fructum.

319 875 422 912 Nunc
455 884 572 912 autem
603 875 781 925 quomodo
811 875 908 927 operi
926 889 1070 912 manum
1092 875 1299 925 admovebo,

320 945 371 974 tot
383 936 551 974 doctrinae
567 937 698 974 imbres
717 936 887 974 demissos
905 936 1044 986 videns,
1063 947 1096 975 et
1114 947 1245 989 segetes
1264 938 1300 976 in

319 998 443 1035 eadem
459 1013 619 1036 mensura
642 999 742 1036 nobis
769 1008 959 1047 manentes,
980 1013 1042 1036 nec
1064 1001 1213 1052 majores
1229 1015 1301 1038 esse

320 1060 455 1096 fructus
469 1059 486 1096 ,⁰
503 1061 657 1097 Demum
676 1074 763 1097 arcae
783 1069 920 1111 tempus
936 1060 1044 1109 adest,
1064 1075 1133 1111 quo
1147 1061 1298 1099 adhibe-

321 1131 380 1159 tur
410 1122 664 1161 ventilabrum.
690 1123 814 1160 Timeo
831 1152 840 1170 ,
861 1136 903 1159 ne
923 1131 1036 1160 totum
1058 1123 1103 1160 sit
1136 1124 1269 1161 foenum
1288 1141 1296 1160 :

320 1183 439 1232 timeo,
459 1197 502 1220 ne
531 1197 649 1220 omnes
681 1184 716 1220 in
740 1183 919 1221 caminum
941 1184 1183 1235 conjiciamur.
1205 1187 1300 1223 Prae-

320 1245 417 1282 teriit
441 1254 556 1291 aestas,
580 1245 678 1282 venit
695 1245 824 1291 hiems3
843 1244 1003 1282 sedemus
1017 1246 1165 1296 juvenes
1193 1256 1226 1284 et
1245 1261 1300 1284 se—

320 1319 380 1342 nes
410 1305 563 1357 propriis
600 1307 693 1357 capti
723 1305 832 1343 vitiis.
863 1306 915 1342 Ne
948 1306 1038 1342 mihi
1069 1306 1181 1352 dicas,
1219 1308 1299 1345 Non

319 1377 465 1405 scortor.
482 1368 569 1413 Quae
597 1368 690 1404 enim
708 1367 855 1415 utilitas,
878 1368 905 1404 si
935 1382 1003 1405 non
1025 1369 1189 1407 scortaris
1214 1370 1298 1421 qui-

319 1428 412 1476 dem⁷
434 1429 493 1466 sed
514 1442 642 1465 avarus
655 1429 714 1465 es?
733 1430 856 1466 Passer
873 1429 935 1467 etsi
951 1443 1017 1466 non
1039 1444 1083 1467 ex
1102 1431 1199 1468 omni
1217 1446 1299 1483 par·
1309 1458 1356 1482 232

318 1498 366 1538 te,
389 1489 451 1526 scd
471 1504 489 1526 a
512 1489 602 1540 pede
628 1498 765 1526 tantum
792 1499 962 1537 teneatur,
997 1500 1031 1527 et
1065 1491 1113 1528 ita
1134 1492 1241 1543 perit,
1262 1493 1297 1530 in
1322 1497 1347 1526 Α

317 1551 444 1601 laqueo
475 1550 646 1598 irretitus,
663 1565 726 1588 nec
741 1561 890 1602 prosunt
917 1552 981 1588 alae
999 1561 1099 1604 capto
1120 1553 1221 1604 pede.
1242 1554 1301 1592 Sic

318 1621 351 1649 et
373 1621 425 1661 tu7
446 1626 516 1649 non
538 1621 660 1664 captus
679 1625 714 1648 cs
747 1626 809 1663 per
842 1611 1130 1662 fornicationem,
1154 1614 1214 1650 sed
1244 1628 1301 1651 ca-

317 1681 399 1724 ptus
432 1672 581 1709 avaritia
601 1687 608 1707 ε
634 1681 756 1723 captus
782 1680 873 1709 certe
906 1686 965 1721 es3
987 1687 1100 1723 neque
1119 1674 1301 1724 quaeritur,

315 1732 492 1782 quomodo
514 1741 638 1783 captus
662 1732 723 1775 sis,
751 1731 811 1768 sed
830 1731 926 1782 quod
946 1742 1067 1784 captus
1089 1733 1148 1770 sis.
1167 1735 1219 1771 Ne
1247 1734 1303 1771 di-

317 1802 371 1830 cat
383 1793 526 1843 juvenis
544 1808 551 1828 ε
574 1794 651 1829 Non
671 1807 750 1829 sum
764 1807 911 1841 ararus3
927 1793 987 1830 sed
1000 1794 1089 1831 forte
1103 1795 1301 1832 fornicaris.

318 1853 364 1890 Et
379 1868 456 1904 quae
478 1853 638 1891 utilitas?
652 1855 731 1891 Non
744 1863 891 1905 possunt
910 1855 1003 1892 enim
1022 1856 1139 1893 omnia
1159 1856 1246 1894 vitia
1266 1857 1302 1894 in

316 1929 386 1953 una
406 1925 506 1954 aetate
536 1915 679 1968 reperiri
695 1946 703 1963 ,
721 1915 783 1953 sed
802 1915 953 1954 discreta
989 1917 1050 1955 illa
1069 1926 1150 1955 sunt
1165 1948 1175 1966 ,
1196 1917 1304 1969 idque

316 1991 379 2029 per
399 1978 465 2015 Dei
491 1977 758 2029 benignitatem¹⁷
779 1992 822 2015 ne
841 1977 870 2015 si
909 1978 1018 2016 simul
1037 1978 1222 2029 invadant,
1244 1995 1303 2018 su-

317 2039 432 2090 perari
451 2048 623 2089 nequeant
643 2048 675 2076 et
706 2039 849 2090 gravius
872 2040 975 2077 nobis
997 2050 1168 2078 certamen
1201 2041 1303 2078 exhi-

317 2098 453 2137 beatur.
477 2100 628 2146 Quantae
649 2099 799 2150 ignaviae
828 2113 896 2136 non
917 2100 1023 2137 fuerit
1037 2130 1048 2149 ‚
1068 2115 1111 2138 ne
1143 2112 1303 2155 separata

318 2159 464 2208 quidem
480 2159 567 2196 vitia
588 2173 690 2211 posse
708 2159 859 2207 vincere,
879 2160 941 2197 sed
960 2174 1024 2211 per
1041 2161 1198 2213 singulas
1217 2173 1302 2201 aeta-
1323 2175 1346 2204 Β

318 2227 368 2256 tes
389 2220 497 2267 vinci,
515 2229 619 2270 atquc
647 2220 759 2257 altum
779 2234 900 2271 sapere
917 2220 953 2257 in
983 2221 1039 2267 iis,
1061 2237 1138 2272 quae
1158 2238 1227 2262 non
1258 2239 1303 2263 ex

319 2288 438 2316 nostro
457 2279 587 2328 studio,
616 2280 677 2318 sed
705 2294 750 2317 ex
770 2280 846 2331 ipsa
872 2290 973 2318 aetate
993 2283 1206 2333 sopiuntur?
1224 2286 1302 2322 Non

319 2339 449 2378 videtis
463 2341 617 2391 aurigas,
633 2350 765 2391 quanta
781 2341 965 2391 diligentia
983 2351 1016 2379 et
1035 2344 1299 2394 exercitatione,
1317 2352 1320 2353 ⁷

319 2401 460 2451 quantis
497 2402 679 2439 laboribus
719 2410 869 2438 utuntur
885 2431 893 2447 ‚
917 2411 1002 2452 quot
1033 2403 1122 2441 cibis
1155 2405 1304 2456 aliisque

319 2462 499 2511 omnibus,
520 2471 558 2499 ut
574 2476 617 2500 ne
639 2461 853 2513 dejiciantur
868 2461 912 2499 de
931 2463 1066 2500 curru?
1086 2464 1180 2502 Vide
1195 2479 1303 2515 quan-

321 2532 353 2560 [a
375 2523 420 2560 sit
438 2538 506 2561 ars.
526 2524 618 2560 Nam
651 2523 707 2561 vir
740 2523 906 2560 robustus
943 2537 987 2560 ne
1017 2538 1129 2562 unum
1159 2525 1303 2575 quidem

318 2597 449 2634 equum
466 2598 556 2635 saepe
574 2583 750 2621 moderari
770 2583 880 2634 possit
887 2598 898 2631 3
919 2582 1007 2620 dum
1023 2584 1304 2624 adolescentulus

318 2653 400 2693 arte
416 2653 515 2681 utens
530 2674 539 2692 ,
561 2643 651 2681 duos
681 2644 784 2681 facile
816 2643 1019 2681 moderatur
1051 2654 1083 2682 et
1115 2645 1225 2683 ducit.
1257 2647 1304 2684 Et

317 2705 414 2757 apud
433 2704 539 2743 Indos
560 2705 683 2756 ingens
702 2705 765 2742 illa
777 2714 810 2742 et
830 2704 1068 2744 formidabilis
1086 2706 1206 2744 bellua
1233 2708 1303 2745 ele-

317 2767 471 2817 phantus
481 2780 592 2818 puero
611 2765 816 2816 quindecim
827 2780 1001 2803 annorum
1015 2781 1096 2804 cum
1115 2781 1243 2819 magna
1263 2783 1301 2805 a·
1324 2782 1347 2813 (ζ

317 2827 476 2865 lacritate
491 2827 612 2865 cedere
626 2827 772 2865 dicitur.
805 2828 877 2864 Cur
892 2827 967 2865 haec
981 2843 999 2865 a
1014 2843 1069 2866 me
1082 2828 1177 2866 dicta
1194 2831 1299 2868 sunt?

318 2888 412 2933 Quia
433 2888 463 2925 si
492 2888 695 2939 elephantas
716 2897 749 2925 et
780 2901 885 2938 equos
909 2888 999 2926 feros
1029 2889 1146 2928 studio
1174 2899 1207 2928 et
1229 2900 1303 2929 arte

318 2948 503 2986 domamus
517 2964 527 2997 3
544 2949 657 2986 multo
676 2948 791 2999 magis
824 2949 971 2986 affectus
991 2959 1140 3000 nostros,
1173 2951 1235 3002 qui
1264 2952 1301 2989 in

320 3011 420 3048 nobis
439 3019 520 3048 sunt
536 3040 546 3058 ,
576 3010 770 3048 vincemus.
790 3009 979 3048 Undenam
1007 3013 1221 3051 resolvimur
1238 3029 1300 3066 per

318 3080 429 3108 totam
451 3071 589 3108 vitam?
606 3071 809 3121 Numquam
826 3079 939 3107 artem
958 3070 1058 3108 illam
1077 3074 1299 3112 curavimus:

318 3147 512 3182 numquam
527 3132 589 3169 otii
603 3141 772 3184 tempore,
783 3146 803 3169 a
818 3132 1005 3170 certamine
1016 3143 1193 3183 vacanteS,
1203 3135 1302 3187 apud

318 3206 381 3229 nos
410 3192 643 3230 disseruimus
676 3191 848 3242 quidnam
868 3192 956 3229 utile
983 3192 1038 3230 sit.
1061 3195 1164 3231 Tunc
1183 3209 1246 3233 nos
1265 3196 1301 3233 in

319 3268 426 3291 curru
454 3263 581 3291 stantes
600 3253 679 3304 quis
701 3253 844 3301 videat,
865 3267 945 3290 eum
965 3262 1141 3292 certamen
1158 3255 1265 3294 instat
1290 3272 1297 3293 :

320 3313 399 3351 ideo
418 3313 559 3351 ridiculi
580 3327 713 3351 sumus.
738 3317 862 3351 Annon
883 3327 972 3366 saepe
990 3313 1069 3353 dixi
1091 3331 1098 3351 :
1127 3315 1300 3354 Exercea-

367 3437 381 3459 ὓ
408 3439 551 3479 :amium
577 3435 668 3468 deest
694 3436 724 3468 in
744 3435 941 3478 quibusdam
959 3437 1034 3468 Mss.

1341 309 1368 336 Α
1375 307 1531 337 RCHIEP
1539 327 1549 337 .
1590 308 1935 341 CONSTANTINOP
1942 331 1952 341 .

1371 388 1437 427 σίν.
1466 391 1511 427 Εἰ
1541 389 1654 428 τοίνυν
1681 391 1766 442 πρὸς
1794 392 1970 430 νουθεσίαν
2001 394 2102 443 ἡμῶν
2136 392 2216 444 περὶ
2245 392 2384 430 πάντων

1372 449 1589 500 διαλέγεται,
1605 450 1834 502 προσέχωμεν
1853 456 1900 496 ὡς
1918 455 1968 491 δεῖ
1991 454 2187 506 προσέχειν.
2208 454 2254 491 Τί
2273 453 2386 503 μάτην

1372 511 1514 554 ἑαυτοὺς
1545 515 1754 562 ἀπατῶμεν,
1776 512 2007 564 Ι’Φοὸοῧμοιι,
2030 515 2078 565 μὴ
2108 516 2167 553 καὶ
2187 515 2267 567 περὶ
2285 517 2387 564 ἡμῶν

1372 572 1452 623 εἴπῃ
1482 589 1553 620 τις,
1582 573 1634 610 ὅτι
1666 572 1847 617 Ἔξέλιπον
1877 576 1911 611 ἐν
1946 575 2156 623 ματαιότητι
2189 579 2224 613 αἱ
2257 574 2388 627 ’ἡμέραι

1370 633 1492 681 ἡμῶν,
1512 631 1570 669 καὶ
1590 631 1634 670 τὰ
1654 631 1715 677 ἔτη
1741 635 1841 683 ἡμῶν
1873 631 1961 683 μετὰ
1989 634 2151 679 σπουδῆς.
2170 634 2235 677 Τίς
2254 633 2386 671 ἀκούων

1370 695 1471 742 ἡμῶν
1502 692 1635 740 ἀπέστη
1654 693 1830 744 θεάτρων;
1854 693 1906 736 τίς
1934 693 2068 739 ἀπέστη
2098 694 2315 741 πλεονεξίας;
2336 694 2388 737 τίς

1370 754 1625 806 προθυμότερος
1647 753 1768 806 γέγονε
1792 754 1873 805 περὶ
1897 753 2147 804 ἐλεημοσύνην;
2166 753 2387 804 Ἔὸουλόμην

1372 819 1505 864 μαθεῖν,
1534 815 1611 867 οὐχὶ
1643 814 1835 859 κενοδοξίας
1861 815 1995 863 ἕνεκεν,
2015 817 2090 853 ἀλλ’
2111 814 2202 852 ὥστε
2229 815 2389 865 γενέσθαι

1370 876 1644 928 προθυμότερος,
1662 876 1823 928 λαμπρὸν
1842 876 1924 914 ὄντα
1942 875 2000 913 τὸν
2026 876 2159 929 καρπὸν
2178 878 2246 912 τῶν
2274 876 2388 913 πόνων

1371 939 1469 990 ὁρῶν.
1501 939 1573 975 thv
1598 937 1633 976 δὲ
1658 941 1732 981 πῶς
1753 937 1887 989 ἅψομαι
1911 941 1973 984 τ’ἧς
2000 937 2186 989 ἐργασίας,
2207 936 2389 980 τοσούτους

1372 998 1433 1049 μὲν
1461 998 1575 1042 ὑετοὺς
1604 1001 1691 1052 ὁρῶν
1726 997 2027 1051 καταφερομένους
2053 1001 2116 1044 τῆς
2150 997 2388 1044 διδασκαλίας,

1369 1059 1414 1097 τὰ
1436 1059 1471 1097 δὲ
1490 1060 1574 1106 λήϊα
1595 1063 1680 1110 ἡμῖν
1706 1059 1764 1096 ἐπὶ
1783 1064 1841 1097 τοῦ
1867 1062 1968 1097 αὐτοῦ
1994 1058 2119 1111 μέτρου
2141 1058 2309 1109 μένοντα,
2329 1058 2389 1096 καὶ

1369 1121 1463 1159 οὐδὲν
1493 1121 1703 1173 ὑψηλότερον
1724 1120 1768 1158 τὰ
1786 1120 1984 1171 γεννήματα
2011 1121 2197 1171 γενόμενα,
2218 1120 2348 1158 Λοιπὸν
2372 1123 2390 1158 ὃ

1370 1186 1432 1228 τῆς
1449 1183 1521 1219 ἅλω
1543 1183 1661 1234 καιρὸς
1676 1184 1875 1234 ἐφέστηκεν,
1892 1185 1909 1220 ὃ
1928 1182 1967 1219 τὸ
1987 1181 2092 1219 πτύον
2108 1182 2211 1233 ἔχων.
2226 1183 2388 1229 Δέδοικα,

1373 1244 1420 1294 μὴ
1441 1244 1480 1281 τὸ
1506 1250 1575 1281 πᾶν
1599 1243 1722 1295 χόρτος
1742 1237 1782 1294 ᾗ·
1804 1243 1961 1289 δέδοικα,
1984 1243 2030 1293 μὴ
2051 1243 2136 1293 πρὸς
2161 1242 2223 1289 τὴν
2243 1242 2388 1293 κάμινον

1371 1306 1614 1356 ἀπενεχθῶμεν
1636 1305 1796 1346 ἅπαντες.
1812 1306 1981 1356 Παρῆλθε
2001 1304 2116 1355 θέρος,
2134 1298 2217 1350 Ξἦλθε
2231 1303 2364 1355 χειμών
2382 1320 2390 1327 ·

1370 1366 1553 1416 καθήμεθα
1573 1366 1633 1403 καὶ
1657 1365 1727 1404 νέοι
1748 1366 1807 1402 καὶ
1831 1365 1988 1416 γέροντες
2007 1371 2077 1408 τοῖς
2094 1365 2232 1408 οἰκείοις
2248 1365 2389 1403 ἁλισκό-

1373 1443 1469 1478 μενοι
1486 1427 1624 1466 πάθεσι.
1649 1427 1709 1473 Μή
1730 1442 1788 1476 μοι
1808 1427 1923 1478 εἴπῃς,
1945 1427 1996 1464 ὅτι
2017 1429 2054 1464 οὐ
2072 1426 2239 1479 πορνεύω.
2261 1427 2308 1464 Τί
2323 1427 2391 1480 γὰρ

1371 1490 1501 1540 ὄφελος,
1519 1487 1557 1526 ἂν
1586 1488 1633 1538 μὴ
1653 1487 1820 1541 πορνεύῃς
1839 1487 1913 1538 μὲν,
1934 1488 2195 1540 φιλοχρήματος
2213 1488 2246 1526 δὲ
2266 1483 2324 1540 ἧς
2346 1488 2391 1527 cO

1371 1551 1533 1602 στρουθὸς
1547 1551 1610 1587 κᾶν
1628 1549 1675 1600 μὴ
1692 1552 1730 1587 ἐκ
1745 1549 1871 1592 παντὸς
1889 1549 2023 1601 μέρους,
2039 1551 2115 1587 ἀλλ’
2133 1550 2272 1587 ἀπὸτοῦ
2288 1551 2391 1594 ποδὸς

1371 1612 1565 1663 κατέχηται
1587 1610 1701 1660 μόνον,
1724 1610 1783 1648 καὶ
1801 1610 1906 1653 οὕτως
1927 1611 2099 1658 ἀπόλωλε,
2125 1610 2184 1648 καὶ
2199 1612 2233 1648 ἐν
2254 1614 2296 1662 τῇ
2322 1628 2390 1649 πα-

1372 1671 1441 1722 γίδι
1461 1671 1602 1718 ἕστηκε,
1623 1671 1682 1708 καὶ
1708 1673 1776 1708 τῶν
1791 1674 1926 1722 πτερῶν
1945 1672 2064 1722 ὄφελος
2080 1671 2176 1709 οὐδὲν
2188 1701 2197 1718 ,
2215 1676 2273 1709 τοῦ
2288 1672 2391 1714 ποδὸς

1372 1732 1620 1783 κατεχομένου.
1638 1731 1742 1770 Οὕτω
1763 1732 1896 1780 καὶσὺ,
1917 1735 1980 1784 οὐχ
2000 1732 2109 1776 ἑάλως
2137 1732 2193 1770 διὰ
2219 1733 2390 1784 πορνείας,

1372 1794 1447 1831 ἀλλ’
1468 1793 1577 1836 ἑάλως
1595 1793 1651 1830 διὰ
1668 1793 1913 1845 φιλαργυρίας·
1935 1793 2044 1837 ἑάλως
2065 1792 2180 1843 μέντοι
2196 1809 2204 1816 ·
2224 1794 2263 1831 τὸ
2279 1793 2313 1832 δὲ
2332 1797 2391 1840 ζη-

1370 1853 1549 1904 τούμενον,
1569 1855 1605 1892 οὔ
1622 1856 1696 1897 πῶς
1724 1854 1845 1901 ἑάλως,
1870 1855 1947 1892 ἀλλ’
1965 1853 2018 1892 ὅτι
2037 1855 2159 1897 ἑάλως.
2183 1856 2244 1902 Μὴ
2261 1857 2391 1908 λεγέτω

1371 1919 1388 1954 ὁ
1413 1915 1505 1963 νέος,
1528 1915 1582 1954 ὅτι
1610 1918 1671 1953 οὐκ
1700 1915 1770 1966 εἰμὶ
1799 1916 2059 1968 φιλοχρήματος
2074 1931 2082 1939 ·
2103 1918 2180 1954 ἀλλ’
2201 1917 2281 1960 ἴσως
2308 1935 2391 1972 πορ-

1371 1976 1489 2020 νεύεις.
1519 1977 1590 2015 Καὶ
1619 1976 1653 2014 τί
1682 1976 1721 2014 τὸ
1750 1977 1869 2029 ὄφελος
1888 1977 2015 2025 πάλιν;
2037 1976 2127 2015 Οὐδὲ
2150 1978 2217 2030 γὰρ
2248 1980 2390 2018 δυνατὸν

1371 2040 1487 2077 πάντα
1506 2038 1550 2075 τὰ
1573 2038 1667 2085 πάθη
1692 2038 1782 2076 κατὰ
1805 2038 1886 2089 μίαν
1907 2042 1992 2088 ἡμῖν
2016 2038 2154 2084 ἡλικίαν
2181 2041 2390 2090 ἐπιστῆναι,

1371 2100 1460 2137 ἀλλὰ
1483 2098 1679 2152 διώρισται,
1697 2099 1758 2137 καὶ
1777 2103 1877 2137 τοῦτο
1899 2098 1955 2137 διὰ
1981 2099 2044 2146 τὴν
2072 2103 2131 2136 τοῦ
2152 2101 2244 2139 Θεοῦ
2268 2103 2391 2153 φιλαν-

1371 2161 1524 2214 θρωπίαν
1539 2191 1548 2207 ,
1567 2160 1657 2199 ὥστε
1679 2160 1727 2212 μὴ
1749 2161 1881 2214 ἀθρόως
1911 2161 2111 2200 ἐπιτεθέντα
2139 2162 2313 2215 ἀχείρωτα
2334 2179 2389 2214 γε·

1370 2222 1500 2269 νέσθαι,
1523 2222 1582 2259 καὶ
1604 2222 1854 2274 χαλεπωτέραν
1876 2226 1960 2273 ἡμῖν
1979 2223 2041 2270 τὴν
2061 2224 2147 2275 πρὸς
2167 2224 2256 2262 αὐτὰ
2274 2225 2390 2273 πάλην

1371 2285 1600 2328 καταστῆναι.
1615 2282 1735 2328 Heio—qe,
1753 2284 1813 2320 οὐκ
1834 2283 1872 2319 ἂν
1894 2284 1946 2328 εἴη
1970 2285 2112 2327 νωθείας
2125 2316 2133 2331 ,
2159 2284 2246 2335 μηδὲ
2263 2287 2390 2339 διῃρη-

1373 2343 1484 2394 μένων
1506 2342 1669 2380 δύνασθαι
1691 2348 1828 2393 κρατεῖν
1849 2346 1918 2380 τῶν
1934 2347 2070 2391 παθῶν,
2092 2346 2181 2383 ἀλλὰ
2198 2349 2274 2384 καθ’
2303 2347 2390 2384 ἔκα-

1372 2418 1450 2442 στον
1470 2407 1641 2449 ἡττᾶσθαι
1665 2402 1803 2454 καιρὸν,
1819 2401 1878 2439 καὶ
1907 2402 1998 2455 μέγα
2022 2411 2156 2455 φρονεῖν
2173 2406 2230 2443 ἐπὶ
2257 2407 2390 2450 τούτοις

1371 2470 1441 2507 τοῖς
1461 2465 1523 2501 οὐκ
1541 2465 1580 2501 ἐκ
1601 2466 1661 2509 τῆς
1681 2463 1853 2514 ἡμετέρας
1871 2465 2032 2511 σπουδῆς,
2052 2467 2127 2503 ἀλλ’
2149 2465 2184 2509 ἐξ
2204 2469 2310 2514 αὐτῆς
2328 2471 2391 2514 τῆς

1372 2525 1510 2572 ἡλικίας
1526 2524 1797 2575 κοιμιζομένοις,
1812 2526 1892 2576 Οὐχ
1906 2527 2008 2577 ὁρᾶτε
2021 2525 2098 2568 τοὺς
2111 2527 2282 2578 ἡνιόχους,
2298 2528 2389 2579 πόσῃ

1374 2586 1534 2638 ἀκριὲείᾳ
1566 2586 1625 2623 καὶ
1661 2586 1834 2637 γυμνασία
1862 2586 1920 2623 καὶ
1949 2586 2065 2630 πόνοις
2095 2588 2304 2640 κέχρηνται,
2332 2590 2391 2627 καὶ

1372 2647 1505 2694 σιτίοις,
1525 2647 1583 2683 καὶ
1599 2652 1669 2689 τοῖς
1684 2647 1801 2689 ἄλλοις
1818 2647 1959 2695 ἅπασιν,
1979 2647 2069 2686 ὥστε
2089 2651 2136 2699 μὴ
2154 2651 2393 2697 καταὲληθέν-

1372 2723 1434 2750 τοις
1463 2707 1531 2745 ἀπὸ
1559 2710 1627 2744 τῶν
1664 2707 1828 2760 ἁρμάτων
1871 2708 2052 2760 σύρεσθαι;
2080 2708 2176 2762 εὈρα
2207 2711 2284 2749 ὅσον
2319 2713 2392 2751 ἐστὶ

1373 2768 1491 2821 τέχνη.
1507 2767 1609 2820 Ἀνὴρ
1627 2767 1688 2818 μὲν
1704 2768 1771 2821 γὰρ
1787 2769 1939 2822 ἀνδρεῖος
1955 2771 2015 2807 οὐκ
2033 2769 2072 2806 ἂν
2093 2770 2165 2813 ἑνὸς
2178 2770 2285 2810 ἵππου
2301 2775 2392 2810 πολ-

1373 2830 1472 2871 λάκις
1493 2828 1707 2881 περιγένοιτο
1723 2844 1731 2852 ·
1750 2829 1972 2881 μειρακίσκος
1989 2829 2024 2867 δὲ
2041 2833 2083 2881 τῇ
2103 2830 2208 2882 τέχνῃ
2223 2833 2392 2878 πολλάκις

1372 2888 1450 2932 τοὺς
1469 2888 1528 2926 δύο
1558 2889 1827 2939 ἀναδεξάμενος,
1848 2890 1923 2941 ἄγει
1951 2890 2099 2934 εὐκόλως
2118 2891 2177 2928 καὶ
2196 2893 2301 2945 φέρει.
2321 2895 2392 2932 Καὶ

1374 2951 1408 2987 ἐν
1425 2950 1544 2993 Ἰνδοῖς
1563 2949 1652 2987 δὲτὸ
1668 2950 1758 3001 μέγα
1780 2949 1896 3002 θηρίον
1916 2949 1975 2987 καὶ
1990 2950 2133 3002 φοέερὸν
2152 2955 2220 2989 τῶν
2248 2955 2392 3006 ἐλεφάν-

1373 3026 1441 3048 των
1466 3010 1604 3060 λέγεται
1625 3010 1683 3048 καὶ
1712 3010 1979 3048 ’δεκαπένταέτει
1997 3012 2095 3048 παιδὶ
2121 3014 2275 3063 γεγονότι
2303 3014 2390 3065 μετὰ

1374 3072 1506 3116 πολλῆς
1524 3070 1626 3109 εἴκειν
1646 3074 1708 3117 τῆς
1723 3071 1926 3123 προθυμίας.
1951 3072 1997 3108 Τί
2017 3072 2057 3120 δὴ
2079 3075 2188 3111 ταῦτά
2211 3091 2268 3125 μοι
2293 3075 2390 3128 εἴρη-

1374 3149 1449 3180 ται,
1465 3132 1552 3170 εὈτι
1575 3133 1605 3169 εἷ
1634 3132 1821 3184 ἐλέφαντας
1848 3132 1906 3170 καὶ
1926 3132 2050 3176 ἵππους
2077 3134 2214 3186 ἀγρίους
2237 3137 2390 3189 ἄγχομεν

1375 3194 1640 3241 σπουδάζοντες,
1667 3195 1786 3245 πολλῷ
1818 3195 1949 3243 μᾶλλον
1974 3194 2018 3232 τὰ
2044 3196 2136 3243 πάθη
2159 3196 2202 3234 τὰ
2233 3199 2268 3235 ἐν
2289 3202 2387 3249 ἡμῖν.

1375 3255 1484 3293 Πόθεν
1511 3254 1702 3305 ἐκλυόμεθα
1722 3255 1907 3298 διαπαντὸς
1928 3259 1987 3294 τοῦ
2015 3256 2107 3307 βίουῑ
2132 3258 2308 3297 Οὐδέποτε
2328 3259 2391 3305 τὴν

1375 3317 1500 3368 τέχνην
1533 3315 1792 3367 ἐμελετήσαμεν
1826 3316 1980 3362 ταύτην·
2010 3319 2172 3357 οὐδέποτε
2208 3321 2244 3357 ἐν
2280 3323 2391 3372 καιρῷ
