2466 3805
666 215 707 242 17<
750 212 863 242 ACTA

83 297 242 348 Κρητῶν,
274 294 443 346 Ἀράόων,
473 294 688 345 Αἰγυπτίων,
719 296 878 346 Περσῶν,
900 294 1013 340 δηλῶν
1045 291 1097 330 ὅτι

82 356 218 395 πάντων
237 355 366 394 τούτων
393 355 636 408 κρατήσουσιν.

134 416 214 454 “Are
234 416 268 453 δὲ
288 415 395 453 ὄντων
415 418 449 453 ἐν
472 415 698 466 αἰχμαλωσίᾳ
717 418 786 453 τῶν
805 414 993 461 Ἰουδαίων,
1011 413 1099 456 εἰκὸς

85 479 198 520 αὐτοῖς
217 482 449 529 συμπαρεῖναι
467 480 660 522 τηνικαῦτα
674 476 819 519 πολλοὺς
836 479 904 513 τῶν
930 478 1033 514 ἐθνῶν
1050 491 1057 497 ·
1077 474 1100 519 ἢ

84 537 205 576 ὅτικαὶ
219 538 302 589 πρὸς
312 537 356 574 τὰ
368 537 445 583 ἔθνη
458 536 502 575 τὰ
512 540 579 575 τῶν
594 537 775 588 δογμάτων
788 537 854 583 ἤδη
868 536 1100 587 κατέσπαρτο.

86 599 157 637 Καὶ
171 598 226 636 διὰ
244 603 344 636 τοῦτο
359 598 481 636 πολλοὶ
495 598 554 636 καὶ
570 598 603 642 ἐξ
624 600 737 636 αὐτῶν
751 600 913 649 παρῆσαν
933 599 1002 634 ἐκεῖ
1012 594 1103 634 κατὰ

90 659 244 710 μνήμην,
258 653 304 696 ὧν
321 659 483 705 ἤκουσαν.
499 658 674 696 Πάντοθεν
692 658 804 696 τοίνυν
820 657 1065 708 ἀναντίῤῥητος
1080 658 1102 701 ἡ

92 719 282 771 μαρτυρία,
302 719 398 770 παρὰ
413 721 482 756 τῶν
503 721 670 764 πολιτῶν,
690 718 786 768 παρὰ
802 721 869 754 τῶν
882 717 997 762 ξένων,
1009 714 1106 767 παρὰ

92 783 159 818 τῶν
168 778 593 832 προσηλύτων.Ἀκούομεν
604 778 798 816 λαλούντων
814 780 925 815 αὐτῶν
936 783 1011 818 ταῖς
1022 779 1106 825 ἦμε-

899 211 1227 242 APOS'l'OLORUM
1237 230 1246 239 .

93 839 207 889 τέραις
225 837 399 888 γλώσσαις
415 837 459 874 τὰ
472 838 638 887 μεγαλεῖα
652 840 711 872 τοῦ
720 838 825 873 Θεοῦ.
842 836 895 873 Οὐ
910 835 975 885 γὰρ
988 835 1108 875 ἁπλῶς
1132 840 1156 870 C

93 899 250 944 ἐλάλουν,
267 897 356 934 ἀλλά
376 912 452 933 τινα
472 895 654 944 Θαυμαστὰ
674 895 802 944 ἔλεγον.
821 893 977 936 Εἰκότως
995 893 1108 930 τοίνυν

93 959 244 1009 ἠπόρουν
257 973 264 979 ·
285 956 448 995 οὐδέποτε
468 956 535 1008 γὰρ
555 955 673 1006 γέγονέ
690 971 724 992 τι
739 959 901 993 τοιοῦτον.
922 954 1018 1006 ”Ορα
1055 958 1111 993 εὖ-

94 1019 318 1071 γνωμοσύνην
335 1017 535 1068 ἀνθρώπιον.
556 1015 759 1060 Ἕξίσταντο
774 1016 834 1053 καὶ
855 1016 1039 1067 διηπόρουν
1057 1016 1112 1054 λε’-

95 1095 209 1131 γοντες
225 1095 233 1102 ·
252 1079 299 1117 Τί
327 1077 418 1116 θέλει
446 1082 546 1115 τοῦτο
576 1071 684 1124 εἶναις
704 1076 844 1129 ξΈτεροι
871 1075 907 1115 δὲ
927 1077 1111 1129 διαχλευά-

95 1145 207 1185 ζοντες
225 1140 353 1191 ἔλεγον,
385 1139 438 1177 ὅτι
456 1139 620 1190 γλεύκους
640 1139 904 1189 μεμεστωμένοι
922 1138 1046 1191 ὕεῖσίν.
1065 1137 1114 1177 *Ω

95 1206 156 1248 τῆς
179 1200 441 1252 ἀναισχυντίας·
474 1203 502 1238 εἷ
531 1199 588 1237 διὰ
618 1203 717 1238 τοῦτο
749 1200 946 1252 ἐχλεύαζον.
978 1201 1048 1238 Καὶ
1082 1200 1115 1238 τί

97 1262 314 1313 θαυμαστόν,
335 1261 418 1299 ὅπου
439 1277 477 1312 γε
497 1261 556 1299 καὶ
584 1261 685 1299 αὐτὸν
704 1260 762 1298 τὸν
782 1260 963 1309 Δεσπότην
990 1261 1116 1311 δαίμο-

97 1340 156 1366 νας
176 1322 386 1370 ἐλαύνοντα,
418 1322 564 1372 δαίμονα
596 1321 687 1372 ἔχειν
716 1321 889 1372 λέγουσιν.
908 1321 1019 1360 Ἔνθα
1050 1322 1117 1374 γὰρ

100 1385 139 1422 ἂν
158 1379 180 1436 ἦ
198 1384 377 1434 ἰταμότης,
397 1384 432 1421 ἓν
451 1386 546 1429 ζητεῖ
566 1382 680 1434 μόνον,
693 1385 801 1420 εἰπεῖν
814 1381 835 1420 ὅ
848 1398 882 1420 τι
897 1383 1037 1430 δήποτε,
1054 1385 1119 1434 οὐχ

100 1446 191 1489 ὅπως
204 1461 237 1483 τι
252 1445 354 1496 λόγου
371 1451 518 1498 πρᾶγμα
531 1445 692 1496 ἐχόμενον
705 1444 794 1482 εἴποι
807 1475 817 1493 ,
832 1446 908 1483 ἀλλ’
924 1444 1017 1488 ὄπι-κ
1030 1445 1120 1483 εἴποι

100 1506 121 1545 ὅ
135 1523 168 1545 τι
187 1507 326 1553 δήποτε.
355 1506 525 1550 Γλεύκους
551 1506 814 1557 μεμεστωμένοι
839 1506 917 1545 εἰσί.
937 1507 1037 1544 Πάνυ
1062 1523 1100 1558 γε
1113 1523 1120 1530 ·

100 1567 153 1606 ὅτι
175 1568 348 1619 ἄνθρωποι
366 1569 399 1605 ἐν
423 1567 596 1611 τοσούτοις
612 1567 798 1616 κινδύνοις,
820 1568 900 1619 περὶ
924 1569 992 1605 τῶν
1013 1568 1121 1620 ἐσχά-

102 1645 168 1667 των
187 1629 389 1681 τρέμοντες,
427 1630 461 1666 ἐν
497 1627 646 1680 τοσαύτῃ
680 1628 774 1671 ὄντες
803 1628 950 1682 ἀθυμίᾳ,
977 1633 1121 1667 τοιαῦτα

102 1690 307 1741 φθέγγεσθαι
329 1691 518 1740 οτολμῶσι.
537 1689 606 1727 Καὶ
629 1689 692 1742 ὅρα
705 1704 712 1711 ·
730 1689 848 1735 ἐπειδὴ
869 1694 970 1727 τοῦτο
990 1689 1121 1727 ἀπίθα-

102 1766 157 1788 νον
180 1745 234 1798 ἦν,
254 1749 565 1803 παραλογιζόμενοι
581 1750 659 1793 τοὺς
675 1750 860 1794 ἀκούοντας
874 1779 883 1797 ,
900 1751 959 1789 καὶ
974 1751 1123 1789 δεικνύν-

102 1828 157 1855 τες
169 1841 179 1858 ,
195 1812 249 1851 ὅτι
269 1811 516 1861 ἐμεθύσθησαν,
529 1814 572 1862 τῇ
586 1811 745 1858 ποιότητι
763 1812 801 1850 τὸ
820 1819 889 1849 πᾶν
911 1812 1121 1864 ἐπιγράφου-

103 1889 157 1921 σι,
181 1872 240 1910 καί
261 1887 367 1924 φασι·
389 1871 559 1915 Γλεύκους
581 1871 843 1923 μεμεστωμένοι
873 1872 951 1911 εἶσί.
979 1873 1124 1916 Σταθεὶς

103 1933 139 1972 δὲ
159 1937 176 1971 ὃ
195 1933 327 1984 Πέτρος
342 1932 401 1971 σὺν
420 1938 490 1974 τοῖς
505 1931 644 1979 ἕνδεκα,
664 1934 772 1984 ἐπῆρε
792 1932 854 1979 τὴν
875 1932 990 1984 φωνὴν
1008 1936 1128 1981 αὐτοῦ,

104 1994 162 2032 καὶ
190 1992 428 2044 ἀπεφθέγξατο
447 1993 573 2034 αὐτοῖς.
591 1991 700 2043 εΟρᾷς
720 1994 790 2030 ἐκεῖ
808 1992 871 2038 τὴν
901 1993 1123 2043 κηδεμονίαν,

106 2058 251 2093 ἐνταῦθα
281 2053 316 2090 δὲ
345 2053 406 2100 τὴν
436 2052 605 2104 ἀνδρείαν.
626 2054 671 2090 Εἰ
690 2053 756 2104 γὰρ
777 2053 979 2104 ἐθαύμαζον,
999 2057 1029 2092 εἷ
1056 2055 1123 2107 γὰρ

106 2114 364 2161 ἐξεπλήττοντο,
386 2113 464 2164 οὐχὶ
482 2113 540 2150 καὶ
560 2113 649 2151 οὕτω
665 2115 861 2164 θαυμαστὸν
881 2109 935 2163 ἦν,
964 2116 1002 2153 τὸ
1024 2116 1124 2162 δυνη-

107 2180 206 2222 Οῆναι
223 2174 350 2226 μεταξὺ
363 2174 533 2212 τοσούτων
551 2173 649 2226 ῥῆξαι
665 2174 779 2226 φωνὴν
796 2175 975 2226 ἄνθρωπον
989 2177 1125 2228 ἀγράμ-

108 2251 216 2285 ματον
236 2235 293 2272 καὶ
312 2233 474 2282 ἰδιώτην,
491 2235 535 2271 Εἰ
553 2233 621 2287 γὰρ
647 2236 681 2271 ἐν
701 2234 836 2277 οἰκείοις
857 2251 908 2278 τις
934 2236 1044 2288 λέγων
1066 2253 1126 2275 τα-

108 2296 286 2348 ράττεται,
303 2296 422 2346 πολλῷ
446 2296 576 2345 μᾶλλον
594 2294 650 2332 ἐπὶ
671 2296 802 2348 ἐχθρῶν
825 2297 884 2334 καὶ
906 2295 1125 2350 ἀφονώντων.

105 2356 190 2395 “On
202 2356 236 2394 δὲ
251 2358 288 2394 οὐ
302 2355 496 2406 μεθύουσιν,
509 2355 630 2399 εὐθέως
647 2357 715 2394 ἀπὸ
729 2359 790 2403 τῆς
803 2361 918 2410 φωνῆς
933 2359 1124 2405 ἐδήλωσεν·

107 2418 159 2457 ὅτι
180 2419 241 2456 οὐκ
277 2417 483 2464 ἐξεστήκασι
497 2447 506 2465 ,
541 2420 696 2469 καθάπερ
719 2421 749 2457 οἱ
779 2419 919 2469 μάντεις
932 2451 941 2468 ,
980 2420 1033 2459 ὅτι
1064 2423 1125 2460 οὐκ

108 2479 241 2532 ἀνάγκη
261 2478 474 2531 κατείχοντο.
490 2478 537 2517 Τί
553 2477 589 2515 δέ
603 2480 677 2516 ἐστι
690 2509 699 2527 ,
719 2479 788 2517 Σὺν
802 2486 872 2524 τοῖς
892 2481 1028 2529 ἑ’νδεκα;
1047 2484 1126 2520 Κοι-

107 2540 168 2587 νὴν
199 2540 455 2591 προεὸάλλοντο
474 2538 601 2591 φωνὴν,
623 2540 731 2591 φησὶ,
767 2540 826 2578 καὶ
854 2542 994 2580 πάντων
1027 2545 1126 2588 αὐτὸς

108 2595 150 2647 ἦν
170 2600 209 2638 τὸ
225 2599 350 2650 στόμα.
367 2599 617 2653 Παρεστήκασι
636 2599 671 2638 δὲ
690 2602 720 2638 οἳ
736 2600 858 2640 ἕνδεκα
875 2608 1127 2656 μαρτυροῦντες

108 2667 178 2704 τοῖς
194 2661 402 2712 λεγομένοις.
419 2661 553 2711 Ἐπῆρε
570 2661 632 2708 τὴν
655 2662 771 2714 φωνὴν
791 2666 893 2702 αὐτοῦ
906 2695 916 2713 ,
931 2666 1016 2716 φησί
1027 2681 1034 2689 ·
1050 2682 1127 2705 του-

109 2722 204 2760 τέστι
216 2753 226 2770 ,
247 2722 334 2773 μετὰ
353 2723 483 2768 πολλῆς
518 2716 592 2760 εἶπε
621 2723 682 2768 τῆς
714 2724 921 2776 παρρησίας.
944 2728 1057 2766 Τοῦτο
1091 2728 1126 2765 δὲ

110 2789 220 2830 ποιεῖ,
243 2782 299 2821 ἵνα
327 2783 464 2833 μάθωσι
483 2788 541 2821 τοῦ
560 2784 764 2835 Πνεύματος
785 2785 847 2832 τὴν
866 2787 981 2839 χάριν.
997 2787 1041 2828 ‘O
1060 2788 1127 2841 γὰρ

111 2845 160 2895 μὴ
191 2843 338 2895 ἐνεγκὼν
374 2844 541 2896 ἐρώτησιν
575 2846 737 2897 κορασίου
768 2849 921 2890 εὐτελοῦς
933 2878 942 2895 ,
969 2843 1064 2894 οὗτος
1094 2853 1128 2888 ἐν

112 2906 207 2957 μέσῳ
224 2905 358 2955 δήμων,
373 2905 554 2957 φονώντων
571 2907 747 2950 ἁπάντων,
767 2908 855 2958 μετὰ
873 2910 1041 2958 τοσαύτης
1056 2913 1129 2950 δια·

111 2965 248 3017 λέγεται
272 2965 487 3018 παρρησίας,
508 2969 553 3009 ὡς
567 2969 876 3018 ἀναμφισὸήτητον
896 2974 957 3017 τῆς
980 2973 1129 3010 ἀναστά-

112 3042 198 3069 σεως
214 3026 372 3078 γενέσθαι
387 3032 486 3066 τοῦτο
504 3028 690 3080 τεκμήριον
701 3044 708 3052 ·
726 3030 853 3080 μεταξὺ
868 3031 936 3083 γὰρ
948 3032 1128 3083 γελώντων

114 3086 316 3139 ἀνθρώπων,
335 3087 393 3125 καὶ
408 3088 453 3126 τὰ
465 3092 609 3126 τοιαῦτα
623 3090 919 3142 διαχλευαζόντων
932 3095 1133 3146 παῤῥησιά-

114 3150 219 3192 ζεται.
239 3146 358 3194 Πόσης
384 3142 470 3186 εἶναι
487 3148 634 3199 νομίζεις
663 3150 871 3202 ἰταμότητος
889 3157 1007 3203 τοῦτο,
1025 3154 1135 3203 πόσης

163 3267 178 3290 b
203 3266 290 3299 Alius
308 3273 378 3307 εἰσὶ,
398 3273 447 3302 καὶ
474 3271 521 3303 διὰ
546 3277 633 3304 τοῦτο
658 3275 828 3314 ἐχλεύαζον.
845 3277 867 3308 ὢ
893 3284 944 3314 τῆς
967 3282 1124 3320 ἀναισχυν-

122 3332 195 3354 τιας.

166 3378 177 3392 ⁶
212 3369 276 3409 [D.
290 3374 432 3413 τολμῶσι.
452 3376 519 3406 ἀλλ’
536 3378 633 3416 ὅμως,
653 3376 780 3419 ἐπειδή-1

1285 209 1443 239 nomn„
1483 209 1541 237 lv.

2090 191 2148 247 43

1172 289 1362 343 AEgyptios
1375 319 1385 338 ,
1422 291 1546 327 Persas
1562 303 1569 323 ε
1602 286 1784 324 declarans
1813 285 1892 323 illos
1930 284 1995 323 has
2033 298 2152 322 omnes

1173 352 1380 390 subacturos
1410 364 1493 388 esse.

1227 415 1262 451 5.
1292 413 1383 451 Cum
1398 420 1516 449 autem
1528 408 1645 449 Judaei
1659 417 1744 446 tunc
1758 407 1793 445 in
1809 407 2015 459 captivitate
2027 415 2152 455 essent,

1175 473 1368 512 verisimile
1383 481 1457 509 erat
1476 471 1527 509 ibi
1544 470 1676 508 multos
1694 482 1896 521 comparere
1914 482 1958 506 ex
1972 467 2151 518 gentibus;

1176 536 1250 574 sive
1264 533 1361 585 quod
1375 534 1452 585 jam
1479 531 1575 585 apud
1597 540 1716 584 gentes
1732 530 1899 581 dogmata
1915 529 2083 568 seminata
2102 543 2155 566 es-

1177 604 1263 633 sent.
1285 594 1438 644 Ideoque
1455 593 1561 631 multi
1574 593 1649 645 jam
1671 591 1746 629 11110
1765 590 1922 639 aderant,
1938 604 2061 628 eorum
2080 604 2158 640 quae

1178 657 1364 694 audierant
1390 668 1571 692 memores.
1593 653 1854 692 Testimonium
1888 666 1969 704 ergo
2001 651 2160 703 undique

1180 726 1297 754 tutum
1316 725 1390 753 erat
1408 724 1441 752 et
1459 715 1532 752 sine
1551 714 1800 762 controversia,
1815 728 1835 751 a
1854 713 2008 759 civibus,
2031 712 2076 750 ab
2099 726 2160 750 ex-

1179 778 1325 827 traneis,
1347 792 1367 813 a
1387 776 1587 828 proselytis.
1609 775 1846 813 Audivimus
1872 789 1934 812 eos
1964 775 2162 827 loquentes

1183 842 1322 877 nostris
1340 839 1481 889 linguis
1504 836 1707 887 magnalia
1726 837 1812 872 Dei.
1833 837 1911 873 Non
1923 836 2017 872 enim
2038 836 2164 886 vulga-

1183 901 1251 950 ria,
1268 899 1330 937 sed
1346 897 1525 935 mirabilia
1540 896 1705 946 quaedam
1721 895 1970 945 loquebantur.
1987 898 2007 934 J
2013 910 2074 933 ure
2084 910 2167 947 ergo

1184 959 1394 998 haesitabant
1410 974 1417 994 :
1433 957 1525 995 nihil
1549 957 1643 994 enim
1659 969 1831 1006 umquam
1850 955 1965 992 simile
1981 956 2166 993 acciderat.

1185 1020 1283 1061 Vide
1299 1019 1486 1057 hominum
1500 1017 1727 1070 probitatem.
1753 1016 1950 1068 Stupebant
1973 1024 2005 1054 et
2023 1015 2170 1053 dubita-

1184 1082 1286 1131 bant,
1305 1081 1459 1118 dicentes
1483 1095 1489 1115 :
1518 1079 1713 1129 Quidnam
1741 1078 1830 1115 vult
1859 1078 1930 1116 hoc
1955 1082 2060 1115 esse?
2081 1077 2169 1115 Alii

1188 1149 1317 1179 autem
1336 1140 1539 1177 irridentes
1561 1137 1757 1182 dicebant,
1781 1138 1912 1174 Musio
1935 1136 2043 1187 pleni
2068 1144 2169 1173 sunt.

1189 1204 1221 1241 Ο
1253 1198 1534 1253 impudentiam!
1561 1197 1600 1236 Si
1615 1211 1654 1234 ca
1667 1196 1711 1234 de
1725 1211 1828 1235 causa
1842 1197 2019 1243 ridebant,
2042 1196 2172 1247 ecquid

1189 1260 1347 1300 mirum?
1360 1256 1778 1309 quandoquidemipsum
1793 1256 1987 1293 Dominum
1996 1255 2174 1293 daemonas
2188 1271 2275 1300 Joan.
2289 1270 2316 1300 g,
2325 1267 2375 1307 43,

1190 1321 1439 1374 expellentem,
1452 1318 1672 1357 daemonium
1686 1318 1815 1355 habere
1828 1317 2003 1355 dicebant.
2017 1318 2107 1355 Nam
2115 1332 2176 1370 pe-

1192 1381 1344 1421 tulantia
1359 1381 1575 1430 ubicumque
1593 1378 1710 1427 adest;
1727 1392 1840 1416 unum
1859 1377 1987 1428 quaerit
2004 1378 2124 1428 modo,
2140 1387 2180 1415 ut

1193 1444 1370 1494 loquatur,
1389 1455 1459 1479 non
1482 1439 1678 1478 secundum
1708 1439 1894 1487 rationem,
1919 1438 1981 1476 sed
2000 1438 2179 1489 quidquid

1194 1505 1230 1543 in
1248 1506 1399 1542 buccam
1413 1501 1563 1540 venerit.
1577 1503 1710 1538 Musio
1723 1500 1830 1551 pleni
1846 1509 1946 1538 sunt.
1962 1500 2054 1538 Sanc
2069 1514 2153 1538 vero
2168 1516 2175 1536 ε

1195 1563 1458 1617 quiahomines
1471 1563 1508 1600 in
1524 1561 1631 1599 tantis
1646 1561 1827 1613 periculis,
1848 1570 2005 1598 extrema
2024 1569 2181 1598 metuen-

1194 1637 1258 1676 tes,
1273 1627 1308 1665 111
1328 1635 1425 1664 tanto
1440 1638 1589 1662 moerore
1604 1632 1799 1671 versantes,
1822 1623 1906 1660 talia
1921 1622 2021 1673 loqui
2037 1622 2178 1661 audent.

1197 1687 1399 1741 Perpendas
1421 1687 1530 1725 velim
1562 1684 1754 1736 quomodo,
1788 1699 1869 1723 cum
1897 1685 1966 1722 hoc
1988 1684 2183 1723 verisimile

1198 1764 1267 1788 non
1287 1757 1389 1799 esset,
1411 1756 1450 1785 ut
1470 1746 1692 1785 auditoribus
1718 1746 1915 1798 imponant,
1937 1755 1971 1783 ct
1998 1745 2184 1783 ostendant

1198 1811 1293 1864 ipsos
1310 1809 1426 1848 ebrios
1446 1823 1530 1855 esse,
1545 1808 1673 1859 agendi
1704 1816 1737 1845 et
1755 1807 1925 1858 loquendi
1942 1807 2049 1844 modo
2069 1816 2184 1844 totum

1197 1871 1404 1909 adscribant
1424 1878 1457 1907 et
1482 1868 1616 1916 dicant,
1638 1870 1769 1906 stIusto
1800 1869 1909 1919 pleni
1936 1876 2040 1905 sunt.
2067 1868 2182 1905 Stans

1198 1941 1326 1971 autem
1361 1933 1502 1969 Petrus
1534 1944 1621 1969 cum
1652 1931 1844 1979 undecim,
1877 1930 2020 1966 levavit
2050 1943 2184 1966 vocem

1198 2008 1322 2040 suam,
1348 2001 1384 2030 et
1415 1993 1597 2044 loquutus
1616 2000 1671 2029 est
1699 1994 1763 2029 eis.
1783 1990 1919 2029 Vidisti
1951 1990 2057 2028 modo
2086 1990 2184 2028 illius

1198 2053 1470 2107 providentiam,
1496 2052 1557 2089 hic
1584 2051 1665 2090 vide
1689 2051 1950 2089 fortitudinem.
1980 2051 2121 2090 Etenim
2151 2051 2181 2089 si

1198 2115 1469 2153 admirabantur
1489 2113 1558 2163 illi,
1583 2113 1612 2150 si
1631 2112 1833 2164 stupebant,
1859 2126 1974 2150 annon
1999 2126 2098 2162 aeque
2117 2112 2184 2149 mi-

1198 2176 1352 2214 randum
1377 2183 1467 2224 crat,
1490 2174 1671 2212 hominem
1690 2174 1900 2211 illiteratum
1922 2183 1955 2211 et
1974 2174 2122 2211 idiotam
2147 2174 2183 2211 in

1199 2246 1296 2275 tanta
1327 2234 1558 2274 multitudine
1585 2249 1686 2287 posse
1716 2235 1753 2272 111
1785 2235 1892 2273 verba
1924 2236 2182 2286 prorumpere?

1199 2299 1292 2336 Nam
1308 2297 1337 2335 si
1365 2297 1445 2348 quis
1474 2296 1565 2335 inter
1598 2295 1792 2334 familiares
1826 2295 1973 2346 loquens
2004 2297 2180 2343 turbatur,

1199 2361 1311 2398 multo
1327 2359 1440 2410 magis
1454 2358 1546 2396 inter
1564 2357 1727 2396 inimicos
1741 2366 1773 2395 et
1788 2357 1920 2395 caedem
1935 2357 2108 2410 spirantes
2127 2358 2181 2397 lo-

1199 2436 1309 2473 quens
1329 2419 1548 2458 turbabitur.
1571 2419 1680 2465 Quod
1700 2428 1819 2457 autem
1851 2419 1941 2457 ebrii
1960 2434 2029 2458 non
2054 2431 2181 2471 essent,

1199 2483 1318 2520 statim
1334 2496 1378 2520 ex
1394 2481 1469 2533 ipsa
1484 2495 1571 2520 voce
1590 2480 1800 2529 declaravit,
1813 2481 1977 2531 quodque
1996 2495 2065 2519 non
2088 2496 2185 2519 more

1199 2553 1322 2582 vatum
1348 2544 1465 2581 furore
1495 2543 1647 2594 correpti
1668 2552 1795 2592 essent,
1827 2557 1940 2594 neque
1968 2544 2004 2583 vi
2026 2544 2184 2594 quadam

1199 2604 1452 2642 detinerentur.
1481 2602 1582 2649 Quid
1611 2602 1678 2640 sibi
1703 2603 1782 2642 vult
1812 2603 1916 2652 illud,
1943 2605 2040 2642 Cum
2062 2605 2185 2642 unde-

1200 2669 1302 2704 cim?
1323 2667 1555 2703 Communem
1586 2664 1792 2701 emittebant
1819 2678 1954 2712 vocem,
1986 2674 2019 2702 ct
2053 2665 2127 2717 ipse
2149 2680 2187 2703 os

1201 2728 1360 2766 omnium
1381 2735 1466 2765 erat.
1487 2726 1638 2764 Adstant
1657 2740 1741 2765 vero
1772 2726 1951 2772 undecim,
1971 2726 2066 2765 dicta
2092 2727 2187 2765 testi-

1202 2788 1320 2826 monio
1347 2802 1411 2826 5110
1431 2787 1691 2825 confirmantes.
1712 2788 1873 2824 Levavit
1898 2800 2034 2824 vocem
2059 2801 2184 2837 suam,

1201 2850 1334 2901 inquit,
1350 2850 1417 2888 hoc
1442 2858 1513 2899 est,
1532 2862 1660 2900 magna
1685 2862 1766 2885 cum
1797 2848 1929 2886 fiducia
1958 2848 2182 2898 loquebatur.

1202 2912 1280 2950 Hoc
1298 2920 1416 2949 autem
1440 2909 1538 2959 facit,
1564 2919 1601 2947 ut
1617 2909 1773 2960 Spiritus
1800 2909 1951 2961 gratiam
1977 2910 2184 2947 ediscerent.

1204 2974 1239 3011 Is
1257 2972 1352 3010 enim
1367 2971 1429 3022 qui
1448 2971 1531 3009 vilis
1554 2970 1681 3022 puellae
1706 2970 2014 3021 interrogationem
2042 2985 2112 3008 non
2133 2980 2189 3008 tu-

2290 2999 2378 3026 l‘etru

1204 3033 1305 3081 lerat,
1316 3033 1393 3084 jam
1411 3031 1447 3069 in
1464 3031 1580 3070 medio
1594 3031 1821 3083 populorum,
1840 3032 1899 3081 qui
1914 3046 2034 3070 omnes
2053 3033 2186 3071 caedem
2204 3051 2289 3078 quam
2326 3050 2393 3067 mu-

1205 3094 1403 3146 spirabant,
1426 3107 1507 3131 cum
1531 3101 1627 3130 tanta
1649 3092 1793 3130 disserit
1809 3092 1954 3141 fiducia,
1979 3103 2017 3131 ut
2043 3104 2132 3132 esset
2147 3094 2191 3132 il-

1206 3155 1274 3194 lud
1290 3154 1533 3193 indubitatum
1561 3153 1826 3191 resurrectionis
1853 3154 1996 3205 signum
2017 3171 2024 3191 :
2043 3169 2124 3193 nam
2140 3156 2194 3194 in-

1234 3275 1247 3295 ¹¹
1275 3274 1388 3307 Morel.
1408 3282 1578 3320 φωνώυτων,
1594 3281 1626 3306 et
1642 3273 1727 3305 infra
1745 3274 1905 3311 similiter.
1925 3276 2017 3309 Infra
2033 3289 2115 3310 1111115
2133 3279 2198 3311 Co-

1193 3327 1255 3361 dex
1275 3335 1395 3371 μάντεις
1406 3355 1414 3370 ,
1427 3333 1474 3361 καὶ
1491 3331 1577 3362 τώτο
1600 3330 1650 3360 οὖν.
1667 3332 1791 3373 ἀνάγκῃ.

2206 3088 2292 3111 tatus.
