2502 3810
711 255 756 285 IN

98 337 177 390 δόξῃ
207 339 254 380 ὡς
267 335 425 383 ἐπίτηδες
448 335 562 388 φοὸῶν
587 335 686 373 αὑτὸν
702 335 813 386 λέγειν
832 338 960 380 ταῦτα,
982 334 1060 373 ἀλλ’
1075 337 1123 376 ὡς

96 400 136 436 ἔκ
157 399 220 442 τῆς
238 396 467 449 προκειμένης
483 396 682 439 ἀκολουθίας
704 396 760 434 ἐπὶ
775 401 876 434 τοῦτο
896 396 1116 444 ἐληλυθέναι,

97 459 202 496 πάλιν
221 458 339 510 ἔχεται
357 459 420 503 τ’ἧς
443 459 546 503 αὐτῆς
575 456 788 504 ὑποθέσεως,
820 457 930 508 λέγων
944 472 952 479 ·
976 456 1118 502 Μηκέτι

97 512 154 556 οῧν
176 518 345 564 ἀλλήλους
363 517 550 569 κρίνωμεν,
575 517 665 555 ἀλλὰ
693 521 793 555 τοῦτο
814 517 952 569 κρίνατε
974 518 1117 567 μᾶλλον,

97 578 137 616 τὸ
165 578 213 629 μὴ
231 579 359 616 τιθέναι
387 578 600 631 πρόσκομμα
620 581 669 630 τῷ
689 578 827 629 ἀδελφῷ
859 576 881 623 ἢ
914 577 1117 616 σκάνδαλον.

99 639 223 676 Ταῦτα
239 637 274 676 δὲ
294 640 356 676 οὐκ
374 638 504 677 ἐκείνου
519 638 649 689 μᾶλλόν
666 639 758 676 ἐστιν
778 637 801 683 ἢ
820 637 940 676 τούτου
952 654 960 661 ·
981 637 1033 675 διὸ
1052 637 1119 686 ἀμ-

99 697 254 750 φοτέροις
275 698 437 749 ἁρμόζειν
459 698 621 745 δύναταῦ,
637 698 722 736 “nat
742 700 791 749 τῷ
820 698 940 750 τελείῳ
969 698 1119 736 σκανδα-

97 759 266 810 λιζομένῳ
287 760 343 798 ἐπὶ
359 763 402 811 τῇ
417 762 485 798 τῶν
505 759 697 812 βρωμάτων
717 758 980 811 παρατηρήσει,
997 757 1056 796 καὶ
1070 758 1120 808 τῷ

99 822 213 858 ἀτελεῖ
234 819 488 873 προσκόπτοντι
502 819 559 857 ἐπὶ
578 822 621 871 τῇ
648 820 779 871 σφοδρᾷ
801 819 995 865 ἐπιπλήξει.
1015 818 1064 856 Σὺ
1085 816 1122 855 δέ

101 896 160 930 μοι
174 880 296 918 σκόπει
310 880 420 928 πόσην
442 879 594 931 δώσομεν
609 879 779 933 τιμωρίαν
794 882 825 918 οἱ
841 879 1123 923 σκανδαλίζοντες

101 942 232 983 ἅπλῶς.
256 942 301 979 Εἰ
315 941 381 993 γὰρ
395 971 404 987 ,
430 940 510 979 ἔνθα
526 941 724 992 παράνομον
744 934 786 986 ἦν
804 939 844 977 τὸ
857 940 1047 990 γινόμενον,
1067 939 1124 977 διὰ

101 1002 140 1040 τὸ
156 1001 308 1053 ἀκαίρως
337 1003 514 1052 ἐπιτιμᾷν,
538 1000 690 1039 ἐκώλυσε
707 1006 806 1038 τοῦτο
836 999 1009 1051 γίνεσθαι,
1032 998 1124 1036 ὥστε

102 1060 151 1111 μὴ
174 1062 464 1106 σκανδαλισθῆναι
486 1060 545 1098 καὶ
568 1060 766 1112 προσκόψαι
780 1060 838 1097 τὸν
859 1058 1024 1110 ἀδελφόν·
1042 1058 1124 1096 ὅταν

102 1121 191 1172 μηδὲ
222 1120 432 1173 διορθοῦντές
461 1136 494 1158 τι
525 1120 832 1170 σκανδαλίζωμεν,
852 1118 943 1162 τίνος
973 1118 1124 1169 ἐσόμεθα

101 1180 208 1228 ἄξιοι;
224 1182 268 1219 Εἰ
287 1181 353 1232 γὰρ
372 1181 411 1218 τὸ
428 1180 475 1231 μὴ
497 1183 628 1227 σῶσαι,
650 1180 810 1231 ἔγκλημα
832 1180 909 1227 (καὶ
924 1179 1091 1218 δείκνυσιν
1108 1182 1126 1217 ὃ

101 1241 140 1280 τὸ
159 1241 326 1279 τάλαντον
346 1241 578 1294 κατορύξας)·
599 1241 638 1279 τὸ
657 1241 716 1279 καὶ
737 1240 966 1279 σκανδαλίσαι
978 1269 988 1287 ,
1010 1239 1045 1278 τί
1064 1242 1126 1278 οὐκ
1148 1246 1172 1276 C

103 1302 144 1340 ἂν
164 1301 375 1355 ἐργάσηται,
395 1301 442 1340 Τί
464 1296 533 1350 οὖν,
551 1304 580 1340 εἷ
610 1301 740 1340 οἴκοθεν
762 1301 1045 1347 σκανδαλίζεται,
1061 1317 1125 1354 φη-

102 1362 170 1411 σὶν,
186 1362 332 1409 ἀσθενὴς
348 1362 417 1411 ὤν;
437 1365 490 1400 Δι’
515 1363 598 1401 αὐτὸ
616 1362 680 1413 μὲν
698 1355 755 1400 οῧν
775 1367 875 1401 τοῦτο
897 1362 936 1399 ἂν
955 1360 972 1383 ¹³
987 1362 1056 1408 εἴης
1077 1361 1127 1400 δί-

105 1438 202 1467 καιος
229 1422 346 1461 πάντα
381 1423 577 1474 ὑπομένειν.
614 1425 659 1461 Εἰ
692 1423 760 1474 γὰρ
794 1422 934 1474 ἰσχυρὸς
963 1416 1020 1469 ἦν,
1051 1421 1129 1460 οὐδὲ

105 1485 214 1522 ἐδεῖτο
244 1483 412 1531 τοσαύτης
446 1484 644 1534 ἐπιμελείας
679 1483 779 1527 αὐτός
793 1499 800 1506 ·
836 1484 909 1521 νυνὶ
944 1483 979 1521 δὲ
1009 1482 1128 1529 ἐπειδὴ

106 1544 350 1596 ἀσθενέστερός
369 1546 464 1593 ἐστι,
481 1544 538 1582 διὰ
562 1547 663 1582 τοῦτο
682 1544 742 1583 καὶ
760 1545 891 1590 πολλῆς
917 1543 1041 1596 χρῄζει
1068 1546 1130 1589 τῆς

107 1606 271 1651 σπουδῆς.
289 1605 510 1657 Παρέχωμεν
529 1604 642 1642 τοίνυν
665 1606 757 1656 αὐτῷ
778 1605 908 1652 ταύτην
921 1633 930 1651 ,
951 1604 1010 1642 καὶ
1038 1620 1131 1642 παν-

107 1665 253 1717 ταχόθεν
274 1665 375 1703 αὐτὸν
393 1664 692 1715 διαὸαστάζωμεν.
712 1658 803 1703 Οὐδὲ
825 1664 893 1718 γὰρ
917 1664 1051 1704 οἰκείων
1066 1680 1132 1702 κα-

107 1729 178 1764 κῶν
194 1725 358 1778 ὑφέξομεν
374 1726 474 1778 λόγον
497 1725 611 1776 μόνον,
631 1726 722 1764 ἀλλὰ
749 1726 808 1764 καὶ
826 1727 912 1780 ὑπὲρ
932 1722 978 1764 ὧν
999 1725 1133 1777 ἑτέρους

111 1786 395 1837 σκανδαλίζομεν,
413 1788 456 1824 Εἰ
474 1787 508 1824 δὲ
530 1789 658 1825 ἐκεῖναι
673 1787 733 1825 καὶ
744 1789 820 1825 καθ’
839 1787 962 1830 ἑαυτὰς
981 1787 1134 1839 χαλεπαὶ

114 1850 149 1885 αἱ
177 1849 333 1893 εὖθῦναι,
356 1846 437 1884 ὅταν
455 1847 515 1885 καὶ
535 1842 637 1885 αῧται
656 1850 893 1899 προστεθῶσι,
908 1848 993 1886 πότε
1022 1851 1136 1893 σωθη-

113 1906 265 1957 σόμεθα,
284 1907 345 1953 Μὴ
363 1906 430 1959 γὰρ
448 1907 488 1954 δὴ
505 1907 716 1958 νομίσωμεν,
735 1910 764 1945 εἰ
778 1908 958 1951 κοινωνοὺς
980 1907 1136 1959 εὕροιμεν

114 1970 181 2005 τῶν
209 1968 490 2019 ἁμαρτημάτων,
508 1968 696 2019 ἀπολογίαν
718 1968 803 2013 ἕξειν
817 1984 825 1993 ·
849 1973 948 2008 τοῦτο
964 1969 1031 2022 γὰρ
1053 1973 1136 2020 ἡμῖν

115 2027 175 2066 καὶ
190 2028 372 2081 προσθήκη
392 2028 523 2078 γίνεται
543 2028 731 2080 τιμωρίας·
752 2030 828 2067 ἐπεὶ
846 2030 905 2068 καὶ
923 2033 941 2068 ὃ
960 2031 1034 2083 ὄφις
1052 2032 1139 2081 μᾶλ-

114 2090 174 2126 λον
192 2088 361 2134 ἐκολάσθη
378 2091 440 2134 τῆς
460 2090 638 2141 γυναικὸς,
658 2089 775 2142 ὥσπερ
792 2084 848 2128 οἶν
866 2090 925 2129 καὶ
943 2095 964 2138 ἠ
983 2090 1068 2142 γυνὴ
1080 2094 1139 2128 τοῦ

116 2147 258 2201 ἀνδρὸς,
285 2148 344 2186 καὶ
371 2153 430 2187 τοῦ
450 2149 585 2202 Ἀχαὰὸ
604 2150 640 2189 δὲ
658 2150 715 2188 τὸν
737 2152 927 2201 ἀμπελῶνα
958 2150 1141 2204 ἁρπάσαν-

114 2224 171 2251 τος
185 2210 207 2255 ἡ
229 2209 385 2253 Ἰεζάὸελ
409 2211 659 2261 χαλεπωτέραν
681 2210 786 2249 ἔδωκε
808 2211 923 2259 δίκην·
945 2210 1058 2258 οαῦτη
1073 2210 1140 2262 γὰρ

115 2272 137 2314 ἡ
170 2267 210 2306 τὸ
241 2276 389 2322 πρᾶγμα
418 2270 578 2322 ὑφάνασα
597 2271 689 2309 ἅπαν
710 2266 765 2319 ἦν,
790 2271 850 2310 καὶ
880 2271 1141 2310 σκανδαλίσασα

115 2328 172 2367 τὸν
190 2329 351 2380 βασιλέα.
373 2330 444 2369 Καὶ
461 2330 502 2369 σὺ
517 2330 629 2370 τοίνυν
645 2332 726 2370 ὅταν
744 2332 872 2386 ἑτέροις
893 2331 1069 2376 ἀπωλείας
1082 2331 1140 2370 αἴ-

114 2407 185 2436 τιος
214 2391 314 2444 γένῃ,
335 2392 568 2445 χαλεπώτερα
592 2393 703 2446 πείσῃ
723 2396 791 2432 τῶν
821 2393 1138 2433 ὓποσκελισθέντων

117 2451 174 2490 διὰ
195 2456 267 2490 σοῦ.
285 2452 378 2491 Οὐδὲ
401 2452 469 2505 γὰρ
486 2452 577 2491 οὕτω
596 2454 635 2492 τὸ
654 2456 836 2506 ἁμαρτεῖν,
854 2457 901 2498 ὡς
918 2455 958 2493 τὸ
976 2455 1037 2492 καὶ
1065 2453 1140 2492 ἑτέ·

118 2527 195 2564 ρους
222 2514 268 2555 εἷς
298 2516 398 2551 τοῦτο
430 2516 609 2565 ἐναγαγεῖν
632 2516 822 2553 ἀπόλλυσι·
851 2515 904 2553 διό
938 2531 1057 2568 φησιν,
1085 2517 1138 2553 Οὐ

118 2571 221 2622 μόνον
237 2573 322 2611 αὐτὰ
337 2577 505 2621 ποιοῦσιν,
519 2574 609 2613 ἀλλὰ
619 2575 678 2612 καὶ
690 2576 929 2614 συνευδοκοῧσι
945 2583 1015 2620 τοῖς
1029 2575 1139 2629 πράτ-
1160 2582 1184 2612 E

117 2632 370 2671 touctv.‘'stcrte
402 2633 482 2671 ὅταν
501 2634 629 2685 ἴδωμέν
654 2651 747 2678 τινας
779 2636 1061 2687 ἁμαρτάνοντας,
1091 2636 1139 2684 μὴ

119 2692 221 2743 μόνον
244 2693 292 2744 μὴ
312 2695 469 2745 ὠθῶμεν,
489 2695 578 2733 ἀλλὰ
611 2695 671 2733 καὶ
709 2695 908 2745 ἀνέλκωμεν
935 2697 974 2733 ἐκ
995 2701 1053 2734 τοῦ
1079 2698 1140 2747 βα-

122 2753 244 2806 ράθρου
266 2756 328 2799 τῆς
359 2754 543 2806 πονηρίας,
561 2754 619 2793 ἵνα
651 2754 699 2806 μὴ
737 2757 799 2801 τῆς
821 2755 945 2808 ἑτέρων
967 2757 1141 2800 ἀπωλείας

121 2814 217 2852 αὐτοὶ
246 2814 309 2861 τὴν
329 2814 426 2862 δίκην
443 2815 667 2868 ὑπόσχωμεν,
692 2816 752 2855 καὶ
771 2816 1042 2868 μνημονεύωμεν
1064 2818 1141 2864 διη-

118 2877 224 2918 νεκῶς
257 2881 316 2914 τοῦ
347 2876 503 2927 βήματος
520 2882 584 2930 τοῦ,
602 2878 748 2929 φοὲεροῦ
761 2908 770 2926 ,
794 2876 880 2915 dvo&
902 2883 1062 2928 ποταμοῦ
1081 2881 1140 2916 τοῦ

118 2935 242 2988 πυρὸς,
263 2939 331 2974 τῶν
365 2938 500 2987 δεσμῶν
538 2940 606 2976 τῶν
637 2938 788 2986 ἀλύτων,
821 2943 881 2977 τοῦ
915 2938 1057 2983 σκότους
1081 2942 1140 2977 τοῦ

121 3003 304 3053 ἅφεγγοῧς,
323 3007 382 3041 τοῦ
415 3006 570 3056 βρυγμοῧ
598 3005 665 3041 τῶν
687 3004 845 3053 ὀδόντων,
872 3009 932 3044 τοῦ
964 3006 1143 3052 σκώληκος

121 3071 181 3104 τοῦ
200 3068 346 3108 ἷοὸόλου·
366 3069 470 3109 Ἀλλὰ
490 3070 729 3123 φιλάνθρωπός
760 3073 851 3110 ἐστιν
873 3075 891 3111 ὁ
907 3071 1012 3120 Θεὸς,
1028 3072 1142 3125 φησίν.

166 3203 180 3218 '¹
204 3198 251 3228 καὶ
276 3200 328 3229 τοῦ
354 3200 467 3231 τελείου
495 3203 834 3243 σκανδαὶιζομένου.....
853 3206 904 3236 καὶ
930 3207 982 3236 τοῦ
1008 3206 1130 3239 ἀτελοῦς

125 3259 184 3291 προ
196 3253 370 3285 σκάπτοντας
386 3249 422 3279 Α.
440 3255 473 3279 et
488 3260 520 3283 v.
536 3249 558 3283 l.
579 3250 614 3283 in
630 3253 835 3296 Anonymo.]

168 3298 184 3320 b
209 3297 220 3339 [
238 3302 280 3336 εἴη
300 3300 338 3329 Α.
360 3306 394 3330 et
417 3300 585 3344 Anonym.
603 3302 762 3335 Praeterea
779 3306 817 3336 A.
842 3307 950 3343 δίκαιος
975 3310 1026 3340 τοῦ
1049 3320 1081 3340 π.
1101 3312 1134 3337 et

126 3359 203 3380 mox
220 3359 295 3380 cum
312 3349 415 3385 Savil.
434 3351 467 3382 in
483 3362 588 3395 marg.
603 3356 667 3388 οὐδὲ
684 3357 784 3389 ἔδει...
803 3359 902 3399 αὐτῷ,
921 3367 1062 3400 cumque
1078 3367 1135 3389 eo-

370 3417 462 3442 TOM.
495 3419 545 3443 lx.

791 254 932 285 EPIST.
972 253 1031 282 AD
1067 253 1175 283 ROM.

1213 252 1369 283 nomn..
1407 253 1518 284 xxv.
2075 236 2163 299 775

1189 332 1327 371 dustria
1340 342 1378 371 ut
1398 343 1541 372 terreret
1562 333 1666 371 illum
1685 333 1760 371 haec
1779 332 1909 384 dicere,
1926 333 1987 371 sed
2007 334 2107 384 quasi
2123 349 2168 372 ex

1190 395 1352 446 praesenti
1371 395 1460 432 serie
1478 409 1517 432 eo
1533 395 1728 443 devenisse,
1752 409 1873 432 rursus
1893 394 1929 432 in
1962 396 2085 434 eodem
2109 411 2169 433 ar-

1191 465 1356 506 gumento
1387 456 1518 494 insistit
1533 456 1652 494 dicens
1671 472 1678 492 :
1699 458 1762 495 45.
1781 458 1871 494 Non
1893 472 1980 509 ergo
2000 458 2168 510 amplius

1191 518 1353 554 invicem
1362 518 1580 568 judicemus
1591 533 1606 561 ;
1620 519 1687 555 sed
1705 519 1775 555 hoe
1782 518 1958 570 judicate
1972 522 2106 571 magis,
2123 534 2170 557 ne

1188 579 1344 627 ponatis
1374 579 1658 630 offendiculum
1684 579 1804 629 fratri
1822 581 1889 617 vel
1921 581 2167 618 scandalum.

1190 635 1275 673 Haec
1293 645 1409 674 autem
1437 651 1505 674 non
1522 638 1640 675 minus
1671 638 1717 676 ad
1745 639 1859 688 illum,
1878 650 1986 690 quam
2006 640 2051 678 ad
2075 640 2172 679 hunc

1191 697 1367 748 pertinent
1386 713 1393 734 :
1411 696 1490 735 ideo
1505 699 1649 750 utrique
1669 709 1811 751 possunt
1826 701 1936 752 aptari
1957 710 1990 738 et
2006 702 2172 753 perfect0‚

1193 757 1250 794 cui
1263 758 1478 795 offendiculo
1497 768 1547 796 est
1563 759 1725 796 ciborum
1745 760 1959 810 observatio,
1982 772 2015 800 et
2040 762 2173 815 imper-

1193 819 1343 869 fectiori,
1363 820 1422 869 qui
1442 819 1486 856 de
1503 819 1608 857 nimia
1626 820 1894 871 reprehensione
1916 823 2173 862 offendebatur.

1195 879 1252 916 Tu
1269 892 1352 916 vero
1372 879 1462 916 mihi
1491 879 1686 931 perpendas
1701 880 1810 917 velim
1842 891 1990 930 quantas
2009 882 2176 920 dabimus

1195 952 1328 990 poenas,
1350 940 1413 990 qui
1444 939 1481 977 in
1507 940 1633 990 quavis
1667 954 1704 978 re
1733 941 1947 980 offendiculo
1976 957 2108 981 sumus.
2138 944 2177 982 Si

1195 1001 1304 1050 enim,
1320 1002 1382 1039 ubi
1400 1016 1455 1039 res
1474 1012 1552 1040 acta
1568 1003 1692 1040 illicita
1707 1012 1797 1053 erat,
1816 1004 1912 1054 quod
1932 1006 2178 1058 intempestiva

1195 1062 1389 1115 increpatio
1409 1075 1510 1108 esset,
1528 1065 1619 1102 hanc
1645 1066 1844 1116 prohibuit,
1861 1080 1904 1104 ne
1923 1068 2022 1105 fratri
2042 1083 2096 1106 res
2120 1070 2180 1106 of·-

1195 1124 1375 1163 fendiculo
1406 1135 1495 1163 esset
1518 1126 1687 1176 :quando
1710 1140 1754 1164 ne
1780 1127 2003 1166 emendantes
2033 1128 2180 1179 quidem

1197 1184 1412 1223 offendiculo
1442 1200 1577 1236 sumus,
1603 1201 1673 1237 qua
1704 1186 1805 1239 digni
1833 1188 1964 1227 erimus
1989 1191 2120 1241 poena?
2140 1191 2180 1229 Si

1197 1245 1293 1283 enim
1308 1259 1378 1284 non
1397 1260 1550 1293 servare,
1579 1248 1682 1300 culpa
1700 1262 1770 1286 non
1791 1258 1908 1298 vacat,
1930 1258 1968 1287 ut
1984 1251 2135 1288 ostendit
2151 1251 2181 1289 is

1198 1308 1260 1360 qui
1278 1309 1451 1347 talentum
1477 1309 1612 1348 defodit
1632 1327 1640 1347 :
1658 1310 1872 1349 offendiculo
1891 1326 1978 1363 esse,
2009 1312 2096 1364 quid
2113 1327 2182 1351 non

1198 1370 1321 1408 afferet
1351 1370 1500 1408 damni?
1520 1371 1621 1419 Quid
1652 1385 1748 1423 ergo,
1772 1372 1927 1424 inquies,
1960 1373 1989 1411 si
2011 1373 2071 1411 ille
2084 1388 2129 1412 ex
2147 1388 2183 1412 se

1200 1430 1404 1480 offenditur,
1428 1445 1510 1469 cum
1541 1432 1588 1469 sit
1614 1432 1804 1470 infirmus?
1834 1433 1918 1471 Ideo
1953 1443 2045 1472 certe
2064 1435 2183 1473 omnia

1197 1492 1278 1542 jure
1299 1491 1423 1529 merito
1440 1492 1599 1543 patiaris.
1617 1492 1654 1531 Si
1670 1492 1765 1530 enim
1782 1493 1883 1531 fortis
1903 1504 2005 1544 esset,
2022 1509 2090 1533 non
2105 1505 2183 1533 tan-

1200 1560 1235 1588 ta
1263 1560 1377 1603 egeret
1397 1565 1479 1589 eura
1502 1567 1509 1588 ε
1530 1565 1624 1590 nunc
1656 1562 1785 1602 autem,
1818 1553 1901 1603 quia
1921 1554 2098 1593 infirmior
2120 1565 2184 1605 est,

1201 1612 1282 1649 ideo
1298 1613 1410 1650 multa
1429 1626 1518 1665 opus
1536 1613 1644 1651 habet
1666 1614 1915 1652 sollicitudine.
1941 1615 2046 1653 Illam
2075 1616 2185 1667 igitur

1203 1672 1271 1724 ipsi
1281 1674 1515 1725 praebeamus,
1528 1683 1561 1711 et
1571 1674 1726 1725 undique
1741 1675 1844 1712 illum
1855 1678 2187 1715 sustentemus.Non

1203 1734 1296 1771 enim
1311 1734 1537 1786 propriorum
1560 1743 1698 1773 tantum
1725 1735 1901 1773 malorum
1922 1737 2094 1776 rationem
2124 1737 2188 1776 da-

1204 1797 1335 1845 bimus,
1350 1797 1410 1835 sed
1424 1798 1530 1835 etiam
1548 1811 1669 1835 eorum
1689 1798 1724 1836 in
1749 1799 1880 1849 quibus
1905 1799 1983 1837 aliis
1994 1800 2187 1839 offendicu-

1205 1857 1239 1895 lo
1249 1857 1494 1895 fuimus.Cum
1507 1867 1625 1896 autem
1644 1858 1714 1896 illae
1734 1859 1884 1897 rationes
1899 1861 2089 1898 subeundae
2110 1875 2189 1913 gra-

1205 1931 1266 1955 ves
1283 1917 1367 1967 sint,
1380 1918 1409 1955 si
1427 1919 1480 1956 hae
1516 1932 1656 1970 quoque
1674 1919 1862 1969 addantur,
1877 1921 2056 1971 quomodo
2089 1922 2188 1960 salu-

1207 1987 1278 2016 tem
1297 1978 1564 2017 obtinebimus?
1592 1981 1644 2018 Ne
1668 1989 1835 2032 putemus
1858 1981 1966 2032 enim,
1983 1982 2013 2020 si
2031 1992 2190 2035 pcccato-

1208 2055 1289 2078 rum
1320 2041 1433 2079 socios
1459 2041 1694 2089 inveniamus,
1726 2056 1789 2080 nos
1817 2043 1903 2081 hinc
1928 2046 2191 2084 excusationem

1209 2102 1394 2140 habituros
1410 2116 1484 2140 esse
1504 2117 1512 2138 :
1533 2102 1601 2141 hoc
1630 2103 1734 2140 nobis
1766 2105 1933 2156 supplicii
1967 2105 2192 2144 additamen-

1210 2170 1287 2200 tum
1305 2163 1383 2201 erit.
1397 2164 1490 2201 Nam
1508 2176 1650 2216 serpens
1666 2163 1747 2216 plus
1774 2179 1881 2215 quam
1900 2166 2028 2204 mulier
2046 2167 2192 2219 punitus

1211 2232 1274 2271 est,
1295 2232 1333 2260 ut
1358 2233 1391 2261 et
1410 2224 1540 2261 mulier
1566 2224 1646 2275 plus
1679 2238 1787 2274 quam
1805 2225 1876 2272 vir,
1895 2235 1928 2263 et
1952 2227 2094 2266 Jezabel
2116 2241 2193 2278 gra-

1213 2284 1325 2323 viores
1356 2283 1455 2321 dedit
1475 2298 1595 2335 poenas
1614 2298 1722 2335 quam
1750 2285 1886 2334 Achab,
1903 2286 1965 2336 qui
1980 2286 2123 2325 vineam
2138 2302 2194 2325 ra-

1209 2353 1335 2397 puerat
1351 2360 1358 2380 :
1375 2344 1453 2396 ipsa
1485 2344 1579 2382 enim
1614 2353 1726 2382 totum
1746 2346 1928 2397 negotium
1959 2355 2132 2397 texuerat,
2163 2357 2197 2386 et

1209 2404 1285 2456 regi
1316 2404 1532 2443 offendiculo
1559 2405 1687 2443 fuerat.
1712 2404 1760 2443 Et
1789 2414 1828 2443 tu
1860 2406 1971 2458 igitur
2000 2421 2084 2446 eum
2116 2408 2197 2446 aliis

1209 2465 1377 2517 perniciei
1399 2480 1502 2503 causa
1521 2465 1642 2515 fueris,
1663 2467 1826 2516 graviora
1845 2467 1991 2518 patieris
2011 2483 2119 2519 quam
2153 2468 2193 2518 ii,

1210 2526 1271 2576 qui
1291 2535 1358 2563 ate
1373 2526 1590 2578 supplantati
1615 2535 1710 2564 sunt.
1737 2528 1859 2577 Neque
1877 2528 1971 2565 enim
1983 2543 2129 2581 peccare
2147 2529 2195 2567 ita

1211 2586 1343 2637 perdit,
1360 2595 1399 2623 ut
1413 2595 1446 2622 et
1461 2585 1549 2623 alios
1568 2585 1614 2622 ad
1629 2595 1812 2637 peccatum
1832 2587 2019 2625 inducere:
2041 2588 2119 2626 ideo
2137 2589 2196 2627 di—
2214 2603 2286 2632 Rom
2314 2602 2395 2630 132.

1211 2647 1271 2694 eit,
1286 2647 1377 2683 Non
1392 2646 1516 2683 solum
1536 2647 1617 2682 lzaec
1636 2647 1813 2697 faciunt,
1837 2648 1905 2684 sed
1919 2650 2037 2685 etiam
2034 2651 2194 2700 sacien-

1213 2708 1313 2743 tibus
1340 2707 1600 2743 consentiunt.
1623 2707 1749 2755 Itaque
1762 2719 1843 2742 cum
1859 2706 2031 2756 quosdam
2045 2722 2195 2759 peccan—

1213 2774 1264 2802 tes
1292 2764 1503 2813 viderimus,
1532 2777 1600 2802 non
1629 2764 1736 2802 modo
1768 2779 1838 2802 non
1869 2765 2105 2817 impellamus,
2136 2769 2198 2806 sed

1212 2826 1318 2864 etiam
1348 2840 1392 2864 ex
1411 2825 1579 2863 barathro
1608 2825 1773 2875 nequitiae
1800 2827 2036 2878 retrahamus,
2067 2842 2110 2866 ne
2127 2830 2197 2881 ipsi

1213 2886 1365 2924 aliorum
1381 2885 1550 2938 perniciei
1567 2899 1686 2938 poenas
1702 2886 1911 2937 subeamus;
1930 2901 1970 2925 ac
1999 2889 2198 2940 frequenter

1215 2949 1423 2987 memoriam
1444 2957 1646 3000 repetamus
1673 2949 1846 2986 tremendi
1867 2949 2073 3001 tribunalis,
2094 2952 2196 2990 fluvii

1217 3009 1326 3061 ignei,
1345 3009 1572 3047 vinculorum
1588 3008 1847 3056 insolubilium,
1866 3011 2089 3048 tenebrarum
2101 3013 2198 3050 omni

1217 3071 1296 3109 luce
1309 3070 1525 3122 expertium,
1541 3069 1703 3107 stridoris
1716 3069 1888 3118 dentium,
1903 3071 2035 3111 vermis
2050 3085 2200 3111 venena-

1196 3199 1272 3233 dem
1292 3207 1324 3231 et
1341 3200 1448 3233 Anon.
1467 3203 1657 3245 ἀτελέστερος
1672 3209 1732 3241 pro
1749 3201 1983 3244 ἀσθενέστερος.]

1241 3263 1254 3277 c
1279 3253 1330 3294 [A.
1347 3255 1422 3289 αὕτη
1437 3257 1455 3290 ἡ
1471 3258 1506 3285 τὸ
1519 3267 1587 3297 πμ,
1600 3259 1633 3283 et
1649 3255 1740 3290 ἅπαν,
1754 3257 1770 3289 ἡ
1787 3257 1835 3286 καὶ
1853 3268 1898 3286 σν..
1926 3254 1966 3286 In
1982 3254 2087 3288 Anon.
2114 3254 2205 3288 deest

1200 3305 1269 3338 haec
1286 3304 1477 3345 sententia]

1250 3356 1266 3380 ‘¹
1290 3356 1371 3397 [τῶν
1388 3363 1533 3398 ποταμῶν
1547 3355 1583 3386 Α.
1603 3361 1635 3387 et
1650 3354 1752 3389 Savil.
1772 3354 1804 3388 in
1824 3358 1944 3401 marg]

1949 3412 1999 3450 55
