2466 3805
726 245 771 274 IN
809 247 924 276 ACTA
960 246 1308 276 APOSTOLORUM.

160 324 328 363 ἀπώλεσε.
350 325 410 372 Μὴ
438 325 479 371 δὴ
507 325 673 376 νομίζετε,
703 327 920 378 κατάγνωσιν
951 331 1046 379 ὑμῶν
1067 322 1174 375 εἶναι,

156 386 195 423 τὸ
213 389 363 437 συνεχῶς
381 387 460 438 περὶ
479 388 546 424 τῶν
568 389 679 424 αὐτῶν
706 387 942 439 διαλέγεσθαι·
966 390 995 426 εἰ
1016 388 1083 442 γὰρ
1106 404 1173 426 κα-

157 446 398 497 τεγνώκειμεν,
426 449 488 485 οὐκ
516 447 555 484 ἂν
579 448 825 499 διελέχθημεν·
846 453 903 486 νῦν
930 448 964 488 δὲ
982 449 1175 494 ἐλπίζοντες

157 507 292 558 μεγάλα
307 511 400 557 ἡμᾶς
418 508 620 559 κερδαίνειν,
635 514 745 546 ταῦτα
761 510 989 561 φθεγγόμεθα.
1008 510 1090 548 Εἴθε
1107 509 1174 561 γὰρ

157 570 308 620 συνεχῶς
322 569 401 620 περὶ
416 572 483 607 τῶν
502 572 612 607 αὐτῶν
632 569 811 621 ἐλέγομεν·
829 570 896 609 εἴθε
913 570 1001 622 μηδὲ
1022 566 1063 618 ἦν
1085 571 1172 617 ἄλλη

156 643 208 672 τις
226 629 336 679 λόγων
358 629 517 672 ὑπόθεσις
536 629 558 675 ἢ
581 630 736 682 φροντὶς,
759 633 833 669 ἀλλ’
853 631 945 674 ὅπως
967 634 1035 669 τῶν
1054 633 1173 669 παθῶν

158 689 387 741 κρατήσωμεν
419 694 486 729 τῶν
519 691 710 743 ἡμετέρων.
738 694 821 735 Πῶς
852 692 919 744 γὰρ
944 694 1006 730 οὐκ
1035 692 1175 736 ἄτοπον,

162 752 342 801 βασιλεῦσι
366 751 427 802 μὲν
450 754 484 789 ἐν
503 756 613 804 τρυφῇ
637 754 721 796 ζῶσι
745 753 803 790 καὶ
822 752 973 804 τοσαύτῃ
998 756 1085 804 τιμῇ
1108 767 1175 802 μη-

161 810 239 848 δένα
258 805 344 849 εἶναι
370 813 482 864 λόγον,
501 812 589 862 μήτε
616 811 672 850 ἐπὶ
694 812 867 864 τραπέζης
883 843 892 860 ,
915 812 1004 862 μηδὲ
1023 814 1057 849 ἐν
1079 811 1174 862 ἄλλῳ

160 872 282 921 μηδενὶ
306 877 457 925 ἃκαιρῷ,
478 875 568 911 ἀλλὰ
588 876 661 917 πῶς
681 872 781 923 μόνον
802 876 870 910 τῶν
887 872 1065 922 πολεμίων
1086 887 1175 923 κρα-

158 933 263 976 τῆσαι
282 934 348 981 δεῖ,
365 933 423 970 καὶ
440 933 495 970 διὰ
510 938 609 971 τοῦτο
630 934 706 970 καθ’
726 931 874 978 ἑκάστην
891 931 1026 983 ἡμέραν
1047 932 1173 970 συλλό-

158 1008 235 1043 γους
250 1000 371 1040 ποιεῖν,
390 993 448 1032 καὶ
468 992 681 1045 στρατηγοὺς
698 992 757 1030 καὶ
784 991 999 1043 στρατιώτας
1025 992 1174 1030 καταλέ-

156 1068 241 1103 γειν,
258 1054 316 1091 καὶ
331 1054 454 1106 φόρους
469 1056 639 1099 ἀπαιτεῖν,
657 1052 716 1090 καὶ
726 1056 794 1090 τῶν
811 1054 995 1114 πολιτικῶν
1011 1052 1177 1104 πραγμά-

156 1128 224 1150 των
254 1114 382 1158 ταύτας
414 1114 471 1152 δύο
508 1113 620 1155 αἰτίας
651 1113 845 1164 ἀναγκαίας
872 1117 960 1151 εἶναι
995 1116 1176 1165 ἡγεῖσθαι,

155 1174 247 1216 ὅπως
267 1174 324 1211 καὶ
346 1176 413 1212 τῶν
433 1173 676 1224 πολεμούντων
703 1173 926 1227 κρατήσωσι,
945 1174 1005 1212 καὶ
1029 1174 1106 1219 τοὺς
1125 1178 1175 1213 οἰ·-

155 1234 266 1278 κείους
285 1237 317 1273 ἐν
339 1235 456 1287 εἰρήνῃ
477 1234 746 1281 καταστήσωσιν
760 1251 768 1258 ·
789 1238 885 1286 ἡμᾶς
914 1235 948 1274 δὲ
973 1235 1064 1286 μηδὲ
1093 1237 1176 1289 ὄναρ

158 1295 266 1334 θέλειν
282 1295 326 1334 τὰ
344 1301 486 1334 τοιαῦτα
505 1295 746 1347 διαλέγεσθαι,
769 1297 845 1334 ἀλλ’
870 1296 963 1340 ὅπως
988 1298 1050 1347 μὲν
1072 1297 1176 1350 ἀγρὸν

157 1356 395 1408 ὠνησώμεθα,
414 1357 473 1395 καὶ
493 1356 585 1400 ὅπως
610 1357 811 1409 ἀνδράποδα
827 1387 836 1405 ,
865 1357 925 1395 καὶ
956 1357 1049 1402 ὅπως
1067 1358 1176 1397 πλείω

158 1417 218 1465 τὴν
236 1418 354 1456 οὐσίαν
368 1418 582 1470 ποιήσωμεν,
601 1421 678 1456 καθ’
703 1418 852 1465 ἑκάστην
872 1418 1006 1473 ἡμέραν
1023 1421 1178 1471 διαλεγό-

158 1495 254 1529 μενοι
287 1482 324 1517 οὐ
357 1480 581 1531 λαμὸάνομεν
619 1479 742 1532 κόρον·
769 1479 849 1531 περὶ
873 1480 909 1518 δὲ
937 1482 1005 1518 τῶν
1036 1484 1069 1519 ἐν
1091 1484 1175 1532 ἡμῖν

157 1540 371 1592 πραγμάτιον
399 1540 458 1578 καὶ
478 1544 547 1578 τῶν
573 1540 679 1584 ὄντως
706 1542 807 1590 ἡμῶν
842 1539 918 1578 οὔτε
941 1542 1036 1580 αὐτοὶ
1063 1542 1175 1594 λέγειν

160 1601 353 1651 βουλόμεθα
365 1632 374 1649 ,
391 1600 465 1639 οὐδὲ
486 1600 612 1648 ἑτέρων
623 1600 795 1652 λεγόντων
812 1601 1006 1653 ἀνεχόμεθα
1021 1603 1174 1650 ἀκούειν,

159 1662 248 1713 Περὶ
265 1663 354 1704 τίνος
383 1657 453 1709 οἶν,
477 1661 554 1699 εἰπέ
582 1678 665 1711 μοι,
694 1661 912 1713 διαλέγεσθαι
942 1663 1077 1714 βούλει,
1097 1665 1177 1717 περὶ

160 1721 321 1773 ἀρίστου,
337 1722 441 1760 Ἀλλὰ
460 1725 570 1759 ταῦτα
601 1720 773 1773 μαγείρων
809 1722 854 1759 τὰ
886 1723 1040 1775 ῥήματα.
1073 1724 1178 1763 Ἀλλὰ

158 1783 237 1834 περὶ
254 1783 450 1836 χρημάτων
467 1798 476 1828 ;
493 1781 597 1820 Ἀλλὰ
612 1786 722 1819 ταῦτα
738 1783 906 1830 καπήλων
926 1783 986 1821 καὶ
1003 1785 1176 1838 ἐμπόρων.

160 1842 264 1880 Ἀλλὰ
296 1844 374 1895 περὶ
405 1842 629 1893 κτισμάτιι)ν;
654 1842 759 1882 Ἀλλὰ
787 1848 897 1882 ταῦτα
922 1845 1090 1884 τεκτόνων
1120 1846 1179 1884 καὶ

158 1904 359 1955 οἰκοδόμων.
382 1904 487 1942 Ἀλλὰ
511 1903 590 1955 περὶ
617 1907 701 1955 γῆς,
732 1903 835 1942 Ἀλλὰ
864 1909 975 1943 ταῦτα
1002 1909 1177 1959 γεωργῶν.

158 1964 281 2015 Ἧμῶν
312 1965 347 2003 δὲ
379 1965 472 2004 οὐδὲν
501 1964 616 2017 ἕτερόν
642 1966 735 2003 ἔστιν
768 1965 880 2018 ἔργον,
913 1968 990 2005 ἀλλ’
1026 1966 1048 2013 ἢ
1079 1966 1179 2011 ι’πῶς

158 2027 305 2064 πλοῦτον
337 2025 635 2078 περιποιησόμεθα
654 2030 696 2078 τῇ
717 2028 824 2079 ψυχῇ.
846 2026 906 2074 Μὴ
936 2027 1047 2066 τοίνυν
1067 2044 1179 2080 προσ-

159 2087 262 2139 κορὴς
279 2091 295 2125 ὁ
311 2087 410 2139 λόγος
426 2086 583 2138 γινέσθω.
604 2086 672 2124 Διὰ
691 2087 726 2124 τί
743 2088 809 2139 γὰρ
831 2088 951 2138 μηδεὶς
971 2091 1111 2139 ἐγκαλεῖ
1128 2093 1178 2142 τῷ

159 2150 266 2201 ἰατρῷ
286 2149 366 2202 περὶ
386 2151 544 2200 ἰατρικῆς
563 2148 615 2186 ἀεὶ
643 2149 898 2201 διαλεγομένῳ,
916 2149 1005 2199 μηῖὲ
1023 2156 1095 2193 τοῖς
1114 2151 1178 2189 ἅλ-

158 2211 229 2252 λοις
245 2216 314 2253 τοῖς
333 2211 554 2262 δημιουργοῖς
575 2208 654 2260 περὶ
669 2212 737 2246 τῶν
753 2209 887 2247 οἰκείων
904 2213 1035 2261 τεχνῶν
1055 2211 1179 2262 λέγου-

157 2287 228 2318 σιν,
247 2273 288 2308 Εἰ
309 2270 371 2321 μὲν
390 2270 457 2322 γὰρ
477 2268 582 2312 οὕτως
600 2272 684 2318 ἡμῖν
701 2263 743 2315 ἦν
760 2271 1021 2323 κατωρθωμένα
1044 2271 1087 2310 τὰ
1108 2276 1178 2311 τῶν

155 2335 288 2379 παθῶν,
310 2333 356 2375 ὡς
384 2330 431 2381 μὴ
460 2331 591 2368 δεῖσθαι
618 2329 866 2380 ὑπομνήσεως,
888 2332 1028 2376 εἰκότως
1056 2332 1096 2371 ἄν
1126 2350 1178 2378 τις

154 2395 237 2441 ἡμῖν
268 2392 446 2430 ἐνεκάλεσε
467 2390 666 2441 φιλοτιμίαν
686 2390 745 2428 καὶ
765 2391 927 2436 ἐπίδειξιν
943 2408 951 2415 ·
975 2394 1106 2443 μᾶλλον
1141 2396 1177 2434 δὲ

154 2452 230 2491 οὐδὲ
250 2452 369 2496 οὕτως.
391 2453 435 2489 Εἰ
450 2450 518 2503 γὰρ
537 2450 596 2489 καὶ
616 2451 845 2503 κατώρθωτο,
863 2453 923 2492 καὶ
943 2453 1050 2499 οὕτως
1070 2457 1176 2508 ἐχρῆν

157 2513 398 2563 διαλέγεσθαι,
429 2511 519 2549 ὥστε
550 2511 597 2562 μὴ
627 2513 836 2551 ἀναπεσεῖν·
868 2514 944 2552 ἐπεὶ
975 2515 1035 2553 καὶ
1067 2517 1178 2571 ἰατροὶ

157 2573 235 2625 οὐχὶ
263 2577 434 2621 νοσοῦσιν,
458 2573 548 2612 ἀλλὰ
575 2573 634 2611 καὶ
654 2573 845 2625 ὑγιαίνουσι
860 2575 1089 2628 διαλέγονται,
1118 2577 1178 2617 καὶ

157 2635 250 2674 ἔστιν
271 2637 383 2679 αὐτοῖς
403 2634 523 2686 βιὸλία
547 2634 710 2682 τοιαύτης
728 2637 990 2688 πραγματείας,
1011 2645 1082 2683 τοῖς
1102 2639 1178 2691 μὲν,

156 2696 212 2735 ἵνα
230 2698 291 2742 τῆς
306 2696 404 2735 νόσου
425 2697 696 2744 ἀπαλλάττωσι,
717 2704 789 2740 τοῖς
809 2697 843 2735 δὲ
856 2726 865 2743 ,
894 2698 951 2737 ἵνα
975 2699 1039 2746 τὴν
1058 2701 1176 2752 ὑγείαν

157 2757 446 2810 διαφυλάττωσιν.
477 2757 588 2796 “ssave
608 2760 636 2796 εἷ
656 2758 715 2796 καὶ
739 2759 953 2810 ὑγιαίνομεν,
976 2762 1051 2799 οὐδὲ
1071 2763 1179 2807 οὕτως

157 2821 350 2865 ἀποστῆναι
371 2821 489 2871 ἐχρῆν,
510 2819 600 2857 ἀλλὰ
619 2818 734 2857 πάντα
761 2827 870 2859 ποιεῖν
887 2820 977 2860 ὥστε
1009 2824 1176 2876 διατηρη-

157 2883 258 2926 θῆναι
278 2880 341 2926 τὴν
361 2879 479 2931 ὑγείαν
496 2882 595 2931 ἡμῖν.

208 2939 322 2979 ίΌταν
344 2940 379 2979 δὲ
395 2941 454 2978 καὶ
469 2944 636 2992 νοσῶμεν,
653 2942 758 2988 διπλῆ
774 2944 842 2980 τῶν
860 2943 1004 2996 λόγωνὴ
1023 2945 1158 2998 ἀνάγκη
1171 2963 1178 2970 ·

159 3001 222 3052 μία
243 3001 316 3052 μὲν,
344 3003 591 3053 ἀπαλλαγῆναι
606 3006 667 3049 τῆς
683 3002 783 3042 νόσου
797 3020 804 3027 ·
823 3005 966 3059 δευτέρα
986 3007 1021 3045 δὲ
1035 3038 1045 3056 ,
1067 3009 1181 3046 ἀπαλ-

156 3063 326 3114 λαγέντας
346 3065 394 3113 μὴ
420 3068 619 3114 περιπεσεῖν
649 3063 767 3103 πάλιν.
795 3067 930 3105 Οὐκοῦν
949 3071 1180 3122 θεραπευτικῇ

159 3124 292 3177 μεθόδῳ
323 3123 551 3175 διαλεγόμεθα
590 3128 660 3173 νῦν,
690 3128 754 3177 οὐχ
783 3129 914 3179 ὑγιεινῇ
944 3130 1179 3183 πραγματείᾳ.

158 3187 243 3229 Πῶς
258 3180 315 3224 οῧν
345 3186 385 3224 ἄν
405 3202 456 3229 τις
475 3186 514 3224 τὸ
533 3187 639 3225 κακὸν
659 3192 759 3226 τοῦτο
779 3189 939 3243 ἐκκόψειε
954 3191 1084 3242 πάθος,
1107 3196 1182 3237 πῶς

159 3247 217 3285 τὸν
248 3247 416 3300 εσφοδρὸν
447 3247 663 3286 ὑποστείλειε
694 3250 862 3301 πυρετόν;
895 3251 1043 3303 Ἴδωμεν
1077 3253 1180 3293 πόθεν

208 3362 219 3374 =¹
244 3349 338 3381 Unus
353 3349 437 3381 Cod.
457 3359 561 3395 καιρῷ·
585 3356 653 3385 ἀλλ’
669 3357 746 3390 ὅπως
760 3363 817 3387 τῶν
833 3360 993 3398 πολεμίων.

210 3403 227 3425 b
253 3401 344 3433 Unus
362 3410 420 3438 πῶς
437 3405 562 3436 πλοῦτον
579 3408 779 3447 ἐργασόμεθα.

1348 246 1504 276 noim„
1543 248 1688 278 xxxu.
2143 253 2230 296 277

1250 327 1435 379 quidpiam
1459 328 1599 367 efficiet.
1620 330 1712 367 Nam
1737 328 1970 382 pharmacum
1999 330 2076 369 vim
2099 330 2233 368 habens

1249 389 1398 426 curandi
1418 389 1560 439 vulnus,
1581 389 1650 427 nisi
1669 391 1866 441 frequenter
1884 400 2096 443 apponatur,
2117 400 2232 429 totum

1250 449 1380 500 perdit.
1398 451 1450 487 Ne
1460 451 1590 501 putetis
1600 465 1662 490 vos
1676 451 1900 489 condemnari
1916 466 1960 491 ex
1972 452 2147 504 frequenti
2163 453 2233 490 hu-

1246 510 1403 561 jusmodi
1418 511 1574 549 oratione
1594 528 1601 548 :
1622 513 1651 550 si
1669 513 1764 550 enim
1780 527 1843 552 vos
1860 514 2141 564 condemnarem,
2161 528 2231 552 non

1249 571 1473 610 concionarer
1490 587 1497 608 :
1513 586 1607 611 nunc
1619 587 1703 613 vero
1716 584 1894 626 sperantes
1903 588 1966 614 vos
1978 576 2131 613 multum
2147 576 2232 614 hinc

1200 631 1223 659 Β
1248 632 1447 671 lucraturos
1470 648 1554 684 esse,
1572 635 1649 673 haec
1676 635 1870 686 loquimur.
1893 637 2041 676 Utinam
2061 647 2232 691 perpetuo

1249 692 1293 730 de
1320 693 1446 732 iisdem
1475 695 1703 746 loqueremur
1724 713 1731 733 :
1752 698 1889 736 utinam
1916 699 2015 737 nulla
2045 709 2132 738 esset
2163 700 2233 738 alia

1250 755 1479 793 concionandi
1497 756 1633 794 occasio
1649 757 1705 795 vel
1721 771 1817 807 cura,
1833 773 1940 809 quam
1954 761 2130 810 quomodo
2146 761 2235 801 vitia

1250 823 1368 852 nostra
1392 829 1608 867 superemus.
1628 817 1816 863 Quomodo
1840 820 1935 857 enim
1950 835 2019 858 non
2038 822 2233 860 absurdum

1250 875 1371 925 fuerit,
1388 877 1533 927 regibus
1552 877 1588 915 in
1607 878 1744 917 deliciis
1763 880 1977 930 viventibus,
1997 892 2030 920 et
2048 892 2145 921 tanto
2162 885 2233 922 ho—

1251 948 1348 986 nore,
1370 937 1462 974 nihil
1480 938 1582 976 aliud
1601 953 1694 977 curae
1714 955 1787 978 esse
1806 942 1863 979 vel
1883 942 1919 979 in
1938 957 2070 992 mensa,
2089 945 2146 982 vel
2164 945 2235 983 alio

1252 995 1377 1045 quovis
1395 1005 1564 1050 tempore,
1583 1014 1690 1050 quam
1712 1002 1888 1052 quomodo
1910 1003 2074 1042 inimicos
2095 1005 2236 1043 vincere

1250 1067 1422 1110 oporteat,
1443 1070 1476 1098 et
1492 1075 1531 1098 ea
1548 1062 1592 1100 de
1607 1077 1712 1101 causa
1730 1065 1890 1114 quotidie
1911 1075 2103 1105 conventus
2122 1081 2237 1119 agere,

1251 1118 1359 1157 duces
1385 1134 1426 1158 ac
1445 1121 1576 1160 milites
1604 1123 1780 1175 adlegere,
1799 1125 1936 1163 tributa
1967 1127 2110 1178 exigere
2118 1144 2129 1179 3
2149 1138 2182 1166 et
2200 1129 2236 1166 in

1251 1178 1420 1218 civilibus
1449 1181 1556 1220 rebus
1579 1182 1644 1221 has
1678 1184 1767 1223 duas
1794 1194 1933 1224 tantum
1951 1201 2006 1225 res
2027 1189 2238 1227 necessarias

1251 1254 1324 1278 esse
1355 1249 1492 1292 putare,
1512 1251 1551 1280 ut
1579 1243 1717 1283 inimici
1743 1246 1945 1296 vincantur,
1964 1257 1997 1285 et
2017 1247 2070 1285 sui
2096 1248 2132 1286 in
2154 1263 2239 1301 pace

1251 1300 1383 1352 degant
1403 1317 1410 1337 :
1431 1315 1494 1340 nos
1512 1317 1597 1343 vero
1621 1317 1664 1342 ne
1685 1320 1748 1358 per
1770 1308 1946 1345 somnium
1964 1308 2108 1358 quidem
2124 1309 2169 1346 de
2184 1310 2240 1348 his

1250 1371 1414 1414 tractare,
1436 1363 1498 1402 scd
1518 1366 1697 1415 quomodo
1719 1382 1847 1420 agrum
1869 1383 2042 1420 emamus,
2059 1372 2239 1422 quomodo

1251 1438 1382 1474 servos,
1407 1427 1584 1476 quomodo
1612 1442 1695 1480 opes
1730 1443 1946 1482 augeamus,
1975 1432 2134 1482 quotidie
2165 1433 2241 1471 sine

1250 1499 1380 1524 nausea
1408 1500 1590 1539 euremus;
1613 1489 1658 1527 de
1682 1491 1789 1528 rebus
1813 1501 1931 1530 autem
1961 1493 2090 1531 nostris
2109 1503 2141 1531 et
2159 1508 2240 1533 vere

1251 1547 1380 1584 nostris
1401 1561 1464 1585 nec
1477 1548 1591 1599 loqui,
1612 1564 1725 1601 neque
1741 1551 1829 1590 alios
1848 1553 2002 1592 dieentes
2015 1555 2139 1593 audire
2153 1556 2240 1594 veli-

1252 1609 1447 1655 musi'Qua
1469 1609 1514 1648 de
1540 1625 1578 1648 re
1602 1626 1685 1664 ergo
1705 1613 1760 1652 vis
1783 1614 2002 1654 disseratur?
2015 1631 2059 1654 an
2076 1617 2120 1655 de
2133 1632 2240 1669 pran-

1252 1669 1338 1708 dio?
1356 1671 1427 1708 Sed
1450 1671 1526 1709 haee
1544 1673 1592 1711 ad
1617 1687 1746 1724 coquos
1764 1677 1872 1714 verba
1899 1678 2088 1729 pertinent.
2108 1680 2163 1716 An
2196 1679 2241 1716 de

1251 1731 1434 1782 pecuniis?
1453 1731 1523 1769 Sed
1547 1733 1622 1771 haec
1640 1735 1898 1786 negotiantium
1918 1748 1999 1776 sunt
2022 1748 2054 1776 et
2069 1749 2239 1778 mercato-

1251 1805 1343 1828 rum.
1364 1793 1420 1828 An
1438 1790 1483 1829 de
1508 1792 1696 1832 aedificiis?
1716 1796 1788 1834 Sed
1815 1797 1891 1835 haec
1915 1799 2186 1839 architectorum
2207 1811 2240 1838 et

1251 1851 1466 1889 latomorum
1482 1862 1574 1890 sunt.
1591 1855 1643 1891 An
1664 1854 1709 1893 de
1723 1858 1840 1895 terra?
1857 1858 1927 1896 Sed
1943 1859 2019 1897 haec
2037 1860 2083 1898 ad
2102 1861 2242 1912 agrico-

1252 1910 1315 1949 las.
1333 1913 1445 1950 Nobis
1463 1928 1547 1952 vero
1563 1915 1705 1953 nullum
1720 1917 1821 1955 aliud
1840 1928 1890 1957 est
1906 1933 2009 1972 opuS,
2028 1935 2135 1972 quam
2151 1937 2239 1973 quo-

1252 1971 1359 2011 modo
1381 1973 1527 2012 divitias
1550 1990 1717 2027 paremus
1737 1979 1875 2017 animae.
1896 1982 1949 2018 Ne
1969 1995 2053 2033 ergo
2077 1983 2239 2022 fastidio-

1252 2046 1312 2071 sus
1329 2034 1434 2073 vobis
1452 2049 1567 2073 sermo
1584 2037 1640 2074 sit.
1660 2039 1733 2076 Cur
1748 2040 1844 2077 enim
1862 2041 1983 2079 nullus
2001 2053 2142 2082 accusat
2161 2060 2238 2083 me-

1253 2093 1388 2144 djcum,
1407 2095 1504 2145 quod
1522 2110 1660 2148 semper
1673 2098 1718 2136 de
1739 2100 1915 2139 medicina
1929 2103 2107 2154 loquatur,
2128 2120 2240 2157 neque

1252 2154 1339 2192 alios
1352 2155 1517 2206 artifices,
1531 2158 1626 2207 quod
1645 2159 1689 2196 de
1705 2170 1780 2198 arte
1789 2175 1850 2199 sua
1870 2162 2070 2203 disserant?
2083 2167 2121 2204 Si
2141 2182 2240 2205 nam-

1253 2230 1321 2266 que
1340 2216 1428 2254 vitia
1455 2227 1575 2256 nostra
1604 2219 1655 2257 sic
1681 2221 1816 2260 domita
1838 2235 1965 2276 essent,
1988 2235 2028 2264 ut
2052 2241 2121 2266 non
2147 2230 2241 2268 ultra

1255 2277 1400 2315 monitis
1430 2292 1520 2330 opus
1550 2279 1735 2333 haberent,
1747 2284 1829 2336 jure
1861 2285 1940 2336 quis
1962 2301 2025 2325 nos
2052 2288 2240 2341 incusaret,

1252 2338 1350 2389 quod
1367 2338 1413 2376 ad
1427 2342 1694 2381 ostentationem
1713 2344 1813 2396 loqui
1830 2347 2021 2400 vellemus,
2039 2349 2110 2388 imo
2130 2365 2240 2403 neque

1252 2399 1314 2439 sic.
1335 2401 1425 2437 Nam
1445 2401 1583 2440 etiamsi
1599 2405 1780 2444 emendata
1797 2418 1921 2458 essent,
1936 2409 1987 2447 sie
2002 2425 2144 2462 quoque
2162 2428 2239 2451 mo-

1252 2461 1409 2500 nendum
1423 2473 1523 2512 esset,
1541 2479 1584 2502 ne
1602 2466 1848 2507 recideremus.
1866 2470 2009 2509 Etenim
2025 2474 2153 2512 medici
2170 2489 2239 2514 non

1253 2537 1366 2575 aegros
1381 2533 1530 2573 tantum,
1540 2526 1601 2565 sed
1613 2529 1719 2567 etiam
1730 2530 1979 2571 benevalentes
1991 2533 2239 2586 alloquuntur,

1203 2590 1227 2619 E
1251 2584 1433 2636 librosque
1445 2586 1577 2625 habent
1597 2603 1704 2641 super
1723 2605 1761 2628 ea
1782 2606 1830 2641 re,
1845 2601 1883 2630 ut
1898 2603 1931 2631 et
1947 2596 2088 2634 morbos
2102 2608 2238 2647 curent,

1252 2655 1286 2684 et
1304 2646 1550 2686 valetudinem
1571 2660 1721 2689 servent.
1738 2653 1861 2704 Itaque
1881 2655 1946 2692 etsi
1970 2657 2045 2694 sani
2070 2672 2239 2709 essemus,

1252 2720 1366 2757 neque
1387 2707 1437 2745 sic
1455 2708 1624 2748 absistere
1645 2720 1836 2765 oporteret,
1856 2715 1916 2754 sed
1933 2717 2050 2755 omnia
2069 2719 2182 2758 facere
2202 2731 2240 2758 ut

1253 2768 1498 2807 valetudinem
1513 2784 1748 2811 servaremus.

1307 2945 1344 2983 5.
1375 2946 1465 2986 Cum
1494 2957 1612 2986 autem
1631 2958 1855 3002 aegrotemus,
1871 2951 2006 3004 duplex
2032 2963 2083 2992 est
2104 2957 2239 2994 verbo—

1254 3021 1337 3045 rum
1355 3009 1554 3059 necessitas,
1570 3019 1647 3048 tum
1663 3021 1701 3049 ut
1715 3027 1734 3049 a
1749 3014 1872 3051 morbo
1890 3014 2095 3066 liberemur,
2112 3026 2188 3056 tum
2202 3029 2242 3056 ut

1254 3068 1408 3119 liberati,
1426 3084 1470 3108 ne
1490 3085 1632 3109 rursum
1652 3072 1861 3112 incidamus.
1880 3075 1976 3127 Ergo
1996 3078 2144 3116 curandi
2164 3094 2241 3118 me—

1253 3130 1406 3168 thodum
1431 3146 1525 3170 nunc
1549 3141 1757 3185 tractamus,
1776 3150 1839 3173 nec
1863 3136 1907 3174 de
1932 3138 2080 3177 sanitate
2110 3141 2238 3192 agitur.

1254 3192 1442 3239 Quomodo
1457 3194 1535 3244 quis
1551 3195 1684 3232 malum
1700 3196 1769 3234 hoc
1786 3197 1916 3236 vitium
1929 3200 2139 3240 exscindat?
2154 3217 2241 3254 quo-

1255 3253 1360 3292 modo
1379 3254 1621 3293 vehementem
1639 3257 1735 3295 sedet
1758 3258 1919 3298 febrem?
1935 3261 2129 3303 Videamus
2148 3265 2241 3303 unde

1283 3368 1295 3381 c
1319 3356 1412 3390 Idem
1431 3361 1553 3404 σφοδρὸν
1569 3361 1774 3397 ὐποσκελίσειε,

2028 3469 2086 3503 ¹:21).
