2502 3810
680 252 723 281 {N
761 251 873 281 ACTA

120 339 294 392 ταράττῃ,
321 338 380 377 καὶ
403 338 527 391 ὄνειροι
546 337 605 376 καὶ
626 338 768 389 ῥήματα
799 339 858 376 καὶ
879 338 1049 391 σχήματα
1073 338 1132 377 καὶ

118 399 262 451 ὑποψίαι
280 399 419 445 ἁπλῶς,
439 398 523 437 πότε
540 398 722 445 δυνήσεται
739 400 786 442 εἷς
806 399 930 445 ἑαυτὴν
950 399 1047 447 ἰδεῖν,
1069 397 1133 436 οὕ-

116 475 183 501 τως
209 457 486 533 ἐκτεταραγμένη
517 474 576 496 και
593 457 872 511 τεΟορυὸημένη,
894 458 1042 509 Λύωμεν
1062 457 1134 497 τοί-

116 535 174 557 νυν
198 520 304 565 αὐτης
321 519 360 556 τὸ
375 518 468 565 δέος,
486 519 723 570 διαρρήξωμεν
734 518 778 557 τὰ
795 518 920 569 δεσμά.
936 520 981 557 Εἰ
996 517 1065 571 γὰρ
1083 517 1132 569 μὴ

116 578 256 623 κόλασις
287 583 343 625 ἠν,
379 577 480 622 ποίας
512 583 621 617 ταῦτα
651 579 826 623 κολάσεως
852 579 889 617 οὗ
921 579 1052 631 χείρω,
1067 578 1134 616 ὑπὸ

118 639 245 692 φόὸῳΥ
229 656 287 691 ςῃν
304 639 373 687 ἀει,
394 637 570 691 μηδέποτε
585 641 746 692 θαρρεῖν,
763 639 935 690 μηδέποτε
957 637 1133 685 ἀνίεσθαι;

118 700 240 737 Ταῦτα
262 698 303 745 δὴ
323 699 437 738 πάντα
464 698 551 750 μετὰ
568 699 745 751 ἀκριὸείας
768 699 912 747 εἰδότες,
932 700 967 736 ἐν
996 697 1130 750 γαλήνῃ

118 759 257 802 ἑαυτοὺς
285 760 516 811 διατηρῶμεν,
539 760 598 798 καὶ
630 763 754 812 ἀρετῆς
782 758 1049 809 ἐπιμελώμεθα,
1074 757 1132 795 ἵνα

117 819 175 856 καὶ
194 822 274 871 ὑγιῆ
294 820 451 872 δόγματα
473 821 608 871 ἔχοντες
626 820 685 857 καὶ
715 819 786 870 βίον
815 819 926 870 ὀρθὸν,
952 817 1131 870 ἀπροσκό-

117 895 211 922 πτως
231 880 292 926 τὴν
315 884 490 933 παροῦσαν
511 880 600 926 ζωὴν
613 879 838 928 διανύσωμεν,
858 878 917 915 καὶ
936 879 1003 915 τῶν
1019 881 1130 927 ἐπηγ-

116 941 291 990 γελαένων
328 943 464 992 ἀγαθῶν
503 946 574 983 τοῖς
611 941 810 990 ἀγαπῶσιν.
825 938 923 976 αὐτὸν
954 941 1129 989 ἐπιτυχεῖν

116 1001 326 1051 δυνηθῶμεν,
345 1001 465 1052 χάριτι
490 1017 549 1039 και
568 999 808 1052 φιλανθρωπίᾳ
828 1015 886 1037 του
917 1000 1132 1048 Μονογενους

116 1060 237 1107 αὐτου,
259 1063 332 1135 μεθ’
354 1064 391 1098 οὑ
409 1063 458 1097 τῶ
476 1060 611 1111 Πατρὶ,
627 1060 701 1109 ἅμα
716 1075 766 1110 τῳ
792 1057 880 1110 ἁγίῳ
901 1059 1003 1095 αὐτου
1019 1056 1132 1094 Πνεύ-

114 1135 216 1167 ματι,
235 1120 331 1168 δόξα,
350 1120 495 1173 κράτος,
513 1120 620 1170 τιμὴ,
641 1136 698 1158 νυν
723 1120 783 1158 καὶ
802 1119 879 1167 ἀεὶ,
903 1134 963 1156 και
983 1120 1030 1162 εἷς
1054 1133 1133 1161 τους

115 1180 240 1223 αἰῶνας
256 1181 323 1217 τῶν
344 1179 490 1217 αἰώνων.
514 1179 634 1230 Ἀμήν.

480 1425 659 1463 OMIAIA
687 1423 761 1475 μη’.

112 1542 272 1594 Ἐγένετο
291 1543 327 1582 δέ
348 1559 406 1595 μοι
427 1545 446 1565 *
459 1545 710 1598 ὑποστρέφοντι
731 1547 777 1590 εἷς
795 1544 1028 1597 Ἰερουσαλὴμ
1041 1572 1051 1591 ,
1071 1546 1129 1584 εὖ·

162 1603 310 1655 χομένου
334 1607 368 1643 ἐν
386 1608 434 1658 τῶ
451 1608 531 1659 ἱερῷ
544 1637 554 1653 ,
569 1606 729 1657 γενέσθαι
750 1623 793 1657 με
813 1608 847 1644 ἐν
868 1606 1048 1653 ἐκστάσει,
1070 1606 1130 1644 καὶ

164 1665 244 1702 ἰδεῖν
262 1664 428 1716 λέγοντά
423 1681 480 1703 μοι
496 1667 616 1704 αὐτὸν·
636 1682 795 1714 σπευσον,
816 1683 874 1704 και
890 1666 1000 1710 εςελεθ
1016 1681 1050 1703 εν
1066 1666 1130 1703 τά-

162 1741 204 1776 χε
190 1724 267 1768 »ιέξ
285 1724 533 1777 Ἰερουσαλὴμ,
552 1726 639 1765 διότι
658 1728 695 1766 οὗ
714 1726 968 1780 παραδέξονταί
986 1742 1045 1765 σου
1065 1742 1128 1772 ττν

164 1784 354 1838 μαρτυρίαν
374 1802 453 1861 ·tt3dpt
473 1788 570 1837 ἐμου.
599 1786 707 1838 Κάγω
736 1791 852 1825 εἶπον·
874 1786 1001 1839 Κύριε,
1032 1787 1129 1825 αὐτοὶ

163 1845 385 1894 ἐπίστανται,
405 1845 458 1884 ὅτι
492 1845 560 1923 ἐγω
593 1847 688 1897 ἤμην
716 1846 912 1898 φυλακίζων
933 1847 993 1884 καὶ
1021 1845 1126 1897 δέρων

162 1921 227 1942 κατ
230 1923 251 1943 α
270 1905 331 1949 τὰς
352 1907 587 1957 συναγωγὰς
570 1923 648 1951 τους
668 1907 894 1950 πιστεύοντας
911 1907 969 1945 ἐπὶ
989 1906 1050 1946 σέ·
1068 1906 1127 1946 καὶ

161 1966 216 2004 ὅτε
239 1967 387 2018 ἐξεγεῖτο
406 1968 444 2006 τὸ
465 1962 600 2017 αἱμαῩ
572 1968 749 2020 ...τεφάνου
768 1971 827 2006 τοῦ
855 1968 1027 2020 μάρτυρός
1048 1984 1126 2017 σου,

162 2027 220 2064 καὶ
237 2026 337 2070 αὐτὸς
353 2027 447 2078 ἥμνν
468 2027 639 2080 Ξυεστως,
658 2028 716 2066 καὶ
737 2030 947 2067 συνευδοκων
963 2045 1005 2079 τῃ
1024 2045 1128 2067 αναι-

164 2086 255 2139 ρέσει
277 2090 399 2137 αὐτοῦ,
423 2089 608 2140 φυλάσσων
635 2088 679 2127 τὰ
698 2089 821 2140 ἱμάτια
846 2092 914 2127 τῶν
944 2089 1126 2143 ἀναιρούν-

158 2164 226 2185 των
243 2148 358 2186 αὐτόν.

153 2336 248 2386 “Opoe
268 2337 341 2380 πῶς
355 2335 476 2373 ἑαυτὸν
492 2337 628 2374 εἷο-ωθεῖ
645 2353 691 2380 εις
710 2336 788 2382 τους
802 2338 989 2383 κινδύνους.
1007 2338 1125 2378 Ἐπα-

101 2412 153 2447 (ῑῑ
181 2412 270 2448 W?

304 2396 462 2468 Ἐγένετο
489 2397 526 2435 δε
552 2412 610 2447 μοι
640 2401 787 2474 ὑπρστρε
780 2398 889 2451 ἐροντι
918 2402 965 2443 εἷς
991 2399 1035 2437 ‘31
1024 2416 1123 2452 ρου-

911 250 1190 281 APOSTOLORU
1199 251 1230 281 M
1239 270 1247 280 .

2094 241 2175 292 401

1204 352 1426 391 rumpamus.
1457 340 1550 377 Nam
1570 338 1600 377 si
1632 351 1701 376 non
1720 346 1808 377 esset
1833 350 1950 390 poena,
1983 352 2054 390 qua
2082 352 2183 391 poena

1203 399 1280 437 haec
1297 398 1440 450 gravior
1457 413 1526 437 non
1545 399 1665 446 fuerit,
1686 399 1723 436 in
1749 398 1875 437 timore
1894 412 2031 450 semper
2047 398 2181 445 vivere,

1204 472 1399 510 numquam
1430 459 1606 497 confidere
1616 489 1628 506 ,
1660 473 1855 510 numquam
1874 459 2082 510 quiescere-‚⁰
2102 459 2187 498 Haec

1204 519 1322 557 omnia
1335 529 1497 558 accurate
1511 520 1670 569 scientes,
1698 520 1734 557 in
1756 519 2012 570 tranquillitate
2030 533 2094 558 nos
2117 534 2188 558 ser-

1204 593 1342 628 vemus,
1364 589 1398 617 et
1425 579 1594 618 virtutem
1610 580 1781 627 colamus,
1803 586 1843 617 ut
1865 593 1948 617 sana
1968 578 2136 630 dogmata
2154 588 2188 617 et

1203 639 1316 677 vitam
1345 640 1475 678 bonam
1501 640 1693 687 habentes,
1730 640 1803 678 sine
1828 640 2043 678 offendiculo
2075 640 2188 679 vitam

1204 710 1411 752 praesentem
1425 701 1676 751 transigamus,
1700 710 1732 738 et
1754 701 1927 752 promissa
1954 701 2188 753 diligentibus

1203 760 1322 811 ipsum
1344 761 1437 798 bona
1456 774 1712 810 consequamur
1730 790 1742 806 ,
1760 761 1875 810 gratia
1910 770 1943 798 et
1968 762 2187 813 benignitate

1202 821 1387 871 Unigeniti
1421 821 1510 872 ejus,
1532 821 1679 870 quicum
1705 820 1804 858 Patri
1825 830 1858 858 et
1886 822 2038 873 Spiritui
2067 832 2187 860 sancto

1202 880 1329 930 gloria,
1353 879 1556 931 imperium,
1575 878 1702 926 honor,
1726 894 1820 918 nune
1838 890 1871 918 et
1899 895 2051 934 semper,
2087 891 2120 920 et
2150 883 2185 920 in

1152 945 1177 973 D
1200 939 1328 978 saecula
1339 940 1562 978 saeculorum.
1580 941 1706 978 Amen.

1286 251 1442 281 nomn..
1480 252 1635 282 XLVIII-

1498 1423 1707 1462 HOMILIA
1737 1423 1912 1466 XLVIII.

1205 1545 1429 1585 CARXXII.
1441 1560 1478 1585 v.
1495 1548 1556 1587 17.
1573 1549 1742 1586 Factum
1758 1556 1814 1586 est
1833 1555 1961 1586 antem
1979 1550 2187 1586 revertenti

1257 1609 1354 1646 mihi
1370 1611 1412 1646 in
1426 1609 1660 1658 Jerusalem,
1679 1617 1715 1647 et
1732 1612 1863 1647 oranti
1878 1611 1920 1647 in
1940 1610 2095 1661 templo7
2113 1610 2186 1661 fie-

1255 1670 1290 1705 ri
1306 1683 1366 1706 me
1379 1670 1420 1705 in
1431 1671 1576 1707 exstasi
1576 1671 1611 1715 ,1
1622 1668 1659 1707 8.
1673 1677 1710 1706 et
1723 1671 1857 1707 videre
1869 1670 1981 1708 illum
1993 1671 2184 1708 dicentem

1256 1730 1352 1766 milzi
1369 1744 1379 1765 .·
1395 1731 1571 1775 Festina,
1597 1738 1633 1767 et
1654 1732 1717 1768 exi
1737 1730 1926 1768 velociter
1949 1745 1996 1768 eac
2017 1732 2183 1769 Jerusa-

1256 1790 1352 1836 lem,
1376 1792 1562 1841 quoniam
1596 1803 1674 1827 non
1703 1793 1885 1841 recipient
1925 1793 2185 1828 testimonium

1255 1857 1361 1887 tuum
1375 1850 1421 1887 de
1441 1863 1512 1887 me.
1537 1850 1598 1887 19.
1619 1851 1673 1887 Et
1688 1863 1755 1901 ego
1771 1851 1854 1887 dixi
1875 1865 1886 1886 .-
1907 1851 2089 1897 Domine,
2112 1853 2186 1902 ipsi

1252 1912 1380 1948 sciunt
1394 1940 1406 1960 ,
1426 1913 1519 1962 quia
1530 1924 1597 1962 ego
1613 1924 1719 1948 eram
1739 1911 1975 1949 concludens
1994 1913 2035 1948 in
2048 1925 2182 1949 carce-

1252 1986 1345 2019 rem,
1365 1980 1402 2009 et
1418 1972 1568 2011 coedens
1583 1986 1652 2023 per
1678 1985 1903 2024 synagogas
1923 1986 2000 2022 eos,
2019 1975 2088 2025 qui
2106 1987 2183 2011 cre-

1251 2032 1395 2070 debant
1412 2034 1454 2069 in
1483 2040 1519 2069 te
1539 2047 1550 2068 .·
1571 2033 1636 2070 90.
1660 2041 1697 2070 et
1725 2046 1812 2070 cum
1837 2034 2070 2084 funderetur
2093 2047 2184 2071 san-

1248 2095 1334 2144 guis
1351 2093 1538 2144 Stephani
1557 2095 1662 2131 testis
1693 2095 1764 2140 tui,
1787 2107 1854 2145 ego
1887 2094 2110 2140 adstabant,
2147 2102 2183 2131 et

1250 2155 1535 2191 consentiebam
1564 2155 1646 2190 neci
1660 2155 1756 2205 ejus,
1776 2161 1812 2190 et
1830 2154 2091 2191 custodiebam
2113 2167 2183 2191 ve-

1242 2217 1425 2252 stimenta
1440 2214 1753 2266 interficientium
1767 2215 1892 2253 illum.

1152 1728 1177 1758 E

1249 2335 1264 2373 1
1279 2335 1386 2375 .Vide
1395 2334 1572 2387 quomodo
1587 2349 1622 2373 se
1643 2335 1678 2373 in
1699 2335 1855 2388 pericula
1872 2335 2184 2388 conjiciat.811bdit

1195 2395 1312 2434 enim:
1334 2399 1497 2434 Factum
1513 2405 1567 2435 est
1582 2405 1712 2434 autem
1724 2400 1931 2434 revertenti
1947 2398 2043 2434 mihi
2062 2400 2103 2434 in
2116 2399 2182 2435 Je-

102 2456 240 2505 σαλημ·
265 2455 460 2503 τουτέστιν,
484 2451 587 2503 ἦλθον
614 2457 702 2508 μετὰ
734 2458 797 2506 τὴν
820 2459 895 2512 οξκιν
925 2459 1058 2507 ἐκείνην
1076 2462 1124 2504 εἷς
1135 2487 1182 2510 353
1195 2458 1383 2506 rusalem3
1398 2457 1436 2495 id
1449 2466 1511 2506 est,
1530 2465 1608 2508 post
1626 2456 1799 2495 visionem
1814 2458 1915 2495 illam
1934 2472 2057 2496 1uxsus
2069 2473 2104 2496 ln
2125 2460 2180 2498 Je-

102 2515 333 2566 Ἱερουσαλὴμ
361 2516 477 2555 πάλιν.
510 2517 577 2554 Και
603 2519 882 2570 προσευγομένου
910 2537 974 2571 μου
1008 2523 1041 2559 ἓν
1073 2524 1122 2559 τῶ

102 2578 200 2628 ἱερῷ,
219 2576 377 2626 γενέσθαι
393 2593 435 2626 με
448 2578 481 2614 ἓν
499 2577 682 2625 ἐκστάσει,
700 2579 759 2616 καὶ
779 2580 861 2617 ἰδεῖν
880 2581 1026 2630 λέγοντά
1042 2596 1122 2631 μοι·

101 2639 260 2681 σπεῦσον,
280 2636 338 2674 καὶ
358 2636 468 2681 ἔξελθε
499 2639 532 2674 ἐν
553 2637 670 2689 τάχει,
699 2639 785 2677 διότι
812 2641 848 2678 οὐ
870 2641 1122 2694 παραδέξονταί

100 2713 159 2734 σου
179 2696 241 2743 τὴν
257 2696 449 2748 μαρτυρίαν
464 2698 544 2750 περὶ
557 2699 653 2748 ἐμοῦ.
666 2698 763 2751 εὈρα
775 2730 784 2747 ,
801 2700 877 2738 οὐδὲ
893 2707 994 2740 τοῦτο
1006 2702 1122 2755 ἀμάρ-

100 2773 211 2809 τυρον,
243 2759 319 2795 ἀλλ’
350 2758 418 2796 ἀπὸ
447 2761 510 2804 τῆς
540 2758 714 2803 ἐκοάσεως
733 2763 754 2806 ἡ
778 2761 966 2813 μαρτυρία.
995 2757 1119 2809 Εἶπεν,

97 2817 149 2854 ὅτι
169 2819 221 2855 Οὐ
235 2817 386 2861 δέξονταί
405 2833 464 2856 σου
484 2818 545 2865 την
563 2820 777 2872 μαρτυρίαν·
792 2821 852 2859 καὶ
871 2822 931 2860 οὐκ
946 2823 1116 2867 ἐδέξαντο.

98 2878 167 2915 Και
187 2877 254 2926 μην
276 2893 344 2915 απο
361 2880 538 2930 λογισμῶν
564 2880 632 2918 ἔδει
651 2897 885 2930 υποπτευσαι,
907 2883 960 2920 ὅτι
978 2883 1117 2928 πάντως

97 2936 260 2980 δεξονται.
285 2936 380 2986 ’li-(0)
409 2955 476 3013 γαρ
505 2939 599 2989 ἥμην
630 2943 648 2978 ὃ
680 2941 874 2992 φυλακιζων
901 2943 961 2981 καὶ
993 2943 1115 2996 δεριι)ν,

860 3002 911 3016 ·srr

98 2996 213 3047 φησίν.
233 2995 343 3034 ‘'sto-33
376 2997 432 3035 δια
463 3002 563 3037 τοῦτο
595 3000 663 3038 ἔδει
704 3018 825 3045 αυτους
856 3007 1033 3046 οεςασῡαι·
1055 3020 1114 3042 και

97 3057 190 3106 ὅμως
204 3072 266 3093 ουκ
285 3057 450 3100 ἐδέξαντο.
466 3060 529 3098 Διὸ
547 3076 606 3099 και
620 3078 719 3100 τουτο
734 3065 767 3101 ἐν
787 3066 830 3114 τῇ
849 3064 1011 3102 εκστάσει
1027 3081 1114 3115 μαν-

98 3117 191 3154 Οάνει
210 3131 248 3153 το
271 3116 318 3165 μὴ
340 3118 474 3170 παραδε
460 3123 613 3171 χθῆναι.
634 3121 806 3161 Ενταῧθα
827 3124 886 3162 δύο
914 3140 1111 3164 κατασκευ·

99 3178 169 3219 σίζει

98 3251 136 3272 το
173 3235 261 3277 εἰκὸς
293 3236 391 3273 αὐτὸν
423 3238 563 3277 ἐδίωκον
584 3241 660 3279 ουδὲ
681 3242 793 3282 ἢκατα
819 3244 945 3295 >όγον·
976 3261 1035 3283 και
1059 3246 1111 3284 ὅτι

138 3369 155 3388 *
181 3369 416 3412 [ὑποστρέψαντι
432 3369 485 3410 D.,
504 3371 560 3404 Sed
578 3372 660 3405 infra
679 3377 917 3421 &nemppe-aru]

1147 2523 1172 2553 Α
1196 2519 1349 2556 msalem
1374 2518 1468 2557 veni.
1489 2519 1543 2556 Et
1560 2520 1690 2555 oranti
1710 2521 1751 2555 in
1768 2519 1922 2569 templo,
1942 2519 2041 2570 fieri
2059 2534 2119 2557 nze
2139 2521 2181 2556 in

1194 2582 1353 2625 exstasi,
1369 2588 1406 2616 et
1421 2580 1557 2617 videre
1578 2579 1688 2616 illum
1707 2580 1896 2616 dicentem
1914 2580 2010 2616 mihi
2026 2595 2037 2615 .-
2053 2582 2178 2617 Festi-

1195 2654 1261 2689 na,
1277 2648 1314 2677 et
1326 2642 1389 2676 exi
1399 2639 1587 2676 velociter
1600 2653 1647 2676 ex
1655 2640 1889 2685 Jerusalem,
1905 2642 2089 2690 quoniam
2102 2654 2180 2678 non

1192 2703 1374 2752 recipient
1391 2701 1648 2737 testimonium
1675 2706 1782 2754 tuum
1814 2700 1861 2736 de
1880 2713 1953 2736 me.
1976 2699 2072 2738 Vide
2093 2715 2100 2735 :
2118 2714 2177 2737 ne-

1192 2776 1260 2813 que
1274 2761 1340 2798 hoc
1361 2760 1435 2798 sine
1454 2759 1655 2797 testimonio
1672 2758 1803 2809 agitur,
1829 2758 1889 2796 sed
1907 2760 1952 2796 ab
1982 2769 2110 2797 eventu
2126 2769 2178 2798 est

1190 2821 1441 2860 testimonium.
1474 2820 1636 2867 Dixerat,
1673 2821 1763 2857 Non
1790 2822 1973 2871 recipient
2003 2823 2175 2858 testimo-

1191 2886 1297 2921 nium
1318 2892 1445 2920 tuum:
1466 2891 1499 2919 et
1514 2895 1583 2919 non
1601 2890 1821 2933 receperunt.
1845 2882 1946 2919 Certe
1961 2895 2005 2919 ex
2029 2882 2174 2920 ratioci-

1189 2944 1247 2981 nio
1260 2942 1526 2996 conjectandum
1541 2952 1628 2989 erat,
1644 2942 1738 2993 quod
1752 2950 1864 2979 essent
1882 2941 2068 2994 recepturi.
2087 2944 2175 2995 Ego

1188 3005 1290 3041 enim
1310 3016 1417 3040 eram
1435 3001 1669 3039 concludens
1682 3003 1722 3037 in
1742 3015 1931 3039 carcerem
1947 3009 1983 3038 et
2002 3003 2167 3049 coedens,

1186 3063 1315 3115 inquit.
1341 3062 1425 3101 Ideo
1450 3062 1560 3113 igitur
1579 3062 1732 3114 recipere
1759 3062 1967 3114 oportebat3
1990 3072 2024 3100 et
2055 3072 2172 3101 tamen

1187 3137 1254 3162 non
1271 3131 1488 3176 leceperunt.
1505 3122 1590 3160 Ideo
1608 3122 1703 3159 hoc
1694 3136 1729 3159 1n
1754 3123 1881 3160 exstasi
1908 3122 2024 3173 discit,
2039 3137 2076 3162 se
2102 3137 2171 3162 non

221 3176 272 3213 ὅτι
291 3192 327 3213 τε
346 3178 509 3216 ἀιαπολό
498 3195 587 3229 γητα
614 3184 727 3226 αὐτοῖς
747 3184 861 3221 ἐστίν·
882 3187 919 3222 οὐ
937 3185 1002 3237 γὰρ
1023 3186 1112 3224 κατὰ
1137 3185 1160 3216 Β
1185 3184 1428 3236 1ecipiendum
1447 3197 1533 3220 esse.
1557 3182 1624 3220 Hic
1647 3181 1718 3219 duo
1746 3183 1901 3235 probat·
1920 3192 1954 3221 et
1972 3183 2069 3234 quod
2099 3198 2170 3222 non

1184 3245 1319 3298 possint
1339 3244 1523 3293 excusa1i3
1545 3256 1625 3281 nam
1648 3252 1771 3295 piaetel
1798 3243 1968 3282 decorum
1991 3253 2025 3283 et
2043 3254 2170 3297 praetei

1202 3389 1215 3403 ἢ
1239 3377 1327 3411 Alius
1342 3383 1420 3412 κατὰ
1437 3381 1586 3420 λογισμόν.
