2466 3805
268 268 356 326 19ss

262 366 389 403 lentus.
418 365 589 414 Magnum
619 371 670 399 est
701 375 737 398 os
770 357 876 395 sontis
901 355 998 392 illius
1020 369 1027 388 :
1044 365 1176 404 purum
1206 358 1240 388 et

263 426 457 478 limpidum
477 425 552 476 ejus
580 423 764 460 fluentum.
789 419 827 457 Si
845 418 941 454 hunc
959 428 1027 452 non
1046 414 1209 451 obstruas
1224 441 1236 461 ,

264 501 372 538 neque
407 486 507 522 illum
540 484 710 520 obstrues.
743 479 852 518 Nulla
884 477 1101 514 infructuosa
1132 474 1238 526 juxta

261 548 363 584 illum
379 554 442 583 stet
461 544 575 590 arbor,
591 556 633 579 nc
650 542 836 578 humorem
855 538 957 575 illum
973 537 1144 573 absumat.
1166 534 1239 571 Ha-

259 609 319 645 bes
333 605 478 643 divitias
488 605 504 641 Ξ)
516 605 569 640 Ne
588 602 722 654 plantes
737 600 811 637 illic
823 599 946 639 salices
962 613 968 634 :
983 597 1064 636 talis
1083 605 1134 634 est
1144 595 1237 634 enim

258 669 332 719 ejus
345 666 509 717 voluptas
529 679 536 700 ε
557 663 669 700 multa
684 661 845 708 insumit,
861 669 893 698 et
909 658 1000 696 nihil
1019 658 1055 696 in
1071 671 1108 695 se
1125 666 1238 695 osten-

256 729 333 775 dit,
353 726 415 764 sed
440 727 594 763 fructum
614 723 743 776 perdit.
771 723 824 761 Ne
842 721 978 773 plantes
1007 720 1162 768 salicem,
1194 733 1238 757 ne

253 788 390 840 pinum,
406 800 469 823 nec
487 785 576 837 quid
593 783 722 830 simile,
747 781 843 833 quod
857 789 1038 819 consumat
1059 789 1092 818 et
1111 779 1237 818 inutile

253 848 298 884 sit
322 863 328 883 :
349 846 430 884 talis
442 847 536 884 enim
553 855 604 884 est
619 845 770 883 vestium
790 842 966 895 volupt353
982 841 1064 879 visu
1079 841 1237 893 pulchrae

253 917 357 956 sunt,
386 907 448 945 sed
465 907 512 945 ad
528 907 618 944 nihil
648 906 762 944 utiles.
783 904 898 956 Imple
916 903 1070 941 surculis
1092 918 1099 939 τ
1120 903 1236 940 omnia

252 969 432 1007 fructifera
451 969 586 1021 plantes
601 968 637 1005 in
654 980 778 1004 manus
792 978 992 1017 pauperum
1007 978 1238 1015 quaecumque

254 1031 423 1069 volueris.
437 1029 536 1067 Nihil
549 1029 616 1065 hac
632 1037 722 1065 terra
741 1026 912 1079 pinguius
927 1040 936 1070 ;
949 1024 1113 1075 quamvis
1125 1039 1236 1076 parva

254 1093 299 1130 sit
323 1104 448 1129 manus
473 1089 669 1141 capacitas,
695 1096 848 1124 attamen
881 1085 985 1122 arbor
1000 1084 1061 1121 illa
1081 1084 1237 1136 plantata

254 1153 301 1191 ad
316 1167 427 1203 usque
442 1151 567 1189 caelum
596 1148 780 1202 pertingit,
804 1157 836 1185 et
856 1147 959 1184 firma
985 1155 1064 1184 stat.
1086 1146 1162 1183 Hoc
1186 1155 1237 1184 est

254 1229 335 1252 vere
354 1212 624 1266 plantare.Nam
639 1210 734 1261 quod
754 1210 892 1246 interra
910 1208 1105 1259 plantatur,
1124 1207 1237 1245 sinon

254 1289 362 1324 nunc,
384 1283 463 1326 post
476 1283 617 1312 centum
636 1284 745 1309 annos
758 1269 1122 1322 peribit.Curarhores
1137 1268 1236 1320 plan-

253 1346 318 1386 tas,
332 1337 459 1387 quibus
473 1349 543 1373 non
555 1333 698 1379 frueris;
717 1331 777 1370 sed
788 1341 972 1382 antequam
985 1330 1125 1377 fruaris,
1142 1343 1238 1367 mors

256 1397 427 1435 invadens
453 1406 486 1434 te
508 1393 693 1446 abripiet?
711 1393 796 1430 Haee
821 1392 941 1440 arbor,
966 1405 1047 1428 eum
1077 1399 1238 1428 mortuus

254 1457 374 1502 fueris,
404 1466 488 1494 tune
508 1456 571 1493 tibi
588 1456 741 1492 fructum
764 1452 875 1490 dabit.
895 1452 933 1490 Si
953 1452 1088 1503 plantes
1106 1482 1117 1498 ,
1141 1465 1183 1489 ne
1202 1451 1238 1489 in

254 1518 507 1568 gastrimargiae
519 1525 641 1555 ventre
653 1515 804 1567 plantes,
814 1528 855 1551 ne
867 1513 903 1550 in
916 1527 1090 1551 secessum
1102 1513 1238 1552 fructus

254 1587 379 1626 exeat3
399 1577 462 1615 sed
482 1577 601 1628 planta
620 1575 656 1612 in
670 1574 800 1612 afflicto
813 1582 949 1621 ventre,
971 1583 1010 1610 ut
1029 1574 1164 1611 fructus
1191 1574 1239 1612 ad

255 1638 381 1675 caelum
399 1637 540 1675 exsiliat
558 1653 566 1672 ε
586 1649 704 1673 recrea
720 1634 874 1672 animam
888 1634 1052 1686 pauperis
1077 1634 1112 1671 in
1126 1649 1238 1685 angu-

253 1699 319 1736 stia
338 1698 525 1747 versantis,
549 1705 588 1733 ut
607 1709 649 1733 ne
673 1695 780 1732 latam
803 1703 898 1731 tuam
911 1694 1009 1732 viam
1023 1704 1144 1732 arctes.
1158 1697 1238 1733 Non

252 1758 367 1806 vides,
383 1757 558 1808 quomodo
577 1756 735 1805 arbores,
759 1769 836 1805 quae
849 1754 922 1792 sine
941 1769 1103 1793 mensura
1113 1756 1237 1806 sigan*

253 1829 325 1870 tur,
341 1834 359 1856 a
376 1819 494 1857 radice
506 1825 777 1869 corrumpantur
789 1830 799 1864 3
812 1830 888 1866 quae
905 1825 1020 1853 autem
1039 1831 1119 1854 cum
1134 1831 1237 1854 men-

253 1895 349 1929 sura,
372 1879 558 1918 crescant?
583 1879 635 1915 Ita
667 1887 699 1915 et
718 1886 814 1914 tune
845 1886 1005 1915 ventrem
1023 1887 1125 1915 tuum
1151 1887 1237 1929 potu

252 1942 461 1994 ingurgites,
486 1955 529 1979 ne
550 1948 726 1992 putrescat
739 1938 875 1976 arboris
894 1938 1001 1976 radix
1022 1948 1171 1991 :potum
1193 1938 1237 1976 da

253 2003 396 2052 sitienti,
416 2011 455 2040 ut
480 2002 639 2039 fructum
668 2001 768 2038 ferat.
787 2000 874 2045 Quae
907 1999 1087 2038 moderate
1112 2009 1240 2052 potum

253 2065 431 2116 accipiunt
448 2094 457 2112 ‚
478 2077 548 2101 non
560 2062 747 2114 putrefacit
763 2061 828 2105 sol,
853 2060 912 2098 sed
927 2075 1005 2111 quae
1026 2060 1240 2099 immodera-

254 2135 288 2163 te
305 2141 313 2161 :
334 2126 414 2162 talis
426 2125 559 2176 quippe
574 2133 623 2161 est
644 2123 726 2160 solis
746 2131 883 2158 natura.
906 2122 1050 2172 Ubique
1065 2123 1158 2159 mala
1190 2132 1241 2161 est

255 2183 502 2222 immoderatio
518 2183 688 2232 :ideoque
705 2182 804 2218 illam
823 2181 1084 2229 exscindamus,
1104 2192 1144 2220 ut
1164 2197 1241 2233 quae

257 2245 408 2297 petimus
435 2256 673 2293 assequamur.
700 2243 742 2278 In
762 2240 943 2278 altissimis
971 2240 1058 2277 locis
1074 2241 1243 2280 dicuntur

258 2306 370 2343 fontes
384 2304 480 2342 oriri.
497 2303 594 2354 Ergo
615 2302 724 2339 simus
743 2311 774 2339 et
790 2315 851 2338 nos
867 2300 982 2338 animo
1000 2302 1169 2340 sublimes
1187 2333 1195 2349 ‚
1213 2313 1246 2342 et

260 2366 480 2417 eleemosyna
497 2364 565 2401 cito
584 2362 753 2399 manabit.
769 2362 891 2410 Neque
901 2360 993 2398 enim
1008 2371 1121 2412 potest
1132 2364 1245 2401 subli-

260 2426 328 2463 mis
345 2425 461 2463 anima
472 2438 541 2462 non
556 2422 768 2470 misericors,
782 2430 815 2459 et
831 2421 1030 2458 misericors
1045 2436 1113 2460 non
1134 2423 1244 2461 subli—

261 2487 329 2524 mis
343 2501 428 2524 esse.
445 2485 517 2531 Qui
536 2499 617 2537 ergo
633 2483 799 2536 pecunias
814 2482 976 2534 despicit,
999 2483 1116 2522 radice
1135 2487 1246 2524 malo-

261 2563 341 2586 rum
360 2548 520 2600 superior
539 2556 600 2585 est.
621 2547 747 2583 Fontes
769 2544 804 2581 in
829 2543 976 2582 desertis
1005 2554 1086 2582 sunt
1106 2555 1143 2583 ut
1159 2547 1244 2598 plu-

262 2610 393 2647 rimum
410 2625 416 2645 :
435 2619 468 2647 et
482 2623 544 2646 nos
557 2608 714 2646 animam
731 2621 776 2644 ex
792 2605 948 2643 tumultu
971 2605 1166 2645 educamus
1183 2638 1192 2656 ,
1215 2617 1247 2646 et

263 2670 359 2723 apud
375 2685 437 2708 nos
456 2670 620 2708 scaturiet
635 2669 866 2720 eleemosyna.
880 2667 1008 2705 Fontes
1026 2678 1157 2718 quanto
1168 2684 1245 2707 ma-

264 2734 318 2785 gis
333 2742 529 2785 purgantur
543 2762 554 2782 ,
572 2740 669 2769 tanto
688 2729 867 2767 uberiores
883 2738 964 2766 sunt
981 2745 988 2765 ε
1013 2729 1059 2766 ita
1078 2743 1141 2768 nos
1160 2745 1248 2781 quo-

264 2808 342 2844 que,
359 2808 428 2845 quo
443 2794 555 2845 magis
575 2793 808 2839 insumemus,
831 2800 862 2828 et
886 2790 1000 2841 magis
1019 2791 1111 2828 bona
1133 2801 1248 2830 scatu-

265 2855 365 2892 rient.
385 2854 457 2900 Qui
474 2855 606 2891 fontem
622 2852 742 2899 habet,
755 2865 824 2888 non
843 2851 942 2888 timet
960 2866 967 2886 ε
989 2851 1017 2888 si
1037 2865 1120 2901 ergo
1136 2861 1168 2890 et
1185 2867 1248 2890 nos

267 2917 398 2953 fontem
430 2915 624 2952 habeamus
642 2913 911 2964 eleemosynam,
935 2926 1003 2949 non
1029 2912 1247 2951 timebimus.

269 2977 337 3014 Hic
355 2977 488 3028 quippe
504 2976 580 3013 fons
601 2975 649 3012 ad
670 2982 794 3026 potum
811 3002 822 3022 ,
847 2972 892 3010 ad
914 2972 1157 3023 irrigationem
1174 3003 1186 3023 ,
1207 2974 1254 3012 ad

270 3038 433 3085 aedificia,
453 3037 498 3075 ad
519 3036 636 3075 omnia
654 3035 756 3073 nobis
771 3034 869 3071 utilis
884 3043 944 3071 est.
960 3034 1061 3072 Nihil
1079 3035 1148 3072 hoc.
1166 3046 1253 3087 potu

270 3099 413 3136 melius:
426 3098 536 3136 nescit
548 3097 609 3134 hic
621 3097 698 3134 fons
713 3094 917 3133 ebrietatem
932 3094 1096 3132 inducere
1111 3096 1255 3134 :melius

271 3169 321 3198 est
332 3161 439 3198 talem
450 3159 580 3197 habere
592 3159 738 3206 fontem,
749 3170 854 3207 quam
867 3155 944 3193 auri
958 3156 1069 3194 sontes
1081 3157 1251 3196 emittere.
1279 3167 1303 3197 D

704 281 741 310 S.

1265 483 1288 512 E

1251 1181 1297 1205 183

1271 2486 1294 2516 C

317 3294 333 3317 b
350 3293 444 3325 Idem
461 3296 558 3327 νοτίδα
574 3298 683 3338 ξηράν-ῃ
697 3303 703 3309 ·
724 3296 799 3335 ἔχεις
813 3299 971 3336 χρήματα.

317 3346 334 3362 '⁸‘
350 3346 439 3388 [Ξμὲᾗ
456 3343 556 3376 Editi.
578 3348 646 3388 ἐκέ-ᾗ
662 3342 829 3384 Codices]

317 3406 330 3421 θ
348 3394 460 3428 Codex
473 3407 555 3427 unus
584 3402 695 3438 ἐνέγκῃ.
723 3401 758 3429 ἂν
784 3401 960 3441 συμμέτρως
977 3399 1113 3439 ποτὶσῇς,
1134 3399 1165 3429 o]
1186 3403 1267 3433 σήπει

778 273 959 309 ,ΙΟΑΝΝῙΞ
993 271 1234 302 CHRYSOST.
1274 270 1478 300 ARCHIEP.
1517 269 1876 300 CONSTANTINOP-

1315 353 1474 398 πλουτεῖ,
1493 350 1571 389 τότε
1602 352 1751 402 εὐπορεῖ.
1776 350 2033 403 Μέγα-’ἐκείνης
2062 351 2102 390 τὸ
2123 350 2237 402 στόμα
2267 354 2332 398 τῆς

1313 415 1429 462 πηγῆς
1443 427 1451 435 ·
1470 412 1619 464 καθαρὸν
1638 412 1678 450 τὸ
1703 413 1811 458 αὐτῆς
1829 420 1923 463 νᾶμα
1952 412 2012 450 καὶ
2044 412 2174 455 διειδές.
2190 412 2250 451 Ἂν
2273 412 2321 464 μὴ

1312 471 1441 517 ταύτην
1457 471 1671 524 ἀποφράξης,
1685 471 1762 510 οὐδὲ
1776 472 1923 518 ἐκείνην.
1936 471 2055 520 Μηδὲν
2076 473 2234 524 ἄκαρπον
2246 489 2331 519 στη-

1312 532 1403 571 κέτω
1422 535 1506 586 παρ’
1527 533 1636 579 αὐτὴν
1657 531 1807 585 δένδρον,
1830 533 1886 570 ἵνα
1906 532 1954 583 μὴ
1975 533 2037 580 τὴν
2056 533 2073 554 b
2086 534 2203 572 νοτίδα
2223 536 2331 580 αὖτ’ἦς

1311 593 1556 646 καταναλώσῃ.
1577 593 1699 646 ’Έχεις
1714 593 1905 646 χρήματα,
1926 593 1987 640 Μὴ
2015 593 2137 646 φύτευε
2160 595 2328 648 αἰγείρους

1311 657 1403 693 ἐκεῖ·
1422 661 1574 694 τοιοῦτον
1592 655 1659 708 γὰρ
1678 659 1700 701 ἡ
1721 655 1854 707 τρυφήί·
1886 654 2000 693 πολλὰ
2034 655 2235 703 ἀναλίσκει,
2268 656 2329 694 καὶ

1311 716 1406 754 οὐδὲν
1425 716 1594 754 δείκνυσιν
1614 717 1648 753 ἐν
1664 719 1789 768 ἑαυτῇ,
1810 715 1899 753 ἀλλὰ
1917 715 2088 754 ἀπόλλυσι
2102 716 2158 753 τὸν
2181 716 2328 767 καρπόν.

1741 776 1789 827 μὴ

1311 837 1472 876 τοιούτων
1492 840 1560 875 τῶν
1590 836 1846 875 ἀναλισκόντων
1868 836 1943 887 μὲν,
1968 838 2118 888 οὐδαμοῦ
2148 836 2183 875 δὲ
2201 838 2330 890 χρησί-

1311 776 1371 823 Mi]
1394 777 1561 829 φυτεύσῃς
1578 777 1723 824 πεύκην,
1818 782 1934 823 πῖτυν,
1967 776 2054 826 μηδὲ
2082 777 2168 814 ἄλλο
2198 793 2232 814 τι
2260 779 2330 815 τῶν

1313 915 1408 949 μων·
1425 904 1557 938 τοιοῦτο
1571 899 1675 952 γὰρῆ
1700 901 1767 936 τῶν
1789 897 1937 948 ἱματίων
1967 898 2078 950 τρυφὴ
2092 928 2102 945 ,
2124 899 2205 936 ἰδεῖν
2227 899 2329 949 μόνον

1308 959 1426 1007 καλὸν,
1455 962 1604 1011 οὐδαμοῦ
1627 962 1662 998 δὲ
1679 976 1705 1012 χ
1709 959 1869 1013 ρήσιμον.
1885 959 2159 1012 Ἀναδενδράδων
2186 960 2329 1012 πλήρω-

1310 1037 1368 1060 σον
1385 1037 1392 1045 ·
1410 1022 1523 1060 πάντα
1537 1021 1581 1060 τὰ
1603 1021 1764 1073 κάρπιμα
1783 1020 1947 1073 φύτευσον
1967 1022 2000 1058 ἐν
2021 1027 2097 1064 ταῖς
2122 1023 2190 1058 τῶν
2217 1020 2329 1067 πενή-

1308 1098 1375 1121 των
1393 1082 1526 1135 χερσὶν,
1547 1082 1634 1134 ἅπερ
1655 1081 1694 1119 ἂν
1721 1081 1832 1133 Οέλης.
1852 1083 1963 1120 Οὐδὲν
1985 1081 2114 1128 ταύτης
2132 1081 2330 1134 λιπαρώτε-

1311 1160 1366 1196 ρον
1394 1148 1455 1190 τῆς
1485 1147 1570 1194 γῆς·
1591 1143 1702 1181 καίτοι
1735 1143 1856 1196 μικρόν
1884 1145 1958 1181 ἐστι
1990 1143 2029 1181 τὸ
2060 1143 2237 1194 διάστημα
2268 1147 2330 1190 τῆς

1309 1205 1440 1258 χειρὸς,
1457 1205 1532 1242 ἀλλ’
1558 1203 1652 1254 ὅμως
1670 1204 1755 1256 πρὸς
1777 1205 1879 1242 αὐτὸν
1899 1204 2018 1255 φθάνει
2037 1204 2095 1242 τὸν
2123 1204 2265 1256 οὐρανὸν
2290 1204 2330 1242 τὸ

1309 1265 1533 1318 φυτευόμενον
1571 1265 1728 1318 δένδρον,
1760 1265 1819 1302 καὶ
1862 1265 2001 1316 βέὸαιον
2037 1265 2173 1312 ἕστηκε.
2213 1265 2327 1304 Τοῦτό

1308 1329 1380 1365 ἐστι
1398 1331 1572 1378 φυτεῦσαι.
1590 1326 1643 1364 Τὸ
1659 1327 1720 1376 μὲν
1734 1326 1801 1378 γὰρ
1818 1326 2046 1377 φυτευόμενον
2066 1329 2100 1364 ἐν
2114 1330 2157 1378 τῇ
2176 1329 2220 1378 γῇ
2233 1356 2242 1374 ,
2260 1327 2328 1364 κᾶν

1311 1388 1358 1439 μὴ
1379 1391 1452 1435 νῦν,
1475 1387 1564 1438 μετὰ
1583 1388 1706 1426 ἑκατὸν
1724 1387 1783 1434 ἔτη
1804 1388 1997 1425 ἀπολεῖται.
2018 1386 2066 1424 Τί
2083 1387 2235 1438 φυτεύεις
2258 1387 2329 1425 δέν-

1310 1448 1374 1501 δρα
1386 1477 1395 1494 ,
1413 1442 1460 1485 ὧν
1482 1449 1542 1485 οὐκ
1566 1445 1748 1497 ἀπολαύσῃ
1761 1475 1770 1492 ,
1786 1445 1875 1483 ἀλλὰ
1904 1446 1986 1498 πρὶν
2011 1446 2032 1491 ἢ
2063 1446 2272 1490 ἀπολαύσεις
2284 1476 2293 1493 ,
2311 1450 2328 1484 ὁ

2183 1506 2258 1520 &les

1310 1508 1452 1551 θάνατος
1474 1506 1625 1546 ἐπελθὼν
1658 1507 1876 1558 προαρπάζει
1903 1522 1958 1554 σε,
1979 1508 2092 1545 Τοῦτο
2121 1507 2161 1545 τὸ
2180 1523 2330 1558 οενορον,

1310 1569 1391 1607 ὅταν
1418 1569 1592 1621 ἀποθάνῃς
1606 1597 1616 1615 ,
1635 1567 1713 1606 τότε
1740 1584 1793 1606 σοι
1814 1568 1933 1606 δίδωσι
1950 1569 2006 1606 τὸν
2025 1568 2171 1621 καρπόν.
2193 1570 2238 1606 Εἰ
2266 1585 2329 1620 φυ-

1309 1630 1416 1674 τεύεις
1428 1658 1438 1675 ,
1453 1629 1500 1680 μὴ
1520 1628 1552 1667 ἐν
1573 1632 1615 1680 τῇ
1632 1633 1693 1675 τῆς
1712 1629 1991 1681 γαστριμαργίας
2009 1630 2179 1682 φυτεύσῃς
2191 1629 2306 1683 κοιλία
2319 1659 2329 1676 ,

1311 1690 1365 1727 ἵνα
1388 1690 1435 1741 μὴ
1458 1692 1504 1733 εἷς
1522 1690 1702 1742 ἀφεδρῶνα
1719 1691 1736 1726 ὃ
1749 1689 1882 1740 καρπὸς
1898 1691 1916 1707 *
1932 1691 2018 1741 ἐκὸᾗ
2035 1706 2042 1713 ·
2060 1689 2149 1727 ἀλλὰ
2164 1689 2330 1742 φύτευσον

1311 1754 1344 1790 ἐν
1361 1751 1572 1803 τεθλιμμένη
1593 1750 1691 1796 νηδύι
1706 1780 1715 1796 ,
1735 1749 1792 1788 ἵνα
1818 1750 1959 1803 πηδήσῃ
1979 1751 2064 1802 πρὸς
2081 1751 2138 1789 τὸν
2156 1750 2297 1802 οὐρανὸν
2312 1753 2330 1788 ὃ

1311 1812 1453 1865 καρπός.
1476 1811 1689 1849 Ἀνάπαυσον
1711 1810 1773 1857 τὴν
1790 1811 2113 1863 στενοχωρουμένην
2129 1810 2245 1864 ψυχὴν
2266 1811 2328 1858 τὴν

1309 1879 1368 1912 τοῦ
1387 1872 1552 1921 πένητος,
1572 1872 1628 1910 ἵνα
1646 1871 1694 1923 μὴ
1714 1871 1775 1919 τὴν
1805 1872 1996 1925 εὐρύχωρον
2018 1872 2218 1925 Ολίψῃςντὴν
2241 1873 2319 1919 σῆν.

1310 1937 1389 1987 Οὐχ
1399 1937 1492 1986 ὁρᾷς,
1503 1934 1555 1971 ὅτι
1565 1933 1609 1971 τὰ
1620 1933 1830 1984 ποτιζόμενα
1844 1937 1912 1972 τῶν
1928 1933 2074 1987 δένδρων
2088 1933 2247 1987 ἀμέτρως
2261 1933 2329 1971 ἀπὸ

1309 2000 1371 2042 τῆς
1391 1996 1483 2047 ῥίζης
1499 1994 1648 2041 σήπεται
1660 2010 1667 2018 ·
1683 1993 1726 2030 τὰ
1741 1993 1776 2031 δὲ
1797 1994 2117 2048 μετὰ-συμμετρίας
2129 2024 2139 2042 ,
2158 1994 2298 2037 αὔξεται
2314 2011 2324 2041 ;

1312 2056 1415 2095 Οὕτω
1439 2056 1478 2103 δὴ
1508 2057 1568 2095 καὶ
1600 2056 1640 2095 σὺ
1675 2056 1723 2107 μὴ
1745 2055 1806 2103 τὴν
1837 2061 1963 2094 σαυτοῦ
1993 2055 2138 2108 ποτίσῃς
2169 2055 2330 2108 ἀμέτρως

1312 2118 1486 2169 γαστέρα,
1505 2116 1561 2154 ἵνα
1583 2117 1630 2168 μὴ
1661 2120 1756 2169 σαπῇ
1778 2120 1800 2163 ἡ
1823 2117 1899 2169 ῥίζα
1920 2120 1978 2155 τοῦ
2007 2116 2144 2169 δένδρου
2159 2132 2166 2140 ·
2187 2116 2329 2155 πότισον

1313 2178 1375 2225 τὴν
1405 2180 1579 2231 διψῶσαν,
1606 2178 1662 2216 ἵνα·
1694 2179 1826 2231 καρπὸν
1847 2178 2006 2230 αένέγκῃ.
2035 2177 2092 2217 Τὰ
2122 2177 2330 2230 συμμέτρως

1312 2239 1525 2289 ποτιζόμενα
1543 2240 1580 2275 οὐ
1603 2239 1706 2285 σήπει
1726 2243 1743 2277 ὁ
1770 2239 1887 2286 ἥλιοςξ,
1917 2239 1961 2277 τὰ
1989 2239 2024 2276 δὲ
2055 2239 2236 2292 ἀμέτρως,
2257 2241 2325 2288 σή-

1315 2316 1389 2339 πει·
1419 2299 1561 2345 τοιαύτη
1590 2299 1656 2351 γὰρ
1676 2300 1698 2345 ἦ
1721 2303 1780 2337 τοῦ
1813 2299 1911 2344 ἡλίου
1941 2299 2052 2350 φύσις.
2082 2303 2274 2353 Πανταχοῦ
2307 2306 2329 2349 ἡ

1316 2361 1463 2411 ἀμετρία
1479 2360 1603 2397 κακόν·
1625 2360 1676 2397 διὸ
1693 2359 1936 2412 περικόψωμεν
1952 2359 2071 2407 αὐτὴν,
2084 2360 2141 2398 ἵνα
2157 2362 2215 2399 καὶ
2229 2367 2332 2413 ἡμεῖς

1315 2422 1474 2473 τύχωμεν
1495 2415 1541 2458 ὧν
1567 2423 1739 2470 αἰτοῦμεν.
1761 2419 1822 2457 Ἔν
1841 2425 1911 2462 τοῖς
1938 2420 2167 2471 ὑψηλοτάτοις
2187 2423 2330 2473 χωρίοις

1316 2485 1350 2520 αἱ
1367 2481 1476 2533 πηγαὶ
1494 2480 1654 2532 λέγονται
1676 2480 1862 2518 τίκτεσθαι.
1884 2482 2018 2518 Οὐκοῦν
2040 2479 2219 2531 γενώμεθα
2244 2484 2332 2534 ὑψη-

1315 2544 1368 2581 λοὶ
1384 2543 1442 2579 καὶ
1462 2546 1562 2591 ἡμεῖς
1583 2541 1646 2587 τὴν
1672 2542 1799 2594 ψυχὴν,
1818 2541 1876 2579 καὶ
1904 2542 2038 2593 ταχέως
2066 2545 2088 2588 ἡ
2117 2543 2331 2592 ἐλεημοσύνη

1318 2603 1428 2656 ῥεύσει
1443 2619 1450 2627 ·
1474 2606 1511 2641 οὐ
1530 2602 1596 2655 γάρ
1616 2603 1689 2640 ἔστι
1707 2603 1769 2649 τὴν
1789 2602 1923 2654 ὑψηλὴν
1942 2601 2058 2654 ψυχὴν
2089 2602 2135 2653 μὴ
2155 2604 2214 2641 καὶ
2235 2604 2332 2651 ἐλεή-

1318 2681 1404 2717 μονα
1418 2658 1522 2711 εἷναι,
1538 2664 1596 2701 καὶ
1613 2663 1673 2711 τὴν
1695 2663 1865 2714 ἐλεήμονα
1881 2663 1928 2711 μὴ
1944 2664 2004 2701 καὶ
2024 2664 2172 2716 ὑψηλήν.
2195 2664 2240 2702 Ὁ
2252 2669 2331 2715 γοῦν

1315 2726 1507 2780 χρημάτων
1528 2727 1725 2777 ὑπερορῶν,
1746 2728 1808 2771 τῆς
1837 2725 1930 2776 ῥίζης
1962 2724 2132 2777 ἀνώτερός
2157 2726 2232 2762 ἐστι
2265 2729 2334 2764 τῶν

1317 2790 1446 2827 κακῶν.
1467 2788 1512 2824 Αἱ
1533 2787 1643 2837 πηγαὶ
1659 2788 1692 2823 ἐν
1709 2786 1868 2837 ἐρημίαις
1892 2786 1974 2824 εἰσὶν
1997 2789 2042 2829 ὡς
2061 2785 2105 2824 τὰ
2124 2786 2256 2824 πολλοί·
2273 2787 2334 2824 καὶ

1319 2854 1420 2900 ἡμεῖς
1451 2847 1511 2894 τὴν
1543 2847 1656 2900 ψυχὴν
1689 2851 1751 2894 τῆς
1777 2847 1988 2899 πολυοχλίας
2016 2847 2253 2898 ἐξαγάγωμεν,
2275 2847 2335 2885 καὶ

1320 2909 1471 2961 πηγάσει
1492 2911 1574 2961 παρ’
1595 2912 1677 2959 ἡμῖν
1693 2912 1714 2954 ἡ
1734 2908 1961 2959 ἐλεημοσύνη.
1984 2910 2029 2945 Αἱ
2054 2907 2185 2958 πηγαὶ,
2203 2908 2273 2960 ὅσῳ
2294 2909 2334 2947 ἂν
2370 2936 2372 2939 v

1320 2970 1569 3023 καθαίρωνται,
1599 2969 1860 3022 11ιπί’.ζιοον(;’1τεραι
1883 2968 2058 3019 γίνονται·
2086 2967 2173 3006 οὕτω
2207 2969 2248 3016 δὴ
2276 2969 2336 3008 καὶ

1321 3036 1440 3082 ἡμεῖς,
1463 3031 1532 3083 ὅσῳ
1553 3030 1592 3068 ἂν
1622 3029 1867 3080 ἀναλώσιι1μεν,
1901 3028 2053 3081 τοσούτῳ
2075 3031 2261 3080 βλαστάνει
2287 3031 2331 3069 τὰ

1322 3092 1423 3131 καλοί.
1443 3092 1487 3130 ‘O
1520 3092 1635 3144 πηγὴν
1669 3091 1770 3142 ἔχων,
1799 3091 1836 3129 οὗ
1861 3089 2029 3128 δέδοικεν·
2062 3091 2101 3128 ἂν
2130 3091 2241 3130 τοίνυν
2270 3091 2328 3129 καὶ

1322 3161 1420 3207 ἡμεῖς
1440 3155 1574 3205 ἔχωμεν
1590 3153 1650 3200 τὴν
1666 3151 1897 3203 ἐλεημοσύνην
1917 3151 2033 3202 πηγὴν
2046 3181 2056 3199 ,
2071 3154 2109 3190 οὔ
2126 3151 2329 3204 φοέηθησό-

1338 3297 1351 3326 ὲ
1369 3296 1445 3330 ἥλιος
1457 3302 1463 3308 ·
1483 3296 1518 3325 ἂν
1533 3292 1562 3323 δὲ
1579 3295 1726 3334 ἀμέτρως,
1745 3294 1813 3321 τότε
1831 3294 1924 3324 σήπει.

1379 3345 1396 3368 b
1413 3343 1507 3375 Idem
1523 3347 1730 3388 καθαρῶς-ἕρπει
1747 3344 1884 3382 ’linearu-
