2502 3810
740 272 782 301 ix
820 271 960 301 Enis‘r.
1002 270 1059 299 ,11)
1095 270 1202 299 non.
2059 245 2116 291 5⁷,
2130 243 2153 290 5

1242 268 1396 298 ΠΟΜΙΙ,.
1436 268 1515 298 Vll.

1174 350 1296 400 modo,
1333 348 1483 400 inquies,
1520 346 1723 387 stabilivit?
1755 342 1935 396 quo-„lnam
1960 352 2036 380 erat
2068 342 2153 393 legis

1174 424 1278 462 opus,
1294 419 1328 448 et
1347 424 1411 447 cur
1427 408 1544 447 omnia
1559 406 1737 445 faciebat?
1759 406 1809 443 Ut
1822 403 2001 441 hominem
2016 403 2154 453 justum

1175 468 1314 506 faceret.
1335 469 1472 507 Verum
1494 467 1554 504 lex
1579 465 1618 503 id
1639 478 1707 502 non
1735 462 1874 516 potuit:
1901 475 1994 509 nam,
2017 462 2156 498 Omnes

1173 536 1445 580 peccaverunt,
1467 527 1603 577 inquit3
1620 525 1707 563 fides
1722 533 1840 562 autem
1855 522 1998 561 veniens
2014 521 2051 558 id
2065 535 2156 572 prae-

1177 590 1282 639 stitit3
1303 589 1410 627 simul
1427 588 1522 626 enim
1535 596 1574 625 ut
1592 587 1673 638 quis
1692 585 1844 624 credidit
1858 584 2075 638 justificatus
2094 591 2155 620 est.

1177 651 1292 702 Igitur
1319 649 1408 700 legis
1438 649 1658 687 voluntatem
1697 646 1883 694 stabilivit,
1920 654 1954 682 et
1982 644 2021 682 id
2057 645 2157 696 cujus

1179 726 1283 750 causa
1298 710 1416 748 omnia
1432 710 1492 747 lex
1506 708 1670 754 faciebat,
1687 707 1800 759 gratia
1816 706 1859 744 ad
1875 706 1980 744 finem
1995 705 2156 743 deduxit.

86 781 189 830 νόμος
207 796 266 818 και
281 780 332 818 ὅτι
351 783 372 826 ἡ
388 779 503 823 πίστις
521 795 612 831 αυτῳ
632 780 668 818 οὖ
689 778 853 830 μάχεται.
872 777 1018 823 Ἐπειδὴ
1039 777 1105 829 γὰρ
1178 775 1256 811 Non
1272 787 1355 824 ergo
1370 772 1470 809 illam
1482 771 1682 822 abrogavit,
1702 769 1764 807 sed
1779 769 1971 820 perfectam
1990 767 2157 805 r.eddidit

90 857 190 880 τουτο
224 840 375 891 μάλιστα
403 857 480 884 τους
511 839 693 882 Ἰουδαίους
722 837 894 890 εὈορύοει,
925 837 964 875 τὸ
994 839 1105 875 δοκεῖν
1119 859 1165 884 459
1180 835 1266 871 T1ia
1290 834 1401 885 igitur
1421 832 1481 869 hic
1510 830 1781 875 demonstraxit,
1803 838 1837 866 et
1866 829 1961 879 quod
1985 829 2059 866 sine
2086 829 2162 879 lege

90 901 297 944 ἀπεναντίας
318 903 409 938 αὐτῶ
438 917 500 946 ττν
521 899 637 938 πίστιν
654 903 755 945 εἶναι,
778 898 928 936 δείκνυσι
944 898 1048 935 πλέον
1069 901 1105 934 οὗ
1132 895 1157 924 Α
1179 895 1291 946 possit
1305 894 1411 930 bomo
1428 891 1630 944 justificari,
1649 899 1682 928 et
1700 889 1798 940 quod
1816 889 1856 927 id
1870 890 1928 926 lex
1953 903 2021 926 non
2041 898 2164 940 potue-

1180 955 1239 1001 rit,
1267 953 1434 1005 quodque
1456 952 1545 990 fides
1579 966 1661 989 cum
1696 951 1774 1002 lege
1802 964 1871 988 non
1896 958 2041 1001 pugnet.
2072 949 2166 994 Quia

1182 1016 1276 1053 enim
1305 1015 1372 1053 hoe
1391 1013 1548 1052 maxime
1577 1013 1722 1052 Judaeos
1750 1011 1935 1059 turbabat,
1957 1010 2054 1060 quod
2079 1009 2167 1047 fides

1182 1076 1253 1127 legi
1272 1075 1449 1114 contraria
1470 1073 1667 1123 videretur,
1689 1073 1769 1125 plus
1793 1071 1958 1119 ostendit,
1978 1085 2085 1122 quam
2105 1073 2169 1110 Ju-

1183 1137 1282 1175 daeus
1302 1136 1403 1186 velit,
1425 1135 1519 1186 quod
1539 1148 1608 1172 non
1628 1132 1735 1171 modo
1747 1147 1815 1170 non
1837 1132 1882 1170 sit
1902 1131 2088 1179 contraria,
2109 1131 2169 1169 sed

1185 1197 1292 1235 etiam
1308 1211 1390 1235 cum
1408 1197 1470 1234 illa
1490 1204 1623 1248 pugnet
1640 1204 1672 1232 et
1693 1202 1919 1246 cooperetur,
1942 1192 2038 1243 quod
2053 1191 2171 1230 maxi-

1188 1272 1244 1296 me
1259 1257 1313 1295 illi
1334 1257 1523 1309 cupiebant
1539 1255 1673 1293 audire.

1241 1319 1276 1357 5.
1297 1318 1368 1356 Sed
1383 1318 1463 1369 quia
1481 1326 1559 1369 post
1582 1315 1733 1368 gratiam
1751 1314 1856 1363 lianc,
1871 1328 1932 1367 per
1947 1327 2052 1364 quam
2064 1313 2172 1365 3115ῒί-

1187 1379 1282 1417 ficati
1306 1393 1440 1428 sumus,
1471 1378 1563 1415 bona
1582 1377 1657 1416 vita
1684 1389 1774 1428 opus
1794 1384 1856 1423 est,
1894 1375 2044 1426 dignum
2080 1373 2173 1412 dono

1187 1449 1283 1479 tanto
1315 1438 1474 1477 studium
1495 1438 1727 1476 exhibeamus
1749 1452 1756 1472 :
1779 1435 2028 1474 exhibebimus
2057 1443 2174 1472 autem

1187 1501 1217 1539 si
1237 1510 1386 1539 matrem
1399 1500 1574 1538 bonorum
1587 1498 1748 1537 omnium
1764 1498 1942 1535 caritatem
1954 1510 2035 1534 cum
2045 1509 2174 1548 magna

1188 1563 1373 1614 diligentia
1393 1576 1587 1601 servemus.
1611 1561 1677 1599 Est
1696 1569 1814 1598 autem
1837 1559 1963 1597 caritas
1985 1572 2054 1596 non
2077 1558 2173 1596 nuda

100 1628 177 1664 οὖνὲ
192 1627 400 1679 vtpoeprscete
414 1628 575 1675 ἁπλῶς,
565 1626 645 1665 »DJ
634 1644 654 1664 α
667 1626 863 1678 προστασία
877 1626 936 1664 καὶ
950 1628 1025 1664 δι”’
1007 1643 1116 1679 εργωι
1188 1624 1299 1662 verba
1330 1632 1363 1661 et
1383 1622 1623 1670 salutationes,
1639 1620 1700 1658 sed
1719 1619 1928 1672 praesidjum
1947 1627 1980 1656 et
1999 1618 2173 1657 exhibitio

103 1688 262 1732 επίδειξι»
235 1717 261 1732 ,ς
266 1689 442 1736 ·οιον,τὸ
432 1688 552 1726 πενίαν
568 1687 722 1734 λυειν,το
741 1693 877 1726 νοσοῦσι
897 1688 1117 1738 συνααύνειν,
1143 1687 1166 1716 Β
1195 1698 1368 1736 oper3um
1382 1683 1486 1720 xerbi
1514 1681 1642 1733 gratia,
1666 1689 1911 1733 paupertatem
1933 1679 2054 1725 solari,
2071 1679 2176 1731 aegris

1195 1743 1378 1797 opitulaii,
1400 1758 1419 1780 a
1438 1742 1608 1795 periculis
1627 1740 1792 1784 liberwue,
1819 1739 1856 1777 in
1881 1739 2080 1777 calamitate
2100 1754 2177 1777 iel-

1196 1805 1356 1843 santihus
1368 1804 1502 1854 adesse,
1524 1803 1610 1840 flere
1628 1815 1710 1839 cum
1729 1800 1910 1850 flentibus,
1928 1801 2085 1851 gaudere
2098 1815 2180 1838 cum

1197 1865 1434 1917 gaudentibus
1460 1880 1467 1901 :
1493 1878 1576 1902 nam
1597 1872 1631 1901 et
1648 1863 1717 1900 hoc
1740 1877 1785 1900 ex
1812 1861 1957 1899 caritate
1984 1861 2180 1913 proficisci-

1196 1936 1257 1965 tur
1274 1943 1282 1963 :
1299 1927 1363 1964 etsi
1382 1941 1535 1979 parvum
1550 1925 1639 1976 quid
1651 1924 1816 1963 videatur
1830 1937 1915 1971 esse,
1932 1923 2085 1975 gaudere
2098 1938 2179 1961 cum

1198 1987 1451 2038 gaudentibus,
1474 1999 1644 2037 magnum
1664 1983 1701 2022 id
1720 1993 1811 2022 certe
1827 1993 1888 2032 est,
1909 1993 1942 2021 et
1965 1984 2074 2021 animi
2094 1984 2180 2036 phi-

1196 2049 1336 2101 losophi
1357 2063 1460 2100 opus.
1480 2048 1685 2098 Multosque
1698 2047 1873 2095 invenias,
1890 2046 1966 2097 qui,
1991 2046 2085 2097 quod
2108 2061 2181 2084 mo-

1197 2110 1320 2148 lestius
1341 2119 1405 2159 est,
1422 2110 1532 2162 probe
1552 2109 1697 2159 faciant,
1719 2108 1781 2146 sed
1796 2109 1864 2146 hoc
1888 2108 2002 2146 lenius
2022 2108 2182 2146 officium

1199 2171 1263 2209 vix
1283 2180 1459 2223 praestent.
1474 2170 1583 2208 Multi
1604 2183 1756 2220 namque
1780 2169 1865 2207 flent
1890 2183 1971 2206 cum
1998 2169 2180 2218 flentibus,

1197 2245 1261 2270 nec
1285 2231 1440 2283 gaudere
1471 2231 1597 2270 volunt
1627 2245 1709 2268 cum
1737 2229 1987 2282 gaudentibus,
2011 2229 2073 2267 sed
2104 2230 2184 2267 aliis

1199 2293 1440 2345 gaudentibus
1464 2292 1710 2345 lacrymantur
1719 2307 1730 2342 3
1750 2291 1787 2328 id
1806 2291 1903 2342 quod
1928 2305 1970 2328 ex
1991 2290 2126 2329 invidia
2152 2301 2185 2329 et

1197 2354 1311 2392 livore
1343 2353 1591 2406 proficiscitur.
1623 2353 1703 2390 Non
1735 2366 1886 2404 parvum
1911 2365 1994 2403 ergo
2025 2351 2184 2389 officium

1198 2426 1261 2464 est,
1281 2417 1391 2453 fratre
1419 2414 1594 2467 gaudente
1625 2414 1793 2465 gaudere,
1820 2413 1879 2451 sed
1896 2421 1932 2451 et
1956 2413 2066 2450 altero
2095 2427 2184 2465 prae-

1199 2477 1362 2525 stantius,
1383 2490 1451 2514 non
1471 2484 1612 2514 tantum
1639 2475 1702 2512 illo
1723 2474 1843 2512 officio
1862 2474 1971 2512 flendi
1992 2487 2074 2511 cum
2097 2475 2185 2512 flen-

1198 2538 1306 2586 tibus,
1329 2537 1388 2575 sed
1418 2536 1526 2574 etiam
1542 2536 1605 2574 illo
1633 2535 1719 2584 alio,
1736 2548 1805 2586 quo
1821 2535 1946 2572 fratres
1965 2535 2000 2572 in
2028 2534 2185 2586 periculo

1199 2597 1406 2635 constitutos
1427 2597 1611 2648 juvamus.
1627 2595 1736 2633 Multi
1753 2609 1905 2645 namque
1933 2609 2014 2632 cum
2043 2594 2184 2646 pericli-

1197 2659 1355 2696 tantibus
1366 2658 1566 2711 periculum
1579 2657 1744 2704 subeunt,
1758 2656 1820 2694 sed
1833 2656 2004 2693 fratribus
2017 2669 2183 2707 prospere

1199 2719 1385 2771 agentibus
1412 2717 1619 2756 mordentur
1637 2726 1671 2754 et
1687 2716 1890 2754 cruciantur
1911 2731 1918 2752 :
1937 2724 2033 2753 tanta
2051 2725 2104 2753 est
2129 2715 2182 2753 in-

1199 2780 1306 2819 vidia:
1326 2778 1490 2832 tyrannis
1515 2793 1522 2814 ε
1542 2777 1623 2815 licet
1638 2775 1731 2814 illud
1758 2790 1839 2813 cum
1858 2775 1980 2813 labore
2005 2784 2037 2813 et
2056 2775 2184 2814 sudore

1199 2841 1419 2893 perficiatur,
1440 2839 1508 2877 hoc
1524 2847 1641 2876 autem
1657 2852 1700 2875 ex
1718 2837 1901 2889 proposito
1921 2845 2010 2874 etex
2024 2836 2096 2873 sola
2115 2851 2184 2875 vo-

1197 2902 1332 2939 luntate
1342 2900 1598 2953 proficiscatur.
1612 2898 1681 2937 Sed
1699 2897 1803 2935 multi
1823 2896 1919 2947 quod
1937 2897 2120 2935 molestius
2135 2907 2186 2935 est

1199 2963 1362 3007 ferentes,
1388 2960 1484 3012 quod
1508 2960 1662 3006 facilius,
1690 2972 1758 2996 non
1781 2958 1983 3010 perficiunt,
2004 2958 2065 2995 sed
2093 2958 2186 2995 tabe-

1201 3033 1303 3061 scunt
1315 3033 1346 3061 et
1362 3031 1521 3075 pereunt,
1535 3036 1615 3060 cum
1628 3020 1751 3058 vident
1763 3020 1852 3057 alios
1865 3020 1959 3056 clare
1970 3028 2002 3056 et
2019 3033 2187 3071 prospere

1202 3095 1360 3138 agente53
1383 3099 1465 3122 cum
1481 3083 1676 3121 Ecclesiam
1705 3089 1851 3119 cernunt
1868 3089 1980 3118 totam
1996 3089 2056 3117 aut
2074 3080 2186 3118 verbo

87 358 148 395 οὐκ
166 357 301 408 ἴσχυσε·
323 355 457 398 Πάντες
486 355 574 408 γὰρ,
607 355 723 406 φησὶν,
750 353 925 404 ἥμαρτον·
949 356 971 399 ἡ
987 352 1102 395 πίστις

88 417 123 455 δὲ
139 419 283 455 ἐλθοῦσα
300 416 383 454 αὐτὸ
399 414 643 466 κατώρθωσεν·
661 417 745 464 ὁμοῦ
763 414 831 465 γάρ
847 430 899 456 τις
923 413 1102 452 ἐπίστευσε

87 477 145 515 καὶ
166 475 363 522 ἐδικαιώθη.
398 478 533 514 Οὐκοῦν
559 475 681 522 ἔστησε
700 480 758 513 τοῦ
776 474 882 524 νόμου
897 474 936 512 τὸ
954 473 1101 522 Οέλημα,

87 538 146 576 καὶ
162 539 204 575 δι’
221 538 238 575 ὃ
254 537 367 575 πάντα
384 537 551 589 ἔπραττεν
568 538 707 584 ἐκεῖνος,
725 540 826 574 τοῦτο
842 535 928 582 αὕτη
947 537 993 577 εἷς
1009 535 1104 577 τέλος

87 600 228 650 ἤγαγεν.
259 599 334 636 Οὐκ
354 598 422 651 ἄρα
442 597 544 635 αὐτὸν
564 597 797 650 κατήργησεν,
818 597 893 634 ἀλλ’
921 595 1103 644 ἀπήρτισε.

88 659 180 711 Τρία
203 658 315 696 τοίνυν
345 661 491 696 ἐνταῧΟα
517 657 694 704 ἀπέδειξε,
723 657 783 695 καὶ
801 655 854 694 ὅτι
872 656 979 708 χωρὶς
999 655 1104 704 νόμου

90 719 232 757 δυνατὸν
266 720 518 767 δικαιωΟηναι,
546 734 605 756 και
630 718 681 756 ὅτι
711 732 812 755 τουτο
837 733 899 754 ουκ
928 715 1069 767 ἴσγυσεν
1088 716 1106 751 6

93 960 193 1011 tm).-
196 977 253 999 ται
273 964 289 998 6
310 942 494 1007 Ἰουδαῖος,
523 962 560 998 οὐ
591 960 692 1010 μόνον
726 960 787 996 οὐκ
806 961 909 995 οὖσαν
935 957 1106 1002 ἐναντίαν,

92 1023 182 1060 ἀλλὰ
201 1038 258 1060 και
287 1022 431 1074 σφόδρα
447 1020 633 1072 σύμααχόν
654 1035 690 1057 τε
714 1036 773 1057 και
803 1018 963 1069 συνεργὸν
984 1022 1106 1055 οὖσαν

93 1082 110 1119 ὃ
130 1083 284 1132 μάλιστα
301 1082 441 1120 ἐπόθουν
459 1083 617 1118 ἀκοῦσαι.

148 1325 238 1362 Ἀλλ’
269 1323 387 1370 ἐπειδὴ
414 1324 502 1374 μετὰ
528 1323 590 1370 τὴν
618 1323 718 1376 χάριν
748 1322 890 1370 ταύτην,
918 1324 960 1360 δι’
976 1316 1023 1396 ᾗς
1041 1323 1114 1360 ἐδι-

94 1384 320 1434 mt‹0'·›0r,usv‚
337 1400 396 1422 και
416 1387 535 1423 πολιτε
540 1385 670 1459 ίαςχρε
656 1386 725 1431 ία,
746 1383 841 1428 αξίαν
862 1383 991 1428 ἐπιδειξ
994 1383 1068 1421 (Sue
1056 1388 1115 1422 -02

97 1449 158 1491 τῆς
178 1446 307 1498 δωρεᾶς
333 1462 396 1490 την
429 1445 599 1491 σπουδήν·
625 1446 755 1488 ἐπιδεις
740 1444 867 1495 όμεΟα
898 1444 958 1493 δὲ,
981 1444 1020 1482 ἂν
1051 1445 1113 1491 τὴν

100 1506 234 1558 ι1.·ητέροι
249 1508 316 1543 τῶν
334 1509 354 1543 ἀ
357 1509 470 1556 γαῡων
489 1505 551 1553 τὴν
569 1506 733 1557 &furem
728 1521 791 1542 μετ
795 1506 816 1544 ὰ
829 1508 936 1543 πολΓ)
920 1522 960 1552 ης
980 1506 1091 1557 ’ρυλοίτ
1095 1529 1115 1534 -

98 1583 194 1605 τωυε
197 1584 214 1604 ν
234 1583 295 1613 της
314 1568 476 1613 στόυδῆς.
496 1567 544 1605 'A
534 1567 629 1618 γάπη
649 1568 684 1603 δε
676 1566 803 1613 ἐστιν,
821 1568 857 1603 οὐ
870 1568 932 1618 fl)
926 1569 956 1604 ὰ
974 1567 1115 1619 ῥήματα

101 1749 140 1786 τὸ
173 1748 337 1786 κινδυνων
364 1748 621 1795 ἀπαλλάττειν,
645 1748 683 1786 τὸ
709 1749 742 1785 ἐν
774 1763 1018 1800 περιστασεσιν
1044 1751 1120 1786 οὖσι

102 1809 358 1862 παρίστασθαι,
380 1810 418 1848 τὸ
439 1812 483 1847 κ)
486 1809 570 1847 αίειν
595 1809 684 1860 μετὰ
705 1809 907 1856 κλαιόντων,
926 1809 965 1846 τὸ
984 1809 1120 1861 χαίρειν

104 1871 192 1909 μετὰ
218 1871 362 1923 γαιρόντ
350 1887 431 1908 ων·
459 1887 518 1909 και
545 1871 612 1924 γὰρ
628 1870 803 1909 καὶτοῦτο
832 1870 988 1922 ἀμίπης·
1007 1869 1120 1908 καίτοι

103 1933 179 1968 δοκε
167 1932 333 1982 ,ῖμικρὸν
354 1935 440 1969 εἶναι
456 1935 570 1979 τοῦτο,
589 1931 627 1969 τὸ
644 1931 727 1984 γαίρ
732 1947 778 1969 ειν
800 1931 888 1982 μετὰ
908 1931 1121 1983 γαιρόντων·

104 1992 234 2043 σὀόδρα
260 2008 377 2029 μεντοι
400 1991 488 2043 με’(α
505 1992 578 2030 ἐστι
593 2009 652 2030 και
668 1992 852 2044 φιλοσόφου
865 1991 1024 2042 δεόμενον
1038 1990 1123 2043 γνώ-

105 2068 188 2101 μης·
206 2052 266 2090 καὶ
280 2052 425 2095 πολλοὺς
439 2053 477 2089 ἂν
491 2052 647 2106 εὕροιμεν
662 2053 700 2090 τὸ
713 2052 773 2104 μὲν
786 2053 987 2104 πικρότερον
1005 2053 1122 2091 ἀνύον-

105 2133 177 2162 τας,
187 2117 270 2169 πρὸς
284 2116 428 2154 τοῦτοδὲ
444 2118 646 2160 &on&qu
656 2133 663 2140 ·
675 2117 797 2155 πολλοὶ
809 2117 875 2169 γὰρ
889 2117 1046 2155 κλαίουσι
1062 2117 1122 2168 μὲν

105 2184 194 2234 μετὰ
223 2184 426 2231 κλαιόντων,
447 2184 561 2223 οὐκέτι
583 2184 618 2223 δὲ
647 2184 704 2222 καὶ
725 2183 814 2235 μετὰ
830 2184 1022 2236 χαιρόντων
1044 2185 1124 2237 χαί-

107 2266 233 2303 ρουσιν,
249 2249 337 2288 ἀλλὰ
354 2249 556 2303 δακρύουσιν
574 2250 699 2302 ἑτέρων
712 2249 905 2302 χαιρόντων
922 2267 929 2274 ·
945 2250 1030 2303 ὅπερ
1050 2252 1122 2290 ἐστὶ

108 2317 280 2368 βασκανία
303 2317 363 2355 καὶ
382 2317 513 2369 φθόνος.
543 2320 596 2356 Οὐ
617 2318 729 2356 τοίνυν
751 2318 873 2371 μικρὸν
896 2318 1121 2369 κατόρθωμα,
1147 2329 1172 2360 C

106 2389 163 2423 τοῦ
185 2385 330 2435 ἀδελφοῦ
345 2383 524 2436 χαίροντος
536 2384 683 2437 χαίρειν,
701 2384 791 2423 ἀλλὰ
807 2385 866 2423 καὶ
883 2385 1026 2439 θατέρου
1045 2393 1121 2436 μεῖ-

106 2455 181 2496 ζον·
202 2451 294 2503 τάχα
313 2450 349 2489 δὲ
366 2453 404 2488 οὔ
424 2456 482 2490 τοῦ
511 2451 643 2490 κλαίειν
673 2452 775 2503 μόνον
807 2452 896 2503 μετὰ
919 2453 1123 2502 κλαιόντων,

105 2514 196 2553 ἀλλὰ
211 2515 344 2553 καὶτοῦ
363 2518 587 2566 παραστῆναι
607 2519 640 2555 ἐν
661 2516 826 2560 κινδύνοις
843 2518 970 2567 μεῖζον.
991 2518 1124 2556 Πολλοὶ

105 2582 184 2629 γοῦν
200 2577 430 2616 κινδυνεύουσι
447 2578 508 2629 μὲν
524 2578 836 2628 συνεκινδύνευσαν,
852 2581 1123 2631 εὐδοκιμούντων

106 2645 141 2683 δὲ
156 2645 362 2696 ἐδήχῠησαν·
372 2644 523 2692 τοσαύτη
538 2648 560 2692 ἡ
575 2647 637 2691 τῆς
653 2644 841 2696 βασκανίας
851 2647 1023 2699 τυραννίς.
1037 2648 1123 2686 Καί-

105 2728 158 2750 τοι
182 2712 221 2750 τὸ
243 2710 303 2762 μὲν
323 2711 436 2749 πόνων
457 2712 530 2750 ἐστὶ
548 2712 607 2750 καὶ
630 2712 798 2766 ἱδρώτων,
820 2718 920 2752 τοῦτο
944 2715 978 2753 δὲ
997 2731 1123 2767 προαν-

110 2778 232 2830 ρέσεως
255 2778 316 2816 καὶ
335 2777 476 2829 γνώμης
497 2778 597 2829 μόνον
611 2797 618 2803 ·
651 2781 727 2818 ἀλλ’
748 2779 843 2830 ὅμως
866 2780 905 2818 τὸ
921 2781 1126 2832 χαλεπώτε-

110 2861 164 2897 ρον
183 2844 427 2896 ὑπομείναντες
446 2847 590 2893 πολλοὶ,
610 2847 649 2885 τὸ
669 2846 899 2898 εὐκολώτερον
926 2847 1045 2885 τούτου
1065 2851 1125 2886 οὖν.

106 2911 235 2956 ἤνυσαν
252 2942 261 2959 ,
283 2911 372 2949 ἀλλὰ
390 2912 554 2959 τήκονται
573 2913 632 2951 καὶ
654 2913 876 2960 ἀπόλλυνται,
891 2914 972 2953 ὅταν
990 2915 1126 2968 ἑτέρους

111 2978 371 3026 εὐδοκιμοῦντας
391 2979 520 3028 ἴδωσιν,
540 2979 620 3018 ὅταν
643 2980 858 3027 Ἐκκλησίαν
883 2983 1124 3034 ὠφελουμέψην
1152 2992 1176 3020 D

111 3043 352 3096 ὅλόκληρον,ἢ
381 3046 472 3097 λόγῳ
500 3046 522 3092 ἢ
551 3047 611 3085 καὶ
640 3048 746 3102 ἑτέρῳ
778 3049 845 3087 τινὶ
866 3050 1004 3103 τρόπῳ·
1036 3045 1073 3088 οῧ
1092 3050 1126 3087 τί

112 3115 225 3160 χεῖρον
241 3110 364 3160 γένοιτ’
385 3114 424 3148 ἀν
441 3129 449 3158 ;
471 3113 561 3151 Οὐδὲ
580 3114 647 3166 γὰρ
663 3118 712 3167 τῷ
729 3118 867 3168 ἀδελφῷ
883 3117 1017 3165 λοιπὸν,
1038 3117 1127 3154 ἀλλὰ

113 3175 171 3243 καὶ
190 3179 239 3227 τῷ
259 3176 429 3228 Θελήματι
447 3184 505 3217 τοῦ
526 3183 617 3219 Θεοῦ
635 3185 651 3219 6
667 3188 817 3226 τοιοῦτος
833 3183 996 3235 μάχεται.
1015 3186 1130 3222 Τοῦτο

114 3246 172 3279 οὖν
195 3243 356 3289 ἐννοήσας
370 3274 379 3291 ,
399 3250 529 3285 παῦσαι
549 3251 610 3294 τῆς
631 3250 748 3298 νόσου,
767 3250 826 3288 καὶ
847 3253 876 3289 εἰ
896 3250 944 3300 μὴ
965 3249 1022 3288 τον
1040 3252 1128 3297 πλη-

114 3308 186 3347 σίον
219 3309 332 3359 βούλει
351 3340 359 3359 ,
395 3312 519 3351 σαυτὸν
551 3318 631 3365 γοῦν
669 3316 865 3361 ἀπάλλαξον
898 3319 965 3354 τῶν
999 3317 1130 3368 μυρίων

114 3377 242 3412 κακῶν.
275 3375 321 3412 Τί
348 3377 499 3428 πόλεμον
531 3382 725 3433 ἐπεισάγεις
749 3399 809 3422 σου
839 3389 907 3425 τοὶς
935 3385 1131 3434 λογισμοῐςς

118 3441 149 3477 τί
172 3442 316 3494 9019389)
335 3445 396 3490 τὴν
423 3447 537 3498 ψυχὴν
563 3452 725 3501 πληροῖς,
751 3450 783 3488 τί
806 3452 962 3502 γειμῶνα
984 3453 998 3488 ἔ

361 3512 454 3535 11111.
492 3514 545 3538 ix.

1003 3452 1108 3502 ργάζῃ
1123 3467 1132 3498 3

1201 3156 1260 3184 aut
1277 3146 1347 3183 alio
1360 3144 1517 3195 quodam
1535 3142 1642 3181 modo
1657 3141 1778 3194 juvari
1795 3149 1828 3178 et
1846 3154 1920 3178 rem
1938 3140 2028 3178 bene
2045 3153 2182 3191 gerere:

1203 3221 1274 3258 quo
1293 3206 1381 3257 quid
1398 3205 1554 3243 deterius
1573 3203 1708 3241 fuerit?
1730 3204 1850 3252 Neque
1865 3201 1959 3239 enim
1981 3216 2062 3239 cum
2080 3202 2188 3240 fratrc

1203 3277 1356 3316 tantum,
1376 3266 1438 3304 sed
1456 3265 1564 3303 etiam
1584 3279 1665 3303 cum
1687 3263 1869 3302 voluntate
1884 3262 1952 3300 Dei
1977 3272 2111 3314 pugnat
2125 3264 2187 3315 qui

1203 3330 1285 3367 talis
1313 3337 1376 3365 est.
1401 3327 1476 3364 Hoc
1509 3340 1592 3377 ergo
1611 3324 1860 3374 zonsideram,
1882 3337 2064 3375 compesce
2094 3338 2189 3362 moi·-

1204 3393 1291 3429 bum
1318 3390 1433 3438 huuc3
1455 3398 1488 3426 et
1507 3388 1534 3426 si
1556 3402 1624 3425 non
1653 3386 1861 3439 proximum
1888 3385 1957 3433 xis,
1980 3386 2103 3423 saltem
2134 3396 2190 3423 tc·-

1207 3451 1349 3504 ipsum
1344 3449 1552 3488 iscxceutis
1579 3447 1790 3487 erucmalis
1813 3447 1885 3485 Cur
1917 3446 2050 3483 lelium
2084 3446 2189 3484 infers

1981 3500 2031 3540 58

2294 1505 2376 1532 Cari-

2285 1553 2376 1573 mazer

2231 1588 2317 1614 boum
2327 1597 2376 1613 um

2189 1630 2331 1656 omnium.

2189 1553 2228 1573 las

2279 2723 2387 2750 Contra

2199 2765 2353 2792 invidiam.
