2466 3805
664 243 706 274 IN
746 244 857 273 ACTA
898 240 1224 273 AI‘OSTOLORUM
1236 259 1243 268 .

84 328 124 368 τὰ
148 330 385 382 ἁμαρτήματα
404 331 443 368 τὸ
463 331 571 378 ὄνομα
596 335 655 368 τοῦ
679 332 831 381 Χριστοῦ
844 359 853 376 ‚
873 328 956 367 ὅπου
977 345 1015 380 γε
1041 328 1099 366 καὶ

82 398 222 430 τοιαῦτα
248 392 438 443 ἐργάζεται.
463 394 678 444 Κρατοῦντος
709 391 743 430 δὲ
772 397 831 429 τοῦ
864 391 1013 434 ἷαθέντος
1042 390 1099 428 τὸν

83 451 213 502 Πέτρον
244 450 378 489 καὶτὸν
406 451 589 497 Ἰωάννην,
619 453 763 496 συνῆλθε
788 457 856 493 πᾶς
886 452 903 487 ὃ
932 448 1014 492 λαὸς
1043 447 1100 486 ἐπὶ

81 515 122 559 τῇ
145 518 228 563 στοᾶΙ
258 515 301 564 τῇ
331 512 525 562 καλουμένῃ
557 513 783 561 Σολομῶντος
813 510 990 560 ἔκθαμὸοι.
1018 509 1100 547 Ἀπὸ

81 575 142 617 τ’ἧς
163 573 294 616 εὐνοίας
319 572 334 592 ¹'
348 577 409 619 τῆς
430 575 476 615 εἷς
497 571 615 615 αὐτοὺς
634 572 693 610 καὶ
712 576 773 617 τῆς
792 571 907 623 φιλίας
926 573 987 608 οὐκ
1008 572 1099 621 ἐχω-

83 632 193 683 ρίζετο
216 636 346 671 αὐτῶν·
373 633 455 677 ἴσως
484 633 519 671 δὲ
551 633 611 670 καὶ
647 635 859 684 εὐχαριστῶν
897 633 1011 673 αὐτοῖς
1040 646 1100 667 και

81 694 242 731 ἐπαινῶν.
264 693 334 730 Καὶ
354 693 547 746 συνέδραμε
560 722 569 736 ,
589 692 690 744 φησὶ,
707 698 774 734 πᾶς
793 694 810 728 ὃ
825 691 919 734 λαός.
940 690 1037 728 Ἰδὼν
1065 689 1100 727 δὲ

83 752 230 796 αὐτοῦςὸ
253 753 405 806 Πέτρος,
429 753 649 805 ἀπεκρίνατο.
669 753 783 790 Πάλιν
808 752 905 794 αὐτὸς
926 751 985 788 καὶ
1000 750 1100 801 ἐργά-

82 816 174 855 ζεται
202 814 261 851 καὶ
285 815 486 867 δημηγορεῖ.
517 813 608 851 Τότε
640 812 701 862 μὲν
726 806 781 849 οῦν
812 810 933 853 αὐτοὺς
963 813 1010 854 εἰς
1037 810 1098 856 τὴν

81 874 244 924 ἀκρόασιν
266 875 416 927 διήγειρε
433 874 472 910 τὸ
493 873 700 925 πρᾶγμα-,τὸ
719 870 798 922 περὶ
829 869 890 913 τὰς
918 869 1098 919 γλώσσας,

80 933 149 969 νυνὶ
175 933 210 971 δὲ
241 940 360 972 τοῦτο·
386 934 444 972 καὶ
469 933 546 971 τότε
569 933 630 983 μὲν
651 930 762 984 ἀρχὴν
785 930 906 968 ἔΛαΕεν
935 929 1002 967 ἀπὸ
1029 932 1097 966 τῶν

78 994 320 1067 ἐγκλημάτων,
336 1000 391 1032 νῦν
422 994 456 1032 δὲ
478 994 547 1031 ἀπὸ
561 997 622 1038 της
644 991 815 1034 ὑπονοίας.
830 990 978 1040 Ἰδωμεν
1006 984 1096 1066 cxogv’

78 1054 112 1090 τί
146 1055 340 1106 διενήνοχεν
361 1055 448 1100 αὕτη
470 1058 491 1100 ἡ
513 1055 605 1103 δηυιη
609 1052 709 1104 γορία
739 1067 891 1098 εκεινης,
915 1067 974 1089 και
1005 1050 1097 1088 κατὰ

77 1114 110 1150 τί
131 1121 297 1152 κοινωνεῖ.
317 1114 457 1161 Εκείνη
482 1114 543 1164 μὲν
561 1117 616 1151 οὐν
635 1130 668 1151 εν
687 1116 729 1164 τῇ
751 1112 842 1150 οἰκία
857 1111 1007 1162 γίνεται,
1038 1113 1094 1149 οὐ·

77 1173 177 1212 δέπω
190 1174 436 1227 προσελθόντος
455 1175 606 1221 οὐοενος,
640 1173 717 1212 οὐοε
745 1174 856 1210 αὐτων
882 1188 916 1209 τι
949 1175 1096 1225 ἐργασα-

77 1236 205 1285 μένων·
225 1234 311 1282 αὕτη
338 1235 372 1273 δὲ
399 1235 539 1273 πάντων
564 1234 821 1285 θαυμαζόντων,
843 1237 901 1271 τοῦ
923 1238 1096 1287 θεραπευ-

76 1296 188 1340 θέντος
208 1296 354 1344 πλησίον
372 1299 537 1339 ἑστῶτος·
557 1296 690 1339 οὐδενὸς
707 1294 1003 1347 ἀμφιὸοίλλοντος,
1028 1310 1093 1332 κα-

76 1356 184 1410 θάπερ
200 1357 296 1404 τότε,
316 1357 369 1395 ὅτε
399 1357 527 1409 ἔλεγον,
553 1357 604 1395 ὅτι
636 1355 806 1399 Γλεύκους
834 1350 1094 1406 μεμεστωμένοι

75 1418 151 1457 εἶσί.
172 1419 241 1456 Καὶ
260 1418 335 1456 τότε
357 1420 443 1470 μετὰ
459 1423 526 1458 τῶν
547 1418 747 1457 ἀποστόλων
766 1417 904 1456 πάντων
921 1416 967 1455 ὢν
985 1418 1095 1456 διελέ-

75 1494 171 1529 γετο·
200 1483 256 1517 νῦν
281 1480 316 1518 δὲ
350 1481 438 1530 μετὰ
463 1484 522 1519 τοῦ
549 1479 709 1517 Ἰωάννου
739 1478 862 1530 μόνου·
883 1479 1003 1517 λοιπὸν
1026 1479 1093 1530 γὰρ

76 1542 193 1592 θαρρεῖ
203 1541 262 1578 καὶ
277 1541 498 1592 σφοδρότερος
516 1541 659 1593 γίνεται.
677 1542 839 1578 Τοιοῦτον
852 1539 920 1590 γὰρ
932 1543 953 1585 ἡ
970 1539 1092 1591 ἀρετὴ,

996 1600 1093 1652 εὈρα

77 1659 110 1698 δὲ
134 1661 193 1698 καὶ
222 1664 296 1704 πῶς
324 1663 528 1713 ᾠκονομήθη
547 1665 579 1700 ἐν
597 1665 646 1715 τῷ
667 1664 748 1712 ἱερῷ
766 1661 925 1712 γενέσθαι
955 1661 993 1699 τὸ
1028 1677 1093 1708 ση-

78 1727 184 1770 μεῖον,
203 1721 259 1759 ἵνα
284 1722 342 1759 καὶ
362 1723 460 1761 ἄλλοι
481 1722 710 1774 θαρρήσωσιν.
731 1724 808 1760 Οὐκ
825 1724 858 1760 ἐν
878 1722 1092 1775 παραὲύστῳ

75 1600 188 1652 ἀρχὴν
207 1601 363 1640 λαὲοῦσα
384 1602 535 1653 πρόεισι,
556 1601 615 1639 καὶ
640 1602 789 1651 οὐδαμοῦ
817 1600 968 1638 ἵσταται.

75 1781 142 1832 γὰρ
171 1782 253 1819 αὐτό
272 1798 337 1820 που
355 1783 574 1836 ἐργάζονται,
601 1782 623 1828 ἢ
653 1783 712 1820 καὶ
740 1782 993 1826 λανθανόντως·
1014 1785 1090 1821 ἀλλ’

75 1841 151 1879 οὔτε
168 1843 259 1880 ἔνδον
280 1845 314 1880 ἐν
332 1846 380 1895 τῷ
402 1847 502 1895 ἱερῷ,
529 1844 608 1882 ἔνθα
622 1843 661 1881 τὸ
680 1843 766 1881 πολὺ
785 1844 914 1889 πλῆθος
935 1838 989 1889 ἦν.
1011 1846 1093 1887 Πῶς

75 1896 131 1939 οῦν
152 1903 354 1949 ἐπιστεύθη,
374 1905 495 1956 φησίν,
515 1904 600 1943 εὈτι
620 1904 719 1947 αὐτὸς
742 1907 759 1941 ὃ
779 1904 994 1956 θεραπευθεὶς
1013 1905 1093 1950 ἐκή-

77 1979 175 2015 ρυττε
196 1963 258 2010 τὴν
281 1965 489 2015 εὐεργεσίαν.
524 1964 614 2003 Οὐδὲ
643 1964 709 2016 γὰρ
737 1964 776 2001 ἂν
804 1964 994 2015 ἐψεύσατο,
1023 1965 1093 2003 οὐδ’

76 2024 114 2059 ἂν
134 2025 187 2060 ἐπ’
205 2025 325 2067 ἄλλους
341 2024 436 2068 τινὰς
455 2020 570 2071 ἦλθεν.
591 2025 694 2063 ἼΙτοι
716 2019 791 2072 οὐν,
809 2027 855 2068 ὡς
881 2026 1092 2077 εὐρυχωρίας

76 2084 196 2131 οὔσνς,
212 2086 281 2122 εκεῖ
300 2101 338 2122 το
365 2091 506 2135 σημεῖον
528 2086 751 2138 εἰργάσαντο,
769 2085 790 2131 ἢ
811 2089 856 2129 ὡς
873 2086 1092 2138 κεχωρισμέ-

76 2162 132 2183 νου
163 2151 221 2184 τοῦ
254 2146 372 2184 τόπου.
404 2146 474 2184 Και
499 2146 562 2198 ὅρα
594 2148 632 2185 τὸ
655 2147 849 2197 γενόμενον.
870 2147 947 2198 Ἐφ’
971 2147 1090 2200 ἑτέραν

74 2210 112 2243 ἀν
117 2208 219 2251 ηλθον
237 2207 423 2258 πρόρασιν,
446 2223 504 2244 και
535 2207 635 2259 ἕτερα
663 2207 874 2258 ἐργάζονται.
904 2207 1009 2245 Οὕτω
1032 2209 1091 2246 καὶ

74 2267 284 2319 (ῙΚορνήλιος
303 2268 392 2305 ἄλλα
405 2283 490 2313 νητσ
479 2267 575 2305 εύων
592 2267 731 2318 ηὔχετο,
747 2268 806 2305 καὶ
823 2268 939 2305 ἄλλα
927 2275 1001 2320 ορᾷ.
1016 2269 1090 2306 Mt}-

71 2343 131 2379 χρι
149 2327 183 2364 F}
207 2327 285 2366 τότε
317 2333 496 2380 πανταχοῦ
529 2328 586 2365 τὸν
616 2328 763 2380 Χριστὸν
791 2329 994 2379 Ναζωραῖον
1014 2331 1089 2368 ὀνο-

72 2387 247 2436 μάζουσιν.
273 2388 333 2426 Ἐν
349 2392 397 2440 τῷ
420 2389 563 2440 ὀνόματι
580 2388 695 2435 Ἰησοῦ
715 2390 866 2440 Χριστοῦ
887 2393 945 2427 τοῦ
962 2391 992 2427 Ν
998 2392 1087 2434 αζω-

74 2447 166 2499 ραίου
180 2478 189 2495 ,
219 2449 336 2500 φησὶν,
354 2448 482 2502 ἕγειραι
502 2449 560 2487 καὶ
576 2448 769 2499 περιπάτει.
786 2449 884 2492 Τέως
903 2449 970 2502 γὰρ
989 2454 1089 2489 τοῦτο

71 2503 111 2553 ἦν
130 2509 168 2546 τὸ
189 2509 408 2559 ζητούμενον,
425 2511 463 2547 τὸ
482 2513 708 2555 πιστευθῆναι
726 2509 841 2547 αὐτόν.
862 2510 923 2556 Μὴ
943 2509 982 2556 δὴ
1004 2511 1089 2561 πρὸς

68 2568 130 2614 τὴν
151 2568 261 2619 ἀρχὴν
277 2570 514 2620 ἀποκάμωμεν
535 2574 593 2607 τοῦ
616 2570 828 2621 διηγήματος
842 2586 849 2593 ·
879 2572 955 2608 ἀλλ’
978 2573 1007 2608 εἷ
1028 2571 1089 2609 καὶ

71 2628 279 2679 κατόρθωμά
300 2646 350 2673 τις
373 2629 475 2667 εἰπὼν
490 2630 630 2682 διαλίπῃ
641 2661 650 2677 ,
661 2630 765 2668 πάλιν
778 2631 1008 2681 ἀναλάέωμεν
1024 2631 1086 2678 τὴν

73 2688 196 2740 ἀρχήν.
212 2689 271 2727 Ἂν
298 2691 331 2726 ἐν
360 2689 427 2734 ἕξει
447 2690 645 2742 γενώμεθα,
668 2690 802 2742 ταχέως
819 2692 903 2742 πρὸς
925 2693 964 2729 τὸ
991 2692 1087 2736 τέλος

69 2749 192 2799 ἥξομεν
207 2765 214 2772 ·
233 2750 366 2802 ταχέως
382 2751 466 2803 πρὸς
477 2751 539 2798 τὴν
551 2751 701 2804 κορυφὴν
714 2752 926 2802 στησόμεθα.
943 2753 1085 2800 Σπουδὴ

69 2810 153 2861 γὰρ,
181 2811 286 2862 φησὶ,
318 2811 469 2858 σπουδὴν
497 2819 621 2864 γεννᾷ,
644 2813 702 2850 καὶ
736 2813 885 2864 ῥᾳθυμία
907 2813 1087 2865 ῥᾳθυμίαν.

68 2875 81 2890 ³
97 2870 140 2908 ‘O
156 2872 276 2923 μικρόν
292 2888 325 2909 τι
340 2873 579 2926 κατωρθωκὼς
607 2873 710 2911 ἔλαὸε
727 2874 948 2926 παράκλησιν
965 2874 1021 2912 ἐπὶ
1047 2875 1086 2912 τὸ

71 2933 182 2978 μεῖζον
207 2933 327 2979 ἐλθεῖν,
348 2933 406 2970 καὶ
427 2935 558 2982 μᾶλλον
578 2934 611 2978 ἐξ
631 2934 759 2973 ἐκείνου
785 2934 982 2987 περαιτέρω
1010 2951 1085 2987 χω-

71 2993 184 3042 ρῆσαι.
213 2993 280 3030 Καὶ
306 2993 461 3047 καθάπερ
477 2995 516 3033 τὸ
537 3000 604 3048 πῦρ
623 2995 688 3034 ὅσα
710 2996 750 3033 ἂν
782 2996 956 3047 περιλοίὸη
979 2995 1083 3044 ξύλα,

68 3050 216 3103 τοσούτῳ
243 3053 466 3106 σφοδρότερον
495 3055 645 3106 γίνεται·
671 3055 760 3094 οὕτω
791 3058 851 3094 καὶ
885 3056 1082 3109 προθυμία,

67 3109 163 3153 ὅσους
183 3110 221 3148 ἂν
249 3113 396 3166 διεγείρῃ
422 3115 607 3166 λογισμοὺς
631 3116 800 3163 εὐσεέεῖς,
819 3116 971 3167 τοσούτῳ
992 3118 1083 3167 μᾶλ-

69 3172 125 3207 λον
153 3171 240 3208 κατὰ
256 3174 321 3209 τῶν
340 3174 452 3212 ἄλλων
470 3176 657 3219 ὁπλίζει-αι.
694 3170 776 3214 Οἷόν
796 3193 829 3214 τι
844 3176 952 3228 λέγω·
974 3176 1082 3222 ἑστή-

114 3278 128 3299 b
153 3276 296 3315 Quidam
312 3287 363 3318 τῆς
398 3286 470 3326 πρὸς
493 3285 606 3320 :broug-

117 3338 124 3349 ἴ
153 3328 283 3370 [ἴδωμεν
298 3334 352 3372 μὲν
369 3332 416 3364 οὖν
433 3333 472 3363 D.
491 3335 601 3375 ἴδωμεν
616 3336 646 3366 δέ
662 3345 673 3364 x
685 3331 764 3376 ulg.]

753 3389 896 3423 ἐκήπευε.

115 3380 129 3403 ¹¹
158 3378 213 3411 Alii
240 3386 395 3425 Κορνήλιος
412 3387 516 3424 ἐποίει,
539 3387 645 3426 ηὔχετο
680 3389 727 3417 καὶ
926 3389 1019 3431 μέχρι
1045 3389 1072 3420 δὲ

1285 239 1440 268 tloMlL.
1483 238 1572 267 vm.

2095 222 2153 285 75

1172 334 1268 363 tanta
1297 334 1514 377 operaretur.
1538 327 1600 362 11.
1632 325 1729 362 Cum
1765 332 1907 361 teneret
1938 332 2064 361 autem
2096 327 2153 369 is,

1173 390 1239 438 qui
1259 385 1582 438 sarzaiusjuerat,
1593 387 1752 423 Petrum
1772 392 1807 422 et
1823 385 2018 421 Jocznnem
2034 414 2043 432 ,
2062 398 2157 421 con—

1177 451 1280 486 venit
1296 451 1422 485 omnis
1445 448 1607 499 populus
1633 448 1686 484 ad
1701 448 1890 498 porticum
1915 459 2000 496 quoe
2026 446 2159 496 appel-

1175 510 1281 546 latur
1311 509 1545 557 Salomonis,
1580 503 1788 559 stupentes.
1823 506 1881 543 Ex
1916 505 2159 542 benevolentia

1174 578 1206 606 et
1225 569 1380 606 amicitia
1397 583 1463 606 non
1486 568 1714 620 separabatur
1732 567 1777 604 ab
1796 566 1881 618 ipsis
1902 565 2071 614 claudus,
2088 566 2160 603 for-

1087 630 1094 643 *
1124 633 1148 663 C
1174 638 1263 667 tasse
1279 629 1410 680 gratias
1438 643 1543 680 agens
1566 638 1600 666 ct
1627 627 1774 665 laudans
1793 627 1885 664 illos.
1903 628 1957 665 Et
1981 640 2160 664 accurre-

1176 691 1254 735 bat,
1284 690 1419 739 inquit7
1442 693 1564 727 omnis
1589 689 1764 740 populus.
1787 690 1848 725 42
1871 689 2011 725 Videas
2031 696 2160 725 autem

1174 750 1264 787 illos
1280 752 1434 795 Petrus,
1457 751 1666 800 respondit.
1690 750 1827 786 Rursus
1846 748 1920 800 ipse
1941 757 1974 786 et
1993 758 2159 800 operatur

1173 817 1206 845 et
1225 809 1464 845 concionatur.
1485 810 1580 846 Tum
1605 808 1749 858 quidem
1767 808 1847 845 illos
1868 808 1915 845 ad
1941 808 2159 847 audiendum

1173 868 1342 905 excitavit
1361 869 1566 919 linguarum
1585 869 1799 905 miraculum
1812 898 1821 915 ‚
1840 882 1932 905 nunc
1957 878 2074 906 autem
2092 869 2160 907 hoc

1174 927 1315 978 signum
1332 944 1339 964 :
1357 937 1389 965 et
1411 937 1495 965 tunc
1515 928 1701 965 exordium
1723 927 1827 964 duxit
1847 942 1865 965 a
1887 927 2045 975 crimine,
2067 943 2160 967 nunc

1174 987 1219 1024 ab
1238 988 1413 1039 opinione.
1436 988 1633 1026 Videamus
1653 996 1784 1037 autem,
1805 987 1891 1037 quid
1911 988 1955 1024 ab
1977 987 2039 1024 illa
2059 988 2160 1026 disse-

1174 1056 1228 1084 rat
1258 1048 1333 1085 haec
1354 1048 1490 1098 concio,
1514 1058 1547 1085 et
1568 1048 1657 1098 quid
1682 1061 1869 1085 commune
1894 1061 1976 1084 cum
2002 1048 2063 1085 illa
2090 1048 2181 1085 ha-.

1174 1107 1268 1146 beat.
1293 1109 1359 1146 Illa
1376 1109 1474 1146 dumi
1493 1109 1612 1157 fiebat,
1630 1123 1711 1146 cum
1727 1122 1828 1145 nemo
1855 1107 1974 1145 adhuc
1990 1110 2161 1147 accessis—

1172 1178 1237 1218 set,
1261 1184 1324 1207 nee
1345 1170 1532 1222 quidpiam
1551 1170 1604 1207 illi
1624 1169 1758 1222 operati
1786 1169 1955 1219 fuissent5
1973 1170 2050 1207 haec
2074 1184 2160 1208 vero

1171 1231 1336 1269 omnibus
1355 1232 1584 1281 mirantibus,
1601 1231 1663 1268 illo
1683 1231 1744 1281 qui
1764 1240 1905 1268 sanatus
1921 1232 2035 1268 fuerat
2050 1246 2160 1284 prope

1170 1293 1447 1340 aclstante‚nullo
1457 1293 1655 1341 dubitante,
1667 1301 1705 1329 ut
1718 1301 1897 1341 tunc‚cum
1909 1292 2055 1342 quidam
2064 1293 2155 1332 dice-

1170 1353 1274 1392 bant:
1289 1356 1420 1392 Museo
1430 1355 1537 1406 pleni
1551 1363 1653 1392 sunt.
1665 1353 1712 1391 Et
1725 1363 1808 1390 tunc
1822 1353 1882 1390 ille
1895 1368 1976 1391 cum
1990 1355 2157 1406 apostolis

1171 1415 1336 1453 omnibus
1357 1415 1583 1466 loquebatur7
1601 1429 1694 1452 nunc
1712 1429 1793 1452 cum
1810 1416 1883 1452 solo
1903 1417 2037 1454 Joanne
2053 1432 2060 1452 :
2079 1417 2155 1468 jam

1169 1476 1262 1513 enim
1279 1476 1340 1513 ille
1355 1485 1387 1513 et
1408 1476 1643 1514 confidentius
1662 1476 1820 1526 loquitur
1840 1485 1873 1513 et
1894 1476 2151 1516 vehementius.

1169 1537 1268 1575 Talis
1287 1537 1418 1589 quippe
1437 1552 1491 1575 les
1511 1547 1561 1575 est
1582 1537 1722 1575 xiiius:
1748 1537 1848 1574 initio
1871 1546 1985 1574 sumto
2005 1552 2149 1589 [nogie-

1167 1596 1289 1645 dstur,
1315 1606 1348 1635 et
1367 1612 1607 1664 numquam„
1588 1596 1738 1634 “radum
1768 1597 1869 1634 sistit.
1894 1597 1988 1635 Vide
2013 1607 2127 1635 autem

1167 1658 1343 1708 quomodo
1368 1658 1553 1710 proxisum
1576 1658 1635 1708 sit,
1665 1667 1703 1695 ut
1723 1657 1757 1694 in
1779 1658 1911 1710 templo
1929 1658 2068 1709 signum
2089 1659 2154 1697 fie—

1166 1728 1231 1767 ret,
1255 1728 1295 1756 ut
1323 1719 1383 1757 alii
1400 1720 1627 1758 confiderent.
1648 1720 1769 1770 Neque
1784 1720 1878 1757 enim
1897 1720 1933 1758 in
1946 1721 2075 1771 angulo
2097 1722 2155 1760 vel

1168 1780 1259 1818 clam
1287 1780 1380 1818 illud
1401 1790 1616 1832 operantur3
1636 1790 1672 1818 at
1704 1794 1817 1831 neque
1844 1781 1935 1818 intra
1959 1782 2151 1833 templum,

1167 1840 1231 1877 ubi
1249 1855 1376 1892 magna
1401 1851 1473 1878 erat
1492 1841 1695 1878 multitudo.
1721 1841 1909 1889 Quomodo
1929 1851 2047 1879 autem
2062 1873 2073 1892 ,
2098 1843 2153 1881 in-

1167 1901 1280 1951 quies,
1303 1901 1341 1938 id
1362 1901 1536 1938 creditum
1554 1901 1646 1938 fuit?
1667 1901 1759 1946 Quia
1775 1901 1804 1938 is
1825 1901 1912 1953 ipse,
1932 1901 1992 1952 qui
2012 1912 2153 1941 sanatus

1167 1965 1294 2011 fuerat,
1315 1964 1529 2002 beneficium
1550 1963 1781 2016 praedicabat.
1803 1966 1923 2014 Neque
1938 1964 2033 2002 enim
2048 1980 2152 2003 men-

1166 2024 1252 2062 titus
1284 2025 1407 2062 fuisset
1424 2054 1433 2071 ‚
1464 2039 1576 2075 neque
1602 2025 1647 2061 ad
1669 2024 1756 2061 alios
1789 2024 1961 2074 quosdam
1984 2026 2149 2064 venisset.

1166 2086 1282 2137 Igitur
1297 2087 1358 2123 ubi
1375 2087 1488 2123 latum
1505 2086 1658 2138 spatium
1685 2096 1770 2135 erat,
1789 2087 1839 2123 ibi
1860 2087 2001 2138 signum
2020 2089 2153 2140 operati

1166 2157 1247 2185 sunt
1263 2163 1272 2196 3
1291 2148 1389 2198 quasi
1405 2148 1503 2185 locus
1523 2157 1678 2185 semotus
1699 2157 1798 2185 esset.
1821 2148 1868 2185 Et
1884 2149 1979 2197 vide,
2001 2150 2088 2199 quid
2101 2152 2152 2188 fa-

1167 2218 1262 2247 ctum
1279 2208 1337 2245 sit.
1360 2208 1417 2245 Ad
1436 2208 1543 2245 aliam
1568 2222 1642 2245 rem
1661 2208 1867 2259 ascendunt,
1887 2218 1917 2246 et
1944 2209 2042 2246 aliud
2063 2225 2152 2263 ope-

1166 2279 1301 2307 rantur.
1323 2269 1382 2307 Sic
1398 2279 1431 2306 et
1448 2269 1633 2307 Cornelius
1653 2269 1721 2306 alia
1743 2270 1908 2321 jejunans
1929 2271 2152 2322 precabatur,

1165 2339 1199 2368 et
1235 2329 1305 2367 alia
1332 2329 1441 2368 videt.
1476 2330 1654 2367 Hactenus
1690 2329 1822 2380 ubique
1855 2331 2037 2369 Christum
2074 2334 2150 2370 Na—

1164 2405 1328 2428 zarenum
1363 2390 1554 2442 appellant.
1588 2393 1637 2427 In
1679 2394 1831 2428 nomine
1863 2393 1959 2429 Jeslc
2007 2394 2152 2431 Christi

1163 2452 1384 2496 Nazareni,
1418 2450 1556 2500 inquit,
1597 2464 1708 2502 surge
1736 2459 1772 2488 et
1803 2452 1972 2488 ambula.
2001 2453 2148 2490 Interim

1162 2510 1257 2548 enim
1286 2510 1379 2548 illud
1408 2509 1656 2560 quaerebatur,
1676 2519 1714 2547 ut
1744 2509 1812 2562 ipsi
1838 2511 2051 2549 crederetur.
2075 2513 2148 2551 Sed

1162 2585 1218 2619 ne,
1237 2585 1366 2621 quaeso,
1382 2570 1482 2607 initio
1502 2570 1670 2607 orationis
1686 2571 1910 2620 fatiscamus;
1929 2571 1989 2609 sed
2010 2572 2147 2611 etiamsi

1161 2631 1241 2681 quis
1260 2640 1339 2683 post
1361 2639 1563 2668 enarratum
1590 2629 1726 2667 facinus
1748 2629 1908 2678 desinat,
1931 2630 2072 2668 initium
2092 2647 2146 2669 re-

1160 2701 1331 2744 petamus.
1349 2691 1490 2729 sibene
1505 2690 1621 2727 affecti
1641 2690 1766 2738 simus,
1789 2690 1857 2727 cito
1872 2690 1919 2728 ad
1939 2691 2045 2728 finem
2068 2707 2145 2743 per-

1160 2753 1343 2791 veniemus
1363 2782 1372 2799 ,
1410 2751 1477 2789 cito
1519 2751 1657 2788 culmen
1696 2751 1923 2802 attingemus.
1974 2752 2145 2790 Studium

1161 2813 1266 2861 enim,
1287 2812 1414 2862 inquit,
1434 2811 1594 2849 studium
1613 2820 1767 2862 generat,
1788 2811 1930 2862 ignavia
1951 2812 2144 2863 ignaviam.

1161 2873 1232 2919 Qui
1266 2873 1447 2910 modicum
1478 2871 1666 2923 quidpiam
1701 2880 1794 2908 reete
1825 2872 2001 2923 patravit,
2030 2873 2145 2924 majus

1159 2933 1346 2985 quidpiam
1369 2933 1518 2970 fidenter
1541 2932 1761 2983 aggreditur,
1782 2941 1815 2969 et
1840 2932 1986 2970 ulterius
2015 2933 2142 2971 tendit.

1160 2997 1212 3031 Ae
1234 2992 1534 3044 quemadmodum
1556 2992 1648 3043 ignis
1667 3002 1797 3043 quanto
1820 2993 1924 3044 plura
1943 2993 2041 3044 ligna
2068 3007 2146 3032 cor-

1157 3054 1253 3106 ripit,
1282 3063 1379 3092 tanto
1410 3053 1651 3092 vehementior
1680 3053 1862 3090 efficitur:
1893 3052 1944 3090 sic
1971 3063 2004 3091 et
2034 3055 2146 3092 animi

1155 3114 1273 3153 fervor
1296 3124 1425 3165 quanto
1455 3114 1576 3166 plures
1610 3113 1740 3150 excitat
1765 3113 1841 3164 pias
1888 3114 2116 3164 cogitationes
2132 3145 2141 3163 ‚

1155 3183 1252 3212 tanto
1274 3174 1399 3212 fortius
1414 3182 1573 3211 armatur
1588 3172 1758 3211 adversus
1777 3173 1859 3210 alia.
1881 3173 2047 3226 Exempli
2066 3189 2143 3213 cau-

1117 2045 1140 2074 E

1107 2663 1137 2688 66

1112 2702 1135 2729 A

1141 3290 1220 3316 τότε.

1184 3343 1195 3357 ³
1223 3332 1282 3365 Alii
1299 3339 1312 3368 'o
1332 3339 1387 3377 γὰρ
1404 3338 1509 3377 pupi-a
1528 3346 1565 3364 τι.

2130 1355 2136 1361 .
2168 1336 2356 1368 Act.2.13..

2255 1527 2356 1555 Virtus

2166 1577 2246 1594 SUFUD
2251 1579 2280 1594 el
2292 1582 2307 1606 11
2312 1580 2355 1595 ΙΟ-

2142 1610 2223 1645 ,ficu
2241 1631 2248 1640 ,
2266 1621 2354 1636 nuni-

2167 1661 2251 1686 quam
2291 1663 2338 1686 uia

2167 1693 2204 1718 dn
2212 1702 2236 1718 111
2266 1693 2354 1719 sistit.

2226 3130 2342 3156 Peccata

2157 3176 2224 3198 sunt
2245 3172 2332 3207 spinae
