2502 3810
699 247 742 277 IN
780 246 921 277 EPIST.
962 245 1022 275 AD
1057 244 1165 275 ROM.

85 328 201 366 λαόὼν
222 328 365 379 Πατέρα
395 329 494 366 καλεῖ
515 329 573 367 τὸν
601 328 706 375 Θεὸν,
732 328 798 366 ὑπὸ
816 330 875 365 τοῦ
896 327 1101 377 Πνεύματος

87 388 294 439 κινούμενος.
315 393 328 408 ³
346 387 389 426 Ὁ
421 387 456 426 δὲ
498 389 704 440 βουλόμενος
739 387 844 431 δεῖξαι
869 387 1102 438 γνησιότητα,

87 448 144 486 καὶ
162 452 205 494 τῆ
229 450 296 485 τῶν
314 447 488 498 Ἑὸραίων
505 448 678 499 ἐχρήσατο
696 447 836 499 γλώσσῃ
854 463 862 471 ·
883 449 919 486 οὐ
939 447 1006 499 γὰρ
1029 441 1103 484 εἷπε

86 507 199 558 μόνον,
216 511 233 546 ὃ
248 508 352 554 Πατὴ
360 525 388 561 ρ,
402 509 604 555 ἀλλ’,ἈΕὸᾶ
615 512 632 546 ὃ
646 508 785 559 Πατὴρ,
797 508 883 559 ὅπερ
894 512 961 546 τῶν
970 509 1103 546 παίδων

87 568 240 618 μάλιστά
260 571 334 606 ἐστι
348 572 416 606 τῶν
438 569 589 620 γνησίων
604 569 690 621 πρὸς
704 568 839 619 πατέρα
855 572 962 620 ῥῆμα.
982 567 1104 606 Εἰπὼν

86 629 195 667 τοίνυν
214 629 276 676 τὴν
297 630 366 668 ἀπὸ
385 632 447 675 τῆς
462 630 638 673 πολιτείας
659 630 836 681 διαφορὰν,
855 631 917 676 τὴν
948 630 1017 667 ἀπὸ
1043 632 1104 675 τῆς

85 689 226 741 χάριτος
240 693 302 735 τ’ῆς
321 690 504 739 δεδομένης
516 720 526 737 ,
543 689 605 736 τὴν
626 691 694 728 ἀπὸ
710 693 771 736 τῆς
786 689 978 741 ἐλευθερίας
989 719 998 737 ,
1019 689 1104 727 ἐποί-

85 766 138 801 γει
156 749 214 787 καὶ
235 750 354 801 ἑτέραν
375 750 548 795 ἀπόδειξιν
568 753 630 796 τῆς
649 753 822 802 ὑπεροχῆς
841 753 903 796 τῆς
923 749 1015 788 κατὰ
1040 750 1102 797 τὴν

86 809 254 847 υἱοθεσίαν
270 810 410 857 ταύτην.
427 810 539 848 Ποίαν
558 810 598 857 δὴ
615 810 768 858 ταύτην,
789 811 883 848 Αὐτὸ
897 809 936 847 τὸ
956 812 1103 860 Πνεῦμα
1128 814 1151 844 C

87 876 325 922 συμμαρτυρεῖ
344 874 393 922 τῷ
420 871 594 921 πνεύματι
618 874 733 920 ἡμῶν,
762 871 879 921 φησὶν,
915 869 967 906 ὅτι
1000 870 1103 919 ἐσμὲν

85 930 189 967 τέκνα
208 933 310 969 Θεοῦ.
333 933 385 969 Οὐ
408 931 474 982 γὰρ
494 931 562 968 ἀπὸ
580 933 642 975 τῆς
660 931 774 980 φωνῆς
795 928 1017 980 ἰσχυρίζομαι
1039 930 1103 979 μό-

84 1006 153 1036 νον,
174 990 290 1041 φησὶν,
310 990 400 1028 ἀλλὰ
419 991 479 1027 καὶ
508 989 577 1027 ἀπὸ
593 993 655 1036 τῆς
679 988 808 1035 αἰτίας,
827 990 884 1039 ἀφ’
903 984 944 1034 ἧς
965 993 985 1035 ἦ
1004 988 1100 1040 φωνὴ

83 1050 238 1087 τίκτεται
253 1065 260 1073 ·
283 1054 342 1087 τοῦ
360 1049 426 1100 γὰρ
448 1048 652 1097 Πνεύματος
678 1048 970 1099 ὑπαγορεύοντος,
993 1052 1102 1085 ταῦτα

83 1109 241 1160 λέγομεν.
263 1109 380 1160 σΟπερ
410 1111 567 1159 ἀλλαχοῦ
599 1108 809 1159 σαφέστερον
831 1109 945 1153 δηλῶν
971 1107 1100 1159 ἔλεγεν,

80 1169 137 1208 ὅτι
154 1169 419 1213 Ἔξαπέστειλεν
438 1173 456 1207 ὃ
475 1169 563 1212 Θεὸς
582 1169 622 1206 τὸ
642 1170 788 1218 Πνεῦμα
807 1172 866 1206 τοῦ
882 1169 968 1205 Υἵοῦ
997 1170 1100 1206 αὐτοῦ

81 1231 128 1274 εἷς
155 1229 217 1273 τὰς
236 1229 380 1282 καρδίας
404 1232 505 1280 ἡμῶν
529 1229 667 1281 κράζον,
688 1229 781 1267 ἀὸδᾶ
801 1232 818 1267 ὃ
837 1224 975 1280 Πατήρ.
998 1229 1045 1266 Τί
1065 1229 1102 1268 δέ

81 1293 153 1329 ἔστι
166 1321 175 1339 ,
190 1291 229 1328 τὸ
248 1293 394 1342 Πνεῦμα
414 1293 463 1342 τῷ
483 1290 656 1341 πνεύματι
679 1297 944 1342 συμμαρτυρεῖ,
964 1289 1008 1328 <Ο
1025 1292 1101 1328 Πα-

83 1351 271 1401 ράκλητος,
297 1354 397 1403 φησὶ,
416 1354 466 1403 τῷ
497 1343 692 1402 χαρίσματι
728 1355 777 1403 τῷ
812 1350 983 1403 δεδομένῳ
1001 1355 1099 1401 ἡμῖν.

80 1414 133 1450 Οὐ
151 1411 217 1463 γὰρ
237 1415 296 1449 τοῦ
313 1411 532 1464 χαρίσματός
546 1414 638 1449 ἐστιν
656 1414 677 1456 ἡ
694 1411 790 1463 φωνὴ
807 1411 923 1461 μόνον,
938 1411 1026 1449 ἀλλὰ
1040 1412 1100 1450 καὶ

79 1477 138 1510 τοῦ
158 1471 272 1515 δόντος
291 1472 353 1519 τὴν
372 1473 504 1524 δωρεὰν
525 1472 778 1522 Παρακλήτου·
800 1472 899 1515 αὐτὸς
918 1472 985 1525 γὰρ
1007 1476 1100 1523 ἡμᾶς
1124 1483 1148 1512 D

210 1532 276 1547 551&
303 1532 317 1546 r

79 1526 176 1575 οἶτος
204 1547 336 1576 εοιοαςε
366 1532 422 1570 διὰ
450 1538 509 1570 τοῦ
536 1531 751 1584 χαρίσματος
771 1531 860 1569 οὕτω
880 1533 1098 1584 φθέγγεσθαι.

81 1592 192 1631 ’Όταν
213 1593 248 1630 δὲ
264 1593 302 1630 τὸ
318 1595 464 1642 Πνεῦμα
486 1596 667 1644 μαρτυρῇ,
695 1591 780 1630 ποία
806 1593 926 1631 λοιπὸν
944 1594 1098 1645 ἀμφιὸο-

79 1653 160 1700 λία,
186 1655 229 1691 Εἰ
260 1653 322 1703 μὲν
349 1653 417 1705 γὰρ
443 1647 640 1706 ἅνθρωπος,
659 1652 680 1699 ἢ
701 1653 862 1704 ἅγγελος,
883 1653 904 1699 ἢ
923 1656 1098 1706 ἀρχάγγε-

80 1715 155 1761 λος,
177 1714 198 1760 ἢ
222 1714 309 1761 ἄλλη
332 1730 384 1757 τις
406 1714 548 1760 τοιαύτη
570 1713 714 1764 δύναμις
743 1719 843 1752 τοῦτο
873 1716 1095 1766 ὑπισχνεῖτο,

78 1773 141 1810 κᾶν
158 1774 389 1825 ἀμ’ριὸοίλλειν
408 1769 449 1820 ἦν
471 1773 560 1817 εἰκός
577 1790 671 1816 τινας
684 1789 691 1797 ·
722 1777 783 1820 τῆς
799 1774 834 1811 δὲ
855 1776 1021 1813 ἀνωτάτω
1037 1777 1093 1814 οὐ·

78 1833 156 1876 σίας
171 1838 232 1880 τῆς
250 1835 310 1872 καὶ
330 1834 581 1886 δωρησαμένης
600 1839 720 1883 τοῦτο,
741 1836 801 1873 καὶ
821 1836 864 1873 δι’
887 1830 933 1873 ὧν
955 1836 1095 1874 ἐκέλευ-

78 1910 135 1933 σεν
150 1894 311 1947 εὔχεσθαι
326 1895 567 1948 μαρτυρούσης
581 1899 683 1945 ἡμῖν,
697 1896 748 1939 τίς
764 1895 802 1933 ἂν
820 1897 1098 1948 ἀμφισὸητήσειε

78 1956 196 1994 λοιπὸν
216 1956 296 2009 περὶ
320 1960 381 2002 τ’ἧς
403 1955 523 2002 ἀξίας,
547 1956 638 1995 Οὐδὲ
654 1956 726 2008 ῥ,γὰρ
748 1958 918 2007 βασιλέως
943 1974 1097 2010 χειροτο-

78 2016 243 2062 νήσαντός
263 2032 341 2054 τινα
354 2047 363 2064 ,
384 2016 443 2054 καὶ
472 2017 767 2068 ἀνακηρύττοντος
785 2018 847 2064 τὴν
867 2018 973 2068 τιμὴν
1001 2020 1097 2071 παρὰ

77 2083 183 2121 πᾶσι,
206 2078 410 2128 τολμήσειεν
431 2078 472 2115 ἄν
500 2094 552 2122 τις
572 2081 641 2115 τῶν
667 2078 828 2125 ὑπηκόων
848 2081 1031 2119 ἀντειπεῖν.
1052 2082 1096 2118 Εἰ

78 2136 113 2174 δὲ
142 2136 270 2182 τέκνα,
297 2138 402 2189 φησὶ,
424 2137 483 2175 καὶ
517 2139 741 2189 κληρονόμοι.
771 2138 881 2191 Ὁρᾷς
901 2142 975 2183 πῶς
1005 2140 1096 2178 κατὰ

78 2196 199 2249 μικρὸν
217 2197 312 2241 αὔξει
327 2197 389 2243 τὴν
410 2198 564 2251 δωρεάν,
586 2199 732 2245 Ἐπειδὴ
754 2199 821 2252 γὰρ
847 2201 896 2237 ἔνι
913 2201 973 2239 καὶ
991 2201 1095 2240 τέκνα
1117 2211 1141 2242 Ε

75 2251 163 2295 εἶναι
176 2288 185 2305 ,
202 2258 262 2295 καὶ
278 2257 325 2308 μὴ
343 2259 578 2310 κληρονόμους
594 2259 753 2309 γενέσθαι
769 2260 866 2307 (οὐδὲ
882 2261 950 2313 γὰρ
970 2262 1096 2306 πάντες

75 2318 283 2369 κληρονόμοι
304 2321 335 2356 οἱ
351 2320 504 2367 παῖδες),
524 2319 646 2371 ἐπάγει
659 2319 718 2358 καὶ
731 2325 831 2358 τοῦτο
843 2351 852 2369 ,
867 2322 920 2359 ὅτι
935 2322 993 2359 καὶ
1009 2323 1095 2369 κλη-

77 2379 225 2430 ρονόμοι.
245 2382 291 2418 Οἱ
312 2379 347 2417 δὲ
371 2380 531 2418 Ἰουδαῖοι
564 2380 652 2431 μετὰ
675 2385 734 2419 τοῦ
755 2382 802 2432 μὴ
822 2382 985 2429 τοιαύτην
1002 2384 1094 2435 ἔχειν

75 2438 246 2476 υἱοθεσίαν
267 2439 326 2477 καὶ
346 2443 407 2486 τ’ἧς
426 2439 659 2492 κληρονομίας
683 2440 932 2489 ἐξεὸλήθησαν.
957 2443 1095 2486 Κακοὺς

75 2498 143 2549 γὰρ
160 2502 275 2542 κακῶς
295 2499 483 2545 ἀπολέσει,
504 2500 563 2538 καὶ
587 2501 645 2538 τὸν
678 2502 872 2551 ἀμπελῶνα
903 2503 1093 2542 ἐκδώσεται

76 2564 238 2610 γεωργοῖς
257 2559 395 2610 ἑτέροις.
412 2560 482 2599 Καὶ
495 2561 563 2612 πρὸ
582 2560 701 2599 τούτου
721 2562 756 2599 δὲ
774 2562 901 2614 ἔλεγεν,
923 2562 976 2600 ὅτι
992 2565 1091 2601 Πολ-

75 2619 129 2656 λοὶ
163 2618 231 2657 ἀπὸ
251 2621 424 2657 ἀνατολῶν
444 2620 503 2657 καὶ
522 2622 662 2672 δυσμῶν
695 2621 835 2669 ἥξουσι,
865 2622 924 2660 καὶ
947 2625 1092 2661 ἀνακλι-

75 2679 237 2726 θήσονται
271 2679 361 2730 μετὰ
393 2680 553 2733 Ἀὅραοίμ
568 2696 575 2704 ·
596 2683 627 2718 οἱ
647 2681 682 2719 δὲ
717 2682 783 2720 υἱοὶ
817 2685 879 2727 τῆς
915 2684 1092 2734 βασιλείας

75 2739 164 2784 ι’ἔξω
182 2740 428 2791 βληθήσονται.
446 2741 537 2779 Ἀλλ’
557 2742 634 2780 οὐδὲ
655 2744 802 2780 ἐνταῦθα
820 2742 982 2792 ἵσταται,
1002 2745 1092 2783 ἀλλὰ

74 2800 134 2839 καὶ
152 2800 273 2838 τούτου
295 2802 409 2851 μεῖζον
429 2800 557 2847 τίθησι.
577 2803 682 2840 Ποῖον
700 2802 739 2849 δὴ
756 2806 874 2850 τοῦτο;
896 2803 981 2842 εὈτι
998 2806 1091 2843 Θεοῦ

72 2861 281 2913 κληρονόμοι
297 2877 305 2884 ·
326 2861 378 2899 διὸ
399 2861 458 2899 καὶ
477 2862 650 2914 ἐπήγαγε·
670 2863 891 2914 Κληρονόμοι
909 2864 969 2914 μὲν
985 2867 1089 2903 Θεοῦ.

72 2921 143 2960 Καὶ
161 2921 200 2960 τὸ
232 2922 283 2960 ἔτι
304 2922 423 2969 πλέον,
445 2921 498 2960 ὅτι
517 2925 580 2974 οὐχ
608 2924 727 2966 ἁπλῶς
748 2923 978 2976 κληρονόμοι,
1001 2925 1090 2963 ἀλλᾶ
1103 2959 1150 2983 580

73 2981 132 3019 καὶ
148 2982 424 3033 συγκληρονόμοι
436 2984 601 3033 Χριστοῦ.
615 2982 722 3035 εΟρόζίς
737 2985 812 3025 πῶς
827 2985 1012 3035 φιλονεικεῖ
1028 2986 1089 3036 ἐγ-
1114 2996 1140 3024 Α

73 3041 131 3092 γὺς
146 3046 239 3092 ἡμᾶς
253 3044 394 3094 ἀγαγεῖν
403 3046 462 3080 τοῦ
475 3043 652 3082 Δεσπότου
665 3060 673 3091 ;
688 3043 833 3091 Ἐπειδὴ
849 3043 915 3095 γὰρ
929 3046 965 3082 οὖ
978 3044 1092 3082 πάντα

73 3101 117 3139 τὰ
130 3102 233 3141 τέκνα
247 3103 467 3154 κληρονόμοι,
479 3103 649 3141 δείκνυσιν
664 3104 718 3142 ὅτι
728 3108 830 3154 ἡμεῖς
843 3104 902 3142 καὶ
915 3104 1018 3142 τέκνα
1033 3105 1091 3142 καὶ

75 3162 296 3215 κληρονόμοι.
314 3163 416 3201 Ἐπεὶ
436 3163 472 3202 δὲ
491 3167 529 3201 οὐ
553 3164 680 3207 πάντες
699 3165 910 3216 κληρονόμοι
931 3166 1090 3217 μεγάλων

75 3228 140 3265 εἶσὶ
157 3228 366 3279 κληρονόμοι
392 3229 624 3281 πραγμάτων,
644 3230 812 3269 δείκνυσιν
832 3230 885 3268 ὅτι
910 3231 969 3269 καὶ
991 3237 1092 3271 τοῦτο

117 3354 130 3368 a
155 3344 215 3386 [A.
235 3351 267 3376 et
283 3356 387 3388 marg.
406 3346 508 3378 Savil.
521 3351 535 3380 δ
553 3350 627 3385 δὴ...
646 3356 843 3389 γνησιώτατον
861 3353 900 3383 ’όν-
921 3350 963 3382 Ει
980 3351 1078 3393 paulo

76 3402 151 3426 ante
168 3404 282 3439 πνεῦμα,
299 3408 358 3438 pro
377 3405 504 3443 πατέρα.
524 3398 627 3431 Iidem
645 3399 728 3432 iufra
748 3407 819 3445 πρὸς
837 3404 999 3447 πχτέρας,]

1174 323 1215 372 is,
1229 323 1290 373 qui
1311 324 1447 376 accepit
1464 337 1560 376 eum,
1581 324 1722 361 Patrem
1743 331 1843 362 vocat
1862 324 1989 372 Deum,
2006 337 2026 360 a
2041 323 2152 375 Spiri-

1174 384 1246 433 ritu
1266 393 1393 430 motus.
1411 384 1477 421 Hic
1492 398 1575 422 vero
1594 393 1634 421 ut
1652 384 1844 435 genuinum
1860 397 1932 421 esse
1948 383 2156 432 ostenderet,

1176 443 1350 482 Hebraica
1364 458 1448 481 usus
1470 453 1519 481 est
1538 444 1659 495 lingua
1672 460 1679 480 ε
1694 458 1764 482 non
1782 444 1875 481 enim
1894 453 2032 481 tantum
2049 444 2156 491 dixit,

1177 506 1296 553 Pater,
1310 505 1385 549 sed,
1397 506 1516 543 Abba
1531 507 1665 553 Pater,
1684 506 1778 556 quod
1786 505 1935 543 verbum
1955 504 2157 556 asgenuinis

1177 564 1262 601 filiis
1274 564 1417 614 dicitur,
1427 574 1565 616 patrem
1580 566 1798 603 vocantibus.
1814 566 1904 603 Cum
1914 564 2063 602 dixisset
2073 578 2157 616 ergo

1177 625 1411 663 differentiam
1426 640 1503 676 quae
1520 626 1736 664 exinstituto
1750 626 1845 674 vitae,
1864 640 1908 663 ex
1925 625 2007 663 data
2026 627 2154 676 gratia,

1177 700 1221 723 ex
1243 686 1405 723 libertate
1430 695 1498 736 est,
1518 687 1625 724 aliam
1654 687 1794 724 inducit
1824 687 2157 724 demonstrationem

1177 747 1391 784 excellentiae
1410 746 1609 798 adoptionis
1636 748 1760 799 hujus.
1781 748 1934 794 Qualem
1951 748 2074 786 illam?
2094 751 2156 786 16.

1175 808 1284 844 Idem
1296 808 1474 858 Spiritus,
1491 807 1621 856 inquit,
1635 810 1892 844 testimonium
1901 810 2071 859 perhibet
2083 812 2158 861 spi-

1176 871 1268 906 ritui
1283 877 1424 915 nostr0,
1446 870 1550 919 quod
1571 871 1689 906 simus
1706 869 1793 920 filii
1813 871 1901 907 Dei.
1926 871 2004 907 Non
2024 871 2118 907 enim
2137 884 2158 907 a

1175 941 1261 965 voce
1275 927 1390 964 solum
1406 928 1610 977 confirmor,
1626 928 1755 978 inquit,
1769 929 1830 966 sed
1849 939 1883 966 et
1897 944 1915 966 a
1930 944 2073 979 causa,a
2089 945 2159 981 qua

1174 988 1250 1026 haec
1264 1003 1338 1027 vox
1359 990 1535 1026 nascitur:
1551 990 1689 1041 Spiritu
1702 990 1797 1027 enim
1822 991 1995 1041 dictante,
2013 993 2087 1030 haec
2102 993 2158 1030 di-

1175 1049 1301 1087 cimus.
1330 1049 1438 1097 Quod
1464 1049 1551 1086 alibi
1580 1049 1711 1087 clarius
1730 1050 1891 1088 dicebat:
1909 1053 2020 1089 Misit
2052 1054 2158 1091 Deus
2177 1069 2249 1096 Gal.
2266 1066 2296 1108 4,
2311 1069 2342 1098 5,

1173 1108 1355 1159 Spiritum
1391 1109 1490 1146 Filii
1517 1112 1577 1146 sui
1604 1112 1646 1146 in
1673 1111 1792 1147 corda
1818 1119 1951 1148 nostra
1982 1112 2158 1150 claman-

1175 1177 1264 1215 tem,
1288 1169 1409 1207 Abba
1428 1172 1564 1208 Pater.
1579 1170 1678 1217 Quid
1693 1170 1763 1208 sibi
1778 1171 1859 1211 vult
1888 1172 1991 1221 illud,
2004 1174 2159 1225 Spiritus

1174 1242 1243 1266 una
1275 1243 1356 1267 cum
1385 1229 1514 1281 spiritu
1554 1231 1727 1268 testatur?
1763 1232 1967 1269 Paracletus
1980 1262 1990 1281 ‚
2020 1233 2158 1284 inquit,

1174 1303 1256 1327 cum
1274 1289 1367 1327 dono
1387 1290 1489 1328 nobis
1508 1290 1591 1328 dato
1607 1306 1614 1327 :
1632 1305 1702 1328 non
1718 1292 1811 1329 enim
1828 1291 1912 1329 doni
1932 1301 2071 1330 tantum
2090 1308 2160 1332 vox

1173 1361 1237 1402 est,
1263 1352 1321 1390 sed
1349 1353 1454 1391 etiam
1489 1353 1677 1406 paracleti,
1705 1354 1767 1405 qui
1794 1354 1928 1393 donum
1949 1354 2160 1408 deditzipse

1173 1415 1267 1450 enim
1278 1427 1341 1465 per
1359 1414 1509 1464 gratiam
1526 1428 1588 1452 nos
1607 1415 1656 1452 ita
1672 1415 1772 1466 loqui
1787 1415 1921 1453 docuit.
1934 1417 2024 1453 Cum
2040 1426 2156 1454 autem

1172 1473 1330 1524 Spiritus
1343 1474 1566 1523 testificatur,
1575 1489 1652 1525 quae
1667 1474 1807 1513 tandem
1820 1476 2032 1528 ambiguitas
2041 1478 2057 1515 ἶ)
2067 1479 2157 1515 Nam

1172 1535 1199 1572 si
1216 1534 1333 1584 homo,
1349 1544 1410 1572 aut
1429 1537 1587 1587 angelus,
1604 1545 1665 1574 aut
1678 1537 1925 1589 archangelus,
1940 1548 2000 1576 aut
2015 1539 2085 1577 alia
2103 1540 2157 1577 si-

1171 1595 1268 1633 milis
1289 1605 1442 1648 potestas
1460 1597 1526 1635 hoc
1544 1598 1779 1649 promitteret,
1799 1609 1914 1651 posset
1933 1601 2079 1638 fortasse
2091 1600 2157 1638 du-

1170 1656 1295 1707 bitar15
1311 1656 1372 1694 sed
1391 1671 1473 1695 cum
1495 1671 1657 1709 suprema
1672 1667 1839 1709 potestas,
1861 1674 1937 1709 quae
1956 1660 2023 1697 hoc
2042 1660 2156 1712 largi-

1171 1726 1242 1766 tur,
1261 1732 1325 1770 per
1343 1719 1580 1770 precationem
1603 1733 1709 1769 quam
1728 1719 1806 1756 fieri
1834 1720 1932 1771 jubet
1952 1721 2158 1760 testificetur

1171 1777 1372 1828 n0})is,quis
1386 1778 1532 1816 demum
1549 1779 1594 1816 de
1612 1779 1786 1830 dignitate
1803 1778 2047 1819 dubitaverit?
2061 1783 2157 1834 Rege

1171 1852 1324 1889 namque
1350 1839 1505 1890 aliquem
1534 1840 1698 1891 eligente,
1716 1849 1749 1878 et
1774 1840 1872 1892 apud
1899 1855 2019 1879 omnes
2037 1842 2155 1881 hono-

1170 1913 1245 1937 rem
1264 1899 1496 1952 praedicante,
1516 1915 1559 1938 an
1579 1901 1658 1951 quis
1676 1915 1720 1939 ex
1739 1901 1891 1939 subditis
1918 1903 2157 1942 contradicere

1168 1960 1337 1998 auderet?
1364 1962 1424 1998 17.
1458 1962 1570 2011 Quod
1591 1964 1624 1999 si
1635 1962 1736 2013 filii,
1763 1962 1895 2012 inquit,
1925 1971 1961 2000 et
1982 1965 2152 2003 heredes.

1168 2019 1300 2059 Viden’
1320 2020 1499 2070 quomodo
1527 2022 1701 2073 paulatim
1734 2021 1868 2059 donum
1895 2025 2044 2075 augeat?
2061 2025 2156 2071 Quia

1167 2082 1261 2118 enim
1278 2081 1357 2119 fieri
1372 2090 1501 2133 potest,
1518 2083 1631 2133 utqui
1648 2082 1714 2119 filii
1731 2093 1827 2128 sunt,
1844 2083 1990 2123 heredes
2005 2100 2072 2123 non
2085 2087 2154 2125 sint

1167 2144 1305 2192 (neque
1321 2143 1416 2180 enim
1436 2157 1556 2180 omnes
1576 2143 1643 2180 filii
1658 2153 1739 2180 sunt
1755 2144 1901 2181 heredes
1915 2148 1939 2194 ),
1956 2145 2048 2185 illud
2063 2148 2154 2200 adji-

1167 2203 1228 2249 cit,
1251 2202 1347 2253 quod
1366 2203 1436 2241 sint
1456 2203 1618 2241 heredes.
1643 2204 1759 2242 Judaei
1789 2219 1894 2255 vero,
1918 2216 2154 2258 praeterquam

1166 2263 1262 2312 quod
1285 2263 1391 2301 talem
1411 2262 1638 2315 adoptionem
1651 2277 1721 2301 non
1742 2264 1957 2317 habuerunt,
1978 2268 2023 2304 ab
2050 2268 2154 2307 here-

1166 2325 1277 2363 ditate
1307 2326 1408 2378 ejecti
1436 2335 1529 2364 sunt.
1551 2327 1683 2364 Malos
1702 2329 1804 2364 enim
1825 2329 1928 2366 male
1952 2331 2098 2381 perdet,
2119 2340 2155 2369 ec
2170 2350 2283 2379 Μηηῃ,

1166 2388 1326 2423 vineam
1342 2400 1455 2424 suam
1476 2387 1602 2424 tradet
1626 2387 1717 2425 aliis
1733 2389 1927 2440 agricolis.
1943 2392 2053 2428 Antea
2069 2405 2153 2430 vero
2168 2391 2220 2426 4¹-

1164 2446 1333 2485 dixerat:
1350 2448 1472 2485 Multi
1490 2450 1539 2485 ab
1561 2451 1709 2486 oriente
1727 2457 1766 2486 et
1793 2453 1842 2488 ab
1864 2453 2060 2490 occidente
2080 2468 2151 2492 ve-
2170 2465 2287 2496 lbid.8.
2305 2474 2352 2496 11.

1165 2510 1292 2554 nient,
1310 2516 1347 2546 et
1362 2510 1586 2546 recumbent
1605 2522 1693 2546 cum
1714 2509 1923 2549 Abraham
1947 2514 2056 2564 :filii
2083 2529 2152 2553 au-
2171 2515 2218 2535 ¹²·

1164 2576 1239 2606 tem
1258 2572 1367 2620 regni
1382 2572 1586 2621 ejicientur
1588 2571 1722 2621 foras.
1747 2572 1886 2609 Verum
1911 2587 1980 2610 non
1995 2575 2054 2613 hic
2069 2590 2153 2615 con-

1163 2627 1270 2676 sistit,
1289 2628 1352 2666 sed
1371 2629 1486 2680 majus
1511 2629 1696 2679 quidpiam
1723 2631 1839 2681 ponit.
1863 2633 1965 2679 Quid
1983 2634 2050 2671 hoc
2074 2637 2151 2673 est?

1163 2691 1239 2727 Dei
1251 2691 1407 2728 heredes
1417 2707 1433 2735 ,·
1453 2690 1530 2728 ideo
1547 2690 1682 2742 adjicit,
1705 2694 1874 2731 Heredes
1893 2697 2046 2746 quidem
2060 2699 2153 2738 Dei.

1162 2749 1208 2786 Et
1218 2748 1313 2799 quod
1329 2750 1446 2787 adhuc
1465 2751 1581 2801 majus
1596 2760 1659 2799 est,
1673 2764 1741 2788 non
1759 2752 1967 2804 simpliciter
1984 2755 2127 2795 heredes
2136 2773 2148 2807 ;

1161 2809 1222 2847 sed
1245 2810 1351 2847 etiam
1381 2811 1595 2848 Colzeredes
1624 2811 1779 2850 Christi.
1811 2813 1943 2852 Viden'
1971 2818 2149 2866 quomodo

1162 2869 1342 2907 contendit
1375 2884 1439 2907 nos
1470 2884 1582 2922 prope
1610 2870 1804 2910 Dominum
1830 2873 2028 2913 adducere?
2054 2878 2149 2924 Quia

1161 2930 1257 2968 enim
1278 2945 1348 2968 non
1374 2945 1495 2968 omnes
1509 2931 1575 2968 filii
1591 2931 1740 2970 heredes
1757 2943 1853 2984 sunt,
1871 2936 2023 2974 ostendit
2036 2952 2097 2976 nos
2115 2948 2149 2977 et

1162 2991 1256 3029 filios
1273 3000 1306 3028 et
1324 2991 1483 3029 heredes.
1498 2992 1591 3038 Quia
1605 3006 1693 3031 vero
1705 3007 1774 3030 non
1788 3008 1907 3033 omnes
1920 2996 2064 3036 heredes
2076 3014 2150 3037 ma-

1162 3065 1313 3103 gnarum
1333 3066 1453 3089 rernm
1473 3052 1619 3090 heredes
1641 3062 1734 3102 sunt,
1755 3055 1907 3102 ostendit
1923 3056 1959 3094 id
1975 3059 2080 3096 etiam
2095 3074 2150 3098 as-

1162 3122 1340 3163 sequutos,
1365 3112 1427 3162 qui
1449 3113 1594 3150 heredes
1625 3114 1736 3151 simus
1768 3115 1848 3152 Dei.
1880 3117 2037 3156 Rursum
2065 3121 2148 3170 quia

1163 3174 1336 3224 contingit
1366 3174 1570 3226 quempiam
1605 3174 1769 3212 heredem
1797 3176 1940 3226 quidem
1963 3180 2031 3217 Dei
2057 3195 2145 3233 esse,

1163 3246 1274 3283 neque
1289 3241 1404 3270 tamen
1419 3233 1560 3272 omnino
1573 3247 1644 3272 esse
1660 3235 1843 3286 Unigeniti
1854 3237 2072 3292 coheredem,
2084 3256 2148 3281 nos

1206 242 1360 273 HoMlL.
1399 243 1494 275 xlv.

2303 2358 2351 2380 2¹.

1188 3353 1202 3376 b
1229 3350 1359 3393 [Iidem
1379 3356 1619 3392 ἐκξληθήσοντκι.
1641 3354 1717 3385 Mox
1742 3354 1780 3385 A.
1802 3360 1834 3390 τὸ
1851 3359 1955 3391 τούτου
1973 3360 1983 3401 l
