2502 3810
665 259 708 288 IN
747 259 862 289 ACTA
903 260 1242 291 APOSTOLORUM.
1281 262 1437 292 nomn„
1476 263 1582 294 XLV.

95 354 189 377 σατε.
209 338 290 377 Εἰσὶ
317 338 437 378 πολλοὶ
463 338 608 387 πένητες
627 341 685 378 καὶ
712 342 894 394 πενιχραί·
922 343 1110 395 ἀφορίσατε

95 401 138 436 δι’
160 399 238 437 ὅλου
256 399 370 449 μένειν
386 402 458 438 ἐκεῖ
478 416 556 437 τινα
569 415 577 424 ·
597 400 685 439 ἔστω
704 402 767 439 κᾶν
794 402 901 453 φύλαξ
921 407 983 449 τῆς
1002 402 1112 446 οἰκίας

94 463 113 497 ὁ
137 459 242 505 πένης
258 476 265 482 ·
298 460 386 498 ἔστω
408 476 462 498 σοι
497 460 626 512 τειχίον
651 462 709 500 καὶ
737 462 986 516 περίφραγμα,
1007 463 1112 506 ἀσπὶς

95 519 153 557 καὶ
177 521 268 572 δόρυ.
288 520 398 558 Ἔνθα
417 521 652 570 ἐλεημοσύνη,
676 525 712 560 οὐ
741 525 855 575 τολμᾷ
873 526 1074 576 προσελθεῖν
1095 527 1112 561 ὁ

97 581 274 628 διάέολος,
294 581 370 620 οὐδὲ
391 582 476 619 ἄλλο
499 598 533 619 τι
562 586 630 620 τῶν
647 584 777 621 δεινῶν.
798 584 859 630 Μὴ
881 584 921 630 δὴ
951 583 1113 636 περιίδω-

97 657 158 690 μεν
172 646 331 680 τοσοῦτον
349 642 477 694 κέρδος.
493 645 564 681 Νῦν
582 643 616 681 δὲ
631 644 808 695 ὀχήματος
825 644 886 694 μὲν
903 644 1006 687 τόπος
1021 644 1113 682 ἐστὶν

97 702 349 752 ἀφωρισμένος,
365 703 424 740 καὶ
438 703 650 754 βαστερνίοις
669 704 782 755 ἕτερος
799 719 807 727 ·
827 707 877 755 τῷ
903 704 939 742 δὲ
971 706 1112 755 Χριστῷ

94 763 311 815 πλανωμένῳ
339 766 413 802 οὐδὲ
443 759 500 808 εἷς.
532 763 576 802 ‘O
605 764 764 816 Ἀδραὰμ
785 765 864 802 ἔνθα
885 764 986 806 αὐτὸς
1013 764 1113 813 ἔμενε

94 824 171 866 τοὺς
186 824 295 867 ξένους
314 825 520 876 ὑπεδέχετο·
543 825 601 862 καὶ
622 828 642 870 ἡ
665 825 727 874 μὲν
746 825 831 875 γυνὴ
853 827 886 862 ἐν
901 823 995 866 τάξει
1012 827 1112 874 θερα-

94 885 249 927 παινίδος
268 885 442 932 εἱστήκει,
462 887 585 922 ἐκεῖνοι
605 884 640 921 ’δὲ
659 887 694 921 ἐν
712 884 806 927 τάξει
827 885 1015 920 δεσποτῶν.
1035 884 1112 920 Οὐκ

94 944 191 989 ἤδει,
210 944 263 982 ὅτι
284 945 341 982 τὸν
362 945 514 996 Χριστὸν
544 944 700 994 ἐδέχετο·
721 945 783 980 οὔκ
800 943 897 993 ᾔδει,
922 941 975 978 ὅτι
1001 940 1110 991 ἀγγέ-

93 1003 171 1043 λους
187 1018 194 1025 ·
209 1005 255 1045 ὡς
284 1002 318 1039 εἴ
345 1018 382 1052 γε
415 1002 509 1052 ᾔδει,
529 1001 644 1039 πάντα
667 1001 706 1037 ἂν
727 1001 904 1038 ἐκένωσεν.
928 1000 1050 1050 ζΗμεῑς
1074 1001 1109 1038 δὲ

92 1061 218 1112 καίπερ
241 1062 384 1108 εἰδότες,
403 1060 454 1098 ὅτι
474 1061 531 1098 τὸν
559 1060 709 1111 Χριστὸν
737 1059 928 1111 δεχόμεθα,
959 1059 1035 1097 οὐδὲ
1055 1075 1109 1098 το-

91 1120 220 1166 σαύτην
252 1120 516 1170 ἐπιδεικνύμεθα
544 1120 608 1165 τὴν
631 1119 796 1167 σπουδὴν,
828 1119 912 1166 ὅσην
939 1121 1066 1162 ἐκεῖνος
1092 1124 1110 1158 ὃ

162 1180 189 1202 'r
275 1183 284 1195 5
364 1180 372 1193 Ι
521 1180 543 1201 -l-
702 1179 712 1192 3
787 1183 794 1195 ’
836 1182 845 1194 ³
919 1180 948 1202 l-
1036 1183 1046 1195 3
1071 1181 1079 1197 l

90 1195 237 1230 νομιςων
266 1184 465 1232 ανθρωπους
497 1180 669 1231 δεχεσθαι.
710 1181 784 1218 Αλλ
831 1183 986 1219 επιθειαι
1019 1196 1109 1228 εισι,

89 1241 195 1292 φησὶ,
214 1241 336 1279 πολλοὶ
355 1241 414 1278 καὶ
433 1240 641 1292 ἀγνώμονες.
666 1240 735 1278 Καὶ
764 1241 884 1280 τούτου
904 1257 957 1279 σοι
982 1241 1108 1292 μείζων

89 1305 107 1339 ὁ
124 1303 265 1352 μισθὸς,
284 1302 363 1339 ὅταν
393 1301 450 1339 διὰ
479 1302 518 1340 τὸ
546 1301 655 1351 ὄνομα
682 1305 740 1340 τοῦ
767 1303 920 1354 Χριστοῦ
941 1302 1041 1354 δέχῃ.
1063 1304 1108 1340 Εἰ

90 1362 151 1412 μὲν
171 1362 237 1414 γὰρ
271 1356 362 1405 οἶδας
383 1362 484 1404 ὄντας
506 1362 684 1409 ἐπιθέτοις,
706 1361 753 1412 μὴ
787 1362 888 1414 δέχου
911 1365 956 1406 εἷς
974 1363 1038 1409 τὴν
1058 1364 1109 1401 οἷ-

90 1422 186 1459 κίαν·
217 1425 248 1460 εἷ
278 1422 314 1461 δὲ·
348 1424 410 1461 οὒκ
440 1416 556 1470 οἶδας,
576 1422 610 1460 τί
644 1423 763 1466 ἁπλῶς
794 1429 1019 1475 κατηγορεῖς,
1039 1421 1108 1460 Διὰ

89 1487 189 1521 τοῦτο
209 1484 300 1534 λέγω
318 1485 365 1526 εἷς
392 1484 430 1521 τὸ
451 1483 659 1534 ξενοδοχεῖον
680 1483 831 1521 ἀπιέναι.
851 1484 944 1522 Ποία
963 1484 997 1521 δὲ
1018 1487 1106 1523 ἀπο-

87 1543 206 1595 λογία,
221 1545 301 1582 ὅταν
318 1544 406 1593 μηδὲ
423 1544 479 1586 οὒς
503 1543 614 1594 ἴσμεν,
635 1545 722 1595 μηδὲ
744 1545 884 1588 τούτους
899 1544 1081 1597 δεχώμεθα
1096 1576 1106 1593 ,

87 1606 165 1642 ἀλλ’
193 1605 433 1655 ἀποκλείωμεν
462 1613 550 1643 πᾶσι
579 1605 639 1648 τὰς
669 1605 770 1657 θύρας
786 1622 796 1654 ;
824 1606 944 1644 Ἔστω
975 1607 1014 1645 τὸ
1045 1611 1106 1644 τοῦ

88 1665 240 1715 Χριστοῦ
258 1667 461 1717 πανδοχεῖον
479 1669 579 1716 ἡμῶν
594 1670 616 1712 ἡ
632 1665 741 1703 οἰκία·
762 1668 965 1718 ἀπαιτῶμεν
987 1667 1108 1710 αὐτοὺς

87 1726 146 1763 τὸν
172 1727 306 1776 μισθὸν,
328 1726 376 1777 μὴ
401 1726 575 1778 ἀργύριον,
595 1727 685 1764 ἀλλὰ
714 1726 753 1764 τὸ
776 1731 921 1774 ποιῆσαι
948 1731 1031 1778 ἡμῖν
1052 1730 1107 1767 δο-

86 1793 181 1838 χεῖον
202 1791 260 1824 τοῦ
279 1788 431 1841 Χριστοῦ
452 1787 514 1834 τὴν
535 1788 646 1826 οἰκίαν
660 1804 667 1812 ·
694 1789 954 1842 περιτρέχωμεν
974 1805 1106 1827 παντα-

86 1852 169 1899 χοῦ,
190 1846 361 1898 ἕλκωμεν,
384 1848 594 1900 ἁρπάζωμεν
614 1848 676 1896 τὴν
696 1849 804 1900 Θήραν
817 1865 825 1873 ·
846 1849 985 1900 μείζονα
1012 1851 1107 1901 εὐερ-

86 1907 278 1959 γετούμεθα
311 1908 333 1954 ἢ
374 1911 630 1961 εὖεργετοῦμεν.
665 1912 717 1948 Οὐ
751 1910 881 1949 κελεύω
913 1914 1107 1949 καταθῦσαι

88 1968 220 2020 μόσχον
236 1985 243 1992 ·
266 1970 367 2022 ἄρτον
390 1970 445 2013 δὸς
459 1974 640 2018 πεινῶντι,
657 1970 794 2020 ἱμάτιον
817 1974 956 2024 γυμνῷ,
974 1970 1106 2016 σκέπην

86 2033 136 2082 τῷ
158 2030 252 2082 ξένῳ.
271 2029 349 2068 Ἵνα
369 2031 404 2068 δὲ
426 2031 473 2081 μὴ
495 2035 606 2069 ταῦτα
622 2032 818 2084 προφασίζῃ
831 2062 840 2079 ,
860 2031 952 2069 ἔστιν
973 2031 1107 2082 οἴκημα

87 2092 198 2129 κοινὸν
229 2092 268 2129 τὸ
300 2094 362 2137 τῆς
398 2091 633 2138 Ἐκκλησίας·
654 2093 726 2129 ἐκεῖ
744 2092 942 2140 κατοίῧαλε,
972 2092 1031 2129 καὶ
1066 2091 1107 2130 σὺ

87 2150 259 2195 ὑπεδέξω·
286 2153 360 2190 ἐπεὶ
389 2152 448 2190 καὶ
473 2155 540 2189 τῶν
571 2153 628 2190 διὰ
656 2156 724 2190 τῶν
747 2155 888 2191 οἰκετῶν
915 2152 1106 2204 γινομένων

86 2214 213 2256 ἐκεῖνος
241 2207 313 2264 εἶχε
331 2213 387 2250 τὸν
413 2212 548 2263 μισθόν.
571 2212 694 2256 Οὕτως
716 2208 806 2259 ἦσαν
836 2213 1106 2265 πεπαιδευμένοι

85 2275 145 2311 καὶ
164 2276 194 2312 οἱ
215 2275 334 2317 παῖδες
354 2275 457 2311 αὐτοῦ
470 2289 477 2295 ·
507 2274 646 2325 ἔτρεχον
667 2274 727 2311 καὶ
747 2276 807 2312 οὐκ
835 2274 1014 2326 ἐγόγγυζον
1035 2291 1104 2312 κα-

85 2334 194 2385 θάπερ
208 2336 238 2372 οἳ
254 2334 437 2386 ἡμέτεροι·
455 2334 612 2377 εὖλαὸεῖς
626 2335 692 2386 γὰρ
703 2333 824 2378 αὐτοὺς
840 2330 881 2381 ἦν
891 2335 1103 2382 πεποιηκώς.

84 2395 146 2437 Εἷς
165 2394 317 2445 πόλεμον
342 2390 453 2440 εἷλκε,
473 2395 531 2433 καὶ
551 2398 611 2433 οὐκ
642 2395 824 2446 ἐγόγγυζον
842 2412 849 2419 ·
880 2395 987 2439 οὕτως
1014 2392 1103 2443 ἦσαν

84 2455 276 2507 φιλίσοφοι.
306 2455 456 2493 Πάντων
485 2455 552 2506 γὰρ
583 2455 710 2506 ὁμοίως
744 2457 948 2506 ἐπεμελεῖτο
984 2458 1102 2510 ὥσπερ

85 2517 226 2553 ἑαυτοῦ·
257 2515 439 2566 μονονουχὶ
471 2515 538 2568 γὰρ
573 2516 663 2554 κατὰ
691 2516 747 2555 τὸν
778 2516 861 2555 Ἰὼὸ
889 2517 1016 2568 ἔλεγεν,
1052 2519 1104 2556 ὅτι

261 2578 271 2590 9

83 2574 238 2625 (Ομοίως
257 2576 478 2626 επλοίσθημεν
499 2579 531 2614 ἐν
555 2580 596 2627 τῇ
619 2579 705 2627 αὐτῇ
728 2577 866 2630 γαστρί.
897 2579 1022 2617 Τοίνυν
1044 2581 1103 2618 καὶ

83 2640 184 2687 ἡμεῖς
204 2636 436 2689 φροντίζωμεν
455 2640 586 2675 ἑαυτῶν
603 2640 664 2683 τῆς
680 2639 854 2691 σωτηρίας
867 2668 876 2685 ,
895 2640 955 2678 καὶ
970 2641 1104 2688 πολλὴν

84 2697 266 2747 ποιώμεθα
285 2701 352 2735 τῶν
380 2700 522 2736 οἰκετῶν
538 2698 600 2745 τὴν
621 2699 836 2749 ἐπιμέλειαν,
855 2701 947 2745 ὅπως
967 2701 1103 2741 ἔσονται

82 2757 231 2809 χρηστοὶ
251 2758 332 2795 ἶ’καὶ
351 2760 525 2808 ἐπιμελεῖς
537 2774 545 2781 ·
561 2758 620 2796 καὶ
641 2758 730 2797 ἔστω
745 2760 803 2798 καὶ
820 2765 837 2799 ὃ
852 2761 986 2809 οἰκέτης
1001 2765 1103 2813 ἡμῶν

81 2818 356 2869 πεπαιδευμένος
371 2819 413 2857 τὰ
429 2825 488 2858 τοῦ
504 2821 608 2858 Θεοῦ.
629 2822 706 2858 Οὐκ
719 2820 816 2858 ἔσται
837 2821 997 2867 δύσκολος
1015 2827 1099 2874 ἡμῖν

81 2881 103 2923 ἡ
125 2878 231 2928 ἀρετὴ
253 2879 387 2926 λοιπὸν,
415 2880 474 2918 ἐὰν
497 2880 643 2922 ἐκείνους
667 2880 903 2933 ῥυθμίσωμεν.
930 2885 1100 2937 Καθάπερ

82 2939 116 2975 ἐν
131 2939 275 2991 πολέμῳ
301 2944 524 2992 στρατιωτῶν
544 2941 650 2978 ὄντων
667 2942 854 2989 abrahe-cmv,
871 2946 889 2981 ὃ
907 2945 1100 2997 στρατηγὸς

82 2999 205 3051 ῥᾳδίως
220 3002 383 3051 πολεμεῖ,
403 3002 596 3040 τούναντίον
615 3002 650 3039 δὲ
665 3002 817 3054 γίνεται,
832 3003 913 3042 ὅταν
935 3006 983 3056 μὴ
999 3012 1100 3045 τοῦτο

79 3055 102 3111 ᾗ
115 3076 123 3083 ·
143 3062 200 3098 καὶ
218 3064 350 3099 ναυτῶν
368 3063 403 3101 δὲ
423 3063 670 3113 ὁμονοούντων,
688 3067 705 3101 ὁ
724 3064 936 3116 κυὲερνῆτης
952 3068 1100 3112 εὓκόλως

79 3120 157 3164 τοὺς
175 3122 297 3165 οἴακας
317 3124 614 3176 μεταχειρίζεται·
633 3124 722 3162 οὕτω
753 3125 812 3162 καὶ
843 3128 1009 3174 ἐνταῦθα,
1040 3129 1099 3166 ἐὰν

81 3181 189 3223 οὕτως
203 3175 269 3220 ὦσι
283 3184 552 3234 πεπαιδευμένοι
572 3187 602 3222 οἱ
622 3186 770 3233 οἰκέται,
795 3188 832 3223 οὐ
856 3187 1098 3239 παροξυνθήσῃ

82 3242 227 3293 ῥαδίως,
243 3245 305 3281 οὐκ
323 3244 521 3295 ἐγκαλέσεις
534 3275 543 3293 ,
563 3247 625 3283 οὐκ
644 3246 834 3298 ὀργισθήση
848 3277 857 3295 ,
877 3249 913 3286 οὐ
933 3250 1098 3301 λοιδορή-

127 3392 140 3407 a
158 3387 206 3416 καὶ
221 3387 368 3426 ἐπιμελεῖς
384 3381 476 3417 deest
491 3385 524 3417 iu
542 3384 752 3429 quibusdam.

2080 252 2102 265 ,-

2079 262 2103 295 ζ)

2112 250 2169 295 85

1133 348 1158 378 Ε
1182 351 1215 380 et
1237 343 1350 381 hasta.
1372 345 1445 382 Ubi
1462 354 1512 383 est
1535 345 1770 397 eleemosyna,
1793 358 1833 382 eo
1854 358 1923 383 non
1945 344 2052 384 audet
2074 360 2170 385 acce-

1182 405 1265 444 dere
1277 406 1454 457 diabolus,
1468 422 1581 459 neque
1594 408 1730 445 malum
1746 408 1953 461 quodpiam.
1964 411 2028 459 Ne,
2043 424 2172 460 quaeso,

1183 465 1418 518 despiciamus
1455 477 1595 506 tantum
1628 469 1779 506 lucrum.
1808 471 1912 507 Nunc
1937 483 2022 507 vero
2051 471 2171 508 currui

1183 527 1328 576 quidem
1365 528 1563 579 assignatus
1588 529 1687 566 locus
1718 538 1789 577 est,
1812 538 1845 566 et
1869 529 2040 567 basternis
2060 531 2171 580 alius3

1185 587 1326 624 Christo
1349 597 1467 625 autem
1497 589 1627 626 erranti
1655 588 1786 627 nullus.
1807 589 1987 626 Abraham
2015 590 2076 627 ubi
2097 591 2171 642 ipse

1184 646 1360 696 manebat,
1377 648 1428 685 ibi
1461 648 1613 699 hospites
1644 648 1858 699 recipiebat3
1895 658 1928 686 et
1948 663 2039 686 uxor
2068 651 2168 701 quasi

1185 705 1313 743 ancilla
1334 708 1472 756 stabat,
1497 707 1552 745 illi
1579 721 1663 746 vero
1685 709 1785 757 quasi
1809 709 1956 746 domini.
1985 710 2172 748 Nesciebat

1184 778 1220 801 se
1251 766 1452 813 Christum,
1483 779 1519 803 se
1547 767 1688 817 angelos
1726 767 1906 818 recipere:
1932 768 1961 805 si
1993 769 2167 819 scivisset,

1183 825 1301 861 omnia
1328 834 1516 874 erogasset.
1542 826 1616 861 Nos
1635 839 1719 862 vero
1739 825 1821 862 licet
1854 827 2007 873 sciamus
2033 830 2171 868 anobis

1184 883 1370 921 Christum
1397 884 1525 935 excipi,
1544 897 1612 921 non
1634 893 1768 923 tantam
1787 886 1997 924 exhibemus
2023 903 2144 927 curam
2160 921 2169 937 ,

1183 952 1351 992 quantam
1377 943 1457 992 ille,
1479 944 1539 993 qui
1560 944 1711 995 putabat
1742 959 1777 981 se
1807 945 1968 983 homines
1999 948 2166 999 recipere.

1120 1032 1168 1059 344
1183 1004 1228 1039 At
1247 1002 1351 1039 multi
1372 1012 1472 1052 sunt,
1497 1004 1654 1054 inquies,
1676 1006 1877 1055 deceptores
1905 1014 1938 1042 et
1961 1006 2102 1057 ingrati.
2123 1009 2170 1046 Et

1131 1069 1156 1097 A
1181 1061 1265 1098 hinc
1291 1062 1358 1099 tibi
1389 1063 1503 1114 major
1527 1077 1681 1112 merces,
1700 1064 1844 1113 quando
1870 1066 2012 1103 nomine
2037 1067 2169 1106 Christi

1180 1121 1320 1173 accipis.
1339 1122 1378 1161 Si
1396 1123 1488 1161 nosti
1507 1137 1580 1162 esse
1600 1123 1802 1175 deceptores
1816 1155 1825 1173 ,
1845 1139 1889 1162 ne
1909 1126 2026 1178 recipe
2048 1127 2145 1165 domi
2156 1144 2167 1178 ;

1180 1181 1233 1219 sin
1250 1196 1320 1220 non
1337 1184 1443 1234 nosti,
1466 1199 1530 1222 eur
1551 1193 1680 1222 temere
1698 1186 1961 1224 accusas?lde0
1977 1186 2170 1236 dic0,Eant

1179 1241 1215 1279 in
1239 1243 1515 1282 xenodochium.
1536 1245 1624 1291 Quae
1650 1259 1735 1284 vero
1764 1245 1932 1295 defensio,
1959 1249 2100 1297 quando
2126 1263 2169 1287 ne

1179 1317 1236 1341 eos
1249 1304 1394 1355 quidem
1410 1336 1421 1355 ,
1445 1321 1531 1357 quos
1551 1306 1731 1355 novimus,
1750 1307 1954 1359 recipimus,
1971 1308 2033 1345 sed
2051 1310 2166 1347 omni-

1177 1365 1246 1402 bus
1262 1365 1352 1403 sores
1369 1367 1592 1405 claudimus?
1611 1367 1666 1405 Sit
1682 1368 1816 1406 Christi
1835 1368 2083 1420 paudocheum
2098 1386 2164 1409 no-

1177 1434 1248 1463 stra
1260 1426 1387 1465 domus
1406 1443 1412 1463 :
1428 1437 1628 1479 repetamus
1642 1428 1688 1465 ab
1701 1428 1774 1466 illis
1793 1429 2003 1479 mercedem,
2025 1445 2094 1469 non
2110 1446 2164 1469 ar-

1177 1496 1334 1537 gentum,
1357 1488 1417 1526 sed
1445 1498 1483 1526 ut
1508 1489 1639 1527 faciant
1673 1489 1820 1527 domum
1850 1500 2007 1529 nostram
2031 1493 2164 1531 Christi

1176 1549 1464 1600 receptaculum:
1500 1550 1819 1588 circumcursemus
1847 1551 2018 1603 undique,
2046 1554 2163 1592 traha-

1177 1623 1271 1658 mus,
1286 1619 1452 1648 venatum
1471 1610 1692 1663 abripiamus
1709 1627 1716 1648 :
1736 1612 1850 1664 majus
1869 1613 2083 1652 beneficium
2104 1629 2164 1652 ac-

1129 1674 1152 1702 B
1178 1668 1340 1720 cipimus,
1350 1685 1458 1721 quam
1469 1671 1606 1709 damus.
1616 1674 1694 1710 Non
1703 1673 1813 1724 jubeo
1824 1683 1978 1712 mactare
1991 1675 2164 1715 vitulum:

1175 1729 1222 1767 da
1235 1745 1361 1782 panem
1378 1733 1505 1784 egenti,
1520 1742 1655 1771 vestem
1674 1733 1785 1781 nudo,
1809 1743 1941 1773 tectum
1957 1736 2103 1788 hospiti.
2114 1740 2166 1776 Nc

1176 1799 1294 1828 autem
1326 1792 1403 1830 haec
1442 1803 1617 1845 praetexas
1632 1824 1641 1841 ,
1661 1794 1726 1831 Est
1746 1794 1971 1833 domicilium
1996 1797 2164 1836 Ecclesiae

1177 1867 1362 1891 commune
1374 1870 1383 1902 ;
1398 1854 1433 1892 in
1449 1854 1541 1892 illud
1554 1854 1730 1907 impende,
1744 1864 1777 1892 et
1793 1864 1832 1893 tu
1846 1856 2004 1895 lucratus
2017 1872 2063 1897 es.
2073 1860 2165 1896 Nam

1176 1913 1237 1951 ille
1246 1915 1352 1952 etiam
1364 1929 1500 1959 eorum,
1515 1930 1593 1966 quae
1611 1930 1630 1953 a
1650 1916 1793 1953 famulis
1813 1925 1889 1954 acta
1903 1918 2054 1967 fuerant,
2068 1933 2161 1957 mer-

1176 1974 1298 2012 cedem
1319 1976 1458 2014 habuit.
1479 1977 1533 2014 Ita
1549 1986 1647 2014 eraut
1658 1977 1810 2014 instituti
1820 1977 1926 2029 ¹illius
1943 1980 2043 2030 pueri
2059 1995 2066 2016 :
2081 1994 2165 2017 cur-

1176 2036 1311 2085 rebant,
1334 2052 1396 2075 nec
1417 2039 1688 2076 murmurabant
1706 2038 1797 2075 sicut
1811 2040 1923 2077 nostri
1936 2055 1948 2089 3
1972 2041 2053 2078 illos
2068 2042 2163 2079 enim

1174 2098 1252 2150 pios
1271 2099 1498 2137 reddiderat:
1522 2100 1557 2137 in
1576 2100 1711 2137 bellum
1726 2100 1850 2150 traxit,
1873 2115 1936 2138 nec
1956 2116 2163 2140 murmura-

1173 2159 1282 2207 hant,
1305 2159 1352 2197 ita
1371 2160 1576 2211 philosophi
1596 2169 1705 2197 erant.
1726 2160 1899 2197 Omnium
1919 2161 2013 2198 enim
2039 2176 2160 2200 euram

1174 2220 1316 2270 gerebat
1333 2230 1371 2257 ut
1390 2220 1444 2257 sui
1463 2221 1574 2272 ipsius
1591 2236 1598 2256 ε
1616 2234 1656 2257 ac
1675 2221 1758 2267 fere,
1781 2229 1820 2257 ut
1836 2221 1905 2259 Job
1920 2221 2078 2259 dicebat:
2104 2224 2160 2261 Si-
2173 2236 2241 2263 va.
2263 2236 2300 2264 33
2331 2239 2363 2265 (5,

2216 2278 2364 2306 Domesti-

1175 2282 1318 2319 militer
1320 2283 1494 2334 formati
1509 2295 1641 2320 sumus
1662 2284 1703 2318 in
1721 2283 1854 2319 eodem
1868 2291 2018 2321 ventre.
2037 2284 2161 2334 Itaque

1124 2403 1147 2434 C
1172 2401 1318 2439 beamus
1332 2401 1609 2439 domesticorum
1621 2401 1910 2452 sollicitudinem,
1920 2412 1958 2440 ut
1972 2403 2041 2440 sint
2056 2404 2163 2455 probi

1174 2471 1207 2499 et
1226 2462 1374 2513 vigiles:
1394 2462 1440 2499 sit
1457 2462 1561 2499 etiam
1581 2461 1796 2499 domesticus
1816 2472 1933 2500 noster
1952 2463 1988 2500 in
2008 2463 2062 2512 iis,
2083 2479 2160 2515 quae

1172 2521 1218 2560 ad
1232 2523 1348 2559 Deum
1367 2531 1538 2573 spectant,
1560 2521 1755 2559 institutus.
1768 2523 1846 2559 Non
1865 2522 1931 2560 erit
1949 2533 2070 2574 postea
2089 2525 2161 2562 vir-

1172 2592 1228 2621 tus
1239 2583 1338 2620 nobis
1350 2583 1522 2632 difficilis,
1538 2582 1566 2619 si
1581 2582 1661 2620 illos
1680 2583 1792 2634 probe
1808 2582 2045 2621 instituamus.
2059 2585 2159 2622 Sicut

1173 2645 1266 2682 enim
1283 2645 1318 2682 in
1334 2644 1440 2691 bello,
1459 2657 1539 2681 cum
1555 2644 1684 2680 milites
1702 2652 1784 2680 sunt
1796 2643 1884 2681 hene
1899 2644 2065 2694 ordinati,
2081 2645 2157 2683 dux

1170 2705 1274 2743 facile
1291 2714 1447 2757 pugnat,
1468 2713 1588 2741 eontra
1610 2718 1713 2753 vero,
1734 2704 1763 2741 si
1786 2718 1855 2742 non
1878 2704 1927 2741 ita
1948 2704 1992 2742 sit
2010 2720 2018 2741 z
2042 2706 2158 2744 nautis

1172 2767 1255 2805 item
1269 2766 1579 2816 consentientibus,
1599 2766 1812 2817 gubernator
1826 2766 1925 2803 nullo
1943 2767 2082 2817 negotio
2094 2782 2158 2819 gu-

1170 2828 1361 2866 bernacula
1380 2828 1470 2878 regit
1492 2843 1498 2863 :
1519 2827 1567 2865 ita
1590 2827 1618 2864 si
1638 2829 1707 2864 sint
1728 2827 1852 2864 famuli
1873 2836 1965 2864 reete
1984 2828 2155 2877 instituti,

1172 2903 1242 2926 non
1262 2889 1364 2926 facile
1377 2887 1659 2938 exacerbaberis,
1670 2901 1738 2925 non
1758 2888 1980 2939 objurgabis,
2001 2902 2070 2925 non
2086 2889 2156 2926 ira-

1171 2951 1277 2988 sceris
1293 2981 1301 2998 ,
1321 2964 1390 2987 non
1411 2949 1676 2987 conviciaberis.
1694 2949 1787 2986 Fieri
1807 2963 1946 2999 quoque
1965 2958 2076 3001 potest
2092 2980 2101 2997 ,
2118 2960 2156 2988 ut

1171 3011 1323 3048 famulos
1337 3010 1544 3056 reverearis,
1564 3011 1591 3047 si
1607 3010 1677 3047 sint
1695 3010 1921 3047 admirabiles
1941 3025 1948 3046 :
1969 3010 2108 3062 ipsique
2124 3020 2159 3048 te

1170 3069 1370 3121 juvabunt,
1386 3078 1419 3106 ct
1439 3069 1483 3106 ad
1506 3070 1599 3106 bona
1622 3069 1870 3107 hortabuntur.
1891 3069 1946 3106 Ab
1965 3069 2020 3106 his
2039 3079 2156 3108 autem

1121 3139 1146 3168 D
1173 3129 1338 3167 omnibus
1355 3129 1472 3167 omnia
1493 3131 1568 3167 Deo
1589 3129 1717 3180 placita
1738 3138 1852 3178 erunt,
1874 3137 1906 3165 et
1926 3128 1976 3166 sic
1999 3138 2069 3166 tota
2092 3129 2154 3167 do-

1173 3205 1252 3228 mus
1273 3190 1480 3242 implebitur
1501 3189 1766 3238 bencdictionc;
1793 3198 1826 3226 et
1844 3189 1894 3227 sic
1915 3204 1972 3239 ca,
1990 3205 2068 3241 quae
2082 3192 2159 3228 Deo

1174 3251 1329 3302 placent,
1347 3251 1526 3300 facientes,
1545 3264 1672 3301 magno
1687 3250 1846 3287 fruemur
1864 3264 2014 3303 superno
2030 3251 2155 3304 praesi-

2174 2329 2272 2345 Corum
2295 2331 2362 2346 cur-1

1173 2351 1207 2379 et
1226 2356 1288 2380 nos
1307 2357 1471 2380 curemus
1492 2343 1641 2381 salutem
1662 2352 1832 2393 nostram,
1852 2352 1886 2381 et
1905 2358 2071 2395 magnam
2091 2345 2159 2382 ha—
2176 2360 2317 2387 iubenda.
