2466 3805
669 300 710 328 {N
746 300 860 330 ACTA
897 300 1240 330 APOSTOLORUM.
1281 300 1435 330 HOMtL.
1474 300 1553 330 xit.
2065 303 2147 346 117

84 380 227 417 εἰποῦσα
251 383 273 426 ἡ
293 378 405 430 γυνὴ,
433 379 503 418 Ναὶ
523 379 684 417 τοσούτου
699 411 709 428 ,
728 381 891 428 τοιαύτην
911 380 1018 419 ἔδωκε
1046 379 1096 418 δί-

82 454 158 486 κην,
193 438 251 476 καὶ
280 441 342 477 οὐκ
360 439 538 492 ἐξέφυγεν·
558 440 742 486 ἐννοήσατε
769 444 800 480 οἱ
828 441 1008 491 ὀμνύοντες
1040 441 1098 478 καὶ

1172 379 1290 431 digni,
1310 380 1370 431 qui
1388 381 1515 432 juratis
1534 389 1566 418 ct
1594 379 1784 432 pejeratis?
1805 380 1835 417 E
1857 393 1893 417 re
1921 379 2028 417 suerit
2046 379 2151 417 hodie

1170 454 1215 478 ex
1228 441 1335 479 veteri
1350 442 1425 493 lege
1438 441 1585 494 perjurii
1600 441 1811 493 gravitatem
1826 440 2020 478 ostendere.
2031 442 2069 478 F
2068 441 2150 490 alx,
2164 454 2257 482 zach.
2276 455 2303 483 5.
2320 466 2335 484 2

81 500 358 574 ἐπιορκρυντες,
354 500 444 544 τίνος
464 501 503 538 ἂν
525 501 616 548 εἴητε
638 500 725 545 ἄξιοι
743 501 938 548 κολάσεως,
965 501 1097 539 Εὔκαι-
1122 511 1144 540 Ε
1170 502 1297 553 inquit,
1333 504 1475 541 volans
1502 512 1598 549 erat,
1629 504 1712 541 lata
1748 504 1878 541 decem
1909 505 2058 541 cubitis.
2078 504 2151 541 Vo-

83 575 138 609 ρον
155 575 213 597 και
230 560 298 598 ἀπὸ
315 577 377 607 της
388 563 551 605 Παλαιᾶς
567 561 716 606 δεῖξαι
685 579 724 600 το
735 563 823 614 γαλ
826 562 888 600 πὸν
905 565 967 608 τῆς
986 564 1097 613 ἐπιορ-

81 619 157 664 κίας
171 621 334 673 τημερον.
348 622 539 674 Δρέπανον,
554 638 661 674 φησι,
676 622 862 673 πετόμενον
877 626 932 668 ἠν,
948 622 1099 665 πλάτους

81 695 227 732 π’,χεων
247 683 342 721 δέκα.
356 684 409 722 Τὸ
421 683 609 733 πετόμενον
627 683 688 729 τὴν
711 682 879 734 ταχίστην
898 682 1015 733 ἔφοδον
1035 697 1098 727 της

81 741 253 795 τιμωρίας
277 743 375 789 δηλοῖ
398 743 460 790 τὴν
483 749 554 786 τοῖς
580 742 694 795 ὅρκοις
722 742 986 795 παρεπομένην·
1007 741 1097 780 τὸδὲ

80 802 224 854 πήχεων
243 805 396 854 ‘³[wt3-co]
416 804 500 842 δέκα
519 798 607 841 εἶναι
626 803 663 841 τὸ
681 802 811 845 πλάτος
831 802 890 840 καὶ
909 802 948 839 τὸ
970 817 1096 851 μηκος,

81 861 120 899 τὸ
140 864 283 917 σφοδρὸν
302 864 463 915 σημαίνει
482 880 541 902 και
556 880 595 901 το
609 863 750 914 μέγεθος
767 878 834 900 των
853 863 989 899 κακῶν·
1006 861 1045 899 τὸ
1062 861 1097 899 δὲ

81 923 142 959 ἀπ’
160 925 304 976 οὖρανου
327 925 512 971 πέτεσθαι,
530 940 569 962 το
589 926 626 961 ἐκ
641 939 699 961 του
721 923 847 960 ἄνωθεν
874 921 1096 974 δικαστηρίου

80 982 142 1030 τὴν
159 987 273 1038 ψῆφον
294 986 476 1039 φέρεσθαι·
495 985 534 1023 τὸ
553 984 588 1023 δὲ
613 983 865 1036 δρεπανοειδὲς,
884 982 923 1020 τὸ
946 983 1095 1034 ἄφυκτον

80 1047 142 1090 τῆς
163 1045 346 1119 τιμωρίας.
358 1045 524 1096 Καθάπερ
544 1044 610 1096 γὰρ
626 1042 839 1096 δρέπανον(1
850 1044 897 1085 εἷς
921 1043 1096 1094 τράχηλον

1110 1086 1155 1110 101

1169 561 1260 599 latus
1289 563 1512 601 celerrimum
1544 563 1713 616 supplicii
1742 564 1942 616 juramenta
1975 563 2151 613 sequentis

1169 622 1362 662 adventum
1383 625 1583 675 significat,
1605 623 1704 675 quod
1726 633 1844 662 autem
1875 623 1996 662 decem
2014 624 2151 661 cubito-

1170 696 1251 720 rum
1272 684 1317 721 sit
1335 683 1524 723 latitudine
1538 694 1572 722 et
1589 684 1822 735 longitudine,
1842 685 2103 723 vehementiam
2117 694 2151 722 et

1171 743 1449 794 magnitudinem
1474 746 1649 783 malorum
1665 745 1821 797 indicat,
1839 746 1936 797 quod
1961 756 2078 784 autem
2105 761 2150 784 ex

1171 803 1256 840 caelo
1275 804 1387 853 volet,
1408 805 1550 855 signum
1568 814 1619 842 est
1645 807 1850 843 sententiam
1870 820 1915 843 ex
1934 807 2063 844 eaelesti
2088 806 2151 843 tri-

1169 863 1292 901 bunali
1311 863 1416 914 ferri,
1440 865 1536 915 quod
1556 865 1592 902 in
1613 865 1758 903 modum
1785 866 1886 903 falcis
1903 896 1913 915 ,
1948 867 2151 905 inevitabile

1169 924 1386 976 supplicium
1416 925 1581 963 ostendit.
1609 926 1710 964 Sicut
1736 926 1831 963 enim
1860 927 1935 964 falx
1964 927 2000 963 in
2021 927 2151 963 collum

1169 984 1341 1030 immissa,
1375 998 1443 1022 non
1473 985 1688 1031 retrahitur,
1720 985 1781 1024 sed
1807 994 1924 1023 manet
1949 987 2057 1023 etiam
2082 987 2150 1023 ah—

1171 1045 1275 1082 scissa
1308 1046 1442 1083 ceivice
1470 1061 1478 1081 :
1511 1046 1561 1083 sic
1589 1054 1622 1083 et
1659 1046 1748 1083 ultio
1769 1046 1928 1098 jurantes
1956 1047 2152 1095 invadens,

80 1105 230 1154 ἐμπεσὸν
250 1107 312 1143 οὐκ
329 1105 368 1142 ἂν
384 1108 461 1144 καθ’
481 1105 582 1143 ἑαυτὸ
598 1102 845 1180 ἀνελκυσθείηϋ,
863 1103 957 1154 μένει
974 1103 1010 1141 δέ
1023 1119 1098 1147 πως
1122 1124 1145 1151 Α
1170 1105 1342 1143 terribilis
1368 1114 1444 1153 est,
1463 1119 1527 1143 nec
1545 1105 1688 1156 desinit
1709 1106 1777 1144 nisi
1804 1106 1904 1158 prius
1930 1106 2026 1157 quod
2052 1122 2155 1145 suum

80 1164 130 1202 ἔτι
148 1166 206 1203 καὶ
226 1166 507 1216 ἀποτεμνομένης
523 1181 586 1211 της
606 1167 739 1216 κεφαλ
710 1180 776 1211 η·ς
797 1181 884 1203 ουτω
902 1179 962 1201 και
982 1164 1037 1210 ἡ
1020 1163 1097 1210 οίκη

79 1231 150 1269 τοῖς
163 1226 345 1277 ὀμνύουσιν
361 1228 528 1265 ὃέπιοῦσα
543 1257 552 1274 ,
573 1225 703 1279 φοὸερά
721 1225 772 1268 τίς
788 1227 862 1263 ἐστι
873 1253 882 1269 ,
901 1224 961 1263 καὶ
977 1225 1037 1261 οὐκ
1058 1224 1097 1260 ἂν

81 1286 253 1334 ἀποσταίη
277 1287 325 1338 μὴ
355 1287 521 1340 πρότερον
540 1286 760 1339 ἐργασαμένη
782 1287 822 1325 τὸ
842 1287 961 1332 αὐτῆς.
992 1286 1036 1323 Εἰ
1063 1287 1098 1323 δὲ

81 1348 307 1400 διαφεύγομεν
328 1348 530 1399 ὀμνύοντες,
552 1348 600 1398 μὴ
618 1350 817 1400 θαρρῶμεν·
839 1346 897 1384 ἐπὶ
912 1345 980 1398 γὰρ
1000 1349 1098 1398 κακῷ

79 1410 129 1461 τῷ
150 1408 311 1461 ἡμετέρῳ
336 1412 436 1447 τοῦτο
451 1409 597 1461 γίνεται.
617 1408 720 1446 Ἐπεὶ
738 1407 773 1446 τί
793 1408 970 1459 νομίζετε,
998 1406 1098 1445 πόσοι

81 1469 171 1519 μετὰ
187 1469 342 1508 Ἀνανίαν
362 1469 420 1508 καὶ
447 1469 651 1523 Σάπφειραν
669 1469 714 1507 τὰ
731 1468 819 1507 αὐτὰ
838 1469 980 1512 ἐκείνοις
998 1467 1098 1506 ἐτόλ-

81 1545 210 1579 μησαν,
229 1530 288 1568 καὶ
308 1533 345 1569 οὐ
367 1529 411 1568 τὰ
428 1530 516 1568 αὐτὰ
532 1530 680 1578 ἔπαθον,
702 1529 771 1568 Καὶ
788 1532 884 1578 πῶς,
902 1529 1018 1580 φησὶν,
1038 1530 1099 1567 οὐκ

79 1589 229 1639 ἔπαθον,
254 1593 330 1647 Ορκ
346 1591 465 1638 ἐπειδὴ
488 1591 711 1644 συνεχωρήθη
732 1593 867 1639 αὐτοῖς,
885 1592 961 1629 ἀλλ’
978 1590 1097 1638 ἐπειδὴ

85 1651 214 1702 μείζονι
234 1657 418 1705 τηροῦνται
438 1651 454 1673 ¹³
467 1655 580 1704 κακῷ.

132 1711 248 1750 υΩστε
267 1716 299 1751 οἱ
314 1713 429 1752 πολλὰ
443 1713 646 1759 πταίοντες,
667 1712 714 1764 μὴ
735 1712 981 1763 κολαζόμενοι,
1005 1714 1099 1763 μᾶλ-

79 1773 138 1809 λον
153 1772 175 1819 ἢ
191 1773 436 1824 κολαζόμενοι,
458 1773 637 1826 φοὸεῖσθαι
659 1773 716 1811 καὶ
742 1773 930 1811 δεδοικέναι
947 1773 1101 1825 ὀφείλου-

1171 1174 1244 1203 erat
1271 1165 1465 1217 peifeceiit.
1487 1165 1595 1214 Quod
1614 1166 1642 1203 si
1658 1167 1818 1218 jurantes
1842 1167 2094 1217 effugelimus,
2115 1182 2155 1205 nc

1172 1226 1416 1275 confidamus,
1437 1240 1519 1264 nam
1549 1226 1586 1264 in
1614 1227 1748 1264 malum
1780 1236 1941 1265 nostrum
1962 1227 2029 1265 hoc
2046 1229 2156 1266 verti-

1170 1297 1239 1326 tur.
1255 1288 1353 1334 Quid
1373 1288 1464 1326 enim
1480 1288 1638 1340 putatis?
1658 1298 1743 1339 quot
1763 1297 1844 1326 sunt
1863 1289 1924 1339 qui
1941 1289 2062 1327 eadem
2078 1304 2155 1341 qua}

1170 1349 1323 1387 Ananias
1351 1358 1386 1387 et
1413 1349 1592 1401 Sapphira
1619 1358 1700 1387 sunt
1726 1350 1816 1396 ausi,
1838 1364 1902 1388 nec
1921 1350 2042 1388 eadem
2063 1352 2157 1402 passi

1170 1411 1276 1449 sunt?
1296 1410 1343 1447 Et
1363 1410 1552 1461 quomodo,
1566 1411 1718 1461 inquies,
1739 1411 1835 1463 passi
1859 1425 1929 1449 non
1952 1411 2058 1449 sunt?
2077 1413 2156 1449 Non

1172 1472 1268 1524 quod
1284 1473 1352 1511 1100
1370 1473 1444 1511 11115
1463 1473 1701 1511 condonatum
1728 1473 1774 1511 sit
1789 1503 1799 1523 ,
1822 1473 1884 1514 sed
1902 1473 2000 1524 quod
2030 1474 2156 1525 majori

1172 1543 1393 1573 reserventur
1410 1534 1596 1587 supplicio.

1227 1707 1264 1744 ἆ.
1296 1707 1418 1757 Itaque
1436 1706 1498 1757 qui
1520 1706 1719 1757 frequenter
1734 1715 1894 1759 peccant,
1917 1707 2032 1759 magis
2049 1708 2155 1745 time-
2226 1723 2287 1761 Qui
2303 1723 2361 1750 sm-

1174 1780 1233 1805 ant
1249 1781 1336 1820 opor
1339 1777 1399 1815 tet,
1413 1767 1442 1805 si
1458 1781 1527 1805 non
1541 1768 1746 1820 puniantur,
1765 1783 1872 1819 quam
1889 1768 1918 1806 si
1937 1769 2155 1821 puniantur:
2148 1770 2362 1845 .pecc}¹¹¹¹‘t³¹¹¹¹⁰‚[

81 1847 134 1869 <m
150 1847 158 1855 .
187 1833 324 1878 αὔξεται
349 1833 416 1886 γὰρ
447 1836 561 1878 αὐτοῖς
591 1834 636 1872 τὰ
667 1836 730 1880 τῆς
750 1832 921 1885 τιμωρίας
953 1834 1010 1871 διὰ
1039 1837 1102 1879 τῆς
1127 1846 1149 1875 Β
1174 1845 1257 1869 113111
1275 1844 1321 1868 ex
1339 1828 1509 1867 dilatione
1527 1839 1559 1866 et
1579 1843 1624 1867 ex
1636 1830 1806 1881 patientia
1825 1831 1893 1868 Dei
1908 1845 2030 1870 eorum
2045 1845 2156 1882 augc—
2172 1854 2363 1885 summopor-

81 1893 322 1947 ἀτιμωρησίας
351 1894 410 1932 καὶ
443 1898 505 1941 τῆς
534 1894 774 1946 μακροθυμίας
810 1897 870 1931 τοῦ
905 1895 1010 1932 Θεοῦ.
1038 1894 1100 1940 Μὴ

79 1958 178 1992 τοῦτο
198 1954 311 1993 τοίνυν
342 1955 483 2006 ἴδωμεν,
507 1956 559 1993 ὅτι
579 1958 615 1993 οὗ
635 1954 850 2005 κολαζόμεθα
865 1982 874 2000 ,
907 1956 983 1992 ἀλλ’
1003 1956 1032 1992 εἷ
1053 1954 1100 2004 μὴ

80 2015 295 2068 ἡμάρτομεν·
323 2018 352 2054 εἷ
377 2016 412 2054 δὲ
431 2015 687 2067 ἁμαρτάνοντες
705 2018 742 2054 οὐ
758 2016 987 2065 κολαζόμεθα,
1017 2017 1102 2066 μᾶλ-

80 2076 139 2112 λον
159 2076 298 2126 τρέμειν
317 2076 509 2128 ὀφείλομεν.
528 2076 618 2114 Εἰπέ
631 2092 708 2126 μοι,
725 2076 764 2114 ἄν
779 2091 857 2114 τινα
876 2077 992 2114 δοῦλον
1006 2076 1101 2128 ἔχῃς,

81 2135 139 2173 καὶ
155 2138 300 2189 ἀπειλῇς
314 2139 405 2189 αὐτῷ
427 2137 542 2188 μόνον,
557 2137 616 2175 καὶ
639 2139 677 2174 οὐ
692 2135 826 2186 τύπτῃς
840 2166 850 2183 ,
870 2136 954 2174 πότε
970 2139 1100 2186 μᾶλλον

81 2195 258 2247 φοὸεῖται,
288 2197 372 2235 πότε
404 2197 539 2249 φεύγει,
572 2196 656 2234 πότε
678 2195 899 2248 δραπετεύει,
931 2197 997 2248 οὐχ
1016 2196 1099 2234 ὅταν

81 2258 225 2308 ἀπειλῆς
245 2257 365 2308 μόνον,
383 2257 491 2296 εὈθεν
510 2257 569 2294 καὶ
593 2256 757 2302 ἀλλήλοις
773 2259 1023 2308 παραινοῦμεν,
1049 2256 1098 2307 μὴ

78 2318 231 2356 ἀπειλεῖν
258 2322 428 2370 συνεχῶς,
449 2317 540 2356 ὥστε
568 2317 616 2368 μὴ
643 2319 693 2368 τῷ
712 2316 809 2369 φόὸῳ
835 2319 967 2368 μᾶλλον
986 2332 1099 2355 κατα-

76 2384 188 2417 σεῖσαι
206 2378 269 2426 τὴν
288 2379 420 2432 ψυχὴν,
447 2379 538 2418 ὥστε
556 2378 604 2429 μὴ
626 2378 839 2430 σπαράττειν
862 2378 964 2416 αὐτὸν
994 2379 1097 2418 πλέον

76 2441 143 2476 τῶν
159 2441 338 2491 επληγῶν.
357 2439 490 2483 Ἄλλως
509 2439 545 2477 δὲ
568 2439 627 2478 καὶ
656 2441 728 2477 ἐκεῖ
755 2438 816 2489 μὲν
845 2438 1057 2492 πρόσκαιρος
1075 2443 1096 2486 ἡ

1175 1901 1234 1930 tur
1260 1889 1492 1942 supplicium.
1517 1890 1570 1927 Ne
1596 1890 1664 1927 1100
1684 1890 1802 1941 itaque
1823 1900 2018 1943 spectemus
2041 1891 2070 1929 si
2089 1906 2158 1929 non
2174 1895 2225 1917 ‘⁸‘-

1176 1953 1379 2005 puniamur,
1396 1950 1455 1989 sed
1477 1951 1506 1988 si
1527 1964 1598 1988 non
1620 1965 1805 2003 peccemus
1826 1967 1833 1988 :
1854 1951 1883 1989 si
1902 1966 1986 1991 vcro
2010 1966 2158 2004 peccan-

1176 2022 1226 2051 tes
1253 2026 1322 2050 non
1348 2011 1554 2063 puniamur,
1573 2011 1686 2062 magis
1715 2011 1937 2049 tremendum
1962 2012 2064 2050 nobis
2092 2021 2155 2050 est.

1176 2074 1243 2111 Dic
1264 2073 1368 2120 mihi,
1383 2072 1412 2110 si
1431 2086 1576 2110 servum
1592 2072 1751 2117 haberes,
1768 2072 1824 2109 cui
1841 2072 1956 2110 minas
1972 2072 2160 2111 intentares

1175 2144 1325 2183 tantum,
1340 2147 1404 2171 nec
1426 2133 1631 2172 verberares
1655 2133 1783 2182 illum;
1805 2133 1947 2184 quando
1972 2135 2085 2185 magis
2113 2135 2158 2172 ti-

1176 2196 1300 2246 mebit,
1317 2193 1458 2246 quando
1475 2194 1585 2244 fugiet
1603 2202 1637 2232 et
1657 2193 1846 2232 abscedet?
1863 2209 1977 2233 nonne
1996 2210 2075 2233 cum
2092 2196 2159 2234 mi-

1176 2271 1238 2295 nas
1270 2265 1409 2294 tantum
1437 2255 1654 2293 intentabis?
1674 2256 1779 2294 Unde
1805 2270 1867 2295 nos
1894 2267 2018 2296 mutuo
2042 2272 2161 2297 mone-

1175 2332 1268 2366 mus,
1280 2331 1323 2356 ne
1336 2315 1552 2367 frequentius
1567 2316 1838 2367 comminemur,
1851 2327 1891 2355 ut
1905 2333 1948 2357 nc
1966 2319 2016 2357 sic
2035 2319 2161 2357 timore

1173 2379 1335 2416 animum
1363 2377 1625 2425 concutimus,
1650 2391 1738 2416 neve
1769 2378 1820 2416 sic
1845 2379 1958 2431 magis
1986 2380 2160 2419 laniemus

1174 2453 1266 2488 eum,
1285 2451 1391 2489 quam
1407 2436 1536 2489 plagis.
1558 2437 1725 2488 Alioquin
1742 2452 1826 2477 vero
1845 2439 1919 2477 illic
1935 2448 2159 2492 temporanea

74 2499 250 2553 τιμωρία,
272 2503 419 2539 ἐνταῦθα
439 2500 474 2538 δὲ
497 2500 666 2548 διηνεκής.
691 2499 752 2546 Μὴ
778 2499 890 2538 τοίνυν
916 2503 944 2538 εἰ
978 2500 1099 2551 μηδεὶς
1122 2513 1147 2543 c
1172 2499 1277 2552 plaga
1300 2507 1366 2548 est,
1394 2497 1455 2535 hic
1477 2507 1662 2549 perpetua.
1688 2499 1742 2536 Ne
1767 2498 1886 2550 itaque
1905 2501 2087 2552 respicias,
2114 2518 2158 2541 an

75 2559 119 2598 τὰ
138 2565 196 2598 τοῦ
218 2561 386 2614 δρεπάνου
404 2561 536 2614 πάσχει
562 2592 571 2609 ,
583 2565 641 2599 νῦν
659 2566 758 2600 τοῦτο
778 2560 872 2612 ἴδῃς,
895 2563 971 2599 ἀλλ’
989 2564 1098 2600 ἐκεῖνο

76 2621 248 2669 ἐννόησον,
264 2624 294 2660 εἷ
309 2626 452 2661 τοιαῦτα
469 2627 561 2661 ποιεῖ
575 2638 582 2645 ·
604 2622 681 2661 ἐπεὶ
692 2622 806 2661 πολλὰ
820 2622 953 2673 γίνεται
966 2628 1023 2661 ν’ὔν
1043 2617 1098 2661 οἷα

75 2698 133 2720 επι
148 2699 207 2721 του
229 2684 474 2735 κατακλυσμου
488 2712 498 2730 ,
517 2684 608 2722 ἀλλὰ
632 2683 879 2734 κατακλυσμὸς
898 2685 936 2722 ου
954 2684 995 2735 γέ
996 2699 1094 2735 γονε·

74 2743 194 2793 γέεννα
222 2743 289 2797 γὰρ
322 2744 528 2793 ἠπείληται,
549 2744 608 2782 καὶ
629 2744 798 2797 τιμωρία.
823 2744 952 2783 Πολλοι
984 2746 1095 2798 ἁμαρ-

73 2803 230 2842 τάνουσιν
247 2799 303 2843 οἶα
321 2805 363 2843 τὰ
383 2804 440 2843 ἐπὶ
454 2808 523 2843 τῶν
543 2804 726 2855 Σοδόμων,
749 2803 839 2843 ἀλλὰ
857 2820 927 2857 πυρ
948 2807 1010 2844 οὐκ
1029 2809 1092 2853 ἠλ-

74 2869 159 2904 θενε
147 2881 264 2904 υετου·
282 2866 423 2918 πύρινος
440 2866 509 2920 γὰρ
527 2866 740 2917 ητοίμασται
764 2867 933 2917 ποταμός.
960 2868 1092 2906 Πολλοὶ

113 3001 126 3015 ‘³
142 2992 244 3033 [τοῦτο
258 2991 448 3026 inclusimus
465 2995 665 3026 auctoritate
680 2996 721 3027 D.
737 2993 878 3027 Savilius
892 3005 968 3025 cum
983 2995 1020 3025 A.
1034 2996 1072 3028 B.

70 3051 103 3078 τὺ
119 3047 149 3078 δὲ
162 3051 280 3089 πήχεων
295 3048 410 3089 (πηχῶν
422 3045 549 3087 Codd.)
565 3050 682 3080 πολλῶν
700 3051 782 3081 εἶναι.
800 3047 838 3078 C·
858 3045 985 3077 omittit
1001 3050 1073 3080 πο).-

71 3098 156 3139 λῶν.]

113 3148 130 3172 d
146 3149 187 3180 In
202 3146 298 3180 Notis
313 3147 428 3181 Savilii
448 3147 517 3181 haee
533 3148 688 3182 observat
705 3147 853 3180 Ualesius
871 3160 876 3178 :
892 3154 1023 3194 ὁποοῃςρ
1041 3154 1076 3182 do

71 3204 200 3245 ἐμπέσῃ,
215 3204 264 3233 οὐκ
281 3205 316 3234 ἂν
329 3204 396 3234 καθ’
412 3204 499 3235 ἑαυτὸ
516 3205 703 3239 ἀνελκυσθείη
718 3207 821 3243 μόνον,
835 3204 915 3234 ἀλλὰ
929 3205 977 3233 καὶ
993 3207 1071 3234 ἀπο-

71 3257 252 3292 τεμνομένης
267 3260 318 3290 τῆς
343 3256 480 3297 κεφαλῆς.
496 3252 769 3296 Expungendum
796 3251 900 3293 illud,
919 3255 1000 3284 ἀλλὰ
1027 3257 1075 3285 καὶ

74 3308 312 3344 ἀπο-τεμνομένης
327 3310 378 3342 τῆς
402 3308 530 3349 κεφαλῆς
543 3317 549 3322 ·
566 3307 642 3338 οὕτω
659 3321 687 3337 κ.
706 3321 735 3339 τ,
756 3310 784 3339 λ.
800 3305 971 3336 Existimo
989 3307 1076 3336 enim

75 3353 229 3383 vitiosam
245 3361 347 3385 ortam
361 3366 429 3387 esse
443 3356 618 3387 lectionem
646 3368 688 3388 ex
701 3368 750 3399 eo,
768 3356 860 3400 quod
871 3356 997 3400 aliquis
1015 3357 1076 3388 im-

73 3405 173 3445 perite
200 3411 370 3447 utramque
394 3406 564 3439 lectionem
594 3407 814 3451 conjunxerat
822 3421 834 3450 ,-
853 3419 930 3439 nam
952 3409 982 3440 si
1004 3410 1080 3439 rezi-

1171 2575 1265 2598 nunc
1287 2559 1467 2611 quispiam
1495 2559 1594 2596 illam
1618 2559 1745 2597 falcem
1768 2561 1986 2612 experiatur,
2009 2563 2069 2601 sed
2101 2578 2157 2602 co-

1171 2621 1257 2673 gita,
1270 2635 1355 2658 num
1377 2619 1463 2657 talia
1482 2619 1588 2657 faciat
1596 2634 1606 2667 3
1618 2619 1786 2669 quoniam
1802 2621 1915 2659 multa
1935 2636 2028 2659 nunc
2047 2623 2152 2673 fiunt,

1170 2696 1249 2734 quae
1270 2681 1306 2719 in
1325 2678 1485 2727 diluvio,
1501 2688 1538 2717 et
1561 2688 1677 2716 tamen
1700 2679 1882 2718 diluvium
1901 2695 1970 2719 non
1991 2683 2122 2721 accidit
2147 2701 2154 2720 :

1170 2743 1332 2795 gehenna
1351 2748 1384 2778 et
1403 2739 1621 2792 supplicium
1639 2740 1887 2779 comminando
1907 2742 2023 2781 solum
2037 2744 2152 2782 inten-

1168 2814 1274 2842 tatur.
1298 2801 1408 2840 Multi
1427 2801 1548 2839 eadem
1568 2801 1762 2838 admittunt
1781 2811 1922 2853 peccata
1949 2817 2026 2853 quae
2040 2805 2154 2842 Sodo-

1167 2866 1275 2913 mitae,
1297 2872 1331 2901 et
1363 2861 1456 2913 ignis
1483 2862 1609 2915 pluvia
1633 2875 1702 2900 non
1735 2862 1830 2901 cadit
1851 2878 1858 2899 ε
1879 2863 2002 2914 igneus
2021 2866 2154 2918 quippe

1141 3003 1298 3030 neamus,
1329 2991 1519 3022 necessario
1549 2988 1650 3030 illud,
1682 2988 1723 3020 de
1750 2987 1894 3030 cervice,
1915 2991 1949 3020 in
1977 2996 2105 3022 textum
2134 3005 2152 3024 e

1142 3045 1292 3087 margine
1319 3041 1523 3073 sumendum.
1543 3039 1610 3073 Ubi
1634 3039 1788 3071 advertas
1812 3039 2014 3072 Savilianam
2037 3041 2151 3075 lectio-

1142 3107 1216 3128 nem
1230 3105 1298 3127 esse
1314 3092 1517 3133 Morelliana,
1532 3104 1629 3135 quam
1648 3091 1825 3134 sequimur,
1839 3091 2076 3126 obscuriorem.
2087 3096 2150 3129 111'0

1144 3159 1220 3180 vero
1237 3145 1319 3178 nihil
1341 3143 1540 3176 mutandum
1557 3155 1684 3175 censeo.
1703 3143 1834 3185 [Savilii
1847 3143 2044 3186 scripturam
2062 3159 2148 3189 prae-

1140 3199 1218 3231 bont
1233 3200 1268 3229 A.
1282 3200 1319 3232 B.
1335 3198 1387 3236 C.,
1418 3196 1479 3228 nisi
1499 3195 1588 3238 quod
1604 3196 1641 3228 C.
1661 3195 1760 3226 habet
1780 3202 1838 3230 ἀπὸ
1860 3207 1921 3237 pro
1940 3204 2150 3242 ἀποτεμνομξ-

1141 3267 1206 3289 γης,
1231 3257 1381 3281 nostram
1400 3259 1477 3279 vero
1487 3249 1542 3289 D„
1555 3246 1731 3285 Commel.‚
1752 3254 1785 3278 et
1802 3246 1949 3280 reddidit
1965 3250 2148 3294 Erasmus]

1187 3317 1200 3333 a
1218 3299 1362 3341 Quidam
1383 3305 1501 3334 ἐπιοῦσα
1516 3302 1634 3342 χαλεπή
1652 3304 1694 3336 τίς
1710 3303 1799 3332 ἐστιν.

1191 3356 1206 3379 ¹>
1223 3355 1341 3396 [κακῷ.
1359 3358 1384 3386 οὶ
1400 3357 1457 3397 γὰρ
1474 3354 1589 3389 πολλά,
1605 3351 1651 3381 510
1667 3352 1703 3381 Α.
1724 3351 1760 3381 Β.
1777 3351 1832 3392 Q]

1191 3418 1202 3429 c
1222 3404 1281 3437 Alii
1302 3409 1430 3446 πληγῶν.
1452 3409 1507 3435 ἐκεῖ
1534 3408 1591 3447 γὰρ
1608 3410 1795 3448 πρόσκαιρος,
