2502 3810
677 315 721 344 IN
759 313 872 345 ACTA
910 314 935 343 A
942 312 1191 344 POSTOLORU
1198 312 1247 342 M.

96 393 245 446 ἀμοιὸὴν
265 398 283 433 ὁ
302 394 402 438 Θεὸς.
428 394 528 446 ‘'OQ-q)
561 394 600 431 ἂν
629 395 768 447 χρονίζῃ
788 400 810 442 ἡ
838 394 1007 438 ἀντίδοσις
1021 423 1031 441 ,
1050 409 1110 432 το-

95 456 205 508 σούτῳ
225 458 255 494 οἱ
274 455 369 494 τόκοι
397 454 637 494 ἐπιτείνονται.
671 458 807 494 Οὐκοῦν
833 456 968 508 ἔχωμεν
998 454 1112 507 ψυχὴν

96 515 380 568 συμπαθητικὴν,
399 514 534 568 ἔχωμεν
562 516 713 555 διάνοιαν
740 518 889 554 οεῖδυῖαν
912 518 1112 567 συναλγεῖν·

98 577 203 628 μηδὲν
224 576 312 615 ἔστω
325 578 407 628 παρ’
427 580 511 626 ἡμῖν
531 577 637 627 ὠμὸν,
659 576 765 628 μηδὲν
782 577 1024 629 ἀπάνθρωπον.
1041 575 1114 614 Κᾶν

99 637 204 688 μηδὲν
222 638 367 688 δυνηθῇς
386 639 602 689 εἰσενεγκεῖν,
623 637 804 690 δάκρυσον,
820 637 994 684 στέναξον,
1009 637 1115 687 ἄλγη-

98 714 155 737 σον
187 697 244 736 ἐπὶ
264 703 334 740 τοῖς
357 698 570 749 γινομένοις·
590 698 666 736 οὐδὲ
694 698 805 736 ταῦτά
831 713 885 736 σοι
910 698 1008 736 ἔσται
1026 699 1116 747 εἰκῇ.

96 760 141 796 Ei
156 764 225 801 τοῖς
245 758 311 796 ὑπὸ
325 763 384 796 τοῦ
400 760 490 797 Θεοῦ
513 758 756 809 κολαζομένοις
772 758 914 801 δικαίως
936 759 1117 808 συναλγεῖν

96 818 165 870 χρὴ
180 848 189 866 ,
211 819 330 870 πολλῷ
357 820 486 869 μᾶλλον
514 824 585 861 τοῖς
608 818 676 856 ὑπὸ
695 818 885 869 ἀνθρώπων
906 817 1034 859 ἀδίκως
1051 817 1117 854 πά·

97 896 249 932 σχουσιν.
272 882 348 918 Οὐκ
367 879 518 927 ἐξῆλθον,
537 895 653 931 φησιν,
682 878 816 916 (ἰΑἷνὰν
834 878 1007 930 κόψασθαι
1023 882 1115 915 οἰκον

96 941 258 992 ἐχόμενον
274 943 399 986 αὐτῆς·
416 940 612 990 λήψονται
597 939 717 984 οδύνην
735 940 805 976 ἀνθ’
822 941 869 975 ὡν
885 937 1115 989 ᾠκοδόμησαν

96 1002 141 1044 εἷς
171 1000 411 1051 καταγέλωτα.
444 1001 560 1037 Τοῦτο
587 1000 727 1049 ἐγκαλεῖ
750 1001 767 1035 ὃ
792 997 972 1044 Ιεζεκιὴλ,
993 996 1044 1034 ὅτι
1075 997 1113 1033 οὐ

95 1061 327 1111 συνηλγησαν.
348 1060 395 1098 Τί
416 1059 550 1110 λέγεις,
570 1062 598 1095 ὠ
617 1061 800 1110 προφῆτα·
819 1060 836 1094 ὃ
852 1057 940 1100 Θεος
958 1057 1113 1104 κολάζει,

94 1120 190 1171 κάγὼ
207 1120 414 1171 συναλγησω
431 1126 500 1161 τοῖς
526 1119 793 1169 κολαζομένοις·
785 1148 794 1165 ,
816 1118 904 1156 Ναί·
929 1120 1030 1155 τοῦτο
1047 1134 1114 1170 γαρ

93 1181 192 1222 αὐτὸς
211 1183 228 1217 ὁ
248 1180 402 1223 κολάζων
429 1180 607 1230 βούλεται·
625 1178 701 1217 οὐδὲ
716 1178 781 1230 γὰρ
801 1178 902 1221 αὐτὸς
917 1177 1038 1224 ἥδεται
1056 1194 1114 1216 κο-

91 1240 217 1285 λάζων,
237 1239 326 1277 ἀλλὰ
345 1239 496 1289 μάλιστα
516 1254 575 1276 και
590 1241 700 1290 ἀλγεῖ.
716 1238 820 1276 Ἐπεὶ
839 1232 895 1276 οῦν
916 1238 993 1277 ουδὲ
1015 1239 1113 1282 αὐτος

1286 312 1441 343 nonu„
1479 314 1602 346 mm.
2080 299 2169 360 567

2228 393 2306 420 Dum
2325 404 2371 420 rc-

1183 392 1364 432 retribuet
1379 394 1521 439 Quanto
1540 396 1653 448 magis
1669 395 1857 433 retributio
1871 395 2051 444 differtur,
2071 404 2168 435 tanto
2181 435 2302 462 tributio
2315 435 2371 462 ‹hf

1184 454 1297 505 magis
1321 465 1495 506 augentur
1520 457 1664 495 foenora.
1686 456 1887 495 Habeamus
1906 470 1989 508 ergo
2013 456 2169 495 animam
2181 475 2286 510 [ΠΜ
2319 485 2372 502 au-

1186 516 1481 555 commiserationi
1500 517 1672 566 deditam,
1693 518 1875 556 condoleie
1893 519 2091 557 scientem:
2112 519 2167 557 ni-
2181 522 2265 552 ἔθων
2316 516 2371 543 ‘¹⁰'

1184 575 1238 613 hil
1258 576 1356 629 apud
1375 592 1438 616 nos
1458 578 1504 616 sit
1519 579 1754 616 inhumanum
1773 579 1830 618 vel
1846 579 2002 618 crudele.
2018 579 2058 617 Si
2079 579 2172 618 nihil
2183 567 2264 584 num.

1187 637 1300 688 possis
1334 639 1472 687 afferre,
1492 639 1704 691 lacrymare,
1721 640 1923 691 ingemisce,
1939 640 1984 678 de
2019 640 2063 677 iis
2093 653 2172 690 quae

1139 698 1163 728 E
1188 697 1279 735 fiunt
1297 697 1379 736 dole
1392 714 1400 734 ι
1413 699 1489 737 haec
1504 713 1572 737 non
1584 700 1650 737 tibi
1669 701 1800 737 frustra
1820 701 1957 739 cedent.
1974 701 2013 740 Si
2034 701 2092 750 iis,
2108 701 2172 751 qui

1187 770 1207 793 a
1226 758 1300 794 Deo
1319 758 1530 809 puniuntur,
1553 759 1738 796 condolere
1757 770 1905 811 oportet,
1925 762 2038 799 multo
2058 762 2171 813 magis
2224 813 2228 818 ι

1187 815 1244 864 iis,
1259 817 1378 865 quial)
1392 817 1596 854 hominibus
1610 818 1740 868 injuste
1755 819 1950 869 patiuntur.
1962 822 2051 858 Non
2066 836 2169 873 egre-
2181 814 2276 881 {¹1¹ch
2296 823 2319 841 ''

1187 876 1393 912 diebantm·
1394 876 1544 925 ,inquit,
1556 878 1687 914 AEnan
1703 879 2000 928 adplorandum
2014 883 2206 954 domumE
2261 928 2273 955 l
2320 928 2353 956 ¹6

2213 939 2258 956 56(
2271 940 2289 955 Ι.
2360 950 2366 956 ι

1185 947 1296 971 suam
1309 938 1494 973 vicinam.
1508 936 1715 988 Accipient
1728 939 1898 976 dolorem
1910 955 1980 990 pto
1997 955 2051 989 eo,
2067 929 2209 998 quod?

1186 995 1476 1046 (edificaverunt
1494 998 1547 1033 ad
1565 998 1806 1035 deriszonem.
1826 999 1901 1036 Hae
1915 999 1959 1037 de
1974 1015 2011 1038 re
2030 1012 2170 1040 aecus-it

1186 1054 1362 1103 Ezechiel,
1378 1056 1475 1106 quod
1492 1071 1562 1094 non
1583 1057 1841 1096 condoluer.int
1852 1059 1951 1105 Quid
1967 1060 2067 1110 dicis,
2083 1077 2171 1114 pio-

1185 1115 1319 1166 pheta?
1336 1117 1430 1154 Deus
1446 1117 1564 1169 punit,
1582 1126 1614 1155 et
1634 1132 1697 1168 ego
1718 1118 1941 1157 condolerem
1956 1120 2011 1170 iis,
2027 1122 2087 1171 qui
2107 1137 2173 1174 pu-

1185 1176 1348 1215 niuntur.
1340 1178 1356 1204 ‘³
1371 1178 1513 1215 Etiam.
1529 1179 1598 1217 hoc
1616 1180 1709 1217 enim
1728 1180 1804 1218 vult
1825 1180 1879 1217 is
1870 1196 1946 1233 lpse
1961 1182 2023 1232 qui
2039 1184 2169 1234 punit:

1186 1254 1297 1290 neque
1316 1240 1409 1278 enim
1434 1241 1495 1278 ille
1522 1242 1704 1294 puniendo
1729 1244 1937 1292 oblectatur,
1961 1246 2033 1283 imo
2055 1247 2174 1298 potius

91 1299 308 1351 εὐφραίνεται
330 1303 347 1338 ὃ
367 1299 536 1347 κολάζων,
567 1299 614 1350 μὴ
642 1298 755 1336 τοίνυν
783 1299 870 1349 μηδε
895 1314 936 1336 συ
965 1299 1109 1350 ευφραί-
1125 1322 1172 1347 329
1185 1300 1291 1340 dolet.
1303 1301 1421 1348 Quia
1412 1302 1522 1353 igitur
1538 1303 1598 1340 ille
1612 1303 1675 1353 qui
1690 1304 1794 1355 punit
1809 1318 1878 1342 non
1892 1306 2034 1343 laetatui
2036 1321 2174 1358 ,neque

90 1375 161 1398 νου.
182 1360 274 1398 Ἀλλ
294 1363 322 1398 εἰ
345 1359 488 1404 δικαίως
506 1390 515 1408 ,
545 1361 650 1412 φησὶ,
673 1359 899 1407 κολάζονται,
920 1361 956 1397 οὐ
978 1360 1028 1398 δεῖ
1049 1361 1113 1398 ἀλ-
1136 1360 1161 1386 A
1185 1373 1223 1401 tu
1248 1364 1387 1404 laeteris.
1409 1365 1483 1403 Sed
1502 1365 1531 1403 si
1548 1366 1662 1417 juste,
1686 1366 1842 1417 inquies,
1862 1369 2081 1421 puniuntur,
2103 1385 2172 1408 non

91 1427 178 1473 γεῖν.
212 1422 282 1460 Καὶ
302 1421 370 1473 μὴν
395 1422 451 1460 διὰ
469 1427 570 1461 τοῦτο
600 1423 649 1460 δεῖ
677 1424 807 1473 ἀλγεῖν,
829 1421 883 1460 ὅτι
903 1421 989 1465 ἄξιοι
1006 1422 1113 1460 κολά-

91 1499 178 1527 σεως
194 1483 381 1536 ἐφάνησαν.
411 1483 502 1522 Εἰπὲ
531 1484 571 1531 δή
593 1499 673 1534 μοι,
693 1483 773 1521 ὅταν
793 1482 870 1534 ἴδῃς
889 1482 947 1520 τὸν
966 1483 1035 1521 υἱὸν
1056 1483 1113 1521 τὸν

90 1545 148 1583 σὸν
169 1544 387 1595 καιόμενονῆ
408 1545 629 1595 τεμνόμενον,
652 1544 700 1594 μὴ
720 1545 782 1582 οὐκ
803 1546 918 1595 ἀλγεῖς
926 1560 936 1590 ;
956 1543 1113 1591 Εὔδηλον

87 1604 140 1643 ὅτι
153 1635 162 1652 ,
183 1605 242 1642 καὶ
262 1607 299 1642 οὗ
316 1604 427 1654 λέγεις
442 1605 527 1657 πρὸς
546 1604 687 1642 σεαυτόν
704 1619 711 1627 ·
736 1603 771 1641 τί
789 1608 907 1651 τοῦτο,
927 1604 1021 1656 Πρὸς
1041 1603 1114 1656 ὑγί-

89 1681 161 1703 ειαν
177 1669 198 1711 ἠ
217 1665 309 1716 τομὴ
332 1665 474 1716 βλέπει,
489 1665 576 1716 ὑπὲρ
594 1666 801 1716 ἀπαλλαγῆς
820 1667 911 1704 ἐστιν
929 1668 950 1712 ἡ
969 1669 1089 1708 καῦσις
1103 1681 1112 1689 ·

86 1729 188 1765 3ἀλλ’
220 1726 314 1778 ὅμως
332 1726 414 1765 ὅταν
436 1726 586 1777 ἀκούσῃς
614 1725 854 1774 ὂλολύζοντος,
883 1728 921 1764 οὗ
952 1725 1113 1777 φέροντος

86 1788 149 1830 τὰς
161 1787 301 1834 ὀδύνας,
324 1790 458 1839 ἀλγεῖς,
474 1787 533 1825 καὶ
549 1789 614 1838 οὐχ
629 1785 730 1833 ἱκανὴ
754 1790 774 1833 ἡ
799 1789 860 1832 τ’ῆς
879 1786 994 1838 ὑγείας
1016 1786 1115 1830 ἐλπὶς

88 1852 225 1901 ἀφελεῖν
240 1849 302 1895 τὴν
318 1848 483 1900 σύγχυσιν
500 1850 562 1893 τῆς
578 1847 723 1899 φύσεως.
738 1846 844 1885 Οὕτω
858 1847 919 1885 καὶ
932 1849 950 1868 *
961 1846 1017 1886 ἐπὶ
1034 1846 1115 1885 τού-

85 1926 167 1957 των,
177 1910 240 1948 κᾶν
255 1912 301 1953 εἷς
313 1909 431 1961 ὑγείαν
440 1909 668 1956 κολάζωνται,
681 1908 774 1958 ὅμως
789 1908 977 1961 ἀδελφικὴν
987 1910 1114 1947 ἐπιδει-

88 1971 246 2022 κνύωμεν
259 1974 361 2022 ἡμεῖς
380 1969 583 2022 προαίρεσιν
598 1971 652 2007 ἐπ’
676 1969 816 2015 αὐτοὺς,
829 1971 922 2020 [καὶ]
938 1970 1113 2022 πατρικὴν

85 2030 371 2082 διάθεσινῘΓομαῖ
382 2031 442 2069 καὶ
454 2030 592 2073 καύσεις
603 2030 686 2068 εἰσὶν
701 2033 737 2069 αἱ
752 2031 921 2083 τιμωρίαι
932 2036 990 2069 τοῦ
1001 2034 1092 2070 Θεοῦ
1105 2044 1112 2052 ·

86 2091 176 2130 ἀλλὰ
207 2091 263 2129 διὰ
292 2095 391 2130 τοῦτο
421 2091 605 2143 ὀφείλομεν
624 2090 771 2139 κλαίειν,
791 2091 843 2129 ὅτι
864 2091 1047 2139 ἐνόσησαν,
1060 2091 1114 2130 ὅτι

84 2153 246 2200 τοιαύτης
263 2152 454 2199 ἐδεήθησαν
477 2152 641 2205 ἰατρείας.
658 2152 744 2190 Ἐάν
772 2169 824 2196 τις
848 2153 904 2191 ἐπὶ
934 2153 1113 2205 στεφάνοις

85 2218 195 2252 ταῦτα
215 2214 335 2265 πάσχῃ
349 2243 358 2258 ,
377 2214 455 2250 τότε
478 2212 526 2262 μὴ
555 2213 674 2263 ἄλγει,
696 2207 792 2251 ὓοῖον
813 2216 859 2256 ὡς
880 2214 1046 2260 Παῦλος,
1065 2217 1110 2256 ὡς

84 2276 236 2327 Πέτρος·
255 2274 336 2313 ὅταν
355 2274 389 2311 δὲ
409 2274 467 2312 ἐπὶ
486 2272 639 2327 τιμωρίᾳ
654 2273 730 2325 τίνῃ
749 2273 863 2321 δίκην,
883 2273 962 2311 τότε
982 2274 1110 2328 δάκρυ-

86 2352 160 2383 σον,
180 2335 257 2374 τότε
278 2335 451 2379 στέναξον.
472 2336 634 2372 Τοιοῦτοι
653 2328 742 2380 ἦσαν
769 2336 800 2372 οἱ
826 2337 1014 2386 προφῆται.
1045 2334 1108 2372 Διὸ

82 2395 142 2435 καί
182 2412 233 2438 τις
258 2397 368 2433 αὐτῶν
404 2395 518 2446 ἔλεγεν
535 2410 542 2418 ·
562 2394 670 2445 Οἴμοι
691 2394 814 2446 Κύριε,
846 2394 1032 2447 ἐξαλείφεις
1066 2394 1107 2432 σὺ

81 2457 121 2495 τὸ
152 2457 365 2495 κατάλοιπον
394 2459 454 2493 τοῦ
487 2455 652 2507 Ἰσραήλ,
686 2454 928 2508 Ἀνδροφόνους
959 2459 1106 2506 ὁρῶμεν,

83 2516 228 2568 μιαρους
251 2517 396 2568 ἄνδρας,
417 2515 670 2566 κολαζομένους
687 2516 876 2564 πολλάκις,
897 2516 956 2554 καὶ
987 2516 1107 2554 δακνό-

82 2581 171 2627 μεΟα
199 2577 257 2615 καὶ
289 2578 472 2628 ἀλγοῦμεν.
503 2575 623 2623 ἐΜὴ
611 2576 698 2628 υπὲρ
717 2576 756 2614 τὸ
782 2576 908 2628 μέτρον
928 2577 1107 2653 φιλόσοφρι

79 2654 195 2689 ιυαεν·
227 2638 412 2688 ἐλεήμονες
433 2636 614 2688 γενώμεθα
627 2667 636 2684 ,
669 2636 725 2674 ἵνα
756 2638 974 2688 ελεηθωμεν·

80 2697 153 2736 ἴσον
181 2699 302 2737 τούτου
328 2701 387 2736 τοῦ
407 2699 533 2735 καλοῦ
562 2696 657 2734 οὐδὲν
677 2696 765 2735 οὕτω
793 2698 851 2736 τὸν
889 2698 1103 2752 ἀνθρώπινον

77 2766 162 2812 ἡμῖν
179 2761 397 2799 ὑποδείκνυσι
411 2761 619 2811 χαρακτῆρα
634 2760 679 2802 ὡς
693 2758 732 2795 τὸ
748 2760 854 2796 ἐλεεῖν
865 2758 893 2807 d,
911 2763 958 2804 ὡς
986 2760 1025 2798 τὸ
1051 2777 1104 2812 φι-

77 2822 278 2874 λάνθρωπον
300 2814 398 2858 εἶναι.
419 2818 488 2857 Διὰ
505 2822 606 2856 τοῦτο
623 2818 681 2856 καὶ
702 2821 733 2857 οἱ
757 2818 855 2869 νόμοι
876 2826 946 2864 τοῖς
971 2821 1106 2872 δημίοις

122 2963 135 2978 ⁰
159 2954 253 2986 Idem
268 2953 353 2987 Cod.
371 2957 476 2988 εἰδυῖαν
493 2957 688 2996 suazaha-piu.

120 3007 137 3031 d
161 3005 262 3039 Savil.
280 3005 382 3038 habet
399 3012 513 3046 Σαινάν,
526 3004 617 3037 Editi
635 3015 691 3039 τῶν
707 3004 752 3045 0¹,
766 3010 904 3049 Σενναάρ.

125 3069 138 3083 ⁸
160 3058 222 3090 Alii
238 3057 307 3092 ἀλλ’
325 3063 404 3101 ὅμως
420 3061 509 3092 πάλιν
525 3063 608 3091 ὅταν.

120 3110 136 3127 *
161 3111 172 3151 [
186 3109 306 3141 Montf.
323 3114 368 3144 ἐπὶ
384 3113 515 3148 τούτοις,
531 3107 694 3140 Commel-
713 3112 760 3142 ἐπὶ
778 3111 870 3142 τούτω
885 3108 965 3142 vitio
980 3118 1081 3155 typo-

74 3159 251 3204 graphico,
271 3172 288 3191 a
306 3159 429 3193 Savilio
455 3161 488 3191 in
514 3158 664 3191 dativum
691 3170 864 3191 converso.
880 3160 1003 3193 Verum
1026 3174 1081 3194 re-

74 3211 244 3255 posuimus
260 3223 277 3243 e
292 3210 403 3244 Codd.
422 3209 555 3242 nostris.
570 3211 648 3242 Mox
678 3218 755 3242 ante
778 3221 925 3257 πατρικήν
948 3213 1084 3246 inclusi—

76 3276 147 3296 mus
166 3264 435 3305 conjunctionem
457 3267 523 3301 καί,
543 3263 636 3294 omni
661 3261 862 3294 auctoritate
884 3267 1082 3308 carentem.]

118 3317 134 3341 b
159 3315 238 3357 [Sic
252 3313 361 3346 Codd.
380 3315 497 3352 nostri,
513 3313 676 3348 Commel.
691 3322 723 3346 et
739 3313 854 3357 Savil.;
873 3319 931 3350 οἷον
946 3321 960 3351 ὁ
976 3327 1017 3352 Π.
1032 3323 1080 3352 καὶ

74 3376 113 3401 Π.
139 3366 259 3398 Montf.
274 3366 313 3397 V.
330 3377 362 3406 p.
383 3365 460 3405 253,
474 3365 529 3407 C.]

117 3429 130 3443 ⁰
158 3419 237 3460 [Sic
252 3415 360 3450 Codd.
383 3423 415 3449 et
431 3416 583 3450 Savilins.
602 3417 733 3458 Montf.‚
753 3425 882 3450 secutus
899 3419 1080 3454 Commeli-

1009 2638 1104 2676 οὐδὲν
1127 2636 1150 2666 C

1183 1425 1303 1464 dolere
1317 1435 1465 1478 oportet.
1479 1427 1599 1464 Etiam
1612 1438 1757 1480 propter
1769 1429 1837 1467 hoc
1852 1429 2061 1481 dolendum,
2079 1432 2176 1482 quod

1183 1485 1284 1537 digni
1304 1487 1481 1539 supplicio
1503 1488 1573 1527 visi
1598 1489 1741 1527 fuerint.
1759 1490 1828 1528 Dic
1854 1505 1940 1530 vero
1970 1492 2071 1542 mihi,
2092 1508 2173 1531 cum

1182 1547 1317 1586 videris
1346 1549 1465 1586 filium
1490 1558 1592 1587 tuum
1621 1551 1678 1588 uri
1695 1551 1751 1589 vel
1775 1552 1897 1602 secari,
1917 1567 2032 1591 nonne
2050 1553 2173 1592 doles?

1184 1610 1286 1647 Certe
1303 1608 1421 1659 doles,
1444 1619 1476 1648 et
1497 1625 1565 1648 non
1587 1611 1676 1650 dicis
1694 1612 1759 1649 tibi
1776 1612 1866 1664 ipsi:
1889 1614 1985 1661 Quid
2006 1614 2099 1652 hoc?
2118 1616 2174 1654 Ad

1182 1667 1368 1705 sanitatem
1399 1669 1506 1707 sectio
1539 1679 1687 1722 spectat,
1714 1680 1746 1709 et
1778 1686 1843 1723 pro
1879 1672 2087 1711 liberatione
2124 1684 2174 1713 est

1182 1725 1275 1763 ustio
1296 1742 1303 1762 :
1323 1735 1476 1764 attamen
1499 1742 1580 1765 cum
1601 1729 1706 1767 audis
1724 1730 1935 1778 ululantem,
1952 1746 2014 1769 nec
2033 1732 2172 1772 dolores

1182 1783 1362 1831 ferentem,
1381 1784 1499 1835 dole53
1521 1801 1586 1825 nec
1611 1788 1745 1825 suffieit
1765 1788 1828 1825 illa
1853 1789 2014 1827 sanitatis
2033 1805 2111 1842 spes
2127 1791 2172 1828 ad

1183 1844 1375 1882 tollendam
1395 1856 1529 1884 naturae
1557 1849 1872 1900 perturbationem.
1892 1850 1945 1887 Ita
1971 1860 2003 1888 et
2024 1851 2060 1888 in
2077 1851 2167 1902 istis,

1182 1905 1320 1943 etiamsi
1340 1906 1385 1944 ad
1405 1908 1589 1946 sanitatem
1610 1909 1819 1961 puniantur,
1841 1919 1994 1949 attamen
2012 1912 2103 1949 circa
2120 1913 2169 1950 il-

1182 1965 1235 2003 los
1253 1967 1445 2005 fraternum
1462 1969 1627 2006 affectum
1651 1969 1896 2017 exhibeamus,
1920 1980 2170 2024 paternamque

1135 2032 1158 2061 B
1184 2027 1413 2066 voluntatem.
1431 2029 1607 2067 Sectiones
1621 2039 1654 2068 et
1672 2031 1827 2069 ustiones
1840 2041 1921 2069 sunt
1933 2047 2044 2084 poenae
2059 2048 2078 2070 a
2095 2036 2168 2072 Deo

1183 2087 1307 2138 illatas,
1327 2089 1390 2127 sed
1407 2090 1486 2128 ideo
1506 2092 1589 2129 flere
1603 2092 1893 2143 dehemus-,quod
1908 2096 2168 2146 aegrotaverint,

1183 2149 1278 2199 quod
1309 2150 1371 2187 tali
1399 2165 1488 2203 opus
1510 2152 1700 2190 habuerint
1728 2154 1915 2194 medicina.
1937 2156 1976 2194 Si
2003 2157 2081 2206 quis
2102 2173 2167 2210 pro

1180 2211 1318 2248 coronis
1337 2211 1405 2249 hoc
1424 2212 1595 2264 patiatur,
1614 2223 1698 2252 tunc
1714 2229 1757 2252 ne
1771 2215 1904 2266 doleas,
1925 2226 1964 2254 ut
1984 2218 2116 2256 Paulus
2135 2229 2169 2258 et

1180 2271 1305 2310 Petrus
1322 2288 1330 2308 ε
1345 2273 1486 2323 quando
1500 2283 1618 2331 autem
1634 2276 1716 2326 jure
1733 2276 1794 2313 dat
1806 2290 1939 2328 poenas,
1956 2287 2040 2316 tunc
2057 2280 2168 2332 lacry-

1178 2347 1286 2383 mare,
1304 2342 1389 2371 tunc
1408 2333 1607 2385 ingemisce.
1627 2336 1732 2374 Tales
1749 2346 1847 2374 erant
1861 2339 2053 2390 prophetae.
2069 2340 2167 2387 Qua-

1177 2403 1322 2446 propter
1339 2409 1430 2432 unus
1450 2395 1593 2433 illorum
1615 2395 1710 2434 dixit
1728 2413 1736 2433 ε
1755 2400 1832 2435 Hei
1851 2400 1959 2446 mihi,
1979 2402 2163 2449 Domine,
2178 2393 2274 2420 Ezech
2297 2393 2373 2432 9·3·

1177 2455 1321 2494 delebis
1347 2465 1386 2493 tu
1402 2457 1590 2507 reliquias
1603 2459 1755 2496 Israel?
1771 2459 1980 2498 Homicidas
1999 2472 2032 2499 et
2051 2463 2165 2501 scele-

1176 2524 1247 2552 stos
1268 2529 1360 2567 saepe
1379 2516 1483 2567 plecti
1505 2516 1681 2563 videmus,
1705 2527 1737 2555 ct
1758 2519 1959 2558 cruciamur
1977 2521 2162 2561 dolemus-

1177 2577 1318 2626 que.Ne
1330 2576 1421 2613 ultra
1436 2577 1584 2615 modum
1602 2577 1808 2629 philosophi
1829 2579 1940 2618 simus
1952 2597 1959 2617 z
1971 2582 2081 2620 simus
2097 2584 2162 2621 mi-

1175 2636 1381 2685 sericordes,
1402 2647 1440 2675 ut
1469 2638 1749 2676 misericordiam
1780 2654 2056 2691 consequamur:
2069 2644 2160 2683 nihil

1174 2697 1259 2743 huic
1273 2697 1365 2736 bono
1378 2712 1459 2750 par:
1476 2699 1567 2736 nihil
1584 2699 1631 2736 ita
1647 2699 1845 2738 humanum
1861 2703 2014 2741 ostendit
2035 2704 2159 2743 chara-

1175 2768 1316 2808 cterem,
1337 2769 1375 2797 ut
1402 2759 1559 2797 misereri
1582 2769 1616 2798 et
1639 2761 1837 2799 humanum
1856 2777 1943 2801 esse.
1965 2765 2049 2803 Ideo
2065 2766 2159 2817 leges

1176 2820 1402 2858 carnificibus
1433 2820 1550 2857 omnia
1577 2821 1799 2872 permittunt,
1815 2823 1972 2875 judicem
1998 2836 2160 2877 cogentes

1149 2967 1229 2988 num
1251 2967 1257 2985 τ
1277 2960 1325 2989 καὶ
1347 2959 1514 2998 amyotam-a,
1532 2960 1581 2990 καὶ
1603 2960 1634 2990 ο)
1652 2960 1788 2999 λέγομεν·
1820 2963 1865 3000 μὴ
1887 2961 1962 3003 ὑπὲρ
1985 2965 2019 2994 τὸ
2042 2967 2154 3006 μέτρου

1150 3011 1258 3053 prio-a„
1270 3006 1407 3051 inepte]

1193 3060 1209 3083 d
1235 3060 1353 3101 [Heec‚
1370 3063 1407 3097 ὡς
1423 3064 1457 3092 τὸ
1474 3074 1504 3104 5³·
1522 3061 1610 3099 εἶναι,
1626 3058 1847 3100 supplevimus
1864 3072 1902 3092 ex
1920 3060 2027 3094 Codd.
2046 3071 2078 3095 et
2092 3065 2154 3097 Sa-

1148 3109 1204 3143 vit.
1223 3110 1378 3143 Proxima
1400 3109 1553 3143 dedimus
1574 3110 1754 3143 secundum
1769 3112 1807 3145 C.
1824 3113 1863 3143 D.
1881 3121 1913 3144 et
1929 3115 2151 3157 Interpretem

1146 3163 1317 3196 Latinum.
1339 3161 1447 3203 Editi,
1467 3161 1707 3194 Commelinum
1734 3171 1904 3205 sequentes
1933 3176 1939 3194 :

1147 3220 1244 3257 μεθα·
1264 3220 1502 3257 συμπάσχωμεν,
1521 3218 1568 3246 καὶ
1586 3217 1776 3254 συναλγῶμεν
1798 3218 1911 3253 αὐτοῖς,
1930 3220 2017 3249 ἵνα...

1970 3170 2150 3201 ἐπιδεικνυού-

2025 3243 2030 3248 .
2048 3222 2150 3263 φιλοιν-

1150 3272 1266 3311 θρωπία
1282 3271 1334 3300 τοῦ
1346 3271 1444 3309 κυρίου
1461 3271 1544 3308 ἡμῶν
1561 3265 1589 3296 Ι.
1604 3266 1646 3298 X.
1665 3265 1730 3297 Sed
1742 3266 1853 3308 verba,
1872 3274 2148 3313 συμπάσχωμεν....

1146 3322 1256 3356 οὖτοῑς,
1277 3318 1431 3361 ignorant
1457 3316 1555 3347 (mium
1574 3317 1610 3348 Α.
1633 3317 1683 3358 B.‚
1701 3315 1816 3353 leviter
1832 3320 2046 3360 coeterumab
2063 3321 2143 3355 duo'

1146 3368 1208 3401 bus
1225 3369 1296 3401 aliis
1318 3367 1580 3412 discrepantes]
