2502 3810
756 246 800 275 IN
836 244 977 274 EPlST.
1012 241 1070 271 AD
1106 240 1214 271 ΚΟΜ-

104 340 226 372 κτησις
238 318 325 362 εἷναι
347 323 432 377 πρὸς
447 323 502 361 τὸν
526 324 679 375 ἰσχυρὸν,
698 324 914 362 καθάπτεται
929 323 964 361 δὲ
981 321 1122 360 ἐκείνου.

103 385 244 424 '’“Omv
264 385 344 435 εἴπῃ
361 415 370 429 ,
390 384 610 430 Σταθήσεται
630 384 684 432 δὲ,
709 384 878 423 δείκνυσιν
900 384 951 421 ἔτι
977 381 1124 421 σαλευό-

1254 240 1409 270 ιιοΜιι.
1448 240 1560 270 xxv.
2090 235 2171 278 77¹

1196 319 1397 370 indignatio
1419 334 1492 358 esse
1518 319 1687 357 adversus
1715 317 1855 365 fortem,
1887 313 2072 351 infirmum
2097 327 2182 351 vero

1195 376 1415 427 perstringit.
1447 378 1538 414 Cum
1564 376 1664 422 dicit,
1697 375 1823 413 Stabit
1852 381 1996 417 aulem,
2032 371 2184 409 ostendit

105 461 219 496 μενον,
236 446 295 483 καὶ
313 447 443 490 πολλῆς
456 445 615 495 δεόμενον
632 449 693 490 τῆς
712 447 890 497 πρΟσΟ-Ιῆς
902 474 910 490 ‚
928 443 988 481 καὶ
1004 441 1126 480 τοσαύ-
1148 440 1173 470 Ε
1195 436 1301 473 illum
1327 436 1446 473 adhuc
1470 437 1639 484 titubare,
1665 435 1847 484 multaque
1868 446 1967 483 egere
1994 431 2183 468 attentione

106 522 169 552 της
187 509 249 552 τῆς
264 505 480 555 ἐπιμελείας,
505 509 550 548 ὡς
567 505 627 543 καὶ
642 505 698 543 τὸν
711 505 801 543 Θεὸν
821 507 937 542 καλεῖν
957 505 1005 545 εἷς
1018 507 1127 540 ταῦτα

107 564 245 616 ἰατρόν·
283 564 423 607 δυνατὸς
444 565 531 616 γὰρ,
560 565 675 617 φησὶν,
707 569 724 603 ὃ
753 565 841 607 Θεὸς
864 566 992 609 στῆσαι
1012 561 1126 599 αὐτόν.

105 623 223 675 ‘'One-‚p
237 625 295 662 ἐπὶ
309 627 377 662 τῶν
392 625 524 677 σφόδρα
544 624 819 676 ἀπεγνωσμένων
836 624 996 675 λέγομεν.
1017 616 1106 659 Εἶτα
1118 650 1128 667 ,

106 684 163 722 ἵνα
181 685 229 734 μὴ
251 686 410 737 ἀπογνῷ,
429 685 488 722 καὶ
510 688 715 723 ἀσθενοῦντα
733 684 834 722 αὐτὸν
851 683 986 728 οἰκέτην
1006 684 1128 729 καλεῖ,

107 744 237 794 λέγων·
258 744 308 782 Σὺ
328 746 377 787 τίς
395 739 425 782 εἷ
443 748 460 783 ὃ
476 744 601 797 κρίνων
624 744 803 796 ἀλλότριον
818 742 973 788 οἰκέτην,
991 741 1060 778 Καὶ
1077 744 1129 779 ἐν-

108 808 219 842 ταῦθα
242 804 278 842 δὲ
296 805 402 842 πάλιν
429 803 663 847 λανθανόντως
691 806 794 841 αὐτοῦ
824 802 1053 840 καθάπτεται.
1074 803 1127 839 Οὐ

109 863 176 915 γὰρ
198 864 318 910 ἐπειδὴ
340 865 419 908 ἀξια
444 870 503 902 τοῦ
534 863 582 913 μὴ
603 863 780 915 κρίνεσθαι
809 868 924 908 ποιεῖ,
953 861 1009 899 διὰ
1029 865 1129 898 τοῦτο

109 923 239 961 κελεύω
260 923 332 974 Εμὴ
353 930 487 975 κρῖναι,
504 926 580 962 ἀλλ’
598 923 716 968 ἐπειδὴ
740 921 918 974 ἀλλότριός
932 923 1022 958 ἐστιν
1039 920 1128 958 οἰκέ-

108 999 187 1030 της,
206 984 396 1029 τουτέστιν,
416 986 452 1021 οὐ
481 983 557 1030 σὸς,
579 982 669 1020 ἀλλὰ
687 986 746 1019 τοῦ
766 983 873 1019 Θεοῦ.
897 975 988 1018 Εἶτα
1007 995 1127 1030 παρα-

110 1043 320 1094 μυθούμενος
336 1043 436 1080 αὐτὸν
456 1043 574 1089 πάλιν,
597 1045 659 1079 οὐκ
674 1035 783 1087 εἶπεν,
804 1040 856 1078 ὅτι
875 1040 1018 1086 πίπτει,
1037 1039 1128 1077 ἀλλὰ

109 1102 161 1149 τί,
176 1103 307 1148 Στήκει
323 1102 345 1148 ἢ
366 1102 502 1140 πίπτει.
519 1101 577 1139 Ἄν
594 1117 631 1138 τε
655 1100 689 1138 δὲ
705 1104 825 1145 τοῦτο,
846 1099 885 1136 ἄν
902 1115 939 1136 τε
956 1101 1066 1136 ἐκεῖνο
1085 1094 1127 1150 ᾗ,

107 1164 158 1213 τῷ
190 1161 350 1212 Δεσπότῃ
371 1161 525 1212 διαφέρει
554 1166 664 1199 ταῦτα
697 1159 898 1211 ἀμφότερα·
924 1159 984 1196 καὶ
1016 1157 1083 1209 γὰρ
1104 1161 1126 1204 ἡ

109 1221 218 1272 ζημία
245 1223 316 1258 ἐκεῖ
336 1222 458 1268 τείνει,
478 1216 659 1268 πεσόντος,
679 1220 797 1271 ὥσπερ
817 1213 874 1257 οῦν
897 1219 956 1256 καὶ
978 1223 996 1258 ὃ
1015 1221 1127 1256 πλοῦ-

108 1297 184 1328 τος,
207 1284 365 1325 ἑστῶτος.
386 1285 509 1320 Ταῦτα
525 1281 560 1320 δὲ
575 1313 584 1328 ,
606 1283 635 1318 εἷ
652 1281 700 1331 μὴ
719 1281 776 1318 τὸν
793 1280 922 1319 σκοπὸν
945 1281 1045 1318 πάλιν
1068 1295 1130 1316 κα-

109 1343 258 1393 τίδωμεν
277 1347 334 1380 τοῦ
352 1343 495 1381 Παύλου
511 1374 519 1390 ,
542 1341 751 1393 βουλομένου
778 1341 825 1392 μὴ
846 1342 914 1393 πρὸ
929 1346 1050 1394 καιροῦ
1070 1346 1130 1379 τοῦ

110 1404 345 1454 προσήκοντος
364 1406 591 1453 ἐπιτιμᾶσθαι
613 1402 756 1449 αὐτοὺς,
777 1402 907 1453 σφόδρα
929 1402 1050 1445 ἀνάξια
1069 1404 1131 1447 τῆς

109 1465 331 1515 Χριστιανοῖς
349 1463 548 1516 πρεπούσης
569 1462 776 1512 κηδεμονίας
798 1462 901 1500 ἐστίν.
921 1463 1026 1509 Ἀλλ’,
1046 1461 1130 1515 ὅπερ

111 1524 165 1562 ἀεὶ
198 1524 310 1575 λέγω,
341 1523 402 1570 τὴν
422 1523 564 1574 γνώμην
594 1523 761 1567 ἐξετάζειν
784 1525 854 1569 δεῖ,
876 1525 950 1573 μεθ’
972 1518 1013 1568 ἧς
1032 1522 1130 1572 λέγε-

110 1600 189 1630 ται,
208 1584 268 1621 καὶ
284 1584 347 1629 τὴν
362 1585 536 1631 ὑπόθεσιν,
553 1583 632 1635 περὶ
647 1578 688 1629 ἧς
707 1583 845 1633 λέγεται
862 1613 870 1630 ,
893 1583 953 1621 καὶ
971 1583 1005 1620 τί
1025 1598 1130 1621 σπου-

111 1645 220 1688 δάζων
241 1647 461 1695 κατορθῶσαι
475 1644 581 1694 λέγει.
599 1646 679 1695 Οὐχ
697 1646 743 1686 ὣς
763 1644 865 1695 ἔτυχε
895 1643 930 1681 δὲ
949 1643 1128 1695 ἐνέτρεψε,

109 1708 210 1743 τοῦτο
242 1703 359 1742 εἰπών.
384 1706 428 1742 Εἰ
455 1704 522 1755 γὰρ
541 1708 558 1741 ὃ
577 1704 684 1750 Θεὸς,
714 1703 829 1755 φησὶν,
859 1707 876 1742 ὃ
903 1703 965 1749 τὴν
1002 1703 1130 1753 ζημίαν

110 1764 305 1815 ὑπομένων,
321 1764 417 1803 οὐδὲν
438 1770 529 1802 ποιεῖ
548 1764 653 1811 τέως,
672 1767 746 1806 πῶς
762 1765 823 1802 οὐκ
839 1763 878 1801 ἂν
896 1763 968 1809 εἴης
989 1765 1131 1815 ἄκαιρος

110 1824 151 1862 σὺ
171 1825 231 1862 καὶ
249 1825 340 1876 πέρα
357 1830 416 1863 τοῦ
438 1824 562 1876 μέτρου
585 1824 783 1877 περίεργος,
804 1824 922 1876 α’«αων
946 1825 1046 1862 αὐτὸν
1072 1824 1130 1862 καὶ

111 1885 285 1937 ἓνοχλῶν;
315 1884 382 1928 *Oq
412 1885 472 1935 μὲν
493 1884 602 1936 κρίνει
622 1884 756 1936 ἡμέραν
778 1888 858 1937 παρ’
877 1885 1025 1937 ἡμέραν,
1042 1885 1076 1928 ὃς
1096 1883 1131 1921 δὲ

112 1945 221 1996 κρίνει
240 1952 355 1983 πᾶσαν
382 1948 414 1995 ἦι
437 1945 529 1997 ἐραν.
549 1945 724 1983 Ἐνταῦθα
744 1945 781 1983 δέ
813 1960 871 1997 μοι
893 1947 987 1983 δοκεῖ
1017 1944 1133 1997 ἠρέμα

113 2006 172 2043 καὶ
187 2005 267 2057 περὶ
283 2005 442 2050 νηστείας
458 2004 680 2043 αἰνίττεσθαι.
697 2005 768 2043 Καὶ
783 2005 850 2057 γὰρ
870 2006 960 2048 εἰκὸς
978 2008 1045 2043 τῶν
1067 2021 1132 2052 νη·-

114 2064 303 2102 στευόντων
328 2064 422 2108 τινὰς
448 2065 525 2108 τοὺς
543 2065 590 2115 μὴ
615 2065 842 2111 νηστεύοντας
865 2066 992 2119 κρίνειν
1014 2067 1132 2112 διηνε-

114 2127 201 2166 κῶς·
222 2125 243 2170 ἢ
263 2125 322 2162 καὶ
348 2127 382 2162 ἐν
402 2131 476 2168 ταῖς
494 2126 779 2177 παρατηρήσεσιν
814 2126 903 2169 εἰκὸς
925 2120 1011 2163 εἷναί
1038 2142 1134 2169 τινας

112 2184 190 2228 τοὺς
225 2185 330 2237 ῥητὰς
347 2185 482 2237 ἡμέρας
511 2186 747 2237 ἀπεχομένους
761 2217 770 2233 ,
803 2187 863 2225 καὶ
885 2187 990 2238 ῥητὰς
1010 2187 1133 2239 ἐχομέ-

113 2259 188 2286 νους
203 2260 210 2268 ·
231 2245 283 2283 διὸ
301 2245 359 2282 καὶ
380 2244 508 2296 ἔλεγεν,
527 2245 704 2289 ‘'Exue-coe
719 2249 768 2298 τῷ
784 2247 858 2298 ἰδίῳ
877 2246 930 2284 νοῒ
950 2249 1133 2299 πληροφο-

114 2304 248 2355 ρείσθω.
266 2305 372 2343 Οὕτω
387 2306 454 2358 γὰρ
473 2306 532 2344 καὶ
552 2310 619 2344 τῶν
642 2306 934 2360 παρατηρούντων
952 2309 1009 2346 τὸν
1030 2308 1133 2359 φόὸον

111 2364 257 2411 ἐξέλυεν,
274 2365 459 2418 ἀδιάφορον
487 2366 526 2405 τὸ
545 2373 695 2420 πρᾶγμα
723 2360 809 2404 εἶναι
831 2368 957 2419 λέγων,
986 2368 1046 2406 καὶ
1065 2371 1133 2406 τῶν

109 2425 354 2475 ἐπιτιθεμένων
376 2427 490 2470 αὐτοῖς
504 2428 660 2479 σφοδρῶς
679 2426 741 2472 τὴν
763 2428 975 2479 φιλονεικίαν
994 2428 1132 2480 ἀνῄρει,

112 2485 244 2528 δεικνὺς
256 2486 309 2524 ὅτι
323 2486 382 2524 καὶ
399 2489 436 2524 οὐ
446 2487 578 2538 σφόδρα
592 2487 890 2538 περισπούδαστον
909 2489 988 2541 περὶ
1003 2489 1133 2528 τούτων

114 2547 266 2597 ἐνοχλεῖν
288 2548 451 2597 συνεχῶς.
472 2548 525 2585 Οὐ
546 2547 677 2599 σφόδρα
701 2547 737 2584 δὲ
758 2549 1075 2599 περισπούδαστον,
1097 2552 1134 2587 οὔ

113 2606 209 2657 παρὰ
227 2605 291 2651 τὴν
310 2607 438 2644 οἰκείαν
465 2607 577 2658 φύσιν,
598 2609 688 2646 ἀλλὰ
715 2609 812 2660 παρὰ
837 2610 895 2647 τὸν
923 2612 1057 2662 καιρὸν,
1077 2611 1136 2649 καὶ

114 2666 170 2704 διὰ
197 2666 236 2703 τὸ
253 2665 421 2711 νεήλυδας
439 2661 525 2705 εἶναι
549 2669 584 2705 ἓν
604 2671 646 2719 τῇ
674 2668 802 2706 πίστει.
830 2669 931 2707 Ἐπεὶ
950 2672 1135 2710 Κολοσσαυ

112 2731 187 2765 εῧσι
202 2727 355 2779 γράφων,
368 2727 456 2777 μετὰ
473 2729 604 2774 πολλῆς
623 2728 830 2780 ἀπαγορεύει
843 2734 943 2768 τοῦτο
957 2733 1019 2776 τῆς
1034 2747 1136 2769 σπου-

113 2789 190 2834 δῆς,
206 2787 337 2839 λέγων·
359 2787 513 2825 Βλέπετε
528 2816 538 2833 ,
561 2788 609 2838 μή
633 2805 685 2832 τις
704 2792 794 2839 ὑμᾶς
817 2789 915 2827 ἔσται
935 2793 952 2828 ὃ
969 2792 1135 2841 συλαγω-

112 2851 183 2899 γῶν
203 2847 259 2885 διὰ
280 2850 341 2893 τῆς
361 2847 560 2899 φιλοσοφίας
581 2849 640 2886 καὶ
659 2853 761 2896 κενῆς
781 2852 936 2897 ἀπάτης,
963 2850 1057 2889 κατὰ
1073 2851 1136 2898 τὴν

111 2907 303 2958 παράδοσιν
324 2911 391 2945 τῶν
413 2907 616 2959 ἀνθρώπων,
632 2909 724 2947 κατὰ
746 2909 790 2947 τὰ
813 2918 970 2962 στοιχεῖα
991 2916 1050 2949 τοῦ
1073 2911 1137 2950 κό*

112 2983 221 3017 σμου,
241 2967 300 3006 καὶ
329 2970 365 3006 οὐ
385 2968 476 3006 κατὰ
497 2969 649 3021 Χριστόν
663 2986 670 2993 ·
701 2970 761 3007 καὶ
787 2971 906 3019 πάλιν,
930 2971 989 3019 Μὴ
1002 2966 1058 3009 οῦν
1087 2988 1139 3015 τις

111 3031 203 3079 ὑμᾶς
218 3029 364 3081 κρινέτω
381 3032 412 3067 ἐν
429 3030 570 3081 βρώσει,
586 3029 608 3076 ἢ
629 3032 662 3068 ἓν
677 3030 789 3069 πόσει·
809 3032 881 3080 καὶ,
899 3033 1033 3079 Μηδεὶς
1049 3036 1139 3083 ὑμᾶς

112 3090 416 3142 καταδραὸευέτω.
439 3091 506 3128 Καὶ
527 3091 704 3135 Γαλάταις
725 3091 760 3130 δὲ
794 3093 1021 3139 ἐπιστέλλων,
1051 3091 1138 3143 μετὰ

111 3151 243 3195 πολλῆς
272 3150 450 3200 ἀκριβείας
472 3152 614 3189 ἀπαιτεῖ
648 3155 731 3203 παρ’
768 3154 880 3191 αὐτῶν
910 3153 972 3199 τὴν
1005 3156 1039 3191 ἐν
1068 3158 1138 3195 τοῖς

112 3210 276 3253 τοιούτοις
296 3210 498 3262 φιλοσοφίαν
528 3213 587 3249 καὶ
603 3212 819 3261 τελειότητα.
841 3214 1016 3253 Ἐνταῦθα
1043 3214 1077 3252 δὲ
1100 3214 1137 3251 οὗ

115 3270 286 3322 κέχρηται
302 3270 413 3322 τούτῳ
435 3273 481 3322 τῷ
506 3271 613 3324 τόνῳ,
633 3272 690 3311 διὰ
713 3273 752 3311 τὸ
767 3273 927 3326 νεόφυτον
945 3268 1031 3312 εἶναι
1051 3276 1134 3324 παρ’
1160 3289 1185 3318 D
1214 3279 1313 3314 vium
1334 3277 1565 3326 intercipiat.
1578 3273 1624 3311 Et
1638 3273 1776 3312 Galatis
1789 3273 2050 3320 seribens,cum
2071 3288 2126 3312 ma

162 3390 178 3413 b
203 3389 294 3421 Unus
310 3388 422 3421 Codex
439 3390 485 3432 [et
502 3391 555 3432 Α.]
572 3396 642 3426 ὅταν
659 3398 716 3438 γὰρ
734 3397 812 3438 εἴπῃ.

1141 1243 1189 1267 703

1154 1280 1177 1308 A
1199 1286 1301 1309 servo
1317 1271 1462 1309 cadente
1472 1287 1484 1321 3
1506 1280 1540 1310 et
1554 1272 1615 1309 illo
1632 1281 1755 1319 stante,
1772 1271 1911 1308 lucrum
1926 1269 1971 1307 ad
1988 1269 2185 1306 Dominum

1196 501 1364 543 tantaque
1387 507 1484 540 cura,
1504 503 1544 531 ut
1564 495 1681 531 Deum
1700 492 1744 530 ad
1760 493 1837 529 haec
1855 500 1894 528 ut
1913 489 2089 527 medicum
2113 488 2182 526 ad-

1196 563 1297 591 vocet
1313 570 1320 590 :
1336 556 1482 592 Potens
1510 564 1565 593 est
1595 557 1697 591 enim
1727 554 1832 590 Deus
1851 559 2019 589 statuere
2044 550 2181 586 illum.-

1197 614 1234 651 id
1252 614 1347 664 quod
1366 614 1409 651 de
1430 615 1488 665 iis,
1517 615 1579 665 qui
1596 613 1793 651 admodum
1809 610 1984 663 desperati
2007 618 2102 659 sunt,
2129 609 2183 646 di-

1198 673 1323 711 cimus.
1345 674 1496 720 Deinde,
1516 689 1559 711 ne
1578 674 1753 725 desperet,
1773 672 1957 709 infirmum
1976 670 2082 707 illum
2107 683 2181 706 ser-

1198 748 1287 772 vum
1320 743 1434 781 vocat,
1461 733 1580 771 dicens
1611 749 1618 769 ε
1658 735 1713 770 Τιι
1743 735 1827 784 quis
1853 745 1906 776 es,
1937 734 2003 782 qui
2024 731 2181 781 judicas

1198 795 1367 831 alienum
1400 808 1550 831 servum
1564 798 1580 830 ἓ
1614 793 1662 830 Et
1693 793 1753 829 hic
1786 805 1907 829 rursus
1940 791 2044 827 etiam
2077 790 2182 827 illum

1198 855 1288 891 clam
1304 854 1523 904 perstringit.
1548 854 1627 890 Non
1648 852 1741 889 enim
1756 861 1937 903 propterea
1950 850 2057 901 jubeo
2078 850 2181 886 illum

1197 924 1266 948 non
1282 912 1452 962 judicari,
1480 912 1575 962 quod
1595 912 1655 948 ille
1680 912 1765 948 talia
1783 911 1904 958 faciat,
1925 924 2002 959 quae
2024 909 2182 961 judicari

1197 985 1267 1009 non
1285 972 1448 1019 debeant,
1468 973 1529 1009 sed
1544 973 1627 1022 quia
1647 972 1782 1009 alienus
1808 980 1857 1008 est
1875 984 2018 1018 servus;
2045 969 2084 1007 id
2104 978 2179 1019 est,

1196 1046 1266 1069 non
1285 1042 1381 1082 tuus,
1404 1033 1467 1070 sed
1485 1033 1562 1071 Dei.
1582 1032 1718 1069 Deinde
1735 1032 1840 1068 illum
1858 1045 1980 1068 rursus
2000 1031 2184 1068 consolans

1196 1105 1266 1129 non
1282 1093 1388 1140 dixit,
1409 1093 1526 1141 Cadit,
1545 1093 1607 1130 sed
1623 1092 1736 1142 quid?
1759 1093 1844 1130 Stat
1865 1099 1934 1128 aut
1954 1092 2072 1127 cadit.
2098 1091 2184 1127 Sive

1198 1158 1315 1187 autem
1335 1150 1414 1198 hoc,
1437 1150 1512 1187 sive
1531 1150 1622 1187 illud
1641 1149 1761 1195 fuerit,
1784 1159 1974 1198 utrumque
1991 1147 2037 1184 ad
2057 1148 2183 1185 Domi-

1199 1223 1285 1246 num
1313 1219 1468 1261 spectat;
1500 1209 1545 1246 ad
1569 1210 1673 1247 illum
1702 1210 1834 1261 quippe
1864 1208 2036 1246 damnum
2072 1208 2184 1245 tendit

1200 1341 1344 1383 spectat.
1375 1332 1459 1369 Haec
1478 1345 1596 1383 porro,
1624 1332 1692 1369 nisi
1715 1345 1862 1383 scopum
1891 1329 1995 1367 Pauli
2015 1329 2185 1381 respicia-

1200 1408 1293 1443 mus,
1315 1394 1377 1444 qui
1395 1395 1475 1432 vult
1493 1394 1573 1431 illos
1595 1408 1664 1432 non
1685 1403 1765 1431 ante
1781 1402 2023 1445 opportunum
2045 1401 2184 1442 tempus

1200 1454 1386 1505 increpari,
1406 1454 1551 1505 indigna
1570 1463 1672 1491 erunt
1688 1454 1749 1491 illa
1769 1468 1852 1491 cura
1868 1467 1946 1503 quae
1964 1452 2184 1489 Christianos

1199 1513 1331 1552 deceat.
1353 1514 1436 1561 Sed,
1466 1523 1505 1552 ut
1523 1528 1664 1566 semper
1682 1514 1774 1561 dico,
1804 1528 1873 1563 qua
1892 1522 2007 1550 mente
2025 1513 2102 1550 haec
2121 1512 2182 1549 di-

1202 1586 1327 1614 cantur
1345 1577 1495 1614 scrutari
1519 1586 1668 1629 oportet,
1688 1586 1722 1614 et
1740 1576 1784 1614 de
1802 1591 1871 1627 qua
1890 1576 2036 1612 materia
2055 1575 2182 1625 loqua-

1201 1646 1274 1687 tur,
1302 1647 1336 1675 et
1356 1637 1452 1688 quid
1478 1638 1663 1675 emendare
1689 1637 1775 1676 velit
1802 1651 1883 1674 cum
1911 1637 1986 1673 haec
2013 1635 2182 1686 loquitur.

1202 1702 1274 1738 Nec
1289 1700 1514 1738 mediocriter
1535 1710 1652 1738 autem
1671 1701 1776 1737 illum
1791 1699 1982 1751 pudefacit,
2003 1698 2090 1736 dum
2108 1698 2185 1735 haec

1202 1762 1372 1812 loquitur.
1410 1764 1502 1800 Nam
1534 1762 1563 1799 si
1595 1763 1708 1809 Deus,
1750 1760 1881 1811 inquit,
1921 1760 1984 1810 qui
2012 1759 2185 1800 damnum

1202 1823 1348 1875 patitur,
1372 1823 1464 1860 nihil
1482 1822 1623 1860 interim
1641 1823 1738 1872 facit,
1770 1821 1946 1871 quomodo
1967 1830 2004 1858 tu
2028 1834 2099 1858 non
2117 1820 2185 1857 im-

1203 1893 1375 1936 portunus
1391 1883 1438 1921 sis
1456 1893 1488 1921 et
1508 1893 1636 1936 praeter
1651 1883 1797 1921 modum
1814 1881 1984 1929 curiosus,
2006 1881 2067 1931 qui
2082 1880 2185 1918 illum

1204 1945 1305 1994 angis
1333 1953 1364 1981 et
1384 1944 1567 1995 exagitas?
1593 1945 1627 1982 5.
1655 1943 1773 1981 Alius
1791 1943 1946 1995 judicat
1966 1943 2067 1979 diem
2089 1944 2189 1978 inter

1204 2006 1333 2049 diem,·
1362 2006 1465 2042 alius
1493 2018 1587 2043 vero
1609 2005 1767 2056 judicat
1797 2017 1946 2040 omnem
1977 2003 2090 2039 diem.
2120 2001 2187 2038 Hic

1204 2065 1295 2102 mihi
1313 2065 1458 2104 videtur
1477 2065 1605 2102 sensim
1628 2064 1672 2102 de
1685 2064 1822 2115 jejunio
1841 2063 2051 2100 adumbrate
2069 2062 2181 2112 loqui.

1205 2126 1297 2162 Nam
1313 2125 1506 2162 verisimile
1526 2135 1598 2162 erat
1616 2124 1805 2174 quosdam,
1819 2123 1881 2173 qui
1897 2123 2110 2174 jejunarent,
2133 2136 2191 2160 eos

1206 2187 1267 2237 qui
1292 2201 1361 2224 non
1392 2187 1593 2238 jejunarent
1625 2184 1765 2222 assidue
1792 2184 1977 2236 judicare:
1997 2182 2052 2222 vel
2085 2183 2192 2221 etiam

1206 2246 1243 2284 in
1266 2246 1577 2285 observationibus
1594 2245 1788 2283 verisimile
1806 2253 1858 2281 est
1877 2243 2050 2293 quosdam
2066 2243 2188 2289 fuisse,

1205 2308 1268 2358 qui
1289 2307 1389 2345 statis
1408 2307 1535 2344 diebus
1559 2306 1786 2353 abstinerent,
1815 2313 1849 2341 et
1868 2303 1967 2341 statis
1986 2317 2057 2341 non
2082 2303 2192 2341 absti-

1205 2377 1328 2405 nerent
1355 2384 1362 2404 :
1393 2381 1502 2418 quare
1531 2366 1672 2404 dicebat
1703 2382 1710 2402 :
1751 2367 2023 2417 Unusquisque
2052 2367 2094 2402 in
2124 2379 2193 2403 suo

1206 2441 1319 2466 sensu
1340 2429 1520 2466 abundet.
1547 2427 1608 2466 Sic
1627 2426 1722 2464 enim
1742 2435 1775 2463 et
1795 2426 2066 2464 observantium
2089 2425 2195 2462 timo-

1207 2503 1282 2526 rem
1299 2488 1433 2539 abegit,
1454 2502 1530 2525 rem
1547 2501 1621 2525 esse
1640 2487 1902 2524 indifferentem
1922 2485 2042 2523 dicens
2052 2501 2064 2536 3
2087 2495 2120 2523 et
2139 2486 2193 2523 in-

1207 2549 1431 2600 surgentium
1451 2548 1487 2585 in
1513 2563 1570 2586 eos
1595 2547 1852 2585 contentionem
1871 2547 2040 2594 abstulit,
2071 2556 2212 2584 osten--

1207 2612 1294 2649 dens
1319 2625 1388 2649 non
1412 2600 1508 2648 tanta
1532 2611 1612 2647 illos
1638 2609 1881 2647 sollicitudine
1910 2618 2081 2660 perpetuo
2111 2623 2194 2646 exa-

1208 2672 1321 2722 gitare
1339 2686 1427 2723 opus
1448 2685 1532 2708 esse.
1553 2671 1633 2707 Non
1652 2678 1748 2707 tanta
1767 2678 1886 2706 autem
1912 2668 2114 2705 sollicitudo
2133 2682 2194 2705 ex-

1207 2731 1324 2767 hiberi
1341 2730 1536 2781 oportebat,
1558 2743 1625 2766 non
1644 2727 1834 2780 spectando
1853 2727 1903 2764 rei
1920 2735 2108 2777 naturam,
2132 2727 2195 2765 scd

1209 2790 1292 2841 quia
1319 2789 1479 2827 nondum
1501 2798 1640 2840 tempus
1660 2797 1745 2837 erat,
1777 2797 1810 2825 et
1829 2787 1911 2838 quia
1942 2787 1995 2824 illi
2017 2801 2129 2838 nuper
2148 2787 2195 2825 ad

1209 2851 1318 2889 fidem
1346 2859 1575 2889 accesserant.
1605 2851 1698 2888 Nam
1718 2848 1983 2887 Colossensibus
2011 2849 2192 2898 scribens,

1209 2912 1277 2949 hoe
1296 2926 1424 2963 magno
1451 2911 1568 2949 studio
1600 2910 1776 2962 prohibet,
1803 2909 1923 2947 dicens
1942 2925 1949 2945 :
1971 2911 2116 2956 Videte,
2150 2924 2195 2947 ne
2210 2922 2276 2950 Col.
2295 2932 2324 2951 2.
2342 2922 2373 2953 8.

1211 2976 1297 3025 quis
1317 2987 1387 3011 vos
1406 2974 1573 3023 decipiat
1590 2985 1658 3023 per
1673 2972 1961 3022 philosophiam
1983 2979 2018 3008 et
2038 2973 2196 3008 inanem

1205 3034 1434 3085 fallaciam,
1464 3033 1674 3071 seeundum
1697 3032 1947 3068 traditionem
1967 3033 2166 3068 hominum
2180 3061 2192 3077 ,

1211 3096 1419 3132 secundum
1441 3095 1631 3131 elementa
1658 3092 1805 3137 mundi,
1836 3100 1871 3128 et
1893 3105 1970 3128 non
1988 3093 2197 3130 secundum

1214 3156 1434 3199 Christum;
1451 3162 1484 3191 et
1513 3167 1657 3190 rursum
1677 3168 1684 3188 :
1699 3154 1757 3190 Ne
1775 3155 1860 3203 quis
1881 3155 1998 3204 igitur
2012 3167 2084 3190 vos
2096 3155 2197 3207 judi·
2215 3166 2290 3193 thid.
2307 3166 2397 3195 2.16.

1211 3224 1268 3253 cet
1287 3217 1328 3251 in
1348 3216 1432 3251 cibo
1455 3222 1522 3251 aut
1542 3215 1583 3250 in
1600 3221 1716 3263 potu,·
1736 3221 1783 3262 et,
1799 3214 1857 3250 Ne
1876 3215 1960 3264 quis
1978 3216 2092 3251 vobis
2113 3216 2198 3251 bra·
2217 3206 2262 3236 ¹8·

2131 3303 2150 3326 Ὁ

1241 3405 1252 3419 0
1276 3396 1367 3429 Unus
1385 3396 1497 3429 Codex
1515 3396 1561 3437 [et
1579 3393 1632 3439 A.]
1647 3400 1691 3436 μὴ
1708 3400 1824 3440 κρίνειν,

2131 3288 2199 3313 “na
2215 3280 2288 3308 Gal.
2317 3287 2328 3307 1
