2466 3805
703 277 743 304 {N
784 276 897 305 ACTA
933 275 957 304 A
968 271 1275 302 POSTOLORUM.

1320 272 1476 303 lloMIL.

1515 272 1576 301 IX.
2090 253 2145 311 ὃν]

93 355 284 406 προσέθηκε
312 357 370 403 τὸ,
404 358 618 407 Eeho-sobet&
662 359 762 405 ὑμᾶς.
796 358 836 394 Εἰ
866 355 931 406 γὰρ
963 353 1103 404 ἀδελφὸς
1126 361 1150 391 It
1177 353 1250 391 haec
1265 354 1434 405 largitum
1452 366 1538 399 esse,
1561 364 1628 389 non
1648 363 1730 388 vero
1748 351 1902 395 Patrem,
1921 347 1998 384 ideo
2015 345 2152 383 addidit

90 417 188 464 ὑμῶν
208 417 306 461 αὐτὸς
333 418 391 455 καὶ
417 419 550 467 εὐλογεῖ
564 420 670 467 ὑμᾶς,
692 416 878 467 ὑπόσχεσις
897 416 935 453 τὸ
958 414 1103 466 πρᾶγμά

92 477 191 514 ἐστι·
214 478 391 525 τουτέστι,
420 482 580 515 τοσοῦτον
608 476 757 528 ἀπέχετε
781 481 838 513 τοῦ
860 476 907 526 μὴ
931 480 1102 513 κοινωνεῖν

91 536 222 580 τούτοις
237 566 245 581 ,
266 539 318 575 ὅτι
341 539 399 576 καὶ
423 544 493 581 τοῖς
518 538 632 580 ἄλλοις
649 540 739 587 ὑμᾶς
765 536 893 579 αἰτίους
913 536 972 573 καὶ
989 536 1102 586 ἀρχη-

91 595 167 647 γοὺς
188 597 348 647 βούλεται
361 604 375 620 ⁰
387 598 557 649 γενέσθαι.
572 601 707 636 Οὐκοῦν
726 597 773 648 μὴ
789 601 834 640 ὡς
855 595 1106 648 ἀπερριμμένοι

92 658 263 696 διάκεισθε
297 659 319 704 ἢ
356 658 647 709 ἀποὸεὸλημένοι.
689 658 750 696 Ἔν
779 660 828 709 τῷ
864 655 1104 707 ἀποστρέφειν,

93 717 195 769 φησὶν
208 748 217 765 ,
245 718 389 758 ἕκαστον
407 720 475 757 ἀπὸ
488 721 556 756 τῶν
572 721 761 769 πονηριῶν.
799 717 922 759 Οὕτως
943 720 1031 765 ὑμᾶς
1049 717 1104 752 εὖ·

93 780 205 828 λογεῖ,
226 780 283 816 καὶ
302 781 367 831 οὐχ
385 780 516 821 ἁπλῶς.
557 778 626 816 Καὶ
643 777 726 816 ποία
744 776 831 822 αὕτη
853 775 1013 827 εὐλογία,
1032 777 1105 812 Με-

94 839 195 888 γάλη.
216 842 268 877 Οὐ
288 840 355 891 γὰρ
375 839 414 886 δὴ
431 839 470 876 τὸ
487 838 702 890 ἀποστρέψαι
720 838 788 875 ἀπὸ
803 839 990 887 πονηριῶν,
1005 838 1106 873 τοῦτο

93 899 209 936 ἱκανὸν
234 900 293 937 καὶ
321 902 422 936 λῦσαι
441 899 559 941 αὖτοίς.
592 900 636 936 Εἰ
659 897 694 934 δὲ
713 897 772 934 καὶ
787 899 892 934 λῦσαι
911 897 976 946 οὐχ
990 894 1104 932 ἱκανὸν

93 952 153 1004 ἦν,
168 961 242 1002 πῶς
262 959 418 1011 εὐλογίαν
438 958 715 1010 παρασχεῖν5οὐ
738 956 805 1007 γὰρ
822 955 862 1001 δὴ
881 957 899 991 ὃ
916 953 1104 1001 ἠδικηκὼς,

94 1018 160 1063 ἤδη
181 1020 238 1056 καὶ
258 1021 459 1069 εὐλογεῖται,
483 1017 561 1056 ἀλλ’
582 1016 846 1070 ἁμαρτημάτων
869 1015 1018 1066 ἀφίεται.
1055 1014 1107 1051 Τὸ

93 1078 141 1125 δὲ,
161 1079 247 1122 αὩς
267 1079 341 1129 ἐμὲ,
362 1081 390 1117 εἷ
413 1079 461 1129 μὴ
483 1077 573 1116 κατὰ
592 1078 649 1115 τὸν
665 1081 726 1123 τῆς
741 1076 943 1127 νομοθεσίας
965 1091 1015 1118 τις
1031 1075 1108 1128 τρό-

94 1153 158 1176 πον
179 1138 370 1187 ἐκδέξαιτο,
400 1141 549 1189 οὐδαμοῦ
569 1137 669 1189 λόγον
690 1138 731 1175 ἂν
751 1138 906 1188 ἀλλαχοῦ
928 1135 1008 1179 ἕξοι.
1041 1137 1108 1173 Αὐ-

94 1202 152 1237 τοῦ
177 1199 382 1248 ἀκούσεσθε,
412 1199 512 1248 φησί·
535 1199 594 1237 καὶ
616 1200 681 1250 οὐχ
709 1199 845 1242 ἁπλῶς,
866 1198 956 1244 ἀλλ’,
979 1196 1108 1234 ’Έσται

94 1266 190 1298 πᾶσα
204 1260 312 1312 ψυχὴ,
332 1260 408 1306 ἥτις
425 1260 463 1298 ἂν
480 1260 528 1311 μὴ
547 1259 678 1310 ἀκούσῃ
697 1263 754 1296 τοῦ
771 1257 947 1311 προφήτου
965 1259 1108 1305 ἐκείνου,

96 1321 415 1374 ἐξολοθρευθήσεται
446 1324 484 1360 ἐκ
509 1323 568 1358 τοῦ
597 1321 694 1357 λαοῦ.
728 1318 817 1357 εΌτε
843 1317 964 1360 αὐτοὺς
984 1317 1108 1362 ἔδειξεν

97 1382 363 1434 ἡμαρτηκότας,
384 1383 442 1420 καὶ
470 1380 678 1433 συγγνώμης
705 1380 876 1430 μετέδωκε
890 1410 899 1427 ,
919 1379 978 1418 καὶ
1003 1382 1109 1430 ἐπηγ-

96 1443 234 1491 γείλατο
253 1443 412 1495 χρηστά·
433 1443 510 1482 τότε
529 1442 570 1488 δὴ
598 1441 788 1487 δείκνυσιν,
821 1439 874 1478 ὅτι
894 1439 952 1477 καὶ
977 1441 1111 1485 Μωσῆς

97 1505 135 1542 τὸ
169 1505 250 1542 αὐτὸ
285 1504 388 1556 λέγει.
439 1503 508 1542 Καὶ
539 1503 622 1541 ποία
655 1501 742 1548 αὕτη
774 1501 958 1539 ἀκολουθία
988 1502 1109 1548 εἰπεῖν,

97 1565 196 1616 Ἄχρι
217 1565 349 1616 χρόνων
369 1562 705 1609 ἀποκαταστάσεως,
735 1562 794 1600 καὶ
815 1564 1002 1613 ἐπαγαγεῖν
1022 1563 1108 1598 Μω-

98 1626 158 1664 σέα
180 1625 337 1677 λέγοντα,
361 1624 413 1662 ὅτι
429 1623 542 1661 πάντα
558 1623 774 1669 ἀκούσουσιν,
795 1622 817 1659 ἃ
833 1625 902 1674 ἐρεῖ
918 1625 936 1660 ὁ
949 1622 1110 1675 Χριστός·

98 1686 155 1724 καὶ
169 1688 234 1737 οὐχ
247 1687 376 1731 ἁπλῶς,
392 1684 482 1723 ἀλλὰ
497 1685 584 1735 μετὰ
600 1685 746 1728 ἀπειλῆς
761 1683 908 1735 φοὸερᾶς
922 1697 932 1731 3
948 1683 1109 1734 Μεγάλη·

97 1745 248 1783 δείκνυσι
267 1745 346 1796 γὰρ,
370 1745 424 1783 ὅτι
442 1745 500 1783 καὶ
525 1744 582 1783 διὰ
601 1748 699 1783 τοῦτο
721 1743 898 1782 πείθεσθαι
917 1743 1109 1793 ὀφείλουσιν

100 1807 202 1857 αὐτῷ.
235 1805 282 1843 Τί
302 1807 392 1843 ἐστιν
407 1834 416 1852 ,
444 1806 510 1843 υἱοὶ
528 1808 596 1843 τῶν
615 1807 814 1858 προφητῶν,
834 1803 892 1841 καὶ
917 1806 978 1848 τῆς
997 1803 1110 1850 διαθή-

98 1884 181 1913 κης;
202 1866 439 1918 Κληρονόμοι,
467 1866 634 1917 διάδοχοι.
669 1867 712 1903 Εἰ
733 1859 789 1903 οῦν
809 1864 896 1911 υἱοὶ,
916 1863 949 1901 τί
968 1865 1013 1906 ὡς
1032 1863 1111 1915 περὶ

99 1928 264 1979 ἀλλότρια
290 1927 463 1965 διάκεισθε
481 1926 565 1978 πρὸς
583 1925 628 1963 τὰ
647 1925 799 1976 ὑμέτερα
817 1941 826 1971 ;
858 1923 943 1977 Ἄρα
964 1939 1111 1974 κατηγο-

101 1988 175 2039 ρίας
196 1988 258 2039 μὲν
275 1987 443 2038 ἐπράξατε
464 1986 560 2029 ἄξια·
582 1986 766 2031 δυνήσεσθε
793 1986 827 2022 δὲ
844 1983 937 2034 ὅμως
958 1983 1110 2035 συγγνώ-

103 2066 169 2098 μης
196 2055 326 2099 τυχεῖν.
346 2041 433 2085 Εἶτα
457 2046 574 2092 ἐπειδὴ
596 2040 670 2084 εἶπε
689 2050 798 2083 ταῦτα
813 2075 823 2093 ,
852 2045 991 2087 εἰκότως
1015 2046 1110 2083 ί’λοι-

100 2110 160 2147 πον
183 2109 291 2159 λέγει·
320 2108 425 2157 εΥμῖν
450 2106 651 2144 ἀπέστειλεν
671 2109 688 2144 ὃ
721 2106 809 2148 Θεὸς
840 2106 896 2143 τὸν
918 2107 1033 2143 Παῖδα
1058 2108 1111 2143 αὖ·

100 2174 157 2208 τοῦ
186 2172 387 2221 εὐλογοῦντα
416 2171 516 2219 ὑμᾶς.
548 2170 625 2205 Οὐκ
655 2161 747 2215 εἷπε,
781 2166 956 2211 σώζοντα,
998 2167 1110 2205 offic&

101 2230 212 2279 μεῖζόν
232 2231 325 2268 ἐστιν
337 2260 346 2276 ,
367 2231 584 2278 Εὐλογοῦντα
596 2244 603 2251 ·
622 2226 771 2275 δεικνὺς,
804 2226 856 2264 ὅτι
870 2231 887 2265 ὃ
902 2227 1110 2278 σταυρωθεὶς

99 2292 230 2341 εὐλογεῖ
242 2289 319 2333 τοὺς
335 2288 613 2341 σταυρώσαντας.
641 2287 889 2338 Μιμησώμεθα
903 2287 1014 2326 τοίνυν
1033 2292 1110 2325 τοῦ·

97 2368 150 2390 τόν
167 2351 226 2389 καὶ
245 2353 355 2400 ἡμεῖς.
385 2350 614 2400 Ἐκὸοίλωμεν
631 2348 746 2401 ψυχὴν
764 2347 906 2401 φονικὴν
928 2349 986 2386 καὶ
1007 2351 1108 2387 πολε-

99 2411 192 2461 μίαν.
221 2412 296 2449 Οὔκ
324 2412 421 2462 ἀρκεῖ
447 2410 486 2449 τὸ
511 2410 558 2460 μὴ
580 2409 777 2460 ἀμύνασθαι
805 2413 918 2457 (τοῦτο
938 2410 995 2447 καὶ
1013 2411 1047 2448 ἐν
1065 2413 1108 2462 τῇ

98 2474 239 2523 Παλαιᾷ
255 2471 419 2523 γέγονεν),
449 2470 538 2509 ἀλλὰ
557 2471 672 2509 πάντα
698 2471 907 2521 π’-άττωμεν
929 2471 993 2509 tm&

729 2502 741 2523 f
1000 2487 1017 2524 ρ
1041 2474 1109 2509 τῶν

95 2532 309 2579 ἠδικηκότων
324 2562 333 2579 ,
355 2535 400 2575 ὥς
423 2531 509 2583 ὑπὲρ
536 2531 643 2583 φίλων
660 2531 822 2582 γνησίων,
839 2534 885 2574 ὡς
904 2531 989 2583 ὑπὲρ
1008 2535 1108 2583 ἡμῶν
1120 2554 1128 2562 =

97 2595 221 2630 αὐτῶν.
252 2592 409 2630 Ἐκείνου
429 2592 580 2643 μιμηταί
599 2595 715 2643 ἐσμεν,
732 2591 860 2630 ἐκείνου
880 2593 1033 2643 μαθηταὶ
1049 2599 1109 2632 τοῦ

99 2652 185 2702 μετὰ
204 2653 242 2690 τὸ
254 2656 495 2705 σταυρωθῆναι
511 2652 624 2691 πάντα
639 2657 811 2696 κινοῦντος
824 2652 910 2707 ὑπὲρ
924 2656 991 2691 τῶν
1008 2669 1108 2691 σταυ-

97 2714 291 2764 ρωσοίντων,
307 2713 365 2752 καὶ
387 2713 462 2757 τοὺς
480 2713 690 2757 ἀποστόλους
705 2713 954 2765 ἐκπέμποντος.
983 2714 1109 2753 Καίτοι

95 2789 132 2823 γε
153 2777 253 2824 ἡμεῖς
269 2776 446 2826 πολλαχοῦ
466 2774 525 2812 καὶ
541 2773 683 2818 δικαίως
702 2775 884 2827 πάσχομεν
900 2790 907 2798 ·
929 2776 1056 2818 ἐκεῖνος
1074 2774 1108 2813 δὲ

95 2836 131 2872 οὐ
163 2834 263 2884 μόνον
293 2834 431 2881 ἀδίκως,
461 2834 550 2872 ἀλλὰ
579 2835 638 2872 καὶ
665 2835 798 2878 oto-56&
812 2851 819 2857 ·
847 2835 904 2873 τὸν
925 2835 1108 2887 εὐεργέτην

95 2894 181 2945 γὰρ,
204 2895 259 2933 τὸν
293 2895 386 2933 οὐδὲν
403 2894 614 2943 ἠδικηκότα,
632 2898 751 2933 τοῦτον
773 2896 1007 2948 ἐσταύρωσαν.
1040 2896 1108 2934 Διὰ

96 2954 128 2991 τί
138 2970 146 3001 ;
163 2954 236 2992 εἰπέ
258 2970 328 3005 μοι,
345 2955 442 3001 δόξης
456 2955 590 3003 ἕνεκεν,
607 2955 676 2993 Καὶ
693 2955 761 3006 μὴν
777 2957 878 3000 αὐτὸς
893 2955 1015 3001 αὐτοὺς
1030 2957 1107 2995 ἐσέ-

98 3030 208 3063 μνυνε.
242 3017 348 3063 Πῶς;
383 3016 467 3054 Ἐπὶ
496 3019 558 3062 τῆς
586 3015 744 3060 Μωσέως
776 3016 942 3068 καθέδρας
954 3044 964 3062 ,
994 3016 1109 3068 φησὶν,

97 3075 255 3112 ἐκάθισαν
295 3077 326 3112 οἱ
355 3081 574 3127 γραμματεῖς
609 3076 668 3114 καὶ
694 3079 725 3115 οἱ
747 3078 950 3129 Φαρισαῖοι.
986 3078 1110 3116 Πάντα

99 3129 155 3172 οῦν
171 3135 191 3172 ἃ
210 3135 365 3186 λέγουσιν
383 3139 463 3187 ὑμῖν
481 3144 590 3177 ποιεῖν
605 3169 615 3185 ,
641 3145 783 3176 ποιεῖτε·
804 3138 894 3176 κατὰ
914 3138 949 3177 δὲ
968 3138 1011 3176 τὰ
1026 3138 1111 3191 ἔργα

102 3196 212 3233 αὐτῶν
232 3195 278 3247 μὴ
301 3203 439 3235 ποιεῖτε.
459 3198 528 3236 Καὶ
545 3198 649 3236 πάλιν
667 3200 839 3250 ἀλλαχοῦ·
869 3198 1024 3250 ”1’παγε,
1044 3201 1112 3237 δεῖ·

151 3322 159 3335 ⁶
185 3322 326 3358 γενέσθαι.
345 3325 388 3359 μὴ
407 3325 464 3364 γὰρ
481 3324 526 3362 ὡς,
546 3321 590 3352 sic
615 3332 707 3353 uuus.
725 3320 799 3362 [Sic
821 3328 886 3352 tres
902 3320 1022 3355 A.B.C.
1039 3336 1099 3364 7⁶*-

111 3372 208 3400 οὶκοῦν
229 3373 266 3406 ὡς
282 3370 337 3410 Ῑ).]

156 3418 170 3441 'l
196 3418 206 3459 [
221 3417 324 3450 Iidem
338 3424 373 3457 ὡς
391 3424 453 3462 ἐμέ.
476 3425 604 3465 effingunt)
622 3427 704 3466 λόγον
719 3429 752 3456 ἂν
770 3428 844 3466 έχοι.
872 3427 960 3458 αὑτοῦ
977 3426 1108 3458 ἀκούετε.

1132 1022 1154 1051 E

1130 1533 1159 1556 76

1135 1570 1160 1598 A

1134 3020 1157 3047 (l

1176 413 1282 462 illud,
1300 415 1594 451 Benedicentem
1610 412 1732 449 vobis.
1747 409 1786 447 Si
1805 408 1896 446 enim
1917 408 2023 444 frater
2038 415 2152 444 vester

1175 482 1226 511 est
1245 482 1277 511 et
1295 472 1469 511 benedicit
1495 473 1612 521 vobis,
1642 470 1828 524 promissio
1853 483 1906 506 res
1933 477 2004 517 cst,
2031 467 2068 505 id
2085 477 2150 513 est,

1178 534 1335 571 Tantum
1368 533 1478 579 abest,
1509 541 1548 570 ut
1581 546 1648 569 non
1676 529 1941 569 communicetis
1969 541 2048 565 cum
2080 527 2151 573 his,

1176 602 1215 630 ut
1239 594 1346 631 etiam
1381 607 1443 632 vos
1480 593 1560 631 aliis
1587 601 1748 630 auctores
1775 601 1809 629 et
1833 590 1940 628 duces
1962 603 2035 627 esse
2056 588 2152 626 velit.

1176 654 1230 690 Ne
1248 653 1367 703 itaque
1388 667 1451 691 vos
1478 662 1517 689 ut
1541 653 1670 704 abjecti
1706 662 1741 689 et
1782 650 1960 702 repudiati
1984 649 2154 686 habeatis.

1182 716 1231 752 Ut
1263 724 1463 753 convertat
1503 729 1564 761 se,
1609 714 1723 764 inquit
1737 744 1748 763 ,
1794 715 2055 764 unusquisque
2107 714 2157 749 ab

1177 777 1460 826 iniquitatibus.
1487 775 1547 812 Sic
1572 789 1636 812 vos
1657 774 1856 822 benedicet,
1878 782 1911 810 et
1930 787 1998 810 non
2021 772 2156 824 simpli-

1176 833 1273 870 citer.
1287 833 1411 883 Ecqua
1426 834 1502 870 haec
1525 833 1747 871 benedictio?
1765 834 1910 883 Magna.
1926 833 2046 882 Neque
2064 832 2158 869 enim

1177 893 1334 931 converti
1353 894 1398 930 ab
1415 893 1678 943 iniquitatibus,
1695 893 1778 930 satis
1797 901 1848 929 cst
1862 891 1908 928 ad
1923 892 2002 928 illas
2020 892 2157 930 solven-

1177 953 1240 990 das
1255 968 1263 988 :
1277 952 1305 990 si
1322 961 1439 990 autem
1452 952 1496 989 ad
1513 952 1726 989 solvendum
1737 965 1806 988 non
1821 950 1966 998 sufficit,
1983 951 2158 1000 quomodo

1178 1013 1458 1051 benedictionem
1483 1012 1567 1050 dare
1596 1012 1735 1064 possit?
1757 1013 1880 1062 Neque
1911 1011 2005 1048 enim
2025 1012 2087 1062 qui
2107 1012 2160 1048 in-

1175 1074 1270 1125 juste
1292 1073 1379 1124 egit,
1398 1073 1473 1125 jam
1500 1073 1739 1121 benedicitur,
1767 1071 1828 1109 sed
1854 1081 2077 1123 peccatorum
2105 1086 2158 1109 re-

1181 1132 1382 1168 missionem
1403 1131 1544 1183 accipit.
1570 1130 1667 1168 Illud
1691 1139 1828 1178 autem,
1861 1131 2065 1181 Tanquam
2087 1144 2160 1178 me,

1181 1192 1249 1229 nisi
1280 1191 1475 1230 secundum
1506 1191 1738 1243 legislationis
1769 1190 1916 1229 modum
1945 1190 2162 1241 accipiatur,

1181 1252 1316 1290 nullam
1338 1261 1451 1304 potest
1474 1253 1647 1290 rationem
1672 1252 1814 1289 habere.
1836 1253 1966 1302 Ipsum
1983 1252 2161 1297 audietis,

1181 1314 1312 1364 inquit,
1329 1328 1440 1364 neque
1454 1313 1661 1366 simpliciter
1675 1343 1683 1361 ,
1700 1313 1761 1351 scd
1775 1315 1861 1350 Erit
1878 1316 2000 1350 omnis
2015 1315 2161 1357 anima,

1182 1389 1266 1427 quae
1293 1388 1370 1412 non
1391 1375 1558 1412 audierit
1576 1376 1804 1426 prophetam
1832 1374 1957 1419 illum,
1989 1375 2165 1411 eaelermi-

1184 1439 1338 1474 nubitur
1353 1438 1400 1474 de
1419 1437 1542 1488 plebe.
1561 1436 1712 1482 Quando
1732 1435 1811 1473 illos
1832 1443 2033 1487 peccatores
2052 1443 2165 1471 osten-

1182 1498 1255 1546 dit,
1291 1500 1445 1552 ipsisque
1477 1498 1616 1538 veniam
1644 1496 1763 1546 dedit,
1790 1497 1951 1546 bonaque
1979 1496 2164 1548 promisit;

1183 1569 1265 1598 tunc
1280 1560 1434 1598 ostendit
1452 1562 1616 1611 Moysem
1634 1558 1702 1596 hoc
1716 1558 1834 1609 ipsum
1851 1556 1996 1595 dixisse.
2014 1557 2060 1593 Et
2076 1571 2168 1608 quae-

1183 1635 1265 1659 nam
1298 1621 1373 1659 haec
1403 1619 1650 1670 consequentia
1671 1627 1739 1665 est,
1765 1620 1891 1670 Usque
1919 1619 1972 1654 ad
1997 1626 2168 1669 tempora

1185 1685 1455 1726 restitutionis;
1479 1691 1512 1719 ct
1531 1680 1698 1718 inducere
1720 1681 1885 1731 Moysem
1903 1677 2089 1728 dicentem,
2113 1693 2169 1716 eos

1185 1744 1301 1781 omnia
1315 1775 1324 1792 ‚
1345 1758 1422 1794 quse
1439 1743 1531 1780 dicet
1546 1741 1710 1779 Christus
1721 1771 1730 1789 ,
1746 1740 1931 1777 audituros
1944 1753 2036 1789 esse,
2057 1754 2168 1790 neque

1186 1803 1414 1855 simpliciter,
1432 1802 1492 1841 scd
1512 1816 1592 1840 cum
1608 1801 1759 1840 terribili
1775 1799 2068 1838 comminatione?
2092 1802 2168 1838 Ma-

1185 1878 1253 1915 gna
1272 1881 1279 1901 :
1297 1863 1447 1903 ostendit
1468 1863 1563 1902 enim
1576 1873 1609 1901 et
1624 1872 1766 1914 propter
1781 1862 1847 1900 hoc
1862 1861 1916 1899 illi
1932 1862 2168 1914 obtemperari

1185 1935 1354 1978 oportere.
1372 1923 1470 1970 Quid
1495 1932 1562 1971 est,
1586 1924 1683 1960 Filii
1698 1923 1970 1974 prophetarum
1994 1931 2029 1959 et
2051 1931 2167 1960 testa-

1187 1989 1330 2024 menti?
1352 1983 1528 2033 Haeredes,
1558 1997 1783 2022 successores.
1810 1982 1849 2021 Si
1877 1996 1959 2033 ergo
1988 1982 2074 2032 filii,
2105 1997 2167 2020 cur

1186 2061 1267 2099 erga
1297 2062 1351 2085 res
1379 2056 1532 2094 vestras,
1566 2054 1604 2082 ut
1632 2058 1712 2096 erga
1739 2044 1888 2089 alienas,
1915 2043 2031 2081 affecti
2060 2044 2165 2081 estis?

1185 2109 1298 2159 Igitur
1316 2107 1535 2146 accusatione
1551 2105 1695 2156 quidem
1714 2104 1824 2155 digna
1842 2103 1991 2152 fecistis,
2008 2105 2167 2155 poteritis

1187 2179 1299 2207 tamen
1323 2169 1462 2208 veniam
1495 2166 1673 2216 consequi.
1707 2163 1843 2203 Deinde
1872 2173 2059 2216 postquam
2092 2165 2168 2204 haec

1185 2231 1344 2279 dixerat,
1357 2232 1437 2283 jure
1457 2229 1579 2281 adjicit
1598 2244 1605 2264 :
1629 2229 1741 2265 Vobis
1762 2229 1864 2264 misit
1892 2227 1996 2263 Deus
2021 2228 2059 2263 F
2058 2227 2167 2265 ilium

1184 2306 1293 2330 suum
1314 2292 1595 2329 benedicentem
1611 2301 1696 2326 vos.
1714 2288 1794 2325 Non
1814 2286 1916 2332 dicit,
1940 2287 2165 2335 Servantem,

1183 2351 1260 2400 sed,
1285 2351 1382 2402 quod
1407 2351 1522 2402 majus
1549 2358 1616 2397 est,
1639 2348 1951 2391 Benedicencenz;
1980 2346 2166 2385 ostendens

1182 2412 1395 2450 crucifixum
1412 2409 1684 2449 benedicturum
1703 2421 1760 2445 eos
1782 2420 1871 2455 esse,
1888 2407 1948 2457 qui
1967 2420 2003 2444 se
2022 2407 2164 2444 crucifi⁴³

1181 2484 1323 2513 xerunt.
1350 2473 1453 2511 Hunc
1474 2486 1557 2523 ergo
1577 2485 1639 2509 nos
1659 2483 1799 2521 quoque
1819 2464 2000 2506 imitemur
2020 2484 2027 2504 z
2046 2469 2164 2520 ejicia-

1183 2550 1261 2573 mus
1280 2534 1436 2572 animam
1446 2531 1709 2584 sanguinariam
1728 2539 1760 2568 et
1779 2529 1971 2567 inimicam.
1986 2530 2065 2567 Non
2084 2530 2163 2567 suf-

1182 2595 1258 2633 ficit
1275 2609 1341 2633 non
1359 2593 1482 2631 ulcisci
1502 2592 1584 2640 (hoc
1598 2601 1631 2629 et
1650 2591 1685 2628 in
1705 2589 1814 2628 veteri
1836 2589 1913 2640 lege
1934 2589 2065 2626 factum
2080 2595 2160 2637 est),

1183 2656 1242 2694 scd
1270 2656 1388 2694 omnia
1418 2653 1589 2692 faciamus
1617 2665 1681 2704 pro
1710 2651 1767 2700 iis,
1796 2650 1858 2700 qui
1890 2663 1953 2686 nos
1979 2649 2162 2697 laeserunt,

1183 2717 1283 2768 quasi
1303 2731 1367 2768 pro
1392 2715 1514 2753 amicis
1531 2712 1725 2764 germanis,
1742 2710 1843 2761 quasi
1862 2724 1926 2762 pro
1946 2709 2047 2747 nobis
2065 2710 2162 2762 ipsis.

1182 2777 1282 2815 Illius
1301 2776 1495 2820 imitatores
1513 2787 1651 2822 sumus,
1670 2771 1768 2809 illius
1783 2769 1949 2821 djscipuli
1964 2799 1973 2814 ,
1990 2769 2051 2820 qui
2067 2780 2162 2821 post·
2178 2780 2289 2807 Mauk.
2311 2777 2362 2807 23.

1184 2851 1291 2887 quam
1310 2835 1503 2873 crucifixus
1519 2833 1602 2879 fuit,
1622 2832 1741 2871 omnia
1760 2830 1871 2869 movit
1890 2844 1954 2881 pro
1971 2829 2031 2878 iis,
2047 2830 2108 2880 qui
2130 2845 2164 2868 se
2177 2828 2206 2848 ²·

1184 2897 1456 2943 crucifixerant,
1476 2904 1508 2933 et
1536 2893 1712 2946 apostolos
1737 2891 1844 2930 misit.
1867 2890 1972 2941 Atqui
1993 2905 2056 2928 nos
2077 2905 2168 2943 saepe

1179 2958 1274 3010 juste
1291 2957 1465 3010 patimur;
1485 2956 1545 2995 ille
1563 2970 1646 2994 vero
1670 2969 1739 2992 non
1771 2953 1875 2992 modo
1892 2952 2039 3004 injuste,
2061 2952 2120 2990 sed
2133 2963 2168 2991 et

1183 3019 1293 3071 impie
1310 3034 1316 3055 :
1336 3018 1594 3056 benefactorem
1612 3015 1729 3063 enim,
1752 3014 1813 3064 qui
1841 3012 1932 3050 nihil
1957 3026 1992 3050 se
2011 3012 2166 3061 laeserat,

1184 3079 1449 3117 crucifixerunt.
1488 3078 1581 3124 Cur,
1620 3075 1678 3113 dic
1720 3073 1834 3112 mihi?
1871 3072 1991 3124 gloriae
2037 3074 2168 3111 causa?

1186 3138 1292 3189 Atqui
1331 3138 1407 3190 ipsc
1455 3151 1512 3175 cos
1555 3136 1686 3173 honore
1723 3133 1911 3171 afficiebat.
1954 3133 2168 3179 Quomodo?

1186 3199 1306 3250 Super
1317 3198 1543 3237 cathedram
1552 3197 1699 3245 Moysi,
1709 3193 1836 3244 inquit,
1844 3193 2024 3231 sederunt
2035 3197 2110 3232 scri
2113 3196 2170 3232 11oe
2185 3209 2261 3238 Ihm.
2281 3216 2308 3236 2,
2327 3206 2356 3235 3.

1168 3319 1261 3353 Infra
1282 3318 1334 3362 C.‚
1359 3318 1476 3351 Montf.
1506 3326 1538 3350 et
1564 3317 1663 3351 Savil.
1683 3320 1800 3356 ἁπλῶς,
1825 3319 1903 3349 ἀλλὰ
1929 3320 1976 3356 τίς
1998 3320 2046 3349 καὶ
2077 3321 2170 3350 ἔσται.

1174 3371 1320 3404 Alterum
1334 3377 1494 3414 praestant
1508 3367 1618 3402 Codd.
1633 3368 1667 3399 Α.
1686 3368 1722 3398 Β.
1741 3368 1782 3400 D.
1800 3373 1833 3397 et
1847 3365 2026 3408 CommeL]

1227 3436 1239 3448 ²
1261 3424 1271 3466 [
1288 3423 1394 3456 Iidem
1418 3427 1515 3458 λοιπὸν
1533 3424 1652 3455 δύναται
1666 3422 1822 3459 (δείκνυται
1837 3418 1892 3460 C.)
1911 3422 2002 3461 λέγειν
2014 3429 2020 3436 ·
2040 3419 2134 3461 iopam]
