2466 3805
286 265 369 292 112
708 259 746 289 S.
782 257 966 289 JOANMS
1001 254 1243 285 CHRYSOST.

276 344 564 395 possessionem,
588 341 626 377 32.
659 347 696 376 et
700 338 914 391 fraudavit
930 336 977 371 de
1002 335 1140 385 pretio,
1165 345 1255 369 con-

281 407 363 442 scia
377 416 494 441 uxore
509 414 580 439 sua
598 415 609 435 :
626 408 661 436 et
673 399 847 450 afferens
859 403 1010 446 partem
1025 392 1252 444 quamdam,

282 466 337 502 ad
342 465 456 516 pedes
473 460 730 512 apostolorum
743 458 882 507 posuit.
902 453 998 491 Illud
1026 466 1134 504 grave
1164 460 1253 501 erat,

281 524 378 575 quod
399 531 523 560 mutuo
556 530 726 556 consensu
764 515 832 552 hoc
867 515 1022 551 facerent
1055 521 1254 564 peccatum,

282 582 381 618 nullo
397 579 466 616 alio
478 576 629 615 conscio.
643 572 750 612 Unde
768 571 880 610 subiit
896 571 1024 609 misero
1036 570 1105 608 hoc
1119 570 1256 607 facere?
1281 584 1305 613 ι)

282 643 317 678 5.
332 641 446 677 Discit
458 646 588 675 autem
604 637 743 673 Petrus
760 649 770 670 .·
799 632 841 670 A
845 635 981 678 nania,
1003 645 1074 670 cur
1084 631 1259 682 implevit

280 701 446 738 Satanas
465 711 531 735 cor
550 705 670 742 tuum,
690 696 846 732 mentiri
863 702 899 732 te
932 693 1092 744 Spiritui
1109 699 1257 739 sancto,

280 768 329 810 et¹
334 758 520 808 fraudare
539 758 585 794 de
594 758 718 808 pretio
737 757 823 807 agri
834 758 850 791 P
864 752 961 793 Vide
975 753 1082 790 ctiam
1103 765 1197 789 nunc
1209 751 1258 788 si-

278 834 388 871 gnum
400 832 581 870 magnum,
596 817 777 867 multoque
791 816 904 867 majus
918 815 1048 867 priore.
1067 813 1104 850 4.
1120 814 1260 850 Nonne

278 893 439 917 manens
461 881 531 916 tibi
550 880 745 924 manebat,
761 886 798 914 et
810 876 1090 913 venumdatum
1119 876 1162 910 in
1192 881 1261 911 tua

278 948 362 979 erat
373 948 562 992 potestate
572 943 588 976 Ρ
606 938 683 976 Hoc
698 946 763 987 est,
786 939 839 974 An
852 935 1038 973 necessitas
1051 943 1084 971 et
1091 933 1261 972 violentia

280 1001 445 1052 quaedam
464 1009 538 1038 erat
549 1001 566 1038 ἐ’
578 1014 666 1037 num
682 1012 747 1038 vos
758 997 889 1035 invitos
907 995 1082 1034 trahimus
1096 994 1112 1032 P
1133 995 1262 1044 Quare

278 1065 440 1115 posuisti
465 1065 503 1099 in
518 1062 632 1099 corde
649 1069 716 1098 tuo
736 1061 838 1097 hanc
860 1062 966 1096 rem?
985 1058 1076 1095 Non
1105 1069 1143 1094 es
1158 1070 1261 1093 men-

281 1127 373 1161 titus
392 1125 624 1169 hominibus,
640 1122 709 1159 sed
739 1122 836 1158 Deo.
865 1120 900 1157 5.
920 1119 1102 1156 Audiens
1133 1125 1263 1155 autem

281 1185 468 1222 Ananias
497 1185 578 1221 lzaec
596 1184 729 1229 verba,
749 1181 886 1219 cecidit
900 1188 936 1217 et
951 1181 1175 1230 exspiravit.
1194 1177 1263 1217 Vi-

282 1246 362 1284 den’
381 1245 476 1283 unde
486 1244 598 1295 majus
615 1243 758 1294 signum
769 1241 861 1279 hoc?
881 1240 989 1289 Quod
999 1238 1154 1288 occidat,
1167 1238 1263 1289 quod

283 1321 334 1354 ea,
355 1320 434 1356 quae
453 1306 489 1343 in
504 1313 618 1342 mente
637 1313 670 1341 et
687 1317 766 1354 quae
785 1303 876 1340 clam
898 1303 990 1339 facta
1010 1309 1107 1349 sunt,
1124 1308 1258 1337 noscat.

283 1369 320 1405 E
324 1376 337 1404 t
334 1369 475 1420 factus
491 1374 546 1404 est
565 1369 678 1402 timor
696 1378 859 1416 magnus
891 1376 1003 1414 super
1038 1375 1167 1399 omnes
1197 1365 1263 1413 qui

283 1426 501 1463 audierunt.
521 1424 774 1475 6.Surgentes
801 1431 931 1460 autem
944 1424 1118 1473 juvenes,
1158 1434 1263 1457 amo-

286 1494 420 1524 verunt
434 1499 532 1530 eum,
550 1493 586 1522 et
605 1485 812 1536 efferentes
847 1483 1089 1534 sepelierunt.
1118 1482 1153 1517 7.
1184 1483 1264 1518 Fa-

283 1555 386 1584 ctum
406 1554 461 1583 est
481 1553 610 1583 autem
630 1546 742 1596 quasi
756 1546 870 1581 trium
890 1544 1260 1593 liorarumspatium,

283 1615 319 1644 et
337 1620 434 1644 umor
448 1608 564 1657 ipsius
580 1635 592 1651 ,
617 1607 789 1642 nesciens
815 1605 919 1656 quod
923 1605 1082 1656 sactum
1106 1603 1261 1654 fiterat,

284 1668 471 1703 introivit.
491 1664 530 1703 8.
547 1666 662 1702 Dixit
679 1673 808 1701 autem
823 1667 858 1701 ei
875 1665 1015 1701 Petrus
1031 1677 1042 1698 .·
1061 1663 1136 1699 Dic
1153 1664 1261 1708 milii,

285 1729 319 1764 si
339 1729 438 1763 tanti
453 1739 589 1777 agrum
603 1725 834 1762 vendidistis
848 1728 864 1760 Ρ
894 1723 995 1760 Hanc
1028 1722 1170 1760 volebat
1192 1736 1265 1759 ser-

285 1800 371 1825 vare
392 1803 400 1823 :
419 1787 481 1824 ille
499 1799 650 1836 namque
663 1784 740 1821 dux
755 1784 869 1821 fuerat
882 1783 1028 1835 peccati.
1045 1782 1093 1819 Et
1106 1782 1186 1820 ideo
1200 1783 1266 1820 for·

284 1854 376 1884 tasse
397 1846 458 1883 dat
476 1845 531 1882 illi
547 1854 688 1896 tempus
707 1843 754 1880 ad
767 1842 1018 1888 defensionem,
1035 1850 1068 1878 et
1085 1841 1264 1893 poeniten-

285 1906 344 1944 tiae
364 1906 581 1944 facultatem.
621 1904 706 1942 Ideo
734 1903 834 1951 dicit,
868 1905 945 1940 Dic
979 1904 1075 1940 mihi
1105 1905 1138 1939 si
1167 1905 1266 1939 tanti

286 1980 423 2018 agrum
431 1966 661 2003 vendidistis
671 1964 688 2001 Ξ)
700 1964 759 2002 At
775 1964 848 2001 illa
860 1964 960 2000 dixit
976 1977 986 1999 .·
1002 1964 1137 2000 Etiam
1153 1964 1265 1999 tanti.

283 2027 324 2065 9.
347 2029 488 2066 Petrus
506 2034 636 2064 autem
647 2026 701 2062 ad
712 2039 798 2063 eam
819 2040 830 2061 .-
851 2025 953 2075 Quid
977 2026 1108 2075 utique
1132 2036 1268 2061 conve-

287 2090 345 2125 nit
366 2089 478 2124 vobis
489 2095 638 2124 tentare
660 2086 844 2136 Spiritum
863 2094 1041 2123 sanctum
1056 2088 1072 2120 Ρ
1088 2086 1190 2121 Ecce
1202 2098 1268 2135 pe-

286 2150 351 2187 des
371 2161 515 2192 eorum,
539 2149 604 2198 qui
635 2147 866 2197 sepelierunt
899 2148 1031 2183 virum
1065 2154 1184 2191 tuum,
1217 2145 1270 2182 ad

287 2212 437 2256 ostium,
451 2216 487 2244 et
504 2208 670 2259 efferent
687 2214 734 2243 te.
755 2207 817 2243 10.
836 2206 983 2242 Cecidit
995 2213 1123 2242 autem
1137 2207 1269 2242 statim

286 2271 341 2307 ad
357 2270 472 2320 pedes
493 2270 588 2319 ejus,
611 2275 648 2304 et
678 2269 899 2317 exspiravit.
921 2268 1119 2303 Intrantes
1140 2275 1268 2303 autem

280 2332 442 2381 juvenes
458 2330 687 2365 invenerunt
705 2325 818 2363 illam
837 2335 1043 2371 mortuam,
1059 2334 1095 2362 et
1122 2326 1269 2363 elatam

286 2392 518 2443 sepelierunt
530 2392 649 2442 juxta
671 2391 801 2426 virum
816 2402 939 2426 suum.
968 2390 1029 2425 11.
1052 2389 1107 2425 Et
1132 2389 1266 2439 factus

287 2461 343 2491 est
363 2455 477 2490 timor
495 2464 656 2502 magnus
670 2453 711 2487 in
730 2452 910 2488 universa
928 2450 1122 2499 Ecclesia,
1145 2458 1181 2487 et
1199 2463 1265 2487 su—

285 2527 353 2564 per
366 2525 497 2550 omnes
528 2514 594 2562 qui
622 2512 829 2548 audierunt
864 2512 958 2548 hoec.
994 2511 1078 2548 Post
1103 2511 1268 2547 timorem

286 2572 392 2610 illum
427 2572 532 2624 plura
567 2571 667 2623 signa
700 2571 858 2608 fecerunt
879 2586 886 2606 :
919 2580 953 2608 et
984 2571 1079 2621 quod
1106 2570 1266 2617 fecerint,

287 2632 388 2670 audi.
405 2634 468 2671 19.
488 2633 567 2668 Per
581 2644 718 2668 manus
757 2639 886 2668 autem
916 2631 1177 2683 apostolorum
1199 2631 1268 2683 fie-

290 2695 383 2731 bant
396 2696 507 2744 signa
520 2700 556 2729 et
567 2692 746 2743 prodigia
762 2693 888 2729 multa
904 2694 945 2730 in
953 2693 1077 2744 plebe.
1091 2694 1145 2730 Et
1158 2700 1270 2730 erant

288 2755 527 2791 unanimiter
540 2766 670 2790 omnes
691 2755 732 2789 in
747 2755 900 2803 porticu
929 2753 1146 2790 Salomonis
1160 2768 1171 2788 .-
1202 2753 1264 2790 15.

289 2823 513 2853 coeterorum
541 2821 671 2850 autem
702 2825 811 2849 nemo
845 2813 1014 2850 audehat
1042 2827 1080 2851 se
1109 2815 1270 2865 conjun-

287 2890 375 2928 gere
391 2876 470 2913 illis
477 2891 493 2920 ;
514 2875 583 2912 sed
591 2874 869 2925 magnificabat
886 2887 948 2911 eos
965 2875 1143 2925 populus.
1162 2875 1269 2913 Jure:

290 2938 415 2974 Petrus
433 2935 528 2974 enim
543 2936 619 2987 jam
638 2933 809 2971 terribilis
827 2943 916 2983 erat,
930 2935 1095 2986 puniens,
1127 2945 1159 2972 et
1193 2950 1270 2986 quae

290 2996 326 3033 in
342 3006 458 3034 mente
469 3004 567 3034 erant
576 2994 792 3045 redarguens
813 3009 821 3030 :
837 2994 895 3031 cui
906 2995 1019 3046 magis
1030 2995 1223 3044 haerebant,
1238 3004 1272 3034 et

289 3065 434 3108 propter
451 3056 604 3107 signum,
622 3063 655 3092 et
665 3062 809 3106 propter
818 3053 975 3105 priorem
994 3055 1209 3104 concionem,
1232 3070 1272 3093 ac

290 3116 479 3154 secundam
498 3115 721 3166 tertiamque.
735 3116 817 3167 Ipse
832 3128 983 3166 namque
1003 3124 1036 3153 et
1054 3115 1213 3167 primum
1227 3116 1270 3153 si-

335 3246 348 3260 c
365 3237 457 3269 Unus
473 3235 589 3269 Codex
602 3237 682 3278 [tres
697 3237 734 3268 A.
749 3237 786 3268 B.
804 3236 859 3278 C.]
886 3240 1002 3280 ἐξέψυξε
1023 3241 1112 3270 τοῦτο
1132 3243 1234 3279 μεῖζον
1259 3241 1293 3270 τὸ

291 3295 410 3330 σημεῖον
432 3292 484 3321 τοῦ
505 3290 619 3330 χωλοῦ,
640 3293 673 3321 τὸ
687 3288 749 3329 [καὶ
767 3293 799 3321 τὸ
820 3288 856 3318 Α.
872 3288 928 3330 C.]
952 3292 1076 3329 ἀνελεῖν,
1095 3293 1142 3321 καὶ
1165 3288 1222 3330 ταί,
1241 3288 1291 3320 vel

291 3345 342 3379 τὸ,
359 3344 388 3372 ἐν
404 3342 526 3382 διανοίᾳ.

335 3390 352 3414 ¹¹
369 3389 431 3421 Alii
448 3393 542 3423 δίδωσι
563 3394 747 3435 προθεσμίαν
770 3394 942 3432 ἀπολογίας.

333 3441 352 3458 ⁸
371 3442 591 3485 [παραχρῆμα
619 3451 684 3472 om.
709 3441 751 3472 D.
781 3449 812 3472 et
838 3440 1024 3479 Commel.‚
1053 3439 1109 3473 sed
1138 3443 1296 3483 expressit

1283 253 1470 282 ARCHIEP
1480 271 1488 281 .
1527 252 1806 282 CONSTANTIN
1814 254 1869 283 ΟΡ
1877 274 1887 283 .

1327 331 1429 383 φείρα
1449 334 1491 382 τῇ
1509 331 1645 381 γυναικὶ
1666 333 1770 370 aimo&
1793 332 1954 379 ἐπώλησε
1973 336 2110 384 κτῆμα,
2130 332 2189 375 καὶ
2209 334 2345 384 ἐνοσφί-

1328 407 1414 430 σατο
1437 392 1506 430 ἀπὸ
1534 395 1597 438 τῆς
1619 395 1745 442 τιμῆς,
1766 393 1955 437 συνειδυίας
1982 394 2042 432 καὶ
2072 397 2135 440 τῆς
2161 393 2344 445 γυναικός·

1327 452 1387 490 καὶ
1404 451 1546 502 ἐνέγκας
1568 451 1670 504 μέρος
1693 468 1727 489 τι
1739 482 1749 499 ,
1768 453 1865 505 παρὰ
1886 453 1965 498 τοὺς
1982 454 2090 499 πόδας
2105 458 2173 493 τῶν
2191 454 2345 493 ἀποστό-

1327 513 1397 550 λων
1431 512 1546 559 ἔθηκε.
1570 512 1623 550 Τὸ
1659 511 1781 560 δεινὸν,
1805 513 1858 550 ὅτι
1896 513 1984 563 μετὰ
2014 515 2298 565 συγκαταθέσεως
2324 517 2346 560 ἡ

1330 572 1504 625 ἁμαρτία,
1523 573 1583 610 καὶ
1603 572 1710 616 οὐδεὶς
1729 572 1844 622 ἕτερος
1861 574 1998 624 ᾔδειτὸ
2018 575 2213 626 γενόμενον.
2235 575 2346 614 Πόθεν

1329 633 1460 678 ἐπῆλθε
1483 635 1533 683 τῷ
1552 631 1766 685 ταλαιπώρῳ
1787 632 1897 684 τούτῳ
1916 633 1975 670 καὶ
1997 634 2104 686 ἀθλίῳ
2121 639 2220 673 τοῦτο
2247 635 2350 687 ἐργά-

1331 697 1473 742 σασθαι;
1488 688 1579 732 Eine
1606 692 1641 732 δὲ
1659 696 1677 731 ὃ
1695 693 1831 745 Πέτρος
1845 709 1853 717 ·
1876 693 2035 742 Ἀνανία,
2063 694 2120 733 διὰ
2137 695 2171 732 τί
2191 696 2349 747 ἐπλήρω-

1331 770 1387 795 σεν
1427 758 1445 792 ὃ
1477 761 1629 797 σατανᾶς
1651 753 1714 800 τὴν
1745 753 1889 807 καρδίαν
1928 770 1987 792 σου
2016 753 2210 807 ψεύσασθαί
2244 770 2281 793 σε
2312 753 2351 792 τὸ

1329 817 1476 866 Πνεῦμα
1495 814 1534 852 τὸ
1549 815 1656 866 ἅγιον,
1676 814 1736 852 καὶ
1752 814 1981 866 νοσφίσασθαι
1997 814 2066 853 ἀπὸ
2085 818 2147 861 τῆς
2165 817 2270 865 τιμῆς
2290 818 2350 853 τοῦ

1330 876 1481 929 χωρίου,
1503 875 1598 929 ςὈρα
1616 876 1676 914 καὶ
1702 880 1760 913 νῦν
1783 874 1873 927 μέγα
1905 880 2048 926 σημεῖον
2069 875 2264 927 γενόμενον,
2292 875 2351 913 καὶ

1331 939 1451 989 πολλῷ
1470 935 1574 974 πλέον
1607 936 1735 975 ἐκείνου
1763 939 1823 973 τοῦ
1845 935 2026 988 προτέρου.
2046 935 2140 987 Οὐχὶ
2169 934 2269 985 μένον
2298 935 2351 972 σοὶ

1333 998 1450 1048 ἔμενε,
1467 997 1527 1035 καὶ
1546 996 1675 1049 πραθὲν
1693 997 1750 1034 ἐπὶ
1768 998 1811 1047 τῇ
1833 999 1876 1047 σῇ
1908 995 2045 1047 ἐξουσίᾳ
2073 998 2229 1047 ὓπῆρχες
2258 996 2352 1032 Του-

1332 1057 1446 1105 τέστι,
1469 1057 1516 1108 μὴ
1536 1056 1604 1109 γὰρ
1622 1057 1756 1109 ἀνάγκη
1781 1072 1833 1100 τις
1852 1051 1894 1102 ἦν
1911 1056 1970 1094 καὶ
1988 1055 2066 1107 βία,
2089 1055 2137 1106 μὴ
2158 1055 2225 1109 γὰρ
2249 1055 2354 1093 ἄκον-

1333 1135 1395 1161 τας
1417 1121 1507 1169 ὑμᾶς
1526 1118 1693 1169 ἕλκομεν,
1708 1118 1755 1156 Τί
1776 1117 1828 1155 ὅτι
1855 1117 1930 1155 ἔθου
1950 1119 1985 1155 ἐν
2003 1119 2046 1167 τῇ
2078 1116 2204 1168 καρδίᾳ
2235 1131 2296 1154 σου
2315 1116 2354 1154 τὸ

1333 1186 1482 1233 πρᾶγμα
1517 1185 1637 1227 τοῦτο;
1671 1181 1747 1217 Οὐκ
1771 1179 1906 1231 ἐψεύσω
1938 1177 2130 1231 ἀνθρώποις
2141 1208 2152 1224 ,
2186 1177 2276 1216 ἀλλὰ
2304 1180 2354 1229 τῷ

1335 1243 1428 1293 Θεῷ.
1448 1240 1599 1279 Ἀκούων
1622 1240 1657 1278 δὲ
1678 1242 1694 1278 ὅ
1714 1239 1870 1283 Ἀνανίας
1887 1238 1966 1282 τοὺς
1983 1239 2103 1290 λόγους
2117 1239 2274 1284 τούτους,
2293 1254 2354 1276 πε-

1336 1301 1405 1340 σὼν
1425 1307 1439 1322 ⁰
1450 1300 1619 1354 ἐξέψυξεν.
1636 1300 1762 1352 Ὁρᾷς,
1777 1299 1879 1338 πόθεν
1896 1302 2008 1349 μεῖζον
2025 1300 2065 1338 τὸ
2078 1305 2220 1350 σημεῖον
2236 1302 2355 1344 τοῦτος

1335 1363 1419 1401 Ἀπὸ
1440 1366 1498 1401 τοῦ
1523 1363 1668 1406 ἀνελεῖν,
1689 1361 1758 1399 ἀπὸ
1777 1364 1836 1398 τοῦ
1860 1360 1901 1398 τὰ
1927 1362 1962 1398 ἐν
1983 1360 2117 1413 διανοίᾳ
2138 1360 2281 1406 εἰδέναι,
2297 1360 2356 1398 καὶ

1335 1423 1380 1461 τὰ
1398 1424 1510 1476 λάθρα
1528 1421 1709 1474 γεγονότα.
1723 1420 1886 1473 Ἐγένετο
1901 1420 1937 1459 δὲ
1949 1420 2053 1472 φόὸος
2069 1420 2177 1472 μέγας
2195 1421 2253 1459 ἐπὶ
2270 1420 2357 1458 πάν-

1335 1500 1396 1526 τας
1415 1482 1491 1527 τοὺς
1509 1482 1696 1526 ἀκούοντας
1715 1487 1836 1520 ταῦτα.
1852 1481 2078 1524 Ἀναστάντες
2098 1481 2134 1519 δὲ
2153 1484 2183 1519 οἱ
2198 1479 2357 1533 νεώτεροι

1335 1544 1553 1583 συνέστειλαν
1571 1543 1684 1589 αὐτὸν,
1700 1543 1760 1581 καὶ
1777 1542 2013 1593 ἐξενέγκαντες
2033 1541 2177 1594 ἔθαψαν.
2194 1541 2357 1593 Ἐγένετο

1338 1604 1373 1643 δὲ
1400 1608 1446 1648 ὡς
1476 1607 1574 1658 ὡρῶν
1594 1607 1697 1656 τριῶν
1719 1603 1918 1653 διάστημα,
1934 1602 1994 1640 καὶ
2021 1606 2043 1648 ἡ
2066 1602 2150 1654 γυνὴ
2182 1604 2286 1640 αὐτοῦ
2307 1601 2356 1652 μὴ

1337 1667 1444 1704 εἰδυῖα
1463 1666 1502 1703 τὸ
1527 1664 1664 1716 γεγονὸς
1686 1664 1853 1710 εἷσῆλθεν.
1870 1662 2056 1716 Ἀπεκρίθη
2078 1662 2113 1701 δὲ
2139 1664 2225 1713 αὐτῇ
2243 1664 2260 1699 ὅ
2281 1662 2358 1700 Πέ-

1337 1741 1426 1778 τρος·
1441 1725 1532 1764 Εἰπέ
1547 1741 1622 1775 μοι,
1638 1728 1666 1763 εἷ
1681 1724 1843 1763 τοσούτου
1862 1724 1901 1761 τὸ
1917 1723 2044 1775 χωρίον
2064 1724 2252 1771 ἀπέδοσθε,
2264 1724 2360 1762 Ταύ-

1336 1803 1398 1833 την
1417 1786 1577 1825 ἐδούλετο
1603 1789 1736 1824 σῶσαι·
1757 1788 1884 1828 ἐκεῖνος
1913 1784 1981 1836 γὰρ
2006 1779 2047 1831 ἦν
2067 1787 2085 1823 ὁ
2114 1784 2269 1837 ἀρχηγὸς
2297 1788 2360 1831 τῆς

1338 1846 1522 1898 ἁμαρτίας.
1539 1846 1610 1884 Καὶ
1642 1845 1699 1884 διὰ
1727 1849 1829 1884 τοῦτο
1848 1847 1936 1897 αὐτῇ
1958 1844 1973 1864 ‘³
1988 1845 2108 1883 δίδωσι
2126 1846 2220 1897 τάχα
2238 1846 2360 1897 καιρὸν

1339 1906 1545 1958 ἀπολογίας,
1568 1906 1627 1944 καὶ
1652 1905 1807 1949 ἐξουσίαν
1838 1905 2032 1956 μετανοίας.
2064 1906 2126 1944 Διὸ
2152 1905 2211 1943 καὶ
2240 1907 2359 1956 λέγει·

1337 1967 1430 2006 Εἰπέ
1453 1982 1529 2017 μοι,
1553 1969 1582 2004 εἰ
1613 1966 1775 2004 τοσούτου
1805 1966 1845 2004 τὸ
1874 1965 2001 2018 χωρίον
2024 1966 2217 2013 ἀπέδοσθε,
2245 1965 2291 2003 ‘H
2324 1966 2359 2003 δὲ

1339 2022 1432 2076 εἷπε,
1452 2027 1508 2064 ναὶ
1528 2026 1703 2065 τοσούτου.
1733 2025 1777 2064 εΟ
1797 2025 1832 2064 δὲ
1852 2026 1987 2077 Πέτρος
2011 2020 2087 2064 εἷπε
2114 2026 2200 2077 πρὸς
2231 2026 2354 2072 αὐτήν·

1338 2089 1372 2126 τί
1390 2088 1444 2127 ὅτι
1461 2087 1683 2140 συνεφωνήθη
1699 2090 1778 2137 ὑμῖν
1795 2094 1960 2139 πειρᾶσαι
1977 2086 2015 2124 τὸ
2032 2089 2180 2137 Πνεῦμα
2192 2086 2230 2124 τὸ
2247 2086 2360 2138 ἅγιον;

1339 2149 1428 2187 Ἰδοὺ
1447 2152 1477 2188 οἱ
1500 2148 1602 2191 πόδες
1621 2150 1688 2185 τῶν
1718 2146 1898 2198 θαψάντων
1918 2148 1975 2185 τὸν
2007 2147 2114 2201 ἄνδρα
2135 2163 2196 2185 σου
2225 2147 2284 2185 ἐπὶ
2316 2149 2359 2199 τῇ

1340 2208 1424 2261 θύρα
1435 2237 1444 2254 ,
1461 2208 1521 2246 καὶ
1541 2206 1708 2251 ἐξοίσουσί
1729 2223 1779 2244 σε.
1794 2206 1928 2246 Ἔπεσε
1943 2208 1980 2246 δὲ
1995 2208 2015 2227 '¹'
2027 2210 2250 2259 παραχρῆμα
2265 2206 2362 2259 παρὰ

1339 2269 1417 2311 τοὺς
1435 2268 1543 2310 πόδας
1570 2268 1693 2311 αὐτοῦ,
1727 2266 1786 2304 καὶ
1819 2267 1990 2318 ἐξέψυξεν.
2020 2267 2243 2311 Εἶσελθόντες
2269 2267 2304 2305 δὲ
2333 2269 2364 2304 οἱ

1339 2328 1511 2366 νεανίσκοι
1531 2321 1628 2379 εῧρον
1645 2326 1750 2373 αὐτὴν
1780 2327 1917 2378 νεκρὰν,
1936 2328 1996 2365 καὶ
2025 2327 2261 2379 ἐξενέγκαντες
2280 2327 2361 2365 ἔθα-

1339 2390 1407 2439 ψαν
1427 2389 1511 2439 πρὸς
1535 2387 1591 2425 τὸν
1613 2387 1720 2438 ἄνδρα
1748 2389 1866 2432 αὐτῆς.
1882 2387 1952 2424 Καὶ
1972 2387 2106 2438 ἐγένετο
2125 2387 2228 2438 φόὸος
2254 2387 2363 2438 μέγας

1340 2450 1391 2500 ἐφ’
1405 2449 1486 2493 ὅλην
1504 2447 1565 2494 τὴν
1581 2446 1881 2493 Έκκλησίαν,καὶ
1899 2447 1955 2484 ἐπὶ
1968 2439 2102 2489 πάντας
2120 2446 2199 2490 τοὺς
2220 2448 2362 2485 ἀκούον-

1339 2525 1401 2552 τας
1417 2512 1538 2546 ταῦτα.
1554 2507 1656 2545 Μετὰ
1676 2507 1714 2544 τὸ
1732 2506 1891 2558 γενέσθαι
1910 2507 1966 2545 τὸν
1984 2507 2088 2558 φόὸον
2101 2509 2227 2552 αὐτῶν,
2240 2508 2363 2546 πλείο-

1341 2586 1383 2607 να
1403 2574 1532 2618 σημεῖα
1545 2567 1680 2606 ἐποίουν
1697 2583 1705 2591 ·
1723 2567 1782 2605 καὶ
1796 2567 1848 2605 ὅτι
1864 2567 2014 2615 ἐποίουν,
2029 2568 2144 2606 ἄκουε.
2161 2567 2229 2605 Διὰ
2244 2568 2280 2605 δὲ
2293 2571 2363 2606 τῶν

1340 2634 1466 2682 χειρῶν
1492 2633 1561 2668 τῶν
1584 2628 1787 2667 &mo-&mv
1803 2627 1934 2679 ἐγίνετο
1953 2634 2084 2679 σημεῖα
2099 2629 2158 2666 καὶ
2179 2629 2309 2680 τέρατα
2329 2630 2363 2666 ἐν

1342 2694 1391 2743 τῷ
1414 2693 1489 2743 λαῷ
1508 2689 1632 2728 πολλά.
1656 2689 1724 2727 Καὶ
1743 2683 1831 2735 ἦσαν
1857 2688 2075 2739 ὁμοθυμαδὸν
2103 2689 2252 2731 ἅπαντες
2271 2691 2305 2727 ἐν
2319 2692 2363 2739 τῇ

1344 2758 1429 2803 στοᾷ
1446 2752 1674 2801 Σολομῶντος
1686 2765 1693 2772 ·
1708 2751 1776 2786 τῶν
1792 2748 1827 2786 δὲ
1845 2751 1975 2787 λοιπῶν
1995 2749 2105 2792 οὐδεὶς
2124 2749 2255 2799 ἐτόλμα
2277 2751 2363 2787 κολ-

1342 2814 1470 2850 λᾶσθαι
1491 2814 1625 2855 αὐτοῖς,
1647 2811 1723 2847 ἀλλ’
1745 2809 1949 2859 ἐμεγάλυνεν
1971 2808 2091 2851 αὐτοὺς
2108 2810 2126 2846 ὃ
2146 2808 2240 2851 λαός.
2264 2808 2365 2846 Εἰκό-

1344 2888 1421 2915 τως.
1442 2871 1510 2909 Καὶ
1529 2871 1596 2923 γὰρ
1615 2872 1632 2908 ὃ
1648 2869 1782 2923 Πέτρος
1801 2864 1842 2915 ἦν
1871 2869 1990 2907 λοιπὸν
2020 2869 2162 2921 φοὸερὸς
2174 2899 2182 2915 ,
2210 2869 2363 2913 κολάζων

1345 2934 1403 2972 καὶ
1419 2933 1462 2971 τὰ
1476 2934 1524 2975 εἷς
1542 2936 1619 2969 νοῦν
1635 2930 1824 2982 ἐξελέγχων
1835 2945 1842 2953 ·
1860 2924 1888 2982 ᾧ
1903 2929 1962 2967 καὶ
1990 2932 2122 2980 μᾶλλον
2142 2930 2366 2981 προσέκειντο

1346 2994 1403 3033 διά
1418 3009 1456 3031 τε
1477 2993 1514 3031 τὸ
1529 2997 1685 3042 σημεῖον,
1709 2991 1769 3028 καὶ
1788 2990 1850 3036 τὴν
1875 2989 2018 3041 πρώτην
2046 2991 2278 3044 δημηγορίαν,
2307 2992 2366 3029 καὶ

1345 3054 1407 3101 τὴν
1425 3052 1596 3104 δευτέραν,
1613 3052 1672 3089 καὶ
1691 3050 1753 3097 τὴν
1776 3049 1910 3103 τρίτην.
1924 3051 2029 3094 Αὐτὸς
2046 3050 2114 3102 γὰρ
2144 3051 2203 3088 καὶ
2231 3050 2270 3088 τὸ
2299 3066 2367 3096 ση-

1349 3121 1443 3167 μεῖον
1459 3114 1646 3166 εἰργάσατο
1665 3113 1729 3150 Ξ’τὸ
1746 3114 1898 3163 πρῶτον,
1917 3111 1976 3149 καὶ
1995 3112 2034 3150 τὸ
2053 3112 2225 3163 δεύτερον,
2244 3112 2304 3150 καὶ
2329 3112 2368 3149 τὸ

1358 3236 1504 3277 Erasm.]

1401 3297 1412 3310 Β
1431 3288 1485 3328 [τὸ
1498 3294 1626 3331 πρῶτον,
1638 3290 1671 3318 τὸ
1685 3286 1830 3329 δεύτερον,
1846 3288 1880 3317 τὸ
1896 3288 2007 3328 τρίτον·
2020 3289 2108 3318 τοῦτο
2125 3290 2183 3330 γὰρ
2202 3288 2319 3319 διπλοῦν
2335 3289 2368 3323 ἦν

1365 3339 1402 3369 Α.
1417 3339 1453 3370 Β.
1470 3339 1523 3380 C,;
1542 3343 1576 3371 τὸ
1600 3345 1732 3382 πρῶτον,
1756 3341 1790 3369 τὸ
1817 3340 1874 3375 νῦν,
1901 3340 1973 3381 ὅπερ
1997 3335 2036 3367 D.
2057 3343 2090 3368 et
2113 3334 2290 3376 Commel.‚
2309 3346 2368 3366 nce

1362 3388 1457 3422 aliter
1477 3388 1556 3431 legit
1576 3388 1691 3419 Erasm
1711 3387 1722 3428 ]
