2502 3810
733 299 774 329 IN
813 299 953 328 EPIST-

68 380 206 420 κνυνται
228 381 265 420 τὸ
286 379 382 433 ἔργον
399 383 456 417 τοῦ
475 380 579 430 νόμου
597 380 749 432 γραπτὸν
773 381 807 417 ἐν
828 385 903 422 ταῖς
923 378 1082 432 καρδίαις

67 444 192 490 αὐτῶν,
214 439 526 492 συμμαρτυρούσης
546 441 658 477 αὐτῶν
673 443 734 486 τῆς
754 439 991 486 συνειδήσεως.
1008 438 1081 490 Ἀρ-

65 509 119 539 κεῖ
134 502 199 553 γὰρ
222 502 297 539 ἀντὶ
318 505 377 538 τοῦ
393 501 497 551 νόμου
517 501 557 539 τὸ
575 501 726 544 συνειδὸς
746 500 805 538 καὶ
822 499 998 551 λογισμός.
1013 499 1081 537 Διὰ

65 562 193 600 τούτων
210 562 313 605 ἔδειξε
329 561 447 607 πάλιν,
463 562 516 599 ὅτι
531 561 683 612 αὐτάρκη
700 561 757 599 τὸν
771 561 950 612 ’ἄνθρωπον
963 559 1081 605 ἐποίη-

66 639 122 661 σεν
144 626 161 660 ὁ
181 623 269 666 Θεὸς
288 621 372 674 πρὸς
391 622 452 669 τὴν
479 624 542 667 τῆς
561 624 686 674 ἀρετῆς
705 621 849 673 αἵρεσιν,
869 620 926 658 καὶ
940 620 1002 666 τὴν
1018 623 1081 666 τῆς

66 683 186 726 κακίας
206 683 327 735 φυγήν.
348 683 418 721 Καὶ
438 682 485 733 μὴ
507 682 702 733 Θαυμάσης,
720 682 825 720 εἶκαὶ
843 681 935 725 ἅπαξ
954 681 1013 719 καὶ
1031 681 1081 723 δὶς

65 744 123 780 καὶ
150 744 317 787 πολλάκις
354 744 436 781 αὐτὸ
468 743 730 786 κατασκευάζει.
766 742 908 794 Σφόδρα
942 741 1009 792 γὰρ
1038 735 1079 786 ἦν

66 805 251 854 ἀναγκαῖον
267 819 328 842 αυτ
330 821 356 841 ι)
372 804 410 842 τὸ
428 802 538 841 κε’ῡαλ
541 818 614 840 αιον
632 801 799 840 <ov-„0322
814 801 889 843 τοὺς
905 800 1079 851 λέγοντας,

65 863 99 901 τί
124 864 250 910 δήποτε
281 869 338 902 νῦν
367 867 384 901 6
418 844 567 915 Xpiczbq
587 862 811 913 παρεγένετο;
840 876 900 898 και
929 876 994 898 που
1022 861 1078 898 τὸν

66 923 257 977 ἔμπροσθεν
275 923 397 977 χρόνον
419 924 463 961 τὰ
481 939 543 968 της
565 921 733 966 τοσαύτης
752 919 913 973 προνοίας
931 923 991 967 ἠν,
982 920 1080 957 ·Καὶ

65 985 149 1036 πρὸς
164 984 300 1027 τούτους
319 989 375 1022 οὐν
402 986 436 1021 ἓν
452 983 615 1034 παρέργῳ
629 997 686 1018 νυν
707 980 991 1030 ἀπομαχόμενος,
1005 979 1078 1016 δεί-

64 1060 194 1092 κνυσιν,
209 1045 261 1081 ότι
279 1060 338 1081 και
358 1045 392 1080 ἐν
418 1049 488 1085 τοῖς
521 1042 648 1079 ἄνωθεν
675 1039 828 1092 γρόνοις,
849 1055 907 1076 και
926 1039 994 1091 πρὸ
1017 1055 1080 1084 της

63 1107 121 1141 τοῦ
151 1104 256 1153 νόμου
288 1103 411 1144 δόσεως
435 1102 550 1148 πάσης
576 1101 755 1147 ἀπήλαυσε
783 1098 946 1150 προνοίας
967 1103 988 1145 ἡ
1009 1101 1076 1136 τῶν

61 1162 251 1214 ἀνθρώπων
271 1163 380 1214 φύσις.
399 1162 468 1200 Και
487 1161 564 1236 γὰρ
567 1161 605 1199 τὸ
632 1160 784 1212 γνωστὸν
805 1175 863 1197 του
889 1161 982 1198 &sou
1010 1174 1078 1210 φα-

61 1223 155 1274 νερὸν
172 1227 212 1269 ἦν
236 1225 370 1269 αὐτοῖς,
392 1222 451 1259 καὶ
472 1222 506 1259 τί
527 1220 587 1272 μὲν
606 1221 724 1267 καλὸν,
746 1219 780 1257 τί
813 1219 848 1257 δὲ
880 1219 986 1258 κακὸν
999 1219 1079 1270 ῃδε-

62 1299 137 1329 σαν,
157 1283 199 1320 δι’
227 1286 274 1320 ων
293 1298 368 1325 τους
391 1281 555 1325 ἄλλους
537 1294 695 1334 εκριναν·
722 1280 807 1332 ὅπερ
826 1279 997 1324 ὀνειδίζων
1018 1282 1078 1318 αὖ·

60 1348 151 1391 τοῖς,
171 1343 338 1395 ἔλεγεν,”
318 1360 370 1382 οτι
387 1343 447 1380 Ἔν
461 1338 625 1394 ᾧκρίνεις
639 1341 696 1379 τὸν
711 1341 852 1419 ἕτερον,
857 1341 999 1379 σεαυτὸν
1015 1356 1078 1378 κα-

60 1404 242 1456 τακρίνεις.
254 1403 372 1442 Em
355 1403 389 1442 οε
409 1407 476 1441 τῶν
492 1403 683 1447 Ἰουδαίων,
703 1403 791 1452 μετὰ
807 1419 874 1440 των
886 1402 1076 1477 εἰρημένων

61 1481 120 1502 και
139 1468 156 1502 6
170 1464 271 1515 νόμος
288 1465 444 1512 ἑστηκεν,
464 1464 542 1516 οὐχι
562 1464 726 1514 λογισμὸς
750 1463 850 1514 μόνον
872 1463 946 1501 οὐδε
967 1463 1077 1500 συνεί-

62 1526 170 1572 δησις.
189 1526 291 1569 Τίνος
322 1525 357 1562 δὲ
387 1524 499 1562 ἕνεκεν
520 1524 635 1570 τίθησι
654 1524 710 1569 τὸ,
740 1523 1034 1575 Κατηγορούντων
1055 1522 1077 1569 ἢ

62 1586 120 1623 καὶ
153 1585 456 1637 ἀπολογουμένων,
486 1586 530 1622 Εἰ
559 1584 625 1638 γὰρ
651 1584 755 1634 νόμον
775 1584 892 1636 ἔχουσι
923 1583 1076 1636 γραπτὸν

63 1646 148 1685 ι’καὶ
168 1648 205 1686 τὸ
227 1651 323 1699 ἔργον
342 1647 592 1694 ἐνδείκνυνται,
609 1647 643 1684 τί
662 1647 734 1698 ἔχει
749 1647 1077 1698 κατηγορῆσαιλοι-

63 1710 158 1747 πὸνὸ
177 1707 362 1758 λογισμός,
381 1708 471 1745 Ἀλλ’
499 1707 613 1745 οὐκέτι
638 1707 718 1759 περὶ
748 1708 885 1746 ἐκείνων
906 1707 990 1758 φησὶ
1017 1707 1075 1754 τὸ,

63 1769 370 1820 Κατηγορούντων,
399 1768 512 1818 μόνον,
543 1767 630 1805 ἀλλὰ
667 1767 726 1805 καὶ
754 1768 834 1821 περὶ
855 1770 916 1813 τῆς
946 1767 1078 1819 φύσεως

63 1829 212 1876 ἁπάσης.
236 1829 326 1867 Τότε
344 1829 410 1881 γὰρ
440 1829 625 1875 ἑστήκασιν
645 1831 744 1879 ἡμῶν
765 1829 823 1866 καὶ
843 1831 873 1866 οἱ
896 1828 1075 1879 λογισμοὶ,

63 1893 92 1928 οἱ
116 1890 176 1939 μὲν
198 1895 485 1944 κατηγοροῦντες,
514 1891 544 1928 οἳ
575 1890 610 1928 δὲ
643 1889 932 1941 ἀπολογούμενοι,
951 1889 1009 1927 καὶ
1039 1890 1076 1927 οὐ

64 1952 171 1989 δεῖται
188 1954 303 2004 ἑτέρου
321 1952 513 2005 κατηγόρου
535 1951 713 2005 ἄνθρωπος
729 1954 782 1991 ἐπ’
800 1954 927 1991 ἐκείνου
950 1955 1007 1991 τοῦ
1028 1952 1079 1989 δι-

61 2013 264 2064 καστηρίου.
278 2007 368 2052 Εἶτα
381 2013 490 2056 αὔξων
506 2012 562 2051 τὸν
583 2013 700 2065 φόὲον,
716 2016 776 2052 οὐκ
791 2007 864 2052 εἶπε
878 2044 887 2061 ,
898 2014 941 2051 τὰ
957 2015 1052 2065 ἁμαρ
1063 2037 1076 2042 -

61 2074 103 2118 τὴ
110 2089 203 2123 ματα
216 2076 284 2111 τῶν
301 2073 504 2125 ἄνθρώπων,
525 2076 614 2112 ἀλλὰ
634 2077 666 2112 Τ
670 2074 691 2111 ὰ
710 2075 846 2126 κρυπτὰ
862 2077 929 2112 τῶν
948 2074 1077 2126 ἀνθρώ-

62 2150 147 2172 πων.
174 2134 317 2180 Ἐπειδὴ
351 2134 417 2186 γὰρ
452 2128 691 2187 εἶπε,Λογίζῃ
719 2139 737 2173 6
770 2135 894 2189 κρίνων
923 2134 1001 2178 τοὺς
1033 2134 1077 2172 τὰ

62 2198 204 2231 τοιαῦτα
234 2194 469 2245 πράσσοντας,
490 2196 550 2233 καὶ
583 2198 691 2234 ποιῶν
721 2196 829 2242 αὐτὰ,
857 2195 943 2233 ὅτιὲ
929 2195 1074 2247 εκφεύξῃ

60 2254 98 2292 τὸ
117 2255 226 2306 κρίμα
244 2260 302 2294 τοῦ
328 2256 509 2303 Θεοῧςῗνα
539 2256 587 2307 μὴ
615 2256 777 2303 τοιαύτην
809 2256 927 2309 ἐκδέξῃ
949 2259 1075 2308 ψηφον,

59 2314 133 2352 οἵαν
173 2316 232 2354 καὶ
267 2316 366 2360 αὐτὸς
395 2317 527 2368 φέρεις,
563 2319 639 2355 ἀλ’λ
670 2318 765 2369 ἴδῃς,
797 2317 849 2355 ὅτι
874 2319 994 2356 πολίω
1014 2321 1075 2364 τῆς

59 2379 121 2422 σῆς
141 2377 368 2431 ἀκριὸεστέρα
390 2381 411 2423 ἡ
432 2382 491 2416 τοῦ
513 2379 627 2426 Θεοῦ,
656 2377 830 2429 ἐπήγαγε*
855 2377 911 2415 Τὰ
938 2378 1075 2430 κρυπτὰ

57 2440 125 2475 τῶν
145 2438 347 2490 ἀνθρώπων,
363 2439 422 2476 καὶ
448 2438 660 2489 προσέθηκε·
682 2439 784 2477 Κατὰ
815 2439 854 2477 τὸ
877 2438 1073 2490 εὐαγγέλιόν

60 2514 142 2547 μου,
156 2499 213 2536 διὰ
228 2499 342 2545 Ἰησοῦ
362 2501 526 2552 Χριστοῦ.
542 2498 736 2553 Ἄνθρωποι
755 2499 821 2553 γὰρ
837 2502 905 2536 τῶν
917 2502 1073 2552 φανερῶν

58 2558 226 2603 κάθηνται
247 2560 406 2598 δικασταὶ
433 2561 557 2610 μόνων.
591 2560 714 2598 Καίτοι
739 2577 778 2612 γε
801 2561 872 2598 ἅνω
901 2561 982 2612 περὶ
1015 2564 1074 2598 τοῦ

59 2619 197 2672 Πατρὸς
233 2618 328 2670 ἔλεγε
357 2620 479 2670 μόνου,
496 2623 571 2659 ἀλλ’
590 2620 710 2667 ἐπειδὴ
728 2621 847 2660 λοιπὸν
865 2621 986 2665 αὐτοὺς
1008 2637 1073 2659 κα-

58 2679 194 2717 τελέανε
218 2683 265 2733 τῷ
285 2680 398 2732 φόὲῳ,
418 2680 572 2732 ἐπήγαγε
588 2681 648 2719 καὶ
667 2681 724 2719 τὸν
745 2682 826 2733 περὶ
845 2685 903 2719 τοῦ
922 2683 1074 2735 Χριστοῦ

58 2741 175 2791 λόγον·
207 2743 278 2779 καὶ-
301 2742 378 2780 οὐδὲ
411 2747 529 2780 τοῦτον
552 2743 687 2789 ἅπλῶς,
708 2743 798 2781 ἀλλὰ
835 2741 894 2781 καὶ
925 2744 1074 2782 ἐνταῦθα

58 2805 116 2839 τοῦ
137 2802 275 2854 Πατρὸς
308 2803 565 2853 μνημονεύσας,
584 2802 690 2846 οὕτως
713 2803 815 2841 αὐτὸν
843 2803 1070 2856 ἐπεισήγαγε·

58 2862 117 2898 καὶ
144 2866 201 2900 τοῦ
218 2863 437 2915 κηρύγματος
457 2863 492 2902 δὲ
511 2864 550 2902 τὸ
574 2864 711 2915 ἀξίωμα
732 2865 775 2901 δι’
790 2866 899 2902 αὐτῶν
916 2864 1071 2917 ἐπαίρει·

57 2927 154 2960 τοῦτο
172 2923 259 2975 γὰρ,
279 2924 381 2975 φησὶ,
397 2925 436 2962 τὸ
457 2924 620 2976 κήρυγμα
636 2929 745 2963 ταῦτα
761 2931 1005 2977 προαναιρωνεῖ
1017 2956 1026 2973 ,
1050 2925 1071 2962 ἃ

56 2983 277 3032 προλανῧοῧσα
297 2988 316 3031 ᾗ
338 2984 437 3036 φύσις
455 2989 468 3004 ³
485 2985 620 3029 ἔδειξεν.

109 3042 206 3090 Εἶδες
226 3052 299 3091 πῶς
318 3053 465 3094 συνετῶς
483 3051 542 3088 καὶ
562 3054 611 3103 τῷ
633 3052 823 3105 εὐαγγελίῳ
844 3053 904 3090 καὶ
921 3055 970 3103 τῷ
988 3053 1072 3103 Χρι-

57 3110 127 3157 στῷ
143 3108 253 3161 φέρων
284 3109 405 3153 αὐτοὺς
429 3112 622 3187 προσέδησε
636 3143 645 3160 ,
665 3113 724 3150 καί
745 3113 932 3159 ἀπέδειξεν,
955 3113 1008 3150 ὅτι
1036 3117 1074 3150 οὐ

57 3168 160 3219 μέχρι
177 3172 243 3206 τῶν
267 3172 412 3208 ἐνταῦθα
432 3171 476 3208 τα
495 3172 684 3224 ἡμέτερα“’
671 3189 826 3220 ισταται,
844 3174 935 3211 offla
964 3173 1074 3211 ὁδεύει

55 3229 264 3280 recursor-g
282 3230 330 3268 '³0
360 3232 417 3268 καὶ
448 3230 547 3269 ι’δίνω
578 3236 829 3273 κατεσκεύασεν
857 3233 1071 3281 εἷπιῖι)ι,Θη-

97 3353 111 3375 Ι’
141 3351 197 3382 Alii
215 3358 261 3384 καὶ
280 3367 327 3385 τον
347 3360 433 3394 νόμον
449 3356 647 3390 ἐνδείκνυνται.
667 3357 762 3397 [Mox
783 3358 817 3388 A.
849 3362 912 3402 ρηςὶ
936 3366 992 3390 τῶν
1010 3372 1063 3389 ια-

54 3408 233 3447 ττρῧουμτων
249 3411 346 3444 ,μό-,οι
363 3405 373 3445 ]

96 3465 106 3479 ³
135 3456 209 3486 Duo
237 3455 311 3486 3125.
334 3459 469 3492 έῦἑῧαέευ.
490 3456 591 3491 [ltem
614 3460 648 3499 A,
668 3466 699 3490 ct
718 3470 820 3502 marg.
841 3457 942 3492 Savil.
964 3458 1062 3491 Paulo

994 298 1051 327 AD
1089 297 1196 326 ROM.

2043 276 2127 323 511

1153 392 1237 429 quoe
1255 379 1348 430 legis
1368 379 1648 431 suntfaciunt;
1666 377 1724 414 hae
1744 376 1864 427 legem
1893 388 1970 412 non
1987 375 2136 412 haben-

1153 446 1222 485 tes,
1234 441 1306 476 sibi
1320 441 1411 490 ipsis
1428 446 1517 475 sunt
1533 438 1595 474 Iex
1609 452 1619 472 .·
1630 439 1696 488 qui
1714 435 1919 473 ostendunt
1934 448 2027 486 opus
2045 434 2139 485 legis

1152 502 1334 549 scriptum
1351 501 1392 535 in
1407 499 1582 536 cordibus
1598 499 1692 542 suis,
1705 497 1963 533 testimonium
1977 495 2139 531 redden-

1153 567 1189 596 te
1214 559 1294 596 illis
1314 561 1562 596 conscientia.
1580 557 1723 596 Sufficit
1751 555 1845 593 enirn
1867 570 1932 607 pro
1950 555 2028 606 lege
2048 567 2138 591 con-

1152 619 1296 656 scientia
1313 628 1347 656 et
1369 619 1548 670 cogitatio.
1566 619 1630 656 His
1659 617 1810 655 ostendit
1841 629 1999 663 rursum,
2020 616 2139 652 Deum

1152 679 1274 717 fecisse
1289 679 1468 717 hominem
1487 679 1535 717 ad
1550 679 1718 717 virtutem
1737 676 1936 728 eligendam
1956 685 1989 713 et
2007 675 2138 714 vitium

1108 743 1131 773 C
1152 740 1362 790 fugiendum
1383 740 1451 777 sibi
1467 739 1714 777 sufficientem.
1735 738 1780 775 Et
1795 752 1837 775 ne
1850 737 2002 784 mireris,
2025 736 2054 773 si
2077 744 2139 773 aut

1153 799 1208 836 bis
1227 809 1287 836 aut
1306 809 1358 837 ter
1382 808 1443 836 aut
1461 799 1594 850 pluries
1613 798 1651 834 id
1670 798 1795 849 probet
1812 796 2026 835 :admodum
2044 797 2139 833 enim

1152 858 1220 910 ipsi
1234 859 1301 897 hoc
1316 868 1422 910 caput
1435 858 1669 895 necessarium
1685 866 1759 894 erat
1771 866 1914 908 propter
1929 871 1986 894 eos
2004 857 2065 906 qui
2082 856 2138 894 di-

1153 918 1277 956 cebant
1295 934 1302 954 τ
1321 919 1394 955 Cur
1427 932 1521 955 nunc
1553 917 1716 954 Christus
1746 917 1918 954 advenit?
1939 926 1971 954 et
1992 917 2139 954 ubinam

1152 978 1277 1029 priscis
1309 978 1527 1029 temporibus
1555 986 1653 1014 tanta
1687 977 1749 1020 illa
1779 977 2004 1028 providentia
2037 978 2139 1014 erat?

1152 1038 1332 1076 Adversus
1345 1039 1410 1076 bos
1429 1052 1523 1075 nunc
1542 1052 1623 1076 cum
1644 1038 1795 1088 carptim
1808 1046 2010 1088 pugnasset,
2027 1046 2142 1074 osten-

1151 1098 1204 1135 dit
1223 1098 1329 1136 etiam
1348 1098 1442 1149 quod
1470 1098 1600 1150 priscis
1629 1098 1865 1149 temporibus,
1889 1105 1922 1134 ct
1951 1106 2140 1147 antequam

1150 1158 1210 1195 lex
1241 1158 1401 1208 daretur,
1422 1158 1609 1196 hominum
1638 1167 1764 1195 natura
1782 1156 1988 1195 omnimoda
2015 1158 2140 1209 provi-

1151 1219 1270 1258 dentia
1287 1220 1476 1271 gaudebat.
1490 1221 1584 1257 Nam
1605 1220 1717 1270 Quod
1730 1227 1862 1256 notum
1877 1227 1932 1256 est
1948 1220 2038 1265 Dei,
2058 1232 2138 1256 ma-

1151 1282 1333 1333 nisestum
1355 1290 1437 1318 erat
1455 1284 1497 1318 ιή
1515 1282 1620 1328 illis‚·
1637 1280 1862 1330 sciebamque
1881 1279 1969 1330 quid
1987 1279 2136 1328 bonum,

1151 1340 1240 1391 quid
1259 1342 1395 1379 malum
1412 1351 1514 1389 esset,
1531 1356 1594 1393 per
1610 1355 1688 1392 quae
1704 1340 1748 1378 de
1765 1340 1845 1377 aliis
1857 1339 2079 1392 judicabant.
2096 1339 2141 1377 Id

1106 1412 1130 1442 D
1151 1403 1223 1441 illis
1243 1403 1462 1456 exprobrans
1481 1403 1621 1441 dicebat
1638 1418 1646 1439 :
1663 1405 1713 1439 In
1732 1416 1808 1454 quo
1818 1403 1975 1454 judicas
1999 1402 2137 1450 alium,

1152 1466 1312 1516 teipsum
1340 1465 1588 1502 condemnas.
1608 1465 1792 1511 Quantum
1815 1462 1860 1500 ad
1881 1461 2040 1513 Judaeos,
2059 1477 2141 1500 cum

1150 1525 1207 1571 iis,
1227 1539 1304 1575 quae
1322 1539 1428 1577 supra
1447 1524 1543 1563 dicta
1564 1534 1666 1573 sunt,
1694 1524 1754 1561 lex
1783 1523 1920 1572 aderat,
1940 1537 2003 1561 nec
2025 1524 2142 1561 solum

1150 1586 1375 1623 ratiocinatio
1392 1586 1449 1624 vel
1468 1585 1692 1623 conscientia.
1713 1586 1785 1622 Cur
1804 1593 1921 1623 autem
1938 1584 2007 1622 hoc
2022 1585 2139 1631 affert,

1151 1647 1443 1685 Accusantibus
1459 1648 1526 1693 ζυεῑ
1541 1650 1656 1684 etiam
1677 1648 1976 1683 excusantibus?
1989 1645 2027 1683 Si
2047 1645 2142 1683 enim

1150 1709 1266 1759 legem
1296 1708 1428 1746 babent
1450 1708 1641 1760 scriptam,
1661 1716 1693 1745 et
1721 1721 1809 1759 opus
1839 1706 2024 1756 exhibent,
2054 1706 2143 1757 quid

1151 1779 1201 1808 est
1221 1769 1314 1820 quod
1335 1783 1500 1807 accusare
1528 1768 1639 1820 possit
1658 1767 1911 1805 ratiocinium?
1932 1769 1979 1803 At
2000 1780 2069 1804 non
2097 1766 2143 1804 de

1151 1832 1222 1870 illis
1236 1841 1373 1869 tantum
1387 1830 1521 1868 dicitur
1531 1829 1948 1880 illud7Accusantibus,
1960 1828 2021 1865 sed
2035 1828 2142 1866 etiam

1151 1893 1194 1931 de
1213 1902 1285 1931 tota
1309 1903 1445 1931 natura.
1466 1894 1570 1931 Tunc
1594 1891 1687 1929 enim
1704 1890 1832 1928 adsunt
1849 1889 2048 1939 ratiocinia,
2070 1890 2141 1928 alia

1151 1955 1361 2004 accusantia,
1382 1955 1450 1992 alia
1467 1953 1701 2002 defendentia,
1719 1962 1824 2003 atque
1840 1952 1876 1989 in
1889 1951 1952 1989 illo
1968 1951 2140 1989 tribunali

1236 297 1391 328 HOMIL.
1431 296 1476 327 V.

2158 1412 2341 1450 anhya.

1151 2031 1219 2055 non
1245 2017 1352 2055 habet
1371 2031 1460 2069 opus
1478 2016 1585 2054 homo
1605 2014 1675 2052 alio
1696 2022 1908 2051 accusatore.
1929 2011 2068 2051 Deinde
2088 2012 2138 2050 ti—
2164 2041 2168 2044 -

1151 2093 1286 2117 morem
1301 2092 1444 2130 augens,
1457 2091 1526 2116 non
1543 2076 1651 2123 dixit,
1674 2078 1819 2114 Peccata
1838 2075 2041 2124 hominum,
2061 2074 2135 2120 sed,

1104 2146 1127 2176 E
1153 2141 1310 2178 Occulta
1322 2141 1532 2177 hominum.
1548 2138 1743 2187 Postquam
1756 2135 1849 2173 enim
1863 2135 1978 2172 dixit:
1997 2137 2139 2173 Existi-

1150 2214 1233 2238 mas
1249 2201 1481 2252 quijudicas
1503 2212 1565 2236 eos
1583 2200 1649 2249 qui
1665 2198 1952 2248 taliafaciunt,
1974 2205 2009 2233 et
2026 2196 2139 2248 facis

1149 2274 1209 2306 ea,
1225 2262 1329 2313 quod
1344 2262 1512 2312 effugies
1523 2259 1717 2311 judicium
1734 2258 1837 2294 Dei?
1855 2265 1894 2293 ut
1907 2271 1950 2294 ne
1965 2257 2070 2294 talem
2084 2270 2140 2293 ac-

1149 2320 1259 2372 cipias
1279 2320 1474 2368 calculum,
1503 2318 1645 2369 qualem
1670 2317 1745 2369 ipse
1763 2317 1845 2364 fers,
1867 2316 1925 2354 sed
1946 2316 2139 2367 intelligas,

1149 2381 1357 2419 sententiam
1377 2380 1444 2418 Dei
1462 2389 1523 2417 tua
1538 2379 1642 2431 longe
1662 2378 1877 2416 exactiorem
1889 2392 1973 2427 esse,
1993 2377 2140 2429 subjun-

1148 2443 1217 2492 xit,
1243 2443 1405 2480 Occulta
1438 2443 1665 2486 hominum;
1691 2449 1724 2478 et
1753 2439 1894 2492 adjecit,
1922 2440 2140 2478 Secundum

1149 2504 1390 2555 evangelium
1420 2517 1560 2548 meum,
1580 2516 1649 2553 per
1667 2502 1802 2539 Jesum
1824 2502 2034 2539 Christum.
2065 2500 2137 2537 Ho-

1149 2565 1260 2602 mines
1290 2564 1384 2602 enim
1410 2578 1530 2602 rerum
1550 2562 1818 2600 manifestarum
1836 2571 1975 2599 tantum
1998 2561 2139 2613 judices

1148 2625 1281 2663 sedent.
1302 2625 1410 2676 Atqui
1428 2638 1535 2676 supra
1560 2623 1604 2660 de
1623 2623 1726 2660 Patre
1745 2631 1883 2659 tantum
1899 2622 2134 2672 loquebatur:

1148 2700 1230 2724 cum
1249 2695 1367 2723 autem
1388 2685 1469 2722 illos
1497 2684 1623 2722 timore
1652 2682 1894 2730 emollivisset,
1919 2681 1964 2719 de
1995 2682 2137 2719 Christo

1090 2772 1136 2798 459
1148 2760 1345 2785 sermonem
1368 2745 1535 2795 induxit,
1558 2758 1672 2794 neque
1701 2743 2046 2794 bunctssimpliciter,
2075 2743 2138 2780 sed

1102 2810 1127 2839 Α
1149 2808 1255 2846 etiam
1273 2807 1333 2845 bic
1351 2821 1433 2844 cum
1452 2807 1593 2843 Patrem
1612 2813 1856 2851 memorasset,
1875 2803 1925 2841 sic
1950 2803 2056 2841 illum
2082 2804 2138 2842 in-

1147 2869 1271 2907 duxit:
1281 2878 1313 2906 et
1324 2867 1588 2920 praedicationis
1601 2865 1811 2917 dignitatem
1828 2879 1890 2917 per
1900 2865 1980 2902 illos
1991 2865 2133 2903 attollit:

1148 2932 1234 2969 Haec
1245 2930 1352 2979 enim,
1366 2929 1494 2980 inquit,
1506 2927 1710 2980 praedicatio
1727 2926 1802 2964 haec
1812 2926 2039 2978 praenuntiat,
2057 2941 2135 2978 quae

1149 3002 1369 3031 antevertens
1385 3001 1510 3029 natura
1524 2989 1702 3028 exhibuit.

1201 3055 1238 3092 6.
1271 3051 1443 3092 Vidistin’
1468 3064 1574 3101 quam
1598 3047 1792 3101 prudenter
1819 3047 1914 3100 ipsos
1935 3056 1968 3084 et
1987 3061 2136 3099 evange-

1148 3114 1197 3152 lio
1216 3123 1250 3152 et
1273 3113 1418 3152 Christo
1443 3111 1635 3149 admovens
1654 3109 1869 3160 alligaverit,
1888 3117 1922 3146 et
1942 3107 2135 3146 ostenderit

1147 3180 1265 3209 nostra
1282 3185 1349 3208 non
1370 3184 1443 3208 esse
1463 3168 1690 3221 praesentium
1709 3166 1885 3204 limitibus
1905 3166 2134 3204 circumscri-

1146 3241 1220 3283 pta,
1245 3230 1305 3268 sed
1339 3230 1430 3267 ultra
1460 3228 1671 3280 procedere?
1697 3227 1738 3265 Id
1766 3226 1862 3277 quod
1894 3226 1998 3264 etiam
2030 3240 2136 3278 supra

1130 3362 1206 3386 aute
1225 3355 1262 3384 Α.
1279 3356 1324 3386 διὰ
1340 3362 1396 3386 τῶν
1414 3351 1543 3391 αὐτῶν]

1175 3407 1190 3430 b
1215 3405 1388 3449 [ἀνωτέρω.
1410 3403 1468 3444 Α,]
