2466 3805
666 255 674 281 1
682 254 707 283 N
748 253 862 283 ACTA
900 253 1157 283 APOSTOLOR
1164 253 1219 282 UM
1231 272 1240 282 .

63 335 269 386 καλούμενον
293 336 311 355 ‘⁴'
324 335 407 384 [τὸν
425 334 558 384 Θεὸν],
579 334 637 372 καὶ
655 334 800 387 λέγοντα
812 351 820 358 ·
838 334 944 386 Κύριε
962 333 1077 380 Ἰησοῦ

62 397 209 450 Χριστὲ,
229 395 321 439 δέξαι
346 396 386 434 τὸ
400 397 536 447 πνεῦμά
552 411 629 446 μου.
646 396 866 439 Δεικνύοντος
880 400 964 446 ὁμοῦ
978 399 1078 434 τοῦτο

61 456 119 494 καὶ
138 455 356 500 διδάσκοντος
371 456 492 500 αὐτούς
514 460 604 495 ἐστιν
619 487 627 505 ,
645 457 698 495 ὅτι
714 459 775 495 οὐκ
787 457 990 495 ἀπόλλυται.
1008 456 1078 494 Καὶ

62 516 128 558 Θεὶς
142 516 186 554 τὰ
202 517 330 568 γόνατα
342 548 351 566 ‚
372 517 492 571 ἔκραξε
513 520 608 570 φωνῇ
627 519 779 569 μεγάλῃ,
793 518 899 571 Κύριε
913 546 921 564 ,
933 518 980 568 μὴ
998 517 1078 565 στή-

62 592 124 627 σῃς
143 579 257 621 αὐτοῖς
275 578 338 625 τὴν
358 578 532 631 ἁμαρτίαν
559 578 700 626 ταύτην.
722 579 860 630 (Ὠσπερ
891 578 1078 630 ἀπολογού-

64 653 162 686 μενος
176 669 184 684 ,
203 638 257 676 ὅτι
276 639 352 677 οὐδὲ
374 639 416 677 τὰ
436 639 587 692 πρότερα
617 643 723 690 θυμοῦ
745 635 800 686 ἦν,
822 639 924 691 φησὶ,
953 639 1056 692 Κύριε
1070 654 1077 662 ·

63 699 85 745 ἢ
105 700 163 737 καὶ
179 701 383 750 βουλόμενος
397 700 517 743 αὐτοὺς
530 700 638 749 ταύτῃ
654 701 926 739 ἐπισπάσασθαι.
943 700 995 737 Τὸ
1010 699 1077 751 γὰρ

64 764 201 812 ἀφεῖναι
220 760 281 811 μὲν
301 763 356 799 τὸν
373 762 480 812 Ουμὸν
507 761 564 799 καὶ
580 761 643 807 τὴν
660 761 764 812 ὀργὴν
786 763 835 812 τῷ
861 765 876 781 ²¹

884 760 974 812 φόνῳ
986 790 995 807 ,
1012 776 1079 797 κα-

63 822 170 872 Οαρὰν
188 821 293 865 δεῖξαι
310 824 342 860 δὲ
363 821 425 868 τὴν
444 823 559 874 ψυχὴν
581 827 640 860 τοῦ
660 821 805 865 πάθους,
825 820 1077 872 εὐπαράδεκτον

64 881 172 918 ἐποίει
197 882 252 919 τὸν
275 882 385 933 λόγον.
406 884 540 925 Σαῦλος
563 881 600 919 δὲ
621 877 660 928 ἦν
681 882 892 920 συνευδοκῶν
911 884 953 929 τῇ
982 883 1079 917 ἀναι-

65 941 156 993 ρέσει
179 945 292 980 αὐτοῦ.
310 942 465 992 Ἐγίνετο
485 942 519 980 δὲ
546 944 579 979 ἐν
598 941 710 992 ἐκείνῃ
732 945 773 992 τῇ
793 940 909 992 ἡμέρᾳ
929 941 1079 990 διωγμὸς

62 1002 171 1052 μέγας
191 1003 247 1040 ἐπὶ
274 1002 336 1049 τὴν
350 1002 564 1048 Ἐκκλησίαν
582 1001 643 1047 τὴν
664 1004 697 1039 ἐν
718 1001 980 1052 Ἱεροσολύμοις.
1000 1002 1079 1052 Οὐχ

62 1063 182 1105 ἁπλῶς
211 1056 306 1104 οὗτος
336 1065 354 1099 ὁ
384 1061 551 1112 διωγμὸς,
573 1060 651 1099 ἀλλ’
669 1063 892 1112 οἰκονομικῶς
910 1062 1001 1098 δοκεῖ
1021 1076 1079 1110 μοι

61 1123 249 1172 συμὸἧναι.
269 1121 338 1160 Καὶ
363 1122 488 1164 πάντες
508 1122 742 1173 διεσπάρησαν
766 1123 857 1160 κατὰ
877 1122 939 1169 τὴν
960 1121 1078 1173 χώραν

59 1185 121 1229 τ’ῆς
137 1182 304 1227 Ἰουδαίας
334 1183 392 1221 καὶ
422 1182 641 1235 Σαμαρείας,
668 1183 757 1230 πλὴν
778 1187 846 1221 τῶν
862 1183 1079 1222 ἀποστόλων.

60 1244 188 1296 εΟρξίς,
208 1247 281 1287 πῶς
309 1244 413 1282 πάλιν
443 1243 657 1295 πειρασμοὺς
684 1249 858 1297 συγχωρεῖ
874 1248 890 1282 ὃ
909 1244 997 1286 Θεὸς
1027 1243 1080 1295 γί-

62 1309 196 1352 νεσΟαι;
216 1305 306 1343 Ἀλλ’
323 1305 373 1343 ἴδε
393 1321 451 1355 μοι
469 1307 635 1352 ἐντεῦθεν,
650 1305 709 1342 καὶ
727 1305 819 1348 ὅπως
850 1307 1080 1354 οἰκονομεῖται

62 1365 106 1404 τὰ
132 1366 334 1417 πράγματα.
357 1365 650 1415 Ἔθαυμάσθησαν
670 1365 727 1403 διὰ
757 1365 800 1403 τὰ
823 1371 952 1416 σημεῖα
967 1395 977 1413 ,
1009 1382 1081 1416 μα-

63 1427 258 1478 στιχΟέντες
281 1427 374 1465 οὐδὲν
392 1427 534 1475 ἔπαθον,
550 1428 766 1473 κατέστησαν
784 1428 841 1465 ἐπὶ
857 1430 924 1465 τῶν
941 1431 1080 1480 χωρῶν,

63 1486 184 1533 ηὔξετο
205 1486 249 1524 ¹²5
274 1487 372 1539 λόγος
385 1503 392 1510 ·
415 1488 534 1526 λοιπὸν
560 1495 732 1540 συγχωρεῖ
755 1488 903 1539 κώλυμα
921 1487 1081 1540 γενέσθαι

66 1549 167 1599 μέγα.
186 1549 255 1586 Καὶ
285 1549 420 1599 γίνεται
442 1549 591 1600 διωγμὸς
609 1551 674 1601 οὐχ
706 1554 723 1588 ὃ
741 1549 869 1602 τυχὼν,
886 1550 976 1588 ὥστε
995 1552 1080 1599 ὁμοῦ

64 1609 123 1646 καὶ
140 1609 276 1653 τούτους
301 1615 416 1661 φυγεῖν
451 1609 653 1661 (ἐφοὸοῧντο
670 1610 737 1663 γὰρ
765 1610 989 1662 θρασυτέρους
1020 1612 1082 1648 αὖ-

64 1669 142 1713 τοὺς
167 1671 413 1721 γενομέν1υς),
433 1670 492 1707 καὶ
520 1676 607 1709 πᾶσι
626 1672 727 1716 δῆλον
751 1671 921 1722 ὑπάρξαι,
945 1670 1000 1709 ὅτι
1024 1671 1083 1708 ἄν·

65 1734 195 1781 Ορωποι
221 1727 309 1778 ἦσαν
336 1734 366 1769 οἱ
389 1730 594 1783 φοὸούμενοι
619 1732 677 1769 καὶ
694 1732 887 1784 φεύγοντες.
913 1731 989 1769 Ἵνα
1015 1731 1083 1784 γὰρ

67 1792 114 1841 μὴ
133 1792 172 1829 σὺ
194 1793 280 1841 μετὰ
306 1798 413 1831 ταῦτα
431 1793 554 1845 λέγῃς,
585 1792 637 1831 ὅτι
670 1794 790 1845 χάριτι
819 1793 920 1843 μόνον
944 1792 1085 1844 κατώρ-

67 1856 158 1899 Οουν,
177 1853 264 1891 ςκᾶν
285 1853 482 1892 ἐδιώκοντο·
500 1854 559 1891 καὶ
582 1854 677 1891 αὐτοὶ
701 1854 886 1905 δειλότεροι
905 1853 1087 1905 γεγόνασι,

67 1915 124 1951 καὶ
142 1917 263 1952 ἐκεῖνοι
278 1915 490 1967 Ορασύτεροι.
511 1915 580 1953 Καὶ
601 1915 727 1957 πάντες
745 1915 979 1967 διεσπάρησαν
994 1915 1085 1961 πλὴν

66 1978 133 2012 τῶν
154 1975 367 2020 ἀποστόλων,
391 1975 486 2026 φησί.
507 1978 584 2013 Οὐκ
605 1976 673 2026 ἄρα
692 1975 804 2024 μάτην
824 1975 952 2027 ἔλεγον,
969 1975 1021 2014 ὅτι
1037 1977 1086 2012 οἷ·

68 2036 230 2084 κονομίας
249 2040 265 2072 ὁ
284 2036 433 2085 διωγμὸς
449 2030 491 2081 ἦν
509 2051 515 2058 ·
544 2038 572 2073 εἴ
595 2035 642 2086 μὴ
659 2036 727 2087 γὰρ
741 2035 897 2086 γέγονεν,
919 2037 980 2072 οὐκ
1001 2035 1040 2072 ἂν
1055 2038 1086 2075 οἳ

69 2095 221 2141 μαθηταὶ
241 2096 489 2147 διεσπάρησαν.
519 2097 755 2147 Συνεκόμισαν
776 2096 810 2133 δὲ
829 2097 887 2135 τὸν
910 2098 1084 2148 Στέφανον

69 2158 186 2207 ἄνδρες
209 2157 380 2204 εὖλαὸεῖς,
400 2158 458 2194 καὶ
488 2157 696 2203 ἐποιήσαντο
725 2158 870 2195 κοπετὸν
898 2157 1006 2209 μέγαν
1030 2160 1083 2196 ἐπ’

70 2221 173 2269 αὐτῷ.
194 2217 242 2255 *H
263 2217 358 2255 οὔπω
374 2213 461 2264 ἦσαν
479 2217 621 2265 τέλειοι,
642 2217 663 2262 ἢ
693 2217 745 2254 ὅτι
776 2217 935 2269 ἐπίχαρις
958 2213 1000 2265 ἦν
1027 2218 1086 2256 καὶ

69 2278 261 2327 αἰδέσιμος·
285 2278 336 2315 διὸ
356 2278 414 2315 καὶ
438 2278 624 2315 κόπτονται
657 2278 771 2316 αὐτόν.
800 2277 893 2328 Ἅμα
918 2278 953 2316 δὲ
985 2282 1087 2318 τοῦτο

69 2339 217 2377 δείκνυσι
235 2339 293 2376 καὶ
322 2339 518 2390 ἀνθρώπους
537 2338 657 2381 αὐτοὺς
684 2338 804 2386 ὄντας,
829 2338 906 2390 οὐχὶ
937 2343 954 2378 ὁ
982 2340 1086 2391 φόὸος

70 2400 188 2451 μόνον,
210 2399 300 2439 ἀλλὰ
318 2399 378 2438 καὶ
400 2403 421 2447 ἡ
442 2399 533 2447 λύπη
553 2399 645 2438 καὶὸ
660 2399 816 2444 κοπετός.

122 2757 185 2800 Τίς
199 2757 264 2809 γὰρ
283 2759 345 2795 οὐκ
360 2757 398 2794 ἂν
414 2758 578 2796 ἔκλαυσεν
592 2761 678 2812 ὁρῶν
694 2759 751 2798 τὸν
766 2759 896 2812 ἥμερον
916 2759 1082 2807 ᾱέκεῖνον,

69 2818 108 2856 τὸ
126 2819 236 2870 ἀρνίον
248 2849 258 2866 ,
275 2817 488 2857 λιθόλευστον
501 2819 681 2870 γενόμενον
698 2820 757 2858 καὶ
773 2820 930 2872 κείμενον
945 2820 1082 2872 νεκρόν;

69 2877 199 2917 Ἱκανὸν
226 2881 327 2918 αὐτοῦ
357 2879 536 2932 ἐπιτάφιον
564 2880 736 2927 διεξῆλθεν
767 2886 785 2920 ὁ
815 2882 1080 2934 εὖαγγελιστὴς,
1106 2893 1130 2922 Ε

70 2938 137 2977 Καὶ
152 2939 218 2983 Οεὶς
232 2939 276 2978 τὰ
293 2939 437 2992 γόνατα,
451 2940 575 2989 εἰπὼν,
588 2942 648 2980 καὶ
665 2942 793 2994 κράξας
813 2945 909 2995 φωνῇ
931 2942 1081 2994 μεγάλῃ.

69 3001 137 3037 Καὶ
166 3000 326 3048 ἐποίησαν
345 3002 489 3041 κοπετὸν
510 3003 616 3055 μέγαν
635 3005 689 3042 ἐπ’
719 3007 823 3057 αὐτῷ.
843 3006 934 3042 Ἀλλ’
952 3004 1080 3054 ἴδωμεν

70 3060 194 3098 ἄνωθεν
218 3060 264 3100 τὰ
287 3062 463 3115 εἰρημένα.
494 3063 685 3117 εΥποίρχων
714 3064 852 3118 πλήρης
878 3065 1082 3114 Πνεύματος

112 3199 128 3216 ²*
143 3199 207 3241 [τόν
223 3205 284 3234 θεὸν
299 3198 393 3233 abest
415 3212 434 3232 a
457 3201 498 3234 D.
522 3208 556 3233 et.
573 3200 674 3243 Bibt,
699 3208 733 3233 et
756 3200 919 3233 inclusum
939 3199 1067 3234 habent

69 3250 227 3283 Commel.
245 3259 278 3283 et.
292 3251 412 3294 Savil.]

111 3312 124 3327 ²
141 3303 232 3334 Unus
246 3311 334 3348 φόνῳ,
350 3308 536 3347 καθαρθῆναι
551 3307 580 3337 δὲ
594 3310 648 3343 τὴν
664 3308 768 3347 ψυχήν.

111 3355 127 3378 ¹)
142 3354 237 3388 Idem
252 3360 267 3389 ὁ
285 3360 367 3398 λόγος
380 3359 468 3389 πάλιν
483 3364 638 3401 συγχωρεῖ.

111 3417 122 3431 ⁰
139 3407 148 3448 [
167 3412 216 3441 καὶ
230 3411 380 3441 ἐδιώκοντο
395 3405 495 3440 Savil.
514 3414 546 3438 et
563 3409 599 3438 A.
620 3412 667 3441 καὶ
690 3411 826 3441 &mo-,ro
841 3407 878 3439 C.
904 3412 956 3441 κᾶν
973 3409 1014 3441 ἐδ.
1034 3409 1071 3439 B.

2043 236 2120 282 151

1152 333 1204 371 510
1224 342 1257 371 et
1275 332 1480 385 praedicatio
1510 332 1725 371 enuntiatur.
1748 332 1800 369 Et
1821 339 1932 369 testes
1950 332 2132 383 deposue-

1152 403 1243 432 runt
1261 396 1491 431 vestimenta
1509 407 1580 431 sua
1597 406 1704 430 secus
1720 392 1834 444 pedes
1855 392 2128 438 adolescentis,

1153 458 1219 507 qui
1243 457 1461 493 ‘vocabatur
1485 455 1636 493 Saulus.
1657 453 1718 492 58.
1738 455 1792 491 Et
1810 452 2039 506 lapidabant
2052 453 2132 491 Ste-

1149 518 1346 567 phanum,
1378 519 1622 554 invocantem
1654 517 1802 563 Deum,
1841 523 1879 553 et
1914 516 2102 553 dicentem
2120 530 2131 550 .-

1105 586 1126 615 B
1153 578 1318 616 Domine
1337 578 1431 614 Jesu
1452 577 1621 622 Christe,
1644 578 1775 627 accipe
1793 577 1967 627 spiritum
1994 588 2131 613 meum.

1154 637 1245 675 Hinc
1264 637 1418 675 ostendit
1437 647 1470 675 et
1482 637 1583 675 docet
1598 637 1698 686 illos,
1717 650 1754 674 se
1770 650 1837 674 non
1853 636 1980 688 perire.
2000 637 2062 675 59.
2080 637 2134 674 Ec

1149 700 1284 748 positis
1296 700 1454 749 genibus
1467 698 1653 734 clamavit
1665 711 1761 734 voce
1774 711 1918 748 magna
1930 713 1940 733 .-
1955 698 2134 743 Domine,

1155 772 1202 793 ne
1220 766 1371 794 statuas
1392 757 1471 794 illis
1488 758 1559 793 hoc
1578 765 1791 807 peccatum.
1811 757 1923 802 Quasi
1951 771 2024 794 sese
2048 771 2135 808 pur-

1153 830 1258 867 gans,
1279 816 1374 866 quod
1389 817 1507 867 priora
1520 830 1589 853 non
1606 830 1652 853 ex
1671 816 1723 853 ira
1737 816 1892 863 dixerit,
1912 817 1980 865 ait,
2000 819 2135 854 Domi-

1155 890 1201 912 ne
1210 892 1225 919 ;
1249 876 1306 914 vel
1321 875 1416 925 quod
1436 876 1543 913 vellet
1558 889 1614 912 eos
1634 875 1684 912 sic
1712 876 1898 914 attrahere.
1921 878 2013 914 Nam
2041 877 2137 927 quod

1152 935 1345 973 dimitteret
1365 935 1450 987 ipsis
1469 936 1559 973 iram
1578 945 1612 973 et
1631 936 1803 985 furorem,
1832 950 1902 986 quo
1922 937 2050 974 caedem
2072 953 2137 989 pa-

1152 996 1311 1043 trabant,
1329 1005 1363 1033 et
1381 996 1541 1033 animum
1561 1010 1580 1032 a
1600 995 1763 1047 passione
1777 1010 1908 1047 purum
1923 997 2134 1045 ostenderet,

1153 1055 1190 1093 id
1213 1065 1306 1093 certe
1324 1056 1578 1107 acceptabilem
1610 1055 1781 1094 reddebat
1811 1071 2021 1095 sermonem.
2044 1059 2137 1097 Sau-

1280 252 1426 281 nomn.
1435 272 1444 281 .
1482 251 1609 282 xvm.

1153 1116 1213 1153 lus
1237 1126 1365 1154 autem
1390 1126 1473 1155 erat
1488 1119 1731 1155 consentiens
1749 1120 1833 1155 neci
1847 1119 1942 1170 ejus.
1960 1121 1995 1157 1.
2012 1121 2140 1157 Facta
2154 1132 2227 1161 Cn.
2253 1140 2316 1160 vm.

1153 1186 1209 1214 esc
1245 1187 1374 1216 autem
1397 1181 1439 1215 in
1470 1179 1544 1215 illa
1571 1179 1634 1215 die
1656 1181 1903 1231 persequutio
1931 1194 2075 1232 magna
2100 1183 2142 1218 in

1154 1239 1355 1285 Ecclesia,
1379 1253 1466 1291 quae
1483 1248 1565 1276 erat
1583 1240 1852 1288 Jerosolymis.
1873 1242 1951 1278 Non
1968 1241 2043 1279 sine
2059 1256 2142 1279 cau-

1154 1313 1191 1337 sa
1208 1300 1297 1337 mihi
1310 1301 1387 1338 haec
1402 1301 1642 1352 persequutio,
1663 1300 1724 1338 sed
1745 1300 1867 1339 divina
1884 1301 2144 1354 dispensatione

1155 1358 1342 1409 contigisse
1363 1358 1519 1396 videtur.
1542 1361 1596 1396 Et
1615 1372 1745 1396 omnes
1777 1360 1938 1411 dispersi
1969 1370 2057 1399 sunt
2077 1376 2146 1413 per

1153 1422 1325 1472 regiones
1344 1420 1492 1457 Judoeae
1517 1427 1554 1456 et
1572 1419 1760 1457 Samariae
1775 1429 1916 1472 praeter
1939 1423 2144 1473 apostolos.

1155 1480 1288 1519 Viden⁷
1295 1510 1304 1527 ‚
1316 1479 1493 1530 quomodo
1502 1494 1647 1517 rursum
1654 1480 1960 1532 persequutionem
1969 1496 2040 1520 esse
2050 1485 2148 1521 Deus

1155 1539 1340 1577 concedat?
1352 1538 1422 1577 Sed
1430 1538 1514 1577 vide
1525 1538 1628 1587 mihi,
1637 1539 1814 1590 quomodo
1825 1554 1878 1577 res
1889 1540 2146 1592 dispensentur.

1156 1605 1224 1642 Per
1244 1603 1344 1655 signa
1358 1602 1539 1641 mirabiles
1559 1601 1641 1640 facti
1657 1612 1752 1653 suut,
1774 1603 1943 1654 flagellati
1960 1605 2050 1643 nihil
2066 1614 2148 1643 sunt

1155 1665 1263 1717 passi,
1271 1664 1450 1702 constituti
1461 1673 1543 1702 sunt
1553 1679 1615 1716 per
1625 1664 1795 1715 regiones,
1806 1679 1919 1703 sermo
1929 1666 2144 1717 augebatur:

1157 1725 1302 1763 demum
1326 1725 1500 1777 permittit
1512 1725 1806 1777 impedimentum
1817 1741 1890 1764 esse
1905 1741 2086 1778 magnum.
2102 1727 2148 1765 Et

1158 1787 1200 1824 fit
1208 1787 1431 1838 persequutio
1441 1801 1509 1825 non
1524 1786 1676 1833 modica,
1689 1787 1737 1824 ita
1747 1796 1786 1824 ut
1800 1787 1854 1825 illi
1868 1788 1976 1826 simul
1988 1790 2149 1841 fugerent

1160 1847 1346 1894 (timebant
1357 1847 1451 1885 enim
1466 1848 1546 1885 illos
1561 1847 1766 1885 audaciores
1780 1848 1917 1897 factos),
1932 1858 1965 1886 et
1981 1850 2148 1889 omnibus

1159 1910 1278 1962 palam
1299 1919 1403 1955 esset,
1421 1910 1581 1948 homines
1596 1924 1669 1947 esse
1688 1924 1763 1959 eos,
1784 1910 1847 1961 qui
1861 1910 2026 1949 timerent
2042 1921 2074 1950 et
2092 1914 2146 1950 fu-

1160 1977 1294 2019 gerent.
1310 1969 1362 2006 Ne
1376 1968 1511 2007 diceres
1524 1968 1636 2017 enim,
1658 1968 1739 2006 illos
1758 1983 1821 2021 per
1839 1969 1990 2020 gratiam
2007 1979 2144 2008 tantum

1159 2031 1328 2082 praeclare
1342 2045 1462 2082 agere,
1476 2030 1785 2082 persequutionem
1804 2040 1895 2068 certe
1908 2032 2146 2083 patiebantur5

1160 2091 1298 2144 ipsique
1331 2091 1530 2129 timidiores
1547 2091 1631 2128 facti
1653 2100 1758 2141 sunt,
1781 2091 1835 2129 illi
1855 2092 2074 2131 audaciores.
2092 2095 2149 2132 Et

1160 2166 1290 2190 omnes
1309 2154 1469 2203 dispersi
1487 2160 1595 2197 sunt,
1620 2151 1756 2201 inquit,
1782 2161 1922 2203 proeter
1941 2155 2145 2204 apostolos.

1159 2211 1239 2249 Non
1254 2223 1338 2261 ergo
1356 2211 1490 2247 frustra
1504 2209 1680 2257 dicebam,
1695 2211 2003 2261 persequutionem
2019 2227 2065 2250 ex
2077 2212 2148 2250 dis-

1158 2267 1363 2319 pensatione
1383 2267 1491 2305 fuisse
1512 2283 1520 2303 ε
1540 2266 1609 2305 11151
1632 2267 1726 2304 enim
1752 2268 1842 2305 facta
1864 2268 2009 2319 fuisset,
2033 2269 2147 2308 disci-

1106 2332 1109 2335 ’
1158 2329 1237 2380 puli
1256 2343 1326 2367 non
1343 2328 1492 2366 fuissent
1510 2327 1676 2380 dispersi.
1700 2331 1738 2366 5²2.
1761 2330 2002 2368 Curaverunt
2018 2340 2148 2369 autem

1159 2390 1396 2442 Stephanum
1414 2391 1494 2427 viri
1508 2390 1692 2441 religiosi,
1706 2398 1743 2427 et
1755 2391 1935 2442 fecerunt
1947 2392 2148 2444 planctum

1160 2465 1342 2504 magnum
1356 2464 1470 2504 super
1482 2464 1578 2488 eum.
1598 2450 1669 2489 Vel
1687 2450 1846 2488 nondum
1864 2461 1963 2490 erant
1977 2454 2124 2506 perfecti
2133 2470 2145 2505 3

1159 2513 1218 2552 vel
1251 2513 1335 2564 quia
1360 2512 1422 2550 ille
1452 2511 1627 2563 gratiosus
1658 2519 1732 2548 erat
1749 2519 1783 2548 et
1804 2513 2040 2564 venerabilis,
2066 2513 2146 2552 ideo

1158 2575 1333 2628 plangunt
1358 2574 1474 2612 ilium.
1495 2572 1613 2611 Simul
1634 2581 1752 2609 autem
1771 2572 1831 2610 hic
1850 2587 1919 2611 non
1939 2574 2047 2613 timor
2068 2585 2144 2613 tan·

1156 2649 1233 2678 tum
1246 2669 1257 2689 ,
1275 2638 1336 2676 sed
1353 2637 1459 2675 etiam
1478 2636 1579 2674 dolor
1598 2645 1632 2674 et
1649 2636 1812 2687 planctus
1824 2666 1834 2685 ,
1857 2637 2047 2677 ostendunt
2064 2639 2143 2678 illos

1156 2706 1230 2730 esse
1247 2690 1419 2729 homines.

1208 2756 1246 2792 9.
1267 2751 1358 2800 Quis
1378 2750 1472 2789 enim
1491 2764 1560 2788 non
1581 2750 1751 2803 plorasset
1773 2749 1898 2790 videns
1918 2750 2023 2790 illum
2041 2765 2142 2791 man-

1156 2824 1295 2854 suetum
1309 2828 1442 2866 agnum
1458 2812 1677 2865 lapidatum,
1693 2814 1809 2865 jacere
1827 2821 2007 2851 mortuum
2019 2814 2037 2851 Ξ)
2056 2814 2141 2853 Ido-

1156 2892 1264 2916 neum
1281 2876 1337 2914 illi
1355 2875 1580 2928 epitaphium
1600 2874 1764 2926 apposuit
1794 2874 2028 2926 evangelista,
2059 2890 2141 2914 cum

1155 2939 1250 2977 dixit
1269 2955 1277 2975 :
1298 2939 1352 2976 Et
1372 2939 1507 2989 positis
1526 2938 1707 2988 genibus,
1733 2935 1918 2973 clamavit
1936 2950 2033 2974 voce
2051 2951 2140 2975 ma—

1153 3014 1244 3054 gna.
1288 3001 1341 3037 Et
1385 2999 1565 3051 fecerunt
1608 2997 1810 3049 planctum
1856 3010 2041 3049 magnum
2071 3012 2139 3036 su-

1152 3076 1222 3115 per
1250 3074 1349 3100 eum.
1383 3058 1454 3098 Sed
1485 3072 1564 3110 quae
1591 3057 1754 3109 superius
1786 3056 1881 3095 dicta
1916 3067 2019 3106 sunt,
2063 3059 2141 3112 jam

1133 3200 1188 3239 D.‚
1206 3196 1296 3230 haud
1322 3195 1508 3239 spernenda
1535 3195 1712 3236 scriptura,
1739 3193 1817 3225 licet
1832 3204 1950 3236 parum
1974 3194 2143 3227 intellecta

1135 3250 1178 3283 ab
1194 3249 1330 3290 Montf.,
1354 3250 1410 3293 qui
1422 3250 1658 3291 interpretatus
1681 3247 1741 3286 sit,
1759 3246 1836 3277 dum
1856 3250 2144 3291 persequutionem

1135 3303 1358 3346 paterentur]

1185 3354 1201 3380 ἃ
1216 3354 1309 3386 Unus
1327 3359 1432 3388 ἐκεῖνον
1446 3358 1494 3386 τὸν
1510 3358 1635 3395 ἄρνειον.
1652 3348 1720 3391 [Sic
1737 3349 1793 3391 D.]
