2466 3805
295 245 382 289 262
741 259 776 288 s.
815 255 1000 286 JOANMS
1037 252 1279 282 CHRYSOST.

289 340 447 391 rogantia
481 355 488 375 ε
520 338 611 375 nihil
632 337 697 374 hoc
728 335 915 386 impurius,
954 333 1043 370 nihil
1063 331 1175 382 magis
1195 332 1262 368 im-

286 401 403 452 pium,
426 399 515 436 nihil
532 397 720 435 scelestius.
741 395 842 432 Nihil
863 395 914 431 tui
934 393 1045 445 ipsius
1059 405 1132 429 csse
1158 405 1263 442 repu-

287 470 332 497 13.
349 460 566 497 Facultatem
583 455 682 494 verbi
701 464 734 492 et
753 455 920 492 doctrinm
952 452 1103 504 gratiam
1121 451 1230 488 habes
1246 452 1263 488 Ξ)

285 521 338 556 Ν6
364 519 442 556 ideo
470 527 502 554 16
526 525 626 566 putes
652 515 732 565 plus
760 529 866 564 quam
885 514 973 551 alios
1006 513 1148 550 habere.
1178 511 1264 549 Ideo

284 579 438 616 maxime
452 587 483 614 te
498 574 680 614 humiliari
701 584 850 627 oportet,
871 574 953 624 quia
964 573 1129 625 pluribus
1140 572 1267 624 digna*

88 652 159 678 Lac.
175 659 201 687 7.
218 652 267 687 47.
284 648 338 676 tus
357 652 392 675 es
416 638 528 675 donis.
551 637 617 674 Cui
636 636 729 674 enim
747 636 830 687 plus
844 634 1050 681 dimittitur,
1079 633 1160 685 plus
1179 632 1263 670 dili-

282 708 349 749 get.
364 700 485 748 Itaque
507 697 690 734 humiliari
706 706 739 734 te
754 704 905 748 oportet,
922 695 1004 745 quia
1025 694 1104 732 aliis
1119 704 1263 747 [1131161-

280 759 397 796 11115515
416 788 425 806 ,
461 758 528 795 tibi
552 757 677 795 annuit
706 759 815 795 Deus.
842 756 917 793 Hae
949 755 993 793 de
1021 769 1125 793 causa
1145 756 1259 793 time:

281 833 371 870 scepe
390 819 483 856 enim
509 819 575 856 hoc
590 818 657 855 tibi
673 817 841 870 perniciei
861 831 962 854 causa
985 826 1051 866 est,
1073 816 1144 854 nisi
1170 816 1263 868 vigi-

280 879 421 917 laveris.
441 880 514 916 Cur
533 879 646 917 altum
661 879 756 931 sapis
772 879 788 916 Ρ
807 877 890 929 quia
903 877 1021 915 verbis
1037 877 1142 916 doces
1161 877 1178 914 ¹?
1193 877 1263 915 Sed

278 940 381 977 facile
394 949 444 978 est
458 940 704 993 philosophari
723 940 841 977 verbis
863 956 870 976 ε
895 939 981 978 (1006
999 953 1056 977 1116
1071 953 1136 991 per
1150 938 1264 981 vitam

279 1009 376 1037 tuam
406 1016 412 1036 :
444 1001 518 1038 haec
537 1009 587 1038 est
605 1001 739 1052 optima
759 999 934 1038 doctrina.
952 999 1065 1048 Dicis,
1091 998 1263 1037 modestia

278 1074 366 1111 opus
389 1075 474 1111 esse,
491 1070 524 1099 et
551 1061 619 1098 hae
639 1060 682 1100 de
701 1075 738 1098 re
754 1061 901 1112 longum
927 1060 1018 1097 texis
1049 1073 1260 1111 sermonem,

276 1130 381 1172 atque
394 1122 547 1160 oratoria
562 1123 636 1160 sine
653 1122 752 1160 obice
766 1121 873 1161 verba
894 1120 1105 1174 profundis?
1121 1123 1168 1158 At
1188 1112 1262 1158 mess

276 1181 344 1218 lior
377 1191 410 1219 16
441 1191 492 1220 651
512 1182 585 1231 1116,
605 1182 698 1220 (11001
716 1181 906 1234 quispiam,
928 1182 987 1232 qui
1008 1181 1075 1218 hoc
1095 1181 1261 1232 operibus

94 1258 190 1295 Opere
201 1269 260 1286 nm-
274 1257 330 1280 me
349 1243 462 1281 docet.
498 1244 578 1281 Non
597 1243 692 1281 enim
714 1244 762 1280 ita
782 1242 955 1280 insinuari
987 1242 1100 1280 solent
1132 1242 1261 1280 animis

74 1303 470 1367 §22¹jo‘lisszsi'1discikilinae
502 1304 634 1353 verbis,
657 1314 695 1342 ut
726 1303 892 1356 operibus
917 1319 923 1339 ι
952 1317 1034 1340 113111
1053 1302 1121 1340 11151
1154 1317 1261 1352 opera

74 1387 180 1407 ‚minu
213 1383 258 1409 di-
274 1366 404 1404 habeas
420 1396 428 1413 ,
446 1380 516 1404 non
539 1366 644 1404 modo
658 1381 727 1405 11011
744 1365 875 1418 prodes
895 1365 1028 1411 verbis,
1065 1365 1128 1403 sed
1153 1365 1260 1402 etiam

71 1422 202 1457 ⁵⁶⁶1'liflfl·
274 1427 388 1478 inagis
399 1441 515 1466 noces.
534 1428 668 1465 Melius
681 1437 733 1465 est
746 1436 871 1464 tacere.
895 1426 1039 1474 Quare?
1058 1426 1153 1472 Quia
1182 1440 1259 1464 rem

273 1488 361 1525 inihi
381 1488 637 1540 impossibilem
666 1489 846 1540 proponis.
877 1488 1002 1539 Cogito
1022 1487 1128 1536 enim,
1160 1487 1189 1524 si
1219 1496 1258 1524 tu

271 1549 331 1598 qui
362 1557 458 1586 131113
492 1548 664 1599 loqueris,
683 1563 753 1586 non
786 1548 892 1595 faeis;
914 1548 1026 1585 multo
1058 1547 1172 1598 magis
1201 1562 1258 1585 me

270 1609 371 1647 venia
384 1609 535 1661 dignum
552 1624 639 1659 esse,
672 1610 731 1660 qui
757 1608 958 1646 111111111100.
979 1607 1061 1646 Ideo
1089 1608 1137 1645 ait
1174 1622 1256 1659 pro-

69 1679 157 1707 10531.
183 1682 232 1719 49.
269 1669 376 1720 pheta
403 1685 410 1705 :
446 1672 649 1707 Peccatori
680 1677 810 1707 autem
841 1670 940 1705 datit
966 1669 1094 1713 Deus,
1125 1670 1255 1718 Quare

73 1719 117 1746 ¹⁶·
271 1737 311 1766 tu
329 1742 490 1766 enarras
510 1731 687 1780 justitias
703 1742 807 1766 meas
822 1732 837 1764 Ρ
859 1728 978 1778 Majus
996 1727 1088 1764 enim
1104 1727 1172 1764 1100
1187 1742 1254 1765 no-

267 1797 470 1825 cumentum
490 1797 552 1835 est,
573 1802 654 1825 011111
671 1788 750 1838 quis
764 1796 856 1824 16016
869 1787 998 1824 docens
1027 1787 1160 1835 verbis,
1188 1787 1252 1825 do-

266 1846 414 1883 ctrinam
434 1846 533 1883 factis
549 1845 747 1897 impugnat.
774 1846 850 1882 Hoc
866 1845 1062 1882 multorum
1079 1844 1115 1882 in
1130 1844 1253 1883 Eccle-

265 1907 326 1949 5115
345 1906 412 1943 fuit
430 1919 532 1943 031153
544 1906 733 1943 111310111111.
749 1907 941 1957 Propterea
954 1905 1138 1957 ignoscite,
1157 1920 1252 1956 quae-

266 1980 315 2014 50,
334 1966 429 2017 quod
444 1981 556 2004 sermo
580 1967 647 2005 hac
665 1966 700 2004 in
721 1980 757 2004 re
779 1966 920 2017 longius
940 1975 1116 2004 excurrat.
1141 1967 1251 2004 Multi

265 2028 376 2065 multa
391 2027 537 2075 faciunt,
555 2036 593 2065 ut
615 2027 652 2064 in
669 2026 786 2065 medio
807 2036 938 2064 stantes
964 2027 1111 2078 longum
1128 2028 1248 2078 profe·
1273 2041 1298 2070 1)

265 2097 343 2125 rant
363 2102 562 2125 sermonem
585 2103 592 2123 ε
616 2097 648 2125 61
665 2088 694 2125 51
713 2088 877 2139 plausum
897 2087 1138 2125 multitudinis
1157 2103 1250 2127 3556-

268 2158 422 2198 quantur
440 2179 450 2199 ,
472 2148 620 2200 perinde
637 2148 791 2199 gaudent
810 2163 851 2186 ac
867 2148 894 2185 si
911 2162 1058 2199 regnum
1076 2149 1251 2187 obtinuis-

268 2218 344 2246 sent
361 2225 372 2258 5
397 2209 425 2246 si
447 2222 531 2246 vero
547 2222 629 2246 011111
646 2208 785 2246 silentio
807 2208 949 2246 dicendi
968 2210 1076 2246 finem
1109 2210 1251 2259 faciant,

269 2270 426 2320 gehenna
452 2268 538 2320 ipsis
571 2269 715 2319 gravius
734 2278 767 2306 et
785 2269 964 2307 onerosius
980 2278 1030 2307 est
1048 2270 1118 2307 tale
1145 2271 1252 2308 silen—

270 2332 374 2368 tium.
388 2330 464 2367 Hoc
483 2328 659 2366 Ecclesias
674 2329 861 2378 subvertit,
878 2329 969 2378 quod
988 2344 1051 2368 vos
1070 2344 1138 2368 non
1155 2345 1252 2382 quae-

270 2394 355 2431 ratis
380 2391 488 2430 verba
518 2390 819 2443 compunctionis,
837 2394 897 2428 sed
921 2405 999 2441 quae
1021 2392 1194 2430 oblectent
1219 2402 1252 2430 et

272 2469 354 2493 sono
371 2464 404 2492 61
424 2453 613 2491 verborum
633 2453 897 2505 compositione,
926 2467 966 2490 ac
994 2452 1021 2490 51
1042 2463 1197 2492 cantores
1220 2465 1252 2492 et

270 2517 482 2555 citharoedos
494 2514 662 2555 audiretis
679 2529 687 2562 3
705 2524 738 2551 61
754 2527 816 2551 1105
836 2513 966 2564 frigide
984 2527 1025 2550 ac
1038 2513 1162 2552 misere
1194 2530 1253 2553 ve-

271 2587 359 2615 51105
387 2579 532 2615 affectus
563 2588 763 2624 sequamur,
801 2588 888 2624 quos
917 2573 1121 2612 exscindere
1147 2588 1252 2626 opor-

271 2651 366 2680 ῙΟΓΩῒ.

323 2705 359 2739 4.
373 2703 604 2755 Idipsumque
622 2701 789 2749 facimus,
804 2714 844 2738 ac
863 2700 891 2737 si
910 2709 1008 2751 pater
1027 2699 1133 2737 nimis
1152 2700 1252 2738 molli

272 2778 381 2816 puero
394 2795 403 2811 ,
441 2764 505 2801 etsi
538 2762 756 2811 infirmanti,
788 2760 957 2811 frigidam
988 2761 1199 2812 placentam,
1222 2770 1252 2798 61

271 2839 348 2875 quae
370 2824 484 2862 solum
505 2824 681 2861 oblectant
691 2821 847 2874 porrigat
865 2836 876 2870 3
899 2821 1042 2858 utilium
1058 2835 1142 2859 vero
1167 2822 1254 2859 nul-

271 2886 343 2922 lam
361 2899 482 2922 curam
496 2885 624 2922 haheat
645 2899 652 2919 ε
673 2882 803 2920 deinde
823 2896 842 2918 a
863 2881 1010 2919 medicis
1029 2882 1250 2933 objurgatus,

273 2945 317 2983 ad
350 2946 611 2984 exeusationem
645 2945 753 2991 dieat,
789 2943 888 2990 Quid
918 2944 1045 2980 faciam
1061 2944 1077 2981 Ξ)
1111 2945 1254 2982 flentem

272 3022 424 3059 puerum
442 3008 532 3045 ferre
550 3019 697 3056 nequeo.
715 3005 826 3043 Miser
842 3034 851 3052 ,
873 3004 997 3041 infelix
1014 3013 1047 3041 et
1063 3004 1223 3056 proditor
1244 3022 1252 3042 z

275 3083 385 3119 neque
401 3069 492 3106 enim
512 3068 607 3105 hunc
636 3076 772 3118 patrem
793 3065 970 3103 dixerim:
993 3079 1099 3114 quam
1127 3067 1253 3104 melius

273 3138 372 3177 esset,
392 3129 496 3166 illum
514 3141 625 3180 parvo
640 3136 797 3179 tempore
812 3125 956 3163 tristitia
978 3126 1145 3163 affectum
1175 3141 1253 3178 per-

273 3191 368 3228 fectae
384 3189 523 3227 sanitati
537 3188 718 3227 restituere
732 3217 744 3238 ,
763 3201 868 3239 quam
895 3195 1154 3238 temporaneam
1172 3201 1252 3239 gra-

314 3330 326 3343 3
352 3323 398 3352 διὰ
414 3327 500 3353 τοῦτο
514 3317 606 3350 deest
621 3320 653 3350 111
671 3317 880 3360 quibusdam.

315 3371 329 3385 *¹
354 3371 508 3411 [τοσαῦτα
522 3371 560 3401 D.
580 3375 676 3403 ταῦτα
696 3367 798 3400 Editi.
815 3370 912 3401 Deest
929 3368 1020 3402 locus
1038 3369 1072 3402 in
1097 3371 1133 3401 A.
1154 3371 1188 3402 B.
1213 3370 1269 3413 C.]

313 3425 328 3447 ¹³
353 3422 364 3463 [
382 3427 426 3456 ὅτι
443 3426 494 3455 τοῦ
508 3424 593 3463 λόγου
610 3421 664 3461 D.,
684 3431 749 3452 non
766 3418 878 3462 male]

1313 252 1530 281 ..mennith
1569 251 1930 282 CONSTANTINOP-

1335 332 1425 382 ἔχεις
1444 332 1503 369 καὶ
1517 331 1767 378 διδασκαλικὴν
1781 332 1904 385 χάριν,
1923 332 1984 381 Μὴ
2002 338 2016 354 ³
2030 333 2086 372 διὰ
2098 337 2198 371 τοῦτο
2213 332 2356 382 νομίσῃς

1335 393 1438 429 πλέον
1460 407 1493 428 τι
1510 393 1578 428 τῶν
1605 392 1718 428 ἄλλων
1735 392 1838 444 ἔχειν.
1853 393 1921 431 Διὰ
1941 399 2041 432 τοῦτο
2062 394 2214 444 μάλιστα
2230 408 2355 430 ταπει-

1337 455 1477 489 νοῦσθαι
1496 451 1667 504 ὀφείλεις,
1688 452 1740 489 ὅτι
1767 453 1934 491 πλειόνων
1959 453 2108 502 ἦξιώθης
2129 456 2277 506 δωρεῶν.
2308 446 2358 506 ῗῼ

1336 512 1403 565 γὰρ
1414 514 1529 550 πλεῖον
1547 513 1668 565 ἀφέθη,
1684 515 1801 551 πλεῖον
1818 514 2003 565 ἀγαπήσει.
2015 517 2150 553 Οὐκοῦν
2166 515 2225 553 καὶ
2235 530 2358 552 ταπει-

1336 578 1475 612 νοῧσθαι
1503 574 1596 627 χρὴ,
1615 574 1669 612 ὅτι
1690 574 1767 617 τοὺς
1787 575 1911 617 ἄλλους
1929 575 2125 627 παρελθὼν,
2146 579 2194 620 εἷς
2223 575 2261 614 σὲ
2278 575 2357 614 ἐπέ-

1288 639 1311 668 Β
1335 652 1452 675 νευσεν
1467 639 1484 674 ὃ
1500 636 1601 679 Θεός.
1613 635 1733 674 (1)οὸοῧ
1748 635 1805 673 διὰ
1824 640 1936 674 τοῦτο·
1956 636 2124 679 πολλάκις
2139 637 2206 690 γάρ
2225 654 2279 675 σοι
2297 636 2357 674 καὶ

1337 696 1511 740 ἀπωλείας
1525 701 1626 735 τοῦτο
1645 697 1777 747 γίνεται
1797 696 1918 742 αἴτιον,
1933 695 1973 733 ἂν
1992 695 2039 746 μὴ
2060 696 2182 748 νήφῃς.
2198 697 2245 735 Τί
2266 697 2356 748 μέγα

1336 764 1488 809 φρονεῖς,
1506 758 1557 795 ὅτι
1574 757 1746 800 διδάσκεις
1767 756 1824 794 διὰ
1838 756 1949 808 λόγων
1964 772 1973 802 3
1993 756 2082 794 Ἀλλ’
2102 755 2240 794 εὔκολον
2257 761 2357 795 τοῦτο

1334 818 1373 855 τὸ
1389 820 1586 870 φιλοσοφεῖν
1604 821 1637 857 ἐν
1657 817 1808 870 ῥήμασι·
1826 817 1958 861 δίδαξόν
1978 833 2021 867 με
2049 818 2105 855 διὰ
2121 822 2180 855 τοῦ
2200 817 2274 868 βίου
2297 821 2357 855 τοῦ

1336 882 1396 917 σοῦ
1408 894 1415 902 ·
1429 878 1516 924 αὕτη
1528 882 1549 925 ἡ
1565 877 1772 917 διδασκαλία
1788 877 1924 929 ἀρίστη.
1935 877 2070 929 Λέγεις,
2085 877 2137 915 ὅτι
2150 878 2200 914 δεῖ
2217 877 2357 928 μετριά-

1354 954 1415 987 ειν,
1427 939 1486 977 καὶ
1499 940 1630 991 μακρὸν
1644 939 1731 990 ὑπὲρ
1747 938 1867 977 τούτου
1882 937 1983 990 λόγον
2000 937 2202 984 ἀποτείνεις,
2219 937 2278 974 καὶ
2297 941 2358 989 ῥη-

1333 1000 1483 1051 τορεύεις
1502 1000 1586 1052 ῥέων
1609 1000 1814 1046 amimam
1834 998 1939 1037 Ἀλλὰ
1961 1002 2021 1036 σοῦ
2043 998 2186 1049 βελτίων
2206 999 2334 1040 ἐκεῖνος
2347 1028 2357 1045 ,

1334 1061 1449 1112 φησὶν,
1472 1065 1489 1099 ὃ
1517 1062 1559 1098 δι’
1580 1061 1688 1112 ἔργων
1711 1065 1812 1098 τοῦτο
1830 1060 2004 1098 παιδεύων
2026 1059 2102 1111 ἐμέ.
2121 1061 2174 1097 Οὐ
2205 1058 2273 1112 γὰρ
2299 1058 2357 1097 οὕ·

1332 1137 1400 1164 τως
1419 1121 1534 1160 εἴωθεν
1561 1121 1753 1160 ἐντίθεσθαι
1783 1124 1826 1173 τῇ
1861 1123 1956 1172 ψυχῇ
1986 1120 2029 1158 τὰ
2065 1120 2257 1171 μαθήματα
2290 1118 2358 1156 ἀπὸ

1334 1182 1513 1234 ῥημάτων,
1533 1185 1578 1225 ὡς
1600 1182 1668 1220 ἀπὸ
1686 1181 1924 1234 πραγμάτων·
1942 1181 2018 1219 ἐπεὶ
2038 1180 2097 1218 ἐὰν
2129 1180 2177 1231 μὴ
2198 1180 2237 1218 τὸ
2256 1179 2355 1231 ἔργον

1332 1242 1432 1294 ἔχῃς,
1452 1245 1489 1281 οὐ
1511 1244 1611 1294 μόνον
1629 1245 1688 1280 οὐκ
1703 1243 1885 1295 ὠφέλησας
1909 1241 2029 1287 εἰπὼν,
2048 1242 2138 1280 ἀλλὰ
2159 1241 2218 1279 καὶ
2237 1241 2354 1292 μειζό-

1330 1319 1396 1347 νως
1422 1304 1588 1356 ἔὸλαψας.
1610 1304 1752 1341 Βέλτιον
1774 1310 1887 1354 σιγᾷν.
1909 1302 1978 1340 Διὰ
1999 1302 2052 1350 τί;
2066 1302 2152 1340 εὈτι
2184 1301 2355 1339 ἀδύνατόν

1333 1380 1391 1414 μοι
1410 1365 1448 1403 τὸ
1469 1371 1618 1418 πρᾶγμα
1644 1367 1822 1415 καθιστᾷς.
1853 1363 1984 1401 Ἔννοῶ
2016 1363 2104 1415 γὰρ,
2134 1362 2188 1400 ὅτι
2216 1364 2245 1399 εἷ
2277 1361 2318 1400 σὺ
2338 1364 2356 1399 ὁ

1331 1426 1512 1464 *vocantu
1533 1426 1644 1476 λέγων
1678 1428 1715 1463 οὐ
1743 1428 1943 1477 κατορθοῖς,
1963 1426 2084 1476 πολλῷ
2120 1425 2252 1475 μᾶλλον
2288 1422 2357 1474 ἐγὼ

1331 1487 1537 1539 συγγνώμης
1559 1487 1663 1532 ἄξιος,
1698 1486 1810 1537 λέγων
1843 1485 1988 1537 μηδένα.
2025 1485 2095 1523 Διὰ
2124 1484 2224 1524 τοῦτό
2252 1500 2355 1536 φησιν

1329 1551 1348 1586 ὁ
1374 1549 1574 1600 προφήτης·
1591 1550 1654 1600 Τῷ
1690 1547 1726 1585 δὲ
1762 1548 1961 1600 ἁμαρτωλῷ
1985 1540 2078 1584 εἶπεν
2122 1549 2139 1584 ὃ
2173 1546 2282 1589 Θεός·
2300 1545 2357 1582 ἵνα

1329 1609 1364 1647 τί
1396 1610 1437 1647 σὺ
1463 1611 1609 1661 ἐκδιηγῇ
1644 1608 1688 1646 τὰ
1729 1608 1953 1659 δικαιώματά
1991 1623 2081 1658 μου,
2112 1607 2253 1651 Μείζων
2288 1606 2356 1660 γὰρ

1328 1669 1414 1715 αὕτη
1437 1673 1458 1715 ἡ
1483 1669 1617 1721 βλάὸη,
1637 1670 1718 1708 ὅταν
1744 1670 1860 1711 καλῶς
1886 1668 2057 1706 διδάσκων
2076 1684 2128 1710 τις
2152 1666 2208 1704 διὰ
2236 1667 2354 1719 ῥημά-

1325 1746 1406 1777 των,
1426 1730 1483 1768 διὰ
1519 1732 1588 1767 τῶν
1623 1729 1733 1782 ἔργων
1760 1731 1900 1779 πολεμῇ
1925 1732 1967 1780 τῇ
2000 1727 2219 1779 διδασκαλία.
2238 1729 2352 1766 Τοῦτο

1324 1792 1461 1828 πολλῶν
1492 1790 1599 1828 αἴτιον
1631 1789 1749 1842 γέγονε
1785 1793 1902 1827 κακῶν
1938 1791 1973 1826 ἐν
2001 1794 2076 1832 ταῖς
2105 1786 2345 1833 Ἔκκλησίαις.

1324 1851 1392 1889 Διὰ
1406 1855 1505 1890 τοῦτο
1521 1851 1580 1889 καί
1600 1851 1776 1902 σύγγνωτε
1787 1881 1796 1898 ,
1815 1852 2010 1902 παρακαλῶ
2023 1880 2032 1896 ,
2048 1848 2131 1886 ι’τοῦ
2148 1848 2249 1899 λόγου
2262 1863 2287 1899 χ
2292 1863 2344 1899 ρο-

1323 1913 1472 1956 νίζοντος
1498 1916 1582 1962 ἡμῖν
1622 1915 1656 1950 ἐν
1701 1911 1811 1964 τούτῳ
1841 1914 1891 1963 τῷ
1925 1910 2041 1948 πάθει.
2071 1908 2194 1947 Πολλὰ
2220 1908 2342 1946 πολλοὶ

1323 1974 1533 2025 πράττουσιν
1553 1972 1640 2024 ὑπὲρ
1661 1976 1720 2010 τοῦ
1741 1974 1786 2015 εἷς
1811 1971 1914 2022 μέσον
1937 1971 2079 2017 στάντες
2109 1969 2240 2020 μακρὸν
2260 1970 2344 2007 ἀπο-

1323 2033 1445 2071 τείνειν
1463 2033 1583 2085 λόγον·
1603 2034 1667 2071 κᾶν
1689 2032 1750 2084 μὲν
1774 2033 1906 2085 κρότων
1934 2031 2067 2083 τύχωσι
2096 2032 2163 2069 τῶν
2193 2029 2261 2067 ἀπὸ
2282 2033 2342 2067 τοῦ

1322 2095 1496 2142 πλήθους,
1516 2095 1654 2146 γέγονεν
1675 2097 1788 2137 αὐτοῖς
1807 2097 1908 2132 τοῦτο
1937 2092 2116 2143 βασιλείας
2137 2091 2227 2130 ἴσον·
2247 2089 2285 2127 ἂν
2308 2089 2343 2128 δὲ

1323 2156 1412 2206 μετὰ
1432 2159 1530 2206 σιγῆς
1550 2156 1605 2194 τὸν
1623 2156 1724 2207 λόγον
1745 2153 2020 2199 καταπαύσωσι,
2043 2152 2182 2203 γεέννης
2206 2151 2247 2197 δή
2276 2166 2342 2188 που

1324 2218 1454 2267 μᾶλλον
1495 2219 1608 2259 αὐτοῖς
1642 2215 1874 2267 χαλεπωτέρα
1906 2213 2060 2259 κατέστη
2092 2217 2154 2260 τῆς
2193 2215 2293 2263 σιγῆς
2320 2214 2342 2258 ἡ

1323 2273 1465 2327 ἀθυμία.
1495 2277 1607 2314 Τοῦτο
1637 2276 1697 2318 τὰς
1723 2274 1940 2321 Ἐκκλησίας
1972 2274 2168 2325 ἀνέτρεψεν,
2197 2272 2249 2310 ὅτι
2283 2272 2343 2310 καὶ

1322 2340 1419 2388 ὑμεῖς
1441 2340 1478 2375 οὐ
1500 2339 1632 2383 ζητεῖτε
1649 2335 1748 2384 λόγον
1782 2338 1929 2372 ἀκοῦσαι
1958 2333 2223 2380 κατανυκτικὸν,
2253 2331 2343 2370 ἀλλὰ

1323 2399 1448 2451 τέρψαι
1474 2397 1657 2447 δυνάμενον
1686 2396 1744 2434 καὶ
1766 2399 1815 2447 τῷ
1835 2395 1935 2448 ψόφῳ
1960 2394 2018 2432 καὶ
2037 2398 2080 2446 τῇ
2100 2394 2254 2433 συνθέσει
2273 2396 2342 2431 τῶν

1326 2458 1504 2510 ῥημάτων,
1519 2458 1677 2509 καθάπερ
1703 2458 1866 2508 μελῳδῶν
1889 2456 1947 2494 καὶ
1974 2458 2182 2506 κιθαριστῶν
2205 2453 2344 2492 ἀκούον-

1324 2536 1377 2562 τες
1394 2535 1400 2542 ·
1423 2524 1436 2541 c
1449 2519 1508 2557 καὶ
1527 2523 1628 2569 ἡμεῖς
1643 2521 1784 2572 ψυχρῶς
1810 2517 1869 2555 καὶ
1887 2516 2119 2568 ταλαιπώρως
2147 2520 2342 2561 ποιοῦντες,

1325 2581 1377 2618 ὅτι
1402 2586 1478 2624 ταῖς
1500 2580 1682 2632 ὑμετέραις
1703 2579 1901 2629 ἐπιθυμίαις
1933 2578 2108 2629 ἑπόμεθα,
2143 2576 2217 2615 δέον
2245 2575 2343 2613 ἐκκόν

1325 2658 1421 2679 πτειν
1441 2641 1584 2684 ταύτας.

1378 2703 1448 2741 Καὶ
1474 2703 1598 2741 ταύτὸν
1625 2703 1779 2753 γίνεται,
1813 2696 1881 2740 οἷον
1910 2702 1949 2738 ἂν
1980 2701 2011 2739 εἴ
2036 2716 2088 2743 τις
2115 2699 2232 2750 πατὴρ
2252 2698 2343 2750 πέρα

1325 2768 1384 2802 τοῦ
1415 2763 1546 2805 δέοντος
1581 2765 1760 2812 μαλθακοῦ
1788 2762 1926 2800 παιδίου
1943 2792 1952 2810 ,
1980 2761 2093 2799 καίτοι
2123 2762 2342 2811 ἀρρωστοῦν-

1325 2840 1404 2870 τος,
1439 2825 1640 2861 πλακοῦντα
1674 2825 1782 2873 ἐπιδῷ
1823 2823 1881 2860 καὶ
1915 2822 2046 2873 ψυχρὸν
2075 2820 2134 2858 καὶ
2171 2820 2235 2857 ὅσα
2265 2819 2343 2870 τέρ-

1326 2902 1383 2924 πει
1415 2884 1530 2935 μόνον,
1558 2887 1626 2921 τῶν
1662 2883 1697 2921 δὲ
1723 2883 1907 2934 χρησίμων
1936 2882 2109 2932 μηδεμίαν
2143 2880 2342 2930 ἐπιμέλειαν

1325 2953 1474 2984 ποιοῖτο·
1496 2940 1570 2983 εἶτα
1594 2944 1844 2995 ἐγκαλούμενος
1864 2943 1961 2995 παρὰ
1986 2946 2053 2980 τῶν
2086 2944 2212 2994 ἰατρῶν
2227 2971 2236 2988 ,
2257 2944 2342 2979 ἀπο-

1323 3008 1459 3058 λογοῖτο
1488 3005 1598 3056 λέγων
1615 3020 1622 3027 ·
1645 3004 1678 3041 τί
1709 3005 1833 3050 πάθω,
1861 3005 1923 3041 οὐκ
1957 3003 2126 3054 ἀνέχομαι
2156 3004 2274 3040 κλαῖον
2304 3000 2343 3038 τὸ

1324 3067 1460 3105 παιδίον
1493 3068 1586 3104 ἰδεῖν.
1614 3064 1729 3102 ”Amas
1757 3065 1815 3101 καὶ
1851 3063 2053 3116 ταλαίπωρε
2084 3064 2144 3101 καὶ
2171 3062 2341 3115 προδότα·

1325 3130 1362 3166 οὐ
1390 3128 1456 3180 γὰρ
1480 3127 1518 3164 ἂν
1551 3126 1686 3178 πατέρα
1715 3125 1771 3163 τὸν
1808 3128 1959 3162 τοιοῦτον
1993 3124 2144 3174 εἴποιμι·
2166 3122 2224 3161 καὶ
2244 3121 2342 3173 πόσῳ

1326 3189 1460 3240 βέλτιον
1489 3190 1521 3226 ἐν
1544 3190 1666 3239 βραχεῖ
1684 3185 1893 3231 λυπήσαντα
1908 3214 1918 3232 ,
1940 3185 2125 3226 διαπαντὸς
2155 3181 2253 3234 ὑγεία
2274 3197 2342 3219 πα·

1381 3329 1393 3343 c
1418 3317 1530 3350 Morel.
1550 3323 1598 3351 καὶ
1614 3322 1691 3360 ἡμᾶς
1725 3322 1852 3362 ψυχρῶς.
1869 3316 1964 3357 [Mox
1985 3327 2001 3347 e
2018 3314 2058 3346 D.
2077 3312 2266 3346 addidimus
2283 3316 2338 3345 ἔτι.

1337 3371 1431 3403 Infra
1449 3371 1485 3401 A.
1505 3371 1541 3401 B.
1560 3370 1598 3401 C.
1618 3376 1719 3415 πατὴρ
1743 3373 1855 3414 ψυχροῦ
1871 3372 1918 3403 καὶ
1943 3375 2020 3413 πέρα
2047 3371 2098 3403 τοῦ
2115 3369 2245 3406 δέοντος,
2260 3374 2342 3407 ‘1⁰03

1337 3422 1483 3464 sequitur
1505 3421 1625 3462 seivit]
