<?xml version="1.0" encoding="UTF-8"?>
<!DOCTYPE html PUBLIC "-//W3C//DTD XHTML 1.0 Transitional//EN"
    "http://www.w3.org/TR/xhtml1/DTD/xhtml1-transitional.dtd">
<html xmlns="http://www.w3.org/1999/xhtml" xml:lang="en" lang="en">
 <head>
  <title>
</title>
<meta http-equiv="Content-Type" content="text/html;charset=utf-8" />
  <meta name='ocr-system' content='tesseract 3.04.00' />
  <meta name='ocr-capabilities' content='ocr_page ocr_carea ocr_par ocr_line ocrx_word'/>
</head>
<body>
  <div class='ocr_page' id='page_1' title='image "./operaomniaquaeex09johnuoft/operaomniaquaeex09johnuoft_0469.png"; bbox 0 0 2502 3810; ppageno 0'>
   <div class='ocr_carea' id='block_1_1' title="bbox 698 275 1266 306">
    <p class='ocr_par' dir='ltr' id='par_1_1' title="bbox 698 275 1266 306">
     <span class='ocr_line' id='line_1_1' title="bbox 698 275 1266 306; baseline -0.004 -1"><span class='ocrx_word' id='word_1_1' title='bbox 698 277 740 305; x_wconf 74' lang='lat' dir='ltr'>IN</span> <span class='ocrx_word' id='word_1_2' title='bbox 778 276 892 306; x_wconf 70' lang='lat' dir='ltr'><strong>ACTA</strong></span> <span class='ocrx_word' id='word_1_3' title='bbox 930 275 1266 305; x_wconf 72' lang='lat' dir='ltr'>APOSTOLORUM.</span> 
     </span>
    </p>
   </div>
   <div class='ocr_carea' id='block_1_2' title="bbox 93 356 1113 1980">
    <p class='ocr_par' dir='ltr' id='par_1_2' title="bbox 93 356 1113 1980">
     <span class='ocr_line' id='line_1_2' title="bbox 96 356 1112 409; baseline 0.001 -16"><span class='ocrx_word' id='word_1_4' title='bbox 96 357 223 408; x_wconf 81' lang='grc' dir='ltr'>τούτῳ;</span> <span class='ocrx_word' id='word_1_5' title='bbox 238 356 361 399; x_wconf 78' lang='grc' dir='ltr'>Θέλεις</span> <span class='ocrx_word' id='word_1_6' title='bbox 378 360 498 407; x_wconf 75' lang='grc' dir='ltr'>μαθεῖν</span> <span class='ocrx_word' id='word_1_7' title='bbox 513 359 586 400; x_wconf 79' lang='grc' dir='ltr'>πῶς</span> <span class='ocrx_word' id='word_1_8' title='bbox 598 361 697 395; x_wconf 86' lang='grc' dir='ltr'>τοῦτο</span> <span class='ocrx_word' id='word_1_9' title='bbox 712 357 841 395; x_wconf 79' lang='grc' dir='ltr'>ἐκείνου</span> <span class='ocrx_word' id='word_1_10' title='bbox 856 357 988 408; x_wconf 77' lang='grc' dir='ltr'>βέλτιον</span> <span class='ocrx_word' id='word_1_11' title='bbox 998 374 1007 404; x_wconf 90' lang='lat'>;</span> <span class='ocrx_word' id='word_1_12' title='bbox 1019 356 1112 409; x_wconf 67' lang='grc' dir='ltr'>εΌρα</span> 
     </span>
     <span class='ocr_line' id='line_1_3' title="bbox 95 417 1112 470; baseline 0.001 -15"><span class='ocrx_word' id='word_1_13' title='bbox 95 417 171 460; x_wconf 78' lang='grc' dir='ltr'>τοὺς</span> <span class='ocrx_word' id='word_1_14' title='bbox 193 420 225 455; x_wconf 80' lang='grc' dir='ltr'>ἐν</span> <span class='ocrx_word' id='word_1_15' title='bbox 247 417 359 468; x_wconf 81' lang='grc' dir='ltr'>τούτῳ</span> <span class='ocrx_word' id='word_1_16' title='bbox 372 447 381 465; x_wconf 89' lang='grc'>,</span> <span class='ocrx_word' id='word_1_17' title='bbox 398 417 462 468; x_wconf 78' lang='grc' dir='ltr'>ὅρα</span> <span class='ocrx_word' id='word_1_18' title='bbox 482 417 558 461; x_wconf 81' lang='grc' dir='ltr'>τοὺς</span> <span class='ocrx_word' id='word_1_19' title='bbox 578 421 611 456; x_wconf 81' lang='grc' dir='ltr'>ἐν</span> <span class='ocrx_word' id='word_1_20' title='bbox 636 419 768 470; x_wconf 81' lang='grc' dir='ltr'>ἐκείνῳ.</span> <span class='ocrx_word' id='word_1_21' title='bbox 787 418 854 456; x_wconf 83' lang='grc' dir='ltr'>Διὰ</span> <span class='ocrx_word' id='word_1_22' title='bbox 869 419 904 456; x_wconf 86' lang='grc' dir='ltr'>τί</span> <span class='ocrx_word' id='word_1_23' title='bbox 919 418 1037 468; x_wconf 69' lang='grc' dir='ltr'>νόμοι,</span> <span class='ocrx_word' id='word_1_24' title='bbox 1056 417 1112 456; x_wconf 81' lang='grc' dir='ltr'>διὰ</span> 
     </span>
     <span class='ocr_line' id='line_1_4' title="bbox 94 478 1112 531; baseline -0.002 -15"><span class='ocrx_word' id='word_1_25' title='bbox 94 478 128 515; x_wconf 84' lang='grc' dir='ltr'>τί</span> <span class='ocrx_word' id='word_1_26' title='bbox 152 478 378 529; x_wconf 81' lang='grc' dir='ltr'>δικαστήρια;</span> <span class='ocrx_word' id='word_1_27' title='bbox 401 479 458 516; x_wconf 79' lang='grc' dir='ltr'>διὰ</span> <span class='ocrx_word' id='word_1_28' title='bbox 475 478 509 516; x_wconf 91' lang='grc' dir='ltr'>τί</span> <span class='ocrx_word' id='word_1_29' title='bbox 532 479 714 531; x_wconf 68' lang='grc' dir='ltr'>τιμωρίαι,</span> <span class='ocrx_word' id='word_1_30' title='bbox 734 479 812 530; x_wconf 74' lang='grc' dir='ltr'>οὐχὶ</span> <span class='ocrx_word' id='word_1_31' title='bbox 836 480 878 516; x_wconf 80' lang='grc' dir='ltr'>δι’</span> <span class='ocrx_word' id='word_1_32' title='bbox 903 478 1112 521; x_wconf 71' lang='grc' dir='ltr'>ἐκείνους“’(ἳ)ς</span> 
     </span>
     <span class='ocr_line' id='line_1_5' title="bbox 95 537 1110 590; baseline -0.002 -13"><span class='ocrx_word' id='word_1_33' title='bbox 95 544 275 582; x_wconf 79' lang='grc' dir='ltr'>νοσοῦντας</span> <span class='ocrx_word' id='word_1_34' title='bbox 293 539 352 576; x_wconf 81' lang='grc' dir='ltr'>καὶ</span> <span class='ocrx_word' id='word_1_35' title='bbox 369 539 580 589; x_wconf 76' lang='grc' dir='ltr'>κάμνοντας,</span> <span class='ocrx_word' id='word_1_36' title='bbox 597 540 687 577; x_wconf 77' lang='grc' dir='ltr'>Ἀλλ’</span> <span class='ocrx_word' id='word_1_37' title='bbox 705 543 726 585; x_wconf 84' lang='grc' dir='ltr'>ἡ</span> <span class='ocrx_word' id='word_1_38' title='bbox 741 539 846 585; x_wconf 76' lang='grc' dir='ltr'>ἡδονὴ</span> <span class='ocrx_word' id='word_1_39' title='bbox 859 539 969 586; x_wconf 78' lang='grc' dir='ltr'>πολλὴ</span> <span class='ocrx_word' id='word_1_40' title='bbox 985 570 994 586; x_wconf 83' lang='grc'>,</span> <span class='ocrx_word' id='word_1_41' title='bbox 1016 537 1110 590; x_wconf 64' lang='grc' dir='ltr'>φησί.</span> 
     </span>
     <span class='ocr_line' id='line_1_6' title="bbox 96 598 1108 652; baseline -0.001 -16"><span class='ocrx_word' id='word_1_42' title='bbox 96 598 156 646; x_wconf 82' lang='grc' dir='ltr'>Μὴ</span> <span class='ocrx_word' id='word_1_43' title='bbox 174 599 326 649; x_wconf 78' lang='grc' dir='ltr'>εἴπωμεν</span> <span class='ocrx_word' id='word_1_44' title='bbox 353 599 397 637; x_wconf 83' lang='grc' dir='ltr'>τὰ</span> <span class='ocrx_word' id='word_1_45' title='bbox 425 600 594 649; x_wconf 80' lang='grc' dir='ltr'>μέλλοντα</span> <span class='ocrx_word' id='word_1_46' title='bbox 610 616 617 623; x_wconf 92' lang='grc'><em>·</em></span> <span class='ocrx_word' id='word_1_47' title='bbox 638 600 681 638; x_wconf 78' lang='grc' dir='ltr'>τὰ</span> <span class='ocrx_word' id='word_1_48' title='bbox 699 601 854 652; x_wconf 78' lang='grc' dir='ltr'>παρόντα</span> <span class='ocrx_word' id='word_1_49' title='bbox 883 600 1108 649; x_wconf 81' lang='grc' dir='ltr'>ἐξετάσωμεν.</span> 
     </span>
     <span class='ocr_line' id='line_1_7' title="bbox 96 660 1110 713; baseline -0.002 -14"><span class='ocrx_word' id='word_1_50' title='bbox 96 660 142 699; x_wconf 89' lang='grc' dir='ltr'>Τί</span> <span class='ocrx_word' id='word_1_51' title='bbox 156 666 271 713; x_wconf 75' lang='grc' dir='ltr'>χεῖρον</span> <span class='ocrx_word' id='word_1_52' title='bbox 293 661 413 711; x_wconf 73' lang='grc' dir='ltr'>ἀνδρὸς</span> <span class='ocrx_word' id='word_1_53' title='bbox 432 660 591 707; x_wconf 78' lang='grc' dir='ltr'>τοιαύτην</span> <span class='ocrx_word' id='word_1_54' title='bbox 613 661 749 712; x_wconf 74' lang='grc' dir='ltr'>ἔχοντος</span> <span class='ocrx_word' id='word_1_55' title='bbox 768 661 939 712; x_wconf 68' lang='grc' dir='ltr'>ὑποψίαν,</span> <span class='ocrx_word' id='word_1_56' title='bbox 961 660 995 697; x_wconf 91' lang='grc' dir='ltr'>τί</span> <span class='ocrx_word' id='word_1_57' title='bbox 1023 675 1110 711; x_wconf 73' lang='grc' dir='ltr'>σφα-</span> 
     </span>
     <span class='ocr_line' id='line_1_8' title="bbox 93 720 1111 773; baseline -0.002 -14"><span class='ocrx_word' id='word_1_58' title='bbox 93 721 304 773; x_wconf 73' lang='grc' dir='ltr'>λερώτερον,</span> <span class='ocrx_word' id='word_1_59' title='bbox 321 721 354 758; x_wconf 88' lang='grc' dir='ltr'>τί</span> <span class='ocrx_word' id='word_1_60' title='bbox 373 721 599 772; x_wconf 72' lang='grc' dir='ltr'>σαθρότερον,</span> <span class='ocrx_word' id='word_1_61' title='bbox 621 724 682 759; x_wconf 74' lang='grc' dir='ltr'>οὐκ</span> <span class='ocrx_word' id='word_1_62' title='bbox 702 724 735 759; x_wconf 82' lang='grc' dir='ltr'>ἐν</span> <span class='ocrx_word' id='word_1_63' title='bbox 755 721 908 772; x_wconf 75' lang='grc' dir='ltr'>ναυαγίῳ</span> <span class='ocrx_word' id='word_1_64' title='bbox 924 720 1111 763; x_wconf 79' lang='grc' dir='ltr'>διαπαντός</span> 
     </span>
     <span class='ocr_line' id='line_1_9' title="bbox 97 781 1111 834; baseline -0.002 -14"><span class='ocrx_word' id='word_1_65' title='bbox 97 785 170 820; x_wconf 82' lang='grc' dir='ltr'>ἐστι</span> <span class='ocrx_word' id='word_1_66' title='bbox 185 799 194 829; x_wconf 80' lang='grc'><strong>;</strong></span> <span class='ocrx_word' id='word_1_67' title='bbox 213 782 284 820; x_wconf 77' lang='grc' dir='ltr'>Κᾶν</span> <span class='ocrx_word' id='word_1_68' title='bbox 306 782 436 821; x_wconf 78' lang='grc' dir='ltr'>δίκαιόν</span> <span class='ocrx_word' id='word_1_69' title='bbox 452 799 484 819; x_wconf 87' lang='grc' dir='ltr'>τι</span> <span class='ocrx_word' id='word_1_70' title='bbox 503 782 660 834; x_wconf 57' lang='grc' dir='ltr'>πράττῃ,</span> <span class='ocrx_word' id='word_1_71' title='bbox 677 784 713 820; x_wconf 72' lang='grc' dir='ltr'>οὗ</span> <span class='ocrx_word' id='word_1_72' title='bbox 734 782 951 828; x_wconf 81' lang='grc' dir='ltr'>πιστεύεται,</span> <span class='ocrx_word' id='word_1_73' title='bbox 968 781 1036 819; x_wconf 77' lang='grc' dir='ltr'>ἀπὸ</span> <span class='ocrx_word' id='word_1_74' title='bbox 1050 785 1111 828; x_wconf 75' lang='grc' dir='ltr'>τ’ἧς</span> 
     </span>
     <span class='ocr_line' id='line_1_10' title="bbox 97 842 1110 895; baseline -0.001 -15"><span class='ocrx_word' id='word_1_75' title='bbox 97 843 274 893; x_wconf 72' lang='grc' dir='ltr'>δυνάμεως</span> <span class='ocrx_word' id='word_1_76' title='bbox 287 842 600 893; x_wconf 74' lang='grc' dir='ltr'>καταδικαζόμενος</span> <span class='ocrx_word' id='word_1_77' title='bbox 615 844 709 895; x_wconf 76' lang='grc' dir='ltr'>παρὰ</span> <span class='ocrx_word' id='word_1_78' title='bbox 729 843 880 880; x_wconf 74' lang='grc' dir='ltr'>πάντων·</span> <span class='ocrx_word' id='word_1_79' title='bbox 897 842 1029 884; x_wconf 84' lang='grc' dir='ltr'>πάντας</span> <span class='ocrx_word' id='word_1_80' title='bbox 1044 842 1110 893; x_wconf 81' lang='grc' dir='ltr'>γὰρ</span> 
     </span>
     <span class='ocr_line' id='line_1_11' title="bbox 96 902 1110 953; baseline -0.002 -12"><span class='ocrx_word' id='word_1_81' title='bbox 96 904 172 947; x_wconf 71' lang='grc' dir='ltr'>τοὺς</span> <span class='ocrx_word' id='word_1_82' title='bbox 182 907 420 946; x_wconf 70' lang='grc' dir='ltr'>συνοικοῦντας</span> <span class='ocrx_word' id='word_1_83' title='bbox 435 903 646 953; x_wconf 76' lang='grc' dir='ltr'>κατηγόρους</span> <span class='ocrx_word' id='word_1_84' title='bbox 659 903 731 953; x_wconf 57' lang='grc' dir='ltr'>ἔχει</span> <span class='ocrx_word' id='word_1_85' title='bbox 743 919 748 924; x_wconf 92' lang='grc'><em>·</em></span> <span class='ocrx_word' id='word_1_86' title='bbox 760 904 796 939; x_wconf 71' lang='grc' dir='ltr'>οὗ</span> <span class='ocrx_word' id='word_1_87' title='bbox 808 902 903 953; x_wconf 73' lang='grc' dir='ltr'>φιλίᾳ</span> <span class='ocrx_word' id='word_1_88' title='bbox 913 902 1110 953; x_wconf 74' lang='grc' dir='ltr'>χρήσασθαι</span> 
     </span>
     <span class='ocr_line' id='line_1_12' title="bbox 98 961 1111 1015; baseline -0.004 -14"><span class='ocrx_word' id='word_1_89' title='bbox 98 965 239 1002; x_wconf 69' lang='grc' dir='ltr'>δύναται</span> <span class='ocrx_word' id='word_1_90' title='bbox 254 981 260 987; x_wconf 91' lang='grc'>·</span> <span class='ocrx_word' id='word_1_91' title='bbox 283 964 391 1006; x_wconf 73' lang='grc' dir='ltr'>οὐδεὶς</span> <span class='ocrx_word' id='word_1_92' title='bbox 410 963 476 1015; x_wconf 77' lang='grc' dir='ltr'>γὰρ</span> <span class='ocrx_word' id='word_1_93' title='bbox 493 962 532 999; x_wconf 80' lang='grc' dir='ltr'>ἂν</span> <span class='ocrx_word' id='word_1_94' title='bbox 548 963 659 1000; x_wconf 79' lang='grc' dir='ltr'>ἕλοιτο</span> <span class='ocrx_word' id='word_1_95' title='bbox 673 962 807 1013; x_wconf 72' lang='grc' dir='ltr'>ταχέως</span> <span class='ocrx_word' id='word_1_96' title='bbox 825 962 987 1008; x_wconf 82' lang='grc' dir='ltr'>τοιαύτην</span> <span class='ocrx_word' id='word_1_97' title='bbox 1011 961 1111 1004; x_wconf 81' lang='grc' dir='ltr'>δόξαν</span> 
     </span>
     <span class='ocr_line' id='line_1_13' title="bbox 97 1021 1113 1076; baseline -0.005 -14"><span class='ocrx_word' id='word_1_98' title='bbox 97 1025 233 1076; x_wconf 74' lang='grc' dir='ltr'>ἔχοντος</span> <span class='ocrx_word' id='word_1_99' title='bbox 252 1024 431 1074; x_wconf 85' lang='grc' dir='ltr'>ἀνθρώπου</span> <span class='ocrx_word' id='word_1_100' title='bbox 451 1023 607 1073; x_wconf 82' lang='grc' dir='ltr'>γενέσθαι</span> <span class='ocrx_word' id='word_1_101' title='bbox 628 1022 723 1073; x_wconf 76' lang='grc' dir='ltr'>φίλος</span> <span class='ocrx_word' id='word_1_102' title='bbox 737 1050 746 1066; x_wconf 91' lang='grc'>,</span> <span class='ocrx_word' id='word_1_103' title='bbox 767 1021 856 1059; x_wconf 82' lang='grc' dir='ltr'>ὥστε</span> <span class='ocrx_word' id='word_1_104' title='bbox 878 1021 925 1069; x_wconf 84' lang='grc' dir='ltr'>μὴ</span> <span class='ocrx_word' id='word_1_105' title='bbox 946 1024 1113 1067; x_wconf 77' lang='grc' dir='ltr'>κοινωνῆ-</span> 
     </span>
     <span class='ocr_line' id='line_1_14' title="bbox 97 1080 1112 1135; baseline -0.005 -13"><span class='ocrx_word' id='word_1_106' title='bbox 97 1100 154 1122; x_wconf 89' lang='grc' dir='ltr'>σαι</span> <span class='ocrx_word' id='word_1_107' title='bbox 164 1087 257 1135; x_wconf 80' lang='grc' dir='ltr'>αὐτῷ</span> <span class='ocrx_word' id='word_1_108' title='bbox 271 1087 334 1128; x_wconf 68' lang='grc' dir='ltr'>τῆς</span> <span class='ocrx_word' id='word_1_109' title='bbox 343 1083 559 1134; x_wconf 73' lang='grc' dir='ltr'>ὑπολήψεως.</span> <span class='ocrx_word' id='word_1_110' title='bbox 570 1082 738 1131; x_wconf 77' lang='grc' dir='ltr'>Καθάπερ</span> <span class='ocrx_word' id='word_1_111' title='bbox 751 1080 879 1132; x_wconf 85' lang='grc' dir='ltr'>θηρίον,</span> <span class='ocrx_word' id='word_1_112' title='bbox 888 1080 977 1117; x_wconf 77' lang='grc' dir='ltr'>οὕτω</span> <span class='ocrx_word' id='word_1_113' title='bbox 987 1080 1112 1123; x_wconf 72' lang='grc' dir='ltr'>πάντες</span> 
     </span>
     <span class='ocr_line' id='line_1_15' title="bbox 96 1141 1112 1195; baseline -0.004 -14"><span class='ocrx_word' id='word_1_114' title='bbox 96 1144 386 1195; x_wconf 61' lang='grc' dir='ltr'>ἀποστρέφονται·</span> <span class='ocrx_word' id='word_1_115' title='bbox 407 1143 733 1193; x_wconf 76' lang='grc' dir='ltr'>καθάπερλυμεῶνα</span> <span class='ocrx_word' id='word_1_116' title='bbox 756 1142 814 1178; x_wconf 82' lang='grc' dir='ltr'>καὶ</span> <span class='ocrx_word' id='word_1_117' title='bbox 831 1141 951 1192; x_wconf 75' lang='grc' dir='ltr'>ἐχθρὸν</span> <span class='ocrx_word' id='word_1_118' title='bbox 973 1141 1032 1178; x_wconf 78' lang='grc' dir='ltr'>καὶ</span> <span class='ocrx_word' id='word_1_119' title='bbox 1050 1143 1112 1178; x_wconf 82' lang='grc' dir='ltr'>ἇν-</span> 
     </span>
     <span class='ocr_line' id='line_1_16' title="bbox 95 1201 1111 1255; baseline -0.003 -14"><span class='ocrx_word' id='word_1_120' title='bbox 95 1203 253 1255; x_wconf 74' lang='grc' dir='ltr'>δροφόνον</span> <span class='ocrx_word' id='word_1_121' title='bbox 273 1204 332 1240; x_wconf 85' lang='grc' dir='ltr'>καὶ</span> <span class='ocrx_word' id='word_1_122' title='bbox 353 1206 414 1248; x_wconf 76' lang='grc' dir='ltr'>τῆς</span> <span class='ocrx_word' id='word_1_123' title='bbox 437 1201 567 1253; x_wconf 79' lang='grc' dir='ltr'>φύσεως</span> <span class='ocrx_word' id='word_1_124' title='bbox 577 1201 754 1251; x_wconf 76' lang='grc' dir='ltr'>πολέμιον,</span> <span class='ocrx_word' id='word_1_125' title='bbox 769 1201 827 1238; x_wconf 83' lang='grc' dir='ltr'>τὸν</span> <span class='ocrx_word' id='word_1_126' title='bbox 842 1202 958 1239; x_wconf 74' lang='grc' dir='ltr'>ἄδικον</span> <span class='ocrx_word' id='word_1_127' title='bbox 974 1202 1111 1253; x_wconf 82' lang='grc' dir='ltr'>ἅνθρω-</span> 
     </span>
     <span class='ocr_line' id='line_1_17' title="bbox 93 1261 1111 1313; baseline -0.002 -11"><span class='ocrx_word' id='word_1_128' title='bbox 93 1281 169 1302; x_wconf 90' lang='grc' dir='ltr'>πον.</span> <span class='ocrx_word' id='word_1_129' title='bbox 178 1262 237 1302; x_wconf 79' lang='grc' dir='ltr'>Ἂν</span> <span class='ocrx_word' id='word_1_130' title='bbox 252 1266 297 1307; x_wconf 81' lang='grc' dir='ltr'>εἷς</span> <span class='ocrx_word' id='word_1_131' title='bbox 310 1263 528 1313; x_wconf 84' lang='grc' dir='ltr'>δικαστήριον</span> <span class='ocrx_word' id='word_1_132' title='bbox 539 1262 692 1312; x_wconf 77' lang='grc' dir='ltr'>ἐμπέσῃ,</span> <span class='ocrx_word' id='word_1_133' title='bbox 706 1261 782 1299; x_wconf 74' lang='grc' dir='ltr'>οὐδὲ</span> <span class='ocrx_word' id='word_1_134' title='bbox 795 1261 989 1312; x_wconf 80' lang='grc' dir='ltr'>κατηγόρου</span> <span class='ocrx_word' id='word_1_135' title='bbox 1003 1263 1111 1300; x_wconf 80' lang='grc' dir='ltr'>δεῖται</span> 
     </span>
     <span class='ocr_line' id='line_1_18' title="bbox 94 1321 1112 1374; baseline -0.004 -11"><span class='ocrx_word' id='word_1_136' title='bbox 94 1329 111 1363; x_wconf 86' lang='grc' dir='ltr'>ὁ</span> <span class='ocrx_word' id='word_1_137' title='bbox 126 1324 300 1371; x_wconf 77' lang='grc' dir='ltr'>ἠδικηκὼς</span> <span class='ocrx_word' id='word_1_138' title='bbox 311 1355 320 1371; x_wconf 94' lang='grc'>,</span> <span class='ocrx_word' id='word_1_139' title='bbox 343 1326 405 1369; x_wconf 70' lang='grc' dir='ltr'>τῆς</span> <span class='ocrx_word' id='word_1_140' title='bbox 419 1323 516 1369; x_wconf 79' lang='grc' dir='ltr'>δόξης</span> <span class='ocrx_word' id='word_1_141' title='bbox 529 1322 604 1360; x_wconf 81' lang='grc' dir='ltr'>ἀντὶ</span> <span class='ocrx_word' id='word_1_142' title='bbox 620 1322 746 1365; x_wconf 79' lang='grc' dir='ltr'>παντὸς</span> <span class='ocrx_word' id='word_1_143' title='bbox 758 1321 952 1374; x_wconf 67' lang='grc' dir='ltr'>κατηγόρου</span> <span class='ocrx_word' id='word_1_144' title='bbox 970 1323 1112 1360; x_wconf 76' lang='grc' dir='ltr'>καταδι-</span> 
     </span>
     <span class='ocr_line' id='line_1_19' title="bbox 94 1381 1112 1434; baseline -0.004 -10"><span class='ocrx_word' id='word_1_145' title='bbox 94 1385 264 1431; x_wconf 76' lang='grc' dir='ltr'>καζούσης</span> <span class='ocrx_word' id='word_1_146' title='bbox 278 1385 390 1422; x_wconf 77' lang='grc' dir='ltr'>αὐτόν.</span> <span class='ocrx_word' id='word_1_147' title='bbox 411 1384 501 1425; x_wconf 76' lang='grc' dir='ltr'>Ἀλλ’</span> <span class='ocrx_word' id='word_1_148' title='bbox 521 1385 585 1434; x_wconf 67' lang='grc' dir='ltr'>οὐχ</span> <span class='ocrx_word' id='word_1_149' title='bbox 604 1386 621 1420; x_wconf 80' lang='grc' dir='ltr'>ὃ</span> <span class='ocrx_word' id='word_1_150' title='bbox 636 1383 858 1432; x_wconf 73' lang='grc' dir='ltr'>ἀδικούμενος</span> <span class='ocrx_word' id='word_1_151' title='bbox 875 1381 980 1424; x_wconf 75' lang='grc' dir='ltr'>οὕτως</span> <span class='ocrx_word' id='word_1_152' title='bbox 993 1413 1001 1429; x_wconf 96' lang='grc'>,</span> <span class='ocrx_word' id='word_1_153' title='bbox 1023 1382 1112 1420; x_wconf 72' lang='grc' dir='ltr'>ἀλλὰ</span> 
     </span>
     <span class='ocr_line' id='line_1_20' title="bbox 94 1443 1112 1498; baseline -0.004 -14"><span class='ocrx_word' id='word_1_154' title='bbox 94 1447 225 1489; x_wconf 77' lang='grc' dir='ltr'>πάντας</span> <span class='ocrx_word' id='word_1_155' title='bbox 244 1446 317 1498; x_wconf 70' lang='grc' dir='ltr'>ἔχει</span> <span class='ocrx_word' id='word_1_156' title='bbox 335 1445 530 1498; x_wconf 82' lang='grc' dir='ltr'>προστάτας</span> <span class='ocrx_word' id='word_1_157' title='bbox 541 1474 550 1491; x_wconf 92' lang='grc'>,</span> <span class='ocrx_word' id='word_1_158' title='bbox 567 1445 818 1495; x_wconf 74' lang='grc' dir='ltr'>συναλγοῦντας</span> <span class='ocrx_word' id='word_1_159' title='bbox 831 1473 839 1488; x_wconf 79' lang='grc'>,</span> <span class='ocrx_word' id='word_1_160' title='bbox 855 1449 956 1495; x_wconf 74' lang='grc' dir='ltr'>χεῖρα</span> <span class='ocrx_word' id='word_1_161' title='bbox 976 1443 1112 1495; x_wconf 77' lang='grc' dir='ltr'>ὀρέγον-</span> 
     </span>
     <span class='ocr_line' id='line_1_21' title="bbox 94 1503 1112 1558; baseline -0.004 -13"><span class='ocrx_word' id='word_1_162' title='bbox 94 1523 171 1551; x_wconf 83' lang='grc' dir='ltr'>τας·</span> <span class='ocrx_word' id='word_1_163' title='bbox 193 1509 246 1544; x_wconf 77' lang='grc' dir='ltr'>ἐπ’</span> <span class='ocrx_word' id='word_1_164' title='bbox 265 1505 438 1558; x_wconf 66' lang='grc' dir='ltr'>ἀσφαλείᾳ</span> <span class='ocrx_word' id='word_1_165' title='bbox 466 1505 622 1550; x_wconf 81' lang='grc' dir='ltr'>ἕστηκεν.</span> <span class='ocrx_word' id='word_1_166' title='bbox 655 1506 697 1541; x_wconf 65' lang='lat' dir='ltr'>Ei.</span> <span class='ocrx_word' id='word_1_167' title='bbox 722 1504 826 1541; x_wconf 74' lang='grc' dir='ltr'>καλὸν</span> <span class='ocrx_word' id='word_1_168' title='bbox 846 1504 883 1541; x_wconf 80' lang='grc' dir='ltr'>τὸ</span> <span class='ocrx_word' id='word_1_169' title='bbox 904 1505 1032 1541; x_wconf 75' lang='grc' dir='ltr'>ἀδικεῖν</span> <span class='ocrx_word' id='word_1_170' title='bbox 1054 1503 1112 1542; x_wconf 87' lang='grc' dir='ltr'>καὶ</span> 
     </span>
     <span class='ocr_line' id='line_1_22' title="bbox 97 1559 1111 1619; baseline -0.005 -13"><span class='ocrx_word' id='word_1_171' title='bbox 97 1568 247 1619; x_wconf 66' lang='grc' dir='ltr'>ἀσφαλὲς</span> <span class='ocrx_word' id='word_1_172' title='bbox 259 1596 267 1612; x_wconf 88' lang='grc'>,</span> <span class='ocrx_word' id='word_1_173' title='bbox 284 1566 495 1617; x_wconf 80' lang='grc' dir='ltr'>ὃμολογείτω</span> <span class='ocrx_word' id='word_1_174' title='bbox 510 1581 561 1607; x_wconf 89' lang='grc' dir='ltr'>τις</span> <span class='ocrx_word' id='word_1_175' title='bbox 580 1559 666 1602; x_wconf 65' lang='grc' dir='ltr'>εἶναι</span> <span class='ocrx_word' id='word_1_176' title='bbox 683 1564 799 1607; x_wconf 74' lang='grc' dir='ltr'>ἄδικος</span> <span class='ocrx_word' id='word_1_177' title='bbox 813 1580 818 1586; x_wconf 93' lang='grc'><em>·</em></span> <span class='ocrx_word' id='word_1_178' title='bbox 833 1567 862 1601; x_wconf 83' lang='grc' dir='ltr'>εἷ</span> <span class='ocrx_word' id='word_1_179' title='bbox 879 1564 914 1601; x_wconf 75' lang='grc' dir='ltr'>δὲ</span> <span class='ocrx_word' id='word_1_180' title='bbox 928 1568 965 1601; x_wconf 82' lang='grc' dir='ltr'>οὐ</span> <span class='ocrx_word' id='word_1_181' title='bbox 979 1566 1111 1616; x_wconf 66' lang='grc' dir='ltr'>τολμᾷ,</span> 
     </span>
     <span class='ocr_line' id='line_1_23' title="bbox 94 1623 1111 1677; baseline -0.005 -11"><span class='ocrx_word' id='word_1_182' title='bbox 94 1629 127 1665; x_wconf 87' lang='grc' dir='ltr'>τί</span> <span class='ocrx_word' id='word_1_183' title='bbox 145 1629 272 1675; x_wconf 81' lang='grc' dir='ltr'>δήποτε</span> <span class='ocrx_word' id='word_1_184' title='bbox 290 1631 335 1670; x_wconf 79' lang='grc' dir='ltr'>ὡς</span> <span class='ocrx_word' id='word_1_185' title='bbox 353 1626 477 1677; x_wconf 75' lang='grc' dir='ltr'>ἀγαθὸν</span> <span class='ocrx_word' id='word_1_186' title='bbox 500 1625 726 1676; x_wconf 72' lang='grc' dir='ltr'>μετέρχεται,</span> <span class='ocrx_word' id='word_1_187' title='bbox 745 1624 893 1674; x_wconf 76' lang='grc' dir='ltr'>’Ίδωμεν</span> <span class='ocrx_word' id='word_1_188' title='bbox 909 1623 945 1662; x_wconf 75' lang='grc' dir='ltr'>δὲ</span> <span class='ocrx_word' id='word_1_189' title='bbox 960 1628 1033 1667; x_wconf 84' lang='grc' dir='ltr'>πῶς</span> <span class='ocrx_word' id='word_1_190' title='bbox 1052 1625 1111 1662; x_wconf 86' lang='grc' dir='ltr'>καὶ</span> 
     </span>
     <span class='ocr_line' id='line_1_24' title="bbox 94 1684 1110 1738; baseline -0.004 -12"><span class='ocrx_word' id='word_1_191' title='bbox 94 1691 128 1726; x_wconf 79' lang='grc' dir='ltr'>ἐν</span> <span class='ocrx_word' id='word_1_192' title='bbox 144 1692 226 1738; x_wconf 71' lang='grc' dir='ltr'>ἡμῖν</span> <span class='ocrx_word' id='word_1_193' title='bbox 244 1691 371 1733; x_wconf 80' lang='grc' dir='ltr'>αὐτοῖς,</span> <span class='ocrx_word' id='word_1_194' title='bbox 390 1686 428 1723; x_wconf 72' lang='grc' dir='ltr'>ἂν</span> <span class='ocrx_word' id='word_1_195' title='bbox 448 1686 590 1737; x_wconf 76' lang='grc' dir='ltr'>γένηται</span> <span class='ocrx_word' id='word_1_196' title='bbox 605 1690 705 1723; x_wconf 83' lang='grc' dir='ltr'>τοῦτο</span> <span class='ocrx_word' id='word_1_197' title='bbox 717 1715 726 1732; x_wconf 87' lang='grc'>,</span> <span class='ocrx_word' id='word_1_198' title='bbox 748 1684 840 1722; x_wconf 80' lang='grc' dir='ltr'>πόσα</span> <span class='ocrx_word' id='word_1_199' title='bbox 858 1685 990 1735; x_wconf 79' lang='grc' dir='ltr'>γίνεται</span> <span class='ocrx_word' id='word_1_200' title='bbox 1005 1686 1110 1723; x_wconf 83' lang='grc' dir='ltr'>κακοί.</span> 
     </span>
     <span class='ocr_line' id='line_1_25' title="bbox 95 1744 1109 1799; baseline -0.003 -13"><span class='ocrx_word' id='word_1_201' title='bbox 95 1749 184 1786; x_wconf 74' lang='grc' dir='ltr'>Εἰπὲ</span> <span class='ocrx_word' id='word_1_202' title='bbox 205 1749 271 1799; x_wconf 80' lang='grc' dir='ltr'>γάρ</span> <span class='ocrx_word' id='word_1_203' title='bbox 293 1763 373 1798; x_wconf 89' lang='grc' dir='ltr'>μοι,</span> <span class='ocrx_word' id='word_1_204' title='bbox 397 1747 436 1783; x_wconf 77' lang='grc' dir='ltr'>ἅν</span> <span class='ocrx_word' id='word_1_205' title='bbox 459 1762 491 1783; x_wconf 88' lang='grc' dir='ltr'>τι</span> <span class='ocrx_word' id='word_1_206' title='bbox 513 1748 580 1782; x_wconf 76' lang='grc' dir='ltr'>τῶν</span> <span class='ocrx_word' id='word_1_207' title='bbox 604 1748 636 1784; x_wconf 77' lang='grc' dir='ltr'>ἐν</span> <span class='ocrx_word' id='word_1_208' title='bbox 656 1748 740 1795; x_wconf 76' lang='grc' dir='ltr'>ἡμῖν</span> <span class='ocrx_word' id='word_1_209' title='bbox 760 1744 798 1782; x_wconf 77' lang='grc' dir='ltr'>τὸ</span> <span class='ocrx_word' id='word_1_210' title='bbox 817 1747 940 1783; x_wconf 77' lang='grc' dir='ltr'>οἰκεῖον</span> <span class='ocrx_word' id='word_1_211' title='bbox 955 1745 1109 1797; x_wconf 67' lang='grc' dir='ltr'>ὓπερὸὰν</span> 
     </span>
     <span class='ocr_line' id='line_1_26' title="bbox 96 1806 1110 1860; baseline -0.003 -14"><span class='ocrx_word' id='word_1_212' title='bbox 96 1809 220 1860; x_wconf 73' lang='grc' dir='ltr'>με’-ερον</span> <span class='ocrx_word' id='word_1_213' title='bbox 252 1813 310 1846; x_wconf 89' lang='grc' dir='ltr'>τοῦ</span> <span class='ocrx_word' id='word_1_214' title='bbox 334 1808 448 1859; x_wconf 79' lang='grc' dir='ltr'>ἑτέρου</span> <span class='ocrx_word' id='word_1_215' title='bbox 479 1806 667 1858; x_wconf 47' lang='grc' dir='ltr'>1’ἐφίηταῃ</span> <span class='ocrx_word' id='word_1_216' title='bbox 700 1806 757 1844; x_wconf 67' lang='grc' dir='ltr'>καὶ</span> <span class='ocrx_word' id='word_1_217' title='bbox 793 1808 943 1857; x_wconf 62' lang='grc' dir='ltr'>βουληθῗι</span> <span class='ocrx_word' id='word_1_218' title='bbox 974 1806 1069 1858; x_wconf 61' lang='grc' dir='ltr'>ἀφεὶς</span> <span class='ocrx_word' id='word_1_219' title='bbox 1093 1810 1110 1844; x_wconf 82' lang='grc' dir='ltr'><em>ὃ</em></span> 
     </span>
     <span class='ocr_line' id='line_1_27' title="bbox 95 1866 1110 1918; baseline -0.001 -12"><span class='ocrx_word' id='word_1_220' title='bbox 95 1870 206 1915; x_wconf 74' lang='grc' dir='ltr'>σπλὴν</span> <span class='ocrx_word' id='word_1_221' title='bbox 221 1870 277 1907; x_wconf 75' lang='grc' dir='ltr'>τὸν</span> <span class='ocrx_word' id='word_1_222' title='bbox 294 1871 416 1906; x_wconf 83' lang='grc' dir='ltr'>οἰκεῖον</span> <span class='ocrx_word' id='word_1_223' title='bbox 436 1867 540 1906; x_wconf 83' lang='grc' dir='ltr'>τόπον</span> <span class='ocrx_word' id='word_1_224' title='bbox 560 1867 677 1905; x_wconf 64' lang='grc' dir='ltr'>λαὸεῖν</span> <span class='ocrx_word' id='word_1_225' title='bbox 698 1867 736 1904; x_wconf 81' lang='grc' dir='ltr'>τὸ</span> <span class='ocrx_word' id='word_1_226' title='bbox 753 1866 930 1918; x_wconf 78' lang='grc' dir='ltr'>ἀλλότριον</span> <span class='ocrx_word' id='word_1_227' title='bbox 948 1866 1036 1916; x_wconf 79' lang='grc' dir='ltr'>μετὰ</span> <span class='ocrx_word' id='word_1_228' title='bbox 1052 1872 1110 1905; x_wconf 88' lang='grc' dir='ltr'>τοῦ</span> 
     </span>
     <span class='ocr_line' id='line_1_28' title="bbox 94 1927 1112 1980; baseline -0.002 -13"><span class='ocrx_word' id='word_1_229' title='bbox 94 1929 239 1975; x_wconf 73' lang='grc' dir='ltr'>οἰκείου,</span> <span class='ocrx_word' id='word_1_230' title='bbox 260 1929 337 1980; x_wconf 67' lang='grc' dir='ltr'>οὐχὶ</span> <span class='ocrx_word' id='word_1_231' title='bbox 361 1928 456 1971; x_wconf 86' lang='grc' dir='ltr'>νόσος</span> <span class='ocrx_word' id='word_1_232' title='bbox 485 1927 584 1965; x_wconf 80' lang='grc' dir='ltr'>τοῦτο’</span> <span class='ocrx_word' id='word_1_233' title='bbox 603 1929 698 1974; x_wconf 75' lang='grc' dir='ltr'>ἐστι,</span> <span class='ocrx_word' id='word_1_234' title='bbox 716 1927 793 1965; x_wconf 63' lang='lat' dir='ltr'>cTi)</span> <span class='ocrx_word' id='word_1_235' title='bbox 822 1927 921 1978; x_wconf 70' lang='grc' dir='ltr'>ὑγρὸν</span> <span class='ocrx_word' id='word_1_236' title='bbox 943 1928 1048 1965; x_wconf 68' lang='grc' dir='ltr'>πάλιν</span> <span class='ocrx_word' id='word_1_237' title='bbox 1072 1927 1112 1965; x_wconf 77' lang='grc' dir='ltr'>τὸ</span> 
     </span>
    </p>
   </div>
   <div class='ocr_carea' id='block_1_3' title="bbox 964 1988 1004 2002">
    <p class='ocr_par' dir='ltr' id='par_1_3' title="bbox 964 1988 1004 2002">
     <span class='ocr_line' id='line_1_29' title="bbox 964 1988 1004 2002; baseline 0.025 -1"><span class='ocrx_word' id='word_1_238' title='bbox 964 1988 971 2001; x_wconf 63' lang='grc' dir='ltr'><strong>Χ</strong></span> <span class='ocrx_word' id='word_1_239' title='bbox 996 1991 1004 2002; x_wconf 72' lang='lat'>&lt;¹</span> 
     </span>
    </p>
   </div>
   <div class='ocr_carea' id='block_1_4' title="bbox 94 1987 1112 2040">
    <p class='ocr_par' dir='ltr' id='par_1_4' title="bbox 94 1987 1112 2040">
     <span class='ocr_line' id='line_1_30' title="bbox 94 1987 1112 2040; baseline -0.001 -13"><span class='ocrx_word' id='word_1_240' title='bbox 94 1993 128 2027; x_wconf 80' lang='grc' dir='ltr'>ἐν</span> <span class='ocrx_word' id='word_1_241' title='bbox 163 1994 260 2039; x_wconf 71' lang='grc' dir='ltr'>ἡμῖν,</span> <span class='ocrx_word' id='word_1_242' title='bbox 285 1992 301 2026; x_wconf 84' lang='grc' dir='ltr'>ὃ</span> <span class='ocrx_word' id='word_1_243' title='bbox 330 1989 458 2040; x_wconf 67' lang='grc' dir='ltr'>χυμὸς,</span> <span class='ocrx_word' id='word_1_244' title='bbox 479 1991 507 2025; x_wconf 78' lang='grc' dir='ltr'>εἰ</span> <span class='ocrx_word' id='word_1_245' title='bbox 527 1988 641 2026; x_wconf 72' lang='grc' dir='ltr'>πάντα</span> <span class='ocrx_word' id='word_1_246' title='bbox 675 1987 873 2039; x_wconf 83' lang='grc' dir='ltr'>πληρώσει,</span> <span class='ocrx_word' id='word_1_247' title='bbox 900 1989 976 2039; x_wconf 73' lang='grc' dir='ltr'>οὐχι</span> <span class='ocrx_word' id='word_1_248' title='bbox 995 1988 1112 2040; x_wconf 70' lang='grc' dir='ltr'>ύδερος</span> 
     </span>
    </p>
   </div>
   <div class='ocr_carea' id='block_1_5' title="bbox 92 2048 1109 2102">
    <p class='ocr_par' dir='ltr' id='par_1_5' title="bbox 92 2048 1109 2102">
     <span class='ocr_line' id='line_1_31' title="bbox 92 2048 1109 2102; baseline 0.001 -15"><span class='ocrx_word' id='word_1_249' title='bbox 92 2051 193 2087; x_wconf 82' lang='grc' dir='ltr'>τοῦτο’</span> <span class='ocrx_word' id='word_1_250' title='bbox 215 2052 311 2095; x_wconf 82' lang='grc' dir='ltr'>ἐστι;</span> <span class='ocrx_word' id='word_1_251' title='bbox 341 2051 429 2087; x_wconf 79' lang='grc' dir='ltr'>Μετ’</span> <span class='ocrx_word' id='word_1_252' title='bbox 463 2049 592 2086; x_wconf 80' lang='grc' dir='ltr'>ἐκείνου</span> <span class='ocrx_word' id='word_1_253' title='bbox 611 2052 633 2094; x_wconf 80' lang='grc' dir='ltr'>ἧ</span> <span class='ocrx_word' id='word_1_254' title='bbox 653 2048 740 2100; x_wconf 76' lang='grc' dir='ltr'>χολὴ</span> <span class='ocrx_word' id='word_1_255' title='bbox 770 2049 874 2086; x_wconf 77' lang='grc' dir='ltr'>πάλιν</span> <span class='ocrx_word' id='word_1_256' title='bbox 895 2049 1109 2102; x_wconf 74' lang='grc' dir='ltr'>εὐρυχωρίαν</span> 
     </span>
    </p>
   </div>
   <div class='ocr_carea' id='block_1_6' title="bbox 89 2169 1112 3075">
    <p class='ocr_par' dir='ltr' id='par_1_6' title="bbox 89 2169 1112 3075">
     <span class='ocr_line' id='line_1_32' title="bbox 94 2169 1109 2222; baseline 0 -14"><span class='ocrx_word' id='word_1_257' title='bbox 94 2175 135 2222; x_wconf 70' lang='grc' dir='ltr'>τῇ</span> <span class='ocrx_word' id='word_1_258' title='bbox 164 2174 258 2222; x_wconf 56' lang='lat' dir='ltr'>hoff)</span> <span class='ocrx_word' id='word_1_259' title='bbox 281 2171 433 2220; x_wconf 79' lang='grc' dir='ltr'>ὃθυμὸς,</span> <span class='ocrx_word' id='word_1_260' title='bbox 460 2174 481 2216; x_wconf 82' lang='grc' dir='ltr'>ἡ</span> <span class='ocrx_word' id='word_1_261' title='bbox 507 2169 690 2219; x_wconf 78' lang='grc' dir='ltr'>ἐπιθυμία,</span> <span class='ocrx_word' id='word_1_262' title='bbox 714 2170 772 2207; x_wconf 79' lang='grc' dir='ltr'>καὶ</span> <span class='ocrx_word' id='word_1_263' title='bbox 793 2169 836 2207; x_wconf 80' lang='grc' dir='ltr'>τὰ</span> <span class='ocrx_word' id='word_1_264' title='bbox 866 2171 955 2208; x_wconf 77' lang='grc' dir='ltr'>ἄλλα</span> <span class='ocrx_word' id='word_1_265' title='bbox 973 2171 1109 2218; x_wconf 80' lang='grc' dir='ltr'>πάντα,</span> 
     </span>
     <span class='ocr_line' id='line_1_33' title="bbox 93 2230 1110 2283; baseline 0 -14"><span class='ocrx_word' id='word_1_266' title='bbox 93 2232 150 2269; x_wconf 75' lang='grc' dir='ltr'>ἐὰν</span> <span class='ocrx_word' id='word_1_267' title='bbox 162 2231 295 2283; x_wconf 63' lang='grc' dir='ltr'>ὑπερὸᾔ</span> <span class='ocrx_word' id='word_1_268' title='bbox 313 2231 350 2268; x_wconf 82' lang='grc' dir='ltr'>τὸ</span> <span class='ocrx_word' id='word_1_269' title='bbox 366 2230 502 2281; x_wconf 82' lang='grc' dir='ltr'>μέτρον,</span> <span class='ocrx_word' id='word_1_270' title='bbox 517 2230 613 2281; x_wconf 54' lang='grc' dir='ltr'>οὐχὶ*</span> <span class='ocrx_word' id='word_1_271' title='bbox 629 2231 749 2268; x_wconf 75' lang='grc' dir='ltr'>ἑαυτὸν</span> <span class='ocrx_word' id='word_1_272' title='bbox 767 2231 1028 2283; x_wconf 67' lang='grc' dir='ltr'>συνδιέφθειρεν,</span> <span class='ocrx_word' id='word_1_273' title='bbox 1042 2233 1110 2269; x_wconf 81' lang='grc' dir='ltr'>Οὕ-</span> 
     </span>
     <span class='ocr_line' id='line_1_34' title="bbox 92 2286 1106 2343; baseline 0.002 -15"><span class='ocrx_word' id='word_1_274' title='bbox 92 2308 140 2330; x_wconf 90' lang='grc' dir='ltr'>τω</span> <span class='ocrx_word' id='word_1_275' title='bbox 156 2292 214 2329; x_wconf 76' lang='grc' dir='ltr'>καὶ</span> <span class='ocrx_word' id='word_1_276' title='bbox 229 2295 250 2337; x_wconf 77' lang='grc' dir='ltr'>ἡ</span> <span class='ocrx_word' id='word_1_277' title='bbox 268 2291 376 2343; x_wconf 78' lang='grc' dir='ltr'>τροφή</span> <span class='ocrx_word' id='word_1_278' title='bbox 388 2306 395 2313; x_wconf 94' lang='grc'><strong><em>·</em></strong></span> <span class='ocrx_word' id='word_1_279' title='bbox 416 2290 474 2327; x_wconf 80' lang='grc' dir='ltr'>ἐὰν</span> <span class='ocrx_word' id='word_1_280' title='bbox 494 2290 580 2342; x_wconf 78' lang='grc' dir='ltr'>ὑπὲρ</span> <span class='ocrx_word' id='word_1_281' title='bbox 595 2290 612 2327; x_wconf 83' lang='grc' dir='ltr'>ὃ</span> <span class='ocrx_word' id='word_1_282' title='bbox 628 2286 769 2328; x_wconf 75' lang='grc' dir='ltr'>δύναται</span> <span class='ocrx_word' id='word_1_283' title='bbox 788 2291 980 2329; x_wconf 79' lang='grc' dir='ltr'>πέπτεσθαι</span> <span class='ocrx_word' id='word_1_284' title='bbox 997 2308 1106 2343; x_wconf 84' lang='grc' dir='ltr'>προσ-</span> 
     </span>
     <span class='ocr_line' id='line_1_35' title="bbox 91 2350 1108 2404; baseline 0.001 -14"><span class='ocrx_word' id='word_1_285' title='bbox 91 2356 224 2404; x_wconf 60' lang='grc' dir='ltr'>ληρθῇ,</span> <span class='ocrx_word' id='word_1_286' title='bbox 252 2352 363 2394; x_wconf 82' lang='grc' dir='ltr'>νόσοις</span> <span class='ocrx_word' id='word_1_287' title='bbox 398 2351 436 2388; x_wconf 74' lang='grc' dir='ltr'>τὸ</span> <span class='ocrx_word' id='word_1_288' title='bbox 467 2353 570 2400; x_wconf 79' lang='grc' dir='ltr'>σῶμα</span> <span class='ocrx_word' id='word_1_289' title='bbox 602 2350 799 2402; x_wconf 67' lang='grc' dir='ltr'>περιέὸαλε.</span> <span class='ocrx_word' id='word_1_290' title='bbox 830 2351 943 2388; x_wconf 86' lang='grc' dir='ltr'>Πόθεν</span> <span class='ocrx_word' id='word_1_291' title='bbox 976 2352 1043 2404; x_wconf 81' lang='grc' dir='ltr'>γὰρ</span> <span class='ocrx_word' id='word_1_292' title='bbox 1073 2358 1108 2392; x_wconf 81' lang='grc' dir='ltr'>αἱ</span> 
     </span>
     <span class='ocr_line' id='line_1_36' title="bbox 89 2411 1108 2465; baseline 0 -13"><span class='ocrx_word' id='word_1_293' title='bbox 89 2413 295 2464; x_wconf 76' lang='grc' dir='ltr'>ποδαλγίαι;</span> <span class='ocrx_word' id='word_1_294' title='bbox 315 2412 416 2450; x_wconf 81' lang='grc' dir='ltr'>πόθεν</span> <span class='ocrx_word' id='word_1_295' title='bbox 434 2415 468 2449; x_wconf 89' lang='grc' dir='ltr'>αἱ</span> <span class='ocrx_word' id='word_1_296' title='bbox 488 2411 650 2463; x_wconf 81' lang='grc' dir='ltr'>παρέσεις</span> <span class='ocrx_word' id='word_1_297' title='bbox 668 2412 727 2449; x_wconf 84' lang='grc' dir='ltr'>καὶ</span> <span class='ocrx_word' id='word_1_298' title='bbox 747 2415 763 2450; x_wconf 80' lang='grc' dir='ltr'>ὁ</span> <span class='ocrx_word' id='word_1_299' title='bbox 778 2411 896 2455; x_wconf 87' lang='grc' dir='ltr'>κλόνος</span> <span class='ocrx_word' id='word_1_300' title='bbox 914 2419 973 2452; x_wconf 89' lang='grc' dir='ltr'>τοῦ</span> <span class='ocrx_word' id='word_1_301' title='bbox 987 2413 1108 2465; x_wconf 75' lang='grc' dir='ltr'>σώμα-</span> 
     </span>
     <span class='ocr_line' id='line_1_37' title="bbox 89 2469 1107 2527; baseline 0.002 -16"><span class='ocrx_word' id='word_1_302' title='bbox 89 2491 166 2521; x_wconf 73' lang='grc' dir='ltr'>τος,</span> <span class='ocrx_word' id='word_1_303' title='bbox 189 2469 256 2527; x_wconf 62' lang='grc' dir='ltr'>ἆρα</span> <span class='ocrx_word' id='word_1_304' title='bbox 275 2476 336 2512; x_wconf 76' lang='grc' dir='ltr'>οὐκ</span> <span class='ocrx_word' id='word_1_305' title='bbox 357 2474 425 2511; x_wconf 81' lang='grc' dir='ltr'>ἀπὸ</span> <span class='ocrx_word' id='word_1_306' title='bbox 446 2477 506 2519; x_wconf 66' lang='grc' dir='ltr'>τῆς</span> <span class='ocrx_word' id='word_1_307' title='bbox 538 2475 605 2510; x_wconf 77' lang='grc' dir='ltr'>τῶν</span> <span class='ocrx_word' id='word_1_308' title='bbox 626 2477 758 2526; x_wconf 67' lang='grc' dir='ltr'>τροφῶν</span> <span class='ocrx_word' id='word_1_309' title='bbox 781 2474 970 2526; x_wconf 70' lang='grc' dir='ltr'>ἀμετρίας,</span> <span class='ocrx_word' id='word_1_310' title='bbox 992 2477 1107 2515; x_wconf 81' lang='grc' dir='ltr'>Πάλιν</span> 
     </span>
     <span class='ocr_line' id='line_1_38' title="bbox 91 2534 1108 2588; baseline 0.004 -15"><span class='ocrx_word' id='word_1_311' title='bbox 91 2538 125 2573; x_wconf 79' lang='grc' dir='ltr'>ἓν</span> <span class='ocrx_word' id='word_1_312' title='bbox 143 2538 192 2587; x_wconf 74' lang='grc' dir='ltr'>τῷ</span> <span class='ocrx_word' id='word_1_313' title='bbox 205 2535 343 2584; x_wconf 82' lang='grc' dir='ltr'>σώματι</span> <span class='ocrx_word' id='word_1_314' title='bbox 364 2534 422 2572; x_wconf 81' lang='grc' dir='ltr'>ἐὰν</span> <span class='ocrx_word' id='word_1_315' title='bbox 441 2536 557 2572; x_wconf 87' lang='grc' dir='ltr'>πλεῖον</span> <span class='ocrx_word' id='word_1_316' title='bbox 576 2536 728 2585; x_wconf 75' lang='grc' dir='ltr'>βουληθῇ</span> <span class='ocrx_word' id='word_1_317' title='bbox 745 2535 863 2573; x_wconf 67' lang='grc' dir='ltr'>λαὸεἷν</span> <span class='ocrx_word' id='word_1_318' title='bbox 880 2540 898 2574; x_wconf 83' lang='grc' dir='ltr'><em>ὃ</em></span> <span class='ocrx_word' id='word_1_319' title='bbox 916 2539 1108 2588; x_wconf 75' lang='grc' dir='ltr'>ὀφθαλμὸς,</span> 
     </span>
     <span class='ocr_line' id='line_1_39' title="bbox 91 2594 1108 2647; baseline 0.003 -14"><span class='ocrx_word' id='word_1_320' title='bbox 91 2596 113 2641; x_wconf 76' lang='grc' dir='ltr'>ἢ</span> <span class='ocrx_word' id='word_1_321' title='bbox 133 2595 235 2633; x_wconf 78' lang='grc' dir='ltr'>πλέον</span> <span class='ocrx_word' id='word_1_322' title='bbox 256 2596 337 2632; x_wconf 81' lang='grc' dir='ltr'>ἰδεῖν</span> <span class='ocrx_word' id='word_1_323' title='bbox 357 2599 416 2632; x_wconf 90' lang='grc' dir='ltr'>τοῦ</span> <span class='ocrx_word' id='word_1_324' title='bbox 433 2594 625 2645; x_wconf 79' lang='grc' dir='ltr'>ὡρισμένου</span> <span class='ocrx_word' id='word_1_325' title='bbox 645 2594 833 2644; x_wconf 76' lang='grc' dir='ltr'>θελήσειεν,</span> <span class='ocrx_word' id='word_1_326' title='bbox 853 2595 875 2642; x_wconf 79' lang='grc' dir='ltr'>ἢ</span> <span class='ocrx_word' id='word_1_327' title='bbox 894 2600 1006 2647; x_wconf 83' lang='grc' dir='ltr'>μεῖζον</span> <span class='ocrx_word' id='word_1_328' title='bbox 1028 2601 1108 2636; x_wconf 84' lang='grc' dir='ltr'>ἁνα-</span> 
     </span>
     <span class='ocr_line' id='line_1_40' title="bbox 92 2654 1108 2710; baseline 0.006 -18"><span class='ocrx_word' id='word_1_329' title='bbox 92 2655 193 2693; x_wconf 57' lang='lat' dir='ltr'>&gt;deon</span> <span class='ocrx_word' id='word_1_330' title='bbox 213 2659 284 2707; x_wconf 74' lang='grc' dir='ltr'>φῶς</span> <span class='ocrx_word' id='word_1_331' title='bbox 297 2685 306 2700; x_wconf 92' lang='grc'>,</span> <span class='ocrx_word' id='word_1_332' title='bbox 339 2655 468 2706; x_wconf 42' lang='lat' dir='ltr'>effla-{ss</span> <span class='ocrx_word' id='word_1_333' title='bbox 497 2657 626 2705; x_wconf 74' lang='grc' dir='ltr'>μᾶλλον</span> <span class='ocrx_word' id='word_1_334' title='bbox 643 2654 664 2700; x_wconf 78' lang='grc' dir='ltr'>ἢ</span> <span class='ocrx_word' id='word_1_335' title='bbox 684 2656 841 2706; x_wconf 70' lang='grc' dir='ltr'>ὠφέλησε</span> <span class='ocrx_word' id='word_1_336' title='bbox 868 2657 906 2694; x_wconf 83' lang='grc' dir='ltr'>τὸ</span> <span class='ocrx_word' id='word_1_337' title='bbox 926 2658 1012 2710; x_wconf 77' lang='grc' dir='ltr'>ὑπὲρ</span> <span class='ocrx_word' id='word_1_338' title='bbox 1045 2659 1108 2709; x_wconf 78' lang='grc' dir='ltr'>μέ-</span> 
     </span>
     <span class='ocr_line' id='line_1_41' title="bbox 93 2714 1112 2770; baseline 0.005 -17"><span class='ocrx_word' id='word_1_339' title='bbox 93 2732 184 2768; x_wconf 88' lang='grc' dir='ltr'>τρον.</span> <span class='ocrx_word' id='word_1_340' title='bbox 212 2718 256 2753; x_wconf 78' lang='grc' dir='ltr'>Εἷ</span> <span class='ocrx_word' id='word_1_341' title='bbox 280 2715 314 2752; x_wconf 77' lang='grc' dir='ltr'>δὲ</span> <span class='ocrx_word' id='word_1_342' title='bbox 334 2715 413 2752; x_wconf 79' lang='grc' dir='ltr'>ἔνθα</span> <span class='ocrx_word' id='word_1_343' title='bbox 434 2714 559 2764; x_wconf 78' lang='grc' dir='ltr'>ἀγαθόν</span> <span class='ocrx_word' id='word_1_344' title='bbox 582 2731 616 2752; x_wconf 85' lang='grc' dir='ltr'>τι</span> <span class='ocrx_word' id='word_1_345' title='bbox 637 2716 676 2754; x_wconf 80' lang='grc' dir='ltr'>τὸ</span> <span class='ocrx_word' id='word_1_346' title='bbox 693 2719 762 2767; x_wconf 69' lang='grc' dir='ltr'>φῶς</span> <span class='ocrx_word' id='word_1_347' title='bbox 783 2719 880 2764; x_wconf 82' lang='grc' dir='ltr'>ἐστι,</span> <span class='ocrx_word' id='word_1_348' title='bbox 901 2721 918 2755; x_wconf 84' lang='grc' dir='ltr'><em>ὃ</em></span> <span class='ocrx_word' id='word_1_349' title='bbox 937 2720 1112 2770; x_wconf 63' lang='grc' dir='ltr'>ὀφθαλμὸς</span> 
     </span>
     <span class='ocr_line' id='line_1_42' title="bbox 93 2776 1112 2833; baseline 0.005 -19"><span class='ocrx_word' id='word_1_350' title='bbox 93 2780 124 2814; x_wconf 84' lang='grc' dir='ltr'>εἷ</span> <span class='ocrx_word' id='word_1_351' title='bbox 143 2778 246 2816; x_wconf 79' lang='grc' dir='ltr'>πλέον</span> <span class='ocrx_word' id='word_1_352' title='bbox 267 2778 348 2814; x_wconf 84' lang='grc' dir='ltr'>ἰδεῖν</span> <span class='ocrx_word' id='word_1_353' title='bbox 368 2777 542 2823; x_wconf 72' lang='grc' dir='ltr'>θελήσειεν</span> <span class='ocrx_word' id='word_1_354' title='bbox 563 2776 756 2814; x_wconf 79' lang='grc' dir='ltr'>ἀπόλλυται</span> <span class='ocrx_word' id='word_1_355' title='bbox 769 2793 776 2800; x_wconf 92' lang='grc'>·</span> <span class='ocrx_word' id='word_1_356' title='bbox 799 2777 880 2816; x_wconf 73' lang='grc' dir='ltr'>ὅταν</span> <span class='ocrx_word' id='word_1_357' title='bbox 909 2781 1112 2833; x_wconf 83' lang='grc' dir='ltr'>λαμπρότε-</span> 
     </span>
     <span class='ocr_line' id='line_1_43' title="bbox 97 2836 1111 2894; baseline 0.005 -20"><span class='ocrx_word' id='word_1_358' title='bbox 97 2853 151 2888; x_wconf 86' lang='grc' dir='ltr'>ρον</span> <span class='ocrx_word' id='word_1_359' title='bbox 173 2838 226 2887; x_wconf 80' lang='grc' dir='ltr'>ἴδῃ</span> <span class='ocrx_word' id='word_1_360' title='bbox 240 2868 249 2884; x_wconf 92' lang='grc'>,</span> <span class='ocrx_word' id='word_1_361' title='bbox 271 2837 430 2884; x_wconf 80' lang='grc' dir='ltr'>ἐννόησον</span> <span class='ocrx_word' id='word_1_362' title='bbox 451 2836 508 2874; x_wconf 80' lang='grc' dir='ltr'>ἐπὶ</span> <span class='ocrx_word' id='word_1_363' title='bbox 526 2842 585 2875; x_wconf 90' lang='grc' dir='ltr'>τοῦ</span> <span class='ocrx_word' id='word_1_364' title='bbox 605 2841 726 2876; x_wconf 82' lang='grc' dir='ltr'>κακοῦ.</span> <span class='ocrx_word' id='word_1_365' title='bbox 746 2837 790 2875; x_wconf 88' lang='grc' dir='ltr'><strong>Ἥ</strong></span> <span class='ocrx_word' id='word_1_366' title='bbox 808 2838 894 2886; x_wconf 81' lang='grc' dir='ltr'>ἀκοὴ</span> <span class='ocrx_word' id='word_1_367' title='bbox 917 2840 974 2878; x_wconf 79' lang='grc' dir='ltr'>ἐὰν</span> <span class='ocrx_word' id='word_1_368' title='bbox 997 2843 1111 2894; x_wconf 79' lang='grc' dir='ltr'>μεγά-</span> 
     </span>
     <span class='ocr_line' id='line_1_44' title="bbox 95 2897 1112 2952; baseline 0.009 -19"><span class='ocrx_word' id='word_1_369' title='bbox 95 2899 157 2943; x_wconf 88' lang='grc' dir='ltr'>λην</span> <span class='ocrx_word' id='word_1_370' title='bbox 177 2898 315 2944; x_wconf 78' lang='grc' dir='ltr'>δέξηται</span> <span class='ocrx_word' id='word_1_371' title='bbox 333 2897 463 2949; x_wconf 73' lang='grc' dir='ltr'>φωνὴν,</span> <span class='ocrx_word' id='word_1_372' title='bbox 485 2897 710 2944; x_wconf 85' lang='grc' dir='ltr'>ἀπόπληκτος</span> <span class='ocrx_word' id='word_1_373' title='bbox 725 2902 746 2944; x_wconf 76' lang='grc' dir='ltr'>ἡ</span> <span class='ocrx_word' id='word_1_374' title='bbox 769 2900 902 2937; x_wconf 78' lang='grc' dir='ltr'>διοίνοια</span> <span class='ocrx_word' id='word_1_375' title='bbox 922 2901 1073 2952; x_wconf 87' lang='grc' dir='ltr'>γίνεται·</span> <span class='ocrx_word' id='word_1_376' title='bbox 1094 2908 1112 2942; x_wconf 86' lang='grc' dir='ltr'><em>ὃ</em></span> 
     </span>
     <span class='ocr_line' id='line_1_45' title="bbox 96 2957 1111 3010; baseline 0.007 -16"><span class='ocrx_word' id='word_1_377' title='bbox 96 2962 169 2999; x_wconf 83' lang='grc' dir='ltr'>νοῦς</span> <span class='ocrx_word' id='word_1_378' title='bbox 196 2957 333 2995; x_wconf 76' lang='grc' dir='ltr'>ἐπειδὰν</span> <span class='ocrx_word' id='word_1_379' title='bbox 354 2957 397 2995; x_wconf 84' lang='grc' dir='ltr'>τὰ</span> <span class='ocrx_word' id='word_1_380' title='bbox 425 2957 512 3009; x_wconf 79' lang='grc' dir='ltr'>ὑπὲρ</span> <span class='ocrx_word' id='word_1_381' title='bbox 540 2958 660 2996; x_wconf 78' lang='grc' dir='ltr'>ἑαυτὸν</span> <span class='ocrx_word' id='word_1_382' title='bbox 689 2958 1111 3010; x_wconf 69' lang='grc' dir='ltr'>λογίσηται,”ε’κπλήτιε-</span> 
     </span>
     <span class='ocr_line' id='line_1_46' title="bbox 96 3017 1111 3075; baseline 0.006 -22"><span class='ocrx_word' id='word_1_383' title='bbox 96 3033 174 3062; x_wconf 84' lang='grc' dir='ltr'>ται,</span> <span class='ocrx_word' id='word_1_384' title='bbox 196 3017 254 3053; x_wconf 78' lang='grc' dir='ltr'>καὶ</span> <span class='ocrx_word' id='word_1_385' title='bbox 278 3017 362 3069; x_wconf 77' lang='grc' dir='ltr'>ὅπερ</span> <span class='ocrx_word' id='word_1_386' title='bbox 391 3017 431 3055; x_wconf 84' lang='grc' dir='ltr'>ἂν</span> <span class='ocrx_word' id='word_1_387' title='bbox 450 3017 554 3056; x_wconf 82' lang='grc' dir='ltr'>πλέον</span> <span class='ocrx_word' id='word_1_388' title='bbox 585 3021 645 3055; x_wconf 84' lang='grc' dir='ltr'>τοῦ</span> <span class='ocrx_word' id='word_1_389' title='bbox 667 3019 798 3062; x_wconf 72' lang='grc' dir='ltr'>δέοντος</span> <span class='ocrx_word' id='word_1_390' title='bbox 816 3020 978 3070; x_wconf 80' lang='grc' dir='ltr'>γένηται,</span> <span class='ocrx_word' id='word_1_391' title='bbox 997 3037 1111 3075; x_wconf 81' lang='grc' dir='ltr'>παρα-</span> 
     </span>
    </p>
   </div>
   <div class='ocr_carea' id='block_1_7' title="bbox 96 3084 1112 3142">
    <p class='ocr_par' dir='ltr' id='par_1_7' title="bbox 96 3084 1112 3142">
     <span class='ocr_line' id='line_1_47' title="bbox 96 3084 1112 3142; baseline 0.006 -21"><span class='ocrx_word' id='word_1_392' title='bbox 96 3085 255 3122; x_wconf 83' lang='grc' dir='ltr'>πόλλυσι.</span> <span class='ocrx_word' id='word_1_393' title='bbox 273 3086 385 3122; x_wconf 88' lang='grc' dir='ltr'>Τοῦτο</span> <span class='ocrx_word' id='word_1_394' title='bbox 399 3084 467 3135; x_wconf 75' lang='grc' dir='ltr'>γὰρ</span> <span class='ocrx_word' id='word_1_395' title='bbox 491 3085 670 3129; x_wconf 82' lang='grc' dir='ltr'>πλεονεξία</span> <span class='ocrx_word' id='word_1_396' title='bbox 682 3116 691 3133; x_wconf 96' lang='grc'>,</span> <span class='ocrx_word' id='word_1_397' title='bbox 710 3086 814 3124; x_wconf 81' lang='grc' dir='ltr'>πλέον</span> <span class='ocrx_word' id='word_1_398' title='bbox 831 3088 922 3139; x_wconf 70' lang='grc' dir='ltr'>ἔχειν</span> <span class='ocrx_word' id='word_1_399' title='bbox 941 3093 1000 3126; x_wconf 86' lang='grc' dir='ltr'>τοῦ</span> <span class='ocrx_word' id='word_1_400' title='bbox 1027 3091 1112 3142; x_wconf 83' lang='grc' dir='ltr'>ὡρι-</span> 
     </span>
    </p>
   </div>
   <div class='ocr_carea' id='block_1_8' title="bbox 96 3205 1102 3451">
    <p class='ocr_par' dir='ltr' id='par_1_8' title="bbox 96 3205 1102 3451">
     <span class='ocr_line' id='line_1_48' title="bbox 141 3205 1098 3254; baseline 0.011 -18"><span class='ocrx_word' id='word_1_401' title='bbox 141 3209 156 3232; x_wconf 89' lang='lat' dir='ltr'>b</span> <span class='ocrx_word' id='word_1_402' title='bbox 174 3205 318 3247; x_wconf 63' lang='lat' dir='ltr'>Quidam</span> <span class='ocrx_word' id='word_1_403' title='bbox 342 3212 463 3251; x_wconf 62' lang='grc' dir='ltr'>ἐρίεται.</span> <span class='ocrx_word' id='word_1_404' title='bbox 484 3215 508 3242; x_wconf 82' lang='grc' dir='ltr'>εἰ</span> <span class='ocrx_word' id='word_1_405' title='bbox 524 3215 582 3254; x_wconf 72' lang='grc' dir='ltr'>γὰρ</span> <span class='ocrx_word' id='word_1_406' title='bbox 598 3215 772 3253; x_wconf 68' lang='grc' dir='ltr'>βουληθῇ...</span> <span class='ocrx_word' id='word_1_407' title='bbox 797 3216 910 3246; x_wconf 53' lang='lat' dir='ltr'>&gt;affirm</span> <span class='ocrx_word' id='word_1_408' title='bbox 936 3218 985 3246; x_wconf 69' lang='grc' dir='ltr'>τὸν</span> <span class='ocrx_word' id='word_1_409' title='bbox 1008 3218 1098 3247; x_wconf 70' lang='grc' dir='ltr'>ἀλλέ-</span> 
     </span>
     <span class='ocr_line' id='line_1_49' title="bbox 96 3274 187 3305; baseline 0.011 -13"><span class='ocrx_word' id='word_1_410' title='bbox 96 3274 187 3305; x_wconf 54' lang='lat' dir='ltr'>epm-J-</span> 
     </span>
     <span class='ocr_line' id='line_1_50' title="bbox 140 3310 1101 3358; baseline 0.011 -19"><span class='ocrx_word' id='word_1_411' title='bbox 140 3321 152 3335; x_wconf 80' lang='lat' dir='ltr'>c</span> <span class='ocrx_word' id='word_1_412' title='bbox 170 3311 229 3352; x_wconf 81' lang='lat' dir='ltr'>[B.</span> <span class='ocrx_word' id='word_1_413' title='bbox 248 3310 287 3345; x_wconf 85' lang='lat' dir='ltr'>C.</span> <span class='ocrx_word' id='word_1_414' title='bbox 312 3315 346 3343; x_wconf 70' lang='grc' dir='ltr'>τὸ</span> <span class='ocrx_word' id='word_1_415' title='bbox 369 3312 454 3354; x_wconf 64' lang='grc' dir='ltr'>ὑγρὸν</span> <span class='ocrx_word' id='word_1_416' title='bbox 471 3316 505 3344; x_wconf 82' lang='grc' dir='ltr'>τὸ</span> <span class='ocrx_word' id='word_1_417' title='bbox 522 3316 550 3344; x_wconf 79' lang='grc' dir='ltr'>ἐν</span> <span class='ocrx_word' id='word_1_418' title='bbox 567 3316 637 3351; x_wconf 77' lang='grc' dir='ltr'>ἡμῖν</span> <span class='ocrx_word' id='word_1_419' title='bbox 654 3319 751 3347; x_wconf 75' lang='grc' dir='ltr'>πάντα</span> <span class='ocrx_word' id='word_1_420' title='bbox 767 3317 940 3358; x_wconf 50' lang='lat' dir='ltr'>Tri-epaon),</span> <span class='ocrx_word' id='word_1_421' title='bbox 958 3320 1020 3358; x_wconf 63' lang='grc' dir='ltr'>οὐχὶ</span> <span class='ocrx_word' id='word_1_422' title='bbox 1037 3319 1101 3349; x_wconf 70' lang='grc' dir='ltr'>ὕδε-</span> 
     </span>
     <span class='ocr_line' id='line_1_51' title="bbox 99 3364 1102 3410; baseline 0.006 -14"><span class='ocrx_word' id='word_1_423' title='bbox 99 3378 148 3407; x_wconf 64' lang='grc' dir='ltr'>ρος</span> <span class='ocrx_word' id='word_1_424' title='bbox 172 3368 257 3396; x_wconf 66' lang='grc' dir='ltr'>τοῦτό</span> <span class='ocrx_word' id='word_1_425' title='bbox 287 3366 346 3394; x_wconf 74' lang='grc' dir='ltr'>ἐστι</span> <span class='ocrx_word' id='word_1_426' title='bbox 372 3365 420 3393; x_wconf 66' lang='grc' dir='ltr'>καὶ</span> <span class='ocrx_word' id='word_1_427' title='bbox 449 3364 611 3404; x_wconf 54' lang='lat' dir='ltr'>moal-7525</span> <span class='ocrx_word' id='word_1_428' title='bbox 631 3367 691 3406; x_wconf 65' lang='grc' dir='ltr'>οὐχὶ</span> <span class='ocrx_word' id='word_1_429' title='bbox 718 3368 820 3399; x_wconf 69' lang='grc' dir='ltr'>ἑαυτὸν</span> <span class='ocrx_word' id='word_1_430' title='bbox 845 3373 1009 3410; x_wconf 57' lang='grc' dir='ltr'>συνέρθεψε</span> <span class='ocrx_word' id='word_1_431' title='bbox 1033 3372 1102 3410; x_wconf 74' lang='grc' dir='ltr'>μετ’</span> 
     </span>
     <span class='ocr_line' id='line_1_52' title="bbox 312 3427 489 3451; baseline 0.011 -2"><span class='ocrx_word' id='word_1_432' title='bbox 312 3427 404 3450; x_wconf 77' lang='lat' dir='ltr'>TOM.</span> <span class='ocrx_word' id='word_1_433' title='bbox 439 3428 489 3451; x_wconf 68' lang='lat' dir='ltr'>lx-</span> 
     </span>
    </p>
   </div>
   <div class='ocr_carea' id='block_1_9' title="bbox 1306 264 2166 317">
    <p class='ocr_par' dir='ltr' id='par_1_9' title="bbox 1306 264 2166 317">
     <span class='ocr_line' id='line_1_53' title="bbox 1306 264 2166 317; baseline 0.006 -12"><span class='ocrx_word' id='word_1_434' title='bbox 1306 275 1460 307; x_wconf 76' lang='lat' dir='ltr'>nomn...</span> <span class='ocrx_word' id='word_1_435' title='bbox 1502 278 1560 307; x_wconf 85' lang='lat' dir='ltr'>LI.</span> <span class='ocrx_word' id='word_1_436' title='bbox 2073 264 2166 317; x_wconf 68' lang='lat'>455</span> 
     </span>
    </p>
   </div>
   <div class='ocr_carea' id='block_1_10' title="bbox 1182 355 2170 2049">
    <p class='ocr_par' dir='ltr' id='par_1_10' title="bbox 1182 355 2170 2049">
     <span class='ocr_line' id='line_1_54' title="bbox 1185 355 2165 408; baseline 0.005 -16"><span class='ocrx_word' id='word_1_437' title='bbox 1185 355 1228 392; x_wconf 87' lang='lat' dir='ltr'>de</span> <span class='ocrx_word' id='word_1_438' title='bbox 1247 356 1376 394; x_wconf 73' lang='lat' dir='ltr'>causa?</span> <span class='ocrx_word' id='word_1_439' title='bbox 1402 357 1469 396; x_wconf 82' lang='lat' dir='ltr'>Vis</span> <span class='ocrx_word' id='word_1_440' title='bbox 1489 357 1625 395; x_wconf 83' lang='lat' dir='ltr'><strong>discere</strong></span> <span class='ocrx_word' id='word_1_441' title='bbox 1654 357 1831 408; x_wconf 89' lang='lat' dir='ltr'>quomodo</span> <span class='ocrx_word' id='word_1_442' title='bbox 1858 357 1926 395; x_wconf 88' lang='lat' dir='ltr'>hoc</span> <span class='ocrx_word' id='word_1_443' title='bbox 1944 358 2006 396; x_wconf 90' lang='lat' dir='ltr'>illo</span> <span class='ocrx_word' id='word_1_444' title='bbox 2024 359 2068 396; x_wconf 90' lang='lat' dir='ltr'>sit</span> <span class='ocrx_word' id='word_1_445' title='bbox 2088 374 2165 397; x_wconf 87' lang='lat' dir='ltr'>me-</span> 
     </span>
     <span class='ocr_line' id='line_1_55' title="bbox 1183 415 2164 470; baseline 0.005 -18"><span class='ocrx_word' id='word_1_446' title='bbox 1183 415 1278 452; x_wconf 77' lang='lat' dir='ltr'>lius?</span> <span class='ocrx_word' id='word_1_447' title='bbox 1292 415 1385 454; x_wconf 82' lang='lat' dir='ltr'>Vide</span> <span class='ocrx_word' id='word_1_448' title='bbox 1400 418 1538 465; x_wconf 81' lang='lat' dir='ltr'>ambos,</span> <span class='ocrx_word' id='word_1_449' title='bbox 1558 418 1654 455; x_wconf 87' lang='lat' dir='ltr'>hunc</span> <span class='ocrx_word' id='word_1_450' title='bbox 1672 427 1706 456; x_wconf 88' lang='lat' dir='ltr'>et</span> <span class='ocrx_word' id='word_1_451' title='bbox 1722 418 1837 455; x_wconf 88' lang='lat' dir='ltr'>illum.</span> <span class='ocrx_word' id='word_1_452' title='bbox 1855 419 1928 456; x_wconf 89' lang='lat' dir='ltr'>Cur</span> <span class='ocrx_word' id='word_1_453' title='bbox 1945 419 2040 470; x_wconf 84' lang='lat' dir='ltr'>leges</span> <span class='ocrx_word' id='word_1_454' title='bbox 2056 422 2164 457; x_wconf 69' lang='lat' dir='ltr'>sunt?</span> 
     </span>
     <span class='ocr_line' id='line_1_56' title="bbox 1183 476 2164 532; baseline 0.007 -21"><span class='ocrx_word' id='word_1_455' title='bbox 1183 489 1246 513; x_wconf 88' lang='lat' dir='ltr'>cur</span> <span class='ocrx_word' id='word_1_456' title='bbox 1260 476 1477 515; x_wconf 74' lang='lat' dir='ltr'>tribunalia?</span> <span class='ocrx_word' id='word_1_457' title='bbox 1493 493 1558 516; x_wconf 88' lang='lat' dir='ltr'>cur</span> <span class='ocrx_word' id='word_1_458' title='bbox 1573 479 1774 531; x_wconf 75' lang='lat' dir='ltr'>supplicia?</span> <span class='ocrx_word' id='word_1_459' title='bbox 1791 493 1905 517; x_wconf 90' lang='lat' dir='ltr'>nonne</span> <span class='ocrx_word' id='word_1_460' title='bbox 1923 489 2069 532; x_wconf 83' lang='lat' dir='ltr'>propter</span> <span class='ocrx_word' id='word_1_461' title='bbox 2083 480 2164 518; x_wconf 82' lang='lat' dir='ltr'>illos</span> 
     </span>
     <span class='ocr_line' id='line_1_57' title="bbox 1184 539 2163 592; baseline 0.005 -19"><span class='ocrx_word' id='word_1_462' title='bbox 1184 547 1222 575; x_wconf 89' lang='lat' dir='ltr'>ut</span> <span class='ocrx_word' id='word_1_463' title='bbox 1248 540 1487 591; x_wconf 68' lang='lat' dir='ltr'>{egrotantesi&#39;</span> <span class='ocrx_word' id='word_1_464' title='bbox 1510 539 1580 577; x_wconf 87' lang='lat' dir='ltr'>Sed</span> <span class='ocrx_word' id='word_1_465' title='bbox 1604 540 1715 577; x_wconf 88' lang='lat' dir='ltr'>multa</span> <span class='ocrx_word' id='word_1_466' title='bbox 1741 540 1905 592; x_wconf 86' lang='lat' dir='ltr'>voluptas</span> <span class='ocrx_word' id='word_1_467' title='bbox 1924 549 1992 589; x_wconf 90' lang='lat' dir='ltr'>est,</span> <span class='ocrx_word' id='word_1_468' title='bbox 2014 540 2163 591; x_wconf 85' lang='lat' dir='ltr'><strong>inquies.</strong></span> 
     </span>
     <span class='ocr_line' id='line_1_58' title="bbox 1183 598 2166 653; baseline 0.005 -19"><span class='ocrx_word' id='word_1_469' title='bbox 1183 598 1316 637; x_wconf 84' lang='lat' dir='ltr'>Futura</span> <span class='ocrx_word' id='word_1_470' title='bbox 1334 610 1595 653; x_wconf 76' lang='lat' dir='ltr'>praetereamus,</span> <span class='ocrx_word' id='word_1_471' title='bbox 1612 601 1797 652; x_wconf 83' lang='lat' dir='ltr'>praeseutia</span> <span class='ocrx_word' id='word_1_472' title='bbox 1812 601 2050 652; x_wconf 82' lang='lat' dir='ltr'>exploremus.</span> <span class='ocrx_word' id='word_1_473' title='bbox 2068 602 2166 648; x_wconf 85' lang='lat' dir='ltr'><strong>Quid</strong></span> 
     </span>
     <span class='ocr_line' id='line_1_59' title="bbox 1183 659 2166 713; baseline 0.004 -18"><span class='ocrx_word' id='word_1_474' title='bbox 1183 659 1345 698; x_wconf 84' lang='lat' dir='ltr'>miserius</span> <span class='ocrx_word' id='word_1_475' title='bbox 1359 661 1502 698; x_wconf 86' lang='grc'>1101111110</span> <span class='ocrx_word' id='word_1_476' title='bbox 1516 661 1622 699; x_wconf 87' lang='lat' dir='ltr'>talem</span> <span class='ocrx_word' id='word_1_477' title='bbox 1637 661 1787 698; x_wconf 78' lang='lat' dir='ltr'>habente</span> <span class='ocrx_word' id='word_1_478' title='bbox 1802 661 2064 713; x_wconf 76' lang='lat' dir='ltr'>suspicionem?</span> <span class='ocrx_word' id='word_1_479' title='bbox 2077 662 2166 712; x_wconf 88' lang='lat' dir='ltr'>quid</span> 
     </span>
     <span class='ocr_line' id='line_1_60' title="bbox 1182 718 2164 772; baseline 0.006 -18"><span class='ocrx_word' id='word_1_480' title='bbox 1182 718 1229 755; x_wconf 87' lang='lat' dir='ltr'>ad</span> <span class='ocrx_word' id='word_1_481' title='bbox 1259 720 1436 758; x_wconf 87' lang='lat' dir='ltr'>ruendum</span> <span class='ocrx_word' id='word_1_482' title='bbox 1466 721 1692 772; x_wconf 77' lang='lat' dir='ltr'>proclivius?</span> <span class='ocrx_word' id='word_1_483' title='bbox 1716 721 1803 770; x_wconf 90' lang='lat' dir='ltr'>quid</span> <span class='ocrx_word' id='word_1_484' title='bbox 1835 722 2027 772; x_wconf 73' lang='lat' dir='ltr'>putidius?</span> <span class='ocrx_word' id='word_1_485' title='bbox 2048 736 2164 760; x_wconf 88' lang='lat' dir='ltr'>annon</span> 
     </span>
     <span class='ocr_line' id='line_1_61' title="bbox 1183 780 2165 832; baseline 0.006 -18"><span class='ocrx_word' id='word_1_486' title='bbox 1183 791 1319 830; x_wconf 87' lang='lat' dir='ltr'>semper</span> <span class='ocrx_word' id='word_1_487' title='bbox 1348 781 1384 817; x_wconf 89' lang='lat' dir='ltr'>in</span> <span class='ocrx_word' id='word_1_488' title='bbox 1410 781 1595 830; x_wconf 82' lang='lat' dir='ltr'>naufragio</span> <span class='ocrx_word' id='word_1_489' title='bbox 1623 781 1700 817; x_wconf 76' lang='lat' dir='ltr'>est?</span> <span class='ocrx_word' id='word_1_490' title='bbox 1727 780 1765 818; x_wconf 71' lang='lat'>51</span> <span class='ocrx_word' id='word_1_491' title='bbox 1796 781 1884 830; x_wconf 85' lang='lat' dir='ltr'>quid</span> <span class='ocrx_word' id='word_1_492' title='bbox 1910 783 2003 832; x_wconf 88' lang='lat' dir='ltr'>juste</span> <span class='ocrx_word' id='word_1_493' title='bbox 2032 783 2165 830; x_wconf 89' lang='lat' dir='ltr'>fecerit,</span> 
     </span>
     <span class='ocr_line' id='line_1_62' title="bbox 1183 841 2167 889; baseline 0.006 -12"><span class='ocrx_word' id='word_1_494' title='bbox 1183 853 1251 877; x_wconf 90' lang='grc'>11011</span> <span class='ocrx_word' id='word_1_495' title='bbox 1279 841 1447 889; x_wconf 88' lang='lat' dir='ltr'>creditur,</span> <span class='ocrx_word' id='word_1_496' title='bbox 1467 842 1512 878; x_wconf 84' lang='lat' dir='ltr'>ob</span> <span class='ocrx_word' id='word_1_497' title='bbox 1541 842 1723 878; x_wconf 78' lang='lat' dir='ltr'>facultates</span> <span class='ocrx_word' id='word_1_498' title='bbox 1754 843 1799 879; x_wconf 81' lang='lat' dir='ltr'>ab</span> <span class='ocrx_word' id='word_1_499' title='bbox 1826 844 1990 881; x_wconf 88' lang='lat' dir='ltr'>omnibus</span> <span class='ocrx_word' id='word_1_500' title='bbox 2018 844 2167 882; x_wconf 84' lang='lat' dir='ltr'>damna-</span> 
     </span>
     <span class='ocr_line' id='line_1_63' title="bbox 1183 900 2164 948; baseline 0.008 -13"><span class='ocrx_word' id='word_1_501' title='bbox 1183 907 1264 948; x_wconf 73' lang='lat'>11153</span> <span class='ocrx_word' id='word_1_502' title='bbox 1288 914 1406 937; x_wconf 90' lang='lat' dir='ltr'>omnes</span> <span class='ocrx_word' id='word_1_503' title='bbox 1436 900 1529 937; x_wconf 89' lang='lat' dir='ltr'>enim</span> <span class='ocrx_word' id='word_1_504' title='bbox 1561 901 1829 939; x_wconf 77' lang='lat' dir='ltr'>contubernales</span> <span class='ocrx_word' id='word_1_505' title='bbox 1856 913 2074 942; x_wconf 79' lang='lat' dir='ltr'>accusatores</span> <span class='ocrx_word' id='word_1_506' title='bbox 2096 905 2164 942; x_wconf 80' lang='lat' dir='ltr'>ha-</span> 
     </span>
     <span class='ocr_line' id='line_1_64' title="bbox 1183 958 2166 1015; baseline 0.008 -21"><span class='ocrx_word' id='word_1_507' title='bbox 1183 958 1351 996; x_wconf 75' lang='lat' dir='ltr'>hetznon</span> <span class='ocrx_word' id='word_1_508' title='bbox 1385 960 1541 996; x_wconf 86' lang='lat' dir='ltr'>amicitia</span> <span class='ocrx_word' id='word_1_509' title='bbox 1577 960 1630 997; x_wconf 87' lang='lat' dir='ltr'>uti</span> <span class='ocrx_word' id='word_1_510' title='bbox 1663 970 1795 1011; x_wconf 69' lang='lat' dir='ltr'>potest,</span> <span class='ocrx_word' id='word_1_511' title='bbox 1828 976 1929 999; x_wconf 89' lang='lat' dir='ltr'>nemo</span> <span class='ocrx_word' id='word_1_512' title='bbox 1959 964 2090 1015; x_wconf 86' lang='lat' dir='ltr'>quippe</span> <span class='ocrx_word' id='word_1_513' title='bbox 2116 966 2166 1002; x_wconf 91' lang='lat' dir='ltr'>fa-</span> 
     </span>
     <span class='ocr_line' id='line_1_65' title="bbox 1183 1018 2168 1071; baseline 0.006 -16"><span class='ocrx_word' id='word_1_514' title='bbox 1183 1018 1251 1055; x_wconf 89' lang='lat' dir='ltr'>cile</span> <span class='ocrx_word' id='word_1_515' title='bbox 1278 1019 1364 1056; x_wconf 82' lang='lat' dir='ltr'>velit</span> <span class='ocrx_word' id='word_1_516' title='bbox 1384 1028 1488 1056; x_wconf 81' lang='lat' dir='ltr'>tantae</span> <span class='ocrx_word' id='word_1_517' title='bbox 1511 1020 1632 1070; x_wconf 83' lang='lat' dir='ltr'>gloriae</span> <span class='ocrx_word' id='word_1_518' title='bbox 1664 1020 1819 1058; x_wconf 87' lang='lat' dir='ltr'>hominis</span> <span class='ocrx_word' id='word_1_519' title='bbox 1852 1022 1988 1060; x_wconf 83' lang='lat' dir='ltr'>amicus</span> <span class='ocrx_word' id='word_1_520' title='bbox 2018 1037 2102 1071; x_wconf 85' lang='lat' dir='ltr'>esse,</span> <span class='ocrx_word' id='word_1_521' title='bbox 2125 1038 2168 1062; x_wconf 88' lang='lat' dir='ltr'>nc</span> 
     </span>
     <span class='ocr_line' id='line_1_66' title="bbox 1184 1080 2168 1131; baseline 0.005 -14"><span class='ocrx_word' id='word_1_522' title='bbox 1184 1080 1259 1131; x_wconf 84' lang='lat' dir='ltr'>ejus</span> <span class='ocrx_word' id='word_1_523' title='bbox 1275 1082 1376 1118; x_wconf 82' lang='lat' dir='ltr'>malae</span> <span class='ocrx_word' id='word_1_524' title='bbox 1393 1082 1438 1119; x_wconf 90' lang='lat' dir='ltr'>sit</span> <span class='ocrx_word' id='word_1_525' title='bbox 1454 1082 1556 1118; x_wconf 80' lang='lat' dir='ltr'>famae</span> <span class='ocrx_word' id='word_1_526' title='bbox 1575 1096 1728 1119; x_wconf 86' lang='lat' dir='ltr'>consors.</span> <span class='ocrx_word' id='word_1_527' title='bbox 1745 1083 1853 1120; x_wconf 89' lang='lat' dir='ltr'>lllum</span> <span class='ocrx_word' id='word_1_528' title='bbox 1868 1092 1907 1120; x_wconf 89' lang='lat' dir='ltr'>ut</span> <span class='ocrx_word' id='word_1_529' title='bbox 1922 1084 2032 1121; x_wconf 83' lang='lat' dir='ltr'>feram</span> <span class='ocrx_word' id='word_1_530' title='bbox 2048 1099 2168 1123; x_wconf 89' lang='lat' dir='ltr'>omnes</span> 
     </span>
     <span class='ocr_line' id='line_1_67' title="bbox 1183 1143 2166 1195; baseline 0.003 -15"><span class='ocrx_word' id='word_1_531' title='bbox 1183 1153 1406 1191; x_wconf 78' lang='lat' dir='ltr'>aversantur,</span> <span class='ocrx_word' id='word_1_532' title='bbox 1439 1152 1479 1180; x_wconf 90' lang='lat' dir='ltr'>ut</span> <span class='ocrx_word' id='word_1_533' title='bbox 1506 1143 1766 1195; x_wconf 86' lang='lat' dir='ltr'>perniciosum,</span> <span class='ocrx_word' id='word_1_534' title='bbox 1804 1144 2013 1193; x_wconf 85' lang='lat' dir='ltr'>inimicum,</span> <span class='ocrx_word' id='word_1_535' title='bbox 2049 1146 2166 1184; x_wconf 86' lang='lat' dir='ltr'>homi—</span> 
     </span>
     <span class='ocr_line' id='line_1_68' title="bbox 1184 1203 2168 1257; baseline 0.005 -17"><span class='ocrx_word' id='word_1_536' title='bbox 1184 1203 1316 1250; x_wconf 82' lang='lat' dir='ltr'>cidam,</span> <span class='ocrx_word' id='word_1_537' title='bbox 1347 1214 1481 1241; x_wconf 85' lang='lat' dir='ltr'>naturae</span> <span class='ocrx_word' id='word_1_538' title='bbox 1516 1204 1667 1255; x_wconf 78' lang='lat' dir='ltr'>hostem,</span> <span class='ocrx_word' id='word_1_539' title='bbox 1695 1205 1868 1257; x_wconf 87' lang='lat' dir='ltr'>injustum</span> <span class='ocrx_word' id='word_1_540' title='bbox 1900 1206 2096 1245; x_wconf 88' lang='lat' dir='ltr'>hominem.</span> <span class='ocrx_word' id='word_1_541' title='bbox 2128 1208 2168 1245; x_wconf 89' lang='lat' dir='ltr'>Si</span> 
     </span>
     <span class='ocr_line' id='line_1_69' title="bbox 1184 1263 2167 1318; baseline 0.004 -17"><span class='ocrx_word' id='word_1_542' title='bbox 1184 1263 1229 1301; x_wconf 86' lang='lat' dir='ltr'>ad</span> <span class='ocrx_word' id='word_1_543' title='bbox 1267 1265 1423 1302; x_wconf 82' lang='lat' dir='ltr'>tribunal</span> <span class='ocrx_word' id='word_1_544' title='bbox 1453 1264 1587 1302; x_wconf 87' lang='lat' dir='ltr'>incidat</span> <span class='ocrx_word' id='word_1_545' title='bbox 1617 1265 1646 1303; x_wconf 88' lang='lat' dir='ltr'>is</span> <span class='ocrx_word' id='word_1_546' title='bbox 1680 1266 1741 1315; x_wconf 89' lang='lat' dir='ltr'>qui</span> <span class='ocrx_word' id='word_1_547' title='bbox 1771 1266 1902 1318; x_wconf 82' lang='lat' dir='ltr'>injuria</span> <span class='ocrx_word' id='word_1_548' title='bbox 1935 1267 2072 1316; x_wconf 83' lang='lat' dir='ltr'>affecit,</span> <span class='ocrx_word' id='word_1_549' title='bbox 2097 1282 2167 1305; x_wconf 90' lang='lat' dir='ltr'>non</span> 
     </span>
     <span class='ocr_line' id='line_1_70' title="bbox 1185 1326 2169 1378; baseline 0.004 -17"><span class='ocrx_word' id='word_1_550' title='bbox 1185 1339 1273 1376; x_wconf 86' lang='lat' dir='ltr'>opus</span> <span class='ocrx_word' id='word_1_551' title='bbox 1305 1326 1371 1362; x_wconf 86' lang='lat' dir='ltr'>erit</span> <span class='ocrx_word' id='word_1_552' title='bbox 1401 1335 1615 1373; x_wconf 75' lang='lat' dir='ltr'>accusatore,</span> <span class='ocrx_word' id='word_1_553' title='bbox 1644 1326 1737 1362; x_wconf 77' lang='lat' dir='ltr'>fama</span> <span class='ocrx_word' id='word_1_554' title='bbox 1768 1326 1886 1378; x_wconf 84' lang='lat' dir='ltr'>ipsum</span> <span class='ocrx_word' id='word_1_555' title='bbox 1919 1327 2032 1378; x_wconf 79' lang='lat' dir='ltr'>magis</span> <span class='ocrx_word' id='word_1_556' title='bbox 2061 1343 2169 1378; x_wconf 85' lang='lat' dir='ltr'>quam</span> 
     </span>
     <span class='ocr_line' id='line_1_71' title="bbox 1185 1388 2169 1440; baseline 0.003 -15"><span class='ocrx_word' id='word_1_557' title='bbox 1185 1397 1387 1426; x_wconf 82' lang='lat' dir='ltr'>accusatore</span> <span class='ocrx_word' id='word_1_558' title='bbox 1429 1389 1598 1440; x_wconf 87' lang='lat' dir='ltr'>quopiam</span> <span class='ocrx_word' id='word_1_559' title='bbox 1635 1388 1902 1427; x_wconf 86' lang='lat' dir='ltr'>condemnante.</span> <span class='ocrx_word' id='word_1_560' title='bbox 1930 1392 1977 1427; x_wconf 90' lang='lat' dir='ltr'>At</span> <span class='ocrx_word' id='word_1_561' title='bbox 2012 1404 2081 1428; x_wconf 85' lang='lat' dir='ltr'>non</span> <span class='ocrx_word' id='word_1_562' title='bbox 2119 1391 2169 1428; x_wconf 87' lang='lat' dir='ltr'>ita</span> 
     </span>
     <span class='ocr_line' id='line_1_72' title="bbox 1184 1448 2169 1499; baseline 0.003 -14"><span class='ocrx_word' id='word_1_563' title='bbox 1184 1462 1220 1485; x_wconf 91' lang='lat' dir='ltr'>se</span> <span class='ocrx_word' id='word_1_564' title='bbox 1250 1448 1357 1486; x_wconf 82' lang='lat' dir='ltr'>habet</span> <span class='ocrx_word' id='word_1_565' title='bbox 1391 1448 1435 1497; x_wconf 87' lang='lat' dir='ltr'>is,</span> <span class='ocrx_word' id='word_1_566' title='bbox 1469 1449 1533 1499; x_wconf 88' lang='lat' dir='ltr'>qui</span> <span class='ocrx_word' id='word_1_567' title='bbox 1571 1449 1700 1499; x_wconf 76' lang='lat' dir='ltr'>injuste</span> <span class='ocrx_word' id='word_1_568' title='bbox 1729 1449 1924 1499; x_wconf 77' lang='lat' dir='ltr'>affligitur3</span> <span class='ocrx_word' id='word_1_569' title='bbox 1953 1449 2013 1488; x_wconf 83' lang='lat' dir='ltr'>sed</span> <span class='ocrx_word' id='word_1_570' title='bbox 2047 1465 2169 1488; x_wconf 90' lang='lat' dir='ltr'>omnes</span> 
     </span>
     <span class='ocr_line' id='line_1_73' title="bbox 1184 1508 2168 1563; baseline 0.003 -17"><span class='ocrx_word' id='word_1_571' title='bbox 1184 1508 1290 1546; x_wconf 83' lang='lat' dir='ltr'>habet</span> <span class='ocrx_word' id='word_1_572' title='bbox 1315 1519 1494 1561; x_wconf 80' lang='lat' dir='ltr'>patronos,</span> <span class='ocrx_word' id='word_1_573' title='bbox 1511 1509 1749 1559; x_wconf 68' lang='lat' dir='ltr'>condolentes,</span> <span class='ocrx_word' id='word_1_574' title='bbox 1767 1524 1912 1548; x_wconf 84' lang='lat' dir='ltr'>manum</span> <span class='ocrx_word' id='word_1_575' title='bbox 1931 1512 2168 1563; x_wconf 85' lang='lat' dir='ltr'>porrigentes;</span> 
     </span>
     <span class='ocr_line' id='line_1_74' title="bbox 1184 1569 2170 1624; baseline 0.004 -18"><span class='ocrx_word' id='word_1_576' title='bbox 1184 1569 1218 1606; x_wconf 90' lang='lat' dir='ltr'>in</span> <span class='ocrx_word' id='word_1_577' title='bbox 1245 1570 1431 1607; x_wconf 82' lang='lat' dir='ltr'>securitate</span> <span class='ocrx_word' id='word_1_578' title='bbox 1452 1579 1531 1608; x_wconf 84' lang='lat' dir='ltr'>stat.</span> <span class='ocrx_word' id='word_1_579' title='bbox 1552 1571 1590 1608; x_wconf 83' lang='lat' dir='ltr'>Si</span> <span class='ocrx_word' id='word_1_580' title='bbox 1609 1571 1743 1608; x_wconf 84' lang='lat' dir='ltr'>bonum</span> <span class='ocrx_word' id='word_1_581' title='bbox 1765 1579 1816 1607; x_wconf 87' lang='lat' dir='ltr'>est</span> <span class='ocrx_word' id='word_1_582' title='bbox 1844 1580 1877 1608; x_wconf 87' lang='lat' dir='ltr'>et</span> <span class='ocrx_word' id='word_1_583' title='bbox 1902 1580 2020 1609; x_wconf 88' lang='lat' dir='ltr'>tutum</span> <span class='ocrx_word' id='word_1_584' title='bbox 2041 1572 2170 1624; x_wconf 85' lang='lat' dir='ltr'>injuste</span> 
     </span>
     <span class='ocr_line' id='line_1_75' title="bbox 1183 1630 2169 1682; baseline 0.005 -17"><span class='ocrx_word' id='word_1_585' title='bbox 1183 1642 1299 1679; x_wconf 84' lang='lat' dir='ltr'>agere,</span> <span class='ocrx_word' id='word_1_586' title='bbox 1321 1631 1472 1667; x_wconf 82' lang='lat' dir='ltr'>fateatur</span> <span class='ocrx_word' id='word_1_587' title='bbox 1491 1630 1571 1680; x_wconf 86' lang='lat' dir='ltr'>quis</span> <span class='ocrx_word' id='word_1_588' title='bbox 1595 1645 1631 1668; x_wconf 87' lang='lat' dir='ltr'>se</span> <span class='ocrx_word' id='word_1_589' title='bbox 1658 1631 1830 1682; x_wconf 88' lang='lat' dir='ltr'>injustum</span> <span class='ocrx_word' id='word_1_590' title='bbox 1856 1645 1949 1669; x_wconf 85' lang='lat' dir='ltr'>esse:</span> <span class='ocrx_word' id='word_1_591' title='bbox 1968 1632 2031 1670; x_wconf 88' lang='lat' dir='ltr'>sed</span> <span class='ocrx_word' id='word_1_592' title='bbox 2049 1633 2079 1670; x_wconf 86' lang='lat' dir='ltr'>si</span> <span class='ocrx_word' id='word_1_593' title='bbox 2098 1647 2169 1670; x_wconf 88' lang='grc'>11011</span> 
     </span>
     <span class='ocr_line' id='line_1_76' title="bbox 1183 1689 2168 1743; baseline 0.006 -17"><span class='ocrx_word' id='word_1_594' title='bbox 1183 1689 1299 1739; x_wconf 84' lang='lat' dir='ltr'>audet,</span> <span class='ocrx_word' id='word_1_595' title='bbox 1314 1704 1376 1727; x_wconf 91' lang='lat' dir='ltr'>cur</span> <span class='ocrx_word' id='word_1_596' title='bbox 1395 1704 1477 1742; x_wconf 83' lang='lat' dir='ltr'>ergo</span> <span class='ocrx_word' id='word_1_597' title='bbox 1491 1691 1559 1728; x_wconf 89' lang='lat' dir='ltr'>hoc</span> <span class='ocrx_word' id='word_1_598' title='bbox 1575 1700 1614 1728; x_wconf 84' lang='lat' dir='ltr'>ut</span> <span class='ocrx_word' id='word_1_599' title='bbox 1631 1692 1766 1728; x_wconf 87' lang='lat' dir='ltr'>honum</span> <span class='ocrx_word' id='word_1_600' title='bbox 1782 1693 2018 1743; x_wconf 73' lang='lat' dir='ltr'>aggreditur?</span> <span class='ocrx_word' id='word_1_601' title='bbox 2032 1694 2168 1734; x_wconf 83' lang='lat' dir='ltr'>Videa-</span> 
     </span>
     <span class='ocr_line' id='line_1_77' title="bbox 1183 1751 2170 1805; baseline 0.005 -18"><span class='ocrx_word' id='word_1_602' title='bbox 1183 1764 1261 1788; x_wconf 88' lang='lat' dir='ltr'>mus</span> <span class='ocrx_word' id='word_1_603' title='bbox 1281 1765 1406 1802; x_wconf 87' lang='lat' dir='ltr'>porro,</span> <span class='ocrx_word' id='word_1_604' title='bbox 1433 1751 1612 1801; x_wconf 88' lang='lat' dir='ltr'>quomodo</span> <span class='ocrx_word' id='word_1_605' title='bbox 1631 1751 1736 1788; x_wconf 88' lang='lat' dir='ltr'>etiam</span> <span class='ocrx_word' id='word_1_606' title='bbox 1754 1751 1790 1789; x_wconf 86' lang='lat' dir='ltr'>in</span> <span class='ocrx_word' id='word_1_607' title='bbox 1809 1753 1914 1790; x_wconf 87' lang='lat' dir='ltr'>nohis</span> <span class='ocrx_word' id='word_1_608' title='bbox 1943 1754 2030 1805; x_wconf 89' lang='lat' dir='ltr'>ipsis</span> <span class='ocrx_word' id='word_1_609' title='bbox 2046 1754 2077 1792; x_wconf 91' lang='lat' dir='ltr'>si</span> <span class='ocrx_word' id='word_1_610' title='bbox 2095 1755 2170 1792; x_wconf 80' lang='lat' dir='ltr'>haec</span> 
     </span>
     <span class='ocr_line' id='line_1_78' title="bbox 1183 1810 2167 1863; baseline 0.005 -16"><span class='ocrx_word' id='word_1_611' title='bbox 1183 1810 1285 1861; x_wconf 86' lang='lat' dir='ltr'>fiant,</span> <span class='ocrx_word' id='word_1_612' title='bbox 1304 1820 1390 1861; x_wconf 91' lang='lat' dir='ltr'>quot</span> <span class='ocrx_word' id='word_1_613' title='bbox 1411 1811 1494 1848; x_wconf 88' lang='lat' dir='ltr'>inde</span> <span class='ocrx_word' id='word_1_614' title='bbox 1513 1811 1621 1849; x_wconf 81' lang='lat' dir='ltr'>mala.</span> <span class='ocrx_word' id='word_1_615' title='bbox 1641 1812 1710 1849; x_wconf 91' lang='lat' dir='ltr'>Dic</span> <span class='ocrx_word' id='word_1_616' title='bbox 1736 1826 1873 1862; x_wconf 86' lang='lat' dir='ltr'>quaeso,</span> <span class='ocrx_word' id='word_1_617' title='bbox 1890 1813 1920 1850; x_wconf 92' lang='lat' dir='ltr'>si</span> <span class='ocrx_word' id='word_1_618' title='bbox 1943 1814 2031 1863; x_wconf 85' lang='lat' dir='ltr'>quid</span> <span class='ocrx_word' id='word_1_619' title='bbox 2051 1814 2087 1851; x_wconf 90' lang='grc'>111</span> <span class='ocrx_word' id='word_1_620' title='bbox 2103 1829 2167 1852; x_wconf 89' lang='grc'>110-</span> 
     </span>
     <span class='ocr_line' id='line_1_79' title="bbox 1182 1870 2164 1926; baseline 0.005 -19"><span class='ocrx_word' id='word_1_621' title='bbox 1182 1870 1251 1919; x_wconf 87' lang='lat' dir='ltr'>bis,</span> <span class='ocrx_word' id='word_1_622' title='bbox 1272 1880 1435 1922; x_wconf 82' lang='lat' dir='ltr'>superato</span> <span class='ocrx_word' id='word_1_623' title='bbox 1453 1870 1559 1909; x_wconf 86' lang='lat' dir='ltr'>modo</span> <span class='ocrx_word' id='word_1_624' title='bbox 1578 1885 1653 1919; x_wconf 82' lang='lat' dir='ltr'>suo,</span> <span class='ocrx_word' id='word_1_625' title='bbox 1666 1872 1818 1910; x_wconf 84' lang='lat' dir='ltr'>alterum</span> <span class='ocrx_word' id='word_1_626' title='bbox 1837 1873 1995 1923; x_wconf 78' lang='lat' dir='ltr'>invadat,</span> <span class='ocrx_word' id='word_1_627' title='bbox 2008 1874 2037 1911; x_wconf 89' lang='lat' dir='ltr'>si</span> <span class='ocrx_word' id='word_1_628' title='bbox 2053 1875 2164 1926; x_wconf 84' lang='lat' dir='ltr'>splen,</span> 
     </span>
     <span class='ocr_line' id='line_1_80' title="bbox 1184 1933 2166 1987; baseline 0.004 -18"><span class='ocrx_word' id='word_1_629' title='bbox 1184 1933 1308 1970; x_wconf 84' lang='lat' dir='ltr'>relicto</span> <span class='ocrx_word' id='word_1_630' title='bbox 1324 1933 1401 1970; x_wconf 94' lang='grc'>1000</span> <span class='ocrx_word' id='word_1_631' title='bbox 1425 1947 1501 1978; x_wconf 88' lang='grc'>5110,</span> <span class='ocrx_word' id='word_1_632' title='bbox 1516 1933 1672 1971; x_wconf 83' lang='lat' dir='ltr'>alienum</span> <span class='ocrx_word' id='word_1_633' title='bbox 1693 1934 1780 1972; x_wconf 65' lang='lat' dir='ltr'>velit</span> <span class='ocrx_word' id='word_1_634' title='bbox 1804 1948 1885 1972; x_wconf 90' lang='lat' dir='ltr'>cum</span> <span class='ocrx_word' id='word_1_635' title='bbox 1902 1949 1965 1972; x_wconf 92' lang='lat' dir='ltr'>suo</span> <span class='ocrx_word' id='word_1_636' title='bbox 1991 1936 2166 1987; x_wconf 86' lang='lat' dir='ltr'>arripere,</span> 
     </span>
     <span class='ocr_line' id='line_1_81' title="bbox 1184 1996 2166 2049; baseline 0.004 -17"><span class='ocrx_word' id='word_1_637' title='bbox 1184 2009 1297 2033; x_wconf 88' lang='lat' dir='ltr'>annon</span> <span class='ocrx_word' id='word_1_638' title='bbox 1317 1996 1385 2033; x_wconf 90' lang='grc'>1100</span> <span class='ocrx_word' id='word_1_639' title='bbox 1403 1996 1547 2034; x_wconf 84' lang='lat' dir='ltr'>morbus</span> <span class='ocrx_word' id='word_1_640' title='bbox 1563 1996 1660 2034; x_wconf 74' lang='lat' dir='ltr'>erit?</span> <span class='ocrx_word' id='word_1_641' title='bbox 1682 1997 1883 2035; x_wconf 85' lang='lat' dir='ltr'>Humidum</span> <span class='ocrx_word' id='word_1_642' title='bbox 1903 1998 1987 2036; x_wconf 88' lang='lat' dir='ltr'>item</span> <span class='ocrx_word' id='word_1_643' title='bbox 2013 1999 2109 2049; x_wconf 88' lang='lat' dir='ltr'>quod</span> <span class='ocrx_word' id='word_1_644' title='bbox 2129 1999 2166 2036; x_wconf 87' lang='lat' dir='ltr'>in</span> 
     </span>
    </p>
   </div>
   <div class='ocr_carea' id='block_1_11' title="bbox 95 2056 2166 2161">
    <p class='ocr_par' dir='ltr' id='par_1_11' title="bbox 95 2056 2166 2161">
     <span class='ocr_line' id='line_1_82' title="bbox 1124 2056 2166 2110; baseline 0.003 -17"><span class='ocrx_word' id='word_1_645' title='bbox 1124 2085 1171 2108; x_wconf 53' lang='lat'>387</span> <span class='ocrx_word' id='word_1_646' title='bbox 1184 2056 1286 2094; x_wconf 83' lang='lat' dir='ltr'>nobis</span> <span class='ocrx_word' id='word_1_647' title='bbox 1302 2066 1350 2094; x_wconf 92' lang='lat' dir='ltr'>est</span> <span class='ocrx_word' id='word_1_648' title='bbox 1369 2057 1396 2094; x_wconf 87' lang='lat' dir='ltr'>si</span> <span class='ocrx_word' id='word_1_649' title='bbox 1416 2057 1534 2094; x_wconf 87' lang='lat' dir='ltr'>omnia</span> <span class='ocrx_word' id='word_1_650' title='bbox 1552 2057 1707 2108; x_wconf 84' lang='lat' dir='ltr'>impleat,</span> <span class='ocrx_word' id='word_1_651' title='bbox 1722 2071 1836 2095; x_wconf 90' lang='lat' dir='ltr'>nonne</span> <span class='ocrx_word' id='word_1_652' title='bbox 1850 2058 2058 2110; x_wconf 86' lang='lat' dir='ltr'>hydropisis</span> <span class='ocrx_word' id='word_1_653' title='bbox 2072 2059 2166 2097; x_wconf 75' lang='lat' dir='ltr'>erit?</span> 
     </span>
     <span class='ocr_line' id='line_1_83' title="bbox 95 2104 1161 2161; baseline 0.003 -14"><span class='ocrx_word' id='word_1_654' title='bbox 95 2110 239 2157; x_wconf 78' lang='grc' dir='ltr'>ζητείτω</span> <span class='ocrx_word' id='word_1_655' title='bbox 254 2141 262 2157; x_wconf 92' lang='grc'>,</span> <span class='ocrx_word' id='word_1_656' title='bbox 290 2110 348 2147; x_wconf 74' lang='grc' dir='ltr'>καὶ</span> <span class='ocrx_word' id='word_1_657' title='bbox 364 2114 542 2161; x_wconf 74' lang='grc' dir='ltr'>πανταχοῦ</span> <span class='ocrx_word' id='word_1_658' title='bbox 559 2109 745 2161; x_wconf 74' lang='grc' dir='ltr'>διαχείσθω</span> <span class='ocrx_word' id='word_1_659' title='bbox 764 2109 803 2147; x_wconf 82' lang='grc' dir='ltr'>τὸ</span> <span class='ocrx_word' id='word_1_660' title='bbox 823 2104 924 2160; x_wconf 68' lang='grc' dir='ltr'>αἷμα.</span> <span class='ocrx_word' id='word_1_661' title='bbox 941 2110 987 2146; x_wconf 86' lang='grc' dir='ltr'>Τί</span> <span class='ocrx_word' id='word_1_662' title='bbox 1015 2110 1050 2148; x_wconf 75' lang='grc' dir='ltr'>δὲ</span> <span class='ocrx_word' id='word_1_663' title='bbox 1076 2113 1108 2149; x_wconf 83' lang='grc' dir='ltr'>ἐν</span> <span class='ocrx_word' id='word_1_664' title='bbox 1136 2122 1161 2150; x_wconf 85' lang='lat' dir='ltr'>A</span> 
     </span>
    </p>
   </div>
   <div class='ocr_carea' id='block_1_12' title="bbox 1182 2116 2192 3142">
    <p class='ocr_par' dir='ltr' id='par_1_12' title="bbox 1182 2116 2192 3142">
     <span class='ocr_line' id='line_1_84' title="bbox 1185 2116 2166 2169; baseline 0.003 -16"><span class='ocrx_word' id='word_1_665' title='bbox 1185 2118 1356 2153; x_wconf 83' lang='lat' dir='ltr'>Praeterca</span> <span class='ocrx_word' id='word_1_666' title='bbox 1375 2117 1461 2154; x_wconf 83' lang='lat' dir='ltr'>bilis</span> <span class='ocrx_word' id='word_1_667' title='bbox 1482 2116 1707 2154; x_wconf 82' lang='lat' dir='ltr'>latitudinem</span> <span class='ocrx_word' id='word_1_668' title='bbox 1727 2127 1871 2168; x_wconf 78' lang='lat' dir='ltr'>quaerat,</span> <span class='ocrx_word' id='word_1_669' title='bbox 1891 2127 1925 2155; x_wconf 88' lang='lat' dir='ltr'>ct</span> <span class='ocrx_word' id='word_1_670' title='bbox 1943 2118 2077 2169; x_wconf 87' lang='lat' dir='ltr'>ubique</span> <span class='ocrx_word' id='word_1_671' title='bbox 2097 2119 2166 2156; x_wconf 88' lang='lat' dir='ltr'>dif-</span> 
     </span>
     <span class='ocr_line' id='line_1_85' title="bbox 1184 2176 2149 2227; baseline 0.004 -14"><span class='ocrx_word' id='word_1_672' title='bbox 1184 2176 1353 2214; x_wconf 83' lang='lat' dir='ltr'>fundatur</span> <span class='ocrx_word' id='word_1_673' title='bbox 1371 2176 1527 2227; x_wconf 80' lang='lat' dir='ltr'>sanguis.</span> <span class='ocrx_word' id='word_1_674' title='bbox 1547 2177 1647 2223; x_wconf 88' lang='lat' dir='ltr'>Quid</span> <span class='ocrx_word' id='word_1_675' title='bbox 1669 2187 1785 2214; x_wconf 83' lang='lat' dir='ltr'>autem</span> <span class='ocrx_word' id='word_1_676' title='bbox 1807 2178 1843 2215; x_wconf 90' lang='lat' dir='ltr'>in</span> <span class='ocrx_word' id='word_1_677' title='bbox 1858 2178 1976 2216; x_wconf 87' lang='lat' dir='ltr'>anima</span> <span class='ocrx_word' id='word_1_678' title='bbox 1995 2179 2062 2227; x_wconf 84' lang='lat' dir='ltr'>ira,</span> <span class='ocrx_word' id='word_1_679' title='bbox 2083 2194 2149 2217; x_wconf 90' lang='lat' dir='ltr'>con</span> 
     </span>
     <span class='ocr_line' id='line_1_86' title="bbox 1184 2236 2166 2288; baseline 0.004 -15"><span class='ocrx_word' id='word_1_680' title='bbox 1184 2236 1400 2287; x_wconf 84' lang='lat' dir='ltr'>cupiscentia</span> <span class='ocrx_word' id='word_1_681' title='bbox 1419 2245 1453 2273; x_wconf 86' lang='lat' dir='ltr'>et</span> <span class='ocrx_word' id='word_1_682' title='bbox 1473 2236 1610 2286; x_wconf 87' lang='lat' dir='ltr'>reliqua</span> <span class='ocrx_word' id='word_1_683' title='bbox 1637 2237 1773 2285; x_wconf 89' lang='lat' dir='ltr'>omnia,</span> <span class='ocrx_word' id='word_1_684' title='bbox 1802 2237 1832 2274; x_wconf 89' lang='lat' dir='ltr'>si</span> <span class='ocrx_word' id='word_1_685' title='bbox 1859 2238 2166 2288; x_wconf 84' lang='lat' dir='ltr'>transgrediantur</span> 
     </span>
     <span class='ocr_line' id='line_1_87' title="bbox 1184 2298 2164 2349; baseline 0.004 -15"><span class='ocrx_word' id='word_1_686' title='bbox 1184 2312 1402 2347; x_wconf 83' lang='lat' dir='ltr'>mensuram,</span> <span class='ocrx_word' id='word_1_687' title='bbox 1418 2311 1533 2334; x_wconf 87' lang='lat' dir='ltr'>nonne</span> <span class='ocrx_word' id='word_1_688' title='bbox 1551 2312 1586 2336; x_wconf 91' lang='lat' dir='ltr'>se</span> <span class='ocrx_word' id='word_1_689' title='bbox 1605 2298 1712 2334; x_wconf 87' lang='lat' dir='ltr'>simul</span> <span class='ocrx_word' id='word_1_690' title='bbox 1728 2298 1906 2349; x_wconf 76' lang='lat' dir='ltr'>perdunt?</span> <span class='ocrx_word' id='word_1_691' title='bbox 1921 2300 1974 2336; x_wconf 86' lang='lat' dir='ltr'>Ita</span> <span class='ocrx_word' id='word_1_692' title='bbox 1992 2308 2025 2336; x_wconf 87' lang='lat' dir='ltr'>et</span> <span class='ocrx_word' id='word_1_693' title='bbox 2044 2300 2164 2338; x_wconf 89' lang='lat' dir='ltr'>cibus:</span> 
     </span>
     <span class='ocr_line' id='line_1_88' title="bbox 1184 2358 2167 2410; baseline 0.004 -15"><span class='ocrx_word' id='word_1_694' title='bbox 1184 2359 1211 2396; x_wconf 91' lang='lat' dir='ltr'>si</span> <span class='ocrx_word' id='word_1_695' title='bbox 1226 2359 1307 2410; x_wconf 87' lang='lat' dir='ltr'>plus</span> <span class='ocrx_word' id='word_1_696' title='bbox 1324 2373 1430 2408; x_wconf 86' lang='lat' dir='ltr'>quam</span> <span class='ocrx_word' id='word_1_697' title='bbox 1450 2358 1618 2409; x_wconf 90' lang='lat' dir='ltr'>concoqui</span> <span class='ocrx_word' id='word_1_698' title='bbox 1636 2358 1747 2410; x_wconf 89' lang='lat' dir='ltr'>possit</span> <span class='ocrx_word' id='word_1_699' title='bbox 1766 2361 2076 2408; x_wconf 72' lang='lat' dir='ltr'>sumatu1·,m0r]›is</span> <span class='ocrx_word' id='word_1_700' title='bbox 2090 2375 2167 2399; x_wconf 91' lang='lat' dir='ltr'>cor-</span> 
     </span>
     <span class='ocr_line' id='line_1_89' title="bbox 1182 2419 2166 2474; baseline 0.004 -18"><span class='ocrx_word' id='word_1_701' title='bbox 1182 2433 1249 2470; x_wconf 90' lang='lat' dir='ltr'>pus</span> <span class='ocrx_word' id='word_1_702' title='bbox 1268 2419 1420 2457; x_wconf 80' lang='lat' dir='ltr'>infestat.</span> <span class='ocrx_word' id='word_1_703' title='bbox 1442 2419 1547 2457; x_wconf 90' lang='lat' dir='ltr'>Unde</span> <span class='ocrx_word' id='word_1_704' title='bbox 1565 2433 1717 2469; x_wconf 87' lang='lat' dir='ltr'>namque</span> <span class='ocrx_word' id='word_1_705' title='bbox 1742 2419 1934 2471; x_wconf 78' lang='lat' dir='ltr'>podagrae?</span> <span class='ocrx_word' id='word_1_706' title='bbox 1954 2421 2046 2459; x_wconf 89' lang='lat' dir='ltr'>unde</span> <span class='ocrx_word' id='word_1_707' title='bbox 2062 2437 2166 2474; x_wconf 87' lang='lat' dir='ltr'>para-</span> 
     </span>
     <span class='ocr_line' id='line_1_90' title="bbox 1182 2480 2166 2532; baseline 0.007 -16"><span class='ocrx_word' id='word_1_708' title='bbox 1182 2480 1270 2532; x_wconf 83' lang='lat' dir='ltr'>lysis</span> <span class='ocrx_word' id='word_1_709' title='bbox 1293 2490 1326 2518; x_wconf 89' lang='lat' dir='ltr'>et</span> <span class='ocrx_word' id='word_1_710' title='bbox 1356 2480 1502 2532; x_wconf 83' lang='lat' dir='ltr'>agitatio</span> <span class='ocrx_word' id='word_1_711' title='bbox 1531 2481 1712 2531; x_wconf 73' lang='lat' dir='ltr'>corporis?</span> <span class='ocrx_word' id='word_1_712' title='bbox 1732 2495 1846 2519; x_wconf 87' lang='lat' dir='ltr'>annon</span> <span class='ocrx_word' id='word_1_713' title='bbox 1868 2496 1911 2519; x_wconf 81' lang='lat' dir='ltr'>ex</span> <span class='ocrx_word' id='word_1_714' title='bbox 1934 2483 2166 2523; x_wconf 88' lang='lat' dir='ltr'>immoderato</span> 
     </span>
     <span class='ocr_line' id='line_1_91' title="bbox 1183 2541 2166 2594; baseline 0.006 -16"><span class='ocrx_word' id='word_1_715' title='bbox 1183 2542 1294 2579; x_wconf 76' lang='lat' dir='ltr'>cibo?</span> <span class='ocrx_word' id='word_1_716' title='bbox 1316 2543 1454 2579; x_wconf 86' lang='lat' dir='ltr'>Rursus</span> <span class='ocrx_word' id='word_1_717' title='bbox 1485 2541 1522 2578; x_wconf 89' lang='lat' dir='ltr'>in</span> <span class='ocrx_word' id='word_1_718' title='bbox 1544 2555 1688 2592; x_wconf 88' lang='lat' dir='ltr'>corpore</span> <span class='ocrx_word' id='word_1_719' title='bbox 1706 2542 1735 2579; x_wconf 84' lang='lat' dir='ltr'>si</span> <span class='ocrx_word' id='word_1_720' title='bbox 1754 2543 1834 2594; x_wconf 89' lang='lat' dir='ltr'>plus</span> <span class='ocrx_word' id='word_1_721' title='bbox 1856 2544 1939 2582; x_wconf 91' lang='lat' dir='ltr'>velit</span> <span class='ocrx_word' id='word_1_722' title='bbox 1965 2546 2090 2583; x_wconf 86' lang='lat' dir='ltr'>oculus</span> <span class='ocrx_word' id='word_1_723' title='bbox 2107 2561 2166 2584; x_wconf 90' lang='lat' dir='ltr'>ac-</span> 
     </span>
     <span class='ocr_line' id='line_1_92' title="bbox 1183 2602 2165 2655; baseline 0.005 -16"><span class='ocrx_word' id='word_1_724' title='bbox 1183 2603 1312 2653; x_wconf 74' lang='lat' dir='ltr'>cipere,</span> <span class='ocrx_word' id='word_1_725' title='bbox 1334 2611 1366 2639; x_wconf 87' lang='lat' dir='ltr'>et</span> <span class='ocrx_word' id='word_1_726' title='bbox 1385 2602 1467 2654; x_wconf 89' lang='lat' dir='ltr'>plus</span> <span class='ocrx_word' id='word_1_727' title='bbox 1488 2602 1612 2640; x_wconf 71' lang='lat' dir='ltr'>videre</span> <span class='ocrx_word' id='word_1_728' title='bbox 1633 2617 1741 2652; x_wconf 87' lang='lat' dir='ltr'>quam</span> <span class='ocrx_word' id='word_1_729' title='bbox 1769 2603 1960 2642; x_wconf 88' lang='lat' dir='ltr'>definitum</span> <span class='ocrx_word' id='word_1_730' title='bbox 1976 2606 2036 2655; x_wconf 87' lang='lat' dir='ltr'>sit,</span> <span class='ocrx_word' id='word_1_731' title='bbox 2057 2607 2115 2644; x_wconf 83' lang='lat' dir='ltr'>vel</span> <span class='ocrx_word' id='word_1_732' title='bbox 2134 2607 2165 2644; x_wconf 87' lang='lat' dir='ltr'>si</span> 
     </span>
     <span class='ocr_line' id='line_1_93' title="bbox 1184 2664 2164 2717; baseline 0.006 -18"><span class='ocrx_word' id='word_1_733' title='bbox 1184 2664 1353 2714; x_wconf 84' lang='lat' dir='ltr'>majorem</span> <span class='ocrx_word' id='word_1_734' title='bbox 1380 2664 1530 2715; x_wconf 84' lang='lat' dir='ltr'>accipiat</span> <span class='ocrx_word' id='word_1_735' title='bbox 1560 2664 1676 2700; x_wconf 88' lang='lat' dir='ltr'>lucem</span> <span class='ocrx_word' id='word_1_736' title='bbox 1689 2679 1700 2713; x_wconf 76' lang='lat'>3</span> <span class='ocrx_word' id='word_1_737' title='bbox 1722 2664 1820 2714; x_wconf 87' lang='lat' dir='ltr'>quod</span> <span class='ocrx_word' id='word_1_738' title='bbox 1838 2679 1945 2717; x_wconf 83' lang='lat' dir='ltr'>supra</span> <span class='ocrx_word' id='word_1_739' title='bbox 1964 2680 2164 2705; x_wconf 88' lang='lat' dir='ltr'>mensuram</span> 
     </span>
     <span class='ocr_line' id='line_1_94' title="bbox 1184 2724 2165 2775; baseline 0.005 -14"><span class='ocrx_word' id='word_1_740' title='bbox 1184 2733 1234 2761; x_wconf 87' lang='lat' dir='ltr'>est</span> <span class='ocrx_word' id='word_1_741' title='bbox 1253 2724 1365 2774; x_wconf 80' lang='lat' dir='ltr'>magis</span> <span class='ocrx_word' id='word_1_742' title='bbox 1385 2733 1505 2771; x_wconf 87' lang='lat' dir='ltr'>nocet,</span> <span class='ocrx_word' id='word_1_743' title='bbox 1532 2737 1640 2773; x_wconf 79' lang='lat' dir='ltr'>quam</span> <span class='ocrx_word' id='word_1_744' title='bbox 1665 2724 1786 2775; x_wconf 85' lang='lat' dir='ltr'>prosit.</span> <span class='ocrx_word' id='word_1_745' title='bbox 1804 2725 1842 2762; x_wconf 86' lang='lat' dir='ltr'>Si</span> <span class='ocrx_word' id='word_1_746' title='bbox 1865 2739 1949 2763; x_wconf 84' lang='lat' dir='ltr'>vero</span> <span class='ocrx_word' id='word_1_747' title='bbox 1963 2756 1973 2774; x_wconf 93' lang='lat'>,</span> <span class='ocrx_word' id='word_1_748' title='bbox 1994 2741 2076 2765; x_wconf 90' lang='lat' dir='ltr'>cum</span> <span class='ocrx_word' id='word_1_749' title='bbox 2098 2729 2165 2766; x_wconf 76' lang='lat' dir='ltr'>lux</span> 
     </span>
     <span class='ocr_line' id='line_1_95' title="bbox 1185 2785 2162 2839; baseline 0.005 -17"><span class='ocrx_word' id='word_1_750' title='bbox 1185 2785 1488 2834; x_wconf 80' lang='lat' dir='ltr'>bonasit,oculus,</span> <span class='ocrx_word' id='word_1_751' title='bbox 1505 2785 1564 2833; x_wconf 89' lang='lat' dir='ltr'>qui</span> <span class='ocrx_word' id='word_1_752' title='bbox 1578 2785 1658 2835; x_wconf 83' lang='lat' dir='ltr'>plus</span> <span class='ocrx_word' id='word_1_753' title='bbox 1677 2799 1784 2834; x_wconf 88' lang='lat' dir='ltr'>quam</span> <span class='ocrx_word' id='word_1_754' title='bbox 1800 2800 1865 2836; x_wconf 84' lang='lat' dir='ltr'>par</span> <span class='ocrx_word' id='word_1_755' title='bbox 1879 2787 1924 2824; x_wconf 89' lang='lat' dir='ltr'>sit</span> <span class='ocrx_word' id='word_1_756' title='bbox 1936 2788 2014 2825; x_wconf 85' lang='lat' dir='ltr'>vult</span> <span class='ocrx_word' id='word_1_757' title='bbox 2026 2789 2162 2839; x_wconf 86' lang='lat' dir='ltr'>videre,</span> 
     </span>
     <span class='ocr_line' id='line_1_96' title="bbox 1185 2845 2165 2901; baseline 0.005 -18"><span class='ocrx_word' id='word_1_758' title='bbox 1185 2846 1297 2897; x_wconf 84' lang='lat' dir='ltr'>perit:</span> <span class='ocrx_word' id='word_1_759' title='bbox 1313 2845 1453 2896; x_wconf 85' lang='lat' dir='ltr'>quando</span> <span class='ocrx_word' id='word_1_760' title='bbox 1484 2845 1575 2895; x_wconf 86' lang='lat' dir='ltr'>quid</span> <span class='ocrx_word' id='word_1_761' title='bbox 1605 2845 1828 2896; x_wconf 86' lang='lat' dir='ltr'>splendidius</span> <span class='ocrx_word' id='word_1_762' title='bbox 1858 2847 2016 2899; x_wconf 80' lang='lat' dir='ltr'>respicit,</span> <span class='ocrx_word' id='word_1_763' title='bbox 2050 2850 2165 2901; x_wconf 84' lang='lat' dir='ltr'>cogita</span> 
     </span>
     <span class='ocr_line' id='line_1_97' title="bbox 1184 2905 2192 2962; baseline 0.007 -20"><span class='ocrx_word' id='word_1_764' title='bbox 1184 2916 1354 2956; x_wconf 81' lang='lat' dir='ltr'>qnantum</span> <span class='ocrx_word' id='word_1_765' title='bbox 1372 2906 1418 2944; x_wconf 87' lang='lat' dir='ltr'>sit</span> <span class='ocrx_word' id='word_1_766' title='bbox 1437 2906 1584 2943; x_wconf 87' lang='lat' dir='ltr'>malum.</span> <span class='ocrx_word' id='word_1_767' title='bbox 1604 2905 1756 2943; x_wconf 88' lang='lat' dir='ltr'>Auditus</span> <span class='ocrx_word' id='word_1_768' title='bbox 1776 2906 1804 2944; x_wconf 91' lang='lat' dir='ltr'>si</span> <span class='ocrx_word' id='word_1_769' title='bbox 1825 2921 1990 2958; x_wconf 84' lang='lat' dir='ltr'>magnam</span> <span class='ocrx_word' id='word_1_770' title='bbox 2011 2910 2166 2962; x_wconf 80' lang='lat' dir='ltr'>excipiat</span> <span class='ocrx_word' id='word_1_771' title='bbox 2188 2955 2192 2958; x_wconf 29' lang='lat'><strong><em>‘</em></strong></span> 
     </span>
     <span class='ocr_line' id='line_1_98' title="bbox 1185 2967 2164 3023; baseline 0.004 -18"><span class='ocrx_word' id='word_1_772' title='bbox 1185 2981 1320 3017; x_wconf 76' lang='lat' dir='ltr'>vocem,</span> <span class='ocrx_word' id='word_1_773' title='bbox 1339 2981 1435 3004; x_wconf 86' lang='lat' dir='ltr'>mens</span> <span class='ocrx_word' id='word_1_774' title='bbox 1453 2967 1657 3018; x_wconf 86' lang='lat' dir='ltr'>percellitur</span> <span class='ocrx_word' id='word_1_775' title='bbox 1673 2982 1680 3002; x_wconf 92' lang='lat'>:</span> <span class='ocrx_word' id='word_1_776' title='bbox 1697 2981 1795 3004; x_wconf 90' lang='lat' dir='ltr'>mens</span> <span class='ocrx_word' id='word_1_777' title='bbox 1814 2967 1844 3004; x_wconf 88' lang='grc'>51</span> <span class='ocrx_word' id='word_1_778' title='bbox 1860 2982 1899 3005; x_wconf 89' lang='lat' dir='ltr'>ea</span> <span class='ocrx_word' id='word_1_779' title='bbox 1915 2983 1992 3019; x_wconf 77' lang='lat' dir='ltr'>quae</span> <span class='ocrx_word' id='word_1_780' title='bbox 2008 2984 2043 3007; x_wconf 91' lang='lat' dir='ltr'>se</span> <span class='ocrx_word' id='word_1_781' title='bbox 2063 2985 2164 3023; x_wconf 88' lang='lat' dir='ltr'>supe-</span> 
     </span>
     <span class='ocr_line' id='line_1_99' title="bbox 1184 3027 2168 3079; baseline 0.004 -13"><span class='ocrx_word' id='word_1_782' title='bbox 1184 3038 1265 3066; x_wconf 91' lang='lat' dir='ltr'>rant</span> <span class='ocrx_word' id='word_1_783' title='bbox 1292 3028 1434 3079; x_wconf 80' lang='lat' dir='ltr'>cogitet,</span> <span class='ocrx_word' id='word_1_784' title='bbox 1454 3027 1600 3066; x_wconf 82' lang='lat' dir='ltr'>attonita</span> <span class='ocrx_word' id='word_1_785' title='bbox 1619 3037 1684 3077; x_wconf 88' lang='lat' dir='ltr'>est,</span> <span class='ocrx_word' id='word_1_786' title='bbox 1705 3037 1739 3065; x_wconf 87' lang='lat' dir='ltr'>et</span> <span class='ocrx_word' id='word_1_787' title='bbox 1757 3027 1796 3066; x_wconf 92' lang='lat' dir='ltr'>id</span> <span class='ocrx_word' id='word_1_788' title='bbox 1815 3029 1909 3079; x_wconf 88' lang='lat' dir='ltr'>quod</span> <span class='ocrx_word' id='word_1_789' title='bbox 1939 3030 2084 3068; x_wconf 87' lang='lat' dir='ltr'>modum</span> <span class='ocrx_word' id='word_1_790' title='bbox 2105 3043 2168 3070; x_wconf 81' lang='lat' dir='ltr'>ex-</span> 
     </span>
     <span class='ocr_line' id='line_1_100' title="bbox 1186 3089 2167 3142; baseline 0.004 -14"><span class='ocrx_word' id='word_1_791' title='bbox 1186 3099 1327 3142; x_wconf 83' lang='lat' dir='ltr'>superat</span> <span class='ocrx_word' id='word_1_792' title='bbox 1343 3089 1471 3142; x_wconf 83' lang='lat' dir='ltr'>perdit.</span> <span class='ocrx_word' id='word_1_793' title='bbox 1492 3089 1568 3126; x_wconf 89' lang='lat' dir='ltr'>Hoc</span> <span class='ocrx_word' id='word_1_794' title='bbox 1587 3098 1638 3126; x_wconf 91' lang='lat' dir='ltr'>est</span> <span class='ocrx_word' id='word_1_795' title='bbox 1659 3089 1751 3126; x_wconf 86' lang='lat' dir='ltr'>enim</span> <span class='ocrx_word' id='word_1_796' title='bbox 1767 3090 1915 3128; x_wconf 85' lang='lat' dir='ltr'>avaritia</span> <span class='ocrx_word' id='word_1_797' title='bbox 1938 3105 2046 3141; x_wconf 86' lang='lat' dir='ltr'>quam</span> <span class='ocrx_word' id='word_1_798' title='bbox 2064 3095 2167 3131; x_wconf 81' lang='grc' dir='ltr'>πλεο-</span> 
     </span>
    </p>
   </div>
   <div class='ocr_carea' id='block_1_13' title="bbox 1166 3216 2170 3416">
    <p class='ocr_par' dir='ltr' id='par_1_13' title="bbox 1166 3216 1894 3259">
     <span class='ocr_line' id='line_1_101' title="bbox 1166 3216 1894 3259; baseline -0.001 -11"><span class='ocrx_word' id='word_1_799' title='bbox 1166 3220 1273 3248; x_wconf 62' lang='grc' dir='ltr'>ἐκείνου</span> <span class='ocrx_word' id='word_1_800' title='bbox 1290 3220 1306 3252; x_wconf 82' lang='grc' dir='ltr'>ἡ</span> <span class='ocrx_word' id='word_1_801' title='bbox 1324 3219 1418 3258; x_wconf 71' lang='grc' dir='ltr'>χολή,</span> <span class='ocrx_word' id='word_1_802' title='bbox 1438 3218 1525 3248; x_wconf 63' lang='grc' dir='ltr'>πάλιν</span> <span class='ocrx_word' id='word_1_803' title='bbox 1542 3218 1722 3259; x_wconf 63' lang='grc' dir='ltr'>εᾶρυχωρὶαν</span> <span class='ocrx_word' id='word_1_804' title='bbox 1741 3216 1894 3257; x_wconf 48' lang='lat' dir='ltr'>§arsia-m]</span> 
     </span>
    </p>

    <p class='ocr_par' dir='ltr' id='par_1_14' title="bbox 1168 3267 2170 3416">
     <span class='ocr_line' id='line_1_102' title="bbox 1213 3267 2170 3308; baseline 0.002 -12"><span class='ocrx_word' id='word_1_805' title='bbox 1213 3267 1227 3281; x_wconf 71' lang='lat'>⁸</span> <span class='ocrx_word' id='word_1_806' title='bbox 1245 3268 1363 3308; x_wconf 46' lang='lat' dir='ltr'>[iz-ardu</span> <span class='ocrx_word' id='word_1_807' title='bbox 1389 3277 1449 3307; x_wconf 86' lang='lat' dir='ltr'>pro</span> <span class='ocrx_word' id='word_1_808' title='bbox 1465 3269 1558 3299; x_wconf 75' lang='grc' dir='ltr'>ἑαυτά</span> <span class='ocrx_word' id='word_1_809' title='bbox 1584 3267 1764 3306; x_wconf 74' lang='lat' dir='ltr'>recepimus</span> <span class='ocrx_word' id='word_1_810' title='bbox 1781 3277 1797 3297; x_wconf 92' lang='lat' dir='ltr'>e</span> <span class='ocrx_word' id='word_1_811' title='bbox 1812 3268 1852 3302; x_wconf 86' lang='lat' dir='ltr'>D.</span> <span class='ocrx_word' id='word_1_812' title='bbox 1870 3269 1943 3299; x_wconf 81' lang='lat' dir='ltr'>Duo</span> <span class='ocrx_word' id='word_1_813' title='bbox 1955 3270 1989 3300; x_wconf 89' lang='lat' dir='ltr'>B.</span> <span class='ocrx_word' id='word_1_814' title='bbox 2002 3270 2040 3304; x_wconf 94' lang='lat' dir='ltr'>C.</span> <span class='ocrx_word' id='word_1_815' title='bbox 2057 3270 2101 3304; x_wconf 78' lang='lat' dir='ltr'>ita</span> <span class='ocrx_word' id='word_1_816' title='bbox 2113 3285 2170 3306; x_wconf 85' lang='lat' dir='ltr'>ne-</span> 
     </span>
     <span class='ocr_line' id='line_1_103' title="bbox 1168 3315 2168 3370; baseline 0.003 -21"><span class='ocrx_word' id='word_1_817' title='bbox 1168 3325 1263 3349; x_wconf 85' lang='lat' dir='ltr'>ctunt</span> <span class='ocrx_word' id='word_1_818' title='bbox 1280 3315 1381 3349; x_wconf 77' lang='lat' dir='ltr'>verba</span> <span class='ocrx_word' id='word_1_819' title='bbox 1394 3329 1399 3346; x_wconf 79' lang='lat' dir='ltr'><em>z</em></span> <span class='ocrx_word' id='word_1_820' title='bbox 1414 3321 1493 3350; x_wconf 67' lang='grc' dir='ltr'>ἀλλὰ</span> <span class='ocrx_word' id='word_1_821' title='bbox 1509 3323 1618 3356; x_wconf 67' lang='grc' dir='ltr'>πάντα,</span> <span class='ocrx_word' id='word_1_822' title='bbox 1629 3321 1677 3349; x_wconf 72' lang='grc' dir='ltr'>ἐὰν</span> <span class='ocrx_word' id='word_1_823' title='bbox 1693 3319 1805 3362; x_wconf 62' lang='grc' dir='ltr'>ὑπερέῇ</span> <span class='ocrx_word' id='word_1_824' title='bbox 1822 3323 1855 3351; x_wconf 77' lang='grc' dir='ltr'>τὸ</span> <span class='ocrx_word' id='word_1_825' title='bbox 1872 3323 2046 3365; x_wconf 74' lang='grc' dir='ltr'>μέτρον..,ἡ</span> <span class='ocrx_word' id='word_1_826' title='bbox 2061 3335 2168 3370; x_wconf 35' lang='grc' dir='ltr'>τροφή,</span> 
     </span>
     <span class='ocr_line' id='line_1_104' title="bbox 1172 3367 2024 3416; baseline 0.001 -13"><span class='ocrx_word' id='word_1_827' title='bbox 1172 3373 1259 3403; x_wconf 72' lang='grc' dir='ltr'>πάλιν</span> <span class='ocrx_word' id='word_1_828' title='bbox 1277 3375 1304 3402; x_wconf 75' lang='grc' dir='ltr'>ἐν</span> <span class='ocrx_word' id='word_1_829' title='bbox 1322 3378 1362 3412; x_wconf 69' lang='grc' dir='ltr'>τῷ</span> <span class='ocrx_word' id='word_1_830' title='bbox 1381 3376 1507 3410; x_wconf 66' lang='grc' dir='ltr'>σώματι.</span> <span class='ocrx_word' id='word_1_831' title='bbox 1528 3367 1608 3400; x_wconf 85' lang='lat' dir='ltr'>Vide</span> <span class='ocrx_word' id='word_1_832' title='bbox 1626 3375 1739 3399; x_wconf 78' lang='lat' dir='ltr'>annot.</span> <span class='ocrx_word' id='word_1_833' title='bbox 1756 3369 2024 3416; x_wconf 68' lang='lat' dir='ltr'>praecedentem.]</span> 
     </span>
    </p>
   </div>
   <div class='ocr_carea' id='block_1_14' title="bbox 1913 3426 1965 3462">
    <p class='ocr_par' dir='ltr' id='par_1_15' title="bbox 1913 3426 1965 3462">
     <span class='ocr_line' id='line_1_105' title="bbox 1913 3426 1965 3462; baseline 0.019 -1"><span class='ocrx_word' id='word_1_834' title='bbox 1913 3426 1965 3462; x_wconf 79' lang='lat'>50</span> 
     </span>
    </p>
   </div>
  </div>
 </body>
</html>
