2466 3805
307 204 367 249 26

304 300 411 338 Recte
431 299 586 350 quidem.
612 300 708 351 Ergo
734 301 852 352 ipsum
879 300 994 338 odisse
1019 300 1198 351 oportuit:
1217 313 1280 336 cur

724 221 762 251 S.
799 222 985 252 JOANMS
1020 222 1261 251 CHRYSOST.
1302 222 1506 252 AnculEP.
1536 221 1896 252 CONSTANTINOP.

1353 299 1400 337 Τί
1417 299 1578 346 θάλπεις,
1595 299 1779 349 [ᾱΟὖκοῦν
1794 301 1862 339 ἔδει
1880 304 2030 354 ἀναιρεῖν
2048 301 2172 339 σαυτόν
2183 302 2214 350 3]
2231 302 2367 338 Οὐκοῦν

276 382 279 383 ⁷
304 372 387 410 ergo
406 360 524 412 ipsum
542 360 629 408 alis,
650 375 713 397 cur
730 360 853 398 foves?
870 359 988 409 [Ergo
1003 359 1156 409 teipsum
1174 358 1280 395 inter·
1301 386 1332 410 22
1354 359 1422 396 ἔδει
1442 359 1725 397 ἀπαλλάττεσθαι
1749 366 1809 398 τοῦ
1841 362 2090 413 δεσμωτηρίου.
2109 360 2240 404 Ἄλλως
2269 359 2323 406 δὲ,
2350 363 2368 397 ὁ

304 419 409 457 ficere
422 420 624 470 debuistiP]
644 421 738 470 Ergo
763 428 797 456 te
822 419 867 456 ab
888 419 955 455 1100
973 431 1108 455 carcere
1129 417 1281 455 liberare
1305 422 1331 451 A
1354 418 1442 461 Θεὸς
1462 420 1499 456 οὐ
1521 417 1662 456 δύναται
1676 419 1916 472 περιγενέσθαι
1940 424 2002 467 τῆς
2022 421 2121 469 ὕλης,
2142 421 2181 458 ἂν
2204 420 2251 471 μὴ
2272 435 2366 470 συμ-

82 1699 172 1729 Rom.
188 1707 269 1729 [22.

86 1942 171 1970 Psal.
201 1943 269 1974 118.

83 1982 132 2011 85.

84 2247 267 2284 Acmoqi.

304 481 487 531 oportuit?
506 480 674 529 Alioquin
695 493 779 517 vero
799 480 894 515 Deus
917 491 986 514 non
1008 485 1120 528 potest
1136 477 1279 515 vincere

303 540 503 588 materiam,
533 539 600 576 nisi
630 553 710 576 cum
740 538 802 575 illa
827 538 1026 575 misceatur.
1056 538 1135 575 Non
1163 545 1278 590 potest

301 601 394 637 enim
407 600 459 637 illi
476 600 685 651 praecipere,
704 599 815 636 donec
838 613 920 636 cum
938 599 1001 636 illa
1016 599 1142 648 fuerit,
1159 613 1199 637 ac
1214 614 1277 651 per

300 668 408 697 totam
422 660 602 711 pervadat.
615 661 646 698 O
658 659 961 699 imbecillitatem!
980 660 1059 697 Rex
1068 659 1277 712 imperando

297 719 380 756 facit
409 719 526 757 omnia
535 735 546 769 3
578 721 674 757 Deus
700 733 784 758 vero
810 719 913 757 malis
940 733 1009 757 non
1036 720 1215 771 imperat?
1234 722 1275 759 In

297 791 454 827 summa,
476 779 545 817 nisi
563 779 711 817 materia
733 779 817 818 boni
841 780 1038 832 cujuspiam
1057 789 1144 817 esset
1161 782 1273 832 parti-

296 852 390 891 ceps,
403 840 592 878 subsistere
601 855 669 879 non
680 850 807 893 posset.
822 841 960 880 Malitia
975 841 1069 878 enim
1084 841 1274 881 subsistere

296 900 434 950 nequit,
450 901 519 938 nisi
532 900 658 939 virtuti
674 901 910 939 admisceatur
925 917 932 938 :
945 901 1094 953 proinde
1106 902 1174 940 nisi
1187 903 1271 941 fuis-

296 969 347 997 set
372 961 532 999 admixta
557 962 700 1011 virtuti,
718 962 859 1014 jamdiu
886 962 1071 1014 periisset:
1090 977 1172 1001 nam
1195 964 1272 1002 11ωο

295 1029 346 1058 651
361 1022 537 1060 malorum
552 1022 718 1060 conditio.
740 1022 795 1061 Sit
815 1022 994 1074 quispiam
1018 1023 1186 1073 lascivus,
1208 1025 1269 1074 qui

294 1081 349 1119 sui
373 1082 545 1134 impotens
571 1083 714 1121 omnino
738 1083 797 1133 511,
823 1097 867 1120 311
898 1083 997 1121 vivet
1019 1082 1142 1121 decem
1166 1084 1269 1123 dies?

293 1142 350 1181 Sit
367 1143 457 1181 latro
469 1143 646 1196 quispiam
657 1173 666 1191 ‚
683 1143 745 1194 qui
760 1143 858 1180 nulla
875 1143 1045 1180 retinente
1058 1145 1269 1184 conscientia

292 1203 329 1240 in
344 1217 464 1241 omnes
478 1204 652 1254 etiamque
666 1204 701 1241 in
713 1203 961 1241 consceleratos
975 1213 1166 1255 grassetur,
1183 1220 1270 1245 num
1294 1211 1316 1240 B

290 1263 423 1301 vixerit
437 1265 604 1302 omnino?
619 1266 673 1304 Sit
686 1265 816 1315 aliquis
827 1265 885 1302 fur
898 1264 1103 1317 impudens,
1119 1266 1181 1317 qui
1195 1268 1270 1306 sine

288 1325 418 1363 rubore
441 1326 560 1377 palam
589 1326 742 1375 furetur,
770 1339 857 1363 num
881 1325 945 1363 diu
973 1336 1148 1378 superstes
1174 1329 1268 1367 erit?

289 1385 469 1423 Malorum
493 1395 618 1424 natura
646 1386 727 1424 talis
745 1395 812 1435 est,
831 1395 870 1424 ut
885 1386 956 1424 nisi
973 1386 1060 1425 110111
1079 1388 1265 1441 quidpiam

286 1446 455 1499 1131163111,
473 1457 564 1486 stare
588 1462 657 1486 non
686 1449 819 1501 possint
835 1464 843 1485 z
862 1448 910 1486 sic
929 1448 991 1486 illa
1009 1450 1127 1499 Deus,
1150 1461 1189 1489 ut
1210 1452 1266 1490 illi

287 1507 424 1559 dicunt,
445 1509 637 1548 constituit.
656 1509 712 1548 Sit
734 1509 859 1549 civitas
886 1509 1131 1561 improborum
1151 1511 1264 1550 homi-

285 1582 390 1619 1111111,
410 1584 454 1607 an
474 1570 581 1608 stabit
600 1571 795 1621 umquam?
811 1571 911 1609 Stent
927 1570 1033 1620 mali,
1055 1585 1125 1609 non
1145 1582 1265 1611 contra

284 1630 409 1680 bonos,
439 1631 499 1668 sed
526 1640 646 1669 contra
671 1632 824 1683 seipsos,
841 1640 932 1669 certe
959 1640 1050 1669 stare
1073 1643 1260 1684 nequeunt.

287 1692 381 1728 Vere
405 1693 516 1730 stulti
522 1694 633 1744 facti
650 1700 755 1739 sunt,
776 1706 863 1731 cum
883 1695 1016 1731 dicant
1037 1708 1078 1732 se
1097 1708 1177 1733 esse
1196 1709 1263 1733 sa—

281 1754 439 1802 pientes.
455 1752 494 1791 Si
512 1766 639 1804 corpus
657 1752 792 1790 malum
811 1762 884 1802 est,
913 1754 1045 1791 frustra
1067 1755 1157 1793 facta
1184 1765 1267 1794 sunt

284 1811 401 1849 omnia
419 1826 496 1863 quae
515 1813 795 1864 conspiciuntur,
824 1827 936 1864 aqua,
966 1823 1079 1863 terra,
1107 1816 1178 1865 501,
1195 1830 1265 1855 aer.
1289 1821 1312 1853 C

283 1874 377 1910 Nam
394 1882 428 1910 et
447 1887 507 1910 aer
524 1888 652 1926 corpus
671 1883 744 1921 est,
772 1874 910 1912 etiamsi
932 1889 1001 1913 non
1027 1875 1193 1925 [densum
1215 1881 1265 1928 et]

285 1933 453 1971 solidum.
475 1935 686 1986 Opportune
706 1948 789 1986 ergo
810 1935 951 1973 dicatur
968 1951 976 1972 :
994 1938 1267 1977 Nar-raverunt

285 1995 381 2032 mihi
395 1997 519 2046 iniqui
533 1995 814 2046 fabulationes.
831 1997 968 2035 Verum
982 1996 1059 2035 haec
1078 2011 1120 2035 ne
1141 1998 1265 2037 tolere-

284 2068 364 2092 mus
376 2074 394 2102 ,-
404 2054 467 2092 sed
487 2069 590 2092 aures
609 2055 742 2093 abillis
763 2065 975 2094 avertamus.
996 2057 1061 2095 Est
1079 2058 1194 2107 enim,
1214 2068 1267 2097 est

286 2115 409 2164 utique
433 2128 620 2166 corporum
644 2116 862 2153 resurreetio.
880 2116 957 2155 Hoc
973 2117 1128 2156 declarat
1144 2120 1265 2171 sepul-

284 2188 385 2212 crum
405 2175 656 2227 Jerosolymis‚
675 2189 808 2213 necnon
830 2176 987 2227 lignum,
1004 2178 1062 2215 cui
1088 2179 1156 2217 fuit
1182 2179 1264 2217 alli-

286 2244 388 2286 gatus
400 2266 410 2284 ,
428 2245 468 2273 111
487 2236 637 2287 flagellis
656 2236 861 2274 caederetur.
884 2238 1126 2277 Comedimus
1146 2243 1262 2288 enim,

285 2297 413 2347 inquit,
434 2305 471 2334 et
492 2299 653 2335 bibimus
678 2310 764 2335 cum
788 2298 869 2334 illo.
899 2297 1095 2337 Credamus
1113 2314 1195 2352 ergo
1211 2316 1265 2339 re-

285 2356 507 2405 surrectioni,
535 2366 569 2395 et
587 2372 664 2407 quae
686 2357 754 2394 hac
771 2357 880 2408 digna
906 2358 976 2396 sint
1002 2372 1204 2410 operemur,
1226 2370 1266 2399 ut

284 2418 405 2454 futura
420 2431 673 2468 consequamur
685 2417 792 2467 110113,
811 2417 846 2455 111
860 2418 999 2456 Christo
1013 2419 1035 2457 J
1037 2433 1096 2456 esu
1112 2421 1265 2460 Domino

287 2486 423 2526 nostro,
450 2477 596 2527 quicum
628 2477 725 2515 Patri
750 2487 782 2516 et
809 2477 962 2530 Spiritui
991 2489 1111 2517 5311010
1138 2481 1264 2532 gloria,

289 2539 496 2591 imperium,
522 2539 656 2588 honor,
683 2553 777 2577 nunc
795 2548 829 2578 et
850 2553 1001 2592 semper,
1020 2549 1053 2579 et
1081 2541 1116 2579 in
1139 2543 1266 2581 saecula

289 2599 508 2637 saeculorum.
527 2601 650 2638 Amen.

332 2721 349 2745 d
373 2721 470 2761 Ham,
492 2724 593 2754 οὔκουν
618 2723 676 2755 ἔδει
701 2727 831 2765 ἀναιρεῖν
858 2727 983 2762 σαυτόν,
1008 2719 1130 2753 desunt
1152 2723 1187 2754 in
1211 2724 1285 2765 qui-

288 2771 428 2804 busdam
440 2773 519 2803 Mss.
542 2773 599 2814 [In
613 2773 734 2804 nostris
750 2771 914 2804 omnibus.
933 2772 1043 2812 Quare
1059 2781 1135 2815 post
1150 2774 1282 2807 Comm.

287 2832 320 2856 et
334 2823 491 2856 §axilium
508 2835 546 2855 ea
562 2823 784 2866 inclusimus.]

331 2878 347 2894 ⁴
372 2878 418 2919 [οὐ
435 2875 624 2909 addidimus
641 2886 658 2906 e
674 2876 714 2908 D.
733 2875 857 2907 Carent
873 2873 923 2907 his
933 2874 1054 2916 verbis,
1068 2880 1160 2914 ἕως...
1175 2881 1280 2922 αὐτῇς,

288 2932 324 2963 Α.
345 2931 381 2961 Β.
398 2930 452 2971 0.]
956 2931 957 2935 ’

331 2991 343 3006 a
367 2979 511 3021 Quidam
521 2983 570 3014 οὐκ
580 2985 698 3017 ἀνέστη.
718 2981 749 3012 οὐ
766 2983 834 3023 γάρ.
856 2976 1074 3019 [Inclusimus
1091 2990 1166 3012 cum
1183 2980 1283 3013 Com-

1352 479 1484 530 πλακῇ.
1504 477 1692 522 Ἐπιτάξαι
1707 479 1774 530 γὰρ
1794 482 1830 517 οὒ
1855 479 2028 528 δύναται,*
2043 481 2107 524 ἕως
2129 481 2169 519 ἂν
2190 483 2226 519 οὐ
2246 480 2367 531 συγγέ-

1351 555 1452 586 νηται
1481 539 1662 591 αὖτῇ,καὶ
1690 541 1732 577 δι’
1762 540 1843 585 ὅλης
1867 545 1989 592 σταθῇ.
2023 568 2057 579 ....
2088 546 2151 588 τῆς
2179 541 2366 583 ἀσθενείας.

1352 600 1422 638 Καὶ
1439 599 1599 651 βασιλεὺς
1619 599 1681 651 μὲν
1698 600 1889 639 ἐπιτάττων
1915 601 2030 639 πάντα
2055 609 2167 648 ποιεῖ,
2189 606 2206 641 ὃ
2224 602 2260 641 δὲ
2277 602 2367 645 Θεὸς

1350 666 1420 704 τοῖς
1436 667 1596 714 πονηροῖς
1615 663 1675 699 οὐκ
1699 661 1906 708 ἐπιτάττων;
1926 661 2046 705 ΕὈλως
2073 661 2108 700 δὲ
2127 665 2155 700 εἷ
2174 665 2302 713 ἀγαθοῦ
2316 679 2366 700 τι·

1350 736 1403 764 νος
1419 721 1562 773 ἄμοιρος
1582 716 1638 769 ἦν,
1661 724 1750 760 ίιοὐκ.
1777 720 1816 759 ἂν
1837 721 1920 768 ἔστη
1942 724 1984 771 [ἠ
2006 722 2107 771 ὕλη]
2126 724 2179 760 Οὔ
2208 722 2275 773 γὰρ
2294 722 2367 774 ἔχει

1349 781 1446 834 φύσιν
1467 785 1488 828 ἡ
1511 781 1660 834 πονηρία
1679 781 1923 830 συνίστασθαι,
1947 782 1986 820 ἂν
2004 782 2052 832 μή
2078 798 2168 825 τινος
2190 782 2363 829 ἐπιλάὲη-

1347 857 1406 879 ται
1423 845 1492 880 τῶν
1516 844 1578 888 τ’ἧς
1607 845 1746 894 ἄρετ’-ῆς·
1764 841 1854 880 ὥστε
1882 844 1912 879 εἷ
1939 843 2006 895 πρὸ
2029 842 2148 881 τούτου
2168 842 2297 894 ἀμιγὴς
2322 837 2363 889 ἦν

1348 905 1492 954 ἀρετῆς,
1511 903 1623 941 πάλαι
1638 902 1677 940 ἂν
1698 903 1862 955 διεφθάρη
1875 919 1883 926 ·
1904 904 1964 941 καὶ
1983 903 2050 955 γὰρ
2075 907 2193 941 τοῦτον
2216 903 2288 955 ἔχει
2306 904 2364 942 τὸν

1345 963 1472 1016 τρόπον
1493 963 1538 1002 τὰ
1556 964 1660 1002 κακά.
1676 962 1797 1001 ‘Eo-m>
1821 979 1872 1007 τις
1892 963 2059 1014 ἀσελγὴς,
2075 964 2135 1001 καὶ
2167 964 2255 1014 μηδὲ
2275 963 2364 1008 ὅλως

1346 1024 1364 1042 *
1379 1026 1501 1061 ἑαυτοῦ
1521 1023 1718 1075 κατεχέτω,
1741 1026 1769 1061 εἰ
1791 1023 1933 1070 ζήσεται
1959 1023 2041 1061 δέκα
2068 1024 2220 1076 ἡμέρας,
2242 1023 2363 1063 'Eorta

1343 1101 1395 1128 τις
1419 1084 1550 1136 λῃστὴς
1571 1085 1630 1122 καὶ
1659 1085 1745 1135 πρὸς
1765 1083 1897 1127 πάντας
1927 1083 2164 1132 ἀσυνείδητος,
2190 1085 2280 1123 ἔστω
2303 1086 2363 1123 καὶ

1343 1145 1428 1197 πρὸς
1456 1144 1533 1187 τοὺς
1564 1143 1874 1192 συλληστεύοντας,
1906 1146 1935 1181 εἷ
1957 1144 2098 1191 ζήσεται
2116 1143 2221 1192 ὅλως;
2241 1144 2363 1184 Ἔστω

1342 1221 1394 1248 τις
1426 1205 1577 1251 κλέπτης
1606 1203 1848 1256 ἀναίσχυντος,
1879 1204 1939 1242 καὶ
1970 1203 2019 1254 μὴ
2043 1206 2361 1257 ἐρυθριάτω,ἀλλὰ

1343 1265 1494 1318 δημοσία
1512 1263 1712 1312 κλεπτέτω,
1736 1266 1765 1302 εἷ
1780 1263 1946 1315 βιώσεται
1965 1268 1983 1302 ὃ
1996 1269 2165 1310 τοιοῦτοςς
2187 1267 2265 1305 Οὔκ
2288 1266 2361 1319 ἔχει

1341 1325 1442 1379 φύσιν
1469 1327 1513 1364 τὰ
1540 1326 1634 1364 κακὰ
1665 1324 1902 1374 συνίστασθαι,
1928 1326 1968 1363 ἂν
1998 1325 2046 1377 μὴ
2084 1326 2144 1364 καὶ
2176 1327 2298 1379 μικρόν
2326 1344 2361 1366 τι

1339 1387 1437 1440 παρὰ
1463 1390 1531 1425 τῶν
1564 1389 1701 1438 ἀγαθῶν
1726 1386 1843 1437 λάὸῃ,
1862 1385 1952 1424 ὥστε
1985 1389 2062 1425 κατ’
2096 1387 2217 1431 αὐτοὺς
2235 1390 2253 1425 ὃ
2272 1388 2361 1432 Θεὸς

1340 1447 1427 1485 αὐτὰ
1456 1448 1675 1494 συνέστησεν.
1695 1445 1816 1485 Ἔστω
1846 1447 1945 1490 πόλις
1973 1448 2106 1499 ἀνδρῶν
2134 1451 2308 1501 πονηρῶν,
2330 1451 2359 1487 εἷ

1339 1498 1506 1555 στήσεταί
1540 1524 1642 1556 ποτε,
1664 1507 1818 1561 Πονηροὶ
1846 1507 1882 1545 δὲ
1903 1507 2068 1556 ἔστωσαν,
2090 1508 2138 1558 μὴ
2170 1508 2256 1561 πρὸς
2281 1508 2360 1553 τοὺς

1338 1568 1504 1621 ἀγαθοὺς,
1530 1568 1621 1607 ἀλλὰ
1652 1568 1711 1605 καὶ
1744 1568 1830 1622 πρὸς
1854 1567 2004 1612 ἑαυτούς.
2025 1568 2115 1606 Ἀλλ’
2146 1571 2183 1607 οὗ
2215 1571 2357 1609 δυνατὸν

1340 1631 1475 1674 στῆναι.
1493 1628 1630 1672 Ὄντως
1653 1628 1902 1679 ἐμωράνθησαν
1928 1628 2117 1681 φάσκοντες
2139 1623 2224 1667 εἶναι
2245 1631 2355 1682 σοφοί.

1339 1690 1384 1727 Εἰ
1409 1689 1449 1727 τὸ
1476 1692 1578 1739 σῶμα
1596 1689 1715 1733 κακὸν,
1739 1688 1852 1726 πάντα
1873 1689 1991 1732 ἁπλῶς
2018 1689 2078 1727 καὶ
2104 1692 2178 1741 εἰκῇ
2198 1690 2242 1727 τὰ
2265 1690 2357 1744 ὁρώ-

1340 1766 1443 1801 μενα,
1460 1750 1519 1788 καὶ
1543 1750 1651 1801 ὕδωρ,
1672 1749 1730 1787 καὶ
1755 1753 1820 1801 γῆ,
1842 1750 1901 1787 καὶ
1931 1750 2044 1799 ἥλιος,
2065 1750 2125 1789 καὶ
2152 1750 2168 1770 ¹¹
2182 1751 2260 1803 ἀήρ.
2285 1752 2355 1789 Καὶ

1338 1811 1406 1864 γὰρ
1425 1810 1485 1848 καὶ
1508 1813 1526 1849 ὃ
1549 1810 1616 1863 ἀὴρ
1641 1812 1765 1860 σῶμα,
1783 1812 1812 1848 εἷ
1829 1810 1888 1847 καὶ
1910 1809 1957 1860 μὴ
1975 1810 2096 1862 [παχὺ
2117 1810 2201 1860 καὶ]
2216 1811 2353 1850 ναστόν.

1338 1871 1511 1923 Εὔκαιρον
1533 1864 1590 1909 οῧν
1611 1872 1718 1908 εἰπεῖν
1730 1885 1738 1893 ·
1755 1870 1976 1921 Διηγὴσαντό
1992 1885 2049 1921 μοι
2066 1870 2263 1923 παράνομοι
2277 1873 2358 1910 ἀδο-

1337 1931 1494 1983 λεσχίας.
1516 1931 1620 1969 Ἀλλὰ
1646 1929 1693 1980 μὴ
1723 1929 1948 1981 ἀνεχώμεθα,
1977 1932 2053 1967 ἀλλ’
2077 1931 2356 1983 ἀποτειχίσωμεν

1341 1993 1453 2035 αὐτοῖς
1467 1992 1527 2035 τὰς
1540 1990 1656 2033 ἀκοάς.
1670 1989 1775 2028 Ἔστι
1787 1989 1867 2041 γὰρ,
1879 1989 1952 2028 ἔστι
1965 1991 2138 2041 σωμάτων
2155 1992 2357 2036 ἀνάστασις.

1339 2053 1452 2089 Τοῦτο
1467 2054 1484 2088 ὃ
1503 2051 1610 2103 τάφος
1630 2051 1727 2096 δηλοῖ
1753 2053 1770 2087 ὃ
1790 2053 1824 2088 ἓν
1844 2050 2116 2101 Ἱεροσολύμοις·
2137 2055 2238 2089 τοῦτο
2251 2052 2290 2089 τὸ
2306 2051 2359 2096 ξύ-

1337 2114 1409 2157 λον,
1431 2110 1510 2149 ἔνθα
1537 2110 1726 2162 προσεδέθη
1756 2110 1816 2148 καὶ
1849 2110 2083 2161 ἐμαστιγώθη.
2110 2111 2358 2164 Συνεφάγομεν

1337 2172 1404 2224 γὰρ
1432 2174 1544 2223 αὐτῷ,
1569 2171 1675 2223 φησὶ,
1699 2171 1757 2209 καὶ
1786 2170 2001 2221 συνεπίομεν.
2029 2172 2254 2221 Πιστεύωμεν
2285 2173 2359 2212 τοί-

1337 2247 1394 2269 νυν
1411 2233 1454 2281 τῇ
1482 2230 1690 2275 ἀναστάσει,
1710 2230 1769 2268 καὶ
1789 2231 1997 2282 πράττωμεν
2020 2231 2099 2275 ἄξια
2128 2232 2278 2279 ταύτης,
2301 2233 2357 2271 ἵνα

1337 2291 1482 2330 καὶτῶν
1504 2291 1697 2342 μελλόντων
1725 2291 1942 2342 ἐπιτύχωμεν
1972 2294 2124 2343 ἀγαθῶν,
2153 2296 2186 2331 ἐν
2210 2294 2355 2346 Χριστῷ

1337 2351 1453 2398 Ἰησοῦ
1478 2354 1528 2403 τῷ
1548 2351 1666 2404 Κυρίῳ
1695 2354 1808 2401 ἡμῶν,
1831 2354 1904 2401 μεθ’
1928 2346 1965 2390 οὗ
1987 2356 2036 2405 τῷ
2066 2353 2183 2405 Πατρὶ
2214 2353 2289 2404 ἅμα
2306 2357 2355 2409 τῷ

1337 2409 1425 2463 ἁγίῳ
1456 2408 1639 2460 Πνεύματι
1678 2409 1775 2457 δόξα,
1808 2410 1951 2463 κράτος,
1976 2410 2082 2461 τιμὴ,
2101 2416 2158 2450 νῦν
2189 2413 2248 2450 καὶ
2277 2412 2354 2460 ἀεὶ,

1291 2477 1314 2506 D
1337 2470 1396 2507 καὶ
1412 2471 1459 2512 εἷς
1473 2468 1551 2512 τοὺς
1569 2471 1696 2513 αἰῶνας
1713 2473 1781 2507 τῶν
1801 2470 1946 2508 αἰώνων.
1963 2470 2084 2521 Ἀμήν.

1351 2724 1426 2756 mel.
1439 2722 1540 2757 verba
1556 2729 1572 2763 ἡ
1586 2727 1657 2765 ὕλη,
1673 2724 1793 2769 quibus
1807 2734 1922 2759 carent
1937 2726 2047 2762 Codd.
2065 2728 2171 2761 nostri
2187 2740 2300 2761 omnes
2317 2738 2350 2763 61

1349 2775 1470 2818 Savil.]

1390 2827 1407 2844 '⁶
1431 2828 1442 2869 [
1459 2832 1564 2861 ἑαυτοῦ
1578 2838 1639 2869 pro
1655 2830 1758 2861 ἑαυτόν
1773 2826 1924 2859 dedimus
1940 2839 1956 2859 Ε
1971 2830 2008 2862 C.
2028 2829 2057 2861 D
2075 2829 2086 2871 ]

1393 2879 1408 2902 b
1433 2878 1546 2910 Morel.
1566 2879 1667 2921 male,
1683 2883 1731 2913 καὶ
1745 2885 1831 2922 ἀνήρ.
1848 2885 1895 2913 καὶ
1911 2887 1969 2926 γὰρ
1982 2886 2030 2914 καὶ
2046 2887 2121 2919 ἀνὴρ
2138 2889 2236 2924 σῶμα.
2252 2881 2342 2915 Iffid,

1348 2932 1428 2972 παχὺ
1445 2935 1495 2964 καί
1509 2929 1600 2963 deest
1616 2929 1648 2962 in
1664 2928 1861 2973 quibusdam
1878 2931 1953 2964 Mss.
1969 2933 2017 2974 [Β.
2034 2932 2072 2963 C.
2092 2931 2150 2975 D.]
