2466 3805
855 284 1040 314 JOANMS
1075 281 1316 311 CHRYSOST.

327 275 418 321 216

327 370 439 421 magis
458 382 609 422 purgas,
629 366 727 404 aliud
746 364 874 402 influit.
894 363 1057 414 Idipsum
1077 361 1136 398 hic
1167 360 1295 399 evenit.

324 435 513 481 Postquam
542 428 633 465 enim
650 427 743 473 illos,
775 424 836 473 qui
868 437 913 460 ex
944 422 1089 459 theatris
1107 420 1299 458 immundi-

322 492 407 529 tiam
428 489 629 534 intulerant,
659 483 961 531 mundaverimus,
999 482 1062 519 illo
1088 490 1300 519 revertentes

322 553 388 604 ipsi
407 553 575 602 majorem
602 548 755 585 referunt
773 545 1036 583 immunditiam
1059 544 1181 595 :quasi
1199 544 1300 582 dedi-

321 622 353 649 ta
373 625 475 663 opera
496 609 545 647 sic
560 608 732 653 viventes,
754 615 794 643 ut
810 606 910 643 nobis
924 605 1104 656 negotium
1112 606 1301 654 facessant;

319 679 351 707 et
370 668 516 706 redeunt
546 667 674 703 iterum
690 665 844 702 multum
872 664 1036 702 stercoris
1056 672 1243 714 gestantes,
1262 663 1299 700 in

781 288 817 314 S.

317 727 490 773 moribus,
511 725 547 761 in
570 723 736 770 motibus,
756 722 791 760 in
820 722 951 769 verbis,
973 722 1009 759 in
1024 722 1115 771 risu,
1149 721 1185 759 in
1205 720 1299 759 desi·
1311 762 1359 786 200

317 787 387 825 dia.
416 784 552 823 Deinde
577 798 639 822 nos
660 784 789 821 iterum
814 783 981 833 fodimus,
1002 782 1102 833 quasi
1129 782 1174 820 de
1192 782 1298 820 indu·
1323 799 1348 827 Α

317 850 400 887 stria
420 849 604 896 fodientes,
633 855 672 883 ut
698 846 778 883 illos
794 845 946 883 mundos
973 846 1182 893 emittentes,
1203 845 1298 897 ipsos

315 921 458 945 rursum
470 906 656 946 videamus
675 919 772 942 coeno
792 914 945 942 onustos.
962 904 1101 942 Idcirco
1116 904 1298 942 committo

315 979 377 1003 vos
390 967 478 1003 Deo.
500 964 547 1002 Et
558 965 629 1016 jam
651 963 736 1001 hinc
751 963 865 1011 vobis,
883 963 943 1013 qui
960 963 1035 1000 sani
1053 962 1135 1000 estis
1148 992 1157 1010 ‚
1171 962 1298 1000 testifi-

315 1041 386 1074 cor,
405 1027 584 1079 judicium
604 1026 704 1064 vobis
721 1035 753 1063 et
773 1024 1033 1062 damnationem
1049 1025 1142 1073 fore,
1159 1025 1189 1062 si
1217 1025 1296 1076 quis

314 1101 395 1125 cum
436 1086 534 1124 videt
570 1086 767 1124 inordinate
794 1094 946 1136 agentes,
981 1085 1206 1135 maximeque
1234 1085 1297 1123 illo

311 1157 467 1201 tempore
482 1147 743 1185 confabulantes
756 1176 767 1195 ,
786 1160 856 1184 non
872 1145 1093 1183 admonuerit
1132 1159 1194 1183 nec
1223 1160 1297 1184 cor-

312 1210 443 1247 rexerit
457 1223 514 1247 eos
535 1225 542 1245 :
560 1209 628 1246 hoc
642 1208 768 1245 melius
781 1216 832 1245 est
845 1207 1044 1259 precatione
1060 1207 1148 1258 ipsa.
1166 1207 1295 1245 Dimit-

311 1280 345 1308 te
359 1284 490 1321 preces,
511 1279 544 1307 et
562 1269 666 1307 illum
684 1269 825 1320 increpa
843 1284 850 1304 :
874 1268 920 1305 ita
940 1276 973 1304 et
995 1267 1050 1305 illi
1071 1268 1246 1319 proderis,
1262 1277 1295 1306 et

310 1343 348 1371 tu
370 1333 573 1371 lucraberis.
597 1333 656 1372 Sic
675 1333 869 1384 poterimus
885 1345 1004 1369 omnes
1027 1332 1177 1369 salutem
1192 1340 1225 1369 et
1241 1345 1293 1369 re-

310 1408 421 1445 gnum
433 1394 601 1432 caelorum
622 1394 759 1443 assequi
781 1409 788 1429 :
804 1407 875 1443 quo
894 1407 958 1430 nos
977 1406 1096 1430 omnes
1111 1392 1183 1430 frui
1203 1406 1292 1430 con—

309 1455 421 1506 tingat
437 1485 446 1503 ,
467 1455 580 1506 gratia
599 1463 632 1492 et
646 1454 864 1505 benignitate
884 1454 1029 1490 Domini
1059 1454 1169 1491 nostri
1208 1455 1291 1493 Jesu
1316 1466 1340 1495 Β

309 1516 453 1565 Christi,
484 1516 630 1566 quicum
655 1515 752 1553 Patri
789 1515 963 1565 simulque
988 1514 1140 1566 Spiritui
1173 1524 1292 1553 saneto

308 1577 419 1628 gloria
436 1607 448 1625 ,
466 1576 670 1628 imperium,
690 1576 803 1614 honor
818 1606 829 1626 ,
851 1590 945 1613 nunc
968 1584 1001 1613 et
1020 1589 1169 1627 semper,
1191 1584 1222 1613 et
1255 1575 1290 1612 in

305 1638 431 1675 saecula
448 1639 667 1676 saeculorum.
683 1640 805 1675 Amen.

1309 2076 1331 2105 C

354 2204 368 2219 ²*
387 2204 454 2245 [Ita
472 2214 585 2236 omnes
597 2203 705 2235 Codd.
724 2205 829 2236 nostri
842 2212 873 2236 et
887 2203 986 2237 Savil.
1007 2210 1055 2238 καὶ
1067 2210 1154 2238 azzano.
1176 2210 1237 2243 em,
1256 2210 1310 2238 ἀπ-

308 2260 367 2288 {zzz
382 2254 519 2297 Monffl]

349 2318 362 2332 ὃ
376 2309 443 2349 [Ita
458 2309 495 2339 B.
506 2308 546 2338 D.
560 2314 593 2339 et
606 2305 780 2345 Commel.,
791 2307 853 2337 nisi
867 2304 959 2348 quod
969 2307 1006 2339 B.
1022 2312 1065 2348 μὴ
1082 2312 1197 2351 ἐπιστρ.
1209 2305 1300 2338 Savil

629 2538 838 2576 HOMILIA
868 2536 992 2576 XXV.

312 2664 402 2699 cip.
423 2661 490 2699 XI.
513 2675 549 2699 v.
581 2661 643 2698 19.
661 2660 731 2697 Illi
750 2661 917 2711 quidem,
942 2663 1009 2711 qui
1029 2661 1188 2711 dispersi
1200 2659 1289 2711 fue-

362 2731 453 2760 rant
482 2736 507 2760 a
541 2722 807 2767 tribulatione,
843 2723 1056 2773 quoefacta
1079 2721 1220 2773 suerat
1243 2721 1288 2756 ob

364 2787 614 2837 Stephanum,
643 2788 950 2837 pertransierunt
982 2798 1100 2836 usque
1128 2785 1289 2821 Phaeni—

365 2862 434 2885 cen
459 2856 495 2885 et
514 2848 686 2898 Cyprum
710 2855 747 2884 et
765 2846 1035 2892 Antiochiam,
1062 2847 1206 2883 nemini
1233 2845 1292 2881 lo-

367 2917 523 2960 quentes
542 2910 702 2945 ‘verbum
716 2937 728 2953 ,
757 2909 831 2944 nisi
848 2907 939 2944 solis
955 2908 986 2944 J
985 2907 1115 2945 adoeis.

367 3034 381 3067 1
397 3062 403 3067 .
435 3031 515 3067 Non
527 3043 653 3082 parum
670 3027 712 3065 ad
730 3028 829 3066 verbi
843 3028 1040 3079 profectum
1054 3027 1203 3065 contulit
1215 3041 1295 3078 per-

114 3104 201 3133 Rom.
214 3104 298 3136 828,
314 3092 472 3142 sequutio
488 3108 496 3128 :
512 3106 592 3129 nam
604 3091 653 3128 Di
658 3091 860 3142 ligentibus
867 3090 1006 3138 Deum,
1019 3089 1148 3139 inquit,
1167 3092 1298 3127 omnia

1356 280 1560 310 ARCIllEP.
1599 281 1957 310 CONSTANTINOP-

1371 359 1462 403 νίους
1477 360 1555 403 τοὺς
1584 360 1731 404 πολλοὺς
1757 364 1840 411 ’ἡμῖν
1860 362 2063 409 καθίστησιν
2087 362 2145 400 καὶ
2177 364 2386 416 ἀρρύθμως.

1370 420 1480 472 Ἅπερ
1507 422 1753 471 οἰκοδομοῦμεν
1793 424 1961 468 ἐνταῦθα,
1993 425 2063 461 ἐκεῖ
2092 425 2388 476 καταστρέφεταν

1372 483 1430 519 καὶ
1463 484 1500 519 οὗ
1532 486 1631 519 τοῦτο
1659 482 1773 532 μόνον,
1807 483 1896 521 ἀλλὰ
1931 484 1991 522 καὶ
2024 485 2142 536 ἑτέρας
2178 485 2390 536 ἀκαθαρσίας

1373 543 1506 593 ἀνάγκη
1530 541 1650 585 αὐτοὺς
1672 544 1950 589 ἀναπεπλῆσθαι.
1984 545 2054 582 Καὶ
2085 546 2209 583 ταύτὸν
2236 546 2389 596 γίνεται,

1372 598 1440 642 οἷον
1461 603 1500 640 ἂν
1523 603 1556 641 εἴ
1572 620 1623 646 τις
1641 603 1770 655 χωρίον
1790 603 1899 642 ἐθέλοι
1918 608 2092 656 καθᾶραι,
2119 610 2236 657 πηγῆς
2261 608 2389 645 ἄνωθεν

1371 665 1622 718 ὑπερκειμένης
1644 664 1808 718 βόρὸορον
1832 665 2009 717 ἀφιείσης·
2026 666 2104 704 ὅσον
2133 669 2200 719 γὰρ
2219 668 2258 704 ἂν
2285 668 2391 706 καθοί-

1374 739 1453 775 ρῃς,
1475 724 1579 762 πάλιν
1596 725 1710 777 ἕτερον
1732 727 1879 777 ἐπιρρεῖ.
1895 727 2007 764 Τοῦτο
2037 726 2095 764 καὶ
2125 730 2269 765 ἐνταῦθα
2297 728 2390 780 γίνε-

1371 801 1438 822 ται.
1456 783 1570 823 ζΌταν
1599 785 1664 837 γὰρ
1682 786 1889 839 καθάρωμεν
1904 788 1972 824 ἀπὸ
1998 789 2065 824 τῶν
2087 788 2238 838 θεάτρων
2267 789 2391 826 εἰσιόν-

1370 862 1450 892 τας,
1489 847 1508 865 *
1521 847 1734 899 ἀκαθαρσίαν
1772 847 2016 899 ἐπιφέροντας,
2047 849 2251 892 ἀπελθόντες
2285 850 2391 888 πάλιν

1370 909 1460 956 ἐκεῖ,
1481 907 1619 958 μείζονα
1651 909 1810 960 δέχονται
1827 908 1889 955 τὴν
1912 909 2142 962 ἀκαθαρσίαν,
2161 911 2208 953 ὡς
2231 908 2390 957 ἐπίτηδες

1370 968 1427 1006 διὰ
1443 972 1544 1007 τοῦτο
1563 971 1686 1013 ζῶντες
1699 1000 1708 1016 ,
1725 968 1781 1006 ἵνα
1800 969 1926 1012 κόπους
1941 973 2026 1019 ἡμῖν
2041 970 2242 1022 παρέχωσι,
2259 970 2319 1008 καὶ
2335 971 2390 1023 ἔρ-

1369 1046 1489 1081 χονται
1510 1030 1616 1068 πάλιν
1644 1030 1776 1077 πολλὴν
1811 1031 1937 1082 κόπρον
1970 1032 2218 1081 βαστάζοντες,
2251 1035 2284 1070 ἐν
2319 1039 2389 1076 τοῖς

1369 1090 1499 1139 ἤθεσιν,
1527 1092 1561 1128 ἐν
1593 1096 1663 1134 τοῖς
1684 1092 1886 1141 κινήμασιν,
1914 1093 1949 1129 ἐν
1979 1098 2049 1135 τοῖς
2073 1091 2240 1143 ῥήμασιν,
2275 1095 2309 1130 ἓν
2340 1096 2389 1145 τῷ

1370 1151 1520 1202 γέλωτι,
1540 1153 1574 1189 ἐν
1590 1155 1631 1202 τῇ
1649 1152 1811 1204 ῥαθυμίᾳ.
1830 1146 1919 1190 Εἶτα
1937 1152 2042 1190 πάλιν
2063 1156 2163 1203 ἡμεῖς
2188 1153 2387 1204 σκάπτομεν

1370 1212 1511 1260 ἄνωθεν,
1531 1214 1577 1255 ὡς
1597 1212 1756 1259 ἐπίτηδες
1775 1213 1831 1251 διὰ
1852 1216 1953 1250 τοῦτο
1983 1213 2195 1256 σκάπτοντες
2209 1242 2218 1259 ,
2250 1212 2305 1251 ἵνα
2325 1229 2388 1251 κα-

1369 1272 1490 1324 θαροὺς
1512 1273 1631 1316 αὐτοὺς
1647 1273 1848 1325 πέμψαντες
1861 1274 1966 1311 πάλιν
1987 1275 2113 1323 ἴδωμεν
2131 1274 2388 1325 συναγαγόντας

1366 1334 1423 1371 τὸν
1450 1333 1629 1385 βόρὲορον.
1651 1333 1717 1371 Διὰ
1737 1338 1836 1371 τοῦτο
1856 1334 2078 1386 παραδίδωμι
2097 1336 2186 1384 ὑμᾶς
2216 1336 2266 1385 τῷ
2293 1337 2386 1387 Θεῷ.

1366 1395 1543 1433 Ἐντεῦθεν
1559 1396 1626 1442 ἤδη
1646 1396 1704 1433 καὶ
1720 1395 2002 1447 διαμαρτύρομαι
2021 1398 2101 1445 ὑμῖν
2127 1402 2198 1438 τοῖς
2218 1395 2387 1446 ὑγιαίνου-

1366 1472 1431 1504 σιν,
1446 1456 1498 1495 ὅτι
1518 1456 1627 1508 κρίμα
1646 1459 1726 1506 ὑμῖν
1744 1456 1840 1494 ἔσται
1859 1456 1918 1494 καὶ
1938 1456 2159 1508 κατάκριμα,
2181 1457 2212 1494 εἴ
2232 1473 2284 1500 τις
2305 1457 2386 1494 ἰδὼν

1365 1520 1596 1564 ἀτακτοῦντα,
1617 1518 1727 1561 εἴτις
1753 1517 1995 1569 διαλεγόμενον
2017 1518 2170 1568 μάλιστα
2201 1520 2235 1556 ἐν
2266 1517 2386 1570 ἐκείνῳ

1363 1582 1412 1630 τῷ
1425 1582 1550 1632 καιρῷ,
1572 1579 1618 1629 μὴ
1639 1578 1901 1629 ἃκαταμηνύσει
1919 1579 2006 1629 μηδὲ
2022 1579 2232 1631 ἐπιστρέψει·
2252 1579 2386 1630 βέλτιον

1365 1642 1467 1691 εὐχῆς
1492 1643 1603 1677 τοῦτο.
1618 1638 1720 1690 Ἄφες
1739 1654 1798 1677 σου
1818 1639 1881 1685 τὴν
1900 1640 2020 1690 εὐχὴν,
2052 1640 2202 1692 κάκείνῳ
2221 1640 2385 1690 ἐπιτίμη-

1364 1715 1422 1738 σον
1435 1716 1442 1723 ·
1477 1700 1566 1737 οὕτω
1600 1702 1757 1737 κάκεῖνον
1791 1699 2000 1751 ὠφελήσεις,
2039 1702 2098 1738 καὶ
2128 1701 2168 1739 σὺ
2196 1701 2382 1752 κερδανεῖς.

1361 1761 1467 1799 Οὕτω
1483 1761 1541 1798 καὶ
1562 1760 1779 1811 δυνησόμεθα
1796 1761 1944 1804 ἅπαντες
1963 1764 2136 1809 σωθῆναι,
2153 1762 2212 1800 καὶ
2238 1766 2300 1809 τῆς
2315 1765 2383 1801 τῶν

1360 1824 1514 1874 οὐρανῶν
1531 1822 1709 1873 βασιλείας
1727 1825 1902 1873 ἐπιτυχεῖν
1920 1838 1926 1844 ·
1944 1816 1985 1868 ἧς
1997 1822 2129 1874 γένοιτο
2144 1823 2276 1867 πάντας
2289 1827 2383 1874 ἡμᾶς

1360 1883 1556 1920 ἀπολαῦσαι
1571 1882 1692 1935 χάριτι
1713 1883 1772 1920 καὶ
1790 1883 2030 1936 φιλανθρωπία
2044 1888 2105 1922 τοῦ
2132 1884 2260 1937 Κυρίου
2281 1886 2383 1934 ἡμῶν

1358 1943 1474 1990 Ἰησοῦ
1504 1944 1676 1995 Χριστοῦ,
1705 1945 1780 1993 μεθ’
1813 1938 1851 1981 οὗ
1879 1947 1928 1995 τῷ
1956 1945 2072 1997 Πατρὶ
2111 1945 2185 1995 ἅμα
2214 1948 2263 1997 τῷ
2293 1945 2382 1996 ἁγίῳ

1358 2004 1541 2055 Πνεύματι
1561 2005 1657 2051 δόξα,
1680 2005 1828 2056 κράτος,
1852 2005 1957 2055 τιμὴ,
1978 2009 2035 2043 νῦν
2068 2006 2127 2044 καὶ
2148 2005 2201 2043 ἀεὶ
2215 2035 2224 2051 ,
2244 2006 2304 2043 καὶ
2338 2007 2384 2048 εἷς

1355 2065 1431 2110 τοὺς
1447 2069 1578 2109 αἰῶνας
1597 2068 1665 2103 τῶν
1688 2065 1833 2104 αἰώνων.
1855 2065 1976 2116 Ἀμήν.

1379 2211 1411 2235 et
1425 2205 1462 2235 C.
1481 2210 1524 2245 μὴ
1547 2208 1741 2248 καταμηνύσῃ
1753 2230 1760 2243 ,
1776 2211 1820 2246 μὴ
1847 2210 2020 2250 ἀποστρέψῃ
2046 2206 2203 2249 (ἐπιτρέψῃ
2222 2205 2276 2249 C.)
2292 2205 2384 2246 Quos

1381 2267 1447 2287 non
1464 2256 1555 2297 sequi
1571 2254 1715 2287 debebat
1730 2255 1866 2297 Montf.]

1741 2540 1919 2576 ΟΜΙᾹῘΑ
1941 2537 2004 2577 κε’.

1360 2661 1406 2697 Οἱ
1435 2658 1496 2709 μὲν
1515 2653 1571 2697 οῦν
1592 2658 1837 2712 διασπαρέντες
1858 2660 1926 2698 ἀπὸ
1945 2663 2007 2707 τῆς
2028 2661 2175 2713 θλίψεως
2192 2665 2254 2708 τῆς
2277 2677 2377 2714 γενο-

1626 2721 1713 2744 v-„„
1733 2719 1742 2733 Ι
1849 2722 1864 2733 N
1879 2723 1914 2743 r*
2020 2721 2036 2736 r*
2210 2722 2218 2736 ‘
2365 2724 2373 2738 x

1624 2736 1814 2774 μωρανῳ,
1846 2725 1982 2768 οιηΛθον
2017 2738 2081 2766 εως
2113 2724 2283 2768 Φοινικης
2319 2739 2377 2761 και

1413 2718 1518 2769 μένης
1543 2720 1598 2759 ἐπὶ

1413 2779 1494 2817 Κύπ
1603 2781 1643 2818 x*
1682 2780 1848 2818 Ἀντο·ε’
1975 2782 2019 2805 ·“
2057 2782 2069 2818 ὶ
2101 2783 2249 2819 λλΝ-
2343 2784 2352 2797 “

1499 2796 1555 2831 ρου
1591 2797 1648 2817 γκι
1763 2797 1817 2833 ²l.
1838 2797 1909 2829 ιας,
1949 2797 2054 2832 μηοεν
2127 2798 2146 2819 α
2171 2797 2284 2826 ουνιες
2320 2799 2378 2822 τον

1413 2840 1454 2876 λ]
1573 2843 1582 2856 2
1642 2840 1657 2862 J
1732 2842 1740 2853 Ι
1816 2841 1827 2854 2
1892 2843 1907 2855 ’ἱ
1937 2842 1945 2855 Ι

1436 2856 1526 2891 ογον,
1553 2856 1583 2878 ει
1616 2857 1663 2891 μη
1696 2857 1796 2891 μονον
1829 2844 2008 2885 Ιουοαιοις.

1417 3028 1432 3049 ¹'
1444 3032 1496 3067 Οὐ
1527 3031 1648 3081 μικρὸν
1665 3034 1682 3068 ὃ
1702 3031 1852 3081 διωγμὸς
1868 3030 2096 3082 κατώρθωσεν
2116 3033 2164 3075 εἰς
2182 3031 2240 3069 τὸν
2257 3032 2358 3082 λόγον
2371 3063 2379 3070 .

1366 3092 1450 3133 Τοῖς
1467 3090 1534 3144 γὰρ
1555 3094 1717 3142 ἀγαπῶσι
1736 3091 1794 3129 τὸν
1816 3092 1906 3129 Θεὸν
1931 3091 2047 3129 πάντα
2067 3099 2244 3146 συνεργεῖ,
2264 3093 2380 3145 φησὶν,

315 3161 568 3204 cooperantur
596 3154 636 3188 in
654 3153 806 3188 bonum.
833 3149 872 3187 Si
881 3149 1075 3187 voluissent
1095 3149 1149 3186 illi
1168 3149 1295 3187 Eccle-
1321 3161 1344 3190 D
1366 3153 1413 3194 εἰς
1436 3152 1576 3202 ἀγαθόν.
1598 3154 1675 3190 Οὐκ
1694 3152 1747 3199 ἂν,
1768 3151 1798 3189 εἴ
1811 3168 1849 3202 γε
1868 3152 2027 3199 ἐπίτηδες
2055 3154 2270 3192 ἐσπούδασαν
2291 3158 2380 3201 στῆ-

313 3214 402 3250 siam
422 3226 630 3264 propagare,
657 3224 726 3248 non
745 3209 844 3247 aliud
869 3209 1030 3247 fecissent
1051 3225 1058 3246 :
1080 3209 1124 3247 de
1151 3209 1294 3261 disper—

314 3274 409 3309 sione
438 3273 561 3322 loquor
602 3272 798 3309 doctorum.
836 3270 884 3307 Et
923 3270 1005 3308 vide
1031 3284 1199 3320 quorsum
1226 3283 1294 3307 ex—

313 3343 407 3370 tensa
427 3333 530 3370 fuerit
559 3331 775 3384 praedicatio.
796 3332 1125 3377 Pertransierunt‚
1156 3329 1290 3381 inquit,

354 3444 368 3467 l*
386 3441 446 3473 Alii
471 3446 501 3475 ο.)
523 3447 629 3485 μικρὸν
646 3446 855 3484 κατόρθωμαὸ
879 3444 1003 3484 διωγμὸς
1022 3447 1132 3483 γέγονε.
1155 3449 1213 3480 τοῖς
1231 3447 1301 3485 γάρ.

1366 3228 1423 3249 σαι
1442 3213 1504 3259 τὴν
1516 3213 1742 3261 Ἐκκλησίαν,
1758 3214 1843 3251 ἄλλο
1860 3230 1893 3250 τι
1913 3213 2092 3262 ἐποίησαν,
2112 3215 2134 3260 ἢ
2153 3220 2268 3253 τοῦτο·
2289 3215 2380 3266 λέγω

1365 3273 1400 3310 δὲ
1430 3275 1469 3311 τὸ
1499 3276 1697 3326 διασπεῖραι
1723 3273 1800 3317 τοὺς
1831 3275 2067 3318 διδασκάλους.
2086 3276 2156 3314 Καὶ
2186 3276 2250 3328 ὅρα
2264 3280 2329 3314 ποῦ
2343 3276 2381 3313 τὸ

1365 3333 1528 3386 κήρυγμα
1554 3334 1707 3381 ἐξετάθη.
1726 3336 1887 3383 Διῆλθον,
1904 3336 2021 3387 φησὶν,
2052 3336 2114 3380 ἕως
2134 3337 2300 3382 Φοινίκης
2322 3335 2380 3375 καὶ
