2502 3810
1033 239 1090 268 DE
1124 238 1362 268 CAmTATE.

151 323 284 360 ἓπίδευε
299 351 308 368 ,
328 323 371 360 τὰ
392 323 587 370 λυκόδηκτα
608 325 648 361 ἰῶ
664 351 673 369 ,
699 322 777 366 τοὺς
806 321 929 363 λύκους
956 321 1163 374 ἀπόστρεφε,

149 373 226 416 τοὺς
245 373 350 418 κύνας
366 374 442 418 τοὺς
458 375 544 428 ὑπὲρ
559 379 617 413 τοῦ
645 375 805 425 ποιμνίου
821 375 860 393 **
873 375 910 410 οὐ
928 373 995 425 γὰρ
1017 376 1165 410 ὑπνοῦν-

148 439 226 470 τας,
253 428 328 463 άλλ’
359 430 590 470 ὑλακτοῦντας
617 427 676 464 καὶ
704 429 1000 477 λαθροφοροῦντας
1029 426 1075 467 εἷς
1106 428 1165 462 τοῦ

147 478 325 515 Δεσπότου
352 479 391 516 τὸ
421 479 578 528 ποίμνιον
601 494 609 501 ·
636 477 776 520 τούτους
812 477 995 514 ἀπέλαυνε.
1019 476 1095 522 Τὴν
1125 477 1165 513 ἐκ

146 530 207 573 τῆς
225 529 364 579 Μαρίας
384 533 526 576 ἀειθαλῆ
553 530 799 580 βλαστήσασαν
818 529 927 580 χλόην
945 528 1164 574 ὑποδείκνυε,

145 579 208 626 τὴν
238 581 406 619 ἀθάνατον
435 582 552 631 πηγὴν
575 586 635 618 τοῦ
667 582 906 632 βαπτίσματος
933 580 1100 630 σήμαινε,
1124 579 1165 616 τὸ

145 631 382 682 ἐσπιλωμένον
403 633 577 685 πρόὸατον
593 636 642 684 τῷ
669 633 767 670 ὕδατι
795 635 863 669 τῶν
892 631 1048 684 δακρύων
1077 630 1162 668 ἀπό-

147 698 262 734 σμηχε
277 699 284 706 ·
303 685 417 722 πάντα
433 685 534 722 πόνον
550 685 609 722 καὶ
624 685 782 734 κάματον
805 683 954 734 ὑπόμενε
967 712 976 729 ,
995 682 1052 720 ἵνα
1062 712 1072 729 ,
1094 698 1163 733 φα-

145 735 345 786 νερωθέντος
361 740 419 773 τοῦ
436 737 684 788 ἀρχιποιμένος
702 738 855 788 Χριστοῦ
867 765 877 782 ,
894 735 1043 789 δέξῃωτὸν
1067 737 1160 784 ἀμα-

146 787 301 836 ράντινον
327 791 388 833 τῆς
414 788 511 834 δόξης
537 789 716 840 στέφανον.
738 787 920 839 Πρόὸατον
953 791 1002 833 εἰ,
1034 786 1161 823 Πείθου

144 840 194 890 τῷ
210 838 351 888 ποιμένι
370 855 449 887 σου,
469 840 531 886 τὴν
554 841 708 891 μάνδραν
737 840 785 889 μὴ
808 843 928 890 φεῦγε,
955 838 1017 885 τὴν
1043 838 1161 875 πίστιν

145 890 179 926 δὲ
193 890 340 940 στέργε,
359 891 422 938 τὴν
444 892 567 943 ῥάὸδον
590 897 649 930 τοῦ
671 892 834 941 ποιμένος
851 891 898 940 μὴ
915 890 1074 940 ἐκκλίνῃς
1094 905 1101 913 ·
1124 892 1162 927 οὐ

143 941 210 994 γὰρ
231 943 403 981 πατάσσει
429 959 487 991 σε,
507 943 563 981 ἵνα
593 944 778 995 ἀποκτείνῃ
792 973 801 989 ,
825 945 899 980 ἀλλ’
927 941 983 979 ἵνα
1003 942 1070 980 ἀπὸ
1101 944 1164 987 τ’ἧς

143 993 276 1040 πλάνης
293 1010 332 1031 σε
350 996 554 1048 ἐπιστρέψῃ.
587 996 639 1033 Τὸ
655 997 694 1033 ἐκ
711 998 772 1040 τῆς
787 995 918 1033 Ἰεσσαὶ
934 994 1060 1046 ῥάὸδου
1082 995 1163 1044 βλα-

142 1048 273 1091 στῆσαν
289 1046 387 1089 ἄνθος
401 1047 505 1096 νέμου
521 1048 742 1098 ἀδιακρίτως,
757 1047 819 1093 τὴν
836 1049 875 1084 ἐκ
889 1050 950 1092 τῆς
967 1047 1163 1098 ἀκροτόμου

140 1096 270 1148 πέτρας
293 1100 463 1149 κοχλαδὸν
485 1099 744 1150 βλαστάνουσαν
766 1097 882 1148 πηγὴν
910 1098 1079 1135 ἀθάνατον
1102 1114 1164 1135 πο-

140 1147 232 1191 τίζου
252 1164 260 1171 ·
282 1148 326 1184 ἵν’
341 1152 492 1187 ἐντεῦθεν
513 1153 561 1192 εἷς
579 1150 642 1195 τὴν
660 1149 813 1200 μάνδραν
831 1153 895 1194 τῆς
912 1152 1043 1199 τρυφῆς
1057 1150 1097 1169 **
1113 1149 1162 1198 μὴ

141 1198 268 1249 σύναγε
293 1201 461 1247 πλοῦτον,
482 1203 613 1250 μᾶλλον
634 1200 669 1237 δὲ
693 1200 751 1238 τὸν
777 1201 925 1238 πλοῦτον
947 1200 994 1250 μὴ
1018 1199 1136 1251 ἀγάπα
1155 1217 1162 1224 ·

139 1250 332 1318 χρημάτων
351 1253 516 1303 φροντίδα
531 1256 634 1304 φεῦγε
653 1251 750 1305 *futat
767 1252 922 1302 δίγματα
948 1252 996 1301 μὴ
1016 1253 1139 1304 σύνεχε
1155 1269 1161 1276 ·

139 1318 185 1340 τα
203 1303 374 1354 χρήματα
389 1303 438 1353 μὴ
455 1303 579 1354 σύναγε
591 1335 600 1351 ,
616 1306 660 1342 δι’
680 1307 727 1341 ὥν
742 1303 862 1355 φύεται
880 1304 924 1341 τὰ
945 1303 1162 1355 ἐγκλήματα,

142 1355 232 1392 ἀλλὰ
248 1362 366 1407 σπεῖρε
385 1355 557 1398 πλουσίως
578 1356 641 1402 τὴν
659 1356 789 1407 τροφὴν
808 1360 878 1398 τοῖς
893 1355 1050 1401 πένησιν,
1067 1356 1163 1393 ε’λπί-

142 1408 207 1450 ζων
224 1407 353 1458 λάὸρον
369 1407 428 1444 καὶ
448 1407 612 1459 πέπειρον
632 1407 672 1445 τὸ
698 1407 837 1458 δράγμα
865 1406 998 1458 θερίσαι
1019 1409 1082 1451 τῆς
1097 1409 1162 1459 ψυ-

141 1462 220 1509 χῆς.
234 1458 278 1496 Ὁ
295 1458 401 1506 πένης
418 1459 465 1509 μὴ
491 1459 658 1512 ὀλιγοψύχ
661 1475 706 1506 ει,
723 1459 771 1509 μὴ
790 1459 959 1510 ἀπολέγου
975 1458 1037 1506 τὴν
1055 1460 1158 1506 ζωὴν,

143 1510 192 1559 μὴ
222 1511 479 1563 βλασφημήσῃς
495 1540 504 1557 ,
539 1514 616 1549 ἀλλ’
647 1510 868 1563 εὐχαρίστει,
902 1511 1088 1562 ὑπόμεινον
1123 1512 1163 1550 τὸ

140 1563 374 1614 ὀλιγοχρόνιον
398 1566 461 1609 τῆς
485 1564 605 1607 πενίας
620 1564 660 1584 **
674 1565 804 1615 ἴστριον
817 1592 827 1609 ,
853 1563 1019 1601 ἓπίὸλεπε
1035 1565 1083 1606 εἰς
1103 1564 1161 1603 τὸν

141 1614 303 1664 γνώμονά
322 1631 381 1653 σου
406 1616 565 1668 Λάζαρον
581 1646 590 1663 ,
621 1616 680 1654 καὶ
699 1616 813 1654 ἐλπίδι
834 1617 1021 1666 ἐνδυναμοῦ
1040 1632 1047 1639 ·
1060 1615 1160 1667 τεύξῃ

140 1666 209 1718 γὰρ
225 1667 284 1704 καὶ
300 1667 400 1711 αὐτὸς
418 1670 485 1705 τῶν
506 1668 740 1721 Ἀδραμιαίων
759 1672 821 1714 τ’ῆς
837 1668 1063 1711 ἀναπαύσεως
1080 1669 1162 1706 κόλ-

140 1735 215 1756 πων
234 1735 241 1742 ·
262 1719 340 1757 ἔνθα
355 1720 414 1757 καὶ
432 1719 554 1764 αὐτοὺς
573 1724 666 1770 ἡμᾶς
686 1724 703 1758 ὁ
718 1721 857 1758 πάντων
874 1720 1054 1774 Δεσπότης
1072 1720 1161 1762 Θεὸς

139 1769 294 1813 ἀξιώσειε
312 1774 346 1809 ἐν
363 1773 505 1824 Χριστῷ
525 1773 640 1819 Ἰησοῦ
658 1775 708 1824 τῷ
729 1772 847 1826 Κυρίῳ
862 1776 981 1822 ἡμῶν,
998 1776 1026 1824 ᾧ
1042 1777 1063 1819 ἡ
1081 1772 1160 1816 δόξα

138 1823 196 1859 καὶ
212 1823 251 1861 τὸ
265 1824 389 1875 κράτος
406 1823 465 1862 σὺν
480 1827 529 1876 τῷ
546 1824 634 1877 ἁγίῳ
649 1824 842 1875 Πνεύματι,
856 1829 914 1863 νῦν
933 1826 991 1863 καὶ
1010 1825 1080 1873 ἀεὶ,
1097 1824 1158 1863 καὶ

137 1877 183 1917 εἷς
202 1874 279 1919 τοὺς
300 1879 427 1919 αἰῶνας
441 1879 508 1915 τῶν
527 1879 673 1915 αἰώνων.
693 1877 812 1928 Ἀμήν.

2125 226 2216 289 965

1235 329 1292 372 pta
1313 328 1411 371 petra
1435 324 1647 360 scaturiente
1677 321 1868 361 immortali
1896 320 1993 369 bibe,
2013 330 2053 360 ut
2080 322 2164 360 inde
2182 324 2218 362 in

1237 372 1375 409 caulam
1391 373 1583 424 voluptatis
1605 374 1796 413 reducaris.
1817 376 1872 413 Ne
1889 374 2036 412 divitias
2055 375 2215 426 colligas,

1235 423 1307 461 imo
1327 438 1370 461 ne
1388 423 1531 476 diligas,
1550 427 1782 478 pecuniarum
1801 441 1923 464 curam
1939 427 2035 477 fuge,
2051 427 2218 478 pecunias

1235 489 1279 512 ne
1296 476 1455 526 colligas,
1477 478 1569 515 unde
1601 479 1768 517 oriuntur
1790 479 1959 527 crimina;
1985 478 2046 516 sed
2073 479 2219 530 largiter

1235 528 1367 565 semina
1385 530 1602 580 pauperibus
1626 545 1757 580 escam,
1782 545 1924 582 sperans
1941 540 1974 568 te
1993 532 2218 582 manipulum

1234 579 1360 616 animae
1375 581 1519 630 plenum
1535 591 1569 619 et
1586 583 1746 634 amplum
1763 597 1836 620 esse
1854 597 2064 621 messurum.
2075 584 2112 621 Si
2130 598 2219 634 pau-

1259 645 1296 668 er
1313 645 1363 679 es,
1385 645 1428 669 ne
1448 633 1567 670 animo
1592 634 1751 682 deficias,
1771 648 1813 671 ne
1829 635 1913 672 vitae
1941 635 2148 685 maledicas,
2171 650 2215 674 ne

1233 645 1473 734 Elaspbeme53
1494 685 1555 721 sed
1575 686 1704 735 gratias
1725 700 1802 737 age,
1821 686 1953 723 sustine
1963 701 2051 724 onus
2065 702 2218 739 pauper-

1232 734 1315 771 tatis
1326 735 1421 784 quod
1432 744 1482 772 est
1494 736 1695 774 brevissimi
1710 738 1889 789 temporis,
1906 739 2041 789 respice
2051 739 2085 775 in
2097 754 2216 777 exem-

1232 787 1312 837 plar
1332 795 1433 824 tuum
1456 788 1649 837 Lazarum,
1676 799 1710 826 et
1739 799 1772 826 tc
1791 803 1852 840 spe
1872 790 2063 826 confirma:
2079 804 2159 828 nam
2177 801 2216 829 tu

1234 839 1421 888 quoquein
1438 839 1632 877 Abrahami
1648 841 1727 878 sinu
1740 841 1918 892 recipieris
1929 857 1936 877 :
1946 842 2006 878 ubi
2021 856 2081 879 nos
2097 856 2217 881 omnes

1233 899 1441 928 cunctorum
1472 892 1648 929 Dominus
1680 895 1776 930 Deus
1807 893 1961 945 recipere
1992 893 2157 944 dignetur
2180 897 2216 933 in

1234 941 1376 979 Christo
1394 944 1477 982 Jesu
1509 944 1664 981 Domino
1685 955 1819 993 nostro,
1844 946 1900 982 cui
1920 945 2032 996 gloria
2053 955 2087 983 et
2105 947 2216 998 impe-

1233 994 1327 1031 rium
1347 1008 1429 1032 cum
1458 995 1596 1046 Spiritu
1629 1006 1762 1045 sancto,
1782 1011 1878 1036 nunc
1895 1007 1927 1036 et
1955 1011 2106 1051 semper,
2127 1008 2160 1037 et
2179 1000 2215 1037 in

1234 1046 1361 1085 saecula
1379 1047 1602 1087 saeculorum.
1618 1049 1741 1088 Amen.

188 2007 2206 2027 —QF——qn—m—mm—ffi—

508 2117 597 2168 Περὶ
628 2117 778 2168 ἀγάπης.

188 2238 297 2289 Λόγος
326 2239 388 2287 μὲν
417 2239 524 2293 οὐδεὶς
542 2239 623 2292 περὶ
650 2239 788 2291 ἀγάπης
810 2242 887 2277 κατ’
917 2239 1013 2284 ἀξίαν
1043 2241 1151 2278 εἰπεῖν

134 2291 267 2333 ἱκανὸς,
287 2291 342 2327 διὰ
360 2292 398 2328 τὸ
416 2291 462 2340 μὴ
482 2296 568 2329 εἰναι
588 2292 692 2338 αὐτὴν
716 2293 886 2342 ἐπίγειον,
908 2294 983 2330 ἀλλ’
1003 2293 1151 2345 ἐπουρά-

133 2358 213 2381 νιον.
234 2337 346 2393 Οἶμαι
366 2345 401 2380 δε
421 2344 480 2380 καὶ
498 2343 558 2390 τὴν
575 2346 643 2381 τῶν
664 2344 817 2394 ἀγγέλων
834 2346 990 2395 γλῶτταν
1009 2348 1149 2396 ἀπορεῖν

132 2396 216 2446 πρὸς
241 2395 301 2441 την
327 2395 453 2440 ταύτης
482 2396 734 2446 ἀκριὸεστάτην
763 2397 927 2443 ζήτησιν,
959 2398 1150 2450 ἐπειδήπερ

132 2447 164 2491 ἐξ
181 2449 286 2500 αὐτ-Ἐξ
299 2450 360 2492 τῆς
384 2452 443 2500 τοῦ
463 2451 553 2486 Θεοῦ
572 2449 799 2500 μεγαλονοίας
815 2449 998 2492 ἀπαύστως
1023 2450 1149 2502 προέρ-

131 2515 243 2549 χεται.
268 2502 350 2550 ’Apa
378 2503 434 2535 οὖν
462 2501 649 2551 ἐπειδήπερ
677 2501 755 2538 οὔτε
786 2501 976 2551 ἀνθρώπων
1003 2504 1148 2552 γλῶσσα

131 2551 231 2596 ἱκανὴ
253 2551 338 2601 πρὸς
355 2550 417 2596 τὴν
440 2551 567 2598 ταύτης
585 2552 839 2603 ἀκριὸεστάτην
856 2553 1038 2602 ἐξήγησιν,
1056 2556 1148 2590 ἀπο-

130 2603 301 2653 κνησομεν
327 2603 385 2640 καὶ
414 2606 536 2652 ἡμεῖς,
559 2603 662 2640 Ἀλλὰ
689 2605 858 2653 μηδαμῶς
874 2620 882 2627 ·
903 2605 1020 2651 ἐπειδὴ
1051 2605 1147 2655 παρὰ

130 2657 212 2706 Θεῷ
240 2655 298 2692 καὶ
326 2657 394 2692 τῶν
427 2654 674 2707 πολυαργύρων
697 2660 932 2705 παμμεγεθεῖς
954 2658 1147 2709 προσφοραὶ

129 2707 373 2758 εὐπρόσδεκτοι
388 2723 395 2730 ·
418 2707 506 2745 ἀλλὰ
531 2708 589 2744 καὶ
605 2710 672 2745 τῶν
689 2709 924 2759 ἀνυποκρίτων
950 2709 1040 2759 μετὰ
1058 2710 1146 2760 γνώ-

129 2775 197 2807 μης
217 2762 357 2810 ἱλαρᾶς,
377 2759 440 2796 κᾶν
461 2760 591 2812 σφόδρα
613 2760 815 2810 βραχύτατα
834 2761 1071 2812 τυγχάνωσιν,
1099 2765 1145 2804 ὡς

127 2812 185 2848 καὶ
205 2816 265 2857 τῆς
283 2813 394 2864 χήρας
411 2812 542 2858 ἐκείνης
561 2814 622 2856 τῆς
645 2812 817 2862 βαλούσης
832 2813 876 2850 τὰ
899 2814 955 2851 δύο
971 2813 1082 2852 λεπτὰ
1097 2816 1145 2857 εἷς

124 2863 164 2901 τὸ
187 2863 438 2914 γαζοφυλάκιον
458 2864 646 2916 προεκρίθη
663 2868 684 2909 ἡ
706 2865 886 2917 προσφορὰ
907 2869 975 2903 τῶν
1001 2867 1058 2904 τὸν
1080 2882 1144 2904 πο·

126 2914 186 2952 λὺν
213 2917 340 2968 χρυσὸν
371 2917 532 2966 Οεμένων.
559 2917 627 2954 Καὶ
657 2919 758 2966 ἡμεῖς
776 2917 838 2963 τὴν
859 2918 983 2955 ἐλπίδα
1007 2918 1065 2955 ἐπὶ
1085 2918 1142 2956 τὸν

125 2967 252 3018 Κύριον
278 2968 417 3018 βέμενοι
446 2969 578 3020 ἀρωγὸν
612 2968 670 3005 καὶ
696 2969 882 3020 διορθωτὴν
903 2972 970 3006 τῶν
992 2970 1142 3020 λεγομέ-

124 3035 210 3065 νων,
242 3021 408 3072 προθύμῳ
439 3022 565 3072 καρδία
590 3021 633 3058 τὰ
662 3020 720 3058 δύο
755 3021 899 3071 δηνάρια
918 3025 978 3067 τῆς
1004 3022 1142 3071 ἀγάπης

124 3073 172 3112 εἰς
199 3072 238 3108 τὸ
263 3073 515 3126 γαζοφέλάκιον
541 3077 602 3119 τῆς
634 3073 783 3116 διανοίας
815 3075 909 3122 ὑμῶν
940 3074 1140 3123 βαλώμεῡα.

123 3125 245 3160 Ταῦτα
263 3123 446 3177 γὰρκοίμαι
466 3127 581 3163 ἐκεῖνα
601 3126 644 3162 τὰ
665 3126 724 3163 δύο
751 3127 896 3177 δηνάρια
917 3126 977 3167 τὰς
998 3126 1056 3163 δύο
1088 3128 1140 3163 ἐν·

124 3174 243 3219 τολὰς,
261 3177 294 3211 ἐν
312 3180 363 3218 αῖς
381 3180 398 3213 ὁ
413 3176 515 3226 νόμος
535 3177 611 3221 ὅλος
630 3178 804 3229 κρέμαται
824 3179 882 3215 καὶ
897 3181 927 3215 οἱ
949 3180 1140 3230 προφῆται.

124 3226 272 3277 Ιζῖρηται
288 3227 355 3278 γὰρ
375 3228 471 3279 παρὰ
488 3229 615 3280 Κυρίου
631 3233 664 3267 ἐν
681 3231 918 3281 Εὖαγγελίοις,
932 3231 1141 3279 Ἀγαπήσεις

122 3280 247 3330 Κύριον
266 3280 322 3316 τὀν
342 3280 430 3317 (θεόν
448 3296 506 3318 σου
524 3284 557 3318 ἐν
574 3281 635 3332 ὅλῃ
654 3282 781 3333 καρδία
797 3297 868 3329 σου,
887 3283 946 3319 καὶ
964 3283 1021 3320 τὸν
1045 3284 1139 3327 πλη-

123 3330 194 3367 σίον
215 3346 274 3368 σου
291 3334 336 3373 ὡς
352 3332 483 3370 ἑαυτόν.
505 3332 564 3370 Ἔν
586 3333 726 3377 ταύταις
745 3340 819 3376 ταῖς
836 3335 929 3372 δυσὶν
951 3336 1101 3375 ἐντολαῖς
1121 3337 1139 3371 ὃ

121 3382 223 3431 νόμος
243 3383 302 3420 καὶ
318 3385 348 3420 οἱ
368 3388 555 3436 προφῆται.
572 3385 705 3435 Ἀγάπη
729 3386 810 3436 πρὸς
823 3386 926 3433 Θεὸν,
941 3387 999 3424 καὶ
1019 3386 1137 3437 ἀγάπη

1581 2119 1643 2156 De
1663 2119 1849 2159 Caritate.

1273 2237 1403 2276 Nullus
1429 2246 1543 2290 potest
1583 2253 1697 2278 sermo
1727 2241 1834 2293 digne
1864 2243 2046 2282 caritatem
2079 2247 2207 2298 expri-

1221 2303 1329 2337 mere,
1346 2291 1444 2341 quod
1460 2292 1521 2328 illa
1544 2306 1613 2329 non
1633 2293 1678 2330 sit
1698 2302 1844 2342 terrena,
1862 2296 1924 2333 sed
1943 2297 2100 2336 caelestis.
2115 2300 2207 2337 Puto

1220 2352 1338 2380 autem
1359 2343 1415 2381 vel
1443 2344 1555 2395 ipsam
1588 2346 1794 2396 angelorum
1826 2348 1984 2399 linguam
2015 2350 2076 2388 vix
2105 2365 2207 2403 posse

1220 2394 1320 2432 illam
1341 2405 1502 2433 accurate
1519 2397 1717 2448 explorare,
1738 2400 1905 2448 quoniam
1920 2416 1964 2439 ex
1987 2402 2061 2453 ipsa
2078 2417 2206 2455 magna

1220 2448 1288 2485 Dei
1303 2458 1419 2486 mente
1438 2448 1651 2487 incessanter
1669 2451 1730 2487 illa
1747 2452 1918 2503 procedit.
1957 2454 2108 2505 Ergone,
2123 2458 2206 2506 quia

1219 2513 1281 2537 nec
1298 2501 1505 2551 angelorum
1529 2515 1592 2538 nec
1610 2502 1796 2540 hominum
1819 2504 1939 2555 lingua
1968 2516 2081 2557 potest
2105 2508 2205 2548 illam

1218 2562 1381 2590 accurate
1409 2567 1585 2602 enarrare,
1604 2568 1668 2591 nos
1687 2555 1766 2593 ideo
1783 2570 1852 2594 non
1874 2557 2111 2597 audebimus?
2127 2563 2202 2599 Ne-

1218 2605 1600 2654 quaquam:quoniam
1627 2606 1719 2644 dona
1741 2608 1887 2657 quidem
1919 2611 2076 2648 maxima
2102 2612 2202 2650 divi-

1218 2664 1294 2693 tum
1311 2657 1407 2708 apud
1428 2658 1545 2694 Deum
1564 2671 1701 2710 semper
1713 2670 1853 2712 accepta
1877 2671 1978 2710 sunt;
2000 2663 2061 2700 scd
2086 2673 2202 2703 tamen

1216 2707 1288 2745 alia
1326 2709 1400 2746 sine
1423 2709 1647 2747 simulatione
1685 2720 1718 2749 et
1750 2725 1832 2749 cum
1864 2713 2045 2752 hilaritate
2066 2717 2205 2765 oblata,

1216 2759 1299 2797 licet
1331 2775 1503 2812 perquam
1529 2762 1675 2800 minima
1703 2764 1786 2811 sint,
1821 2774 1920 2816 grata
1954 2767 2142 2818 hahentur,
2162 2779 2202 2807 ut

1215 2812 1334 2850 viduae
1351 2813 1464 2859 illius,
1487 2828 1566 2864 quae
1585 2814 1657 2852 duo
1687 2816 1824 2854 minuta
1843 2818 1881 2855 in
1905 2819 2200 2872 gazophylacium

1215 2864 1326 2913 misit,
1359 2866 1494 2903 oblatio
1526 2868 1720 2918 anteposita
1756 2869 1822 2906 fuit
1850 2869 1953 2908 donis
1987 2885 2109 2910 eorum
2137 2875 2200 2924 qui

1215 2917 1368 2954 multum
1390 2919 1467 2954 auri
1488 2918 1697 2958 intulerunt.
1729 2920 1775 2957 Et
1794 2935 1856 2959 nos
1876 2936 2017 2973 quoquc
2034 2938 2134 2976 spem
2162 2927 2200 2964 in

1214 2970 1289 3006 Deo
1305 2969 1472 3007 habentes
1495 2971 1708 3008 auxiliatore
1735 2981 1768 3009 et
1800 2973 1977 3012 dictorum
1998 2977 2201 3016 emendato-

1213 3035 1264 3069 re,
1279 3021 1385 3058 corde
1398 3022 1506 3058 alacri
1518 3022 1607 3060 duos
1623 3023 1779 3061 caritatis
1791 3025 1953 3064 denarios
1971 3027 2004 3065 in
2015 3030 2199 3082 gazophy-

1212 3072 1344 3110 lacium
1365 3074 1491 3111 mentis
1512 3083 1638 3112 vestrae
1656 3076 1896 3127 projiciamus.
1918 3079 2001 3116 Illos
2020 3081 2114 3118 enim
2132 3097 2200 3134 pu-

1212 3135 1247 3162 to
1267 3125 1356 3162 duos
1381 3125 1544 3163 denarios
1573 3141 1647 3164 esse
1678 3126 1749 3164 duo
1776 3140 1968 3181 praeccpta;
2007 3131 2042 3169 iu
2070 3134 2199 3183 quibus

1212 3178 1270 3214 lex
1287 3177 1414 3228 pendet
1433 3187 1466 3214 et
1483 3178 1674 3229 prophetae.
1697 3180 1842 3218 Dictum
1855 3192 1905 3219 cst
1925 3183 2018 3220 enim
2038 3198 2057 3221 a
2074 3186 2200 3224 Domi-

1214 3244 1258 3267 no
1275 3243 1309 3266 ln
1327 3229 1703 3282 Evangeliis:Diliges
1722 3233 1932 3271 Dominum
1947 3237 2070 3274 Deum
2089 3247 2196 3277 tuum
2210 3247 2323 3277 Matth.
2345 3258 2394 3277 22.

1214 3285 1254 3318 in
1271 3290 1348 3318 loto
1368 3283 1481 3319 corde
1500 3291 1577 3328 tuo,
1598 3292 1633 3320 et
1651 3287 1869 3334 proximum
1892 3295 2000 3325 tuum
2024 3292 2123 3328 sicut
2141 3301 2195 3329 te-
2208 3289 2259 3324 (¹⁰-
2277 3290 2327 3328 4¹·

1215 3338 1350 3385 ipsum.
1370 3336 1418 3370 In
1435 3335 1494 3372 his
1509 3336 1655 3373 duobus
1674 3339 1870 3376 mandalis
1883 3347 1964 3377 tota
1982 3341 2045 3378 lex
2054 3345 2197 3393 pendet

1214 3395 1250 3424 et
1258 3388 1463 3437 prophetae.
1482 3388 1588 3425 Amor
1604 3388 1668 3425 Dei
1685 3397 1718 3427 et
1731 3403 1829 3428 amor
1843 3392 2010 3442 proximi,
2019 3393 2090 3432 duo
2105 3410 2194 3448 prae-
