2502 3810
119 1812 275 1839 mandato-

91 1863 156 1880 rum
221 1853 275 1879 Dei

90 1897 164 1920 ratio
218 1904 275 1921 uon

90 1935 255 1970 quaerenda.

91 1975 210 2012 3.Reg.
224 1983 272 2004 20.

89 2015 142 2044 35.

769 257 788 286 S
797 276 805 285 .
843 256 950 286 JOAN
959 255 1025 284 MS
1061 251 1298 283 CHRYSOST.

292 245 385 305 486

290 342 386 379 dixit
404 342 439 378 in
459 338 655 389 semetipsa,
676 336 722 373 Et
758 334 934 386 quomodo
964 342 1132 386 poterunt
1153 333 1192 370 hi
1217 345 1274 369 ca-

290 410 398 460 ptivi,
417 406 559 458 fugitivi
575 414 609 442 et
627 418 778 452 errones,
795 404 858 454 qui
876 403 1069 441 nomadum
1086 416 1183 440 more
1211 401 1272 439 vi—

290 485 394 525 vunt,
415 489 476 512 nos
505 487 680 525 superare,
702 472 763 523 qui
781 473 919 521 urbem,
951 471 1080 509 moenia
1106 479 1139 508 et
1157 479 1271 508 turres

288 543 484 581 habemus?
513 543 551 581 Si
581 556 664 581 vero
682 542 758 580 haec
786 542 886 594 apud
919 555 954 579 se
974 540 1137 587 dixisset,
1167 549 1200 577 et
1218 554 1271 577 se-

287 612 401 664 ipsam
421 620 455 648 et
485 611 565 649 illos
597 610 809 663 perdidisset
828 625 835 646 :
857 619 896 647 ut
920 619 954 647 et
972 610 1083 647 fecere
1119 608 1270 660 majores

287 694 420 728 eorum,
440 680 502 730 qui
516 688 601 717 tunc
623 680 754 717 servati
769 688 864 716 sunt.
882 678 942 717 Illi
961 677 1057 715 enim
1075 677 1269 728 conspectis

288 749 371 787 viris
391 749 529 800 magnis
560 758 594 786 et
612 748 781 800 proceris,
811 747 969 787 victoriae
995 746 1144 785 modum
1173 760 1271 797 quae-

287 817 386 866 siere,
404 831 445 854 ac
457 817 531 855 sine
553 817 648 855 bello
664 825 697 854 et
715 816 789 854 acie
810 829 930 854 omnes
951 816 1144 868 perierunt.
1162 815 1270 853 Vidi-

287 887 369 925 stin'
396 896 571 938 quantum
604 886 649 924 sit
683 885 939 924 incredulitatis
978 884 1202 934 barathrum,
1237 893 1271 922 et

286 968 438 1010 quantus
467 958 551 996 fidei
571 958 724 995 murus?
742 957 809 995 Illa
830 957 925 995 enim
955 956 1140 994 innumera
1158 954 1272 992 millia

287 1029 552 1081 pessumdedit,
573 1030 647 1067 haec
661 1044 743 1068 vero
763 1029 983 1067 meretricem
999 1043 1068 1066 non
1085 1027 1189 1066 modo
1202 1042 1273 1065 ser-

288 1100 400 1147 vavit,
421 1099 482 1137 sed
506 1099 596 1136 tanti
625 1098 750 1150 populi
772 1107 958 1150 patronam
987 1097 1112 1135 effecit.
1134 1097 1219 1134 Haec
1238 1104 1272 1134 et

1338 250 1363 278 Α
1371 250 1525 279 RCHIEP
1534 269 1542 278 .
1581 249 1916 280 CONSTANTlNOP
1926 269 1934 278 .

1347 345 1436 376 των,
1452 331 1570 375 Αὐτῆς
1583 329 1649 381 γὰρ
1670 332 1732 375 τῆς
1751 329 1842 368 κατὰ
1855 329 1911 367 τὸν
1931 329 2086 382 παρόντα
2109 329 2181 379 βίον
2200 328 2368 379 πονηρίας

1345 390 1533 439 οὐδαμόθεν
1551 390 1806 440 ἀπηλλάγημεν
1829 390 1984 436 ἄλλοθεν,
2003 390 2079 427 ἀλλ’
2101 388 2123 434 ἢ
2145 388 2201 426 διὰ
2227 390 2290 433 τῆς
2308 387 2367 425 πί-

1346 465 1465 492 στεως.
1489 449 1594 488 Οὕτω
1613 449 1673 487 καὶ
1700 450 1731 487 οἱ
1761 449 1828 500 πρὸ
1856 450 1976 488 τούτου
2005 449 2165 500 ἔλαμψαν
2197 448 2368 493 ἅπαντες,

1344 508 1451 553 οὕτως
1480 512 1498 547 ὃ
1514 509 1697 562 Ἀδραὰμ,
1717 509 1824 551 οὕτως
1845 511 1863 547 ὃ
1890 508 2032 556 Ἰσαὰκ,
2055 509 2163 552 οὕτως
2177 511 2194 546 ὁ
2215 508 2346 546 Ἰακώὸ
2359 522 2369 532 ’

1343 569 1433 607 οὕτω
1454 570 1513 608 καὶ
1535 573 1555 616 ἡ
1575 570 1685 622 πόρνη
1707 569 1819 616 ἐσώθη
1836 599 1845 616 ,
1867 570 1926 607 καὶ
1940 572 1961 615 ἡ
1982 572 2015 608 ἐν
2041 572 2083 621 τῇ
2110 572 2277 621 Παλαιᾷ,
2305 569 2363 607 καὶ

1343 632 1364 675 ἡ
1386 632 1420 668 ἐν
1448 633 1492 681 τῇ
1525 632 1652 681 Καινῇ.
1672 630 1799 667 Πίστει
1828 629 1916 680 γὰρ,
1942 629 2177 680 φησὶ,“Ραὰ6
2204 634 2225 676 ἡ
2253 629 2363 681 πόρνη

1294 698 1319 728 Ε
1342 693 1380 729 οὗ
1396 691 1618 730 συναπώλετο
1637 698 1706 734 τοῖς
1719 691 1948 738 ἀπειθήσασι,
1960 689 2148 741 ίδεξαμένη
2165 691 2242 735 τοὺς
2261 707 2370 729 κατα-

1343 751 1506 794 σκόπους.
1525 751 1616 790 Οὐδὲ
1630 752 1715 804 πρὸς
1730 750 1856 797 ἑαυτὴν
1872 745 1947 789 εἶπε
1958 781 1968 798 ,
1983 751 2042 789 καὶ
2071 754 2146 795 πῶς
2165 751 2368 797 δυνήσονται

1347 806 1440 849 οὗτοι
1458 812 1679 863 αἰχμάλωτοι
1697 812 1757 849 καὶ
1777 811 1924 864 φυγάδες
1943 812 2036 854 ὄντες
2058 812 2117 850 καὶ
2138 813 2369 862 μετανάσται,

1343 872 1402 910 καὶ
1420 872 1581 922 νομάδων
1612 872 1686 923 βίον
1714 875 1858 916 ζῶντες,
1875 874 1977 922 ἡμῶν
1996 875 2064 909 τῶν
2092 872 2192 910 πόλιν
2218 872 2367 924 ἐχόντων

1343 932 1402 971 καὶ
1421 933 1522 984 τείχη
1541 932 1601 971 καὶ
1620 932 1770 984 πύργους
1785 932 2045 984 περιγενέσθαι,
2062 935 2108 975 ὣς
2127 935 2156 970 εἷ
2179 933 2264 986 πρὸς
2290 936 2369 971 ἑαυ-

1343 993 1407 1039 τὴν
1426 997 1534 1031 ταῦτα
1563 987 1657 1038 εἶπε,
1676 993 1735 1030 καὶ
1764 992 1888 1039 ἑαυτὴν
1923 992 1982 1030 καὶ
2011 992 2160 1036 ἐκείνους
2189 993 2230 1031 ἂν
2260 1009 2369 1046 προσ-

1344 1053 1523 1092 απώλεσεν
1539 1070 1546 1077 ·
1568 1054 1653 1106 ὅπερ
1673 1047 1729 1091 οὖν
1747 1053 1806 1091 καὶ
1824 1055 1855 1091 οἱ
1874 1051 2035 1105 πρόγονοι
2052 1056 2120 1091 τῶν
2145 1053 2223 1091 τότε
2243 1055 2369 1092 σωθέν-

1285 1130 1413 1166 [mum
1451 1115 1589 1153 ἔπαθον.
1625 1116 1776 1152 Ἐκεῖνοι
1814 1113 1882 1165 γὰρ
1916 1113 2035 1160 ἐπειδὴ
2075 1114 2202 1166 ἄνδρας
2243 1115 2369 1158 ἰδόντες

288 1169 402 1206 multo
416 1169 520 1221 plura
544 1183 625 1206 cum
640 1168 807 1218 sciamus,
839 1182 858 1204 a
878 1169 953 1205 Deo
970 1167 1144 1204 factorum
1163 1166 1270 1204 ratio·
1297 1176 1323 1205 Α
1345 1175 1514 1226 μεγάλους
1530 1174 1590 1213 καὶ
1610 1175 1772 1224 εὐμήκεις
1783 1202 1792 1220 ‚
1807 1173 1863 1211 τὸν
1880 1173 2006 1225 τρόπον
2024 1176 2086 1220 τῆς
2104 1174 2202 1221 νίκης
2217 1175 2369 1223 Qum,

288 1252 368 1276 nem
388 1252 581 1289 numquam
599 1237 799 1288 exigamus,
829 1235 888 1274 sed
907 1235 1083 1287 quidquid
1100 1236 1161 1272 ille
1189 1236 1269 1287 jus-

289 1308 372 1346 serit
405 1307 626 1360 excipiamus
655 1323 663 1344 :
689 1321 759 1344 non
791 1307 927 1344 curiose
963 1306 1185 1357 inquiramus
1212 1306 1271 1343 vel

288 1378 524 1429 exploremus,
543 1376 678 1414 etiamsi
712 1376 750 1413 id
784 1375 882 1426 quod
898 1375 1045 1427 jubetur
1077 1374 1271 1412 secundum

289 1445 445 1483 humana
482 1445 666 1483 ratiocinia
713 1444 912 1483 absurdum
951 1443 1126 1483 videatur.
1173 1442 1270 1489 Quid

288 1516 394 1565 enim,
410 1531 538 1567 quaeso,
556 1516 747 1555 absurdius
769 1515 944 1563 videatur,
976 1529 1082 1565 quam
1107 1528 1189 1552 cum
1209 1528 1271 1565 pa-

288 1594 340 1623 ter
353 1586 575 1637 unigenitum
597 1586 716 1623 filium
730 1585 888 1623 occidere
915 1583 1090 1635 jubetur?
1104 1585 1268 1620 Attamen

284 1655 401 1706 justus
425 1655 485 1692 ille
499 1656 635 1706 jussus,
655 1668 724 1691 non
742 1654 878 1691 curiose
892 1654 1034 1704 jussum
1052 1650 1267 1703 exploravit,

288 1722 349 1761 sed
375 1723 420 1760 ob
443 1723 600 1774 jubentis
620 1721 828 1774 dignitatem
850 1720 1057 1758 mandatum
1080 1719 1216 1771 accepit
1235 1727 1269 1756 et

289 1791 458 1830 obedivit.
476 1791 579 1829 Alius
607 1805 746 1842 quoque
772 1792 892 1843 jussus
919 1805 939 1828 a
961 1791 1036 1828 Deo
1060 1789 1268 1841 prophetam

288 1869 482 1912 percutere,
497 1859 580 1911 quia
595 1874 670 1897 rem
684 1858 877 1897 absurdam
889 1873 961 1897 esse
975 1867 1118 1911 putanS,
1134 1857 1270 1896 curiose

288 1934 511 1986 perquisivit,
533 1948 595 1972 nec
620 1934 829 1987 simpliciter
858 1934 1080 1983 obsequutus
1112 1942 1181 1982 est,
1205 1947 1270 1970 ex-

288 2013 418 2042 tremas
437 2003 535 2042 dedit
548 2017 667 2056 poenas
675 2019 685 2052 3
705 2003 766 2054 qui
792 2016 876 2041 vero
896 2002 1084 2054 percussit,
1106 2011 1269 2054 acceptus

289 2076 368 2114 fuit.
388 2076 435 2113 Et
464 2075 550 2114 Saiil
578 2075 638 2126 qui
664 2084 791 2127 praeter
818 2075 886 2113 Dei
910 2074 1084 2127 placitum
1108 2074 1268 2112 homines

290 2147 459 2196 servavit,
479 2161 498 2184 a
521 2160 628 2198 regno
654 2145 799 2195 excidit,
818 2155 851 2184 et
882 2146 1120 2184 intolerabilia
1146 2160 1269 2198 passus

289 2225 350 2253 est.
370 2217 488 2253 Multo
511 2216 614 2266 plura
647 2215 805 2266 exempla
838 2215 918 2265 quis
946 2214 1105 2253 invenire
1128 2214 1240 2265 possit
1260 2229 1268 2250 :

289 2285 420 2335 quibus
437 2284 602 2322 omnibus
617 2283 796 2331 doeemur,
812 2283 1061 2320 mandatorum
1078 2282 1145 2320 Dei
1166 2296 1268 2319 num-

289 2370 396 2407 quam
415 2355 586 2393 rationem
599 2369 673 2392 esse
690 2354 931 2405 quaerendam,
947 2353 1008 2391 sed
1027 2353 1223 2391 cedendum
1238 2361 1270 2390 et

291 2425 557 2476 obsequendum
582 2438 666 2462 esse.
691 2425 731 2462 Si
755 2433 873 2462 autem
900 2424 976 2473 illa,
1001 2437 1077 2473 quae
1096 2422 1270 2474 praecipit,

291 2495 452 2543 scrutari,
484 2494 723 2547 periculosum
755 2503 819 2544 est,
846 2502 879 2531 et
908 2502 1106 2531 extremum
1133 2491 1272 2543 suppli-

292 2565 388 2602 cium
420 2564 659 2602 scrutantibus
691 2572 742 2601 est
768 2563 996 2615 deputatum:
1025 2561 1086 2612 qui
1115 2576 1168 2609 ea,
1195 2575 1272 2611 quae

291 2643 372 2672 sunt
401 2633 474 2671 illis
504 2633 608 2684 longe
639 2632 824 2671 secretiora
853 2641 886 2670 et
915 2631 1145 2669 horribiliora
1175 2643 1274 2668 scru-

290 2714 425 2755 tantur,
447 2719 572 2757 nempe
589 2703 766 2755 quomodo
780 2702 900 2755 genuit
919 2702 1064 2751 Filium,
1084 2710 1200 2752 etqua
1216 2714 1275 2737 ra-

290 2774 396 2822 tione,
416 2783 450 2812 et
471 2788 635 2825 quaenam
660 2773 706 2811 sit
731 2772 942 2823 substantia,
969 2785 1076 2823 quam
1102 2769 1274 2808 defensio-

293 2856 372 2880 nem
391 2841 691 2880 habebuntfflaec
707 2854 788 2879 cum
806 2839 970 2888 sciamus,
979 2839 1087 2878 fidem
1100 2838 1276 2876 bonorum

293 2912 453 2949 omnium
471 2920 620 2949 matrem
634 2924 715 2948 cum
729 2909 824 2948 omni
841 2908 1085 2947 benevolentia
1105 2907 1276 2959 suscipia-

294 2993 434 3031 mus‚ut
445 2983 544 3034 quasi
561 2983 598 3020 in
612 2982 806 3033 tranquillo
824 2990 929 3034 portu
944 2981 1165 3031 navigantes,
1183 2987 1276 3017 recta

294 3053 462 3105 dogmata
481 3067 672 3100 servemus,
689 3061 724 3090 et
739 3052 852 3090 vitam
868 3059 1025 3089 nostram
1046 3064 1128 3088 cum
1144 3047 1276 3087 securi-

295 3133 365 3161 tate
382 3123 587 3174 dirigentes,
607 3131 735 3160 aeterna
762 3134 1016 3171 consequamur
1038 3119 1146 3167 bona,
1165 3116 1278 3169 gratia

1344 1234 1525 1273 ἀπώλοντο
1564 1235 1672 1287 χωρὶς
1710 1234 1864 1284 πολέμου
1901 1234 1961 1272 καὶ
1991 1234 2216 1285 παρατάξεως
2254 1235 2367 1273 ἅπαν-

1342 1312 1409 1339 τες.
1426 1290 1527 1339 Εἶδες
1543 1296 1649 1334 πόσον
1667 1298 1730 1342 τῆς
1749 1295 1912 1338 ἀπιστίας
1925 1295 1963 1332 τὸ
1981 1295 2168 1348 βάραθρον,
2188 1296 2247 1334 καὶ
2262 1296 2369 1334 πόσον

1342 1360 1404 1403 τῆς
1425 1357 1573 1400 πίστεως
1602 1356 1640 1394 τὸ
1659 1362 1790 1408 τεῖχος
1812 1355 1857 1393 ‘H
1881 1355 1942 1406 μὲν
1975 1355 2043 1407 γὰρ
2071 1355 2233 1407 ἀπείρους
2254 1357 2368 1403 κατή-

1343 1433 1442 1468 νεγκε
1463 1416 1642 1468 χιλιάδας·
1666 1416 1754 1462 αὕτη
1788 1416 1822 1453 δὲ
1851 1416 1982 1467 πόρνην
2012 1421 2160 1466 γυναῖκα
2192 1417 2230 1453 οὐ
2265 1415 2368 1466 μόνον

1343 1478 1520 1524 διέσωσεν,
1531 1476 1620 1514 ἀλλὰ
1631 1476 1690 1514 καὶ
1703 1477 1812 1527 δήμου
1824 1476 1987 1514 τοσούτου
2003 1475 2195 1528 πρόστασιν
2209 1476 2366 1523 ἐποίησε.

1341 1539 1452 1575 Ταῦτ’
1473 1531 1530 1575 οὖν
1551 1537 1699 1584 εἰδότες,
1721 1537 1779 1575 καὶ
1800 1537 1844 1575 τὰ
1859 1536 1988 1575 τούτων
2013 1537 2175 1584 πλείονα,
2195 1537 2368 1587 μηδέποτε

1338 1598 1396 1635 τὸν
1411 1597 1500 1635 Θεὸν
1517 1597 1656 1640 εὐθύνας
1671 1600 1739 1634 τῶν
1754 1596 1944 1648 γινομένων
1958 1599 2176 1646 ἀπαιτῶμεν,
2189 1599 2265 1635 ἀλλ’
2283 1596 2368 1649 ὅπερ

1338 1658 1378 1695 ἂν
1400 1658 1546 1710 ἐπιτάξῃ
1560 1688 1570 1706 ,
1587 1656 1771 1709 δεχώμεθα
1784 1673 1792 1681 ·
1809 1657 1869 1695 καὶ
1886 1657 1934 1706 μὴ
1955 1656 2264 1708 περιεργαζώμεθα
2281 1658 2370 1708 μηδὲ

1335 1721 1696 1772 πολυπραγμονῶμεν,
1717 1718 1780 1757 κᾶν
1801 1718 2026 1772 ἀνθρωπίνοις
2045 1720 2223 1770 λογισμοῖς
2238 1718 2364 1758 ἄτοπον

1294 1790 1316 1819 Β
1338 1785 1426 1819 εἶναι
1441 1782 1523 1832 δοκῇ
1544 1780 1583 1818 τὸ
1602 1779 1840 1830 κελευόμενον.
1857 1780 1904 1817 Τί
1919 1779 1987 1831 γὰρ
1999 1807 2008 1825 ,
2023 1780 2098 1817 εἶπέ
2109 1796 2186 1830 μοι,
2202 1785 2261 1819 τοῦ
2281 1780 2370 1832 σφά-

1339 1842 1395 1886 ξαι
1410 1844 1576 1893 μονογενῆ
1588 1842 1699 1879 παῖδα
1724 1841 1783 1879 καὶ
1801 1841 1956 1892 γνήσιον,
1971 1840 2073 1878 αὐτὸν
2092 1841 2149 1878 τὸν
2167 1840 2369 1893 γεγεννηκό-

1337 1919 1400 1951 τα,
1416 1902 1636 1953 ἀτοπώτερον
1662 1905 1748 1939 εἶναι
1770 1902 1880 1949 δοκεῖ,
1901 1900 1992 1939 Ἀλλ’
2014 1901 2112 1951 ὅμως
2131 1905 2148 1939 ὃ
2169 1902 2297 1945 δίκαιος
2313 1917 2369 1939 κε-

1338 1963 1509 2009 λευσθεὶς,
1524 1965 1561 2001 οὐ
1578 1962 1848 2015 περιειργάσατο
1867 1966 1985 2009 τοῦτο,
2009 1963 2085 1999 ἀλλ’
2102 1962 2172 2000 ἀπὸ
2190 1964 2253 2008 τ’ῆς
2273 1962 2367 2006 ἀξίας

1667 2023 1734 2038 §XIV

1337 2027 1396 2063 τοῦ
1418 2024 1641 2066 κελεύσαντος
1662 2039 1799 2067 εοεςατο
1813 2023 1851 2061 τὸ
1867 2022 2045 2074 ἐπίταγμα
2067 2023 2182 2074 μόνον,
2203 2024 2262 2061 καὶ
2278 2023 2364 2069 ὑπή-

1337 2101 1450 2124 κουσε.
1471 2085 1540 2123 Καὶ
1559 2085 1673 2137 ἕτερος
1694 2084 1728 2123 δὲ
1749 2084 1930 2136 προφήτην
1962 2084 2059 2137 παρὰ
2091 2089 2152 2122 τοῦ
2181 2087 2275 2123 Θεοῦ
2306 2100 2367 2122 κε-

1338 2145 1491 2188 λευσθεὶς
1512 2145 1676 2197 ῥαπίσαι,
1691 2144 1810 2191 ἐπειδὴ
1827 2145 1865 2183 τὸ
1885 2146 2004 2183 ’δοκοῦν
2026 2145 2153 2183 ἄτοπον
2172 2139 2261 2183 εἶναι
2276 2151 2291 2167 ²²
2304 2150 2363 2185 τοῦ

1340 2208 1549 2259 πράγματος
1567 2207 1856 2260 περιειργάσατο,
1876 2206 1934 2244 καὶ
1955 2207 2020 2258 οὐχ
2040 2207 2158 2249 ἁπλῶς
2171 2206 2346 2253 ὑπήκουσε
2360 2236 2369 2252 ,

1341 2269 1440 2313 δίκην
1461 2268 1567 2305 ἔδωκε
1597 2267 1660 2313 τὴν
1687 2267 1839 2318 ἐσχάτην
1856 2283 1864 2289 ·
1884 2270 1901 2304 ὃ
1925 2267 1959 2305 δὲ
1980 2266 2114 2313 πλήξας
2145 2267 2368 2317 εὐδοκίμησε.

1340 2328 1410 2364 Καὶ
1429 2330 1446 2364 ὁ
1463 2326 1579 2364 Σαοὺλ
1605 2326 1640 2364 δὲ
1668 2325 1784 2368 σώσας
1812 2325 2013 2377 ἀνθρώπους
2028 2326 2124 2377 παρὰ
2141 2326 2180 2363 τὸ
2206 2330 2255 2378 τῷ
2285 2329 2368 2379 Θεῷ

1339 2388 1471 2434 δοκοῦν,
1490 2389 1552 2432 τῆς
1572 2386 1750 2436 βασιλείας
1768 2385 1927 2432 ἐξέπεσε,
1943 2386 2061 2423 καὶτὰ
2080 2386 2256 2432 ἀνήκεστα
2277 2386 2363 2425 ἔπα-

1341 2453 1388 2487 θε.
1416 2448 1485 2486 Καὶ
1504 2447 1605 2498 ἕτερα
1624 2447 1766 2485 πλείονα
1795 2447 1925 2484 τούτων
1954 2446 1994 2484 ἄν
2011 2462 2062 2489 τις
2088 2447 2181 2499 εὕροι
2199 2447 2368 2499 παραδεί-

1298 2519 1322 2549 C
1340 2525 1480 2561 γματα,
1505 2510 1546 2546 δι’
1566 2512 1612 2545 ὡν
1640 2508 1803 2546 ἁπάντων
1831 2507 2067 2557 παιδευόμεθα
2092 2507 2267 2558 μηδέποτε
2294 2511 2362 2545 τῶν

1341 2569 1588 2620 ἐπιταγμάτων
1615 2572 1674 2606 τοῦ
1700 2570 1790 2606 Θεοῦ
1822 2567 1921 2618 λόγον
1958 2568 2132 2615 ἀπαιτεῖν,
2161 2568 2239 2605 ἀλλ’
2261 2567 2364 2605 εἴκειν

1342 2631 1401 2669 καὶ
1422 2630 1599 2668 πείθεσθαι
1618 2628 1735 2679 μόνον.
1759 2630 1803 2666 Εἰ
1834 2628 1890 2675 δὲ,
1911 2628 2000 2680 ἅπερ
2021 2628 2060 2664 ἂν
2082 2627 2226 2680 ἐπιτάξῃ
2245 2657 2254 2674 ,
2270 2645 2368 2682 περι-

1344 2693 1544 2745 εργάζεσθαι
1559 2690 1761 2742 ἐπισφαλὲς,
1782 2690 1841 2728 καὶ
1859 2689 1991 2741 ἐσχάτη
2008 2689 2150 2733 κόλασις
2165 2695 2280 2728 κεῖται
2297 2696 2370 2733 τοῖς

1345 2755 1696 2805 πολυπραγμονοῦσι·
1711 2752 1742 2789 οἳ
1760 2751 1803 2789 τὰ
1819 2752 1938 2803 πολλῷ
1953 2749 2082 2788 τούτων
2105 2749 2372 2803 ἀποῤῥητότερα

1344 2814 1403 2853 καὶ
1437 2812 1695 2865 φρικωδέστερα
1723 2811 2050 2864 περιεργαζόμενοι,
2077 2809 2257 2858 τουτέστι,
2293 2813 2368 2853 πῶς

1347 2875 1506 2927 ἐγέννησε
1526 2873 1582 2910 τὸν
1613 2872 1710 2919 Υἱὸν,
1731 2872 1790 2909 καὶ
1811 2872 1878 2909 τίνι
1897 2870 2016 2922 τρόπῳ
2029 2899 2038 2917 ,
2060 2870 2119 2907 καὶ
2144 2870 2196 2913 τίς
2213 2874 2234 2917 ἡ
2256 2870 2373 2917 οὐσία,

1348 2938 1425 2976 τίνα
1442 2935 1573 2979 ἕξουσιν
1594 2933 1780 2984 ἀπολογίαν
1802 2932 1905 2980 ποτέ,
1925 2931 2035 2969 Ταῦτ’
2063 2925 2121 2969 οἶν
2143 2933 2288 2979 εἰδότες,
2309 2931 2372 2978 τὴν

1347 2999 1488 3038 πάντων
1508 2996 1575 3032 τῶν
1597 2996 1733 3045 ἀγαθῶν
1755 2993 1890 3045 μητέρα
1908 2992 2025 3030 πίστιν
2046 2992 2136 3042 μετὰ
2150 2993 2266 3040 πάσης
2284 2995 2375 3031 ὑπο-

1349 3059 1532 3113 δεχώμεθα
1552 3059 1614 3101 τῆς
1632 3054 1782 3099 εὐνοίας,
1802 3054 1859 3091 ἵνα
1882 3053 2000 3105 ὥσπερ
2029 3056 2063 3092 ἐν
2090 3056 2232 3105 γαληνῷ
2251 3053 2374 3092 πλέον·

1350 3138 1406 3166 τες
1424 3118 1540 3170 λιμένι
1559 3117 1603 3155 τά
1622 3132 1659 3154 τε
1687 3115 1771 3167 ὀρθὰ
1791 3116 2008 3166 διατηρῶμεν
2031 3115 2206 3166 δόγματα,
2231 3114 2291 3153 καὶ
2317 3114 2375 3151 τὸν

297 3202 328 3230 et
347 3193 560 3245 benignitate
579 3191 726 3230 Domini
742 3190 852 3229 nostri
867 3191 952 3229 Jesu
970 3187 1114 3236 Christi,
1132 3187 1279 3238 quicum
1302 3192 1324 3222 D
1353 3181 1426 3233 βίον
1446 3181 1546 3229 ’ἡμῶν
1571 3175 1659 3227 μῑῖὰ
1680 3174 1869 3226 ἀσφαλείας
1892 3174 2177 3223 κατευθύνοντῑς,
2197 3177 2265 3213 τῶν
2298 3176 2377 3211 αἷω·

342 3329 354 3352 s
379 3329 430 3369 [A.
449 3331 512 3361 εἰδὲ
529 3331 594 3365 τοὺς
608 3342 731 3361 κατασκ.
746 3329 889 3370 δεξαμένη
905 3333 976 3371 πρὸς
989 3330 1093 3365 ἑαυτὴν
1111 3329 1301 3369 εἴη’-,εμπερι-

300 3384 447 3420 Ἰἐνέτθαι,
467 3384 514 3412 καὶ
531 3383 647 3416 ἑαυτήν,
661 3380 741 3419 eto]

1410 3337 1424 3351 ἃ
1448 3326 1540 3358 Unus
1554 3324 1600 3365 [ot
1615 3322 1668 3362 A]
1686 3325 1736 3354 τοῦ
1760 3325 2002 3364 προστάγματος.
