2466 3805
620 268 662 297 IN
701 269 724 297 Λ
733 267 816 297 CTA

853 262 1181 296 APOSTOLORUM
1192 281 1200 290 .

1240 261 1396 290 HOMIL.
1436 259 1563 290 xxiv.
2021 258 2109 303 207

27 390 2091 420 ..‚-—-——————————————-——-—-————‘——*—”“*———-———-———-

401 521 581 559 ΟΜΙΛΙΑ
616 518 680 557 κδ’.

32 644 115 683 ’Ἔτι
133 646 318 688 λαλοῦντος
338 647 397 682 τοῦ
426 644 562 695 Πέτρου
584 643 628 680 τὰ
651 642 791 695 ῥήματα
818 645 947 689 ταῦτα,
975 639 1055 679 ἔπε’-

86 721 171 744 πεσε
186 706 225 744 τὸ
245 707 391 755 Πνεῦμα
414 705 452 743 τὸ
472 706 567 754 ἅγιον
588 704 645 743 ἐπὶ
665 704 797 747 πάντας
819 703 895 747 τοὺς
914 701 1054 741 ἀκούον-

87 782 148 809 τας
168 765 223 804 τὸν
245 765 357 817 λόγον.
377 766 448 804 Καὶ
473 765 659 811 ἐξέστησαν
682 767 713 802 οἱ
733 765 772 801 ἐκ
787 766 976 815 περιτομῆς
995 778 1052 799 πι-

89 828 186 874 στοὶ,
214 827 286 866 ὅσοι
309 829 474 874 συνῆλθον
494 829 544 878 τῷ
571 824 719 878 Πέτρῳ,
752 823 804 861 ὅτι
832 824 890 862 καὶ
919 822 976 860 ἐπὶ
1009 821 1052 859 τὰ

87 889 166 935 ἔθνη
196 892 217 935 ἡ
253 888 363 941 δωρεὰ
391 892 450 926 τοῦ
480 887 577 937 ἁγίου
604 885 810 935 Πνεύματος
845 883 1046 934 ἐκκέχυται·

86 950 209 995 ἤκουον
224 949 291 1000 γὰρ
307 951 416 986 αὐτῶν
433 946 628 986 λαλούντων
648 945 843 996 γλώσσαις,
863 944 923 982 καὶ
944 958 1052 993 μεγα·

87 1010 255 1048 λυνόντων
274 1010 331 1047 τὸν
345 1008 447 1048 Θεόν.

86 1193 161 1232 Θέα
179 1197 238 1230 τοῦ
258 1195 350 1232 Θεοῦ
368 1192 430 1238 τὴν
450 1190 660 1241 οἰκονομίαν.
683 1191 759 1229 Οὔκ
785 1192 915 1242 ἀφῆκεν
942 1192 1053 1241 ἀπαρ-

32 1257 193 1300 τισθῆναι
221 1253 277 1291 τὸν
306 1253 420 1304 λόγον,
447 1252 524 1290 οὐδὲ
557 1254 596 1290 ἐκ
624 1251 894 1305 προστάγματος
914 1251 1051 1303 Πέτρου

32 1315 203 1389 γενέσθαι
222 1315 260 1353 τὸ
294 1314 476 1365 βάπτισμα
490 1329 498 1336 ·
533 1313 608 1350 ἀλλ’
645 1311 764 1359 ἐπειδὴ
797 1311 859 1358 τὴν
897 1311 1051 1349 διάνοιαν

34 1377 146 1413 αὐτῶν
167 1374 296 1419 ἔδειξαν
313 1373 514 1425 θαυμαστὴν
531 1367 648 1417 οῦσαν,
673 1373 732 1410 καὶ
752 1375 813 1419 τῆς
828 1371 1053 1415 διδασκαλίας

35 1436 127 1488 ἀρχὴ
144 1436 273 1488 γέγονε,
287 1452 346 1474 και
362 1434 579 1482 ἐπίστευσαν,
592 1434 645 1473 ὅτι
660 1434 799 1477 πάντως
811 1433 850 1471 τὸ
870 1433 1053 1485 βάπτισμα

34 1497 154 1548 ἄφεσίς
179 1499 270 1535 ἐστιν
298 1495 576 1547 ἇμαρτηματων,
595 1495 674 1534 τότε
692 1496 820 1541 ἓπῆλθε
836 1495 875 1532 τὸ
892 1496 1052 1545 Πνεῦμα.

35 1558 184 1595 ’1οῦτο
167 1573 201 1595 οε
223 1556 354 1607 γίνεται
375 1559 703 1609 προοικονοαοῦντος
733 1555 922 1606 ἀπολογίαν
942 1555 1053 1608 μεγά-

33 1620 97 1664 λην
117 1620 167 1669 τῷ
191 1618 317 1671 Πέτρῳ
336 1621 395 1655 τοῦ
416 1619 519 1656 Θεοῦ.
546 1618 626 1668 Οὐχ
649 1617 767 1659 ἁπλῶς
788 1616 823 1654 δὲ
842 1615 881 1653 τὸ
906 1617 1054 1666 Πνεῦμα

35 1678 283 1728 λαμὸοίνουσιν,
304 1677 393 1716 ἀλλὰ
418 1677 592 1727 γλώσσαις
622 1676 779 1723 ἐλάλουν,
805 1676 889 1729 ὅπερ
908 1677 967 1715 καὶ
987 1677 1054 1720 ἐξέ-

35 1740 166 1785 πληττε
185 1754 262 1782 τους
281 1738 516 1780 συνελθόντας.
539 1736 586 1775 Ἰί
604 1737 731 1783 δήποτε
751 1736 785 1775 δὲ
802 1752 910 1780 ουτως
929 1739 1056 1775 οἰκονο-

37 1805 155 1849 μεῖται
174 1800 238 1838 τὸ
227 1806 298 1851 πρᾶ
301 1815 393 1850 γ·μα
386 1830 395 1846 ,
413 1798 481 1836 Διὰ
496 1814 574 1840 τους
589 1797 790 1842 Ἰουδαίους·
805 1797 864 1836 καὶ
882 1798 949 1850 γὰρ
963 1798 1053 1836 πάνυ

37 1862 198 1910 ἀπεχθως
214 1863 307 1911 εἰχον
330 1860 415 1910 πρὸς
440 1859 533 1897 αὐτό.
555 1858 643 1897 Διὸ
633 1862 812 1911 πανταγοῦ
832 1862 890 1896 τοῦ
909 1861 1000 1898 Θεοῦ
1015 1859 1055 1897 τὸ

35 1927 103 1958 πᾶν
127 1920 272 1971 γίνεται.
303 1920 374 1958 Και
401 1923 418 1957 ὃ
438 1919 571 1972 Πέτρος
598 1920 718 1972 σχεδὸν
754 1921 873 1964 ἁπλως
905 1919 1054 1973 πάρεστι

35 1980 301 2031 παιδευόμενος,
329 1981 382 2019 ὅτι
414 1981 624 2018 δεῖᾶλοιπὸν
652 1979 773 2023 αὐτοὺς
803 1980 956 2032 ἅψασθαι
984 1983 1053 2018 τῶν

36 2044 140 2080 ἐθνῶν
158 2057 166 2064 ·
187 2042 246 2079 καὶ
266 2041 318 2079 ὅτι
338 2043 381 2079 δι’
400 2044 511 2080 αὐτῶν
537 2043 586 2080 δεῖ
604 2042 761 2093 γενέσθαι
780 2046 892 2080 τοῦτο.
914 2042 983 2080 Καὶ
1004 2041 1052 2093 μὴ

37 2102 231 2153 θαυμάσῃς.
251 2101 368 2140 υΟπου
389 2101 456 2154 γὰρ
484 2102 572 2152 μετὰ
590 2108 744 2141 τοσαῦτα
772 2102 831 2140 καὶ
851 2105 885 2140 ἐν
914 2105 1053 2142 Καισα-

38 2163 112 2215 ρείᾳ
131 2163 189 2200 καὶ
212 2166 246 2201 ἐν
264 2162 515 2216 Ἱεροσολύμοις
547 2163 810 2215 ἀμφισὸήτησις
833 2163 986 2214 γίνεται,
1020 2164 1054 2202 τί

35 2225 97 2261 οὐκ
126 2223 164 2260 ἂν
191 2223 359 2276 ἐγεγόνει,
393 2225 423 2261 εἷ
451 2225 498 2273 μὴ
525 2228 636 2261 ταῦτα
659 2224 946 2275 παρηκολούθησε
955 2241 964 2271 ;
985 2224 1053 2262 Διὰ

34 2288 135 2322 τοῦτο
149 2285 208 2322 καὶ
224 2287 298 2335 μεθ’
314 2285 509 2338 ὓπερὸολῆς
526 2288 636 2322 ταῦτα
652 2284 796 2336 γίνεται.
816 2285 910 2337 ςὈροι
925 2285 959 2324 δὲ
979 2288 1053 2330 πῶς

34 2345 94 2382 καὶ
117 2348 134 2382 ὁ
153 2344 287 2398 Πέτρος
315 2345 431 2383 λαὸὼν
454 2345 613 2397 ἀφορμὴν
641 2347 874 2397 ἀπολογεῖται.
905 2347 987 2385 ῧΟτι
1017 2347 1051 2385 δὲ

35 2405 124 2456 μετὰ
141 2405 204 2452 τὴν
225 2406 384 2458 ἀφορμὴν
405 2405 651 2457 ἀποκρίνεται,
672 2406 774 2444 ἄκουε
794 2411 854 2445 τοῦ
871 2410 1051 2459 εὐαγγελι-

36 2470 117 2504 στοῦ
139 2467 363 2518 διηγουμένου
386 2467 448 2505 καὶ
476 2467 651 2518 λέγοντος·
668 2467 760 2506 Τότε
784 2468 954 2521 ἀπεκρίθη
977 2469 1054 2508 Πέ-

35 2543 133 2580 τρος·
164 2528 248 2578 μήτι
286 2528 325 2566 τὸ
357 2527 447 2580 ὕδωρ
479 2530 636 2566 κωλῦσαι
668 2528 808 2567 δύναταί
830 2547 883 2573 τις
921 2535 979 2569 τοῦ
1003 2531 1052 2581 μὴ

37 2589 269 2638 βαπτισθῆναι
297 2588 454 2637 τούτους,
484 2588 605 2632 οἵτινες
639 2590 679 2627 τὸ
708 2591 855 2640 Πνεῦμα
887 2590 926 2629 τὸ
958 2591 1053 2643 ἅγιον

35 2648 158 2686 ἕλαὸον
175 2652 221 2692 ὡς
236 2649 294 2687 καὶ
309 2654 410 2700 ἡμεῖς
426 2667 434 2697 ;
457 2644 556 2693 Εἶδες
569 2656 635 2690 ποῦ
650 2651 689 2689 τὸ
704 2659 852 2704 πρᾶγμα
872 2653 1052 2705 ἀνήνεγκε,

33 2709 92 2747 καὶ
113 2713 185 2753 πῶς
213 2710 332 2750 ὤδινεν
353 2711 537 2764 ἐξενεγκεῖν
570 2717 689 2761 τοῦτο;
719 2712 824 2751 Οὕτω
851 2715 962 2753 πάλαι
988 2717 1051 2760 τῆς

33 2770 173 2822 γνώμης
200 2771 331 2819 ταύτης
359 2768 415 2820 ἦν.
447 2773 545 2820 Μήτι
566 2774 605 2812 τὸ
631 2773 739 2826 ὕδωρ,
762 2775 867 2827 φησὶ,
897 2778 1054 2815 κωλῦσαι

34 2831 176 2870 δύναταί
195 2849 270 2879 τις;
291 2835 423 2886 Σχεδὸν
452 2834 519 2887 γὰρ
545 2834 664 2887 ὥσπερ
694 2836 961 2887 ἐπεμὲαίνοντός
982 2840 1055 2877 ἐστι

34 2897 104 2935 τοῖς
119 2893 289 2932 κωλύουσι
303 2895 361 2933 καὶ
374 2897 547 2947 λέγουσιν,
569 2898 617 2934 ς’τι
633 2898 670 2935 οὖ
686 2897 756 2950 χρὴ
767 2902 869 2936 τοῦτο
883 2899 1054 2946 γενέσθαι.

33 2952 86 2990 Τὸ
114 2959 182 2990 πᾶν
206 2954 344 3006 γέγονε,
367 2957 475 3009 φησί,
499 2958 539 2996 τὸ
564 2959 832 3011 ἀναγκαιότερον
859 2959 997 3011 γέγονε,
1016 2961 1056 2999 τὸ

36 3013 220 3064 βάπτισμα
239 3014 256 3052 ὃ
275 3017 333 3054 και
359 3022 461 3069 ἡμεῖς
491 3019 762 3070 ἓὸαπτίσθημεν
789 3021 989 3074 Προσέταξέ
1018 3039 1056 3061 τε

35 3090 157 3117 αυτους
192 3077 456 3125 βαπτισθῆναι
442 3097 477 3117 εν
495 3097 544 3133 τῳ
572 3080 716 3131 ὀνόματι
747 3081 864 3128 Ἰησοῦ
887 3084 1054 3136 Χριστοῦ.

34 3135 136 3172 Μετὰ
170 3151 209 3172 το
241 3138 598 3189 ἀπολογήσασθαι,1’
608 3141 685 3180 τότε
714 3143 828 3187 αὐτοῖς
864 3144 1054 3195 προσέταξε

37 3197 293 3247 βαπτισθῆναι,
320 3199 490 3239 παιδεύων
512 3200 631 3246 αὐτους
654 3202 710 3240 δια
728 3219 797 3241 των
817 3205 1053 3256 πραγμάτων·

33 3258 192 3293 τοσοῦτον
214 3257 373 3308 ἀπεχθῶς
393 3263 484 3311 εἰχον
504 3264 535 3299 οι
552 3261 724 3301 Ἰουδαῖοι.
752 3263 820 3301 Δια
843 3269 944 3303 τοῦτο
962 3265 1049 3317 πρό-

33 3330 130 3365 τερον
152 3316 399 3366 ἀπολογεῖται,
421 3320 534 3359 καίτοι
552 3325 620 3360 τών
640 3324 857 3375 πραγμάτων
880 3325 1052 3376 βοώντων,

81 3436 93 3451 ⁸
113 3432 211 3461 λοιπόν
229 3426 321 3460 deest
339 3430 371 3461 in
388 3430 596 3472 quibusdam.

1427 512 1635 551 HOMILIA
1664 511 1804 551 XXIV.

1123 638 1212 675 CAP.
1237 636 1285 675 X,
1307 651 1341 676 v.
1362 637 1427 675 44.
1451 636 1598 674 Adhuc
1633 637 1810 689 loquente
1838 636 1955 672 Petro
1984 635 2106 671 verba

1174 699 1269 743 haec,
1292 699 1430 734 cecidit
1459 698 1622 748 Spiritus
1650 705 1807 734 sanctus
1836 709 1949 746 super
1976 707 2105 731 omnes

1174 761 1241 809 qui
1274 758 1485 794 audiebant
1517 758 1692 794 verbum.
1721 756 1786 793 45.
1818 758 1869 793 Et
1904 758 2105 807 obstupue-

1173 827 1264 855 runt
1286 832 1332 855 ex
1352 819 1644 854 circumcisione
1651 817 1810 867 fideles,
1830 818 1897 866 qui
1915 825 2106 853 venerant

1173 894 1260 917 cum
1278 881 1410 924 Petro,
1432 880 1524 930 quia
1543 886 1580 914 et
1600 880 1641 914 in
1663 879 1840 914 nationes
1862 878 2005 914 donum
2017 877 2106 927 Spi-

1172 943 1269 978 ritus
1299 942 1426 976 sancti
1458 939 1634 991 effusum
1672 946 1726 975 est
1757 953 1766 973 :
1799 938 1862 975 46.
1896 938 2108 974 audiebant

1172 1005 1275 1039 enim
1294 1001 1383 1038 illos
1407 1000 1605 1052 loquentes
1621 1000 1777 1050 linguis,
1793 1006 1830 1035 et
1852 998 2108 1050 magnifican—

1175 1072 1229 1101 tes
1247 1064 1386 1100 Deum.

1176 1190 1210 1224 1.
1240 1185 1336 1226 Vide
1355 1185 1422 1224 Dei
1438 1185 1679 1223 oeconomiam.
1697 1185 1775 1222 Non
1796 1182 1956 1235 permisit
1971 1181 2108 1220 absolvi

1121 1263 1329 1297 sermonem,
1346 1262 1459 1299 neque
1485 1262 1530 1285 ex
1563 1255 1740 1299 proecepto
1767 1245 1862 1283 Petri
1889 1244 2109 1296 baptismum

1121 1311 1220 1360 (ἰπὶ,
1242 1309 1302 1348 sed
1321 1309 1405 1361 quia
1428 1318 1580 1346 mentem
1605 1307 1822 1345 exhibebant
1844 1305 2056 1353 mirabilem,
2076 1314 2110 1343 et

1121 1372 1290 1410 doctrinae
1310 1369 1528 1423 principium
1543 1377 1763 1420 acceperant,
1777 1367 2034 1417 credebantque
2049 1366 2111 1403 ba-

1123 1433 1293 1485 ptismum
1322 1446 1396 1469 esse
1422 1430 1665 1469 remissionem
1683 1437 1920 1481 peccatorum,
1941 1437 2025 1465 tunc
2044 1427 2110 1465 ad—

1124 1492 1219 1531 venit
1241 1492 1408 1544 Spiritus.
1425 1491 1501 1528 Hoc
1519 1499 1637 1527 autem
1660 1489 1781 1534 fiebat,
1803 1488 1884 1539 quia
1907 1489 2002 1525 Deus
2029 1501 2110 1539 pro-

1122 1554 1305 1606 spiciebat,
1320 1562 1359 1590 ut
1371 1554 1496 1590 Petrus
1513 1565 1680 1603 magnam
1694 1550 1933 1588 defensionem
1946 1549 2107 1586 haberet.

1123 1617 1203 1654 Non
1222 1615 1327 1652 modo
1345 1623 1465 1652 autem
1483 1613 1659 1665 Spiritum
1679 1611 1873 1663 accipiunt,
1895 1610 1958 1647 scd
1976 1609 2110 1661 linguis

1077 1688 1101 1719 C
1122 1677 1374 1728 loquebantur,
1396 1675 1434 1712 id
1460 1674 1556 1725 quod
1585 1688 1662 1723 eos,
1685 1673 1744 1723 qui
1777 1680 2024 1719 convenerant,
2044 1670 2109 1708 ob-

1125 1737 1322 1789 stupefecit.
1346 1737 1419 1773 Cur
1438 1736 1487 1772 ita
1512 1748 1565 1772 res
1592 1732 1845 1785 dispensatur?
1864 1733 2015 1783 Propter
2040 1732 2110 1770 Ju-

1125 1799 1218 1837 daeos
1239 1814 1245 1835 :
1268 1798 1396 1836 etenim
1428 1797 1497 1834 boc
1516 1796 1590 1834 illis
1620 1809 1788 1847 perosum
1808 1803 1894 1831 erat.
1916 1793 2001 1831 Ideo
2032 1792 2110 1830 ubi-

1126 1873 1193 1910 que
1211 1874 1230 1896 a
1245 1861 1320 1909 Deo
1334 1867 1448 1896 totum
1461 1857 1626 1894 efficitur.
1650 1855 1697 1893 Et
1712 1856 1836 1892 Petrus
1851 1853 1948 1904 quasi
1964 1853 2111 1891 fortuito

1125 1921 1236 1970 adest,
1251 1920 1378 1958 docens
1397 1926 1558 1970 oportere
1585 1916 1730 1954 demum
1749 1915 1829 1953 illos
1848 1914 1893 1952 ad
1912 1924 2031 1965 gentes
2047 1928 2110 1951 ac-

1125 1982 1257 2030 cedere,
1280 1990 1312 2018 et
1328 1979 1425 2030 quod
1444 1988 1588 2031 propter
1604 1992 1660 2015 eos
1680 1977 1717 2014 id
1732 1976 1811 2014 fieri
1825 1991 1891 2028 par
1904 1977 1949 2014 sit
1971 1990 1978 2012 :
2000 1989 2113 2026 neque

1125 2042 1275 2080 mireris.
1290 2042 1382 2079 Cum
1397 2041 1491 2078 enim
1507 2048 1587 2092 post
1602 2048 1711 2086 tanta,
1728 2047 1760 2075 et
1777 2038 1941 2075 Caesareae
1962 2045 1994 2074 et
2014 2039 2111 2076 Jero-

1125 2103 1274 2155 solymis
1293 2100 1531 2139 controversia
1549 2099 1669 2149 suerit,
1687 2098 1776 2149 quid
1793 2112 1861 2135 non
1880 2099 2014 2135 factum
2026 2097 2113 2134 fuis-

1124 2173 1186 2212 set,
1200 2163 1228 2200 si
1238 2163 1314 2200 haec
1333 2175 1403 2199 non
1420 2161 1639 2210 subsequuta
1659 2159 1795 2197 essent?
1807 2159 1892 2196 Ideo
1910 2159 1987 2196 haec
2006 2157 2114 2195 modo

1123 2223 1297 2275 singulari
1323 2223 1426 2259 fiunt.
1451 2220 1547 2261 Vide
1565 2230 1683 2258 autem
1707 2219 1884 2271 quomodo
1905 2222 2030 2258 Petrus
2050 2233 2111 2257 oc-

1125 2284 1262 2321 casione
1289 2292 1432 2335 accepta
1456 2296 1493 2320 se
1511 2281 1688 2320 defendat.
1713 2280 1818 2327 Quod
1835 2290 1952 2318 autem
1972 2289 2050 2333 post
2072 2280 2115 2318 il-

1125 2345 1196 2383 lam
1208 2344 1426 2383 occasionem
1438 2343 1661 2396 respondeat,
1671 2343 1755 2380 audi
1767 2342 2020 2394 evangelistam
2035 2356 2115 2379 nar-

1123 2416 1260 2444 rantem
1274 2416 1307 2444 et
1324 2405 1501 2444 dicentem
1512 2405 1591 2444 :47.
1612 2406 1645 2442 T
1645 2419 1719 2443 unc
1734 2405 1931 2456 respondit
1943 2406 2084 2442 Petrus
2102 2420 2113 2439 :

1124 2468 1328 2520 IVumquid
1348 2480 1493 2519 aquam
1510 2468 1595 2518 quis
1609 2467 1813 2518 prohibere
1824 2473 1961 2518 potest,
1974 2473 2015 2502 ut
2036 2479 2113 2502 non

1126 2531 1372 2580 baptizentur
1398 2528 1451 2574 Ῐιί,
1477 2529 1544 2579 qui
1564 2527 1747 2578 Spiritum
1764 2535 1942 2565 sanctum
1961 2540 2115 2577 accepe-

1125 2600 1230 2638 runt,
1250 2593 1349 2628 sicut
1368 2598 1404 2626 et
1431 2602 1499 2625 nos
1513 2592 1529 2624 Ρ
1548 2587 1680 2627 Viden’
1704 2602 1773 2638 quo
1801 2602 1873 2624 rem
1895 2587 2059 2637 deduxit,
2082 2596 2114 2625 et

1126 2667 1233 2704 quam
1247 2659 1390 2704 cuperet
1403 2650 1470 2687 hoc
1484 2649 1632 2686 efferre?
1644 2649 1703 2687 Sic
1710 2648 1927 2701 jamdudum
1945 2647 1981 2685 in
1996 2648 2114 2685 animo

1124 2716 1291 2753 habebat.
1312 2712 1513 2764 lemzquid
1543 2725 1700 2763 aquam,
1721 2710 1851 2760 inquit,
1882 2712 1966 2762 quis
1984 2710 2114 2761 prohi-

1127 2781 1214 2816 bere
1229 2779 1381 2829 potest?
1400 2775 1475 2812 Hoc
1494 2774 1565 2811 fere
1587 2782 1637 2810 est
1656 2771 1871 2823 insurgentis
1898 2772 1934 2808 in
1958 2786 2026 2820 eos,
2052 2771 2113 2823 qui

1125 2838 1368 2891 prohiberent,
1391 2849 1432 2873 ac
1457 2835 1614 2872 dicerent
1632 2833 1700 2871 hoc
1727 2847 1796 2870 non
1829 2841 1990 2884 oportere
2017 2833 2109 2870 fieri.

1126 2903 1157 2939 T
1161 2909 1260 2938 otum
1278 2899 1411 2936 factum
1426 2906 1490 2944 est,
1502 2896 1627 2947 inquit,
1643 2894 1737 2946 quod
1751 2894 1864 2945 magis
1877 2893 2113 2932 necessarium

1126 2971 1212 3009 erat,
1230 2959 1408 3012 baptisma
1428 2972 1568 3010 nempe,
1592 2971 1661 3008 quo
1686 2971 1748 2994 nos
1775 2955 1945 3007 baptizati
1972 2969 2109 2993 sumus.

1079 3034 1103 3065 E
1127 3023 1325 3061 48.chssit
1341 3022 1430 3059 illos
1451 3022 1641 3072 baptizari
1655 3021 1696 3055 in
1716 3020 1869 3055 nomine
1887 3017 1981 3054 Jesu
1998 3018 2112 3054 Chri-

1126 3087 1188 3122 sti.
1208 3084 1401 3133 Postquam
1420 3095 1493 3119 sese
1506 3079 1688 3132 purgavit,
1702 3077 1809 3130 jussit
1823 3077 1903 3114 illos
1919 3076 2110 3128 baptizari,

1125 3144 1206 3182 illos
1222 3157 1284 3196 per
1306 3157 1359 3181 res
1374 3142 1468 3194 ipsas
1488 3140 1674 3178 instituens
1696 3155 1703 3175 τ
1724 3137 1810 3176 adeo
1829 3151 1954 3189 perosa
1973 3152 2028 3175 res
2040 3147 2115 3175 erat

1124 3204 1273 3244 Judaeis.
1291 3203 1375 3241 Ideo
1399 3202 1500 3255 prius
1519 3214 1591 3239 sese
1608 3208 1747 3251 purgat,
1765 3198 1928 3249 quamvis
1948 3212 2002 3236 res
2027 3197 2113 3251 ipsae

1126 3265 1335 3313 clamarent,
1361 3272 1394 3301 et
1424 3272 1509 3300 tunc
1539 3260 1706 3312 purcant
1751 3261 1856 3297 Tunc
1881 3268 2116 3311 rogaverunt

1128 3340 1227 3372 eum,
1249 3333 1290 3363 ut
1315 3330 1487 3362 maneret
1510 3322 1660 3372 aliquot
1678 3321 1825 3358 (liebus.
1845 3319 1938 3357 Hinc
1955 3319 2035 3372 jure
2055 3319 2115 3357 ille

1152 3438 1168 3460 b
1187 3437 1278 3469 Unus
1297 3442 1365 3469 τότε
1384 3435 1498 3470 αὐτούς,
