2502 3810
308 231 396 278 500
774 243 810 271 s.
850 240 1032 270 JomNJs
1069 238 1308 268 cunrsosr.

301 328 350 366 ita
369 327 473 364 illum
495 332 623 372 servat,
646 331 685 358 ut
703 322 730 358 si
756 327 926 372 perpetuo
956 318 1041 355 illuc
1060 318 1279 369 respiciatur.

300 388 394 425 Nam
420 386 449 423 si
478 384 657 421 hominem
676 394 749 432 prae
766 379 878 417 oculis
903 379 1085 426 habentes,
1100 378 1281 428 segniores

301 460 423 483 sumus
437 445 483 481 ad
498 450 638 494 peccata
656 439 874 478 admittenda
883 454 893 487 3
907 438 978 475 imo
989 438 1118 489 saepius
1130 438 1280 476 famulos

299 504 525 543 modestiores
535 510 744 548 reverentes,
758 500 849 538 nihil
868 499 1016 537 absurdi
1034 499 1198 549 facimus,
1220 513 1280 536 co-

300 566 372 616 gita
392 573 521 615 quanta
540 564 700 600 fruemur
713 561 913 609 securitate,
927 561 957 597 si
971 561 1089 597 Deum
1108 574 1180 611 prae
1196 573 1280 597 ocu-

298 626 342 662 lis
361 625 567 662 habeamus.
585 624 772 673 Nusquam
785 622 879 659 enim
894 635 956 658 nos
971 620 1138 658 diabolus
1156 620 1205 657 ita
1228 621 1280 657 af-

297 685 405 722 fectos
429 684 586 732 invadet,
604 693 725 736 utpote
752 681 814 734 qui
836 681 1009 720 inutiliter
1026 681 1203 718 laboraret
1220 697 1228 717 z
1249 680 1279 718 si

298 758 381 783 vero
396 754 496 782 extra
511 754 690 796 vaganteS,
701 753 734 781 et
749 743 824 781 sine
837 743 935 780 freno
951 742 1208 779 circumeuntes
1221 742 1279 779 vi-

298 806 404 854 derit,
422 821 441 843 a
458 807 558 844 nobis
576 815 716 858 arrepto
728 805 829 843 initio
848 804 979 854 ubique
1000 817 1062 841 nos
1075 803 1240 855 deinceps
1259 818 1278 840 a
1293 839 1324 866 45

1344 240 1366 267 A
1377 241 1549 270 RCHIEP.
1590 241 1671 269 CON
1681 241 1756 270 STA
1766 242 1925 272 NTINOP
1935 261 1945 271 .

1352 320 1472 373 κόρας·
1496 319 1615 371 ὥσπερ
1635 319 1729 358 οὐδὲν
1747 320 1867 367 σώζει,
1887 324 1932 364 ὡς
1956 322 1993 359 τὸ
2011 322 2175 367 διηνεκῶς
2194 322 2263 358 ἐκεῖ
2285 321 2365 371 βλέ-

1351 395 1442 418 πειν.
1460 382 1504 418 Εἰ
1520 380 1586 431 γὰρ
1604 380 1783 430 ἄνθρωπον
1809 381 1944 431 ἔχοντες
1968 382 2035 434 πρὸ
2054 383 2253 432 ὀφθαλμῶν,
2270 383 2371 426 ὀκνη-

1353 442 1483 494 ρότεροι
1511 440 1676 492 γινόμεθα
1695 441 1774 492 περὶ
1795 440 1838 478 τὰ
1866 441 2106 495 ἁμαρτήματα
2119 469 2128 486 ,
2148 440 2316 484 πολλάκις
2337 441 2371 477 δὲ

1350 503 1409 540 καὶ
1428 501 1562 544 οἰκέτας
1579 501 1840 553 ἐρυθριάσαντες
1852 503 2140 554 ἐπιεικεστέρους,
2152 500 2247 539 οὐδὲν
2264 501 2373 552 πράτ-

1349 577 1453 612 τομεν
1484 562 1625 607 ἄτοπον,
1653 561 1812 608 ἐννόησον
1844 561 1955 608 πόσης
1986 561 2227 611 ἀπολαύσομεν
2259 563 2374 612 ἀσφα-

1353 622 1466 669 λείας,
1484 623 1541 660 τὸν
1555 622 1644 661 Θεὸν
1665 623 1733 673 πρὸ
1752 624 1936 673 ὀφθαλμῶν
1955 623 2104 673 ἔχοντες.
2123 624 2289 672 Οὐδαμοῦ
2305 621 2372 673 γὰρ

1353 687 1370 722 ὁ
1397 684 1556 727 διάέολος
1575 687 1658 734 ἡμῖν
1679 682 1768 721 οὕτω
1801 683 2028 733 διακειμένοις
2059 683 2279 729 ἐπιθήσεται,
2311 684 2370 720 ἅτε

1353 743 1501 790 ἀνόνητα
1529 747 1663 782 πονῶν·
1685 743 1724 781 ἂν
1755 742 1790 781 δὲ
1809 743 2056 794 πλανωμένους
2080 742 2165 791 ἔξω,
2180 744 2239 781 καὶ
2263 744 2371 794 χωρὶς

1330 806 1495 863 9χαλινοῦ
1513 804 1709 856 περιιόντας
1728 804 1784 855 ἴδῃ
1795 834 1804 851 ,
1821 807 1903 855 παρ’
1920 805 2020 853 ἡμῶν
2033 803 2150 842 λαὸὼν
2165 804 2228 850 τὴν
2247 803 2371 855 ἀρχὴν,

298 881 402 919 grege
417 867 568 919 dejicere
587 866 725 918 poterit.
738 865 786 903 Et
800 864 896 915 quod
912 865 1001 901 inter
1020 878 1138 901 servos
1158 864 1279 915 ignavi
1305 877 1332 905 A
1353 869 1531 917 πανταχοῦ
1545 866 1665 904 λοιπὸν
1681 869 1774 915 ἡμᾶς
1792 865 2074 911 ἀποδουκολῆσαι
2091 864 2283 911 δυνήσεται.
2303 865 2371 902 Καὶ

298 929 334 968 in
353 931 429 968 foro
451 930 648 982 patiuntur,
667 929 729 980 qui
748 927 943 966 ministeria
960 927 1153 965 necessaria
1172 927 1281 964 relin-

300 982 426 1041 quunt,
443 1006 509 1043 pro
531 991 663 1042 quibus
690 991 734 1028 ab
750 990 844 1028 heris
862 989 961 1026 missi
980 989 1133 1037 fuerant,
1152 997 1280 1026 temere

299 1061 332 1090 et
357 1054 431 1090 sine
455 1067 558 1091 causa
587 1053 631 1090 iis
661 1053 723 1103 qui
754 1050 1008 1103 superveniunt
1033 1050 1222 1094 haerentes‚
1247 1060 1279 1087 et

298 1112 411 1150 otium
431 1113 482 1150 ibi
498 1121 761 1150 consumentes:
781 1111 850 1148 hoc
871 1120 904 1148 et
920 1109 1022 1147 nobis
1037 1108 1179 1159 accidit,
1199 1124 1280 1147 cum

298 1187 316 1210 a
339 1174 523 1226 praeceptis
552 1174 619 1212 Dei
646 1172 874 1210 discedimus.
896 1173 1040 1210 Stamus
1067 1171 1160 1208 enim
1179 1171 1280 1208 dein-

298 1249 380 1287 ceps
401 1234 547 1273 divitias
574 1232 801 1272 admirationi
820 1233 998 1280 habentes,
1018 1240 1051 1269 et
1078 1231 1279 1282 pulchritu-

299 1296 417 1333 dinem
438 1295 606 1348 ccrporis,
624 1304 656 1332 et
681 1303 804 1332 caetera
824 1308 901 1343 quae
921 1293 1013 1330 nihil
1042 1292 1089 1329 ad
1121 1306 1182 1329 nos
1201 1292 1281 1329 atti-

298 1365 381 1393 nent
413 1372 421 1392 :
454 1354 755 1406 quemadmodum
787 1354 842 1391 illi
876 1354 969 1392 servi
996 1352 1282 1390 mendicantibus

298 1417 619 1469 praestigiatoribus
633 1446 642 1464 ,
672 1416 732 1466 qui
766 1415 945 1452 mirabilia
983 1423 1138 1466 patrant,
1171 1422 1282 1450 atten-

298 1478 408 1526 dunt,
427 1478 554 1515 deinde
573 1492 655 1515 cum
675 1477 808 1515 tardius
827 1477 990 1525 redeunt,
1012 1476 1147 1513 domini
1167 1475 1283 1527 plagiS

298 1539 436 1590 excepti
453 1547 626 1576 extremas
652 1538 736 1575 dant
753 1551 886 1590 poenas.
902 1537 1011 1574 Multi
1026 1550 1109 1575 vero
1123 1535 1282 1588 proposi-

297 1608 370 1636 tam
389 1600 483 1638 viam
499 1599 788 1651 praetermittunt,
806 1598 895 1635 alios
913 1597 975 1647 qui
993 1596 1138 1647 indigne
1152 1610 1187 1633 se
1204 1609 1283 1646 age-

297 1661 384 1698 bant
402 1669 595 1711 sequentes.
611 1659 681 1698 Sed
694 1673 757 1696 nos
782 1672 824 1695 ne
843 1658 909 1695 hoc
928 1657 1099 1694 faciamus
1123 1673 1130 1693 :
1153 1656 1283 1694 etenim

297 1721 395 1758 missi
422 1735 544 1758 sumus
572 1720 618 1757 ad
644 1720 757 1756 multa
785 1733 863 1769 quae
890 1727 1016 1769 urgent
1039 1717 1254 1770 perficienda
1268 1733 1280 1767 ;

297 1790 329 1818 et
346 1781 376 1818 si
394 1780 511 1818 missis
531 1780 602 1818 illis
618 1789 763 1829 stemus,
783 1779 924 1816 inutilia
943 1779 1003 1816 illa
1020 1778 1134 1815 hianti
1154 1792 1212 1815 ore
1230 1793 1284 1816 re-

297 1842 494 1894 spicientes,
521 1842 617 1880 omni
647 1851 803 1894 tempore
830 1841 932 1879 nobis
958 1842 1087 1878 frustra
1115 1841 1282 1889 insumto,

296 1914 473 1941 extremas
495 1903 660 1941 dabimus
681 1917 812 1955 poenas.
831 1903 871 1941 Si
891 1902 985 1939 enim
998 1911 1031 1939 te
1046 1916 1208 1939 exercere
1221 1916 1282 1939 ve-

296 1965 353 2014 lis,
371 1964 482 2002 habes
506 1978 583 2015 quae
610 1963 732 2001 mirari
758 1963 903 2013 debeas,
921 1971 954 2000 et
980 1961 1024 1999 ad
1046 1977 1123 2013 quae
1144 1962 1282 2000 inhiare

297 2027 392 2063 omni
409 2036 566 2078 tempore
586 2026 710 2077 possis,
731 2039 808 2074 quae
836 2038 904 2062 non
934 2024 1022 2073 risu,
1041 2023 1101 2061 sed
1127 2023 1281 2061 admira-

296 2091 389 2128 tione
404 2100 437 2128 et
462 2089 628 2128 laudibus
650 2088 772 2126 multis
799 2088 906 2139 digna
921 2096 1004 2125 sunt
1024 2103 1031 2123 :
1053 2087 1280 2138 quemadmo-

296 2150 382 2188 dum
411 2160 529 2188 contra
551 2150 594 2198 is,
619 2149 680 2199 qui
700 2148 853 2186 ridicula
875 2147 1086 2194 admiratur,
1105 2147 1180 2199 ipse
1201 2148 1281 2185 talis

296 2211 374 2259 erit,
393 2220 427 2248 et
444 2210 557 2248 risum
576 2218 737 2247 movente
762 2208 915 2246 deterior
931 2224 938 2244 ε
955 2207 1050 2258 quod
1079 2222 1120 2245 ne
1139 2208 1206 2245 tibi
1224 2223 1280 2246 ac-

295 2271 404 2319 cidat,
427 2271 495 2308 cito
517 2270 667 2307 resilias.
686 2268 799 2317 Quid,
817 2283 954 2318 quaeso,
975 2277 1046 2306 stas
1066 2268 1204 2306 divitiis
1226 2268 1281 2305 in-

296 2331 427 2368 hians?
449 2329 536 2380 quid
554 2329 765 2366 admirabile
782 2329 897 2377 vides,
913 2328 1008 2378 quod
1033 2328 1144 2379 possit
1159 2328 1280 2366 oculos

295 2400 374 2428 tuos
390 2390 571 2428 detinere?
591 2403 696 2439 equos
727 2403 812 2426 auro
831 2397 986 2436 ornatos,
1008 2388 1170 2436 famulos,
1190 2388 1279 2426 alios

293 2452 476 2499 barbaros,
499 2451 587 2488 alios
613 2450 804 2498 eunuchos,
825 2448 1030 2501 splendidas
1059 2458 1184 2495 vesteS,
1204 2451 1279 2487 ani-

294 2527 390 2550 mam
407 2513 442 2550 in
457 2512 513 2549 his
531 2511 736 2558 emollitam,
753 2510 935 2547 sublatum
952 2509 1194 2562 supercilium,
1211 2510 1280 2547 cir-

294 2573 606 2621 cumcursationes,
627 2571 830 2609 tumultus?
859 2571 913 2608 An
938 2571 1014 2608 haec
1046 2570 1280 2609 admiratione

292 2635 426 2686 digna?
445 2634 480 2672 in
497 2647 566 2685 quo
594 2641 712 2670 autem
740 2631 911 2669 differunt
925 2631 963 2668 hi
982 2646 1001 2668 a
1017 2631 1190 2670 mendicis
1208 2632 1278 2670 sal-

291 2696 450 2733 tantibus
465 2704 498 2733 et
518 2694 748 2732 sibilantibus
766 2693 802 2730 in
825 2692 930 2730 foro?
945 2694 1037 2730 Nam
1052 2702 1086 2730 et
1104 2693 1143 2730 hi
1165 2694 1279 2732 multa

290 2756 435 2794 virtutis
453 2757 544 2794 fame
563 2754 708 2803 detenti,
726 2754 891 2792 choream
912 2753 1047 2791 ducunt
1067 2754 1127 2792 illa
1144 2754 1279 2792 ridicu-

290 2817 430 2866 liorem,
449 2817 517 2854 acti
535 2825 569 2854 et
583 2811 800 2863 cirelffnacti,
815 2829 909 2852 nunc
926 2814 970 2852 ad
986 2814 1099 2852 lautas
1125 2829 1275 2866 mensas,

291 2892 386 2916 nunc
411 2877 457 2915 ad
476 2877 715 2916 diversorium
734 2875 950 2914 amasiarum
968 2876 1170 2925 mulierum,
1186 2890 1280 2915 nunc

292 2939 340 2977 ad
359 2939 586 2976 adulatorum
600 2946 632 2975 et
650 2936 888 2989 parasitorum
901 2936 1054 2987 agmina.
1067 2937 1200 2975 Sivero
1218 2952 1279 2975 au-

290 3014 372 3037 rum
399 3007 546 3051 gestant,
570 2997 650 3035 ideo
670 2997 826 3034 maxime
845 2997 1064 3034 miserabiles
1087 3006 1179 3046 sunt,
1196 2998 1277 3048 quia

290 3059 455 3110 illa,quae
467 3059 556 3096 nihil
572 3058 618 3095 ad
633 3072 668 3095 se
684 3056 844 3106 attinent,
857 3057 971 3108 magis
986 3057 1053 3094 sibi
1074 3072 1165 3095 curae
1180 3067 1274 3096 sunt.

1353 926 1437 978 ὅπερ
1457 930 1488 965 οἱ
1510 927 1657 979 ῥᾴθυμοι
1675 929 1743 964 τῶν
1765 927 1907 964 οἰκετῶν
1927 925 2122 977 πάσχουσιν
2141 927 2195 963 ἐπ’
2217 928 2345 978 ἀγορᾶς
2361 955 2370 971 ,

1352 986 1413 1030 τὰς
1440 987 1500 1038 μὲν
1534 987 1726 1039 ἀναγκαίας
1758 986 1899 1038 ἀφέντες
1930 985 2124 1034 διακονίας,
2147 987 2198 1038 ἐφ’
2220 986 2260 1028 ἅς
2287 987 2371 1023 εἰσιν

1353 1049 1608 1099 ἀπεσταλμένοι
1627 1048 1722 1099 παρὰ
1737 1050 1804 1085 τῶν
1826 1049 2014 1092 δεσποτῶν,
2033 1047 2151 1090 ἁπλῶς
2165 1047 2201 1084 δὲ
2221 1046 2280 1084 καὶ
2298 1048 2372 1097 εἷκῗ,

1352 1116 1422 1152 τοῖς
1442 1110 1729 1161 παρεμπίπτουσι
1747 1108 2022 1161 προσηλούμενοι
2036 1138 2046 1155 ,
2072 1107 2129 1145 καὶ
2150 1107 2212 1154 τὴν
2243 1107 2372 1159 σχολὴν

1353 1173 1422 1209 ἐκεῖ
1447 1171 1778 1218 καταναλίσκοντες,
1797 1174 1898 1208 τοῦτο
1927 1169 1986 1207 καὶ
2012 1173 2112 1219 ἡμεῖς
2140 1168 2371 1218 ὑπομένομεν,

1352 1232 1432 1270 ὅταν
1452 1235 1658 1282 ἀποστῶμεν
1675 1235 1742 1269 τῶν
1769 1231 2018 1282 ἐπιταγμάτων
2033 1234 2092 1268 τοῦ
2112 1231 2219 1268 Θεοῦ.
2242 1229 2373 1274 Ἔστη-

1352 1309 1462 1343 καμεν
1483 1293 1550 1346 γὰρ
1575 1293 1695 1331 λοιπὸν
1726 1294 1870 1330 πλοῦτον
1901 1291 2148 1341 Θαυμάζοντες,
2169 1289 2228 1326 καὶ
2247 1289 2373 1331 κάλλος

1353 1354 1534 1405 σώματος,
1553 1354 1612 1391 καὶ
1633 1353 1677 1391 τὰ
1698 1354 1788 1391 ἄλλα
1811 1352 1855 1390 τὰ
1883 1353 1990 1403 μηδὲν
2015 1352 2101 1403 πρὸς
2118 1354 2233 1400 ἡμᾶς,
2253 1349 2373 1402 ὥσπερ

1354 1418 1477 1453 ἐκεῖνοι
1498 1416 1529 1452 οἱ
1549 1415 1680 1452 οἰκέται
1699 1417 1767 1451 τῶν
1799 1416 1950 1451 ἐπαιτῶν
1979 1417 2050 1455 τοῖς
2076 1414 2373 1461 θαυματοποιοῦσι

1354 1475 1597 1527 προσέχουσιν,
1618 1469 1694 1512 εἶτα
1713 1474 1868 1517 ἐλθόντες
1887 1473 2056 1525 βραδέως,
2077 1472 2163 1510 οἴκοι
2184 1471 2245 1515 τὰς
2261 1471 2374 1523 ἐσχά-

1354 1551 1415 1578 τας
1433 1535 1641 1585 ὑπομένουσι
1660 1534 1810 1584 πληγάς.
1830 1535 1962 1572 Πολλοὶ
1987 1534 2023 1571 δὲ
2044 1533 2102 1570 καὶ
2130 1533 2192 1579 τὴν
2214 1533 2289 1571 ὁδὸν
2310 1531 2373 1578 τὴν

1353 1596 1585 1649 προκειμένην
1605 1597 1796 1645 παρῆλθον,
1817 1595 1944 1646 ἑτέροις
1958 1598 2101 1631 τοιαῦτα
2118 1595 2374 1645 ἀσχημονοῦσιν

1355 1659 1630 1699 ἀκολουθοῦντες.
1651 1654 1753 1694 Ἀλλὰ
1781 1654 1828 1705 μὴ
1859 1658 1960 1705 ἡμεῖς
1991 1658 2091 1692 τοῦτο
2121 1657 2295 1704 ποιῶμεν·
2315 1654 2374 1692 καὶ

1354 1718 1422 1769 γὰρ
1442 1718 1690 1768 ἀπεστάλμεθα
1711 1716 1832 1755 ἀνύσαι
1851 1716 1965 1754 πολλὰ
1990 1719 2058 1753 τῶν
2081 1715 2374 1766 κατεπειγόντων,

1354 1779 1417 1817 κᾶν
1440 1779 1582 1831 ἀφέντες
1603 1780 1718 1816 ἐκεῖνα
1746 1780 1882 1828 στῶμεν
1902 1776 2084 1829 κεχηνότες
2112 1776 2197 1827 πρὸς
2225 1775 2268 1813 τὰ
2292 1776 2375 1814 ἀνό-

1355 1853 1442 1884 νητα
1473 1843 1599 1886 ταῦτα,
1625 1838 1858 1882 ἀναλωθέντος
1890 1840 1974 1888 ἡμῖν
2007 1840 2065 1874 τοῦ
2094 1839 2215 1887 καιροῦ
2247 1836 2375 1878 παντὸς

1354 1901 1429 1951 εἷκῇ
1453 1899 1511 1936 καὶ
1529 1899 1656 1949 μάτην,
1675 1899 1736 1947 τὴν
1761 1899 1913 1950 ἐσχάτην
1935 1897 2090 1948 ’δώσομεν
2111 1896 2223 1942 δίκην.
2246 1898 2289 1934 Εἰ
2307 1896 2375 1948 γὰρ

1353 1960 1411 1997 καὶ
1432 1962 1593 2012 ἀσχολεῖν
1615 1960 1730 2012 βούλει
1751 1961 1887 2007 σαυτὸν,
1908 1959 1998 2011 ἔχεις
2029 1958 2050 1995 ἃ
2069 1956 2255 2007 θαυμάζειν
2280 1956 2375 2008 ὀφεί-

1352 2023 1439 2065 λεις,
1461 2021 1520 2058 καὶ
1539 2022 1618 2074 περὶ
1648 2021 1670 2058 ἃ
1694 2020 1877 2072 κεχηνέναι
1903 2019 2017 2056 πάντα
2034 2019 2091 2056 τὸν
2110 2018 2232 2070 χρόνον
2246 2033 2254 2040 ·
2286 2018 2375 2068 ἅπερ

1353 2084 1390 2121 οὔ
1413 2083 1562 2133 γέλωτός
1587 2085 1680 2121 ἐστιν
1701 2082 1799 2129 ἀξια,
1822 2081 1910 2119 ἀλλὰ
1939 2079 2112 2131 Θαύματος
2142 2079 2201 2116 καὶ
2223 2077 2374 2116 ἐπαίνων

1352 2145 1503 2189 πολλῶν,
1523 2146 1569 2187 ὡς
1586 2144 1606 2182 ὅ
1622 2160 1661 2195 γε
1680 2144 1723 2181 τὰ
1748 2142 1994 2193 καταγέλαστα
2014 2140 2209 2191 Θαυμάζων,
2231 2138 2289 2176 καὶ
2310 2141 2375 2176 αὐ-

1352 2205 1408 2247 τὸς
1423 2205 1546 2243 ἶίΔἔσται
1565 2208 1716 2247 τοιοῦτος
1727 2233 1736 2251 ,
1751 2203 1810 2241 καὶ
1825 2206 1884 2240 τοῦ
1904 2204 2213 2253 γελωτοποιοῦντος
2227 2199 2353 2252 χείρων
2368 2216 2374 2222 ·

1307 2276 1330 2306 C
1352 2266 1436 2317 ὅπερ
1456 2265 1511 2302 ἵνα
1533 2265 1580 2315 μὴ
1601 2265 1736 2315 πάθῃς,
1755 2264 1982 2310 ἀποπήδησον
2001 2262 2147 2313 ταχέως.
2167 2261 2214 2298 Τί
2233 2260 2299 2311 γὰρ
2316 2260 2375 2297 καὶ

1352 2325 1522 2372 ἕστηκας,
1546 2325 1622 2362 εἶπέ
1655 2341 1729 2374 μοι,
1760 2323 1845 2375 πρὸς
1873 2323 1930 2360 τὸν
1962 2323 2108 2359 πλοῦτον
2138 2319 2294 2371 κεχηνὼς
2316 2321 2375 2357 καὶ

1352 2385 1649 2436 ἀνεπτερωμένος;
1661 2387 1694 2422 τί
1705 2383 1903 2434 θαυμαστὸν
1916 2386 1996 2434 ὁρᾷς
2012 2382 2072 2419 καὶ
2087 2381 2203 2418 ἱκανόν
2221 2396 2280 2418 σου
2298 2380 2376 2423 τοὺς

1351 2445 1546 2497 ὀφθαλμοὺς
1560 2451 1747 2496 κατασχεῖν
1761 2444 1838 2487 τοὺς
1853 2446 2151 2496 χρυσοφοροῦντας
2167 2441 2304 2488 ἵππους,
2315 2441 2374 2478 καὶ

1350 2505 1429 2550 τοὺς
1454 2505 1588 2549 οἰκέτας
1607 2505 1683 2548 τοὺς
1705 2504 2000 2557 μὲνβαρδοίρους,
2021 2502 2099 2545 τοὺς
2121 2501 2156 2540 δὲ
2178 2500 2376 2552 εὐνούχους,

1351 2567 1409 2605 καὶ
1429 2567 1472 2604 τὰ
1492 2567 1616 2618 ἱμάτια
1632 2567 1675 2605 τὰ
1703 2568 1873 2612 πολυτελῆ
1887 2596 1895 2612 ,
1912 2565 1971 2602 καὶ
2002 2563 2065 2610 τὴν
2085 2564 2373 2613 καταμαλακιζο-

1353 2631 1459 2683 μένην
1480 2634 1513 2669 ἐν
1528 2631 1659 2674 τούτοις
1671 2629 1800 2682 ψυχὴν,
1817 2629 1877 2667 καὶ
1894 2628 1955 2676 τὴν
1973 2626 2240 2677 ἀνεσπασμένην
2253 2625 2372 2679 ὀφρὺν,

1350 2699 1407 2736 καὶ
1442 2698 1504 2740 τὰς
1539 2696 1771 2749 περιδρομὰς,
1794 2695 1852 2734 καὶ
1881 2695 1958 2739 τοὺς
1989 2694 2171 2748 Οορύέους,
2205 2694 2274 2731 Καὶ
2306 2698 2372 2732 ποῦ

1349 2767 1460 2802 ταῦτα
1474 2763 1552 2808 ἀξια
1568 2763 1759 2815 Θαύματος,
1775 2762 1807 2801 τί
1824 2761 1859 2801 δὲ
1873 2757 1965 2800 οῦτοι
1981 2765 2048 2800 τῶν
2064 2763 2215 2800 ἐπαιτῶν
2236 2760 2370 2807 διεστή-

1350 2846 1432 2868 κασι
1451 2834 1518 2868 τῶν
1551 2830 1784 2882 ὀρχουμένων,
1813 2829 1872 2866 καὶ
1891 2828 2093 2880 συριζόντων
2118 2828 2174 2866 ἐπὶ
2200 2829 2263 2872 τῆς
2285 2829 2371 2877 ἀγο-

1353 2903 1428 2950 ρᾶς,
1448 2897 1516 2935 Καὶ
1534 2896 1601 2949 γὰρ
1627 2896 1686 2933 καὶ
1715 2890 1807 2933 οῦτοι
1827 2896 1946 2946 πολλῷ
1965 2897 2013 2946 τῷ
2033 2896 2126 2946 λιμῷ
2158 2898 2220 2941 τῆς
2246 2897 2371 2947 ἀρετ-ἧς

1351 2963 1598 3016 κατεχόμενοι,
1626 2961 1827 3014 χορεύουσιν
1849 2961 1985 2999 ἐκείνων
2005 2961 2144 3014 χορείαν
2174 2963 2372 3010 καταγελα-

1350 3032 1529 3084 στοτέραν,
1566 3028 1728 3080 ἀγόμενοι
1761 3029 1819 3066 καὶ
1846 3028 2111 3080 περιαγόμενοι,
2143 3033 2201 3066 νῦν
2234 3028 2296 3077 μὲν
2323 3029 2372 3070 εἷς

1708 3103 1719 3108 -
1798 3100 1819 3107 Ν
1874 3097 1888 3108 a
2205 3094 2214 3107 l

151 3129 279 3156 Divitia·
292 3122 345 3158 Ne
367 3120 457 3157 mihi
475 3119 682 3157 vestimenta
702 3117 848 3155 illorum
865 3118 1046 3169 respicias,
1069 3118 1130 3156 sed
1156 3133 1278 3156 eorum
1350 3099 1522 3153 τραπέζας
1541 3098 1755 3144 πο)“υτῑλεῑς>
1781 3112 1838 3133 νυν
1871 3097 1905 3133 0³³
1936 3098 1982 3139 εἷς
2017 3097 2281 3147 ἑταιριζομενων
2308 3109 2370 3143 «su-

94 3179 281 3240 flsssfumfflffi
292 3183 445 3220 animam
471 3191 596 3233 retege,
619 3190 652 3219 et
680 3180 859 3233 perpende
883 3194 1000 3218 annon
1017 3181 1115 3219 mille
1135 3182 1180 3219 sit
1199 3182 1276 3219 vul-

96 3241 242 3279 misertim
294 3244 434 3281 neribus
461 3243 630 3290 confossa,
647 3251 678 3279 et
698 3241 823 3278 laceris
849 3241 975 3293 pannis
998 3241 1137 3288 induta,
1161 3256 1276 3279 annon

99 3291 215 3320 ¹¹²s⁰¹³¹‘
293 3304 338 3341 sit
366 3303 499 3341 deserta
520 3312 552 3340 et
575 3302 649 3340 sine
672 3301 879 3354 patrocinio.
902 3302 990 3348 Quae
1016 3303 1151 3340 utililas
1179 3302 1276 3341 illiUS

1349 3170 1475 3205 ναικῶν
1499 3164 1730 3215 καταγίίηίον,
1746 3167 1802 3200 νῦν
1825 3163 1859 3200 δὲ
1893 3165 1938 3205 εἷς
1959 3161 1974 3181 ¹³
1989 3163 2146 3200 κολάκων
2169 3160 2294 3211 ἑσμοὺς
2313 3159 2372 3197 καὶ

1350 3234 1552 3286 παρασίτων
1583 3233 1724 3277 πλῆθος.
1747 3232 1791 3268 Εἰ
1821 3229 1856 3267 δὲ
1887 3234 2156 3282 χρυσοφοροῦσι,
2188 3227 2243 3265 διὰ
2274 3230 2372 3264 τοῦτο

1353 3302 1505 3352 μάλιστα
1523 3298 1682 3346 ἐλεεινοὶ,
1698 3298 1749 3335 ὅτι
1765 3297 1807 3334 τὰ
1827 3296 1932 3346 μηδὲν
1946 3296 2028 3348 πρὸς
2044 3295 2165 3337 αὐτοὺς
2180 3293 2369 3346 περισπού-

338 3418 350 3432 ·'¹
377 3412 456 3441 ἐσται
475 3411 614 3446 πολλάκις
629 3411 778 3445 τοιοῦτος,
801 3406 845 3437 sic
862 3403 1009 3448 quidam.
1410 3406 1425 3428 h
1452 3408 1582 3437 κολάκων
1603 3405 1704 3444 δῆμοι,
1726 3401 1769 3431 sic
1787 3399 1879 3431 alius.
