2502 3810
728 248 770 277 IN
809 246 949 276 EPIST.
990 244 1049 273 AD
1086 243 1194 273 ROM.

89 325 276 377 φέρουσαν,
296 327 340 364 Εἰ
370 326 406 364 δὲ
426 329 459 364 ἐν
482 325 678 376 ὁμοιώματι
698 326 824 377 σαρκός
855 341 938 377 φησι
965 324 1101 376 πέμψαι

88 385 145 422 τὸν
164 386 259 432 Υἱὸν,
278 385 325 436 μὴ
346 386 402 424 διὰ
421 390 520 424 τοῦτο
536 386 644 433 ἄλλην
661 385 792 432 ἐκείνην
810 386 923 437 σάρκα
938 379 1024 422 εἶναι
1044 383 1102 422 νό-

88 447 184 495 μιζε·
206 445 323 492 ἐπειδὴ
344 446 410 497 γὰρ
443 439 535 483 εἶπεν
556 446 748 497 ἁμαρτίας,
770 445 825 483 διὰ
853 449 954 483 τοῦτο
987 444 1045 482 καὶ
1063 443 1102 481 τὸ

86 503 249 555 ὁμοίωμα
272 505 436 543 τέθεικεν.
456 505 546 543 Οὐδὲ
569 506 634 557 γὰρ
651 506 857 556 ἁμαρτωλὸν
875 505 990 557 σάρκα
1010 498 1101 555 εἶχεν

87 567 104 600 ὁ
124 565 294 615 Χριστὸς,
316 567 392 603 ἀλλ’
423 565 543 615 ὁμοίαν
578 565 639 615 μὲν
669 569 711 617 τῇ
733 565 887 616 ἡμετέρα
915 568 957 616 τῇ
986 565 1100 616 ἆμαρ-

86 625 187 675 τωλῷ
200 652 209 669 ,
223 626 465 677 ἀναμάρτητον
481 626 515 663 δὲ
528 656 537 673 ,
556 622 614 663 καὶ
632 629 673 677 τῇ
693 625 790 677 φύσει
802 625 864 670 τὴν
881 624 987 670 αὐτὴν
1002 628 1099 673 ἡμῖν.

86 683 196 722 “S-lore
215 685 274 722 καὶ
309 687 461 723 ἐντεῦθεν
489 687 604 732 δῆλον,
633 686 687 723 ὅτι
714 688 776 723 οὐκ
805 679 847 731 ἦν
876 684 1010 736 πονηρὰ
1040 686 1102 729 τῆς

87 745 214 795 σαρκὸς
234 748 255 790 ἦ
274 745 383 796 φύσις.
404 746 496 784 Οὔτε
511 745 577 796 γὰρ
604 745 722 797 ἑτέραν
747 745 824 783 ἀντὶ
845 748 906 791 τῆς
933 744 1103 797 προτέρας

85 804 202 843 λαὸὼν
223 809 240 843 ὁ
260 805 424 857 Χριστὸς,
439 805 515 844 οὔτε
532 805 636 852 αὐτὴν
651 805 780 852 ταύτην
797 805 1003 856 μεταὲαλὼν
1022 806 1099 841 κατ’

85 865 214 913 οὐσίαν,
235 866 339 910 οὕτως
364 865 470 912 αὐτὴν
489 865 803 917 ῧάναμαχήσασθαι
819 864 1074 917 παρεσκεύασεν
1092 879 1099 887 ·

86 927 161 963 ἀλλ’
183 926 280 978 ἀφεὶς
300 926 414 977 μένειν
431 927 488 963 ἐπὶ
506 930 567 972 τῆς
589 928 693 971 αὐτῆς
721 925 869 976 φύσεως,
888 925 946 962 τὸν
971 924 1098 975 στέφα-

82 1001 138 1023 νον
168 987 406 1033 ἀναδήσασθαι
436 986 576 1032 ἐποίησε
610 985 700 1023 κατὰ
730 989 791 1031 τῆς
824 984 996 1036 ἁμαρτίας
1012 1000 1019 1007 ·
1040 987 1099 1024 καὶ

82 1045 161 1083 τότε
180 1046 286 1092 αὐτὴν
306 1046 394 1096 μετὰ
410 1045 472 1091 τὴν
505 1045 603 1091 νίκην
633 1045 801 1091 ἀνέστησε
811 1062 826 1091 ,·
836 1044 896 1082 καὶ
930 1044 1097 1082 ἀθάνατον

81 1105 277 1155 εἰργάσατο.
299 1104 346 1142 Τί
367 1099 441 1151 οὖν,
472 1104 578 1156 φησὶ,
597 1104 683 1155 πρός
712 1121 755 1155 με
784 1108 883 1142 τοῦτο
897 1133 906 1151 ,
935 1106 965 1141 εἷ
986 1109 1097 1142 ταῦτα

80 1165 115 1200 ἐν
134 1164 246 1216 ἐκείνῃ
268 1167 310 1215 τῇ
328 1165 432 1216 σαρκὶ
446 1164 581 1214 γέγονε,
598 1164 692 1215 Πρὸς
712 1164 749 1202 σὲ
767 1164 828 1214 μὲν
846 1159 902 1202 οἶν
921 1164 1074 1214 μάλιστα
1087 1180 1094 1188 ·

80 1223 131 1260 διὸ
159 1224 218 1261 καὶ
237 1224 424 1275 ἐπήγαγεν,
437 1223 515 1262 Ἵνα
543 1225 582 1262 τὸ
601 1224 777 1275 δικαίωμα
795 1228 853 1262 τοῦ
873 1224 978 1275 νόμου
996 1226 1093 1271 πλη-

81 1285 172 1334 ρωθῇ
195 1285 229 1320 ἐν
248 1287 332 1333 ἡμῖν
352 1289 422 1327 τοῖς
448 1284 496 1335 μὴ
526 1285 616 1322 κατὰ
647 1285 760 1336 σάρκα
787 1290 1029 1337 περιπατοῦσι.
1047 1285 1095 1324 Τί

79 1346 164 1390 ἐστι,
178 1345 230 1382 Τὸ
244 1344 421 1395 δικαίωμα
433 1361 443 1392 ;
457 1345 508 1383 Τὸ
522 1345 630 1393 τέλος,
641 1349 658 1383 ὁ
672 1345 811 1391 σκοπὸς,
822 1345 860 1382 τὸ
871 1345 1093 1397 κατόρθωμα,

79 1403 126 1440 Τί
137 1403 203 1456 γὰρ
222 1407 347 1448 ἐκεῖνος
361 1405 519 1443 ἕὸούλετο
532 1435 541 1453 ,
553 1405 612 1442 καὶ
630 1405 664 1442 τί
677 1421 761 1443 ποτε
773 1405 976 1454 ἐπέταττεν,
992 1406 1045 1444 Ἀν
1052 1424 1093 1444 α-

80 1464 254 1515 μάρτητον
284 1458 384 1502 εἶναι.
405 1467 517 1503 Τοῦτο
543 1465 655 1503 τοίνυν
681 1465 908 1517 κατώρθωται
925 1472 982 1506 νῦν
1008 1470 1093 1518 ἡμῖν

79 1524 136 1562 διὰ
150 1526 301 1575 Χριστοῦ
315 1541 322 1548 ·
337 1525 395 1563 καὶ
411 1526 450 1564 τὸ
467 1525 528 1576 μὲν
543 1527 744 1572 ἀντιστῆναι
759 1527 816 1564 καὶ
832 1527 1093 1580 περιγενέσθαι,

77 1583 214 1634 γέγονεν
234 1585 381 1622 ἐκείνου·
399 1586 437 1623 τὸ
465 1586 500 1624 δὲ
523 1588 719 1624 ἀπολαῦσαι
738 1590 800 1632 τῆς
828 1587 943 1634 νίκης,
965 1587 1093 1638 ἡμέτε-

77 1659 184 1696 τερον.
200 1645 334 1682 Οὐκοῦν
353 1646 418 1695 οὐχ
431 1644 704 1695 ἁμαρτησόμεθα
717 1645 850 1691 λοιπὸν,
864 1647 927 1696 οὐχ
937 1646 1095 1698 ἁμαρτη-

77 1703 226 1753 σόμεθα,
244 1703 284 1741 ἂν
305 1704 352 1754 μὴ
372 1705 501 1755 σφόδρα
520 1696 613 1753 ὦμεν
628 1704 866 1754 ἐκελελυμένοι
885 1705 944 1742 καὶ
964 1706 1093 1742 ἀναπε-

75 1763 269 1806 πτωκότες·
285 1764 335 1802 διὸ
361 1764 420 1802 καὶ
447 1763 662 1816 προσέθηκε,
691 1765 774 1806 Τοῖς
801 1763 849 1814 μὴ
870 1763 959 1802 κατὰ
982 1764 1094 1818 σάρκα

74 1827 336 1874 περιπατοῦσιν.
357 1824 433 1862 Ἵνα
448 1825 514 1877 γὰρ
536 1824 601 1874 μὴ,
618 1823 781 1871 ἀκούσας,
798 1824 849 1862 ὅτι
869 1841 906 1862 σε
928 1824 1095 1877 ἐρρύσατο

73 1884 91 1919 ὃ
108 1883 256 1934 Χριστὸς
275 1889 334 1922 τοῦ
355 1883 508 1934 πολέμου
528 1887 589 1929 τῆς
609 1884 804 1935 ἁμαρτίας,
821 1884 879 1921 καὶ
905 1884 957 1922 ὅτι
981 1885 1020 1923 τὸ
1044 1886 1093 1923 δι-

74 1942 216 1993 καίωμα
235 1948 293 1981 τοῦ
313 1944 417 1995 νόμου
438 1944 668 1995 πεπλήρωται
684 1947 716 1983 ἐν
743 1945 818 1990 σοὶ,
837 1947 898 1990 τῆς
920 1946 1093 1998 ἁμαρτίας

73 2004 341 2055 κατακριθείσης
370 2007 403 2042 ἐν
424 2009 476 2056 τῇ
510 2004 633 2056 σαρκὶ,
662 2005 860 2056 καταλύσῃς
887 2005 950 2052 τὴν
981 2022 1093 2058 παρα-

73 2064 196 2111 σκευὴν
217 2065 355 2104 ἅπασαν
370 2081 377 2088 ·
397 2065 453 2103 διὰ
474 2070 572 2103 τοῦτο
593 2065 650 2102 καὶ
666 2068 736 2104 ἐκεῖ
751 2065 870 2115 εἰπὼν,
891 2066 1000 2104 Οὐδὲν
1024 2067 1090 2118 ἄρα

73 2124 272 2176 κατάκριμα
283 2153 292 2171 ,
311 2126 522 2178 προσέθηκε,
538 2127 621 2169 Τοῖς
638 2125 685 2176 μὴ
706 2126 797 2164 κατὰ
812 2127 926 2177 σάρκα
941 2142 1090 2179 περιπα-

72 2188 187 2222 τοῦσι·
212 2186 271 2223 καὶ
299 2188 462 2233 ἐνταῦθα,
478 2185 556 2223 Ἵνα
582 2188 749 2236 πληρωθῇ
768 2187 807 2224 τὸ
836 2187 1012 2237 δικαίωμα
1031 2193 1091 2226 τοῦ

71 2243 176 2295 νόμου
196 2248 230 2283 ἐν
251 2249 347 2295 ἡμῖν,
364 2246 486 2296 λέγων,
502 2246 541 2284 τὸ
555 2246 636 2283 αὐτὸ
652 2250 752 2284 τοῦτο
767 2247 922 2299 ἐπήγαγε
933 2263 940 2270 ·
957 2250 1088 2298 μᾶλλον

71 2304 105 2342 δὲ
126 2306 201 2356 οὐχὶ
229 2310 329 2342 τοῦτο
346 2305 460 2355 μόνον,
481 2305 571 2343 ἀλλὰ
595 2305 654 2343 καὶ
680 2307 800 2358 πολλῷ
827 2309 944 2346 πλέον.
966 2309 1087 2346 Εἰπὼν

68 2364 155 2416 γὰρ,
182 2365 234 2402 ὅτι
258 2365 337 2404 Ἵνα
363 2367 402 2404 τὸ
428 2365 605 2416 δικαίωμα
634 2368 693 2403 τοῦ
725 2365 831 2416 νόμου
862 2369 1030 2419 πληρωθῇ
1051 2369 1086 2405 ἓν

67 2429 151 2474 ἡμῖν
187 2432 255 2469 τοῖς
281 2426 328 2476 μὴ
361 2425 452 2464 κατὰ
482 2426 594 2479 σάρκα
618 2431 882 2478 περιπατοῦσιν,
899 2429 1085 2480 ἐπήγαγεν,

69 2483 172 2523 Ἀλλὰ
190 2486 279 2523 κατὰ
302 2487 448 2535 Πνεῦμα
462 2501 470 2508 ·
492 2485 645 2532 δεικνὺς,
664 2486 717 2524 ὅτι
747 2488 784 2525 οὐ
813 2491 929 2525 κακῶν
958 2489 1085 2540 ἀπέχε-

70 2549 148 2582 σθαι
167 2546 216 2582 δεῖ
246 2545 359 2595 μόνον,
379 2546 467 2584 ἀλλὰ
487 2546 546 2584 καὶ
569 2549 602 2584 ἐν
631 2546 647 2567 ¹³
663 2550 781 2599 ἀγαθῷ
810 2556 934 2600 κομᾷν.
950 2549 1002 2587 Τὸ
1023 2548 1084 2599 μὲν

68 2604 133 2656 γὰρ
153 2606 267 2643 δοῦναί
286 2622 339 2644 σοι
355 2606 411 2643 τὸν
427 2605 606 2657 στέφανον,
621 2606 751 2644 ἐκείνου
764 2623 771 2630 ·
789 2608 827 2646 τὸ
842 2607 877 2646 δὲ
894 2614 1085 2659 κατασχεῖν

67 2665 111 2703 τὰ
134 2666 275 2704 δοθέντα
288 2696 297 2713 ,
317 2666 389 2704 σόν.
409 2666 478 2704 Καὶ
497 2666 565 2718 γὰρ
591 2665 678 2718 ὅπερ
697 2662 739 2713 ἦν
758 2667 934 2718 δικαίωμα
950 2673 1008 2706 τοῦ
1026 2669 1085 2706 νό-

69 2742 132 2776 μου
153 2728 191 2765 τὸ
212 2727 259 2777 μὴ
283 2727 441 2779 γενέσθαι
470 2727 659 2766 ὑπεύθυνον
688 2732 731 2779 τῇ
751 2730 838 2779 ἀρᾷ,
854 2733 953 2767 τοῦτο
978 2729 1085 2776 ἤνυσέ

67 2802 122 2825 σοι
141 2791 158 2825 ὁ
174 2787 337 2839 Χριστός.

119 2856 179 2901 Μὴ
200 2854 310 2893 τοίνυν
342 2855 477 2906 προδῷς
507 2854 570 2900 τὴν
603 2854 772 2903 τοσαύτην
804 2857 934 2910 δωρεὰν
946 2887 957 2907 ,
994 2859 1083 2897 ἀλλὰ

68 2914 148 2965 μένε
166 2915 345 2967 φυλάττων
362 2915 418 2952 τὸν
439 2915 544 2953 καλὸν
572 2919 690 2954 τοῦτον
712 2918 896 2969 θησαυρόν.
923 2918 1083 2958 Δείκνυσι

66 2975 132 3027 γὰρ
159 2976 303 3014 ἐνταῦθά
326 2991 400 3022 σοι,
420 2975 472 3013 ὅτι
495 2977 557 3013 οὐκ
577 2979 676 3027 ἀρκεῖ
705 2977 743 3015 τὸ
761 2979 902 3031 λουτρὸν
919 2983 1004 3030 ἡμῖν
1037 2983 1083 3023 εἷς

67 3035 238 3086 σωτηρίαν
251 3065 260 3083 ,
276 3035 316 3072 ἂν
332 3035 380 3085 μὴ
399 3035 486 3086 μετὰ
505 3036 543 3074 τὸ
557 3037 700 3089 λουτρὸν
720 3037 810 3081 ἄξιον
831 3040 1082 3090 ἐπιδειξώμεθα

69 3094 142 3144 βίον
173 3098 234 3140 τῆς
256 3096 394 3146 δωρεᾶς.
414 3095 525 3134 ζὨστε
544 3096 650 3134 πάλιν
679 3099 728 3149 τῷ
757 3098 853 3150 νόμῳ
880 3107 1080 3152 συνηγορεῖ,

66 3157 176 3191 ταῦτα
201 3154 321 3205 λέγων.
355 3155 424 3193 Καὶ
445 3156 511 3207 γὰρ
544 3156 633 3206 μετὰ
659 3157 698 3195 τὸ
716 3162 899 3205 πεισθῆναι
926 3162 976 3211 τῷ
995 3162 1080 3211 Χρι-

67 3217 149 3266 στῷ,
169 3215 282 3252 πάντα
300 3216 366 3252 ςδεῖ
389 3222 498 3253 ποιεῖν
519 3216 578 3254 καὶ
593 3218 913 3269 πραγματεύεσθαι,
933 3219 1023 3258 ὥστε
1045 3220 1088 3258 τὸ·

110 3346 120 3359 ⁸
146 3336 154 3376 [
171 3336 208 3366 Α.
230 3341 444 3377 ἀναμάχεσθαι.
464 3335 565 3367 Savil.
585 3341 623 3371 ϊτ.
641 3343 883 3380 ἀναμαχέσασθαι
901 3341 912 3381 ]

112 3388 125 3409 ¹·
152 3386 162 3429 ᾗ
180 3387 217 3417 Α.
235 3394 266 3417 et
284 3397 386 3429 marg.
402 3385 489 3418 Savil
517 3392 646 3429 ἀγαθοῖς.
666 3389 708 3420 Et
725 3389 803 3422 alibi
820 3392 934 3432 saepius
950 3396 1070 3433 ἀγαθοῖς

2063 227 2155 273 (323

1174 332 1345 373 renatam,
1365 332 1397 361 et
1417 321 1625 361 sententiam
1648 330 1767 360 contra
1786 322 1879 360 illud
1897 323 2156 375 proferentem?

1173 383 1277 430 Quod
1296 384 1331 422 in
1350 384 1582 422 similitudine
1600 383 1715 421 carnis
1732 383 1827 421 dicat
1845 383 1984 422 misisse
2006 384 2156 432 Filium,

1172 459 1214 482 ne
1230 445 1309 482 ideo
1325 446 1503 484 existimes
1525 445 1633 485 aliam
1652 459 1739 490 esse¹
1756 459 1896 482 carnem
1912 461 1923 481 :
1940 445 2024 495 quia
2062 446 2157 483 enim

1172 507 1266 545 dixit
1283 509 1430 560 peccati,
1450 508 1530 546 ideo
1545 518 1577 546 et
1597 507 1869 546 similitudinem
1883 508 2063 560 apposuit.
2079 510 2156 546 Ne-

1172 582 1238 618 que
1257 568 1351 606 enim
1386 569 1615 620 peccatricem
1645 582 1784 606 carnem
1816 568 1943 605 habuit
1975 568 2155 619 Christus,

1172 628 1235 677 sed
1254 628 1404 666 similem
1424 628 1569 678 quidem
1584 637 1710 666 nostrae
1725 628 1928 680 peccatrici,
1943 628 2159 680 impeccabi-

1172 689 1242 725 lem
1275 698 1404 737 autem,
1435 698 1469 725 et
1499 698 1624 726 natura
1659 688 1818 725 eamdem
1843 703 1949 738 quam
1988 698 2155 727 nostram.

1172 749 1296 798 Itaque
1311 749 1395 786 hinc
1415 749 1532 800 palam
1566 757 1628 795 est,
1647 757 1810 784 naturam
1829 749 1943 785 carnis
1961 762 2030 786 non
2046 748 2158 786 fuisse

1173 808 1304 844 malam
1326 824 1334 844 z
1350 822 1460 858 neque
1479 808 1570 845 enim
1584 807 1691 844 aliam
1705 807 1781 844 loco
1799 807 1896 844 illius
1911 808 2039 858 prioris
2058 823 2155 845 acce-

1172 867 1226 918 pit
1257 868 1430 915 Christus,
1456 882 1567 918 neque
1593 868 1660 904 hac
1696 867 1890 904 secundum
1920 869 2153 906 substantiam

1174 936 1322 972 mutata,
1346 927 1396 964 sic
1425 936 1609 978 peccatum
1638 940 1842 978 expugnare
1875 941 2061 978 aggressus
2084 939 2153 978 cst3

1173 986 1234 1022 sed
1253 986 1315 1022 illa
1330 986 1365 1022 in
1385 995 1511 1023 natura
1535 1000 1595 1023 sua
1612 986 1745 1034 relicta,
1763 995 1883 1022 contra
1902 997 2084 1037 peccatum
2097 1003 2154 1025 co-

1170 1045 1290 1082 ronari
1310 1045 1411 1082 illam
1427 1046 1584 1094 curavit3
1606 1054 1638 1082 et
1652 1054 1737 1082 tune
1754 1045 1853 1082 illam
1872 1055 1950 1096 post
1968 1047 2156 1085 victoriam

1169 1106 1351 1145 suscitavit
1363 1115 1396 1143 et
1424 1106 1661 1143 immortalem
1684 1105 1810 1143 effecit.
1825 1106 1923 1152 Quid
1941 1107 2008 1144 hoc
2024 1107 2068 1145 ad
2084 1122 2153 1159 me,

1167 1166 1321 1216 inquies,
1358 1166 1386 1203 si
1417 1166 1494 1204 haec
1517 1166 1554 1203 in
1570 1166 1632 1203 illa
1651 1180 1756 1203 carne
1773 1166 1863 1204 facta
1887 1168 1994 1204 sunt?
2029 1167 2084 1205 Ad
2123 1177 2157 1206 te

1167 1236 1259 1265 certe
1284 1227 1441 1264 maxime
1475 1227 1627 1279 pertinet
1652 1243 1659 1263 :
1682 1227 1818 1265 idcirco
1850 1227 2011 1265 addidit:
2032 1230 2071 1266 4.
2107 1230 2159 1266 Ut

1160 1288 1395 1340 justificatio
1416 1288 1510 1339 legis
1535 1288 1758 1338 impleretur
1775 1291 1816 1324 in
1837 1290 1957 1338 nobis⁷
1987 1291 2053 1340 qui
2080 1303 2158 1326 non

1118 1356 1141 1386 C
1166 1350 1376 1386 Secundum
1392 1363 1546 1386 carnem
1568 1349 1825 1387 ambulamus.
1838 1349 1936 1395 Quid
1951 1358 2016 1399 est,
2034 1351 2156 1388 Justi-

1175 1409 1336 1458 ficatio?
1351 1408 1469 1457 Finis,
1487 1422 1629 1460 scopus,
1646 1409 1857 1460 praeclarum
1889 1419 2036 1461 gestum.
2058 1410 2157 1457 Quid

1168 1468 1260 1506 enim
1279 1469 1341 1507 ille
1358 1468 1515 1516 volebat,
1538 1469 1672 1519 etquid
1691 1470 1882 1522 praecepit?
1897 1472 1947 1509 Ut
1969 1471 2044 1509 sine
2067 1486 2155 1524 pec-

1167 1537 1244 1566 cato
1263 1543 1366 1567 esses.
1381 1530 1457 1567 Hoc
1477 1543 1560 1580 ergo
1575 1530 1652 1581 jam
1671 1544 1736 1581 per
1749 1531 1933 1568 Christum
1946 1531 2046 1569 nobis
2067 1547 2156 1584 prae-

1167 1588 1289 1626 stitum
1313 1599 1362 1627 est
1382 1606 1390 1626 :
1413 1604 1453 1627 ac
1475 1599 1596 1627 contra
1614 1599 1706 1627 stare
1722 1604 1762 1628 ac
1776 1591 1916 1630 vincere
1932 1607 2036 1644 penes
2051 1593 2155 1630 illum

1167 1648 1257 1699 fuit3
1273 1648 1423 1687 victoria
1443 1649 1528 1700 frui,
1544 1659 1716 1688 nostrum.
1745 1651 1870 1700 Itaque
1886 1666 1956 1690 non
1976 1653 2050 1704 jam
2070 1667 2151 1690 am-

1167 1708 1260 1759 plius
1276 1709 1500 1760 peccabimus
1509 1725 1521 1760 3
1538 1723 1608 1747 non
1628 1718 1721 1747 certe
1737 1711 1977 1761 peccabimus,
2006 1713 2074 1750 nisi
2089 1713 2153 1750 ad-

1167 1768 1313 1806 modum
1337 1769 1436 1806 fracti
1453 1779 1486 1807 et
1512 1769 1618 1807 soluti
1639 1770 1773 1807 simus:
1794 1770 1873 1808 ideo
1894 1771 2046 1820 addidit,
2077 1775 2154 1824 Qui

1167 1842 1244 1865 non
1274 1831 1484 1867 secundum
1512 1844 1668 1868 carnem
1700 1831 1955 1871 ambulamus.
1973 1834 2026 1871 Ne
2058 1834 2153 1872 enim

1164 1890 1324 1942 audiens,
1347 1892 1443 1942 quod
1462 1901 1495 1929 te
1516 1892 1678 1930 Christus
1693 1892 1898 1932 liberaverit
1923 1909 1942 1931 a
1955 1895 2051 1932 bello
2070 1910 2152 1947 pec-

1165 1951 1246 2000 cati,
1269 1961 1302 1990 et
1335 1952 1430 2002 quod
1445 1952 1657 2004 justificatio
1684 1953 1775 2003 legis
1802 1954 1955 2004 perfecta
1986 1954 2030 1992 sit
2050 1955 2086 1992 in
2105 1964 2150 2004 te,

1163 2022 1305 2063 peccato
1324 2012 1360 2050 in
1371 2013 1667 2062 carnedamnato,
1692 2022 1804 2050 totum
1832 2024 2043 2065 apparatum
2063 2015 2151 2068 deji-

1163 2087 1276 2123 ceres,
1288 2074 1368 2112 ideo
1389 2083 1578 2126 postquam
1593 2073 1643 2111 ibi
1655 2073 1806 2122 dixerat,
1824 2075 1949 2112 Nulla
1964 2090 2051 2127 ergo
2062 2089 2151 2113 con-

1162 2135 1246 2171 dem
1253 2138 1339 2172 nali
1342 2135 1436 2186 0,a(lj
1442 2135 1509 2172 ecit
1521 2150 1529 2170 ε
1542 2137 1596 2172 Iis
1606 2137 1675 2186 qui
1684 2136 1894 2172 secundum
1903 2150 2057 2174 carnem
2072 2151 2151 2175 non

1162 2197 1368 2234 ambulant
1388 2213 1403 2241 ,-
1425 2206 1458 2234 et
1480 2196 1540 2233 hic
1556 2209 1637 2232 cum
1659 2195 1759 2244 dicit,
1785 2197 1835 2233 Ut
1853 2197 2075 2247 impleretur
2088 2201 2151 2250 ju-

1159 2257 1345 2308 stificalio
1368 2257 1461 2308 legis
1483 2259 1522 2293 in
1544 2258 1666 2302 nobis,
1681 2255 1749 2292 hoc
1768 2255 1886 2307 ipsum
1905 2257 2055 2309 adjecit3
2078 2259 2149 2296 imo

1160 2329 1228 2352 non
1248 2315 1314 2353 hoc
1328 2324 1480 2365 tantum,
1500 2315 1561 2353 sed
1575 2315 1687 2352 multo
1707 2315 1872 2366 amplius.
1890 2317 1979 2354 Cum
2000 2318 2148 2356 dixisset

1159 2376 1253 2413 enim
1271 2392 1279 2412 :
1308 2378 1599 2429 Utjustifieatio
1615 2377 1707 2427 legis
1727 2377 1950 2428 impleretur
1962 2381 2003 2415 in
2020 2382 2142 2425 nobis,

1159 2440 1227 2490 qui
1256 2452 1334 2475 non
1366 2439 1574 2476 secundum
1600 2453 1759 2476 carnem
1780 2439 2040 2485 ambulamus,
2063 2440 2146 2477 sub-

1153 2498 1290 2550 junxit,
1307 2498 1383 2536 Sed
1399 2499 1608 2536 secundum
1624 2499 1825 2550 Spiritum;
1841 2500 2026 2537 ostendens
2039 2514 2110 2537 non
2125 2515 2144 2538 a

1159 2558 1263 2596 malis
1275 2557 1524 2595 abstinendum
1540 2572 1613 2595 esse
1640 2567 1791 2606 tantum,
1807 2558 1868 2595 sed
1889 2560 2033 2597 inbono
2054 2574 2146 2611 prae-

1158 2618 1249 2654 clare
1259 2631 1332 2655 esse
1341 2617 1530 2668 agendum.
1547 2619 1638 2654 Nam
1659 2631 1822 2655 coronam
1838 2618 1905 2654 tibi
1927 2618 2025 2667 dare,
2047 2620 2144 2657 illius

1159 2685 1230 2726 θεῖ,
1255 2676 1338 2714 data
1357 2676 1517 2722 retinere,
1546 2685 1662 2714 tuum.
1681 2676 1823 2713 Etenim
1853 2676 1905 2723 id,
1928 2678 2022 2727 quod
2036 2679 2144 2730 justi—

1156 2737 1275 2774 ficatio
1296 2736 1385 2787 legis
1406 2745 1494 2782 crat,
1514 2750 1639 2787 nempe
1662 2749 1730 2773 non
1755 2750 1828 2773 esse
1855 2736 2052 2776 obnoxium
2067 2752 2142 2776 ma-

1154 2796 1351 2845 ledictioni,
1368 2796 1436 2833 hoc
1453 2795 1518 2832 tibi
1533 2796 1678 2847 perfecit
1699 2795 1875 2833 Christus.

1207 2858 1244 2895 6.
1275 2857 1328 2893 Ne
1347 2855 1458 2906 igitur
1478 2864 1615 2893 tantum
1634 2856 1768 2893 donum
1789 2856 1938 2907 prodas3
1963 2857 2024 2895 sed
2040 2857 2140 2896 hunc

1155 2916 1347 2968 pulchrum
1384 2916 1591 2954 thesaurum
1622 2915 1799 2953 custodire
1836 2930 2031 2968 persevera.
2073 2919 2142 2956 Hic

1157 2975 1254 3013 enim
1284 2984 1319 3013 te
1349 2974 1451 3013 docet
1479 2975 1665 3013 lavacrum
1693 2989 1763 3012 non
1785 2976 1946 3013 sufficere
1966 2977 2068 3015 nobis
2095 2978 2140 3015 ad

1156 3038 1318 3086 salutem,
1341 3037 1409 3074 nisi
1427 3046 1507 3089 post
1523 3036 1614 3073 illud
1632 3036 1744 3074 vitam
1760 3045 1859 3075 tanto
1879 3037 1975 3076 dono
1993 3038 2138 3090 dignam

1157 3100 1341 3138 ducamus.
1375 3101 1498 3150 Itaque
1520 3113 1663 3136 rursum
1682 3098 1752 3149 legi
1771 3100 2028 3151 patrocinatur,
2064 3101 2140 3140 haee

1154 3159 1285 3197 dicens.
1306 3160 1397 3197 Nam
1409 3168 1595 3211 postquam
1609 3158 1753 3196 Christo
1762 3159 2034 3211 crediderimus,
2046 3161 2139 3200 nihil

1155 3233 1226 3258 nou
1246 3219 1424 3271 agendum
1449 3228 1514 3268 est,
1538 3227 1577 3255 ut
1599 3218 1811 3269 justificatio
1841 3219 1916 3267 illa,
1942 3235 2048 3271 quam
2071 3222 2139 3260 im-

1234 243 1388 274 llOMlL.
1428 244 1522 274 XIII.

1125 690 1148 719 B

1108 2752 1132 2781 E

1136 3339 1184 3371 vel
1203 3346 1231 3373 ἐν
1248 3344 1367 3381 ἀγαθοῖς
1383 3347 1477 3381 κομᾷυ
1496 3337 1612 3380 plurali
1629 3349 1766 3370 numero
1781 3337 1866 3371 dixit.
1880 3339 2017 3383 Chrys]

1179 3402 1190 3415 ε
1216 3392 1278 3433 [A.
1300 3395 1373 3431 Ξέον,
1391 3398 1423 3422 et
1439 3389 1537 3432 paulo
1554 3397 1626 3422 ante
1644 3395 1691 3424 καὶ
1706 3396 1787 3433 μετὰ
1803 3397 1836 3425 τὸ
1853 3394 1962 3434 πεισθ.]
