2502 3810
711 270 752 298 IN
791 269 904 297 ACTA
942 264 1277 296 APOSTOLORUM.

127 353 264 394 Παῦλος
280 350 399 388 οὐδένα
419 350 540 402 ἀφίησι
558 353 689 399 μαθεῖν,
705 349 781 387 οὐδὲ
796 350 853 387 τὸν
874 347 1140 398 ἑκατόνταρχον,

1315 264 1452 293 HOMIL
1487 263 1590 293 XLIX
1597 282 1607 292 .

2089 250 2174 305 411

1210 346 1334 391 nibus,
1351 347 1406 382 ait
1421 360 1434 382 .·
1446 344 1745 382 Adolescentem
1762 344 1864 381 hunc
1886 343 2028 394 perduc
2046 344 2098 380 ad
2114 347 2185 380 tri-

127 411 215 448 ὥστε
238 411 285 461 μὴ
309 410 348 448 τὸ
373 417 520 463 πρᾶγμα
536 410 694 460 γενέσθαι
715 410 887 457 διάδηλον.
914 409 983 446 Καὶ
1002 407 1107 445 ἐλθὼν
1122 408 1140 443 ὁ
1152 436 1198 460 356
1211 408 1350 442 hunum
1367 421 1377 441 .-
1393 407 1509 443 habet
1528 408 1628 442 enim
1650 406 1802 457 aliquid
1829 405 1890 441 illi
1916 405 2181 443 indicandum.

128 472 396 522 ἑκατόνταρχος,
414 469 597 521 ἀνήγγειλε
615 472 663 521 τῷ
682 470 869 522 χιλιάρχῳ,
885 469 994 518 λέγων
1010 483 1017 491 ·
1037 470 1053 504 ὁ
1080 466 1139 503 ‘0⁸5'-
1162 473 1189 501 A
1212 467 1274 504 18.
1295 468 1348 504 Et
1367 467 1435 504 ille
1461 468 1615 519 quidem
1644 480 1843 504 assumens
1872 480 1971 511 eum,
2003 467 2114 503 duoeit
2133 467 2187 503 ad

128 548 227 582 σμιος
255 533 394 574 Παῦλος
414 530 742 582 προσκαλεσάμενός
764 546 825 580 με,
845 529 1007 581 ἠρώτησε
1021 531 1140 576 τοῦτον

127 594 184 630 τ’.ν
204 592 339 630 νεανίαν
360 595 500 642 ἀγαγεῖν
523 591 606 643 πρὸς
626 591 662 629 σὲ
675 621 684 638 ,
702 591 826 642 ἔχοντά
844 606 878 628 τι
898 587 1050 634 λαλῆσαί
1075 603 1139 625 σοι.

128 646 401 703 Ἐπιλαῗόμενος
424 653 458 690 δὲ
476 656 538 697 τ’ἧς
570 652 685 704 χειρὸς
706 653 809 688 αὐτοῦ
833 654 851 688 ὁ
871 649 1055 701 χιλίαρχος
1082 647 1141 685 καὶ

128 714 359 765 ἀναχωρήσας
373 716 449 750 κατ’
469 712 569 758 ἰδίαν,
587 712 803 750 ἐπυνθάνετο·
823 710 858 748 τί
878 712 968 747 ἐστιν
981 739 990 756 ,
1014 709 1030 746 ὃ
1051 708 1141 759 ἔχεις

127 773 337 824 ἀπαγγεῖλαί
354 789 412 823 μοι
419 789 429 819 ;
450 767 538 810 Eine
573 772 626 818 δὲ,
647 771 697 809 δ’τι
716 771 876 808 Ἰουδαῖοι
893 769 1069 807 συνέθεντο
1082 771 1141 804 τοῦ

127 833 301 886 ἐρωτῆσαί
331 849 387 879 σε,
413 833 504 875 ὅπως
531 831 646 882 αὔριον
672 832 729 869 τὸν
765 832 904 867 Παῦλον
940 827 1142 878 καταγάγῃς

127 896 173 935 εἷς
186 894 225 931 τὸ
241 894 411 943 συνέδριον
426 895 471 934 ὥς
487 891 681 941 μελλόντων
697 906 730 927 τι
746 889 987 941 ἀκριὸέστερον
1005 886 1140 924 πυνθά-

126 957 241 991 νεσθαι
268 953 351 1003 παρ’
367 953 481 990 αὐτοῦ.
512 951 562 988 Σὺ
587 945 642 987 οῦν
673 949 720 998 μὴ
751 952 892 999 πεισθῇς
913 948 1026 989 αὐτοῖς
1042 961 1049 968 ·
1070 948 1140 983 ἐνε-

127 1014 281 1064 δρεύουσι
307 1013 373 1064 γὰρ
392 1011 426 1054 ἐξ
444 1014 552 1048 αὐτῶν
574 1011 693 1060 ἄνδρες
710 1009 847 1050 πλείους
868 1006 1139 1057 τεσσαράκοντα,

125 1074 245 1115 οἵτινες
289 1072 539 1121 ἀνεθεμάτισαν
574 1069 712 1112 ἑαυτοὺς
758 1069 845 1118 μήτε
888 1072 1007 1119 φαγεῖν
1051 1066 1140 1116 μήτε

125 1141 227 1178 πιεῖν,
239 1132 302 1175 ἕως
321 1126 358 1168 οῧ
373 1132 519 1168 ἀνέλωσι
535 1131 590 1168 τὸν
608 1132 759 1166 Παῦλον·
777 1129 836 1166 καὶ
847 1132 904 1165 νῦν
924 1126 1055 1177 ἕτοιμοί
1075 1129 1140 1164 εἶσι

124 1192 394 1243 προσδεχόμενοι
416 1190 478 1236 τὴν
498 1189 593 1240 παρὰ
610 1193 669 1227 σοῦ
693 1188 915 1239 ἐπαγγελίαν.
933 1187 977 1225 ‘O
1000 1186 1061 1236 μὲν
1081 1180 1138 1223 οῧν

121 1252 302 1304 χιλίαρχος
318 1251 466 1289 ἀπέλυσε
487 1250 543 1288 τὸν
561 1250 697 1288 νεανίαν
711 1281 719 1297 ,
745 1249 982 1302 παραγγείλας
1018 1247 1138 1298 μηδενὶ

121 1314 327 1359 ἐκλαλῆσαι,
344 1311 396 1350 ὅτι
412 1311 610 1363 ἐνεφάνισας
629 1314 739 1349 ταῦτα
757 1309 841 1362 πρός
858 1325 913 1359 με.

177 1759 301 1801 Καλῶς
317 1761 334 1796 ὃ
352 1754 535 1809 χιλίαρχος
563 1755 694 1794 κελεύει
724 1754 871 1808 κρύψαι,
903 1753 992 1792 ὥστε
1013 1753 1060 1804 μὴ
1083 1769 1138 1805 γε·

124 1819 240 1857 νέσθαι
256 1821 370 1864 δῆλον.
392 1818 461 1855 Καὶ
477 1816 555 1854 τότε
575 1816 669 1866 λε’γει
693 1822 762 1859 τοῖς
779 1815 1064 1866 ἑκατοντάρχοις,
1084 1815 1139 1852 ὅτε

645 1877 654 1889 Ι

125 1880 181 1916 καὶ
198 1881 354 1929 γενέσθαι
375 1880 503 1930 ἐχρῆν·
525 1877 584 1915 καὶ
609 1892 785 1927 πεμπεται
803 1877 921 1914 λοιπον
942 1877 976 1912 ἐν
999 1878 1139 1914 Καισα-

125 1941 215 1993 ρεία,
238 1940 292 1977 ἵνα
320 1942 419 1977 κάκεῖ
448 1939 612 1989 διαλεχθῇ
642 1937 698 1974 ἐπὶ
729 1937 880 1986 μείζονος
912 1936 1051 1987 θεάτρου
1080 1936 1139 1974 καὶ

123 2000 364 2051 λαμπροτέρου
386 2003 444 2037 τοῦ
467 1997 695 2050 ἀκροατηρίου
710 2013 717 2019 ·
737 1997 792 2034 ἵνα
821 1996 868 2046 μὴ
901 1995 1007 2048 ἔχωσι
1028 1996 1139 2046 λέγειν

124 2064 154 2098 οἱ
171 2061 348 2104 Ἰουδαῖοι,
368 2060 420 2098 ὅτι
437 2062 466 2097 εἰ
484 2059 618 2107 εἴδομεν
638 2059 792 2104 Παῦλον,
813 2057 1064 2107 ἐπιστεύσαμεν
1087 2056 1139 2103 ἂν,

468 2119 586 2132 ΝΝΝΙ

124 2124 153 2158 εἰ
173 2120 369 2168 ἠκούσαμεν
389 2121 489 2158 αὐτου
510 2134 739 2160 οιοασκοντος.
760 2118 829 2155 Καὶ
846 2117 931 2164 αὕτη
947 2121 1003 2155 οὖν
1025 2119 1141 2160 αὐτοῖς

123 2183 272 2219 ἐντεῦθεν
291 2183 312 2225 ἡ
332 2179 500 2230 ἀπολογία
517 2179 734 2216 ἐκκόπτεται.
753 2178 822 2215 Καὶ
843 2177 1004 2224 ἐπιστὰς,
1022 2178 1139 2229 φησὶν,

122 2244 139 2278 ὁ
159 2240 281 2292 Κύριος
298 2235 392 2278 εἶπεν
413 2242 506 2291 αὐτῷ
520 2255 527 2262 ·
547 2238 680 2290 θάρσει·
708 2241 754 2280 ὡς
774 2237 841 2290 γὰρ
860 2237 1079 2290 διεμαρτύρω
1096 2237 1139 2275 τὰ

123 2301 200 2353 περὶ
216 2303 299 2350 ἐμοῦ
318 2303 365 2343 εἷς
378 2299 621 2352 Ἰερουσαλὴμ,
639 2299 726 2337 οὕτω
743 2315 780 2336 σε
799 2299 920 2336 δεῖκαὶ
938 2297 1137 2348 εἷςςΡώμην

123 2364 352 2414 μαρτυρῆσαι.
385 2361 501 2414 εὈρα,
538 2361 597 2398 καὶ
637 2360 726 2410 μετὰ
757 2360 796 2398 τὸ
830 2363 995 2410 φανῆναι,
1033 2359 1160 2400 πάλινε

121 2422 261 2473 ἀφίησιν
280 2422 380 2460 αὐτὸν
394 2420 616 2473 ἀνθρωπίνως
632 2424 795 2467 σωθῆναι.
814 2420 881 2458 Καὶ
901 2419 992 2464 ἄξιον
1011 2422 1139 2458 ἐκπλα-

121 2486 224 2534 γῆναι
242 2483 298 2520 τὸν
315 2484 471 2523 Παῦλον,
492 2485 565 2524 πῶς
585 2484 646 2519 οὐκ
667 2481 875 2532 ἐθορυὲἤθη,
893 2480 968 2519 οὐδὲ
991 2474 1064 2518 εἷπε
1077 2496 1084 2503 ·
1105 2480 1139 2517 τί

123 2542 162 2588 δὴ
178 2542 277 2580 τοῦτό
291 2544 401 2588 ἐστιν,
421 2537 487 2593 ἆρα
504 2540 551 2591 μὴ
568 2541 757 2591 ἠπάτημαι
774 2540 869 2591 παρὰ
885 2545 944 2579 τοῦ
963 2541 1136 2591 Χριστοῦ,

123 2604 214 2641 Ἀλλ’
247 2602 342 2641 οὐδὲν
376 2607 527 2640 τοιοῦτον
558 2601 746 2650 ἐνενόησεν,
777 2601 852 2640 οὐδὲ
885 2601 1022 2649 ἔπαθεν,
1049 2600 1138 2639 ἀλλὰ

122 2664 224 2714 μόνον
246 2664 445 2702 ἐπίστευσεν
460 2679 468 2686 ·
490 2665 528 2700 οὐ
552 2661 620 2712 μὴν
647 2661 766 2708 ἐπειδὴ
787 2661 999 2709 ἐπίστευσεν,
1022 2661 1139 2700 ὕπνω-

121 2741 191 2770 σεν,
211 2724 300 2762 ἀλλὰ
318 2724 362 2762 τὰ
382 2723 500 2762 ἐνόντα
519 2723 553 2767 ἐξ
571 2723 789 2774 ἀνθρωπίνης
819 2723 966 2775 ίισοφίας
990 2724 1138 2760 συνιδεῖν

118 2787 157 2823 οὐ
188 2789 331 2838 προῆκε.
361 2784 431 2822 Καὶ
461 2784 583 2823 σκόπει
611 2787 686 2826 πῶς
714 2783 867 2833 ἀνάγκην
897 2783 974 2821 τινὰ
1007 2786 1140 2826 ἑαυτοῖς

121 2847 242 2883 ἐκεῖνοι
259 2845 465 2898 περιέθηκαν
484 2844 540 2882 διὰ
563 2849 622 2882 τοῦ
643 2846 938 2893 ἀναθεματισμοῦ.
964 2842 1053 2881 Ἰδοὺ
1075 2860 1138 2890 νη-

121 2905 216 2943 στεία
238 2905 458 2958 ἀνδροφονίας
481 2905 610 2957 μήτηρ.
633 2905 800 2956 Καθάπερ
820 2908 838 2942 ὁ
854 2904 1014 2956 ζΗρώδης
1034 2904 1136 2955 ἀνάγ-

120 2981 183 3010 κην
206 2964 268 3011 τὴν
285 2965 426 3003 ἀπὸτοῦ
446 2965 546 3017 ὅρκου
565 2967 677 3016 ἑαυτῷ
700 2965 866 3011 ἐπέθηκεν
879 2979 886 2987 ·
907 2964 997 3001 οὕτω
1017 2964 1058 3011 δὴ
1080 2964 1139 3002 καὶ

120 3021 223 3064 οὗτοι.
244 3028 400 3064 Τοιαῦτα
420 3026 490 3077 γὰρ
512 3026 557 3064 τὰ
576 3025 760 3064 διαῧολικα
780 3025 933 3077 θήρατρα
950 3041 958 3049 ·
978 3024 1138 3077 προσχή-

120 3102 205 3134 ματι
226 3087 323 3131 δῆθεν
349 3086 525 3129 εὐλαὸείας
553 3086 613 3129 τὰς
640 3087 789 3137 παγίδας
813 3086 941 3132 τίθησι.
969 3086 1039 3124 Καὶ
1069 3087 1137 3136 μὴν

121 3149 226 3197 ε’χρῆν
258 3148 469 3198 προσελθεῖν,
497 3149 601 3198 ἐχρῆν
633 3147 879 3191 αἰτιάσασθαι,
912 3146 1136 3198 δικαστήριον

120 3210 371 3258 συγκροτῆσαι·
393 3212 501 3244 ταῦτα
518 3207 585 3258 γὰρ
613 3208 676 3258 οὐχ
704 3206 839 3258 ἱερέων,
860 3205 951 3243 ἀλλὰ
977 3206 1135 3256 λῃστάρ-

120 3284 204 3319 χων,
222 3271 330 3304 ταῦτα
354 3270 414 3304 οὐκ
436 3267 624 3318 ἀρχόντων,
649 3267 738 3304 ἀλλὰ
756 3265 955 3316 λυμεώνων.
979 3267 1047 3304 Καὶ
1074 3266 1137 3317 ὅρα

121 3327 245 3369 κακίας
265 3327 470 3377 ὓπερίῗολῆν.
491 3329 543 3364 Οὐ
564 3327 664 3376 μόνον
685 3327 855 3373 ἀλλήλους
882 3326 1138 3378 διαφθείραντες

165 3442 175 3454 ⁴
202 3429 343 3470 Quid-'im
366 3445 474 3473 rojam,
495 3434 523 3463 οῤ
541 3433 709 3475 ris-§iham
727 3435 853 3471 *mista-2
872 3435 946 3462 rzw'..

1164 2192 1188 2222 C

1210 529 1414 565 tribunum.
1428 527 1584 564 Rursum
1602 527 1757 564 humana
1772 535 1932 563 servatur
1950 525 2184 578 providentia.

1208 587 1257 625 Et
1275 587 1357 625 vide
1371 588 1530 625 :nullum
1549 588 1682 625 Paulus
1708 588 1791 625 sinit
1815 588 1883 624 boc
1901 587 2054 635 discere,
2075 601 2188 637 neque

1210 649 1458 696 centurionem,
1475 663 1516 686 ne
1535 663 1588 686 res
1610 648 1794 686 manifesta
1811 649 1922 686 fieret.
1948 649 2001 685 Et
2025 651 2187 685 veniens

1209 712 1382 746 centurio
1412 712 1605 746 nuntiavit
1636 711 1802 753 tribuno,
1838 710 1968 747 dicens
1990 724 2000 743 :
2028 710 2186 745 Vinctus

1209 770 1360 806 Paulus
1375 772 1526 820 rogavit
1546 782 1606 805 me
1626 770 1728 804 hunc
1747 769 2027 805 adolescentem
2043 769 2184 818 perdu-

1209 842 1293 865 cere
1307 830 1361 865 ad
1372 838 1421 874 te,
1436 831 1642 865 habentem
1655 829 1808 879 aliquid
1821 829 1925 880 loqui
1939 831 2017 865 tibi.
2031 830 2091 866 19.
2103 829 2186 880 Ap-

1207 890 1447 938 prehendens
1465 896 1593 925 autem
1617 889 1790 924 tribunus
1807 901 1964 924 manum
1990 889 2109 934 illius,
2128 902 2185 925 se-

1210 950 1322 984 cessit
1344 961 1430 984 cum
1459 961 1502 983 eo
1529 961 1711 995 seorsum,
1741 955 1778 983 et
1802 950 2053 997 interrogavit
2074 961 2159 984 eum
2176 964 2186 983 .-

1215 1007 1317 1055 Quid
1343 1015 1412 1053 est,
1448 1008 1552 1058 quod
1569 1008 1686 1044 habes
1714 1008 1965 1043 indicandum
1985 1008 2109 1042 mihi?
2125 1009 2187 1046 ΞΟ,

1208 1067 1285 1104 Ille
1303 1077 1431 1105 autem
1451 1070 1568 1105 dixit.-
1579 1069 1609 1105 J
1608 1068 1707 1104 udoei
1725 1070 1995 1118 conspirarunt
2011 1075 2052 1103 ut
2071 1081 2188 1119 roga-

1210 1137 1294 1166 rent
1316 1137 1364 1174 te,
1387 1137 1427 1166 ut
1446 1131 1619 1166 crastina
1642 1129 1704 1165 die
1730 1129 1922 1179 producas
1950 1128 2120 1165 Paulum
2149 1131 2190 1164 in

1209 1189 1430 1235 concilium,
1451 1191 1564 1240 quasi
1579 1189 1732 1240 aliquid
1746 1191 1964 1225 accuratius
1978 1190 2190 1225 siscitaturi

1210 1253 1259 1287 ab
1283 1251 1364 1289 ill0.
1380 1252 1444 1288 91.
1469 1252 1525 1288 Tu
1541 1264 1634 1287 vero
1655 1264 1702 1286 ne
1728 1262 1870 1286 morem
1898 1251 2058 1300 gesseris
2078 1250 2157 1286 illis
2178 1266 2186 1284 :

1209 1312 1448 1348 insidiantur
1463 1314 1564 1348 enim
1581 1325 1628 1347 ex
1645 1312 1692 1347 iis
1706 1312 1785 1347 viri
1802 1310 1930 1360 plures
1947 1310 2187 1360 quadragin-

1210 1382 1265 1419 ta,
1299 1376 1366 1425 qui
1398 1376 1538 1425 seipsos
1569 1373 1817 1417 devoverunt,
1847 1385 1924 1408 non
1953 1373 2190 1409 manducare

1209 1435 1277 1471 vel
1294 1436 1432 1480 bibere,
1450 1435 1570 1470 donec
1583 1433 1821 1484 interficiant
1833 1446 1919 1469 eum
1933 1441 1989 1469 :et
2006 1446 2106 1469 nunc
2121 1446 2187 1483 pa-

1209 1497 1288 1532 rati
1311 1504 1400 1532 sunt
1427 1502 1690 1545 exspectantes
1716 1496 1946 1545 promissum
1982 1501 2098 1529 liezan.
2125 1494 2187 1529 202.

1213 1558 1402 1594 Tribunus
1424 1558 1542 1607 igitur
1561 1557 1707 1593 dimisit
1737 1555 2032 1599 adolescentem,
2054 1556 2189 1604 prteci-

1208 1620 1330 1668 piens,
1353 1618 1512 1654 Nemini
1539 1617 1696 1664 dixeris,
1719 1616 1822 1667 quod
1840 1617 1920 1654 lzaec
1942 1616 1994 1652 ad
2011 1629 2071 1652 me
2088 1623 2190 1652 retu—

1209 1679 1308 1716 leris.

1262 1742 1298 1777 Ξ).
1327 1739 1424 1776 Bene
1448 1738 1617 1776 tribunus
1636 1737 1737 1789 jubet
1757 1736 1952 1783 occultari,
1984 1750 2027 1773 ne
2045 1735 2102 1772 cui
2123 1749 2188 1773 no-

1210 1809 1287 1837 tum
1308 1800 1381 1837 fiat.
1402 1799 1450 1836 Et
1468 1808 1552 1836 tunc
1574 1798 1663 1835 dicit
1686 1796 1972 1845 centurionibus,
1994 1795 2134 1845 quando
2156 1805 2190 1833 et

1209 1861 1287 1898 fieri
1313 1861 1521 1913 oportebat,
1556 1869 1590 1897 et
1618 1859 1770 1896 mittitur
1806 1858 2021 1906 Caesaream,
2048 1866 2088 1894 ut
2116 1857 2191 1895 illic

1209 1924 1344 1961 theatro
1364 1923 1399 1960 in
1418 1924 1551 1975 majore
1568 1922 1715 1960 disserat
1730 1951 1741 1970 ,
1763 1930 1796 1958 et
1812 1921 1847 1958 in
1864 1919 2059 1970 frequentia
2075 1920 2192 1971 splen-

1208 1985 1348 2022 didiore
1371 2000 1378 2020 :
1399 1999 1441 2021 ne
1459 1992 1600 2036 possent
1619 1983 1735 2020 dicere
1754 1983 1774 2021 J
1780 1981 1869 2018 udaei
1890 1997 1897 2017 z
1919 1981 1957 2019 Si
1977 1980 2190 2018 vidissemus

1209 2045 1362 2082 Paulum
1378 2074 1387 2092 ,
1421 2043 1693 2082 credidissemus
1706 2072 1716 2091 ,
1751 2042 1781 2079 si
1813 2040 2034 2078 audissemus
2055 2040 2190 2078 docen-

1208 2114 1294 2143 tem.
1318 2105 1403 2142 Haec
1422 2119 1504 2155 ergo
1521 2104 1593 2141 illis
1613 2102 1795 2140 excusatio
1812 2102 1950 2139 sublata
1967 2111 2029 2139 est.
2047 2103 2101 2139 Et
2120 2103 2191 2138 ad-

1209 2176 1340 2214 stans,
1375 2166 1511 2216 inquit,
1549 2166 1741 2202 Dominus
1772 2165 1872 2200 dixit
1893 2166 1928 2199 ei
1956 2179 1964 2198 :
1997 2164 2191 2200 Constans

1209 2236 1288 2264 esto
1300 2243 1315 2271 ;
1333 2229 1432 2264 sicut
1450 2228 1550 2262 enim
1566 2224 1795 2275 testificatus
1810 2237 1849 2260 es
1864 2224 1960 2259 mihi
1977 2225 2017 2259 in
2034 2224 2193 2260 Jerusa-

1211 2288 1307 2335 lem,
1337 2289 1394 2323 ita
1427 2293 1574 2337 oportet
1602 2293 1638 2321 te
1663 2287 1780 2321 etiam
1812 2285 1943 2321 Roma?
1973 2283 2188 2335 testificari.

1210 2347 1326 2392 Vide,
1347 2346 1453 2384 etiam
1479 2354 1668 2398 postquam
1689 2344 1854 2396 apparuit
1876 2343 1929 2392 ei,
1952 2343 2082 2380 iterum
2107 2357 2191 2395 per—

1209 2409 1320 2447 mittit
1338 2423 1420 2446 eum
1433 2408 1590 2445 humano
1606 2421 1705 2444 more
1719 2405 1863 2444 servari.
1881 2405 1928 2442 Et
1943 2406 2023 2456 jure
2040 2405 2192 2443 Paulum

1210 2470 1442 2517 admiremur,
1462 2468 1641 2519 quomodo
1658 2481 1728 2504 non
1747 2467 1913 2504 turbatus
1933 2466 2038 2503 fuerit
2050 2496 2059 2514 ,
2080 2480 2195 2516 neque

1209 2531 1341 2568 dixerit
1358 2546 1365 2566 z
1385 2529 1483 2576 Quid
1498 2530 1565 2567 hoc
1580 2530 1654 2566 est?
1670 2541 1756 2564 num
1770 2527 1936 2581 deeeptus
1953 2541 2029 2563 sum
2049 2541 2068 2563 a
2089 2527 2194 2563 Chri-

1209 2592 1293 2629 sto?
1314 2591 1386 2630 Sed
1416 2590 1506 2626 nihil
1536 2587 1742 2640 hujusmodi
1773 2586 1963 2637 cogitavit,
1983 2586 2041 2623 vel
2062 2585 2193 2623 accidit

1210 2653 1258 2701 ei,
1276 2651 1338 2690 sed
1366 2651 1481 2689 solum
1509 2649 1684 2697 credidit,
1704 2661 1816 2697 neque
1834 2656 1951 2684 tamen
1973 2646 2055 2696 quia
2076 2646 2191 2683 credi-

1209 2714 1282 2762 dit,
1305 2711 1534 2760 dormitavit,
1555 2709 1618 2747 sed
1640 2722 1716 2759 quae
1735 2708 1892 2744 humana
1910 2707 2079 2758 sapientia
2104 2721 2191 2758 pro-

1209 2774 1322 2812 videri
1347 2780 1524 2825 poterant,
1552 2784 1620 2807 non
1647 2768 1881 2821 praetermisit.
1913 2767 1961 2804 Et
1989 2767 2191 2818 perpende,

1209 2834 1386 2886 quomodo
1412 2833 1466 2870 illi
1489 2831 1731 2869 necessitatem
1763 2828 1955 2878 quamdam
1985 2827 2054 2864 sibi
2076 2827 2192 2879 impo·

1209 2895 1365 2942 suerint,
1394 2907 1474 2930 cum
1512 2905 1585 2929 sese
1621 2890 1854 2927 devoverunt.
1893 2887 1985 2924 Ecce
2017 2887 2193 2939 jejunium

1209 2954 1395 2993 homicidii
1422 2962 1546 2991 mater.
1566 2951 1667 2989 Sicut
1689 2948 1845 2986 Herodes
1865 2962 1928 3000 per
1949 2948 2193 2999 juramentum

1209 3015 1449 3053 necessitatem
1468 3011 1537 3050 sibi
1556 3010 1742 3062 imposuit,
1761 3009 1810 3046 sie
1825 3017 1857 3045 et
1875 3007 1948 3045 isti.
1974 3007 2080 3044 Tales
2100 3007 2194 3044 enim

1212 3086 1293 3115 sunt
1307 3075 1442 3114 diaboli
1458 3072 1611 3111 venandi
1630 3081 1744 3120 artes,
1765 3069 1907 3121 pietatis
1921 3068 2092 3106 nimirum
2111 3082 2191 3119 spe-

1212 3140 1264 3178 cie
1285 3140 1429 3189 laqueos
1454 3136 1579 3174 tendit.
1604 3133 1714 3183 Atqui
1744 3131 1900 3184 oportuit
1924 3130 2113 3176 accedere,
2136 3130 2192 3167 in-

1211 3215 1352 3248 cusare,
1370 3199 1509 3251 judices
1532 3209 1655 3246 cogere
1678 3210 1684 3230 :
1705 3194 1780 3231 haec
1811 3192 1904 3230 enim
1928 3206 1995 3229 non
2022 3200 2104 3229 sunt
2132 3206 2193 3228 sa—

1212 3262 1414 3308 cerdotum,
1431 3258 1490 3295 sed
1507 3259 1701 3303 latronum,
1720 3255 1793 3291 haec
1808 3267 1875 3291 non
1895 3253 2115 3304 principum,
2132 3252 2195 3290 sed

1213 3323 1500 3361 lacinorosorum.
1522 3318 1568 3356 Et
1586 3316 1667 3355 side
1688 3314 1880 3365 nequitiam
1902 3315 2080 3364 ingentem
2099 3329 2104 3349 :
2127 3327 2195 3351 nou
