2466 3805
605 286 648 315 ΙΝ
682 285 795 314 ACTA
827 280 1167 313 APOSTOLORUM.

56 362 163 416 εἶναι,
185 370 243 407 καὶ
260 373 320 408 τοῦ
344 371 428 419 ἐμοῦ
444 369 574 412 πάθους
593 362 680 406 εἶναι
699 371 820 416 τοῦτο,
835 365 927 404 ἀλλὰ
946 363 993 415 μὴ
1010 365 1073 409 τῆς

55 431 222 482 ὑμετέρας
251 430 440 484 ῥᾳθυμίας·
462 430 599 469 δέδοικα
626 429 661 468 δὲ
689 428 823 478 μήποτε
856 428 971 469 καλῶς
991 440 1070 462 στο-

54 491 230 542 χάζωμαι.
249 493 444 530 Πεπεῖσθαι
463 491 531 544 γὰρ
547 491 719 543 ὀφείλετε,
740 489 794 528 ὅτι
817 487 847 526 εἴ
863 504 914 531 τις
940 486 1073 538 ἐγένετο

54 552 204 605 ὠφέλεια
226 556 259 591 ἐν
280 554 432 605 τοσούτῳ
452 554 586 607 χρόνῳ,
616 552 814 591 παύσασθαι
840 549 959 589 λοιπὸν
980 552 1074 598 ἡμᾶς

54 613 216 664 λέγοντας
246 615 325 653 ἔδει.
357 614 480 657 Οὕτως
509 617 570 652 οὐκ
596 615 664 652 ἔδει
686 612 849 666 ῥημάτων
882 614 982 661 ὑμῖν,
1004 612 1072 646 τῶν

53 674 120 722 ἤδη
140 675 331 727 λεχθέντων
359 675 466 719 οὕτως
483 677 611 718 ἱκανῶς
630 675 820 728 εἰρημένων
834 703 843 720 ,
863 675 909 715 ὡς
929 671 989 709 καὶ
1009 671 1072 708 ἅλ-

55 737 133 780 λους
160 736 324 775 δύνασθαι
345 737 535 789 ῥυθμίζειν,
555 736 585 774 εἴ
606 752 644 788 γε
664 736 822 774 ἀπόντων
850 732 1001 785 ὠφέλειά
1022 746 1075 772 τις

57 800 136 847 ὑμῖν
157 798 390 848 προσεγίνετο.
411 798 463 836 Τὸ
483 797 518 836 δὲ
539 797 693 847 ἀνάγκην
722 799 815 845 ἡμᾶς
845 793 937 845 ἔχειν
971 807 1072 830 συνε-

2036 254 2125 301 253

1143 375 1213 399 non
1235 374 1280 398 ex
1299 368 1416 400 vestra
1445 356 1588 410 ignavia
1608 353 1787 408 proficisci
1800 370 1812 405 3
1844 353 1906 392 sed
1938 353 2060 401 timeo,
2084 365 2128 389 ne

1144 423 1233 460 sorte
1257 422 1346 459 bene
1376 420 1578 471 conjectem.
1609 419 1822 456 Persuasum
1845 414 1939 454 enim
1969 412 2129 451 habeatis

1145 493 1298 536 oportet,
1318 483 1347 520 si
1366 496 1436 533 qua
1453 480 1488 518 in
1508 488 1605 517 tanto
1625 488 1782 530 tempore
1798 476 1934 514 utilitas
1948 473 2130 528 provenis-

1147 555 1210 594 set,
1226 546 1328 583 nobis
1353 545 1429 596 jam
1447 541 1590 580 dicendi
1609 541 1717 578 finem
1735 538 1935 577 faciendum
1966 539 2051 575 fore.
2069 535 2130 575 Sic

1145 606 1249 644 vobis
1267 619 1335 643 non
1357 619 1446 656 opus
1467 612 1554 640 esset
1567 601 1697 650 verbis,
1715 615 1796 638 eum
1810 615 1860 648 ea,
1881 613 1959 649 quae
1972 599 2048 650 jam
2066 597 2130 635 di-

1148 678 1203 706 cta
1223 676 1317 714 sunt,
1338 667 1386 703 ita
1403 665 1595 711 sufficiant,
1615 673 1654 700 ut
1684 672 1717 701 et
1737 662 1824 700 alios
1845 659 2022 698 moderari
2051 673 2130 710 pos-

1145 729 1236 777 sint,
1253 728 1283 765 si
1297 726 1443 777 quidem
1458 725 1530 762 illis
1552 723 1756 761 absentibus
1771 722 1932 773 quaedam
1945 720 2049 759 vobis
2059 719 2130 757 uti-

1144 788 1226 825 litas
1245 786 1437 825 accederet.
1453 784 1562 832 Quod
1573 797 1657 822 vero
1671 792 1841 835 perpetuo
1861 782 2005 819 monitis
2040 794 2131 832 opus

1208 279 1366 309 flOMlL.
1404 276 1529 307 XXIX.

58 861 137 908 χοῦς
157 858 337 902 διαλέξεως
351 890 359 903 ,
379 860 510 901 οὐδενὸς
527 858 630 895 ἄλλου
648 855 836 906 τεκμήριόν
853 857 957 900 ἐστιν,
972 852 993 899 ἢ
1014 856 1072 890 τοῦ
1085 882 1131 906 231
1144 847 1317 894 habeatis,
1327 846 1365 883 id
1373 854 1466 883 certe
1475 844 1567 881 nihil
1578 843 1676 880 aliud
1688 843 1835 891 indicat,
1845 856 1954 892 quam
1969 841 2131 891 quodve-

58 918 100 955 τὰ
121 919 272 970 ὑμέτερα
299 919 346 969 μὴ
375 919 506 971 σφόδρα
534 920 726 956 διακεῖσθαι
749 915 914 967 ἀκριὸῶς.
943 913 991 950 Τί
1017 906 1073 951 οῧν
1098 919 1124 948 A
1145 903 1717 950 stranonrectesehabeant.Quid
1729 917 1810 954 ergo
1821 902 2047 941 faciendum?
2062 916 2131 940 non

60 977 99 1015 ἂν
126 979 280 1029 γένοιτο;
303 983 340 1018 οὐ
371 981 437 1032 γὰρ
463 981 620 1030 ἐγκαλεῖν
651 979 701 1015 δεῖ
726 976 840 1026 μόνον.
869 974 1075 1025 Παρακαλῶ

59 1039 118 1076 καὶ
138 1041 258 1090 δέομαι
279 1040 327 1090 μὴ
351 1045 450 1078 τοῦτο
471 1039 572 1090 μόνον
593 1041 688 1090 ὃρᾷν,
709 1037 801 1079 ὅπως
821 1037 868 1078 εἷς
887 1032 1075 1078 ἐκκλησίαν

57 1101 301 1150 ‘'specim-ms,
323 1102 398 1138 ἀλλ’
419 1100 511 1142 ὅπως
538 1116 573 1137 τι
596 1099 655 1136 καὶ
671 1097 836 1139 λαὸόντες
857 1095 974 1134 οἴκαδε
991 1097 1074 1132 ἀνα-

58 1164 196 1212 χωρῆτε
220 1164 288 1198 τῶν
308 1160 443 1198 οἰκείων
462 1161 645 1212 φάρμακον
666 1161 806 1205 παθῶν,
826 1156 888 1195 κᾶν
911 1157 959 1206 μὴ
990 1155 1075 1207 παρ’

57 1225 170 1270 ἡμῶν,
190 1220 279 1258 ἀλλὰ
301 1221 397 1274 παρὰ
417 1223 484 1258 τῶν
501 1222 650 1273 Γραφῶν
676 1220 780 1271 ἔχητε
810 1218 854 1256 τὰ
872 1217 1077 1264 κατάλληλα

58 1281 240 1333 φάρμακα.
269 1278 371 1330 Οῗον,
399 1283 473 1321 ἔστι
501 1298 552 1326 τις
579 1281 740 1332 θυμικός;
761 1280 974 1332 Προσεγ-έτω
1001 1284 1077 1321 ταῖς

57 1347 126 1381 τῶν
146 1345 295 1396 Γραφῶν
320 1345 552 1396 ἀναγνώσεσι,
581 1344 641 1382 καὶ
664 1343 802 1386 πάντως
833 1340 972 1394 εὑρήσει
997 1339 1018 1386 ἢ
1043 1342 1077 1378 ἐν

59 1404 194 1456 ἱστορίᾳ
216 1405 237 1450 ἢ
260 1406 486 1457 παραινέσει·
512 1407 546 1443 ἓν
573 1405 776 1456 παραινέσει
805 1403 891 1454 μὲν,
910 1402 990 1440 ὅταν
1016 1400 1078 1439 λε’-

59 1482 182 1516 γηται,
199 1466 244 1504 ‘H
269 1467 357 1519 ῥοπὴ
380 1473 439 1506 τοῦ
459 1471 566 1518 θυμοῦ
586 1469 689 1505 αὐτοῦ
708 1469 840 1509 πτῶσις
869 1466 962 1517 αὐτῷ
975 1479 982 1487 ·
1005 1462 1077 1509 καὶ,

58 1525 159 1578 Ἀνὴρ
177 1527 337 1577 θυμώδης
365 1531 426 1567 οὐκ
446 1529 653 1580 εὐσχήμων,
673 1527 733 1564 καὶ
753 1527 816 1565 ὅσα
834 1531 978 1564 τοιαῦτα
992 1540 1000 1548 ·
1020 1524 1080 1563 καὶ

1145 969 1241 1006 enim
1259 966 1526 1019 objurgandum
1547 974 1598 1002 est
1618 974 1768 1002 tantum.
1800 964 1956 1002 Obsecro
1991 972 2024 1000 et
2053 977 2128 1011 oro,
2193 972 2332 1001 Remedia

1146 1043 1190 1066 ne
1226 1029 1263 1066 id
1294 1029 1408 1066 solum
1439 1026 1615 1079 spectetis,
1644 1035 1683 1063 ut
1701 1025 1737 1062 in
1752 1024 1935 1063 ecclesiam
1953 1024 2102 1062 veniatis
2118 1039 2129 1073 3
2145 1017 2335 1083 ζ”ἑῗήζᾞῗ

1146 1090 1207 1129 sed
1228 1100 1267 1128 ut
1283 1089 1390 1128 etiam
1402 1089 1550 1126 domum
1569 1087 1732 1139 regressi,
1750 1095 1893 1138 accepto
1913 1094 2030 1122 contra
2045 1085 2133 1123 vitia
2146 1098 2184 1121 ris
2217 1073 2334 1124 sunien-

1147 1152 1351 1204 pharmaeo,
1373 1151 1403 1189 si
1436 1164 1505 1187 non
1540 1164 1560 1187 a
1590 1148 1703 1196 nobis,
1730 1148 1853 1186 saltem
1888 1161 1907 1183 a
1938 1146 2134 1198 Scripturis
2146 1137 2194 1164 ἀΰ·

1147 1212 1375 1264 congruentia
1410 1210 1573 1249 habeatis
1605 1209 1772 1247 remedia.
1807 1207 1977 1259 Exempli
2008 1221 2133 1245 causa:

1147 1284 1198 1313 est
1213 1275 1295 1326 quis
1313 1273 1506 1311 iracundus
1521 1273 1538 1310 Ξ)
1560 1271 1727 1309 Attendat
1745 1270 1956 1308 lectionibus
1976 1269 2136 1321 Scriptu-

1147 1351 1281 1385 rarum,
1298 1345 1331 1373 et
1352 1335 1496 1373 omnino
1517 1333 1603 1384 quid
1621 1332 1771 1385 reperiet
1784 1332 1838 1370 vel
1858 1331 1893 1368 in
1914 1331 2061 1369 historia
2079 1331 2137 1369 vel

1147 1398 1185 1436 in
1197 1397 1342 1435 monitis
1360 1412 1367 1433 :
1389 1397 1424 1434 in
1439 1395 1598 1448 monitis,
1617 1409 1699 1432 cum
1712 1394 1846 1431 dieitur
1866 1409 1873 1429 ε
1894 1395 2136 1430 ,Momentum
2150 1404 2335 1434 Eccli.1.28.

1143 1462 1292 1512 suroris
1309 1462 1393 1511 ejus
1411 1461 1527 1497 ruina
1547 1460 1655 1509 ipsis;
1673 1466 1720 1503 et,
1745 1458 1813 1493 Vir
1831 1456 2041 1492 iracundus
2059 1468 2137 1492 non
2149 1464 2236 1491 Prov.
2266 1472 2312 1493 11.

1150 1521 1356 1566 modestus,
1383 1528 1416 1557 et
1443 1518 1574 1556 similia
1584 1534 1594 1567 3
1618 1518 1748 1554 iterum
1765 1530 1861 1561 vero,
1890 1517 1958 1553 Vir
1989 1516 2136 1567 Zinguo-
2151 1505 2230 1574 {id
2267 1546 2323 1584 139

58 1587 178 1635 πάλιν,
200 1588 300 1641 Ἀνὴρ
331 1589 543 1641 γλωσσώδης
564 1592 600 1627 οὗ
629 1588 940 1634 κατευθυνθήσεται
954 1602 961 1610 ·
983 1586 1041 1624 καὶ
1063 1589 1080 1624 ὃ
1101 1596 1124 1625 Β
1149 1597 1212 1621 sus
1253 1596 1331 1619 non
1361 1583 1548 1633 dirigetur
1569 1598 1584 1626 ,·
1610 1592 1825 1629 rursumque
1847 1577 2009 1615 Christus
2025 1607 2036 1623 ,
2065 1579 2140 1627 Qui
2157 1596 2202 1614 η.

60 1649 209 1699 Χριστὸς
236 1650 340 1687 πάλιν
356 1681 364 1698 ,
395 1651 439 1689 Ὁ
473 1650 691 1702 ὀργιζόμενος
726 1651 776 1701 τῷ
806 1649 942 1700 ἀδελφῷ
976 1650 1080 1685 αὐτοῦ

60 1710 135 1760 εἷκτῗΙ
153 1725 160 1732 ·
193 1711 253 1748 καὶ
287 1711 393 1750 πάλιν
423 1715 440 1750 ὃ
470 1711 662 1764 προφήτης,
693 1709 906 1763 Ὀργίζεσθὶ,
939 1709 997 1746 καὶ
1032 1709 1079 1759 μὴ

59 1770 276 1823 ἁμαρτάνετε
289 1788 297 1795 ·
317 1772 396 1820 καὶ,
420 1772 702 1824 Ἐπικατάρατος
720 1775 738 1809 ὃ
754 1771 859 1821 θυμὸς
879 1772 991 1808 αὐτῶν
1005 1800 1014 1817 ,
1028 1769 1083 1808 ὅτι

61 1832 223 1878 αὐθάδης.
239 1833 301 1871 Ἐν
330 1833 365 1871 δὲ
387 1834 571 1886 ἱστορίαις,
591 1828 658 1872 οἷον
679 1833 760 1871 ὅταν
782 1832 909 1883 ἀκούῃς
927 1831 984 1869 τὸν
1005 1832 1083 1869 Φα-

63 1891 134 1943 ραὼ
147 1895 278 1940 πολλῆς
297 1894 587 1945 ἐμπεπλησμένον
604 1897 720 1948 ὀργῆς,
737 1894 796 1932 καὶ
816 1893 874 1931 τὸν
891 1892 1083 1944 Ἀσσύριον,

62 1953 120 1990 καὶ
138 1953 195 1992 διὰ
215 1960 316 1993 τοῦτο
342 1957 613 2007 ἀπολλυμένους.
632 1957 746 1994 Πάλιν
765 1956 838 1994 ἔστι
857 1970 908 1997 τις
922 1953 1084 2004 ἡττώμε-

61 2030 116 2058 νος
137 2017 349 2067 χρημάτων,
371 2018 541 2064 ἀκουέτω,
571 2018 622 2055 ὅτι
642 2016 868 2069 Φιλαργύρου
889 2014 985 2053 οὐδὲν
1006 2017 1083 2053 ἀνοε

63 2075 216 2128 μώτερον
230 2093 237 2100 ·
256 2072 353 2121 οὗτος
365 2078 433 2132 γὰρ
451 2079 510 2116 καὶ
525 2079 586 2125 τὴν
606 2079 722 2132 ψυχὴν
739 2081 843 2116 αὐτοῦ
859 2077 877 2095 *
889 2075 1084 2127 ἔκπρακτον

61 2144 176 2176 ποιεῖ·
208 2139 267 2177 καὶ
288 2145 347 2178 τοῦ
368 2141 520 2193 Χριστοῦ
545 2140 721 2192 λέγοντος,
749 2141 801 2178 Οὐ
828 2139 971 2178 δύνασθε
1001 2140 1084 2190 Θεῷ

61 2200 230 2238 δουλεύειν
251 2201 309 2238 καὶ
327 2208 479 2253 μαμωνᾷ
494 2218 502 2226 ·
522 2202 581 2240 καὶ
599 2206 658 2239 τοῦ
676 2201 884 2248 ἀποστόλου,
902 2200 989 2239 “Ort
1007 2200 1082 2252 ῥίζα

60 2261 199 2298 πάντων
215 2265 283 2300 τῶν
303 2265 420 2300 κακῶν
442 2265 533 2300 ἐστιν
554 2265 575 2307 ἡ
596 2261 806 2315 φιλαργυρία
822 2277 829 2284 ·
850 2261 910 2299 καὶ
923 2266 983 2299 τοῦ
998 2276 1082 2313 προ-

62 2321 193 2374 φήτου,
222 2324 376 2367 Πλοῦτος
400 2323 458 2362 ἐὰν
486 2322 562 2375 ῥέῃ,
590 2323 639 2373 μὴ
668 2323 892 2376 προστίθεσθε
922 2322 1081 2374 καρδίαν,

60 2382 120 2420 καὶ
134 2383 247 2421 πολλὰ
265 2383 364 2436 ἕτερα
379 2389 535 2422 τοιαῦτα.
551 2385 621 2422 Καὶ
637 2383 704 2422 ἀπὸ
717 2387 875 2435 ἱστοριῶν
891 2382 948 2421 τὸν
962 2384 1081 2430 Γιεζῆ,

60 2443 117 2482 τὸν
140 2444 271 2483 Ἰούδαν
284 2474 292 2490 ,
312 2444 389 2488 τοὺς
406 2445 576 2498 ἄρχοντας
593 2448 661 2483 τῶν
681 2444 930 2498 γραμματέων,
951 2444 1010 2482 καὶ
1030 2443 1082 2481 ὅτι

61 2507 167 2556 Δῶρα
181 2507 342 2558 ἐκτυφλοῖ
358 2506 554 2557 ὀφθαλμοὺς
567 2509 692 2558 σοφῶν.
709 2505 831 2550 Ἄλλος
845 2506 937 2544 ἐστὶν
954 2504 1083 2557 ὑπερή-

63 2580 188 2617 φανος,
218 2565 410 2611 Ἀκουέτω,
439 2567 766 2621 ὅτι“1’περτ,φάνοις
792 2567 1038 2605 ἀντιτάσσεται
1065 2569 1082 2603 ὃ

63 2627 152 2671 Θεός
169 2643 176 2650 ·
197 2628 268 2672 καὶ,
299 2628 405 2681 Ἀρχὴ
437 2629 674 2681 ὑπερηφανίας
699 2629 853 2680 ἁμαρτία
868 2645 875 2652 ·
897 2628 974 2675 καὶ,
1005 2629 1083 2671 Πᾶς

63 2689 315 2741 ὑψηλοκάρδιος
335 2689 528 2741 ἀκάθαρτος
557 2689 654 2742 παρὰ
674 2689 805 2742 Κυρίῳ.
832 2690 902 2728 Καὶ
921 2691 955 2727 ἐν
988 2692 1084 2728 ἱστο-

66 2750 155 2802 ρίαις
183 2751 240 2789 τὸν
270 2751 442 2798 διάὸολον,
473 2752 531 2790 καὶ
559 2751 637 2795 τοὺς
662 2752 786 2795 ἄλλους
818 2751 986 2795 ἅπαντας.
1015 2751 1084 2789 Καὶ

63 2814 151 2855 ὅλως
167 2813 224 2860 (οὗ
239 2812 307 2863 γὰρ
327 2812 377 2850 ἔνι
395 2813 510 2851 πάντα
527 2812 756 2864 καταλέγειν)
777 2813 922 2856 ἕκαστος
940 2816 1008 2850 τῶν
1033 2814 1084 2850 οἷ·

64 2872 166 2911 κείων
190 2873 399 2924 τραυμάτων
419 2875 463 2913 τὰ
482 2874 652 2926 φάρμακα
673 2873 742 2912 ἀπὸ
768 2877 838 2912 τῶν
868 2873 966 2912 θείων
989 2875 1018 2912 Γ
1023 2890 1086 2925 ρα-

66 2935 137 2985 φῶν
158 2933 327 2984 ἐκλεγέτω
343 2951 350 2958 ·
371 2934 435 2973 κᾶν
456 2935 503 2986 μὴ
525 2936 563 2973 τὸ
581 2934 658 2973 ὅλον
669 2966 680 2983 ,
701 2936 804 2987 μέρος
821 2940 900 2986 γοῦν
922 2934 1085 2987 τήμερον,

66 2994 124 3032 καὶ
146 2994 249 3045 μέρος
270 2994 399 3046 αὔριον,
412 2991 486 3034 εἶτα
504 2997 543 3035 τὸ
562 2996 641 3035 ὅλον
661 2996 888 3048 ἀπονίψασθε.
910 2997 981 3034 Καὶ
1003 2997 1084 3047 περὶ

67 3054 250 3105 μετανοίας
269 3055 316 3103 δὲ,
331 3056 391 3094 καὶ
406 3057 485 3110 περὶ
500 3057 791 3109 ἓξομολογήσεως,
812 3057 870 3096 καὶ
889 3058 969 3111 περὶ
989 3059 1086 3104 ἐλεη-

69 3115 218 3166 μοσύνης
234 3146 242 3160 ,
267 3116 325 3153 καὶ
345 3118 424 3170 περὶ
445 3119 649 3164 ἐπιεικείας,
668 3119 727 3157 καὶ
748 3119 829 3171 περὶ
851 3118 1084 3172 σωφροσύνης,

67 3177 127 3215 καὶ
167 3178 247 3228 περὶ
291 3177 428 3215 πάντων
463 3179 599 3232 εὑρήσει
638 3179 753 3218 πολλὰ
800 3179 1084 3232 παραδείγματα.

68 3241 100 3277 Τ
104 3242 192 3276 αῧτα
211 3238 278 3289 γὰρ
296 3238 412 3277 πάντα
430 3240 561 3294 ἐγράφη
582 3241 668 3293 πρὸς
686 3241 863 3281 νουθεσίαν
877 3244 977 3291 ἡμῶν
990 3269 1000 3287 ,
1020 3256 1085 3291 φη-

114 3392 125 3404 n
155 3381 221 3421 [D.
243 3382 412 3420 ἑμίάἶλλκτε
434 3387 491 3412 τῶν
508 3382 643 3422 ainzim-a]

115 3433 129 3449 ¹*
154 3433 342 3475 [ἕκπρακτον
370 3432 551 3473 recepimus
578 3443 615 3464 ex
639 3432 720 3463 B.C.
740 3433 780 3464 D.
803 3431 845 3463 Et
870 3432 914 3463 ita
939 3430 1069 3473 Compi.

1151 1647 1336 1684 irascitur
1347 1645 1475 1695 fratri
1487 1656 1555 1681 suo
1570 1645 1654 1680 sine
1676 1655 1795 1679 causa
1810 1657 1824 1685 ,·
1841 1640 2040 1689 iterumque
2056 1653 2138 1690 pro·
2152 1629 2266 1697 gaalz.
2307 1628 2336 1656 5·

1149 1706 1270 1759 pheta,
1291 1707 1525 1751 Irascimini,
1542 1712 1580 1741 et
1599 1703 1719 1740 nolite
1734 1715 1896 1753 peccare
1911 1717 1925 1745 ;
1945 1709 1993 1746 et,
2012 1701 2139 1737 Male·
2153 1690 2240 1738 Ps'al.
2255 1710 2274 1748 4
2297 1709 2328 1738 5.

1151 1768 1275 1805 dictus
1288 1768 1404 1818 furor
1421 1778 1567 1810 eorum,
1591 1766 1684 1816 quia
1712 1764 1905 1814 pertinax.
1922 1762 1962 1798 In
1980 1760 2139 1798 historiis
2157 1753 2230 1780 Gen.
2243 1750 2330 1790 49¹7·

1150 1842 1250 1877 vero,
1271 1836 1311 1864 ut
1330 1841 1412 1864 cum
1426 1825 1530 1863 audis
1553 1824 1773 1861 Pharaonem
1792 1822 1845 1859 ira
1865 1835 1993 1872 magna
2013 1821 2136 1858 ineen-

1150 1903 1245 1938 sum,
1267 1888 1424 1938 itemque
1441 1885 1643 1938 Assyrium,
1665 1884 1725 1935 qui
1744 1883 1812 1920 hac
1830 1881 1874 1919 de
1890 1896 1995 1919 causa
2025 1881 2139 1933 perie-

1150 1959 1244 1988 runt.
1260 1951 1418 1987 Rursum
1437 1947 1500 1998 qui
1519 1960 1638 1983 amore
1653 1943 1811 1997 pecuniae
1839 1951 1964 1995 captus
1990 1950 2055 1989 est,
2077 1956 2140 1979 au-

1150 2010 1250 2048 diat:
1273 2010 1388 2048 Nihil
1409 2021 1530 2046 avaro
1551 2009 1721 2058 iniquius
1742 2021 1753 2041 .·
1776 2006 1839 2042 hic
1876 2003 1972 2040 enim
1991 2012 2028 2040 et
2048 2005 2139 2040 ani—

1152 2085 1255 2108 mam
1269 2084 1381 2108 suam
1397 2069 1581 2106 venalem
1597 2068 1768 2110 exhibe&
1783 2074 1816 2102 et
1832 2064 1973 2102 Christo
1985 2063 2136 2114 dicente,

1152 2135 1243 2171 Non
1277 2134 1435 2184 potestis
1467 2132 1552 2168 Deo
1579 2131 1721 2167 servire
1751 2136 1787 2164 et
1817 2140 2047 2163 mammonae
2060 2142 2074 2169 ;
2107 2135 2141 2163 et
2155 2134 2268 2162 Matth.
2290 2133 2321 2164 6.

1151 2194 1327 2246 apostolo,
1342 2193 1474 2230 Radix
1489 2192 1660 2227 omnium
1673 2188 1865 2226 malorum
1879 2195 1934 2225 est
1952 2189 2138 2231 avaritia,·
2157 2172 2273 2244 ilTim
2311 2217 2330 2246 6

1151 2263 1185 2292 et
1198 2255 1386 2307 propheta,
1409 2253 1570 2290 Divitiae
1585 2253 1619 2288 si
1645 2249 1828 2303 qsflzcant,
1856 2249 1975 2285 nolite
1992 2261 2058 2285 cor
2073 2262 2139 2299 ap·
2159 2266 2205 2286 10.
2280 2238 2287 2245 ”
2336 2239 2341 2246 ’

1148 2331 1305 2369 ponere,
1323 2315 1508 2365 multaque
1526 2313 1594 2350 alia
1615 2312 1760 2350 similia.
1785 2311 1844 2349 Ex
1869 2310 2042 2359 historiis,
2067 2310 2138 2347 ha—
2154 2298 2244 2368 ἔξω·
2268 2298 2319 2328 6¹·

1150 2379 1241 2417 betis
1261 2378 1377 2428 Giezi,
1400 2376 1542 2424 Judam,
1560 2374 1738 2427 principes
1765 2373 1974 2421 scribarum,
1995 2382 2029 2410 et
2044 2372 2139 2424 quod
2199 2362 2204 2367 ⁵

1151 2443 1272 2478 Dona
1291 2447 1488 2477 excaecant
1518 2437 1649 2475 oculos
1679 2439 1926 2488 sapientium.
1954 2435 2056 2472 Alius
2089 2444 2140 2472 est
2153 2415 2350 2488 Ξῖῖἵῇξξς·

1152 2502 1327 2554 superbus
1340 2501 1358 2538 ἶ)
1375 2499 1508 2537 Audiat
1530 2497 1637 2546 illud,
1655 2498 1762 2534 Deus
1781 2499 1951 2548 superbis
1970 2499 2112 2533 resistit
2124 2513 2139 2542 ;
2159 2510 2208 2539 19.
2319 2538 2329 2552 Ι

1152 2573 1200 2613 et,
1222 2564 1464 2613 Principium
1484 2561 1669 2610 superbiae
1687 2566 1886 2609 peccatum
1902 2573 1917 2601 ;
1939 2565 1984 2605 et,
2007 2559 2141 2595 Omnis
2154 2539 2344 2611 222523124

1152 2625 1330 2662 sublimis
1350 2622 1463 2659 corde
1480 2621 1649 2670 impurus
1670 2619 1775 2670 apud
1795 2619 2020 2655 Dominum.
2043 2617 2089 2654 Et
2104 2617 2141 2654 in
2160 2625 2206 2660 14.

1154 2684 1326 2731 historiis,
1356 2681 1519 2734 respicite
1549 2679 1734 2717 djabolum
1766 2678 1922 2729 aliosque
1945 2691 2075 2715 omnes.
2100 2679 2142 2715 In
2156 2663 2341 2693 va'ffi‘5'

2153 1996 2342 2035 Eccli.10.9.

2154 2061 2212 2080 sec.
2226 2052 2343 2091 Compl.

1155 2761 1293 2786 summa
1319 2749 1331 2793 (
1355 2759 1423 2783 non
1442 2744 1535 2782 enim
1554 2756 1743 2795 possumus
1764 2742 1883 2779 omnia
1910 2755 2088 2779 recensere
2107 2745 2141 2790 ),

1156 2808 1290 2860 singuli
1309 2820 1455 2844 suorum
1473 2805 1665 2843 vulnerum
1678 2803 1870 2856 pharmaca
1890 2817 1934 2839 ex
1948 2802 2143 2854 Scripturis

1156 2869 1290 2908 divinis
1318 2867 1476 2919 deligant
1496 2882 1504 2902 :
1527 2875 1561 2904 et
1587 2866 1616 2903 si
1637 2879 1704 2902 non
1729 2873 1843 2902 totum
1865 2864 1986 2910 simul,
2005 2873 2143 2916 partem

1158 2945 1266 2969 unam
1284 2929 1402 2977 hodie,
1423 2937 1563 2981 partem
1596 2928 1748 2965 crastina
1775 2925 1847 2973 die,
1877 2935 1910 2963 et
1943 2925 1993 2963 sie
2025 2925 2143 2962 omnia

1157 2993 1303 3031 abluite.
1335 2991 1382 3029 Et
1400 2991 1491 3028 circa
1515 2988 1771 3042 poenitentiam,
1798 2996 1831 3024 et
1848 2987 1941 3024 cirea
1959 2986 2143 3024 confessio-

1158 3069 1250 3103 nem,
1263 3053 1354 3091 circa
1371 3052 1643 3103 eleemosynam,
1661 3049 1752 3086 eirca
1775 3048 1989 3099 aequitatem,
2007 3048 2143 3085 eastita-

1156 3125 1227 3154 tem
1259 3124 1452 3164 caeteraque
1478 3111 1596 3150 omnia
1608 3141 1619 3159 ,
1654 3110 1814 3161 exempla
1844 3110 2009 3161 reperies.
2047 3111 2143 3146 Hoec
2159 3117 2297 3146 Rom.15.
2311 3116 2342 3157 4.

1156 3177 1289 3229 quippe
1305 3177 1437 3214 omnia
1449 3175 1591 3225 scripta
1606 3179 1694 3209 sunt
1713 3172 1767 3208 ad
1781 3173 2062 3208 institutionem
2076 3184 2143 3207 no-

1157 3248 1293 3284 stram,
1312 3235 1441 3286 inquit.
1455 3234 1494 3272 Si
1508 3233 1627 3283 itaque
1639 3232 1675 3269 in
1692 3231 1971 3269 admonitionem
1987 3240 2144 3269 nostram

1136 3377 1222 3411 Bibl.
1249 3372 1434 3419 ἐμπρακτον
1461 3382 1611 3414 perverse
1636 3369 1813 3411 CommeL,
1838 3370 1939 3403 Savil.
1966 3370 2084 3403 Montf.
2103 3372 2140 3401 A.

1139 3441 1256 3463 vero...
1273 3435 1326 3466 τὴν
1342 3434 1373 3470 ψ.
1390 3430 1478 3459 αὑτοῦ
1495 3424 1626 3465 duola]
