2466 3805
661 256 706 285 IN
746 257 766 285 A
773 255 857 286 cTA
895 255 1220 288 APGSTOLORUM
1228 278 1238 288 .

65 338 159 378 οὐδὲν
179 338 361 391 ἐργάσεται
382 341 472 389 ὑμᾶς
492 338 612 388 δεινὸν,
631 340 721 378 ἀλλὰ
738 341 797 379 καὶ
811 340 970 380 πείσεται
988 343 1078 380 πολ-

63 399 118 437 λά.
140 399 208 437 Καὶ
221 399 258 436 τὸ
276 399 316 445 δὴ
337 400 533 450 θαυμαστὸν
553 430 562 448 ,
577 400 628 438 ὅτι
642 401 808 453 πρότερον
823 402 1001 449 πείσεται,
1017 402 1076 440 καὶ

61 459 140 498 τότε
158 459 350 509 ἐμέήσεται
371 463 419 503 εἰς
436 459 514 504 τοὺς
536 460 720 504 κινδύνους.
748 462 864 500 Σαοὺλ
893 462 1039 514 ἀδελφὲ,
1059 466 1076 501 6

62 519 194 566 Ἰησοῦς
213 523 230 558 6
249 521 361 572 ὀφθείς
377 536 430 559 σοι
462 524 495 559 ἐν
515 525 557 574 τῇ
577 523 664 574 ὁδῷ,
694 523 892 561 ἀπέσταλκέ
922 540 977 574 με.
1000 525 1076 561 Οὐκ

62 573 174 627 εἶπεν,
193 584 210 618 ὁ
235 580 420 632 πηρώσας,
441 584 531 629 ἀλλ’,
553 581 597 620 Ὁ
629 582 740 634 ὀφθείς
762 598 832 620 σοι·
867 582 974 626 οὕτως
998 583 1075 634 ᾔδει

62 641 270 692 μετριάζειν,
301 642 360 679 καὶ
392 643 486 680 οὐδὲν
517 647 530 663 ⁰
542 642 727 694 φθέγγεταί
758 658 824 681 που
862 643 1074 687 ἇλαζονικόν.

57 701 197 754 “sto-nep
217 696 274 740 οῦν
294 706 311 740 ὃ
330 703 462 756 Πέτρος
481 702 595 754 ἔλεγεν
616 703 672 740 ἐπὶ
690 707 750 741 τοῦ
766 705 882 754 χωλοῦ
896 719 903 727 ·
927 703 974 740 Τί
990 706 1074 753 ἡμῖν

56 762 246 813 προσέχετε
263 765 310 805 ὡς
329 762 398 812 ἰδία
413 763 554 813 δυνάμει
572 761 594 808 ἢ
616 762 773 814 εὖσεὸείᾳ
787 762 994 809 πεποιηκόσι
1016 766 1075 800 τοῦ

58 829 260 875 περιπατεῖν
274 822 374 860 αὐτόν
382 838 393 871 3
411 821 499 860 οὕτω
516 822 575 861 καὶ
585 816 680 865 οὗτος
691 852 700 869 ,
718 823 762 859 Ὁ
778 822 912 868 Ἰησοῦς
931 825 948 859 ὃ
961 821 1075 873 ὀφθείς

59 898 123 921 σοι.
146 885 226 922 Τῶν
249 886 375 934 χειρῶν
405 882 629 932 ἐπικειμένων
652 886 762 919 ταῦτα
786 882 986 933 ἐφθέγγετο,
1015 882 1074 919 καὶ

59 944 163 990 διπλῆ
182 944 337 996 πήρωσις
360 942 487 981 ἐλύετο.
504 941 625 980 Εἰπὼν
647 941 700 989 δὲ,
717 942 770 979 ὅτι
789 941 918 979 Λαὸὼν
943 941 1072 994 τροφὴν

57 1005 251 1057 ἐνίσχυσεν,
272 1005 454 1052 ἐδήλωσεν,
474 1003 527 1041 ὅτι
545 1002 754 1055 παρειμένος
776 997 819 1049 ἦν
843 1003 903 1040 καὶ
928 1003 996 1040 ἀπὸ
1011 1005 1074 1049 τῆς

60 1051 207 1117 ἀθυμίας
225 1070 287 1112 τῆς
301 1065 388 1117 ὑπὲρ
400 1067 462 1111 τῆς
475 1063 666 1115 πηρώσεως
677 1094 686 1111 ,
707 1063 767 1101 καὶ
783 1063 852 1101 ἀπὸ
867 1068 926 1102 τοῦ
944 1064 1070 1116 φόέου,

57 1127 116 1163 καὶ
139 1127 208 1164 ἀπὸ
225 1132 284 1164 τοῦ
299 1128 416 1175 λιμοῦ.
434 1124 525 1163 Οὐδὲ
550 1124 616 1176 γὰρ
636 1124 804 1176 ἠνέσχετο
822 1123 988 1176 πρότερον
1011 1141 1071 1175 με-

54 1193 196 1239 τασχεῖν
228 1188 372 1239 τροφῆς,
404 1185 468 1228 ἕως
491 1184 546 1222 ὅτε
576 1184 776 1234 βαπτισθεὶς
802 1186 870 1222 τῶν
910 1184 1070 1236 μεγάλων

54 1247 149 1290 εὐθὺς
169 1247 268 1299 ἔτυχε
289 1248 438 1297 δωρεῶν.
453 1245 522 1283 Καὶ
539 1247 575 1282 οὗ
592 1244 705 1295 λέγει,
720 1245 853 1292 Ἰησοῦς
873 1248 890 1283 ὃ
907 1262 1070 1298 σταυρω-

55 1308 138 1356 θεὶς,
159 1313 176 1347 6
195 1308 277 1350 Υἱὸς
304 1312 362 1345 τοῦ
384 1308 496 1353 Θεοῦ,
531 1309 549 1344 ὃ
579 1312 708 1356 σημεῖα
735 1309 864 1344 ποιῶν·
893 1307 984 1345 ἀλλὰ
1017 1307 1068 1354 τί,

53 1368 98 1408 <O
119 1369 231 1421 ὀφθείς
251 1383 323 1415 σοι,
340 1368 408 1405 ἀπὸ
429 1369 496 1404 τῶν
519 1366 639 1418 ἐκείνῳ
661 1366 862 1418 γνωρίμων·
881 1367 956 1404 ἐπεὶ
974 1367 1033 1405 καὶ
1052 1370 1070 1404 ὁ

54 1429 203 1482 Χριστὸς
237 1428 331 1466 οὐδὲν
362 1427 466 1465 πλέον
499 1427 724 1478 προσέθηκεν,
756 1426 831 1465 οὐδὲ
866 1421 972 1475 εἶπεν,
1000 1427 1069 1479 ἐγώ

53 1491 125 1539 εἶμι
144 1492 162 1526 6
182 1488 406 1541 σταυρωθεὶς,
426 1491 444 1525 ὃ
463 1487 630 1539 ἐγερθείς·
658 1488 746 1535 ἀλλ’,
766 1486 835 1525 uOxo
855 1487 896 1525 σὺ
917 1487 1065 1532 διώκεις.

53 1551 130 1587 Οὐκ
149 1543 260 1595 εἶπεν,
283 1552 299 1586 ὃ
320 1548 565 1600 δεδιωγμένος,
584 1546 640 1585 ἵνα
661 1546 708 1598 μὴ
738 1547 817 1599 δόξῃ
842 1550 887 1590 ὡς
908 1549 1067 1586 ἐπενθου-

51 1617 128 1661 σιᾷν
148 1610 207 1647 καὶ
228 1610 427 1661 ἐπεγγελᾷν.
448 1608 491 1646 ‘O
511 1607 622 1660 ὀφθείς
641 1624 711 1656 σοι,
735 1609 838 1661 φησὶ,
867 1611 901 1646 ἐν
921 1612 963 1660 τῇ
982 1610 1062 1660 ὁδῷ.

51 1671 121 1708 Καὶ
145 1670 212 1720 μὴν
233 1673 294 1708 οὐκ
312 1669 409 1721 ὤφθη
421 1698 430 1715 ,
447 1668 537 1707 ἀλλὰ
556 1668 612 1706 διὰ
629 1669 846 1722 πραγμάτων
866 1668 977 1720 ὤφθη.
997 1669 1066 1708 Καὶ

1276 260 1434 291 uomit..
1469 261 1549 291 xx.
2041 264 2055 291 1
2068 247 2127 310 75

1149 358 1205 381 mo
1215 344 1382 396 patietur,
1395 355 1429 384 et
1443 355 1528 384 tunc
1542 345 1745 399 infpericula
1757 345 1899 385 incidet.
1913 347 2030 385 Saule
2027 349 2127 400 fra-

1151 410 1221 453 ter,
1241 404 1353 443 Jesus
1377 409 1444 458 qui
1473 409 1652 457 apparuit
1669 408 1740 444 tibi
1757 409 1797 443 in
1818 409 1900 452 via,
1922 409 2026 444 misit
2052 420 2127 444 me.

1100 455 1125 484 D
1150 464 1226 501 Non
1241 464 1348 515 dixit,
1363 467 1648 516 Quiexcaecavit,
1665 467 1738 518 sed,
1756 468 1830 518 Qui
1846 470 2025 520 apparuit
2041 470 2110 505 tibi
2120 483 2129 504 :

1148 523 1198 561 ita
1231 526 1387 565 modeste
1415 541 1518 578 agere
1550 528 1693 577 sciebat,
1736 528 1898 579 nihilque
1926 537 2129 579 arroganter

1148 583 1249 623 dicit.
1275 587 1324 623 Ut
1350 587 1460 637 igitur
1493 589 1618 626 Petrus
1647 598 1769 627 curato
1805 588 1931 627 claudo
1965 588 2126 626 dicebat:

1153 646 1256 694 Quid
1263 649 1370 685 nobis
1383 650 1595 696 attenditis,
1616 654 1729 702 quasi
1748 659 1880 688 nostra
1900 653 2046 689 virtute
2061 650 2130 688 vel

1146 707 1290 755 pietate
1304 709 1518 758 fecerimus
1549 711 1652 748 hunc
1681 712 1905 748 ambulare?
1923 712 1973 749 sic
1993 720 2026 749 et
2044 711 2124 760 iste,

1149 766 1263 803 Jesus
1283 770 1350 817 qui
1374 772 1554 819 apparuit
1575 772 1656 807 tibi.
1667 771 1848 822 Impositis
1867 772 1943 822 jam
1962 773 2126 811 manibus

1148 824 1223 862 haec
1247 826 1469 876 loquebatur,
1498 838 1531 867 et
1566 829 1702 881 duplex
1740 832 1877 868 caecitas
1910 833 2125 872 solvebatur.

1149 885 1240 921 Cum
1251 885 1340 923 dicit
1354 895 1486 935 autem,
1504 889 1599 925 Cum
1612 892 1770 940 cepisset
1779 893 1918 942 cibum,
1931 895 2127 944 couforta-

1149 953 1209 983 tus
1229 955 1299 993 est,
1319 947 1497 999 significat
1508 949 1612 986 illum
1638 949 1859 988 infirmatum
1893 965 1965 990 esse
1981 967 2001 989 a
2033 967 2127 991 moe-

1146 1021 1224 1045 rore
1245 1010 1426 1058 caecitatis,
1449 1023 1469 1048 a
1485 1011 1612 1048 timore
1642 1020 1676 1049 et
1706 1025 1726 1049 a
1751 1013 1854 1050 fame.
1885 1014 2006 1065 Neque
2032 1016 2127 1053 enim

1146 1069 1247 1121 prius
1262 1071 1382 1109 cibum
1395 1086 1534 1110 sumere
1565 1073 1695 1122 voluit,
1716 1088 1824 1123 quam
1837 1074 2036 1127 baptizatus
2052 1091 2128 1115 ma-

1096 1128 1119 1156 E
1146 1144 1214 1181 gna
1232 1132 1417 1170 sortiretur
1430 1133 1536 1171 dona.
1556 1135 1678 1184 Neque
1688 1134 1788 1183 dicit,
1802 1137 1905 1175 Jesus
1920 1138 2126 1188 crucifixus,

1144 1191 1259 1229 Filius
1281 1193 1361 1240 Dei,
1375 1194 1438 1244 qui
1451 1194 1552 1245 signa
1571 1194 1675 1243 facit3
1692 1194 1753 1232 sed
1769 1195 1881 1246 quid?
1908 1198 1983 1247 Qui
2001 1213 2126 1250 appa-

1144 1255 1222 1290 ruit
1238 1256 1307 1290 tibi
1317 1272 1332 1299 ,·
1352 1268 1391 1292 ea
1404 1254 1536 1303 dicens,
1554 1269 1631 1305 quae
1649 1255 1704 1293 illi
1724 1266 1805 1294 nota
1822 1267 1931 1295 erant.
1948 1259 2123 1306 Quando-

1144 1311 1287 1363 quidem
1303 1327 1346 1351 ne
1358 1314 1432 1366 ipse
1450 1315 1596 1365 quidem
1617 1315 1887 1354 Christusaliud
1898 1317 2040 1370 adjecit,
2059 1334 2126 1358 ne-

1143 1388 1210 1424 que
1225 1374 1339 1412 dixit:
1355 1375 1433 1426 Ego
1447 1390 1525 1414 sum
1544 1377 1605 1415 ille
1617 1378 1826 1428 crucifixus,
1840 1379 1901 1429 qui
1920 1381 2122 1431 resurrexi,

1142 1434 1214 1484 sed,
1239 1437 1359 1486 Quem
1379 1445 1419 1474 tu
1438 1441 1692 1489 persequeris.
1713 1440 1793 1476 Non
1815 1439 1921 1489 dixit,
1943 1441 2016 1487 Qui
2042 1456 2123 1493 per-

1142 1497 1384 1546 sequutionem
1401 1498 1533 1549 patior,
1547 1513 1590 1536 ue
1603 1498 1784 1537 videretur
1799 1500 1835 1537 in
1853 1515 1999 1539 excessu
2016 1517 2121 1541 men-

1141 1557 1185 1595 tis
1199 1558 1359 1597 irridere.
1382 1561 1456 1610 Qui
1468 1564 1649 1612 apparuit
1662 1563 1742 1610 tibi,
1759 1562 1889 1613 inquit,
1906 1566 1947 1600 in
1961 1567 2043 1602 via.
2061 1567 2122 1604 At-

1140 1619 1201 1668 qui
1219 1633 1287 1656 non
1305 1621 1482 1672 apparuit,
1499 1620 1561 1658 sed
1582 1635 1647 1673 per
1659 1635 1766 1674 opera
1784 1623 1883 1662 visus
1898 1633 1960 1661 cst.
1985 1624 2033 1662 Et
2054 1640 2122 1664 vo—

1139 1679 1214 1716 lens
1231 1681 1400 1719 sermonis
1416 1682 1616 1719 molestiam
1642 1683 1818 1734 mitigare,
1845 1685 1966 1722 statim
1982 1687 2121 1738 adjicit,

52 1731 159 1769 Οέλων
179 1730 364 1768 συσκιάσαι
383 1729 422 1766 τὸ
442 1729 599 1780 φορτικὸν
615 1734 674 1767 ’ῑῡῧ
691 1730 815 1781 λόγου,
833 1730 954 1772 εὐθέως
977 1731 1067 1776 ἕπῆ-
1081 1749 1127 1773 165
1147 1742 1197 1777 Ut
1209 1742 1360 1787 videas,
1379 1751 1415 1779 et
1431 1743 1626 1794 implearis
1646 1744 1789 1794 Spiritu
1804 1755 1951 1784 sancto.
1963 1748 2043 1785 Non
2062 1762 2124 1787 ve-

51 1807 166 1842 γαγεν,
196 1790 318 1833 ςΌπως
347 1789 561 1842 ἀναὸλέψης,
585 1789 643 1827 καὶ
673 1792 831 1841 πλησθῇς
863 1789 1068 1839 Πνεόματος
1092 1787 1116 1814 Α

51 1851 159 1903 ἁγίου.
179 1857 192 1872 ³
206 1851 299 1903 Οὐχὶ
313 1850 446 1902 ἐλέγξαι
465 1845 549 1896 ἦλθε
564 1850 603 1888 τὸ
620 1850 861 1901 γεγενημένον,
883 1850 971 1887 ἀλλὰ
994 1851 1067 1888 δοῦ-

50 1927 105 1949 ναι
120 1912 181 1958 τὴν
201 1911 343 1965 δωρεὰν,
358 1910 474 1962 φησίν.
495 1910 599 1960 Ἐμοὶ
614 1911 706 1948 δοκεῖ
725 1911 783 1948 καὶ
798 1914 917 1948 τοῦτον
937 1910 1066 1949 καὶτὸν

49 1974 237 2023 Κορνήλιον
264 1970 391 2014 *εὐθὺς
421 1970 550 2008 τούτων
583 1969 778 2021 λεγομένων
799 1972 867 2008 τῶν
900 1970 1064 2033 ῥημάτων

48 2039 107 2072 τοῦ
122 2034 321 2083 Πνεόματος
339 2037 526 2083 μετασχεῖν
539 2047 546 2054 ·
567 2031 681 2069 καίτοι
700 2047 740 2081 γε
768 2034 786 2069 ὃ
812 2030 923 2075 διδοὺς
947 2033 1006 2069 οὐκ
1024 2035 1065 2078 ἠν

48 2098 116 2132 τῶν
148 2094 291 2132 δώδεκα.
312 2092 432 2135 Οὕτως
461 2091 556 2130 οὐδὲν
587 2092 800 2144 ἀνθρώπινον
832 2092 972 2130 πάντων
996 2095 1064 2130 τῶν

48 2157 102 2192 ἐπ’
127 2158 236 2207 αὐτῷ,
257 2153 332 2193 οὐδὲ
361 2154 403 2190 δι’
435 2152 614 2204 ἀνθρώπου
650 2152 802 2203 ἐγένετο,
824 2154 901 2190 ἀλλ’
929 2156 947 2190 ὁ
976 2152 1066 2194 Θεὸς

48 2218 163 2266 παρῆν
185 2218 201 2252 ὁ
220 2218 330 2252 ταῦτα
357 2215 476 2251 ποιῶν.
492 2212 587 2262 Ἅμα
607 2212 642 2250 δὲ
659 2214 760 2251 αὐτὸν
787 2214 846 2251 καὶ
867 2213 1062 2265 μετριάζειν

47 2275 224 2321 παιδεύει,
266 2275 327 2312 οὐκ
362 2274 455 2323 ἄγων
490 2272 589 2310 αὐτὸν
627 2274 713 2326 πρὸς
745 2273 821 2316 τοὺς
856 2274 1062 2327 προκρίτους

46 2335 253 2378 ἀποστόλους
266 2365 275 2380 ,
292 2334 351 2372 καὶ
380 2333 562 2381 δείκνυσιν,
577 2333 629 2372 ὅτι
649 2333 743 2372 οὐδὲν
773 2333 986 2388 ἀνθρώπινον
1004 2336 1060 2373 ἐν·

43 2400 162 2435 ταῦθα.
178 2395 194 2417 ¹³
208 2398 261 2434 Οὐ
282 2395 350 2446 μὴν
366 2394 571 2445 Πνεύματος
592 2393 628 2433 δὲ
648 2393 776 2442 ἠξιώθη
806 2398 865 2434 τοῦ
885 2401 1062 2439 ποιοῦντος

43 2458 88 2497 τὰ
115 2464 260 2509 σημεῖα,
279 2457 335 2495 ἵνα
350 2456 410 2494 καὶ
436 2455 542 2499 οὕτως
560 2460 582 2502 ἦ
602 2456 717 2501 πίστις
736 2459 838 2496 αὐτοῦ
862 2459 1002 2510 δειχθῇ·
1022 2460 1060 2497 οὗ

43 2519 111 2571 γὰρ
134 2519 292 2568 θαύματα
324 2517 478 2564 ἐποίησε.
510 2518 578 2555 Καὶ
610 2518 750 2566 εὐθέως,
770 2519 886 2570 φησὶν,
918 2522 953 2558 ἐν
983 2527 1060 2563 ταῖς

45 2585 258 2630 συναγωγαῖς
275 2578 442 2630 ἐκήρυσσε
470 2578 528 2616 τὸν
547 2579 712 2630 Χριστὸν,
733 2579 820 2618 εὈτι
844 2574 940 2624 οῧτός
967 2584 1059 2620 ἐστιν

45 2643 63 2678 6
82 2640 163 2682 Υἱὸς
179 2644 237 2677 τοῦ
257 2642 362 2678 Θεοῦ.
380 2641 460 2690 Οὐχ
487 2638 540 2676 ὅτι
558 2639 682 2686 ἀνέστη
703 2640 890 2692 ἐκήρυσσε,
916 2642 991 2680 οὐδὲ
1008 2643 1059 2680 ὅτι

63 2703 106 2751 ᾔ·
127 2700 215 2738 ἀλλὰ
235 2699 286 2748 τί,
311 2699 453 2752 Σφόδρα
473 2699 624 2751 ἀκριῧῶς
652 2700 691 2738 τὸ
722 2701 835 2751 δόγμα
867 2700 1034 2745 ἐξετίθετο
1048 2734 1057 2752 ,

42 2759 126 2798 αΟτι
146 2755 241 2805 οῧτός
262 2763 354 2800 ἐστιν
373 2765 390 2800 ὁ
409 2761 491 2805 Υἱὸς
512 2766 571 2800 τοῦ
592 2763 694 2800 Θεοῦ.
711 2764 758 2800 Οἱ
774 2762 809 2801 δὲ
826 2765 872 2807 εἷς
893 2765 1058 2803 ἀπιστίαν

41 2824 160 2861 λοιπὸν
178 2823 338 2875 ἔρχονται
369 2827 479 2861 ταῦτα
496 2822 692 2870 ἀκούοντες,
723 2823 796 2862 δέον
818 2827 856 2863 οὐ
882 2826 1057 2864 πιστεύειν

42 2882 165 2932 μόνον,
186 2883 275 2921 ἀλλὰ
307 2882 366 2921 καὶ
396 2883 664 2930 ἐκπλήττεσθαι.
693 2884 764 2923 Καὶ
785 2884 819 2923 τί
851 2886 979 2933 δήποτε
994 2889 1058 2939 οὐχ

43 2943 172 2987 ἁπλῶς,
189 2942 240 2980 ὅτι
254 2942 400 2990 διώκτης
413 2938 467 2990 ἦν,
482 2943 654 2995 λέγουσιν,
670 2947 746 2984 ἀλλ’
762 2945 814 2984 ὅτι
829 2946 966 2999 ἐπόρθει
979 2947 1057 2991 τοὺς

42 3002 330 3051 ἐπικαλουμένους
347 3004 386 3042 τὸ
409 3004 517 3054 ὄνομα
538 3009 656 3052 τοῦτο;
675 3006 728 3044 Τὸ
756 3007 889 3060 σφόδρα
911 3008 1055 3058 μανικὸν

42 3062 99 3099 διὰ
127 3062 245 3100 τούτου
263 3063 495 3114 ἐμφαίνοντες.
519 3066 588 3103 Καὶ
611 3068 671 3104 οὐκ
701 3060 794 3105 εἷπον
821 3067 880 3105 τὸν
903 3069 1053 3116 Ἰησοῦν,

1141 1799 1206 1847 nit,
1223 1809 1262 1837 ut
1281 1815 1355 1839 rem
1367 1803 1496 1840 factam
1515 1812 1691 1854 argueret,
1707 1804 1769 1842 sed
1783 1804 1827 1843 ad
1844 1805 1979 1844 donum
1999 1809 2120 1847 confe—

1139 1861 1304 1910 rendum,
1319 1863 1447 1913 inquit.
1464 1864 1618 1903 Videtur
1641 1865 1731 1902 mihi
1750 1875 1784 1904 et
1817 1867 1914 1905 hunc
1939 1879 1972 1906 et
1991 1871 2120 1909 Corne-

1136 1921 1227 1959 lium
1262 1923 1382 1961 statim
1423 1934 1501 1976 post
1537 1926 1613 1963 haec
1659 1926 1755 1965 dieta
1793 1928 1903 1967 verba
1941 1931 2119 1982 Spiritum

1137 1983 1326 2035 recepisse,
1343 1985 1405 2022 etsi
1423 1987 1485 2036 qui
1507 1986 1628 2038 dabat,
1650 2002 1720 2026 non
1742 2004 1786 2027 ex
1804 1989 1994 2029 duodecim
2012 2002 2114 2031 esset.

1138 2045 1197 2082 Sic
1211 2046 1302 2084 nihil
1320 2047 1517 2086 humanum
1530 2049 1604 2100 hic,
1626 2065 1689 2089 nec
1705 2066 1767 2103 per
1784 2053 1966 2092 hominem
1984 2056 2117 2094 factum

1138 2115 1188 2143 est
1197 2122 1207 2155 ;
1228 2107 1288 2144 sed
1308 2110 1404 2146 Deus
1430 2109 1551 2146 aderat
1581 2111 1641 2160 qui
1672 2112 1749 2150 haec
1769 2123 1900 2164 ageret.
1932 2115 2119 2166 Simulque

1137 2167 1242 2205 illum
1264 2169 1418 2207 instituit
1432 2179 1471 2207 ut
1489 2170 1646 2209 modeste
1665 2173 1805 2220 sentiat,
1828 2188 1909 2212 cum
1922 2175 2026 2213 illum
2045 2192 2116 2215 uon

1136 2228 1234 2267 ducit
1245 2230 1293 2267 ad
1306 2231 1503 2283 praecipuos
1524 2234 1714 2284 apostolos,
1747 2235 1921 2286 docetque
1939 2238 2030 2275 nihil
2056 2239 2115 2277 hic

1135 2290 1332 2329 humanum
1364 2306 1451 2330 esse.
1486 2295 1608 2345 Neque
1635 2304 1720 2333 tunc
1747 2297 1936 2348 Spiritum,
1955 2309 1996 2337 ut
2015 2300 2117 2352 signa

1135 2352 1263 2401 ederet,
1278 2353 1425 2405 accepit,
1438 2363 1478 2392 ut
1498 2355 1549 2393 sic
1564 2356 1638 2407 ejus
1651 2356 1741 2394 fides
1760 2359 2001 2398 ostenderetur
2023 2377 2031 2397 :
2055 2375 2116 2399 ne-

1135 2427 1204 2463 que
1223 2413 1316 2451 enim
1335 2414 1435 2466 signa
1450 2416 1542 2454 fecit.
1558 2418 1613 2454 Et
1621 2420 1766 2467 statim,
1789 2418 1918 2469 inquit,
1935 2423 1977 2458 in
1992 2436 2115 2470 syna-

1131 2477 1238 2526 gogis
1249 2476 1488 2526 praedicabat
1509 2478 1719 2528 Christum,
1738 2482 1831 2531 quia
1841 2481 1904 2517 hic
1916 2491 1973 2519 est
1986 2484 2026 2519 F
2024 2484 2115 2522 ilius

1133 2536 1221 2574 Dei.
1242 2537 1322 2573 Non
1347 2537 1564 2588 praedicabat
1592 2539 1689 2588 quod
1718 2542 1981 2591 resurrexisset,
2002 2558 2116 2595 neque

1134 2598 1230 2648 quod
1248 2599 1404 2649 viveret,
1434 2601 1497 2638 sed
1530 2601 1647 2651 quid?
1679 2604 1954 2644 Accuratissime
1983 2607 2114 2659 dogma

1132 2663 1344 2714 exponebat,
1369 2665 1469 2714 Quia
1483 2666 1546 2703 hic
1565 2674 1620 2703 est
1639 2667 1766 2705 Filius
1778 2669 1864 2707 Dei.
1879 2670 1938 2708 Illi
1956 2685 2040 2709 vero
2056 2672 2114 2710 his

1131 2729 1264 2767 audjtis
1280 2729 1317 2767 in
1346 2730 1594 2769 incredulitate
1613 2741 1780 2784 perstant,
1802 2748 1884 2772 cum
1902 2738 2114 2789 oportuisset

1085 2464 1108 2493 Β

1130 2810 1199 2834 non
1211 2797 1316 2835 modo
1330 2797 1483 2848 credere,
1502 2797 1563 2836 sed
1576 2799 1681 2837 etiam
1696 2800 1952 2853 obstupescere.
1981 2804 2029 2842 Et
2049 2819 2113 2844 cur

1129 2875 1199 2900 non
1223 2863 1446 2916 simpliciter,
1461 2865 1559 2916 quod
1576 2876 1810 2918 persequutor
1827 2869 1945 2918 suerit,
1959 2871 2085 2910 dicunt
2095 2889 2107 2924 3

1128 2931 1190 2969 sed
1203 2931 1300 2982 quod
1320 2943 1538 2985 expugnaret
1556 2948 1628 2984 eos,
1645 2935 1707 2985 qui
1725 2935 1792 2973 hoc
1820 2951 1946 2975 nomen
1964 2939 2111 2978 invoca-

1126 2998 1228 3036 rent?
1247 2999 1421 3051 Magnum
1433 3000 1589 3038 furorem
1607 3000 1663 3038 his
1684 3000 1924 3041 declarabant.
1949 3005 2022 3042 Nec
2043 3007 2110 3045 Je-

1125 3078 1205 3103 sum
1221 3065 1465 3115 nominabant,
1484 3067 1583 3118 quod
1601 3082 1645 3106 ex
1656 3068 1789 3106 invidia
1811 3083 1855 3107 ne
1874 3084 2000 3109 nomen
2029 3072 2109 3123 qui-

42 3122 110 3159 ἀπὸ
128 3125 189 3168 τῆς
207 3124 393 3173 βασκανίας
410 3125 485 3164 οὐδὲ
501 3126 540 3164 τὸ
554 3126 662 3177 ὄνομα
678 3127 813 3166 ἀκούειν
829 3129 1052 3180 ἀνεχόμενοι·
1077 3141 1100 3171 C
1124 3132 1207 3170 dem
1222 3132 1346 3171 audire
1364 3133 1575 3172 sustinerent
1597 3150 1605 3171 :
1624 3134 1675 3174 sic
1693 3135 1828 3174 efferati
1843 3145 1952 3175 erant.
1964 3137 2020 3176 Et
2034 3139 2109 3178 huc

84 3299 95 3311 Γ
114 3290 300 3330 [ρθέγγεσθαί
312 3304 366 3324 που
378 3291 417 3322 D.
436 3298 469 3323 et
483 3292 666 3336 Erasmus]

85 3351 96 3364 ἑ·
117 3339 227 3372 Morcl.
246 3341 292 3381 [et
308 3341 365 3383 D.]
382 3345 443 3384 οὐχὶ
457 3346 571 3384 ἐλέγξαι
585 3348 687 3382 συνέὸη
702 3350 736 3378 τὸ
747 3359 809 3387 γεγ.

1148 3297 1163 3312 *
1180 3297 1283 3339 [εὐθὺς
1300 3302 1464 3341 λεγομένων
1477 3306 1536 3333 τῶν
1550 3305 1622 3345 πρὸς
1636 3303 1740 3339 αὐτοὺς
1753 3306 1804 3335 τοῦ
1820 3318 1852 3338 π.
1868 3319 1904 3346 μ..
1924 3305 1981 3346 D.]

1152 3350 1167 3372 ¹⁵
1184 3348 1244 3381 Alii
1261 3354 1292 3383 οὗ
1305 3357 1366 3392 μὴν
1384 3354 1550 3393 πνεύματος
1567 3356 1727 3391 ἐνεπλήσθη
1746 3359 1797 3388 τοῦ
1812 3361 1971 3395 ποιοῦντος,

2140 710 2210 741 Act.
2228 710 2258 740 3.
2278 719 2313 740 12
