2502 3810
92 1334 204 1361 Matth.
233 1342 276 1362 io.

95 1374 142 1402 ³5.

124 2617 273 2649 Cebenna,

91 2670 146 2694 quo
166 2661 195 2686 iu
212 2660 275 2687 loco

90 2707 137 2727 >tl-

294 259 387 304 828

292 353 453 403 exemplo
465 351 547 388 dato
562 363 630 388 non
643 349 770 386 melior
781 349 926 385 effectus
940 348 1170 386 est.Attamen
1184 347 1268 396 quia

289 413 352 450 ille
369 423 481 460 neque
496 410 641 446 fratrem
657 417 734 459 post
747 408 1025 445 admonitionem
1041 406 1185 453 occidit,
1209 420 1268 443 ne-
1293 419 1316 449 C

291 486 359 521 quc
377 479 577 508 accusatore
605 482 695 519 opus
722 468 863 517 habuit,
892 481 1005 517 neque
1032 467 1269 517 interrogante

288 532 364 569 Deo
376 529 598 581 impudenter
612 527 806 578 respondit,
824 527 885 564 sed
899 527 1037 564 nemine
1048 526 1268 577 redarguen-

289 601 337 636 te,
356 592 511 642 seipsum
528 587 753 641 reprehendit
765 596 798 625 et
813 587 1011 634 damnavit,
1026 587 1168 624 veniam
1187 600 1268 623 con-

290 661 457 703 sequutus
473 660 542 688 est:
558 650 619 687 ille
632 663 729 697 vero,
745 649 828 699 quia
847 648 1021 686 contraria
1031 648 1168 693 fecerat,
1184 661 1222 684 su
1227 662 1268 698 p-

288 713 397 765 plicio
410 721 461 750 est
479 712 637 749 affectus.
656 709 752 750 Vide
776 723 858 747 cum
877 718 1009 759 quanta
1033 708 1218 759 diligentia
1237 717 1270 745 et

290 772 511 810 accuratione
529 774 624 809 Deus
645 779 741 821 gesta
771 769 960 807 examinat.
986 768 1069 806 Ideo
1097 768 1178 806 illos
1207 768 1269 818 qui

289 843 446 885 tempore
464 832 595 870 diluvii
611 840 708 869 erant
723 831 805 879 alio,
825 829 1027 869 sodomitas
1046 830 1116 867 alio
1133 828 1270 880 suppli-

291 894 345 931 cio
376 893 493 931 affecit
507 909 514 930 :
530 907 672 930 rursum
704 891 881 930 Israelitas
913 891 1053 929 diverso
1073 890 1191 938 modo,
1213 903 1271 927 eos

291 955 351 1005 qui
371 956 407 992 in
427 954 631 1005 Babylone,
653 966 787 991 necnon
813 966 870 989 eos
895 952 957 1002 qui
978 952 1045 989 sub
1073 951 1269 1000 Antiocho,

289 1018 474 1057 ostendens
501 1031 537 1055 se
556 1030 720 1068 magnam
746 1016 876 1053 habere
905 1024 1106 1053 nostrorum
1124 1028 1269 1066 operum

289 1079 472 1117 rationem.
492 1078 538 1115 Et
550 1078 604 1114 illi
619 1077 763 1127 quidem
782 1076 1003 1127 septuaginta
1022 1075 1123 1113 annis
1141 1075 1271 1113 servie-

289 1149 383 1188 runt,
397 1139 436 1176 hi
450 1153 532 1178 vero
542 1138 808 1189 quadringentis
822 1153 828 1172 :
848 1137 900 1174 illi
914 1136 1007 1173 filios
1023 1150 1103 1174 suos
1114 1136 1269 1173 comede-

291 1209 387 1250 runt,
403 1209 436 1237 et
456 1198 651 1237 innumeris
667 1198 748 1235 aliis
768 1197 1030 1235 calamitatibus
1051 1196 1146 1248 plexi
1168 1206 1268 1245 sunt3

292 1276 404 1312 neque
422 1261 472 1299 sic
487 1270 601 1298 tamen
622 1268 703 1297 sunt
720 1259 876 1306 liberati,
893 1272 1006 1308 neque
1022 1257 1093 1305 isti,
1112 1271 1223 1307 neque
1242 1257 1269 1294 ii

293 1323 352 1374 qui
372 1323 408 1360 in
428 1322 592 1360 Sodomis
608 1320 684 1359 vivi
704 1320 877 1357 combusti
898 1329 990 1357 sunt.
1007 1321 1098 1357 Nam
1116 1319 1179 1368 ait,
1199 1321 1270 1356 To-

292 1384 491 1421 lerabilius
502 1386 573 1419 erit
587 1391 696 1418 terroe
709 1381 959 1417 Sodomorum
973 1388 1008 1416 et
1028 1380 1270 1417 Gomon-hce-

290 1458 412 1493 orum,
428 1457 544 1495 quam
561 1444 712 1480 civitati
728 1442 801 1478 illi.
821 1440 963 1476 Etenim
978 1439 1008 1476 si
1027 1439 1089 1476 ille
1107 1453 1169 1476 nos
1185 1454 1266 1490 pec·

286 1513 404 1542 cantes
421 1503 512 1540 nihil
540 1510 699 1551 curaret,
719 1514 781 1538 nec
800 1500 909 1552 probe
928 1508 1082 1550 agenteS,
1112 1499 1270 1537 fortassis

287 1567 415 1605 rationi
436 1579 627 1603 consonum
645 1578 717 1602 esse
737 1572 853 1615 posset
873 1562 1004 1611 dicere,
1037 1562 1178 1599 nullum
1197 1563 1270 1599 fore

286 1628 503 1680 supplicium
516 1643 522 1662 ε
535 1627 563 1664 si
581 1640 664 1664 vero
687 1634 818 1662 tantam
833 1623 978 1661 adhibet
995 1637 1129 1671 euram,
1150 1632 1189 1660 ut
1208 1637 1269 1660 nos

286 1703 353 1726 non
373 1702 572 1740 peccemus,
588 1696 621 1724 et
640 1686 668 1724 si
688 1694 784 1723 tanta
804 1684 952 1721 molitur
983 1693 1022 1722 ut
1053 1684 1163 1735 probe
1181 1698 1268 1735 aga-

286 1766 379 1797 mus,
399 1751 519 1803 palam
539 1758 590 1787 est
608 1749 712 1786 illum
746 1756 927 1800 peccantes
954 1746 1101 1798 punire,
1122 1755 1155 1783 et
1181 1746 1270 1784 bene

285 1822 425 1863 agentes
448 1824 626 1850 coronare.
647 1811 705 1847 Tu
727 1823 810 1847 vero
829 1807 917 1846 mihi
938 1806 1135 1844 consideres
1160 1807 1269 1845 velim

285 1874 479 1911 multorum
495 1871 706 1923 inaequadem
715 1870 903 1923 judicandi
922 1869 1161 1907 formam.Hic
1174 1870 1268 1907 enim

286 1937 404 1973 Deum
419 1943 597 1981 accusant,
617 1933 698 1984 quia
712 1946 804 1984 saepe
819 1931 991 1984 patienter
1003 1940 1162 1968 moratur
1177 1931 1269 1968 mul-

286 2006 409 2046 tosque
432 1995 596 2047 negligit,
619 1994 795 2043 scelestos,
813 1993 979 2042 lascivos,
1006 1991 1190 2040 violentos,
1208 1992 1268 2043 qui

286 2071 355 2094 non
373 2056 458 2094 dant
472 2069 612 2108 poenas;
628 2069 668 2093 ac
682 2063 802 2106 postea
818 2067 899 2091 cum
914 2053 1160 2100 comminatur,
1175 2066 1270 2091 acer-

285 2119 322 2156 bi
342 2128 374 2156 et
393 2117 530 2155 molesti
559 2125 640 2154 sunt
670 2125 773 2166 atque
806 2115 978 2152 incusant.
1009 2113 1117 2163 Atqui
1141 2114 1170 2150 si
1201 2113 1270 2151 hoc

286 2182 472 2219 molestum
499 2189 562 2226 est,
593 2178 684 2216 illud
712 2178 818 2215 etiam
847 2176 1122 2229 approbandum
1147 2185 1220 2214 erat
1238 2185 1270 2214 et
1284 2210 1330 2234 752

287 2240 517 2279 laudandum.
538 2239 610 2277 Sed
628 2253 648 2276 o
671 2236 878 2276 stultitiam!
899 2251 918 2274 o
939 2236 1083 2275 stultam
1104 2246 1138 2274 et
1156 2238 1271 2275 asina·
1295 2248 1319 2276 A

287 2302 377 2338 riam
393 2297 568 2337 mentem!
589 2313 609 2335 o
628 2298 784 2335 animam
802 2305 942 2348 peccato
961 2311 1001 2333 ac
1016 2296 1194 2348 voluptati
1208 2297 1271 2334 ob-

288 2360 433 2398 noxiam
448 2369 551 2409 atque
570 2357 615 2395 ad
632 2357 828 2407 nequitiam
843 2356 1107 2407 respicientem!
1127 2356 1270 2394 Etenim

290 2436 308 2458 a
325 2419 518 2472 voluptatis
531 2431 649 2456 amore
660 2418 735 2454 haec
748 2416 911 2468 dogmata
924 2416 1041 2454 omnia
1054 2426 1246 2454 nascuntur
1261 2433 1268 2452 :

290 2485 337 2521 ita
357 2492 394 2520 ut
412 2482 492 2532 siii,
511 2481 568 2532 qui
584 2481 667 2518 talia
683 2480 820 2527 dicunt,
832 2480 1000 2518 vii-tutem
1013 2480 1177 2531 amplecti
1191 2480 1269 2517 vel—

289 2546 374 2593 lent,
392 2545 460 2581 cito
478 2543 521 2581 de
540 2542 697 2593 gehenna
720 2540 879 2593 persuasi
898 2549 1024 2589 essent,
1043 2554 1107 2577 nec
1125 2540 1269 2578 dubita-

288 2615 377 2644 rent.
398 2605 443 2642 Εἰ
468 2603 625 2653 ubinam,
648 2602 798 2653 inquies,
819 2615 935 2652 quove
956 2602 991 2639 in
1019 2602 1096 2639 loco
1113 2602 1189 2639 haec
1207 2615 1269 2653 ge-

289 2668 403 2705 henna
432 2665 522 2703 erit?
548 2665 620 2701 Cur
640 2664 707 2701 hoc
726 2663 792 2700 tibi
823 2676 916 2700 curae
946 2663 1024 2700 est?
1044 2663 1150 2709 Quod
1177 2663 1270 2701 enim

289 2730 458 2781 quaeritur
480 2737 542 2777 est,
559 2736 597 2764 ut
614 2721 824 2764 ostendatur
852 2740 896 2763 an
925 2726 981 2774 sit,
998 2740 1066 2764 non
1084 2726 1146 2763 ubi
1165 2741 1270 2778 repo-

290 2794 356 2830 sita
375 2792 419 2829 sit
437 2800 469 2829 et
491 2804 560 2840 quo
587 2789 622 2826 in
654 2789 746 2825 loco.
769 2787 925 2834 Quidam
952 2787 1047 2825 enim
1073 2788 1270 2826 fabulantes

289 2853 426 2899 dieunt,
453 2851 489 2888 iu
521 2849 626 2889 Valle
645 2849 827 2901 Josapbat,
844 2848 881 2885 id
914 2848 1010 2898 quod
1028 2848 1072 2886 de
1091 2849 1268 2900 praeterito

743 270 780 298 S.

1293 1025 1318 1054 D

331 3018 344 3031 a
370 3005 457 3037 Alius
469 3004 515 3047 [ct
531 3004 583 3044 Α.]
597 3005 768 3035 κατεδίκασε
781 3005 998 3046 χαλεπώτερα,
1013 3008 1193 3043 συγγνώμην.

332 3062 348 3084 ¹³
373 3059 432 3099 [A.
446 3059 526 3096 εἶδες,
545 3063 576 3086 81-
594 3054 677 3086 infra
696 3053 900 3097 ἐτι,υ.ωρε”ιτο.]

332 3111 343 3120 '
367 3110 377 3150 [
395 3109 471 3139 Hoec
485 3114 517 3137 et
534 3105 701 3147 sequentia
720 3114 819 3146 usque
830 3103 873 3135 ad
886 3103 982 3135 finem
997 3102 1140 3135 homiliae
1156 3114 1194 3134 ex
1207 3103 1288 3135 scri-

288 3161 354 3202 psit
364 3159 539 3201 plagiarius
553 3167 648 3198 supra
660 3164 873 3197 memoratus,
888 3166 921 3196 p,
935 3157 1011 3197 705,
1022 3157 1059 3187 E.
1073 3156 1243 3188 Cfr.Tom.
1257 3157 1287 3197 8,

289 3225 320 3253 p.
340 3214 416 3252 80⁴,
433 3211 496 3251 B.]

331 3275 342 3287 e
367 3265 556 3305 [Anonym.
571 3267 602 3291 et
616 3269 720 3301 marg.
733 3258 833 3294 Savil.
852 3263 984 3296 ἀναιδῶς
995 3268 1122 3301 γνώμης.
1139 3258 1230 3290 Infra
1245 3262 1282 3293 A.

288 3321 335 3347 καὶ
352 3320 408 3356 γὰρ
437 3317 540 3345 ἐκεῖθεν
563 3317 602 3343 τὰ
627 3312 774 3352 δόγματα.
797 3312 900 3343 Αηοιι.
936 3316 983 3343 καὶ
1005 3317 1062 3353 γαρ
1089 3316 1147 3343 ἀπὸ
1173 3315 1284 3348 πολλῆς

288 3365 476 3410 ᾳ;).ηἷο·ιιάς.]

330 3428 342 3441 ¹²·
367 3415 591 3459 [mamm-1771:
608 3415 711 3446 Ailou>
728 3421 758 3445 et
777 3415 812 3444 A.
833 3413 905 3444 Mox
926 3418 984 3446 ἐπὶ
1001 3416 1090 3452 ‘Teii-'za
1106 3413 1208 3447 Aaou,
1228 3416 1283 3446 ln-

818 268 1001 298 JOANNIS
1035 266 1269 296 CHRYSOST.
1308 266 1514 297 ARCfflEP.
1553 268 1906 300 CONSTANTINOP-

1341 347 1428 396 μετὰ
1459 348 1675 400 παραίνεσιν,
1695 349 1771 387 οὔτε
1800 350 1923 395 ἐδεήθη
1944 353 2002 387 τοῦ
2031 352 2328 406 κατηγορήσαντος
2345 380 2354 396 ,

1340 407 1417 445 οὔτε
1436 410 1528 446 Θεοῦ
1548 411 1743 460 ἐρωτῶντος
1761 410 2050 461 ἧναισΑύντησεν,
2070 413 2160 450 ἀλλὰ
2175 414 2234 451 καὶ
2251 414 2355 463 μηδε-

1339 468 1393 510 νὸς
1411 469 1610 520 ἐλέγχρντος
1629 470 1687 507 καὶ
1702 476 1862 508 κατεῖπεν
1884 473 2005 508 ἑαυτοῦ
2022 472 2104 509 ἱ’καὶ
2124 472 2328 510 κατεδίκασε
2346 501 2356 518 ,

1340 528 1546 579 συγγνώμης
1576 528 1713 581 ἔτυχεν·
1737 533 1754 567 ὁ
1774 530 1828 578 δὲ,
1855 530 1974 576 ἐπειδὴ
1993 532 2159 569 τάναντία
2182 532 2357 577 ἐποίησεν,

1339 590 1555 642 ἐτιμωρεῖτο.
1574 589 1589 609 ¹³
1608 590 1678 628 Ἴδε
1713 593 1789 641 μεθ’
1823 590 1905 637 ὅσης
1934 591 2113 644 ἀκριὸείας
2141 591 2290 635 ἐξετάζει
2314 591 2358 628 τὰ

1339 650 1504 700 γινόμενα
1522 655 1539 689 ὃ
1555 651 1654 694 Θεός.
1675 651 1742 689 Διὰ
1765 657 1863 690 τοῦτο
1887 653 1946 690 καὶ
1965 652 2040 696 τοὺς
2063 654 2096 689 ἐν
2116 655 2164 704 τῷ
2180 654 2357 690 κατακλυ-

1340 714 1419 762 σμῷ
1441 711 1586 764 ἑτέρως,
1615 712 1673 750 καὶ
1692 712 1769 755 τοὺς
1795 715 1829 750 ἐν
1849 712 2019 763 Σοδόμοις
2042 713 2156 756 ἄλλως
2179 712 2357 763 ἐτιμωρή-

1339 786 1446 808 σατο·
1476 772 1534 808 καὶ
1552 772 1631 815 τοὺς
1650 772 1872 823 Ἰσραηλίτας
1892 774 1926 810 δὲ
1957 773 2061 811 πάλιν
2083 774 2253 825 διαφόρως
2269 803 2279 823 ,
2299 774 2359 812 καὶ

1338 831 1415 874 τοὺς
1444 834 1477 870 ἐν
1498 833 1702 879 Βαὸυλῶνι,
1723 833 1783 870 καὶ
1811 834 1888 877 τοὺς
1913 836 1966 872 ἐπ’
1989 834 2163 886 Ἀντιόχου
2178 851 2185 858 ·
2207 833 2361 879 δεικνὺς,

1339 892 1391 930 ὅτι
1408 892 1513 931 πολὺν
1530 893 1603 944 ἔχει
1623 897 1692 931 τῶν
1708 895 1886 946 ἡμετέρων
1905 895 2019 946 λόγον.
2040 896 2109 934 Καὶ
2128 898 2159 933 οἱ
2182 894 2243 945 μὲν
2260 895 2359 931 {5¹30-

1341 953 1497 1003 μήκοντα
1525 953 1728 992 ἐδούλευε-αν
1746 955 1825 1003 ἔτη,
1845 958 1877 993 ot
1895 955 1930 992 δὲ
1950 956 2175 1007 τετρακόσια·
2195 959 2226 994 ot
2248 955 2284 994 δὲ
2303 955 2361 993 τέ-

1339 1029 1403 1052 κνα
1420 1014 1558 1065 ἔφαγον,
1570 1014 1629 1052 καί
1642 1015 1767 1066 μυρίας
1783 1016 1901 1067 ἑτέρας
1912 1015 2160 1068 χαλεπωτέρας
2173 1016 2362 1066 ὑπέμειναν

1339 1074 1535 1126 συμφορὰς,
1566 1075 1626 1113 καὶ
1646 1075 1723 1113 οὐδὲ
1753 1076 1862 1127 ταύτῃ
1892 1076 2147 1127 ἀπηλλάγησαν
2167 1076 2245 1115 οὔτε
2269 1070 2362 1114 οὗτοι

1338 1134 1415 1173 οὔτε
1429 1138 1459 1173 οἱ
1480 1138 1603 1180 ζῶντες
1619 1137 1758 1179 καέντες
1777 1139 1811 1175 ἐν
1833 1137 2013 1187 Σοδόμοις.
2030 1137 2266 1190 Ἀνεκτότερον
2281 1137 2362 1189 γὰρ,

1338 1197 1456 1247 φησὶν,
1476 1196 1572 1234 ἔσται
1592 1200 1636 1248 γῇ
1654 1197 1820 1248 Σοδόμων
1850 1198 1910 1235 καὶ
1937 1198 2137 1250 Γομόρρων,
2161 1198 2183 1244 ἢ
2202 1201 2244 1249 τῇ
2262 1198 2362 1236 πόλει

1339 1257 1464 1308 ἐκείνῃ.
1488 1259 1506 1275 *
1520 1259 1564 1295 Εἰ
1582 1258 1644 1308 μὲν
1664 1259 1731 1310 γὰρ
1753 1258 1859 1309 μηδὲν
1877 1262 1971 1310 αὐτῷ
1989 1259 2078 1309 μήτε
2091 1259 2362 1312 ἁμαρτανόντων

1338 1320 1437 1367 ἡμῶν
1468 1318 1584 1368 μέλει,
1618 1319 1707 1369 μήτε
1742 1319 2000 1370 κατορθούντων
2011 1350 2021 1367 ,
2058 1320 2139 1363 ἴσως
2181 1320 2246 1364 ἕξει
2283 1320 2361 1358 τινὰ

1338 1378 1437 1428 λόγον
1472 1379 1511 1416 τὸ
1538 1380 1650 1430 λέγειν
1689 1379 1737 1429 μὴ
1773 1374 1860 1416 εἶναι
1894 1379 2056 1417 κόλασιν·
2078 1382 2107 1417 εἷ
2131 1379 2167 1417 δὲ
2187 1380 2360 1426 τοσαύτην

1339 1443 1489 1476 ποιεῖται
1524 1438 1690 1486 σπουδὴν,
1725 1438 1816 1476 ὥστε
1854 1439 1901 1489 μὴ
1929 1439 2141 1490 ἁμαρτάνειν
2165 1443 2280 1490 ἡμᾶς,
2302 1440 2362 1477 καὶ

1339 1503 1491 1536 τοσαῦτα
1527 1500 1838 1550 πραγματεύεται,
1874 1499 1965 1537 ὥστε
1994 1504 2196 1551 κατορθοῦν,
2219 1501 2361 1546 εὔδηλον

1339 1559 1391 1596 ὅτι
1405 1560 1464 1597 καὶ
1484 1560 1746 1611 ἁμαρτάνοντας
1767 1560 1928 1605 κολάζει,
1947 1560 2005 1598 καὶ
2021 1564 2273 1612 κατορθοῦντας
2289 1577 2363 1599 στε-

1473 1619 1523 1657 >Sta
1548 1620 1582 1657 δέ
1604 1636 1662 1670 μοι
1682 1620 1805 1659 σκόπει
1827 1623 1893 1658 τῶν
1913 1623 2051 1659 πολλῶν
2067 1621 2129 1667 τὴν
2147 1621 2363 1672 ἀνωμαλίαν.

1341 1625 1452 1670 φανοῖ.

1340 1679 1514 1718 Ἐνταῦθα
1534 1680 1596 1730 μὲν
1627 1680 1694 1732 γὰρ
1715 1682 1898 1731 ἐγκαλοῦσι
1916 1684 1966 1733 τῷ
1985 1683 2085 1734 Θεῷ,
2108 1681 2161 1719 ὅτι
2185 1684 2361 1733 μακροθυ-

1342 1746 1399 1789 μεῖ
1418 1741 1609 1788 πολλάκις,
1639 1741 1698 1779 καὶ
1723 1748 1869 1794 περιορᾷ
1889 1741 2036 1785 πολλοὺς
2063 1741 2224 1794 μιαροὺς,
2258 1743 2360 1780 ἀσελ-

1339 1808 1409 1851 γεῖς
1421 1831 1430 1848 ,
1452 1802 1601 1852 βιαίους,
1624 1802 1671 1852 μὴ
1690 1802 1844 1844 διδόντας
1861 1802 1958 1848 δίκην
1970 1818 1977 1825 ·
1995 1804 2064 1840 ἐκεῖ
2079 1803 2185 1840 πάλιν
2205 1801 2244 1839 ἂν
2263 1804 2362 1840 ἀπει-

1339 1865 1431 1915 'mys-s]
1461 1863 1615 1908 κολάζειν
1650 1863 1791 1910 αὐτοὺς,
1831 1863 1972 1916 σφοδροὶ
2018 1863 2077 1901 καὶ
2124 1866 2240 1914 βαρεῖς
2275 1866 2361 1901 εἰσιν

1342 1925 1563 1975 αἰτιώμενοι·
1591 1925 1705 1962 καίτοι
1723 1940 1762 1975 γε
1784 1927 1812 1962 εἷ
1827 1929 1928 1962 τοῦτο
1953 1925 2081 1971 λυπεῖ,
2102 1925 2210 1962 ἐκεῖνο
2230 1923 2362 1961 ἀποδέ-

1339 1991 1463 2039 χεσθαι
1481 1986 1548 2024 ἔδει
1564 1986 1623 2024 καὶ
1643 1987 1841 2036 θαυμάζειν.
1863 1985 1952 2023 Ἀλλ’
1971 1984 1999 2022 ὣ
2021 1988 2082 2031 τῆς
2103 1985 2236 2031 ἀνοίας,
2254 1984 2282 2022 ὢ
2301 1987 2364 2031 τ’ἧς

1342 2048 1466 2097 ἀλόγου
1483 2047 1542 2085 καὶ
1564 2052 1577 2067 ⁰
1590 2046 1736 2090 ὀνώδους
1753 2045 1895 2097 γνώμης
1909 2062 1916 2070 ·
1934 2046 1962 2083 ὢ
1979 2045 2286 2099 φιλαμαρτήμονος
2302 2046 2363 2084 καὶ

1341 2107 1523 2159 φιληδόνου
1538 2107 1597 2145 καὶ
1612 2106 1697 2159 πρὸς
1714 2107 1838 2145 κακίαν
1857 2106 2051 2158 βλεπούσης
2065 2109 2181 2159 ψυχῆς
2193 2123 2201 2130 ·
2221 2107 2280 2145 καὶ
2295 2106 2362 2158 γὰρ

1343 2168 1411 2206 ἀπὸ
1425 2172 1487 2215 τῆς
1509 2169 1707 2219 φιληδονίας
1727 2168 1771 2206 τὰ
1791 2168 1949 2219 δόγματα
1973 2168 2110 2206 ἅπαντα
2128 2173 2237 2206 ταῦτα
2251 2168 2364 2206 τίκτε-

1342 2246 1398 2267 ται
1416 2246 1421 2251 ·
1442 2231 1487 2272 ὡς
1511 2232 1539 2266 εἷ
1571 2232 1770 2280 βουληθεῖεν
1791 2232 1821 2267 οἱ
1839 2234 1951 2266 ταῦτα
1973 2228 2129 2280 λέγοντες
2145 2233 2270 2282 ἀρετῆς
2285 2231 2363 2267 ἐπι-

1342 2289 1528 2337 λαέέσθαι,
1552 2290 1688 2341 ταχέως
1716 2290 1775 2327 καὶ
1795 2290 1874 2341 περὶ
1907 2293 1969 2335 τῆς
1999 2288 2136 2340 γεέννης
2155 2290 2362 2335 1*πιστωθῆ-

1343 2365 1480 2397 σονται,
1503 2350 1561 2388 καὶ
1589 2353 1650 2387 οὐκ
1672 2350 1920 2401 ἀμφιὸαλοῧσι.
1938 2349 2007 2387 Καὶ
2023 2354 2106 2395 ποῦ,
2128 2349 2232 2401 φησὶ,
2252 2349 2311 2387 καὶ
2328 2352 2361 2388 ἐν

1341 2410 1430 2461 ποίῳ
1445 2410 1565 2462 χωρίῳ
1587 2409 1672 2456 αὕτη
1694 2410 1789 2448 ἔσται
1804 2413 1825 2455 ἦ
1845 2409 1986 2460 γεέννα;
2006 2410 2053 2447 Τί
2067 2411 2135 2461 γάρ
2163 2426 2217 2448 σοι
2240 2411 2361 2449 τούτου

1343 2470 1440 2520 μέλει
1454 2488 1463 2518 3
1477 2472 1516 2509 τὸ
1541 2471 1607 2522 γὰρ
1624 2471 1845 2521 ζητούμενον,
1868 2470 1973 2514 δεῖξαι
1991 2470 2044 2508 ὅτι
2061 2470 2169 2519 ἔστιν,
2191 2474 2257 2523 οὐχ
2275 2471 2360 2510 ὅπου

1340 2531 1562 2582 τεταμίευται
1577 2533 1637 2570 καὶ
1660 2534 1693 2569 ἐν
1712 2531 1802 2584 ποίῳ
1820 2531 1951 2584 χωρίῳ.
1968 2531 2070 2575 Τινὲς
2088 2532 2149 2582 μὲν
2170 2532 2239 2584 γὰρ
2259 2536 2361 2584 μυθο-

1340 2592 1517 2643 λογοῧντές
1538 2608 1655 2644 φασιν,
1677 2592 1728 2630 ὅτι
1748 2594 1782 2629 ἐν
1803 2596 1845 2643 τῇ
1874 2592 2010 2630 κοιλάδι
2032 2596 2091 2630 τοῦ
2112 2592 2288 2645 Ἰωσαφὰτ
2303 2623 2312 2641 ,
2345 2594 2363 2632 ὃ

1340 2654 1419 2707 περὶ
1437 2655 1591 2704 πολέμου
1625 2654 1715 2697 τινὸς
1747 2654 1883 2706 εἴρηται
1907 2654 2160 2707 3παρελθόντος
2175 2683 2184 2700 ,
2206 2654 2264 2692 καὶ
2301 2657 2359 2691 νῦν

1341 2719 1439 2753 τοῦτο
1460 2717 1505 2758 εἷς
1521 2714 1582 2761 τὴν
1600 2714 1740 2766 γέενναν
1765 2714 1942 2758 ἕλκοντες·
1966 2717 1987 2760 ἦ
2009 2715 2044 2752 δὲ
2063 2714 2185 2767 Γραφὴ
2207 2716 2244 2752 οὒ
2259 2714 2362 2752 τοῦτό

1341 2797 1456 2832 φησιν.
1473 2782 1563 2820 Ἀλλ’
1584 2784 1617 2819 ἐν
1637 2781 1726 2833 ποίῳ
1742 2781 1856 2833 τόπῳ,
1873 2781 1991 2833 φησὶν,
2009 2782 2130 2831 ἔσται,
2150 2781 2246 2826 Ἔξω
2270 2797 2335 2820 που
2349 2811 2359 2828 ,

1340 2852 1385 2892 ὡς
1401 2849 1509 2900 ἔγωγε
1528 2841 1626 2898 οἶμαι
1639 2877 1647 2893 ,
1663 2852 1723 2886 τοῦ
1740 2849 1871 2899 κόσμου
1893 2848 2014 2887 τούτου
2028 2848 2168 2891 παντός.
2190 2848 2357 2898 Καθάπερ

1352 3003 1399 3033 fra
1416 3006 1469 3045 οὐχ
1480 3007 1552 3036 ὅπου
1570 3016 1678 3044 τεταμ.
1696 3002 1748 3042 A.;
1768 3005 1798 3034 οὐ
1816 3009 1870 3036 ποῦ
1887 3016 1948 3035 τετ.
1966 2999 2068 3043 Editi5
2086 3006 2158 3035 ὅπου
2175 3004 2205 3034 δὲ
2219 3005 2358 3044 ταμιεῖα-

1356 3070 1404 3088 ται
1421 3055 1545 3096 Anon.]

1399 3106 1415 3129 b
1439 3105 1674 3148 [mcp=·).90'uro;,
1686 3109 1773 3139 τοῦτο
1788 3105 1822 3135 Α.
1837 3103 1902 3136 Sed
1919 3104 2114 3147 Anonymus
2130 3102 2279 3145 quredam
2293 3103 2356 3135 alia

1355 3156 1443 3189 haud
1461 3158 1570 3198 inepta
1587 3155 1628 3188 de
1650 3157 1713 3188 isto
1731 3155 1817 3187 bello
1833 3155 2027 3197 interponit,
2046 3155 2078 3187 in
2096 3154 2179 3187 valle
2195 3156 2357 3199 Josaphat

1352 3220 1490 3240 narrans
1506 3215 1597 3240 tanta
1612 3215 1719 3250 strage
1735 3205 1924 3239 Judaeorum
1940 3205 2146 3239 adversarios
2157 3217 2226 3238 esse
2242 3219 2353 3245 caesos,

1353 3267 1388 3291 ut
1404 3259 1446 3292 ad
1464 3267 1587 3301 septem
1603 3270 1707 3291 annos
1722 3258 1909 3290 sufficerent
1926 3257 2153 3291 habitantibus
2174 3259 2353 3291 Jerusalem

1351 3318 1448 3352 capta
1477 3321 1568 3341 arma
1597 3309 1639 3342 ad
1667 3311 1773 3352 iguem
1803 3309 2086 3344 succendendum.
2109 3309 2177 3341 Cfr.
2197 3308 2281 3342 Joel.
2312 3312 2351 3349 3,

1353 3361 1470 3396 Ezech.
1491 3361 1559 3403 39.]
