2466 3805
650 236 696 266 IN
730 235 847 266 ACTA
880 229 1205 265 APOSTOLORUM
1244 229 1399 259 nomi„
1438 228 1533 259 xvi.
2064 209 2148 256 153

89 323 158 362 Καὶ
183 324 235 362 ὅτι
255 324 394 375 ἀγαθὸν,
422 323 523 362 ἄκουε
540 327 598 363 τοῦ
624 325 733 364 Δαυὶδ
763 325 938 377 λέγοντος·
959 320 1101 373 Ἀγαθόν

93 399 151 434 μοι
169 383 221 422 ὅτι
240 384 473 428 ἐταπείνωσάς
490 401 544 435 με.
567 386 611 423 Εἰ
627 385 662 424 δὲ
675 392 745 429 τοῖς
760 384 923 436 μεγάλοις
943 384 1003 422 καὶ
1023 386 1103 421 θαυ-

93 450 236 495 μαστοῖς
259 445 403 497 ἀνδράσι
424 444 514 497 μέγα
528 449 550 492 ἡ
568 448 680 499 θλῖψις
692 475 701 493 ,
721 449 840 498 πολλῷ
857 447 987 496 μᾶλλον
1005 447 1102 494 ἡμῖν.

91 508 137 545 Εἰ
158 506 319 558 βούλεσθε
337 506 392 553 δὲ,
407 508 466 545 καὶ
485 507 591 555 αὐτὴν
612 510 662 561 ἐφ’
680 511 805 555 ἑαυτῆς
823 507 885 555 τὴν
905 508 1018 558 Ολῖψιν
1037 504 1104 549 ἐξε-
1118 537 1166 561 132
1179 500 1258 551 gnis
1285 509 1319 538 et
1347 500 1564 538 admirandis
1587 499 1674 537 viris
1696 511 1822 549 magna
1844 510 1899 534 res
1917 504 1968 534 est
1995 495 2154 544 afflictio,

1177 318 1256 358 liosi
1284 327 1410 370 essent,
1429 318 1508 356 illos
1527 316 1639 370 affligi
1657 314 1829 369 permittit
1847 330 1854 350 ε
1869 327 2038 366 magnum
2060 312 2152 351 enim

1177 380 1312 417 bonum
1349 388 1400 418 cst
1425 379 1582 418 afflietio.
1612 377 1705 415 Audi
1740 375 1916 415 Davidem
1950 374 2152 412 dicentem:

1180 442 1332 478 Bonum
1353 441 1449 477 mihi
1465 443 1558 492 quia
1579 439 1795 477 humiliasti
1816 450 1888 474 me.
1905 434 2015 484 Quod
2028 434 2058 471 si
2074 447 2152 471 ma·
2170 437 2257 505 Ρῖιιί.
2290 437 2354 466 1¹8-

2170 489 2184 517 7
2214 499 2220 505 .

91 567 267 618 τάσωμεν.
286 567 406 606 Ἔστω
430 584 481 611 τις
498 569 630 620 χαίρων
650 569 781 622 σφόδρα
799 568 859 606 καὶ
873 566 1028 618 γεγηθὼς
1045 564 1105 603 καὶ
1130 572 1157 603 Α
1179 560 1293 598 multo
1317 560 1431 611 magis
1448 560 1564 598 nobis.
1586 560 1625 598 Si
1646 558 1770 606 vultis,
1789 558 1904 609 ipsam
1930 556 2157 594 afflictionem

93 627 315 680 διαχεόμενος
330 643 338 652 ·
352 628 388 666 τί
405 629 719 682 ἀσχημονέστερον,
733 629 767 667 τί
785 628 1006 682 ἀνοητότερον
1023 625 1106 665 τού·

93 704 175 736 του,
193 688 314 727 Ἔστω
327 705 378 733 τις
398 691 512 741 ἀλγῶν
533 690 593 728 καὶ
618 691 770 741 ἀθυμῶν·
790 689 824 728 τί
841 688 962 727 τούτου
979 692 994 708 ²¹
1006 688 1106 738 φιλο-

93 748 307 802 σοφώτερον;
325 749 393 788 Διὰ
409 754 510 789 τοῦτο
538 750 598 789 καὶ
630 754 648 789 ὁ
675 750 776 802 σοφὸς
791 754 953 800 παραινεῖ
970 746 1081 796 λέγων
1097 760 1105 769 ·

95 811 260 862 Κρεῖττον
281 813 328 854 εἷς
343 810 454 849 οἰκίαν
470 810 615 854 πένθους
630 812 805 858 εἰσελθεῖν,
816 809 839 855 ἢ
857 811 904 852 εἷς
925 807 1036 845 οἰκίαν
1050 805 1106 856 γέ·

92 871 301 922 λωτος.Τάχ
304 887 325 908 α
338 871 398 909 καὶ
410 873 632 921 διαμωκᾶσθε
650 870 694 908 τὰ
712 869 896 920 λεγόμενα.
913 866 1013 913 Πλὴν
1027 866 1107 902 ἴδω-

97 947 173 981 μεν,
188 925 254 974 οἷος
265 926 306 978 ἦν
321 935 338 970 ὃ
354 931 463 980 Ἀδὰμ
475 932 509 968 ἐν
520 930 733 982 παραδείσῳ,
748 929 808 967 καὶ
817 923 885 971 οἷος
898 926 987 977 μετὰ
997 928 1109 962 ταῦτα

96 986 138 1038 ἦν
151 1007 158 1015 ·
173 986 241 1034 οἶος
254 986 294 1038 ἦν
307 995 324 1030 5
337 991 425 1029 Κάϊν
438 991 506 1042 πρὸ
518 990 652 1036 τούτου,
668 989 727 1027 καὶ
741 982 808 1031 οἷος
821 983 862 1035 ἦν
881 986 971 1038 μετὰ
986 990 1108 1024 ταῦτα.

98 1053 178 1104 Οὐχ
195 1050 405 1098 ἕστηκενῗέπὶ
417 1054 478 1096 τῆς
486 1049 613 1093 οἰκείας
628 1049 728 1100 ἕδρας
739 1052 761 1094 ἧ
777 1047 886 1100 ψυχὴ,
897 1049 973 1085 ἀλλ’
992 1045 1110 1098 ὥσπερ

99 1113 166 1151 ὑπό
178 1127 268 1155 τινος
279 1110 471 1160 πνεύματος
485 1109 618 1162 αἴρεται
629 1112 691 1156 τῆς
700 1110 824 1156 ἡδονῆς
836 1108 895 1147 καὶ
905 1106 1113 1159 κουφίζεται,

99 1172 195 1210 οὐδὲν
215 1171 343 1223 ἔχουσα
363 1169 515 1222 βέὸαιον.
535 1170 606 1209 Καὶ
624 1169 692 1222 γὰρ
714 1169 774 1208 καὶ
801 1170 887 1221 πρὸς
906 1167 1114 1220 ἐπαγγελίας

101 1232 194 1270 ἐστὶν
211 1231 362 1281 εὔκολος,
377 1231 437 1269 καὶ
452 1230 536 1284 πρὸς
551 1231 754 1283 ὑποσχέσεις
767 1230 965 1284 πρόχειρος,
977 1229 1037 1267 καὶ
1055 1244 1116 1267 πο-

101 1291 161 1336 λὺς
176 1296 194 1331 5
213 1292 318 1336 σάλος
333 1295 404 1331 τῶν
426 1293 616 1344 λογισμῶν.
636 1292 815 1331 Ἐντεῦθεν
837 1292 979 1345 ἄκαιρος
993 1290 1115 1342 γέλως,
1141 1290 1165 1320 Β

102 1353 290 1406 φαιδρότης
317 1355 378 1392 οὐκ
407 1353 536 1406 ἔχουσα
554 1352 668 1405 λόγον,
698 1353 864 1405 ῥημάτων
895 1352 994 1396 ὕθλος
1013 1351 1118 1396 πολὺς

102 1415 163 1454 καὶ
192 1414 361 1467 περιττός.
383 1414 453 1453 Καὶ
482 1415 516 1453 τί
534 1414 625 1466 λέγω
649 1413 728 1458 τοὺς
747 1415 895 1463 ἄλλους,
912 1416 993 1452 Τῶν
1011 1414 1117 1466 ἁγίων

104 1475 163 1514 ἕνα
177 1475 481 1528 προχειρισώμεθα
494 1505 504 1523 ,
525 1476 584 1514 καὶ
604 1476 731 1527 ἴδωμεν
748 1475 799 1519 τίς
821 1475 883 1527 μὲν
904 1470 945 1523 ἦν
961 1478 994 1514 ἐν
1011 1477 1116 1526 ’ἡδονῇ

103 1538 183 1584 ζῶν,
204 1536 256 1580 τίς
277 1535 312 1575 δὲ
330 1536 435 1574 πάλιν
456 1538 489 1574 ἐν
510 1535 651 1588 ἀθυμίᾳ.
672 1536 842 1574 Βούλεσθε
861 1531 917 1574 οῧν
937 1536 993 1575 τὸν
1011 1536 1120 1574 Δαυὶδ

104 1597 231 1648 ἴδωμεν
246 1613 256 1645 3
273 1596 360 1636 υΟτε
383 1596 496 1635 τοίνυν
524 1591 620 1640 οὗτος
641 1599 674 1636 ἐν
700 1598 805 1649 ἡδονῇ
826 1591 867 1643 ἦν
892 1597 952 1636 καὶ
973 1599 1006 1635 ἐν
1026 1602 1121 1648 χαρᾷ

105 1657 175 1697 ἀπὸ
200 1660 268 1696 τῶν
296 1659 434 1696 πολλῶν
458 1657 648 1710 τροπαίων,
667 1658 736 1696 ἀπὸ
754 1661 816 1705 τῆς
835 1657 950 1706 νίκης,
968 1658 1036 1696 ἀπὸ
1051 1661 1120 1696 τῶν

106 1718 296 1771 στεφάνων,
311 1718 380 1757 ἀπὸ
394 1721 456 1765 τῆς
471 1722 602 1771 τρυφῆς
613 1749 622 1766 ,
643 1718 712 1756 ἀπὸ
727 1722 786 1757 τοῦ
802 1721 949 1772 θαρρεῖν,
967 1718 1031 1770 ὅρα
1042 1749 1052 1767 ,
1066 1712 1122 1756 οἷα

107 1779 166 1818 καὶ
181 1774 255 1817 εἶπε
270 1779 330 1818 καὶ
348 1778 604 1831 ἔπραξεν-Ἐγὼ
623 1779 658 1817 δὲ
676 1774 755 1818 εἶπα
767 1782 799 1817 ἐν
817 1783 859 1831 τῇ
880 1779 1020 1832 εὐθηνίᾳ
1038 1794 1119 1830 μου,

107 1843 145 1879 οὗ
156 1839 205 1892 μὴ
222 1842 377 1879 σαλευθῶ
394 1841 440 1884 εἷς
449 1841 507 1879 τὸν
519 1840 792 1888 αἷῶνα.Ἔπειδὴ
807 1840 842 1879 δὲ
855 1844 888 1879 ἐν
901 1841 1013 1893 θλίψει
1027 1840 1124 1892 γέγο-

108 1917 176 1950 νεν,
192 1902 337 1940 ἄκουσον
358 1901 392 1939 τί
408 1901 522 1953 λέγει·
542 1901 614 1940 Καὶ
631 1901 688 1940 ἐὰν
706 1901 786 1953 εἴπῃ
806 1918 881 1952 μοι,
898 1903 934 1939 οὔ
954 1900 1125 1948 τεθέληκά

109 1978 166 2010 σε,
184 1962 256 2001 ἰδοὺ
277 1962 362 2014 ἐγὼ,
381 1962 523 2001 ποιείτω
544 1979 601 2014 μοι
620 1963 658 2001 τὸ
680 1963 822 2014 ἀρεστὸν
842 1962 986 2001 ἐνώπιον
1007 1964 1124 2001 αὐτοῦ.

110 2022 158 2062 Τί
177 2022 305 2061 τούτων
334 2022 608 2075 φιλοσοφώτερον
626 2025 694 2060 τῶν
717 2023 904 2076 ῥημάτων,
921 2022 971 2062 “O
989 2040 1021 2061 τι
1043 2023 1081 2061 ἂν
1103 2017 1124 2074 ᾗ
1152 2034 1175 2063 C

111 2086 161 2136 τῷ
186 2085 282 2135 Θεῷ,
295 2083 398 2135 φησὶ,
410 2082 521 2135 φίλον,
534 2083 641 2135 ταύτῃ
662 2083 765 2121 ἔστω.
780 2084 850 2122 Καὶ
869 2084 974 2122 πάλιν
993 2086 1043 2136 τῷ
1059 2085 1127 2122 Σα-

113 2143 187 2192 οὺλ,
201 2143 329 2194 ἔλεγεν·
349 2145 394 2182 Εἰ
415 2142 449 2181 δὲ
464 2143 590 2195 Κύριος
607 2143 751 2182 ἐπισείει
773 2159 811 2181 σε
835 2144 890 2182 ἐπ’
905 2144 967 2195 ἐμὲ
983 2147 1129 2196 ὄσφραν-

114 2206 217 2252 θείηὴ
234 2204 333 2244 θυσία
343 2220 415 2243 σου.
431 2204 500 2242 Καὶ
515 2205 591 2242 τότε
607 2203 668 2256 μὲν
677 2207 711 2242 ἐν
721 2205 833 2255 θλίψει
848 2203 908 2252 ὢν,
922 2204 981 2243 καὶ
994 2207 1126 2256 ἐχθρῶν

114 2265 130 2286 ¹¹
146 2266 300 2318 ἐφείδετο
315 2281 323 2289 ·
343 2264 431 2316 μετὰ
450 2263 612 2302 δὲταῦτα
631 2265 707 2303 οὐδὲ
727 2265 849 2317 φίλων,
864 2265 942 2303 οὐδὲ
960 2267 1028 2303 τῶν
1048 2266 1129 2312 ἠδι-

113 2327 271 2374 κηκότων
289 2325 398 2364 οὐδέν.
416 2325 530 2363 Πάλιν
555 2329 572 2364 ὃ
589 2325 722 2364 Ἰακὼὸ
732 2357 742 2375 ,
762 2325 819 2364 ὅτε
839 2327 873 2364 ἐν
894 2325 1007 2374 θλίψει
1025 2326 1129 2378 γέγο-

115 2403 182 2435 νεν,
201 2387 336 2439 ἔλεγεν·
354 2386 439 2425 Ἐὰν
472 2387 520 2439 δῷ
551 2402 609 2437 μοι
641 2386 766 2439 Κύριος
788 2387 890 2439 ἄρτον
920 2392 1055 2440 φαγεῖν,
1074 2387 1134 2425 καὶ

114 2447 252 2498 ἱμάτιον
279 2447 543 2499 περιὲαλέσθαι.
567 2447 637 2485 Καὶ
656 2451 674 2486 5
691 2453 750 2486 τοῦ
775 2450 857 2487 Νῶε
884 2448 956 2492 υἱὸς
983 2448 1051 2500 πρὸ
1071 2447 1132 2498 μὲν

115 2509 235 2548 τούτου
254 2509 348 2548 οὐδὲν
368 2512 518 2547 τοιοῦτον
540 2508 700 2556 ἐποίησεν
714 2525 721 2532 ·
744 2509 865 2555 ἐπειδὴ
890 2508 925 2547 δὲ
945 2509 1133 2563 ἐθάρρησεν

117 2569 206 2621 ὑπὲρ
230 2572 292 2615 τῆς
311 2569 509 2623 σωτηρίας,
530 2569 665 2612 ἀκούεις
695 2564 764 2614 οἷος
790 2570 928 2622 γέγονεν
956 2570 1135 2623 ὑδριστής.

119 2630 190 2669 Καὶ
206 2633 223 2668 5
236 2629 396 2673 Ἑζεκίας
424 2628 482 2668 ὅτε
505 2629 565 2680 μὲν
594 2624 635 2676 ἦν
656 2631 690 2668 ἐν
711 2628 850 2683 θλίψει,
870 2631 933 2683 ὅρα
953 2624 1009 2668 οἷα
1027 2631 1137 2669 ἐποίει
1154 2643 1181 2674 1)

121 2691 208 2743 ὑπὲρ
227 2694 288 2737 τῆς
304 2690 479 2744 σωτηρίας
491 2706 498 2713 ·
515 2691 644 2729 σάκκον
666 2691 733 2745 γὰρ
749 2692 994 2744 περιεὸάλετο,
1015 2692 1073 2731 καὶ
1090 2694 1138 2737 εἷς

119 2755 184 2804 γῆν
202 2752 359 2791 ἐκάθισεν
371 2768 379 2776 ·
402 2752 519 2799 ἐπειδὴ
537 2752 573 2790 δὲ
587 2752 723 2804 γέγονεν
737 2755 771 2792 ἐν
787 2755 893 2805 ἡδονῇ
906 2781 916 2799 ,
933 2753 1054 2792 ἔπεσεν
1069 2753 1137 2791 ἀπὸ

120 2817 180 2852 τοῦ
198 2813 302 2865 ὕψους
315 2815 377 2859 τῆς
395 2812 539 2864 καρδίας
559 2814 676 2851 αὐτοῦ.
696 2813 764 2852 Διὰ
785 2818 886 2853 τοῦτο
906 2814 966 2852 καὶ
982 2816 1138 2859 Μωῦσῆς

120 2880 282 2926 παραινεῖ
313 2874 424 2926 λέγων
438 2890 445 2897 ·
472 2873 606 2924 Φαγὼν
626 2875 685 2912 καὶ
703 2874 792 2913 πιὼν
820 2876 880 2913 καὶ
903 2875 1137 2926 ἐμπλησθεὶς,

124 2935 295 2985 μνήσθητι
310 2934 439 2988 Κυρίου
453 2939 511 2973 τοῦ
527 2937 617 2973 Θεοῦ
627 2950 699 2973 σου.
715 2934 952 2988 Ἀπόκρημνος
963 2935 1030 2987 γάρ
1045 2937 1138 2975 ἐστιν

123 2999 140 3033 5
157 2994 260 3039 τόπος
280 2998 297 3033 5
324 2998 386 3041 τῆς
405 2998 554 3048 τρυφῆς,
576 2995 635 3033 καὶ
653 2995 762 3043 λήθην
795 3001 855 3035 τοῦ
875 2999 966 3035 Θεοῦ
988 2999 1140 3047 ἐμποιεῖ.

124 3056 210 3094 “Ox-s
227 3056 402 3095 ἐθλίὸοντο
417 3057 448 3094 οἱ
467 3057 704 3109 Ἰσραηλῖται,
719 3058 838 3109 πολλῷ
858 3057 996 3101 πλείους
1011 3058 1139 3109 ἐγίνον-

124 3133 182 3156 το·
204 3117 323 3164 ἐπειδὴ
354 3119 389 3156 δὲ
421 3117 542 3161 αὐτοὺς
561 3117 672 3163 εἴασε,
701 3117 780 3156 τότε
799 3118 926 3162 πάντες
948 3119 1140 3158 ἀπώλοντο.

127 3184 196 3222 Καὶ
225 3184 258 3222 τί
276 3184 368 3236 λέγω
391 3183 460 3222 ἀπὸ
488 3187 556 3222 τῶν
582 3185 740 3222 παλαιῶν
761 3183 804 3222 τὰ
822 3184 1114 3237 οπαραδείγματα
1132 3201 1139 3226 ;

171 3310 184 3324 a
200 3298 293 3330 Idem
310 3303 552 3344 φιλοσοφώτερον.
572 3307 705 3344 κρεῖττον
722 3304 791 3344 γὰρ,
807 3304 900 3342 φησὶν,
918 3305 953 3338 εἰς
969 3305 1071 3334 οἰκίαν.

177 3351 192 3374 b
208 3350 319 3381 Morel.
338 3354 484 3395 ἐφείδετο·
503 3356 560 3396 πρὸ
580 3354 609 3384 δὲ
632 3354 733 3385 rainu
750 3354 824 3386 02:2¹.
838 3351 912 3393 [Sic
929 3363 1059 3395 quoque
1074 3353 1128 3390 D-‚

132 3401 357 3434 mummolinus
373 3410 403 3434 et
420 3403 603 3447 Erasmus]

1179 621 1216 658 in
1235 621 1349 673 seipsa
1367 622 1621 659 examinemus.
1640 621 1695 659 Sit
1714 619 1794 670 quis
1815 617 1986 669 gaudens,
2004 617 2106 655 lautus
2125 625 2158 654 et
2173 611 2356 680 bAffl³0¹¹⁰¹¹²⁵

1180 682 1335 732 effusu53
1359 681 1448 732 quid
1475 681 1627 733 turpius,
1645 681 1734 731 quid
1756 679 1980 731 insipientius
1999 678 2085 716 illo?
2105 678 2160 716 Sit
2194 663 2294 681 onum.

1181 742 1260 793 quis
1281 742 1403 780 dolens
1428 750 1463 779 et
1485 755 1651 791 moerens3
1673 741 1760 792 quid
1785 741 1848 778 illo
1873 740 1986 791 magis
2005 740 2160 792 philoso-

1182 803 1354 855 phicum?
1373 802 1511 840 Idcirco
1530 803 1678 855 Sapiens
1710 802 1890 850 admonet,
1909 802 2030 840 dicens
2051 818 2058 838 :
2078 804 2161 840 Me-
2180 814 2271 843 [isli.
2289 822 2315 849 ς4
2334 810 2362 839 3.

1185 864 1262 901 lius
1279 871 1335 901 est
1353 864 1503 914 ingredi
1518 865 1559 900 in
1575 863 1729 900 domum
1747 863 1886 912 laetus,
1902 876 2019 913 quam
2038 865 2079 899 in
2097 864 2163 900 do-

1185 937 1289 960 mum
1313 926 1424 962 risus.
1440 924 1547 961 Forte
1570 921 1666 960 dicta
1684 920 1852 960 irridetis.
1872 922 1942 960 Sed
1967 921 2165 967 videamus,

1186 983 1302 1034 qualis
1319 982 1427 1021 fuerit
1441 982 1558 1020 Adam
1579 982 1615 1020 in
1634 981 1816 1034 paradiso,
1839 990 1872 1019 et
1889 982 2004 1032 qualis
2023 990 2141 1032 postca
2158 998 2163 1017 ;

1188 1043 1302 1094 qualis
1327 1043 1435 1081 fuerit
1459 1043 1547 1080 Cain
1571 1052 1667 1093 ante,
1687 1042 1803 1093 qualis
1830 1051 1965 1094 postea.
1990 1044 2068 1080 Non
2103 1051 2169 1079 stat

1187 1107 1224 1145 in
1253 1120 1316 1144 sua
1347 1105 1427 1144 sede
1458 1105 1612 1156 animus,
1635 1104 1696 1143 sed
1722 1104 1822 1155 quasi
1841 1119 1860 1142 a
1882 1104 2036 1154 quodam
2066 1112 2170 1142 vento

1187 1168 1326 1207 tollitur
1344 1183 1364 1205 a
1379 1166 1562 1219 voluptate
1580 1175 1613 1205 et
1632 1166 1722 1206 levis
1742 1166 1909 1216 efficitur,
1928 1165 2017 1203 nihil
2039 1166 2171 1203 habens

1189 1230 1346 1268 firmum.
1366 1228 1510 1267 Etenim
1531 1227 1577 1266 ad
1592 1227 1841 1280 promissiones
1857 1236 1907 1264 est
1921 1227 2048 1273 facilis,
2074 1235 2105 1264 et
2127 1226 2173 1263 ud

1189 1290 1429 1344 pollicendum
1449 1299 1626 1342 promtus,
1649 1298 1683 1328 et
1701 1302 1828 1341 magua
1843 1298 1893 1327 est
1907 1288 2174 1326 ratiociniorum

1190 1352 1390 1392 fluctuatio.
1417 1352 1510 1390 Hinc
1530 1351 1622 1389 risus
1648 1342 1934 1402 intempestivus,
1961 1349 2083 1387 hrtitia
2114 1363 2171 1386 ra-

1190 1415 1284 1453 tione
1301 1414 1480 1463 destituta,
1494 1413 1687 1452 verborum
1708 1426 1834 1464 magna
1855 1421 1887 1449 et
1913 1412 2092 1464 superflua
2109 1425 2173 1448 nu<

1192 1475 1336 1528 gacitas.
1351 1473 1491 1526 Ecquid
1505 1474 1548 1512 de
1563 1473 1643 1511 aliis
1657 1473 1809 1524 loquor?
1825 1475 1878 1510 De
1889 1481 2091 1510 sanctorum
2109 1471 2175 1508 ali-

1190 1550 1261 1588 quo
1273 1549 1433 1588 agamus,
1442 1534 1699 1584 videamusque
1711 1533 1825 1584 qualis
1836 1532 1881 1570 sit
1891 1532 1927 1569 in
1940 1532 2135 1583 voluptate,
2144 1540 2176 1568 et

1191 1597 1309 1647 qualis
1335 1596 1372 1634 in
1391 1608 1552 1634 moerore.
1560 1594 1682 1634 Vultis
1694 1593 1872 1633 Davidem
1889 1591 2176 1630 consideremus?

1194 1658 1286 1695 Cum
1311 1670 1394 1708 ergo
1412 1656 1474 1695 ille
1493 1656 1528 1694 in
1551 1657 1732 1707 voluptate
1746 1663 1779 1692 et
1794 1653 1917 1691 laetitia
1936 1661 2139 1691 versaretur
2159 1665 2179 1689 a

1197 1717 1320 1755 multis
1331 1716 1488 1768 tropaeis,
1502 1730 1523 1753 a
1534 1714 1695 1764 victoria,
1707 1728 1726 1751 a
1737 1713 1887 1762 coronis,
1902 1728 1920 1751 a
1935 1712 2088 1762 deliciis,
2102 1726 2121 1748 a
2137 1711 2179 1748 fi·

1198 1778 1318 1829 ducia,
1332 1777 1417 1816 vide
1429 1791 1507 1828 quae
1522 1776 1656 1814 dixerit
1665 1783 1699 1813 et
1709 1774 1830 1812 feeerit
1842 1789 1849 1810 t
1859 1776 1943 1826 Ego
1957 1782 2085 1812 autem
2098 1774 2181 1810 dixi
2194 1785 2326 1824 Psff1l.29
2352 1794 2378 1822 5.

1200 1844 1241 1878 in
1259 1841 1476 1878 abundatia
1494 1852 1593 1885 mea,
1615 1839 1706 1876 Non
1719 1839 1898 1875 movebor
1916 1839 1958 1874 in
1974 1845 2171 1875 celernum.

1199 1902 1291 1939 Cum
1316 1910 1435 1939 autem
1452 1900 1488 1938 in
1512 1899 1703 1938 afflictione
1726 1898 1807 1948 fuit,
1831 1897 1916 1935 audi
1936 1896 2024 1948 quid
2053 1896 2174 1934 dicat:

1199 1964 1254 2001 Et
1274 1965 1308 2000 si
1332 1963 1473 2000 dixerit
1495 1961 1602 2006 mihi,
1625 1960 1748 1998 Nolui
1769 1967 1818 2005 te,
1842 1972 1928 1996 ecce
1949 1971 2036 2009 (330,-
2051 1959 2179 2009 faciat
2195 1979 2223 1999 2,
2239 1971 2314 2007 Reg-
2335 1970 2367 1999 15

1201 2025 1297 2061 mihi
1321 2023 1426 2074 quod
1448 2022 1637 2073 placitum
1658 2028 1713 2057 est
1733 2033 1864 2057 eoram
1886 2021 1978 2069 ipso.
1995 2017 2094 2064 Quid
2126 2018 2182 2055 his
2195 2013 2245 2042 2¹3.

1200 2084 1320 2123 verbis
1336 2081 1449 2133 magis
1478 2079 1789 2133 philosophicum?
1806 2078 1992 2129 Quidquid
2006 2080 2082 2116 Deo
2107 2092 2181 2115 ma-

1202 2144 1256 2196 gis
1295 2153 1436 2195 gratum
1468 2142 1595 2192 fucrit,
1619 2141 1754 2192 inquit,
1782 2140 1821 2178 id
1851 2141 1926 2178 fiat.
1962 2140 2008 2178 Et
2039 2155 2182 2178 rursum

1201 2204 1301 2244 Sauli
1321 2203 1462 2241 dicebat
1478 2218 1485 2239 :
1501 2202 1542 2241 Si
1552 2210 1682 2240 autem
1695 2203 1802 2239 Deus
1815 2209 2024 2238 commovet
2042 2209 2078 2238 te
2091 2214 2183 2238 con—
2202 2217 2226 2237 ι.
2244 2209 2320 2246 Reg.
2332 2210 2382 2239 26,

1203 2275 1265 2305 tra
1278 2279 1351 2311 me,
1369 2264 1572 2302 odoratum
1585 2264 1635 2300 sit
1645 2262 1880 2314 sacrificium
1891 2269 2011 2299 tuum.
2026 2261 2073 2298 Et
2088 2269 2185 2310 tunc,
2202 2258 2247 2287 ¹9·

1203 2341 1285 2365 cum
1305 2334 1394 2365 esset
1418 2324 1455 2364 in
1474 2322 1677 2372 afflictione,
1697 2323 1805 2361 etiam
1821 2322 1976 2360 inimicis
1994 2322 2160 2375 parcebat
2171 2339 2183 2373 3

1202 2397 1323 2441 postea
1348 2400 1433 2428 vero
1470 2399 1582 2437 neque
1601 2383 1738 2433 amicis,
1753 2397 1869 2433 neque
1890 2383 1933 2422 iis
1953 2383 2016 2435 qui
2040 2398 2077 2422 se
2095 2383 2188 2422 nihil

1200 2448 1375 2487 laeserant.
1395 2447 1533 2484 Rursus
1544 2444 1653 2484 Jacob
1676 2458 1757 2482 cum
1775 2443 1812 2481 in
1830 2458 1987 2482 aerumna
2006 2453 2109 2495 esset,
2128 2443 2186 2481 di-

1201 2510 1302 2548 cebat
1323 2524 1332 2546 ε
1351 2509 1392 2547 Si
1409 2507 1556 2546 dederit
1570 2507 1667 2544 mihi
1683 2507 1789 2543 Deus
1796 2519 1939 2557 panem
1956 2506 2011 2544 ad
2025 2506 2183 2543 mandu-
2202 2518 2277 2546 Gen.
2296 2516 2347 2546 28.

1203 2573 1387 2622 candum,
1403 2578 1440 2609 et
1452 2571 1726 2608 vestimentum
1745 2581 1821 2620 quo
1845 2570 2009 2619 operiar.
2021 2567 2070 2605 Et
2088 2567 2185 2605 filius
2197 2568 2248 2589 2⁰·

1203 2635 1279 2673 Noe
1299 2641 1402 2671 antea
1419 2630 1512 2669 nihil
1532 2629 1601 2668 tale
1625 2629 1770 2677 fecerat;
1792 2627 1855 2665 ubi
1873 2636 1993 2666 autem
2009 2626 2055 2666 de
2073 2627 2185 2667 salute

1205 2694 1359 2738 confisus
1378 2701 1444 2742 est,
1461 2689 1563 2729 audis
1581 2703 1689 2741 quam
1706 2688 1980 2727 contumeliosus
2000 2689 2111 2727 factus
2124 2689 2182 2728 sit.

1206 2756 1253 2793 Et
1267 2753 1436 2792 Ezechias
1446 2766 1527 2790 cum
1539 2751 1577 2788 in
1596 2749 1763 2788 aerumnis
1779 2758 1879 2798 esset,
1891 2749 1975 2788 vide
1987 2750 2107 2800 qualia
2121 2763 2186 2802 pro

1204 2818 1316 2856 salute
1330 2815 1450 2854 fecerit
1468 2829 1475 2851 :
1498 2826 1639 2852 saccum
1653 2812 1746 2851 enim
1764 2811 1895 2861 induit,
1914 2820 1948 2849 et
1966 2811 2002 2849 in
2023 2820 2115 2849 terra
2136 2825 2187 2850 se-

1205 2878 1260 2917 dit
1277 2892 1288 2928 ;
1307 2876 1371 2915 ubi
1389 2884 1506 2913 autem
1525 2873 1561 2911 in
1576 2873 1762 2925 voluptate
1776 2871 1855 2921 fuit,
1874 2871 2001 2909 cecidit
2015 2886 2088 2923 prae
2107 2871 2188 2909 alti-

1207 2938 1331 2978 tudine
1344 2935 1461 2976 eordis
1476 2933 1544 2973 sui.
1563 2933 1648 2971 Ideo
1670 2934 1814 2984 Moyses
1832 2931 2010 2981 admonet,
2032 2931 2154 2969 dicens
2178 2947 2186 2967 :

1208 3003 1305 3040 Cum
1326 2998 1535 3037 comederis
1572 3003 1606 3032 et
1628 2996 1766 3031 biberis
1786 3001 1821 3030 et
1839 3001 2037 3030 saturatus
2052 2993 2187 3044 fueris,
2203 3002 2384 3033 Damam.

1209 3062 1411 3102 recordare
1430 3059 1592 3097 Domini
1612 3057 1683 3093 Dei
1702 3057 1772 3092 tui.
1791 3054 1948 3104 Praeceps
1964 3062 2013 3090 est
2028 3053 2122 3091 enim
2135 3053 2190 3091 lo-

1211 3138 1273 3163 eus
1290 3120 1518 3168 deliciarum,
1536 3125 1570 3155 et
1596 3115 1815 3154 oblivionem
1836 3113 1903 3151 Dei
1934 3113 2081 3151 inducit.
2099 3115 2190 3151 Cum

1212 3183 1454 3235 affligerentur
1485 3175 1794 3225 Isi·aelitae‚1uulto
1820 3174 1939 3226 plures
1968 3183 2087 3224 erant3
2111 3188 2191 3211 cum

1237 3310 1250 3324 e
1266 3300 1508 3343 παραδείγματα..
1532 3297 1577 3326 ιῧν
1593 3295 1709 3333 ἴδωμεν,
1738 3295 1759 3324 εἰ
1777 3291 1867 3330 δοκεῖ,
1888 3292 1939 3330 232<
1957 3294 2026 3322 ὅταν
2044 3294 2071 3322 ἐν
2090 3292 2196 3333 52:52-

1197 3357 1245 3394 γία
1262 3354 1337 3389 ὦσιν,
1355 3349 1400 3380 sic
1419 3358 1510 3378 uuus.
