2466 3805
51 1259 141 1287 Joan.
155 1267 203 1287 21.

53 1299 101 1328 15.

255 238 342 285 160
707 254 745 284 S.
779 253 956 283 JOANNIS
992 250 1233 280 CHRYSOST.
1274 251 1475 280 ARCHIEP.
1515 251 1866 282 CONSTANTINOP-

250 335 385 374 Christi
401 335 557 387 prodest,
574 341 704 385 quanta
723 333 790 371 Dei
809 330 1052 369 benevolentia
1066 329 1228 367 fruetur?
1259 334 1282 363 E
1308 333 1378 368 σθε.
1397 332 1442 368 Εἰ
1455 331 1524 383 γὰρ
1537 334 1554 369 ὃ
1572 331 1699 382 ἐξάγων
1714 332 1826 382 τίμιον
1843 332 1876 377 ἐξ
1891 333 2026 377 ἀναξίου
2038 363 2047 380 ‚
2067 335 2113 376 ὡς
2133 333 2248 383 στόμα
2261 335 2323 378 ,τοῦ

250 395 461 434 Praesidium
496 404 657 432 construe
687 401 806 430 contra
839 391 1025 428 diabolum
1035 405 1046 440 3
1077 389 1146 427 1100
1180 397 1231 427 051

250 458 344 495 enim
369 458 523 494 ecelesia.
546 456 638 496 Hinc
650 453 823 506 prodeant
846 468 972 491 manus
985 453 1030 491 ad
1043 453 1199 490 laborem
1221 469 1229 489 :

248 521 348 571 prius
364 519 597 557 extendantur
612 517 659 555 ad
674 531 807 569 preces,
823 526 856 554 et
872 526 955 554 tunc
981 516 1026 554 ad
1056 531 1144 568 opus
1169 517 1231 554 ab-

249 590 339 618 eant.
355 582 407 617 Ita
423 580 489 617 erit
507 579 580 616 illis
595 580 704 617 robur
725 578 900 630 corporis;
924 579 974 616 sic
993 579 1059 616 erit
1074 579 1232 630 agricul—

249 651 329 679 tura
351 641 480 689 multa3
501 640 550 678 sic
571 641 688 678 omnia
710 641 803 678 mala
819 641 912 677 foras
931 640 1129 678 mittentur.
1152 641 1232 678 Non

248 711 361 754 potest
387 701 471 739 binc
494 711 570 739 orta
590 702 755 754 voluptas
773 702 895 740 verbis
910 701 1098 754 explicari,
1121 700 1232 738 donec

248 776 352 814 opere
367 762 413 799 sit
433 771 606 814 suscepta.
626 763 680 800 Ne
694 763 762 800 hoc
782 762 963 814 respicias,
979 762 1075 813 quod
1090 762 1231 800 nullum

248 821 376 859 habeat
393 832 606 874 proventum
623 838 631 859 ε
650 823 678 860 si
702 823 845 861 omnino
865 823 903 861 id
921 823 1043 869 facias,
1060 837 1103 860 ne
1123 823 1231 860 facias

248 892 381 931 tamen,
397 884 465 921 nisi
479 893 581 935 putes
600 885 768 936 majorem
792 884 855 922 tibi
876 894 948 922 tota
970 885 1058 922 villa
1073 898 1231 936 proven—

248 951 325 980 tum
351 958 443 993 esse3
469 944 535 982 nisi
563 944 613 982 sic
640 945 786 983 affectus
805 946 866 995 sis,
889 960 951 983 nec
970 946 1142 998 opereris,
1163 945 1233 983 nisi

248 1012 351 1055 putes
373 1004 441 1042 hoc
460 1019 549 1057 opus
572 1005 642 1043 tuis
671 1007 837 1044 omnibus
861 1021 933 1044 esse
959 1007 1229 1059 praeferendum.

1248 1037 1294 1061 152

1307 392 1398 429 Θεοῦ
1421 391 1536 429 ἔσται·
1560 395 1577 429 ὃ
1603 392 1770 436 τοσαύτας
1788 393 1902 446 ψυχὰς
1921 394 1981 437 τάς
2008 411 2045 432 τε
2067 394 2187 441 οὔσας,
2208 393 2269 437 τάς
2287 409 2325 431 τε

1307 451 1473 501 ἐσομένας
1494 452 1557 495 ἕως
1575 456 1637 499 τῆς
1654 456 1714 491 τοῦ
1733 454 1886 505 Χριστοῦ
1900 455 2090 507 παρουσίας
2109 457 2249 507 ὠφελῶν
2265 454 2324 492 καὶ

1307 511 1570 563 ἀνακτώμενος,
1598 514 1708 560 πόσης
1727 516 1787 551 οὒκ
1815 514 2048 553 ἀπολαύσεται
2078 517 2210 559 εὐνοίας
2228 515 2325 566 παρὰ

1308 576 1367 609 τοῦ
1389 574 1500 621 Θεοῦ,
1521 573 1694 625 Φρούριον
1716 571 1973 612 κατασκεύασον
2004 575 2096 613 κατὰ
2114 581 2173 614 τοῦ
2206 575 2326 614 διαδό-

1307 634 1368 670 λου
1380 649 1387 657 ·
1408 639 1508 672 τοῦτο
1522 635 1590 688 γάρ
1607 637 1698 672 ἐστιν
1714 638 1737 681 ἦ
1753 635 1931 681 ἐκκλησία.
1945 635 2100 673 Ἐκεῖθεν
2115 637 2323 689 ὃρμάτωσαν

1309 697 1344 731 αἱ
1363 700 1476 747 χεῖρες
1495 698 1543 738 εἰς
1567 696 1743 746 κάματον·
1768 698 1906 747 πρῶτον
1926 695 2198 734 ἀνατεινέτωσαν
2218 697 2324 740 αὐτὰς

1308 758 1356 799 εἷς
1371 756 1491 808 εὐχὰς,
1508 757 1567 795 καὶ
1584 757 1660 794 τότε
1679 756 1858 795 ἀπίτωσαν
1873 759 1918 801 εἷς
1933 757 1994 803 τὴν
2014 756 2190 809 ἐργασίαν.
2204 757 2325 801 Οὕτως

1308 815 1404 854 ἔσται
1428 819 1540 860 αὐτοῖς
1560 817 1658 870 ἰσχὺς
1680 817 1862 868 σώματος,
1884 817 1991 860 οὕτως
2016 818 2114 856 ἔσται
2131 822 2152 865 ἦ
2173 818 2324 870 γεωργία

1305 878 1439 925 πολλὴ,
1471 879 1560 917 οὕτω
1582 880 1697 918 πάντα
1721 880 1817 922 ἐκτὸς
1837 879 1934 917 ἔσται
1960 879 2004 917 τὰ
2023 879 2127 918 κακά.
2155 881 2231 918 Οὐκ
2250 880 2323 918 ἔστι

1304 939 1367 986 τὴν
1387 940 1511 987 ἡδονὴν
1538 941 1601 988 τὴν
1632 943 1784 979 ἐντεῦθεν
1806 940 1899 993 λόγῳ
1917 943 2164 992 παραστησαι,
2192 940 2256 984 ἕως
2284 940 2323 978 ἂν

1309 1000 1324 1015 >l
1449 1001 1457 1018 Χ
1511 1002 1520 1014 Ι
1702 1002 1710 1016 Χ
1777 1007 1798 1015 Ν
1864 1001 1896 1015 >lx
1989 1000 2006 1016 [l
2081 1002 2090 1014 3
2103 1002 2117 1013 Ν
2170 1001 2178 1015 Ι
2255 1001 2270 1015 Y

1306 1017 1394 1053 εργῳ
1416 1018 1463 1052 μη
1481 1018 1634 1053 γενηται.
1655 1004 1716 1049 Mn
1738 1017 1838 1040 τουτο
1866 1017 1958 1053 ιοῃς,
1985 1017 2037 1039 οτι
2058 1016 2219 1052 ουοεμιαν
2252 1018 2324 1053 εχει

250 1064 351 1110 Quid
376 1066 445 1103 hoc
465 1077 637 1119 proventu
659 1069 788 1120 majus,
809 1069 942 1106 animas
972 1070 1007 1106 in
1030 1084 1148 1106 aream
1167 1083 1233 1106 cae-
1260 1074 1286 1103 A
1306 1062 1472 1116 πρόσοδον
1487 1079 1494 1086 ·
1517 1064 1604 1106 ὅλως
1632 1065 1661 1100 Ξῖ
1693 1063 1782 1101 Οὕτω
1801 1068 1927 1110 wate,
1950 1062 1997 1113 μὴ
2014 1062 2180 1114 ποιήσῃς,
2215 1065 2244 1100 El
2274 1063 2323 1114 μὴ

249 1126 371 1164 10510111
390 1127 581 1167 inducere?
598 1129 664 1167 Hei
684 1131 788 1178 mihi,
810 1130 906 1180 quod
929 1130 1090 1167 nesciatis
1120 1144 1233 1181 quan-

251 1196 327 1226 tum
347 1189 391 1226 sit
412 1190 547 1227 animas
566 1189 784 1228 lucrificare!
801 1191 894 1228 Audi
914 1192 1003 1242 quid
1020 1193 1122 1229 Petro
1138 1192 1234 1229 dieat

252 1249 413 1287 Christus
435 1266 443 1286 :
462 1251 502 1288 Si
519 1252 648 1303 diligis
668 1266 739 1297 me,
752 1266 868 1302 pasce
882 1267 969 1290 oves
991 1267 1107 1291 meas.
1127 1253 1163 1291 Si
1180 1267 1233 1290 re-

248 1311 324 1362 gias
353 1325 436 1349 oves
461 1312 586 1350 videns
612 1322 674 1350 aut
707 1327 876 1364 equorum
904 1323 1113 1362 armentum,
1134 1314 1233 1365 quod

247 1373 429 1411 stabulum
448 1388 516 1411 non
535 1374 720 1425 haberent,
742 1374 882 1412 insidiis
905 1384 1036 1427 patere,
1056 1375 1232 1427 acciperes

246 1435 335 1487 ipse,
352 1443 386 1472 et
410 1435 525 1485 equile
543 1435 794 1486 stabulumque
819 1445 1032 1486 exstrueres,
1050 1450 1089 1473 ac
1106 1445 1230 1488 pasto-

246 1510 322 1534 rem
350 1496 566 1548 praeficeres:
583 1512 652 1548 quo
676 1506 710 1535 te
729 1512 794 1535 rex
814 1512 958 1535 munere
977 1511 1045 1534 non
1064 1497 1230 1535 donaret?

246 1559 351 1595 Nunc
379 1558 512 1612 Christi
539 1572 680 1610 gregem
699 1559 848 1610 colligis,
869 1568 901 1596 et
923 1568 1096 1610 pastorem
1113 1559 1231 1610 praefi-

248 1617 312 1667 cis,
331 1631 392 1654 nec
409 1627 513 1670 putas
532 1627 566 1656 te
584 1633 754 1670 magnum
774 1618 959 1670 quidpiam
973 1620 1115 1657 facere?
1135 1619 1232 1666 Quid

246 1677 356 1715 dico?
372 1679 410 1716 Si
430 1679 482 1729 ei,
505 1679 565 1729 qui
587 1679 799 1718 scandalizat
821 1681 926 1718 etiam
942 1696 1070 1728 uuum,
1093 1691 1231 1718 tantum

246 1740 464 1791 supplicium
487 1740 740 1778 comminatur:
761 1741 823 1792 qui
842 1751 893 1779 tot
914 1752 1032 1780 servat
1055 1742 1228 1789 homines,

247 1815 361 1839 annon
392 1802 541 1840 salutem
574 1805 828 1854 consequetur?
859 1805 1099 1855 Consequetur
1128 1814 1230 1842 certe.

247 1862 438 1908 Quodnam
466 1864 557 1901 enim
578 1873 697 1916 postea
716 1874 901 1917 peccatum
922 1866 1083 1916 hahebit3
1113 1866 1171 1904 vel
1200 1866 1229 1903 si

245 1922 387 1972 habeat,
409 1938 524 1962 annon
546 1925 678 1963 delebit
704 1926 821 1963 illud?
841 1929 869 1964 A
891 1927 1067 1979 supplicio
1084 1927 1229 1966 scanda-

244 1983 385 2022 lizantis
414 1984 510 2023 disce
533 1986 719 2038 praemium
749 1988 933 2026 servantis.
956 1988 994 2026 Si
1031 2002 1100 2026 non
1137 2003 1228 2026 curae

246 2055 333 2082 esset
351 2047 426 2083 Deo
442 2046 499 2085 vel
523 2047 627 2085 unius
646 2048 771 2086 animae
792 2049 903 2098 salus,
923 2063 990 2087 non
1008 2058 1081 2086 tam
1100 2049 1228 2088 irasce-

245 2116 343 2144 retur
357 2107 402 2145 de
421 2108 518 2146 illius
536 2109 704 2160 pernicie.
722 2110 805 2147 Haec
826 2110 944 2161 itaque
962 2125 1044 2148 cum
1058 2111 1226 2162 sciamus,

245 2167 331 2205 huic
356 2168 534 2220 spirituali
562 2171 660 2221 operi
685 2171 893 2219 haereamus,
913 2186 970 2208 me
989 2173 1229 2222 unusquisque

246 2239 359 2279 vocet,
377 2240 410 2268 et
424 2245 487 2269 nos
505 2232 612 2269 simul
629 2247 774 2285 operam
786 2233 953 2272 dabimus
969 2249 1036 2286 pro
1055 2235 1166 2272 virili.
1182 2235 1229 2273 Et

246 2293 277 2330 si
301 2293 445 2343 quidem
477 2303 548 2333 tres
573 2295 704 2333 fuerint
734 2310 957 2348 possessores,
978 2298 1013 2334 10
1044 2311 1229 2335 commune

248 2356 444 2404 conserant5
461 2357 491 2394 si
511 2370 614 2406 unus,
639 2357 718 2394 aliis
734 2372 875 2408 quoque
895 2357 1023 2396 vicinis
1041 2358 1079 2395 id
1101 2358 1226 2397 suade—

247 2416 314 2454 bit.
337 2418 495 2455 Tantum
517 2418 585 2455 hoc
605 2418 774 2470 perficere
801 2419 989 2469 studeatis,
1013 2420 1169 2468 obsecro,
1192 2430 1230 2458 ut

1305 1123 1454 1173 νομίζεις
1472 1125 1638 1175 πρόσοδον
1660 1124 1850 1174 λαμέάνειν
1871 1124 1999 1166 παντὸς
2017 1128 2076 1161 τοῦ
2095 1122 2224 1175 χωρίου
2243 1124 2324 1174 μεί-

1306 1186 1405 1227 ζονα·
1436 1186 1466 1222 εἰ
1497 1184 1545 1235 μὴ
1575 1184 1664 1224 οὕτω
1698 1186 1888 1232 διάκεισαι,
1913 1185 2000 1235 μηδὲ
2031 1185 2182 1236 ἐργάσῃ·
2216 1186 2245 1222 εἷ
2275 1184 2322 1235 μὴ

1305 1243 1390 1296 ὑπὲρ
1417 1244 1532 1283 πάντα
1563 1245 1756 1299 προστῆναί
1784 1262 1843 1284 σου
1866 1245 2125 1295 ὑπολαμὸάνεις
2156 1245 2194 1283 τὸ
2225 1244 2323 1296 ἔργον

1304 1310 1415 1344 τοῦτο.
1435 1306 1482 1344 Τί
1508 1310 1569 1353 τῆς
1599 1307 1762 1360 προςόδου
1783 1306 1910 1353 ταύτης
1942 1310 2068 1357 μεῖζον,
2095 1310 2154 1344 τοῦ
2187 1308 2234 1349 εἰς
2260 1305 2322 1352 τὴν

1305 1367 1378 1405 ἅλω
1405 1370 1467 1415 τὴν
1496 1370 1529 1406 ἐν
1555 1370 1690 1421 οὐρανῷ
1719 1371 1914 1419 εἰσαγαγεῖν
1943 1368 2077 1420 ψυχάςς
2106 1367 2236 1418 Οἴμοι,
2269 1367 2322 1406 ὅτι

1302 1429 1454 1468 οὒκ“ἴστε
1467 1430 1572 1467 πόσον
1589 1431 1663 1467 ἐστι
1678 1429 1717 1467 τὸ
1731 1430 1894 1481 κερδᾶναι
1909 1429 2034 1480 ψυχάς.
2052 1427 2173 1466 Ἄκουε
2189 1427 2223 1465 τί
2240 1444 2324 1480 φησι

1303 1491 1386 1543 πρὸς
1407 1492 1464 1529 τον
1485 1491 1618 1543 Πέτρον
1642 1495 1660 1529 ὃ
1684 1490 1851 1542 Χριστός·
1872 1493 1918 1529 Εἰ
1941 1492 2050 1542 φιλεῖς
2070 1505 2134 1540 με,
2159 1489 2323 1539 ποίμαινε

1302 1551 1346 1590 τὰ
1361 1552 1522 1604 πρόῧατά
1547 1569 1624 1602 μου.
1647 1554 1714 1590 31Ξῖ
1744 1552 1910 1603 βασιλικὰ
1929 1551 2088 1604 πρόὸατα
2112 1550 2323 1601 θεασάμενος

1302 1613 1460 1659 ἢῗππων
1487 1614 1628 1665 ἀγέλην,
1658 1614 1754 1667 παρὰ
1772 1614 1811 1651 τὸ
1833 1613 1938 1661 σηκὸν
1963 1612 2011 1664 μὴ
2033 1613 2138 1665 ἔχειν,
2169 1614 2216 1656 εἷς
2242 1614 2322 1651 ἐπι-

1304 1674 1430 1721 δουλὴν
1450 1675 1663 1728 προκείμενα
1680 1704 1690 1720 ,
1709 1674 1826 1713 λαῧὼν
1848 1675 1947 1717 αὐτὸς
1967 1674 2072 1721 σηκόν
2088 1690 2126 1712 τε
2141 1673 2322 1726 ᾠκοδόμη-

1304 1753 1366 1779 σας
1384 1736 1444 1774 καὶ
1468 1739 1629 1783 ἱππῶνα,
1646 1736 1668 1782 ἢ
1687 1737 1745 1775 καὶ
1771 1736 1920 1787 ποιμένα
1939 1735 2154 1783 ἐπέστησας,
2172 1735 2240 1773 τίνι
2261 1738 2323 1774 οὐκ

1305 1798 1344 1834 ἄν
1375 1813 1412 1835 σε
1440 1798 1615 1849 ἠμείψατο
1634 1801 1651 1836 ὃ
1672 1797 1853 1848 βασιλεύς,
1886 1799 1959 1835 Νῦν
1986 1797 2049 1843 τὴν
2078 1797 2229 1847 ποίμνην
2262 1800 2322 1834 τοῦ

1304 1860 1455 1910 Χριστοῦ
1477 1858 1633 1910 συνάγεις
1661 1858 1720 1896 καὶ
1742 1857 1892 1909 ποιμένα
1911 1860 2074 1910 ἐριστᾷς,
2095 1858 2153 1895 καὶ
2170 1860 2233 1909 οὐχ
2251 1861 2321 1910 ἡγῇ

1304 1919 1394 1971 μέγα
1411 1936 1444 1957 Υτι
1461 1920 1682 1970 ἐργάζεσθαι,
1703 1919 1750 1957 Τί
1767 1919 1859 1969 λέγω
1870 1935 1879 1966 ;
1902 1921 1946 1957 Εἰ
1965 1922 1982 1957 ὃ
2008 1919 2243 1963 σκανδαλίζων
2264 1919 2323 1957 καὶ

1303 1980 1363 2018 ἕνα
1378 2012 1387 2028 ,
1408 1981 1555 2027 ἀπειλὴν
1575 1981 1647 2033 ἔχει
1672 1979 1843 2027 τοσαύτην
1873 1982 2065 2026 ὓποστῆναι
2086 1980 2257 2032 τιμωρίαν
2274 1995 2281 2003 ·
2304 1983 2322 2017 ὁ

1302 2041 1420 2086 σώζων
1438 2042 1637 2090 τοσούτους,
1668 2041 1743 2080 εἰπέ
1772 2056 1855 2091 μοι,
1880 2040 1957 2093 οὐχὶ
1978 2040 2171 2087 σωθήσεται
2179 2057 2189 2088 3
2210 2040 2322 2086 Εὔδη-

1300 2105 1359 2141 λον
1380 2103 1445 2142 ὅτι.
1463 2103 1573 2142 Ποίαν
1592 2103 1658 2148 ἕξει
1677 2102 1744 2156 γὰρ
1759 2103 1878 2141 λοιπὸν
1898 2102 2084 2155 ἁμαρτίαν,
2106 2102 2128 2147 ἢ
2148 2101 2211 2140 κᾶν
2234 2101 2322 2154 ἔχοι,

1301 2167 1362 2202 οὐκ
1382 2164 1549 2216 ἐξαλείφει
1564 2165 1694 2211 ταύτην
1709 2181 1718 2211 3
1734 2164 1818 2202 Ἀπὸ
1832 2166 1894 2209 τῆς
1909 2163 2079 2215 τιμωρίας
2097 2167 2156 2201 τοῦ
2173 2165 2322 2202 σκανδα-

1299 2225 1449 2268 λίζοντος
1473 2225 1559 2274 μάθε
1580 2225 1618 2262 τὸ
1638 2225 1786 2263 ἔπαθλον
1814 2229 1873 2263 τοῦ
1894 2223 2072 2268 σώζοντος.
2092 2226 2137 2262 Εἰ
2154 2224 2202 2274 μὴ
2219 2240 2321 2276 περι-

1302 2285 1517 2324 σπούδαστον
1533 2280 1574 2332 ἦν
1592 2288 1641 2337 τῷ
1661 2288 1743 2337 Θεῷ
1761 2285 1819 2323 καὶ
1837 2292 1918 2336 μιᾶς
1932 2288 2046 2338 ψυχῆς
2071 2284 2244 2336 σωτηρία,
2260 2286 2321 2323 οὐκ

1302 2346 1341 2384 ἂν
1361 2346 1528 2393 τοσαύτην
1546 2346 1651 2398 ὀργὴν
1673 2345 1832 2392 ἐποίησεν
1855 2349 1948 2396 αὐτῷ
1967 2350 1988 2393 ἦ
2010 2345 2177 2383 ἀπώλεια.
2199 2347 2322 2382 Ταῦτα

1301 2403 1358 2446 οῦν
1371 2407 1516 2452 εἰδότες,
1542 2407 1702 2459 ἐχώμεθα
1718 2407 1783 2453 ἤδη
1805 2411 1863 2444 τοῦ
1883 2406 1981 2458 ἔργου
2002 2405 2120 2444 τούτου
2137 2410 2196 2443 τοῦ
2216 2421 2319 2443 πνευ-

248 2478 344 2515 omni
358 2493 402 2516 ex
421 2488 520 2531 parte
538 2481 612 2516 Deo
630 2480 818 2531 placentes,
834 2490 961 2518 aeterna
977 2495 1232 2531 consequamur
1257 2477 1281 2506 C
1305 2472 1451 2520 ματΨ-Οῧ
1464 2499 1473 2516 ⁷
1492 2468 1550 2506 καὶ
1567 2468 1629 2519 ἐμὲ
1647 2467 1830 2506 καλεσάτω
1848 2467 2010 2514 ἕκαστος,
2029 2466 2088 2504 καὶ
2112 2470 2214 2517 ἡμεῖς
2243 2483 2321 2505 συν-

247 2538 353 2588 11003,
384 2539 497 2590 gratia
530 2549 563 2577 et
591 2540 809 2591 benignitate
834 2541 980 2579 Domini
1007 2542 1117 2580 nostri
1147 2544 1229 2581 Jesu

248 2599 394 2647 Christi,
415 2600 560 2650 quicum
578 2601 676 2638 Patri
695 2616 832 2653 unaque
851 2603 999 2654 Spiritui
1019 2613 1138 2641 sancto
1155 2604 1230 2655 glo-

247 2660 315 2708 ria,
330 2660 534 2713 imperium,
546 2662 671 2712 honor,
686 2677 780 2701 nunc
795 2672 828 2702 et
843 2678 990 2717 semper,
1004 2674 1036 2703 et
1051 2665 1088 2703 in
1104 2666 1230 2704 saeeula

249 2724 472 2763 saeculorum.
492 2727 618 2764 Amen.

293 3151 306 3166 ³
322 3143 436 3175 Morel·
456 3149 481 3177 εἰ
497 3148 639 3188 βασιλικὰ
655 3150 850 3189 θεασάμενος,
868 3148 988 3180 omissa
1002 3160 1082 3182 voce
1096 3157 1246 3197 πρόεχῃ,

1305 2530 1564 2582 αντιληψόμεθα
1579 2529 1622 2568 τὰ
1645 2528 1786 2567 δυνατά.
1807 2529 1876 2567 Καὶ
1895 2530 1925 2565 εἰ
1942 2527 2002 2578 μὲν
2021 2534 2112 2580 τρεῖς
2131 2521 2198 2565 εἰεν
2219 2529 2250 2565 οἱ
2266 2543 2321 2565 κε-

1304 2590 1490 2642 κτημένοι,
1511 2592 1550 2628 ἐκ
1574 2596 1798 2642 συνεισφορᾶς
1817 2588 2025 2627 ποιείτωσαν
2040 2604 2047 2611 ·
2069 2590 2098 2626 εἰ
2116 2588 2150 2626 δὲ
2174 2582 2241 2637 εἷς,
2262 2588 2321 2626 καὶ

1301 2651 1378 2695 τοὺς
1396 2652 1520 2696 ἄλλους
1537 2651 1714 2689 ἀναπείσει
1730 2649 1806 2694 τοὺς
1825 2649 1984 2696 πλησίον.
2005 2649 2121 2687 Μόνον
2136 2652 2238 2687 τοῦτο
2254 2664 2321 2687 κα-

1302 2717 1473 2766 τορθῶσαι
1508 2712 1727 2751 σπουδάσατε
1741 2743 1750 2759 ,
1783 2713 1979 2764 παρακαλῶ
1994 2741 2006 2758 ,
2050 2710 2107 2748 ἵνα
2152 2710 2318 2748 πάντοθεν

1303 2777 1566 2828 εὖαρεστοῦντες
1593 2776 1642 2826 τῷ
1668 2776 1750 2825 Θεῷ
1771 2776 1839 2811 τῶν
1859 2771 2006 2810 αἰωνίων
2038 2773 2174 2822 ἀγαθῶν
2204 2769 2322 2808 ἐπιτύ-

1301 2852 1432 2889 χωμεν,
1463 2836 1584 2888 χάριτι
1610 2835 1669 2873 καὶ
1704 2833 1944 2886 φιλανθρωπίᾳ
1974 2836 2032 2871 τοῦ
2062 2830 2191 2884 Κυρίου
2218 2832 2318 2881 ἡμῶν

1301 2898 1417 2944 Ἰησοῦ
1448 2898 1627 2948 Χριστοῦ,
1660 2898 1734 2946 μεθ’
1766 2889 1804 2932 οῦ
1832 2897 1881 2946 τῷ
1901 2894 2018 2946 Πατρὶ
2050 2893 2124 2943 ἅμα
2154 2894 2204 2943 τῷ
2233 2891 2321 2945 ἁγίῳ

1301 2958 1484 3008 Πνεύματι
1508 2957 1608 3004 δόξα,
1638 2955 1763 3008 κράτος
1779 2985 1788 3003 ,
1809 2955 1915 3006 τιμὴ,
1936 2959 1993 2993 νῦν
2010 2954 2069 2992 καὶ
2092 2954 2163 3001 ἀεὶ,
2191 2953 2249 2992 καὶ
2274 2956 2322 2997 εἷς

1302 3019 1379 3063 τοὺς
1399 3021 1525 3061 αἰῶνας
1545 3020 1614 3055 τῶν
1632 3017 1776 3055 αἰώνων.
1796 3016 1920 3066 Ἀμήν.

1314 3158 1356 3188 At
1381 3154 1506 3188 habent
1522 3166 1594 3187 eam
1608 3153 1824 3195 manuscripti
1840 3163 1953 3184 omnes
1966 3150 2117 3185 Codices.
