2466 3805
282 257 368 314 134
721 272 760 301 S.

272 351 491 402 praedicatio,
513 351 761 404 perficiebatur
781 365 789 385 τ
809 348 960 400 plurima
978 347 1073 383 enim
1083 344 1247 396 precibus

271 413 516 463 operabantur.
551 413 611 450 Sic
643 408 840 461 spiritualia
877 406 1167 458 praeferebantur,
1200 403 1249 441 sic

271 471 318 509 ad
331 472 626 523 peregrinationes
642 469 884 515 mittebantur,
918 466 968 503 sic
989 465 1066 502 istis
1097 464 1249 502 verbum

269 531 511 569 concreditum
524 530 606 566 fuit.
625 530 746 578 Neque
764 527 851 564 dicit
864 527 949 575 hoc,
966 539 1078 575 neque
1108 524 1250 562 extollit

267 606 341 636 eos;
362 590 421 628 sed
438 589 539 637 dicit,
557 602 626 625 non
647 601 788 638 aequum
807 601 880 624 esse
902 585 1131 623 commissum
1157 599 1247 636 opus

266 651 472 700 relinquere.
488 649 547 687 Sic
561 663 581 685 a
595 649 721 700 Moyse
739 645 892 684 instituti
909 646 1062 695 fuerant,
1075 658 1118 682 ne
1128 645 1246 683 omnia

73 712 145 738 13⁰!-
161 720 188 738 2·
208 710 398 762 ¹⁰·agenda
417 709 648 760 susciperent.
671 708 812 745 Idcirco
835 707 969 744 Paulus
989 706 1052 756 ait,
1082 707 1131 743 Ut
1147 720 1245 757 pau-

54 1318 121 1346 ΛΗ.
149 1328 198 1349 21.

258 786 390 822 perum
406 780 556 808 tantum
572 782 756 807 memores
769 771 900 807 simus.
919 766 1108 814 Quomodo
1124 776 1244 805 autem

258 832 322 870 lios
337 831 585 870 antecesserint
604 830 709 868 disce.
730 830 956 882 Jejunabant,
972 824 1243 880 perseverabant

257 894 294 931 in
313 893 481 932 oratione.
515 893 591 930 Hoc
607 892 713 930 etiam
733 905 827 928 nunc
860 890 938 927 fieri
960 898 1145 941 oporteret.
1162 890 1240 927 Non

255 954 463 1006 simpliciter
472 962 590 991 autem
600 951 818 1004 spirituales,
832 950 893 988 sed
904 949 1043 1002 Spiritu
1058 959 1091 987 et
1105 948 1239 1001 sapien-

255 1016 305 1054 tia
335 1017 456 1068 plenos
482 1015 592 1065 dixit,
622 1013 804 1052 ostendens
836 1026 973 1064 magnae
1002 1010 1239 1064 philosophiae

252 1078 362 1115 fuisse
392 1076 628 1115 accusationes
657 1076 749 1112 ferre
782 1073 988 1112 viduarum.
1026 1074 1116 1120 Quae
1143 1072 1239 1110 enim

252 1136 401 1185 utilitas,
423 1135 452 1173 si
479 1135 701 1186 dispensator
720 1147 787 1170 non
817 1132 954 1169 furetur
986 1130 1146 1182 quidem,
1173 1131 1238 1169 sed

251 1196 366 1234 omnia
386 1195 535 1249 perdat,
569 1195 627 1233 vel
656 1194 685 1231 si
714 1194 813 1230 ferox
844 1193 889 1229 sit
916 1201 950 1229 et
979 1191 1236 1229 exacerbetur?

251 1257 326 1294 Hac
356 1259 390 1294 in
419 1271 456 1294 re
490 1254 721 1294 admirandus
755 1262 828 1291 erat
852 1253 1055 1304 Philippus.
1089 1253 1143 1289 De
1171 1252 1235 1290 illo

251 1331 404 1368 namque
417 1317 504 1355 dicit
525 1332 532 1353 ε
555 1318 610 1354 Et
630 1317 791 1367 ingressi
805 1316 846 1350 in
874 1314 1029 1350 domum
1062 1313 1236 1364 Philippi

252 1381 515 1432 evangelist'oe,
539 1381 605 1430 qui
620 1392 667 1415 ex
682 1385 825 1428 septem
849 1375 928 1412 illis
958 1383 1054 1421 erat,
1090 1377 1234 1412 mansi-

250 1455 333 1479 mus
353 1441 457 1492 apud
475 1440 597 1477 illum.
617 1437 748 1477 Viden'
766 1435 857 1473 nihil
872 1435 1029 1472 humano
1045 1449 1142 1472 more
1158 1435 1233 1473 dis-

248 1501 415 1554 pensari?
435 1502 489 1538 Et
505 1499 840 1550 multiplicabatur
857 1508 1034 1532 numerus
1065 1496 1231 1547 discipu-

252 1564 375 1600 lorum
394 1565 435 1599 in
451 1561 684 1598 Jerusalem.
707 1556 938 1608 Jerosolymis
956 1555 1131 1593 crescebat
1141 1556 1232 1593 mul-

244 1623 371 1661 titudo.
393 1624 460 1660 Res
479 1619 668 1669 mirabilis,
690 1618 754 1655 ubi
770 1617 906 1654 occisus
919 1616 1033 1653 fuerat
1054 1617 1229 1666 Christus,

244 1683 320 1721 illic
339 1683 515 1721 crescebat
543 1679 748 1733 praedjcatio
771 1691 858 1714 :nec
888 1676 995 1714 modo
1027 1690 1098 1714 non
1122 1691 1228 1715 scan—

243 1743 388 1782 dalizati
408 1752 488 1781 sunt
501 1741 648 1793 quidam
666 1753 711 1777 ex
731 1737 931 1788 discipulis,
961 1735 1120 1774 videntes
1143 1751 1228 1788 apo-

243 1805 350 1843 stolos
372 1803 559 1856 flagellari,
576 1801 662 1839 alios
682 1798 828 1848 minari,
848 1797 935 1835 alios
963 1797 1139 1849 Spiritum
1152 1807 1228 1835 ten-

243 1874 330 1913 tare,
353 1865 441 1902 alios
461 1875 686 1901 murmurare
696 1875 707 1909 3
723 1858 782 1897 sed
798 1866 831 1895 et
856 1857 1012 1894 maxime
1030 1858 1227 1908 augebatur

242 1926 460 1965 credentium
474 1937 644 1963 numerus
659 1938 666 1958 ε
684 1921 733 1959 sic
748 1920 793 1957 ab
810 1919 953 1956 Ananiae
969 1933 1052 1956 casu
1077 1918 1123 1956 ad
1155 1933 1228 1957 me-

240 1984 365 2022 liorem
382 1985 523 2035 frugem
539 1980 812 2029 reducebantur,
829 1987 861 2015 et
885 1978 998 2029 major
1025 1977 1097 2014 illis
1120 1977 1227 2015 timor

242 2046 428 2086 eratXide
438 2043 528 2082 mihi
538 2055 660 2095 porro,
671 2038 848 2091 quomodo
859 2037 1009 2075 creverit
1020 2037 1225 2076 multitudo.

244 2110 326 2146 Post
338 2106 546 2145 tentationes
565 2102 688 2148 crevit,
704 2114 773 2138 non
790 2108 884 2137 ante.
909 2098 1115 2136 Consideres
1130 2113 1227 2148 vero,

246 2177 377 2219 quanta
395 2167 440 2204 sit
460 2165 527 2203 Dei
547 2162 760 2214 benignitas.
779 2160 838 2198 Ex
857 2159 929 2197 illis
943 2159 1037 2196 enim
1056 2159 1228 2211 principi-

244 2228 312 2265 bus
330 2226 566 2274 sacerdotum,
579 2223 642 2274 qui
651 2221 698 2259 ad
713 2220 846 2258 caedem
859 2219 981 2257 turbas
994 2219 1227 2269 concitabant,

51 2296 164 2324 ,unuln
185 2289 309 2340 27.qui
324 2289 409 2326 talia
441 2285 654 2330 clamabant,
688 2291 721 2320 et
747 2280 927 2329 dicebant,
960 2281 1074 2317 Alios
1099 2281 1229 2319 salvos

50 2340 99 2373 42.

236 2353 356 2404 fecit,
370 2353 532 2401 seipsum
547 2361 624 2384 non
634 2352 757 2397 potest
767 2343 918 2381 salvum
930 2342 1079 2394 femere,-
1087 2355 1132 2379 ex
1140 2341 1227 2392 illis,

247 2412 377 2463 inquit,
392 2411 512 2449 Multi
527 2404 869 2456 obediebantfidei.

299 2480 337 2515 4.
355 2478 444 2530 Ejus
459 2477 577 2527 itaque
607 2483 640 2512 et
673 2486 736 2510 nos
765 2470 960 2508 imitatores
994 2469 1117 2507 simus.
1145 2470 1229 2508 Illos

248 2540 416 2592 suscepit,
434 2552 496 2576 nec
515 2535 657 2589 repulit.
679 2534 738 2572 Sic
768 2531 936 2580 inimicis,
964 2531 1025 2581 qui
1045 2531 1146 2569 nobis
1167 2532 1227 2569 in-

797 269 984 300 JOANNIS
1021 265 1264 296 CHRYSOST.

1273 587 1296 617 C

1305 266 1509 296 ARCHIEP.
1548 266 1890 298 CONSTANTINOP
1898 287 1908 297 .

1323 345 1603 396 ἐνεχειρίσθησαν
1628 341 1722 385 ὀῦτοι
1739 348 1796 386 τὸν
1818 349 1931 400 λόγον.
1964 349 2032 387 Καὶ
2060 352 2097 388 οὗ
2119 350 2235 399 λέγει,
2262 346 2350 385 οὐῗὲγ

1324 405 1458 457 ἐπαίρει
1478 406 1620 452 αὐτοὺς,
1641 407 1718 444 ἀλλ’
1743 408 1848 446 ὅτιτὸ
1867 409 1961 448 δοθὲν
1983 411 2119 461 ἀφεῖναι
2136 410 2232 461 ἔργον
2245 439 2257 455 ,
2277 409 2340 445 οὔκ

1324 464 1481 514 ἀρεστόν.
1515 466 1638 510 Οὕτως
1653 462 1742 514 ἦσαν
1763 469 1832 506 ἀπὸ
1855 469 2012 513 Μωσέως
2031 470 2269 511 παιδευθέντες
2289 466 2338 518 μὴ

1322 524 1438 562 πάντα
1466 526 1562 564 αὐτοὶ
1591 528 1854 580 μεταχειρίζειν.
1872 529 1940 567 Διὰ
1954 534 2053 568 τοῦτο
2072 530 2162 567 καὶὸ
2184 530 2339 574 Παῦλος,

1322 584 1437 623 Μόνον
1458 589 1527 624 τῶν
1542 591 1705 640 πτωχῶν,
1728 588 1844 640 φησὶν,
1863 587 1920 625 ἵνα
1939 589 2221 640 μνημονεύωμεν.
2254 590 2339 631 Πῶς

1321 645 1358 684 δὲ
1377 646 1436 684 καὶ
1457 651 1609 700 προ-ἦγον
1631 648 1782 696 τούτους,
1800 648 1963 699 μάνθανε.
1983 649 2203 697 Ἔνήστευον,
2223 664 2337 701 προσ-

1321 708 1526 760 εκαρτέρουν
1568 711 1666 761 εὐχῇ.
1720 711 1834 748 Τοῦτο
1880 710 1940 748 καὶ
1975 713 2034 747 νῦν
2071 709 2225 761 γίνεσθαι
2256 711 2336 748 ἔδει.

1319 769 1398 820 Οὐχ
1418 768 1537 812 ἁπλῶς
1556 769 1592 808 δὲ
1617 769 1889 820 πνευματικοὺς,
1916 770 2006 808 ἀλλὰ
2023 769 2228 821 Πνεύματος
2246 771 2337 817 πλή-

1320 844 1393 892 ρεις
1402 829 1461 867 καὶ
1481 830 1602 882 σοφίας
1622 824 1696 869 εἷπε
1714 860 1724 878 ,
1747 831 1874 878 δηλῶν,
1889 830 1942 869 ὅτι
1961 831 2115 882 μεγάλης
2134 831 2337 884 φιλοσοφίας

1315 889 1437 942 *[ἠν]
1469 890 1584 944 φέρειν
1617 891 1827 945 κατηγορίας
1859 895 1992 944 χηρῶν.
2033 892 2081 930 Τί
2106 892 2173 945 γὰρ
2202 892 2334 944 ὄφελος,

1314 948 1395 988 ὅταν
1417 951 1465 1002 μὴ
1493 952 1626 1004 κλέπτῃ
1644 952 1705 1003 μὲν
1722 983 1733 999 ,
1758 953 1915 1004 ἀπολλύῃ
1936 953 1971 990 δὲ
1991 952 2127 1001 πάντα,
2155 952 2177 999 ἢ
2207 952 2334 1006 θρασὺς

1313 1005 1415 1062 {met
1434 1012 1685 1065 παροξύνῃται,
1714 1014 1785 1052 Καὶ
1815 1013 1925 1065 ταύτῃ
1960 1013 1995 1051 δὲ
2028 1015 2226 1064 θαυμαστὸς
2250 1009 2292 1061 ἦν
2316 1017 2333 1053 ὃ

1313 1072 1506 1116 Φίλιππος.
1543 1073 1634 1125 Περὶ
1660 1074 1727 1127 γὰρ
1762 1077 1864 1112 αὐτοῦ
1898 1090 2000 1126 φησι·
2031 1075 2100 1113 Καὶ
2121 1075 2332 1119 εἰσελθόντες

1312 1134 1360 1175 εἷς
1395 1133 1451 1172 τὸν
1480 1127 1571 1172 οἷκον
1594 1134 1776 1173 Φιλίππου
1803 1139 1863 1173 τοῦ
1894 1137 2159 1187 εὐαγγελιστοῦ,
2179 1135 2272 1179 ὄντος
2294 1138 2332 1174 ἐκ

1311 1196 1378 1231 τῶν
1396 1194 1485 1232 ἑπτὰ
1497 1226 1506 1242 ,
1526 1194 1712 1246 ἐμείναμεν
1736 1196 1821 1247 παρ’
1837 1199 1944 1248 αὐτῷ.
1963 1196 2072 1249 (Ορᾷς
2087 1197 2182 1234 οὐδὲν
2196 1199 2331 1249 ἀνθρω-

1260 1262 1285 1293 Ι)
1309 1254 1416 1298 πίνως
1443 1255 1696 1306 διοικούμενον,
1719 1257 1787 1294 Καὶ
1817 1256 2027 1302 ἐπληθύνετο
2057 1261 2073 1295 ὁ
2097 1257 2240 1310 ἀριθμὸς
2259 1261 2328 1295 τῶν

1310 1319 1474 1366 μαθητῶν
1492 1319 1526 1354 ἐν
1546 1316 1788 1370 Ἱερουσαλήμ.
1816 1317 1878 1355 Ἐν
1901 1317 2152 1369 Ἱεροσολύμοις
2170 1319 2326 1356 ἐπεδίδου

1306 1375 1345 1413 τὸ
1371 1379 1512 1422 πλῆθος.
1543 1378 1595 1415 Τὸ
1629 1377 1848 1428 θαυμαστὸν,
1875 1377 1955 1414 ἔνθα
1972 1378 2104 1429 ε’σφοίγη
2122 1381 2139 1415 ὃ
2160 1380 2325 1432 Χριστὸς,

1306 1439 1377 1475 ἐκεῖ
1394 1438 1516 1485 ηὔξετο
1533 1438 1572 1476 τὸ
1596 1439 1769 1491 κήρυγμα.
1804 1439 1873 1476 Καὶ
1889 1441 1925 1477 οὐ
1950 1439 2051 1489 μόνον
2073 1442 2135 1478 οὐκ
2155 1441 2328 1478 ἐσκανδα-

1302 1497 1469 1545 λίσθησαν
1491 1514 1579 1541 τινες
1595 1501 1662 1536 τῶν
1687 1500 1850 1549 μαθητῶν
1863 1528 1873 1546 ,
1893 1500 2039 1551 ὁρῶντες
2055 1498 2131 1542 τοῦς
2153 1499 2214 1550 μὲν
2236 1502 2324 1537 ἀπο-

1305 1558 1444 1602 στόλους
1465 1559 1756 1610 μαστιζομένους,
1783 1557 1862 1601 τοὺς
1882 1558 1917 1595 δὲ
1938 1561 2181 1607 ἀπειλοῦντας,
2202 1560 2328 1604 ἄλλους

1302 1618 1342 1656 τὸ
1379 1621 1523 1670 Πνεῦμα
1555 1620 1805 1673 πειράζοντας,
1839 1618 1974 1671 ἑτέρους
2008 1618 2043 1657 δὲ
2074 1619 2324 1672 γογγύζοντας·

1303 1679 1393 1717 ἀλλὰ
1416 1681 1569 1730 μάλιστα
1598 1681 1657 1718 καὶ
1684 1680 1907 1732 προσετίθετο
1932 1683 2001 1718 τῶν
2028 1682 2286 1719 πιστευσάντων
2307 1684 2325 1720 ὁ

1303 1742 1469 1793 ἀριθμός·
1501 1742 1608 1785 οὕτως
1634 1742 1702 1780 ἀπὸ
1735 1747 1794 1780 τοῦ
1823 1742 1903 1794 περὶ
1937 1741 2094 1780 Ἀνανίαν
2127 1742 2324 1792 συμὸάντος

1251 1812 1276 1842 Ε
1301 1802 1619 1854 ε’σωφρονίσθησαν,
1650 1802 1709 1840 καὶ
1735 1802 1862 1840 πλείων
1883 1805 1900 1840 ὃ
1916 1802 2018 1855 φόὸος
2039 1805 2151 1846 αὐτοῖς
2171 1803 2323 1855 γέγονεν.

1767 1862 1815 1875 *xl-x

1300 1860 1396 1915 εὈρα
1425 1863 1462 1901 δέ
1484 1878 1564 1913 μοι,
1597 1866 1670 1907 πῶς
1699 1865 1855 1901 ἕπεοιοου
1883 1863 1922 1902 τὸ
1951 1866 2093 1910 πλῆθος.
2116 1865 2217 1902 Μετὰ
2245 1864 2325 1908 τοὺς

1300 1923 1526 1977 πειρασμοὺς,
1545 1923 1622 1961 τότε
1643 1924 1824 1971 ἐπέδωκεν,
1842 1923 1919 1975 οὐχὶ
1946 1924 2013 1975 πρὸ
2032 1925 2168 1962 τούτου.
2191 1924 2323 1963 Σκόπει

1303 1985 1337 2023 δὲ

1301 2048 1370 2084 τῶν
1398 2045 1588 2098 ἀρχιερέων
1613 2047 1681 2081 τῶν
1708 2044 1793 2095 πρὸς
1809 2044 1909 2097 φόνον
1926 2043 2004 2088 τοὺς
2028 2045 2150 2096 ὄχλους
2177 2045 2323 2097 παροξυ-

1360 1985 1420 2023 καὶ
1441 1985 1531 2031 πόση
1554 1984 1795 2036 φιλανθρωπία
1816 1989 1874 2022 τοῦ
1894 1986 1999 2022 Θεοῦ.
2016 1984 2077 2028 Ἐξ
2099 1985 2236 2023 ἐκείνων
2254 1985 2322 2038 γὰρ

1300 2106 1425 2145 νόντων
1438 2137 1447 2154 ,
1468 2109 1535 2143 τῶν
1552 2108 1696 2143 τοιαῦτα
1722 2105 1882 2156 βοώντων
1901 2106 1961 2144 καὶ
1978 2105 2160 2157 λεγόντων,
2180 2105 2324 2150 Ἄλλους

1301 2168 1441 2214 ἔσωσεν,
1463 2167 1583 2204 ἑαυτὸν
1599 2168 1635 2204 οὐ
1656 2164 1798 2204 δύναται
1818 2170 1952 2206 σῶσαι·
1973 2169 2012 2205 ἐκ
2031 2165 2156 2205 τούτων
2178 2167 2321 2215 Πολλοὶ,

1302 2227 1417 2281 φησὶν,
1437 2227 1607 2274 ὑπήκουον
1624 2230 1666 2278 τῇ
1687 2226 1814 2265 πίστει.

1357 2474 1470 2512 Αὐτοῦ
1487 2473 1597 2510 τοίνυν
1617 2472 1676 2510 καὶ
1692 2476 1792 2523 ἡμεῖς
1811 2472 1991 2525 γενώμεθα
2012 2473 2175 2525 μιμηταί.
2203 2476 2323 2526 Προσ-

1304 2534 1440 2578 &iia-20
1495 2533 1629 2582 αὐτοὺς,
1672 2532 1754 2572 1’καὶ
1794 2535 1855 2572 οὐκ
1894 2533 2062 2578 ἐξέὸαλεν.
2103 2534 2207 2572 Οὕτω
2244 2533 2322 2579 τοὺς

248 2614 393 2639 numera
412 2598 562 2636 intulere
585 2595 692 2640 mala,
713 2592 885 2631 beneficia
916 2590 1164 2643 rependamus.
1188 2593 1288 2647 Si116
1304 2595 1443 2647 ἐχθροὺς
1466 2594 1694 2645 ἀμειὸώμεθα
1711 2594 1788 2638 τοὺς
1811 2594 1856 2632 τὰ
1878 2594 1984 2646 μυρία
2002 2599 2096 2645 ἡμᾶς
2121 2596 2321 2648 ἐργασαμέ-

247 2662 335 2713 quid
370 2662 504 2699 bonum
538 2659 724 2706 habemus,
757 2655 830 2692 illis
853 2653 1065 2701 tribuamus,
1094 2667 1137 2690 ne
1165 2654 1226 2691 be·
1252 2660 1279 2690 A
1301 2671 1377 2698 νους
1397 2656 1502 2693 δεινά.
1528 2654 1645 2707 ζΌπερ
1667 2655 1706 2692 ἂν
1727 2655 1862 2707 ἔχωμεν
1892 2655 2061 2707 *ἀγαθὸῃ
2083 2658 2195 2699 αὐτοῖς
2213 2657 2322 2710 παρέ.

247 2721 450 2760 nefaciendo
495 2728 746 2771 praetereamus
782 2715 876 2752 illos.
921 2714 959 2751 Si
1000 2713 1094 2751 enim
1133 2716 1226 2754 mala

247 2782 412 2836 patiendo
455 2781 603 2833 implere
657 2785 794 2829 oportet
846 2775 992 2812 illorum
1040 2775 1222 2828 furorem,

246 2845 357 2882 multo
383 2842 495 2894 magis
517 2837 766 2879 benefaciendo
786 2853 793 2873 τ
814 2836 883 2874 hoc
916 2836 1010 2873 enim
1034 2837 1152 2875 minus
1173 2848 1225 2876 est

244 2907 318 2944 illo.
340 2908 417 2944 ’Non
433 2904 528 2943 enim
558 2916 623 2954 par
645 2914 701 2938 res
728 2907 794 2946 est,
821 2898 1026 2936 benefacere
1056 2898 1222 2950 inimico,

243 2976 274 3004 et
309 2967 443 3018 majora
467 2964 558 3002 velle
581 2961 678 3014 pati,
713 2960 759 2998 ab
786 2959 855 2996 hoc
876 2957 923 2996 ad
952 2957 1013 2997 illa
1026 2958 1221 2997 veniemus.

242 3028 325 3065 Haec
338 3026 491 3078 dignitas
515 3033 565 3062 est
583 3022 841 3073 discipulorum
856 3018 1000 3057 Christi.
1021 3019 1222 3058 Crucifixe—

242 3097 320 3125 rant
339 3087 457 3135 illum,
481 3084 541 3135 qui
563 3083 608 3120 ab
625 3079 919 3119 benefaciendum
943 3078 1015 3116 illis
1054 3089 1219 3128 venerat,

239 3148 432 3200 discipulos
448 3147 544 3184 illius
563 3144 848 3195 flagellaverant3
879 3150 913 3179 et
929 3150 1049 3193 postea
1075 3141 1154 3179 illos
1173 3142 1219 3180 ad

239 3209 401 3248 eumdem
417 3222 486 3258 quo
501 3206 694 3258 discipulos
713 3205 884 3242 bonorem
903 3202 1017 3253 ducit,
1034 3202 1217 3240 similiter—

277 3346 293 3361 *
309 3345 364 3386 [ἦν
380 3342 471 3374 abest
487 3354 505 3373 a
521 3343 560 3373 D.
577 3342 688 3381 Quare
702 3341 794 3371 uncis
809 3337 1026 3381 inclusimus]

277 3398 293 3421 l*
309 3395 422 3428 Movet.
439 3395 486 3437 [et
506 3393 565 3438 D.]
581 3397 628 3426 καὶ
644 3396 789 3432 {giguit-a,
805 3390 900 3423 male.

1301 2732 1418 2768 χωμεν
1434 2733 1441 2740 ·
1463 2716 1511 2766 μὴ
1532 2717 1759 2768 παρέλθωμεν
1788 2715 1910 2759 αὐτοὺς
1936 2719 2161 2758 εὐποιο·”,ντες.
2188 2717 2233 2754 Εἰ
2252 2716 2319 2768 γὰρ

1299 2778 1348 2827 τῷ
1375 2780 1495 2814 παθεῖν
1522 2780 1656 2822 κακῶς,
1687 2779 1865 2827 ἐμπλῆσαι
1897 2777 1948 2813 δεῖ
1971 2776 2029 2813 τὸν
2054 2775 2159 2826 θυμὸν
2192 2777 2318 2825 αὐτῶν,

1299 2838 1417 2888 πολλῷ
1452 2838 1582 2886 μᾶλλον
1616 2839 1666 2888 τῷ
1700 2839 1882 2882 εὐποιῆσαι
1898 2852 1905 2859 ·
1940 2839 2041 2873 τοῦτο
2074 2835 2141 2887 γὰρ
2174 2835 2318 2875 ἔλαττον

1299 2898 1440 2936 ἐκείνου.
1467 2899 1547 2935 Οὐκ
1578 2898 1651 2936 ἔστι
1677 2897 1745 2949 γὰρ
1776 2897 1846 2935 ἴσον
1880 2898 2064 2942 εὐποιῆσαι
2095 2897 2230 2949 ἐχθρὸν,
2259 2898 2318 2936 καὶ

1299 2959 1437 3010 μείζονα
1453 2960 1595 3005 θελῆσαι
1615 2962 1736 2996 παθεῖν
1752 2958 1774 3004 ἢ
1804 2958 1984 3009 βούλεσθαι
2001 2973 2008 2980 ·
2028 2957 2095 2995 ἀπὸ
2111 2958 2230 2996 τούτου
2257 2960 2318 2998 καὶ

1296 3023 1350 3058 ἐπ’
1381 3022 1495 3058 ἐκεῖνα
1513 3019 1654 3070 ἥξομεν.
1684 3021 1799 3058 Τοῦτο
1830 3018 1966 3069 ἀξίωμα
1989 3021 2057 3056 τῶν
2077 3023 2136 3057 τοῦ
2164 3021 2318 3071 Χριστοῦ

1296 3084 1472 3130 μαθητῶν.
1490 3079 1742 3132 Ἒσταύρωσαν
1763 3079 1862 3118 αὐτὸν
1884 3079 2026 3117 ἐλθόντα
2054 3079 2110 3116 ἐπὶ
2135 3081 2315 3134 εὐεργεσίᾳ

1292 3145 1334 3193 τῇ
1360 3144 1486 3185 αὐτῶν,
1514 3139 1592 3182 τοὺς
1618 3140 1775 3190 μαθητὰς
1793 3142 1895 3178 αὐτοῦ
1916 3139 2126 3190 ἐμάστιξαν,
2149 3142 2208 3179 καὶ
2225 3141 2315 3192 μετὰ

1290 3208 1398 3241 ταῦτα
1415 3204 1461 3244 εἷς
1477 3200 1539 3247 τὴν
1561 3201 1668 3248 αὐτὴν
1685 3200 1807 3245 αὐτοὺς
1828 3201 1904 3252 ἄγει
1920 3208 1989 3245 τοῖς
2006 3205 2175 3251 μαθηταῖς
2189 3202 2310 3253 τιμὴν,

1342 3338 1358 3353 *
1375 3338 1436 3378 [1).
1447 3344 1538 3368 caret
1554 3335 1672 3377 verbis,
1691 3341 1844 3379 ἀγαθὸν...
1855 3341 2047 3380 παρέχωμεν,
2058 3343 2090 3367 et
2107 3334 2191 3367 infra
2205 3333 2310 3367 habet

1298 3393 1450 3432 ἐμπλῆσαί
1465 3389 1570 3430 ectum]
