2502 3810
690 249 734 278 IN
770 248 909 278 EPIST.

956 247 1011 276 RD
1047 247 1155 277 ROM.

1191 248 1346 279 nomn„
1386 250 1513 280 xvm.
2040 237 2132 293 [397

71 335 179 385 ρανῶν
204 332 375 383 λάμψασα
402 329 482 374 δόξα
512 333 703 382 ἀπαγαγεῖν
733 329 858 377 ταύτης
885 329 1140 376 δυνήσεται.6;ςο
1153 338 1248 380 ptate
1275 331 1312 369 in
1344 331 1475 381 illaque
1495 338 1663 382 perpetuo
1690 329 1903 368 delectemur
1919 342 2044 379 :quam
2073 342 2136 366 nos

67 393 214 443 Ἴδωμεν
227 393 338 431 τοίνυν
356 391 503 440 ἐκείνην,
520 391 578 429 καὶ
593 390 848 441 καταμάθωμεν
867 389 973 437 αὐτὴν
987 393 1082 443 ἀκρι-
1105 385 1130 414 Λ
1151 403 1270 428 omnes
1297 391 1449 442 assequi,
1472 391 1650 442 contingat
1681 390 1794 441 gratia
1827 399 1860 428 et
1890 389 2133 427 misericordia

69 455 155 501 ὅῶς,
188 454 244 491 ἵνα
275 454 313 491 τὸ
342 453 467 495 κάλλος
498 454 604 498 αὐτῆς
635 451 891 502 θαυμάσαντες,
921 450 1081 503 φύγωμεν

69 514 197 560 ταύτης
229 513 291 560 τὴν
326 512 558 565 αἰσχρότητα,
590 512 649 550 καὶ
671 513 802 557 πολλῆς
831 510 1084 560 ἀπολαύσωμεν

69 575 210 622 ἡδονῆς,
243 575 473 627 ἐντρυφῶντες
511 572 623 623 ἐκείνῃ
662 574 846 619 διηνεκῶς
880 565 921 616 ἧς
954 570 1086 622 γένοιτο

70 634 200 678 πάντας
218 637 312 685 ἡμᾶς
332 637 520 686 ἐπιτυχεῖν,
539 633 659 685 χάριτι
685 632 743 670 καὶ
768 630 1008 683 φιλανθρωπίᾳ
1027 634 1086 668 τοῦ

70 694 198 745 Κυρίου
212 697 310 745 ἡμῶν
333 694 448 741 Ἰησοῦ
468 695 637 745 Χριστοῦ,
659 694 732 744 μεθ’
753 686 790 730 οῧ
805 693 854 743 τῷ
874 691 992 742 Πατρὶ
1012 690 1086 740 ἅμα

71 757 119 806 τῷ
136 755 223 807 ἁγίῳ
243 754 426 805 Πνεύματι
441 753 522 798 δόξα
534 784 544 802 ,
567 753 710 806 κράτος,
726 751 811 802 τιμὴ
828 781 836 798 ,
854 755 911 789 νῦν
931 749 991 788 καὶ
1012 750 1064 788 ἀεὶ
1076 780 1086 796 ,

71 816 129 853 καὶ
148 818 194 858 εἰς
213 814 291 858 τοὺς
308 817 433 858 αἰῶνας
450 818 517 852 τῶν
536 813 682 852 αἰώνων.
700 812 820 862 Ἀμήν.

450 1049 632 1087 ΟΜΙΛΙΑ
665 1046 721 1093 ιη’.

70 1177 154 1219 Πῶς
175 1171 232 1214 οὖν
249 1176 515 1215 ἐπικαλέσωνται
535 1176 582 1218 εἰς
595 1175 630 1213 ὃν
647 1175 707 1212 οὒκ
723 1172 946 1219 ἐπίστευσαν,
965 1174 1039 1214 πῶς
1056 1171 1091 1209 δὲ

122 1235 362 1275 πιστεύσουσιν
389 1230 427 1274 οἷ
459 1238 520 1273 οὐκ
550 1235 723 1282 ἤκουσαν;
755 1236 830 1277 πῶς
849 1232 884 1271 δὲ
905 1232 1091 1271 ἀκούσουσι

120 1297 229 1349 χωρὶς
259 1296 507 1348 κηρύσσοντος,
537 1298 612 1338 πῶς
641 1294 678 1333 δὲ
707 1293 930 1347 κηρύξουσιν,
951 1292 1009 1332 ἐὰν
1042 1294 1090 1344 μὴ

123 1358 368 1405 ἀποσταλῶσι,
385 1355 499 1400 καθὼς
518 1355 726 1409 γέγραπται.

125 1601 239 1640 Πάλιν
258 1602 391 1652 ἀναιρεῖ
409 1599 472 1647 τὴν
492 1599 699 1652 συγγνώμην
720 1601 844 1639 αὐτῶν,
861 1599 1008 1647 Ἐπειδὴ
1025 1600 1093 1652 γὰρ

73 1656 180 1709 εἶπεν,
200 1661 254 1700 ὅτι
270 1663 449 1713 Μαρτυρῶ
469 1661 585 1703 αὐτοῖς
593 1690 603 1707 ,
629 1660 682 1698 ὅτι
711 1663 811 1707 ζῆλον
832 1662 924 1699 Θεοῦ
941 1661 1093 1712 ἔχουσιν,

73 1721 152 1760 ἀλλ’
173 1723 210 1759 οὖ
232 1723 308 1759 κατ’
326 1720 512 1772 ἐπίγνωσιν
525 1737 532 1744 ·
551 1721 611 1759 καὶ
624 1751 633 1769 ,
650 1721 702 1758 ὅτι
719 1721 932 1772 Ἀγνοοῧντες
952 1721 1014 1767 τὴν
1034 1725 1093 1759 τοῦ

73 1783 165 1820 Θεοῦ
182 1781 415 1829 δικαιοσύνην,
434 1784 498 1833 οὐχ
525 1781 762 1832 ὑπετάγησαν,
789 1781 940 1820 δείκνυσι
958 1781 1092 1828 λοιπὸν,

74 1843 127 1880 ὅτι
143 1841 201 1879 καὶ
222 1844 327 1888 αὐτῆς
341 1845 402 1888 τῆς
429 1841 566 1892 ἀγνοίας
591 1842 692 1889 δίκην
721 1842 897 1894 ὀφείλουσι
925 1845 975 1895 τῷ
997 1844 1093 1894 Θεῷ.

75 1903 146 1942 Καὶ
166 1905 203 1941 οὐ
222 1902 315 1954 λέγει
329 1902 390 1953 μὲν
419 1902 528 1951 οὕτω,
551 1903 805 1948 κατασκευάζει
825 1903 860 1942 δὲ
882 1908 984 1942 τοῦτο
1001 1903 1093 1942 κατὰ

74 1964 244 2017 ἐρώτησιν
266 1964 427 2015 προάγων
455 1965 512 2002 τὸν
541 1964 656 2016 λόγον,
673 1964 732 2003 καὶ
751 1964 959 2017 σαφέστερον
986 1967 1095 2003 ποιῶν

74 2025 133 2062 τὸν
147 2024 289 2076 ἔλεγχον
306 2026 355 2074 τῷ
375 2024 464 2063 κατὰ
477 2024 647 2063 ἀντίθεσιν
666 2025 725 2063 καὶ
743 2025 842 2063 λύσιν
860 2025 952 2063 ἅπαν
968 2028 1096 2077 ὑφᾶναι

414 2085 548 2124 Σκόπει
565 2085 624 2123 δέ·
644 2086 786 2132 ἀνωθεν,
815 2085 932 2139 φησὶν,
953 2081 1060 2125 Εἶπεν
1080 2091 1097 2126 ὃ

76 2086 170 2124 τουτὶ
190 2086 228 2123 τὸ
252 2085 393 2137 χωρίον.

77 2146 273 2198 προφήτης,
299 2145 352 2184 ὅτι
376 2152 463 2192 πᾶς,
488 2146 522 2189 ὃς
553 2146 610 2185 ἐὰν
641 2146 892 2194 ἐπικαλέσηται
925 2147 964 2185 τὸ
988 2147 1097 2197 ὄνομα

79 2206 220 2258 Κυρίου,
237 2206 445 2252 σωθήσεται.
463 2207 553 2244 Ἀλλ’
570 2207 651 2251 ἴσως
667 2207 739 2259 ἔχοι
756 2223 807 2251 τις
828 2207 867 2244 ἂν
885 2209 993 2244 εἰπεῖν
1007 2221 1015 2228 ·
1036 2208 1098 2246 καὶ

76 2269 150 2308 πῶς
160 2265 321 2303 ἐδύναντο
332 2267 605 2306 ἐπικαλέσασθαι
615 2271 747 2315 τοῦτον,
760 2261 788 2319 ᾧ
799 2269 858 2305 οὐκ
869 2267 1075 2306 ἐπίστευσαν
1086 2285 1095 2316 ;

77 2319 166 2363 Εἶτα
186 2325 353 2378 ἐρώτησις
378 2329 462 2377 παρ’
484 2329 588 2365 αὐτοῦ
618 2325 705 2377 μετὰ
730 2326 791 2373 τὴν
824 2326 1009 2374 ἀντίθεσιν,
1036 2327 1095 2365 καὶ

77 2386 133 2425 διὰ
152 2387 186 2424 τί
205 2389 267 2425 οὐκ
286 2387 514 2435 ἐπίστευσαν,
534 2388 603 2426 Καὶ
620 2388 725 2426 πάλιν
746 2386 915 2430 ἀντίθεσις
931 2403 938 2411 ·
957 2388 1096 2432 πάντως

77 2447 149 2500 ἔχει
170 2464 220 2491 τις
235 2450 354 2496 εἰπεῖν,
374 2448 433 2486 καὶ
450 2452 524 2492 πῶς
543 2443 634 2501 εἰχον
650 2452 835 2487 πιστεῦσαι
857 2447 904 2499 μὴ
923 2448 1095 2487 ἀκούσαν-

76 2525 152 2556 τες,
169 2508 238 2546 Καὶ
257 2509 324 2559 μὴν
343 2509 510 2556 ἤκουσαν,
532 2509 648 2561 φησίν.
672 2503 763 2547 Eira
782 2509 883 2562 ἑτέρα
902 2509 1008 2547 πάλιν
1030 2512 1094 2548 ἀν-

77 2568 220 2611 τίθεσις·
244 2569 302 2606 καὶ
316 2571 389 2612 πῶς
402 2569 571 2615 ἠδύναντο
595 2572 739 2608 ἀκοῦσαι
767 2571 875 2623 χωρὶς
904 2570 1096 2621 κηρύσσον-

78 2645 151 2676 τος,
169 2623 242 2666 εἶτα
261 2629 366 2667 πάλιν
382 2628 496 2672 λύσις·
513 2630 571 2668 καὶ
588 2629 656 2679 μὴν
674 2629 856 2681 ἐκήρυξαν,
873 2629 931 2666 καὶ
946 2631 1097 2668 ἀπεστά-

78 2692 189 2736 λησαν
213 2691 260 2733 εἰς
293 2689 374 2727 αὐτὸ
394 2695 493 2729 τοῦτο
517 2690 651 2729 πολλοί.
672 2690 742 2728 Καὶ
772 2690 874 2728 πόθεν
903 2691 1018 2736 δῆλον,
1045 2690 1098 2728 ὅτι

80 2745 172 2789 οἷτοί
190 2753 274 2788 εἰσιν
292 2751 415 2789 ἐκεῖνοι
431 2754 462 2789 οἱ
478 2743 751 2797 ἀποσταλέντες,
771 2749 863 2787 Τότε
881 2750 1001 2788 λοιπὸν
1024 2753 1099 2788 εἰσ-

78 2811 156 2862 άγει
171 2811 228 2849 τὸν
247 2810 428 2863 προφήτην
447 2811 593 2863 λέγοντα
606 2841 615 2859 ,
639 2810 700 2854 Ὡς
727 2813 849 2862 ὡραῖοι
866 2812 896 2849 οἱ
911 2811 1012 2855 πόδες
1030 2814 1097 2849 τῶν

81 2871 394 2922 εὐαγγελιζομένων
429 2872 580 2924 εἰρήνην,
607 2874 676 2910 τῶν
709 2871 1024 2923 εὐαγγελιζομένων
1056 2872 1099 2910 τὰ

82 2931 206 2981 ἀγαθά.
223 2930 331 2983 Ὁρᾷς
349 2934 423 2975 πῶς
453 2932 522 2970 ἀπὸ
541 2935 600 2970 τοῦ
631 2931 759 2984 τρόπου
789 2937 849 2970 τοῦ
877 2932 1099 2984 κηρύγματος

85 2990 234 3028 δείκνυσι
264 2991 342 3035 τοὺς
369 2991 540 3045 κήρυκας;
565 2993 675 3032 Οὐδὲν
705 2993 773 3045 γὰρ
801 2993 887 3031 ἄλλο
911 2993 1099 3044 περιῄεσαν

82 3045 176 3090 ,οἷ-»οι
206 3052 420 3104 πανταχόθεν
442 3053 618 3105 λέγοντες,
642 3055 719 3093 ἀλλ’
738 3054 760 3100 ἢ
782 3053 826 3092 τὰ
853 3053 968 3105 ἀγαθὰ
988 3056 1102 3092 ἐκεῖνα

84 3109 128 3147 τὰ
148 3110 327 3162 ἀπόρρητα
344 3113 403 3150 καὶ
418 3113 480 3161 τὴν
495 3118 554 3154 τοῦ
573 3117 666 3154 Θεοῦ
686 3115 771 3168 πρὸς
785 3115 986 3166 ἀνθρώπους
1004 3130 1102 3166 γεγε-

85 3170 235 3220 νημένην
257 3173 404 3222 εἰρήνην.
425 3173 541 3213 “sse-ts
558 3177 784 3218 ἀπιστοῦντες
797 3205 807 3223 ,
823 3177 888 3227 οὐχ
910 3178 995 3225 ἡμῖν
1016 3178 1102 3213 ἀπι-

84 3237 214 3276 στεῖτε,
232 3233 346 3284 φησὶν,
367 3234 457 3273 ἀλλὰ
476 3238 524 3288 τῷ
546 3235 677 3288 εΗσαία
697 3239 747 3288 τῷ
765 3237 834 3289 πρὸ
847 3237 986 3274 πολλῶν
1018 3238 1102 3275 ἐτῶν

89 3293 237 3341 εἰπόντι,
256 3292 308 3331 ὅτι
330 3294 389 3332 καὶ
405 3297 719 3348 ἀποσταλησόμεθα
747 3297 807 3336 καὶ
830 3296 1022 3349 κηρύξομεν
1045 3298 1102 3335 καὶ

84 3355 228 3405 ἐροῦμεν
245 3354 329 3407 ὅπερ
345 3356 545 3409 εἰρήκαμεν.
560 3360 605 3396 Εἰ
620 3358 733 3397 τοίνυν
752 3358 791 3396 τὸ
812 3358 874 3408 μὲν
893 3361 1046 3404 σωθῆναι
1064 3360 1103 3397 ἐκ

84 3418 143 3451 τοῦ
163 3416 434 3455 ἐπικαλέσασθαι
450 3412 504 3467 ἦν,
521 3418 560 3456 τὸ
578 3418 612 3458 δὲ
629 3419 903 3458 ἐπικαλέσασθαι
918 3420 956 3457 ἐκ
971 3422 1031 3457 τοῦ
1047 3436 1104 3458 πι-

1154 451 1299 489 Domini
1318 452 1425 490 nostri
1442 454 1525 491 Jesu
1552 451 1699 500 Christi,
1716 451 1861 502 quicum
1881 451 1977 489 Patri
1999 464 2137 502 unaque

1154 511 1306 562 Spiritui
1325 522 1444 550 sancto
1467 512 1591 563 gloria,
1613 511 1817 564 imperium,
1845 512 1972 563 honor,
1991 525 2085 550 nune
2103 520 2136 548 et

1155 584 1303 624 semper,
1321 581 1355 610 et
1369 572 1404 609 in
1421 572 1548 610 saecula
1559 572 1779 610 saeculorum.
1797 573 1918 610 Amen.

1462 1042 1672 1082 HOMILIA
1702 1044 1844 1084 XVIII.

1163 1165 1255 1202 CA».
1282 1164 1329 1202 X.
1359 1178 1395 1203 v.
1433 1166 1494 1203 44.
1530 1167 1729 1216 Quomodo
1763 1169 1882 1218 igitur
1909 1170 2144 1206 invocabunt

1217 1239 1303 1264 eum
1315 1255 1326 1276 ‚
1363 1229 1405 1264 in
1426 1240 1538 1278 quem
1564 1241 1642 1264 non
1657 1229 1901 1267 crediderunt
1912 1233 1928 1266 Ρ
1955 1231 2144 1281 quomodo

1218 1287 1373 1324 credent
1390 1289 1432 1325 in
1445 1287 1551 1334 elim,
1569 1288 1616 1325 de
1629 1302 1704 1340 quo
1717 1302 1793 1326 non
1807 1291 2040 1327 audierunt?
2054 1305 2146 1343 quo—

1215 1348 1328 1384 modo
1340 1348 1500 1386 audient
1512 1351 1596 1386 sine
1605 1350 1842 1400 proedicante
1853 1353 1870 1386 Ρ
1891 1352 1906 1387 1
1918 1350 2146 1402 &quomodo

1217 1414 1348 1444 autem
1365 1408 1633 1459 praedicabunt
1651 1438 1663 1456 ,
1697 1411 1773 1447 nisi
1796 1412 2030 1449 mittantur?
2050 1414 2148 1449 sicut

1212 1469 1402 1518 scriptum
1416 1475 1483 1506 est.

1220 1591 1259 1626 ’1.
1291 1589 1432 1627 Rursus
1452 1603 1473 1627 a
1501 1590 1605 1628 venia
1633 1590 1713 1629 illos
1743 1592 1918 1630 excludit.
1941 1593 2034 1640 Quia
2051 1593 2148 1631 enim

1165 1649 1308 1688 dixerat
1328 1666 1336 1686 :
1366 1652 1570 1702 Testificor
1583 1652 1686 1699 illis,
1708 1655 1812 1705 quod
1824 1656 1951 1692 zelum
1974 1657 2050 1693 Dei
2071 1657 2146 1693 Iza—

1167 1713 1305 1758 beant,
1328 1713 1397 1749 sed
1411 1726 1489 1750 non
1503 1714 1713 1751 secundum
1730 1717 1931 1753 scientiam
1945 1733 1960 1762 ,·
1976 1725 2023 1765 et,
2036 1719 2148 1768 Igno-

1166 1781 1298 1811 rantes
1327 1774 1403 1810 Dei
1423 1775 1642 1825 justitiam,
1666 1788 1744 1812 non
1770 1778 1932 1829 subjecti
1951 1779 2116 1829 ficerunt
2134 1797 2147 1823 ;

1168 1832 1322 1871 ostendit
1336 1832 1481 1883 deinde,
1499 1833 1594 1884 quod
1613 1835 1694 1872 talis
1713 1835 1920 1886 ignorantiae
1934 1852 2055 1890 peenas
2073 1840 2150 1876 Deo

1167 1894 1331 1932 debeant.
1353 1895 1431 1932 Non
1446 1894 1495 1932 sic
1512 1904 1628 1933 tamen
1642 1895 1816 1947 loquitur,
1835 1897 1897 1935 sed
1911 1899 2039 1950 probat
2058 1900 2150 1937 illud

1168 1969 1231 2007 per
1252 1954 1565 2005 interrogationem
1578 1987 1587 2005 ,
1603 1963 1636 1993 et
1651 1956 1782 1994 clarius
1797 1958 1950 1997 reddens
1963 1973 2150 2011 argumen-

1169 2024 1247 2052 tum
1262 2029 1324 2067 per
1340 2015 1572 2067 objectionem
1601 2026 1635 2055 et
1667 2017 1879 2056 solutionem
1893 2050 1902 2066 ‚
1923 2029 2037 2058 totum
2062 2022 2150 2060 texit

1168 2075 1265 2113 hunc
1294 2076 1426 2114 locum.
1452 2076 1637 2128 Perpende
1664 2087 1781 2116 autem
1804 2094 1812 2114 t
1843 2080 1940 2118 Olim
1965 2111 1975 2130 ,
2003 2081 2117 2132 inquit
2138 2112 2148 2131 ‚

1171 2139 1285 2176 Dixit
1296 2139 1508 2190 propheta,
1534 2139 1716 2190 Quisquis
1742 2142 1978 2179 invocaverit
2010 2157 2150 2181 nomen

1169 2200 1352 2245 Domini,
1375 2200 1508 2238 salvus
1522 2202 1605 2237 erit.
1626 2202 1765 2239 Verum
1785 2202 1876 2239 sorte
1891 2203 1971 2253 quis
1990 2204 2123 2242 dixerit
2141 2221 2148 2241 ε

1169 2259 1359 2307 Quomodo
1386 2268 1551 2311 poterunt
1581 2273 1663 2297 eum
1683 2260 1868 2311 invocare,
1900 2263 1937 2300 in
1956 2278 2060 2314 quem
2083 2279 2151 2303 non

1169 2319 1418 2358 crediderunt?
1435 2319 1573 2358 Deinde
1592 2329 1671 2372 post
1690 2321 1926 2373 objectionem
1951 2323 2150 2377 interroga-

1168 2380 1218 2418 tio
1253 2381 1509 2432 sequeturtEt
1545 2395 1609 2418 cur
1626 2395 1696 2419 non
1727 2382 1981 2422 crediderunt?
1997 2386 2151 2424 Rursus-

1169 2457 1238 2493 que
1255 2442 1406 2495 objectio
1426 2458 1434 2479 τ
1454 2451 1568 2495 potest
1586 2442 1680 2481 enim
1700 2443 1780 2494 quis
1799 2444 1916 2483 dicere
1928 2475 1941 2493 ,
1964 2447 2152 2494 Quomodo

1118 2521 1144 2550 D
1168 2512 1331 2555 poterant
1348 2503 1509 2551 credere,
1530 2517 1611 2541 cum
1639 2516 1709 2542 nen
1726 2504 1935 2544 audissent?
1955 2508 2061 2558 Atqui
2082 2523 2150 2546 au—

1168 2563 1312 2601 dierunt
1330 2592 1340 2612 ,
1374 2562 1502 2614 inquit.
1546 2562 1683 2601 Deinde
1708 2563 1776 2601 alia
1809 2568 1939 2603 iterum
1971 2568 2124 2619 objectio
2142 2599 2150 2616 ,

1170 2626 1350 2676 quomodo
1369 2626 1494 2664 audire
1518 2634 1680 2677 poterant
1705 2627 1779 2665 sine
1802 2628 2048 2679 praedicante?
2075 2640 2150 2668 sta—

1171 2687 1306 2737 timque
1331 2695 1450 2738 postea
1476 2687 1606 2724 solutio
1626 2703 1634 2723 :
1663 2688 1771 2738 Atqui
1794 2689 1901 2726 multi
1927 2691 2148 2741 praedicave—

1171 2756 1257 2785 runt
1275 2756 1309 2785 et
1336 2747 1472 2784 adhoc
1499 2747 1597 2784 missi
1623 2757 1716 2786 sunt.
1736 2749 1783 2786 Et
1803 2749 1897 2787 unde
1930 2751 2041 2802 liquet
2070 2753 2152 2790 illos

1173 2808 1269 2859 ipsos
1288 2820 1361 2845 esse
1376 2806 1438 2857 qui
1457 2806 1556 2846 missi
1578 2808 1687 2844 sunt.O
1714 2808 1818 2846 Tune
1844 2808 1989 2848 demum
2016 2812 2154 2851 inducit

1172 2869 1387 2922 prophetam
1401 2867 1596 2906 dicentem:
1617 2870 1740 2920 Quam
1749 2873 1908 2922 speciosi
1912 2874 2027 2923 pedes
2037 2889 2153 2913 evan·
2168 2878 2242 2907 lsai.
2264 2875 2349 2914 52-7·

1171 2930 1422 2982 gelizantium
1449 2943 1606 2980 pacem,
1639 2931 1991 2981 evangelizantium
2027 2935 2152 2973 bona!

1173 2989 1304 3030 Viden'
1325 2991 1503 3040 quomodo
1523 3005 1543 3028 a
1561 2989 1824 3042 praedicationis
1847 2992 1953 3030 modo
1976 3009 2153 3046 praecones

1173 3050 1358 3088 declaret?
1372 3050 1471 3088 Nihil
1486 3050 1580 3087 enim
1599 3050 1699 3087 aliud
1713 3050 1767 3088 illi
1786 3051 2042 3092 circumeuntes
2058 3055 2155 3093 dice-

1174 3110 1282 3157 bant,
1299 3110 1367 3148 nisi
1383 3110 1444 3148 illa
1463 3110 1556 3148 bona
1572 3110 1764 3148 ineffabilia
1782 3120 1815 3149 et
1839 3126 1962 3163 pacem
1978 3114 2078 3152 illam
2096 3115 2153 3153 iu-

1175 3181 1229 3209 ter
1243 3173 1357 3210 Deum
1389 3180 1424 3208 et
1442 3171 1603 3208 homines
1632 3171 1773 3209 factam.
1809 3174 1932 3224 Itaque
1969 3175 2056 3213 dum
2085 3191 2154 3215 non

1177 3232 1338 3281 creditis,
1361 3246 1430 3270 non
1464 3232 1565 3270 nobis
1602 3232 1774 3270 increduli
1808 3235 1910 3282 estis,
1946 3236 2007 3274 sed
2031 3239 2151 3289 Isaiae,

1175 3295 1237 3346 qui
1256 3304 1337 3333 ante
1355 3294 1486 3332 multos
1502 3307 1612 3332 annos
1627 3293 1723 3332 dixit
1734 3325 1744 3344 ,
1764 3296 1862 3345 quod
1881 3298 2043 3337 mittendi
2066 3315 2155 3339 esse-

1176 3371 1255 3394 mus
1271 3387 1280 3405 ,
1304 3355 1400 3406 quod
1422 3355 1652 3408 praedicaturi
1673 3365 1707 3394 et
1733 3356 1864 3396 dicturi
1892 3374 1931 3397 ea
1952 3375 2030 3411 quae
2060 3362 2156 3400 dixi-

1176 3432 1264 3456 mus.
1285 3417 1324 3456 Si
1343 3417 1460 3468 itaque
1474 3417 1568 3456 salus
1587 3417 1631 3456 sit
1645 3432 1690 3456 ex
1710 3418 1932 3459 invocatione
1949 3452 1958 3466 ‚
1981 3422 2156 3463 invocatio

1931 3474 1996 3514 48.
