2466 3805
44 1018 151 1044 illumi».
172 1018 199 1046 3.

44 1067 88 1084 11.

31 2060 115 2086 Psczl.
139 2068 203 2096 io).

713 234 732 255 Ι

251 210 309 254 (io
713 231 750 259 c.

249 320 330 343 nem
346 306 462 345 dicere
480 316 559 345 ante
577 309 773 360 passionem
801 310 934 346 datam.
967 308 1060 347 Vide
1086 316 1203 344 autem
1214 336 1225 354 ,

249 366 425 417 quomodo
443 376 559 405 totum
577 369 651 419 jam
671 369 724 405 illi
751 368 929 405 adscribat
953 381 1041 415 rem,
1061 380 1227 417 magnam

249 428 384 464 occulte
401 427 540 465 faciens.
561 430 651 465 Nam
669 428 698 465 si
720 428 793 478 ipse
815 426 954 473 effudit,
974 425 1019 463 de
1035 426 1097 463 illo
1120 439 1226 477 supra

247 488 419 540 propheta
438 488 659 538 loquebatur,
679 487 799 525 dicens
817 503 824 522 ε
841 490 866 523 I
866 502 891 523 η,
914 489 1129 524 novissimis
1149 488 1226 524 die-

249 552 316 587 bus
330 550 534 597 effundam
548 549 595 584 de
603 548 745 598 Spiritu
760 561 841 584 meo
856 561 969 598 super
979 561 1107 585 servos
1123 561 1225 585 meos

246 618 281 645 et
310 622 421 658 super
442 608 610 644 ancillas
640 621 743 644 meas
750 623 765 651 ;
791 616 827 644 et
854 608 954 644 dabo
975 609 1154 660 prodigia
1183 611 1225 645 in

245 669 336 705 caelo
350 681 511 704 sursum.
532 667 638 715 Vide,
655 668 773 717 qualia
791 669 925 706 occulte
943 669 1136 708 interserat.
1154 669 1224 708 Sed

243 729 324 778 quia
340 741 465 778 magna
483 742 537 765 res
551 737 635 775 erat,
651 743 773 766 rursus
789 729 888 767 illam
905 731 1105 779 obumbrat,
1120 731 1223 781 quasi

241 803 259 825 a
276 791 377 826 Patre
389 789 572 840 acceperit.
588 789 685 826 Dicit
698 791 789 828 bona
804 791 975 843 praestita,
992 792 1109 842 signa3
1125 792 1222 842 quod

239 850 285 886 sit
303 851 399 898 Rex,
417 850 513 900 quod
537 850 582 888 ad
605 851 701 902 ipsos
728 852 886 890 venerit:
902 852 997 890 dixit
1025 852 1121 903 quod
1145 853 1222 905 ipse

238 909 298 948 det
311 910 486 962 Spiritum
505 921 676 949 sanctum.
694 913 937 963 Quaecumque
955 913 1048 951 enim
1066 914 1146 964 quis
1165 914 1220 951 di-

238 972 344 1018 xerit,
359 972 427 1009 nisi
443 973 490 1010 ad
511 973 698 1010 utilitatem
711 974 844 1021 tendat,
860 984 990 1012 temere
1004 974 1102 1011 dicit.
1119 974 1220 1012 Sicut

237 1042 269 1070 et
290 1034 442 1072 Joannes
466 1033 562 1081 facit,
581 1033 723 1072 dicens:
740 1037 827 1086 Ipse
846 1049 917 1072 vos
945 1037 1156 1086 baptizabit
1178 1039 1219 1072 in

236 1095 378 1146 Spiritu
404 1104 552 1132 sancto.
582 1094 630 1132 Et
659 1095 832 1143 ostendit,
853 1110 994 1133 crucem
1014 1109 1082 1132 non
1111 1095 1218 1132 modo

236 1156 354 1206 ipsum
382 1169 450 1192 non
479 1155 670 1204 minuisse,
701 1155 762 1193 sed
798 1156 903 1193 etiam
939 1156 1216 1207 splendidiorem

236 1215 432 1253 reddidisse
442 1231 452 1265 3
476 1214 650 1265 siquidem
676 1215 770 1266 quod
800 1216 854 1253 illi
882 1217 968 1254 olim
1000 1218 1096 1254 Deus
1126 1231 1214 1269 pro-

235 1276 391 1323 miserat,
418 1285 504 1313 tunc
529 1275 640 1313 dedit.
671 1276 739 1315 Vel
773 1276 1053 1328 promissionem,
1074 1276 1211 1327 inquit,

235 1351 341 1387 quam
366 1337 469 1374 nobis
501 1336 676 1388 promisit.
710 1337 770 1375 Sic
796 1338 951 1375 futiu'am
988 1337 1211 1389 praesciebat,

233 1408 266 1436 et
285 1399 454 1449 majorem
480 1398 583 1435 nobis
612 1407 692 1449 post
719 1412 859 1435 crucem
887 1398 1037 1449 largitus
1066 1407 1128 1436 est.
1148 1398 1208 1444 Et,

232 1460 408 1511 Effudit,
444 1458 571 1508 inquit.
606 1458 674 1495 Hic
702 1458 911 1509 dignitatem
940 1458 1118 1507 declarat,
1150 1472 1213 1496 nec

230 1519 453 1571 simpliciter,
466 1518 526 1556 sed
543 1533 622 1556 cum
640 1519 809 1557 ubertate.
825 1519 908 1557 Ideo
927 1520 995 1557 hoc
1014 1519 1131 1571 ipsum
1150 1535 1212 1571 pa-

230 1580 303 1617 lam
322 1580 467 1629 faciens,
483 1580 662 1630 sequentia
680 1579 830 1618 inducit.
849 1582 973 1618 Postea
990 1580 1082 1617 enim
1101 1579 1212 1617 fideu-

229 1649 292 1688 ter,
314 1650 394 1692 post
409 1640 566 1692 Spiritus
584 1640 696 1677 sancti
711 1655 841 1678 munus
859 1640 994 1689 datum,
1014 1640 1058 1678 de
1078 1654 1211 1678 assum-

229 1702 323 1739 tione
355 1702 390 1738 in
422 1701 523 1738 caelos
551 1701 710 1751 loquitur
728 1717 736 1737 :
755 1715 868 1751 neque
899 1701 1126 1753 simpliciter;
1152 1701 1212 1739 sed

229 1771 352 1800 testem
370 1776 514 1799 fulsum
534 1761 744 1813 producens,
766 1771 798 1799 et
820 1762 923 1799 illum
952 1776 1150 1800 memorans
1169 1762 1213 1800 de

229 1837 298 1873 quo
321 1823 483 1860 Chiistus
501 1822 606 1860 dixit.
628 1823 690 1861 54.
713 1824 803 1860 Non
824 1826 939 1868 enim,
963 1823 1092 1873 inquit,
1124 1825 1212 1862 Da-

232 1887 296 1922 vid
310 1887 486 1923 ascendit
507 1889 548 1922 in
568 1886 718 1924 coelum.

281 1948 317 1983 5.
346 1946 413 1983 Hic
426 1947 503 1998 jam
524 1960 592 1984 non
619 1947 771 1985 demisse
787 1948 959 1998 loquitur,
986 1959 1142 1987 assumta
1168 1964 1212 1988 ex

229 2008 334 2046 dictis
356 2007 488 2045 fiducia
512 2023 520 2043 :
545 2022 658 2058 neque
683 2008 798 2058 dicit,
827 2008 948 2047 Liceat
991 2009 1122 2061 dicere,
1152 2012 1212 2050 vel

232 2069 386 2116 similia;
418 2068 481 2107 sed
513 2069 655 2120 palam:
685 2071 800 2107 Dixit
831 2071 1022 2109 Dominus
1044 2073 1214 2111 Domino

233 2145 330 2180 meo,
351 2131 446 2169 Sede
468 2145 493 2168 a
517 2132 663 2168 dextris
694 2134 800 2176 meis,
826 2132 946 2169 donec
971 2147 1115 2184 ponam
1136 2138 1212 2172 ini-

235 2195 350 2229 micos
367 2200 450 2228 tuos
465 2191 678 2228 scabellum
695 2192 836 2242 pedum
860 2200 1023 2229 tuorum.
1038 2193 1076 2230 Si
1096 2195 1212 2232 Davi-

234 2253 289 2290 dis
304 2252 480 2290 Dominus
508 2260 581 2288 erat
595 2281 604 2299 ,
622 2251 734 2289 multo
762 2251 876 2303 magis
895 2252 1053 2290 illorum.
1075 2255 1170 2292 Sede
1189 2270 1215 2293 a

236 2316 380 2352 demtis
396 2316 501 2351 meis.
526 2314 659 2350 Totum
679 2313 739 2350 hic
757 2313 886 2365 posuit.
907 2314 969 2351 55.
991 2315 1126 2353 Donec
1144 2330 1214 2367 po-

238 2390 328 2413 nam
362 2377 537 2412 inimicos
562 2383 646 2412 tuos
664 2374 876 2412 scabellum
891 2375 1031 2425 pedum
1048 2384 1212 2415 tuorum.

237 2436 303 2473 Hic
319 2445 453 2473 metum
466 2447 635 2485 magnum
657 2433 795 2482 incutit,
813 2443 851 2471 ut
866 2434 966 2472 initio
985 2437 1215 2485 monstravit3

238 2497 357 2547 qualia
382 2510 508 2547 nempe
532 2495 678 2544 amicis,
701 2494 818 2545 qualia
844 2494 998 2532 inimicis
1026 2496 1144 2535 faciat.
1167 2500 1218 2534 Ae

239 2572 360 2595 rursus
380 2556 582 2608 imperium,
603 2569 645 2593 ne
664 2568 732 2592 non
751 2554 916 2593 credatur
928 2585 937 2603 ,
956 2555 1053 2593 Patri
1079 2556 1218 2594 adscri—

238 2619 302 2656 lJit.
325 2618 419 2666 Quia
445 2618 563 2667 itaque
587 2630 715 2667 inagna
742 2616 911 2666 loquutus
930 2625 1002 2666 est,
1026 2631 1148 2656 rursus
1172 2619 1219 2657 ad

239 2679 388 2716 humilia
400 2691 596 2716 sermonem
609 2676 764 2714 deducit.
776 2677 841 2715 56.
850 2677 961 2714 Certo
976 2679 1094 2729 igitur
1104 2682 1215 2727 sciat,

240 2741 367 2791 inquit,
390 2743 513 2778 om'nis
541 2740 675 2776 domus
692 2738 817 2776 Israel
828 2754 843 2782 ;
866 2738 935 2775 hoc
954 2747 1024 2788 est,
1039 2740 1092 2777 Ne
1114 2740 1220 2778 dubi-

242 2804 334 2852 tetis,
353 2817 396 2840 ne
410 2801 610 2853 ambigatis.
632 2802 755 2838 Postea
772 2813 853 2836 cum
871 2799 1020 2851 imperio
1037 2816 1045 2836 ε
1068 2802 1169 2851 Quia
1184 2811 1220 2840 et

242 2866 452 2902 Dominum
471 2878 556 2901 eum
575 2871 611 2900 et
638 2863 833 2900 Christum
837 2862 942 2913 fecit
956 2863 1076 2900 Deus.
1099 2863 1176 2901 Hoc
1199 2879 1218 2901 a

242 2926 380 2963 Davide
410 2934 443 2962 et
469 2939 488 2962 a
521 2924 661 2962 Psalmo
690 2922 990 2960 commemoravit.
1018 2923 1110 2960 Nam
1138 2938 1219 2962 cum

242 2986 423 3023 videretur
442 2984 656 3023 dicendum:
672 2983 775 3020 Certo
791 2983 900 3034 igitur
920 2982 1004 3020 sciat
1023 2984 1136 3021 omnis
1155 2984 1219 3022 do-

243 3061 319 3084 mus
349 3047 468 3095 Israel,
488 3045 582 3096 quod
600 3059 620 3082 a
637 3043 772 3081 dextris
792 3042 908 3081 sedeat
926 3058 936 3091 ;
962 3043 1001 3080 id
1029 3044 1124 3094 quod
1144 3060 1217 3083 ma-

242 3123 350 3158 gnum
370 3118 441 3145 erat
459 3124 466 3144 ι
485 3123 524 3145 co
544 3107 664 3144 relicto
683 3104 782 3143 aliud
809 3104 946 3142 inducit
965 3105 1078 3143 multo
1097 3106 1216 3144 humi-

1247 306 1276 329 51

1252 342 1276 369 A

787 230 971 260 JOANMS
1006 229 1247 259 CHRYSOST.
1286 230 1883 262 ARCHIEP.CONSTANT1NOP

1299 307 1425 359 ἐξέχεε,
1454 310 1534 359 περὶ
1550 312 1652 349 αὐτοῦ
1670 313 1688 348 6
1706 313 1886 363 προφήτης
1904 312 2039 364 εἴρηκεν
2048 313 2238 367 ἀνωτέρω·
2254 313 2315 351 liv

1299 373 1373 410 ταῖς
1391 368 1556 419 ἐσχάταις
1573 372 1754 423 ἡμέραις’
1739 374 1852 424 εκχεῶ
1866 372 1936 410 ἀπὸ
1954 389 2012 410 του
2028 365 2235 424 Πνεύματός
2251 388 2317 424 μου

1298 426 1356 464 ἐπὶ
1385 427 1463 472 τους
1497 428 1635 473 δούλους
1665 445 1729 481 μου
1750 431 1809 469 καὶ
1839 432 1898 470 ἐπὶ
1929 432 1989 476 τὰς
2009 433 2132 477 δούλας
2151 450 2233 484 μου,
2259 433 2318 471 καὶ

1297 486 1398 525 δώσω
1416 487 1545 539 τέρατα
1562 492 1596 527 ἐν
1615 506 1665 541 τῳ
1681 493 1814 543 οὗρανιΝΙ)
1836 492 1917 530 ἅνω.
1934 492 2030 546 ”Ορα
2049 497 2104 531 οια
2121 493 2318 544 κεκρυμμέ-

1296 564 1362 591 νως
1381 549 1566 597 ἐντίθησιν.
1595 550 1686 589 Ἀλλ’
1708 551 1827 598 ἐπειδὴ
1850 553 1940 602 μέγα
1955 557 2010 601 ἠν,
2029 554 2134 592 πάλιν
2153 554 2237 592 αὐτὸ
2251 570 2316 592 συ-

1297 609 1429 654 σκιάζει
1447 613 1498 662 τιΝΙ)
1517 610 1614 664 παρὰ
1631 627 1691 650 του
1710 611 1849 664 Πατρὸς
1877 613 2010 650 λαὸεῖν.
2039 608 2129 651 Εἰπε
2149 615 2193 652 τὰ
2211 631 2316 666 γεγε-

1297 671 1431 722 νημένα
1447 671 1572 723 ἀγαθὰ,
1592 672 1635 710 τὰ
1651 679 1780 722 σημεῖα
1792 688 1800 697 ·
1815 667 1923 721 εἶπεν,
1940 673 1993 712 ὅτι
2008 674 2167 724 βασιλεύς
2181 677 2315 713 ᾶέστιν·

1297 732 1349 769 ὅτι
1369 734 1416 776 εἰς
1440 731 1563 776 αὐτοὺς
1588 728 1670 779 ἧκεν
1684 749 1691 756 ·
1721 727 1829 781 εἶπεν,
1848 734 1901 772 ὅτι
1919 734 2021 777 αὐτὸς
2038 734 2078 772 τὸ
2096 736 2243 786 Πνεῦμα
2261 735 2317 773 δί-

1295 793 1411 832 δωσιν,
1430 792 1527 832 “Ὀσα
1542 793 1609 846 γὰρ
1629 794 1669 832 ἂν
1690 794 1769 846 εἴτι-ῃ
1791 811 1879 840 τις,
1886 797 1915 833 εἷ
1938 795 1986 846 μὴ
2009 797 2057 838 εἷς
2075 795 2115 834 τὸ
2141 795 2316 848 συμφέρον

1293 854 1513 902 τελευτήσει,
1533 857 1609 906 εἷκῃ
1629 855 1734 907 λέγει,
1760 855 1898 909 “ssew-:p
1922 856 1981 893 καὶ
2003 856 2168 903 Ἰωάννης
2195 863 2316 903 ποιεῖ,

1294 917 1432 958 Οιῗιτοςε
1420 931 1527 965 υμας,
1546 915 1669 967 λέγων,
1694 916 1887 967 βαπτίσει
1872 933 1906 954 εν
1927 916 2143 966 Hveduazz‘
2127 917 2227 969 αγίω.
2246 918 2315 956 Καὶ

1294 974 1474 1020 δείκνυσιν,
1494 975 1548 1014 ὅτι
1561 979 1578 1013 6
1598 976 1744 1028 σταυρὸς
1763 992 1800 1014 ου
1827 977 1930 1027 μόνον
1952 976 2054 1014 αὐτὸν
2071 978 2132 1014 οὐκ
2151 978 2316 1023 ἠλάττω-

1293 1051 1362 1081 σεν,
1391 1036 1481 1074 ἀλλὰ
1509 1036 1567 1074 καὶ
1594 1037 1834 1088 λαμπρότερον
1864 1037 2070 1087 εἰργάσατο,
2089 1037 2122 1075 εἴ
2139 1053 2177 1089 γε
2204 1037 2316 1076 πάλαι

1292 1093 1353 1143 μὲν
1383 1096 1616 1146 ἐπηγγέλλετο
1641 1099 1659 1134 6
1688 1097 1776 1139 Θεὸς
1806 1099 1921 1148 αὐτῷ,
1940 1097 2018 1135 τότε
2044 1098 2080 1135 δὲ
2100 1098 2240 1135 ἔδωκεν.
2263 1096 2315 1137 *H

1288 1156 1512 1206 ἐπαγγελίαν,
1528 1157 1646 1208 φησὶν,
1666 1158 1708 1203 ἣν
1722 1160 1743 1203 ἡ
1750 1163 1807 1208 μῖν
1822 1157 2067 1209 ἐπηγγείλατο.
2083 1158 2187 1197 Οὕτω
2201 1159 2315 1211 προῄ-

1289 1217 1339 1253 δει
1365 1215 1544 1266 ἐσομένην,
1571 1217 1629 1254 καὶ
1663 1218 1802 1267 μείζονα
1833 1222 1917 1268 ἡμῖν
1956 1219 2045 1268 μετὰ
2073 1219 2131 1257 τὸν
2165 1221 2312 1272 σταυρὸν

1286 1276 1490 1329 ἐχαρίσατο.
1508 1277 1598 1326 Καὶ,
1613 1277 1776 1330 Ἐξέχεε,
1794 1279 1910 1329 φησίν.
1927 1278 2100 1317 Ἐνταῦθα
2120 1279 2160 1317 τὸ
2175 1280 2314 1331 ἀξίωμα

1285 1336 1464 1389 ἐμφαίνει·
1495 1338 1554 1376 καὶ
1573 1338 1626 1377 ὅτι
1646 1340 1709 1390 οὐχ
1735 1339 1873 1386 ἁπλῶς,
1901 1339 1991 1377 ἀλλὰ
2012 1340 2072 1377 καὶ
2101 1340 2190 1391 μετὰ
2212 1343 2312 1394 δαψι-

1283 1398 1388 1441 λείας.
1415 1399 1479 1437 Διὸ
1506 1399 1565 1436 καὶ
1598 1399 1683 1436 αὐτὸ
1703 1404 1803 1438 τοῦτο
1835 1401 1938 1446 δῆλον
1971 1403 2095 1449 ποιῶν,
2127 1402 2248 1454 ἐπάγει
2269 1402 2312 1441 τὰ

1285 1458 1373 1505 ἑξῆς.
1394 1460 1525 1498 Λοιπὸν
1538 1460 1605 1512 γὰρ
1625 1460 1838 1514 θαῤῥούντως
1860 1461 1949 1511 μετὰ
1964 1461 2027 1508 τὴν
2054 1467 2114 1501 τοῦ
2137 1463 2311 1515 Πνεύμα-

1284 1536 1341 1564 τος
1360 1521 1466 1568 δόσιν,
1487 1521 1547 1558 καὶ
1563 1521 1643 1573 περὶ
1662 1526 1725 1568 τῆς
1750 1524 1798 1564 εἷς
1821 1521 1900 1564 τοὺς
1919 1522 2082 1574 οὐρανοὺς
2107 1524 2311 1576 ἀναλήψεως

1285 1581 1501 1634 διαλέγεται·
1519 1598 1578 1620 και
1597 1584 1662 1634 οὐχ
1681 1583 1816 1629 ἅπλῶς,
1841 1582 1932 1620 ἀλλα
1948 1583 2053 1621 πάλιν
2075 1584 2132 1621 τὸν
2150 1585 2309 1638 μάρτυρα

1284 1642 1464 1694 παράγων,
1487 1658 1546 1680 και
1565 1642 1694 1680 ἐκείνου
1726 1643 2002 1693 ἀναμιανησκων
2025 1659 2105 1696 περι
2133 1648 2170 1681 οὑ
2188 1648 2205 1682 6
2224 1647 2310 1697 Χρι-

1285 1703 1363 1746 στὸς
1384 1705 1568 1743 εἶπεν.οῧ
1585 1703 1653 1755 γὰρ
1676 1704 1817 1742 Δαυὶδ
1807 1704 1934 1751 ἀνέδη,
1955 1704 2072 1755 φησὶν,
2095 1707 2141 1748 εἰς
2160 1706 2238 1750 τους
2254 1707 2308 1744 οὖ-

1288 1764 1419 1816 ρανούς

1341 1951 1514 1990 Ἐνταῦθα
1550 1953 1613 1990 οὐκ
1650 1952 1700 1991 ἔτι
1732 1951 1748 1972 b
1761 1954 1835 2003 μεθ’
1876 1954 2070 1998 ὑποστολῆς
2097 1953 2306 2006 δημηγορεῖ,

1289 2012 1380 2064 ἔχων
1404 2013 1443 2051 τὸ
1461 2012 1531 2051 ἀπὸ
1549 2016 1617 2050 τῶν
1639 2012 1828 2064 εἰρημένων
1849 2011 1989 2064 Θάρσος,
2007 2013 2082 2051 οὐδὲ
2095 2013 2206 2065 λέγει,
2237 2013 2309 2058 ἐξὸν

1287 2075 1413 2118 εἰπεῖν,
1434 2073 1510 2111 οὐδὲ
1532 2074 1596 2111 ὅσα
1617 2077 1777 2111 τοιαῦτα·
1797 2072 1890 2125 λέγει
1914 2073 1949 2111 δὲ
1969 2077 2140 2125 φανερῶς,
2161 2068 2270 2112 Εἶπεν
2289 2077 2308 2112 6

1288 2133 1414 2185 Κύριος
1443 2136 1492 2185 τῷ
1515 2133 1632 2186 Κυρίῳ
1654 2149 1742 2183 μου,
1762 2133 1867 2172 κάθου
1883 2136 1921 2172 ἐκ
1941 2133 2058 2177 δεξιῶν
2076 2150 2140 2184 μου
2154 2165 2163 2182 ,
2184 2134 2248 2178 ἕως
2267 2134 2307 2172 ἂν

1288 2196 1336 2230 θῶ
1357 2193 1434 2236 τοὺς
1460 2193 1600 2245 ἐχθρούς
1621 2209 1680 2231 σου
1696 2193 1883 2232 ὑποπόδιον
1899 2197 1966 2231 τῶν
1983 2196 2096 2232 ποδῶν
2117 2210 2190 2232 σου.
2211 2197 2256 2232 Ei.
2272 2194 2308 2233 δὲ

1288 2270 1346 2292 του
1375 2255 1483 2292 Δαυιδ
1502 2254 1646 2308 Κύριος,
1665 2256 1784 2306 πολλιΝΙ)
1816 2256 1946 2304 μαλλον
1973 2257 2098 2293 αυτῶν.
2124 2256 2239 2293 Κάθου
2269 2257 2308 2293 ἐκ

1293 2317 1308 2329 κ
1330 2316 1344 2328 ›-
1364 2318 1385 2326 ν

1290 2327 1407 2360 οεςιων
1428 2333 1506 2366 μου.
1528 2317 1581 2355 Τὸ
1609 2323 1678 2354 πᾶν
1698 2319 1845 2354 ἐνταυθα
1877 2316 2040 2354 τέθεικεν.

1288 2392 1365 2420 τους
1387 2375 1529 2428 ἐγθρούς
1550 2392 1610 2415 σου
1625 2376 1811 2415 ὑποπόδιον
1832 2379 1900 2414 τῶν
1916 2377 2030 2414 ποδων
2047 2392 2119 2414 σου.
2134 2376 2308 2414 Ἐνταυθα

2063 2316 2160 2359 “Eme
2189 2315 2228 2352 ἂν
2260 2319 2308 2353 θῶ

1288 2438 1347 2476 καὶ
1366 2438 1501 2489 φόόον’
1487 2454 1657 2485 επεσ-ησε
1672 2437 1795 2489 μέγαν,
1812 2437 1969 2488 καθάπερ
1990 2439 2023 2475 ἐν
2044 2440 2087 2488 τῇ
2109 2438 2201 2488 ἀρχῃ
2219 2436 2310 2474 ἔδει-

1291 2499 1356 2544 ξεν,
1376 2502 1431 2537 οἱα
1448 2514 1525 2541 τους
1546 2497 1665 2550 φίλους
1680 2498 1879 2574 ἐργάζεται,
1902 2502 1956 2534 οἱα
1975 2497 2052 2540 τους
2069 2497 2221 2550 ἐχθρούς.
2238 2497 2309 2535 Και

1290 2559 1395 2597 πάλιν
1413 2559 1475 2606 τὴν
1499 2558 1683 2611 κράτησιν,
1702 2559 1758 2596 ἵνα
1783 2575 1831 2609 μη
1861 2561 2052 2604 ἀπιστῆται
2067 2588 2078 2606 ,
2110 2561 2160 2609 τῷ
2192 2557 2309 2610 Πατρὶ

1291 2620 1505 2667 ἀνατίθησιν.
1525 2620 1627 2658 Ἐπεὶ
1650 2614 1707 2658 οῧν
1729 2619 1865 2670 μεγάλα
1884 2619 2091 2671 ἐφθέγξατο,
2127 2618 2231 2657 πάλιν
2251 2619 2309 2656 ἐπὶ

1291 2682 1334 2720 τὰ
1348 2681 1495 2720 ταπεινὰ
1508 2681 1566 2718 τὸν
1584 2681 1684 2732 λόγον
1704 2680 1860 2732 κατάγει.
1873 2680 2052 2732 Ἀσφαλῶς
2067 2674 2124 2718 oss'v
2143 2680 2308 2730 γινωσκέ-

1290 2758 1359 2790 τω,
1378 2742 1485 2794 φησὶ,
1508 2748 1577 2785 πᾶς
1602 2735 1693 2784 οἶκος
1715 2741 1879 2793 Ἰσραήλ·
1915 2740 2095 2788 τουτέστι,
2129 2739 2176 2790 μὴ
2200 2742 2308 2791 ἀμφι-

1291 2803 1471 2851 σὲητεῖτε,
1499 2803 1588 2854 μηδὲ
1613 2801 1863 2853 ἀμφιὸάλλετε.
1894 2794 1982 2839 Εἶτα
2001 2800 2060 2839 καὶ
2076 2802 2308 2843 ἐπιτακτικῶς

1290 2864 1425 2902 λοιπόψ
1446 2864 1532 2903 ΕὈτι
1561 2863 1620 2901 καὶ
1648 2862 1775 2914 Κύριον
1806 2862 1906 2899 αὐτὸν
1926 2861 1985 2899 καὶ
2014 2860 2164 2911 Χριστὸν
2185 2863 2202 2898 6
2219 2860 2309 2903 Θεὸς

1291 2926 1444 2972 ἐποίησε.
1464 2928 1576 2964 Τοῦτο
1597 2924 1666 2962 ἀπὸ
1689 2928 1748 2962 τοῦ
1771 2922 1880 2960 Δαυὶδ
1898 2922 1957 2960 καὶ
1978 2921 2046 2959 ἀπὸ
2066 2925 2126 2959 τοῦ
2151 2922 2309 2971 Ψάλμοῦ

1291 2987 1538 3038 ἐμνημόνευσε.
1568 2985 1653 3023 Δέον
1675 2983 1742 3036 γὰρ
1764 2985 1890 3029 εἰπεῖν,
1925 2983 2087 3034 ἀσφαλῶς
2123 2975 2180 3019 οὖν
2199 2997 2307 3033 γινω-

1290 3048 1402 3086 σκέτω
1439 3054 1508 3091 πᾶς
1538 3040 1628 3088 οἶκος
1660 3044 1821 3096 Ἰσραὴλ,
1850 3043 1902 3081 ὅτι
1930 3046 1967 3081 ἐκ
1988 3042 2105 3086 δεξιῶν
2138 3042 2306 3089 κάθηται,

1289 3108 1373 3160 ὅπερ
1390 3104 1431 3155 ἦν
1453 3108 1555 3159 μέγα,
1573 3109 1674 3145 τοῦτο
1690 3105 1799 3157 ἀφεὶς,
1822 3104 1938 3156 ἕτερον
1951 3104 2074 3155 ἐπάγει
2089 3104 2128 3142 τὸ
2144 3103 2231 3142 πολὺ
2247 3119 2308 3141 τα-

240 3171 322 3217 lius,
354 3184 434 3207 cum
458 3170 556 3217 dicit,
585 3170 707 3214 Fecit,
726 3166 762 3204 id
787 3176 858 3213 est,
882 3166 1072 3204 constituit.
1096 3168 1216 3218 Itaque
1241 3178 1262 3207 Ε
1288 3168 1483 3221 πεινότερον
1503 3166 1628 3210 εἰπὼν,
1658 3164 1843 3212 Ἐποίησε,
1875 3164 2052 3212 τουτέστι,
2076 3164 2302 3210 κατέστησεν.

239 3231 327 3268 nihil
347 3231 404 3267 hic
416 3231 459 3267 de
488 3228 695 3277 substantia,
706 3227 768 3265 sed
789 3236 902 3265 totum
924 3227 989 3265 hac
1004 3227 1048 3265 dc
1063 3242 1098 3266 rc
1115 3228 1211 3266 dicit.

279 3367 291 3380 <¹
317 3354 401 3386 Alius
419 3360 478 3388 ἐστὶ
491 3381 497 3389 .
516 3370 544 3387 τε
567 3361 600 3390 εὶς
620 3370 650 3387 νυ.
817 3353 912 3386 malo.

657 3360 703 3387 rb>
717 3369 796 3391 rao-a.

1288 3229 1398 3267 ςΏστε
1417 3227 1512 3266 οὐδὲν
1527 3226 1607 3278 περὶ
1626 3224 1818 3267 οὐσιώσεως
1838 3227 2003 3271 ἐνταῦθα,
2023 3224 2111 3262 ἀλλὰ
2133 3229 2199 3261 πᾶν
2220 3239 2306 3274 φησι

1348 3356 1361 3378 Ῑ’
1389 3353 1482 3385 Idem
1505 3357 1573 3396 μεθ’
1592 3354 1772 3396 singem-hs,
1789 3362 1971 3393 Psssl‘ffl'ssffl-
