2466 3805
620 270 663 298 ΙΝ
701 270 816 299 ACTA
853 270 1022 300 APOSTO
1029 269 1083 298 Lo
1090 271 1112 298 R
1120 269 1139 297 U
1148 269 1176 297 M
1188 288 1196 297 .

93 351 243 402 ἀγνοίας.
263 352 391 401 Θῶμεν
406 351 488 404 γὰρ,
505 351 557 388 ὅτι
572 353 636 403 οὐχ
653 355 698 394 ὡς
716 352 865 405 Χριστὸν
883 351 983 389 αὐτὸν
1006 343 1110 402 εἰχον·

92 412 181 455 τίνος
198 411 311 450 ἕνεκεν
332 412 391 449 καὶ
415 411 582 465 ἀνῄρουν,
603 412 672 451 Καὶ
690 413 883 464 ᾐτήσαντο,
906 411 1010 464 φησὶ,
1038 411 1111 447 Πι-

91 474 194 510 λᾶτον
224 474 444 524 ἀναιρεθῆναι
466 473 578 511 αὐτόν.
600 473 661 517 Ὡς
688 474 723 512 δὲ
751 475 912 512 ἐτέλεσαν
934 473 1049 510 πάντα
1066 470 1111 509 τὰ

92 534 172 585 περὶ
191 536 295 571 αὐτοῦ
316 534 561 586 γεγραμμένα,
587 534 787 578 καθελόντες
819 533 920 572 αὐτὸν
955 533 1023 571 ἀπὸ
1051 536 1111 569 τοῦ

93 594 212 638 ξύλου,
242 594 368 642 ἔθηκαν
389 598 436 639 εἰς
455 603 636 646 μνημεῖον,
658 596 754 648 σΟρα
775 599 849 639 πῶς
875 597 989 637 αὐτοῖς
1013 609 1112 646 περι-

93 656 306 694 σπούδαστον
327 651 367 703 ἦν
391 661 502 696 τοῦτο.
522 658 592 695 Τὸν
613 657 736 708 τρόπον
756 651 831 696 εἷπε
851 656 908 693 τὸν
924 659 983 694 τοῦ
1003 655 1111 692 θανά-

94 733 152 755 του
166 747 174 763 ,
192 718 251 754 καὶ
269 720 422 756 Πιλᾶτον
441 721 487 761 εἰς
508 718 610 769 μέσον
629 718 745 770 φέρει,
763 718 837 768 ἅμα
855 717 914 768 μὲν
933 716 988 752 ἵνα
1009 716 1110 761 δῆλον

94 778 133 815 τὸ
162 778 270 822 πάθος
299 779 441 827 γένηται
473 780 541 817 ἀπὸ
570 782 629 817 τοῦ
654 778 857 830 κριτηρίου,
890 776 965 826 ἅμα
995 775 1030 813 δὲ
1056 774 1112 812 ἵνα

95 840 217 877 ἐκεῖνοι
257 840 420 890 μειζόνως
453 842 734 891 κατηγορῶνται,
773 837 868 890 ἀνδρὶ
901 835 1112 888 παραδόντες

96 900 290 952 ἀλλοφύλῳ.
308 900 377 939 Καὶ
403 902 464 937 οὐκ
483 894 588 946 εἶπεν,
606 898 790 950 ι’ἐνέτυχον
802 913 810 921 ·
831 898 922 943 ἀλλ’,
939 895 1114 950 ᾘτήσαν-

96 976 154 1006 το,
188 961 362 1011 μηδεμίαν
398 961 508 998 αἰτίαν
538 960 684 998 θανάτου
711 957 866 1011 εὑρόντες
892 959 1115 1008 ἀναιρεθῆναι

97 1022 209 1067 αὐτὸν,
240 1022 329 1060 ὥστε
357 1023 533 1068 δηλῶσαι,
561 1020 613 1057 ὅτι
640 1019 742 1071 χάριν
769 1018 891 1056 ἔλαὸον
912 1017 1042 1055 ἐκείνου
1064 1016 1112 1066 μὴ

97 1082 267 1125 Θέλοντος·
289 1082 374 1132 ὅπερ
398 1081 607 1133 σαφέστερον
627 1083 644 1117 ὃ
664 1079 797 1130 Πέτρος
822 1078 932 1130 λέγει,
963 1077 1114 1128 Κρίναν-

96 1159 152 1185 τος
171 1143 298 1180 ἐκείνου
320 1142 494 1180 ἀπολύειν.
514 1142 613 1179 Πάνυ
634 1140 743 1193 ἐφίλει
774 1139 896 1183 αὐτοὺς
922 1142 939 1177 ὃ
965 1140 1114 1182 Παῦλος,

95 1202 164 1241 Καὶ
185 1202 266 1255 ὅρα,
285 1204 344 1240 οὐκ
365 1202 572 1255 ἐνδιατρίὸει
588 1205 630 1254 τῇ
653 1200 879 1252 ἀγνωμοσύνῃ
908 1204 976 1239 τῶν
1011 1199 1116 1238 πατέ-

97 1279 177 1315 ρων,
210 1266 286 1302 ἀλλ’
318 1267 430 1307 αὐτοῖς
452 1263 612 1315 ἐφίστησι
647 1263 704 1300 τὸν
734 1262 852 1314 φόὸον.
886 1261 930 1300 tO
961 1261 1021 1311 μὲν
1050 1260 1117 1314 γὰρ

96 1325 271 1377 Στέφανος
291 1326 431 1368 εἰκότως
449 1329 548 1363 τοῦτο
566 1330 676 1372 ποιεῖ,
705 1324 765 1362 ἅτε
789 1327 1004 1376 ἀναιρεῖσθαι
1033 1322 1120 1373 μέλ-

97 1388 180 1434 λων,
200 1387 258 1424 καὶ
281 1388 357 1440 οὐχὶ
378 1387 562 1433 διδάσκων,
583 1387 642 1424 καί
661 1386 791 1430 δεικνὺς
818 1386 869 1424 ὅτι
890 1389 906 1424 ὁ
923 1385 1024 1436 νόμος
1049 1386 1116 1431 ἤδη

98 1449 325 1487 καταλύεται·
346 1444 442 1492 οἶτος
459 1449 493 1486 δὲ
513 1451 573 1486 οὐκ
592 1449 666 1495 ἔτι,
689 1450 765 1486 ἀλλ’
788 1450 924 1487 ἀπειλεῖ
943 1447 1002 1485 καὶ
1022 1449 1119 1500 φοὸεῖ

98 1509 213 1559 μόνον.
233 1509 277 1548 Ὁ
295 1509 330 1548 δὲ
347 1510 435 1553 Θεὸς
448 1510 583 1562 ἤγειρεν
601 1511 702 1548 αὐτὸν
717 1512 755 1548 ἐκ
768 1512 910 1562 νεκρῶν.
927 1509 993 1551 ζῸς
1006 1508 1117 1560 ὤφθη,

97 1571 214 1622 φησὶν,
243 1572 300 1610 ἐπὶ
332 1572 465 1623 ἡμέρας
491 1572 627 1615 πλείους
659 1578 730 1615 τοῖς
759 1571 990 1609 συναναὲἓίσιν
1024 1573 1117 1623 αὐτῷ

98 1633 166 1670 ἀπὸ
179 1637 240 1676 τῖς
259 1633 450 1676 Γαλιλαίας
472 1634 528 1671 ἐπὶ
543 1633 788 1685 Ἰερουσαλήμ.
807 1632 902 1685 (Ὀρα
919 1632 986 1685 γὰρ
999 1637 1118 1671 τοῦτον

100 1693 159 1731 ἅτε
176 1695 235 1731 ἀπ’
257 1696 360 1732 αὐτοῦ
379 1693 604 1744 κεκινημένον
626 1698 685 1731 τοῦ
706 1693 930 1744 Πνεύματος,
961 1693 1033 1730 ἅνω
1059 1693 1119 1731 καὶ

98 1755 194 1792 κάτω
210 1755 249 1792 τὸ
268 1755 376 1797 πάθος
395 1755 452 1792 καὶ
472 1755 529 1792 τὸν
546 1755 652 1806 τάφον
676 1754 901 1806 κηρύττοντα.
929 1754 998 1792 Καὶ
1019 1758 1119 1804 ἡμεῖς

99 1819 190 1866 ὑμᾶς
208 1816 520 1868 εὐαγγελιζόμεθα,
544 1817 651 1868 φησὶ,
673 1816 736 1861 τὴν
760 1816 845 1869 πρὸς
867 1814 944 1858 τοὺς
965 1815 1119 1867 πατέρας

97 1877 308 1929 ἐπαγγελίαν
330 1876 578 1928 γεγενημένην·
602 1876 776 1924 τουτέστι,
799 1876 860 1924 τὴν
884 1875 944 1927 μὲν
973 1879 1120 1929 ἐπαγγε-

97 1937 175 1974 λίαν
207 1940 238 1975 οἱ
265 1937 409 1990 πατέρες
439 1937 616 1984 ἐδέξαντο,
638 1938 732 1976 τὸδὲ
757 1937 855 1990 ἔργον
887 1941 998 1987 ὑμεῖς.
1030 1932 1120 1976 Eia-ez

99 1998 261 2051 μάρτυρα
280 1999 336 2037 τὸν
354 1998 519 2044 Ἰωάννην
536 1998 722 2050 ἐπαγαγὼν
739 1999 795 2036 ὅτε
815 1999 945 2050 ἔλεγεν,
964 1998 1017 2037 ὅτι
1038 1999 1121 2038 Ἀπὸ

98 2064 157 2098 τοῦ
193 2060 391 2111 σπέρματος
417 2059 537 2098 τούτου
573 2062 650 2098 κατ’
686 2059 896 2112 ἐπαγγελίαν
925 2060 1035 2112 ἤγαγε
1071 2063 1121 2098 τῶ

99 2121 244 2174 Ἰσραὴλ
285 2123 471 2174 (Σωτῆρα,
518 2121 796 2174 προκηρύξαντος

99 2182 287 2232 προσώπου
307 2186 368 2229 τ’ῆς
387 2182 518 2220 εἰσόδου
541 2185 643 2219 αὐτοῦ
665 2182 848 2233 βάπτισμα
869 2183 1052 2233 μετανοίας
1071 2186 1120 2236 τῷ

100 2242 264 2294 Ἰσραὴλ,
295 2243 372 2290 ἑξῆς
404 2243 527 2294 ἐπάγει
555 2242 660 2280 πάλιν
684 2243 787 2281 αὐτὸν
804 2243 936 2295 λέγων·
957 2243 1047 2282 Τίνα
1077 2260 1120 2295 με

99 2306 295 2351 ὗπονοεῖτε;
311 2307 373 2342 οὐκ
392 2304 464 2355 εἰμὶ
484 2303 562 2355 ἐγώ.
585 2297 674 2342 Εἶτα
692 2303 843 2357 παράγει
861 2304 920 2342 καὶ
939 2304 1018 2347 τοὺς
1036 2306 1120 2343 ἀπο·

101 2365 242 2408 στόλους
277 2364 452 2417 μάρτυρας
479 2369 547 2421 τῆς.
569 2365 807 2411 ἀναστάσεως,
830 2364 961 2416 λέγων·
983 2365 1121 2409 Οἴτινές

98 2428 165 2464 εἶσι
187 2426 359 2479 μάρτυρες
382 2429 484 2465 αὐτοῦ
506 2426 591 2478 πρὸς
617 2427 674 2464 τὸν
704 2425 787 2464 λαόν
804 2442 811 2449 ·
841 2420 917 2464 εἶτα
934 2426 991 2465 τὸν
1012 2426 1121 2465 Δαυὶδ

99 2492 199 2525 τοῦτο
222 2489 304 2526 αὐτὸ
327 2491 587 2539 μαρτυροῦντα,
619 2490 668 2539 τῷ
698 2487 826 2538 λέγειν,
847 2491 900 2526 Οὐ
924 2487 1044 2531 δώσεις
1063 2489 1119 2526 τὸν

101 2547 194 2586 ὅσιόν
211 2564 270 2587 σου
287 2549 369 2586 ἰδεῖν
386 2548 583 2600 διαφθοράν.
601 2548 695 2586 Οὔτε
706 2549 774 2601 γὰρ
787 2549 832 2587 τὰ
846 2549 980 2587 παλαιὰ
995 2548 1122 2603 ἰσχυρὰ

103 2612 179 2647 καθ’
199 2610 303 2648 ἑαυτὰ
322 2609 432 2647 ἐδόκει
453 2604 540 2647 εἶναι
559 2609 688 2656 οὕτως,
708 2609 785 2648 οὔτε
805 2615 914 2648 ταῦτα
934 2611 1014 2649 ἄνευ
1036 2610 1122 2649 ἐκεί-

103 2687 187 2708 νων·
209 2670 298 2708 ὥστε
317 2672 359 2708 δι’
377 2669 550 2724 ἑκατέρων
572 2675 755 2709 πιστοῦται
771 2670 828 2709 τὸν
843 2671 956 2723 λόγον.
976 2671 1122 2719 Ἐπειδὴ

102 2732 169 2785 γὰρ
184 2736 232 2786 τῷ
250 2732 318 2771 δέει
346 2732 547 2784 κατείχοντο
564 2735 610 2775 ὡς
630 2732 840 2785 ἀνῃρηκότες
868 2734 982 2780 αὐτὸν,
1009 2733 1068 2772 καὶ
1083 2733 1122 2771 τὸ

102 2795 253 2838 συνειδὸς
270 2794 391 2838 αὐτοὺς
405 2793 587 2845 ἠλλοτρίου
600 2824 609 2841 ,
624 2796 688 2844 οὐχ
699 2796 745 2837 ὡς
759 2794 844 2846 πρὸς
859 2794 1123 2847 χριστοκτόνους

103 2856 338 2907 διαλέγονται,
366 2855 441 2893 οὐδὲ
468 2857 514 2898 ὡς
542 2855 721 2907 ἀλλότριον
748 2856 875 2906 ἀγαθὸν
903 2858 1014 2899 αὐτοῖς
1036 2857 1120 2907 ὃέγ-

102 2916 307 2969 χειρίζοντες
321 2948 330 2963 ,
350 2916 439 2954 ἀλλὰ
455 2915 494 2954 τὸ
510 2919 644 2954 οἰκεῖον.
662 2915 761 2954 Πάνυ
774 2917 928 2955 ποθεινὸν
946 2912 987 2964 ἦν
1008 2919 1122 2959 αὐτοῖς

103 2977 142 3015 τὸ
170 2977 277 3027 ὄνομα
297 2981 355 3014 τοῦ
377 2977 486 3015 Δαυίδ
503 2993 510 3001 ·
533 2977 584 3015 διὸ
609 2976 668 3015 καὶ
689 2977 824 3023 τίθησιν
853 2978 953 3025 αὐτὸ,
983 2977 1040 3015 ἵνα
1059 2977 1123 3015 κᾶν

103 3037 211 3081 οὕτως
241 3039 340 3076 αὐτὸν
371 3038 550 3086 δέξωνται,
578 3038 661 3077 ὡσεὶ
689 3038 803 3089 ἔλεγεν
833 3040 899 3078 ὑπὸ
922 3043 981 3077 τοῦ
1002 3038 1124 3082 παιδὸς

524 3102 755 3115 ’’’’’

107 3101 211 3137 αὐτοῦ
228 3099 486 3150 βασιλεύεσθαι·
501 3115 621 3139 ουκουν
640 3116 690 3139 απ
719 3105 821 3139 αυτοῦ
840 3101 888 3152 μὴ
904 3101 1123 3153 ἀφηνιάζετε.

152 3232 169 3255 b
187 3231 354 3272 interpres
369 3232 459 3272 prior
475 3232 613 3264 Latinus
629 3233 769 3274 haemmi
785 3237 835 3266 οὖν.
854 3235 942 3271 εἶπεν,
960 3237 1106 3274 ἐνέτυχον,

107 3285 151 3315 ita
169 3284 269 3315 vertit
288 3294 295 3313 :
313 3281 360 3312 Et
378 3294 444 3314 non
467 3283 570 3322 dixit,
584 3283 816 3324 obtinue1-unz‚·
830 3284 889 3315 sed
911 3282 1007 3315 male.
1024 3285 1110 3315 Nam

108 3342 242 3377 ἐνέτυχον
263 3333 316 3365 hic
341 3333 520 3377 significat,
537 3337 710 3378 conquesti
725 3343 816 3374 sunt,
836 3342 952 3366 contra
971 3346 1042 3366 eum
1065 3335 1112 3366 lo-

108 3394 200 3429 quuti
225 3393 320 3422 sunt,
339 3393 548 3417 accusarunt.
565 3386 664 3428 Cujus
686 3385 937 3429 significationis
958 3385 1107 3428 exempla

109 3437 278 3470 attulimus
302 3448 368 3469 non
391 3448 494 3479 pauca
511 3439 542 3469 in
561 3439 776 3471 Onomastico
793 3438 837 3471 ad
862 3438 960 3471 finem
982 3439 1112 3473 Editio-

1103 2100 1109 2114 Α

840 2122 1002 2160 Ἰωάννου
1053 2123 1121 2176 πρὸ
1135 2099 1181 2165 2ἷὸ
1194 2137 1316 2160 smum
1325 2124 1561 2173 paenitentia>
1569 2124 1712 2169 Israel;
1723 2138 1845 2161 rursus
1855 2125 2181 2166 inducitillumite-

1235 269 1391 299 nonu..
1429 270 1555 300 xxtx.
2074 262 2163 318 229

1186 349 1297 398 enim,
1317 349 1412 400 quod
1432 365 1509 388 eum
1531 365 1595 403 pro
1615 351 1757 388 Christo
1780 365 1848 389 non
1868 349 2078 400 habuerint,
2100 367 2164 390 cur

1186 410 1415 449 occiderunt?
1447 414 1499 451 Et
1513 415 1725 464 petierunt,
1755 412 1889 463 inquit,
1918 427 1942 450 a
1963 414 2097 451 Pilato
2123 422 2165 451 ut

1185 473 1475 524 interficeretur.
1490 475 1662 526 Cumque
1678 484 2004 513 consummassent
2022 477 2164 522 omnia,

1188 546 1272 584 qua?
1287 534 1335 570 de
1354 534 1424 571 illo
1437 537 1579 586 scripta
1597 543 1721 581 erant,
1739 536 1969 586 deponentes
1983 536 2030 572 de
2042 537 2162 588 ligno,

1184 605 1390 644 posuerunt
1411 598 1452 632 in
1471 606 1771 634 monumentum.
1783 596 1878 636 Vide
1894 612 2000 648 quam
2015 598 2082 635 hoe
2093 598 2165 635 illis

1186 668 1278 692 curae
1304 656 1421 694 suerit.
1439 656 1590 694 Modum
1618 658 1741 695 mortis
1759 658 1872 707 dixit,
1894 668 1926 696 et
1948 659 2104 696 Pilatum
2129 659 2166 696 in

1187 715 1345 753 medium
1369 716 1537 766 adducit,
1557 727 1595 755 ut
1611 718 1716 755 siinul
1733 728 1765 756 et
1784 720 1967 758 manifesta
1985 721 2102 772 passio
2122 720 2167 758 sit

1186 789 1232 812 ex
1249 776 1434 826 tribunali,
1458 777 1634 826 simulque
1657 787 1693 814 ut
1713 777 1765 814 illi
1782 782 1928 828 gravius
1947 790 2166 828 accusentur,

1188 835 1284 884 quod
1298 836 1401 872 illum
1417 836 1620 886 alienigena?
1631 837 1708 875 viro
1725 839 1947 877 tradiderint.
1964 842 2085 891 Neque
2104 842 2166 879 di-

1138 906 1164 935 D
1189 895 1254 942 xit,
1265 895 1455 945 Conquesti
1472 905 1552 933 sunt
1566 912 1575 944 3
1590 896 1661 942 sed,
1673 899 1941 945 Pandarum,
1957 901 2051 937 nulla
2065 916 2168 938 causa

1190 955 1334 993 inventa
1359 956 1463 993 illum
1490 956 1673 994 occidendi
1695 973 1707 1008 3
1735 958 1783 996 ita
1806 968 1844 995 ut
1871 960 1989 1012 palam
2017 962 2062 998 sit
2089 962 2169 999 illos

1190 1016 1342 1066 gratiam
1372 1017 1545 1069 accepisse
1569 1018 1684 1055 Pilato
1717 1019 1858 1057 nolente
1881 1036 1888 1055 :
1917 1021 2014 1070 quod
2040 1022 2171 1059 clarius

1187 1076 1274 1114 dicit
1301 1078 1443 1126 Petrus,
1477 1080 1690 1116 Jadicante
1721 1081 1790 1117 illo
1825 1082 1980 1119 dimitti.
2014 1083 2170 1120 Multum
2188 1089 2302 1118 Acae.3.
2321 1088 2366 1117 13.

1188 1139 1330 1177 amabat
1351 1139 1429 1177 illos
1443 1140 1589 1177 Paulus.
1608 1141 1655 1178 Et
1674 1140 1775 1189 vide,
1797 1156 1866 1178 non
1885 1154 2044 1180 moratur
2062 1143 2098 1180 in
2118 1144 2172 1182 in-

1189 1209 1288 1250 grato
1313 1209 1457 1252 patrum
1483 1201 1622 1248 animo,
1647 1201 1709 1239 sed
1734 1201 1820 1254 ipsis
1843 1202 2007 1241 timorem
2032 1204 2170 1242 incutit.

1188 1260 1389 1312 Stephanus
1405 1271 1495 1299 certe
1506 1263 1573 1299 hoc
1587 1263 1668 1314 jure
1680 1263 1781 1309 facit,
1797 1272 1919 1315 utpote
1936 1265 2170 1315 occidendus,

1190 1334 1259 1358 non
1274 1320 1417 1371 docens,
1434 1332 1468 1360 et
1480 1323 1663 1360 ostendens
1679 1324 1789 1374 legem
1803 1325 1875 1375 jain
1892 1325 1981 1364 solvi
1996 1342 2002 1362 :
2020 1326 2077 1364 hic
2090 1341 2172 1366 vero

1190 1397 1260 1420 non
1273 1383 1368 1433 item,
1380 1385 1440 1422 sed
1453 1385 1609 1423 minatur
1619 1395 1652 1423 et
1668 1396 1772 1424 terret
1784 1388 1912 1426 solum.
1922 1390 2028 1428 Deus
2043 1399 2173 1427 autem

1191 1449 1392 1484 suscitavit
1405 1448 1515 1484 illum
1530 1461 1554 1485 a
1566 1452 1735 1486 mortuis.
1745 1450 1818 1499 Qui
1831 1453 1939 1488 visus
1954 1460 2024 1498 est,
2044 1452 2173 1502 inquit,

1191 1507 1322 1545 multis
1335 1509 1468 1546 diebus
1482 1511 1540 1556 iis,
1556 1512 1622 1561 qui
1633 1523 1718 1546 cum.
1729 1524 1771 1547 eo
1785 1513 2043 1550 ascenderant
2056 1528 2080 1551 a
2095 1515 2174 1552 Ga-

1143 1583 1167 1613 Ε
1191 1569 1296 1607 liloea
1317 1572 1357 1606 in
1376 1571 1608 1608 Jerusalem.
1628 1571 1724 1611 Vide
1751 1572 1846 1609 hunc
1871 1573 1916 1610 ab
1940 1573 2016 1625 ipso
2036 1575 2174 1627 Spiritu

1190 1638 1348 1676 motum,
1373 1639 1406 1667 et
1427 1630 1631 1682 passionem
1652 1640 1685 1668 et
1704 1631 1906 1684 sepulerum
1926 1647 2019 1686 saepe
2039 1650 2175 1673 memo-

1188 1699 1335 1728 tantem.
1346 1693 1400 1729 Et
1415 1705 1483 1729 nos
1498 1694 1611 1730 vobis
1623 1696 1923 1742 annuntiamus,
1943 1695 2074 1746 inquit,
2091 1711 2177 1734 eam

1190 1766 1275 1804 quie
1294 1753 1349 1790 ad
1366 1762 1497 1804 patres
1519 1762 1669 1791 nostros
1689 1758 1931 1806 repromissio
1951 1759 2065 1806 facta
2088 1767 2145 1797 est
2161 1775 2176 1803 ,-

1190 1814 1228 1851 id
1248 1823 1299 1851 est
1306 1845 1317 1864 ,
1339 1814 1612 1866 promissionem
1632 1824 1749 1867 patres
1767 1827 1999 1869 acceperunt,
2021 1833 2084 1857 vos
2102 1834 2177 1857 rem

1191 1875 1320 1926 ipsam.
1343 1874 1481 1913 Deinde
1496 1884 1686 1926 postquam
1705 1885 1828 1913 testem
1846 1877 2045 1916 adduxerat
2063 1881 2176 1918 Joan-

1192 1950 1288 1985 nem,
1303 1950 1385 1973 cum
1397 1936 1549 1982 diceret,
1564 1938 1624 1973 De
1637 1940 1781 1974 semine
1794 1939 1865 1976 hoc
1875 1942 2081 1978 secundum
2089 1955 2159 1993 pro
2169 1964 2178 1969 -

1193 2002 1412 2037 missionem
1438 2000 1604 2038 adduxit
1618 2001 1759 2038 Israeli
1774 2001 2026 2052 Salvatorem‚
2039 2007 2178 2056 proedi-

1194 2062 1470 2098 canteJoanne
1484 2070 1576 2098 ante
1585 2063 1735 2113 faciem
1759 2064 1948 2102 adventus
1962 2067 2043 2117 ejus
2063 2067 2181 2118 bapti-

1193 2197 1271 2220 rum
1293 2183 1472 2221 dicentem
1489 2198 1496 2219 :
1517 2185 1637 2234 Quem
1652 2198 1711 2221 me
1725 2187 1975 2225 arbitramini
1990 2203 2088 2237 esse,
2104 2203 2181 2227 non

1194 2258 1278 2283 sum
1298 2259 1377 2297 ego.
1386 2244 1522 2282 Deinde
1532 2245 1707 2297 apostolos
1718 2260 1859 2297 quoque
1871 2247 2007 2286 inducit
2019 2264 2180 2288 resurre-

1193 2305 1441 2353 ctionistestes,
1451 2305 1572 2343 dicens
1587 2306 1681 2356 :Qui
1690 2316 1781 2344 sunt
1799 2316 1911 2347 testes
1925 2310 2031 2349 illius
2039 2313 2180 2364 adple-

1194 2368 1294 2412 bem;
1305 2365 1433 2404 deinde
1453 2366 1632 2404 Davidem
1645 2366 1804 2419 idipsum
1818 2369 2076 2422 testificantem,
2099 2387 2182 2412 cum

1192 2424 1391 2463 dicit.N0n
1405 2426 1518 2463 dabis
1533 2425 1718 2463 Sanctum
1729 2435 1837 2465 tuum
1851 2430 1986 2467 videre
1997 2436 2181 2484 corrupti-

1194 2500 1317 2524 onem.
1327 2487 1451 2537 Neque
1463 2486 1557 2523 enim
1571 2496 1689 2526 vetera
1704 2503 1768 2540 per
1779 2489 1892 2542 seipsa
1904 2500 1976 2529 tam
1988 2492 2092 2531 firma
2107 2509 2181 2534 esse

1192 2547 1419 2594 videbantur,
1435 2561 1547 2597 neque
1557 2547 1632 2585 haec
1654 2549 1729 2586 sine
1740 2549 1811 2587 illis
1825 2567 1833 2586 ι
1857 2562 2075 2605 perutraque
2090 2565 2181 2594 certe

1194 2623 1390 2647 sermonem
1412 2608 1545 2646 firmat.
1577 2609 1672 2655 Quia
1699 2610 1794 2648 enim
1818 2621 1914 2649 metu
1945 2615 2177 2667 tenebantur,

1196 2670 1290 2721 quod
1324 2670 1427 2707 illum
1446 2670 1679 2716 occidissent,
1705 2680 1738 2709 et
1773 2674 1982 2711 conscientia
2003 2676 2179 2715 alienabat

1195 2733 1275 2770 illos
1293 2762 1304 2782 ‚
1333 2746 1400 2769 non
1422 2731 1523 2782 quasi
1545 2731 1589 2769 ad
1620 2732 1854 2772 Christicidas
1875 2735 2085 2788 loquuntur,
2116 2754 2180 2778 nec

1194 2793 1296 2844 quasi
1320 2793 1475 2830 alienum
1490 2823 1498 2839 ‚
1521 2792 1579 2830 sed
1605 2793 1707 2843 quasi
1725 2795 1912 2846 proprium
1933 2797 2018 2849 ipsis
2044 2799 2179 2839 bonum

1196 2854 1383 2893 traderent.
1398 2854 1670 2906 Optatissimum
1685 2854 1756 2892 illis
1775 2865 1850 2893 erat
1863 2871 1989 2896 nomen
1999 2860 2152 2900 Davidis
2170 2872 2177 2892 ²

1194 2913 1274 2951 ideo
1291 2912 1392 2965 ponit
1406 2912 1511 2961 illud,
1530 2921 1569 2949 ut
1581 2912 1638 2950 vel
1649 2912 1697 2949 sic
1710 2913 1833 2951 saltem
1842 2914 1943 2953 illum
1955 2918 2147 2970 suscipiant
2164 2935 2175 2969 3

1195 2990 1235 3013 ac
1248 2975 1277 3012 si
1290 2974 1433 3022 diceret,
1448 2973 1568 3011 filium
1583 2974 1658 3026 ejus
1672 2987 1791 3025 regem
1805 2974 1892 3027 ipsis
1906 2977 2064 3016 futurum
2080 2994 2174 3018 esse:

1195 3037 1304 3087 igitur
1332 3036 1407 3088 ejus
1434 3035 1573 3072 frenum
1601 3048 1645 3072 ne
1668 3035 1855 3087 abjiciatis.
1878 3037 1975 3083 Quid
2007 3039 2076 3078 sibi
2103 3041 2180 3080 vult

1195 3097 1288 3136 illud
1298 3114 1304 3134 :
1314 3099 1430 3136 Dabo
1442 3097 1553 3135 vohis
1564 3105 1703 3134 sancta
1713 3098 1851 3151 David·
1854 3099 1994 3149 fidelia
2003 3104 2019 3137 ἒ
2028 3102 2150 3140 Firma
2166 3134 2178 3154 ,

1173 3231 1224 3263 nis
1239 3230 1469 3262 Athanasiauae
1485 3239 1503 3259 a
1520 3225 1615 3259 nobis
1639 3226 1804 3259 adornato
1829 3230 1861 3260 in
1886 3241 1966 3263 voce
1985 3238 2180 3278 ἐντυγχάνειν,

1174 3291 1208 3315 et
1230 3285 1263 3314 in
1281 3281 1431 3324 sequenti
1446 3285 1577 3323 ἐποχέα.
1596 3279 1650 3311 Sic
1665 3287 1776 3311 autem
1795 3279 1962 3315 intellecta
1984 3296 2065 3318 voce
2086 3291 2183 3321 ἐνέτυ,

1177 3351 1229 3379 χον
1246 3334 1358 3367 omnia
1375 3330 1599 3375 quadrabunt.

1215 3398 1226 3411 ι’
1244 3384 1358 3428 [Editi
1375 3390 1534 3428 σωτηρίαν.
1553 3384 1593 3416 D.
1609 3384 1756 3427 7ωτῆρα.]

1222 3450 1234 3464 a
1251 3438 1312 3470 Alii
1331 3442 1534 3482 ἐγχειρίζουσι.
