2502 3810
717 288 760 317 IN
798 284 939 317 EPIST.
978 285 1037 316 AI)
1074 287 1184 317 ROM.
1224 286 1378 317 nOMiL.
1418 288 1481 317 VI.

63 369 192 417 μαστοῦ
216 366 411 418 φιλούμενοι
430 369 503 416 μεθ’
526 366 719 417 ὓπερὸολῆς
745 368 900 415 ἁπάσης,
927 368 986 406 καὶ
1015 382 1075 406 κα-

60 430 331 477 ταστρηνιῶντες
367 428 470 464 αὐτοῦ
502 429 563 472 τῆς
599 427 756 478 ἀγάπης;
786 428 933 471 Οὐδενὸς
969 429 1076 465 δεῖται

59 489 184 530 ἐκεῖνος
203 489 270 524 τῶν
289 486 485 538 ἡμετέρων,
512 488 572 525 καὶ
599 487 675 525 οῦδὲ
694 487 783 525 οὕτω
802 488 952 526 παύεται
976 490 1075 538 ἡμῶν

61 549 146 599 ἐρῶν
162 563 169 570 ·
189 551 290 597 ἡμεῖς
310 547 346 585 δὲ
366 547 497 599 σφόδρα
516 547 661 597 δεόμεθα
682 550 750 586 τῶν
774 551 896 595 αὐτοῦ,
922 547 981 586 καὶ
1000 549 1077 585 οὐδὲ

60 607 166 651 οὕτως
187 608 402 659 ἀντεχόμεθα
429 610 531 647 αὐτοῦ
548 611 610 655 τῆς
626 608 780 660 ἀγάπης,
804 608 893 646 ἀλλὰ
909 608 1078 660 χρήματα

60 671 163 706 αὐτοῦ
182 672 427 720 προτιμῶμεν,
445 669 503 707 καὶ
517 668 632 721 φιλίας
649 668 837 720 ἀνθρώπων
849 698 858 716 ,
874 669 932 706 καὶ
959 668 1078 718 σώμα-

59 744 115 772 τος
146 728 279 776 ἄνεσιν,
310 730 369 767 καὶ
399 729 600 767 δυναστείαν
631 729 689 766 καὶ
722 728 842 776 δόξαν,
878 732 937 765 τοῦ
970 727 1077 779 μηδὲν

58 791 158 838 ἡμῶν
176 792 430 840 προτιμῶντος,
452 788 540 827 Ἕνα
568 788 636 839 γὰρ
669 782 759 840 εἶχεν
797 788 879 826 Υἱὸν
909 791 1076 839 μονογενῆ

60 850 118 887 καὶ
132 850 283 900 γνήσιον,
302 850 361 887 καὶ
381 849 455 888 οὐδε
471 849 590 888 τούτου
611 849 771 901 ἐφείσατο
789 849 831 885 δι’
847 851 958 898 ἡμᾶς·
976 852 1078 921 ἡμεῖς

62 910 96 948 δὲ
125 911 227 947 αὐτου
256 912 367 948 πολλὰ
395 913 632 962 προτιμῶμεν.
664 911 733 960 Ἆρ’
767 912 823 946 οὐν
845 910 904 945 οὐκ
937 908 1076 951 εἰκότως

60 971 178 1020 γέεννα
201 971 258 1008 καὶ
283 971 442 1016 κόλασις,
468 973 496 1007 εἰ
521 970 580 1007 καὶ
600 970 704 1014 διπλη
725 968 784 1005 καὶ
800 968 928 1019 τριπλῆ
954 972 996 1013 ἠν
1016 968 1076 1005 καὶ

60 1031 220 1082 μυριάκις
248 1031 418 1076 τοσαύτη;
440 1029 487 1067 Τί
511 1028 578 1080 γὰρ
608 1027 647 1065 ἂν
678 1027 816 1079 ἔχοιμεν
845 1029 971 1074 εἰπεῖν,
994 1026 1075 1065 ὅταν

58 1094 116 1126 τοῦ
137 1097 270 1127 σατανᾶ
285 1090 328 1127 τὰ
340 1089 562 1140 ἐπιτάγματα
581 1089 805 1138 προτιμῶμεν
821 1089 889 1124 τῶν
907 1092 965 1125 τοῦ
983 1088 1075 1138 Χρι-

56 1153 137 1186 στοῦ
153 1149 279 1199 νόμων,
300 1149 358 1186 καὶ
377 1151 438 1194 τῆς
457 1148 630 1200 σωτηρίας
648 1151 708 1193 τῆς
726 1147 899 1200 ἡμετέρας
925 1149 1072 1199 ἀφειδῶ-

2040 267 2133 315 515

1149 376 1346 405 nostrorum
1364 376 1454 418 eget,
1471 380 1534 404 nec
1553 375 1669 404 tamen
1689 380 1751 404 nos
1769 379 1887 403 amare
1901 365 2048 415 desinit,
2070 380 2132 403 nos

1149 427 1224 477 ejus
1249 427 1352 464 bonis
1381 426 1575 464 admodum
1600 440 1757 477 egemus,
1778 440 1819 463 ac
1847 439 1963 477 neque
1989 425 2039 463 sic
2057 426 2133 477 ejus

1150 500 1305 524 amorem
1333 486 1540 535 retinemus,
1563 486 1626 524 sed
1652 485 1798 524 divitias
1824 485 1879 523 illi
1899 485 2133 537 praeferimus,

1100 551 1125 581 E
1150 555 1183 584 et
1213 546 1401 584 hominum
1425 547 1610 593 amicitias,
1631 546 1788 598 corporis
1813 545 1987 596 requiem,
2008 555 2134 597 poten-

1150 606 1251 656 tiam,
1279 607 1450 657 gloriam;
1472 606 1560 644 dum
1591 607 1650 644 ille
1678 606 1769 643 nihil
1797 606 1899 643 nobis
1928 606 2134 657 anteponit?

1150 667 1412 719 Unumssquippe
1424 667 1556 705 Filium
1570 668 1708 716 habuit,
1721 667 1944 718 unigenitum
1958 675 1990 704 et
2006 667 2132 718 genui-

1151 741 1247 777 num,
1269 742 1380 778 neque
1402 728 1457 766 illi
1482 728 1638 780 pepercit
1669 728 1705 765 in
1732 728 1841 765 nostri
1870 728 2021 778 gratiam
2042 744 2049 764 t
2072 742 2134 765 nos

1150 797 1268 825 autem
1286 789 1397 826 multa
1417 788 1469 825 illi
1498 788 1730 840 praeferimus.
1755 790 1882 825 Annon
1902 802 1984 838 ergo
2004 789 2135 839 gehen-

1149 862 1230 885 nam
1244 857 1277 885 et
1295 849 1512 900 supplicium
1530 862 1718 896 meremur,
1735 848 1799 885 etsi
1818 847 1909 884 illud
1925 848 2050 900 duplo,
2069 850 2134 886 tri·

1149 907 1221 958 plo,
1240 908 1311 944 imo
1326 907 1518 945 sexcenties
1534 908 1649 958 majus
1665 916 1752 944 esset
1761 908 1778 944 ἱ)
1792 907 1889 952 Quid
1905 908 1998 944 enim
2018 908 2135 945 dicere

1146 968 1338 1018 possimus,
1358 967 1500 1017 quando
1531 976 1661 1004 satanae
1689 976 1864 1019 praecepta
1885 968 2017 1005 Christi
2037 968 2133 1018 legi-

1147 1027 1213 1065 bus
1231 1027 1465 1079 praeferimus,
1484 1035 1517 1064 et
1547 1027 1653 1064 saluti
1679 1037 1805 1064 nostrae
1833 1041 1901 1064 non
1930 1041 2131 1078 parcamus,

1148 1086 1235 1123 dum
1254 1086 1420 1136 nequitiae
1440 1100 1545 1138 opera
1564 1086 1608 1133 ei,
1628 1086 1689 1136 qui
1706 1086 1823 1124 omnia
1842 1101 1905 1138 pro
1932 1086 2035 1123 nobis
2054 1100 2136 1138 pas—

1147 1161 1206 1185 sus
1223 1156 1289 1194 est,
1307 1147 1554 1199 praeferimus?
1569 1149 1615 1185 Et
1633 1161 1702 1197 qua
1718 1147 1820 1185 venia
1838 1147 1915 1184 liaec
1933 1146 2041 1197 digna
2060 1148 2136 1185 fue—

55 1224 140 1258 μεν,
171 1208 226 1246 ἵνα
253 1209 524 1261 προτιμήσωμεν
553 1208 597 1246 τὰ
618 1210 679 1253 τ’ἧς
706 1208 874 1260 πονηρίας
902 1207 986 1259 ἔργα
1015 1211 1073 1246 τοῦ
1086 1205 1247 1256 ‘mrim-P
1267 1220 1336 1256 qua
1360 1204 1586 1243 defensione?
1605 1206 1723 1243 Nulla.
1745 1207 1886 1244 Stemus
1908 1205 2018 1255 igitur
2032 1204 2134 1242 dein-

55 1269 170 1307 πάντα
190 1268 277 1321 ὑπὲρ
303 1272 403 1319 ἡμῶν
422 1269 608 1315 παθόντος,
624 1268 718 1306 ἱιΚαὶ
744 1268 846 1312 ποίας
867 1267 1074 1319 συγγνώμης

55 1330 98 1367 τὰ
114 1334 254 1367 τοιαῦτα
271 1329 367 1376 &Em
387 1328 487 1372 ποίας
502 1329 707 1380 ἀπολογίας;
723 1330 909 1379 Οὐδεμιᾶς.
926 1330 1073 1380 Στῶμεν

55 1384 112 1427 οὖν
139 1389 257 1428 λοιπὸν
280 1390 327 1441 μὴ
351 1389 442 1427 κατὰ
472 1392 636 1442 κρημνῶν
672 1390 872 1441 φερόμενοι,
903 1390 962 1427 καὶ
991 1393 1074 1428 ἂνα-

55 1451 240 1502 νήψωμεν,
267 1450 326 1488 καὶ
355 1450 480 1488 πάντα.
497 1450 786 1501 ἀναλογισάμενοι
814 1454 943 1497 ταῦτα,
973 1450 1072 1494 δόξαν

57 1512 316 1562 ἀναπέμψωμεν
333 1513 424 1562 αὐτῷ
441 1511 496 1548 ’διὰ
514 1514 582 1548 τῶν
604 1511 710 1562 ἔργων
728 1527 735 1534 ·
756 1512 793 1548 οὐ
810 1511 878 1562 γὰρ
900 1513 997 1562 ἀρκεῖ
1018 1511 1073 1549 διὰ

56 1575 123 1609 τῶν
146 1571 308 1624 ῥημάτων
325 1587 333 1594 ·
353 1571 409 1609 ἵνα
441 1571 500 1609 καὶ
519 1574 579 1617 τῆς
608 1571 706 1617 δόξης
732 1571 984 1622 ἀπολαύσωμεν
1013 1575 1075 1618 τῆς

57 1635 138 1683 παρ’
159 1635 275 1678 αὐτοῦ,
291 1626 332 1677 ἧς
347 1632 478 1681 γένοιτο
491 1631 622 1674 πάντας
639 1635 731 1681 ἡμᾶς
751 1634 936 1683 ἐπιτυχεῖν,
956 1632 1075 1684 χάριτι

53 1694 117 1729 ,καὶ
149 1692 388 1744 φιλανθρωπίᾳ
413 1697 472 1730 τοῦ
500 1691 628 1743 Κυρίου
648 1695 747 1741 ἡμῶν
766 1691 882 1738 Ἰησοῦ
911 1693 1075 1743 Χριστοῦ,

58 1755 134 1803 μεθ’
152 1748 188 1791 οἷ
206 1756 254 1804 τῷ
271 1753 385 1804 Πατρὶ
402 1753 476 1802 ἅμα
495 1756 543 1804 τῷ
561 1753 648 1804 ἁγίῳ
666 1752 847 1802 Πνεύματι
876 1752 968 1800 δόξα,
989 1754 1079 1805 κρά-

64 1829 139 1858 τος,
161 1813 264 1862 τιμὴ,
282 1816 340 1851 νῦν
361 1813 419 1851 καὶ
439 1813 512 1862 ἀεὶ,
527 1813 586 1851 καὶ
603 1815 650 1856 εἷς
670 1812 747 1856 τοὺς
767 1815 893 1856 αἰῶνας
912 1816 979 1851 τῶν
998 1814 1080 1852 αἰώ-

63 1890 140 1911 νων.
160 1873 279 1924 Ἀμήν.

106 2010 117 2023 “
141 2001 198 2042 [Α.
219 2006 301 2038 ποίας
317 2019 343 2036 σ.
360 2009 457 2036 ταῦτα.
471 2007 538 2042 ἀξια
550 2030 557 2043 ,
577 2010 609 2034 et
624 2014 701 2034 mox
713 2004 839 2036 omittit
852 2002 1061 2047 negafionem

60 2061 136 2094 post
153 2057 252 2087 λοιπόν
269 2056 431 2086 nescimus
447 2066 488 2087 an
512 2053 554 2087 ab
576 2054 712 2087 librario
728 2055 878 2088 additam
890 2082 898 2094 ,
917 2056 1060 2098 offenso,

63 2113 97 2136 ut
122 2104 263 2148 videtur,
286 2108 318 2139 in
350 2106 458 2139 verbis
486 2117 602 2158 στῶμεν
634 2115 809 2154 φερόμενοι,
836 2109 857 2140 i.
877 2119 905 2140 e.
932 2119 1064 2140 cursum

444 2366 620 2404 ΟΜΙΑΙΑ
643 2365 687 2410 ς’.

55 2486 144 2533 Ἴδε,
179 2486 219 2524 σὺ
248 2486 412 2529 Ἰουδαῖος
443 2487 658 2540 ἐπονομάζῃ,
689 2488 747 2526 καὶ
781 2488 989 2540 ἐπαναπαύῃ
1023 2492 1073 2542 τῷ

109 2548 216 2598 νόμῳ,
232 2548 289 2584 καὶ
309 2555 485 2599 καυχᾶσαι
505 2551 538 2586 ἐν
558 2551 657 2601 Θεῷ,
678 2549 737 2587 καὶ
755 2549 936 2601 γινώσκεις
954 2550 992 2587 τὸ
1012 2550 1072 2588 θέ-

108 2610 224 2658 λημα,
245 2609 303 2646 καὶ
325 2609 519 2659 δοκιμάζεις
538 2609 582 2648 τὰ
600 2611 804 2662 διαφέροντα
817 2639 826 2657 ,
847 2611 1072 2663 κατηχούμε-

108 2683 162 2712 νος
178 2670 216 2706 ἐκ
235 2673 294 2706 τοῦ
313 2669 430 2720 νόμου.

108 2796 227 2835 Εἰπὼν
241 2828 250 2844 ,
270 2798 322 2836 ὅτι
347 2797 441 2836 οὐδὲν
468 2798 581 2837 λείπει
600 2800 649 2851 τῷ
667 2799 818 2847 εΈλληνι
842 2800 926 2853 πρὸς
945 2801 984 2839 τὸ
1005 2816 1072 2839 σω-

54 2861 175 2905 Θῆναι,
195 2858 252 2896 ἐὰν
274 2864 332 2897 τοῦ
361 2855 503 2912 νόμου-ᾗ
525 2859 688 2908 ποιητὴς,
709 2860 767 2898 καὶ
787 2860 849 2907 τὴν
869 2861 1070 2912 θαυμαστὴν

54 2919 231 2993 σύγκρισιν
247 2920 481 2971 ποιησάμενος
502 2921 657 2968 ἐκείνην,
674 2921 789 2999 τίθησι
807 2922 928 2960 λοιπον
948 2922 1007 2960 καὶ
1027 2922 1071 2959 τὰ

54 2979 163 3028 σεμνὰ
189 2995 257 3017 των
289 2980 477 3029 Ιουδαίων,
509 2983 567 3033 ἀφ’
596 2985 643 3019 ὡν
671 2981 762 3020 κατὰ
790 2998 858 3020 των
889 2982 1070 3028 Ἑλλήνων

53 3038 224 3090 εφρόνουν.
249 3041 316 3078 Και
336 3045 471 3094 πρῶτον
491 3042 572 3080 αὐτὸ
590 3042 630 3080 τὸ
647 3043 755 3093 ὄνομα
770 3043 815 3081 *ὃ
847 3044 985 3121 σφόορα
1009 3059 1070 3082 σε-

55 3115 136 3147 μνον
151 3104 206 3147 ἠν,
220 3100 315 3139 ὥσπε
320 3117 336 3152 ρ
352 3118 408 3140 νυν
423 3105 441 3140 ὃ
459 3104 743 3156 χριστιανισμός·
761 3120 820 3142 και
837 3104 904 3179 γὰρ
924 3105 993 3142 ἀπὸ
1008 3106 1071 3149 τῆς

51 3175 162 3210 προσ-τ,
165 3161 282 3213 γορίας
303 3163 413 3210 πολλὴ
442 3169 483 3210 ἠν
503 3168 524 3211 ἡ
556 3165 701 3218 διαφορὰ
722 3182 780 3203 και
809 3165 908 3204 τότε·
940 3165 990 3202 διὸ
1009 3164 1069 3202 καὶ

50 3222 201 3257 ἐντευθεν
234 3222 389 3274 ἄρχεται.
417 3224 486 3261 Και
518 3224 581 3276 ὅρα
606 3228 679 3268 πῶς
708 3226 791 3264 αὐτο
815 3230 984 3277 καθαιρεῖ.
1012 3226 1065 3263 Οὐ

47 3280 112 3331 γὰρ
134 3285 220 3326 εἰπε,
240 3298 280 3319 συ
297 3282 460 3326 Ιουδαῖος
475 3288 516 3331 εἰ,
537 3287 627 3334 ἀλλ’,
647 3285 883 3337 Ἔπονομοίζῃ,
902 3286 960 3324 καὶ
979 3302 1065 3323 καυ-

91 3401 105 3416 21
132 3400 137 3412 ι

1099 1270 1124 1297 Α
1146 1280 1239 1317 ceps,
1260 1280 1328 1303 non
1350 1280 1414 1318 per
1437 1266 1635 1318 praecipitia
1669 1266 1758 1315 acti,
1784 1265 1845 1303 sed
1876 1265 2135 1317 resipiscamus,

1146 1337 1178 1365 et
1198 1327 1272 1364 haec
1298 1327 1416 1365 omnia
1434 1327 1618 1365 nobiscum
1639 1336 1853 1379 reputantes,
1870 1327 2020 1378 gloriam
2046 1328 2136 1364 refe-

1145 1403 1264 1426 ramus
1284 1389 1316 1426 ei
1338 1402 1398 1440 per
1416 1402 1542 1441 opera;
1558 1388 1678 1426 verbis
1697 1387 1792 1425 enim
1814 1396 1954 1424 tantum
1973 1402 2043 1425 non
2062 1388 2135 1425 suf—

1147 1450 1242 1488 ficit:
1263 1459 1301 1488 ut
1317 1460 1349 1488 et
1369 1451 1482 1502 gloria
1502 1450 1547 1487 ab
1568 1450 1629 1487 illo
1649 1459 1812 1487 manante
1832 1450 2005 1499 fruamur,
2026 1464 2135 1500 quam

1145 1512 1280 1549 utinam
1290 1527 1351 1550 nos
1360 1527 1632 1562 consequamur,
1650 1513 1763 1563 gratia
1783 1521 1815 1549 et
1828 1512 2048 1562 benignitate
2062 1513 2136 1549 Do-

1145 1571 1233 1608 mini
1257 1572 1367 1610 nostri
1383 1574 1466 1611 Jesu
1483 1572 1629 1621 Christi,
1650 1572 1795 1622 quicum
1811 1571 1907 1610 Patri
1927 1581 1960 1609 et
1981 1572 2134 1624 Spiritui

1147 1641 1265 1669 sancto
1289 1632 1414 1683 gloria,
1442 1632 1648 1683 imperium,
1664 1633 1792 1680 honor,
1810 1646 1904 1670 nunc
1929 1641 1962 1671 et
1982 1647 2134 1684 semper,

1148 1701 1181 1730 et
1200 1692 1236 1730 in
1255 1693 1381 1731 saecula
1398 1693 1624 1731 saeculorum.
1645 1695 1769 1731 Amen.

1104 1824 1126 1854 B

1127 2004 1228 2036 ruinae
1245 2002 1462 2038 inhibeamus.
1478 2003 1568 2035 Infra
1593 2000 1744 2044 copulam
1762 2007 1810 2035 καὶ
1824 2009 1899 2034 ante
1923 2005 2007 2043 δόξαν
2026 2003 2131 2045 ponit,

1128 2068 1227 2099 quam
1245 2055 1334 2088 Editi
1350 2064 1426 2089 ante
1445 2061 1544 2091 πάντα
1560 2054 1719 2095 habent.]

1490 2366 1699 2405 HOMILIA
1718 2367 1783 2405 VI.

1143 2489 1230 2526 CAP.
1252 2489 1297 2527 ΙΙ.
1315 2502 1351 2525 v.
1373 2490 1435 2526 17.
1456 2489 1558 2526 Ecce
1573 2497 1613 2526 tu
1632 2489 1792 2526 chdaeus
1829 2490 2125 2541 cognominaris,

1195 2558 1232 2587 et
1248 2553 1454 2601 requiescis
1474 2553 1515 2586 in
1531 2550 1625 2601 lege,
1647 2550 1871 2601 etgloriaris
1889 2552 1929 2586 in
1946 2550 2044 2595 Deo,
2066 2551 2128 2586 18.

1195 2621 1233 2649 et
1249 2614 1349 2649 nosti
1370 2613 1628 2657 voluntatem,
1652 2619 1688 2648 et
1709 2613 1849 2662 probas
1867 2611 1993 2656 utilia,
2019 2612 2128 2647 insti-

1196 2680 1300 2710 tutus
1320 2686 1367 2709 ex
1387 2673 1479 2723 lege.

1197 2797 1231 2834 1.
1261 2795 1452 2844 Postquam
1487 2791 1627 2830 dixerat
1658 2792 1749 2829 nihil
1768 2792 1886 2830 deesse
1906 2792 2031 2830 Graeco
2065 2806 2127 2830 seu

1143 2856 1267 2908 gentili
1305 2855 1350 2892 ad
1386 2854 1552 2902 salutem,
1601 2852 1796 2890 dummodo
1831 2852 1944 2903 legem
1988 2862 2124 2902 servet,

1096 2927 1118 2956 C
1142 2928 1175 2957 et
1211 2916 1458 2955 admirandam
1489 2916 1589 2952 illam
1625 2915 1923 2966 comparationem
1958 2915 2087 2952 fecerat
2113 2931 2120 2950 :

1142 2994 1220 3030 quae
1239 2977 1461 3016 honorabilia
1480 2975 1577 3029 apud
1596 2976 1740 3015 Judaeos
1752 2985 1848 3013 erant
1869 2975 1982 3027 ponit,
1993 2990 2037 3013 ex
2046 2976 2125 3026 qui-

1141 3042 1207 3078 bus
1220 3039 1391 3077 adversus
1404 3039 1548 3075 Graecos
1563 3036 1810 3073 efferebantur.
1824 3035 1872 3072 Et
1882 3036 1997 3087 primo
2007 3036 2125 3088 ipsum

1141 3114 1283 3148 nomen,
1324 3098 1419 3149 quod
1446 3097 1642 3135 admodum
1672 3096 1881 3134 honorabile
1899 3105 1988 3141 erat,
2006 3105 2045 3134 ut
2075 3106 2126 3134 est

1140 3175 1234 3199 nunc
1246 3158 1538 3197 Christianismus
1557 3173 1564 3193 ε
1589 3157 1634 3194 ab
1654 3157 1892 3209 appellatione
1907 3157 2001 3195 enim
2013 3157 2126 3194 multa

1139 3221 1430 3259 differentiatunc
1446 3229 1536 3257 erat:
1553 3233 1660 3269 quare
1671 3227 1702 3255 et
1712 3218 1795 3256 hinc
1811 3218 1961 3256 orditur.
1983 3218 2029 3256 Et
2045 3219 2125 3257 vide

1140 3282 1319 3334 quomodo
1338 3280 1430 3319 illud
1449 3280 1617 3319 decutiat.
1645 3281 1723 3318 Non
1739 3279 1833 3317 enim
1850 3279 1958 3328 dixit,
1977 3280 2035 3317 Tu
2055 3282 2122 3319 Ju-

132 3406 160 3444 [ὃ
175 3412 215 3433 ex
233 3403 267 3433 A.
286 3400 485 3437 addidimus,
502 3403 603 3436 Savil.
624 3405 656 3437 in
670 3416 775 3448 marg.
795 3410 831 3444 ὡς
845 3410 968 3452 σφόδρα..
987 3404 1079 3438 Infra
1096 3405 1132 3437 A.
1153 3407 1232 3445 εἶπε,
1249 3406 1291 3437 ἴδε
1306 3405 1337 3436 σὺ
1353 3401 1402 3443 i.]
