2502 3810
805 240 848 269 IN
885 238 1026 269 Epis'r.

137 320 197 357 οὐκ
223 319 340 370 ἠρέμα
376 319 434 357 καὶ
466 319 556 357 κατὰ
587 319 707 372 μικρὸν
739 323 832 371 ἡμᾶς
866 320 1042 371 ἐτίμησεν,
1076 321 1151 358 ἀλλ’

136 381 256 432 ἀθρόον
287 381 349 428 τὴν
382 380 498 431 πηγὴν
529 383 597 419 τῶν
619 385 756 433 ἀγαθῶν
789 381 922 434 ἐξέχεε,
953 382 1012 419 καὶ
1044 383 1155 418 ταῦτα

134 442 201 492 πρὸ
216 444 284 479 τῶν
306 440 463 492 ἀγώνων.
485 440 595 480 ςΏστε
617 442 680 480 κᾶν
701 443 749 493 μὴ
771 442 903 494 σφόδρα
917 437 957 493 ᾗς
973 441 1062 485 ἄξιος
1079 470 1088 489 ,
1106 439 1153 490 μὴ

134 501 370 552 ἀπογίνωσκε,
388 501 476 553 ἔχων
499 503 652 553 μεγάλην
676 503 862 554 συνήγορον
882 507 940 540 τοῦ
959 502 1154 544 δικάζοντος

133 561 195 608 τὴν
217 562 370 613 ἀγάπην.
384 562 451 600 Διὰ
470 562 537 615 γὰρ
551 567 652 601 τοῦτο
671 564 729 601 καὶ
744 563 845 606 αὐτὸς
861 562 982 610 εἰπὼν,
998 561 1042 599 ‘H
1057 560 1154 603 ἐλπὶς

134 623 171 658 οὔ
208 622 453 674 καταισχύνει,
483 625 519 660 οὐ
551 629 623 666 τοῖς
661 623 842 674 ἡμετέροις
873 621 1153 673 κατορθώμασιν,

135 682 224 720 ἀλλὰ
239 684 281 733 τῇ
304 683 423 734 ἀγάπῃ
446 686 505 721 τοῦ
528 685 619 722 Θεοῦ
634 684 672 722 τὸ
687 690 755 720 πᾶν
775 683 952 729 ἀνέθηκεν.
976 680 1096 720 Εἰπὼν
1117 679 1153 717 δὲ

132 746 191 780 τοῦ
213 742 413 792 Πνεύματος
433 743 495 790 τὴν
528 744 633 791 δόσιν,
660 743 863 794 μεταδαίνει
896 742 1000 780 πάλιν
1032 739 1150 778 λοιπὸν

134 803 190 841 ἐπὶ
210 803 266 840 τὸν
298 804 457 856 σταυρὸν,
476 804 586 856 λέγων
607 803 715 846 οὕτως
727 820 735 827 ·
754 803 836 841 Ἔτι
855 802 921 854 γὰρ
941 806 958 840 ὁ
974 800 1126 853 Χριστὸς
1141 830 1151 846 ,

1066 238 1125 267 ΑΙ)
1161 238 1251 267 lton
1261 257 1269 266 .

1309 239 1465 268 nonu„
1504 240 1566 269 lx.
2119 225 2210 270 065

1226 318 1301 356 haec
1338 319 1470 357 indicat
1486 350 1498 370 ,
1526 318 1624 370 quod
1657 333 1724 357 non
1752 319 1882 357 sensim
1924 327 1956 357 et
1996 319 2209 372 pedetentim

1226 391 1289 416 nos
1305 378 1532 417 honoraverit
1544 409 1554 428 ,
1587 378 1648 417 sed
1666 380 1798 417 fontem
1815 379 1990 417 bonorum
2015 380 2121 419 simul
2141 382 2208 419 de-

1224 437 1337 487 derit;
1358 449 1391 477 et
1411 440 1478 477 hoc
1495 449 1575 478 ante
1591 441 1793 478 certamina.
1815 442 2053 494 Quapropter,
2071 441 2208 480 etiamsi

1226 513 1293 537 non
1314 501 1362 538 sis
1379 500 1572 539 admodum
1589 501 1740 553 dignus,
1757 516 1800 539 ne
1818 502 1999 554 desperes,
2017 516 2098 540 cum
2111 503 2206 555 apud

1222 560 1380 611 judicem
1395 570 1583 612 patronum
1603 562 1746 611 habeas,
1767 577 1891 615 nempe
1910 564 2102 602 caritatem.
2124 564 2207 602 Ideo

1225 620 1285 658 ille
1302 636 1383 658 cum
1404 621 1573 673 dixisset,
1595 623 1683 674 Spes
1706 637 1783 660 non
1804 625 2024 676 corficndit,
2045 639 2114 662 non
2130 638 2209 676 olte-

1224 681 1324 718 ribus
1351 682 1478 719 nostris
1498 712 1507 730 ,
1545 683 1608 720 sed
1639 683 1704 720 Dei
1733 682 1914 721 dilectioni
1936 693 2048 722 totum
2074 686 2206 724 retulit.

1226 743 1416 793 Postquam
1435 743 1611 794 Spiritum
1635 743 1760 781 datum
1781 744 1875 781 dixit
1889 775 1899 793 ,
1928 746 2053 783 transit
2084 761 2208 784 rursus

1224 802 1270 839 ad
1289 816 1451 848 crucem,
1482 804 1532 840 sic
1549 804 1669 841 dicens
1693 820 1700 839 :
1723 806 1761 842 6.
1785 805 1930 843 Adhuc
1962 809 2062 844 enim
2090 809 2208 845 Cleri-

132 864 350 914 ὄντων-ἡμῶν
373 868 536 913 ἀσθενῶν,
557 864 647 903 κατὰ
659 863 778 915 καιρὸν
798 863 885 914 ὑπὲρ
906 863 1040 899 ἀσεὲῶν
1062 859 1150 898 ἀπέ-
1164 893 1210 916 515
1226 872 1323 910 stus,
1341 877 1425 900 eum
1447 865 1593 915 infirmi
1618 878 1796 910 essemus,
1829 868 2038 904 secundum
2064 877 2208 919 tempus

133 926 224 961 θανε.
250 925 360 968 Μόλις
385 925 451 977 γὰρ
470 925 557 977 ὑπὲρ
577 924 708 962 δικαίου
727 939 779 966 τις
798 925 1042 960 ἀποθανεῖται·
1064 919 1150 970 ὑπὲρ
1177 929 1202 957 Α
1222 937 1292 974 pro
1309 926 1435 973 impiis
1452 932 1623 960 mortuus
1651 933 1718 961 est.
1744 926 1779 960 7.
1803 926 1878 961 Vim
1895 929 1996 962 enim
2019 941 2089 977 pro
2101 931 2207 981 justo

133 982 199 1034 γὰρ
219 988 278 1021 τοῦ
297 987 425 1034 ἀγαθοῦ
446 985 539 1036 τάχα
558 1001 609 1027 τις
626 983 684 1021 καὶ
707 984 820 1033 τολμᾷ
849 984 1043 1019 ἀποθανεῖν.
1064 980 1151 1016 Συν-

134 1043 251 1089 ίστησι
273 1043 307 1080 δὲ
328 1044 390 1090 τὴν
413 1047 536 1081 ἑαυτοῦ
551 1042 690 1093 ἀγάπην
711 1044 758 1085 εἷς
776 1045 870 1090 ἡμᾶς
890 1044 906 1077 ὁ
925 1040 1026 1082 Θεός.
1046 1038 1096 1076 oO
1116 1037 1151 1075 δὲ

131 1103 245 1152 λέγει,
280 1103 429 1140 τοιοῦτόν
461 1105 553 1141 ἐστιν
566 1118 574 1125 ·
597 1105 625 1140 εἷ
645 1102 712 1154 γὰρ
732 1100 820 1153 ὑπὲρ
840 1100 959 1152 ἀνδρὸς
990 1098 1148 1151 ἐναρέτου

132 1163 193 1198 οὐκ
214 1161 253 1198 ἂν
274 1160 386 1199 ἕλοιτό
404 1178 455 1205 τις
471 1162 606 1214 ταχέως
621 1164 815 1209 ἀποθανεῖν,
831 1160 990 1206 ἐννόησον
1009 1163 1068 1197 τοῦ
1087 1161 1151 1196 Δε-

132 1221 261 1259 σπότου
291 1238 350 1260 σου
373 1222 436 1270 τὴν
453 1223 606 1274 ἀγάπην,
623 1224 703 1261 ὅταν
725 1223 773 1273 μὴ
795 1221 881 1273 ὑπὲρ
899 1220 1068 1272 ἐναρέτων
1091 1223 1151 1258 αὖ·

129 1283 206 1330 τὸς,
240 1283 316 1320 ἀλλ’
355 1283 441 1336 ὑπὲρ
474 1285 692 1338 ἁμαρτωλῶν
727 1283 786 1321 καὶ
820 1284 951 1334 ἐχθρῶν
986 1280 1149 1333 φαίνηται

131 1342 339 1393 σταυρωθείς
357 1359 364 1366 ·
385 1342 470 1395 ὅπερ
488 1344 547 1381 καὶ
576 1343 664 1394 μετὰ
695 1343 804 1382 ταῦτά
833 1359 936 1394 φησιν
952 1358 960 1366 ·
979 1341 1085 1388 ‘'O-ct,
1107 1343 1150 1390 εἰ,

132 1404 349 1454 ἁμαρτωλῶν
363 1407 462 1454 ἡμῶν
475 1405 594 1453 ὄντων,
607 1405 756 1458 Χριστὸς
767 1403 854 1455 ὑπὲρ
870 1406 970 1453 ἡμῶν
987 1402 1150 1450 ἀπέθανε,

131 1465 251 1516 πολλῷ
275 1458 332 1502 οὖν
365 1467 507 1514 μᾶλλον,
529 1465 769 1508 δικαιωθέντες
794 1469 851 1502 νῦν
882 1467 915 1502 ἐν
947 1466 996 1515 τῷ
1017 1463 1150 1514 αἵματι

134 1526 238 1562 αὐτοῦ
252 1555 261 1571 ,
287 1525 516 1576 σωθησόμεθα
536 1528 578 1564 δι’
601 1528 703 1563 αὐτοῦ
724 1526 792 1563 ἀπὸ
806 1529 869 1572 τῆς
887 1527 1002 1576 ὀργῆς.
1023 1525 1066 1561 Εἰ
1084 1524 1150 1577 γὰρ

133 1586 249 1637 ἐχθροὶ
269 1586 362 1628 ὄντες
379 1587 649 1638 κατηλλάγημεν
681 1590 730 1639 τῷ
749 1588 830 1637 Θεῷ
851 1585 908 1623 διὰ
926 1589 985 1623 τοῦ
1003 1586 1149 1623 θανάτου

131 1650 190 1683 τοῦ
212 1646 294 1684 Υἱοῧ
322 1649 426 1685 αὐτοῦ
442 1678 451 1695 ,
481 1649 601 1699 πολλῷ
623 1648 755 1698 μᾶλλον
782 1647 1058 1698 καταλλαγέντες
1075 1663 1149 1684 σω-

134 1705 310 1756 θησόμεθα
325 1709 358 1744 ἐν
375 1712 417 1759 τῇ
431 1707 498 1759 ζωῇ
517 1711 629 1746 αὐτοῦ.
647 1709 665 1726 *
678 1708 747 1745 Καὶ
765 1708 856 1745 δοκεῖ
873 1708 933 1757 μὲν
945 1707 1150 1758 ταυτολογία

133 1759 220 1803 εἶναι
242 1766 285 1804 τὰ
315 1768 502 1820 εἰρημένα,
535 1772 595 1807 οὐκ
614 1768 687 1807 ἔστι
708 1768 743 1807 δὲ
777 1772 826 1820 τῷ
861 1768 950 1819 μετὰ
972 1769 1150 1820 ἀκριὲείας

132 1827 488 1879 προσέχοντι.Σκόπει
500 1830 546 1868 δέ·
561 1830 721 1881 βούλεται
734 1829 978 1868 πιστώσασθαι
990 1829 1070 1883 περὶ
1081 1832 1149 1867 τῶν

132 1886 328 1936 μελλόντων
359 1889 501 1933 αὐτούς·
522 1890 581 1927 καὶ
600 1893 737 1942 πρῶτον
758 1891 820 1941 μὲν
842 1890 910 1928 ἀπὸ
934 1893 996 1936 τῆς
1015 1894 1073 1927 τοῦ
1094 1891 1149 1927 δι-

131 1948 229 1986 καίου
261 1948 403 2000 γνώμης
434 1951 610 2003 ἐντρέπει,
641 1951 760 1999 εἰπὼν,
791 1952 843 1989 ὅτι
883 1953 970 1998 ἐπλη
978 1951 1148 2004 ροφορῆθη

131 2012 305 2056 κάκεῖνος,
323 2010 409 2048 εὈτι
428 2011 445 2049 ὃ
465 2013 676 2062 ἐπήγγελται
699 2013 788 2055 Θεὸς
802 2043 811 2060 ,
834 2013 974 2056 δυνατός
1002 2012 1148 2050 ἐστικαὶ

130 2072 298 2116 ποιῆσαι·
320 2072 441 2110 ἔπειτα
467 2073 534 2110 ἀπὸ
559 2076 621 2118 τῆς
638 2073 780 2125 χάριτος
795 2077 857 2121 τῆς
877 2073 1052 2121 δοθείσης,
1076 2068 1150 2111 εἶτα

129 2134 143 2150 ⁸
157 2131 226 2169 ἀπὸ
248 2135 317 2169 τῶν
333 2132 492 2185 θλίψεων,
515 2134 568 2172 ὅτι
585 2135 701 2172 ἱκαναὶ
721 2137 769 2177 εἷς
802 2136 926 2173 ἐλπίδα
946 2138 1041 2185 ἡμᾶς
1060 2138 1147 2186 ἀγα·

129 2197 201 2243 γεῖν
213 2208 220 2215 ·
237 2193 295 2230 καὶ
315 2195 458 2234 ἀπὸτοῦ
477 2196 680 2246 Πνεύματος
703 2197 809 2234 πάλιν
825 2192 931 2248 οἷπερ
951 2198 1120 2247 ε’λάέομεν
1140 2211 1147 2219 ·

129 2254 249 2291 λοιπον
269 2254 305 2292 δὲ
330 2256 390 2293 καὶ
417 2257 485 2295 ἀπὸ
518 2260 577 2294 τοῦ
610 2257 756 2295 θανάτου
784 2258 843 2295 καὶ
881 2260 944 2303 τῆς
975 2257 1149 2309 ἡμετέρας

128 2314 253 2359 κακίας
271 2319 333 2363 τῆς
356 2317 548 2370 ἔμπροσθεν
567 2324 666 2357 τοῦτο
685 2319 948 2363 κατασκευάζει.
966 2319 1036 2357 Καὶ
1056 2321 1148 2358 δοκεῖ

129 2376 205 2427 μὲν,
224 2377 308 2429 ὅπερ
328 2378 430 2430 ἔφθην
452 2379 571 2426 εἰπὼν,
595 2380 629 2417 ἓν
655 2374 742 2418 εἶναι
769 2381 808 2418 τὸ
840 2381 1035 2433 εἰρημένον,
1055 2381 1150 2433 εὑρί-

128 2453 248 2476 σκεται
271 2438 307 2475 δὲ
334 2439 392 2477 καὶ
413 2439 470 2478 δύο
488 2440 547 2479 καὶ
570 2441 650 2495 τρία
669 2441 727 2480 καὶ
747 2444 866 2493 πολλῷ
886 2442 1029 2480 πλείονα
1045 2443 1146 2480 ὄντα·

127 2503 263 2550 πρῶτον
281 2500 356 2550 μὲν,
374 2501 427 2538 ὅτι
449 2502 616 2540 ἀπέθανε·
638 2503 792 2554 δεύτερον
810 2502 868 2549 δὲ,
891 2502 943 2541 ὅτι
965 2504 1052 2556 ὑπὲρ
1069 2506 1149 2542 ἀσε-

129 2559 199 2597 ὅῶν
212 2575 220 2583 ·
247 2560 361 2612 τρίτον
383 2560 418 2599 δὲ
433 2592 442 2609 ,
463 2562 516 2601 ὅτι
536 2564 762 2611 κατ-ἤλλαξεν,
780 2563 832 2601 ὅτι
852 2563 992 2613 ἔσωσεν,
1012 2565 1065 2603 ὅτι
1081 2567 1149 2604 ἐδι-

127 2620 290 2667 καίωσεν,
308 2621 362 2659 ὅτι
383 2623 570 2666 ἀθανάτους
586 2624 760 2672 ἐποίησεν,
785 2623 838 2662 ὅτι
855 2625 945 2670 υἱοὺς
963 2626 1148 2678 εἰργάσατο

127 2681 187 2718 καὶ
217 2682 462 2733 κληρονόμους.
490 2686 543 2722 Οὐ
564 2684 676 2722 τοίνυν
698 2685 765 2723 ἀπὸ
792 2689 850 2723 τοῦ
881 2686 1028 2725 θανάτου
1046 2687 1147 2738 μόνον

127 2742 362 2795 ἰσχυρίζεσθαι
389 2744 457 2796 χρὴ
475 2774 484 2791 ,
506 2745 620 2796 φησὶν,
640 2746 728 2784 ἀλλὰ
749 2747 809 2785 καὶ
829 2747 898 2785 ἀπὸ
916 2754 975 2787 τοῦ
995 2749 1148 2792 δοθέντος

124 2807 208 2854 ἡμῖν
230 2804 287 2842 διὰ
304 2809 362 2842 τοῦ
377 2805 541 2844 θανάτου·
561 2807 674 2844 καίτοι
690 2825 728 2859 γε
748 2810 776 2846 εἰ
795 2807 854 2846 καὶ
869 2809 1028 2855 τεθνήκει
1045 2810 1146 2860 μόνον

125 2864 213 2917 ὑπὲρ
234 2868 334 2915 ἡμῶν
348 2866 510 2904 τοιούτων
530 2868 649 2913 ὄντων,
667 2868 828 2920 μέγιστον
850 2865 890 2916 ἦν
912 2871 1036 2920 δεῖγμα
1059 2871 1147 2922 ἀγά-

125 2940 193 2971 πης
212 2925 250 2962 τὸ
279 2927 530 2978 γεγενημένον·
559 2928 641 2966 ὅταν
673 2929 706 2966 δὲ
727 2929 891 2981 φαίνηται
910 2930 969 2968 καὶ
996 2933 1145 2979 ἀποθνη-

127 3001 218 3024 σκων
250 2985 266 3005 ¹³
279 2986 512 3038 δωρούμενος,
551 2989 610 3026 καὶ
639 2994 784 3028 τοιαῦτα
821 2991 1054 3044 δωρούμενος,
1086 2993 1146 3031 καὶ

125 3046 291 3090 τοιούτοις
310 3043 384 3086 οἶσι
397 3077 406 3094 ,
436 3056 550 3087 πᾶσαν
567 3050 761 3101 timpora-ku
783 3051 998 3104 ἀποκρύπτει
1018 3053 1062 3090 τὰ
1083 3070 1145 3105 γε-

126 3107 297 3155 γενημένα
310 3137 319 3154 ,
339 3108 399 3145 καὶ
417 3109 474 3146 τὸν
492 3109 623 3161 σφόδρα
639 3110 843 3158 ἀναίσθητον
866 3115 913 3154 εἷς
924 3111 1040 3150 πίστιν
1057 3114 1145 3164 ἄγει.

129 3166 220 3204 Οὐδὲ
248 3167 314 3218 γὰρ
337 3168 441 3211 ἄλλος
470 3170 562 3207 ἐστὶν
580 3174 596 3208 ὃ
617 3171 752 3220 με’λλων
778 3173 896 3217 σώζειν
923 3177 1038 3224 ἡμᾶς,
1067 3176 1142 3213 ἀλλ’

176 3305 190 3320 “
216 3305 266 3346 [Α.
286 3308 432 3348 Bouillas-1
447 3309 522 3349 οὒκ]

176 3367 188 3381 ⁸
214 3358 274 3399 [A.
290 3364 347 3392 ἀπὸ
365 3367 417 3396 τῆς
433 3363 595 3403 θλίψεως...
616 3366 654 3399 εἷ,-
671 3365 788 3400 ἐ).πίῧνς
806 3363 816 3403 ]

1225 986 1310 1035 quis
1326 985 1488 1020 moritur
1503 998 1513 1018 .-
1533 997 1623 1020 nam
1646 997 1716 1034 pro
1737 986 2018 1036 bonoforsilan
2033 991 2118 1037 quis
2134 1003 2206 1026 au-

1224 1044 1316 1080 deat
1346 1046 1454 1080 mori.
1483 1043 1521 1081 8.
1557 1045 1811 1081 Commendat
1841 1054 1970 1082 autem
2004 1050 2207 1086 caritatem

1224 1117 1335 1141 suam
1352 1106 1458 1141 Deus
1487 1119 1578 1156 erga
1606 1119 1686 1143 nos.
1705 1105 1751 1142 Id
1773 1115 1823 1143 est
1840 1122 1848 1142 τ
1875 1106 1913 1144 Si
1930 1106 2024 1144 enim
2043 1122 2107 1160 pro
2128 1110 2207 1148 viro

1224 1165 1356 1202 virtute
1388 1164 1567 1216 praeditO,
1596 1179 1699 1202 nemo
1720 1166 1809 1203 forte
1837 1167 1928 1204 mori
1948 1167 2059 1218 velit,
2093 1169 2208 1220 cogita

1224 1225 1370 1262 Domini
1385 1225 1438 1263 tui
1454 1225 1678 1263 dilectionem
1694 1256 1706 1276 ,
1729 1228 1788 1276 qui
1806 1241 1875 1264 non
1890 1242 1953 1279 pro
1969 1228 2103 1266 virtute
2119 1244 2207 1281 prae-

1223 1287 1308 1325 ditis
1324 1318 1336 1338 ,
1358 1288 1419 1325 sed
1435 1303 1499 1340 pro
1518 1290 1762 1340 peccatoribus
1780 1299 1813 1327 et
1837 1290 1991 1329 inimicis
2013 1293 2209 1331 crucifixus

1222 1346 1320 1384 visus
1344 1356 1417 1395 est;
1438 1346 1475 1384 id
1493 1347 1590 1397 quod
1617 1347 1724 1385 etiam
1742 1358 1862 1400 postea
1882 1348 1970 1386 dicit
1992 1365 1999 1385 :
2028 1352 2128 1401 Quia
2144 1354 2179 1390 si
2192 1382 2204 1398 ,

1223 1421 1311 1445 cum
1328 1421 1395 1445 nos
1407 1417 1626 1460 peccatores
1654 1423 1819 1447 essemus
1835 1439 1846 1456 ,
1877 1413 1915 1448 9.
1938 1412 2114 1451 Christus
2136 1427 2207 1465 pro

1227 1468 1335 1503 nohis
1352 1475 1525 1504 mortuus
1551 1476 1605 1504 est
1620 1484 1635 1512 ;
1662 1469 1783 1505 multo
1803 1472 1924 1520 magis
1942 1484 2043 1508 nunc
2055 1474 2209 1526 justifi-

1225 1532 1304 1566 cati
1319 1532 1360 1566 in
1373 1532 1562 1581 sanguine
1577 1533 1709 1582 ipsius,
1727 1532 1828 1569 salvi
1842 1535 1983 1571 erimus
2000 1536 2048 1571 ab
2067 1538 2126 1572 ira
2140 1551 2209 1587 per

1225 1592 1362 1640 ipsum.
1383 1591 1445 1627 10.
1466 1592 1516 1627 Si
1531 1594 1633 1628 enim
1649 1606 1735 1628 cum
1761 1595 1909 1630 inimici
1936 1608 2115 1642 essemus,
2146 1611 2208 1635 re—

1225 1652 1427 1688 conciliati
1454 1665 1585 1689 sumus
1612 1654 1696 1690 Deo
1722 1667 1792 1704 per
1819 1663 1977 1692 mortem
1995 1658 2092 1694 Filii
2107 1661 2202 1710 ejus,

1225 1714 1345 1750 multo
1364 1716 1485 1765 magis
1500 1714 1742 1751 reconciliati
1756 1716 1858 1753 salvi
1883 1719 2022 1755 erimus
2053 1722 2093 1755 in
2119 1723 2206 1758 vita

1224 1779 1353 1827 ipsius.
1369 1777 1453 1813 Haee
1468 1777 1562 1814 dicta
1584 1778 1731 1829 repetita
1749 1778 1918 1816 videntur
1931 1810 1939 1826 ,
1962 1794 2030 1818 non
2047 1791 2128 1820 sunt
2147 1792 2202 1821 ta-

1224 1848 1323 1880 men,
1344 1835 1372 1872 si
1393 1835 1470 1885 quis
1484 1845 1612 1874 attente
1626 1836 1832 1875 consideret.
1854 1838 2047 1877 Considera
2064 1850 2179 1879 autem
2195 1858 2203 1878 :

1222 1896 1302 1934 vult
1319 1896 1390 1933 illis
1410 1896 1518 1934 fidem
1537 1897 1649 1934 facere
1667 1897 1711 1935 de
1728 1899 1857 1936 futuris
1879 1915 1886 1935 :
1905 1908 1939 1936 et
1953 1900 2070 1952 primo
2085 1902 2205 1953 ajusti

1223 1957 1390 1993 sententia
1406 1955 1486 1994 illos
1500 1956 1679 2008 pudefacit
1691 1987 1702 2007 ,
1717 1972 1796 1995 cum
1808 1959 1914 2009 djcit,
1932 1960 2061 1999 Adhuc
2075 1962 2203 2001 certior

1221 2017 1333 2054 factus
1355 2026 1406 2054 est
1435 2017 1518 2066 ille,
1548 2018 1633 2068 quia
1655 2018 1753 2068 quod
1780 2020 1943 2071 promisit
1967 2022 2062 2059 Deus
2090 2032 2204 2075 potest

1221 2078 1365 2128 exsequi
1377 2094 1388 2128 3
1411 2077 1541 2116 deinde
1560 2093 1579 2116 a
1602 2079 1714 2130 gratia
1735 2080 1817 2118 data
1828 2097 1838 2129 3
1858 2091 1978 2133 postea
2007 2097 2027 2120 a
2046 2084 2202 2122 tribula-

1221 2138 1391 2188 tionibus,
1412 2138 1496 2189 quia
1508 2148 1655 2190 possunt
1672 2139 1742 2177 illae
1760 2155 1821 2177 nos
1840 2141 1875 2178 in
1893 2156 1990 2193 spem
2010 2142 2200 2193 inducere3

1220 2213 1259 2236 ac
1280 2214 1419 2237 rursum
1439 2215 1458 2238 a
1481 2200 1619 2252 Spiritu
1634 2229 1647 2249 ,
1669 2214 1776 2251 quem
1791 2203 1992 2254 accepimus
2005 2234 2017 2253 ,
2037 2204 2204 2243 demum—

1221 2275 1290 2310 que
1314 2275 1333 2297 a
1357 2270 1469 2298 morte
1499 2270 1532 2298 et
1552 2276 1572 2298 a
1590 2262 1742 2314 pristina
1778 2263 1933 2313 nequitia
1960 2274 2078 2303 nostra
2111 2267 2203 2304 illud

1219 2322 1357 2373 probat.
1376 2321 1421 2358 Et
1437 2321 1580 2359 videtur
1595 2322 1739 2373 quidem
1754 2352 1765 2372 ,
1784 2332 1823 2360 ut
1845 2323 1923 2361 dixi
1935 2355 1944 2373 ,
1962 2340 2074 2363 unum
2089 2326 2202 2365 idem·

1219 2396 1286 2433 que
1310 2396 1382 2419 esse
1403 2381 1499 2432 quod
1525 2382 1660 2420 dicitur
1674 2413 1686 2432 ,
1713 2382 1774 2420 sed
1792 2383 1863 2421 duo
1883 2393 1916 2422 et
1936 2385 2003 2423 tria
2023 2396 2056 2424 et
2088 2388 2202 2426 multo

1218 2443 1323 2495 plura
1344 2443 1567 2495 reperiuntur
1593 2459 1601 2479 t
1630 2444 1811 2495 primum,
1834 2445 1931 2496 quod
1952 2456 2113 2486 mortuus
2135 2449 2202 2498 sit3

1219 2502 1413 2540 secundum
1424 2533 1434 2552 ,
1450 2503 1547 2554 quod
1563 2518 1627 2555 pro
1645 2504 1765 2555 impiis
1776 2521 1786 2554 3
1799 2507 1960 2555 tertium,
1975 2508 2069 2558 quod
2084 2523 2205 2548 recon-

1220 2565 1394 2602 ciliaverit
1409 2595 1422 2612 ,
1453 2566 1603 2603 salutem
1633 2565 1794 2614 dederit,
1810 2569 2062 2619 justificaverit
2084 2600 2093 2618 ,
2128 2572 2202 2608 im-

1220 2626 1385 2663 mortales
1428 2626 1629 2663 reddiderit
1647 2655 1658 2675 ,
1701 2627 1798 2677 quod
1841 2628 1934 2666 filios
1975 2638 2009 2666 et
2054 2631 2201 2669 heredes

1219 2687 1349 2725 fecerit.
1377 2688 1456 2724 Non
1474 2686 1582 2738 igitur
1615 2701 1633 2724 a
1657 2696 1770 2724 morte
1803 2697 1942 2726 tantum
1976 2692 2200 2729 corroborari

1219 2757 1375 2799 oportet,
1398 2748 1469 2798 ait,
1488 2747 1550 2785 sed
1565 2748 1670 2785 etiam
1686 2763 1704 2785 a
1726 2748 1819 2786 dono
1838 2764 1902 2801 per
1927 2760 2076 2797 mortem
2098 2753 2202 2790 nobis

1220 2809 1366 2847 collato:
1388 2823 1626 2860 quamquam,
1645 2810 1674 2847 si
1691 2820 1852 2848 mortuus
1872 2821 1960 2849 esset
1980 2821 2117 2851 tantum
2136 2828 2201 2866 pro

1218 2872 1319 2909 nobis
1342 2872 1404 2923 qui
1431 2872 1518 2910 tales
1544 2886 1688 2921 sumus,
1710 2874 1910 2911 maximum
1938 2875 2068 2913 amoris
2093 2890 2201 2928 argu-

1218 2943 1375 2971 mentum
1396 2942 1503 2981 esset,
1525 2933 1560 2970 id
1581 2933 1676 2983 quod
1707 2934 1840 2971 factum
1868 2943 1937 2983 est3
1968 2950 2047 2973 cum
2080 2946 2201 2975 autem

1218 3003 1349 3032 constet
1369 2994 1472 3031 illum
1491 2993 1698 3031 morientem
1713 2994 1804 3031 dona
1821 3025 1832 3043 ,
1844 3004 1877 3032 et
1901 3004 1994 3033 tanta
2009 2996 2102 3034 dona
2128 2998 2201 3035 lar-

1219 3056 1332 3106 gitum
1353 3069 1445 3103 esse,
1468 3055 1599 3092 talibus
1620 3055 1848 3105 hominibus,
1866 3071 2006 3094 omnem
2020 3058 2201 3110 hyperbo-

1216 3116 1272 3153 len
1293 3125 1459 3168 superant
1478 3130 1536 3164 ea,
1557 3130 1633 3166 quze
1653 3116 1743 3152 facta
1767 3125 1871 3165 sunt,
1905 3126 1938 3154 et
1953 3118 2010 3155 vel
2025 3118 2200 3170 stupidis-

1217 3175 1347 3214 simum
1366 3176 1413 3214 ad
1430 3176 1538 3213 fidem
1560 3175 1751 3214 deducant.
1776 3178 1898 3228 Neque
1915 3178 2010 3216 enim
2029 3179 2120 3217 alius
2141 3194 2198 3218 sa-

1245 3315 1260 3338 1]
1286 3314 1362 3355 [καί
1381 3321 1456 3345 aute
1475 3317 1545 3360 δωρ.
1565 3312 1694 3346 addunt
1709 3315 1746 3346 A.
1760 3322 1792 3346 et.
1808 3326 1913 3359 marg.
1932 3315 2025 3358 Sam]
