<?xml version="1.0" encoding="UTF-8"?>
<!DOCTYPE html PUBLIC "-//W3C//DTD XHTML 1.0 Transitional//EN"
    "http://www.w3.org/TR/xhtml1/DTD/xhtml1-transitional.dtd">
<html xmlns="http://www.w3.org/1999/xhtml" xml:lang="en" lang="en">
 <head>
  <title>
</title>
<meta http-equiv="Content-Type" content="text/html;charset=utf-8" />
  <meta name='ocr-system' content='tesseract 3.04.00' />
  <meta name='ocr-capabilities' content='ocr_page ocr_carea ocr_par ocr_line ocrx_word'/>
</head>
<body>
  <div class='ocr_page' id='page_1' title='image "./operaomniaquaeex09johnuoft_0373.png"; bbox 0 0 2502 3810; ppageno 0'>
   <div class='ocr_carea' id='block_1_1' title="bbox 693 216 2155 276">
    <p class='ocr_par' dir='ltr' id='par_1_1' title="bbox 693 216 2155 276">
     <span class='ocr_line' id='line_1_1' title="bbox 693 216 2155 276; baseline -0.003 -14"><span class='ocrx_word' id='word_1_1' title='bbox 693 235 735 262; x_wconf 70' lang='lat' dir='ltr'><em>{N</em></span> <span class='ocrx_word' id='word_1_2' title='bbox 775 233 886 262; x_wconf 61' lang='lat' dir='ltr'><em>ACTA</em></span> <span class='ocrx_word' id='word_1_3' title='bbox 925 230 1259 262; x_wconf 44' lang='lat' dir='ltr'><em>Aposroiionum.</em></span> <span class='ocrx_word' id='word_1_4' title='bbox 1299 231 1451 260; x_wconf 65' lang='lat' dir='ltr'><em>norun.</em></span> <span class='ocrx_word' id='word_1_5' title='bbox 1491 231 1563 260; x_wconf 75' lang='lat' dir='ltr'><em>XL.</em></span> <span class='ocrx_word' id='word_1_6' title='bbox 2064 216 2155 276; x_wconf 74' lang='lat'><em>539</em></span> 
     </span>
    </p>
   </div>
   <div class='ocr_carea' id='block_1_2' title="bbox 94 315 1124 1513">
    <p class='ocr_par' dir='ltr' id='par_1_2' title="bbox 94 315 1124 1513">
     <span class='ocr_line' id='line_1_2' title="bbox 96 315 1109 370; baseline -0.005 -13"><span class='ocrx_word' id='word_1_7' title='bbox 96 335 190 370; x_wconf 84' lang='grc' dir='ltr'>γουσι</span> <span class='ocrx_word' id='word_1_8' title='bbox 207 319 401 370; x_wconf 77' lang='grc' dir='ltr'>βάπτισμα.</span> <span class='ocrx_word' id='word_1_9' title='bbox 419 317 520 360; x_wconf 83' lang='grc' dir='ltr'>Ἴσως</span> <span class='ocrx_word' id='word_1_10' title='bbox 537 316 762 367; x_wconf 78' lang='grc' dir='ltr'>ἐπεδήμησαν</span> <span class='ocrx_word' id='word_1_11' title='bbox 777 323 846 361; x_wconf 84' lang='grc' dir='ltr'>τοῖς</span> <span class='ocrx_word' id='word_1_12' title='bbox 859 315 1109 368; x_wconf 79' lang='grc' dir='ltr'>Ἱεροσολύμοις</span> 
     </span>
     <span class='ocr_line' id='line_1_3' title="bbox 95 376 1109 426; baseline -0.004 -8"><span class='ocrx_word' id='word_1_13' title='bbox 95 381 191 426; x_wconf 83' lang='grc' dir='ltr'>τότε,</span> <span class='ocrx_word' id='word_1_14' title='bbox 211 380 270 417; x_wconf 82' lang='grc' dir='ltr'><em>καὶ</em></span> <span class='ocrx_word' id='word_1_15' title='bbox 290 381 461 425; x_wconf 70' lang='grc' dir='ltr'>ἀπῆλθον,</span> <span class='ocrx_word' id='word_1_16' title='bbox 484 377 542 415; x_wconf 82' lang='grc' dir='ltr'><em>καὶ</em></span> <span class='ocrx_word' id='word_1_17' title='bbox 565 377 816 415; x_wconf 65' lang='grc' dir='ltr'>ἐδαπτίσαντο·</span> <span class='ocrx_word' id='word_1_18' title='bbox 841 376 930 415; x_wconf 86' lang='grc' dir='ltr'>ἀλλὰ</span> <span class='ocrx_word' id='word_1_19' title='bbox 961 376 1020 414; x_wconf 77' lang='grc' dir='ltr'><em>καὶ</em></span> <span class='ocrx_word' id='word_1_20' title='bbox 1045 378 1109 426; x_wconf 85' lang='grc' dir='ltr'><em>βα-</em></span> 
     </span>
     <span class='ocr_line' id='line_1_4' title="bbox 94 437 1110 486; baseline -0.004 -8"><span class='ocrx_word' id='word_1_21' title='bbox 94 440 311 486; x_wconf 83' lang='grc' dir='ltr'>πτισθέντες,</span> <span class='ocrx_word' id='word_1_22' title='bbox 331 439 388 477; x_wconf 79' lang='grc' dir='ltr'><em>τὸν</em></span> <span class='ocrx_word' id='word_1_23' title='bbox 405 439 538 485; x_wconf 74' lang='grc' dir='ltr'>Ἰησοῦν</span> <span class='ocrx_word' id='word_1_24' title='bbox 561 440 623 476; x_wconf 82' lang='grc' dir='ltr'><em>οὐκ</em></span> <span class='ocrx_word' id='word_1_25' title='bbox 639 437 842 483; x_wconf 82' lang='grc' dir='ltr'>ἠπίσταντο.</span> <span class='ocrx_word' id='word_1_26' title='bbox 865 437 934 476; x_wconf 84' lang='grc' dir='ltr'><em>Καὶ</em></span> <span class='ocrx_word' id='word_1_27' title='bbox 954 439 991 475; x_wconf 84' lang='grc' dir='ltr'><em>οὐ</em></span> <span class='ocrx_word' id='word_1_28' title='bbox 1017 437 1110 486; x_wconf 83' lang='grc' dir='ltr'>λέγει</span> 
     </span>
     <span class='ocr_line' id='line_1_5' title="bbox 95 496 1111 547; baseline -0.003 -11"><span class='ocrx_word' id='word_1_29' title='bbox 95 502 229 547; x_wconf 79' lang='grc' dir='ltr'>αὐτοῖς,</span> <span class='ocrx_word' id='word_1_30' title='bbox 259 497 441 536; x_wconf 78' lang='grc' dir='ltr'>πιστεύετε</span> <span class='ocrx_word' id='word_1_31' title='bbox 480 500 526 541; x_wconf 86' lang='grc' dir='ltr'><em>εἷς</em></span> <span class='ocrx_word' id='word_1_32' title='bbox 567 498 623 535; x_wconf 81' lang='grc' dir='ltr'><em>τὸν</em></span> <span class='ocrx_word' id='word_1_33' title='bbox 656 497 813 544; x_wconf 76' lang='grc' dir='ltr'>Ἰησοῦν,</span> <span class='ocrx_word' id='word_1_34' title='bbox 849 496 938 536; x_wconf 78' lang='grc' dir='ltr'>ἀλλὰ</span> <span class='ocrx_word' id='word_1_35' title='bbox 972 496 1026 544; x_wconf 72' lang='grc' dir='ltr'><em>τί,</em></span> <span class='ocrx_word' id='word_1_36' title='bbox 1066 498 1111 533; x_wconf 78' lang='grc' dir='ltr'><em>Εἰ</em></span> 
     </span>
     <span class='ocr_line' id='line_1_6' title="bbox 94 551 1111 610; baseline -0.003 -14"><span class='ocrx_word' id='word_1_37' title='bbox 94 560 240 609; x_wconf 76' lang='grc' dir='ltr'>Πνεῦμα</span> <span class='ocrx_word' id='word_1_38' title='bbox 260 559 353 609; x_wconf 81' lang='grc' dir='ltr'>ἅγιον</span> <span class='ocrx_word' id='word_1_39' title='bbox 370 558 533 605; x_wconf 64' lang='grc' dir='ltr'>ἐλάέετε,</span> <span class='ocrx_word' id='word_1_40' title='bbox 553 557 629 607; x_wconf 83' lang='grc' dir='ltr'>ᾔδει</span> <span class='ocrx_word' id='word_1_41' title='bbox 647 556 734 610; x_wconf 84' lang='grc' dir='ltr'>γὰρ,</span> <span class='ocrx_word' id='word_1_42' title='bbox 751 557 804 595; x_wconf 77' lang='grc' dir='ltr'><em>ὅτι</em></span> <span class='ocrx_word' id='word_1_43' title='bbox 821 559 882 594; x_wconf 79' lang='grc' dir='ltr'><em>οὐκ</em></span> <span class='ocrx_word' id='word_1_44' title='bbox 899 561 912 576; x_wconf 76' lang='grc'><em>““’</em></span> <span class='ocrx_word' id='word_1_45' title='bbox 923 551 1027 608; x_wconf 64' lang='grc' dir='ltr'>εἶχον.</span> <span class='ocrx_word' id='word_1_46' title='bbox 1043 556 1111 594; x_wconf 86' lang='grc' dir='ltr'><em>Καὶ</em></span> 
     </span>
     <span class='ocr_line' id='line_1_7' title="bbox 97 610 1112 670; baseline -0.005 -13"><span class='ocrx_word' id='word_1_47' title='bbox 97 619 256 670; x_wconf 83' lang='grc' dir='ltr'>βούλεται</span> <span class='ocrx_word' id='word_1_48' title='bbox 284 617 402 661; x_wconf 75' lang='grc' dir='ltr'>αὐτοὺς</span> <span class='ocrx_word' id='word_1_49' title='bbox 422 620 549 665; x_wconf 86' lang='grc' dir='ltr'>εἰπεῖν,</span> <span class='ocrx_word' id='word_1_50' title='bbox 569 617 625 655; x_wconf 77' lang='grc' dir='ltr'><em>ἵνα</em></span> <span class='ocrx_word' id='word_1_51' title='bbox 649 616 813 668; x_wconf 83' lang='grc' dir='ltr'>μαθόντες</span> <span class='ocrx_word' id='word_1_52' title='bbox 832 610 879 654; x_wconf 63' lang='grc' dir='ltr'><em>ὧν</em></span> <span class='ocrx_word' id='word_1_53' title='bbox 900 615 1112 668; x_wconf 84' lang='grc' dir='ltr'>ἀπεστέρην-</span> 
     </span>
     <span class='ocr_line' id='line_1_8' title="bbox 95 675 1113 729; baseline -0.007 -11"><span class='ocrx_word' id='word_1_54' title='bbox 95 697 177 729; x_wconf 86' lang='grc' dir='ltr'>ται,</span> <span class='ocrx_word' id='word_1_55' title='bbox 197 679 379 725; x_wconf 67' lang='grc' dir='ltr'>αἰτήσωσι.</span> <span class='ocrx_word' id='word_1_56' title='bbox 400 678 470 717; x_wconf 73' lang='grc' dir='ltr'><em>Καὶ</em></span> <span class='ocrx_word' id='word_1_57' title='bbox 489 677 662 721; x_wconf 80' lang='grc' dir='ltr'>ἐπιθέντος</span> <span class='ocrx_word' id='word_1_58' title='bbox 686 679 817 724; x_wconf 79' lang='grc' dir='ltr'>αὐτοῖς,</span> <span class='ocrx_word' id='word_1_59' title='bbox 840 675 941 728; x_wconf 78' lang='grc' dir='ltr'>φησὶ,</span> <span class='ocrx_word' id='word_1_60' title='bbox 961 675 1022 719; x_wconf 80' lang='grc' dir='ltr'><em>τὰς</em></span> <span class='ocrx_word' id='word_1_61' title='bbox 1037 681 1113 726; x_wconf 77' lang='grc' dir='ltr'>χεῖ-</span> 
     </span>
     <span class='ocr_line' id='line_1_9' title="bbox 98 733 1114 791; baseline -0.006 -13"><span class='ocrx_word' id='word_1_62' title='bbox 98 756 159 791; x_wconf 85' lang='grc' dir='ltr'><em>ρας</em></span> <span class='ocrx_word' id='word_1_63' title='bbox 187 744 245 777; x_wconf 75' lang='grc' dir='ltr'><em>τοῦ</em></span> <span class='ocrx_word' id='word_1_64' title='bbox 266 740 424 787; x_wconf 83' lang='grc' dir='ltr'>Παύλου,</span> <span class='ocrx_word' id='word_1_65' title='bbox 448 733 531 784; x_wconf 64' lang='grc' dir='ltr'>ἦλθε</span> <span class='ocrx_word' id='word_1_66' title='bbox 559 738 598 776; x_wconf 84' lang='grc' dir='ltr'><em>τὸ</em></span> <span class='ocrx_word' id='word_1_67' title='bbox 616 740 765 788; x_wconf 75' lang='grc' dir='ltr'>Πνεῦμα</span> <span class='ocrx_word' id='word_1_68' title='bbox 793 737 833 774; x_wconf 82' lang='grc' dir='ltr'><em>τὸ</em></span> <span class='ocrx_word' id='word_1_69' title='bbox 853 737 949 787; x_wconf 89' lang='grc' dir='ltr'>ἅγιον</span> <span class='ocrx_word' id='word_1_70' title='bbox 977 736 1030 774; x_wconf 77' lang='grc' dir='ltr'><em>ἐπ’</em></span> <span class='ocrx_word' id='word_1_71' title='bbox 1056 736 1114 771; x_wconf 83' lang='grc' dir='ltr'><em>αὖ·</em></span> 
     </span>
     <span class='ocr_line' id='line_1_10' title="bbox 101 797 1112 852; baseline -0.007 -13"><span class='ocrx_word' id='word_1_72' title='bbox 101 801 200 852; x_wconf 85' lang='grc' dir='ltr'>τους,</span> <span class='ocrx_word' id='word_1_73' title='bbox 227 801 286 838; x_wconf 78' lang='grc' dir='ltr'><em>καὶ</em></span> <span class='ocrx_word' id='word_1_74' title='bbox 307 801 447 839; x_wconf 81' lang='grc' dir='ltr'>ἐλάλουν</span> <span class='ocrx_word' id='word_1_75' title='bbox 466 799 660 850; x_wconf 83' lang='grc' dir='ltr'>γλώσσαις,</span> <span class='ocrx_word' id='word_1_76' title='bbox 689 799 748 836; x_wconf 82' lang='grc' dir='ltr'><em>καὶ</em></span> <span class='ocrx_word' id='word_1_77' title='bbox 769 797 1015 850; x_wconf 71' lang='grc' dir='ltr'>προεφήτευον.</span> <span class='ocrx_word' id='word_1_78' title='bbox 1037 798 1112 833; x_wconf 86' lang='grc' dir='ltr'><em>Ἀπ’</em></span> 
     </span>
     <span class='ocr_line' id='line_1_11' title="bbox 101 854 1117 911; baseline -0.008 -12"><span class='ocrx_word' id='word_1_79' title='bbox 101 863 204 899; x_wconf 83' lang='grc' dir='ltr'>αὐτοῦ</span> <span class='ocrx_word' id='word_1_80' title='bbox 230 866 290 899; x_wconf 78' lang='grc' dir='ltr'><em>τοῦ</em></span> <span class='ocrx_word' id='word_1_81' title='bbox 321 860 558 911; x_wconf 82' lang='grc' dir='ltr'>βαπτίσματος</span> <span class='ocrx_word' id='word_1_82' title='bbox 588 857 853 911; x_wconf 70' lang='grc' dir='ltr'>προφητεύουσι.</span> <span class='ocrx_word' id='word_1_83' title='bbox 880 856 1031 894; x_wconf 88' lang='grc' dir='ltr'>Τουτο</span> <span class='ocrx_word' id='word_1_84' title='bbox 1013 854 1048 893; x_wconf 78' lang='grc' dir='ltr'><em>οὲ</em></span> <span class='ocrx_word' id='word_1_85' title='bbox 1078 854 1117 891; x_wconf 84' lang='grc' dir='ltr'><em>τὸ</em></span> 
     </span>
     <span class='ocr_line' id='line_1_12' title="bbox 101 913 1118 972; baseline -0.008 -13"><span class='ocrx_word' id='word_1_86' title='bbox 101 922 263 960; x_wconf 87' lang='grc' dir='ltr'>Ἰωάννου</span> <span class='ocrx_word' id='word_1_87' title='bbox 285 921 468 972; x_wconf 75' lang='grc' dir='ltr'>βάπτισμα</span> <span class='ocrx_word' id='word_1_88' title='bbox 487 921 547 956; x_wconf 80' lang='grc' dir='ltr'><em>οὐκ</em></span> <span class='ocrx_word' id='word_1_89' title='bbox 566 924 660 970; x_wconf 75' lang='grc' dir='ltr'>εἶχε·</span> <span class='ocrx_word' id='word_1_90' title='bbox 683 917 734 954; x_wconf 83' lang='grc' dir='ltr'><em>διὸ</em></span> <span class='ocrx_word' id='word_1_91' title='bbox 752 932 812 954; x_wconf 84' lang='grc' dir='ltr'><em>και</em></span> <span class='ocrx_word' id='word_1_92' title='bbox 830 915 950 959; x_wconf 80' lang='grc' dir='ltr'>ατελὲς</span> <span class='ocrx_word' id='word_1_93' title='bbox 971 919 1024 961; x_wconf 86' lang='grc' dir='ltr'><em>ἠν.</em></span> <span class='ocrx_word' id='word_1_94' title='bbox 1040 913 1118 951; x_wconf 84' lang='grc' dir='ltr'><em>Ἵνα</em></span> 
     </span>
     <span class='ocr_line' id='line_1_13' title="bbox 103 976 1118 1030; baseline -0.008 -10"><span class='ocrx_word' id='word_1_95' title='bbox 103 982 138 1020; x_wconf 79' lang='grc' dir='ltr'><em>δὲ</em></span> <span class='ocrx_word' id='word_1_96' title='bbox 160 998 228 1019; x_wconf 78' lang='grc' dir='ltr'><em>των</em></span> <span class='ocrx_word' id='word_1_97' title='bbox 254 997 416 1019; x_wconf 88' lang='grc' dir='ltr'>τοιουτων</span> <span class='ocrx_word' id='word_1_98' title='bbox 444 980 635 1024; x_wconf 72' lang='grc' dir='ltr'>ἀξιωθῶσι,</span> <span class='ocrx_word' id='word_1_99' title='bbox 656 976 960 1030; x_wconf 81' lang='grc' dir='ltr'>προπαρεσκεύαζε</span> <span class='ocrx_word' id='word_1_100' title='bbox 988 976 1118 1025; x_wconf 82' lang='grc' dir='ltr'>μᾶλλον</span> 
     </span>
     <span class='ocr_line' id='line_1_14' title="bbox 103 1035 1118 1087; baseline -0.007 -8"><span class='ocrx_word' id='word_1_101' title='bbox 103 1042 235 1085; x_wconf 74' lang='grc' dir='ltr'>αὐτούς.</span> <span class='ocrx_word' id='word_1_102' title='bbox 262 1041 374 1079; x_wconf 63' lang='lat' dir='ltr'><em>“sse-rs</em></span> <span class='ocrx_word' id='word_1_103' title='bbox 403 1044 503 1078; x_wconf 78' lang='grc' dir='ltr'>τοῦτο</span> <span class='ocrx_word' id='word_1_104' title='bbox 533 1038 691 1076; x_wconf 52' lang='lat' dir='ltr'><em>{Corneto</em></span> <span class='ocrx_word' id='word_1_105' title='bbox 721 1037 885 1083; x_wconf 79' lang='grc' dir='ltr'>Ἰωάννης</span> <span class='ocrx_word' id='word_1_106' title='bbox 921 1035 1118 1087; x_wconf 85' lang='grc' dir='ltr'>βαπτίζων,</span> 
     </span>
     <span class='ocr_line' id='line_1_15' title="bbox 102 1097 1119 1150; baseline -0.005 -11"><span class='ocrx_word' id='word_1_107' title='bbox 102 1108 284 1141; x_wconf 76' lang='grc' dir='ltr'>πιστεῦσαι</span> <span class='ocrx_word' id='word_1_108' title='bbox 313 1104 360 1144; x_wconf 85' lang='grc' dir='ltr'><em>εἷς</em></span> <span class='ocrx_word' id='word_1_109' title='bbox 387 1100 443 1137; x_wconf 79' lang='grc' dir='ltr'><em>τὸν</em></span> <span class='ocrx_word' id='word_1_110' title='bbox 477 1099 660 1150; x_wconf 77' lang='grc' dir='ltr'>ἐρχόμενον</span> <span class='ocrx_word' id='word_1_111' title='bbox 695 1097 771 1148; x_wconf 73' lang='grc' dir='ltr'>μετ’</span> <span class='ocrx_word' id='word_1_112' title='bbox 802 1097 914 1135; x_wconf 73' lang='grc' dir='ltr'>αὐτόν.</span> <span class='ocrx_word' id='word_1_113' title='bbox 942 1099 1119 1135; x_wconf 72' lang='grc' dir='ltr'>Ἐντεῦθεν</span> 
     </span>
     <span class='ocr_line' id='line_1_16' title="bbox 102 1156 1121 1211; baseline -0.007 -11"><span class='ocrx_word' id='word_1_114' title='bbox 102 1163 275 1200; x_wconf 81' lang='grc' dir='ltr'>δείκνυται</span> <span class='ocrx_word' id='word_1_115' title='bbox 297 1160 410 1211; x_wconf 78' lang='grc' dir='ltr'>δόγμα</span> <span class='ocrx_word' id='word_1_116' title='bbox 437 1175 480 1209; x_wconf 87' lang='grc' dir='ltr'><em>με</em></span> <span class='ocrx_word' id='word_1_117' title='bbox 483 1175 547 1209; x_wconf 87' lang='grc' dir='ltr'><em>γα,</em></span> <span class='ocrx_word' id='word_1_118' title='bbox 571 1159 624 1197; x_wconf 78' lang='grc' dir='ltr'><em>ὅτι</em></span> <span class='ocrx_word' id='word_1_119' title='bbox 645 1157 785 1201; x_wconf 85' lang='grc' dir='ltr'>τελείως</span> <span class='ocrx_word' id='word_1_120' title='bbox 806 1156 1031 1209; x_wconf 85' lang='grc' dir='ltr'>καθαίρονται</span> <span class='ocrx_word' id='word_1_121' title='bbox 1052 1158 1121 1194; x_wconf 82' lang='grc' dir='ltr'><em>τῶν</em></span> 
     </span>
     <span class='ocr_line' id='line_1_17' title="bbox 101 1216 1121 1277; baseline -0.004 -19"><span class='ocrx_word' id='word_1_122' title='bbox 101 1220 366 1277; x_wconf 63' lang='grc' dir='ltr'>ἁμαρτημάτων</span> <span class='ocrx_word' id='word_1_123' title='bbox 378 1222 407 1257; x_wconf 81' lang='grc' dir='ltr'><em>οἱ</em></span> <span class='ocrx_word' id='word_1_124' title='bbox 419 1218 678 1270; x_wconf 71' lang='grc' dir='ltr'>βαπτιζόμενοι.</span> <span class='ocrx_word' id='word_1_125' title='bbox 689 1220 734 1255; x_wconf 79' lang='grc' dir='ltr'><em>Εἰ</em></span> <span class='ocrx_word' id='word_1_126' title='bbox 746 1233 771 1267; x_wconf 89' lang='grc' dir='ltr'>μ</span> <span class='ocrx_word' id='word_1_127' title='bbox 773 1217 794 1264; x_wconf 81' lang='grc' dir='ltr'>ὴ</span> <span class='ocrx_word' id='word_1_128' title='bbox 806 1217 872 1269; x_wconf 82' lang='grc' dir='ltr'><em>γὰρ</em></span> <span class='ocrx_word' id='word_1_129' title='bbox 885 1216 1121 1270; x_wconf 78' lang='grc' dir='ltr'>ἐκαθαίροντο,</span> 
     </span>
     <span class='ocr_line' id='line_1_18' title="bbox 102 1273 1119 1331; baseline -0.005 -12"><span class='ocrx_word' id='word_1_130' title='bbox 102 1297 164 1320; x_wconf 84' lang='grc' dir='ltr'><em>ουκ</em></span> <span class='ocrx_word' id='word_1_131' title='bbox 190 1297 229 1318; x_wconf 93' lang='grc' dir='ltr'><em>αν</em></span> <span class='ocrx_word' id='word_1_132' title='bbox 259 1280 298 1318; x_wconf 81' lang='grc' dir='ltr'><em>τὸ</em></span> <span class='ocrx_word' id='word_1_133' title='bbox 316 1281 497 1330; x_wconf 79' lang='grc' dir='ltr'>Πνευμα’</span> <span class='ocrx_word' id='word_1_134' title='bbox 483 1279 642 1331; x_wconf 78' lang='grc' dir='ltr'>εδέχοντο</span> <span class='ocrx_word' id='word_1_135' title='bbox 665 1273 773 1325; x_wconf 65' lang='grc' dir='ltr'>οὗτοι,</span> <span class='ocrx_word' id='word_1_136' title='bbox 795 1280 856 1315; x_wconf 73' lang='grc' dir='ltr'><em>οὐκ</em></span> <span class='ocrx_word' id='word_1_137' title='bbox 877 1277 915 1315; x_wconf 82' lang='grc' dir='ltr'><em>ἂν</em></span> <span class='ocrx_word' id='word_1_138' title='bbox 941 1276 1119 1329; x_wconf 72' lang='grc' dir='ltr'>χαρισμά-</span> 
     </span>
     <span class='ocr_line' id='line_1_19' title="bbox 101 1338 1122 1392; baseline -0.001 -14"><span class='ocrx_word' id='word_1_139' title='bbox 101 1357 171 1379; x_wconf 86' lang='grc' dir='ltr'>των</span> <span class='ocrx_word' id='word_1_140' title='bbox 189 1340 284 1384; x_wconf 81' lang='grc' dir='ltr'>εὐθυς</span> <span class='ocrx_word' id='word_1_141' title='bbox 301 1340 468 1387; x_wconf 80' lang='grc' dir='ltr'>ἦξιουντο.</span> <span class='ocrx_word' id='word_1_142' title='bbox 488 1340 589 1377; x_wconf 68' lang='lat' dir='ltr'><em>Kat‘</em></span> <span class='ocrx_word' id='word_1_143' title='bbox 577 1339 655 1392; x_wconf 67' lang='grc' dir='ltr'>ἄρα,</span> <span class='ocrx_word' id='word_1_144' title='bbox 673 1355 726 1377; x_wconf 91' lang='grc' dir='ltr'><em>οτι</em></span> <span class='ocrx_word' id='word_1_145' title='bbox 749 1340 926 1377; x_wconf 76' lang='grc' dir='ltr'>διπλοῦν</span> <span class='ocrx_word' id='word_1_146' title='bbox 917 1338 1122 1390; x_wconf 75' lang='grc' dir='ltr'>ὸχάρισμα</span> 
     </span>
     <span class='ocr_line' id='line_1_20' title="bbox 102 1393 1122 1452; baseline -0.003 -12.994"><span class='ocrx_word' id='word_1_147' title='bbox 102 1397 165 1450; x_wconf 71' lang='grc' dir='ltr'><em>ἦν,</em></span> <span class='ocrx_word' id='word_1_148' title='bbox 185 1418 245 1439; x_wconf 90' lang='grc' dir='ltr'><em>και</em></span> <span class='ocrx_word' id='word_1_149' title='bbox 259 1402 416 1452; x_wconf 72' lang='grc' dir='ltr'>γλῶσσαι</span> <span class='ocrx_word' id='word_1_150' title='bbox 432 1400 491 1438; x_wconf 81' lang='grc' dir='ltr'><em>καὶ</em></span> <span class='ocrx_word' id='word_1_151' title='bbox 519 1406 740 1452; x_wconf 71' lang='grc' dir='ltr'>προφητεῖαι.</span> <span class='ocrx_word' id='word_1_152' title='bbox 762 1400 888 1442; x_wconf 73' lang='grc' dir='ltr'>Καλῶς</span> <span class='ocrx_word' id='word_1_153' title='bbox 908 1398 943 1436; x_wconf 83' lang='grc' dir='ltr'><em>δὲ</em></span> <span class='ocrx_word' id='word_1_154' title='bbox 962 1393 1035 1437; x_wconf 68' lang='grc' dir='ltr'>εἶπε</span> <span class='ocrx_word' id='word_1_155' title='bbox 1054 1400 1122 1450; x_wconf 89' lang='grc' dir='ltr'><em>βά-</em></span> 
     </span>
     <span class='ocr_line' id='line_1_21' title="bbox 102 1461 1124 1513; baseline -0.002 -13"><span class='ocrx_word' id='word_1_156' title='bbox 102 1479 240 1513; x_wconf 86' lang='grc' dir='ltr'>πτισμα</span> <span class='ocrx_word' id='word_1_157' title='bbox 269 1462 452 1513; x_wconf 87' lang='grc' dir='ltr'>μετανοίας</span> <span class='ocrx_word' id='word_1_158' title='bbox 485 1462 525 1500; x_wconf 85' lang='grc' dir='ltr'><em>τὸ</em></span> <span class='ocrx_word' id='word_1_159' title='bbox 554 1461 741 1508; x_wconf 85' lang='grc' dir='ltr'>Ἰωάννου,</span> <span class='ocrx_word' id='word_1_160' title='bbox 775 1461 835 1499; x_wconf 76' lang='grc' dir='ltr'><em>καὶ</em></span> <span class='ocrx_word' id='word_1_161' title='bbox 863 1463 924 1499; x_wconf 78' lang='grc' dir='ltr'><em>οὐκ</em></span> <span class='ocrx_word' id='word_1_162' title='bbox 952 1461 1124 1513; x_wconf 68' lang='grc' dir='ltr'>ἀφέσεως,</span> 
     </span>
    </p>
   </div>
   <div class='ocr_carea' id='block_1_3' title="bbox 1180 311 2171 907">
    <p class='ocr_par' dir='ltr' id='par_1_3' title="bbox 1180 311 2171 907">
     <span class='ocr_line' id='line_1_22' title="bbox 1180 311 2160 367; baseline -0.003 -15"><span class='ocrx_word' id='word_1_163' title='bbox 1180 323 1212 352; x_wconf 84' lang='lat' dir='ltr'><em>et</em></span> <span class='ocrx_word' id='word_1_164' title='bbox 1235 314 1402 367; x_wconf 87' lang='lat' dir='ltr'><em>baptizati</em></span> <span class='ocrx_word' id='word_1_165' title='bbox 1421 323 1502 352; x_wconf 83' lang='lat' dir='ltr'><em>sunt</em></span> <span class='ocrx_word' id='word_1_166' title='bbox 1510 330 1521 364; x_wconf 78' lang='lat'>5</span> <span class='ocrx_word' id='word_1_167' title='bbox 1544 313 1603 352; x_wconf 87' lang='lat' dir='ltr'><em>sed</em></span> <span class='ocrx_word' id='word_1_168' title='bbox 1623 313 1728 351; x_wconf 74' lang='lat' dir='ltr'><em>ctiam</em></span> <span class='ocrx_word' id='word_1_169' title='bbox 1745 311 1930 364; x_wconf 83' lang='lat' dir='ltr'><em>baptizati,</em></span> <span class='ocrx_word' id='word_1_170' title='bbox 1952 312 2073 350; x_wconf 85' lang='lat' dir='ltr'><em>Jesum</em></span> <span class='ocrx_word' id='word_1_171' title='bbox 2091 325 2160 349; x_wconf 87' lang='lat' dir='ltr'><em>non</em></span> 
     </span>
     <span class='ocr_line' id='line_1_23' title="bbox 1181 372 2160 423; baseline -0.004 -11"><span class='ocrx_word' id='word_1_172' title='bbox 1181 375 1348 413; x_wconf 84' lang='lat' dir='ltr'><strong>sciebant.</strong></span> <span class='ocrx_word' id='word_1_173' title='bbox 1368 376 1442 412; x_wconf 90' lang='lat' dir='ltr'><em>Nec</em></span> <span class='ocrx_word' id='word_1_174' title='bbox 1469 373 1558 412; x_wconf 82' lang='lat' dir='ltr'><em>dicit</em></span> <span class='ocrx_word' id='word_1_175' title='bbox 1585 374 1654 423; x_wconf 90' lang='lat' dir='ltr'><em>eis,</em></span> <span class='ocrx_word' id='word_1_176' title='bbox 1681 372 1835 410; x_wconf 80' lang='lat' dir='ltr'>Creditis</span> <span class='ocrx_word' id='word_1_177' title='bbox 1860 372 1898 410; x_wconf 88' lang='lat' dir='ltr'><em>in</em></span> <span class='ocrx_word' id='word_1_178' title='bbox 1923 372 2072 411; x_wconf 72' lang='lat' dir='ltr'><em>Jesum?</em></span> <span class='ocrx_word' id='word_1_179' title='bbox 2098 372 2160 409; x_wconf 87' lang='lat' dir='ltr'><em>sed</em></span> 
     </span>
     <span class='ocr_line' id='line_1_24' title="bbox 1180 432 2162 486; baseline -0.002 -15"><span class='ocrx_word' id='word_1_180' title='bbox 1180 434 1292 484; x_wconf 77' lang='lat' dir='ltr'><em>quid?</em></span> <span class='ocrx_word' id='word_1_181' title='bbox 1310 435 1350 473; x_wconf 84' lang='lat' dir='ltr'><em>Si</em></span> <span class='ocrx_word' id='word_1_182' title='bbox 1376 435 1558 486; x_wconf 82' lang='lat' dir='ltr'><em>Spiritum</em></span> <span class='ocrx_word' id='word_1_183' title='bbox 1586 442 1761 472; x_wconf 79' lang='lat' dir='ltr'><em>sanctum</em></span> <span class='ocrx_word' id='word_1_184' title='bbox 1788 435 2013 484; x_wconf 80' lang='lat' dir='ltr'><em>accepistis?</em></span> <span class='ocrx_word' id='word_1_185' title='bbox 2030 432 2162 470; x_wconf 85' lang='lat' dir='ltr'><em>sciebat</em></span> 
     </span>
     <span class='ocr_line' id='line_1_25' title="bbox 1181 492 2163 545; baseline -0.002 -14"><span class='ocrx_word' id='word_1_186' title='bbox 1181 494 1275 531; x_wconf 89' lang='lat' dir='ltr'><em>enim</em></span> <span class='ocrx_word' id='word_1_187' title='bbox 1298 494 1393 545; x_wconf 89' lang='lat' dir='ltr'><em>quod</em></span> <span class='ocrx_word' id='word_1_188' title='bbox 1421 508 1490 532; x_wconf 91' lang='lat' dir='ltr'><em>non</em></span> <span class='ocrx_word' id='word_1_189' title='bbox 1512 494 1693 532; x_wconf 88' lang='lat' dir='ltr'><em>haberent.</em></span> <span class='ocrx_word' id='word_1_190' title='bbox 1717 494 1765 531; x_wconf 91' lang='lat' dir='ltr'><em>Et</em></span> <span class='ocrx_word' id='word_1_191' title='bbox 1784 493 1863 532; x_wconf 83' lang='lat' dir='ltr'><em>vult</em></span> <span class='ocrx_word' id='word_1_192' title='bbox 1881 493 1920 530; x_wconf 86' lang='lat' dir='ltr'><em>id</em></span> <span class='ocrx_word' id='word_1_193' title='bbox 1937 493 2018 530; x_wconf 84' lang='lat' dir='ltr'><em>illos</em></span> <span class='ocrx_word' id='word_1_194' title='bbox 2037 492 2163 539; x_wconf 85' lang='lat' dir='ltr'><strong>dicere,</strong></span> 
     </span>
     <span class='ocr_line' id='line_1_26' title="bbox 1182 552 2166 605; baseline -0.002 -15"><span class='ocrx_word' id='word_1_195' title='bbox 1182 563 1222 591; x_wconf 90' lang='lat' dir='ltr'><em>ut</em></span> <span class='ocrx_word' id='word_1_196' title='bbox 1238 554 1386 592; x_wconf 88' lang='lat' dir='ltr'><em>seientes</em></span> <span class='ocrx_word' id='word_1_197' title='bbox 1408 554 1496 605; x_wconf 86' lang='lat' dir='ltr'><em>quid</em></span> <span class='ocrx_word' id='word_1_198' title='bbox 1516 554 1583 592; x_wconf 87' lang='lat' dir='ltr'>sibi</span> <span class='ocrx_word' id='word_1_199' title='bbox 1602 554 1749 602; x_wconf 79' lang='lat' dir='ltr'><strong>deesset,</strong></span> <span class='ocrx_word' id='word_1_200' title='bbox 1769 552 1807 591; x_wconf 86' lang='lat' dir='ltr'><em>id</em></span> <span class='ocrx_word' id='word_1_201' title='bbox 1825 561 1994 605; x_wconf 86' lang='lat' dir='ltr'><em>peterent.</em></span> <span class='ocrx_word' id='word_1_202' title='bbox 2017 554 2071 590; x_wconf 83' lang='lat' dir='ltr'><em>Et</em></span> <span class='ocrx_word' id='word_1_203' title='bbox 2092 555 2166 589; x_wconf 85' lang='lat' dir='ltr'><em>im-</em></span> 
     </span>
     <span class='ocr_line' id='line_1_27' title="bbox 1181 613 2166 666; baseline -0.002 -15"><span class='ocrx_word' id='word_1_204' title='bbox 1181 623 1359 666; x_wconf 80' lang='lat' dir='ltr'><em>ponente,</em></span> <span class='ocrx_word' id='word_1_205' title='bbox 1384 615 1511 665; x_wconf 81' lang='lat' dir='ltr'><em>inquit,</em></span> <span class='ocrx_word' id='word_1_206' title='bbox 1531 616 1609 653; x_wconf 76' lang='lat' dir='ltr'><em>illis</em></span> <span class='ocrx_word' id='word_1_207' title='bbox 1629 615 1758 652; x_wconf 82' lang='lat' dir='ltr'><em>Paulo</em></span> <span class='ocrx_word' id='word_1_208' title='bbox 1780 627 1932 660; x_wconf 80' lang='lat' dir='ltr'><em>manus,</em></span> <span class='ocrx_word' id='word_1_209' title='bbox 1955 616 2064 651; x_wconf 81' lang='lat' dir='ltr'><em>venit</em></span> <span class='ocrx_word' id='word_1_210' title='bbox 2084 613 2166 663; x_wconf 86' lang='lat' dir='ltr'><em>Spi-</em></span> 
     </span>
     <span class='ocr_line' id='line_1_28' title="bbox 1184 675 2166 727; baseline -0.002 -15"><span class='ocrx_word' id='word_1_211' title='bbox 1184 679 1282 714; x_wconf 79' lang='lat' dir='ltr'><em>ritus</em></span> <span class='ocrx_word' id='word_1_212' title='bbox 1297 685 1454 714; x_wconf 81' lang='lat' dir='ltr'><em>sanctus</em></span> <span class='ocrx_word' id='word_1_213' title='bbox 1471 690 1584 727; x_wconf 80' lang='lat' dir='ltr'><em>super·</em></span> <span class='ocrx_word' id='word_1_214' title='bbox 1601 689 1676 722; x_wconf 84' lang='lat' dir='ltr'><em>eos,</em></span> <span class='ocrx_word' id='word_1_215' title='bbox 1697 684 1733 712; x_wconf 91' lang='lat' dir='ltr'><em>et</em></span> <span class='ocrx_word' id='word_1_216' title='bbox 1756 676 2011 727; x_wconf 80' lang='lat' dir='ltr'><em>loquebantur</em></span> <span class='ocrx_word' id='word_1_217' title='bbox 2026 675 2166 725; x_wconf 79' lang='lat' dir='ltr'><em>linguis</em></span> 
     </span>
     <span class='ocr_line' id='line_1_29' title="bbox 1186 735 2167 788; baseline -0.002 -15"><span class='ocrx_word' id='word_1_218' title='bbox 1186 744 1223 773; x_wconf 82' lang='lat' dir='ltr'><em>et</em></span> <span class='ocrx_word' id='word_1_219' title='bbox 1240 738 1534 788; x_wconf 82' lang='lat' dir='ltr'><em>prophetabant.</em></span> <span class='ocrx_word' id='word_1_220' title='bbox 1555 736 1612 772; x_wconf 89' lang='lat' dir='ltr'><em>Ab</em></span> <span class='ocrx_word' id='word_1_221' title='bbox 1637 736 1714 786; x_wconf 89' lang='lat' dir='ltr'><em>ipso</em></span> <span class='ocrx_word' id='word_1_222' title='bbox 1737 735 1915 786; x_wconf 86' lang='lat' dir='ltr'><em>baptismo</em></span> <span class='ocrx_word' id='word_1_223' title='bbox 1942 735 2167 786; x_wconf 88' lang='lat' dir='ltr'><em>prophetant·</em></span> 
     </span>
     <span class='ocr_line' id='line_1_30' title="bbox 1187 795 2170 846; baseline 0 -13"><span class='ocrx_word' id='word_1_224' title='bbox 1187 796 1267 833; x_wconf 88' lang='lat' dir='ltr'><em>Hoc</em></span> <span class='ocrx_word' id='word_1_225' title='bbox 1291 805 1408 833; x_wconf 89' lang='lat' dir='ltr'><em>autem</em></span> <span class='ocrx_word' id='word_1_226' title='bbox 1425 795 1570 834; x_wconf 89' lang='lat' dir='ltr'><em>Joannis</em></span> <span class='ocrx_word' id='word_1_227' title='bbox 1594 795 1770 846; x_wconf 87' lang='lat' dir='ltr'><em>baptisma</em></span> <span class='ocrx_word' id='word_1_228' title='bbox 1789 809 1859 832; x_wconf 90' lang='lat' dir='ltr'><em>non</em></span> <span class='ocrx_word' id='word_1_229' title='bbox 1883 795 2052 843; x_wconf 86' lang='lat' dir='ltr'><em>habebat;</em></span> <span class='ocrx_word' id='word_1_230' title='bbox 2073 795 2170 833; x_wconf 88' lang='lat' dir='ltr'><em>ideo-</em></span> 
     </span>
     <span class='ocr_line' id='line_1_31' title="bbox 1188 854 2171 907; baseline 0.001 -15"><span class='ocrx_word' id='word_1_231' title='bbox 1188 869 1255 905; x_wconf 89' lang='lat' dir='ltr'><em>que</em></span> <span class='ocrx_word' id='word_1_232' title='bbox 1269 856 1514 907; x_wconf 83' lang='lat' dir='ltr'><em>imperfectum</em></span> <span class='ocrx_word' id='word_1_233' title='bbox 1533 863 1619 892; x_wconf 87' lang='lat' dir='ltr'><em>erat.</em></span> <span class='ocrx_word' id='word_1_234' title='bbox 1632 856 1682 892; x_wconf 91' lang='lat' dir='ltr'><em>Ut</em></span> <span class='ocrx_word' id='word_1_235' title='bbox 1695 868 1801 905; x_wconf 81' lang='lat' dir='ltr'><em>porro</em></span> <span class='ocrx_word' id='word_1_236' title='bbox 1815 855 1873 891; x_wconf 87' lang='lat' dir='ltr'><em>his</em></span> <span class='ocrx_word' id='word_1_237' title='bbox 1885 854 1985 905; x_wconf 84' lang='lat' dir='ltr'>digni</span> <span class='ocrx_word' id='word_1_238' title='bbox 2001 855 2171 893; x_wconf 85' lang='lat' dir='ltr'><em>haberen-</em></span> 
     </span>
    </p>
   </div>
   <div class='ocr_carea' id='block_1_4' title="bbox 1142 913 2172 966">
    <p class='ocr_par' dir='ltr' id='par_1_4' title="bbox 1142 913 2172 966">
     <span class='ocr_line' id='line_1_32' title="bbox 1142 913 2172 966; baseline 0.002 -16"><span class='ocrx_word' id='word_1_239' title='bbox 1142 922 1166 949; x_wconf 93' lang='lat' dir='ltr'>D</span> <span class='ocrx_word' id='word_1_240' title='bbox 1188 923 1262 962; x_wconf 92' lang='lat' dir='ltr'><em>tur,</em></span> <span class='ocrx_word' id='word_1_241' title='bbox 1284 913 1501 966; x_wconf 80' lang='lat' dir='ltr'><em>praeparavit</em></span> <span class='ocrx_word' id='word_1_242' title='bbox 1519 914 1612 951; x_wconf 85' lang='lat' dir='ltr'><em>illos.</em></span> <span class='ocrx_word' id='word_1_243' title='bbox 1632 913 1756 963; x_wconf 84' lang='lat' dir='ltr'><em>Itaque</em></span> <span class='ocrx_word' id='word_1_244' title='bbox 1772 913 1840 950; x_wconf 89' lang='lat' dir='ltr'><em>hoc</em></span> <span class='ocrx_word' id='word_1_245' title='bbox 1859 914 2003 951; x_wconf 70' lang='lat' dir='ltr'><em>volebat</em></span> <span class='ocrx_word' id='word_1_246' title='bbox 2022 916 2172 952; x_wconf 82' lang='lat' dir='ltr'><em>Joannes</em></span> 
     </span>
    </p>
   </div>
   <div class='ocr_carea' id='block_1_5' title="bbox 1190 973 2183 1511">
    <p class='ocr_par' dir='ltr' id='par_1_5' title="bbox 1190 973 2183 1511">
     <span class='ocr_line' id='line_1_33' title="bbox 1190 973 2175 1026; baseline -0.001 -14"><span class='ocrx_word' id='word_1_247' title='bbox 1190 988 1272 1012; x_wconf 90' lang='lat' dir='ltr'><em>cum</em></span> <span class='ocrx_word' id='word_1_248' title='bbox 1301 974 1516 1026; x_wconf 86' lang='lat' dir='ltr'><em>baptizabat,</em></span> <span class='ocrx_word' id='word_1_249' title='bbox 1539 982 1577 1010; x_wconf 89' lang='lat' dir='ltr'><em>ut</em></span> <span class='ocrx_word' id='word_1_250' title='bbox 1602 973 1783 1011; x_wconf 79' lang='lat' dir='ltr'><em>crederent</em></span> <span class='ocrx_word' id='word_1_251' title='bbox 1808 973 1846 1010; x_wconf 92' lang='lat' dir='ltr'><em>in</em></span> <span class='ocrx_word' id='word_1_252' title='bbox 1872 982 2065 1010; x_wconf 73' lang='lat' dir='ltr'><em>venturum</em></span> <span class='ocrx_word' id='word_1_253' title='bbox 2095 984 2175 1025; x_wconf 88' lang='lat' dir='ltr'><em>post</em></span> 
     </span>
     <span class='ocr_line' id='line_1_34' title="bbox 1191 1033 2176 1087; baseline -0.002 -15"><span class='ocrx_word' id='word_1_254' title='bbox 1191 1035 1321 1087; x_wconf 89' lang='lat' dir='ltr'><em>ipsum.</em></span> <span class='ocrx_word' id='word_1_255' title='bbox 1337 1035 1429 1072; x_wconf 90' lang='lat' dir='ltr'><em>Hinc</em></span> <span class='ocrx_word' id='word_1_256' title='bbox 1442 1034 1640 1073; x_wconf 84' lang='lat' dir='ltr'><em>ostenditur</em></span> <span class='ocrx_word' id='word_1_257' title='bbox 1658 1047 1827 1085; x_wconf 85' lang='lat' dir='ltr'><em>magnum</em></span> <span class='ocrx_word' id='word_1_258' title='bbox 1842 1033 1988 1084; x_wconf 80' lang='lat' dir='ltr'><em>dogma,</em></span> <span class='ocrx_word' id='word_1_259' title='bbox 2006 1033 2102 1084; x_wconf 86' lang='lat' dir='ltr'><em>quod</em></span> <span class='ocrx_word' id='word_1_260' title='bbox 2114 1035 2176 1084; x_wconf 85' lang='lat' dir='ltr'><em>qui</em></span> 
     </span>
     <span class='ocr_line' id='line_1_35' title="bbox 1190 1093 2178 1147; baseline -0.003 -15"><span class='ocrx_word' id='word_1_261' title='bbox 1190 1094 1429 1147; x_wconf 78' lang='lat' dir='ltr'><em>baptizantur,</em></span> <span class='ocrx_word' id='word_1_262' title='bbox 1448 1095 1602 1147; x_wconf 81' lang='lat' dir='ltr'><em>perfecte</em></span> <span class='ocrx_word' id='word_1_263' title='bbox 1632 1108 1652 1131; x_wconf 92' lang='lat' dir='ltr'><em>a</em></span> <span class='ocrx_word' id='word_1_264' title='bbox 1680 1093 1834 1145; x_wconf 85' lang='lat' dir='ltr'><em>peccatis</em></span> <span class='ocrx_word' id='word_1_265' title='bbox 1862 1102 2069 1145; x_wconf 81' lang='lat' dir='ltr'><em>purgentur.</em></span> <span class='ocrx_word' id='word_1_266' title='bbox 2100 1093 2178 1131; x_wconf 81' lang='lat' dir='ltr'><em>Nisi</em></span> 
     </span>
     <span class='ocr_line' id='line_1_36' title="bbox 1193 1154 2178 1207; baseline -0.004 -13"><span class='ocrx_word' id='word_1_267' title='bbox 1193 1156 1287 1194; x_wconf 91' lang='lat' dir='ltr'><em>enim</em></span> <span class='ocrx_word' id='word_1_268' title='bbox 1316 1165 1567 1207; x_wconf 82' lang='lat' dir='ltr'><em>purgarentur,</em></span> <span class='ocrx_word' id='word_1_269' title='bbox 1589 1154 1767 1207; x_wconf 82' lang='lat' dir='ltr'><em>Spiritum</em></span> <span class='ocrx_word' id='word_1_270' title='bbox 1788 1167 1857 1191; x_wconf 91' lang='lat' dir='ltr'><em>non</em></span> <span class='ocrx_word' id='word_1_271' title='bbox 1877 1154 2088 1205; x_wconf 73' lang='lat' dir='ltr'><em>acciperent,</em></span> <span class='ocrx_word' id='word_1_272' title='bbox 2109 1168 2178 1191; x_wconf 87' lang='lat' dir='ltr'><em>non</em></span> 
     </span>
     <span class='ocr_line' id='line_1_37' title="bbox 1193 1214 2180 1266; baseline -0.003 -12"><span class='ocrx_word' id='word_1_273' title='bbox 1193 1216 1312 1255; x_wconf 87' lang='lat' dir='ltr'><em>statim</em></span> <span class='ocrx_word' id='word_1_274' title='bbox 1337 1216 1610 1254; x_wconf 81' lang='lat' dir='ltr'><em>charismatibus</em></span> <span class='ocrx_word' id='word_1_275' title='bbox 1636 1214 1881 1266; x_wconf 82' lang='lat' dir='ltr'><em>dignarentur,</em></span> <span class='ocrx_word' id='word_1_276' title='bbox 1899 1214 1953 1251; x_wconf 88' lang='lat' dir='ltr'><em>Et</em></span> <span class='ocrx_word' id='word_1_277' title='bbox 1977 1214 2061 1252; x_wconf 85' lang='lat' dir='ltr'><em>vide</em></span> <span class='ocrx_word' id='word_1_278' title='bbox 2084 1214 2180 1264; x_wconf 90' lang='lat' dir='ltr'><em>quod</em></span> 
     </span>
     <span class='ocr_line' id='line_1_38' title="bbox 1192 1274 2181 1329; baseline -0.004 -15"><span class='ocrx_word' id='word_1_279' title='bbox 1192 1276 1329 1329; x_wconf 77' lang='lat' dir='ltr'><em>duplex</em></span> <span class='ocrx_word' id='word_1_280' title='bbox 1347 1285 1431 1314; x_wconf 85' lang='lat' dir='ltr'><em>tunc</em></span> <span class='ocrx_word' id='word_1_281' title='bbox 1459 1275 1634 1314; x_wconf 79' lang='lat' dir='ltr'><em>charisma</em></span> <span class='ocrx_word' id='word_1_282' title='bbox 1654 1275 1729 1313; x_wconf 87' lang='lat' dir='ltr'><em>sive</em></span> <span class='ocrx_word' id='word_1_283' title='bbox 1754 1274 1890 1312; x_wconf 86' lang='lat' dir='ltr'><em>donum</em></span> <span class='ocrx_word' id='word_1_284' title='bbox 1911 1274 2031 1321; x_wconf 85' lang='lat' dir='ltr'><em>fuerit,</em></span> <span class='ocrx_word' id='word_1_285' title='bbox 2052 1283 2086 1311; x_wconf 87' lang='lat' dir='ltr'><em>et</em></span> <span class='ocrx_word' id='word_1_286' title='bbox 2113 1274 2181 1311; x_wconf 85' lang='lat' dir='ltr'><em>lin-</em></span> 
     </span>
     <span class='ocr_line' id='line_1_39' title="bbox 1194 1335 2182 1389; baseline -0.003 -14"><span class='ocrx_word' id='word_1_287' title='bbox 1194 1352 1272 1389; x_wconf 81' lang='lat' dir='ltr'><em>guae</em></span> <span class='ocrx_word' id='word_1_288' title='bbox 1300 1346 1334 1375; x_wconf 91' lang='lat' dir='ltr'><em>et</em></span> <span class='ocrx_word' id='word_1_289' title='bbox 1366 1337 1571 1389; x_wconf 77' lang='lat' dir='ltr'><em>prophetiae.</em></span> <span class='ocrx_word' id='word_1_290' title='bbox 1596 1338 1704 1374; x_wconf 80' lang='lat' dir='ltr'><em>Recte</em></span> <span class='ocrx_word' id='word_1_291' title='bbox 1738 1345 1856 1374; x_wconf 86' lang='lat' dir='ltr'><em>autem</em></span> <span class='ocrx_word' id='word_1_292' title='bbox 1882 1335 1977 1373; x_wconf 83' lang='lat' dir='ltr'><em>dixit</em></span> <span class='ocrx_word' id='word_1_293' title='bbox 2004 1335 2182 1387; x_wconf 84' lang='lat' dir='ltr'><em>baptisma</em></span> 
     </span>
     <span class='ocr_line' id='line_1_40' title="bbox 1194 1396 2179 1450; baseline -0.005 -14"><span class='ocrx_word' id='word_1_294' title='bbox 1194 1397 1339 1437; x_wconf 83' lang='lat' dir='ltr'><em>Joannis</em></span> <span class='ocrx_word' id='word_1_295' title='bbox 1362 1397 1574 1450; x_wconf 86' lang='lat' dir='ltr'><em>poenitentiae</em></span> <span class='ocrx_word' id='word_1_296' title='bbox 1600 1411 1686 1445; x_wconf 90' lang='lat' dir='ltr'><em>esse,</em></span> <span class='ocrx_word' id='word_1_297' title='bbox 1704 1411 1774 1434; x_wconf 92' lang='lat' dir='ltr'><em>non</em></span> <span class='ocrx_word' id='word_1_298' title='bbox 1798 1405 1916 1434; x_wconf 88' lang='lat' dir='ltr'><em>autem</em></span> <span class='ocrx_word' id='word_1_299' title='bbox 1938 1396 2153 1434; x_wconf 85' lang='lat' dir='ltr'><em>remissionis</em></span> <span class='ocrx_word' id='word_1_300' title='bbox 2172 1411 2179 1431; x_wconf 91' lang='lat'><strong>:</strong></span> 
     </span>
     <span class='ocr_line' id='line_1_41' title="bbox 1194 1456 2183 1511; baseline -0.004 -14"><span class='ocrx_word' id='word_1_301' title='bbox 1194 1459 1331 1511; x_wconf 83' lang='lat' dir='ltr'><em>erigens</em></span> <span class='ocrx_word' id='word_1_302' title='bbox 1354 1459 1436 1496; x_wconf 91' lang='lat' dir='ltr'><em>illos</em></span> <span class='ocrx_word' id='word_1_303' title='bbox 1462 1457 1681 1509; x_wconf 81' lang='lat' dir='ltr'><em>suadensque</em></span> <span class='ocrx_word' id='word_1_304' title='bbox 1707 1457 1770 1506; x_wconf 89' lang='lat' dir='ltr'><em>eis,</em></span> <span class='ocrx_word' id='word_1_305' title='bbox 1796 1457 1863 1495; x_wconf 86' lang='lat' dir='ltr'><em>hoc</em></span> <span class='ocrx_word' id='word_1_306' title='bbox 1895 1471 2048 1496; x_wconf 84' lang='lat' dir='ltr'><em>vacuum</em></span> <span class='ocrx_word' id='word_1_307' title='bbox 2076 1456 2183 1494; x_wconf 87' lang='lat' dir='ltr'><em>fuisse</em></span> 
     </span>
    </p>
   </div>
   <div class='ocr_carea' id='block_1_6' title="bbox 105 1517 2181 1594">
    <p class='ocr_par' dir='ltr' id='par_1_6' title="bbox 105 1517 2181 1594">
     <span class='ocr_line' id='line_1_42' title="bbox 105 1517 2181 1594; baseline -0.002 -33"><span class='ocrx_word' id='word_1_308' title='bbox 105 1523 242 1573; x_wconf 87' lang='grc' dir='ltr'>ἀνάγων</span> <span class='ocrx_word' id='word_1_309' title='bbox 272 1522 392 1566; x_wconf 80' lang='grc' dir='ltr'>αὐτους</span> <span class='ocrx_word' id='word_1_310' title='bbox 426 1523 485 1560; x_wconf 85' lang='grc' dir='ltr'><em>καὶ</em></span> <span class='ocrx_word' id='word_1_311' title='bbox 514 1522 657 1568; x_wconf 82' lang='grc' dir='ltr'>πείθων,</span> <span class='ocrx_word' id='word_1_312' title='bbox 689 1522 742 1560; x_wconf 77' lang='grc' dir='ltr'><em>ὅτι</em></span> <span class='ocrx_word' id='word_1_313' title='bbox 768 1522 887 1560; x_wconf 80' lang='grc' dir='ltr'>τούτου</span> <span class='ocrx_word' id='word_1_314' title='bbox 924 1521 1053 1594; x_wconf 77' lang='grc' dir='ltr'>ἔρημον</span> <span class='ocrx_word' id='word_1_315' title='bbox 1081 1526 1122 1568; x_wconf 81' lang='grc' dir='ltr'><em>ἠν</em></span> <span class='ocrx_word' id='word_1_316' title='bbox 1146 1525 1171 1555; x_wconf 89' lang='grc' dir='ltr'>Ε</span> <span class='ocrx_word' id='word_1_317' title='bbox 1193 1519 1414 1571; x_wconf 86' lang='lat' dir='ltr'><em>baptismum</em></span> <span class='ocrx_word' id='word_1_318' title='bbox 1450 1518 1587 1556; x_wconf 88' lang='lat' dir='ltr'><em>illum:</em></span> <span class='ocrx_word' id='word_1_319' title='bbox 1619 1532 1701 1555; x_wconf 84' lang='lat' dir='ltr'><em>nam</em></span> <span class='ocrx_word' id='word_1_320' title='bbox 1734 1517 1910 1570; x_wconf 85' lang='lat' dir='ltr'><em>posterius</em></span> <span class='ocrx_word' id='word_1_321' title='bbox 1947 1517 2023 1555; x_wconf 84' lang='lat' dir='ltr'><em>dati</em></span> <span class='ocrx_word' id='word_1_322' title='bbox 2063 1519 2181 1571; x_wconf 85' lang='lat' dir='ltr'><em>bapti-</em></span> 
     </span>
    </p>
   </div>
   <div class='ocr_carea' id='block_1_7' title="bbox 105 1583 1129 2239">
    <p class='ocr_par' dir='ltr' id='par_1_7' title="bbox 105 1583 1129 2239">
     <span class='ocr_line' id='line_1_43' title="bbox 105 1583 1124 1635; baseline -0.001 -14"><span class='ocrx_word' id='word_1_323' title='bbox 105 1585 240 1621; x_wconf 81' lang='grc' dir='ltr'>ἐκεῖνο·</span> <span class='ocrx_word' id='word_1_324' title='bbox 260 1599 320 1621; x_wconf 88' lang='grc' dir='ltr'><em>του</em></span> <span class='ocrx_word' id='word_1_325' title='bbox 340 1583 406 1635; x_wconf 78' lang='grc' dir='ltr'><em>γὰρ</em></span> <span class='ocrx_word' id='word_1_326' title='bbox 424 1599 564 1634; x_wconf 88' lang='grc' dir='ltr'>υστερον</span> <span class='ocrx_word' id='word_1_327' title='bbox 588 1583 777 1626; x_wconf 81' lang='grc' dir='ltr'>δοθεντος”</span> <span class='ocrx_word' id='word_1_328' title='bbox 760 1599 856 1634; x_wconf 87' lang='grc' dir='ltr'>εργον</span> <span class='ocrx_word' id='word_1_329' title='bbox 879 1585 900 1628; x_wconf 80' lang='grc' dir='ltr'>ἡ</span> <span class='ocrx_word' id='word_1_330' title='bbox 927 1583 1047 1635; x_wconf 75' lang='grc' dir='ltr'>ἄφεσις</span> <span class='ocrx_word' id='word_1_331' title='bbox 1065 1583 1124 1633; x_wconf 83' lang='grc' dir='ltr'>γε’-</span> 
     </span>
     <span class='ocr_line' id='line_1_44' title="bbox 105 1643 1124 1693; baseline -0.001 -12"><span class='ocrx_word' id='word_1_332' title='bbox 105 1659 195 1693; x_wconf 87' lang='grc' dir='ltr'>γονε.</span> <span class='ocrx_word' id='word_1_333' title='bbox 218 1644 286 1681; x_wconf 76' lang='grc' dir='ltr'><em>Καὶ</em></span> <span class='ocrx_word' id='word_1_334' title='bbox 305 1647 379 1686; x_wconf 78' lang='grc' dir='ltr'><em>πῶς</em></span> <span class='ocrx_word' id='word_1_335' title='bbox 401 1646 431 1681; x_wconf 79' lang='grc' dir='ltr'><em>οἱ</em></span> <span class='ocrx_word' id='word_1_336' title='bbox 449 1643 614 1686; x_wconf 64' lang='grc' dir='ltr'>λαδόντες</span> <span class='ocrx_word' id='word_1_337' title='bbox 628 1643 667 1681; x_wconf 81' lang='grc' dir='ltr'><em>τὸ</em></span> <span class='ocrx_word' id='word_1_338' title='bbox 687 1645 835 1693; x_wconf 75' lang='grc' dir='ltr'>Πνεῦμα</span> <span class='ocrx_word' id='word_1_339' title='bbox 851 1644 913 1680; x_wconf 80' lang='grc' dir='ltr'><em>οὐκ</em></span> <span class='ocrx_word' id='word_1_340' title='bbox 933 1643 1124 1690; x_wconf 80' lang='grc' dir='ltr'>ἐδίδασκον,</span> 
     </span>
     <span class='ocr_line' id='line_1_45' title="bbox 107 1702 1126 1754; baseline 0 -13"><span class='ocrx_word' id='word_1_341' title='bbox 107 1706 185 1741; x_wconf 81' lang='grc' dir='ltr'>ἀλλ’</span> <span class='ocrx_word' id='word_1_342' title='bbox 213 1703 390 1746; x_wconf 79' lang='grc' dir='ltr'>Ἀπολλὼς</span> <span class='ocrx_word' id='word_1_343' title='bbox 419 1704 525 1754; x_wconf 72' lang='grc' dir='ltr'>μήπω</span> <span class='ocrx_word' id='word_1_344' title='bbox 551 1703 589 1741; x_wconf 84' lang='grc' dir='ltr'><em>τὸ</em></span> <span class='ocrx_word' id='word_1_345' title='bbox 609 1705 757 1753; x_wconf 78' lang='grc' dir='ltr'>Πνεῦμα</span> <span class='ocrx_word' id='word_1_346' title='bbox 787 1702 924 1750; x_wconf 45' lang='lat' dir='ltr'><em>&gt;rafidim</em></span> <span class='ocrx_word' id='word_1_347' title='bbox 951 1703 1034 1741; x_wconf 69' lang='grc' dir='ltr'>’Ότι</span> <span class='ocrx_word' id='word_1_348' title='bbox 1067 1705 1126 1741; x_wconf 79' lang='grc' dir='ltr'><em>οὐκ</em></span> 
     </span>
     <span class='ocr_line' id='line_1_46' title="bbox 107 1758 1126 1815; baseline -0.002 -13"><span class='ocrx_word' id='word_1_349' title='bbox 107 1758 196 1809; x_wconf 66' lang='grc' dir='ltr'>ἦσαν</span> <span class='ocrx_word' id='word_1_350' title='bbox 228 1764 315 1802; x_wconf 79' lang='grc' dir='ltr'>οὕτω</span> <span class='ocrx_word' id='word_1_351' title='bbox 349 1764 499 1811; x_wconf 81' lang='grc' dir='ltr'>ζέοντες,</span> <span class='ocrx_word' id='word_1_352' title='bbox 532 1764 609 1802; x_wconf 77' lang='grc' dir='ltr'>οὐδὲ</span> <span class='ocrx_word' id='word_1_353' title='bbox 640 1763 904 1815; x_wconf 76' lang='grc' dir='ltr'>κατηχημένοι·</span> <span class='ocrx_word' id='word_1_354' title='bbox 937 1766 1063 1806; x_wconf 77' lang='grc' dir='ltr'>ἐκεῖνος</span> <span class='ocrx_word' id='word_1_355' title='bbox 1091 1763 1126 1801; x_wconf 79' lang='grc' dir='ltr'><em>δὲ</em></span> 
     </span>
     <span class='ocr_line' id='line_1_47' title="bbox 105 1819 1126 1876; baseline 0 -14"><span class='ocrx_word' id='word_1_356' title='bbox 105 1825 164 1862; x_wconf 79' lang='grc' dir='ltr'><em>καὶ</em></span> <span class='ocrx_word' id='word_1_357' title='bbox 184 1824 427 1876; x_wconf 72' lang='grc' dir='ltr'>κατηχημένος</span> <span class='ocrx_word' id='word_1_358' title='bbox 446 1819 506 1870; x_wconf 61' lang='grc' dir='ltr'><em>ἦν,</em></span> <span class='ocrx_word' id='word_1_359' title='bbox 529 1824 588 1862; x_wconf 78' lang='grc' dir='ltr'><em>καὶ</em></span> <span class='ocrx_word' id='word_1_360' title='bbox 609 1824 741 1876; x_wconf 71' lang='grc' dir='ltr'>σφόδρα</span> <span class='ocrx_word' id='word_1_361' title='bbox 767 1825 862 1868; x_wconf 86' lang='grc' dir='ltr'>ζέων.</span> <span class='ocrx_word' id='word_1_362' title='bbox 884 1824 988 1875; x_wconf 81' lang='grc' dir='ltr'>Ἐμοὶ</span> <span class='ocrx_word' id='word_1_363' title='bbox 1010 1824 1044 1863; x_wconf 75' lang='grc' dir='ltr'><em>δὲ</em></span> <span class='ocrx_word' id='word_1_364' title='bbox 1067 1826 1126 1862; x_wconf 90' lang='grc' dir='ltr'><em>δο-</em></span> 
     </span>
     <span class='ocr_line' id='line_1_48' title="bbox 105 1879 1124 1937; baseline 0 -15"><span class='ocrx_word' id='word_1_365' title='bbox 105 1890 176 1932; x_wconf 83' lang='grc' dir='ltr'>κεῖ,</span> <span class='ocrx_word' id='word_1_366' title='bbox 195 1884 248 1923; x_wconf 75' lang='grc' dir='ltr'><em>ὅτι</em></span> <span class='ocrx_word' id='word_1_367' title='bbox 276 1885 336 1922; x_wconf 82' lang='grc' dir='ltr'><em>καὶ</em></span> <span class='ocrx_word' id='word_1_368' title='bbox 354 1885 466 1931; x_wconf 82' lang='grc' dir='ltr'>πολλὴ</span> <span class='ocrx_word' id='word_1_369' title='bbox 491 1879 532 1929; x_wconf 62' lang='grc' dir='ltr'><em>ἦν</em></span> <span class='ocrx_word' id='word_1_370' title='bbox 552 1887 572 1931; x_wconf 74' lang='grc' dir='ltr'>ἡ</span> <span class='ocrx_word' id='word_1_371' title='bbox 593 1884 774 1936; x_wconf 71' lang='grc' dir='ltr'>παρρησία</span> <span class='ocrx_word' id='word_1_372' title='bbox 798 1889 857 1923; x_wconf 73' lang='grc' dir='ltr'><em>τοῦ</em></span> <span class='ocrx_word' id='word_1_373' title='bbox 882 1884 1014 1937; x_wconf 81' lang='grc' dir='ltr'>ἀνδρός.</span> <span class='ocrx_word' id='word_1_374' title='bbox 1032 1885 1124 1923; x_wconf 84' lang='grc' dir='ltr'>Ἀλλ’</span> 
     </span>
     <span class='ocr_line' id='line_1_49' title="bbox 105 1945 1128 1997; baseline 0 -14"><span class='ocrx_word' id='word_1_375' title='bbox 105 1947 134 1983; x_wconf 81' lang='grc' dir='ltr'><em>εἰ</em></span> <span class='ocrx_word' id='word_1_376' title='bbox 167 1945 227 1983; x_wconf 78' lang='grc' dir='ltr'><em>καὶ</em></span> <span class='ocrx_word' id='word_1_377' title='bbox 259 1945 412 1997; x_wconf 65' lang='grc' dir='ltr'>ἀκριὸῶς</span> <span class='ocrx_word' id='word_1_378' title='bbox 442 1945 559 1983; x_wconf 81' lang='grc' dir='ltr'>ἐλάλει</span> <span class='ocrx_word' id='word_1_379' title='bbox 586 1945 630 1983; x_wconf 75' lang='grc' dir='ltr'><em>τὰ</em></span> <span class='ocrx_word' id='word_1_380' title='bbox 668 1945 748 1997; x_wconf 78' lang='grc' dir='ltr'>περὶ</span> <span class='ocrx_word' id='word_1_381' title='bbox 776 1949 836 1982; x_wconf 74' lang='grc' dir='ltr'><em>τοῦ</em></span> <span class='ocrx_word' id='word_1_382' title='bbox 865 1945 1001 1993; x_wconf 70' lang='grc' dir='ltr'>Ἰησοῦ,</span> <span class='ocrx_word' id='word_1_383' title='bbox 1032 1945 1128 1995; x_wconf 78' lang='grc' dir='ltr'>ὅμως</span> 
     </span>
     <span class='ocr_line' id='line_1_50' title="bbox 105 2004 1127 2058; baseline 0.002 -16"><span class='ocrx_word' id='word_1_384' title='bbox 105 2006 215 2043; x_wconf 81' lang='grc' dir='ltr'>ἐδεῖτο</span> <span class='ocrx_word' id='word_1_385' title='bbox 230 2004 280 2042; x_wconf 83' lang='grc' dir='ltr'><em>ἔτι</em></span> <span class='ocrx_word' id='word_1_386' title='bbox 295 2005 544 2058; x_wconf 62' lang='grc' dir='ltr'>ἀκριέεστέρας</span> <span class='ocrx_word' id='word_1_387' title='bbox 561 2005 796 2048; x_wconf 77' lang='grc' dir='ltr'>διδασκαλίας.</span> <span class='ocrx_word' id='word_1_388' title='bbox 817 2004 922 2043; x_wconf 75' lang='grc' dir='ltr'>Οὕτω</span> <span class='ocrx_word' id='word_1_389' title='bbox 938 2005 1051 2043; x_wconf 82' lang='grc' dir='ltr'>καίτοι</span> <span class='ocrx_word' id='word_1_390' title='bbox 1066 2008 1127 2044; x_wconf 79' lang='grc' dir='ltr'><em>οὐκ</em></span> 
     </span>
     <span class='ocr_line' id='line_1_51' title="bbox 107 2065 1128 2118; baseline 0.001 -14"><span class='ocrx_word' id='word_1_391' title='bbox 107 2065 205 2109; x_wconf 76' lang='grc' dir='ltr'>εἰδὼς</span> <span class='ocrx_word' id='word_1_392' title='bbox 239 2066 374 2114; x_wconf 88' lang='grc' dir='ltr'>πάντα,</span> <span class='ocrx_word' id='word_1_393' title='bbox 406 2066 474 2104; x_wconf 81' lang='grc' dir='ltr'><em>ἀπὸ</em></span> <span class='ocrx_word' id='word_1_394' title='bbox 507 2070 568 2113; x_wconf 71' lang='grc' dir='ltr'><em>τῆς</em></span> <span class='ocrx_word' id='word_1_395' title='bbox 609 2066 803 2118; x_wconf 81' lang='grc' dir='ltr'>προθυμίας</span> <span class='ocrx_word' id='word_1_396' title='bbox 836 2066 1059 2105; x_wconf 76' lang='grc' dir='ltr'>ἐπεσπάσατο</span> <span class='ocrx_word' id='word_1_397' title='bbox 1089 2068 1128 2106; x_wconf 82' lang='grc' dir='ltr'><em>τὸ</em></span> 
     </span>
     <span class='ocr_line' id='line_1_52' title="bbox 106 2127 1129 2179; baseline 0 -14"><span class='ocrx_word' id='word_1_398' title='bbox 106 2129 253 2176; x_wconf 72' lang='grc' dir='ltr'>Πνεῦμα</span> <span class='ocrx_word' id='word_1_399' title='bbox 272 2127 311 2164; x_wconf 84' lang='grc' dir='ltr'><em>τὸ</em></span> <span class='ocrx_word' id='word_1_400' title='bbox 332 2127 448 2177; x_wconf 82' lang='grc' dir='ltr'>ἅγιον,</span> <span class='ocrx_word' id='word_1_401' title='bbox 469 2127 626 2179; x_wconf 83' lang='grc' dir='ltr'>καθάπερ</span> <span class='ocrx_word' id='word_1_402' title='bbox 646 2129 676 2164; x_wconf 85' lang='grc' dir='ltr'><em>οἱ</em></span> <span class='ocrx_word' id='word_1_403' title='bbox 695 2127 776 2178; x_wconf 76' lang='grc' dir='ltr'>περὶ</span> <span class='ocrx_word' id='word_1_404' title='bbox 796 2128 998 2178; x_wconf 74' lang='grc' dir='ltr'>Κορνήλιον.</span> <span class='ocrx_word' id='word_1_405' title='bbox 1022 2127 1129 2179; x_wconf 75' lang='grc' dir='ltr'>Τάχα</span> 
     </span>
     <span class='ocr_line' id='line_1_53' title="bbox 107 2182 1129 2239; baseline -0.001 -13"><span class='ocrx_word' id='word_1_406' title='bbox 107 2187 231 2226; x_wconf 79' lang='grc' dir='ltr'>πολλοὶ</span> <span class='ocrx_word' id='word_1_407' title='bbox 261 2192 443 2234; x_wconf 76' lang='grc' dir='ltr'>ποθοῦσιν,</span> <span class='ocrx_word' id='word_1_408' title='bbox 465 2190 494 2225; x_wconf 86' lang='grc' dir='ltr'><em>εἰ</em></span> <span class='ocrx_word' id='word_1_409' title='bbox 521 2187 580 2225; x_wconf 82' lang='grc' dir='ltr'><em>καὶ</em></span> <span class='ocrx_word' id='word_1_410' title='bbox 605 2192 661 2225; x_wconf 83' lang='grc' dir='ltr'>ν’ῦν</span> <span class='ocrx_word' id='word_1_411' title='bbox 679 2182 720 2234; x_wconf 66' lang='grc' dir='ltr'><em>ἦν</em></span> <span class='ocrx_word' id='word_1_412' title='bbox 739 2187 778 2225; x_wconf 85' lang='grc' dir='ltr'><em>τὸ</em></span> <span class='ocrx_word' id='word_1_413' title='bbox 796 2192 856 2225; x_wconf 72' lang='grc' dir='ltr'><em>τοῦ</em></span> <span class='ocrx_word' id='word_1_414' title='bbox 877 2187 1039 2226; x_wconf 77' lang='grc' dir='ltr'>Ἰωάννου</span> <span class='ocrx_word' id='word_1_415' title='bbox 1061 2188 1129 2239; x_wconf 87' lang='grc' dir='ltr'><em>βά-</em></span> 
     </span>
    </p>
   </div>
   <div class='ocr_carea' id='block_1_8' title="bbox 108 2245 2188 2301">
    <p class='ocr_par' dir='ltr' id='par_1_8' title="bbox 108 2245 2188 2301">
     <span class='ocr_line' id='line_1_54' title="bbox 108 2245 2188 2301; baseline -0.001 -16"><span class='ocrx_word' id='word_1_416' title='bbox 108 2263 257 2298; x_wconf 86' lang='grc' dir='ltr'>πτισμα.</span> <span class='ocrx_word' id='word_1_417' title='bbox 279 2247 383 2286; x_wconf 78' lang='grc' dir='ltr'>Ἀλλὰ</span> <span class='ocrx_word' id='word_1_418' title='bbox 401 2248 524 2286; x_wconf 84' lang='grc' dir='ltr'>πολλοὶ</span> <span class='ocrx_word' id='word_1_419' title='bbox 556 2248 595 2285; x_wconf 80' lang='grc' dir='ltr'><em>ἂν</em></span> <span class='ocrx_word' id='word_1_420' title='bbox 626 2247 806 2298; x_wconf 72' lang='grc' dir='ltr'>ἠμέλησαν</span> <span class='ocrx_word' id='word_1_421' title='bbox 839 2247 913 2298; x_wconf 89' lang='grc' dir='ltr'>βίου</span> <span class='ocrx_word' id='word_1_422' title='bbox 932 2247 1190 2301; x_wconf 58' lang='grc' dir='ltr'>ᾱέναρέτου,505</span> <span class='ocrx_word' id='word_1_423' title='bbox 1200 2245 1355 2298; x_wconf 70' lang='lat' dir='ltr'><em>ptismal</em></span> <span class='ocrx_word' id='word_1_424' title='bbox 1380 2247 1427 2283; x_wconf 82' lang='lat' dir='ltr'><em>At</em></span> <span class='ocrx_word' id='word_1_425' title='bbox 1455 2246 1561 2283; x_wconf 84' lang='lat' dir='ltr'><em>multi</em></span> <span class='ocrx_word' id='word_1_426' title='bbox 1586 2245 1756 2285; x_wconf 85' lang='lat' dir='ltr'><em>virtutem</em></span> <span class='ocrx_word' id='word_1_427' title='bbox 1782 2245 2017 2296; x_wconf 71' lang='lat' dir='ltr'><em>negligerent,</em></span> <span class='ocrx_word' id='word_1_428' title='bbox 2036 2254 2070 2283; x_wconf 84' lang='lat' dir='ltr'><em>et</em></span> <span class='ocrx_word' id='word_1_429' title='bbox 2100 2246 2188 2283; x_wconf 81' lang='lat' dir='ltr'><em>forte</em></span> 
     </span>
    </p>
   </div>
   <div class='ocr_carea' id='block_1_9' title="bbox 1196 1578 2382 2173">
    <p class='ocr_par' dir='ltr' id='par_1_9' title="bbox 1196 1578 2382 2173">
     <span class='ocr_line' id='line_1_55' title="bbox 1196 1578 2186 1632; baseline 0 -15"><span class='ocrx_word' id='word_1_430' title='bbox 1196 1580 1264 1618; x_wconf 91' lang='lat' dir='ltr'><em>smi</em></span> <span class='ocrx_word' id='word_1_431' title='bbox 1293 1594 1383 1632; x_wconf 89' lang='lat' dir='ltr'><em>opus</em></span> <span class='ocrx_word' id='word_1_432' title='bbox 1415 1588 1487 1617; x_wconf 87' lang='lat' dir='ltr'><em>erat</em></span> <span class='ocrx_word' id='word_1_433' title='bbox 1515 1578 1676 1617; x_wconf 87' lang='lat' dir='ltr'><em>remissio</em></span> <span class='ocrx_word' id='word_1_434' title='bbox 1704 1578 1780 1617; x_wconf 77' lang='lat' dir='ltr'><em>illa.</em></span> <span class='ocrx_word' id='word_1_435' title='bbox 1820 1578 1868 1616; x_wconf 88' lang='lat' dir='ltr'><em>Et</em></span> <span class='ocrx_word' id='word_1_436' title='bbox 1896 1579 2078 1629; x_wconf 86' lang='lat' dir='ltr'><em>quomodo</em></span> <span class='ocrx_word' id='word_1_437' title='bbox 2121 1581 2186 1630; x_wconf 87' lang='lat' dir='ltr'><em>qui</em></span> 
     </span>
     <span class='ocr_line' id='line_1_56' title="bbox 1197 1638 2185 1693; baseline -0.001 -14"><span class='ocrx_word' id='word_1_438' title='bbox 1197 1641 1372 1693; x_wconf 88' lang='lat' dir='ltr'><em>Spiritum</em></span> <span class='ocrx_word' id='word_1_439' title='bbox 1395 1649 1603 1692; x_wconf 86' lang='lat' dir='ltr'><em>acceperant</em></span> <span class='ocrx_word' id='word_1_440' title='bbox 1627 1653 1697 1677; x_wconf 90' lang='lat' dir='ltr'><em>non</em></span> <span class='ocrx_word' id='word_1_441' title='bbox 1727 1638 1913 1688; x_wconf 82' lang='lat' dir='ltr'><em>docebant,</em></span> <span class='ocrx_word' id='word_1_442' title='bbox 1935 1653 2015 1677; x_wconf 89' lang='lat' dir='ltr'><em>cum</em></span> <span class='ocrx_word' id='word_1_443' title='bbox 2044 1640 2185 1692; x_wconf 76' lang='lat' dir='ltr'><em>Apolio,</em></span> 
     </span>
     <span class='ocr_line' id='line_1_57' title="bbox 1197 1699 2187 1752; baseline -0.001 -14"><span class='ocrx_word' id='word_1_444' title='bbox 1197 1701 1258 1752; x_wconf 88' lang='lat' dir='ltr'><em>qni</em></span> <span class='ocrx_word' id='word_1_445' title='bbox 1286 1700 1445 1738; x_wconf 90' lang='lat' dir='ltr'><em>nondum</em></span> <span class='ocrx_word' id='word_1_446' title='bbox 1469 1709 1664 1751; x_wconf 83' lang='lat' dir='ltr'><em>acceperat,</em></span> <span class='ocrx_word' id='word_1_447' title='bbox 1685 1699 1851 1737; x_wconf 75' lang='lat' dir='ltr'><em>doceret?</em></span> <span class='ocrx_word' id='word_1_448' title='bbox 1871 1699 1966 1746; x_wconf 86' lang='lat' dir='ltr'><em>Quia</em></span> <span class='ocrx_word' id='word_1_449' title='bbox 1993 1714 2062 1738; x_wconf 90' lang='lat' dir='ltr'><em>non</em></span> <span class='ocrx_word' id='word_1_450' title='bbox 2088 1710 2187 1737; x_wconf 87' lang='lat' dir='ltr'><em>erant</em></span> 
     </span>
     <span class='ocr_line' id='line_1_58' title="bbox 1198 1760 2186 1810; baseline -0.003 -11"><span class='ocrx_word' id='word_1_451' title='bbox 1198 1762 1245 1800; x_wconf 88' lang='lat' dir='ltr'><em>ita</em></span> <span class='ocrx_word' id='word_1_452' title='bbox 1272 1762 1470 1810; x_wconf 85' lang='lat' dir='ltr'><em>ferventes,</em></span> <span class='ocrx_word' id='word_1_453' title='bbox 1506 1775 1569 1798; x_wconf 82' lang='lat' dir='ltr'><em>nec</em></span> <span class='ocrx_word' id='word_1_454' title='bbox 1601 1760 1754 1797; x_wconf 83' lang='lat' dir='ltr'><em>instituti</em></span> <span class='ocrx_word' id='word_1_455' title='bbox 1776 1760 1865 1798; x_wconf 87' lang='lat' dir='ltr'><em>:ille</em></span> <span class='ocrx_word' id='word_1_456' title='bbox 1906 1774 1989 1798; x_wconf 87' lang='lat' dir='ltr'><em>vero</em></span> <span class='ocrx_word' id='word_1_457' title='bbox 2028 1769 2062 1797; x_wconf 84' lang='lat' dir='ltr'><em>et</em></span> <span class='ocrx_word' id='word_1_458' title='bbox 2086 1760 2186 1797; x_wconf 87' lang='lat' dir='ltr'><em>insti-</em></span> 
     </span>
     <span class='ocr_line' id='line_1_59' title="bbox 1197 1819 2179 1870; baseline -0.003 -10"><span class='ocrx_word' id='word_1_459' title='bbox 1197 1831 1295 1860; x_wconf 89' lang='lat' dir='ltr'><em>tutus</em></span> <span class='ocrx_word' id='word_1_460' title='bbox 1331 1831 1426 1870; x_wconf 88' lang='lat' dir='ltr'><em>erat,</em></span> <span class='ocrx_word' id='word_1_461' title='bbox 1455 1830 1491 1858; x_wconf 90' lang='lat' dir='ltr'><em>et</em></span> <span class='ocrx_word' id='word_1_462' title='bbox 1518 1819 1715 1858; x_wconf 90' lang='lat' dir='ltr'><em>admodum</em></span> <span class='ocrx_word' id='word_1_463' title='bbox 1745 1821 1895 1859; x_wconf 85' lang='lat' dir='ltr'><em>fervens.</em></span> <span class='ocrx_word' id='word_1_464' title='bbox 1929 1820 2024 1858; x_wconf 86' lang='lat' dir='ltr'><em>Mihi</em></span> <span class='ocrx_word' id='word_1_465' title='bbox 2061 1829 2179 1857; x_wconf 85' lang='lat' dir='ltr'><em>autem</em></span> 
     </span>
     <span class='ocr_line' id='line_1_60' title="bbox 1197 1880 2186 1921; baseline -0.003 -1"><span class='ocrx_word' id='word_1_466' title='bbox 1197 1881 1340 1921; x_wconf 87' lang='lat' dir='ltr'><em>videtur</em></span> <span class='ocrx_word' id='word_1_467' title='bbox 1369 1881 1519 1919; x_wconf 88' lang='lat' dir='ltr'><em>multam</em></span> <span class='ocrx_word' id='word_1_468' title='bbox 1550 1881 1588 1918; x_wconf 92' lang='lat' dir='ltr'><em>in</em></span> <span class='ocrx_word' id='word_1_469' title='bbox 1620 1881 1699 1919; x_wconf 72' lang='lat' dir='ltr'><em>viro</em></span> <span class='ocrx_word' id='word_1_470' title='bbox 1730 1880 1837 1918; x_wconf 89' lang='lat' dir='ltr'><em>fuisse</em></span> <span class='ocrx_word' id='word_1_471' title='bbox 1864 1880 2006 1918; x_wconf 85' lang='lat' dir='ltr'><em>dicendi</em></span> <span class='ocrx_word' id='word_1_472' title='bbox 2035 1881 2186 1918; x_wconf 83' lang='lat' dir='ltr'><em>liberta—</em></span> 
     </span>
     <span class='ocr_line' id='line_1_61' title="bbox 1198 1941 2186 1991; baseline -0.003 -10"><span class='ocrx_word' id='word_1_473' title='bbox 1198 1952 1279 1981; x_wconf 91' lang='lat' dir='ltr'><em>tem.</em></span> <span class='ocrx_word' id='word_1_474' title='bbox 1306 1942 1378 1981; x_wconf 83' lang='lat' dir='ltr'><em>Sed</em></span> <span class='ocrx_word' id='word_1_475' title='bbox 1406 1942 1468 1980; x_wconf 88' lang='lat' dir='ltr'><em>etsi</em></span> <span class='ocrx_word' id='word_1_476' title='bbox 1502 1950 1662 1979; x_wconf 84' lang='lat' dir='ltr'><em>accurate</em></span> <span class='ocrx_word' id='word_1_477' title='bbox 1690 1941 1896 1991; x_wconf 86' lang='lat' dir='ltr'><em>loqueretur</em></span> <span class='ocrx_word' id='word_1_478' title='bbox 1924 1941 1968 1979; x_wconf 88' lang='lat' dir='ltr'><em>de</em></span> <span class='ocrx_word' id='word_1_479' title='bbox 1996 1943 2102 1990; x_wconf 76' lang='lat' dir='ltr'><em>JeSU,</em></span> <span class='ocrx_word' id='word_1_480' title='bbox 2129 1955 2186 1978; x_wconf 89' lang='lat' dir='ltr'><em>ac-</em></span> 
     </span>
     <span class='ocr_line' id='line_1_62' title="bbox 1199 2001 2186 2054; baseline -0.003 -13"><span class='ocrx_word' id='word_1_481' title='bbox 1199 2003 1373 2042; x_wconf 86' lang='lat' dir='ltr'><em>curatiore</em></span> <span class='ocrx_word' id='word_1_482' title='bbox 1401 2012 1518 2041; x_wconf 87' lang='lat' dir='ltr'><em>tamen</em></span> <span class='ocrx_word' id='word_1_483' title='bbox 1543 2002 1706 2040; x_wconf 84' lang='lat' dir='ltr'><em>doctrina</em></span> <span class='ocrx_word' id='word_1_484' title='bbox 1727 2016 1817 2054; x_wconf 90' lang='lat' dir='ltr'><em>opus</em></span> <span class='ocrx_word' id='word_1_485' title='bbox 1836 2002 1991 2040; x_wconf 88' lang='lat' dir='ltr'><em>habebat</em></span> <span class='ocrx_word' id='word_1_486' title='bbox 2011 2019 2019 2038; x_wconf 76' lang='lat' dir='ltr'><em>z</em></span> <span class='ocrx_word' id='word_1_487' title='bbox 2042 2002 2092 2040; x_wconf 90' lang='lat' dir='ltr'><em>sic</em></span> <span class='ocrx_word' id='word_1_488' title='bbox 2122 2001 2186 2039; x_wconf 83' lang='lat' dir='ltr'><em>etsi</em></span> 
     </span>
     <span class='ocr_line' id='line_1_63' title="bbox 1198 2062 2182 2114; baseline -0.004 -12"><span class='ocrx_word' id='word_1_489' title='bbox 1198 2078 1268 2102; x_wconf 91' lang='lat' dir='ltr'><em>non</em></span> <span class='ocrx_word' id='word_1_490' title='bbox 1294 2063 1412 2102; x_wconf 88' lang='lat' dir='ltr'><em>omnia</em></span> <span class='ocrx_word' id='word_1_491' title='bbox 1442 2063 1570 2112; x_wconf 81' lang='lat' dir='ltr'><em>scilet,</em></span> <span class='ocrx_word' id='word_1_492' title='bbox 1592 2077 1636 2100; x_wconf 81' lang='lat' dir='ltr'><em>ex</em></span> <span class='ocrx_word' id='word_1_493' title='bbox 1657 2063 1796 2101; x_wconf 74' lang='lat' dir='ltr'><em>fervore</em></span> <span class='ocrx_word' id='word_1_494' title='bbox 1824 2063 2023 2100; x_wconf 74' lang='lat' dir='ltr'><em>attrahebat</em></span> <span class='ocrx_word' id='word_1_495' title='bbox 2061 2062 2182 2114; x_wconf 89' lang='lat' dir='ltr'><em>Spiri-</em></span> 
     </span>
     <span class='ocr_line' id='line_1_64' title="bbox 1198 2122 2382 2173; baseline -0.003 -12"><span class='ocrx_word' id='word_1_496' title='bbox 1198 2133 1276 2162; x_wconf 89' lang='lat' dir='ltr'><em>tum</em></span> <span class='ocrx_word' id='word_1_497' title='bbox 1302 2133 1526 2173; x_wconf 87' lang='lat' dir='ltr'><em>sanctum,ut</em></span> <span class='ocrx_word' id='word_1_498' title='bbox 1547 2123 1652 2161; x_wconf 89' lang='lat' dir='ltr'><em>etiam</em></span> <span class='ocrx_word' id='word_1_499' title='bbox 1683 2123 1879 2161; x_wconf 85' lang='lat' dir='ltr'><em>Cornelius.</em></span> <span class='ocrx_word' id='word_1_500' title='bbox 1899 2124 2058 2160; x_wconf 80' lang='lat' dir='ltr'><em>Feltasse</em></span> <span class='ocrx_word' id='word_1_501' title='bbox 2079 2122 2207 2160; x_wconf 86' lang='lat' dir='ltr'><em>multi</em></span> <span class='ocrx_word' id='word_1_502' title='bbox 2261 2126 2382 2154; x_wconf 66' lang='lat' dir='ltr'><em>meis</em></span> 
     </span>
    </p>
   </div>
   <div class='ocr_carea' id='block_1_10' title="bbox 1199 2166 2340 2246">
    <p class='ocr_par' dir='ltr' id='par_1_10' title="bbox 1199 2166 2340 2246">
     <span class='ocr_line' id='line_1_65' title="bbox 1199 2166 2340 2246; baseline -0.002 -24"><span class='ocrx_word' id='word_1_503' title='bbox 1199 2184 1413 2233; x_wconf 86' lang='lat' dir='ltr'><em>desiderant,</em></span> <span class='ocrx_word' id='word_1_504' title='bbox 1428 2184 1565 2222; x_wconf 88' lang='lat' dir='ltr'><em>utinam</em></span> <span class='ocrx_word' id='word_1_505' title='bbox 1592 2183 1698 2221; x_wconf 88' lang='lat' dir='ltr'><em>etiam</em></span> <span class='ocrx_word' id='word_1_506' title='bbox 1723 2197 1817 2222; x_wconf 88' lang='lat' dir='ltr'><em>nunc</em></span> <span class='ocrx_word' id='word_1_507' title='bbox 1839 2192 1929 2221; x_wconf 88' lang='lat' dir='ltr'><em>esset</em></span> <span class='ocrx_word' id='word_1_508' title='bbox 1952 2183 2097 2222; x_wconf 70' lang='lat' dir='ltr'><em>,Joannis</em></span> <span class='ocrx_word' id='word_1_509' title='bbox 2118 2184 2185 2221; x_wconf 87' lang='lat' dir='ltr'><em>ba-</em></span> <span class='ocrx_word' id='word_1_510' title='bbox 2199 2166 2340 2246; x_wconf 40' lang='lat' dir='ltr'><em>lqlzp‘il&#39;sw</em></span> 
     </span>
    </p>
   </div>
   <div class='ocr_carea' id='block_1_11' title="bbox 108 2306 2189 2360">
    <p class='ocr_par' dir='ltr' id='par_1_11' title="bbox 108 2306 2189 2360">
     <span class='ocr_line' id='line_1_66' title="bbox 108 2306 2189 2360; baseline -0.001 -15"><span class='ocrx_word' id='word_1_511' title='bbox 108 2308 130 2354; x_wconf 78' lang='grc' dir='ltr'>ἢ</span> <span class='ocrx_word' id='word_1_512' title='bbox 160 2308 220 2345; x_wconf 80' lang='grc' dir='ltr'><em>καὶ</em></span> <span class='ocrx_word' id='word_1_513' title='bbox 242 2308 404 2358; x_wconf 81' lang='grc' dir='ltr'>ἐνομίσθη</span> <span class='ocrx_word' id='word_1_514' title='bbox 423 2308 462 2345; x_wconf 83' lang='grc' dir='ltr'><em>ἂν</em></span> <span class='ocrx_word' id='word_1_515' title='bbox 480 2308 622 2351; x_wconf 80' lang='grc' dir='ltr'>ἕκαστος</span> <span class='ocrx_word' id='word_1_516' title='bbox 642 2307 698 2344; x_wconf 83' lang='grc' dir='ltr'><em>διὰ</em></span> <span class='ocrx_word' id='word_1_517' title='bbox 716 2312 837 2353; x_wconf 76' lang='grc' dir='ltr'>τοῦτο,</span> <span class='ocrx_word' id='word_1_518' title='bbox 858 2308 917 2346; x_wconf 80' lang='grc' dir='ltr'><em>καὶ</em></span> <span class='ocrx_word' id='word_1_519' title='bbox 936 2309 973 2346; x_wconf 80' lang='grc' dir='ltr'><em>οὐ</em></span> <span class='ocrx_word' id='word_1_520' title='bbox 993 2308 1048 2347; x_wconf 84' lang='grc' dir='ltr'><em>διὰ</em></span> <span class='ocrx_word' id='word_1_521' title='bbox 1069 2312 1130 2360; x_wconf 77' lang='grc' dir='ltr'><em>βα·</em></span> <span class='ocrx_word' id='word_1_522' title='bbox 1155 2312 1180 2340; x_wconf 90' lang='grc' dir='ltr'>Α</span> <span class='ocrx_word' id='word_1_523' title='bbox 1207 2306 1406 2344; x_wconf 77' lang='lat' dir='ltr'><em>crederetur</em></span> <span class='ocrx_word' id='word_1_524' title='bbox 1435 2306 1592 2357; x_wconf 83' lang='lat' dir='ltr'><em>singulos</em></span> <span class='ocrx_word' id='word_1_525' title='bbox 1617 2315 1761 2358; x_wconf 84' lang='lat' dir='ltr'><em>propter</em></span> <span class='ocrx_word' id='word_1_526' title='bbox 1773 2306 1855 2354; x_wconf 92' lang='lat' dir='ltr'><em>hoc,</em></span> <span class='ocrx_word' id='word_1_527' title='bbox 1874 2320 1943 2344; x_wconf 90' lang='lat' dir='ltr'><em>non</em></span> <span class='ocrx_word' id='word_1_528' title='bbox 1974 2315 2119 2359; x_wconf 86' lang='lat' dir='ltr'><em>propter</em></span> <span class='ocrx_word' id='word_1_529' title='bbox 2135 2320 2189 2343; x_wconf 88' lang='lat' dir='ltr'><em>re-</em></span> 
     </span>
    </p>
   </div>
   <div class='ocr_carea' id='block_1_12' title="bbox 109 2367 1141 3266">
    <p class='ocr_par' dir='ltr' id='par_1_12' title="bbox 109 2367 1141 3266">
     <span class='ocr_line' id='line_1_67' title="bbox 111 2367 1128 2420; baseline 0.002 -14"><span class='ocrx_word' id='word_1_530' title='bbox 111 2368 242 2406; x_wconf 87' lang='grc' dir='ltr'>σιλείαν</span> <span class='ocrx_word' id='word_1_531' title='bbox 259 2370 409 2420; x_wconf 82' lang='grc' dir='ltr'>οὐρανῶν</span> <span class='ocrx_word' id='word_1_532' title='bbox 430 2369 585 2420; x_wconf 70' lang='grc' dir='ltr'>ἐφίεσθαι</span> <span class='ocrx_word' id='word_1_533' title='bbox 604 2372 666 2414; x_wconf 73' lang='grc' dir='ltr'><em>τῆς</em></span> <span class='ocrx_word' id='word_1_534' title='bbox 689 2371 827 2420; x_wconf 67' lang='grc' dir='ltr'>ἀρετῆς.</span> <span class='ocrx_word' id='word_1_535' title='bbox 843 2367 974 2413; x_wconf 82' lang='grc' dir='ltr'>Ἄλλως</span> <span class='ocrx_word' id='word_1_536' title='bbox 994 2370 1029 2407; x_wconf 81' lang='grc' dir='ltr'><em>δὲ</em></span> <span class='ocrx_word' id='word_1_537' title='bbox 1045 2373 1128 2408; x_wconf 87' lang='grc' dir='ltr'>πολ-</span> 
     </span>
     <span class='ocr_line' id='line_1_68' title="bbox 109 2427 1131 2481; baseline 0.004 -15"><span class='ocrx_word' id='word_1_538' title='bbox 109 2429 163 2467; x_wconf 79' lang='grc' dir='ltr'><em>λοὶ</em></span> <span class='ocrx_word' id='word_1_539' title='bbox 182 2430 221 2467; x_wconf 82' lang='grc' dir='ltr'><em>ἂν</em></span> <span class='ocrx_word' id='word_1_540' title='bbox 244 2429 398 2479; x_wconf 81' lang='grc' dir='ltr'>ἐγένοντο</span> <span class='ocrx_word' id='word_1_541' title='bbox 413 2427 714 2481; x_wconf 63' lang='grc' dir='ltr'>ψευδοπροφῆτειι,</span> <span class='ocrx_word' id='word_1_542' title='bbox 733 2429 792 2466; x_wconf 82' lang='grc' dir='ltr'><em>καὶ</em></span> <span class='ocrx_word' id='word_1_543' title='bbox 811 2430 873 2467; x_wconf 78' lang='grc' dir='ltr'><em>οὐκ</em></span> <span class='ocrx_word' id='word_1_544' title='bbox 891 2429 930 2466; x_wconf 81' lang='grc' dir='ltr'><em>ἂν</em></span> <span class='ocrx_word' id='word_1_545' title='bbox 959 2430 1079 2469; x_wconf 77' lang='grc' dir='ltr'>λοιπὸν</span> <span class='ocrx_word' id='word_1_546' title='bbox 1101 2434 1131 2470; x_wconf 82' lang='grc' dir='ltr'><em>οἵ</em></span> 
     </span>
     <span class='ocr_line' id='line_1_69' title="bbox 110 2489 1132 2543; baseline 0.004 -17"><span class='ocrx_word' id='word_1_547' title='bbox 110 2489 248 2540; x_wconf 84' lang='grc' dir='ltr'>δόκιμοι</span> <span class='ocrx_word' id='word_1_548' title='bbox 268 2490 401 2542; x_wconf 67' lang='grc' dir='ltr'>σφόδρα</span> <span class='ocrx_word' id='word_1_549' title='bbox 421 2489 595 2541; x_wconf 76' lang='grc' dir='ltr'>ἐφάνησαν</span> <span class='ocrx_word' id='word_1_550' title='bbox 609 2519 618 2537; x_wconf 93' lang='grc'><em>,</em></span> <span class='ocrx_word' id='word_1_551' title='bbox 637 2489 749 2527; x_wconf 77' lang='grc' dir='ltr'>οὐδ’</span> <span class='ocrx_word' id='word_1_552' title='bbox 733 2505 772 2526; x_wconf 91' lang='grc' dir='ltr'><em>αν</em></span> <span class='ocrx_word' id='word_1_553' title='bbox 800 2490 1083 2543; x_wconf 82' lang='grc' dir='ltr'>εμακαρίσθησαν</span> <span class='ocrx_word' id='word_1_554' title='bbox 1102 2494 1132 2530; x_wconf 80' lang='grc' dir='ltr'><em>οἱ</em></span> 
     </span>
     <span class='ocr_line' id='line_1_70' title="bbox 111 2549 1131 2603; baseline 0.002 -17"><span class='ocrx_word' id='word_1_555' title='bbox 111 2549 174 2595; x_wconf 74' lang='grc' dir='ltr'><em>τὴν</em></span> <span class='ocrx_word' id='word_1_556' title='bbox 191 2549 307 2586; x_wconf 87' lang='grc' dir='ltr'>πίστιν</span> <span class='ocrx_word' id='word_1_557' title='bbox 326 2550 444 2593; x_wconf 83' lang='grc' dir='ltr'>ἁπλῶς</span> <span class='ocrx_word' id='word_1_558' title='bbox 471 2549 758 2602; x_wconf 83' lang='grc' dir='ltr'>παραδεξάμενοι.</span> <span class='ocrx_word' id='word_1_559' title='bbox 780 2549 917 2603; x_wconf 48' lang='grc' dir='ltr'>(Ὠσπερ</span> <span class='ocrx_word' id='word_1_560' title='bbox 938 2555 996 2588; x_wconf 81' lang='grc' dir='ltr'><em>οὐν</em></span> <span class='ocrx_word' id='word_1_561' title='bbox 1015 2553 1061 2590; x_wconf 82' lang='grc' dir='ltr'><em>Οἱ</em></span> <span class='ocrx_word' id='word_1_562' title='bbox 1082 2550 1131 2602; x_wconf 87' lang='grc' dir='ltr'><em>μὴ</em></span> 
     </span>
     <span class='ocr_line' id='line_1_71' title="bbox 113 2609 1134 2664; baseline 0.002 -17"><span class='ocrx_word' id='word_1_563' title='bbox 113 2609 239 2652; x_wconf 80' lang='grc' dir='ltr'>ἰδόντες</span> <span class='ocrx_word' id='word_1_564' title='bbox 271 2609 330 2648; x_wconf 77' lang='grc' dir='ltr'><em>καὶ</em></span> <span class='ocrx_word' id='word_1_565' title='bbox 361 2610 607 2653; x_wconf 75' lang='grc' dir='ltr'>πιστεύσαντες</span> <span class='ocrx_word' id='word_1_566' title='bbox 636 2610 823 2663; x_wconf 82' lang='grc' dir='ltr'>μακάριοι,</span> <span class='ocrx_word' id='word_1_567' title='bbox 848 2627 955 2654; x_wconf 89' lang='grc' dir='ltr'>ουτως</span> <span class='ocrx_word' id='word_1_568' title='bbox 977 2628 1007 2650; x_wconf 90' lang='grc' dir='ltr'><em>οι</em></span> <span class='ocrx_word' id='word_1_569' title='bbox 1026 2628 1134 2664; x_wconf 76' lang='grc' dir='ltr'>χωρις</span> 
     </span>
     <span class='ocr_line' id='line_1_72' title="bbox 114 2669 1133 2721; baseline 0.003 -14"><span class='ocrx_word' id='word_1_570' title='bbox 114 2670 268 2720; x_wconf 84' lang='grc' dir='ltr'>σημείων</span> <span class='ocrx_word' id='word_1_571' title='bbox 298 2669 530 2713; x_wconf 70' lang='grc' dir='ltr'>πιστεύοντες.</span> <span class='ocrx_word' id='word_1_572' title='bbox 564 2671 654 2709; x_wconf 81' lang='grc' dir='ltr'>Εἰπὲ</span> <span class='ocrx_word' id='word_1_573' title='bbox 686 2671 726 2717; x_wconf 84' lang='grc' dir='ltr'><em>δή</em></span> <span class='ocrx_word' id='word_1_574' title='bbox 755 2687 831 2721; x_wconf 87' lang='grc' dir='ltr'>μοι,</span> <span class='ocrx_word' id='word_1_575' title='bbox 865 2674 926 2710; x_wconf 77' lang='grc' dir='ltr'><em>οὐκ</em></span> <span class='ocrx_word' id='word_1_576' title='bbox 960 2673 1133 2716; x_wconf 80' lang='grc' dir='ltr'>ὀνειδίζων</span> 
     </span>
     <span class='ocr_line' id='line_1_73' title="bbox 113 2730 1135 2783; baseline 0.002 -15"><span class='ocrx_word' id='word_1_577' title='bbox 113 2731 291 2774; x_wconf 84' lang='grc' dir='ltr'>Ἰουδαίοις</span> <span class='ocrx_word' id='word_1_578' title='bbox 311 2730 428 2782; x_wconf 81' lang='grc' dir='ltr'>ἔλεγεν</span> <span class='ocrx_word' id='word_1_579' title='bbox 453 2733 470 2768; x_wconf 86' lang='grc' dir='ltr'>ὃ</span> <span class='ocrx_word' id='word_1_580' title='bbox 496 2730 664 2783; x_wconf 85' lang='grc' dir='ltr'>Χριστός·</span> <span class='ocrx_word' id='word_1_581' title='bbox 687 2730 774 2769; x_wconf 78' lang='grc' dir='ltr'><em>Ἐὰν</em></span> <span class='ocrx_word' id='word_1_582' title='bbox 795 2731 843 2781; x_wconf 80' lang='grc' dir='ltr'><em>μὴ</em></span> <span class='ocrx_word' id='word_1_583' title='bbox 865 2738 994 2782; x_wconf 87' lang='grc' dir='ltr'>σημεῖα</span> <span class='ocrx_word' id='word_1_584' title='bbox 1021 2732 1135 2780; x_wconf 85' lang='grc' dir='ltr'>ἴδητε,</span> 
     </span>
     <span class='ocr_line' id='line_1_74' title="bbox 114 2791 1137 2844; baseline 0.002 -15"><span class='ocrx_word' id='word_1_585' title='bbox 114 2794 151 2829; x_wconf 82' lang='grc' dir='ltr'><em>οὐ</em></span> <span class='ocrx_word' id='word_1_586' title='bbox 182 2793 230 2842; x_wconf 81' lang='grc' dir='ltr'><em>μὴ</em></span> <span class='ocrx_word' id='word_1_587' title='bbox 260 2791 480 2837; x_wconf 72' lang='grc' dir='ltr'>πιστεύσετε,</span> <span class='ocrx_word' id='word_1_588' title='bbox 509 2794 643 2830; x_wconf 74' lang='grc' dir='ltr'>Οὐκοῦν</span> <span class='ocrx_word' id='word_1_589' title='bbox 668 2792 762 2829; x_wconf 78' lang='grc' dir='ltr'>οὐδὲν</span> <span class='ocrx_word' id='word_1_590' title='bbox 789 2793 1082 2844; x_wconf 62' lang='grc' dir='ltr'>παρεέλάὸημεν,</span> <span class='ocrx_word' id='word_1_591' title='bbox 1108 2796 1137 2831; x_wconf 85' lang='grc' dir='ltr'><em>εἷ</em></span> 
     </span>
     <span class='ocr_line' id='line_1_75' title="bbox 115 2851 1137 2906; baseline 0.004 -18"><span class='ocrx_word' id='word_1_592' title='bbox 115 2851 272 2900; x_wconf 86' lang='grc' dir='ltr'>θέλοιμεν</span> <span class='ocrx_word' id='word_1_593' title='bbox 300 2851 484 2903; x_wconf 70' lang='grc' dir='ltr'>προσέχειν</span> <span class='ocrx_word' id='word_1_594' title='bbox 520 2854 668 2895; x_wconf 79' lang='grc' dir='ltr'>ἑαυτοῖς.</span> <span class='ocrx_word' id='word_1_595' title='bbox 708 2853 760 2891; x_wconf 84' lang='grc' dir='ltr'><em>Τὸ</em></span> <span class='ocrx_word' id='word_1_596' title='bbox 789 2853 977 2905; x_wconf 70' lang='grc' dir='ltr'>κεφάλαιον</span> <span class='ocrx_word' id='word_1_597' title='bbox 1010 2855 1137 2906; x_wconf 73' lang='grc' dir='ltr'>ἔχομεν</span> 
     </span>
     <span class='ocr_line' id='line_1_76' title="bbox 115 2913 1138 2968; baseline 0.004 -19"><span class='ocrx_word' id='word_1_598' title='bbox 115 2915 182 2949; x_wconf 84' lang='grc' dir='ltr'><em>τῶν</em></span> <span class='ocrx_word' id='word_1_599' title='bbox 207 2914 344 2962; x_wconf 83' lang='grc' dir='ltr'>ἀγαθῶν</span> <span class='ocrx_word' id='word_1_600' title='bbox 366 2913 423 2951; x_wconf 82' lang='grc' dir='ltr'><em>διὰ</em></span> <span class='ocrx_word' id='word_1_601' title='bbox 449 2917 509 2951; x_wconf 75' lang='grc' dir='ltr'><em>τοῦ</em></span> <span class='ocrx_word' id='word_1_602' title='bbox 539 2914 780 2965; x_wconf 81' lang='grc' dir='ltr'>βαπτίσματος</span> <span class='ocrx_word' id='word_1_603' title='bbox 796 2930 803 2938; x_wconf 91' lang='grc'><em>·</em></span> <span class='ocrx_word' id='word_1_604' title='bbox 826 2914 946 2966; x_wconf 68' lang='grc' dir='ltr'>ἄφεσιν</span> <span class='ocrx_word' id='word_1_605' title='bbox 974 2915 1138 2968; x_wconf 82' lang='grc' dir='ltr'>ἁμαρτη-</span> 
     </span>
     <span class='ocr_line' id='line_1_77' title="bbox 118 2973 1137 3027; baseline 0.002 -16"><span class='ocrx_word' id='word_1_606' title='bbox 118 2974 236 3022; x_wconf 86' lang='grc' dir='ltr'>μάτων</span> <span class='ocrx_word' id='word_1_607' title='bbox 265 2973 455 3023; x_wconf 66' lang='grc' dir='ltr'>ε’λάὸομεν,</span> <span class='ocrx_word' id='word_1_608' title='bbox 476 2975 650 3026; x_wconf 78' lang='grc' dir='ltr'>ἁγιασμὸν</span> <span class='ocrx_word' id='word_1_609' title='bbox 663 3005 673 3023; x_wconf 91' lang='grc'><em>,</em></span> <span class='ocrx_word' id='word_1_610' title='bbox 693 2974 899 3025; x_wconf 78' lang='grc' dir='ltr'>Πνεύματος</span> <span class='ocrx_word' id='word_1_611' title='bbox 924 2976 1137 3027; x_wconf 73' lang='grc' dir='ltr'>μετάληψιν,</span> 
     </span>
     <span class='ocr_line' id='line_1_78' title="bbox 117 3033 1138 3087; baseline 0.003 -16"><span class='ocrx_word' id='word_1_612' title='bbox 117 3033 288 3072; x_wconf 73' lang='grc' dir='ltr'>υἱοθεσίαν</span> <span class='ocrx_word' id='word_1_613' title='bbox 299 3063 308 3079; x_wconf 95' lang='grc'><em>,</em></span> <span class='ocrx_word' id='word_1_614' title='bbox 325 3033 415 3080; x_wconf 75' lang='grc' dir='ltr'>ζωὴν</span> <span class='ocrx_word' id='word_1_615' title='bbox 434 3035 582 3073; x_wconf 83' lang='grc' dir='ltr'>αἰώνιον.</span> <span class='ocrx_word' id='word_1_616' title='bbox 599 3035 646 3073; x_wconf 92' lang='grc' dir='ltr'>Τί</span> <span class='ocrx_word' id='word_1_617' title='bbox 667 3036 832 3086; x_wconf 82' lang='grc' dir='ltr'>βούλεσθε</span> <span class='ocrx_word' id='word_1_618' title='bbox 847 3036 972 3084; x_wconf 74' lang='grc' dir='ltr'>πλέον,</span> <span class='ocrx_word' id='word_1_619' title='bbox 988 3042 1138 3087; x_wconf 70' lang='grc' dir='ltr'>σημεῖα,</span> 
     </span>
     <span class='ocr_line' id='line_1_79' title="bbox 116 3093 1139 3147; baseline 0.002 -15"><span class='ocrx_word' id='word_1_620' title='bbox 116 3093 221 3132; x_wconf 69' lang='grc' dir='ltr'>Ἀλλὰ</span> <span class='ocrx_word' id='word_1_621' title='bbox 247 3099 486 3145; x_wconf 83' lang='grc' dir='ltr'>καταργεῖται.</span> <span class='ocrx_word' id='word_1_622' title='bbox 519 3094 646 3133; x_wconf 85' lang='grc' dir='ltr'>Πίστιν</span> <span class='ocrx_word' id='word_1_623' title='bbox 674 3095 783 3147; x_wconf 72' lang='grc' dir='ltr'>ἔχεις,</span> <span class='ocrx_word' id='word_1_624' title='bbox 804 3096 953 3143; x_wconf 79' lang='grc' dir='ltr'>ἐλπίδα,</span> <span class='ocrx_word' id='word_1_625' title='bbox 979 3097 1139 3146; x_wconf 82' lang='grc' dir='ltr'>ἀγάπην,</span> 
     </span>
     <span class='ocr_line' id='line_1_80' title="bbox 117 3153 1140 3206; baseline 0.004 -17"><span class='ocrx_word' id='word_1_626' title='bbox 117 3153 162 3190; x_wconf 76' lang='grc' dir='ltr'><em>τὰ</em></span> <span class='ocrx_word' id='word_1_627' title='bbox 191 3153 360 3203; x_wconf 82' lang='grc' dir='ltr'>μένοντα·</span> <span class='ocrx_word' id='word_1_628' title='bbox 395 3158 504 3191; x_wconf 76' lang='grc' dir='ltr'>ταῦτα</span> <span class='ocrx_word' id='word_1_629' title='bbox 534 3155 650 3203; x_wconf 84' lang='grc' dir='ltr'>ζήτει,</span> <span class='ocrx_word' id='word_1_630' title='bbox 681 3159 791 3193; x_wconf 79' lang='grc' dir='ltr'>ταῦτα</span> <span class='ocrx_word' id='word_1_631' title='bbox 831 3155 986 3206; x_wconf 86' lang='grc' dir='ltr'>σημείων</span> <span class='ocrx_word' id='word_1_632' title='bbox 1022 3156 1140 3204; x_wconf 82' lang='grc' dir='ltr'>μείζω.</span> 
     </span>
     <span class='ocr_line' id='line_1_81' title="bbox 119 3212 1141 3266; baseline 0.001 -15"><span class='ocrx_word' id='word_1_633' title='bbox 119 3212 228 3251; x_wconf 75' lang='grc' dir='ltr'>Οὐδὲν</span> <span class='ocrx_word' id='word_1_634' title='bbox 259 3212 397 3262; x_wconf 82' lang='grc' dir='ltr'>ἀγάπης</span> <span class='ocrx_word' id='word_1_635' title='bbox 427 3213 523 3251; x_wconf 81' lang='grc' dir='ltr'>ἴσον·</span> <span class='ocrx_word' id='word_1_636' title='bbox 563 3214 703 3259; x_wconf 86' lang='grc' dir='ltr'>Μείζων</span> <span class='ocrx_word' id='word_1_637' title='bbox 739 3215 878 3253; x_wconf 88' lang='grc' dir='ltr'>πάντων</span> <span class='ocrx_word' id='word_1_638' title='bbox 913 3216 963 3261; x_wconf 56' lang='grc' dir='ltr'><em>*ἡ</em></span> <span class='ocrx_word' id='word_1_639' title='bbox 1000 3216 1141 3266; x_wconf 82' lang='grc' dir='ltr'>ἀγάπη,</span> 
     </span>
    </p>
   </div>
   <div class='ocr_carea' id='block_1_13' title="bbox 164 3312 1083 3359">
    <p class='ocr_par' dir='ltr' id='par_1_13' title="bbox 164 3312 1083 3359">
     <span class='ocr_line' id='line_1_82' title="bbox 164 3312 1083 3359; baseline 0.003 -14"><span class='ocrx_word' id='word_1_640' title='bbox 164 3322 174 3334; x_wconf 71' lang='lat'><em>²</em></span> <span class='ocrx_word' id='word_1_641' title='bbox 198 3316 238 3345; x_wconf 86' lang='lat' dir='ltr'><em>In</em></span> <span class='ocrx_word' id='word_1_642' title='bbox 257 3312 454 3356; x_wconf 78' lang='lat' dir='ltr'><em>quibusdam</em></span> <span class='ocrx_word' id='word_1_643' title='bbox 475 3315 585 3348; x_wconf 86' lang='lat' dir='ltr'><em>Codd.</em></span> <span class='ocrx_word' id='word_1_644' title='bbox 609 3316 677 3348; x_wconf 79' lang='lat' dir='ltr'><em>haec</em></span> <span class='ocrx_word' id='word_1_645' title='bbox 694 3327 828 3359; x_wconf 87' lang='lat' dir='ltr'><em>prorsus</em></span> <span class='ocrx_word' id='word_1_646' title='bbox 851 3318 977 3348; x_wconf 82' lang='lat' dir='ltr'><em>imersa</em></span> <span class='ocrx_word' id='word_1_647' title='bbox 996 3324 1083 3349; x_wconf 85' lang='lat' dir='ltr'><em>sunt.</em></span> 
     </span>
    </p>
   </div>
   <div class='ocr_carea' id='block_1_14' title="bbox 164 3365 1129 3447">
    <p class='ocr_par' dir='ltr' id='par_1_14' title="bbox 164 3365 1129 3447">
     <span class='ocr_line' id='line_1_83' title="bbox 164 3365 1129 3412; baseline 0.006 -16"><span class='ocrx_word' id='word_1_648' title='bbox 164 3368 176 3385; x_wconf 56' lang='lat'>4</span> <span class='ocrx_word' id='word_1_649' title='bbox 203 3365 344 3407; x_wconf 79' lang='lat' dir='ltr'><em>Quidam</em></span> <span class='ocrx_word' id='word_1_650' title='bbox 359 3367 436 3397; x_wconf 84' lang='lat' dir='ltr'><em>MsS.</em></span> <span class='ocrx_word' id='word_1_651' title='bbox 448 3372 596 3412; x_wconf 56' lang='lat' dir='ltr'><em>§vapsi-ov·</em></span> <span class='ocrx_word' id='word_1_652' title='bbox 609 3374 661 3401; x_wconf 63' lang='grc' dir='ltr'>κᾶν</span> <span class='ocrx_word' id='word_1_653' title='bbox 674 3373 810 3411; x_wconf 68' lang='grc' dir='ltr'>ἐνομίσθη</span> <span class='ocrx_word' id='word_1_654' title='bbox 827 3373 956 3406; x_wconf 75' lang='grc' dir='ltr'>ἕκαστος-</span> <span class='ocrx_word' id='word_1_655' title='bbox 969 3371 1015 3402; x_wconf 71' lang='grc' dir='ltr'>διὰ</span> <span class='ocrx_word' id='word_1_656' title='bbox 1029 3375 1129 3403; x_wconf 70' lang='grc' dir='ltr'>τοῦτο.</span> 
     </span>
     <span class='ocr_line' id='line_1_84' title="bbox 309 3424 490 3447; baseline -0.006 0"><span class='ocrx_word' id='word_1_657' title='bbox 309 3424 390 3447; x_wconf 79' lang='lat' dir='ltr'><em>TUM</em></span> <span class='ocrx_word' id='word_1_658' title='bbox 398 3439 403 3446; x_wconf 88' lang='lat'><em>-</em></span> <span class='ocrx_word' id='word_1_659' title='bbox 438 3424 476 3446; x_wconf 80' lang='grc' dir='ltr'><em>ῙΧ</em></span> <span class='ocrx_word' id='word_1_660' title='bbox 485 3439 490 3447; x_wconf 87' lang='grc'><em>.</em></span> 
     </span>
    </p>
   </div>
   <div class='ocr_carea' id='block_1_15' title="bbox 1163 2364 2392 3267">
    <p class='ocr_par' dir='ltr' id='par_1_15' title="bbox 1206 2364 2191 2416">
     <span class='ocr_line' id='line_1_85' title="bbox 1206 2364 2191 2416; baseline -0.001 -14"><span class='ocrx_word' id='word_1_661' title='bbox 1206 2379 1316 2416; x_wconf 86' lang='lat' dir='ltr'><em>gnum</em></span> <span class='ocrx_word' id='word_1_662' title='bbox 1345 2364 1513 2402; x_wconf 63' lang='lat' dir='ltr'><em>caelorum</em></span> <span class='ocrx_word' id='word_1_663' title='bbox 1541 2365 1712 2403; x_wconf 65' lang='lat' dir='ltr'><em>virtutem</em></span> <span class='ocrx_word' id='word_1_664' title='bbox 1743 2364 1851 2402; x_wconf 87' lang='lat' dir='ltr'><em>adire.</em></span> <span class='ocrx_word' id='word_1_665' title='bbox 1876 2364 2044 2414; x_wconf 87' lang='lat' dir='ltr'><em>Alioquin</em></span> <span class='ocrx_word' id='word_1_666' title='bbox 2076 2373 2191 2402; x_wconf 86' lang='lat' dir='ltr'><em>autem</em></span> 
     </span>
    </p>

    <p class='ocr_par' dir='ltr' id='par_1_16' title="bbox 1204 2425 2191 2478">
     <span class='ocr_line' id='line_1_86' title="bbox 1204 2425 2191 2478; baseline 0 -15"><span class='ocrx_word' id='word_1_667' title='bbox 1204 2426 1309 2463; x_wconf 88' lang='lat' dir='ltr'><em>multi</em></span> <span class='ocrx_word' id='word_1_668' title='bbox 1326 2435 1439 2464; x_wconf 87' lang='lat' dir='ltr'><em>essent</em></span> <span class='ocrx_word' id='word_1_669' title='bbox 1457 2425 1791 2478; x_wconf 82' lang='lat' dir='ltr'><em>pseudoprophetae,</em></span> <span class='ocrx_word' id='word_1_670' title='bbox 1813 2439 1876 2463; x_wconf 86' lang='lat' dir='ltr'><em>nec</em></span> <span class='ocrx_word' id='word_1_671' title='bbox 1894 2434 2014 2477; x_wconf 85' lang='lat' dir='ltr'><em>postea</em></span> <span class='ocrx_word' id='word_1_672' title='bbox 2034 2425 2093 2475; x_wconf 86' lang='lat' dir='ltr'><em>qui</em></span> <span class='ocrx_word' id='word_1_673' title='bbox 2111 2439 2191 2477; x_wconf 89' lang='lat' dir='ltr'><em>pro-</em></span> 
     </span>
    </p>

    <p class='ocr_par' dir='ltr' id='par_1_17' title="bbox 1202 2486 2191 2598">
     <span class='ocr_line' id='line_1_87' title="bbox 1202 2486 2191 2538; baseline -0.002 -13"><span class='ocrx_word' id='word_1_674' title='bbox 1202 2486 1277 2525; x_wconf 88' lang='lat' dir='ltr'><em>bati</em></span> <span class='ocrx_word' id='word_1_675' title='bbox 1295 2496 1419 2537; x_wconf 84' lang='lat' dir='ltr'><em>essent,</em></span> <span class='ocrx_word' id='word_1_676' title='bbox 1439 2487 1593 2524; x_wconf 83' lang='lat' dir='ltr'><em>multum</em></span> <span class='ocrx_word' id='word_1_677' title='bbox 1611 2495 1835 2538; x_wconf 85' lang='lat' dir='ltr'><em>apparerent,</em></span> <span class='ocrx_word' id='word_1_678' title='bbox 1855 2500 1918 2523; x_wconf 88' lang='lat' dir='ltr'><em>nec</em></span> <span class='ocrx_word' id='word_1_679' title='bbox 1945 2486 2038 2524; x_wconf 84' lang='lat' dir='ltr'><em>beati</em></span> <span class='ocrx_word' id='word_1_680' title='bbox 2058 2486 2191 2538; x_wconf 66' lang='lat' dir='ltr'><em>prcedi—</em></span> 
     </span>
     <span class='ocr_line' id='line_1_88' title="bbox 1203 2545 2190 2598; baseline -0.001 -13"><span class='ocrx_word' id='word_1_681' title='bbox 1203 2556 1365 2586; x_wconf 88' lang='lat' dir='ltr'><em>carentur</em></span> <span class='ocrx_word' id='word_1_682' title='bbox 1378 2547 1436 2598; x_wconf 89' lang='lat' dir='ltr'><em>qui</em></span> <span class='ocrx_word' id='word_1_683' title='bbox 1455 2546 1562 2584; x_wconf 87' lang='lat' dir='ltr'><em>fidem</em></span> <span class='ocrx_word' id='word_1_684' title='bbox 1581 2545 1790 2597; x_wconf 90' lang='lat' dir='ltr'><em>simpliciter</em></span> <span class='ocrx_word' id='word_1_685' title='bbox 1805 2547 2032 2597; x_wconf 86' lang='lat' dir='ltr'><em>susciperent.</em></span> <span class='ocrx_word' id='word_1_686' title='bbox 2046 2549 2096 2584; x_wconf 81' lang='lat' dir='ltr'><em>Ut</em></span> <span class='ocrx_word' id='word_1_687' title='bbox 2108 2561 2190 2598; x_wconf 83' lang='lat' dir='ltr'><em>ergo</em></span> 
     </span>
    </p>

    <p class='ocr_par' dir='ltr' id='par_1_18' title="bbox 1187 2608 2392 2902">
     <span class='ocr_line' id='line_1_89' title="bbox 1210 2608 2369 2659; baseline -0.002 -13"><span class='ocrx_word' id='word_1_688' title='bbox 1210 2610 1286 2659; x_wconf 81' lang='lat' dir='ltr'><em>Qui</em></span> <span class='ocrx_word' id='word_1_689' title='bbox 1313 2622 1391 2646; x_wconf 83' lang='lat' dir='ltr'><em>non</em></span> <span class='ocrx_word' id='word_1_690' title='bbox 1416 2609 1599 2645; x_wconf 81' lang='lat' dir='ltr'><em>viderunt</em></span> <span class='ocrx_word' id='word_1_691' title='bbox 1622 2616 1658 2644; x_wconf 89' lang='lat' dir='ltr'><em>et</em></span> <span class='ocrx_word' id='word_1_692' title='bbox 1678 2608 1936 2653; x_wconf 78' lang='lat' dir='ltr'><em>crediderunt,</em></span> <span class='ocrx_word' id='word_1_693' title='bbox 1958 2610 2060 2645; x_wconf 80' lang='lat' dir='ltr'><em>beati</em></span> <span class='ocrx_word' id='word_1_694' title='bbox 2084 2616 2187 2658; x_wconf 79' lang='lat' dir='ltr'><em>sunt,</em></span> <span class='ocrx_word' id='word_1_695' title='bbox 2205 2627 2297 2655; x_wconf 79' lang='lat' dir='ltr'><em>Joan.</em></span> <span class='ocrx_word' id='word_1_696' title='bbox 2320 2636 2369 2657; x_wconf 44' lang='lat'><em>20·</em></span> 
     </span>
     <span class='ocr_line' id='line_1_90' title="bbox 1206 2667 2256 2719; baseline -0.001 -12"><span class='ocrx_word' id='word_1_697' title='bbox 1206 2669 1255 2708; x_wconf 91' lang='lat' dir='ltr'><em>sic</em></span> <span class='ocrx_word' id='word_1_698' title='bbox 1285 2669 1345 2719; x_wconf 90' lang='lat' dir='ltr'><em>qui</em></span> <span class='ocrx_word' id='word_1_699' title='bbox 1374 2670 1449 2706; x_wconf 91' lang='lat' dir='ltr'><em>sine</em></span> <span class='ocrx_word' id='word_1_700' title='bbox 1473 2668 1584 2719; x_wconf 84' lang='lat' dir='ltr'><em>signis</em></span> <span class='ocrx_word' id='word_1_701' title='bbox 1609 2667 1848 2716; x_wconf 80' lang='lat' dir='ltr'><em>crediderunt,</em></span> <span class='ocrx_word' id='word_1_702' title='bbox 1868 2667 1975 2706; x_wconf 85' lang='lat' dir='ltr'><em>beati.</em></span> <span class='ocrx_word' id='word_1_703' title='bbox 2001 2668 2066 2706; x_wconf 89' lang='lat' dir='ltr'><em>Dic</em></span> <span class='ocrx_word' id='word_1_704' title='bbox 2096 2669 2191 2706; x_wconf 87' lang='lat' dir='ltr'><em>enim</em></span> <span class='ocrx_word' id='word_1_705' title='bbox 2208 2677 2256 2705; x_wconf 88' lang='grc'><em>29-</em></span> 
     </span>
     <span class='ocr_line' id='line_1_91' title="bbox 1207 2727 2373 2780; baseline 0 -13"><span class='ocrx_word' id='word_1_706' title='bbox 1207 2730 1310 2779; x_wconf 90' lang='lat' dir='ltr'><em>mihi,</em></span> <span class='ocrx_word' id='word_1_707' title='bbox 1324 2743 1439 2767; x_wconf 86' lang='lat' dir='ltr'><em>annon</em></span> <span class='ocrx_word' id='word_1_708' title='bbox 1455 2728 1693 2780; x_wconf 79' lang='lat' dir='ltr'><em>exprobrabat</em></span> <span class='ocrx_word' id='word_1_709' title='bbox 1707 2727 1871 2765; x_wconf 85' lang='lat' dir='ltr'><em>Christus</em></span> <span class='ocrx_word' id='word_1_710' title='bbox 1883 2729 1903 2767; x_wconf 88' lang='lat' dir='ltr'>J</span> <span class='ocrx_word' id='word_1_711' title='bbox 1908 2728 2032 2779; x_wconf 83' lang='lat' dir='ltr'><em>udaeis,</em></span> <span class='ocrx_word' id='word_1_712' title='bbox 2049 2729 2190 2768; x_wconf 87' lang='lat' dir='ltr'><em>dicens:</em></span> <span class='ocrx_word' id='word_1_713' title='bbox 2367 2762 2373 2767; x_wconf 83' lang='lat'><em>.</em></span> 
     </span>
     <span class='ocr_line' id='line_1_92' title="bbox 1209 2790 2392 2842; baseline -0.003 -13"><span class='ocrx_word' id='word_1_714' title='bbox 1209 2793 1297 2829; x_wconf 76' lang='lat' dir='ltr'><em>Nisi</em></span> <span class='ocrx_word' id='word_1_715' title='bbox 1314 2793 1426 2842; x_wconf 82' lang='lat' dir='ltr'><em>signa</em></span> <span class='ocrx_word' id='word_1_716' title='bbox 1443 2791 1636 2835; x_wconf 77' lang='lat' dir='ltr'><em>videritis,</em></span> <span class='ocrx_word' id='word_1_717' title='bbox 1660 2803 1738 2826; x_wconf 83' lang='lat' dir='ltr'><em>non</em></span> <span class='ocrx_word' id='word_1_718' title='bbox 1757 2790 1943 2828; x_wconf 76' lang='lat' dir='ltr'><em>credetis?</em></span> <span class='ocrx_word' id='word_1_719' title='bbox 1961 2790 2084 2840; x_wconf 88' lang='lat' dir='ltr'><em>Itaque</em></span> <span class='ocrx_word' id='word_1_720' title='bbox 2102 2791 2192 2829; x_wconf 90' lang='lat' dir='ltr'><em>nihil</em></span> <span class='ocrx_word' id='word_1_721' title='bbox 2207 2801 2323 2836; x_wconf 48' lang='grc' dir='ltr'>πηνα,</span> <span class='ocrx_word' id='word_1_722' title='bbox 2344 2797 2392 2837; x_wconf 57' lang='lat'><em>48.</em></span> 
     </span>
     <span class='ocr_line' id='line_1_93' title="bbox 1187 2848 2189 2902; baseline 0 -15"><span class='ocrx_word' id='word_1_723' title='bbox 1187 2898 1189 2902; x_wconf 28' lang='grc' dir='ltr'>ι</span> <span class='ocrx_word' id='word_1_724' title='bbox 1208 2850 1292 2888; x_wconf 86' lang='lat' dir='ltr'><em>hinc</em></span> <span class='ocrx_word' id='word_1_725' title='bbox 1308 2849 1410 2887; x_wconf 87' lang='lat' dir='ltr'><em>nobis</em></span> <span class='ocrx_word' id='word_1_726' title='bbox 1430 2848 1567 2899; x_wconf 86' lang='lat' dir='ltr'><em>damni,</em></span> <span class='ocrx_word' id='word_1_727' title='bbox 1586 2848 1615 2885; x_wconf 92' lang='lat' dir='ltr'><em>si</em></span> <span class='ocrx_word' id='word_1_728' title='bbox 1634 2848 1736 2886; x_wconf 88' lang='lat' dir='ltr'><em>nobis</em></span> <span class='ocrx_word' id='word_1_729' title='bbox 1762 2849 1940 2886; x_wconf 83' lang='lat' dir='ltr'><em>attendere</em></span> <span class='ocrx_word' id='word_1_730' title='bbox 1958 2849 2189 2888; x_wconf 86' lang='lat' dir='ltr'><em>voluerimus.</em></span> 
     </span>
    </p>

    <p class='ocr_par' dir='ltr' id='par_1_19' title="bbox 1211 2909 2195 2963">
     <span class='ocr_line' id='line_1_94' title="bbox 1211 2909 2195 2963; baseline 0.001 -15"><span class='ocrx_word' id='word_1_731' title='bbox 1211 2912 1327 2963; x_wconf 86' lang='lat' dir='ltr'><em>Caput</em></span> <span class='ocrx_word' id='word_1_732' title='bbox 1344 2911 1519 2948; x_wconf 85' lang='lat' dir='ltr'><em>bonorum</em></span> <span class='ocrx_word' id='word_1_733' title='bbox 1537 2909 1709 2947; x_wconf 84' lang='lat' dir='ltr'><em>habemus</em></span> <span class='ocrx_word' id='word_1_734' title='bbox 1730 2924 1791 2961; x_wconf 90' lang='lat' dir='ltr'><em>per</em></span> <span class='ocrx_word' id='word_1_735' title='bbox 1808 2909 2025 2961; x_wconf 78' lang='lat' dir='ltr'><em>baptismum</em></span> <span class='ocrx_word' id='word_1_736' title='bbox 2045 2926 2052 2946; x_wconf 94' lang='lat'><strong>:</strong></span> <span class='ocrx_word' id='word_1_737' title='bbox 2072 2925 2195 2962; x_wconf 85' lang='lat' dir='ltr'><em>pecca-</em></span> 
     </span>
    </p>

    <p class='ocr_par' dir='ltr' id='par_1_20' title="bbox 1163 2970 2193 3022">
     <span class='ocr_line' id='line_1_95' title="bbox 1163 2970 2193 3022; baseline 0 -13"><span class='ocrx_word' id='word_1_738' title='bbox 1163 2981 1186 3009; x_wconf 86' lang='lat' dir='ltr'>B</span> <span class='ocrx_word' id='word_1_739' title='bbox 1211 2980 1329 3009; x_wconf 86' lang='lat' dir='ltr'><em>torum</em></span> <span class='ocrx_word' id='word_1_740' title='bbox 1359 2970 1600 3008; x_wconf 84' lang='lat' dir='ltr'><em>remissionem</em></span> <span class='ocrx_word' id='word_1_741' title='bbox 1629 2970 1843 3022; x_wconf 87' lang='lat' dir='ltr'><em>accepimus,</em></span> <span class='ocrx_word' id='word_1_742' title='bbox 1865 2970 2193 3022; x_wconf 78' lang='lat' dir='ltr'><em>sanctificationem,</em></span> 
     </span>
    </p>

    <p class='ocr_par' dir='ltr' id='par_1_21' title="bbox 1211 3031 2195 3085">
     <span class='ocr_line' id='line_1_96' title="bbox 1211 3031 2195 3085; baseline 0.001 -14"><span class='ocrx_word' id='word_1_743' title='bbox 1211 3033 1366 3085; x_wconf 86' lang='lat' dir='ltr'><em>Spiritus</em></span> <span class='ocrx_word' id='word_1_744' title='bbox 1382 3032 1702 3084; x_wconf 84' lang='lat' dir='ltr'><em>participationem,</em></span> <span class='ocrx_word' id='word_1_745' title='bbox 1718 3031 1957 3083; x_wconf 83' lang='lat' dir='ltr'><em>adoptionem,</em></span> <span class='ocrx_word' id='word_1_746' title='bbox 1969 3032 2080 3070; x_wconf 74' lang='lat' dir='ltr'><em>vitam</em></span> <span class='ocrx_word' id='word_1_747' title='bbox 2095 3044 2195 3072; x_wconf 73' lang='lat' dir='ltr'><em>mter-</em></span> 
     </span>
    </p>

    <p class='ocr_par' dir='ltr' id='par_1_22' title="bbox 1212 3093 2195 3145">
     <span class='ocr_line' id='line_1_97' title="bbox 1212 3093 2195 3145; baseline 0.002 -13"><span class='ocrx_word' id='word_1_748' title='bbox 1212 3108 1309 3132; x_wconf 87' lang='lat' dir='ltr'><em>nam.</em></span> <span class='ocrx_word' id='word_1_749' title='bbox 1320 3093 1419 3140; x_wconf 86' lang='lat' dir='ltr'><em>Quid</em></span> <span class='ocrx_word' id='word_1_750' title='bbox 1432 3093 1586 3145; x_wconf 86' lang='lat' dir='ltr'><em>amplius</em></span> <span class='ocrx_word' id='word_1_751' title='bbox 1599 3093 1707 3131; x_wconf 83' lang='lat' dir='ltr'><em>vultis</em></span> <span class='ocrx_word' id='word_1_752' title='bbox 1717 3093 1734 3130; x_wconf 79' lang='grc' dir='ltr'><em>ἶ)</em></span> <span class='ocrx_word' id='word_1_753' title='bbox 1745 3093 1772 3130; x_wconf 92' lang='lat' dir='ltr'><em>si</em></span> <span class='ocrx_word' id='word_1_754' title='bbox 1777 3093 1868 3143; x_wconf 72' lang='lat' dir='ltr'><em>gna?</em></span> <span class='ocrx_word' id='word_1_755' title='bbox 1877 3093 1947 3132; x_wconf 88' lang='lat' dir='ltr'><em>Sed</em></span> <span class='ocrx_word' id='word_1_756' title='bbox 1961 3106 2195 3134; x_wconf 81' lang='lat' dir='ltr'><em>cessaverunt.</em></span> 
     </span>
    </p>

    <p class='ocr_par' dir='ltr' id='par_1_23' title="bbox 1214 3154 2198 3206">
     <span class='ocr_line' id='line_1_98' title="bbox 1214 3154 2198 3206; baseline 0.002 -13"><span class='ocrx_word' id='word_1_757' title='bbox 1214 3155 1339 3194; x_wconf 89' lang='lat' dir='ltr'><em>Fidem</em></span> <span class='ocrx_word' id='word_1_758' title='bbox 1356 3155 1480 3202; x_wconf 82' lang='lat' dir='ltr'><em>habes,</em></span> <span class='ocrx_word' id='word_1_759' title='bbox 1504 3168 1614 3206; x_wconf 89' lang='lat' dir='ltr'><em>spem,</em></span> <span class='ocrx_word' id='word_1_760' title='bbox 1631 3154 1826 3203; x_wconf 83' lang='lat' dir='ltr'><em>caritatem,</em></span> <span class='ocrx_word' id='word_1_761' title='bbox 1837 3166 1929 3205; x_wconf 79' lang='lat' dir='ltr'><em>quae·</em></span> <span class='ocrx_word' id='word_1_762' title='bbox 1942 3166 2082 3194; x_wconf 87' lang='lat' dir='ltr'><em>manent</em></span> <span class='ocrx_word' id='word_1_763' title='bbox 2100 3173 2107 3193; x_wconf 91' lang='lat'>:</span> <span class='ocrx_word' id='word_1_764' title='bbox 2124 3158 2198 3196; x_wconf 80' lang='lat' dir='ltr'><em>haec</em></span> 
     </span>
    </p>

    <p class='ocr_par' dir='ltr' id='par_1_24' title="bbox 1213 3214 2197 3267">
     <span class='ocr_line' id='line_1_99' title="bbox 1213 3214 2197 3267; baseline 0.002 -14"><span class='ocrx_word' id='word_1_765' title='bbox 1213 3230 1341 3266; x_wconf 65' lang='lat' dir='ltr'><em>quaere,</em></span> <span class='ocrx_word' id='word_1_766' title='bbox 1356 3215 1432 3252; x_wconf 81' lang='lat' dir='ltr'><em>haec</em></span> <span class='ocrx_word' id='word_1_767' title='bbox 1446 3214 1556 3265; x_wconf 79' lang='lat' dir='ltr'><em>signis</em></span> <span class='ocrx_word' id='word_1_768' title='bbox 1577 3223 1659 3252; x_wconf 90' lang='lat' dir='ltr'><em>sunt</em></span> <span class='ocrx_word' id='word_1_769' title='bbox 1675 3214 1823 3266; x_wconf 89' lang='lat' dir='ltr'><em>majora.</em></span> <span class='ocrx_word' id='word_1_770' title='bbox 1837 3215 1939 3252; x_wconf 86' lang='lat' dir='ltr'><em>Nihil</em></span> <span class='ocrx_word' id='word_1_771' title='bbox 1953 3230 2016 3267; x_wconf 89' lang='lat' dir='ltr'><em>par</em></span> <span class='ocrx_word' id='word_1_772' title='bbox 2037 3217 2197 3267; x_wconf 75' lang='lat' dir='ltr'><em>caritati3</em></span> 
     </span>
    </p>
   </div>
   <div class='ocr_carea' id='block_1_16' title="bbox 1241 3315 1804 3362">
    <p class='ocr_par' dir='ltr' id='par_1_25' title="bbox 1241 3315 1804 3362">
     <span class='ocr_line' id='line_1_100' title="bbox 1241 3315 1804 3362; baseline -0.004 -13"><span class='ocrx_word' id='word_1_773' title='bbox 1241 3318 1256 3333; x_wconf 60' lang='lat'><em>³¹</em></span> <span class='ocrx_word' id='word_1_774' title='bbox 1281 3318 1376 3362; x_wconf 86' lang='lat' dir='ltr'><em>[Hoc</em></span> <span class='ocrx_word' id='word_1_775' title='bbox 1389 3345 1396 3359; x_wconf 85' lang='lat'><em>,</em></span> <span class='ocrx_word' id='word_1_776' title='bbox 1416 3323 1432 3354; x_wconf 67' lang='grc' dir='ltr'>ἡ</span> <span class='ocrx_word' id='word_1_777' title='bbox 1451 3323 1568 3359; x_wconf 49' lang='lat' dir='ltr'><em>&amp;yzit-6,</em></span> <span class='ocrx_word' id='word_1_778' title='bbox 1588 3315 1680 3348; x_wconf 83' lang='lat' dir='ltr'><em>abest</em></span> <span class='ocrx_word' id='word_1_779' title='bbox 1696 3317 1727 3349; x_wconf 88' lang='lat' dir='ltr'><em>in</em></span> <span class='ocrx_word' id='word_1_780' title='bbox 1747 3317 1804 3358; x_wconf 79' lang='lat' dir='ltr'><em>D,]</em></span> 
     </span>
    </p>
   </div>
  </div>
 </body>
</html>
