2466 3805
61 1397 85 1416 1.
104 1390 219 1419 (0126.

282 187 343 246 54²
732 207 768 235 s.
806 207 988 236 somnis

281 285 459 336 voluptate
484 285 674 337 praedante.
696 286 854 336 Quisque
882 286 978 324 videt
996 286 1168 322 latronem
1186 298 1254 320 au—

278 344 445 383 ferentem
464 346 580 383 omnia
594 375 604 393 ,
623 355 656 383 et
677 346 825 382 laetatur.
842 347 963 382 Novus
984 343 1161 383 latrocinii
1181 356 1257 380 mo-

278 404 362 443 dus:
375 406 435 456 qui
451 406 580 455 exutis,
599 415 638 443 ut
652 404 841 456 gaudeant,
859 403 991 441 suadet.

320 712 355 747 4.
375 712 508 749 Verum
527 710 602 748 illic
619 709 712 748 nihil
733 712 825 760 tale;
854 711 915 750 sed
934 712 980 750 ab
1000 712 1165 750 omnibus
1185 728 1246 751 re·—

267 784 349 807 mox
353 770 379 807 it
398 772 508 809 Deus.
525 780 564 808 ut
578 774 775 810 communis
796 774 913 824 Pater,
934 783 1012 812 tum
1031 789 1109 825 quae
1122 775 1247 813 viden-

70 838 119 863 11..
127 838 180 867 ul
187 839 214 867 6
228 849 249 867 ι.
266 840 338 879 1111,
360 841 436 869 tum
451 847 530 883 quae
550 847 619 870 non
640 833 816 871 xidentm.
838 836 930 872 Nam
948 835 1022 873 311.
1049 837 1181 874 Videte
1200 852 1247 874 ne

265 894 457 942 eleemosy
460 909 551 932 nam
571 897 920 948 vestramfaciatis
933 911 999 934 cor
1000 911 1063 935 am
1080 899 1245 936 homini-

266 958 345 994 hus.
361 957 454 994 Hine
468 957 572 995 discit
591 957 707 995 anima
727 959 939 1010 injustitiam
951 960 1083 1011 fugere.
1098 961 1244 1012 Injusti—

261 1019 310 1056 tia
328 1019 422 1056 enim
459 1029 524 1069 est,
550 1034 619 1057 non
656 1020 762 1058 modo
785 1021 950 1073 pecunias
986 1036 1048 1073 per
1083 1023 1245 1074 rapinam

261 1093 396 1130 parare,
417 1080 477 1117 sed
496 1081 603 1118 etiam
621 1081 701 1133 plus
725 1082 796 1119 61111
814 1081 899 1119 dare
916 1083 1047 1132 ventri,
1067 1098 1173 1134 quam
1192 1099 1244 1121 sa-

260 1141 304 1178 tis
336 1142 394 1185 sit,
414 1151 447 1179 et
477 1142 638 1180 laetitiam
657 1152 756 1180 extra
785 1144 952 1181 terminos
982 1145 1117 1188 efferre,
1139 1155 1244 1195 atque

258 1201 482 1242 debacchari.
502 1203 607 1241 Illinc
637 1203 833 1241 castitatem
857 1204 975 1252 discit,
1004 1205 1089 1243 hinc
1118 1205 1242 1243 libidi-

257 1275 352 1299 nem.
372 1264 448 1299 Non
470 1262 584 1299 solum
600 1262 693 1300 enim
712 1263 854 1301 mulieri
882 1264 1022 1302 misceri
1041 1265 1154 1302 libido
1177 1275 1240 1309 est.

257 1322 439 1361 sedetiam
472 1323 614 1361 lascivis
640 1324 751 1362 oculis
776 1325 962 1376 respicere.
981 1326 1086 1364 Illinc
1119 1328 1240 1365 mode-

256 1384 360 1422 stiam
380 1385 505 1435 discit,
536 1385 620 1423 hinc
638 1387 784 1423 fastum.
811 1388 955 1425 Omnia
975 1388 1082 1433 enim,
1109 1389 1238 1439 inquit,

256 1447 350 1483 milei
370 1447 500 1492 licent,
534 1448 602 1484 sed
633 1461 710 1484 non
743 1451 873 1485 omnia
894 1450 1112 1499 expediunt.
1133 1450 1238 1488 Illinc

253 1507 484 1553 honestatem,
503 1507 586 1544 hinc
604 1508 879 1559 turpitudinem.
912 1510 1019 1547 Mitto
1046 1524 1085 1547 ea
1104 1525 1180 1561 quae
1201 1512 1237 1549 in

250 1567 409 1605 theatris.
432 1567 539 1613 Quod
558 1577 676 1606 autem
695 1569 793 1606 nulla
824 1569 875 1606 ibi
895 1571 1060 1622 voluptas
1086 1572 1146 1621 sit,
1175 1572 1236 1610 sed

248 1628 366 1678 potius
388 1628 577 1665 moestitia:
598 1628 775 1666 ostendite
795 1630 885 1667 mihi
913 1630 972 1668 die
988 1631 1115 1669 festum
1136 1632 1234 1669 inse—

247 1697 375 1737 quente
388 1702 445 1725 eos
467 1688 528 1738 qui
551 1698 686 1726 sumtus
709 1689 926 1739 effuderunt,
954 1706 1081 1742 eosque
1100 1693 1161 1743 qui
1189 1694 1234 1732 ad

246 1749 446 1800 spectacula
465 1749 605 1786 invitati
630 1750 776 1787 fuerunt
793 1766 800 1786 :
820 1751 1093 1802 videbimusque
1113 1768 1233 1793 omnes

245 1809 413 1846 moestitia
427 1819 618 1862 correptos,
640 1811 796 1849 maxime
810 1826 894 1850 vero
914 1813 1033 1863 illum,
1052 1815 1114 1864 qui
1136 1829 1231 1853 sum-

243 1878 319 1906 tum
361 1870 614 1922 suppeditavit.
651 1871 699 1908 Et
725 1872 806 1923 jure
832 1873 978 1923 quidem
998 1890 1005 1910 :
1039 1875 1232 1913 oblectavit

243 1930 337 1967 enim
354 1930 412 1968 die
423 1930 636 1982 praecedenti
655 1932 865 1984 popularem
885 1934 1078 1982 bominem,
1094 1937 1156 1986 qui
1173 1937 1231 1974 133-

242 1999 297 2027 1115
317 1991 512 2029 admodum
533 2000 606 2029 erat
613 2007 623 2041 5
645 1992 831 2044 splendida
851 2008 1002 2046 namque
1024 2005 1117 2034 veste
1135 1998 1230 2036 frue-

242 2051 370 2101 batur,
388 2052 450 2089 sed
469 2067 550 2090 cum
569 2067 639 2091 non
659 2053 705 2091 ad
732 2069 836 2092 usum
857 2069 961 2094 suum
990 2066 1092 2106 esset,
1113 2072 1148 2095 se
1168 2059 1230 2097 illa

243 2123 391 2150 exutum
406 2113 548 2163 videns,
570 2113 713 2151 dolebat
734 2124 766 2152 et
787 2116 1012 2154 cruciabatur
1032 2134 1039 2153 τ
1064 2119 1126 2168 qui
1144 2134 1228 2157 *cero

243 2183 401 2210 sumtum
416 2174 509 2217 fecit,
520 2188 620 2211 suam
634 2188 705 2226 prae
719 2174 815 2212 illius
827 2176 993 2214 felicitate
1005 2191 1153 2230 parvam
1165 2193 1228 2230 pu-

243 2237 351 2274 tabat.
375 2237 517 2274 Idcirco
533 2237 689 2287 sequenti
708 2237 767 2274 die
788 2238 989 2276 redduntur
1001 2250 1128 2288 vestes,
1152 2256 1229 2278 ma—

240 2298 424 2348 joremque
453 2311 640 2334 moerorem
661 2298 723 2347 qui
751 2299 1037 2338 commodaverat
1064 2302 1228 2354 concipit.

245 2358 351 2403 Quod
366 2358 395 2395 si
416 2358 451 2395 in
471 2358 708 2395 exterioribus
728 2359 807 2396 laeta
826 2369 961 2397 tantam
979 2361 1135 2400 inferunt
1153 2378 1228 2401 mo-

244 2419 396 2465 lestiam,
416 2428 448 2456 et
465 2419 610 2456 molesta
625 2419 829 2467 utilitatem,
845 2421 958 2459 multo
977 2423 1137 2474 magisin
1158 2425 1229 2477 spi-

244 2479 445 2517 ritualibus.
471 2479 555 2517 Ideo
584 2494 685 2517 nemo
711 2491 889 2519 succenset
908 2482 1057 2534 legibus,
1077 2485 1140 2522 sed
1172 2501 1228 2523 eas

245 2540 441 2577 communis
476 2554 549 2577 esse
582 2540 747 2578 utilitatis
775 2552 914 2580 censent
950 2558 1081 2583 omnes.
1108 2548 1228 2597 Neque

244 2602 337 2639 enim
355 2601 531 2653 peregrini
548 2602 605 2639 tel
626 2602 760 2639 inimici
787 2603 851 2640 has
876 2604 968 2655 leges
987 2615 1152 2657 statuere,
1168 2608 1227 2646 sed

245 2663 311 2714 ipsi
342 2663 451 2708 cives,
474 2663 628 2715 patroni,
654 2674 856 2702 curatores:
882 2666 1016 2717 hocque
1036 2668 1160 2707 salutis
1188 2685 1228 2707 ao

242 2725 494 2763 benevolentiae
515 2725 689 2763 indicium
710 2735 847 2778 putant,
864 2729 959 2778 quod
977 2730 1070 2782 leges
1087 2746 1227 2784 ponan-

242 2796 312 2824 tur.
331 2787 438 2836 Atqui
454 2787 548 2837 leges
574 2787 687 2839 poenis
711 2797 743 2824 et
759 2788 893 2826 ultione
918 2791 1029 2842 plenae
1050 2803 1150 2843 sunt,
1166 2809 1227 2834 nec

243 2847 313 2884 ulla
340 2848 400 2884 lex
416 2847 596 2884 invenitur
616 2847 690 2885 sine
709 2862 820 2899 poena.
845 2850 1033 2895 Quomodo
1052 2868 1136 2904 ergo
1157 2869 1226 2893 non

240 2907 435 2945 absurdum
448 2907 569 2957 fuerit,
588 2921 646 2945 eos
661 2908 817 2958 quidem,
837 2910 898 2960 qui
912 2910 1004 2961 leges
1025 2913 1104 2951 illas
1118 2929 1225 2967 expo-

240 2977 342 3013 nunt,
362 2977 569 3016 servatores,
589 2967 780 3015 beneficos,
803 2979 967 3020 patronos
987 2986 1136 3023 vocare,
1163 2990 1225 3013 nos

239 3041 321 3065 vero
340 3027 450 3065 duros
485 3037 519 3065 et
552 3041 708 3065 morosos
742 3038 880 3080 putare,
912 3032 1007 3081 quod
1035 3033 1128 3084 leges
1158 3036 1223 3073 Dei

237 3088 467 3126 enarremus?
492 3089 583 3126 Cum
606 3088 700 3126 enim
719 3089 764 3127 de
781 3090 938 3141 gehenna
958 3093 1111 3143 agimus,
1130 3096 1223 3146 leges

233 3148 313 3185 illas
334 3149 528 3186 afferimus.
545 3154 595 3186 Ac
614 3151 919 3200 quemadmodum
940 3153 994 3190 illi
1016 3157 1149 3193 externi
1168 3157 1222 3194 le—

232 3223 291 3259 ges
307 3209 351 3245 de
370 3209 573 3255 homicidis,
596 3209 640 3247 de
658 3211 811 3256 furibus,
832 3213 877 3250 de
891 3214 1023 3264 nuptiis
1040 3224 1073 3252 et
1093 3217 1221 3254 simili-
1245 3219 1268 3248 D
1294 3237 1309 3250 a

229 3269 297 3306 bus
317 3285 324 3305 :
343 3269 392 3306 sic
404 3278 437 3306 et
460 3283 521 3306 nos
539 3270 633 3321 leges
651 3270 695 3308 de
708 3272 893 3323 suppliciis
915 3274 1111 3326 afferimus,
1130 3292 1220 3327 quas

228 3343 296 3366 non
314 3330 418 3366 1101110
440 3329 570 3379 posuit,
590 3329 649 3366 sed
673 3331 747 3382 ipse
769 3331 971 3384 unigenitus
994 3335 1108 3374 Filius
1133 3338 1213 3375 Dei.

227 3390 296 3435 Qui
321 3389 574 3427 immisericors
592 3399 655 3440 est,
675 3392 858 3442 puniatur,
879 3395 993 3446 inquit
1009 3411 1020 3445 3
1036 3397 1102 3436 hoc
1125 3399 1217 3437 6111111

1024 205 1264 235 CHRYSOST.

1306 207 1507 237 ARCHIEP.
1547 209 1901 242 CONSTANTINOP

1329 286 1506 325 ἐπιόντων.
1522 288 1590 326 Διὰ
1606 290 1741 334 τούτους
1759 292 1820 336 τὰς
1839 294 1954 337 οὐσίας
1976 296 2099 347 ἔχομεν
2121 297 2282 340 ε’καστος,
2302 297 2344 335 δι’

1329 345 1460 389 ἐκείνας
1475 347 1510 385 33
1535 348 1595 391 τὰς
1612 351 1731 401 ἑορτὰς
1746 368 1805 390 και
1821 354 2018 399 ἐπιὸλαὸῶς
2034 372 2200 406 κενουμεν
2221 357 2344 405 αὐτὰς,

1330 407 1367 442 οὒ
1403 407 1541 458 λῃστῶν
1584 412 1866 460 ἐπεισελθόντων,
1897 416 1987 453 ἀὶλὰ
2021 434 2083 463 της
2109 418 2185 467 μεθ
2220 418 2345 464 ἡδονῆς

1329 467 1563 516 λῃστευούσης
1599 472 1801 517 κενοδοξίας.
1841 474 1932 527 ζ0ρᾷ
1958 477 2014 515 τὸν
2044 478 2212 529 λῃστὴν
2200 478 2345 522 ε’καστος

1327 544 1536 581 εκφορουντα
1566 531 1702 580 πάντα,
1748 534 1807 571 καὶ
1849 535 1983 581 ἥδεται.
2018 538 2145 581 Καινος
2176 541 2239 584 τ’ῆς
2281 541 2343 591 λῃ-

1326 589 1442 633 στείας
1456 593 1473 628 5
1493 591 1638 644 τρόπος·
1660 592 1776 631 ἔπεισε
1797 594 1874 639 τους
1891 598 2144 648 ἀποδυομένους
2168 599 2344 651 εὐφραίνε-

1323 654 1414 689 σθαι.

1373 712 1463 751 'AM’
1481 715 1541 751 οὐκ
1561 716 1632 751 ἐκεῖ
1657 719 1808 754 τοιοῦτον
1831 717 1944 755 οὐδέν’
1966 717 2055 756 ἀλλὰ
2074 725 2179 756 πᾶσιν
2203 719 2339 757 ἀπετεί-

1317 790 1413 827 χισεν
1431 778 1448 812 5
1467 775 1556 819 Θεὸς
1572 776 1729 828 καθάπερ
1745 778 1856 822 κοινὸς
1876 778 2016 831 Πατὴρ,
2037 779 2096 816 καὶ
2117 785 2194 823 τοῖς·
2207 780 2341 833 ὁρωμέ-

1316 852 1402 884 νοις,
1422 837 1481 874 καὶ
1494 843 1563 880 τοῖς
1580 837 1627 888 μὴ
1649 838 1846 889 ὁρωμένοις.
1864 840 2018 878 Βλέπετε
2036 839 2104 892 γὰρ
2121 870 2130 888 ,
2153 841 2256 893 φησὶ,
2273 841 2336 888 τὴν

1317 897 1549 947 ἐλεημοσύνην
1575 901 1671 948 ὑμῶν
1698 899 1745 949 μὴ
1763 906 1872 938 ποιεῖν
1902 900 2095 952 ἔμπροσθεν
2118 904 2186 939 τῶν
2206 901 2338 953 ἀνθρώ-

1315 971 1402 994 πων.
1422 959 1600 997 Μανθοίνει
1621 960 1714 1011 ψυχὴ
1737 962 1886 998 ἐντεῦθεν
1916 961 2051 998 ἀδικίαν
2073 961 2222 1012 φεύγειν.
2249 961 2339 999 Ἀδκ

1315 1016 1374 1054 κία
1389 1017 1456 1070 γὰρ
1468 1050 1477 1065 ,
1494 1022 1531 1057 οὐ
1552 1020 1591 1057 τὸ
1609 1020 1779 1072 ιχρήματα
1797 1023 2013 1059 πλεονεκτεῖν
2035 1021 2150 1071 μόνον,
2167 1021 2256 1059 ἀλλὰ
2274 1021 2335 1059 καὶ

1313 1079 1352 1116 τὸ
1377 1080 1480 1118 πλέον
1506 1085 1568 1128 τῆς
1599 1081 1795 1133 ὡρισμένης
1814 1085 1943 1136 τροφῆς
1967 1082 2098 1121 διδόναι
2126 1086 2169 1134 τῇ
2197 1083 2336 1135 γαστρὶ,

1313 1140 1372 1177 καὶ
1395 1140 1457 1187 τὴν
1475 1142 1682 1194 εὐφροσύνην
1706 1146 1774 1180 τῶν
1789 1143 1923 1181 οἰκείων
1947 1143 2078 1194 ἐξάγειν
2098 1144 2246 1195 μέτρων,
2275 1143 2335 1181 καὶ

1265 1232 1295 1257 46
1313 1207 1422 1238 ποιεῖν
1451 1202 1738 1254 ἐκέακχεύεσθαι.
1757 1203 1912 1241 Ἐκεῖθεν
1942 1203 2164 1255 σωφροσύνην
2200 1203 2332 1254 μανθά-

1267 1268 1293 1296 Α
1312 1276 1382 1307 νει,
1404 1264 1554 1300 ἐντεῦθεν
1570 1264 1772 1301 ἀκολασίαν.
1793 1266 1846 1302 Οὐ
1877 1264 1946 1316 γὰρ
1969 1265 2008 1302 τὸ
2029 1268 2174 1315 μιγῆναι
2195 1264 2333 1315 γυναικὶ

1313 1323 1413 1373 μόνον
1434 1324 1605 1362 ἀκολασία
1617 1353 1626 1371 ,
1643 1326 1732 1362 ἀλλὰ
1749 1325 1808 1363 καὶ
1827 1325 1865 1362 τὸ
1886 1326 2092 1369 ἀκολάστοις
2110 1328 2191 1363 ἰδεῖν
2207 1327 2332 1377 ὀφθαλ-

1311 1391 1397 1434 μοῖς.
1417 1385 1571 1423 Ἐκεῖθεν
1601 1385 1788 1423 ἐπιείκειαν
1823 1386 2010 1436 μανθάνει,
2029 1388 2182 1424 ἐντεῦθεν
2214 1390 2332 1438 τῦφον.

1308 1446 1430 1483 Πάντα
1445 1447 1511 1498 γάρ
1530 1462 1600 1497 μοι,
1618 1447 1733 1499 φησὶν,
1753 1446 1896 1493 ἔξεστιν,
1917 1448 1993 1485 ἀλλ’
2011 1446 2174 1485 οὔπάντα
2196 1447 2328 1499 συμφέ-

1309 1523 1371 1559 ρει.
1389 1509 1542 1546 Ἐκεῖθεν
1560 1508 1798 1558 κοσμιότητα,
1816 1511 1967 1547 ἐντεῦθεν
1986 1508 2249 1560 ἀσχημοσύνην,
2271 1509 2329 1548 Τὰ

1305 1568 1372 1621 γὰρ
1387 1571 1421 1606 ἐν
1443 1575 1513 1612 τοῖς
1533 1570 1687 1622 θεάτροις
1704 1571 1874 1621 παρίημι.
1891 1570 1978 1609 “On
1993 1570 2027 1608 δὲ
2056 1571 2132 1608 οὐδὲ
2153 1571 2260 1617 ἡδονή
2276 1570 2328 1614 τίς

1304 1630 1410 1676 ἐστιν,
1428 1629 1517 1667 ἀλλὰ
1535 1629 1646 1678 λύπη,
1662 1631 1792 1674 ’δείξατε
1813 1647 1871 1681 μοι
1899 1630 1988 1681 μετὰ
2007 1631 2088 1678 μίαν
2109 1630 2244 1683 ἡμέραν
2264 1635 2327 1678 τῆς

1305 1692 1445 1741 {opt-75,
1468 1690 1546 1734 τούς
1576 1707 1612 1728 τε
1643 1692 1910 1740 ἀναλώσαντας,
1934 1692 2013 1735 τούς
2039 1708 2078 1730 τε
2108 1693 2326 1737 ἑστιαθέντας

1305 1757 1373 1794 τοῖς
1391 1754 1425 1788 θε
1430 1751 1560 1801 οίαασι,
1582 1769 1641 1790 και
1662 1753 1724 1806 ὀψε
1730 1770 1739 1791 ι
1761 1753 1880 1797 αυτους
1897 1753 1960 1804 μὲν
1978 1770 2012 1791 εν
2031 1754 2206 1807 κατηφείᾳ
2220 1754 2326 1793 ἅπαν-

1303 1827 1382 1859 τας,
1402 1815 1435 1850 ἐν
1467 1813 1598 1863 μείζονι
1622 1814 1658 1852 33
1678 1817 1806 1852 εκεῖνον
1826 1815 1882 1852 τὸν
1905 1814 2086 1853 ἀναλωκότ
2089 1830 2122 1853 α.
2149 1815 2220 1853 Και
2236 1815 2324 1854 εἰκό-

1301 1888 1386 1915 τως
1404 1873 1525 1926 ἔτερψε
1541 1874 1608 1926 γαρ
1623 1879 1665 1926 τῇ·
1686 1875 1878 1929 προτεραίᾳ
1893 1892 1948 1913 τον
1972 1874 2129 1922 ἰδιώτην·
2145 1892 2205 1914 και
2223 1878 2240 1913 ὁ
2261 1875 2323 1926 μὲν

1302 1933 1440 1980 ἰδιώτης
1456 1936 1489 1971 ἐν
1513 1937 1658 1985 εὐθυαία
1678 1941 1719 1983 ἠν
1743 1937 1802 1974 καὶ
1821 1940 1864 1982 ἡο
1851 1937 1926 1988 ονῇ
1946 1938 2077 1988 π1λλῆ·
2095 1937 2180 1980 τέως
2192 1936 2260 1990 γὰρ
2279 1940 2322 1989 τῇ

1299 1997 1460 2041 εσθῆτι”
1441 2013 1560 2050 εχαιρε
1580 2001 1622 2049 τῇ
1650 2001 1818 2051 λαμπρᾷ·
1833 1997 1895 2044 τὴν
1923 2001 2050 2049 χρῆσιν
2069 1998 2104 2036 33
2132 1999 2238 2045 αὐτῆς
2262 2001 2323 2037 οὐκ

1299 2057 1400 2108 ἔχων,
1426 2061 1501 2097 ἀλλ’
1526 2062 1613 2111 ὁρῶν
1632 2060 1750 2097 ἑαυτὸν
1769 2058 2016 2109 ἀποδυόμενον,
2035 2059 2135 2110 ἤλγει
2161 2059 2220 2097 καὶ
2240 2059 2322 2098 ἐδά-

1301 2132 1411 2156 κνετο.
1434 2119 1590 2163 Ἐκεῖνος
1615 2121 1683 2159 335
1703 2120 1912 2166 ἀναλίσκων,
1929 2119 1988 2156 καὶ
2015 2119 2077 2165 τὴν
2103 2120 2230 2158 οἰκείαν
2261 2122 2322 2157 εὐ-

1299 2178 1451 2229 πραγίαν
1479 2180 1606 2232 μικρὰν
1629 2185 1711 2234 ὅρᾷν
1737 2182 1821 2235 πρὸς
1846 2180 1909 2227 τὴν
1943 2179 2073 2219 ἐκείνου
2103 2180 2225 2219 ἐδόκει.
2254 2181 2323 2219 Διὰ

1299 2241 1399 2276 τοῦτο
1429 2243 1471 2290 τῇ
1503 2242 1670 2294 ὑστεραίᾳ
1709 2241 1940 2279 ἀντιδιδόασιν
1970 2241 2154 2288 ἀλλήλοις,
2186 2242 2245 2278 καὶ
2283 2243 2322 2280 τὸ

1298 2296 1401 2335 πλέον
1416 2301 1476 2344 τῆς
1491 2300 1638 2350 ἀθυμίας
1659 2302 1786 2343 ἐκεῖνος
1807 2300 1958 2351 δέχεται.
1979 2300 2023 2337 Εἰ
2043 2300 2078 2337 33
2101 2302 2134 2337 ἐν
2151 2305 2221 2341 τοῖς
2239 2299 2320 2343 ἔξω·

1299 2359 1352 2395 θεν
1369 2360 1540 2407 τοσαύτην
1558 2361 1630 2414 ἔχει
1644 2361 1766 2408 ἀηδίαν
1783 2360 1827 2399 τὰ
1841 2360 2012 2412 τέρποντα
2029 2389 2037 2407 ,
2058 2360 2102 2397 τὰ
2123 2361 2158 2398 33
2179 2359 2320 2398 ἐπιστύ-

1298 2435 1404 2471 φοντα
1424 2422 1607 2474 ὠφέλειαν,
1627 2424 1745 2474 πολλῷ
1764 2423 1895 2471 μᾶλλον
1914 2424 1947 2458 ἐν
1967 2426 2038 2463 τοῖς
2057 2426 2319 2470 πνευματικοῖς.

1299 2481 1364 2518 Δια
1384 2485 1483 2520 τοῦτο
1502 2483 1620 2533 μηδεὶς
1652 2485 1841 2533 ἀγανακτεῖ
1872 2487 1942 2525 τοῖς
1973 2482 2112 2532 νόμοις,
2134 2480 2224 2518 ἀλλὰ
2258 2481 2318 2518 καὶ

1271 2566 1274 2569 ·
1298 2542 1412 2590 κοινὴν
1433 2543 1600 2596 ὠφέλειαν
1618 2544 1766 2586 ἅπαντες
1782 2544 1932 2581 τίθενται
1948 2542 1987 2580 τὸ
2005 2549 2165 2594 πρᾶγμα.
2187 2544 2239 2580 Οὐ
2252 2542 2318 2593 γὰρ

1299 2603 1439 2642 ἄλλοθέν
1457 2608 1558 2642 ποθεν
1574 2604 1659 2648 ξένοι
1674 2605 1732 2642 καὶ
1748 2604 1908 2654 πολέμιοι
1929 2607 1997 2641 τῶν
2019 2603 2317 2654 νομοθετουμένων

1299 2665 1451 2708 ἐλθόντες
1467 2670 1576 2703 ταῦτα
1592 2665 1811 2713 διετάξαντο,
1833 2667 1908 2703 ἀλλ’
1927 2664 2024 2702 αὐτοὶ
2052 2666 2082 2702 οἱ
2102 2666 2265 2712 πολῖται,
2287 2667 2318 2702 οἳ

1297 2728 1507 2778 προστάται,
1522 2730 1552 2765 οἱ
1569 2727 1753 2777 κηδεμόνες
1771 2742 1777 2749 ·
1801 2727 1859 2763 καὶ
1875 2730 1974 2764 τοῦτο
1997 2724 2170 2775 σωτηρίας
2187 2725 2246 2762 καὶ
2263 2727 2317 2762 εὖ·

1296 2789 1388 2832 νοίας
1407 2805 1442 2826 τε
1447 2805 1593 2841 κμηριον
1622 2788 1804 2840 τυγχάνειν
1834 2791 2017 2838 ηγοιῐνται,
2047 2786 2086 2823 τὸ
2107 2785 2231 2835 νόμους
2256 2784 2315 2823 θέ-

1297 2850 1560 2888 σθαι.11αίτοι
1550 2865 1588 2901 (ε
1616 2849 1789 2890 κολάσεως
1805 2864 1835 2885 οι
1854 2847 1952 2897 νόμοι
1984 2846 2147 2897 κε’μουσι,
2168 2845 2226 2906 κωαὶ
2255 2848 2317 2884 οὐκ

1295 2910 1386 2948 ἔστιν
1408 2913 1495 2961 ευρει
1497 2927 1514 2946 ν
1547 2910 1651 2960 νόμον
1685 2908 1859 2950 κολάσεως
1890 2906 2009 2959 χωρίς.
2039 2907 2124 2948 Πως
2161 2908 2218 2943 οὖν
2251 2921 2314 2943 ουκ

1296 2971 1436 3018 ατοπον,
1456 2970 1535 3014 τους
1562 2970 1603 3021 μὲ
1606 2987 1622 3007 ν
1643 2969 1791 3011 εκείνους
1810 2967 1843 3004 ἐζ
1831 2967 2058 3018 ηγ·ο1υιένους
2072 2982 2149 3009 τους
2169 2966 2312 3016 νόμους,

1293 3047 1351 3069 και
1372 3047 1531 3084 σωτηρας
1547 3047 1605 3069 και
1620 3033 1697 3082 εὐερ
1699 3028 1801 3080 (ε’τας
1821 3044 1880 3065 και
1901 3052 1919 3065 1.
1896 3043 2092 3079 ροστατας
2113 3028 2313 3074 ἀποκαλεῖν,

1292 3108 1384 3142 ημας
1405 3090 1440 3128 33
1459 3094 1574 3142 βαρεῖς
1592 3105 1687 3132 τινας
1714 3105 1773 3126 και
1792 3089 1863 3139 χαλ
1865 3102 1965 3130 επους
1984 3090 2047 3138 {fs
2033 3086 2189 3134 εἶσθαι,
2174 3103 2212 3123 αν
2237 3102 2315 3129 τους

1292 3168 1351 3191 του
1371 3155 1462 3191 Θεοῦ
1485 3167 1609 3202 νομους
1637 3153 1674 3188 λε
1661 3150 1814 3201 ζγωυεν,
1829 3147 1943 3185 ςὈταν
1975 3163 2041 3199 γαρ
2077 3164 2156 3200 περι
2177 3146 2315 3198 γεέννης

1292 3213 1531 3263 Ριαλεγώμεθα
1544 3242 1553 3259 ,
1570 3211 1717 3253 ἐκείνους
1739 3209 1815 3251 τοὺς
1834 3208 1957 3257 νόμους
1974 3212 2131 3258 κινοῦμεν
2148 3223 2155 3230 ·
2176 3207 2235 3244 καὶ
2252 3223 2312 3244 κα-

1292 3275 1400 3326 θάπερ
1416 3277 1446 3311 οἱ
1467 3274 1587 3317 ἔξωθεν
1606 3271 1683 3314 τοὺς
1700 3269 1873 3322 φονικοὺς,
1891 3268 1968 3312 τοὺς
1987 3269 2066 3319 περὶ
2087 3268 2311 3312 λωποδυτῶν,

1289 3334 1366 3378 τοὺς
1387 3350 1556 3385 Ιοιμικους
1571 3364 1580 3380 ,
1600 3333 1660 3370 καὶ
1678 3331 1812 3373 πάντας
1837 3329 1913 3373 τοὺς
1929 3329 2099 3372 τοιούτους
2114 3359 2123 3375 ,
2145 3327 2234 3366 οὕτω
2253 3328 2312 3365 καὶ

1290 3404 1389 3452 ἡμεῖς
1408 3417 1485 3443 τους
1513 3398 1764 3446 κολαστικους,
1795 3414 1851 3440 ους
1880 3399 1939 3435 οὒκ
1969 3396 2147 3448 ἄνθρωπος
2178 3395 2311 3440 ἔθηκεν,
