2502 3810
373 271 460 317 506
837 286 874 315 s.
912 284 1095 314 smmis
1130 283 1370 312 cnm'sosr.
1412 284 1618 314 anonim).
1655 286 2009 317 consummor.

368 381 476 417 retur,
493 385 559 408 non
577 384 612 407 se
627 370 745 406 statim
764 369 809 406 ad
828 370 1058 421 supplicium,
1080 378 1116 406 ut
1132 376 1344 420 exspectan-

368 433 455 468 dum
473 431 676 478 videbatur,
701 430 863 481 conjecit,
888 430 950 468 sed
971 430 1019 467 ad
1037 444 1112 467 rem
1134 429 1345 477 suaviorem,

369 505 492 541 nempe
516 490 785 527 retributionem
814 491 1011 539 bonorum,
1040 504 1236 528 sermonem
1259 503 1345 526 con-

367 551 473 588 vertit
487 551 553 588 hoc
571 560 673 602 pacto
691 567 698 587 :
718 554 772 589 Iis
788 553 955 602 quidem,
974 554 1040 603 qui
1059 552 1347 601 secundumpa-

368 615 543 648 tientiam
569 614 659 648 boni
682 615 818 663 operis,
845 612 1011 663 gloriam
1034 620 1070 649 et
1101 613 1284 648 honorem
1313 618 1347 647 et

368 675 692 738 zncortziptionem
709 681 900 724 quaerunt,
917 675 1042 709 vitam
1059 680 1254 709 ceter-nam.
1279 671 1347 707 Hic

368 746 439 780 eos,
462 732 523 781 qui
545 732 580 769 in
603 731 854 769 tentationibus
867 731 985 769 animo
1000 730 1344 780 defecelant,e1igit,

1359 763 1406 788 1⁴64

1419 368 1502 412 θέως
1528 371 1590 407 οὒκ
1616 371 1661 412 εἷς
1682 369 1722 407 τὸ
1745 370 2030 422 προσδοκώμενον
2058 369 2198 407 ἐνέὲαλε
2230 367 2292 415 τὴν
2321 381 2433 418 τιμον

1420 428 1510 478 ρίαν,
1532 431 1609 467 ἀλλ’
1626 429 1684 467 ἐπὶ
1699 429 1738 467 τὸ
1754 429 1914 483 ἡδύτερον
1931 431 2052 482 ἔτρεψε
2077 430 2134 468 τὸν
2151 428 2266 479 λόγον,
2282 428 2346 474 τὴν
2365 432 2435 465 τῶν

1418 490 1555 539 ἀγαθῶν
1576 490 1759 534 ἀντίδοσιν,
1780 490 1867 528 οὕτω
1885 490 1994 542 λέγων
2007 506 2015 514 ·
2044 493 2128 533 Τοῖς
2156 489 2218 540 μὲν
2237 491 2314 527 καθ’
2344 491 2436 527 ὓπο-

1420 549 1527 598 μονὴν
1550 550 1649 602 ἔργου
1674 552 1802 602 ἀγαθοῦ
1830 551 1928 594 δόξαν
1956 550 2015 588 καὶ
2040 550 2146 602 τιμὴν
2163 550 2223 588 καὶ
2241 549 2434 601 ἀφθαρσίαν

1419 612 1583 657 ζητοῦσι,
1611 609 1873 656 ζωὴν,αἷώνιον.
1905 612 2078 648 Ἐνταῦθα
2110 610 2169 648 καὶ
2198 611 2277 653 τοὺς
2305 612 2437 648 ἀναπε-

1419 669 1601 711 πτωκότας
1630 672 1665 707 ἐν
1697 677 1767 714 τοῖς
1797 677 2004 723 πειρασμοῖς
2035 671 2253 717 διανίστησι,
2287 669 2346 708 καὶ
2371 669 2438 706 δεί-

1419 745 1549 776 κνυσιν,
1573 729 1626 768 ὅτι
1644 731 1683 768 οὔ
1701 730 1770 782 χρὴ
1793 734 1835 782 τῇ
1855 730 1972 768 πίστει
1996 734 2130 784 θαρρεῖν
2148 730 2267 780 μόνον·
2294 729 2436 781 καὶγὰρ

367 793 586 844 ostenditque
605 807 671 830 non
691 801 850 845 oportere
865 792 899 831 in
920 792 991 830 fide
1010 792 1083 829 sola
1099 761 1268 829 fiduciam
1283 792 1346 828 ha-
1371 799 1397 828 A
1420 791 1479 828 καὶ
1503 790 1660 843 πράξεών
1686 794 1760 830 ἐστι
1784 792 1823 829 τὸ
1840 791 2060 843 δικαστήριον
2078 794 2186 832 ἐκεῖνο
2206 790 2436 834 ἐξεταστικόν.

366 855 449 892 bere
469 871 476 890 :
495 868 575 891 nam
589 854 746 891 tribunal
765 854 855 892 illud
869 863 944 892 acta
959 853 1150 891 examinat.
1165 852 1346 904 Perpende

368 916 483 962 illum,
511 929 592 953 cum
622 916 666 953 de
691 916 819 953 futuris
837 916 1009 966 loquitur,
1036 929 1105 953 non
1126 929 1226 967 posse
1254 915 1347 952 clare

367 976 458 1014 bona
479 977 538 1014 illa
568 976 761 1028 explicare,
782 976 843 1014 scd
864 976 1014 1027 gloriam
1041 985 1074 1014 et
1095 976 1265 1013 honorem
1286 975 1347 1012 di—

369 1051 458 1074 cere.
486 1038 578 1084 Quia
610 1037 703 1083 enim
733 1038 825 1075 bona
850 1037 1005 1074 humana
1034 1037 1139 1088 longe
1168 1045 1347 1088 superant,

369 1098 505 1135 nullam
533 1098 639 1135 habet
670 1098 861 1149 imaginem
891 1113 997 1149 quam
1028 1098 1138 1149 possit
1162 1097 1345 1145 adhibere;

370 1158 432 1195 sed
452 1159 497 1196 ab
519 1159 577 1208 iis,
598 1172 673 1208 quae
693 1158 789 1210 apud
812 1172 873 1196 nos
893 1158 1137 1210 splendidiora
1162 1157 1345 1206 videntur,

369 1218 431 1255 illa
442 1228 632 1268 utcumque
644 1218 824 1270 exprimit,
837 1233 854 1256 a
870 1218 994 1269 gloria,
1005 1218 1049 1256 31)
1061 1218 1205 1265 honore,
1218 1231 1235 1254 3
1250 1218 1323 1255 vita
1340 1233 1347 1252 ε

368 1277 431 1315 1113
459 1278 552 1316 enim
581 1279 670 1315 inter
698 1293 751 1315 res
775 1279 946 1315 humanas
965 1287 1189 1329 expetuntur.
1211 1279 1349 1316 Verum

369 1339 518 1377 caelestia
538 1354 605 1377 non
619 1339 825 1391 hujusmodi
839 1349 920 1376 sunt
926 1354 937 1388 5
953 1339 1013 1376 sed
1032 1339 1087 1376 his
1105 1353 1143 1375 eo
1158 1347 1239 1376 sunt
1258 1353 1348 1390 prae-

168 1403 354 1430 Resurrectio
367 1400 549 1449 stantiora,
566 1400 662 1450 quod
678 1400 748 1437 sint
767 1399 1052 1451 incorruptibilia
1071 1408 1104 1436 et
1120 1399 1347 1436 immortalia.

169 1454 335 1480 ΕΟΓΓΟΙΠΠΊ.

367 1460 497 1500 Viden'
521 1470 559 1497 ut
585 1460 687 1498 nobis
708 1460 752 1497 de
775 1460 1028 1497 resurreetione
1047 1473 1235 1510 corporum
1255 1459 1348 1497 fores

367 1522 564 1574 aperuerit,
599 1535 677 1559 cum
709 1520 1009 1571 incorruptionem
1038 1519 1152 1556 dicit?
1190 1519 1349 1556 incorru-

367 1583 442 1634 ptio
458 1583 552 1620 enim
570 1583 632 1620 illa
659 1581 814 1632 corrupti
842 1580 999 1631 corporis
1022 1589 1083 1617 est.
1107 1580 1245 1616 Deinde
1265 1580 1347 1630 quia

365 1644 432 1681 hoc
462 1658 530 1681 non
559 1643 643 1680 satis
664 1651 750 1688 erat,
774 1641 914 1678 addidit
939 1640 1088 1691 gloriam
1114 1649 1146 1678 et
1165 1641 1344 1678 honorem.

364 1705 496 1741 Omnes
509 1704 603 1740 enim
617 1716 841 1753 resurgemus
851 1701 1058 1753 incorrupti,
1073 1700 1133 1738 sed
1146 1715 1214 1738 non
1226 1715 1346 1739 omncs

363 1763 408 1801 ad
424 1764 590 1815 gloriam,
607 1763 670 1801 sed
692 1763 752 1801 alii
774 1762 820 1801 ad
840 1761 1075 1813 supplicium,
1101 1762 1160 1799 alii
1185 1762 1232 1799 ad
1262 1762 1344 1812 glo-

362 1826 464 1863 riam.
485 1825 520 1863 8.
547 1827 600 1863 Iis
628 1838 735 1873 vero,
763 1826 830 1875 qui
858 1837 904 1860 ez·
929 1825 1193 1869 contentione,
1216 1822 1342 1873 inquit.

362 1887 499 1923 Rursus
514 1886 607 1923 enim
629 1885 731 1923 venia
750 1885 868 1937 privat
889 1898 957 1932 eos,
974 1884 1035 1935 qui
1055 1884 1088 1921 in
1108 1883 1265 1934 nequitia
1284 1883 1343 1922 vi-

365 1955 465 1995 vunt,
488 1955 521 1983 et
550 1945 702 1984 ostendit
731 1959 790 1983 eos
818 1959 863 1982 ex
890 1944 1110 1982 contentione
1137 1944 1291 1994 quadam
1310 1954 1344 1982 et

361 2006 504 2058 ignavia
538 2006 582 2044 ad
620 2006 815 2058 nequitiam
848 2005 1030 2044 decidisse.
1063 2007 1117 2043 Et
1156 2019 1231 2042 non
1271 2020 1341 2043 ac—

362 2071 562 2119 quiescunt
588 2070 769 2114 veritati,
792 2068 953 2104 credunt
977 2075 1105 2104 autem
1125 2069 1338 2118 iniquitati.

360 2128 454 2166 Ecce
466 2129 573 2166 aliam
592 2142 714 2165 rursus
734 2127 1004 2165 accusationem.
1025 2128 1141 2173 Quam
1162 2127 1256 2165 enim
1275 2142 1340 2165 ex-

362 2190 576 2226 cusationem
595 2188 757 2226 habuerit
786 2188 836 2235 is,
859 2188 918 2237 qui
939 2188 1054 2225 lucem
1075 2188 1169 2238 fugit
1191 2197 1225 2225 et
1244 2198 1342 2226 tene-

361 2248 443 2285 bras
461 2248 610 2298 deligit?
626 2249 747 2297 Neque
762 2246 861 2293 dicit,
880 2246 930 2285 Vi
947 2247 1130 2298 impulsos,
1147 2248 1200 2285 vel
1218 2257 1342 2299 tyran-

363 2308 456 2357 nide,
476 2309 533 2346 sed
551 2309 754 2346 Credentes
773 2309 994 2358 iniquitati;
1012 2316 1048 2344 ut
1065 2307 1198 2344 ediscas
1215 2309 1342 2345 volun-

361 2369 443 2407 tatis
461 2384 535 2407 csse
554 2370 707 2421 lapsum,
724 2382 793 2406 non
806 2367 1022 2405 necessitatis
1042 2368 1188 2405 crimen.
1206 2370 1340 2406 9.Trc'-

363 2432 508 2468 bulatio
525 2440 559 2468 et
587 2432 769 2481 angustia
793 2443 906 2480 super
921 2442 1069 2465 omnem
1087 2431 1260 2466 animam
1276 2431 1342 2467 lzo-

363 2496 475 2531 minis
488 2495 681 2544 operantis
702 2492 862 2528 malum.
887 2490 928 2528 Id
955 2499 1028 2538 est,
1046 2491 1127 2528 licet
1153 2491 1341 2542 opulentus

361 2555 440 2604 quis
460 2554 577 2600 fuerit,
594 2553 675 2590 licet
691 2552 825 2600 consul,
844 2551 926 2588 licet
942 2565 1019 2601 rex,
1046 2552 1221 2589 neminem
1243 2566 1343 2589 reve-

362 2624 459 2652 retur
471 2614 600 2665 judicii
618 2613 708 2650 ratio
732 2630 739 2650 ι
762 2626 830 2649 11011
852 2612 911 2649 hic
929 2612 1047 2649 locum
1069 2612 1197 2649 liabent
1220 2612 1339 2663 digni-

361 2687 460 2715 tates.
480 2679 571 2716 Cum
592 2690 674 2727 ergo
692 2674 807 2713 morbi
830 2675 1087 2712 vehementiam
1105 2675 1339 2725 exhibuisset,

361 2747 394 2776 et
415 2752 556 2776 causam
577 2735 790 2781 addidisset,
821 2749 946 2786 nempe
969 2736 1215 2786 aegrotantium
1243 2736 1341 2788 igna-

363 2799 473 2844 viam;
501 2807 534 2834 et
562 2796 668 2833 finem
701 2810 857 2846 quoque,
886 2795 983 2845 quod
1007 2795 1141 2833 scilicet
1170 2797 1340 2848 pernicies

362 2859 443 2896 illos
467 2867 655 2909 exceptura
678 2857 737 2905 sit,
758 2870 892 2894 necnon
914 2856 1169 2894 emendationis
1187 2857 1341 2896 facilita—

363 2929 433 2956 tem
446 2935 452 2955 :
465 2919 631 2958 Judaeum
643 2918 807 2955 rursusin
823 2917 998 2969 supplicio
1010 2927 1190 2969 aggravat.
1202 2920 1340 2956 Judoeo

360 2983 526 3031 primum
547 2988 582 3016 et
600 2979 747 3017 Graeco.
768 2980 858 3016 Nam
875 2978 937 3028 qui
950 2980 1081 3030 majore
1100 2979 1258 3017 imbutus
1274 2980 1342 3017 fuit

362 3043 535 3089 doctrina,
554 3042 679 3094 majori
695 3041 870 3092 supplicio
888 3040 1018 3092 dignus
1037 3042 1157 3089 fuerit,
1178 3043 1206 3081 si
1222 3042 1342 3093 inique

361 3112 455 3154 agat.
487 3105 609 3153 Itaque
632 3111 762 3152 quanto
792 3101 1036 3153 prudentiores
1061 3104 1343 3155 potentioresque

363 3178 498 3211 sumus,
517 3172 612 3200 tauto
625 3162 737 3213 magis
752 3162 922 3213 punimur
941 3162 969 3199 si
985 3177 1180 3214 peccemus.
1199 3165 1342 3203 Etenim

363 3225 390 3262 si
408 3225 508 3263 dives
528 3239 574 3271 es,
591 3225 710 3276 plures
729 3238 749 3260 a
775 3232 807 3260 te
825 3223 1011 3273 exigentur
1035 3226 1210 3277 pecuniae,
1235 3241 1343 3277 quam

1371 1403 1395 1433 B

1366 2126 1389 2156 C

1366 2800 1390 2829 D

408 3362 419 3373 ⁸
445 3359 455 3399 [
472 3366 546 3397 ζωήν
559 3360 593 3390 Α.
612 3365 644 3388 et
660 3368 763 3399 marg.
781 3357 997 3401 Savil.,q==od
1017 3360 1253 3401 praeferendum
1270 3362 1358 3394 vide-

364 3408 617 3441 iur.v.lt1auh.
641 3410 699 3445 25,
719 3410 796 3450 46]

1419 849 1516 902 “Opez
1544 851 1578 889 δὲ
1608 851 1710 889 αὐτὸν
1732 851 1812 889 ὅταν
1827 852 1908 904 περὶ
1922 855 1990 889 τῶν
2007 851 2201 902 μελλόντων
2219 850 2437 901 διαλέγηται,

1421 910 1468 960 μὴ
1490 911 1674 961 δυνάμενον
1690 914 1822 963 τρανῶς
1836 914 1942 950 εἰπεῖν
1957 911 2000 949 τὰ
2016 911 2141 962 ἀγαθὰ,
2159 911 2248 949 ἀλλὰ
2263 911 2322 948 καὶ
2336 910 2437 954 δόξαν

1419 971 1478 1009 καὶ
1495 972 1599 1021 τιμὴν
1617 972 1774 1023 λέγοντα.
1795 972 1940 1018 Ἐπειδὴ
1957 972 2025 1025 γὰρ
2041 973 2157 1010 πάντα
2172 972 2373 1023 ὑπερβαίνει
2392 971 2436 1009 τὰ

1419 1031 1641 1083 ἀνθρώπινα,
1670 1034 1732 1069 οὐκ
1761 1032 1834 1084 ἔχει
1861 1033 1974 1070 εἰκόνα
2003 1035 2116 1070 αὐτῶν
2143 1034 2294 1070 ἐντεῦθεν
2316 1031 2436 1080 δεῖξαι,

1421 1093 1496 1128 ἀλλ’
1524 1093 1593 1131 ἀπὸ
1621 1096 1689 1130 τῶν
1719 1093 1907 1131 δοκούντων
1938 1088 2023 1131 εἶναι
2046 1095 2217 1143 λαμπρῶν
2237 1093 2320 1145 παρ’
2336 1093 2434 1143 ἡμῖν,

1420 1153 1489 1190 ἀπὸ
1502 1153 1630 1190 τούτων
1647 1153 1734 1191 αὐτὰ
1747 1183 1756 1199 ,
1783 1156 1828 1195 ὡς
1854 1156 2000 1205 ἐγχωρεῖ
2015 1183 2024 1199 ,
2051 1154 2275 1205 παρίστησιν,
2290 1153 2359 1190 ἀπὸ
2373 1156 2435 1198 τῆς

1420 1212 1538 1261 δόξης,
1559 1214 1627 1252 ἀπὸ
1644 1217 1705 1260 τῆς
1721 1218 1841 1265 τιμῆς,
1865 1216 1934 1253 ἀπὸ
1947 1218 2008 1260 τῆς
2022 1217 2130 1260 ζωῆς·
2151 1218 2262 1252 ταῦτα
2276 1214 2343 1266 γάρ
2361 1217 2435 1252 ε’στι

1418 1290 1460 1311 τα
1476 1274 1666 1326 ἀνθρώποις
1681 1275 1973 1326 περισπούδαστα.
1995 1275 2085 1313 Αλλ
2101 1278 2138 1313 οὐ
2152 1279 2267 1312 τοιαυτ
2273 1290 2293 1311 α
2308 1274 2435 1321 εκεῖνα,

1419 1334 1508 1371 ἀκλα
1538 1337 1656 1384 nome)
1687 1336 1811 1386 βελτίω
1837 1335 1979 1381 τούτων,
2007 1335 2078 1373 ο’σι)
2104 1350 2163 1373 και
2192 1335 2351 1386 ἄφθαρτα
2375 1350 2436 1372 και

1418 1393 1586 1432 ἀθοίνατα.
1615 1389 1715 1439 Εἶδες
1729 1412 1801 1439 πως
1813 1411 1872 1433 και
1887 1395 1947 1438 τὰς
1963 1411 2004 1432 πε
2012 1411 2072 1448 ριτ
2062 1411 2115 1441 ης
2131 1395 2352 1438 ἀναστάσεως
2366 1412 2436 1433 των

1418 1454 1591 1505 σωμάτων
1615 1460 1698 1505 ἡμῖν
1726 1456 1828 1507 θύρας
1851 1456 2009 1508 ἀνέῳξεν,
2039 1456 2231 1507 ἀφθαρσίαν
2254 1455 2383 1494 εἰπών·
2375 1487 2384 1504 ,
2411 1461 2433 1503 ἦ

1416 1531 1483 1588 γαρ
1511 1516 1686 1568 ἀφθαρσία
1704 1532 1763 1553 του
1784 1517 2005 1570 φθειροαενου
2023 1516 2183 1567 σώματός
2198 1519 2303 1555 ἐστιν.
2332 1511 2435 1565 Εἶτα,

1416 1575 1534 1621 ἐπειδὴ
1563 1578 1624 1613 οὐκ
1650 1576 1750 1628 ἤρκει
1778 1592 1891 1623 τουτο,
1907 1577 2103 1627 προσέθηκε
2125 1577 2225 1621 δόξαν
2242 1593 2377 1628 καιτιυ.
2379 1578 2434 1624 ἡν.

1414 1635 1550 1679 Ποίντες
1575 1635 1641 1687 γὰρ
1669 1636 1937 1686 ἀναστησόμεθα
1954 1637 2134 1689 ἄφθαρτοι,
2161 1636 2239 1675 ἀλλ
2254 1639 2291 1675 οὗ
2309 1638 2436 1681 πάντες

1415 1698 1461 1739 εἷς
1485 1696 1628 1745 *δόξαῃ
1660 1699 1737 1734 ἀλλ’
1767 1700 1798 1735 οἱ
1830 1697 1891 1748 μὲν
1914 1700 1960 1741 εἷς
1991 1698 2147 1745 κόλασιν,
2169 1700 2199 1737 οἱ
2225 1699 2260 1737 δὲ
2294 1701 2341 1742 εἷς
2369 1699 2432 1737 δό-

1414 1756 1484 1801 ξαν.
1533 1759 1616 1801 Τοῖς
1649 1757 1683 1796 δὲ
1714 1757 1747 1802 ἐξ
1784 1758 1942 1810 ἐριθείας,
1973 1759 2068 1810 φησί.
2114 1759 2228 1797 Πάλιν
2257 1759 2325 1811 γὰρ
2347 1762 2432 1797 ἀπο-

1412 1824 1526 1868 στερεῖ
1554 1818 1759 1869 συγγνώμης
1786 1818 1865 1861 τοὺς
1894 1822 1928 1857 ἐν
1958 1819 2064 1870 κακία
2098 1821 2250 1865 ζῶντας,
2278 1820 2337 1857 καὶ
2363 1820 2430 1858 δεί-

1413 1893 1530 1916 κνυσιν
1573 1879 1640 1917 ἀπὸ
1682 1879 1890 1931 φιλονεικίας
1927 1880 2017 1923 τινὸς
2059 1880 2117 1918 καὶ
2161 1881 2330 1932 ῥᾳθυμίας
2372 1882 2430 1919 ἐπὶ

1413 1938 1475 1985 τὴν
1511 1940 1678 1992 πονηρίαν
1716 1940 1916 1984 πίπτοντας.
1963 1940 2032 1979 Καὶ
2070 1944 2250 1979 ἀπειθοῦσι
2287 1942 2349 1992 μὲν
2385 1945 2428 1993 τῇ

1414 2000 1581 2054 ἀληθεία,
1609 2001 1824 2052 πειθομένοις
1847 2001 1883 2038 δὲ
1913 2004 1955 2053 τῇ
1977 2001 2105 2055 ἀδικία.
2134 2002 2222 2040 Ἰδοὺ
2250 2002 2309 2040 καὶ
2329 2002 2430 2053 ἑτέρα

1412 2061 1604 2112 κατηγορία
1622 2062 1740 2100 πάλιν.
1769 2061 1879 2099 Ποίαν
1900 2061 1967 2113 γὰρ
1991 2062 2180 2114 ἀπολογίαν
2200 2062 2238 2100 ἂν
2263 2062 2337 2115 ἔχοι
2355 2066 2373 2101 ὃ
2391 2063 2432 2100 τὸ

1413 2125 1483 2174 φῶς
1499 2122 1646 2174 φεύγων,
1664 2122 1722 2160 καὶ
1740 2123 1780 2160 τὸ
1801 2121 1920 2166 σκότος
1943 2123 2165 2175 αἱρούμενος,
2186 2124 2255 2162 Καὶ
2275 2126 2336 2162 οὐκ
2355 2119 2430 2162 εἷπε

1413 2183 1634 2234 βιαζομένους
1660 2184 1719 2222 καὶ
1743 2184 2048 2236 τυραννουμένους,
2080 2184 2170 2223 ἀλλὰ
2199 2186 2432 2236 Πειθομένους

1411 2245 1453 2293 τῇ
1476 2243 1607 2294 ἀδικίᾳ·
1640 2244 1697 2281 ἵνα
1725 2245 1858 2296 μάθῃς,
1888 2246 1939 2283 ὅτι
1966 2245 2200 2297 προαιρέσεως
2228 2246 2267 2284 τὸ
2286 2250 2429 2298 πτῶμα,

1411 2305 1472 2340 οὐκ
1490 2304 1642 2353 ἀνάγκης
1661 2304 1698 2341 τὸ
1719 2304 1890 2354 ἔγκλημα.
1920 2305 2049 2354 Θλίψις
2063 2306 2122 2342 καὶ
2139 2306 2351 2359 στενοχωρία
2371 2307 2431 2345 ἐπὶ

1410 2371 1525 2402 πᾶσαν
1540 2365 1655 2416 ψυχὴν
1670 2364 1850 2416 ἀνθρώπου
1866 2370 1925 2402 τοῦ
1940 2367 2237 2416 κατεργαζομένου
2253 2369 2292 2404 τὸ
2309 2369 2428 2405 κακόν·

1411 2424 1579 2471 τουτέστι,
1601 2425 1664 2461 κᾶν
1685 2424 1828 2477 εὔπορός
1847 2441 1898 2467 τις
1922 2420 1965 2476 ἦ,
1995 2425 2057 2462 κᾶν
2086 2425 2236 2474 ὕπατος,
2259 2427 2322 2465 κᾶν
2342 2431 2428 2465 θαύ-

1412 2486 1614 2528 τοὲασιλεὺς
1626 2517 1635 2533 ,
1656 2486 1776 2524 οὐδένα
1795 2489 1812 2523 ὃ
1831 2489 1892 2532 τῆς
1912 2487 2057 2528 κτίσεως
2073 2488 2283 2525 δυσωπεῖται
2307 2489 2406 2539 λόγος
2421 2506 2430 2513 ·

1412 2548 1571 2597 οὐδεμίαν
1592 2547 1658 2599 γὰρ
1678 2550 1821 2585 ἐνταῦθα
1837 2547 1955 2598 χώραν
1974 2548 2017 2586 τὰ
2037 2548 2219 2598 ἀξιώματα
2239 2550 2322 2601 ἔχει.
2349 2550 2430 2588 Δεί-

1413 2607 1471 2651 ξας
1494 2608 1605 2645 τοίνυν
1628 2608 1691 2653 τὴν
1710 2608 1903 2659 ὓπερὸολὴν
1924 2612 1986 2655 τῆς
1999 2610 2102 2648 ’νόσου
2118 2641 2127 2657 ,
2154 2610 2213 2648 καὶ
2234 2611 2296 2657 τὴν
2315 2611 2428 2649 αἰτίαν

1412 2670 1592 2720 προσθεὶς,
1619 2668 1672 2707 ὅτι
1692 2668 1759 2706 ἀπὸ
1783 2670 1949 2722 ῥᾳθυμίας
1969 2674 2037 2708 τῶν
2058 2665 2340 2724 ἀρρωστούντων.
2370 2674 2428 2710 καὶ

1412 2730 1451 2767 τὸ
1467 2730 1583 2776 τέλος,
1615 2731 1668 2768 ὅτι
1688 2730 1844 2767 ἀπώλεια
1863 2730 1984 2774 αὐτοὺς
2003 2732 2213 2779 διαδέξεται,
2238 2732 2297 2770 καὶ
2316 2732 2355 2770 τὸ
2375 2734 2428 2771 εὔ-

1413 2792 1512 2828 κολον
1533 2793 1594 2835 τῆς
1617 2790 1827 2842 διορθώσεως
1840 2821 1849 2837 ,
1868 2789 1992 2842 ι’βαρεῖ
2011 2791 2115 2829 ποίλιν
2136 2792 2194 2828 καὶ
2214 2793 2247 2829 ἐν
2264 2795 2306 2842 τῇ
2326 2793 2429 2831 κολά-

1414 2865 1465 2887 σει
1479 2851 1533 2888 τὸν
1550 2852 1723 2888 Ἰουδαῖον.
1738 2851 1904 2889 Ἰουδαίου
1916 2866 1953 2888 τε
1967 2854 2102 2903 πρῶτον
2114 2852 2172 2889 καὶ
2184 2851 2370 2899 ἽΞλληνος.
2383 2853 2429 2891 ‘O

1413 2911 1479 2962 γὰρ
1500 2911 1655 2953 πλείονος
1673 2911 1871 2954 ἀπολαυσας
1887 2927 1947 2957 της
1961 2911 2207 2960 διδασκαλίας,
2231 2913 2370 2963 μείζονα
2389 2913 2428 2950 ἂν

1414 2971 1465 3018 εἴη
1483 2986 1541 3008 και
1561 2972 1732 3022 τιμωρίαν
1757 2971 1848 3014 ἄξιος
1869 2975 2076 3022 ὑπομεῖναι
2065 2977 2290 3026 παρανομῶν.
2317 2973 2429 3012 (Ώστε

1414 3032 1483 3083 δ’σῳ
1503 3032 1542 3068 ἂν
1573 3048 1795 3084 συνετωτεροι
1825 3035 1918 3082 ὠμεν
1940 3032 1962 3077 ·P,
1995 3033 2245 3085 δυνατώτεροι,
2267 3038 2428 3072 τοσοῦτον

1413 3093 1628 3142 κολαζόμεθα
1649 3094 1817 3143 μαλλοιε
1801 3109 2067 3145 αυ.αρτανοντες.
2100 3095 2170 3132 Και
2189 3094 2256 3146 γὰρ
2276 3097 2307 3132 εἷ
2327 3095 2432 3133 πλού-

1414 3175 1485 3202 σιος
1513 3155 1561 3207 εἷ,
1589 3159 1731 3198 πλείονα
1757 3160 1979 3211 ἀπαιτηθησῃ
2008 3161 2176 3212 χρήματα
2196 3165 2254 3199 τοῦ
2273 3162 2430 3209 πένητος,

1412 3227 1470 3264 καὶ
1492 3230 1521 3265 εἰ
1541 3226 1784 3278 συνετώτερος,
1817 3226 1955 3277 μείζονα
1981 3227 2159 3275 ὑπακοὴν,
2188 3228 2246 3266 καὶ
2276 3230 2306 3266 εἷ
2333 3229 2432 3266 δυνα-

1469 3372 1482 3386 ο
1507 3363 1579 3393 Duo
1596 3362 1673 3392 Mss.
1694 3365 1779 3399 αᾶτὸς
1796 3366 1808 3395 ὀ
1825 3364 1973 3404 βασιλεὺς.
1998 3360 2077 3402 [Sic
2095 3372 2225 3404 quoque
2243 3362 2278 3393 Α.
2304 3368 2401 3393 recte.
2418 3361 2430 3402 ]

1468 3415 1483 3438 1²
1509 3414 1600 3445 Unus
1616 3415 1749 3458 ,Eupo-231.
