2502 3810
347 243 438 288 508
822 258 859 286 S.
896 257 1079 287 501³st
1114 257 1352 287 CHRYsosr.

346 342 478 379 minem
498 355 541 378 ex
557 340 753 391 ignorantia
770 353 925 391 peccare,
954 354 1064 391 neque
1082 340 1241 394 impune,
1265 341 1326 380 sed

347 402 483 439 etiamsi
498 414 591 438 nunc
609 413 728 451 poenas
738 414 806 438 non
816 400 889 450 det,
905 400 1072 439 daturum
1085 402 1229 440 omnino
1241 416 1324 441 esse.

345 461 438 498 Hinc
456 460 600 497 demum
630 460 780 511 probare
797 461 888 510 vult,
914 461 1002 512 legis
1022 461 1220 500 doctrinam
1255 476 1324 501 non

344 534 418 557 esse
436 531 510 556 rem
526 519 720 558 admodum
752 530 936 571 urgentem
955 537 962 557 :
983 536 1065 559 nam
1094 521 1132 559 in
1157 523 1325 574 operibus

343 580 408 616 sita
422 588 472 616 est
490 594 608 632 poena,
631 580 739 618 situm
758 582 961 633 praemium,
985 596 1055 620 non
1081 583 1117 620 in
1139 583 1325 622 circumci-

342 640 438 678 sione
448 650 481 678 et
489 641 867 693 praeputio.Postquam
876 643 1143 694 igiturdixerat,
1157 645 1324 683 Graecum

341 701 484 739 omnino
503 716 644 753 poenam
658 716 731 740 esse
746 703 963 753 subiturum,
985 703 1091 754 idque
1115 704 1152 742 in
1165 706 1322 743 confesso

340 761 419 810 fuit,
431 770 463 798 et
474 760 555 799 inde
569 762 737 813 probavit
745 763 850 800 etiam
857 763 1104 802 honorandum
1113 779 1196 813 esse,
1205 779 1322 818 super-

338 821 449 859 fluam
462 821 591 860 deinde
615 822 768 860 ostendit
790 823 905 875 legem
929 833 962 861 et
977 824 1284 863 circumcisionem
1309 842 1317 863 :

338 897 421 921 nam
450 884 510 922 hic
533 883 676 923 Judaeos
694 884 852 923 maxime
878 885 1077 938 impugnat.
1098 886 1194 933 Quia
1227 887 1322 926 enim
1348 901 1372 930 Ε

336 943 390 980 illi
410 944 695 982 contentiosiores
714 954 829 995 erant,
853 946 969 998 primo
984 961 1057 999 prae
1075 947 1169 985 fastu
1185 962 1253 986 non
1269 948 1323 987 di-

337 1016 480 1054 gnantes
495 1020 531 1044 se
543 1021 624 1044 cum
639 1007 829 1058 gentilibus
841 1022 1088 1057 annumerare;
1104 1010 1258 1049 secundo
1277 1011 1325 1049 ir·

336 1067 488 1106 ridentes
508 1082 564 1106 eos
577 1069 639 1118 qui
650 1068 806 1106 dicerent
825 1069 932 1107 fidem
949 1080 1090 1122 peccata
1099 1073 1216 1110 omnia
1231 1072 1323 1112 dele-

335 1143 373 1166 re
396 1145 403 1165 :
425 1130 504 1168 ideo
527 1130 627 1182 prius
650 1131 796 1168 Graecos
819 1130 1016 1180 incusavit,
1031 1132 1075 1170 de
1091 1133 1222 1183 quibus
1235 1148 1319 1186 age-

334 1189 452 1239 batur,
484 1199 523 1227 ut
547 1190 622 1228 sine
643 1190 843 1242 suspicione
862 1199 993 1228 etcum
1021 1192 1155 1231 fiducia
1174 1194 1318 1233 Judaeos

334 1250 544 1288 adoriretur.
558 1250 696 1289 Deinde
711 1265 790 1288 cum
810 1251 855 1288 ad
868 1252 1036 1304 supplicii
1047 1267 1192 1292 examen
1208 1257 1315 1304 venit,

333 1311 485 1349 ostendit
505 1311 669 1351 Judaeum
687 1325 757 1348 non
777 1311 882 1349 modo
906 1312 997 1349 nihil
1019 1313 1184 1352 utilitatis
1201 1330 1221 1352 a
1239 1316 1316 1367 lege

331 1371 503 1423 accipere,
526 1372 587 1409 sed
601 1371 704 1408 etiam
722 1371 909 1422 aggravari
927 1381 980 1409 :et
994 1372 1316 1426 hocjamsuperius

329 1434 480 1485 probare
499 1433 644 1485 incepit.
681 1433 719 1471 Si
739 1447 889 1484 namque
910 1435 1056 1473 Graecus
1074 1434 1154 1472 ideo
1174 1436 1314 1475 inexcu-

329 1494 452 1531 sabilis
471 1503 536 1544 est,
559 1494 642 1544 quia
661 1502 695 1531 et
713 1503 839 1531 natura
858 1503 891 1531 et
910 1494 1184 1545 cogitationibus
1196 1496 1313 1549 ipsum

327 1554 593 1603 inducentibus,
615 1554 739 1591 melior
755 1568 823 1591 non
837 1554 967 1604 evasit,
986 1555 1097 1592 muito
1123 1556 1236 1607 magis
1249 1559 1271 1597 J
1274 1573 1312 1595 u-

327 1614 435 1662 daeus,
449 1615 510 1665 qui
526 1629 606 1652 cum
623 1615 680 1651 his
699 1614 898 1651 doctrinam
926 1629 1067 1665 quoque
1084 1630 1103 1653 a
1125 1616 1202 1667 lege
1214 1632 1312 1656 acce·
1337 1634 1362 1661 A

328 1676 390 1727 pit.
408 1677 498 1713 Cum
511 1675 739 1728 persuasisset
761 1689 843 1727 ergo
863 1676 933 1725 illi,
951 1685 990 1714 ut
1006 1677 1043 1714 in
1055 1677 1210 1716 aliorum
1228 1694 1309 1732 pec-

327 1736 412 1773 catis
424 1736 491 1773 hoc
509 1735 732 1773 ratiocinium
745 1735 960 1785 admitteret,
977 1737 1034 1774 vel
1047 1737 1202 1777 invitum
1216 1742 1310 1793 cogit

324 1797 429 1834 illum
441 1796 606 1849 deinceps
621 1797 708 1835 utin
729 1797 788 1846 iis,
811 1811 887 1847 quae
897 1797 943 1835 ad
964 1798 1079 1850 ipsum
1095 1809 1305 1853 spectarent,

325 1857 418 1895 idem
434 1859 574 1896 faceret.
595 1858 641 1896 Et
659 1867 696 1895 ut
707 1857 846 1896 facilius
859 1873 973 1897 sermo
985 1859 1191 1912 accipiatur,
1202 1863 1307 1902 etiam

325 1920 361 1957 in
381 1919 587 1958 melioribus
600 1934 681 1958 eum
700 1920 831 1971 profert
847 1935 854 1955 :
881 1920 1032 1967 Gloria,
1044 1923 1211 1962 honoret
1227 1939 1308 1976 pax

326 1984 431 2017 omni
443 1984 617 2032 operanti
638 1983 792 2027 bonum,
813 1982 951 2019 Judaeo
962 1985 1130 2033 primum
1145 1994 1181 2022 et
1200 1986 1304 2024 Groe—

325 2055 381 2081 co.
406 2041 474 2079 Hic
505 2042 599 2079 enim
625 2051 911 2092 quantacumque
939 2043 1018 2093 quis
1049 2043 1177 2083 habeat
1199 2046 1305 2098 bona,

324 2115 406 2138 cum
441 2102 704 2153 perturbatione
728 2116 854 2153 magna
885 2102 1006 2149 habet,
1028 2103 1110 2142 licet
1127 2105 1228 2144 dives
1246 2108 1306 2159 sit,

322 2162 405 2200 licet
425 2172 562 2214 potens,
586 2163 667 2200 licet
684 2177 767 2210 rex;
797 2163 862 2200 etsi
890 2177 959 2201 non
984 2179 1064 2202 cum
1082 2166 1166 2214 alio,
1189 2181 1308 2207 secum

323 2223 446 2260 saltem
454 2237 547 2273 saepe
555 2222 752 2270 dissidet,et
759 2222 913 2259 multum
922 2224 978 2261 vel
989 2224 1023 2260 in
1034 2225 1308 2275 cogitationibus

321 2283 429 2320 habet
455 2282 590 2319 bellum
608 2297 615 2317 τ
630 2282 707 2318 illic
726 2291 843 2319 autem
858 2283 950 2319 nihil
960 2283 1088 2332 simile,
1112 2286 1174 2323 sed
1189 2289 1307 2326 onmia

322 2343 515 2394 tranquilla
523 2351 585 2379 eta
595 2342 860 2394 perturbatione
871 2342 996 2391 libera,
1006 2357 1088 2381 cum
1095 2359 1178 2383 vera
1185 2346 1307 2398 adjun-

324 2414 377 2442 cta
390 2418 484 2456 pace.
499 2402 868 2454 Cumexsupradictis
877 2417 958 2454 ergo
985 2404 1180 2455 probasset,
1201 2407 1307 2445 etiam

324 2480 380 2503 eos
396 2464 457 2516 qui
475 2465 590 2515 legem
610 2477 679 2501 non
702 2463 846 2509 habent,
868 2464 989 2502 eadem
1008 2464 1084 2516 ipsa
1108 2466 1200 2504 bona
1215 2482 1307 2506 asse-

325 2535 590 2577 quuturosesse,
605 2523 849 2562 ratiocinando
857 2525 972 2577 pergit
991 2541 1000 2561 .·
1023 2528 1185 2565 stuba
1204 2532 1304 2566 enim

323 2596 379 2625 esc
410 2598 662 2637 personarum
698 2587 868 2636 acceptio
901 2586 1007 2636 apud
1034 2587 1174 2628 Deum.
1214 2589 1306 2627 Cum

323 2649 418 2686 enim
431 2647 519 2684 dicit
539 2655 571 2684 et
584 2645 748 2685 Judaeum
769 2655 801 2683 ct
815 2647 984 2684 Graecum
1002 2658 1182 2699 peccantes
1201 2651 1305 2702 puni-

322 2711 367 2761 ri,
386 2724 455 2747 non
486 2708 593 2746 habet
608 2707 792 2745 ratiocinio
809 2722 915 2760 opus;
940 2723 1022 2746 cum
1048 2724 1132 2747 vero
1154 2720 1306 2750 statuere

322 2772 401 2810 vult
418 2769 583 2808 honorari
607 2770 791 2818 Graecmn,
822 2778 904 2807 tunc
916 2770 1124 2821 probatione
1136 2785 1224 2823 opus
1242 2772 1306 2810 ha-

320 2835 392 2872 bet.
410 2834 499 2871 Nam
520 2831 652 2868 mirum
666 2838 698 2866 et
725 2829 941 2881 stupendum
964 2830 1155 2869 videbatur
1171 2847 1258 2883 esse,
1277 2833 1307 2871 si

321 2896 350 2932 is
367 2893 427 2944 qui
443 2906 505 2929 nec
524 2891 639 2941 legem
649 2903 710 2926 nec
726 2889 916 2941 prophetas
931 2889 1105 2940 audierat,
1120 2892 1215 2930 bona
1227 2907 1308 2946 ope-

320 2971 401 2995 rans
419 2956 663 2992 honoraretur.
685 2951 781 2999 Ideo,
801 2960 840 2988 ut
858 2952 932 3003 jam
954 2951 1047 3001 dixi,
1064 2952 1099 2990 in
1132 2955 1306 3006 tempori—

318 3019 386 3055 bus
406 3015 573 3068 gratiam·
593 3012 847 3050 raecedentibus
862 3012 1006 3051 illorum
1029 3013 1191 3052 auditum
1205 3029 1305 3054 exer-

321 3088 388 3123 cet,
407 3086 447 3114 ut
471 3074 602 3113 faciliu·
628 3073 793 3125 deinceps
810 3087 892 3110 cum
911 3072 996 3123 fide,
1018 3073 1164 3112 illorum
1179 3076 1215 3113 in
1245 3076 1303 3114 his

318 3152 525 3179 consensum
540 3135 736 3174 induceret.
760 3135 827 3172 Hic
842 3135 934 3172 enim
955 3145 1136 3187 suspectus
1156 3138 1302 3177 minime

317 3212 379 3247 est,
400 3208 522 3252 utpote
544 3197 604 3247 qui
624 3210 693 3234 non
721 3195 894 3233 intentum
917 3209 1023 3233 suum
1044 3198 1180 3249 probet.
1210 3200 1301 3238 Cum

315 3262 465 3299 dixisset
494 3271 589 3309 ergo,
622 3257 774 3305 Gloria,
797 3257 920 3293 honor
941 3265 975 3293 et
989 3271 1068 3307 pax
1085 3262 1190 3295 omni
1215 3274 1299 3311 ope-

314 3324 419 3360 rann?
442 3322 594 3364 bonum,
626 3318 764 3353 Jadoeo
791 3319 954 3367 primum
979 3326 1013 3354 et
1039 3319 1196 3364 G1·oeco;
1221 3335 1298 3371 per—

314 3383 377 3431 git,
399 3382 483 3418 Xon
502 3387 556 3416 est
585 3380 682 3414 enim
713 3391 964 3426 personarum
996 3382 1166 3429 acceptio
1194 3384 1299 3431 apud

319 3447 433 3480 Deum
443 3471 448 3476 .
458 3442 573 3490 Papre,
591 3446 718 3489 quanta
732 3451 808 3474 cuni
822 3438 1050 3476 exuberantia
1063 3439 1146 3477 vicit
1161 3440 1293 3479 {osten-

1335 2233 1357 2261 B

1329 2959 1352 2989 C

1326 1593 1373 1619 466

1397 260 1584 291 ARCHIEP
1594 282 1603 290 .
1642 263 1978 296 CONSTANTISOP
1988 285 1996 294 .

2114 350 2154 362 'sev
2193 348 2221 362 x!

1397 344 1472 384 οὐδὲ
1493 346 1712 399 ἀτιμωρητὶ,
1732 347 1822 386 ἀλλὰ
1835 376 1844 394 ,
1864 348 1928 387 κᾶν
1949 348 1997 399 μὴ
2019 352 2077 387 νῦν
2110 364 2158 401 oq>
2190 358 2286 396 οικην
2298 379 2310 399 ,
2346 349 2414 388 δώ-

1398 421 1502 444 σοντα
1520 406 1658 450 πάντως
1674 423 1682 431 ·
1703 409 1854 446 ἐντεῦθεν
1873 409 1991 448 λοιπὸν
2013 410 2172 461 βούλεται
2191 411 2413 448 κατασκευαί-

1399 482 1476 513 σαι,
1512 467 1565 505 ὅτι
1596 471 1618 514 ἡ
1647 471 1706 506 τοῦ
1743 468 1848 519 νόμου
1876 470 2082 508 διδασκαλία
2111 473 2148 509 οὐ
2184 470 2316 523 σφόδρα
2345 472 2415 508 τῶν

1398 528 1674 578 κατεπειγόντων
1693 523 1735 575 ἦν
1754 544 1762 552 ·
1784 531 1817 566 ἐν
1834 528 1902 579 γὰρ
1920 535 1991 572 τοῖς
2011 531 2161 581 ἔργοις-ἡ
2193 531 2335 573 κόλασις
2355 530 2417 568 καὶ

1397 589 1418 632 ἦ
1438 587 1522 637 τιμὴ
1535 617 1545 635 ,
1565 591 1627 626 οὐκ
1646 591 1680 627 ἐν
1708 593 1881 641 περιτομῇ
1907 590 1967 627 καὶ
1987 591 2210 644 ἀκροὸυστίᾳ.
2229 591 2333 629 Ἐπεὶ
2355 584 2415 629 οῧν

1397 642 1488 686 εἶπεν
1508 648 1560 686 ὅτι
1580 649 1718 693 πάντως
1737 650 1991 697 κολασθήσεται
2007 654 2024 689 ὃ
2041 651 2189 699 ἽΞλλην,
2209 651 2268 690 καὶ
2289 651 2413 690 ἔλαὸεν

1396 709 1666 760 ὡμολογημένον
1690 713 1814 758 τοῦτο,
1840 710 1899 748 καὶ
1921 713 1981 749 ἀπ’
2006 712 2110 749 αὐτοῦ
2141 711 2413 757 κατεσκεύασεν,

1396 768 1449 805 ὅτι
1476 769 1537 807 καὶ
1565 770 1816 820 τιμηθήσεται,
1842 770 2002 823 περιττὸν
2034 771 2154 809 λοιπὸν
2182 772 2336 818 ἐδήλωσε
2355 772 2414 809 τὸν

1395 829 1498 880 νόμον
1531 831 1590 869 καὶ
1623 830 1686 878 τὴν
1721 831 1914 883 περιτομήν
1931 847 1939 855 ·
1960 832 2113 882 μάλιστα
2140 831 2206 883 γὰρ
2234 832 2415 874 Ἰουδαίοις

1395 892 1542 929 ἐνταῦθα
1567 892 1730 943 μάχεται.
1745 891 1891 938 Ἐπειδὴ
1913 891 1981 944 γὰρ
2002 895 2125 930 ἐκεῖνοι
2144 891 2416 944 φιλονεικότερον

1398 951 1563 990 διέκειντο
1575 983 1584 1000 ,
1601 956 1738 1005 πρῶτον
1757 952 1818 1004 μὲν
1836 952 1902 991 ὑπὸ
1921 951 2024 1005 τύφου
2045 954 2108 990 οὐκ
2130 952 2301 996 ἀξιοῦντες
2326 952 2416 1002 μετὰ

1395 1015 1463 1050 τῶν
1478 1012 1511 1056 ἐξ
1526 1015 1629 1052 ἐθνῶν
1649 1017 1955 1065 συναριθμεῖσθαι·
1971 1013 2126 1065 δεύτερον
2142 1014 2417 1063 καταγελῶντες,

1395 1075 1426 1110 εἰ
1444 1076 1465 1119 ἡ
1483 1073 1599 1117 πίστις
1613 1074 1728 1112 πάντα
1744 1073 1899 1126 ἀφανίζει
1913 1073 1957 1112 τὰ
1973 1073 2225 1125 ἁμαρτήματα,
2242 1072 2299 1111 διὰ
2314 1077 2417 1110 τοῦτο

1393 1133 1559 1186 πρότερον
1578 1134 1798 1186 κατηγόρησε
1817 1136 1885 1172 τῶν
1902 1134 2082 1181 Ἑλλήνων
2097 1164 2107 1182 ,
2122 1134 2208 1186 ὑπὲρ
2228 1129 2275 1172 ὧν
2297 1141 2411 1172 ποιεῖ-

1391 1210 1448 1232 ται
1475 1196 1531 1233 τὸν
1551 1195 1672 1246 λόγον,
1691 1195 1747 1233 ῗνα
1770 1195 1976 1238 ἀνυπόπτως
2006 1195 2064 1233 καὶ
2098 1195 2185 1246 μετὰ
2213 1195 2412 1247 παῤῥησίας

1389 1258 1456 1293 τῶν
1480 1255 1654 1293 Ἰουδαίων
1675 1255 1863 1301 καθίκηται
1876 1271 1883 1278 ·
1905 1250 1979 1293 εἶτα
1999 1258 2047 1298 εἷς
2065 1255 2127 1302 τὴν
2148 1255 2228 1307 περὶ
2254 1258 2319 1301 τῆς
2348 1271 2410 1293 κο-

1386 1316 1519 1359 λάσεως
1534 1315 1686 1359 ἐξέτασιν
1707 1315 1829 1363 ἐλθὼν,
1848 1315 2016 1354 δείκνυσιν
2033 1317 2070 1353 οὗ
2087 1316 2187 1366 μόνον
2205 1314 2300 1353 οὐδὲν
2321 1317 2410 1366 ὠρε-

1385 1376 1549 1426 λούμενον
1569 1377 1626 1414 τὸν
1644 1376 1809 1415 Ἰουδαῖον
1841 1376 1908 1414 ἀπὸ
1933 1381 1992 1414 τοῦ
2011 1377 2137 1426 νόμου,
2154 1376 2244 1414 ἀλλὰ
2263 1375 2322 1413 καὶ
2345 1378 2408 1426 βα·

1387 1437 1548 1488 ρούμενον
1567 1453 1574 1460 ·
1595 1436 1652 1474 καὶ
1681 1442 1781 1475 τοῦτο
1807 1437 1935 1475 ἄνωθεν
1965 1437 2232 1481 κατασκευάζει.
2263 1438 2308 1474 Εἰ
2338 1436 2407 1488 γὰρ
2453 1460 2462 1465 -

1383 1500 1400 1534 ὃ
1422 1495 1557 1543 ’ῚΞλλην
1576 1497 1632 1534 διὰ
1661 1502 1761 1536 τοῦτο
1782 1498 2062 1549 ἀναπολόγητος,
2091 1497 2144 1536 ὅτι
2170 1500 2232 1543 τῆς
2259 1497 2408 1541 κτίσεως

1385 1558 1485 1596 αὐτὸν
1509 1558 1695 1608 ἐναγούσης
1714 1558 1774 1595 καὶ
1793 1561 1861 1596 τῶν
1876 1559 2073 1610 λογισμῶν,
2088 1560 2150 1596 οὔκ
2170 1558 2303 1610 ἐγένετο
2324 1560 2406 1610 βελ-

1384 1618 1465 1656 τίων
1490 1634 1496 1640 ·
1524 1619 1643 1670 πολλῷ
1673 1620 1803 1669 μᾶλλον
1832 1621 1850 1655 ὃ
1879 1618 2045 1661 Ἰουδαῖος
2074 1618 2163 1669 μετὰ
2189 1619 2318 1656 τούτων
2345 1619 2405 1657 καὶ

1381 1679 1444 1726 τὴν
1465 1680 1534 1718 ἀπὸ
1552 1682 1611 1718 τοῦ
1634 1679 1740 1730 νόμου
1757 1678 1984 1718 διδασκαλίαν
1997 1678 2128 1717 malm.
2144 1678 2276 1723 Πείσας
2291 1679 2404 1718 τοίνυν

1382 1741 1484 1779 αὐτὸν
1506 1741 1655 1786 εὐκόλως
1676 1740 1838 1786 δέξασθαι
1857 1742 1916 1780 τὸν
1941 1742 2109 1793 λογισμὸν
2133 1746 2252 1781 τοῦτον
2274 1744 2308 1780 ἐν
2333 1748 2405 1786 τοῖς

1381 1803 1507 1855 ἑτέρων
1527 1803 1771 1856 ἁμαρτήμασι,
1788 1803 1848 1841 καὶ
1868 1803 1997 1842 ἄκοντα
2017 1803 2203 1853 ἀναγκάζει
2226 1803 2346 1842 λοιπὸν
2369 1806 2405 1842 ἐν

1381 1871 1451 1908 τοῖς
1472 1865 1551 1916 περὶ
1573 1867 1695 1902 ἑαυτοῦ
1723 1868 1823 1902 τοῦτο
1841 1866 1999 1910 ποιῆσαι.
2030 1863 2102 1901 Καὶ
2129 1862 2221 1901 ὥστε
2247 1860 2403 1917 εὗπαροί-

1382 1927 1499 1964 δεκτον
1515 1923 1674 1977 γενέσθαι
1693 1925 1749 1963 τὸν
1767 1925 1867 1977 λόγον
1880 1955 1889 1972 ,
1906 1924 1966 1962 καὶ
1994 1924 2051 1962 ἐπὶ
2067 1926 2135 1961 τῶν
2159 1925 2404 1977 χρηστοτέρων

1383 1986 1484 2024 αὐτὸν
1502 1986 1648 2038 προάγει
1662 2016 1670 2032 ,
1684 1985 1795 2036 λέγων
1813 1985 1900 2023 οὕτω
1912 2001 1920 2008 ·
1940 1985 2030 2029 Δόξα
2044 1983 2080 2022 δὲ
2099 1984 2159 2023 καὶ
2178 1984 2263 2036 τιμὴ
2277 1985 2336 2022 καὶ
2355 1986 2404 2022 εἷ-

1383 2047 1468 2099 ρηνη
1486 2047 1590 2084 παντὶ
1599 2050 1648 2099 τῷ
1659 2046 1878 2098 ἐργαζομένῳ
1892 2046 1931 2084 τὸ
1941 2045 2247 2098 ἀγαθὸν,Ἰουδαίῳ
2260 2062 2298 2084 τε
2307 2050 2403 2098 πρῶ-

1380 2124 1437 2146 τον
1457 2108 1516 2146 καὶ
1537 2107 1700 2153 ἻΞλληνι.
1717 2107 1891 2145 Ἐνταῦθα
1912 2107 1974 2157 μὲν
2005 2105 2092 2159 γὰρ,
2118 2106 2183 2145 ὅσα
2203 2107 2244 2144 ἄν
2261 2123 2312 2150 τις
2336 2107 2403 2159 ἔχῃ

1380 2168 1484 2214 καλὰ,
1500 2168 1587 2219 μετὰ
1599 2170 1736 2206 πολλῶν
1750 2167 1823 2219 ἔχει
1834 2169 2011 2219 ταραχῶν,
2026 2167 2089 2205 κᾶν
2104 2167 2266 2211 πλούσιος
2279 2161 2302 2219 ᾗ
2314 2197 2323 2214 ,
2337 2167 2404 2205 κᾶν

1381 2229 1551 2275 δυνάστης
1561 2258 1570 2275 ,
1584 2228 1648 2265 κᾶν
1662 2227 1838 2278 βασιλεύς·
1850 2227 1914 2265 κᾶν
1928 2228 1975 2278 μὴ
1989 2228 2073 2279 πρὸς
2085 2227 2213 2280 ἕτερον,
2221 2227 2306 2278 πρὸς
2320 2231 2402 2279 γοῦν

1381 2288 1501 2326 ἑαυτὸν
1518 2287 1757 2331 διαστασιάζει
1776 2287 1963 2333 πολλάκις,
1982 2287 2041 2324 καὶ
2060 2287 2166 2325 πολὺν
2186 2289 2222 2323 ἐν
2242 2294 2314 2330 τοῖς
2336 2289 2399 2325 λο-

1379 2348 1616 2400 γισμοῖςέχει
1645 2350 1798 2397 πόλεμον
1817 2363 1824 2370 ·
1845 2350 1916 2385 ἐκεῖ
1943 2347 1979 2384 δὲ
2002 2346 2286 2395 οὐδὲντοιοῧτον,
2309 2348 2400 2385 ἀλλὰ

1380 2409 1494 2447 πάντα
1515 2408 1651 2459 γαληνὰ
1678 2407 1737 2445 καὶ
1755 2410 1911 2460 ταραχῆς
1933 2407 2185 2458 ἀπηλλαγμένα
2199 2438 2209 2455 ,
2238 2407 2297 2446 καὶ
2315 2424 2399 2459 γνη-

1379 2470 1458 2506 σίαν
1487 2469 1611 2521 ἔχοντα
1632 2468 1694 2515 τὴν
1729 2467 1882 2518 εἰρήνην,
1907 2468 2184 2512 Κατασκευοίσας
2212 2468 2325 2507 τοίνυν
2358 2472 2399 2507 ἐκ

1378 2532 1446 2567 τῶν
1468 2530 1594 2566 ἄνωθεν
1624 2528 1835 2581 εἰρημένων,
1853 2527 1905 2566 ὅτι
1933 2528 1992 2566 καὶ
2017 2531 2046 2566 οἳ
2069 2528 2116 2578 μὴ
2137 2528 2240 2578 νόμον
2259 2529 2397 2581 ἔχοντες

1376 2594 1443 2628 τῶν
1464 2592 1577 2628 αὐτῶν
1595 2589 1871 2637 ἀπολαύσονται,
1889 2589 2010 2639 ἐπάγει
2030 2590 2088 2627 καὶ
2107 2589 2286 2640 λογισμὸν,
2306 2590 2397 2628 οὕτω

1375 2650 1485 2701 λέγων
1502 2666 1510 2673 ·
1531 2651 1583 2689 Οὐ
1599 2650 1665 2701 γάρ
1686 2652 1758 2688 ἐστι
1786 2649 2065 2702 προσωποληψία
2093 2649 2191 2701 παρὰ
2221 2652 2271 2702 τῷ
2301 2653 2396 2703 Θεῷ.

1375 2711 1488 2749 εΌταν
1511 2711 1573 2762 μὲν
1594 2712 1661 2764 γὰρ
1686 2711 1789 2763 λέγῃ,
1815 2712 1868 2749 ὅτι
1896 2711 2078 2755 κολάζεται
2109 2710 2167 2748 καί
2186 2714 2204 2749 ὃ
2231 2713 2396 2755 Ἰουδαῖος

1376 2772 1436 2810 καὶ
1466 2777 1483 2811 ὁ
1515 2772 1650 2819 “Emesa
1684 2772 1961 2824 ἁμαρτάνοντες,
1983 2773 2020 2808 οὗ
2054 2772 2162 2808 δεῖται
2191 2772 2367 2823 λογισμῶν
2386 2789 2395 2796 ·

1376 2833 1458 2870 ὅταν
1473 2831 1522 2878 δὲ,
1537 2834 1589 2871 ὅτι
1604 2833 1662 2871 καὶ
1677 2840 1823 2883 τιμᾶται
1837 2836 1853 2870 ὃ
1869 2831 2018 2878 “Eum
2033 2834 2202 2876 συστῆσαι
2217 2834 2398 2883 βούληται,

1377 2893 1435 2931 καὶ
1456 2896 1674 2939 κατασκευῆς
1695 2894 1803 2930 δεῖται
1821 2892 1952 2931 λοιπόν.
1982 2891 2053 2929 Καὶ
2073 2891 2142 2944 γὰρ
2169 2893 2280 2931 ἐδόκει
2311 2898 2397 2932 θαυ-

1379 2954 1510 3005 μαστὸν
1533 2948 1619 2991 εἶναι
1641 2954 1700 2991 καὶ
1730 2952 1943 3004 παράδοξον,
1976 2954 2005 2989 εἷ
2038 2956 2056 2990 ὁ
2088 2952 2136 3003 μὴ
2172 2953 2277 3004 νόμου
2307 2955 2395 3004 μηδὲ

1376 3019 1562 3067 προφητῶν
1582 3014 1747 3059 ἀκούσας,
1776 3020 1922 3063 τιμᾶται
1950 3014 1992 3050 τὰ
2021 3013 2134 3064 ἀγαθὰ
2153 3014 2392 3067 ἐργαζόμενος.

1375 3077 1443 3115 Διὰ
1462 3079 1563 3114 τοῦτο
1578 3106 1587 3122 ,
1609 3074 1693 3125 ὅπερ
1725 3075 1783 3112 καὶ
1805 3073 1998 3126 ἔμπροσθεν
2028 3069 2146 3121 εἶπον,
2169 3077 2203 3112 ἐν
2230 3081 2301 3117 τοῖς
2327 3075 2396 3125 πρὸ

1371 3141 1433 3184 τῆς
1458 3138 1599 3191 χάριτος
1624 3136 1760 3189 χρόνοις
1785 3134 1951 3186 γυμνάζει
1977 3137 2090 3174 αὐτῶν
2108 3135 2171 3178 τὰς
2199 3135 2325 3183 ἀκοὰς,
2347 3137 2393 3173 ἵν’

1372 3198 1601 3251 εὐκολώτερον
1637 3196 1850 3247 ἔπεισα-(ἄγῃ
1882 3197 2001 3235 λοιπὸν
2037 3196 2125 3246 μετὰ
2153 3200 2215 3243 τῆς
2242 3196 2392 3241 πίστεως

1368 3260 1426 3297 καὶ
1445 3259 1507 3305 τὴν
1530 3261 1564 3297 ἐν
1591 3257 1720 3300 τούτοις
1736 3257 1997 3305 συγκατάθεσιν.
2019 3257 2190 3295 Ἐνταῦθα
2208 3257 2276 3310 γὰρ
2303 3257 2386 3295 ἀνύ-

1367 3336 1495 3362 ποπτος
1514 3320 1666 3370 μάλιστα
1685 3318 1828 3367 γίνεται,
1843 3318 1902 3355 ἅτε
1923 3319 1959 3354 οὐ
1976 3317 2013 3354 τὸ
2033 3320 2153 3355 ἑαυτοῦ
2170 3319 2382 3356 κατασκευά-

1367 3384 1442 3424 ζων.
1465 3378 1585 3417 Εἰπὼν
1607 3378 1737 3423 τοίνυν,
1764 3378 1855 3422 Δόξα
1875 3378 1932 3415 καὶ
1949 3377 2034 3428 τιμε)-ι
2054 3379 2112 3416 καὶ
2133 3377 2250 3429 εἷρήνη
2273 3378 2377 3415 παντὶ

1370 3444 1418 3477 τιῖὶ
1445 3440 1661 3492 ἐργαζομένῳ
1692 3440 1728 3477 το
1750 3440 1892 3489 ἀγαθον,
1912 3439 2067 3490 Ἰουδαίῳ
2088 3455 2122 3476 τε
2151 3441 2299 3490 πρῶτον,
2322 3439 2380 3476 καὶ
